  <div class='ocr_page' id='page_1' title='image "/cluster/home/n/w/nwhite01/storage/ocr_20150623/22:no.4/coo.31924054873025/276.png"; bbox 0 0 4110 6430; ppageno 0'>
   <div class='ocr_carea' id='block_1_1' title="bbox 490 320 594 380">
    <p class='ocr_par' dir='ltr' id='par_1_1' title="bbox 490 320 594 380">
     <span class='ocr_line' id='line_1_1' title="bbox 490 320 594 380; baseline 0 0"><span class='ocrx_word' id='word_1_1' title='bbox 490 320 594 380; x_wconf 70' lang='lat'><strong>525</strong></span> 
     </span>
    </p>
   </div>
   <div class='ocr_carea' id='block_1_2' title="bbox 1399 302 2831 403">
    <p class='ocr_par' dir='ltr' id='par_1_2' title="bbox 1399 302 2831 403">
     <span class='ocr_line' id='line_1_2' title="bbox 1399 302 2831 403; baseline -0.003 -32"><span class='ocrx_word' id='word_1_2' title='bbox 1399 316 2049 373; x_wconf 62' lang='lat' dir='ltr'><strong>DEMONSTRATQONIS</strong></span> <span class='ocrx_word' id='word_1_3' title='bbox 2075 309 2535 403; x_wconf 34' lang='lat' dir='ltr'><strong>EVhNGELlCIE</strong></span> <span class='ocrx_word' id='word_1_4' title='bbox 2558 311 2684 368; x_wconf 86' lang='lat' dir='ltr'><strong>LlB.</strong></span> <span class='ocrx_word' id='word_1_5' title='bbox 2720 302 2831 367; x_wconf 75' lang='grc' dir='ltr'>νη.</span> 
     </span>
    </p>
   </div>
   <div class='ocr_carea' id='block_1_3' title="bbox 3620 315 3726 371">
    <p class='ocr_par' dir='ltr' id='par_1_3' title="bbox 3620 315 3726 371">
     <span class='ocr_line' id='line_1_3' title="bbox 3620 315 3726 371; baseline 0 0"><span class='ocrx_word' id='word_1_6' title='bbox 3620 315 3726 371; x_wconf 70' lang='lat'><strong>526</strong></span> 
     </span>
    </p>
   </div>
   <div class='ocr_carea' id='block_1_4' title="bbox 482 428 2055 511">
    <p class='ocr_par' dir='ltr' id='par_1_4' title="bbox 482 434 2053 511">
     <span class='ocr_line' id='line_1_4' title="bbox 482 434 2053 511; baseline -0.001 -22"><span class='ocrx_word' id='word_1_7' title='bbox 482 438 704 511; x_wconf 75' lang='grc' dir='ltr'>γέγονεν</span> <span class='ocrx_word' id='word_1_8' title='bbox 734 436 768 509; x_wconf 67' lang='grc' dir='ltr'>ἡ</span> <span class='ocrx_word' id='word_1_9' title='bbox 793 435 1111 507; x_wconf 77' lang='grc' dir='ltr'>παρεμϐολὴ</span> <span class='ocrx_word' id='word_1_10' title='bbox 1143 434 1234 488; x_wconf 87' lang='grc' dir='ltr'><strong>τοῦ</strong></span> <span class='ocrx_word' id='word_1_11' title='bbox 1261 435 1587 506; x_wconf 84' lang='grc' dir='ltr'>δηλωθέντος</span> <span class='ocrx_word' id='word_1_12' title='bbox 1610 436 1871 506; x_wconf 81' lang='grc' dir='ltr'><strong>τοσαύτη,</strong></span> <span class='ocrx_word' id='word_1_13' title='bbox 1912 434 2053 489; x_wconf 82' lang='grc' dir='ltr'>ὥστε</span> 
     </span>
    </p>
   </div>
   <div class='ocr_carea' id='block_1_5' title="bbox 2160 428 3731 511">
    <p class='ocr_par' dir='ltr' id='par_1_5' title="bbox 2160 428 3731 501">
     <span class='ocr_line' id='line_1_5' title="bbox 2160 428 3731 501; baseline -0.001 -14"><span class='ocrx_word' id='word_1_14' title='bbox 2160 447 2312 497; x_wconf 89' lang='lat' dir='ltr'><strong>rum,</strong></span> <span class='ocrx_word' id='word_1_15' title='bbox 2338 440 2392 487; x_wconf 88' lang='lat' dir='ltr'><strong>et</strong></span> <span class='ocrx_word' id='word_1_16' title='bbox 2423 430 2649 486; x_wconf 90' lang='lat' dir='ltr'><strong>abstulit</strong></span> <span class='ocrx_word' id='word_1_17' title='bbox 2686 430 2756 486; x_wconf 91' lang='lat' dir='ltr'><strong>de</strong></span> <span class='ocrx_word' id='word_1_18' title='bbox 2799 430 2989 485; x_wconf 67' lang='lat' dir='ltr'><strong>Iudaea</strong></span> <span class='ocrx_word' id='word_1_19' title='bbox 3036 430 3353 493; x_wconf 70' lang='lat' dir='ltr'><strong>hominem,</strong></span> <span class='ocrx_word' id='word_1_20' title='bbox 3400 428 3495 501; x_wconf 89' lang='lat' dir='ltr'><strong>qui</strong></span> <span class='ocrx_word' id='word_1_21' title='bbox 3542 442 3731 501; x_wconf 88' lang='lat' dir='ltr'><strong>posset</strong></span> 
     </span>
    </p>
   </div>
   <div class='ocr_carea' id='block_1_6' title="bbox 483 526 2053 603">
    <p class='ocr_par' dir='ltr' id='par_1_6' title="bbox 483 526 2053 603">
     <span class='ocr_line' id='line_1_6' title="bbox 483 526 2053 603; baseline -0.004 -16"><span class='ocrx_word' id='word_1_22' title='bbox 483 530 773 603; x_wconf 83' lang='grc' dir='ltr'>πληρῶσαι</span> <span class='ocrx_word' id='word_1_23' title='bbox 825 529 886 583; x_wconf 83' lang='grc' dir='ltr'>τὸ</span> <span class='ocrx_word' id='word_1_24' title='bbox 928 530 1127 591; x_wconf 82' lang='grc' dir='ltr'><strong>πλάτος</strong></span> <span class='ocrx_word' id='word_1_25' title='bbox 1181 527 1281 597; x_wconf 86' lang='grc' dir='ltr'>τῆς</span> <span class='ocrx_word' id='word_1_26' title='bbox 1344 527 1599 591; x_wconf 80' lang='grc' dir='ltr'><strong>Ἰουδαίας</strong></span> <span class='ocrx_word' id='word_1_27' title='bbox 1651 526 1888 598; x_wconf 83' lang='grc' dir='ltr'>ἀπάσης.</span> <span class='ocrx_word' id='word_1_28' title='bbox 1940 528 2053 580; x_wconf 75' lang='grc' dir='ltr'><strong>Καὶ</strong></span> 
     </span>
    </p>
   </div>
   <div class='ocr_carea' id='block_1_7' title="bbox 482 618 2051 694">
    <p class='ocr_par' dir='ltr' id='par_1_7' title="bbox 482 618 2051 694">
     <span class='ocr_line' id='line_1_7' title="bbox 482 618 2051 694; baseline -0.004 -17"><span class='ocrx_word' id='word_1_29' title='bbox 482 623 640 678; x_wconf 89' lang='grc' dir='ltr'>τοῦτό</span> <span class='ocrx_word' id='word_1_30' title='bbox 666 640 729 691; x_wconf 90' lang='grc' dir='ltr'><strong>γε</strong></span> <span class='ocrx_word' id='word_1_31' title='bbox 762 622 896 694; x_wconf 76' lang='grc' dir='ltr'>πρὸς</span> <span class='ocrx_word' id='word_1_32' title='bbox 925 619 1066 685; x_wconf 80' lang='grc' dir='ltr'>λέξιν</span> <span class='ocrx_word' id='word_1_33' title='bbox 1094 618 1263 682; x_wconf 69' lang='grc' dir='ltr'>οὕτως</span> <span class='ocrx_word' id='word_1_34' title='bbox 1301 621 1379 682; x_wconf 78' lang='grc' dir='ltr'>εἰς</span> <span class='ocrx_word' id='word_1_35' title='bbox 1421 618 1660 682; x_wconf 79' lang='grc' dir='ltr'>ἐκείνους</span> <span class='ocrx_word' id='word_1_36' title='bbox 1694 619 2051 689; x_wconf 82' lang='grc' dir='ltr'>ἐκπεπλήρω-</span> 
     </span>
    </p>
   </div>
   <div class='ocr_carea' id='block_1_8' title="bbox 481 710 2048 781">
    <p class='ocr_par' dir='ltr' id='par_1_8' title="bbox 481 710 2048 781">
     <span class='ocr_line' id='line_1_8' title="bbox 481 710 2048 781; baseline -0.002 -12"><span class='ocrx_word' id='word_1_37' title='bbox 481 733 593 769; x_wconf 86' lang='grc' dir='ltr'><strong>ται.</strong></span> <span class='ocrx_word' id='word_1_38' title='bbox 646 714 745 767; x_wconf 74' lang='grc' dir='ltr'><strong>Δια</strong></span> <span class='ocrx_word' id='word_1_39' title='bbox 796 715 953 767; x_wconf 84' lang='grc' dir='ltr'>ποίαν</span> <span class='ocrx_word' id='word_1_40' title='bbox 1000 711 1198 775; x_wconf 81' lang='grc' dir='ltr'><strong>αἰτίαν,</strong></span> <span class='ocrx_word' id='word_1_41' title='bbox 1225 712 1270 764; x_wconf 86' lang='grc' dir='ltr'><strong>εί</strong></span> <span class='ocrx_word' id='word_1_42' title='bbox 1296 710 1357 764; x_wconf 75' lang='grc' dir='ltr'>δὴ</span> <span class='ocrx_word' id='word_1_43' title='bbox 1387 710 1577 781; x_wconf 80' lang='grc' dir='ltr'>μαθεῖν</span> <span class='ocrx_word' id='word_1_44' title='bbox 1612 710 1834 773; x_wconf 81' lang='grc' dir='ltr'><strong>ἐθέλεις,</strong></span> <span class='ocrx_word' id='word_1_45' title='bbox 1862 710 2048 766; x_wconf 80' lang='grc' dir='ltr'>ἄκουε.</span> 
     </span>
    </p>
   </div>
   <div class='ocr_carea' id='block_1_9' title="bbox 487 802 2052 878">
    <p class='ocr_par' dir='ltr' id='par_1_9' title="bbox 487 802 2052 878">
     <span class='ocr_line' id='line_1_9' title="bbox 487 802 2052 878; baseline -0.004 -17"><span class='ocrx_word' id='word_1_46' title='bbox 487 807 606 861; x_wconf 76' lang='grc' dir='ltr'>Ὀτι</span> <span class='ocrx_word' id='word_1_47' title='bbox 642 806 758 878; x_wconf 86' lang='grc' dir='ltr'>μεθ’</span> <span class='ocrx_word' id='word_1_48' title='bbox 784 805 979 876; x_wconf 86' lang='grc' dir='ltr'>ήμῶνό</span> <span class='ocrx_word' id='word_1_49' title='bbox 999 804 1130 868; x_wconf 76' lang='grc' dir='ltr'>θεὸς</span> <span class='ocrx_word' id='word_1_50' title='bbox 1167 803 1534 874; x_wconf 84' lang='grc' dir='ltr'>Ἐμμανουὴλ,</span> <span class='ocrx_word' id='word_1_51' title='bbox 1567 805 1595 855; x_wconf 91' lang='grc' dir='ltr'><strong>ὁ</strong></span> <span class='ocrx_word' id='word_1_52' title='bbox 1620 804 1682 854; x_wconf 84' lang='grc' dir='ltr'>ἐκ</span> <span class='ocrx_word' id='word_1_53' title='bbox 1712 802 1811 871; x_wconf 88' lang='grc' dir='ltr'>τῆς</span> <span class='ocrx_word' id='word_1_54' title='bbox 1843 802 2052 873; x_wconf 86' lang='grc' dir='ltr'>Παρθέ-</span> 
     </span>
    </p>
   </div>
   <div class='ocr_carea' id='block_1_10' title="bbox 486 890 2055 967">
    <p class='ocr_par' dir='ltr' id='par_1_10' title="bbox 486 890 2055 967">
     <span class='ocr_line' id='line_1_10' title="bbox 486 890 2055 967; baseline -0.004 -16"><span class='ocrx_word' id='word_1_55' title='bbox 486 906 588 952; x_wconf 80' lang='lat' dir='ltr'><strong>vou‘</strong></span> <span class='ocrx_word' id='word_1_56' title='bbox 602 896 1009 967; x_wconf 87' lang='grc' dir='ltr'>γεγεννημένος,</span> <span class='ocrx_word' id='word_1_57' title='bbox 1029 894 1144 948; x_wconf 86' lang='grc' dir='ltr'>ἀλλ’</span> <span class='ocrx_word' id='word_1_58' title='bbox 1185 894 1245 948; x_wconf 79' lang='grc' dir='ltr'><strong>οὐ</strong></span> <span class='ocrx_word' id='word_1_59' title='bbox 1296 894 1386 946; x_wconf 81' lang='grc' dir='ltr'>καὶ</span> <span class='ocrx_word' id='word_1_60' title='bbox 1422 896 1535 963; x_wconf 81' lang='grc' dir='ltr'>μετ’</span> <span class='ocrx_word' id='word_1_61' title='bbox 1564 892 1740 948; x_wconf 81' lang='grc' dir='ltr'>αὐτῶν</span> <span class='ocrx_word' id='word_1_62' title='bbox 1767 890 1834 964; x_wconf 81' lang='grc' dir='ltr'>ἦν</span> <span class='ocrx_word' id='word_1_63' title='bbox 1853 910 1865 923; x_wconf 90' lang='grc'><strong>·</strong></span> <span class='ocrx_word' id='word_1_64' title='bbox 1896 893 1970 954; x_wconf 78' lang='grc' dir='ltr'>ὡς</span> <span class='ocrx_word' id='word_1_65' title='bbox 2002 893 2055 945; x_wconf 82' lang='grc' dir='ltr'><strong>εἴ</strong></span> 
     </span>
    </p>
   </div>
   <div class='ocr_carea' id='block_1_11' title="bbox 485 983 2049 1058">
    <p class='ocr_par' dir='ltr' id='par_1_11' title="bbox 485 983 2049 1058">
     <span class='ocr_line' id='line_1_11' title="bbox 485 983 2049 1058; baseline -0.003 -17"><span class='ocrx_word' id='word_1_66' title='bbox 485 1004 551 1057; x_wconf 85' lang='grc' dir='ltr'><strong>γε</strong></span> <span class='ocrx_word' id='word_1_67' title='bbox 582 983 722 1058; x_wconf 82' lang='grc' dir='ltr'>εἶχον</span> <span class='ocrx_word' id='word_1_68' title='bbox 752 986 932 1050; x_wconf 79' lang='grc' dir='ltr'>αὑτὸν,</span> <span class='ocrx_word' id='word_1_69' title='bbox 969 986 1067 1038; x_wconf 78' lang='grc' dir='ltr'><strong>οὐκ</strong></span> <span class='ocrx_word' id='word_1_70' title='bbox 1116 984 1182 1039; x_wconf 84' lang='grc' dir='ltr'><strong>ἂν</strong></span> <span class='ocrx_word' id='word_1_71' title='bbox 1207 984 1379 1038; x_wconf 87' lang='grc' dir='ltr'>ταῦτα</span> <span class='ocrx_word' id='word_1_72' title='bbox 1431 983 1808 1038; x_wconf 83' lang='grc' dir='ltr'><strong>πεπόνθεισαν.</strong></span> <span class='ocrx_word' id='word_1_73' title='bbox 1853 984 1943 1038; x_wconf 76' lang='grc' dir='ltr'>Διὸ</span> <span class='ocrx_word' id='word_1_74' title='bbox 1986 983 2049 1054; x_wconf 82' lang='grc' dir='ltr'>δὴ</span> 
     </span>
    </p>
   </div>
   <div class='ocr_carea' id='block_1_12' title="bbox 489 1076 2049 1151">
    <p class='ocr_par' dir='ltr' id='par_1_12' title="bbox 489 1076 2049 1151">
     <span class='ocr_line' id='line_1_12' title="bbox 489 1076 2049 1151; baseline -0.006 -15"><span class='ocrx_word' id='word_1_75' title='bbox 489 1080 614 1151; x_wconf 75' lang='grc' dir='ltr'><strong>ἑξῆς</strong></span> <span class='ocrx_word' id='word_1_76' title='bbox 636 1082 665 1132; x_wconf 88' lang='grc' dir='ltr'><strong>ό</strong></span> <span class='ocrx_word' id='word_1_77' title='bbox 690 1079 843 1147; x_wconf 84' lang='grc' dir='ltr'>λόγος</span> <span class='ocrx_word' id='word_1_78' title='bbox 871 1081 981 1141; x_wconf 86' lang='grc' dir='ltr'>τοῖς</span> <span class='ocrx_word' id='word_1_79' title='bbox 1008 1077 1215 1131; x_wconf 80' lang='grc' dir='ltr'>ἔθνεσιν</span> <span class='ocrx_word' id='word_1_80' title='bbox 1245 1076 1526 1130; x_wconf 71' lang='grc' dir='ltr'>ἐπιϐοᾶται</span> <span class='ocrx_word' id='word_1_81' title='bbox 1558 1078 1648 1131; x_wconf 83' lang='grc' dir='ltr'><strong>τὸν</strong></span> <span class='ocrx_word' id='word_1_82' title='bbox 1684 1076 2049 1148; x_wconf 81' lang='grc' dir='ltr'>Ἐμμανουὴλ,</span> 
     </span>
    </p>
   </div>
   <div class='ocr_carea' id='block_1_13' title="bbox 486 1165 2050 1239">
    <p class='ocr_par' dir='ltr' id='par_1_13' title="bbox 486 1165 2050 1239">
     <span class='ocr_line' id='line_1_13' title="bbox 486 1165 2050 1239; baseline -0.003 -16"><span class='ocrx_word' id='word_1_83' title='bbox 486 1168 683 1238; x_wconf 80' lang='grc' dir='ltr'>λέγων’</span> <span class='ocrx_word' id='word_1_84' title='bbox 722 1189 739 1220; x_wconf 82' lang='grc' dir='ltr'><strong>ι</strong></span> <span class='ocrx_word' id='word_1_85' title='bbox 778 1167 912 1222; x_wconf 82' lang='grc' dir='ltr'>Μεθ’</span> <span class='ocrx_word' id='word_1_86' title='bbox 951 1167 1106 1239; x_wconf 83' lang='grc' dir='ltr'>ήμῶν</span> <span class='ocrx_word' id='word_1_87' title='bbox 1149 1180 1178 1219; x_wconf 95' lang='grc' dir='ltr'><strong>ο</strong></span> <span class='ocrx_word' id='word_1_88' title='bbox 1219 1167 1351 1230; x_wconf 88' lang='grc' dir='ltr'>Θεός</span> <span class='ocrx_word' id='word_1_89' title='bbox 1374 1182 1388 1197; x_wconf 90' lang='grc'><strong>·</strong></span> <span class='ocrx_word' id='word_1_90' title='bbox 1420 1165 1616 1235; x_wconf 81' lang='grc' dir='ltr'>γνῶτε,</span> <span class='ocrx_word' id='word_1_91' title='bbox 1654 1165 1803 1237; x_wconf 76' lang='grc' dir='ltr'>ἔθνη,</span> <span class='ocrx_word' id='word_1_92' title='bbox 1827 1166 1920 1219; x_wconf 73' lang='grc' dir='ltr'><strong>καὶ</strong></span> <span class='ocrx_word' id='word_1_93' title='bbox 1955 1166 2050 1235; x_wconf 81' lang='grc' dir='ltr'>ἠτ-</span> 
     </span>
    </p>
   </div>
   <div class='ocr_carea' id='block_1_14' title="bbox 486 1256 2049 1329">
    <p class='ocr_par' dir='ltr' id='par_1_14' title="bbox 486 1256 2049 1329">
     <span class='ocr_line' id='line_1_14' title="bbox 486 1256 2049 1329; baseline -0.003 -17"><span class='ocrx_word' id='word_1_94' title='bbox 486 1260 671 1314; x_wconf 79' lang='grc' dir='ltr'>τᾶσθε.</span> <span class='ocrx_word' id='word_1_95' title='bbox 699 1283 716 1311; x_wconf 76' lang='grc' dir='ltr'><strong>ι</strong></span> <span class='ocrx_word' id='word_1_96' title='bbox 744 1260 853 1313; x_wconf 74' lang='grc' dir='ltr'><strong>Καὶ</strong></span> <span class='ocrx_word' id='word_1_97' title='bbox 876 1259 1045 1312; x_wconf 87' lang='grc' dir='ltr'>ταῦτα</span> <span class='ocrx_word' id='word_1_98' title='bbox 1076 1258 1122 1311; x_wconf 85' lang='grc' dir='ltr'>δ’</span> <span class='ocrx_word' id='word_1_99' title='bbox 1151 1260 1280 1327; x_wconf 86' lang='grc' dir='ltr'>ἡμῖν</span> <span class='ocrx_word' id='word_1_100' title='bbox 1306 1258 1700 1329; x_wconf 77' lang='grc' dir='ltr'>ἑρμηνεύεται,</span> <span class='ocrx_word' id='word_1_101' title='bbox 1730 1259 1810 1319; x_wconf 79' lang='grc' dir='ltr'><strong>είς</strong></span> <span class='ocrx_word' id='word_1_102' title='bbox 1851 1256 1913 1310; x_wconf 82' lang='grc' dir='ltr'>τὸ</span> <span class='ocrx_word' id='word_1_103' title='bbox 1940 1274 2049 1309; x_wconf 85' lang='grc' dir='ltr'>πα-</span> 
     </span>
    </p>
   </div>
   <div class='ocr_carea' id='block_1_15' title="bbox 490 1345 2049 1418">
    <p class='ocr_par' dir='ltr' id='par_1_15' title="bbox 490 1345 2049 1418">
     <span class='ocr_line' id='line_1_15' title="bbox 490 1345 2049 1418; baseline -0.001 -19"><span class='ocrx_word' id='word_1_104' title='bbox 490 1346 776 1418; x_wconf 81' lang='grc' dir='ltr'>ραστῆσαι,</span> <span class='ocrx_word' id='word_1_105' title='bbox 809 1348 885 1410; x_wconf 85' lang='grc' dir='ltr'>ὡς</span> <span class='ocrx_word' id='word_1_106' title='bbox 912 1346 1042 1399; x_wconf 84' lang='grc' dir='ltr'>ποτὲ</span> <span class='ocrx_word' id='word_1_107' title='bbox 1072 1346 1169 1417; x_wconf 79' lang='grc' dir='ltr'>μὲν</span> <span class='ocrx_word' id='word_1_108' title='bbox 1201 1345 1341 1399; x_wconf 79' lang='grc' dir='ltr'>κατὰ</span> <span class='ocrx_word' id='word_1_109' title='bbox 1370 1345 1531 1411; x_wconf 82' lang='grc' dir='ltr'>λέξιν,</span> <span class='ocrx_word' id='word_1_110' title='bbox 1559 1346 1689 1399; x_wconf 76' lang='grc' dir='ltr'>ποτε</span> <span class='ocrx_word' id='word_1_111' title='bbox 1734 1346 1790 1399; x_wconf 85' lang='grc' dir='ltr'>δὲ</span> <span class='ocrx_word' id='word_1_112' title='bbox 1817 1346 1883 1399; x_wconf 84' lang='grc' dir='ltr'>δι’</span> <span class='ocrx_word' id='word_1_113' title='bbox 1910 1348 2049 1399; x_wconf 80' lang='grc' dir='ltr'>αἰνι-</span> 
     </span>
    </p>
   </div>
   <div class='ocr_carea' id='block_1_16' title="bbox 484 1436 2046 1511">
    <p class='ocr_par' dir='ltr' id='par_1_16' title="bbox 484 1436 2046 1511">
     <span class='ocr_line' id='line_1_16' title="bbox 484 1436 2046 1511; baseline 0 -21"><span class='ocrx_word' id='word_1_114' title='bbox 484 1437 640 1508; x_wconf 87' lang='grc' dir='ltr'>γμῶν</span> <span class='ocrx_word' id='word_1_115' title='bbox 662 1439 730 1492; x_wconf 74' lang='grc' dir='ltr'>τὰ</span> <span class='ocrx_word' id='word_1_116' title='bbox 764 1438 991 1491; x_wconf 85' lang='grc' dir='ltr'>πλεῖστα</span> <span class='ocrx_word' id='word_1_117' title='bbox 1024 1437 1131 1490; x_wconf 89' lang='grc' dir='ltr'><strong>τῶν</strong></span> <span class='ocrx_word' id='word_1_118' title='bbox 1180 1436 1525 1511; x_wconf 82' lang='grc' dir='ltr'>προφητειῶν</span> <span class='ocrx_word' id='word_1_119' title='bbox 1559 1436 1915 1508; x_wconf 77' lang='grc' dir='ltr'>ἐκλαμϐάνειν</span> <span class='ocrx_word' id='word_1_120' title='bbox 1939 1438 2046 1490; x_wconf 83' lang='grc' dir='ltr'><strong>δεῖ’</strong></span> 
     </span>
    </p>
   </div>
   <div class='ocr_carea' id='block_1_17' title="bbox 483 1528 2052 1602">
    <p class='ocr_par' dir='ltr' id='par_1_17' title="bbox 483 1528 2052 1602">
     <span class='ocr_line' id='line_1_17' title="bbox 483 1528 2052 1602; baseline -0.001 -20"><span class='ocrx_word' id='word_1_121' title='bbox 483 1528 635 1583; x_wconf 76' lang='grc' dir='ltr'>ἔνθεν</span> <span class='ocrx_word' id='word_1_122' title='bbox 681 1530 738 1583; x_wconf 82' lang='grc' dir='ltr'>δὲ</span> <span class='ocrx_word' id='word_1_123' title='bbox 786 1530 1137 1601; x_wconf 81' lang='grc' dir='ltr'>ὁρμωμένους</span> <span class='ocrx_word' id='word_1_124' title='bbox 1164 1531 1431 1602; x_wconf 87' lang='grc' dir='ltr'>προσήκει</span> <span class='ocrx_word' id='word_1_125' title='bbox 1464 1530 1557 1583; x_wconf 77' lang='grc' dir='ltr'>καὶ</span> <span class='ocrx_word' id='word_1_126' title='bbox 1580 1529 1649 1582; x_wconf 87' lang='grc' dir='ltr'>τὰ</span> <span class='ocrx_word' id='word_1_127' title='bbox 1668 1529 1831 1583; x_wconf 81' lang='grc' dir='ltr'>λοιπὰ</span> <span class='ocrx_word' id='word_1_128' title='bbox 1862 1530 1956 1600; x_wconf 79' lang='grc' dir='ltr'>τῆς</span> <span class='ocrx_word' id='word_1_129' title='bbox 1996 1531 2052 1582; x_wconf 83' lang='grc' dir='ltr'><strong>ἐν</strong></span> 
     </span>
    </p>
   </div>
   <div class='ocr_carea' id='block_1_18' title="bbox 485 1623 1604 1698">
    <p class='ocr_par' dir='ltr' id='par_1_18' title="bbox 485 1623 1604 1698">
     <span class='ocr_line' id='line_1_18' title="bbox 485 1623 1604 1698; baseline 0.002 -22"><span class='ocrx_word' id='word_1_130' title='bbox 485 1624 641 1695; x_wconf 71' lang='grc' dir='ltr'>χερσὶ</span> <span class='ocrx_word' id='word_1_131' title='bbox 674 1625 1006 1695; x_wconf 74' lang='grc' dir='ltr'>προφητείας</span> <span class='ocrx_word' id='word_1_132' title='bbox 1030 1623 1230 1695; x_wconf 87' lang='grc' dir='ltr'>ὁμοίως</span> <span class='ocrx_word' id='word_1_133' title='bbox 1264 1625 1604 1698; x_wconf 80' lang='grc' dir='ltr'>ὲπιθεωρεῖν.</span> 
     </span>
    </p>
   </div>
   <div class='ocr_carea' id='block_1_19' title="bbox 2159 520 3728 593">
    <p class='ocr_par' dir='ltr' id='par_1_19' title="bbox 2159 520 3728 593">
     <span class='ocr_line' id='line_1_19' title="bbox 2159 520 3728 593; baseline 0.001 -17"><span class='ocrx_word' id='word_1_134' title='bbox 2159 530 2323 593; x_wconf 90' lang='lat' dir='ltr'><strong>caput</strong></span> <span class='ocrx_word' id='word_1_135' title='bbox 2370 521 2598 584; x_wconf 89' lang='lat' dir='ltr'><strong>tollere,</strong></span> <span class='ocrx_word' id='word_1_136' title='bbox 2636 529 2729 575; x_wconf 89' lang='lat' dir='ltr'><strong>aut</strong></span> <span class='ocrx_word' id='word_1_137' title='bbox 2759 521 2854 592; x_wconf 89' lang='lat' dir='ltr'><strong>qui</strong></span> <span class='ocrx_word' id='word_1_138' title='bbox 2888 520 3116 577; x_wconf 90' lang='lat' dir='ltr'><strong>idoneus</strong></span> <span class='ocrx_word' id='word_1_139' title='bbox 3150 529 3296 577; x_wconf 90' lang='lat' dir='ltr'><strong>esset</strong></span> <span class='ocrx_word' id='word_1_140' title='bbox 3342 536 3728 577; x_wconf 88' lang='lat' dir='ltr'><strong>consummare</strong></span> 
     </span>
    </p>
   </div>
   <div class='ocr_carea' id='block_1_20' title="bbox 2158 610 3729 684">
    <p class='ocr_par' dir='ltr' id='par_1_20' title="bbox 2158 610 3729 684">
     <span class='ocr_line' id='line_1_20' title="bbox 2158 610 3729 684; baseline 0.002 -18"><span class='ocrx_word' id='word_1_141' title='bbox 2158 611 2368 683; x_wconf 88' lang='lat' dir='ltr'><strong>aliquid</strong></span> <span class='ocrx_word' id='word_1_142' title='bbox 2396 631 2409 666; x_wconf 91' lang='lat'><strong>:</strong></span> <span class='ocrx_word' id='word_1_143' title='bbox 2445 619 2497 665; x_wconf 91' lang='lat' dir='ltr'><strong>et</strong></span> <span class='ocrx_word' id='word_1_144' title='bbox 2532 610 2677 666; x_wconf 80' lang='lat' dir='ltr'><strong>facta</strong></span> <span class='ocrx_word' id='word_1_145' title='bbox 2709 619 2839 668; x_wconf 90' lang='lat' dir='ltr'><strong>sunt</strong></span> <span class='ocrx_word' id='word_1_146' title='bbox 2868 612 2989 681; x_wconf 87' lang='lat' dir='ltr'><strong>ejus</strong></span> <span class='ocrx_word' id='word_1_147' title='bbox 3022 618 3203 667; x_wconf 88' lang='lat' dir='ltr'><strong>castra</strong></span> <span class='ocrx_word' id='word_1_148' title='bbox 3237 612 3373 666; x_wconf 90' lang='lat' dir='ltr'><strong>adeo</strong></span> <span class='ocrx_word' id='word_1_149' title='bbox 3406 627 3634 684; x_wconf 81' lang='lat' dir='ltr'><strong>magna,</strong></span> <span class='ocrx_word' id='word_1_150' title='bbox 3666 622 3729 669; x_wconf 91' lang='lat' dir='ltr'><strong>ut</strong></span> 
     </span>
    </p>
   </div>
   <div class='ocr_carea' id='block_1_21' title="bbox 2158 702 3730 774">
    <p class='ocr_par' dir='ltr' id='par_1_21' title="bbox 2158 702 3730 774">
     <span class='ocr_line' id='line_1_21' title="bbox 2158 702 3730 774; baseline 0.001 -15"><span class='ocrx_word' id='word_1_151' title='bbox 2158 706 2428 759; x_wconf 70' lang='lat' dir='ltr'><strong>universae</strong></span> <span class='ocrx_word' id='word_1_152' title='bbox 2475 702 2676 759; x_wconf 69' lang='lat' dir='ltr'><strong>Iudaeae</strong></span> <span class='ocrx_word' id='word_1_153' title='bbox 2721 704 3065 758; x_wconf 87' lang='lat' dir='ltr'><strong>latitudinem</strong></span> <span class='ocrx_word' id='word_1_154' title='bbox 3112 704 3477 774; x_wconf 88' lang='lat' dir='ltr'><strong>impleverint.</strong></span> <span class='ocrx_word' id='word_1_155' title='bbox 3522 704 3590 758; x_wconf 86' lang='lat' dir='ltr'><strong>Et</strong></span> <span class='ocrx_word' id='word_1_156' title='bbox 3625 706 3730 760; x_wconf 91' lang='lat' dir='ltr'><strong>hoc</strong></span> 
     </span>
    </p>
   </div>
   <div class='ocr_carea' id='block_1_22' title="bbox 2157 796 3729 868">
    <p class='ocr_par' dir='ltr' id='par_1_22' title="bbox 2157 796 3729 868">
     <span class='ocr_line' id='line_1_22' title="bbox 2157 796 3729 868; baseline 0 -18"><span class='ocrx_word' id='word_1_157' title='bbox 2157 797 2375 868; x_wconf 85' lang='lat' dir='ltr'><strong>quidem</strong></span> <span class='ocrx_word' id='word_1_158' title='bbox 2397 811 2494 850; x_wconf 92' lang='lat' dir='ltr'><strong>cur</strong></span> <span class='ocrx_word' id='word_1_159' title='bbox 2511 797 2585 850; x_wconf 89' lang='lat' dir='ltr'><strong>ita</strong></span> <span class='ocrx_word' id='word_1_160' title='bbox 2604 796 2671 850; x_wconf 90' lang='lat' dir='ltr'><strong>ad</strong></span> <span class='ocrx_word' id='word_1_161' title='bbox 2690 796 2913 851; x_wconf 82' lang='lat' dir='ltr'><strong>verbum</strong></span> <span class='ocrx_word' id='word_1_162' title='bbox 2946 803 3136 851; x_wconf 84' lang='lat' dir='ltr'><strong>contra</strong></span> <span class='ocrx_word' id='word_1_163' title='bbox 3154 796 3277 852; x_wconf 90' lang='lat' dir='ltr'><strong>illos</strong></span> <span class='ocrx_word' id='word_1_164' title='bbox 3290 797 3615 867; x_wconf 90' lang='lat' dir='ltr'><strong>completum</strong></span> <span class='ocrx_word' id='word_1_165' title='bbox 3636 798 3729 863; x_wconf 95' lang='lat' dir='ltr'><strong>sit,</strong></span> 
     </span>
    </p>
   </div>
   <div class='ocr_carea' id='block_1_23' title="bbox 2156 887 3731 964">
    <p class='ocr_par' dir='ltr' id='par_1_23' title="bbox 2156 887 3731 964">
     <span class='ocr_line' id='line_1_23' title="bbox 2156 887 3731 964; baseline 0 -20"><span class='ocrx_word' id='word_1_166' title='bbox 2156 889 2204 944; x_wconf 88' lang='lat' dir='ltr'><strong>si</strong></span> <span class='ocrx_word' id='word_1_167' title='bbox 2236 889 2317 943; x_wconf 90' lang='lat' dir='ltr'><strong>vis</strong></span> <span class='ocrx_word' id='word_1_168' title='bbox 2347 888 2592 950; x_wconf 89' lang='lat' dir='ltr'><strong>discere,</strong></span> <span class='ocrx_word' id='word_1_169' title='bbox 2626 888 2753 943; x_wconf 90' lang='lat' dir='ltr'><strong>audi</strong></span> <span class='ocrx_word' id='word_1_170' title='bbox 2781 888 2915 964; x_wconf 92' lang='lat' dir='ltr'><strong>jam.</strong></span> <span class='ocrx_word' id='word_1_171' title='bbox 2949 887 3154 959; x_wconf 84' lang='lat' dir='ltr'><strong>Nempe</strong></span> <span class='ocrx_word' id='word_1_172' title='bbox 3178 889 3436 959; x_wconf 88' lang='lat' dir='ltr'><strong>quoniam</strong></span> <span class='ocrx_word' id='word_1_173' title='bbox 3465 888 3556 943; x_wconf 90' lang='lat' dir='ltr'><strong>ille</strong></span> <span class='ocrx_word' id='word_1_174' title='bbox 3589 890 3731 944; x_wconf 83' lang='lat' dir='ltr'><strong>Deus</strong></span> 
     </span>
    </p>
   </div>
   <div class='ocr_carea' id='block_1_24' title="bbox 2158 977 3732 1051">
    <p class='ocr_par' dir='ltr' id='par_1_24' title="bbox 2158 977 3732 1051">
     <span class='ocr_line' id='line_1_24' title="bbox 2158 977 3732 1051; baseline 0.003 -20"><span class='ocrx_word' id='word_1_175' title='bbox 2158 977 2519 1044; x_wconf 88' lang='lat' dir='ltr'><strong>Emmanuel,</strong></span> <span class='ocrx_word' id='word_1_176' title='bbox 2566 980 2662 1050; x_wconf 89' lang='lat' dir='ltr'><strong>qui</strong></span> <span class='ocrx_word' id='word_1_177' title='bbox 2709 980 2776 1036; x_wconf 89' lang='lat' dir='ltr'><strong>de</strong></span> <span class='ocrx_word' id='word_1_178' title='bbox 2807 979 3032 1051; x_wconf 81' lang='lat' dir='ltr'><strong>Virgine</strong></span> <span class='ocrx_word' id='word_1_179' title='bbox 3073 988 3235 1035; x_wconf 88' lang='lat' dir='ltr'><strong>natus</strong></span> <span class='ocrx_word' id='word_1_180' title='bbox 3277 990 3394 1046; x_wconf 88' lang='lat' dir='ltr'><strong>est,</strong></span> <span class='ocrx_word' id='word_1_181' title='bbox 3441 982 3732 1036; x_wconf 87' lang='lat' dir='ltr'><strong>nobiscum</strong></span> 
     </span>
    </p>
   </div>
   <div class='ocr_carea' id='block_1_25' title="bbox 2158 1068 3732 1139">
    <p class='ocr_par' dir='ltr' id='par_1_25' title="bbox 2158 1068 3732 1139">
     <span class='ocr_line' id='line_1_25' title="bbox 2158 1068 3732 1139; baseline 0.003 -16"><span class='ocrx_word' id='word_1_182' title='bbox 2158 1068 2293 1137; x_wconf 80' lang='lat' dir='ltr'><strong>fuit,</strong></span> <span class='ocrx_word' id='word_1_183' title='bbox 2322 1086 2429 1124; x_wconf 89' lang='lat' dir='ltr'><strong>non</strong></span> <span class='ocrx_word' id='word_1_184' title='bbox 2459 1085 2584 1124; x_wconf 91' lang='lat' dir='ltr'><strong>cum</strong></span> <span class='ocrx_word' id='word_1_185' title='bbox 2614 1069 2725 1125; x_wconf 83' lang='lat' dir='ltr'><strong>illis</strong></span> <span class='ocrx_word' id='word_1_186' title='bbox 2750 1088 2766 1138; x_wconf 89' lang='lat'><strong>;</strong></span> <span class='ocrx_word' id='word_1_187' title='bbox 2790 1086 2916 1125; x_wconf 91' lang='lat' dir='ltr'><strong>nam</strong></span> <span class='ocrx_word' id='word_1_188' title='bbox 2948 1072 2995 1126; x_wconf 89' lang='lat' dir='ltr'><strong>si</strong></span> <span class='ocrx_word' id='word_1_189' title='bbox 3025 1071 3175 1125; x_wconf 91' lang='lat' dir='ltr'><strong>illum</strong></span> <span class='ocrx_word' id='word_1_190' title='bbox 3202 1071 3523 1128; x_wconf 80' lang='lat' dir='ltr'><strong>habuissent</strong></span> <span class='ocrx_word' id='word_1_191' title='bbox 3548 1112 3566 1139; x_wconf 95' lang='lat'><strong>,</strong></span> <span class='ocrx_word' id='word_1_192' title='bbox 3594 1089 3732 1128; x_wconf 89' lang='lat' dir='ltr'><strong>nun-</strong></span> 
     </span>
    </p>
   </div>
   <div class='ocr_carea' id='block_1_26' title="bbox 2154 1164 3724 1237">
    <p class='ocr_par' dir='ltr' id='par_1_26' title="bbox 2154 1164 3724 1237">
     <span class='ocr_line' id='line_1_26' title="bbox 2154 1164 3724 1237; baseline 0.004 -21"><span class='ocrx_word' id='word_1_193' title='bbox 2154 1180 2317 1234; x_wconf 84' lang='lat' dir='ltr'><strong>quam</strong></span> <span class='ocrx_word' id='word_1_194' title='bbox 2352 1165 2483 1219; x_wconf 89' lang='lat' dir='ltr'><strong>talia</strong></span> <span class='ocrx_word' id='word_1_195' title='bbox 2518 1167 2664 1234; x_wconf 86' lang='lat' dir='ltr'><strong>passi</strong></span> <span class='ocrx_word' id='word_1_196' title='bbox 2700 1173 2902 1220; x_wconf 83' lang='lat' dir='ltr'><strong>essent.</strong></span> <span class='ocrx_word' id='word_1_197' title='bbox 2940 1164 3286 1236; x_wconf 70' lang='lat' dir='ltr'><strong>Quapropter</strong></span> <span class='ocrx_word' id='word_1_198' title='bbox 3313 1166 3426 1235; x_wconf 89' lang='lat' dir='ltr'><strong>jam</strong></span> <span class='ocrx_word' id='word_1_199' title='bbox 3462 1166 3724 1237; x_wconf 85' lang='lat' dir='ltr'><strong>deinceps</strong></span> 
     </span>
    </p>
   </div>
   <div class='ocr_carea' id='block_1_27' title="bbox 2155 1256 3729 1327">
    <p class='ocr_par' dir='ltr' id='par_1_27' title="bbox 2155 1256 3729 1327">
     <span class='ocr_line' id='line_1_27' title="bbox 2155 1256 3729 1327; baseline 0.001 -16"><span class='ocrx_word' id='word_1_200' title='bbox 2155 1258 2437 1312; x_wconf 85' lang='lat' dir='ltr'><strong>oraculum</strong></span> <span class='ocrx_word' id='word_1_201' title='bbox 2485 1256 2554 1311; x_wconf 89' lang='lat' dir='ltr'><strong>ad</strong></span> <span class='ocrx_word' id='word_1_202' title='bbox 2599 1265 2790 1327; x_wconf 77' lang='lat' dir='ltr'><strong>gentes</strong></span> <span class='ocrx_word' id='word_1_203' title='bbox 2842 1256 3101 1311; x_wconf 76' lang='lat' dir='ltr'><strong>inclamat</strong></span> <span class='ocrx_word' id='word_1_204' title='bbox 3150 1258 3331 1326; x_wconf 89' lang='lat' dir='ltr'><strong>ipsum</strong></span> <span class='ocrx_word' id='word_1_205' title='bbox 3375 1257 3729 1324; x_wconf 83' lang='lat' dir='ltr'><strong>Emmanuel,</strong></span> 
     </span>
    </p>
   </div>
   <div class='ocr_carea' id='block_1_28' title="bbox 2158 1346 3733 1420">
    <p class='ocr_par' dir='ltr' id='par_1_28' title="bbox 2158 1346 3733 1420">
     <span class='ocr_line' id='line_1_28' title="bbox 2158 1346 3733 1420; baseline 0.003 -18"><span class='ocrx_word' id='word_1_206' title='bbox 2158 1349 2347 1403; x_wconf 86' lang='lat' dir='ltr'><strong>dicens</strong></span> <span class='ocrx_word' id='word_1_207' title='bbox 2383 1368 2396 1403; x_wconf 87' lang='lat'><strong>:</strong></span> <span class='ocrx_word' id='word_1_208' title='bbox 2430 1368 2448 1400; x_wconf 75' lang='grc' dir='ltr'><strong>ι</strong></span> <span class='ocrx_word' id='word_1_209' title='bbox 2485 1347 2785 1404; x_wconf 80' lang='lat' dir='ltr'><strong>Nobiscum</strong></span> <span class='ocrx_word' id='word_1_210' title='bbox 2836 1346 3016 1414; x_wconf 89' lang='lat' dir='ltr'><strong>Deus,</strong></span> <span class='ocrx_word' id='word_1_211' title='bbox 3071 1349 3405 1419; x_wconf 73' lang='lat' dir='ltr'><strong>cognoscite,</strong></span> <span class='ocrx_word' id='word_1_212' title='bbox 3432 1359 3640 1420; x_wconf 82' lang='lat' dir='ltr'><strong>gentes,</strong></span> <span class='ocrx_word' id='word_1_213' title='bbox 3675 1359 3733 1406; x_wconf 89' lang='lat' dir='ltr'><strong>et</strong></span> 
     </span>
    </p>
   </div>
   <div class='ocr_carea' id='block_1_29' title="bbox 2158 1441 3733 1511">
    <p class='ocr_par' dir='ltr' id='par_1_29' title="bbox 2158 1441 3733 1511">
     <span class='ocr_line' id='line_1_29' title="bbox 2158 1441 3733 1511; baseline 0.002 -18"><span class='ocrx_word' id='word_1_214' title='bbox 2158 1442 2464 1497; x_wconf 83' lang='lat' dir='ltr'><strong>vincimini.</strong></span> <span class='ocrx_word' id='word_1_215' title='bbox 2499 1462 2518 1493; x_wconf 74' lang='grc' dir='ltr'><strong>ι</strong></span> <span class='ocrx_word' id='word_1_216' title='bbox 2551 1441 2616 1495; x_wconf 87' lang='lat' dir='ltr'><strong>Et</strong></span> <span class='ocrx_word' id='word_1_217' title='bbox 2660 1441 2777 1497; x_wconf 71' lang='lat' dir='ltr'><strong>htec</strong></span> <span class='ocrx_word' id='word_1_218' title='bbox 2819 1442 3040 1511; x_wconf 87' lang='lat' dir='ltr'><strong>quidem</strong></span> <span class='ocrx_word' id='word_1_219' title='bbox 3082 1457 3183 1496; x_wconf 91' lang='lat' dir='ltr'><strong>nos</strong></span> <span class='ocrx_word' id='word_1_220' title='bbox 3218 1442 3321 1497; x_wconf 85' lang='lat' dir='ltr'><strong>hoc</strong></span> <span class='ocrx_word' id='word_1_221' title='bbox 3364 1442 3527 1497; x_wconf 89' lang='lat' dir='ltr'><strong>modo</strong></span> <span class='ocrx_word' id='word_1_222' title='bbox 3558 1442 3733 1499; x_wconf 87' lang='lat' dir='ltr'><strong>inter-</strong></span> 
     </span>
    </p>
   </div>
   <div class='ocr_carea' id='block_1_30' title="bbox 2160 1535 3730 1605">
    <p class='ocr_par' dir='ltr' id='par_1_30' title="bbox 2160 1535 3730 1605">
     <span class='ocr_line' id='line_1_30' title="bbox 2160 1535 3730 1605; baseline 0.001 -16"><span class='ocrx_word' id='word_1_223' title='bbox 2160 1536 2351 1605; x_wconf 90' lang='lat' dir='ltr'><strong>pretati</strong></span> <span class='ocrx_word' id='word_1_224' title='bbox 2404 1550 2596 1590; x_wconf 91' lang='lat' dir='ltr'><strong>sumus</strong></span> <span class='ocrx_word' id='word_1_225' title='bbox 2620 1577 2633 1601; x_wconf 93' lang='lat'><strong>,</strong></span> <span class='ocrx_word' id='word_1_226' title='bbox 2666 1544 2726 1589; x_wconf 92' lang='lat' dir='ltr'><strong>ut</strong></span> <span class='ocrx_word' id='word_1_227' title='bbox 2766 1535 3180 1591; x_wconf 75' lang='lat' dir='ltr'><strong>ostenderemus</strong></span> <span class='ocrx_word' id='word_1_228' title='bbox 3202 1574 3217 1598; x_wconf 89' lang='lat'><strong>,</strong></span> <span class='ocrx_word' id='word_1_229' title='bbox 3266 1536 3730 1605; x_wconf 86' lang='lat' dir='ltr'><strong>quemadmodum</strong></span> 
     </span>
    </p>
   </div>
   <div class='ocr_carea' id='block_1_31' title="bbox 2162 1626 3733 1698">
    <p class='ocr_par' dir='ltr' id='par_1_31' title="bbox 2162 1626 3733 1698">
     <span class='ocr_line' id='line_1_31' title="bbox 2162 1626 3733 1698; baseline 0.001 -17"><span class='ocrx_word' id='word_1_230' title='bbox 2162 1643 2309 1681; x_wconf 84' lang='lat' dir='ltr'><strong>nunc</strong></span> <span class='ocrx_word' id='word_1_231' title='bbox 2357 1626 2576 1698; x_wconf 84' lang='lat' dir='ltr'><strong>quidem</strong></span> <span class='ocrx_word' id='word_1_232' title='bbox 2612 1626 2678 1681; x_wconf 86' lang='lat' dir='ltr'><strong>ad</strong></span> <span class='ocrx_word' id='word_1_233' title='bbox 2712 1628 2936 1681; x_wconf 84' lang='lat' dir='ltr'><strong>verbum</strong></span> <span class='ocrx_word' id='word_1_234' title='bbox 2957 1666 2974 1693; x_wconf 94' lang='lat'><strong>,</strong></span> <span class='ocrx_word' id='word_1_235' title='bbox 3010 1641 3158 1681; x_wconf 90' lang='lat' dir='ltr'><strong>nunc</strong></span> <span class='ocrx_word' id='word_1_236' title='bbox 3190 1637 3370 1681; x_wconf 87' lang='lat' dir='ltr'><strong>autem</strong></span> <span class='ocrx_word' id='word_1_237' title='bbox 3402 1643 3499 1697; x_wconf 89' lang='lat' dir='ltr'><strong>per</strong></span> <span class='ocrx_word' id='word_1_238' title='bbox 3530 1628 3733 1684; x_wconf 87' lang='lat' dir='ltr'><strong>obscu-</strong></span> 
     </span>
    </p>
   </div>
   <div class='ocr_carea' id='block_1_32' title="bbox 486 1717 3734 1802">
    <p class='ocr_par' dir='ltr' id='par_1_32' title="bbox 486 1717 3734 1802">
     <span class='ocr_line' id='line_1_32' title="bbox 486 1717 3734 1802; baseline 0.003 -31"><span class='ocrx_word' id='word_1_239' title='bbox 486 1720 662 1774; x_wconf 88' lang='lat' dir='ltr'><strong>riores</strong></span> <span class='ocrx_word' id='word_1_240' title='bbox 695 1717 898 1789; x_wconf 78' lang='lat' dir='ltr'><strong>ﬁguras</strong></span> <span class='ocrx_word' id='word_1_241' title='bbox 929 1719 1221 1773; x_wconf 80' lang='lat' dir='ltr'><strong>maximam</strong></span> <span class='ocrx_word' id='word_1_242' title='bbox 1268 1718 1679 1789; x_wconf 87' lang='lat' dir='ltr'><strong>prophetiarum</strong></span> <span class='ocrx_word' id='word_1_243' title='bbox 1714 1724 1927 1788; x_wconf 89' lang='lat' dir='ltr'><strong>partem</strong></span> <span class='ocrx_word' id='word_1_244' title='bbox 1971 1718 2275 1791; x_wconf 81' lang='lat' dir='ltr'><strong>intelligere</strong></span> <span class='ocrx_word' id='word_1_245' title='bbox 2299 1728 2549 1791; x_wconf 86' lang='lat' dir='ltr'><strong>oportet;</strong></span> <span class='ocrx_word' id='word_1_246' title='bbox 2595 1728 2852 1802; x_wconf 75' lang='lat' dir='ltr'><strong>caeterum</strong></span> <span class='ocrx_word' id='word_1_247' title='bbox 2909 1721 3023 1790; x_wconf 89' lang='lat' dir='ltr'><strong>jam</strong></span> <span class='ocrx_word' id='word_1_248' title='bbox 3080 1722 3205 1779; x_wconf 90' lang='lat' dir='ltr'><strong>inde</strong></span> <span class='ocrx_word' id='word_1_249' title='bbox 3252 1722 3537 1789; x_wconf 87' lang='lat' dir='ltr'><strong>abeuntes,</strong></span> <span class='ocrx_word' id='word_1_250' title='bbox 3603 1740 3734 1781; x_wconf 83' lang='lat' dir='ltr'><strong>con-</strong></span> 
     </span>
    </p>
   </div>
   <div class='ocr_carea' id='block_1_33' title="bbox 485 1811 2958 1886">
    <p class='ocr_par' dir='ltr' id='par_1_33' title="bbox 485 1811 2958 1886">
     <span class='ocr_line' id='line_1_33' title="bbox 485 1811 2958 1886; baseline 0.001 -20"><span class='ocrx_word' id='word_1_251' title='bbox 485 1811 634 1866; x_wconf 83' lang='lat' dir='ltr'><strong>venit</strong></span> <span class='ocrx_word' id='word_1_252' title='bbox 663 1812 828 1867; x_wconf 90' lang='lat' dir='ltr'><strong>etiam</strong></span> <span class='ocrx_word' id='word_1_253' title='bbox 858 1812 911 1866; x_wconf 92' lang='lat' dir='ltr'><strong>id</strong></span> <span class='ocrx_word' id='word_1_254' title='bbox 940 1811 1082 1882; x_wconf 87' lang='lat' dir='ltr'><strong>quod</strong></span> <span class='ocrx_word' id='word_1_255' title='bbox 1117 1812 1185 1867; x_wconf 90' lang='lat' dir='ltr'><strong>de</strong></span> <span class='ocrx_word' id='word_1_256' title='bbox 1215 1812 1405 1868; x_wconf 87' lang='lat' dir='ltr'><strong>eadem</strong></span> <span class='ocrx_word' id='word_1_257' title='bbox 1440 1813 1728 1884; x_wconf 87' lang='lat' dir='ltr'><strong>prophetia</strong></span> <span class='ocrx_word' id='word_1_258' title='bbox 1762 1824 2050 1884; x_wconf 89' lang='lat' dir='ltr'><strong>superest,</strong></span> <span class='ocrx_word' id='word_1_259' title='bbox 2092 1816 2258 1871; x_wconf 90' lang='lat' dir='ltr'><strong>simili</strong></span> <span class='ocrx_word' id='word_1_260' title='bbox 2312 1817 2525 1871; x_wconf 86' lang='lat' dir='ltr'><strong>ratione</strong></span> <span class='ocrx_word' id='word_1_261' title='bbox 2579 1816 2958 1886; x_wconf 89' lang='lat' dir='ltr'><strong>contemplari.</strong></span> 
     </span>
    </p>
   </div>
   <div class='ocr_carea' id='block_1_34' title="bbox 555 1904 2055 1987">
    <p class='ocr_par' dir='ltr' id='par_1_34' title="bbox 555 1904 2055 1980">
     <span class='ocr_line' id='line_1_34' title="bbox 555 1904 2055 1980; baseline 0.003 -21"><span class='ocrx_word' id='word_1_262' title='bbox 555 1906 620 1959; x_wconf 83' lang='lat' dir='ltr'><strong>Ei</strong></span> <span class='ocrx_word' id='word_1_263' title='bbox 635 1906 693 1959; x_wconf 80' lang='grc' dir='ltr'>δὲ</span> <span class='ocrx_word' id='word_1_264' title='bbox 704 1905 783 1959; x_wconf 81' lang='grc' dir='ltr'>ἔτι</span> <span class='ocrx_word' id='word_1_265' title='bbox 804 1908 897 1961; x_wconf 74' lang='grc' dir='ltr'>καὶ</span> <span class='ocrx_word' id='word_1_266' title='bbox 915 1907 1009 1961; x_wconf 90' lang='grc' dir='ltr'><strong>νῦν</strong></span> <span class='ocrx_word' id='word_1_267' title='bbox 1027 1909 1106 1971; x_wconf 85' lang='grc' dir='ltr'>εἰς</span> <span class='ocrx_word' id='word_1_268' title='bbox 1123 1904 1381 1979; x_wconf 78' lang='grc' dir='ltr'>μέλλοντά</span> <span class='ocrx_word' id='word_1_269' title='bbox 1392 1925 1520 1961; x_wconf 87' lang='grc' dir='ltr'>ποτε</span> <span class='ocrx_word' id='word_1_270' title='bbox 1536 1909 1725 1979; x_wconf 88' lang='grc' dir='ltr'>χρόνον</span> <span class='ocrx_word' id='word_1_271' title='bbox 1739 1908 2055 1980; x_wconf 84' lang='grc' dir='ltr'>γενήσεσθαι</span> 
     </span>
    </p>
   </div>
   <div class='ocr_carea' id='block_1_35' title="bbox 2160 1904 3734 1987">
    <p class='ocr_par' dir='ltr' id='par_1_35' title="bbox 2234 1910 3734 1987">
     <span class='ocr_line' id='line_1_35' title="bbox 2234 1910 3734 1987; baseline 0 -17"><span class='ocrx_word' id='word_1_272' title='bbox 2234 1911 2396 1983; x_wconf 66' lang='grc'><strong>334</strong></span> <span class='ocrx_word' id='word_1_273' title='bbox 2424 1911 2579 1977; x_wconf 85' lang='lat' dir='ltr'><strong>Quod</strong></span> <span class='ocrx_word' id='word_1_274' title='bbox 2615 1912 2659 1966; x_wconf 88' lang='lat' dir='ltr'><strong>si</strong></span> <span class='ocrx_word' id='word_1_275' title='bbox 2694 1912 2856 1965; x_wconf 87' lang='lat' dir='ltr'><strong>etiam</strong></span> <span class='ocrx_word' id='word_1_276' title='bbox 2897 1927 3043 1966; x_wconf 90' lang='lat' dir='ltr'><strong>nunc</strong></span> <span class='ocrx_word' id='word_1_277' title='bbox 3070 1910 3277 1981; x_wconf 76' lang='lat' dir='ltr'><strong>Judaei,</strong></span> <span class='ocrx_word' id='word_1_278' title='bbox 3317 1914 3434 1972; x_wconf 63' lang='lat' dir='ltr'><strong>haec</strong></span> <span class='ocrx_word' id='word_1_279' title='bbox 3463 1915 3572 1973; x_wconf 90' lang='lat' dir='ltr'><strong>alio</strong></span> <span class='ocrx_word' id='word_1_280' title='bbox 3598 1930 3734 1987; x_wconf 85' lang='lat' dir='ltr'><strong>quo-</strong></span> 
     </span>
    </p>
   </div>
   <div class='ocr_carea' id='block_1_36' title="bbox 486 1995 2048 2073">
    <p class='ocr_par' dir='ltr' id='par_1_36' title="bbox 486 1995 2048 2073">
     <span class='ocr_line' id='line_1_36' title="bbox 486 1995 2048 2073; baseline 0.002 -20"><span class='ocrx_word' id='word_1_281' title='bbox 486 1995 657 2053; x_wconf 81' lang='grc' dir='ltr'>ταῦτα</span> <span class='ocrx_word' id='word_1_282' title='bbox 681 2001 728 2052; x_wconf 80' lang='grc' dir='ltr'>οἱ</span> <span class='ocrx_word' id='word_1_283' title='bbox 762 2001 827 2052; x_wconf 85' lang='grc' dir='ltr'>ὲκ</span> <span class='ocrx_word' id='word_1_284' title='bbox 848 2000 1144 2071; x_wconf 83' lang='grc' dir='ltr'>περιτομῆς</span> <span class='ocrx_word' id='word_1_285' title='bbox 1171 2000 1353 2068; x_wconf 72' lang='grc' dir='ltr'>φασὶν,</span> <span class='ocrx_word' id='word_1_286' title='bbox 1371 1999 1462 2052; x_wconf 73' lang='grc' dir='ltr'><strong>ἐπὶ</strong></span> <span class='ocrx_word' id='word_1_287' title='bbox 1487 2000 1581 2053; x_wconf 91' lang='grc' dir='ltr'><strong>τοῦ</strong></span> <span class='ocrx_word' id='word_1_288' title='bbox 1605 1999 2048 2073; x_wconf 83' lang='grc' dir='ltr'>προσδοκωμένου</span> 
     </span>
    </p>
   </div>
   <div class='ocr_carea' id='block_1_37' title="bbox 484 2090 2049 2165">
    <p class='ocr_par' dir='ltr' id='par_1_37' title="bbox 484 2090 2049 2165">
     <span class='ocr_line' id='line_1_37' title="bbox 484 2090 2049 2165; baseline 0.004 -21"><span class='ocrx_word' id='word_1_289' title='bbox 484 2090 670 2155; x_wconf 83' lang='grc' dir='ltr'>αὐτοῖς</span> <span class='ocrx_word' id='word_1_290' title='bbox 696 2092 953 2163; x_wconf 82' lang='grc' dir='ltr'>Χριστοῦ,</span> <span class='ocrx_word' id='word_1_291' title='bbox 990 2092 1169 2164; x_wconf 77' lang='grc' dir='ltr'>ῥητῶς</span> <span class='ocrx_word' id='word_1_292' title='bbox 1199 2093 1357 2164; x_wconf 89' lang='grc' dir='ltr'>μόνον</span> <span class='ocrx_word' id='word_1_293' title='bbox 1386 2094 1479 2148; x_wconf 78' lang='grc' dir='ltr'><strong>καὶ</strong></span> <span class='ocrx_word' id='word_1_294' title='bbox 1507 2095 1644 2165; x_wconf 84' lang='grc' dir='ltr'>πρὸς</span> <span class='ocrx_word' id='word_1_295' title='bbox 1669 2094 1813 2161; x_wconf 79' lang='grc' dir='ltr'>λέξιν</span> <span class='ocrx_word' id='word_1_296' title='bbox 1833 2096 2049 2150; x_wconf 76' lang='grc' dir='ltr'>ἔσεσθαι</span> 
     </span>
    </p>
   </div>
   <div class='ocr_carea' id='block_1_38' title="bbox 485 2181 2054 2258">
    <p class='ocr_par' dir='ltr' id='par_1_38' title="bbox 485 2181 2054 2258">
     <span class='ocr_line' id='line_1_38' title="bbox 485 2181 2054 2258; baseline 0.002 -21"><span class='ocrx_word' id='word_1_297' title='bbox 485 2181 625 2237; x_wconf 79' lang='grc' dir='ltr'>αὐτὰ</span> <span class='ocrx_word' id='word_1_298' title='bbox 676 2183 1110 2255; x_wconf 83' lang='grc' dir='ltr'>προσδεχόμενοι,</span> <span class='ocrx_word' id='word_1_299' title='bbox 1136 2185 1438 2256; x_wconf 84' lang='grc' dir='ltr'>ὲρωτητέον</span> <span class='ocrx_word' id='word_1_300' title='bbox 1471 2187 1689 2250; x_wconf 82' lang='grc' dir='ltr'>αὐτοὺς,</span> <span class='ocrx_word' id='word_1_301' title='bbox 1718 2186 1832 2250; x_wconf 75' lang='grc' dir='ltr'>πιῖις</span> <span class='ocrx_word' id='word_1_302' title='bbox 1869 2189 1897 2240; x_wconf 86' lang='grc' dir='ltr'><strong>ό</strong></span> <span class='ocrx_word' id='word_1_303' title='bbox 1927 2187 2054 2258; x_wconf 84' lang='grc' dir='ltr'>μέλ-</span> 
     </span>
    </p>
   </div>
   <div class='ocr_carea' id='block_1_39' title="bbox 484 2272 2048 2349">
    <p class='ocr_par' dir='ltr' id='par_1_39' title="bbox 484 2272 2048 2349">
     <span class='ocr_line' id='line_1_39' title="bbox 484 2272 2048 2349; baseline 0.003 -23"><span class='ocrx_word' id='word_1_304' title='bbox 484 2272 592 2327; x_wconf 87' lang='grc' dir='ltr'>λων</span> <span class='ocrx_word' id='word_1_305' title='bbox 619 2272 769 2343; x_wconf 79' lang='grc' dir='ltr'>ἦξειν</span> <span class='ocrx_word' id='word_1_306' title='bbox 804 2274 920 2329; x_wconf 87' lang='grc' dir='ltr'>κατ’</span> <span class='ocrx_word' id='word_1_307' title='bbox 952 2275 1146 2339; x_wconf 73' lang='grc' dir='ltr'>αὐτοὺς</span> <span class='ocrx_word' id='word_1_308' title='bbox 1178 2276 1404 2347; x_wconf 69' lang='grc' dir='ltr'>λήψεται</span> <span class='ocrx_word' id='word_1_309' title='bbox 1451 2276 1680 2347; x_wconf 87' lang='grc' dir='ltr'>δύναμιν</span> <span class='ocrx_word' id='word_1_310' title='bbox 1736 2277 2048 2349; x_wconf 83' lang='grc' dir='ltr'>Δαμασκοῦ,</span> 
     </span>
    </p>
   </div>
   <div class='ocr_carea' id='block_1_40' title="bbox 485 2367 2049 2442">
    <p class='ocr_par' dir='ltr' id='par_1_40' title="bbox 485 2367 2049 2442">
     <span class='ocr_line' id='line_1_40' title="bbox 485 2367 2049 2442; baseline 0.003 -22"><span class='ocrx_word' id='word_1_311' title='bbox 485 2369 580 2422; x_wconf 81' lang='grc' dir='ltr'><strong>καὶ</strong></span> <span class='ocrx_word' id='word_1_312' title='bbox 603 2367 672 2423; x_wconf 74' lang='grc' dir='ltr'>τὰ</span> <span class='ocrx_word' id='word_1_313' title='bbox 703 2369 873 2422; x_wconf 87' lang='grc' dir='ltr'>σκῦλα</span> <span class='ocrx_word' id='word_1_314' title='bbox 895 2369 1208 2441; x_wconf 79' lang='grc' dir='ltr'>Σαμαρείας</span> <span class='ocrx_word' id='word_1_315' title='bbox 1225 2370 1402 2424; x_wconf 77' lang='grc' dir='ltr'>ἔναντι</span> <span class='ocrx_word' id='word_1_316' title='bbox 1434 2369 1692 2440; x_wconf 84' lang='grc' dir='ltr'>βασιλέως</span> <span class='ocrx_word' id='word_1_317' title='bbox 1732 2371 2049 2442; x_wconf 82' lang='grc' dir='ltr'>Ἀσσυρίων,</span> 
     </span>
    </p>
   </div>
   <div class='ocr_carea' id='block_1_41' title="bbox 484 2460 2051 2534">
    <p class='ocr_par' dir='ltr' id='par_1_41' title="bbox 484 2460 2051 2534">
     <span class='ocr_line' id='line_1_41' title="bbox 484 2460 2051 2534; baseline 0.002 -21"><span class='ocrx_word' id='word_1_318' title='bbox 484 2460 875 2534; x_wconf 73' lang='grc' dir='ltr'>καθῃρημένης</span> <span class='ocrx_word' id='word_1_319' title='bbox 910 2461 1008 2533; x_wconf 85' lang='grc' dir='ltr'>μὲν</span> <span class='ocrx_word' id='word_1_320' title='bbox 1040 2461 1140 2532; x_wconf 69' lang='grc' dir='ltr'>ἤδη</span> <span class='ocrx_word' id='word_1_321' title='bbox 1187 2464 1284 2533; x_wconf 82' lang='grc' dir='ltr'>τῆς</span> <span class='ocrx_word' id='word_1_322' title='bbox 1318 2462 1627 2534; x_wconf 81' lang='grc' dir='ltr'>Σαμαρείας</span> <span class='ocrx_word' id='word_1_323' title='bbox 1652 2462 1795 2516; x_wconf 82' lang='grc' dir='ltr'>κατὰ</span> <span class='ocrx_word' id='word_1_324' title='bbox 1826 2462 1918 2517; x_wconf 83' lang='grc' dir='ltr'><strong>τὸν</strong></span> <span class='ocrx_word' id='word_1_325' title='bbox 1944 2481 2051 2516; x_wconf 89' lang='grc' dir='ltr'>πα-</span> 
     </span>
    </p>
   </div>
   <div class='ocr_carea' id='block_1_42' title="bbox 487 2553 2054 2627">
    <p class='ocr_par' dir='ltr' id='par_1_42' title="bbox 487 2553 2054 2627">
     <span class='ocr_line' id='line_1_42' title="bbox 487 2553 2054 2627; baseline 0.002 -21"><span class='ocrx_word' id='word_1_326' title='bbox 487 2553 652 2625; x_wconf 84' lang='grc' dir='ltr'>ρόντα</span> <span class='ocrx_word' id='word_1_327' title='bbox 692 2553 904 2625; x_wconf 79' lang='grc' dir='ltr'>καιρὸν,</span> <span class='ocrx_word' id='word_1_328' title='bbox 956 2555 1050 2608; x_wconf 78' lang='grc' dir='ltr'>καὶ</span> <span class='ocrx_word' id='word_1_329' title='bbox 1090 2553 1285 2625; x_wconf 80' lang='grc' dir='ltr'>μηκέτι</span> <span class='ocrx_word' id='word_1_330' title='bbox 1313 2554 1498 2627; x_wconf 75' lang='grc' dir='ltr'>οὔσης,</span> <span class='ocrx_word' id='word_1_331' title='bbox 1533 2554 1669 2609; x_wconf 82' lang='grc' dir='ltr'>ἀλλὰ</span> <span class='ocrx_word' id='word_1_332' title='bbox 1706 2556 1917 2627; x_wconf 75' lang='grc' dir='ltr'>καὶτῆς</span> <span class='ocrx_word' id='word_1_333' title='bbox 1939 2557 2054 2609; x_wconf 85' lang='grc' dir='ltr'>ὀνο-</span> 
     </span>
    </p>
   </div>
   <div class='ocr_carea' id='block_1_43' title="bbox 486 2647 2055 2723">
    <p class='ocr_par' dir='ltr' id='par_1_43' title="bbox 486 2647 2055 2723">
     <span class='ocr_line' id='line_1_43' title="bbox 486 2647 2055 2723; baseline 0.002 -22"><span class='ocrx_word' id='word_1_334' title='bbox 486 2647 802 2720; x_wconf 79' lang='grc' dir='ltr'>μαζομένης</span> <span class='ocrx_word' id='word_1_335' title='bbox 847 2648 1128 2719; x_wconf 81' lang='grc' dir='ltr'>δυνάμεως</span> <span class='ocrx_word' id='word_1_336' title='bbox 1170 2648 1460 2720; x_wconf 86' lang='grc' dir='ltr'>Δαμασκοῦ</span> <span class='ocrx_word' id='word_1_337' title='bbox 1495 2649 1758 2720; x_wconf 88' lang='grc' dir='ltr'>μηδαμῶς</span> <span class='ocrx_word' id='word_1_338' title='bbox 1779 2651 2055 2723; x_wconf 85' lang='grc' dir='ltr'>ὑπαρχού-</span> 
     </span>
    </p>
   </div>
   <div class='ocr_carea' id='block_1_44' title="bbox 486 2738 2052 2814">
    <p class='ocr_par' dir='ltr' id='par_1_44' title="bbox 486 2738 2052 2814">
     <span class='ocr_line' id='line_1_44' title="bbox 486 2738 2052 2814; baseline 0.001 -21"><span class='ocrx_word' id='word_1_339' title='bbox 486 2757 611 2810; x_wconf 79' lang='grc' dir='ltr'>σης,</span> <span class='ocrx_word' id='word_1_340' title='bbox 642 2740 776 2810; x_wconf 83' lang='grc' dir='ltr'>μηδὲ</span> <span class='ocrx_word' id='word_1_341' title='bbox 803 2739 901 2810; x_wconf 82' lang='grc' dir='ltr'><strong>τῆς</strong></span> <span class='ocrx_word' id='word_1_342' title='bbox 932 2738 1039 2793; x_wconf 89' lang='grc' dir='ltr'><strong>τῶν</strong></span> <span class='ocrx_word' id='word_1_343' title='bbox 1081 2741 1377 2812; x_wconf 79' lang='grc' dir='ltr'>Ἀσσυρίων</span> <span class='ocrx_word' id='word_1_344' title='bbox 1398 2741 1735 2808; x_wconf 84' lang='grc' dir='ltr'>δυναστείας,</span> <span class='ocrx_word' id='word_1_345' title='bbox 1775 2743 1842 2814; x_wconf 81' lang='grc' dir='ltr'>ἢν</span> <span class='ocrx_word' id='word_1_346' title='bbox 1878 2743 2052 2814; x_wconf 83' lang='grc' dir='ltr'>Μῆδοι</span> 
     </span>
    </p>
   </div>
   <div class='ocr_carea' id='block_1_45' title="bbox 485 2827 2052 2903">
    <p class='ocr_par' dir='ltr' id='par_1_45' title="bbox 485 2827 2052 2903">
     <span class='ocr_line' id='line_1_45' title="bbox 485 2827 2052 2903; baseline 0.003 -19"><span class='ocrx_word' id='word_1_347' title='bbox 485 2831 583 2885; x_wconf 80' lang='grc' dir='ltr'>καὶ</span> <span class='ocrx_word' id='word_1_348' title='bbox 631 2831 838 2903; x_wconf 82' lang='grc' dir='ltr'>Πέρσαι</span> <span class='ocrx_word' id='word_1_349' title='bbox 896 2832 1214 2897; x_wconf 87' lang='grc' dir='ltr'>καθελόντες</span> <span class='ocrx_word' id='word_1_350' title='bbox 1248 2832 1414 2887; x_wconf 86' lang='grc' dir='ltr'>πάλαι</span> <span class='ocrx_word' id='word_1_351' title='bbox 1447 2833 1577 2887; x_wconf 81' lang='grc' dir='ltr'>ποτὲ</span> <span class='ocrx_word' id='word_1_352' title='bbox 1609 2833 1909 2900; x_wconf 78' lang='grc' dir='ltr'>διεδέξαντο</span> <span class='ocrx_word' id='word_1_353' title='bbox 1934 2850 1948 2898; x_wconf 88' lang='grc'><strong>;</strong></span> <span class='ocrx_word' id='word_1_354' title='bbox 1977 2827 2052 2891; x_wconf 84' lang='grc' dir='ltr'>ὧν</span> 
     </span>
    </p>
   </div>
   <div class='ocr_carea' id='block_1_46' title="bbox 483 2920 2052 2997">
    <p class='ocr_par' dir='ltr' id='par_1_46' title="bbox 483 2920 2052 2997">
     <span class='ocr_line' id='line_1_46' title="bbox 483 2920 2052 2997; baseline 0.001 -21"><span class='ocrx_word' id='word_1_355' title='bbox 483 2920 622 2994; x_wconf 75' lang='grc' dir='ltr'>ὁμοῦ</span> <span class='ocrx_word' id='word_1_356' title='bbox 669 2923 886 2977; x_wconf 85' lang='grc' dir='ltr'>πάντων</span> <span class='ocrx_word' id='word_1_357' title='bbox 908 2964 911 2967; x_wconf 88' lang='grc'><strong>-</strong></span> <span class='ocrx_word' id='word_1_358' title='bbox 935 2923 1075 2977; x_wconf 82' lang='grc' dir='ltr'>κατὰ</span> <span class='ocrx_word' id='word_1_359' title='bbox 1107 2925 1197 2979; x_wconf 83' lang='grc' dir='ltr'><strong>τὸν</strong></span> <span class='ocrx_word' id='word_1_360' title='bbox 1244 2922 1518 2979; x_wconf 79' lang='grc' dir='ltr'>ἐνεστῶτα</span> <span class='ocrx_word' id='word_1_361' title='bbox 1565 2925 1753 2995; x_wconf 86' lang='grc' dir='ltr'>καιρὸν</span> <span class='ocrx_word' id='word_1_362' title='bbox 1776 2924 1914 2995; x_wconf 83' lang='grc' dir='ltr'>μηδὲ</span> <span class='ocrx_word' id='word_1_363' title='bbox 1954 2925 2052 2997; x_wconf 81' lang='grc' dir='ltr'>τὴν</span> 
     </span>
    </p>
   </div>
   <div class='ocr_carea' id='block_1_47' title="bbox 485 3013 2052 3086">
    <p class='ocr_par' dir='ltr' id='par_1_47' title="bbox 485 3013 2052 3086">
     <span class='ocr_line' id='line_1_47' title="bbox 485 3013 2052 3086; baseline 0 -18"><span class='ocrx_word' id='word_1_364' title='bbox 485 3014 659 3085; x_wconf 80' lang='grc' dir='ltr'>ἀρχὴν</span> <span class='ocrx_word' id='word_1_365' title='bbox 690 3013 1031 3085; x_wconf 77' lang='grc' dir='ltr'>ὑφεστώτων,</span> <span class='ocrx_word' id='word_1_366' title='bbox 1059 3015 1173 3080; x_wconf 89' lang='grc' dir='ltr'><strong>πῶς</strong></span> <span class='ocrx_word' id='word_1_367' title='bbox 1200 3015 1422 3070; x_wconf 83' lang='grc' dir='ltr'>δυνατὸν</span> <span class='ocrx_word' id='word_1_368' title='bbox 1464 3017 1544 3079; x_wconf 86' lang='grc' dir='ltr'><strong>είς</strong></span> <span class='ocrx_word' id='word_1_369' title='bbox 1574 3014 1835 3086; x_wconf 80' lang='grc' dir='ltr'>μέλλοντα</span> <span class='ocrx_word' id='word_1_370' title='bbox 1865 3015 2052 3086; x_wconf 87' lang='grc' dir='ltr'>χρόνον</span> 
     </span>
    </p>
   </div>
   <div class='ocr_carea' id='block_1_48' title="bbox 485 3105 2052 3180">
    <p class='ocr_par' dir='ltr' id='par_1_48' title="bbox 485 3105 2052 3180">
     <span class='ocr_line' id='line_1_48' title="bbox 485 3105 2052 3180; baseline 0.002 -21"><span class='ocrx_word' id='word_1_371' title='bbox 485 3105 588 3177; x_wconf 84' lang='grc' dir='ltr'><strong>τὴν</strong></span> <span class='ocrx_word' id='word_1_372' title='bbox 621 3105 936 3178; x_wconf 84' lang='grc' dir='ltr'>καθαίρεσιν</span> <span class='ocrx_word' id='word_1_373' title='bbox 958 3107 1135 3164; x_wconf 73' lang='grc' dir='ltr'>αὐτῶν</span> <span class='ocrx_word' id='word_1_374' title='bbox 1172 3106 1508 3180; x_wconf 80' lang='grc' dir='ltr'>προσδοκᾷν;</span> <span class='ocrx_word' id='word_1_375' title='bbox 1550 3107 1686 3160; x_wconf 84' lang='grc' dir='ltr'>Ἀλλ’</span> <span class='ocrx_word' id='word_1_376' title='bbox 1714 3106 1836 3161; x_wconf 73' lang='grc' dir='ltr'>οὔτε</span> <span class='ocrx_word' id='word_1_377' title='bbox 1865 3107 2052 3162; x_wconf 78' lang='grc' dir='ltr'>ἄλλοτε</span> 
     </span>
    </p>
   </div>
   <div class='ocr_carea' id='block_1_49' title="bbox 488 3194 2055 3271">
    <p class='ocr_par' dir='ltr' id='par_1_49' title="bbox 488 3194 2055 3271">
     <span class='ocr_line' id='line_1_49' title="bbox 488 3194 2055 3271; baseline 0.001 -20"><span class='ocrx_word' id='word_1_378' title='bbox 488 3194 705 3251; x_wconf 73' lang='grc' dir='ltr'>πιὶιποτε</span> <span class='ocrx_word' id='word_1_379' title='bbox 743 3197 909 3251; x_wconf 84' lang='grc' dir='ltr'>πάλαι</span> <span class='ocrx_word' id='word_1_380' title='bbox 962 3199 1223 3270; x_wconf 87' lang='grc' dir='ltr'>πρότερον</span> <span class='ocrx_word' id='word_1_381' title='bbox 1269 3199 1589 3270; x_wconf 85' lang='grc' dir='ltr'>γεγενῆσθαι</span> <span class='ocrx_word' id='word_1_382' title='bbox 1623 3200 1690 3253; x_wconf 83' lang='grc' dir='ltr'>τὰ</span> <span class='ocrx_word' id='word_1_383' title='bbox 1719 3200 2055 3271; x_wconf 85' lang='grc' dir='ltr'>προφητευό-</span> 
     </span>
    </p>
   </div>
   <div class='ocr_carea' id='block_1_50' title="bbox 2157 2002 3733 2076">
    <p class='ocr_par' dir='ltr' id='par_1_50' title="bbox 2157 2002 3733 2076">
     <span class='ocr_line' id='line_1_50' title="bbox 2157 2002 3733 2076; baseline 0.002 -17"><span class='ocrx_word' id='word_1_384' title='bbox 2157 2005 2280 2060; x_wconf 86' lang='lat' dir='ltr'><strong>dam</strong></span> <span class='ocrx_word' id='word_1_385' title='bbox 2329 2014 2572 2074; x_wconf 85' lang='lat' dir='ltr'><strong>tempore</strong></span> <span class='ocrx_word' id='word_1_386' title='bbox 2611 2002 2794 2057; x_wconf 80' lang='lat' dir='ltr'><strong>futura</strong></span> <span class='ocrx_word' id='word_1_387' title='bbox 2838 2019 2960 2059; x_wconf 89' lang='lat' dir='ltr'><strong>esse</strong></span> <span class='ocrx_word' id='word_1_388' title='bbox 2998 2005 3210 2068; x_wconf 87' lang='lat' dir='ltr'><strong>dicant,</strong></span> <span class='ocrx_word' id='word_1_389' title='bbox 3267 2014 3452 2076; x_wconf 88' lang='lat' dir='ltr'><strong>utpote</strong></span> <span class='ocrx_word' id='word_1_390' title='bbox 3501 2023 3626 2062; x_wconf 90' lang='lat' dir='ltr'><strong>cum</strong></span> <span class='ocrx_word' id='word_1_391' title='bbox 3668 2024 3733 2062; x_wconf 82' lang='lat' dir='ltr'><strong>ea</strong></span> 
     </span>
    </p>
   </div>
   <div class='ocr_carea' id='block_1_51' title="bbox 2159 2095 3730 2167">
    <p class='ocr_par' dir='ltr' id='par_1_51' title="bbox 2159 2095 3730 2167">
     <span class='ocr_line' id='line_1_51' title="bbox 2159 2095 3730 2167; baseline 0.001 -14"><span class='ocrx_word' id='word_1_392' title='bbox 2159 2114 2225 2153; x_wconf 82' lang='lat' dir='ltr'><strong>ex</strong></span> <span class='ocrx_word' id='word_1_393' title='bbox 2271 2096 2477 2165; x_wconf 90' lang='lat' dir='ltr'><strong>scripto</strong></span> <span class='ocrx_word' id='word_1_394' title='bbox 2521 2095 2820 2159; x_wconf 80' lang='lat' dir='ltr'><strong>duntaxat,</strong></span> <span class='ocrx_word' id='word_1_395' title='bbox 2875 2104 3036 2167; x_wconf 87' lang='lat' dir='ltr'><strong>atque</strong></span> <span class='ocrx_word' id='word_1_396' title='bbox 3085 2098 3150 2152; x_wconf 88' lang='lat' dir='ltr'><strong>ad</strong></span> <span class='ocrx_word' id='word_1_397' title='bbox 3203 2098 3464 2162; x_wconf 86' lang='lat' dir='ltr'><strong>verbum,</strong></span> <span class='ocrx_word' id='word_1_398' title='bbox 3512 2099 3581 2155; x_wconf 90' lang='lat' dir='ltr'><strong>de</strong></span> <span class='ocrx_word' id='word_1_399' title='bbox 3630 2116 3730 2164; x_wconf 83' lang='lat' dir='ltr'><strong>eo,</strong></span> 
     </span>
    </p>
   </div>
   <div class='ocr_carea' id='block_1_52' title="bbox 2158 2185 3737 2261">
    <p class='ocr_par' dir='ltr' id='par_1_52' title="bbox 2158 2185 3737 2261">
     <span class='ocr_line' id='line_1_52' title="bbox 2158 2185 3737 2261; baseline 0.001 -20"><span class='ocrx_word' id='word_1_400' title='bbox 2158 2188 2251 2257; x_wconf 86' lang='lat' dir='ltr'><strong>qui</strong></span> <span class='ocrx_word' id='word_1_401' title='bbox 2294 2186 2364 2242; x_wconf 88' lang='lat' dir='ltr'><strong>ab</strong></span> <span class='ocrx_word' id='word_1_402' title='bbox 2408 2186 2543 2257; x_wconf 88' lang='lat' dir='ltr'><strong>ipsis</strong></span> <span class='ocrx_word' id='word_1_403' title='bbox 2586 2185 2763 2241; x_wconf 88' lang='lat' dir='ltr'><strong>adhuc</strong></span> <span class='ocrx_word' id='word_1_404' title='bbox 2806 2195 3172 2257; x_wconf 82' lang='lat' dir='ltr'><strong>exspectatur,</strong></span> <span class='ocrx_word' id='word_1_405' title='bbox 3228 2188 3445 2246; x_wconf 86' lang='lat' dir='ltr'><strong>Christo</strong></span> <span class='ocrx_word' id='word_1_406' title='bbox 3486 2191 3737 2261; x_wconf 89' lang='lat' dir='ltr'><strong>accipere</strong></span> 
     </span>
    </p>
   </div>
   <div class='ocr_carea' id='block_1_53' title="bbox 2161 2279 3734 2353">
    <p class='ocr_par' dir='ltr' id='par_1_53' title="bbox 2161 2279 3734 2353">
     <span class='ocr_line' id='line_1_53' title="bbox 2161 2279 3734 2353; baseline 0.002 -17"><span class='ocrx_word' id='word_1_407' title='bbox 2161 2281 2406 2343; x_wconf 84' lang='lat' dir='ltr'><strong>soleant,</strong></span> <span class='ocrx_word' id='word_1_408' title='bbox 2452 2279 2826 2350; x_wconf 77' lang='lat' dir='ltr'><strong>interrogandi</strong></span> <span class='ocrx_word' id='word_1_409' title='bbox 2848 2290 2975 2335; x_wconf 90' lang='lat' dir='ltr'><strong>sunt</strong></span> <span class='ocrx_word' id='word_1_410' title='bbox 2998 2282 3284 2351; x_wconf 89' lang='lat' dir='ltr'><strong>protinus,</strong></span> <span class='ocrx_word' id='word_1_411' title='bbox 3319 2282 3592 2351; x_wconf 82' lang='lat' dir='ltr'><strong>quomodo</strong></span> <span class='ocrx_word' id='word_1_412' title='bbox 3639 2285 3734 2353; x_wconf 79' lang='lat' dir='ltr'><strong>qui</strong></span> 
     </span>
    </p>
   </div>
   <div class='ocr_carea' id='block_1_54' title="bbox 2161 2372 3733 2443">
    <p class='ocr_par' dir='ltr' id='par_1_54' title="bbox 2161 2372 3733 2443">
     <span class='ocr_line' id='line_1_54' title="bbox 2161 2372 3733 2443; baseline 0.003 -18"><span class='ocrx_word' id='word_1_413' title='bbox 2161 2381 2424 2428; x_wconf 81' lang='lat' dir='ltr'><strong>venturus</strong></span> <span class='ocrx_word' id='word_1_414' title='bbox 2470 2382 2586 2436; x_wconf 89' lang='lat' dir='ltr'><strong>est,</strong></span> <span class='ocrx_word' id='word_1_415' title='bbox 2619 2379 2679 2425; x_wconf 90' lang='lat' dir='ltr'><strong>ut</strong></span> <span class='ocrx_word' id='word_1_416' title='bbox 2709 2372 2812 2441; x_wconf 88' lang='lat' dir='ltr'><strong>ipsi</strong></span> <span class='ocrx_word' id='word_1_417' title='bbox 2846 2373 3029 2436; x_wconf 88' lang='lat' dir='ltr'><strong>aiunt,</strong></span> <span class='ocrx_word' id='word_1_418' title='bbox 3074 2383 3395 2443; x_wconf 89' lang='lat' dir='ltr'><strong>potestatem</strong></span> <span class='ocrx_word' id='word_1_419' title='bbox 3442 2373 3733 2441; x_wconf 81' lang='lat' dir='ltr'><strong>Damasci,</strong></span> 
     </span>
    </p>
   </div>
   <div class='ocr_carea' id='block_1_55' title="bbox 2158 2461 3737 2536">
    <p class='ocr_par' dir='ltr' id='par_1_55' title="bbox 2158 2461 3737 2536">
     <span class='ocr_line' id='line_1_55' title="bbox 2158 2461 3737 2536; baseline 0.001 -18"><span class='ocrx_word' id='word_1_420' title='bbox 2158 2472 2211 2519; x_wconf 91' lang='lat' dir='ltr'><strong>et</strong></span> <span class='ocrx_word' id='word_1_421' title='bbox 2261 2463 2436 2533; x_wconf 91' lang='lat' dir='ltr'><strong>spolia</strong></span> <span class='ocrx_word' id='word_1_422' title='bbox 2487 2461 2749 2517; x_wconf 54' lang='lat' dir='ltr'><strong>Samaria»</strong></span> <span class='ocrx_word' id='word_1_423' title='bbox 2795 2463 3025 2533; x_wconf 88' lang='lat' dir='ltr'><strong>accipiet</strong></span> <span class='ocrx_word' id='word_1_424' title='bbox 3068 2479 3255 2519; x_wconf 87' lang='lat' dir='ltr'><strong>coram</strong></span> <span class='ocrx_word' id='word_1_425' title='bbox 3306 2481 3431 2535; x_wconf 81' lang='lat' dir='ltr'><strong>rege</strong></span> <span class='ocrx_word' id='word_1_426' title='bbox 3482 2466 3737 2536; x_wconf 81' lang='lat' dir='ltr'><strong>Assyrio-</strong></span> 
     </span>
    </p>
   </div>
   <div class='ocr_carea' id='block_1_56' title="bbox 2160 2555 3731 2626">
    <p class='ocr_par' dir='ltr' id='par_1_56' title="bbox 2160 2555 3731 2626">
     <span class='ocr_line' id='line_1_56' title="bbox 2160 2555 3731 2626; baseline 0.002 -16"><span class='ocrx_word' id='word_1_427' title='bbox 2160 2572 2302 2622; x_wconf 84' lang='lat' dir='ltr'><strong>rum,</strong></span> <span class='ocrx_word' id='word_1_428' title='bbox 2333 2571 2455 2611; x_wconf 90' lang='lat' dir='ltr'><strong>cum</strong></span> <span class='ocrx_word' id='word_1_429' title='bbox 2497 2556 2551 2609; x_wconf 89' lang='lat' dir='ltr'><strong>in</strong></span> <span class='ocrx_word' id='word_1_430' title='bbox 2575 2555 2828 2625; x_wconf 61' lang='lat' dir='ltr'><strong>praesenti</strong></span> <span class='ocrx_word' id='word_1_431' title='bbox 2850 2562 3094 2626; x_wconf 86' lang='lat' dir='ltr'><strong>tempore</strong></span> <span class='ocrx_word' id='word_1_432' title='bbox 3123 2555 3368 2611; x_wconf 83' lang='lat' dir='ltr'><strong>Samaria</strong></span> <span class='ocrx_word' id='word_1_433' title='bbox 3393 2557 3605 2613; x_wconf 80' lang='lat' dir='ltr'><strong>sublata</strong></span> <span class='ocrx_word' id='word_1_434' title='bbox 3630 2558 3731 2621; x_wconf 86' lang='lat' dir='ltr'><strong>sit,</strong></span> 
     </span>
    </p>
   </div>
   <div class='ocr_carea' id='block_1_57' title="bbox 2158 2644 3735 2715">
    <p class='ocr_par' dir='ltr' id='par_1_57' title="bbox 2158 2644 3735 2715">
     <span class='ocr_line' id='line_1_57' title="bbox 2158 2644 3735 2715; baseline 0.001 -16"><span class='ocrx_word' id='word_1_435' title='bbox 2158 2659 2336 2715; x_wconf 89' lang='lat' dir='ltr'><strong>neque</strong></span> <span class='ocrx_word' id='word_1_436' title='bbox 2380 2644 2615 2715; x_wconf 89' lang='lat' dir='ltr'><strong>amplius</strong></span> <span class='ocrx_word' id='word_1_437' title='bbox 2659 2644 2917 2707; x_wconf 79' lang='lat' dir='ltr'><strong>exsistat,</strong></span> <span class='ocrx_word' id='word_1_438' title='bbox 2961 2652 3016 2699; x_wconf 89' lang='lat' dir='ltr'><strong>et</strong></span> <span class='ocrx_word' id='word_1_439' title='bbox 3072 2660 3132 2700; x_wconf 87' lang='lat' dir='ltr'><strong>ea</strong></span> <span class='ocrx_word' id='word_1_440' title='bbox 3185 2660 3307 2715; x_wconf 77' lang='lat' dir='ltr'><strong>quae</strong></span> <span class='ocrx_word' id='word_1_441' title='bbox 3362 2653 3602 2715; x_wconf 83' lang='lat' dir='ltr'><strong>potestas</strong></span> <span class='ocrx_word' id='word_1_442' title='bbox 3628 2645 3735 2701; x_wconf 85' lang='lat' dir='ltr'><strong>Da-</strong></span> 
     </span>
    </p>
   </div>
   <div class='ocr_carea' id='block_1_58' title="bbox 2160 2735 3733 2809">
    <p class='ocr_par' dir='ltr' id='par_1_58' title="bbox 2160 2735 3733 2809">
     <span class='ocr_line' id='line_1_58' title="bbox 2160 2735 3733 2809; baseline 0.001 -18"><span class='ocrx_word' id='word_1_443' title='bbox 2160 2736 2330 2791; x_wconf 87' lang='lat' dir='ltr'><strong>masci</strong></span> <span class='ocrx_word' id='word_1_444' title='bbox 2370 2735 2708 2802; x_wconf 87' lang='lat' dir='ltr'><strong>nominatur,</strong></span> <span class='ocrx_word' id='word_1_445' title='bbox 2756 2741 3024 2807; x_wconf 83' lang='lat' dir='ltr'><strong>nusquam</strong></span> <span class='ocrx_word' id='word_1_446' title='bbox 3065 2747 3354 2808; x_wconf 88' lang='lat' dir='ltr'><strong>appareat,</strong></span> <span class='ocrx_word' id='word_1_447' title='bbox 3399 2753 3578 2809; x_wconf 87' lang='lat' dir='ltr'><strong>neque</strong></span> <span class='ocrx_word' id='word_1_448' title='bbox 3606 2740 3733 2796; x_wconf 86' lang='lat' dir='ltr'><strong>item</strong></span> 
     </span>
    </p>
   </div>
   <div class='ocr_carea' id='block_1_59' title="bbox 2159 2828 3735 2900">
    <p class='ocr_par' dir='ltr' id='par_1_59' title="bbox 2159 2828 3735 2900">
     <span class='ocr_line' id='line_1_59' title="bbox 2159 2828 3735 2900; baseline 0.001 -16"><span class='ocrx_word' id='word_1_449' title='bbox 2159 2828 2399 2898; x_wconf 88' lang='lat' dir='ltr'><strong>potentia</strong></span> <span class='ocrx_word' id='word_1_450' title='bbox 2447 2829 2825 2898; x_wconf 81' lang='lat' dir='ltr'><strong>Assyriorum,</strong></span> <span class='ocrx_word' id='word_1_451' title='bbox 2859 2830 3020 2898; x_wconf 88' lang='lat' dir='ltr'><strong>quam</strong></span> <span class='ocrx_word' id='word_1_452' title='bbox 3068 2830 3285 2900; x_wconf 88' lang='lat' dir='ltr'><strong>quidem</strong></span> <span class='ocrx_word' id='word_1_453' title='bbox 3332 2845 3454 2884; x_wconf 91' lang='lat' dir='ltr'><strong>cum</strong></span> <span class='ocrx_word' id='word_1_454' title='bbox 3491 2829 3630 2885; x_wconf 76' lang='lat' dir='ltr'><strong>Medi</strong></span> <span class='ocrx_word' id='word_1_455' title='bbox 3671 2847 3735 2886; x_wconf 84' lang='lat' dir='ltr'><strong>ac</strong></span> 
     </span>
    </p>
   </div>
   <div class='ocr_carea' id='block_1_60' title="bbox 2159 2920 3735 2993">
    <p class='ocr_par' dir='ltr' id='par_1_60' title="bbox 2159 2920 3735 2993">
     <span class='ocr_line' id='line_1_60' title="bbox 2159 2920 3735 2993; baseline 0.003 -19"><span class='ocrx_word' id='word_1_456' title='bbox 2159 2920 2341 2975; x_wconf 66' lang='lat' dir='ltr'><strong>Persae</strong></span> <span class='ocrx_word' id='word_1_457' title='bbox 2384 2920 2741 2984; x_wconf 84' lang='lat' dir='ltr'><strong>evertissent,</strong></span> <span class='ocrx_word' id='word_1_458' title='bbox 2791 2920 2843 2974; x_wconf 89' lang='lat' dir='ltr'><strong>in</strong></span> <span class='ocrx_word' id='word_1_459' title='bbox 2876 2920 2997 2988; x_wconf 81' lang='lat' dir='ltr'><strong>ejus</strong></span> <span class='ocrx_word' id='word_1_460' title='bbox 3030 2920 3211 2976; x_wconf 88' lang='lat' dir='ltr'><strong>locum</strong></span> <span class='ocrx_word' id='word_1_461' title='bbox 3243 2922 3568 2993; x_wconf 82' lang='lat' dir='ltr'><strong>jampridem</strong></span> <span class='ocrx_word' id='word_1_462' title='bbox 3607 2937 3735 2978; x_wconf 86' lang='lat' dir='ltr'><strong>suc—</strong></span> 
     </span>
    </p>
   </div>
   <div class='ocr_carea' id='block_1_61' title="bbox 2160 3011 3732 3083">
    <p class='ocr_par' dir='ltr' id='par_1_61' title="bbox 2160 3011 3732 3083">
     <span class='ocr_line' id='line_1_61' title="bbox 2160 3011 3732 3083; baseline -0.001 -14"><span class='ocrx_word' id='word_1_463' title='bbox 2160 3012 2490 3069; x_wconf 80' lang='lat' dir='ltr'><strong>cesserunt?</strong></span> <span class='ocrx_word' id='word_1_464' title='bbox 2523 3026 2647 3082; x_wconf 83' lang='lat' dir='ltr'><strong>quae</strong></span> <span class='ocrx_word' id='word_1_465' title='bbox 2696 3011 2859 3067; x_wconf 89' lang='lat' dir='ltr'><strong>simul</strong></span> <span class='ocrx_word' id='word_1_466' title='bbox 2910 3013 3092 3066; x_wconf 83' lang='lat' dir='ltr'><strong>omnia</strong></span> <span class='ocrx_word' id='word_1_467' title='bbox 3143 3028 3266 3066; x_wconf 91' lang='lat' dir='ltr'><strong>cum</strong></span> <span class='ocrx_word' id='word_1_468' title='bbox 3319 3012 3404 3068; x_wconf 90' lang='lat' dir='ltr'><strong>sui</strong></span> <span class='ocrx_word' id='word_1_469' title='bbox 3452 3013 3732 3083; x_wconf 90' lang='lat' dir='ltr'><strong>ipsorum,</strong></span> 
     </span>
    </p>
   </div>
   <div class='ocr_carea' id='block_1_62' title="bbox 2159 3105 3734 3175">
    <p class='ocr_par' dir='ltr' id='par_1_62' title="bbox 2159 3105 3734 3175">
     <span class='ocr_line' id='line_1_62' title="bbox 2159 3105 3734 3175; baseline 0 -15"><span class='ocrx_word' id='word_1_470' title='bbox 2159 3106 2265 3161; x_wconf 90' lang='lat' dir='ltr'><strong>hoc</strong></span> <span class='ocrx_word' id='word_1_471' title='bbox 2313 3105 2432 3175; x_wconf 92' lang='lat' dir='ltr'><strong>ipso</strong></span> <span class='ocrx_word' id='word_1_472' title='bbox 2489 3112 2731 3175; x_wconf 89' lang='lat' dir='ltr'><strong>tempore</strong></span> <span class='ocrx_word' id='word_1_473' title='bbox 2785 3105 2873 3159; x_wconf 87' lang='lat' dir='ltr'><strong>vix</strong></span> <span class='ocrx_word' id='word_1_474' title='bbox 2927 3105 3185 3175; x_wconf 80' lang='lat' dir='ltr'><strong>exiguum</strong></span> <span class='ocrx_word' id='word_1_475' title='bbox 3241 3106 3511 3175; x_wconf 86' lang='lat' dir='ltr'><strong>quoddam</strong></span> <span class='ocrx_word' id='word_1_476' title='bbox 3565 3107 3734 3163; x_wconf 83' lang='lat' dir='ltr'><strong>vesti—</strong></span> 
     </span>
    </p>
   </div>
   <div class='ocr_carea' id='block_1_63' title="bbox 2161 3196 3734 3270">
    <p class='ocr_par' dir='ltr' id='par_1_63' title="bbox 2161 3196 3734 3270">
     <span class='ocr_line' id='line_1_63' title="bbox 2161 3196 3734 3270; baseline 0.001 -18"><span class='ocrx_word' id='word_1_477' title='bbox 2161 3199 2307 3270; x_wconf 78' lang='lat' dir='ltr'><strong>gium</strong></span> <span class='ocrx_word' id='word_1_478' title='bbox 2360 3196 2764 3261; x_wconf 87' lang='lat' dir='ltr'><strong>demonstrent,</strong></span> <span class='ocrx_word' id='word_1_479' title='bbox 2815 3211 2925 3266; x_wconf 92' lang='lat' dir='ltr'><strong>quo</strong></span> <span class='ocrx_word' id='word_1_480' title='bbox 2973 3198 3363 3267; x_wconf 13' lang='lat' dir='ltr'><strong>possimus‘ea</strong></span> <span class='ocrx_word' id='word_1_481' title='bbox 3415 3198 3582 3255; x_wconf 79' lang='lat' dir='ltr'><strong>fuisse</strong></span> <span class='ocrx_word' id='word_1_482' title='bbox 3633 3202 3734 3255; x_wconf 85' lang='lat' dir='ltr'><strong>ali-</strong></span> 
     </span>
    </p>
   </div>
   <div class='ocr_carea' id='block_1_64' title="bbox 489 3288 2055 3365">
    <p class='ocr_par' dir='ltr' id='par_1_64' title="bbox 489 3291 2055 3365">
     <span class='ocr_line' id='line_1_64' title="bbox 489 3291 2055 3365; baseline -0.002 -17"><span class='ocrx_word' id='word_1_483' title='bbox 489 3293 627 3365; x_wconf 81' lang='grc' dir='ltr'>μενά</span> <span class='ocrx_word' id='word_1_484' title='bbox 663 3296 810 3347; x_wconf 75' lang='grc' dir='ltr'>ἐστιν</span> <span class='ocrx_word' id='word_1_485' title='bbox 844 3294 1037 3346; x_wconf 76' lang='grc' dir='ltr'>εἰπεῖν.</span> <span class='ocrx_word' id='word_1_486' title='bbox 1085 3292 1272 3356; x_wconf 71' lang='grc' dir='ltr'>Οὐδεὶς</span> <span class='ocrx_word' id='word_1_487' title='bbox 1315 3291 1443 3360; x_wconf 84' lang='grc' dir='ltr'>γοῦν</span> <span class='ocrx_word' id='word_1_488' title='bbox 1466 3293 1594 3363; x_wconf 79' lang='grc' dir='ltr'>παρ’</span> <span class='ocrx_word' id='word_1_489' title='bbox 1642 3291 1910 3363; x_wconf 78' lang='grc' dir='ltr'>Ἑϐραίοις</span> <span class='ocrx_word' id='word_1_490' title='bbox 1947 3292 2055 3346; x_wconf 82' lang='grc' dir='ltr'><strong>πώ-</strong></span> 
     </span>
    </p>
   </div>
   <div class='ocr_carea' id='block_1_65' title="bbox 2160 3288 3735 3365">
    <p class='ocr_par' dir='ltr' id='par_1_65' title="bbox 2165 3288 3735 3361">
     <span class='ocr_line' id='line_1_65' title="bbox 2165 3288 3735 3361; baseline 0.002 -17"><span class='ocrx_word' id='word_1_491' title='bbox 2165 3290 2383 3360; x_wconf 88' lang='lat' dir='ltr'><strong>quando</strong></span> <span class='ocrx_word' id='word_1_492' title='bbox 2426 3290 2737 3359; x_wconf 85' lang='lat' dir='ltr'><strong>conjicere,</strong></span> <span class='ocrx_word' id='word_1_493' title='bbox 2784 3288 3138 3359; x_wconf 82' lang='lat' dir='ltr'><strong>quitandem</strong></span> <span class='ocrx_word' id='word_1_494' title='bbox 3193 3290 3305 3346; x_wconf 82' lang='lat' dir='ltr'><strong>ﬁeri</strong></span> <span class='ocrx_word' id='word_1_495' title='bbox 3360 3298 3538 3361; x_wconf 86' lang='lat' dir='ltr'><strong>potest</strong></span> <span class='ocrx_word' id='word_1_496' title='bbox 3587 3299 3647 3346; x_wconf 86' lang='lat' dir='ltr'><strong>ut</strong></span> <span class='ocrx_word' id='word_1_497' title='bbox 3680 3294 3735 3347; x_wconf 92' lang='lat' dir='ltr'><strong>in</strong></span> 
     </span>
    </p>
   </div>
   <div class='ocr_carea' id='block_1_66' title="bbox 490 3382 2054 3456">
    <p class='ocr_par' dir='ltr' id='par_1_66' title="bbox 490 3382 2054 3456">
     <span class='ocr_line' id='line_1_66' title="bbox 490 3382 2054 3456; baseline -0.001 -19"><span class='ocrx_word' id='word_1_498' title='bbox 490 3401 624 3438; x_wconf 87' lang='grc' dir='ltr'>ποτε</span> <span class='ocrx_word' id='word_1_499' title='bbox 666 3387 728 3438; x_wconf 78' lang='grc' dir='ltr'>ἐκ</span> <span class='ocrx_word' id='word_1_500' title='bbox 759 3385 1083 3456; x_wconf 84' lang='grc' dir='ltr'>προφήτιδος</span> <span class='ocrx_word' id='word_1_501' title='bbox 1131 3385 1355 3456; x_wconf 86' lang='grc' dir='ltr'>μητρὸς,</span> <span class='ocrx_word' id='word_1_502' title='bbox 1383 3385 1476 3437; x_wconf 82' lang='grc' dir='ltr'><strong>καὶ</strong></span> <span class='ocrx_word' id='word_1_503' title='bbox 1522 3384 1742 3437; x_wconf 76' lang='grc' dir='ltr'>Ἡσαΐου</span> <span class='ocrx_word' id='word_1_504' title='bbox 1777 3382 1870 3436; x_wconf 86' lang='grc' dir='ltr'><strong>τοῦ</strong></span> <span class='ocrx_word' id='word_1_505' title='bbox 1920 3401 2054 3455; x_wconf 86' lang='grc' dir='ltr'>προ-</span> 
     </span>
    </p>
   </div>
   <div class='ocr_carea' id='block_1_67' title="bbox 489 3475 2058 3547">
    <p class='ocr_par' dir='ltr' id='par_1_67' title="bbox 489 3475 2058 3547">
     <span class='ocr_line' id='line_1_67' title="bbox 489 3475 2058 3547; baseline -0.001 -18"><span class='ocrx_word' id='word_1_506' title='bbox 489 3477 661 3547; x_wconf 86' lang='grc' dir='ltr'>φήτου</span> <span class='ocrx_word' id='word_1_507' title='bbox 698 3475 997 3546; x_wconf 74' lang='grc' dir='ltr'>γεννηθεὶς,</span> <span class='ocrx_word' id='word_1_508' title='bbox 1045 3475 1215 3528; x_wconf 86' lang='grc' dir='ltr'>σκῦλα</span> <span class='ocrx_word' id='word_1_509' title='bbox 1248 3476 1558 3547; x_wconf 88' lang='grc' dir='ltr'>Σαμαρείας</span> <span class='ocrx_word' id='word_1_510' title='bbox 1587 3477 1679 3529; x_wconf 76' lang='grc' dir='ltr'>καὶ</span> <span class='ocrx_word' id='word_1_511' title='bbox 1698 3475 1923 3547; x_wconf 84' lang='grc' dir='ltr'>δύναμιν</span> <span class='ocrx_word' id='word_1_512' title='bbox 1950 3478 2058 3529; x_wconf 90' lang='grc' dir='ltr'>Δα-</span> 
     </span>
    </p>
   </div>
   <div class='ocr_carea' id='block_1_68' title="bbox 491 3550 2055 3639">
    <p class='ocr_par' dir='ltr' id='par_1_68' title="bbox 491 3565 2055 3639">
     <span class='ocr_line' id='line_1_68' title="bbox 491 3565 2055 3639; baseline -0.001 -19"><span class='ocrx_word' id='word_1_513' title='bbox 491 3567 702 3637; x_wconf 86' lang='grc' dir='ltr'>μασκοῦ</span> <span class='ocrx_word' id='word_1_514' title='bbox 724 3566 864 3619; x_wconf 79' lang='grc' dir='ltr'>κατὰ</span> <span class='ocrx_word' id='word_1_515' title='bbox 913 3565 1005 3620; x_wconf 88' lang='grc' dir='ltr'><strong>τοῦ</strong></span> <span class='ocrx_word' id='word_1_516' title='bbox 1041 3565 1301 3636; x_wconf 85' lang='grc' dir='ltr'>βασιλέως</span> <span class='ocrx_word' id='word_1_517' title='bbox 1343 3567 1639 3639; x_wconf 84' lang='grc' dir='ltr'>Ἀσσυρίων</span> <span class='ocrx_word' id='word_1_518' title='bbox 1689 3566 2055 3639; x_wconf 83' lang='grc' dir='ltr'>στρατεύσας,</span> 
     </span>
    </p>
   </div>
   <div class='ocr_carea' id='block_1_69' title="bbox 487 3655 2057 3729">
    <p class='ocr_par' dir='ltr' id='par_1_69' title="bbox 487 3655 2057 3729">
     <span class='ocr_line' id='line_1_69' title="bbox 487 3655 2057 3729; baseline -0.001 -20"><span class='ocrx_word' id='word_1_519' title='bbox 487 3656 566 3719; x_wconf 82' lang='grc' dir='ltr'>ὡς</span> <span class='ocrx_word' id='word_1_520' title='bbox 598 3656 732 3728; x_wconf 77' lang='grc' dir='ltr'>πρὸς</span> <span class='ocrx_word' id='word_1_521' title='bbox 766 3655 932 3728; x_wconf 71' lang='grc' dir='ltr'>ῥητὴν</span> <span class='ocrx_word' id='word_1_522' title='bbox 983 3656 1219 3710; x_wconf 79' lang='grc' dir='ltr'>διάνοιαν</span> <span class='ocrx_word' id='word_1_523' title='bbox 1267 3656 1444 3709; x_wconf 75' lang='grc' dir='ltr'>λαϐὼν</span> <span class='ocrx_word' id='word_1_524' title='bbox 1480 3657 1757 3729; x_wconf 81' lang='grc' dir='ltr'>ἱστόρηται</span> <span class='ocrx_word' id='word_1_525' title='bbox 1782 3674 1795 3687; x_wconf 83' lang='grc'><em>’</em></span> <span class='ocrx_word' id='word_1_526' title='bbox 1832 3656 1970 3709; x_wconf 84' lang='grc' dir='ltr'>ὥστε</span> <span class='ocrx_word' id='word_1_527' title='bbox 1999 3656 2057 3722; x_wconf 76' lang='grc' dir='ltr'><strong>ἐξ</strong></span> 
     </span>
    </p>
   </div>
   <div class='ocr_carea' id='block_1_70' title="bbox 491 3746 2061 3819">
    <p class='ocr_par' dir='ltr' id='par_1_70' title="bbox 491 3746 2061 3819">
     <span class='ocr_line' id='line_1_70' title="bbox 491 3746 2061 3819; baseline -0.001 -18"><span class='ocrx_word' id='word_1_528' title='bbox 491 3749 729 3810; x_wconf 84' lang='grc' dir='ltr'>ὅιπαντος</span> <span class='ocrx_word' id='word_1_529' title='bbox 778 3746 1076 3819; x_wconf 84' lang='grc' dir='ltr'>ὁμολογεῖν,</span> <span class='ocrx_word' id='word_1_530' title='bbox 1110 3746 1251 3802; x_wconf 76' lang='grc' dir='ltr'>αὐτὰ</span> <span class='ocrx_word' id='word_1_531' title='bbox 1274 3747 1415 3802; x_wconf 81' lang='grc' dir='ltr'>κατὰ</span> <span class='ocrx_word' id='word_1_532' title='bbox 1439 3747 1535 3818; x_wconf 83' lang='grc' dir='ltr'>τὴν</span> <span class='ocrx_word' id='word_1_533' title='bbox 1569 3748 1919 3801; x_wconf 85' lang='grc' dir='ltr'>ἀποδοθεῖσαν</span> <span class='ocrx_word' id='word_1_534' title='bbox 1944 3748 2061 3800; x_wconf 85' lang='grc' dir='ltr'>διά-</span> 
     </span>
    </p>
   </div>
   <div class='ocr_carea' id='block_1_71' title="bbox 489 3837 2060 3912">
    <p class='ocr_par' dir='ltr' id='par_1_71' title="bbox 489 3837 2060 3912">
     <span class='ocr_line' id='line_1_71' title="bbox 489 3837 2060 3912; baseline -0.002 -17"><span class='ocrx_word' id='word_1_535' title='bbox 489 3859 634 3896; x_wconf 82' lang='grc' dir='ltr'>νοιαν</span> <span class='ocrx_word' id='word_1_536' title='bbox 667 3841 842 3912; x_wconf 80' lang='grc' dir='ltr'>μόνως</span> <span class='ocrx_word' id='word_1_537' title='bbox 875 3839 1282 3912; x_wconf 87' lang='grc' dir='ltr'>πεπληρῶσθαι,</span> <span class='ocrx_word' id='word_1_538' title='bbox 1318 3841 1417 3893; x_wconf 81' lang='grc' dir='ltr'><strong>οὐκ</strong></span> <span class='ocrx_word' id='word_1_539' title='bbox 1438 3839 1622 3893; x_wconf 77' lang='grc' dir='ltr'>ἄλλοτε</span> <span class='ocrx_word' id='word_1_540' title='bbox 1650 3837 1896 3910; x_wconf 83' lang='grc' dir='ltr'>δηλαδὴῆ</span> <span class='ocrx_word' id='word_1_541' title='bbox 1920 3838 2060 3892; x_wconf 84' lang='grc' dir='ltr'><strong>κατὰ</strong></span> 
     </span>
    </p>
   </div>
   <div class='ocr_carea' id='block_1_72' title="bbox 489 3920 2055 4007">
    <p class='ocr_par' dir='ltr' id='par_1_72' title="bbox 489 3920 2055 4007">
     <span class='ocr_line' id='line_1_72' title="bbox 489 3920 2055 4007; baseline -0.003 -22"><span class='ocrx_word' id='word_1_542' title='bbox 489 3932 587 4005; x_wconf 85' lang='grc' dir='ltr'>τὴν</span> <span class='ocrx_word' id='word_1_543' title='bbox 608 3931 906 4007; x_wconf 81' lang='grc' dir='ltr'>γενομένην</span> <span class='ocrx_word' id='word_1_544' title='bbox 930 3920 1226 4003; x_wconf 86' lang='grc' dir='ltr'>παρουσίαν</span> <span class='ocrx_word' id='word_1_545' title='bbox 1271 3930 1445 4001; x_wconf 85' lang='grc' dir='ltr'>Ἰησοῦ</span> <span class='ocrx_word' id='word_1_546' title='bbox 1466 3929 1558 3984; x_wconf 91' lang='grc' dir='ltr'><strong>τοῦ</strong></span> <span class='ocrx_word' id='word_1_547' title='bbox 1600 3930 1849 4002; x_wconf 82' lang='grc' dir='ltr'>Σωτῆρος</span> <span class='ocrx_word' id='word_1_548' title='bbox 1880 3930 2055 4001; x_wconf 85' lang='grc' dir='ltr'>ἡμῶν,</span> 
     </span>
    </p>
   </div>
   <div class='ocr_carea' id='block_1_73' title="bbox 488 4022 2060 4094">
    <p class='ocr_par' dir='ltr' id='par_1_73' title="bbox 488 4022 2060 4094">
     <span class='ocr_line' id='line_1_73' title="bbox 488 4022 2060 4094; baseline -0.001 -18"><span class='ocrx_word' id='word_1_549' title='bbox 488 4023 611 4077; x_wconf 84' lang='grc' dir='ltr'>καθ’</span> <span class='ocrx_word' id='word_1_550' title='bbox 641 4023 700 4076; x_wconf 84' lang='grc' dir='ltr'>ὃν</span> <span class='ocrx_word' id='word_1_551' title='bbox 734 4022 1090 4094; x_wconf 76' lang='grc' dir='ltr'>ἀπεδείξαμεν</span> <span class='ocrx_word' id='word_1_552' title='bbox 1128 4022 1281 4085; x_wconf 84' lang='grc' dir='ltr'>τέλος</span> <span class='ocrx_word' id='word_1_553' title='bbox 1313 4022 1589 4093; x_wconf 79' lang='grc' dir='ltr'>εἰληφέναι</span> <span class='ocrx_word' id='word_1_554' title='bbox 1621 4022 1689 4076; x_wconf 71' lang='grc' dir='ltr'><strong>τὰ</strong></span> <span class='ocrx_word' id='word_1_555' title='bbox 1722 4039 2060 4093; x_wconf 86' lang='grc' dir='ltr'>προηγορευ-</span> 
     </span>
    </p>
   </div>
   <div class='ocr_carea' id='block_1_74' title="bbox 492 4101 2060 4187">
    <p class='ocr_par' dir='ltr' id='par_1_74' title="bbox 492 4101 2060 4187">
     <span class='ocr_line' id='line_1_74' title="bbox 492 4101 2060 4187; baseline -0.003 -18"><span class='ocrx_word' id='word_1_556' title='bbox 492 4116 653 4187; x_wconf 89' lang='grc' dir='ltr'>μένα.</span> <span class='ocrx_word' id='word_1_557' title='bbox 713 4101 955 4186; x_wconf 67' lang='grc' dir='ltr'>Ἐγρᾶφη</span> <span class='ocrx_word' id='word_1_558' title='bbox 980 4114 1023 4167; x_wconf 78' lang='grc' dir='ltr'>δ’</span> <span class='ocrx_word' id='word_1_559' title='bbox 1055 4110 1147 4167; x_wconf 78' lang='grc' dir='ltr'><strong>οὖν</strong></span> <span class='ocrx_word' id='word_1_560' title='bbox 1198 4114 1336 4167; x_wconf 75' lang='grc' dir='ltr'>κατὰ</span> <span class='ocrx_word' id='word_1_561' title='bbox 1382 4114 1479 4182; x_wconf 76' lang='grc' dir='ltr'><strong>τὴν</strong></span> <span class='ocrx_word' id='word_1_562' title='bbox 1531 4114 1865 4186; x_wconf 82' lang='grc' dir='ltr'>προφητείαν</span> <span class='ocrx_word' id='word_1_563' title='bbox 1909 4114 1999 4167; x_wconf 74' lang='grc' dir='ltr'><strong>καὶ</strong></span> <span class='ocrx_word' id='word_1_564' title='bbox 2031 4110 2060 4165; x_wconf 80' lang='grc' dir='ltr'>ὁ</span> 
     </span>
    </p>
   </div>
   <div class='ocr_carea' id='block_1_75' title="bbox 491 4204 2059 4277">
    <p class='ocr_par' dir='ltr' id='par_1_75' title="bbox 491 4204 2059 4277">
     <span class='ocr_line' id='line_1_75' title="bbox 491 4204 2059 4277; baseline -0.002 -18"><span class='ocrx_word' id='word_1_565' title='bbox 491 4206 674 4269; x_wconf 84' lang='grc' dir='ltr'>καινὸς</span> <span class='ocrx_word' id='word_1_566' title='bbox 710 4206 873 4277; x_wconf 88' lang='grc' dir='ltr'>τόμος</span> <span class='ocrx_word' id='word_1_567' title='bbox 904 4204 995 4256; x_wconf 78' lang='grc' dir='ltr'>ἐπὶ</span> <span class='ocrx_word' id='word_1_568' title='bbox 1020 4205 1119 4275; x_wconf 74' lang='grc' dir='ltr'>τῆς</span> <span class='ocrx_word' id='word_1_569' title='bbox 1152 4204 1313 4257; x_wconf 72' lang='grc' dir='ltr'>αὐτοῦ</span> <span class='ocrx_word' id='word_1_570' title='bbox 1347 4204 1665 4275; x_wconf 84' lang='grc' dir='ltr'>παρουσίας,</span> <span class='ocrx_word' id='word_1_571' title='bbox 1687 4205 1715 4257; x_wconf 86' lang='grc' dir='ltr'>ὁ</span> <span class='ocrx_word' id='word_1_572' title='bbox 1740 4204 1837 4275; x_wconf 80' lang='grc' dir='ltr'>τῆς</span> <span class='ocrx_word' id='word_1_573' title='bbox 1864 4204 2059 4274; x_wconf 77' lang='grc' dir='ltr'>καινῆς</span> 
     </span>
    </p>
   </div>
   <div class='ocr_carea' id='block_1_76' title="bbox 489 4278 2060 4369">
    <p class='ocr_par' dir='ltr' id='par_1_76' title="bbox 489 4278 2060 4369">
     <span class='ocr_line' id='line_1_76' title="bbox 489 4278 2060 4369; baseline -0.003 -18"><span class='ocrx_word' id='word_1_574' title='bbox 489 4278 762 4369; x_wconf 51' lang='grc' dir='ltr'>Διαθήῦιης</span> <span class='ocrx_word' id='word_1_575' title='bbox 802 4296 954 4364; x_wconf 81' lang='grc' dir='ltr'>λόγος</span> <span class='ocrx_word' id='word_1_576' title='bbox 1004 4296 1101 4367; x_wconf 81' lang='grc' dir='ltr'><strong>τὴν</strong></span> <span class='ocrx_word' id='word_1_577' title='bbox 1129 4295 1338 4363; x_wconf 86' lang='grc' dir='ltr'>γένεσιν</span> <span class='ocrx_word' id='word_1_578' title='bbox 1373 4294 1639 4367; x_wconf 79' lang='grc' dir='ltr'>περιέχων</span> <span class='ocrx_word' id='word_1_579' title='bbox 1670 4294 1763 4348; x_wconf 86' lang='grc' dir='ltr'><strong>τοῦ</strong></span> <span class='ocrx_word' id='word_1_580' title='bbox 1792 4294 1889 4365; x_wconf 77' lang='grc' dir='ltr'>τῆς</span> <span class='ocrx_word' id='word_1_581' title='bbox 1927 4311 2060 4365; x_wconf 86' lang='grc' dir='ltr'>προ-</span> 
     </span>
    </p>
   </div>
   <div class='ocr_carea' id='block_1_77' title="bbox 492 4383 2061 4456">
    <p class='ocr_par' dir='ltr' id='par_1_77' title="bbox 492 4383 2061 4456">
     <span class='ocr_line' id='line_1_77' title="bbox 492 4383 2061 4456; baseline -0.001 -18"><span class='ocrx_word' id='word_1_582' title='bbox 492 4385 711 4456; x_wconf 81' lang='grc' dir='ltr'>φήτιδος</span> <span class='ocrx_word' id='word_1_583' title='bbox 751 4384 889 4448; x_wconf 85' lang='grc' dir='ltr'>υἱοῦ,</span> <span class='ocrx_word' id='word_1_584' title='bbox 920 4384 978 4448; x_wconf 84' lang='grc' dir='ltr'>ὃς</span> <span class='ocrx_word' id='word_1_585' title='bbox 1031 4385 1123 4438; x_wconf 64' lang='grc' dir='ltr'><strong>καὶ¹</strong></span> <span class='ocrx_word' id='word_1_586' title='bbox 1161 4384 1295 4455; x_wconf 86' lang='grc' dir='ltr'>πρὸς</span> <span class='ocrx_word' id='word_1_587' title='bbox 1322 4383 1465 4450; x_wconf 80' lang='grc' dir='ltr'>λέξιν</span> <span class='ocrx_word' id='word_1_588' title='bbox 1501 4385 1593 4437; x_wconf 75' lang='grc' dir='ltr'><strong>καὶ</strong></span> <span class='ocrx_word' id='word_1_589' title='bbox 1619 4385 1933 4456; x_wconf 88' lang='grc' dir='ltr'>Δαμασκοῦ,</span> <span class='ocrx_word' id='word_1_590' title='bbox 1965 4385 2061 4437; x_wconf 71' lang='grc' dir='ltr'><strong>καὶ</strong></span> 
     </span>
    </p>
   </div>
   <div class='ocr_carea' id='block_1_78' title="bbox 491 4472 2061 4548">
    <p class='ocr_par' dir='ltr' id='par_1_78' title="bbox 491 4472 2061 4548">
     <span class='ocr_line' id='line_1_78' title="bbox 491 4472 2061 4548; baseline 0.003 -23"><span class='ocrx_word' id='word_1_591' title='bbox 491 4473 689 4544; x_wconf 86' lang='grc' dir='ltr'>Συρίας</span> <span class='ocrx_word' id='word_1_592' title='bbox 721 4473 937 4544; x_wconf 81' lang='grc' dir='ltr'>ἁπάσης</span> <span class='ocrx_word' id='word_1_593' title='bbox 970 4473 1069 4544; x_wconf 79' lang='grc' dir='ltr'>τὴν</span> <span class='ocrx_word' id='word_1_594' title='bbox 1098 4472 1380 4545; x_wconf 82' lang='grc' dir='ltr'>βασιλικὴν</span> <span class='ocrx_word' id='word_1_595' title='bbox 1424 4474 1675 4545; x_wconf 88' lang='grc' dir='ltr'>δύναμιν,</span> <span class='ocrx_word' id='word_1_596' title='bbox 1709 4476 1780 4529; x_wconf 86' lang='grc' dir='ltr'>τά</span> <span class='ocrx_word' id='word_1_597' title='bbox 1800 4494 1860 4529; x_wconf 90' lang='grc' dir='ltr'><strong>τε</strong></span> <span class='ocrx_word' id='word_1_598' title='bbox 1889 4478 2061 4548; x_wconf 77' lang='grc' dir='ltr'>ἑρμη-</span> 
     </span>
    </p>
   </div>
   <div class='ocr_carea' id='block_1_79' title="bbox 491 4560 2060 4636">
    <p class='ocr_par' dir='ltr' id='par_1_79' title="bbox 491 4560 2060 4636">
     <span class='ocr_line' id='line_1_79' title="bbox 491 4560 2060 4636; baseline 0.003 -24"><span class='ocrx_word' id='word_1_599' title='bbox 491 4560 743 4613; x_wconf 89' lang='grc' dir='ltr'>νευθέντα</span> <span class='ocrx_word' id='word_1_600' title='bbox 795 4562 927 4631; x_wconf 83' lang='grc' dir='ltr'>ἡμῖν</span> <span class='ocrx_word' id='word_1_601' title='bbox 956 4560 1126 4614; x_wconf 85' lang='grc' dir='ltr'>σκῦλα</span> <span class='ocrx_word' id='word_1_602' title='bbox 1169 4562 1478 4633; x_wconf 82' lang='grc' dir='ltr'>Σαμαρείας</span> <span class='ocrx_word' id='word_1_603' title='bbox 1508 4565 1730 4636; x_wconf 74' lang='grc' dir='ltr'>ἀρρήτῳ</span> <span class='ocrx_word' id='word_1_604' title='bbox 1757 4566 1850 4620; x_wconf 67' lang='grc' dir='ltr'><strong>καὶ</strong></span> <span class='ocrx_word' id='word_1_605' title='bbox 1891 4566 2060 4636; x_wconf 78' lang='grc' dir='ltr'>ὲνθέῳ</span> 
     </span>
    </p>
   </div>
   <div class='ocr_carea' id='block_1_80' title="bbox 2161 3382 3730 3455">
    <p class='ocr_par' dir='ltr' id='par_1_80' title="bbox 2161 3382 3730 3455">
     <span class='ocr_line' id='line_1_80' title="bbox 2161 3382 3730 3455; baseline 0.002 -19"><span class='ocrx_word' id='word_1_606' title='bbox 2161 3382 2409 3437; x_wconf 83' lang='lat' dir='ltr'><strong>futurum</strong></span> <span class='ocrx_word' id='word_1_607' title='bbox 2442 3393 2661 3451; x_wconf 92' lang='lat' dir='ltr'><strong>tempus</strong></span> <span class='ocrx_word' id='word_1_608' title='bbox 2691 3396 2882 3436; x_wconf 83' lang='lat' dir='ltr'><strong>eorum</strong></span> <span class='ocrx_word' id='word_1_609' title='bbox 2915 3390 3268 3453; x_wconf 76' lang='lat' dir='ltr'><strong>exspectetur</strong></span> <span class='ocrx_word' id='word_1_610' title='bbox 3299 3385 3554 3439; x_wconf 87' lang='lat' dir='ltr'><strong>eversio?</strong></span> <span class='ocrx_word' id='word_1_611' title='bbox 3582 3387 3730 3455; x_wconf 85' lang='lat' dir='ltr'><strong>atqui</strong></span> 
     </span>
    </p>
   </div>
   <div class='ocr_carea' id='block_1_81' title="bbox 2160 3467 3735 3544">
    <p class='ocr_par' dir='ltr' id='par_1_81' title="bbox 2160 3467 3735 3544">
     <span class='ocr_line' id='line_1_81' title="bbox 2160 3467 3735 3544; baseline 0.004 -17"><span class='ocrx_word' id='word_1_612' title='bbox 2160 3490 2229 3528; x_wconf 90' lang='lat' dir='ltr'><strong>ne</strong></span> <span class='ocrx_word' id='word_1_613' title='bbox 2268 3467 2427 3528; x_wconf 80' lang='lat' dir='ltr'><strong>antea</strong></span> <span class='ocrx_word' id='word_1_614' title='bbox 2472 3472 2695 3544; x_wconf 87' lang='lat' dir='ltr'><strong>quidem</strong></span> <span class='ocrx_word' id='word_1_615' title='bbox 2741 3475 2853 3529; x_wconf 90' lang='lat' dir='ltr'><strong>ullo</strong></span> <span class='ocrx_word' id='word_1_616' title='bbox 2888 3489 3129 3543; x_wconf 88' lang='lat' dir='ltr'><strong>unquam</strong></span> <span class='ocrx_word' id='word_1_617' title='bbox 3162 3482 3405 3544; x_wconf 86' lang='lat' dir='ltr'><strong>tempore</strong></span> <span class='ocrx_word' id='word_1_618' title='bbox 3433 3476 3578 3531; x_wconf 83' lang='lat' dir='ltr'><strong>facta</strong></span> <span class='ocrx_word' id='word_1_619' title='bbox 3611 3493 3735 3534; x_wconf 86' lang='lat' dir='ltr'><strong>esse</strong></span> 
     </span>
    </p>
   </div>
   <div class='ocr_carea' id='block_1_82' title="bbox 2161 3560 3732 3636">
    <p class='ocr_par' dir='ltr' id='par_1_82' title="bbox 2161 3560 3732 3636">
     <span class='ocr_line' id='line_1_82' title="bbox 2161 3560 3732 3636; baseline 0.003 -16"><span class='ocrx_word' id='word_1_620' title='bbox 2161 3582 2224 3625; x_wconf 87' lang='lat' dir='ltr'><strong>ea</strong></span> <span class='ocrx_word' id='word_1_621' title='bbox 2251 3582 2373 3636; x_wconf 68' lang='lat' dir='ltr'><strong>quae</strong></span> <span class='ocrx_word' id='word_1_622' title='bbox 2397 3560 2802 3636; x_wconf 69' lang='lat' dir='ltr'><strong>in,hujusmodi</strong></span> <span class='ocrx_word' id='word_1_623' title='bbox 2828 3566 3115 3636; x_wconf 85' lang='lat' dir='ltr'><strong>prephetia</strong></span> <span class='ocrx_word' id='word_1_624' title='bbox 3143 3567 3517 3632; x_wconf 89' lang='lat' dir='ltr'><strong>continentur,</strong></span> <span class='ocrx_word' id='word_1_625' title='bbox 3546 3568 3732 3625; x_wconf 85' lang='lat' dir='ltr'><strong>dicere</strong></span> 
     </span>
    </p>
   </div>
   <div class='ocr_carea' id='block_1_83' title="bbox 2162 3658 3735 3730">
    <p class='ocr_par' dir='ltr' id='par_1_83' title="bbox 2162 3658 3735 3730">
     <span class='ocr_line' id='line_1_83' title="bbox 2162 3658 3735 3730; baseline 0.002 -17"><span class='ocrx_word' id='word_1_626' title='bbox 2162 3661 2274 3714; x_wconf 90' lang='lat' dir='ltr'><strong>ullo</strong></span> <span class='ocrx_word' id='word_1_627' title='bbox 2299 3660 2463 3713; x_wconf 89' lang='lat' dir='ltr'><strong>modo</strong></span> <span class='ocrx_word' id='word_1_628' title='bbox 2490 3667 2743 3727; x_wconf 89' lang='lat' dir='ltr'><strong>possunt.</strong></span> <span class='ocrx_word' id='word_1_629' title='bbox 2770 3658 2965 3714; x_wconf 77' lang='lat' dir='ltr'><strong>Nullus</strong></span> <span class='ocrx_word' id='word_1_630' title='bbox 3001 3666 3151 3715; x_wconf 86' lang='lat' dir='ltr'><strong>certe</strong></span> <span class='ocrx_word' id='word_1_631' title='bbox 3183 3675 3422 3729; x_wconf 87' lang='lat' dir='ltr'><strong>unquam</strong></span> <span class='ocrx_word' id='word_1_632' title='bbox 3444 3661 3599 3730; x_wconf 87' lang='lat' dir='ltr'><strong>&#39;apud</strong></span> <span class='ocrx_word' id='word_1_633' title='bbox 3627 3659 3735 3716; x_wconf 85' lang='lat' dir='ltr'><strong>He-</strong></span> 
     </span>
    </p>
   </div>
   <div class='ocr_carea' id='block_1_84' title="bbox 2161 3748 3730 3825">
    <p class='ocr_par' dir='ltr' id='par_1_84' title="bbox 2161 3748 3730 3825">
     <span class='ocr_line' id='line_1_84' title="bbox 2161 3748 3730 3825; baseline 0.001 -19"><span class='ocrx_word' id='word_1_634' title='bbox 2161 3752 2337 3807; x_wconf 75' lang='lat' dir='ltr'><strong>brteos</strong></span> <span class='ocrx_word' id='word_1_635' title='bbox 2362 3766 2429 3806; x_wconf 85' lang='lat' dir='ltr'><strong>ex</strong></span> <span class='ocrx_word' id='word_1_636' title='bbox 2459 3750 2776 3821; x_wconf 83' lang='lat' dir='ltr'><strong>prophetica</strong></span> <span class='ocrx_word' id='word_1_637' title='bbox 2810 3756 2984 3818; x_wconf 87' lang='lat' dir='ltr'><strong>matre</strong></span> <span class='ocrx_word' id='word_1_638' title='bbox 3011 3758 3065 3805; x_wconf 90' lang='lat' dir='ltr'><strong>et</strong></span> <span class='ocrx_word' id='word_1_639' title='bbox 3089 3748 3519 3825; x_wconf 23' lang='lat' dir='ltr'><strong>Isaia&#39;propheta</strong></span> <span class='ocrx_word' id='word_1_640' title='bbox 3546 3760 3730 3816; x_wconf 85' lang='lat' dir='ltr'><strong>natus,</strong></span> 
     </span>
    </p>
   </div>
   <div class='ocr_carea' id='block_1_85' title="bbox 2160 3840 3729 3912">
    <p class='ocr_par' dir='ltr' id='par_1_85' title="bbox 2160 3840 3729 3912">
     <span class='ocr_line' id='line_1_85' title="bbox 2160 3840 3729 3912; baseline 0.001 -16"><span class='ocrx_word' id='word_1_641' title='bbox 2160 3842 2336 3912; x_wconf 89' lang='lat' dir='ltr'><strong>spolia</strong></span> <span class='ocrx_word' id='word_1_642' title='bbox 2385 3840 2649 3895; x_wconf 62' lang='lat' dir='ltr'><strong>Samaria:</strong></span> <span class='ocrx_word' id='word_1_643' title='bbox 2689 3847 2742 3895; x_wconf 91' lang='lat' dir='ltr'><strong>et</strong></span> <span class='ocrx_word' id='word_1_644' title='bbox 2784 3847 3107 3910; x_wconf 81' lang='lat' dir='ltr'><strong>potestatem</strong></span> <span class='ocrx_word' id='word_1_645' title='bbox 3154 3841 3440 3903; x_wconf 88' lang='lat' dir='ltr'><strong>Damasci,</strong></span> <span class='ocrx_word' id='word_1_646' title='bbox 3483 3842 3729 3897; x_wconf 87' lang='lat' dir='ltr'><strong>exercitu</strong></span> 
     </span>
    </p>
   </div>
   <div class='ocr_carea' id='block_1_86' title="bbox 2159 3932 3733 4003">
    <p class='ocr_par' dir='ltr' id='par_1_86' title="bbox 2159 3932 3733 4003">
     <span class='ocr_line' id='line_1_86' title="bbox 2159 3932 3733 4003; baseline 0.001 -15"><span class='ocrx_word' id='word_1_647' title='bbox 2159 3942 2351 3989; x_wconf 76' lang='lat' dir='ltr'><strong>contra</strong></span> <span class='ocrx_word' id='word_1_648' title='bbox 2387 3947 2569 4003; x_wconf 78' lang='lat' dir='ltr'><strong>regem</strong></span> <span class='ocrx_word' id='word_1_649' title='bbox 2593 3932 2947 4003; x_wconf 82' lang='lat' dir='ltr'><strong>Assyriorum</strong></span> <span class='ocrx_word' id='word_1_650' title='bbox 2978 3939 3296 4002; x_wconf 81' lang='lat' dir='ltr'><strong>comparato</strong></span> <span class='ocrx_word' id='word_1_651' title='bbox 3323 3934 3420 4001; x_wconf 90' lang='lat' dir='ltr'><strong>(ut</strong></span> <span class='ocrx_word' id='word_1_652' title='bbox 3448 3948 3569 3987; x_wconf 88' lang='lat' dir='ltr'><strong>eam</strong></span> <span class='ocrx_word' id='word_1_653' title='bbox 3601 3948 3733 3989; x_wconf 71' lang='lat' dir='ltr'><strong>sen-</strong></span> 
     </span>
    </p>
   </div>
   <div class='ocr_carea' id='block_1_87' title="bbox 2161 4023 3735 4095">
    <p class='ocr_par' dir='ltr' id='par_1_87' title="bbox 2161 4023 3735 4095">
     <span class='ocr_line' id='line_1_87' title="bbox 2161 4023 3735 4095; baseline 0 -14"><span class='ocrx_word' id='word_1_654' title='bbox 2161 4027 2386 4081; x_wconf 82' lang='lat' dir='ltr'><strong>tentiam</strong></span> <span class='ocrx_word' id='word_1_655' title='bbox 2421 4040 2717 4094; x_wconf 82' lang='lat' dir='ltr'><strong>sequamur</strong></span> <span class='ocrx_word' id='word_1_656' title='bbox 2746 4039 2869 4095; x_wconf 65' lang='lat' dir='ltr'><strong>qum</strong></span> <span class='ocrx_word' id='word_1_657' title='bbox 2898 4039 2929 4077; x_wconf 91' lang='lat' dir='ltr'><strong>a</strong></span> <span class='ocrx_word' id='word_1_658' title='bbox 2960 4023 3146 4079; x_wconf 85' lang='lat' dir='ltr'><strong>verbis</strong></span> <span class='ocrx_word' id='word_1_659' title='bbox 3178 4040 3287 4078; x_wconf 89' lang='lat' dir='ltr'><strong>non</strong></span> <span class='ocrx_word' id='word_1_660' title='bbox 3320 4023 3603 4093; x_wconf 89' lang='lat' dir='ltr'><strong>recedit),</strong></span> <span class='ocrx_word' id='word_1_661' title='bbox 3638 4040 3735 4081; x_wconf 86' lang='lat' dir='ltr'><strong>ac-</strong></span> 
     </span>
    </p>
   </div>
   <div class='ocr_carea' id='block_1_88' title="bbox 2160 4117 3733 4189">
    <p class='ocr_par' dir='ltr' id='par_1_88' title="bbox 2160 4117 3733 4189">
     <span class='ocr_line' id='line_1_88' title="bbox 2160 4117 3733 4189; baseline 0.001 -16"><span class='ocrx_word' id='word_1_662' title='bbox 2160 4119 2372 4189; x_wconf 88' lang='lat' dir='ltr'><strong>cepisse</strong></span> <span class='ocrx_word' id='word_1_663' title='bbox 2404 4127 2759 4173; x_wconf 88' lang='lat' dir='ltr'><strong>memoratur.</strong></span> <span class='ocrx_word' id='word_1_664' title='bbox 2794 4117 2953 4171; x_wconf 89' lang='lat' dir='ltr'><strong>Omni</strong></span> <span class='ocrx_word' id='word_1_665' title='bbox 2987 4117 3171 4187; x_wconf 88' lang='lat' dir='ltr'><strong>itaque</strong></span> <span class='ocrx_word' id='word_1_666' title='bbox 3203 4118 3416 4172; x_wconf 91' lang='lat' dir='ltr'><strong>ratione</strong></span> <span class='ocrx_word' id='word_1_667' title='bbox 3448 4117 3603 4173; x_wconf 81' lang='lat' dir='ltr'><strong>fateri</strong></span> <span class='ocrx_word' id='word_1_668' title='bbox 3637 4133 3733 4174; x_wconf 82' lang='lat' dir='ltr'><strong>co-</strong></span> 
     </span>
    </p>
   </div>
   <div class='ocr_carea' id='block_1_89' title="bbox 2159 4194 3730 4281">
    <p class='ocr_par' dir='ltr' id='par_1_89' title="bbox 2159 4194 3730 4281">
     <span class='ocr_line' id='line_1_89' title="bbox 2159 4194 3730 4281; baseline 0.002 -18"><span class='ocrx_word' id='word_1_669' title='bbox 2159 4194 2420 4281; x_wconf 27' lang='lat' dir='ltr'><strong>gimur&#39;ea</strong></span> <span class='ocrx_word' id='word_1_670' title='bbox 2445 4210 2823 4265; x_wconf 69' lang='lat' dir='ltr'><strong>tantummodo</strong></span> <span class='ocrx_word' id='word_1_671' title='bbox 2848 4211 3151 4265; x_wconf 84' lang='lat' dir='ltr'><strong>secundum</strong></span> <span class='ocrx_word' id='word_1_672' title='bbox 3179 4211 3433 4280; x_wconf 80' lang='lat' dir='ltr'><strong>superius</strong></span> <span class='ocrx_word' id='word_1_673' title='bbox 3461 4210 3730 4267; x_wconf 86' lang='lat' dir='ltr'><strong>redditam</strong></span> 
     </span>
    </p>
   </div>
   <div class='ocr_carea' id='block_1_90' title="bbox 2161 4301 3735 4371">
    <p class='ocr_par' dir='ltr' id='par_1_90' title="bbox 2161 4301 3735 4371">
     <span class='ocr_line' id='line_1_90' title="bbox 2161 4301 3735 4371; baseline 0.002 -15"><span class='ocrx_word' id='word_1_674' title='bbox 2161 4317 2191 4356; x_wconf 89' lang='lat' dir='ltr'><strong>a</strong></span> <span class='ocrx_word' id='word_1_675' title='bbox 2223 4301 2382 4357; x_wconf 87' lang='lat' dir='ltr'><strong>nobis</strong></span> <span class='ocrx_word' id='word_1_676' title='bbox 2416 4302 2745 4357; x_wconf 89' lang='lat' dir='ltr'><strong>sententiam</strong></span> <span class='ocrx_word' id='word_1_677' title='bbox 2782 4301 3054 4371; x_wconf 85' lang='lat' dir='ltr'><strong>completa</strong></span> <span class='ocrx_word' id='word_1_678' title='bbox 3088 4317 3213 4358; x_wconf 84' lang='lat' dir='ltr'><strong>esse</strong></span> <span class='ocrx_word' id='word_1_679' title='bbox 3237 4342 3251 4366; x_wconf 89' lang='lat'><strong>,</strong></span> <span class='ocrx_word' id='word_1_680' title='bbox 3299 4302 3403 4357; x_wconf 91' lang='lat' dir='ltr'><strong>hoc</strong></span> <span class='ocrx_word' id='word_1_681' title='bbox 3433 4310 3555 4369; x_wconf 86' lang='lat' dir='ltr'><strong>est,</strong></span> <span class='ocrx_word' id='word_1_682' title='bbox 3593 4319 3735 4359; x_wconf 79' lang='lat' dir='ltr'><strong>nus-</strong></span> 
     </span>
    </p>
   </div>
   <div class='ocr_carea' id='block_1_91' title="bbox 2160 4393 3739 4465">
    <p class='ocr_par' dir='ltr' id='par_1_91' title="bbox 2160 4393 3739 4465">
     <span class='ocr_line' id='line_1_91' title="bbox 2160 4393 3739 4465; baseline 0.002 -16"><span class='ocrx_word' id='word_1_683' title='bbox 2160 4411 2323 4465; x_wconf 84' lang='lat' dir='ltr'><strong>quom</strong></span> <span class='ocrx_word' id='word_1_684' title='bbox 2366 4395 2502 4450; x_wconf 89' lang='lat' dir='ltr'><strong>alias</strong></span> <span class='ocrx_word' id='word_1_685' title='bbox 2544 4409 2708 4464; x_wconf 88' lang='lat' dir='ltr'><strong>quam</strong></span> <span class='ocrx_word' id='word_1_686' title='bbox 2755 4405 2877 4465; x_wconf 87' lang='lat' dir='ltr'><strong>post</strong></span> <span class='ocrx_word' id='word_1_687' title='bbox 2919 4396 3209 4450; x_wconf 88' lang='lat' dir='ltr'><strong>adventum</strong></span> <span class='ocrx_word' id='word_1_688' title='bbox 3253 4393 3383 4449; x_wconf 88' lang='lat' dir='ltr'><strong>Jesu</strong></span> <span class='ocrx_word' id='word_1_689' title='bbox 3431 4394 3739 4452; x_wconf 86' lang='lat' dir='ltr'><strong>Salvatoris</strong></span> 
     </span>
    </p>
   </div>
   <div class='ocr_carea' id='block_1_92' title="bbox 2160 4486 3738 4558">
    <p class='ocr_par' dir='ltr' id='par_1_92' title="bbox 2160 4486 3738 4558">
     <span class='ocr_line' id='line_1_92' title="bbox 2160 4486 3738 4558; baseline -0.002 -16"><span class='ocrx_word' id='word_1_690' title='bbox 2160 4488 2372 4553; x_wconf 90' lang='lat' dir='ltr'><strong>nostri,</strong></span> <span class='ocrx_word' id='word_1_691' title='bbox 2404 4501 2513 4557; x_wconf 90' lang='lat' dir='ltr'><strong>quo</strong></span> <span class='ocrx_word' id='word_1_692' title='bbox 2547 4494 2791 4556; x_wconf 83' lang='lat' dir='ltr'><strong>tempore</strong></span> <span class='ocrx_word' id='word_1_693' title='bbox 2819 4486 3348 4552; x_wconf 89' lang='lat' dir='ltr'><strong>demonstravimus,</strong></span> <span class='ocrx_word' id='word_1_694' title='bbox 3379 4501 3443 4542; x_wconf 91' lang='lat' dir='ltr'><strong>ea</strong></span> <span class='ocrx_word' id='word_1_695' title='bbox 3474 4503 3597 4558; x_wconf 69' lang='lat' dir='ltr'><strong>qua:</strong></span> <span class='ocrx_word' id='word_1_696' title='bbox 3632 4490 3738 4545; x_wconf 79' lang='lat' dir='ltr'><strong>hoc</strong></span> 
     </span>
    </p>
   </div>
   <div class='ocr_carea' id='block_1_93' title="bbox 2162 4576 3738 4650">
    <p class='ocr_par' dir='ltr' id='par_1_93' title="bbox 2162 4576 3738 4650">
     <span class='ocr_line' id='line_1_93' title="bbox 2162 4576 3738 4650; baseline 0.001 -19"><span class='ocrx_word' id='word_1_697' title='bbox 2162 4576 2325 4632; x_wconf 91' lang='lat' dir='ltr'><strong>modo</strong></span> <span class='ocrx_word' id='word_1_698' title='bbox 2352 4577 2613 4647; x_wconf 68' lang='lat' dir='ltr'><strong>praedicta</strong></span> <span class='ocrx_word' id='word_1_699' title='bbox 2646 4583 2810 4643; x_wconf 89' lang='lat' dir='ltr'><strong>sunt,</strong></span> <span class='ocrx_word' id='word_1_700' title='bbox 2847 4577 3340 4644; x_wconf 78' lang='lat' dir='ltr'><strong>linem‘accepisse.</strong></span> <span class='ocrx_word' id='word_1_701' title='bbox 3368 4576 3511 4650; x_wconf 78' lang='lat' dir='ltr'><strong>Ergo</strong></span> <span class='ocrx_word' id='word_1_702' title='bbox 3542 4580 3599 4634; x_wconf 92' lang='lat' dir='ltr'><strong>in</strong></span> <span class='ocrx_word' id='word_1_703' title='bbox 3636 4580 3738 4635; x_wconf 75' lang='lat' dir='ltr'><strong>bu~</strong></span> 
     </span>
    </p>
   </div>
   <div class='ocr_carea' id='block_1_94' title="bbox 491 4648 2055 4745">
    <p class='ocr_par' dir='ltr' id='par_1_94' title="bbox 491 4651 2055 4729">
     <span class='ocr_line' id='line_1_94' title="bbox 491 4651 2055 4729; baseline 0.004 -24"><span class='ocrx_word' id='word_1_704' title='bbox 491 4651 716 4723; x_wconf 82' lang='grc' dir='ltr'>δυνάμει</span> <span class='ocrx_word' id='word_1_705' title='bbox 737 4653 817 4715; x_wconf 82' lang='grc' dir='ltr'><strong>εἰς</strong></span> <span class='ocrx_word' id='word_1_706' title='bbox 846 4656 1028 4724; x_wconf 86' lang='grc' dir='ltr'>χεῖρας</span> <span class='ocrx_word' id='word_1_707' title='bbox 1060 4654 1157 4725; x_wconf 83' lang='grc' dir='ltr'>τῆς</span> <span class='ocrx_word' id='word_1_708' title='bbox 1195 4655 1479 4725; x_wconf 86' lang='grc' dir='ltr'>Ῥωμαίων</span> <span class='ocrx_word' id='word_1_709' title='bbox 1513 4655 1786 4726; x_wconf 84' lang='grc' dir='ltr'>βασιλείας</span> <span class='ocrx_word' id='word_1_710' title='bbox 1810 4657 2055 4729; x_wconf 74' lang='grc' dir='ltr'>παρέδωο</span> 
     </span>
    </p>
   </div>
   <div class='ocr_carea' id='block_1_95' title="bbox 2160 4648 3736 4745">
    <p class='ocr_par' dir='ltr' id='par_1_95' title="bbox 2160 4648 3736 4745">
     <span class='ocr_line' id='line_1_95' title="bbox 2160 4648 3736 4745; baseline 0.003 -23"><span class='ocrx_word' id='word_1_711' title='bbox 2160 4669 2251 4737; x_wconf 85' lang='lat' dir='ltr'><strong>jus</strong></span> <span class='ocrx_word' id='word_1_712' title='bbox 2297 4668 2761 4745; x_wconf 86' lang='lat' dir='ltr'><strong>adventu,_sicut</strong></span> <span class='ocrx_word' id='word_1_713' title='bbox 2811 4669 2865 4724; x_wconf 91' lang='lat' dir='ltr'><strong>in</strong></span> <span class='ocrx_word' id='word_1_714' title='bbox 2914 4669 3033 4740; x_wconf 90' lang='lat' dir='ltr'><strong>ipsa</strong></span> <span class='ocrx_word' id='word_1_715' title='bbox 3073 4670 3355 4739; x_wconf 87' lang='lat' dir='ltr'><strong>prophetia</strong></span> <span class='ocrx_word' id='word_1_716' title='bbox 3397 4648 3736 4737; x_wconf 86' lang='lat' dir='ltr'><strong>continetur,</strong></span> 
     </span>
    </p>
   </div>
   <div class='ocr_carea' id='block_1_96' title="bbox 494 4744 2058 4815">
    <p class='ocr_par' dir='ltr' id='par_1_96' title="bbox 494 4744 2058 4815">
     <span class='ocr_line' id='line_1_96' title="bbox 494 4744 2058 4815; baseline 0.004 -19"><span class='ocrx_word' id='word_1_717' title='bbox 494 4761 617 4796; x_wconf 84' lang='grc' dir='ltr'>κεν·</span> <span class='ocrx_word' id='word_1_718' title='bbox 673 4744 736 4797; x_wconf 80' lang='grc' dir='ltr'><strong>οὐ</strong></span> <span class='ocrx_word' id='word_1_719' title='bbox 773 4746 877 4815; x_wconf 77' lang='grc' dir='ltr'>μὴν</span> <span class='ocrx_word' id='word_1_720' title='bbox 928 4745 1063 4798; x_wconf 77' lang='grc' dir='ltr'>ἀλλὰ</span> <span class='ocrx_word' id='word_1_721' title='bbox 1101 4747 1196 4799; x_wconf 65' lang='grc' dir='ltr'><strong>καὶ</strong></span> <span class='ocrx_word' id='word_1_722' title='bbox 1227 4747 1365 4800; x_wconf 74' lang='grc' dir='ltr'>κατὰ</span> <span class='ocrx_word' id='word_1_723' title='bbox 1401 4747 1637 4802; x_wconf 84' lang='grc' dir='ltr'>διάνοιαν</span> <span class='ocrx_word' id='word_1_724' title='bbox 1667 4750 1792 4813; x_wconf 78' lang='grc' dir='ltr'>τοὺς</span> <span class='ocrx_word' id='word_1_725' title='bbox 1831 4748 1889 4815; x_wconf 76' lang='grc' dir='ltr'>ἐξ</span> <span class='ocrx_word' id='word_1_726' title='bbox 1928 4751 2058 4803; x_wconf 83' lang='grc' dir='ltr'>Ἰου-</span> 
     </span>
    </p>
   </div>
   <div class='ocr_carea' id='block_1_97' title="bbox 490 4836 2061 4914">
    <p class='ocr_par' dir='ltr' id='par_1_97' title="bbox 490 4836 2061 4914">
     <span class='ocr_line' id='line_1_97' title="bbox 490 4836 2061 4914; baseline 0.004 -25"><span class='ocrx_word' id='word_1_727' title='bbox 490 4836 651 4889; x_wconf 85' lang='grc' dir='ltr'>δαίων</span> <span class='ocrx_word' id='word_1_728' title='bbox 673 4836 834 4890; x_wconf 80' lang='grc' dir='ltr'>αύτοῦ</span> <span class='ocrx_word' id='word_1_729' title='bbox 867 4839 1130 4910; x_wconf 77' lang='grc' dir='ltr'>μαθητὰς,</span> <span class='ocrx_word' id='word_1_730' title='bbox 1154 4840 1341 4914; x_wconf 81' lang='grc' dir='ltr'>ὥσπερ</span> <span class='ocrx_word' id='word_1_731' title='bbox 1361 4842 1482 4899; x_wconf 77' lang='grc' dir='ltr'>τινὰ</span> <span class='ocrx_word' id='word_1_732' title='bbox 1502 4842 1672 4896; x_wconf 88' lang='grc' dir='ltr'>σκῦλα</span> <span class='ocrx_word' id='word_1_733' title='bbox 1702 4860 2061 4914; x_wconf 85' lang='grc' dir='ltr'>περιπεποιη-</span> 
     </span>
    </p>
   </div>
   <div class='ocr_carea' id='block_1_98' title="bbox 496 4928 2060 5006">
    <p class='ocr_par' dir='ltr' id='par_1_98' title="bbox 496 4928 2060 5006">
     <span class='ocr_line' id='line_1_98' title="bbox 496 4928 2060 5006; baseline 0.006 -26"><span class='ocrx_word' id='word_1_734' title='bbox 496 4928 672 4998; x_wconf 84' lang='grc' dir='ltr'>μένος,</span> <span class='ocrx_word' id='word_1_735' title='bbox 726 4932 932 4998; x_wconf 83' lang='grc' dir='ltr'>νοητοῖς</span> <span class='ocrx_word' id='word_1_736' title='bbox 959 4933 1050 4984; x_wconf 56' lang='grc' dir='ltr'><strong>καί¹</strong></span> <span class='ocrx_word' id='word_1_737' title='bbox 1086 4930 1320 5001; x_wconf 83' lang='grc' dir='ltr'>λογικοῖς</span> <span class='ocrx_word' id='word_1_738' title='bbox 1365 4934 1548 4998; x_wconf 79' lang='grc' dir='ltr'>ὅπλοις</span> <span class='ocrx_word' id='word_1_739' title='bbox 1596 4935 1956 5006; x_wconf 78' lang='grc' dir='ltr'>περιφράξας,</span> <span class='ocrx_word' id='word_1_740' title='bbox 1980 4938 2060 4998; x_wconf 86' lang='grc' dir='ltr'><strong>είς</strong></span> 
     </span>
    </p>
   </div>
   <div class='ocr_carea' id='block_1_99' title="bbox 495 5019 2060 5097">
    <p class='ocr_par' dir='ltr' id='par_1_99' title="bbox 495 5019 2060 5097">
     <span class='ocr_line' id='line_1_99' title="bbox 495 5019 2060 5097; baseline 0.004 -24"><span class='ocrx_word' id='word_1_741' title='bbox 495 5019 781 5091; x_wconf 78' lang='grc' dir='ltr'>πρόσωπον</span> <span class='ocrx_word' id='word_1_742' title='bbox 810 5020 901 5074; x_wconf 82' lang='grc' dir='ltr'><strong>τοῦ</strong></span> <span class='ocrx_word' id='word_1_743' title='bbox 943 5020 1270 5094; x_wconf 84' lang='grc' dir='ltr'>δηλωθέντος</span> <span class='ocrx_word' id='word_1_744' title='bbox 1303 5024 1560 5094; x_wconf 82' lang='grc' dir='ltr'>βασιλέως</span> <span class='ocrx_word' id='word_1_745' title='bbox 1606 5026 1903 5097; x_wconf 84' lang='grc' dir='ltr'>Ἀσσυρίων</span> <span class='ocrx_word' id='word_1_746' title='bbox 1930 5044 2060 5080; x_wconf 88' lang='grc' dir='ltr'>κατ-</span> 
     </span>
    </p>
   </div>
   <div class='ocr_carea' id='block_1_100' title="bbox 492 5113 2061 5189">
    <p class='ocr_par' dir='ltr' id='par_1_100' title="bbox 492 5113 2061 5189">
     <span class='ocr_line' id='line_1_100' title="bbox 492 5113 2061 5189; baseline 0.006 -26"><span class='ocrx_word' id='word_1_747' title='bbox 492 5113 778 5184; x_wconf 80' lang='grc' dir='ltr'>εστήσατο,</span> <span class='ocrx_word' id='word_1_748' title='bbox 825 5116 918 5166; x_wconf 78' lang='grc' dir='ltr'>καὶ</span> <span class='ocrx_word' id='word_1_749' title='bbox 947 5115 1167 5179; x_wconf 79' lang='grc' dir='ltr'>τούτους</span> <span class='ocrx_word' id='word_1_750' title='bbox 1203 5118 1299 5187; x_wconf 89' lang='grc' dir='ltr'>μὲν</span> <span class='ocrx_word' id='word_1_751' title='bbox 1336 5118 1413 5181; x_wconf 84' lang='grc' dir='ltr'>ὡς</span> <span class='ocrx_word' id='word_1_752' title='bbox 1442 5118 1675 5182; x_wconf 85' lang='grc' dir='ltr'>οἰκείους</span> <span class='ocrx_word' id='word_1_753' title='bbox 1724 5118 2061 5189; x_wconf 86' lang='grc' dir='ltr'>στρατιώτας</span> 
     </span>
    </p>
   </div>
   <div class='ocr_carea' id='block_1_101' title="bbox 492 5205 2061 5283">
    <p class='ocr_par' dir='ltr' id='par_1_101' title="bbox 492 5205 2061 5283">
     <span class='ocr_line' id='line_1_101' title="bbox 492 5205 2061 5283; baseline 0.006 -27"><span class='ocrx_word' id='word_1_754' title='bbox 492 5205 714 5269; x_wconf 84' lang='grc' dir='ltr'>ὁπλίτας</span> <span class='ocrx_word' id='word_1_755' title='bbox 742 5209 1147 5278; x_wconf 78' lang='grc' dir='ltr'>παρεσκεύασεν</span> <span class='ocrx_word' id='word_1_756' title='bbox 1166 5227 1179 5239; x_wconf 91' lang='grc'><strong>·</strong></span> <span class='ocrx_word' id='word_1_757' title='bbox 1205 5210 1328 5274; x_wconf 85' lang='grc' dir='ltr'>τούς</span> <span class='ocrx_word' id='word_1_758' title='bbox 1340 5227 1402 5279; x_wconf 92' lang='grc' dir='ltr'><strong>γε</strong></span> <span class='ocrx_word' id='word_1_759' title='bbox 1424 5211 1528 5282; x_wconf 80' lang='grc' dir='ltr'>μὴν</span> <span class='ocrx_word' id='word_1_760' title='bbox 1553 5212 2061 5283; x_wconf 83' lang='grc' dir='ltr'>παραιτησαμένους</span> 
     </span>
    </p>
   </div>
   <div class='ocr_carea' id='block_1_102' title="bbox 492 5296 2063 5374">
    <p class='ocr_par' dir='ltr' id='par_1_102' title="bbox 492 5296 2063 5374">
     <span class='ocr_line' id='line_1_102' title="bbox 492 5296 2063 5374; baseline 0.006 -26"><span class='ocrx_word' id='word_1_761' title='bbox 492 5297 554 5350; x_wconf 79' lang='grc' dir='ltr'>τὸ</span> <span class='ocrx_word' id='word_1_762' title='bbox 587 5296 804 5367; x_wconf 89' lang='grc' dir='ltr'>γόνιμον</span> <span class='ocrx_word' id='word_1_763' title='bbox 835 5300 928 5352; x_wconf 78' lang='grc' dir='ltr'><strong>καὶ</strong></span> <span class='ocrx_word' id='word_1_764' title='bbox 958 5297 1184 5365; x_wconf 83' lang='grc' dir='ltr'>ζωτικὸν</span> <span class='ocrx_word' id='word_1_765' title='bbox 1222 5301 1365 5374; x_wconf 86' lang='grc' dir='ltr'>ῦδωρ</span> <span class='ocrx_word' id='word_1_766' title='bbox 1404 5304 1502 5374; x_wconf 83' lang='grc' dir='ltr'>τῆς</span> <span class='ocrx_word' id='word_1_767' title='bbox 1524 5304 1687 5357; x_wconf 79' lang='grc' dir='ltr'>αὐτοῦ</span> <span class='ocrx_word' id='word_1_768' title='bbox 1718 5303 2063 5368; x_wconf 87' lang='grc' dir='ltr'>διδασκαλίας</span> 
     </span>
    </p>
   </div>
   <div class='ocr_carea' id='block_1_103' title="bbox 494 5387 2065 5466">
    <p class='ocr_par' dir='ltr' id='par_1_103' title="bbox 494 5387 2065 5466">
     <span class='ocr_line' id='line_1_103' title="bbox 494 5387 2065 5466; baseline 0.006 -26"><span class='ocrx_word' id='word_1_769' title='bbox 494 5387 554 5440; x_wconf 69' lang='grc' dir='ltr'>τὸ</span> <span class='ocrx_word' id='word_1_770' title='bbox 575 5387 935 5460; x_wconf 86' lang='grc' dir='ltr'>πορευόμενον</span> <span class='ocrx_word' id='word_1_771' title='bbox 960 5390 1156 5463; x_wconf 74' lang='grc' dir='ltr'>ἡσυχῆ,</span> <span class='ocrx_word' id='word_1_772' title='bbox 1192 5391 1474 5463; x_wconf 75' lang='grc' dir='ltr'>ἑλομένους</span> <span class='ocrx_word' id='word_1_773' title='bbox 1500 5393 1641 5448; x_wconf 81' lang='grc' dir='ltr'>δὲτὰ</span> <span class='ocrx_word' id='word_1_774' title='bbox 1670 5393 1943 5466; x_wconf 79' lang='grc' dir='ltr'>πολεμικὰ</span> <span class='ocrx_word' id='word_1_775' title='bbox 1973 5397 2065 5449; x_wconf 71' lang='grc' dir='ltr'>καὶ</span> 
     </span>
    </p>
   </div>
   <div class='ocr_carea' id='block_1_104' title="bbox 422 5478 2058 5556">
    <p class='ocr_par' dir='ltr' id='par_1_104' title="bbox 422 5478 2058 5556">
     <span class='ocr_line' id='line_1_104' title="bbox 422 5478 2058 5556; baseline 0.004 -25"><span class='ocrx_word' id='word_1_776' title='bbox 422 5552 423 5555; x_wconf 13' lang='grc' dir='ltr'><strong>η</strong></span> <span class='ocrx_word' id='word_1_777' title='bbox 494 5478 662 5551; x_wconf 70' lang='grc' dir='ltr'>ἐχθρὰ</span> <span class='ocrx_word' id='word_1_778' title='bbox 686 5478 763 5550; x_wconf 80' lang='grc' dir='ltr'>τῷ</span> <span class='ocrx_word' id='word_1_779' title='bbox 790 5479 931 5553; x_wconf 79' lang='grc' dir='ltr'>Θεῷ,</span> <span class='ocrx_word' id='word_1_780' title='bbox 968 5481 1046 5553; x_wconf 81' lang='grc' dir='ltr'>τῷ</span> <span class='ocrx_word' id='word_1_781' title='bbox 1074 5483 1179 5536; x_wconf 86' lang='grc' dir='ltr'><strong>τῶν</strong></span> <span class='ocrx_word' id='word_1_782' title='bbox 1230 5482 1525 5555; x_wconf 85' lang='grc' dir='ltr'>Ἀσσυρίων</span> <span class='ocrx_word' id='word_1_783' title='bbox 1554 5484 1785 5551; x_wconf 78' lang='grc' dir='ltr'>ἐξέδωκε</span> <span class='ocrx_word' id='word_1_784' title='bbox 1832 5484 2058 5556; x_wconf 81' lang='grc' dir='ltr'>βασιλεῖ,</span> 
     </span>
    </p>
   </div>
   <div class='ocr_carea' id='block_1_105' title="bbox 491 5565 2060 5649">
    <p class='ocr_par' dir='ltr' id='par_1_105' title="bbox 491 5565 2060 5649">
     <span class='ocr_line' id='line_1_105' title="bbox 491 5565 2060 5649; baseline 0.003 -24"><span class='ocrx_word' id='word_1_785' title='bbox 491 5565 537 5639; x_wconf 82' lang='grc' dir='ltr'>ᾧ</span> <span class='ocrx_word' id='word_1_786' title='bbox 563 5573 656 5626; x_wconf 71' lang='grc' dir='ltr'>καὶ</span> <span class='ocrx_word' id='word_1_787' title='bbox 688 5572 853 5627; x_wconf 76' lang='grc' dir='ltr'>εἰσέτι</span> <span class='ocrx_word' id='word_1_788' title='bbox 907 5573 1001 5628; x_wconf 89' lang='grc' dir='ltr'><strong>νῦν</strong></span> <span class='ocrx_word' id='word_1_789' title='bbox 1040 5577 1363 5647; x_wconf 83' lang='grc' dir='ltr'>τυγχάνουσι</span> <span class='ocrx_word' id='word_1_790' title='bbox 1415 5576 1814 5648; x_wconf 84' lang='grc' dir='ltr'>δεδουλωμένοι.</span> <span class='ocrx_word' id='word_1_791' title='bbox 1867 5577 2060 5649; x_wconf 79' lang='grc' dir='ltr'>Ἀνέϐη</span> 
     </span>
    </p>
   </div>
   <div class='ocr_carea' id='block_1_106' title="bbox 493 5658 2062 5742">
    <p class='ocr_par' dir='ltr' id='par_1_106' title="bbox 493 5658 2062 5742">
     <span class='ocr_line' id='line_1_106' title="bbox 493 5658 2062 5742; baseline 0.005 -26"><span class='ocrx_word' id='word_1_792' title='bbox 493 5663 621 5731; x_wconf 79' lang='grc' dir='ltr'>γοῦν</span> <span class='ocrx_word' id='word_1_793' title='bbox 653 5658 804 5730; x_wconf 66' lang='grc' dir='ltr'>οὗτος</span> <span class='ocrx_word' id='word_1_794' title='bbox 839 5666 933 5720; x_wconf 72' lang='grc' dir='ltr'><strong>ἐπὶ</strong></span> <span class='ocrx_word' id='word_1_795' title='bbox 964 5668 1141 5720; x_wconf 83' lang='grc' dir='ltr'>πᾶσαν</span> <span class='ocrx_word' id='word_1_796' title='bbox 1197 5668 1457 5742; x_wconf 82' lang='grc' dir='ltr'>φάραγγα</span> <span class='ocrx_word' id='word_1_797' title='bbox 1491 5669 1691 5734; x_wconf 83' lang='grc' dir='ltr'>αὐτῶν,</span> <span class='ocrx_word' id='word_1_798' title='bbox 1724 5676 1813 5724; x_wconf 83' lang='grc' dir='ltr'><strong>καὶ</strong></span> <span class='ocrx_word' id='word_1_799' title='bbox 1844 5670 1933 5724; x_wconf 76' lang='grc' dir='ltr'>ἐπὶ</span> <span class='ocrx_word' id='word_1_800' title='bbox 1954 5671 2062 5724; x_wconf 80' lang='grc' dir='ltr'>πᾶν</span> 
     </span>
    </p>
   </div>
   <div class='ocr_carea' id='block_1_107' title="bbox 495 5758 2057 5834">
    <p class='ocr_par' dir='ltr' id='par_1_107' title="bbox 495 5758 2057 5834">
     <span class='ocr_line' id='line_1_107' title="bbox 495 5758 2057 5834; baseline 0.008 -28"><span class='ocrx_word' id='word_1_801' title='bbox 495 5758 668 5829; x_wconf 82' lang='grc' dir='ltr'>τεῖχος</span> <span class='ocrx_word' id='word_1_802' title='bbox 694 5758 893 5827; x_wconf 84' lang='grc' dir='ltr'>αὐτῶν,</span> <span class='ocrx_word' id='word_1_803' title='bbox 916 5760 1024 5834; x_wconf 35' lang='grc' dir='ltr'>,καὶ</span> <span class='ocrx_word' id='word_1_804' title='bbox 1071 5760 1287 5831; x_wconf 77' lang='grc' dir='ltr'>ἀφεῖλεν</span> <span class='ocrx_word' id='word_1_805' title='bbox 1326 5761 1435 5819; x_wconf 79' lang='grc' dir='ltr'><strong>ἀπὸ</strong></span> <span class='ocrx_word' id='word_1_806' title='bbox 1455 5763 1554 5834; x_wconf 86' lang='grc' dir='ltr'><strong>τῆς</strong></span> <span class='ocrx_word' id='word_1_807' title='bbox 1594 5764 1849 5830; x_wconf 82' lang='grc' dir='ltr'>Ἰουδαίας</span> <span class='ocrx_word' id='word_1_808' title='bbox 1881 5764 2057 5818; x_wconf 82' lang='grc' dir='ltr'>πάντα</span> 
     </span>
    </p>
   </div>
   <div class='ocr_carea' id='block_1_108' title="bbox 2165 4757 3733 4831">
    <p class='ocr_par' dir='ltr' id='par_1_108' title="bbox 2165 4757 3733 4831">
     <span class='ocr_line' id='line_1_108' title="bbox 2165 4757 3733 4831; baseline 0.001 -18"><span class='ocrx_word' id='word_1_809' title='bbox 2165 4757 2404 4827; x_wconf 86' lang='lat' dir='ltr'><strong>scriptus</strong></span> <span class='ocrx_word' id='word_1_810' title='bbox 2447 4765 2530 4813; x_wconf 90' lang='lat' dir='ltr'><strong>est</strong></span> <span class='ocrx_word' id='word_1_811' title='bbox 2578 4775 2753 4815; x_wconf 92' lang='lat' dir='ltr'><strong>novus</strong></span> <span class='ocrx_word' id='word_1_812' title='bbox 2802 4758 2960 4822; x_wconf 87' lang='lat' dir='ltr'><strong>liber,</strong></span> <span class='ocrx_word' id='word_1_813' title='bbox 2994 4757 3128 4815; x_wconf 88' lang='lat' dir='ltr'><strong>Novi</strong></span> <span class='ocrx_word' id='word_1_814' title='bbox 3170 4759 3361 4831; x_wconf 90' lang='lat' dir='ltr'><strong>utique</strong></span> <span class='ocrx_word' id='word_1_815' title='bbox 3391 4759 3733 4817; x_wconf 86' lang='lat' dir='ltr'><strong>Testamenti</strong></span> 
     </span>
    </p>
   </div>
   <div class='ocr_carea' id='block_1_109' title="bbox 2163 4849 3736 4923">
    <p class='ocr_par' dir='ltr' id='par_1_109' title="bbox 2163 4849 3736 4923">
     <span class='ocr_line' id='line_1_109' title="bbox 2163 4849 3736 4923; baseline 0.004 -21"><span class='ocrx_word' id='word_1_816' title='bbox 2163 4849 2329 4903; x_wconf 78' lang='lat' dir='ltr'><strong>verba</strong></span> <span class='ocrx_word' id='word_1_817' title='bbox 2359 4850 2728 4919; x_wconf 72' lang='lat' dir='ltr'><strong>complectens</strong></span> <span class='ocrx_word' id='word_1_818' title='bbox 2747 4891 2761 4916; x_wconf 91' lang='lat'><strong>,</strong></span> <span class='ocrx_word' id='word_1_819' title='bbox 2792 4859 2848 4907; x_wconf 90' lang='lat' dir='ltr'><strong>et</strong></span> <span class='ocrx_word' id='word_1_820' title='bbox 2876 4852 2929 4906; x_wconf 92' lang='lat' dir='ltr'><strong>in</strong></span> <span class='ocrx_word' id='word_1_821' title='bbox 2962 4852 3047 4908; x_wconf 90' lang='lat' dir='ltr'><strong>his</strong></span> <span class='ocrx_word' id='word_1_822' title='bbox 3075 4861 3230 4907; x_wconf 90' lang='lat' dir='ltr'><strong>ortus</strong></span> <span class='ocrx_word' id='word_1_823' title='bbox 3258 4854 3590 4923; x_wconf 78' lang='lat' dir='ltr'><strong>propheticae</strong></span> <span class='ocrx_word' id='word_1_824' title='bbox 3621 4869 3736 4908; x_wconf 86' lang='lat' dir='ltr'><strong>mu-</strong></span> 
     </span>
    </p>
   </div>
   <div class='ocr_carea' id='block_1_110' title="bbox 2164 4939 3734 5014">
    <p class='ocr_par' dir='ltr' id='par_1_110' title="bbox 2164 4939 3734 5014">
     <span class='ocr_line' id='line_1_110' title="bbox 2164 4939 3734 5014; baseline 0.003 -19"><span class='ocrx_word' id='word_1_825' title='bbox 2164 4939 2317 4996; x_wconf 88' lang='lat' dir='ltr'><strong>lieris</strong></span> <span class='ocrx_word' id='word_1_826' title='bbox 2349 4941 2443 4997; x_wconf 81' lang='lat' dir='ltr'><strong>ﬁlii</strong></span> <span class='ocrx_word' id='word_1_827' title='bbox 2466 4979 2482 5005; x_wconf 90' lang='lat'><strong>,</strong></span> <span class='ocrx_word' id='word_1_828' title='bbox 2518 4942 2610 5011; x_wconf 91' lang='lat' dir='ltr'><strong>qui</strong></span> <span class='ocrx_word' id='word_1_829' title='bbox 2645 4943 2948 4998; x_wconf 91' lang='lat' dir='ltr'><strong>secundum</strong></span> <span class='ocrx_word' id='word_1_830' title='bbox 2980 4945 3146 4998; x_wconf 87' lang='lat' dir='ltr'><strong>verba</strong></span> <span class='ocrx_word' id='word_1_831' title='bbox 3181 4943 3505 5014; x_wconf 71' lang='lat' dir='ltr'><strong>prophetize,</strong></span> <span class='ocrx_word' id='word_1_832' title='bbox 3543 4953 3596 4999; x_wconf 90' lang='lat' dir='ltr'><strong>et</strong></span> <span class='ocrx_word' id='word_1_833' title='bbox 3631 4944 3734 4999; x_wconf 84' lang='lat' dir='ltr'><strong>Da-</strong></span> 
     </span>
    </p>
   </div>
   <div class='ocr_carea' id='block_1_111' title="bbox 2163 5031 3735 5107">
    <p class='ocr_par' dir='ltr' id='par_1_111' title="bbox 2163 5031 3735 5107">
     <span class='ocr_line' id='line_1_111' title="bbox 2163 5031 3735 5107; baseline 0.003 -22"><span class='ocrx_word' id='word_1_834' title='bbox 2163 5031 2335 5087; x_wconf 83' lang='lat' dir='ltr'><strong>masci</strong></span> <span class='ocrx_word' id='word_1_835' title='bbox 2379 5038 2434 5087; x_wconf 89' lang='lat' dir='ltr'><strong>et</strong></span> <span class='ocrx_word' id='word_1_836' title='bbox 2486 5031 2659 5102; x_wconf 66' lang='lat' dir='ltr'><strong>Syriae</strong></span> <span class='ocrx_word' id='word_1_837' title='bbox 2705 5034 2973 5088; x_wconf 68' lang='lat' dir='ltr'><strong>universae</strong></span> <span class='ocrx_word' id='word_1_838' title='bbox 3008 5032 3253 5107; x_wconf 80' lang='lat' dir='ltr'><strong>regalem</strong></span> <span class='ocrx_word' id='word_1_839' title='bbox 3304 5033 3638 5102; x_wconf 79' lang='lat' dir='ltr'><strong>potentiam,</strong></span> <span class='ocrx_word' id='word_1_840' title='bbox 3678 5045 3735 5090; x_wconf 81' lang='lat' dir='ltr'><strong>et</strong></span> 
     </span>
    </p>
   </div>
   <div class='ocr_carea' id='block_1_112' title="bbox 2161 5122 3736 5194">
    <p class='ocr_par' dir='ltr' id='par_1_112' title="bbox 2161 5122 3736 5194">
     <span class='ocr_line' id='line_1_112' title="bbox 2161 5122 3736 5194; baseline 0.003 -17"><span class='ocrx_word' id='word_1_841' title='bbox 2161 5138 2282 5193; x_wconf 66' lang='lat' dir='ltr'><strong>quae</strong></span> <span class='ocrx_word' id='word_1_842' title='bbox 2308 5138 2410 5179; x_wconf 90' lang='lat' dir='ltr'><strong>nos</strong></span> <span class='ocrx_word' id='word_1_843' title='bbox 2435 5126 2779 5194; x_wconf 86' lang='lat' dir='ltr'><strong>interpretati</strong></span> <span class='ocrx_word' id='word_1_844' title='bbox 2808 5140 3030 5187; x_wconf 86' lang='lat' dir='ltr'><strong>sumus,</strong></span> <span class='ocrx_word' id='word_1_845' title='bbox 3063 5125 3238 5194; x_wconf 83' lang='lat' dir='ltr'><strong>spolia</strong></span> <span class='ocrx_word' id='word_1_846' title='bbox 3270 5122 3530 5179; x_wconf 71' lang='lat' dir='ltr'><strong>Samaria:</strong></span> <span class='ocrx_word' id='word_1_847' title='bbox 3554 5168 3569 5191; x_wconf 94' lang='lat'><strong>,</strong></span> <span class='ocrx_word' id='word_1_848' title='bbox 3601 5127 3736 5181; x_wconf 83' lang='lat' dir='ltr'><strong>incf-</strong></span> 
     </span>
    </p>
   </div>
   <div class='ocr_carea' id='block_1_113' title="bbox 2162 5215 3729 5288">
    <p class='ocr_par' dir='ltr' id='par_1_113' title="bbox 2162 5215 3729 5288">
     <span class='ocr_line' id='line_1_113' title="bbox 2162 5215 3729 5288; baseline 0.001 -18"><span class='ocrx_word' id='word_1_849' title='bbox 2162 5216 2314 5272; x_wconf 84' lang='lat' dir='ltr'><strong>fabili</strong></span> <span class='ocrx_word' id='word_1_850' title='bbox 2347 5217 2582 5288; x_wconf 87' lang='lat' dir='ltr'><strong>quadam</strong></span> <span class='ocrx_word' id='word_1_851' title='bbox 2624 5215 2920 5286; x_wconf 88' lang='lat' dir='ltr'><strong>divinaque</strong></span> <span class='ocrx_word' id='word_1_852' title='bbox 2963 5216 3165 5269; x_wconf 87' lang='lat' dir='ltr'><strong>virtute</strong></span> <span class='ocrx_word' id='word_1_853' title='bbox 3206 5216 3262 5268; x_wconf 90' lang='lat' dir='ltr'><strong>in</strong></span> <span class='ocrx_word' id='word_1_854' title='bbox 3306 5231 3501 5271; x_wconf 89' lang='lat' dir='ltr'><strong>manus</strong></span> <span class='ocrx_word' id='word_1_855' title='bbox 3541 5232 3729 5288; x_wconf 80' lang='lat' dir='ltr'><strong>regum</strong></span> 
     </span>
    </p>
   </div>
   <div class='ocr_carea' id='block_1_114' title="bbox 2159 5306 3735 5381">
    <p class='ocr_par' dir='ltr' id='par_1_114' title="bbox 2159 5306 3735 5381">
     <span class='ocr_line' id='line_1_114' title="bbox 2159 5306 3735 5381; baseline 0.001 -19"><span class='ocrx_word' id='word_1_856' title='bbox 2159 5306 2532 5364; x_wconf 85' lang='lat' dir='ltr'><strong>Romanorum</strong></span> <span class='ocrx_word' id='word_1_857' title='bbox 2561 5307 2820 5373; x_wconf 86' lang='lat' dir='ltr'><strong>tradidit;</strong></span> <span class='ocrx_word' id='word_1_858' title='bbox 2851 5313 3224 5362; x_wconf 81' lang='lat' dir='ltr'><strong>verumtamen</strong></span> <span class='ocrx_word' id='word_1_859' title='bbox 3251 5307 3576 5363; x_wconf 86' lang='lat' dir='ltr'><strong>sententiam</strong></span> <span class='ocrx_word' id='word_1_860' title='bbox 3602 5325 3735 5381; x_wconf 87' lang='lat' dir='ltr'><strong>quo-</strong></span> 
     </span>
    </p>
   </div>
   <div class='ocr_carea' id='block_1_115' title="bbox 2162 5396 3730 5472">
    <p class='ocr_par' dir='ltr' id='par_1_115' title="bbox 2162 5396 3730 5472">
     <span class='ocr_line' id='line_1_115' title="bbox 2162 5396 3730 5472; baseline 0.003 -20"><span class='ocrx_word' id='word_1_861' title='bbox 2162 5416 2269 5469; x_wconf 87' lang='lat' dir='ltr'><strong>que</strong></span> <span class='ocrx_word' id='word_1_862' title='bbox 2301 5401 2654 5472; x_wconf 89' lang='lat' dir='ltr'><strong>sequentibus</strong></span> <span class='ocrx_word' id='word_1_863' title='bbox 2674 5439 2688 5464; x_wconf 91' lang='lat'><strong>,</strong></span> <span class='ocrx_word' id='word_1_864' title='bbox 2725 5415 2856 5455; x_wconf 90' lang='lat' dir='ltr'><strong>suos</strong></span> <span class='ocrx_word' id='word_1_865' title='bbox 2887 5399 3027 5453; x_wconf 89' lang='lat' dir='ltr'><strong>idem</strong></span> <span class='ocrx_word' id='word_1_866' title='bbox 3062 5397 3130 5453; x_wconf 91' lang='lat' dir='ltr'><strong>de</strong></span> <span class='ocrx_word' id='word_1_867' title='bbox 3155 5396 3359 5456; x_wconf 65' lang='lat' dir='ltr'><strong>Judasis</strong></span> <span class='ocrx_word' id='word_1_868' title='bbox 3386 5399 3691 5470; x_wconf 89' lang='lat' dir='ltr'><strong>discipulos</strong></span> <span class='ocrx_word' id='word_1_869' title='bbox 3714 5453 3730 5470; x_wconf 76' lang='lat'><strong>,</strong></span> 
     </span>
    </p>
   </div>
   <div class='ocr_carea' id='block_1_116' title="bbox 2165 5478 3744 5561">
    <p class='ocr_par' dir='ltr' id='par_1_116' title="bbox 2165 5478 3744 5561">
     <span class='ocr_line' id='line_1_116' title="bbox 2165 5478 3744 5561; baseline 0 -18"><span class='ocrx_word' id='word_1_870' title='bbox 2165 5490 2323 5560; x_wconf 87' lang='lat' dir='ltr'><strong>quasi</strong></span> <span class='ocrx_word' id='word_1_871' title='bbox 2375 5491 2546 5561; x_wconf 82' lang='lat' dir='ltr'><strong>spolia</strong></span> <span class='ocrx_word' id='word_1_872' title='bbox 2586 5489 2831 5560; x_wconf 64' lang='lat' dir='ltr'><strong>quaedam</strong></span> <span class='ocrx_word' id='word_1_873' title='bbox 2869 5489 3129 5558; x_wconf 88' lang='lat' dir='ltr'><strong>adeptus,</strong></span> <span class='ocrx_word' id='word_1_874' title='bbox 3161 5487 3605 5557; x_wconf 82' lang='lat' dir='ltr'><strong>intelligibilihus</strong></span> <span class='ocrx_word' id='word_1_875' title='bbox 3635 5478 3744 5553; x_wconf 61' lang='grc' dir='ltr'>ναοί</span> 
     </span>
    </p>
   </div>
   <div class='ocr_carea' id='block_1_117' title="bbox 2164 5580 3733 5651">
    <p class='ocr_par' dir='ltr' id='par_1_117' title="bbox 2164 5580 3733 5651">
     <span class='ocr_line' id='line_1_117' title="bbox 2164 5580 3733 5651; baseline 0.002 -16"><span class='ocrx_word' id='word_1_876' title='bbox 2164 5582 2570 5651; x_wconf 85' lang='lat' dir='ltr'><strong>tionalibusque</strong></span> <span class='ocrx_word' id='word_1_877' title='bbox 2617 5580 2785 5634; x_wconf 87' lang='lat' dir='ltr'><strong>armis</strong></span> <span class='ocrx_word' id='word_1_878' title='bbox 2833 5581 3105 5642; x_wconf 83' lang='lat' dir='ltr'><strong>mu‘nitos,</strong></span> <span class='ocrx_word' id='word_1_879' title='bbox 3150 5580 3207 5633; x_wconf 93' lang='lat' dir='ltr'><strong>in</strong></span> <span class='ocrx_word' id='word_1_880' title='bbox 3252 5580 3442 5634; x_wconf 79' lang='lat' dir='ltr'><strong>faciem</strong></span> <span class='ocrx_word' id='word_1_881' title='bbox 3497 5581 3618 5651; x_wconf 87' lang='lat' dir='ltr'><strong>ejus</strong></span> <span class='ocrx_word' id='word_1_882' title='bbox 3665 5584 3733 5637; x_wconf 86' lang='lat' dir='ltr'><strong>de</strong></span> 
     </span>
    </p>
   </div>
   <div class='ocr_carea' id='block_1_118' title="bbox 2164 5671 3734 5743">
    <p class='ocr_par' dir='ltr' id='par_1_118' title="bbox 2164 5671 3734 5743">
     <span class='ocr_line' id='line_1_118' title="bbox 2164 5671 3734 5743; baseline 0 -16"><span class='ocrx_word' id='word_1_883' title='bbox 2164 5688 2274 5743; x_wconf 90' lang='lat' dir='ltr'><strong>quo</strong></span> <span class='ocrx_word' id='word_1_884' title='bbox 2317 5673 2521 5727; x_wconf 89' lang='lat' dir='ltr'><strong>dictum</strong></span> <span class='ocrx_word' id='word_1_885' title='bbox 2567 5679 2651 5726; x_wconf 90' lang='lat' dir='ltr'><strong>est</strong></span> <span class='ocrx_word' id='word_1_886' title='bbox 2694 5672 2837 5742; x_wconf 80' lang='lat' dir='ltr'><strong>regis</strong></span> <span class='ocrx_word' id='word_1_887' title='bbox 2865 5671 3216 5742; x_wconf 84' lang='lat' dir='ltr'><strong>Assyriorum</strong></span> <span class='ocrx_word' id='word_1_888' title='bbox 3242 5712 3258 5738; x_wconf 92' lang='lat'><strong>,</strong></span> <span class='ocrx_word' id='word_1_889' title='bbox 3295 5671 3614 5739; x_wconf 85' lang='lat' dir='ltr'><strong>constituit,</strong></span> <span class='ocrx_word' id='word_1_890' title='bbox 3648 5682 3734 5728; x_wconf 88' lang='lat' dir='ltr'><strong>at-</strong></span> 
     </span>
    </p>
   </div>
   <div class='ocr_carea' id='block_1_119' title="bbox 2165 5762 3732 5840">
    <p class='ocr_par' dir='ltr' id='par_1_119' title="bbox 2165 5762 3732 5840">
     <span class='ocr_line' id='line_1_119' title="bbox 2165 5762 3732 5840; baseline 0.003 -24"><span class='ocrx_word' id='word_1_891' title='bbox 2165 5776 2271 5833; x_wconf 89' lang='lat' dir='ltr'><strong>que</strong></span> <span class='ocrx_word' id='word_1_892' title='bbox 2316 5762 2417 5819; x_wconf 84' lang='lat' dir='ltr'><strong>hos</strong></span> <span class='ocrx_word' id='word_1_893' title='bbox 2462 5768 2900 5831; x_wconf 84' lang='lat' dir='ltr'><strong>tanquam-suos</strong></span> <span class='ocrx_word' id='word_1_894' title='bbox 2935 5763 3483 5840; x_wconf 84' lang='lat' dir='ltr'><strong>proprios_scutatos</strong></span> <span class='ocrx_word' id='word_1_895' title='bbox 3525 5766 3732 5822; x_wconf 80' lang='lat' dir='ltr'><strong>milites</strong></span> 
     </span>
    </p>
   </div>
  </div>
