4110 6444
398 314 503 371 5ὶῖ

1024 316 1289 374 EUSEBII
1329 316 1804 374 CxESARIENSIS
1842 319 1991 375 OPP.
2037 318 2214 375 PARS
2254 318 2316 374 ll.
2350 347 2418 359 —
2451 314 2937 373 APOLOGETICA.

3520 312 3625 369 5&8

394 427 746 499 comparavit.
775 427 1021 482 Attamen
1048 444 1144 483 eos
1174 430 1263 497 qui
1299 427 1584 483 fecundam
1627 430 1945 499 vitalemque

2051 430 2285 504 ἄρχοντα
2331 431 2425 483 καὶ
2476 429 2715 499 βασιλέα,
2772 428 3012 503 κεφαλὴν
3063 427 3483 498 ὀνομαζόμενον,
3533 431 3628 481 καὶ

395 521 658 576 doctrina:
687 535 799 575 sua:
828 533 1058 589 aquam,
1089 535 1210 589 qua:
1239 536 1362 574 cum
1394 522 1611 576 silentio
1644 523 1846 577 labitur
1874 537 1960 576 re-

394 617 707 674 cusaverint
727 654 741 673 ,
772 620 823 665 et
850 611 1079 666 hostiles
1111 612 1329 681 Dcoque
1357 613 1608 669 inimicas
1640 626 1821 684 partes
1851 616 1959 671 cle-

394 706 600 775 gcrinl,
629 704 737 773 regi
766 703 1114 773 Assyriorum
1144 703 1401 768 tradidit,
1430 704 1517 758 cui
1544 705 1762 775 quidem
1793 706 1956 761 etiam

394 811 537 851 nunc
568 794 766 851 addicti
793 794 1055 849 serviunt.
1078 795 1238 868 335
1265 797 1524 852 Ascendit
1554 797 1721 867 igitur
1749 798 1836 852 hic
1867 814 1960 854 su-

396 905 489 957 per
518 904 732 942 omnem
777 888 1079 942 convallem
1120 890 1362 959 ipsorum
1395 929 1409 952 ,
1440 898 1496 944 et
1540 906 1707 961 super
1737 906 1954 948 omnem

394 995 605 1034 murum
637 979 878 1050 ipsorum
902 1020 915 1042 ,
943 988 997 1033 et
1025 982 1247 1035 abstulit
1270 982 1337 1037 de
1359 980 1545 1036 Judma
1573 997 1785 1037 omnem
1815 983 1959 1052 prin-

391 1076 565 1142 cipem
593 1087 655 1126 ac
685 1088 863 1143 regem
888 1116 901 1137 ,
930 1074 1023 1143 qui
1055 1073 1159 1127 hoc
1192 1074 1246 1127 in
1282 1074 1401 1128 loco
1427 1081 1591 1144 caput
1618 1075 1954 1139 nominatur,

391 1172 444 1219 et
472 1179 687 1219 omnem
720 1174 1024 1236 potentem,
1055 1166 1147 1236 qui
1180 1166 1382 1237 aliquid
1413 1166 1743 1232 conﬁceret;
1775 1166 1956 1237 itaque

390 1272 453 1311 ex
487 1256 578 1312 illo
608 1256 661 1310 in
694 1257 839 1311 hunc
868 1272 1043 1323 usque
1070 1257 1213 1312 diem
1248 1258 1323 1312 illi
1391 1274 1566 1328 neque
1596 1259 1765 1313 ullum
1792 1264 1956 1328 caput

390 1348 620 1411 habent,
653 1364 828 1419 neque
860 1349 1094 1418 aliquem
1126 1350 1177 1403 in
1210 1349 1409 1404 divinis
1438 1357 1746 1420 potentem,
1777 1348 1955 1419 qualis

388 1440 662 1509 quondam
690 1449 842 1504 erat,
876 1443 967 1512 qui
998 1442 1103 1495 illis
1136 1452 1516 1495 ornamentum
1550 1441 1827 1511 decusque
1858 1439 1956 1494 ad-

387 1534 581 1599 debat,
617 1535 733 1589 sive
778 1538 1077 1605 propheta,
1123 1535 1237 1589 sive
1280 1535 1480 1604 alioqui
1517 1534 1697 1603 justus
1738 1533 1954 1603 Deoque

388 1624 599 1681 amicus
625 1624 731 1681 vir.
762 1624 993 1679 Constat
1024 1632 1202 1679 autem
1239 1624 1370 1678 illud
1404 1639 1651 1694 quoque,
1689 1622 1952 1694 quemad-

2063 524 2235 577 πάντα
2292 521 2514 575 δυνατὸν
2545 520 2959 575 συντελέσασθαι
2992 537 3075 572 τι·
3126 519 3266 573 ὥστε
3319 517 3377 584 ἐξ
3417 520 3627 574 ἐκείνου

2060 614 2153 667 καὶ
2172 615 2252 676 είς
2274 613 2430 684 δεῦρο
2465 614 2601 685 μήτε
2650 611 2887 682 κεφαλὴν
2912 610 3106 674 αὐτοὺς
3142 610 3461 679 κεκτῆσθαι,
3492 612 3628 682 μήτε

2058 705 2177 759 τινὰ
2210 705 2436 759 δυνατὸν
2467 707 2523 758 ὲν
2550 708 2661 767 τοῖς
2706 703 2885 767 θείοις,
2914 697 3025 766 οἷος
3053 699 3121 774 ἦν
3151 705 3180 756 ὁ
3207 703 3373 756 πάλαι
3398 703 3626 774 διαπρέ-

2059 811 2176 847 πων
2204 797 2261 849 ὲν
2309 795 2511 858 αὐτοῖς,
2562 795 2669 847 εἴτε
2722 797 3024 864 προφήτης,
3066 793 3172 845 εἴτε
3206 791 3379 855 ἄλλως
3421 792 3627 855 δίκαιος

2057 883 2148 935 καὶ
2201 882 2452 955 θεοφιλὴς
2510 884 2668 954 ἀνήρ.
2707 881 2977 954 Πρόδηλον
3026 881 3083 935 δὲ
3148 882 3295 946 ὅπως
3328 882 3424 935 καὶ
3478 884 3627 936 πᾶσα

2055 974 2233 1027 αὐτῶν
2257 977 2290 1046 ἡ
2318 973 2468 1046 χώρα
2501 974 2809 1045 ὑποχείριος
2835 977 2949 1038 τοῖς
2963 974 3140 1027 αὐτῶν
3175 974 3386 1045 ὲχθροῖς
3419 976 3513 1028 καὶ
3537 991 3623 1029 πο-

2054 1066 2259 1137 λεμίοις
2285 1067 2450 1119 είσέτι
2500 1066 2594 1121 νῦν
2639 1066 2961 1138 καθέστηκε,
3003 1065 3097 1119 καὶ
3138 1066 3211 1129 ὡς
3241 1065 3413 1119 ταῦτα
3448 1068 3624 1121 πάντα

2053 1157 2145 1210 ἐπὶ
2176 1161 2240 1230 τῇ
2264 1158 2532 1231 παρουσίᾳ
2584 1157 2677 1211 τοῦ
2725 1158 3067 1230 Ἐμμανουήλ
3101 1157 3432 1212 τετέλεσται.
3466 1157 3626 1212 Οὕτω

2054 1249 2183 1317 γοῦν
2228 1252 2261 1320 ἡ
2307 1250 2569 1321 Ἐϐραίων
2601 1252 2785 1321 γραφὴ
2823 1251 3080 1322 περιέχει,
3111 1252 3390 1322 μονονουχὶ
3425 1251 3625 1323 σημαί-

2053 1356 2237 1403 νουσα,
2294 1340 2385 1393 τὸν
2451 1341 2797 1413 Ἐμμανουήλ
2855 1342 2946 1395 τὸν
2976 1341 3343 1409 ἀπιπηθέντα
3386 1343 3484 1413 μὲν
3515 1344 3621 1398 ὑπὸ

2066 1433 2353 1493 Ἰουδαίων,
2389 1434 2481 1486 καὶ
2511 1435 2682 1487 αἴτιον
2710 1434 2893 1497 αὐτοῖς
2924 1433 3032 1487 τῶν
3049 1432 3314 1487 τοσούτων
3334 1435 3620 1505 γενόμενον

2054 1525 2366 1596 συμφορῶν,
2395 1528 2527 1595 ἡμῖν
2548 1524 2605 1578 δὲ
2624 1527 2735 1586 τοῖς
2754 1525 2929 1578 ἔθνεσι
2952 1524 3320 1589 πιστευθέντα,
3345 1525 3619 1597 σωτηρίας

2050 1630 2109 1666 τε
2144 1615 2236 1667 καὶ
2294 1614 2549 1684 γνώσεως
2586 1615 2721 1669 Θεοῦ
2760 1617 3047 1689 παραίτιον
3095 1615 3491 1686 ἀποδειχθέντα.
3525 1618 3617 1673 Διὸ

386 1716 607 1771 modum
641 1717 820 1772 omnis
854 1718 1095 1787 ipsorum
1133 1717 1282 1786 regio
1312 1715 1550 1770 inimicis
1591 1715 1945 1785 hostibusque

2053 1706 2181 1776 ἑξῆς
2231 1706 2537 1775 ἐπιλέγεται
2561 1724 2574 1738 ’
2614 1727 2632 1759 ι
2656 1708 2790 1762 Μεθ’
2822 1708 2977 1779 ἡμῶν
2998 1710 3027 1761 ὁ
3047 1707 3180 1772 Θεός
3199 1726 3211 1738 ⁸
3239 1708 3431 1777 γνῶτε,
3465 1708 3613 1780 ἔθνη,

388 1809 629 1878 ipsorum
660 1809 936 1878 subjecta,
971 1809 1023 1861 in
1061 1808 1204 1862 hunc
1240 1824 1413 1879 usque
1442 1807 1585 1861 diem
1618 1816 1863 1872 vexetur,
1896 1815 1945 1861 et

2052 1799 2145 1851 καὶ
2174 1799 2428 1869 ἡττᾶσθε.
2469 1819 2488 1852 s
2524 1800 2834 1872 Ἠττήμεθα
2865 1799 2997 1869 γοῦν
3028 1800 3100 1863 ὡς
3129 1799 3341 1871 ἀληθῶς
3372 1802 3527 1869 ἡμεῖς
3563 1800 3615 1854 οἱ

386 1900 500 1955 hinc
542 1901 795 1956 universa
836 1900 888 1953 in
936 1899 1107 1971 ipsius
1153 1900 1467 1955 Emmanuel
1509 1900 1745 1954 adventu
1787 1916 1947 1955 suum

386 1993 545 2046 tinem
592 1992 786 2046 sortita
827 1993 957 2047 sint.
1006 1990 1120 2045 Hoc
1171 1992 1352 2063 ipsum
1408 2007 1543 2046 sane
1593 1990 1944 2045 Hebraeorum

384 2085 586 2152 scripta
630 2083 942 2148 continent,
998 2099 1119 2154 quae
1165 2084 1556 2154 propemodum
1606 2084 1947 2153 signiﬁcant,

384 2175 562 2243 ipsum
614 2173 965 2238 Emmanuel,
1017 2176 1103 2229 cui
1149 2176 1372 2230 credere
1408 2175 1701 2229 noluerunt
1743 2172 1945 2240 Judaei,

382 2267 659 2320 ηυδε-«πεπυ
684 2267 790 2322 illis
820 2274 1092 2321 tantarum
1117 2268 1490 2322 calamitatum
1514 2268 1794 2322 exstitisse
1819 2285 1834 2333 ;
1861 2284 1952 2322 no-

381 2357 463 2411 bis
492 2364 670 2411 autem
696 2358 945 2427 gentibus
965 2397 981 2422 ,
1014 2375 1135 2430 qua:
1157 2359 1231 2413 illi
1258 2358 1613 2422 credidimus,
1640 2366 1691 2412 et
1719 2358 1946 2413 salutem

380 2457 432 2501 et
469 2447 557 2502 Dei
587 2448 855 2513 notitiam,
896 2450 1083 2517 utjam
1106 2450 1534 2505 demonstratum
1576 2458 1690 2513 est,
1731 2449 1946 2503 attulis-

381 2554 456 2593 se.
492 2539 671 2606 Quare
702 2539 955 2610 deinceps
1005 2541 1350 2612 adiungitur:
1392 2561 1414 2593 ι
1447 2540 1742 2595 Nobiscum
1773 2538 1942 2596 Deus:

378 2632 712 2700 cognoscite,
746 2641 954 2702 gentes,
985 2640 1041 2685 et
1073 2632 1374 2686 vincimini.
1404 2650 1423 2683 ι
1453 2630 1732 2700 Siquidem
1758 2646 1856 2685 nos
1879 2647 1944 2686 ex

378 2720 630 2787 gentibus
660 2720 786 2773 victi
818 2735 1009 2775 sumus
1044 2736 1102 2776 re
1135 2735 1264 2776 vera
1287 2760 1303 2787 ,
1338 2721 1433 2791 qui
1467 2721 1569 2790 ipsi
1608 2722 1860 2781 veritati,
1891 2731 1947 2774 et

378 2810 576 2866 stantis
622 2813 910 2867 uobiscum
960 2811 1056 2868 Dei
1111 2813 1299 2868 virtuti
1346 2811 1633 2876 cedentes,
1681 2812 1736 2866 in
1793 2812 1943 2865 illum

376 2903 742 2967 credidimus,
790 2903 1155 2973 cedentesque
1203 2904 1380 2959 eidem
1429 2905 1714 2974 paruimus
1754 2920 1944 2960 omnes

376 2996 600 3064 pariter,
630 2997 943 3066 quicunque
986 3010 1160 3065 usque
1202 2996 1269 3050 ad
1308 3006 1551 3051 extrema
1585 3004 1744 3052 terrae
1783 2997 1941 3052 habi-

2053 1890 2112 1955 ὲξ
2168 1890 2336 1944 ἐθνῶν
2364 1894 2443 1955 είς
2491 1892 2652 1946 αὑτὸν
2698 1892 3141 1955 πεπιστευκότες,
3181 1890 3492 1963 νικηθέντες
3514 1889 3620 1944 ὑπὸ

2050 1982 2150 2052 τῆς
2182 1982 2437 2056 ἀληθείας
2460 1986 2555 2038 καὶ
2582 1985 2679 2055 τῆς
2705 1984 2799 2037 τοῦ
2828 1985 3116 2055 γενομένου
3154 1983 3272 2053 μεθ’
3304 1982 3460 2053 ἡμῶν
3483 1981 3619 2036 Θεοῦ

2049 2072 2328 2144 δυνάμεως
2347 2091 2361 2104 ⁸
2399 2074 2719 2146 ἡττηθέντες
2747 2091 2806 2127 τε
2828 2074 3215 2145 ὑπηκούσαμεν
3242 2072 3392 2145 αὑτῷ
3424 2074 3623 2139 πάντες

2049 2164 2181 2235 ὁμοῦ
2214 2167 2262 2218 οἱ
2299 2166 2462 2237 μέχρι
2498 2166 2605 2220 τῶν
2633 2167 2895 2237 ὲσχατιῶν
2940 2166 3317 2231 κατοικοῦντες
3360 2169 3462 2238 τῆς
3495 2169 3617 2241 γῆς,

2049 2257 2187 2310 κατὰ
2217 2258 2316 2329 τὴν
2354 2260 2603 2329 φήσασαν
2642 2260 2977 2330 προφητείαν
2997 2275 3012 2289 ·
3051 2277 3071 2311 ι
3118 2260 3488 2315 Ἐπακούσατε
3514 2261 3619 2326 ἕως

2048 2350 2276 2419 ὲσχὰτου
2318 2351 2419 2421 τῆς
2461 2352 2581 2421 γῆς.
2614 2371 2634 2403 s
2674 2352 2810 2404 Ἀλλ’
2844 2355 3000 2422 ἡμεῖς
3045 2352 3143 2422 μὲν
3175 2354 3272 2405 καὶ
3313 2353 3614 2423 ἡττήμεθα,

2048 2442 2142 2494 καὶ
2196 2442 2444 2496 καλοῦντι
2497 2444 2883 2515 ὑπηκούσαμεν
2904 2460 2919 2474 ·
2958 2445 3069 2507 τοῖς
3104 2444 3163 2497 δὲ
3203 2444 3282 2497 ἐτι
3315 2444 3423 2500 τῶν
3450 2445 3620 2499 ὶθνῶν

2047 2533 2332 2589 ἀπειθοῦσι
2364 2536 2433 2589 τὰ
2472 2536 2597 2607 ἑξῆς
2619 2521 2975 2592 ’ἀποτείνεται
3008 2536 3180 2606 λέγων
3203 2554 3216 2567 ·
3258 2556 3279 2588 ι
3318 2538 3618 2609 Ἰσχυκότες

2049 2625 2302 2695 ἡττᾶσθε.
2371 2629 2468 2681 Ἂν
2499 2629 2608 2700 γὰρ
2637 2630 2799 2683 πάλιν
2865 2630 3140 2701 ίσχύσητε,
3188 2630 3351 2686 πάλιν
3379 2633 3614 2704 ἡττηθή-

2048 2717 2206 2772 σεσθε
2225 2737 2237 2750 ·
2269 2720 2360 2773 καὶ
2391 2719 2546 2790 λόγον
2568 2722 2627 2775 ὃν
2660 2722 2724 2775 ἂν
2763 2721 3143 2793 βουλεύσησθε,
3175 2724 3239 2777 οὺ
3285 2724 3358 2795 μὴ
3381 2724 3610 2798 ὲμμείνῃ

2050 2810 2109 2861 ὲν
2145 2812 2293 2881 ὑμῖν,
2328 2813 2408 2865 ὅτι
2442 2813 2561 2884 μεθ’
2584 2813 2741 2884 ἡμῶν
2763 2817 2791 2867 ὁ
2821 2814 2971 2878 Θεός.
3012 2834 3033 2866 ι
3066 2814 3223 2868 Οὕτω
3239 2813 3383 2884 λέγει
3408 2814 3612 2887 Κύριος

2043 2905 2109 2974 τῇ
2153 2904 2348 2977 ἰσχυρᾷ
2398 2908 2539 2977 χειρὶ
2594 2905 2941 2960 ἀπειθοῦσιν*
2981 2907 3048 2960 δι’
3080 2902 3154 2962 ὧν
3190 2907 3420 2978 σαφῶςό
3452 2908 3609 2977 λόγος

2043 2996 2311 3066 ἀφηνιῶσι
2355 2998 2450 3052 καὶ
2484 3000 2954 3070 ἀντιταττομένοις
2984 3003 3049 3071 τῇ
3074 2999 3165 3054 τοῦ
3198 3000 3432 3072 Χριστοῦ
3465 3001 3611 3055 διδα-

375 3098 583 3152 tamus,
638 3094 701 3141 ut
747 3087 803 3140 in
852 3087 1135 3157 prophetia
1184 3088 1448 3158 scriptum
1491 3098 1610 3152 est,
1659 3104 1779 3159 quae
1825 3090 1934 3143 ait:

2047 3087 2259 3159 σκαλίᾳ,
2293 3089 2389 3142 καὶ
2414 3092 2527 3153 τοῖς
2568 3090 2848 3144 ἀπειθοῦσι
2887 3093 2953 3162 τῇ
2986 3092 3223 3162 κραταιᾷ
3269 3091 3437 3144 αὑτοῦ
3468 3092 3613 3163 χειρὶ

378 3198 397 3230 ι
439 3176 704 3234 Exaudite
730 3193 902 3249 usque
935 3179 1001 3232 ad
1031 3188 1332 3234 extremum
1362 3189 1539 3243 terrae,
1573 3200 1591 3232 ι
1627 3189 1679 3235 et
1696 3196 1794 3237 nos
1824 3183 1945 3252 qui-

2049 3179 2313 3244 θεσπίζει,
2365 3181 2448 3234 ὅτι
2483 3182 2615 3253 μηδὲ
2659 3181 2901 3252 ἰσχύουσι
2938 3181 3336 3254 προσπολεμεῖν
3366 3183 3458 3236 τὸν
3493 3182 3612 3254 μεθ’

370 3264 495 3326 dem
517 3308 533 3332 ,
568 3276 623 3323 et
655 3270 781 3323 victi
817 3286 1041 3334 sumus,
1072 3279 1127 3325 et
1170 3273 1387 3326 vocanti
1421 3272 1936 3343 obtemperavimus.

372 3362 456 3417 Ad
484 3376 580 3417 eos
606 3377 734 3416 vero
761 3362 853 3433 qui
884 3363 951 3417 de
983 3363 1117 3433 ipsis
1142 3363 1397 3434 gentibus
1426 3379 1534 3418 non
1565 3365 1933 3431 crediderint,

2046 3270 2200 3342 ἡμῶν
2228 3271 2359 3325 Θεὸν
2383 3271 2727 3342 πειρώμενοι,
2765 3275 2857 3326 καὶ
2887 3274 2967 3326 ὃτι
2992 3276 3100 3328 πᾶν
3130 3274 3159 3327 ὃ
3181 3274 3247 3328 ἂν
3281 3274 3612 3345 βουλεύσωνο

2042 3380 2131 3416 ται
2151 3362 2271 3416 καθ’
2295 3362 2473 3435 ἡμῶν,
2522 3363 2582 3417 ού
2622 3363 2696 3435 μὴ
2748 3365 2981 3439 ἐμμείνῃ
3027 3367 3231 3430 αὐτοῖς,
3268 3366 3356 3419 διὰ
3385 3366 3448 3419 τὸ
3492 3366 3610 3437 μεθ’

312 3476 321 3486 ·
368 3469 435 3511 ea
488 3454 676 3525 dirigit
726 3471 847 3525 quae
899 3464 1227 3525 sequuntur,
1284 3454 1479 3512 dicens
1513 3474 1527 3509 :
1556 3476 1575 3508 ι
1614 3456 1718 3523 Qui
1769 3456 1939 3514 fortes

2047 3455 2196 3528 ἡμῶν
2224 3451 2361 3509 εἶναι
2402 3457 2494 3509 τὸν
2544 3458 2904 3529 Ἐμμανουήλ.
2939 3458 3048 3511 Καὶ
3071 3457 3244 3528 τούτῳ
3279 3457 3336 3510 δὲ
3364 3457 3444 3527 τῷ
3475 3472 3612 3527 συμ-

370 3546 584 3613 fuistis,
631 3547 928 3603 vincimini.
976 3545 1033 3601 Si
1065 3548 1211 3602 enim
1248 3564 1441 3604 rursus
1476 3547 1647 3604 fortes
1694 3548 1938 3616 fueritis,

2047 3549 2353 3619 περάσματι
2381 3549 2560 3619 ῥᾴδιον
2591 3550 2879 3620 ἐπιστῆσαι
2928 3549 3026 3613 τάς
3052 3550 3173 3603 καθ’
3232 3548 3389 3621 ἡμῶν
3448 3549 3611 3602 ἀπει-

367 3654 563 3694 rursus
602 3639 899 3694 vincemini
926 3679 940 3703 ,
973 3646 1027 3694 et
1057 3654 1442 3711 quamcunque
1495 3641 1760 3695 rationem
1798 3641 1936 3695 inie-

2047 3639 2154 3702 λὰς,
2179 3641 2273 3693 καὶ
2298 3640 2398 3703 τὰς
2443 3640 2584 3693 κατὰ
2610 3641 2834 3713 χρόνους
2863 3640 2972 3694 τῶν
2997 3641 3272 3713 ἀρχόντων
3302 3640 3612 3695 ἐπαναστά-

370 3726 522 3790 ritis,
573 3744 683 3783 non
736 3728 984 3783 manebit
1033 3728 1088 3782 in
1133 3730 1324 3793 vobis,
1363 3731 1619 3796 quoniam
1652 3731 1936 3786 nobiscum

2047 3748 2154 3794 σεις
2188 3731 2518 3803 συνορῶντα,
2565 3734 2660 3786 καὶ
2706 3732 2783 3796 ὡς
2825 3732 3103 3804 ἄπρακτον
3148 3734 3331 3796 αὐτοῖς
3384 3732 3473 3786 διά
3518 3731 3611 3786 τὸν

369 3818 517 3876 Deus
537 3822 604 3878 ‘°.
637 3842 655 3873 ι
686 3819 777 3875 Sic
806 3821 940 3875 dicit
977 3819 1252 3877 Dominus
1285 3821 1412 3876 forti
1440 3822 1625 3877 manui
1655 3838 1763 3877 non
1809 3837 1929 3877 cre-

2047 3823 2159 3895 μεθ’
2204 3824 2360 3895 ἡμῶν
2413 3825 2545 3878 Θεὸν
2577 3826 2665 3878 ἀεὶ
2721 3826 3042 3880 καθίσταται
3082 3825 3190 3879 τῶν
3249 3823 3489 3879 ἀπειλῶν
3548 3822 3610 3876 τὸ

364 3912 659 3970 dentibus:
716 3914 919 3985 quibus
962 3913 1148 3970 verbis
1198 3914 1483 3968 oraculum
1537 3914 1603 3969 ad
1653 3929 1787 3978 eos,
1837 3915 1932 3985 qui
2036 3915 2206 3979 τέλος.

357 4006 550 4077 iugum
598 4006 940 4070 detrectant,
994 4015 1049 4061 et
1099 4005 1364 4061 doctrina:
1410 4005 1616 4061 Christi
1664 4008 1961 4072 resistunt,
2013 4018 2065 4063 et
2112 4008 2314 4078 potenti
2366 4009 2541 4078 ipsius
2590 4010 2774 4063 manui
2821 4024 2931 4064 non
2980 4008 3242 4073 credunt,
3295 4007 3609 4079 planissime

364 4101 716 4162 vaticinatur,
763 4100 912 4179 quod
965 4098 1208 4155 futurum
1256 4100 1365 4167 sit,
1416 4107 1478 4153 ut
1526 4115 1597 4156 ne
1651 4101 1868 4156 valeant
1904 4102 2124 4171 quidem
2172 4117 2489 4173 Oppugnare
2544 4103 2828 4159 nobiscum
2876 4102 3081 4164 Deum,
3135 4102 3386 4172 quamvis
3438 4112 3606 4170 espe-

362 4195 598 4257 rlantur,
649 4200 705 4249 et
750 4191 898 4263 quod
949 4206 1113 4248 omne
1160 4189 1526 4263 quodcunque
1577 4192 1866 4247 adversum
1919 4210 2018 4249 nos
2057 4196 2565 4259 comminiscentur,
2605 4197 2740 4266 ipsis
2777 4210 2885 4249 non
2923 4203 3300 4251 constaturum
3337 4192 3440 4257 sit,
3479 4207 3605 4260 pro-

361 4293 544 4357 pterea
579 4283 726 4354 quod
764 4283 1049 4340 nobiscum
1099 4283 1171 4340 sit
1210 4282 1562 4349 Emmanuel,
1607 4291 1663 4339 et
1711 4284 1852 4340 hanc
1894 4286 2113 4355 quidem
2159 4288 2500 4342 sententiam.
2528 4287 2686 4343 facile
2720 4297 2841 4352 est,
2887 4296 2950 4340 ut
2999 4287 3037 4341 ii
3078 4284 3392 4352 attendant,
3441 4283 3603 4351 eique

359 4378 754 4444 assentiuntur,
799 4378 892 4449 qui
939 4378 1119 4434 minas
1163 4379 1453 4433 adversum
1505 4394 1642 4447 nos,
1684 4387 1740 4435 et
1785 4380 2090 4451 principum
2142 4398 2240 4452 per
2288 4384 2502 4453 singula
2553 4392 2800 4453 tempora
2853 4382 3174 4438 insolentias
3225 4391 3387 4449 atque
3432 4378 3604 4447 impe-

358 4481 453 4527 tus
503 4471 1023 4537 animadverterint,
1074 4480 1239 4545 atque
1294 4480 1354 4527 ut
1405 4473 1684 4531 incassum
1737 4479 1817 4533 eis
1874 4481 2121 4533 omnium
2175 4480 2448 4534 minarum
2504 4485 2731 4541 eventa,
2790 4488 3010 4549 propter
3057 4478 3346 4532 nobiscum
3396 4472 3604 4540 Deum,

357 4562 653 4624 evaserint.

354 4679 519 4754 336
555 4681 634 4735 Ab
667 4682 866 4737 eodem.
900 4713 967 4723 -—
999 4682 1453 4750 Quemadmodum
1497 4694 1654 4739 natus
1687 4701 1753 4740 ea:
1784 4701 1924 4755 prte-

2047 4684 2177 4755 Ὰπρ
2198 4682 2305 4737 τοῦ
2333 4682 2539 4737 αὑτοῦ.
2578 4713 2652 4755 —-_
2672 4683 2777 4749 ,Ὧς
2808 4686 2841 4737 ὀ
2866 4682 3323 4755 ατεχθησὸμενος
3358 4678 3497 4755 ξιοιὸς
3535 4677 3604 4731 ἐκ

423 4750 569 4807 dicta
624 4755 730 4807 sive
778 4754 1007 4823 virgine,
1047 4756 1153 4809 sive
1201 4756 1529 4823 prophetissa
1574 4757 1750 4825 ﬁlius,
1783 4750 1924 4812 Deus

2105 4753 2217 4822 τῆς
2242 4753 2788 4825 προφητευομέῄης,
2824 4750 2957 4825 χεῖτε
2976 4750 3441 4825 παρθένςου,εἴτε
3451 4764 3604 4825 ’προ-

423 4825 591 4878 simul
633 4835 684 4880 et
724 4818 904 4897 magni
946 4826 1152 4897 Consilii
1191 4818 1442 4896 angelus,
1487 4818 1710 4897 aliisque
1738 4818 1926 4897 inopi-

2101 4818 2374 4897 ερῆῒιδὸςῖξ
2392 4818 2534 4890 Θεὸς
2563 4818 2844 4897 ὄμοῦἀςιέ
2859 4818 3133 4897 eamne
3153 4819 3415 4897 ﬁcta-hic
3435 4818 3603 4897 drm-

423 4897 565 4950 natis
595 4890 890 4950 nominibus
933 4895 1224 4963 appellatus
1253 4890 1371 4960 Est;
1400 4906 1451 4950 et
1482 4890 1921 4963 quemadmodum

2097 4890 2227 4961 λος,
2260 4894 2487 4963 ἑτέραις
2517 4890 2973 4961 τεπαραδόξοιζ-
2997 4891 3367 4963 ἐπωνυμίαις.
3385 4890 3603 4963 ἀνηγόο

421 4976 571 5039 ortus
600 4960 1195 5039 ejus‘lumiuis'pietatis
1227 4982 1392 5021 causa
1440 4960 1697 5037 adjuvans
1751 4970 1922 5039 genti-

2089 4960 2297 5039 geutat
2327 4960 2469 5018 ίκαὶ
2519 4966 2606 5039 ᾡς
2726 4964 2961 5039 res-8mg-
3003 4962 3187 5016 αὐτοῦ
3217 4960 3409 5039 φωτὸς
3431 4962 3604 5015 euas-

426 5034 522 5090 bus
556 5033 925 5090 constituetur.
986 5033 993 5035 “
1503 5033 1517 5037 ⁷
1752 5033 1772 5039 ⁷

2092 5033 2260 5101 θείας
2290 5035 2569 5103 παραιτία
2590 5033 2715 5099 τοῖς
2733 5034 2935 5089 ἔθνεσι
2966 5033 3424 5097 καταστήσεται.

2103 5167 2122 5200 ι
2163 5147 2334 5203 Τοῦτο
2383 5146 2619 5218 πρῶτον,
2666 5145 2777 5209 πίε,
2827 5146 2965 5217 ταχὺ
3008 5144 3182 5208 ποίει,
3220 5143 3370 5217 χώρα
3396 5144 3600 5200 Ζαϐου-

2028 5240 2157 5304 λὼν,
2183 5239 2277 5294 καὶ⁸
2319 5239 2390 5312 γῆ
2423 5238 2757 5309 Νεφθαλεὶμ,
2802 5238 2895 5293 καὶ
2922 5239 2974 5291 οἱ
3012 5238 3189 5292 λοιποὶ
3224 5238 3274 5291 οἱ
3299 5237 3395 5309 τὴν
3425 5254 3600 5310 παρα-

2028 5331 2146 5387 λίαν
2173 5330 2548 5395 κατοικοῦντες
2569 5330 2741 5404 πέραν
2758 5330 2853 5384 τοῦ
2884 5328 3145 5402 Ἰορδάνου
3165 5347 3178 5359 ·
3212 5327 3470 5383 Γαλιλαία
3492 5327 3602 5382 τῶν

426 5169 446 5201 ι
478 5144 591 5204 Hoc
621 5151 893 5221 primum,
932 5149 1089 5212 bibe,
1125 5148 1236 5203 cito
1280 5148 1367 5203 l‘ac
1395 5192 1409 5215 ,
1446 5151 1596 5221 regio
1637 5147 1919 5212 Zabulon,

347 5250 404 5299 et
437 5248 582 5297 terra
610 5239 955 5312 Nephthalim
976 5280 991 5301 .
1025 5250 1079 5296 et
1107 5239 1304 5310 reliqui
1332 5239 1425 5311 qui
1459 5239 1791 5294 maritimam
1820 5239 1924 5293 ha-

348 5331 525 5388 bitant
557 5344 707 5388 trans
736 5328 1027 5387 Iordanem
1052 5370 1067 5397 ,
1099 5328 1320 5386 Galilaea
1370 5332 1613 5402 gentium
1641 5372 1655 5398 ,
1685 5331 1920 5401 populus

348 5423 545 5481 sedens
574 5426 629 5480 in
656 5425 925 5490 tenebris,
952 5423 1131 5479 videte
1160 5424 1335 5481 lucem
1367 5438 1651 5496 magnam,
1681 5424 1923 5480 sedenti-

348 5515 452 5571 bus
499 5516 554 5570 in
601 5519 822 5588 regione
873 5525 927 5572 et
975 5517 1168 5572 umbra
1217 5521 1448 5580 mortis,
1486 5516 1579 5570 lux
1609 5524 1800 5571 exorta
1832 5523 1919 5572 est

345 5608 425 5664 eis
455 5606 521 5671 “,
551 5625 569 5658 ι
597 5613 649 5662 et
680 5622 801 5679 qua:
827 5619 1160 5680 sequuntur;
1190 5608 1392 5681 quibus
1423 5605 1704 5679 adiungit,
1738 5627 1756 5661 ι
1778 5622 1916 5679 quo.

416 5762 462 5857 τι
493 5760 603 5821 ιω.
635 5777 740 5830 vn,
772 5761 924 5818 9.“.
1001 5764 1045 5797 οι
1083 5763 1187 5820 lsa.
1220 5762 1393 5831 11,1,
1423 5763 1480 5821 ε.

2028 5420 2198 5477 ἐθνῶν
2217 5441 2229 5453 ·
2249 5426 2278 5479 ὁ
2291 5422 2420 5487 λαδς
2439 5425 2469 5476 ὁ
2494 5420 2798 5494 καθήμενος
2816 5421 2876 5475 ἐν
2897 5421 3096 5489 σκότει,
3122 5420 3258 5475 ωετε
3281 5419 3398 5492 φῶς
3426 5418 3567 5491 μέγα
3582 5436 3607 5495 ⁸-

2025 5515 2122 5569 καὶ
2147 5516 2258 5579 τοῖς
2291 5513 2621 5587 καθημένοις
2654 5516 2712 5569 ἐν
2739 5514 2921 5568 σκότει
2943 5515 3036 5568 καὶ
3059 5514 3185 5588 σκιᾷ
3218 5513 3448 5589 θανάτου
3483 5511 3601 5581 φῶς

2024 5606 2292 5663 ἀνέτειλεν
2324 5608 2526 5675 αὐτοῖς,
2560 5628 2578 5662 ι
2618 5608 2711 5662 καὶ
2766 5607 2836 5661 τὰ
2868 5606 3013 5678 ιέξῆς⁸
3049 5604 3130 5671 ο’ς
3159 5605 3421 5673 ἐπιλέγει,
3462 5627 3480 5656 s
3520 5603 3596 5657 ὅτι
