4110 6434
504 456 619 512 τεο
1383 458 2033 516 DEMONSTRATIONIS
2070 457 2525 514 EVANGELICE
2563 457 2692 512 LIB.
2735 457 2847 515 νη.
3074 516 3079 521 ,
3626 461 3728 513 £730

516 575 695 627 πᾶσαν
731 574 917 646 στολὴν
948 571 1386 647 ὶπισυνηγμένην
1410 577 1565 649 δόλῳ,
1587 578 1680 632 καὶ
1700 576 1911 647 ἱμάτιον
1934 593 2030 647 μετ

2128 575 2321 635 iniam
2354 592 2569 632 omnem
2607 584 2811 633 vestem
2841 584 3223 648 congregatam
3268 575 3425 641 dolo,
3472 584 3524 634 et
3569 578 3726 632 indi:-

515 664 856 736 καταλλαγῆς
875 665 1240 730 ἀποτίσουσιν,
1266 667 1362 721 καὶ
1393 667 1704 740 θελήσουσιν
1738 670 1787 723 εἰ
1815 667 2030 739 ἐγενήθη

2164 675 2408 721 mentum
2432 707 2444 730 ,
2488 682 2613 722 cum
2658 667 3035 722 consiliatione
3078 668 3308 722 soluturi
3348 675 3509 731 sunt,
3539 678 3594 724 et
3627 686 3720 725 vo-

514 773 615 810 σαν
676 755 1067 828 πυρίκαυστον
1102 758 1183 811 ὃτι
1236 758 1445 812 παιδίον
1486 746 1742 831 ἐγεννήθη
1773 761 1924 830 ἡμῖν,
1977 776 2030 811 κε

2168 757 2278 812 ἰεηι
2322 758 2369 813 si
2411 756 2611 812 fuerint
2651 757 2771 828 igne
2814 758 3124 814 combusti:
3169 760 3425 828 quoniam
3466 750 3721 828 puei'ulus

514 847 629 910 υίὸς
649 846 800 916 ἐδόθη
829 848 979 918 ἡμῖν,
1002 841 1065 900 οὗ
1093 849 1126 919 ή
1163 848 1305 921 ἀρχὴ
1336 850 1428 902 ἐπὶ
1456 848 1548 902 τοῦ
1579 847 1728 921 ὤμου
1752 849 1913 903 αὐτοῦ
1937 867 1949 879 ·
1977 867 2030 903 κα

2167 855 2328 903 natus
2352 854 2434 903 est
2461 847 2647 913 nobis,
2676 856 2729 902 et
2756 847 2899 902 ﬁlius
2928 847 3088 903 datus
3115 856 3197 904 est
3226 848 3382 903 nobis
3400 889 3415 915 ,
3445 848 3603 918 cujus
3629 851 3721 903 im.

514 940 751 993 καλεῖται
800 940 861 993 τὸ
908 940 1076 1012 ὖνομα
1122 940 1289 995 αὐτοῦ
1321 940 1561 1013 μεγάλης
1597 941 1790 1013 βουλῆς
1820 942 2030 1010 ἄγγελος

2166 937 2374 1008 perium
2414 952 2576 1008 super
2614 937 2898 991 humerum
2940 938 3149 1007 ipsius,
3184 945 3239 992 et
3267 945 3495 992 vocatur
3520 953 3719 993 nomen

511 1030 815 1103 θαυμαστὸς
864 1031 1182 1103 σύμϐουλος,
1230 1032 1361 1097 Θεὸς
1409 1033 1654 1104 ἰσχυρὸς,
1698 1033 2030 1103 ὲξουσιαστὴς

2164 1028 2283 1098 ejus
2314 1030 2496 1099 magni
2531 1030 2743 1084 consilii
2787 1032 3048 1099 angelus,
3083 1030 3420 1085 admirabilis
3463 1031 3720 1084 consilia-

509 1100 688 1191 ἅρχων
715 1100 956 1193 εἰρήνης,
1000 1120 1180 1192 πατὴρ
1210 1125 1304 1175 τοῦ
1355 1100 1636 1194 μέλλοντος
1667 1122 1876 1187 αἰῶνος.
1922 1100 2030 1188 Ἀξε

2163 1120 2312 1185 rius,
2346 1118 2488 1176 Deus
2519 1119 2704 1187 fortis,
2739 1120 3037 1191 potentiam
3071 1119 3278 1175 habens
3299 1159 3313 1185 ,
3342 1120 3596 1190 princeps
3623 1134 3718 1190 pa-

505 1210 612 1283 γὰρ
651 1212 868 1283 εἰρήνην
926 1212 1019 1265 ἐπὶ
1054 1214 1181 1275 τοὺς
1236 1213 1519 1283 ἄρχοντας,
1551 1214 1640 1267 καὶ
1677 1212 1863 1285 ὑγείαν
1893 1213 2030 1285 αὐτῷ

2160 1211 2269 1277 cis,
2300 1219 2457 1281 pater
2485 1211 2654 1266 futuri
2685 1213 2887 1268 saeculi.
2924 1211 3204 1267 Adducam
3233 1213 3375 1268 enim
3407 1228 3590 1283 pacem
3618 1227 3717 1267 su-

503 1300 728 1371 Μεγάλη
772 1304 804 1372 ή
839 1301 979 1374 ἀρχὴ
1004 1302 1191 1367 αὑτοῦ,
1227 1304 1321 1356 καὶ
1369 1304 1468 1374 τῆς
1512 1305 1729 1376 εἰρήνης
1757 1303 1923 1360 αὐτοῦ
1964 1306 2030 1358 ob:

2161 1318 2257 1372 per
2284 1302 2561 1374 principes
2583 1343 2598 1367 ,
2631 1314 2683 1357 et
2717 1302 3004 1358 sanitatem
3034 1304 3113 1368 ei,
3145 1317 3396 1373 magnum
3432 1304 3712 1375 imperium

500 1390 645 1446 ἔστιν
670 1392 837 1464 ὅριον,
870 1393 963 1446 ἐπὶ
994 1392 1082 1446 τὸν
1114 1393 1297 1465 θρόνον
1327 1394 1510 1458 Δαὸἰδ,
1542 1396 1634 1449 καὶ
1665 1396 1761 1467 τὴν
1789 1396 2028 1467 βασιλεία

2157 1394 2279 1461 ejus
2299 1435 2314 1459 ,
2342 1403 2395 1449 et
2429 1395 2578 1464 pacis
2604 1394 2724 1462 ejus
2754 1408 2864 1447 non
2897 1402 2980 1448 est
3009 1393 3132 1448 ﬁnis
3151 1432 3166 1457 ,
3198 1409 3361 1463 super
3388 1395 3579 1475 solium
3610 1395 3715 1449 Da-

497 1484 682 1550 αύτοῦ,
739 1484 1079 1556 κατορθῶσαι
1111 1486 1299 1556 αὐτὴν,
1329 1486 1420 1540 καὶ
1459 1486 1837 1542 ἀντιλαϐέσθαι
1866 1489 1923 1540 ὲν
1942 1489 2030 1561 κρί

2155 1483 2242 1538 vid
2275 1490 2327 1539 et
2358 1498 2584 1552 regnum
2617 1484 2736 1552 ejus
2764 1491 2824 1538 ut
2855 1483 3053 1553 dirigat
3083 1484 3214 1539 illud
3235 1524 3249 1548 ,
3281 1493 3335 1540 et
3364 1487 3625 1556 Suscipiat
3657 1489 3710 1542 in

498 1592 628 1645 ματι
653 1578 746 1630 καὶ
792 1577 1099 1649 δικαιοσύνῃ
1131 1577 1236 1631 ἀπὸ
1259 1578 1351 1632 τοῦ
1375 1578 1469 1632 νῦν
1513 1580 1606 1633 καὶ
1632 1582 1710 1644 εἰς
1744 1581 1832 1634 τὸν
1864 1581 2030 1634 αἰῶνα

2148 1572 2353 1643 judicio
2384 1581 2439 1628 et
2473 1574 2686 1644 justitia
2726 1590 2793 1629 ex
2839 1576 2943 1629 hoc
2971 1585 3214 1645 tempore
3240 1585 3293 1631 et
3321 1592 3493 1647 usque
3521 1581 3575 1632 in
3608 1595 3710 1633 sae-

506 1666 564 1721 '0
596 1667 756 1737 ζῆλος
813 1669 1017 1738 Κυρίου
1061 1668 1284 1723 Σαϐαὼθ
1329 1671 1540 1741 ποιήσει
1598 1670 1787 1725 ταῦτα.
1826 1691 1844 1724 ι
1888 1671 2030 1725 Τοῦτ

2154 1664 2334 1721 culum
2362 1685 2375 1720 :
2412 1665 2563 1721 zelus
2597 1665 2810 1720 Domini
2845 1663 3083 1729 Sabaoth
3116 1667 3277 1723 iaciet
3306 1668 3418 1723 hzec
3448 1669 3512 1724 ⁸³.
3548 1690 3565 1721 ι
3591 1668 3707 1724 lam

493 1758 673 1827 τρίτον
701 1758 800 1830 ἤδη
833 1759 893 1812 τὸ
919 1758 1127 1811 παιδίον
1154 1760 1570 1829 προφητεύεται,
1608 1761 1699 1815 τοῦ
1747 1761 1909 1815 αὐτοῦ
1938 1779 2026 1815 ποι

2153 1772 2297 1811 nunc
2328 1757 2490 1812 tertio
2520 1771 2745 1826 puerum
2789 1756 2937 1811 hunc
2980 1758 3261 1828 prophetia
3291 1768 3705 1823 commemorat,

495 1850 659 1915 κίλως
698 1852 1112 1922 σημαινομένου.
1160 1853 1376 1923 Ἐπειδὴ
1402 1854 1579 1907 τοίνυν
1620 1856 1901 1927 πρόκειται
1954 1856 2030 1910 νῦπ

2151 1862 2270 1917 quis
2300 1848 2541 1903 eamdem
2572 1863 2685 1902 rem
2716 1847 2886 1903 variis
2911 1850 3086 1905 modis
3120 1850 3409 1921 signiﬁcat.
3442 1850 3705 1917 Quoniam

492 1944 622 2013 ήμίν
650 1942 741 1996 τὸν
771 1943 967 2014 τρόπον
997 1945 1097 2013 τῆς
1116 1946 1195 2007 εἰς
1217 1944 1535 2016 ἀνθρώπους
1556 1945 1648 1999 τοῦ
1674 1946 1808 1999 Θεοῦ
1844 1965 2030 2019 παρου-

2153 1940 2316 2009 igitur
2365 1955 2511 1994 nunc
2564 1942 2902 2009 propositum
2952 1942 3112 1997 nobis
3159 1919 3272 2008 est,
3309 1943 3574 2000 adventus
3612 1944 3707 1999 Dei

493 2033 611 2096 σίας
635 2033 911 2098 ἐπιδεῖξαι,
949 2033 1043 2087 θέα
1063 2035 1127 2087 δι’
1160 2036 1300 2087 ὅσων
1331 2031 1482 2099 οὗτος
1502 2037 1595 2089 καὶ
1615 2038 1761 2100 ὅπως
1788 2038 2030 2109 παρίσταε

2150 2030 2214 2085 ad
2256 2031 2505 2085 homines
2548 2032 2767 2084 modum
2814 2032 3132 2097 ostendere,
3174 2034 3333 2098 vide,
3373 2051 3584 2104 quasso,
3616 2037 3704 2090 hic

488 2140 594 2177 ται.
650 2125 974 2179 Ἐδεικνύετο
1006 2126 1219 2198 πρῶτον
1257 2129 1285 2179 ό
1320 2128 1631 2199 ἐπικληθεὶς
1686 2129 2025 2203 Ἐμμανουήλ

2146 2136 2305 2191 quam
2324 2121 2511 2175 multis
2538 2121 2715 2175 modis
2739 2122 3159 2178 demonstretur.
3189 2122 3370 2179 Primo
3386 2126 3601 2196 quidem
3629 2128 3707 2181 di-

484 2213 617 2277 Θεὸς
663 2217 727 2269 ὲκ
777 2217 1047 2288 παρθένου
1069 2217 1433 2289 γεννώμενος*
1482 2219 1731 2291 δεύτερον
1767 2220 1826 2273 τὸ
1860 2222 1924 2274 ὲκ
1947 2221 2030 2290 τῆς

2145 2219 2264 2265 ctus
2293 2218 2379 2266 est
2422 2209 2781 2276 Emmanuel,
2815 2211 2959 2267 Deus
3005 2214 3096 2283 qui
3147 2214 3215 2269 de
3253 2214 3473 2285 Virgine
3512 2231 3704 2272 nasce-

484 2305 807 2376 προφήτιδος
853 2307 947 2360 καὶ
986 2306 1080 2360 τοῦ
1135 2308 1289 2375 ἁγίου
1337 2306 1649 2377 Πνεύματος
1679 2308 1907 2373 παιδίον,
1947 2312 2030 2364 οὐ)

2146 2308 2312 2356 retur.
2371 2301 2660 2366 Secundo,
2723 2318 2786 2356 ex
2842 2303 3430 2373 prepheticamuliere
3479 2317 3535 2362 et
3576 2304 3704 2379 Spi-

482 2392 609 2448 ἆλλο
662 2396 927 2464 τυγχάνον
955 2395 1048 2450 τοῦ
1080 2398 1554 2468 προηγορευμένου
1574 2414 1587 2428 ·
1633 2399 1811 2469 τρίτον
1852 2401 1881 2453 ό
1907 2399 2045 2469 μετὰ

482 2489 688 2558 χεῖρας,
745 2482 825 2552 εἷς
864 2488 940 2542 ὢν
985 2491 1077 2544 καὶ
1107 2493 1137 2545 ὁ
1168 2491 1331 2553 αὐτὸς
1382 2493 1493 2554 τοῖς
1538 2491 1837 2563 προτέροις.
1878 2511 1896 2545 ι
1934 2493 2043 2546 Καὶ

479 2577 650 2647 τούτῳ
710 2578 838 2646 γοῦν
891 2579 1059 2650 ὄνομα
1106 2577 1243 2635 εἶναι
1286 2581 1522 2650 λέγεται,
1578 2582 1717 2636 κατὰ
1765 2583 1863 2652 μὲν
1915 2584 2041 2647 τοὺς

490 2670 883 2741 Ἐὁδομήκοντα
904 2689 923 2722 ι
954 2673 1195 2743 μεγάλης
1218 2673 1409 2744 βουλῆς
1423 2674 1673 2743 ἄγγελος,
1697 2696 1713 2725 ι
1733 2677 1824 2729 καὶ
1835 2675 1908 2740 ὥς
1919 2694 2039 2731 τινα

475 2759 581 2812 τῶν
636 2761 981 2834 ἀντιγράφων
1030 2763 1174 2834 ἔχει,
1259 2784 1280 2817 ι
1344 2765 1653 2837 θαυμαστὸς
1704 2767 2033 2837 σύμϐουλος,

473 2850 603 2914 Θεὸς
649 2853 885 2924 ἰσχυρὸς,
921 2853 1289 2927 ὲξουσιαστὴς,
1335 2855 1517 2927 ἄρχων
1560 2858 1802 2929 εἰρήνης,
1856 2859 2036 2931 πατὴρ

469 2942 564 2995 τοῦ
595 2943 875 3013 μέλλοντος
904 2946 1097 3010 αἰῶνος
1116 2964 1129 2976 ⁸
1164 2966 1183 2998 ι
1216 2947 1356 3002 κατὰ
1389 2948 1445 3001 δὲ
1471 2948 1533 3002 τὸ
1565 2949 1871 3022 Ἐὅραῖκὸν,
1903 2951 1978 3015 ὡς
2002 2952 2035 3004 ό

473 3035 571 3103 μὲν
615 3035 841 3101 Ἀκύλας
886 3039 1081 3108 φησίν⁹
1123 3040 1274 3095 «Ὅτι
1321 3042 1529 3096 παιδίον
1576 3043 1832 3115 ἐγεννήθη
1875 3047 2028 3114 ἡμῖν,

468 3126 583 3189 om;
614 3127 769 3201 ἐδόθη
795 3131 941 3201 ἡμῖν,
968 3132 1061 3185 καὶ
1084 3130 1297 3200 ἐγένετο
1331 3135 1529 3205 μέτρον
1555 3136 1640 3187 ἐπ’
1663 3134 1811 3206 ὤμου
1842 3138 2027 3192 αὐτοῦ.

468 3217 577 3318 lia).
602 3219 800 3318 ἐκλήθη
845 3218 906 3273 τὸ
953 3220 1121 3293 ὄνομα
1150 3224 1313 3277 αὑτοῦ
1342 3226 1665 3296 Θαυμαστὸς
1705 3226 2024 3297 σύμϐουλος,
2056 3256 2099 3318 C

468 3306 706 3381 ἰσχυρὸς,
751 3311 994 3376 δυνατὸς,
1046 3314 1246 3386 πατὴρ,
1302 3315 1380 3370 ἔτι
1418 3318 1597 3388 ἄρχων
1638 3319 1877 3391 εἰρήνης,
1933 3321 2027 3374 καὶ

462 3401 561 3471 τῆς
592 3403 813 3474 εἰρήνης
838 3403 1003 3457 αὐτοῦ
1031 3406 1130 3459 οὐκ
1160 3405 1275 3459 ἔστι
1309 3408 1480 3479 πέρας
1500 3427 1511 3438 ·
1554 3429 1570 3459 ι
1602 3410 1678 3473 ὡς
1708 3410 1764 3463 δὲ
1811 3412 1840 3463 ὁ
1882 3411 2029 3482 Σύμ-

467 3508 668 3563 μαχοςο
710 3511 728 3543 ι
757 3494 989 3558 Νεανίας
1014 3495 1123 3567 γὰρ
1163 3498 1315 3569 ἐδόθη
1362 3501 1508 3571 ἡμῖν,
1548 3502 1661 3566 υίὸς
1686 3501 1837 3575 ἐδόθη
1870 3506 2022 3574 ἡμῖν.

463 3583 570 3636 Καὶ
609 3583 760 3636 ἐσται
804 3586 836 3655 ή
879 3586 1091 3640 παιδεία
1116 3588 1280 3641 αὐτοῦ
1309 3590 1399 3644 ἐπὶ
1430 3591 1523 3643 τοῦ
1547 3591 1694 3662 ὤμου
1720 3592 1907 3655 αὑτοῦ,
1932 3594 2025 3647 καὶ

461 3670 785 3744 κληθήσεται
808 3676 870 3728 τὸ
899 3676 1068 3747 ὄνομα
1096 3678 1259 3732 αιῖιτού
1286 3681 1724 3753 Παραδοξασμὸς,
1755 3682 2024 3753 βουλευτι-

459 3762 574 3828 κὸς,
616 3766 852 3839 ἰσχυρὸς,
894 3768 1137 3835 δυνατὸς,
1181 3771 1360 3843 πατὴρ
1400 3773 1612 3838 αἰῶνος,
1649 3776 1830 3845 ἄρχων
1872 3776 2022 3846 εἰρή-

460 3873 573 3926 νης,
604 3857 817 3924 καὶτῆς
838 3861 1060 3934 εἰρήνης
1088 3862 1254 3916 αὐτοῦ
1279 3864 1379 3916 οὐκ
1403 3863 1515 3917 ἔστι
1540 3865 1730 3936 πέρας.
1762 3886 1780 3916 ι
1814 3865 2020 3919 Οὐκοῦν

456 3947 553 4018 οὐχ
580 3948 765 4013 ἁπλῶς
810 3952 1037 4020 ἄγγελος
1069 3954 1211 4008 κατὰ
1252 3957 1376 4019 τοὺς
1416 3957 1832 4028 Ἐϐδομήκοντα,
1878 3959 2015 4013 ἀλλὰ

461 4059 479 4090 ι
504 4041 568 4111 τῆ
583 4059 602 4103 ς
630 4042 868 4115 μεγάλης
888 4028 1082 4115 βουλῆς
1098 4046 1346 4116 ἄγγελος,
1362 4049 1456 4103 καὶ
1469 4048 1778 4119 θαυμαστὸς
1794 4051 1855 4104 σύ
1863 4052 2019 4122 μϐου·

451 4130 561 4194 λος,
590 4134 683 4186 καὶ
723 4135 855 4198 Θεὸς
900 4137 1137 4207 ἰσχυρὸς,
1167 4140 1259 4193 καὶ
1302 4141 1667 4212 ὲξουσιαστὴς,
1696 4144 1789 4195 καὶ
1836 4142 2017 4215 ἄρχων

2142 2390 2247 2445 ritu
2284 2399 2477 2447 sancto
2516 2392 2808 2462 puerulus,
2853 2395 2946 2463 qui
2991 2410 3097 2448 non
3143 2396 3283 2453 alius
3326 2404 3409 2451 est
3450 2413 3611 2469 quam
3652 2400 3702 2456 is

2140 2480 2207 2536 de
2246 2497 2356 2551 quo
2396 2484 2509 2553 jam
2544 2482 2804 2539 diximus.
2840 2483 3025 2540 Tertio
3056 2487 3104 2542 is
3128 2528 3143 2552 ,
3176 2489 3243 2545 de
3272 2505 3380 2560 quo
3410 2507 3555 2547 nunc
3588 2493 3702 2565 agi-

2139 2586 2292 2636 mus,
2351 2571 2443 2640 qui
2496 2586 2618 2626 cum
2669 2573 2943 2643 prioribus
2994 2592 3135 2634 unus
3187 2587 3269 2634 est
3319 2588 3480 2650 atque
3532 2582 3694 2638 idem.

2139 2660 2275 2717 Huic
2323 2662 2488 2733 igitur
2534 2679 2657 2720 esse
2701 2680 2893 2720 nomen
2953 2667 3171 2732 dicitur,
3221 2679 3281 2724 ut
3321 2672 3514 2743 legitur
3554 2676 3693 2743 apud

2139 2749 2521 2823 Septuaginta,
2547 2773 2565 2805 ι
2590 2756 2773 2825 magni
2800 2759 3015 2813 consilii
3050 2762 3274 2831 angelus
3302 2781 3316 2817 :
3340 2774 3429 2818 »ει
3447 2803 3462 2828 ,
3496 2773 3555 2818 ιιι
3582 2766 3697 2834 qui-

2135 2843 2257 2899 dam
2280 2845 2495 2902 codices
2521 2845 2743 2912 habent,
2768 2867 2788 2900 ι
2813 2849 3146 2907 admirabilis
3168 2854 3531 2920 consiliarius,
3552 2856 3699 2913 Deus

2135 2934 2326 3004 fortis,
2378 2939 2678 3010 potentiam
2729 2940 2968 3009 habens,
3012 2942 3267 3015 princeps
3311 2946 3498 3015 pacis,
3541 2958 3686 3016 pater

2130 3027 2287 3100 337
2315 3028 2480 3084 futuri
2510 3031 2717 3087 saeculi.
2759 3051 2779 3084 ι
2814 3032 2883 3087 Ut
2912 3050 3039 3089 vero
3056 3045 3135 3091 est
3161 3037 3215 3091 in
3243 3035 3528 3100 Hebraico,
3553 3039 3693 3095 sicut

2131 3119 2326 3191 Aquila
2373 3122 2704 3179 testiﬁcatur
2734 3141 2746 3178 :
2787 3143 2805 3176 ι
2837 3124 3102 3192 Quoniam
3139 3129 3398 3199 puerulus
3422 3137 3579 3185 natus
3608 3139 3692 3184 est

2133 3212 2311 3278 nobis,
2344 3212 2490 3270 ﬁlius
2520 3215 2683 3272 datus
2714 3224 2797 3271 est
2825 3218 3004 3282 nobis,
3036 3227 3090 3274 et
3121 3218 3260 3274 facta
3310 3228 3396 3277 est
3437 3237 3689 3277 mensura

2130 3321 2295 3377 super
2315 3307 2603 3363 humerum
2638 3308 2778 3379 ejus,
2813 3318 2866 3365 et
2893 3320 3143 3365 vocatum
3186 3320 3271 3367 est
3308 3329 3502 3370 nomen
3546 3317 3685 3385 ejus,

2125 3401 2477 3459 Admirabilis
2503 3403 2869 3469 consiliarius,
2897 3404 3074 3467 fortis,
3098 3415 3309 3475 potens,
3333 3418 3505 3478 pater,
3523 3410 3685 3464 etiam

2128 3493 2383 3562 princeps
2409 3495 2579 3564 pacis,
2605 3504 2658 3551 et
2687 3495 2838 3566 pacis
2865 3495 2983 3565 ejus
3022 3511 3132 3551 non
3167 3506 3251 3552 cst
3291 3498 3429 3554 linis.
3474 3519 3494 3553 ο
3529 3500 3684 3555 Sicut

2125 3590 2304 3637 autem
2339 3582 2699 3655 Symmachus
2736 3605 2750 3641 :
2785 3604 2805 3637 ‹
2841 3585 3295 3644 Adolescentulus
3345 3590 3490 3644 enim
3525 3593 3686 3649 datus

2122 3684 2209 3732 est
2250 3679 2429 3739 nobis.
2468 3679 2611 3735 filius
2654 3680 2814 3735 datus
2853 3689 2937 3735 est
2964 3681 3144 3746 nobis,
3181 3691 3234 3737 et
3262 3684 3368 3738 erit
3397 3686 3681 3756 dieciplina

2122 3769 2241 3839 ejus
2280 3785 2444 3840 super
2471 3771 2756 3827 humerum
2785 3771 2924 3842 ejus,
2960 3780 3013 3828 et
3030 3774 3315 3828 vocabitur
3336 3792 3531 3833 nomen
3564 3780 3684 3851 ejus

2121 3857 2547 3924 Admirabilitas,
2589 3861 2957 3927 consiliarius,
3018 3862 3197 3928 fortis,
3249 3873 3467 3934 potens,
3528 3878 3683 3937 pater

2122 3950 2326 4012 saeculi,
2362 3950 2615 4021 princeps
2649 3952 2819 4022 pacis,
2848 3960 2901 4007 et
2925 3952 3073 4021 pacis
3092 3952 3213 4023 ejus
3239 3970 3347 4009 non
3369 3964 3451 4010 est
3472 3956 3622 4012 ﬁliis:
3653 3977 3672 4011 ι

2122 4040 2261 4112 Ergo
2324 4057 2431 4096 non
2498 4042 2819 4113 simpliciter
2870 4046 3094 4116 angelus
3174 4046 3474 4101 secundum
3529 4049 3678 4118 ipsos

2119 4128 2281 4193 LXX,
2314 4131 2409 4185 sed
2441 4149 2459 4182 ι
2501 4132 2679 4202 magni
2726 4133 2942 4190 consilii
2980 4134 3227 4204 angelus,
3259 4143 3312 4190 et
3339 4138 3676 4197 admirabilis

2117 4221 2486 4286 consiliarius,
2519 4230 2573 4276 et
2595 4222 2738 4278 Deus
2765 4222 2948 4289 fortis,
2976 4234 3032 4277 et
3056 4228 3351 4295 potentiam
3385 4229 3607 4290 habens,
3622 4238 3677 4284 et

450 4224 689 4295 εἰρήνης,
729 4227 820 4280 καὶ
859 4231 1040 4301 πατὴρ
1063 4232 1156 4284 τοῦ
1185 4232 1465 4302 μέλλοντος
1488 4232 1679 4297 αἰῶνος
1707 4253 1725 4282 ›
1755 4234 2015 4306 γεννηθή-

2118 4312 2372 4382 princeps
2397 4313 2570 4382 pacis,
2588 4319 2642 4368 et
2669 4319 2823 4383 pater
2845 4315 3014 4369 futuri
3048 4318 3231 4370 saeculi
3260 4336 3278 4369 ι
3313 4318 3557 4376 oriturus
3582 4322 3678 4375 ali-

451 4313 659 4379 σεσθαι,
698 4318 791 4371 καὶ
837 4319 1044 4373 παιδίον
1072 4321 1289 4376 ἔσεσθαι
1331 4322 1417 4376 διὰ
1454 4321 1657 4376 τούτων
1681 4323 2009 4389 ὲθεσπίζετο.

452 4404 634 4475 Ἔχεις
656 4407 712 4461 δὲ
751 4410 809 4460 ὲν
847 4413 958 4474 τοῖς
993 4413 1278 4483 προτέροις
1301 4414 1392 4486 τὸν
1416 4413 1508 4466 τοῦ
1536 4414 1669 4467 Θεοῦ
1696 4416 1885 4486 Λόγον,
1920 4419 2014 4470 καὶ

2128 4403 2354 4473 ῃιιοιιιίο,
2390 4414 2443 4459 ει
2495 4405 2755 4474 puerulus
2811 4405 3051 4470 futurus,
3096 4408 3164 4463 iis
3210 4411 3388 4467 verbis
3438 4412 3675 4467 caneba-

446 4492 598 4557 Θεὸν,
626 4496 719 4548 καὶ
744 4496 942 4568 Κύριον
977 4500 1244 4571 διαφόρως
1287 4483 1735 4574 ἀνηγορευμένον,
1780 4483 1912 4575 όμοῦ
1955 4506 2010 4560 δὲ

2128 4502 2224 4546 tur.
2294 4493 2474 4549 Habes
2511 4495 2672 4548 etiam
2708 4495 2762 4549 in
2798 4496 2865 4552 iis
2894 4512 3015 4566 quae
3045 4500 3198 4569 prius
3231 4500 3375 4555 dicta
3406 4511 3553 4567 sunt,
3576 4502 3671 4559 Dei

443 4582 535 4636 τὸν
559 4587 719 4640 αὑτὸν
744 4587 971 4658 ἄγγελον
996 4591 1379 4663 ὠνομασμένον
1406 4595 1498 4647 τοῦ
1528 4595 1758 4667 Πατρὸς,
1787 4596 1878 4649 καὶ
1913 4597 2011 4669 ἀρ-

2128 4583 2374 4648 Verbum,
2397 4594 2452 4640 et
2478 4585 2669 4649 Deum,
2692 4593 2750 4644 et
2779 4586 3067 4644 Dominum
3103 4590 3336 4648 diversis
3365 4594 3544 4650 modis
3577 4611 3672 4666 ap-

444 4676 803 4749 χιστράτηγον
834 4668 1112 4751 δυνάμεως
1139 4685 1361 4754 Κυρίου.
1400 4685 1495 4748 Τίς
1519 4686 1563 4739 δ’
1588 4687 1653 4741 ἂν
1689 4683 1781 4741 οὖν
1807 4668 2013 4755 γένοιτο

2128 4675 2388 4737 )ellatum.
2421 4682 2475 4731 et
2508 4678 2710 4746 pariter
2732 4680 2985 4735 eumdem
3022 4682 3270 4753 angelum
3304 4685 3473 4754 patris
3495 4687 3670 4740 nomi-

442 4767 582 4821 κατὰ
607 4769 703 4838 μὲν
728 4770 818 4823 τὸν
855 4772 1080 4827 Ἀκύλαν
1113 4777 1207 4829 καὶ
1236 4778 1336 4840 τὰς
1360 4779 1527 4831 εἰσέτι
1572 4777 1665 4832 νῦν
1710 4779 2012 4849 φερομένας

2128 4778 2319 4833 ratum,
2344 4779 2399 4826 et
2429 4774 2663 4842 primum
2708 4775 3092 4845 imperatorem
3117 4780 3395 4849 capiarum
3430 4779 3666 4837 Domini.

440 4859 571 4930 παρ’
599 4861 864 4933 Ἑϐραίοις
892 4868 1213 4938 μαρτυρίας,
1244 4870 1300 4921 ὲν
1326 4869 1627 4941 ἀνθρώποις
1652 4869 2007 4941 γεννώμενος,

2128 4860 2213 4915 ἱειί
2243 4862 2367 4931 quis
2399 4864 2616 4919 tandem
2648 4866 2737 4921 hic
2777 4868 2896 4922 sit?
2929 4868 3238 4925 Secundum
3269 4870 3519 4941 Aquilam
3544 4874 3664 4943 qui-

441 4951 533 5003 καὶ
564 4971 581 5001 ι
608 4953 815 5007 παιδίον
840 4974 858 5005 ι
884 4958 1182 5027 γινόμενος,
1207 4978 1224 5010 ι
1253 4959 1563 5031 θαυμαστὸς
1582 4961 1896 5032 σύμϐουλος,
1914 4963 2007 5015 καὶ

2128 4952 2225 5007 lem
2249 4950 2626 5010 ct'secundum
2648 4973 2710 5013 ea
2734 4974 2855 5028 qum
2874 4962 3034 5015 etiam
3066 4978 3215 5016 nunc
3237 4963 3379 5032 apud
3409 4962 3666 5022 Hebraeos

440 5035 676 5108 ἰσχυρὸς,
704 5038 945 5107 δυνατὸς,
964 5046 1058 5098 καὶ
1082 5047 1281 5118 πατὴρ,
1302 5048 1380 5102 ἔτι
1398 5050 1490 5102 καὶ
1512 5050 1693 5120 ἄρχων
1721 5052 1959 5121 εἰρήνης,
1975 5071 1992 5102 ι

2128 5041 2359 5096 'eruntur
2391 5045 2723 5110 testimonia,
2746 5049 2842 5118 qui
2878 5049 3020 5104 inter
3047 5048 3295 5111 homines
3315 5059 3591 5116 nascetur,
3612 5061 3668 5108 et

435 5124 496 5179 οὗ
527 5129 655 5182 ποτέ
673 5131 747 5197 (1)
769 5148 931 5201 φησιν
946 5133 1162 5188 ἔσεσθαι
1183 5137 1351 5201 τέλος
1372 5139 1513 5191 κατὰ
1527 5139 1581 5191 δὲ
1597 5140 1688 5193 τὸν
1705 5139 1996 5210 Σύμμαχον

2128 5148 2132 5181 r
2171 5132 2431 5201 puerulus
2468 5154 2488 5187 ο
2544 5137 2794 5204 exsistet,
2849 5156 2869 5189 ι
2913 5140 3353 5210 adniiralilisque
3406 5143 3664 5199 consilia-

440 5233 460 5267 ι
490 5217 929 5292 Παραδοξασμὸς,
958 5222 1318 5294 βουλευτικὸς,
1353 5230 1586 5299 ἰσχυρὸς,
1613 5229 1855 5293 δυνατὸς,
1888 5248 1994 5283 πα-

2128 5224 2238 5288 ius,
2269 5233 2326 5281 et
2352 5226 2530 5291 fortis,
2556 5237 2611 5282 et
2640 5242 2851 5299 potens,
2881 5239 2935 5285 et
2965 5242 3114 5300 pater
3140 5232 3300 5285 etiam
3328 5240 3382 5286 et
3410 5235 3663 5305 princeps

431 5308 535 5384 τὴρ
565 5312 776 5377 αἰῶνος,
805 5314 987 5387 ἄρχων
1013 5317 1256 5388 εἰρήνης,
1285 5320 1377 5372 καὶ
1413 5319 1613 5390 ταύτης
1650 5321 1875 5392 ἀπείρου
1902 5325 1993 5376 καὶ

2128 5318 2277 5381 iacis,
2318 5338 2338 5370 ι
2381 5320 2542 5389 cujus
2588 5322 2739 5389 pacis
2782 5335 3054 5391 nunquam
3104 5321 3181 5374 ait
3204 5321 3446 5377 futurum
3477 5322 3658 5380 ﬁnem.

429 5401 817 5475 ἁτελευτήτοψ
854 5426 871 5455 ι
905 5407 997 5460 καὶ
1040 5408 1181 5462 κατὰ
1222 5410 1566 5475 Θεοὼτίωνα,
1620 5430 1637 5461 ι
1671 5412 1996 5482 θαυμαστῶς

2128 5408 2418 5463 Secundum
2472 5409 2856 5481 Symmachum
2914 5419 3101 5475 autem
3162 5430 3183 5463 ι
3228 5412 3657 5483 Admirabilitas,

432 5489 716 5562 βουλεύων,
747 5498 980 5570 ἰσχυρὸς,
1008 5498 1291 5571 δυνάστης,
1320 5502 1522 5573 πατὴρ,
1552 5502 1733 5574 ἄρχων
1753 5506 1991 5576 εἰρήνης,

2128 5500 2468 5564 :onsiliarius,
2503 5498 2681 5565 fortis,
2729 5510 2940 5571 potens.
2972 5511 3121 5571 pater
3167 5504 3372 5568 seculi,
3406 5505 3659 5576 princeps

427 5582 506 5655 up
539 5585 826 5658 πληθύνειν
869 5590 967 5660 τὴν
1012 5590 1274 5655 παιδείαν,
1302 5585 1361 5645 οὗ
1389 5594 1486 5663 τῆς
1511 5595 1729 5666 εἰρήνης
1752 5596 1850 5648 οὐκ
1878 5596 1989 5651 ἔστι

2128 5590 2272 5653 iacis,
2304 5599 2358 5646 et
2416 5593 2565 5661 pacis
2606 5592 2828 5651 inﬁnitae
2877 5602 3038 5660 atque
3084 5594 3462 5651 interminatze.
3504 5616 3523 5649 ι
3565 5598 3656 5662 Αι,

428 5670 618 5742 πέρας.
652 5695 670 5726 ι
706 5677 814 5731 Καὶ
839 5677 982 5748 αὐτῷ
1021 5696 1102 5733 σοι
1132 5680 1201 5734 τὰ
1227 5680 1352 5753 ἑξῆς
1394 5681 1701 5736 καταλείπω
1748 5689 1988 5749 σκοπεῖν,

2132 5683 2243 5736 icut
2282 5682 2617 5739 Theodotion
2646 5685 2835 5749 voluit,
2869 5702 2889 5736 ι
2923 5684 3311 5745 admirabiliter
3341 5693 3652 5755 consulens,

498 5759 543 5790 "
575 5760 682 5815 lsa.
722 5766 935 5825 H.347.

503 5846 577 5918 (Ι)
602 5851 680 5904 Οὔ
703 5867 862 5909 ποτε.
886 5855 1023 5927 Lege
1053 5852 1111 5911 οὗ
1127 5875 1222 5928 pro
1244 5859 1325 5925 οὐ,
1352 5865 1403 5915 ει
1431 5860 1618 5930 accipe
1641 5862 1768 5915 ποτε
1799 5877 1964 5919 sensu
1981 5863 2030 5919 οἰ

2128 5881 2194 5930 ιε,
2212 5864 2293 5919 vel
2308 5870 2435 5934 puta
2456 5864 2723 5921 excidisse
2750 5865 2996 5922 voculam
3017 5861 3086 5941 ἧς
3108 5878 3230 5925 ante
3254 5868 3469 5925 οὔποτε.
3494 5870 3651 5928 Emr;
