4110 6438
426 478 529 537 55!

429 592 614 657 tortis,
648 593 863 660 potens,
895 586 1081 654 pater,
1123 578 1380 650 princeps
1428 573 1599 646 pacis,
1628 569 1695 625 ad
1740 564 1999 635 multipli-

429 659 660 740 candam
707 674 1073 747 disciplinam,
1106 673 1266 740 cujus
1309 667 1463 739 pacis
1510 680 1620 721 non
1666 668 1752 719 est
1796 659 1939 714 linis.
1970 675 1991 710 ι

427 778 722 835 ϐαιιετιιιη,
754 783 875 840 qua:
929 770 1236 836 sequuntur
1275 760 1376 816 tibi
1424 759 1528 830 ipsi
1582 751 1999 824 contemplanda

428 867 703 936 relinquo,
740 863 844 917 hoc
873 873 1041 913 unum
1061 856 1328 911 duntaxat
1358 852 1651 907 adnotasse
1683 852 1996 908 contentus,

429 958 579 1032 quod
608 958 723 1029 ipse
745 947 857 1019 hic,
885 952 983 1024 qui
1010 948 1211 1005 dicitur
1236 966 1255 999 ι
1285 956 1441 1017 pater
1469 942 1748 1006 saeculi,et
1778 939 2002 994 inﬁnita:

423 1052 582 1125 pacis
616 1049 871 1120 princeps
893 1086 907 1109 ,
939 1044 1230 1115 magnique
1263 1038 1477 1096 consilii
1512 1036 1758 1107 angelus,
1784 1052 1801 1085 ι
1821 1032 1999 1086 oritu-

425 1123 526 1197 rus
560 1138 853 1211 aliquando
877 1146 934 1193 et
960 1134 1224 1206 puerulus
1261 1132 1477 1185 futurus
1506 1126 1792 1198 prophetia
1819 1123 2002 1179 decla-

432 1239 608 1295 ratur,
637 1237 692 1285 et
721 1229 777 1282 in
816 1235 940 1282 ortu
963 1240 1064 1281 suo
1092 1224 1234 1277 inter
1265 1220 1515 1274 homines
1547 1218 1690 1272 volet
1717 1215 1846 1270 olim
1878 1229 2001 1269 esse

432 1324 557 1394 igne
589 1321 907 1377 combustos
937 1332 1033 1373 eos
1068 1316 1161 1385 qui
1187 1315 1242 1369 in
1262 1328 1323 1368 ea
1350 1313 1524 1368 salute
1547 1309 1808 1379 gentium,
1844 1306 2002 1375 cujus

434 1416 553 1485 ipse
599 1424 790 1467 auctor
822 1406 948 1475 erit,
982 1408 1157 1463 odiosi
1213 1404 1382 1460 futuri
1438 1408 1587 1467 sunt,
1617 1400 1731 1455 sive
1779 1398 1818 1452 ii
1874 1396 2001 1451 mali

431 1505 653 1575 quidam
685 1504 984 1562 daemones,
1020 1500 1134 1553 sive
1166 1496 1329 1551 etiam
1382 1494 1534 1565 impii
1565 1492 1815 1547 homines
1843 1488 2003 1543 intel-

433 1599 693 1667 ligantur,
728 1596 796 1651 de
845 1594 1047 1665 quibus
1091 1591 1217 1645 ait:
1271 1606 1291 1640 ι
1336 1587 1491 1654 Quod
1545 1599 1759 1640 omnem
1801 1589 2003 1637 vestem

433 1688 907 1760 collectam_dolo,
938 1694 992 1741 et
1014 1684 1425 1745 vestimentum,
1457 1695 1582 1734 cum
1622 1676 2005 1732 conciliatione

434 1784 668 1841 solvent.
701 1801 720 1834 ι
752 1780 858 1836 Sed
880 1780 971 1851 qui
996 1777 1212 1831 tandem
1248 1774 1303 1829 bi
1328 1773 1552 1839 fuerint,
1579 1770 1685 1827 nisi
1707 1770 1774 1827 de
1805 1768 2003 1840 quibus

434 1877 564 1933 alibi
602 1892 668 1932 ex
714 1875 885 1945 ipsius
931 1868 1233 1926 Salvatoris
1283 1867 1459 1924 nostri
1508 1879 1743 1937 persona
1796 1863 2001 1919 dictum

434 1975 520 2024 est
553 1987 565 2022 :
607 1985 624 2017 ι
662 1965 854 2020 Partiti
898 1970 1028 2019 sunt
1056 1959 1382 2015 vestimenta
1431 1973 1548 2012 mea
1599 1955 1727 2019 sibi,
1760 1962 1813 2009 et
1841 1966 2006 2022 super

435 2065 640 2114 vestem
671 2069 845 2110 meam
876 2054 1145 2107 miserunt
1192 2057 1396 2125 sortem
1429 2047 1497 2113 ⁵³,
1547 2066 1566 2097 ι
1608 2055 1663 2101 ct
1692 2045 2004 2114 quicunque

435 2149 681 2219 ejusdem
708 2145 1005 2218 impietatis
1053 2161 1117 2197 ar.
1154 2143 1382 2200 sceleris
1409 2140 1703 2212 participes
1750 2133 2006 2197 fuerunt?

434 2242 599 2314 338
634 2239 739 2307 Qui
773 2239 992 2310 Quidem
1022 2238 1150 2293 dum
1179 2236 1391 2306 seipsos
1439 2232 1505 2287 ad
1536 2239 1838 2287 extremum
1880 2242 2005 2282 con-

433 2332 722 2387 demnatos
749 2316 1031 2392 videbunt,
1070 2327 1341 2399 optabunt
1376 2339 1436 2379 se
1468 2333 1593 2378 ante
1628 2321 1789 2375 talem
1823 2317 2009 2389 impie-

433 2431 601 2479 tatem
657 2423 783 2495 igne
835 2421 1005 2478 fuisse
1045 2419 1382 2482 combustos,
1414 2415 1597 2486 potius
1619 2428 1781 2485 quam
1826 2409 2007 2481 magni

434 2517 653 2573 consilii
683 2516 935 2586 angelum
967 2530 997 2569 a
1032 2514 1229 2585 seipsis
1260 2512 1523 2567 violatum
1550 2508 1741 2563 fuisse.
1762 2503 1842 2558 Tu
1874 2518 2004 2557 vero

433 2618 615 2665 tecum
648 2608 766 2678 ipse
795 2607 1084 2662 considera
1111 2621 1241 2660 num
1273 2618 1491 2660 omnem
1522 2601 1814 2656 humanam
1842 2603 2006 2650 natu-

435 2716 553 2754 ram
584 2700 873 2761 transiliat,
908 2699 1052 2769 quod
1082 2699 1229 2753 illius
1272 2711 1379 2767 pax
1423 2694 1636 2750 nullum
1665 2691 1824 2746 ﬁnem
1854 2689 2010 2744 habi-

433 2800 561 2848 tura
590 2808 713 2849 esse
740 2794 976 2855 dicatur,
1003 2800 1059 2848 et
1078 2789 1222 2862 quod
1250 2800 1404 2860 pater
1436 2786 1622 2843 saeculi
1661 2783 2006 2848 nominetur;

431 2894 696 2960 praeterea
726 2886 872 2957 quod
901 2901 1013 2941 non
1043 2884 1365 2954 simpliciter
1396 2881 1623 2952 angelus
1648 2884 1894 2942 vocetur,
1912 2876 2008 2931 sed

440 2998 460 3031 ι
504 2979 689 3050 magni
717 2978 933 3033 consilii
965 2977 1212 3047 angelus,
1238 2983 1292 3030 et
1316 2973 1463 3029 Deus
1500 2970 1681 3037 fortis,
1724 2990 1744 3022 ι
1778 2977 1834 3024 et
1863 2983 2011 3037 quae-

435 3086 654 3141 cunque
679 3085 789 3123 una
821 3083 944 3123 cum
969 3067 1055 3123 his
1089 3066 1446 3121 adnumerata
1480 3069 1627 3118 sunt.
1653 3060 1787 3115 Item
1811 3059 2009 3129 ait'per

434 3163 589 3218 illum
633 3176 859 3231 regnum
901 3158 1065 3213 David
1095 3172 1216 3213 esse
1263 3152 1793 3233 dirigendum,quod
1828 3152 2006 3223 ipsum

436 3266 571 3308 sane
601 3252 704 3305 hoc
732 3249 1000 3319 intelliges
1038 3247 1220 3302 modo.
1260 3246 1497 3300 Plurima
1531 3245 1750 3314 quidem
1774 3259 1836 3299 ea
1880 3248 2008 3298 sunt

436 3345 560 3413 quae
588 3342 693 3413 ipsi
719 3341 882 3396 David
912 3339 1159 3411 promisit
1180 3338 1342 3402 Deus,
1361 3339 1417 3393 in
1446 3339 1646 3408 quibus
1673 3337 1835 3392 etiam
1873 3335 1963 3388 illa
1988 3351 2002 3390 :

441 3453 462 3489 ι
496 3434 564 3489 Et
594 3449 792 3505 ponam
826 3434 881 3487 in
931 3432 1070 3487 mari
1118 3446 1336 3485 manum
1361 3430 1503 3501 ejus,
1525 3437 1580 3485 et
1608 3430 1665 3483 in
1687 3426 2004 3482 ﬂuminibus

435 3527 716 3583 dexteram
761 3526 899 3597 ejus,
931 3524 1049 3596 ipse
1096 3523 1375 3593 invocabit
1424 3537 1533 3586 me,
1567 3529 1723 3592 pater
1756 3536 1913 3576 meus
1943 3535 2004 3574 es

437 3630 520 3688 tu,
550 3620 695 3677 Deus
730 3636 904 3684 meus,
941 3627 996 3675 et
1042 3624 1330 3688 susceptor
1376 3616 1572 3671 salutis
1620 3629 1776 3678 meae,
1821 3621 1876 3668 et
1906 3627 2006 3683 ego

436 3713 857 3785 primOgenitum
888 3725 1085 3783 ponam
1116 3710 1291 3772 illum,
1320 3709 1597 3764 excelsum
1644 3720 1757 3777 prae
1784 3704 2006 3774 regibus

434 3822 632 3878 terrae,
683 3813 738 3868 in
817 3818 1079 3866 aeternum
1129 3807 1362 3864 servabo
1443 3805 1523 3859 illi
1573 3800 2004 3860 misericordiam

436 3919 638 3966 meam,
672 3911 726 3958 et
754 3909 1143 3958 testamentum
1168 3912 1346 3953 meum
1377 3895 1533 3951 ﬁdele
1563 3892 1689 3965 ipsi,
1721 3899 1774 3947 et
1807 3904 2006 3961 ponam
2064 3950 2067 3955 _

435 4002 493 4057 in
538 4000 808 4056 szeculum
860 3997 1044 4054 saeculi
1097 4009 1285 4050 semen
1333 3993 1473 4063 ejus,
1509 3998 1564 4047 et
1600 3991 1855 4045 thronum
1887 3988 2006 4058 ejus
2062 4013 2067 4017 -

437 4090 583 4147 sicut
613 4090 731 4145 dies
759 4089 886 4144 οωιί
915 4088 977 4141 ⁸⁸.
1016 4107 1035 4139 ι
1075 4084 1141 4140 Et
1182 4099 1375 4139 rursus
1405 4102 1418 4137 :
1453 4101 1473 4134 ι
1517 4080 1695 4137 Semel
1726 4080 1904 4150 juravi
1951 4079 2006 4132 in

436 4188 634 4239 sancto
665 4196 810 4246 meo,
835 4179 883 4236 si
917 4177 1089 4233 David
1121 4175 1376 4238 mentiar,
1400 4188 1587 4230 semen
1612 4172 1749 4242 ejus.
1767 4173 1823 4226 in
1849 4177 2008 4226 aeter-

437 4287 572 4328 num
605 4272 868 4331 manebit,
899 4278 957 4326 et
1001 4269 1237 4323 thronus
1283 4266 1404 4335 ejus
1452 4264 1594 4320 sicut
1651 4263 1735 4318 sol
1787 4262 1843 4316 in
1876 4276 2010 4315 con-

439 4373 630 4435 spectu
658 4378 802 4427 meo,
834 4370 889 4418 et
922 4361 1063 4416 sicut
1088 4361 1217 4415 luna
1259 4356 1501 4429 perfecta
1532 4355 1588 4410 in
1620 4363 1881 4410 azternum
1904 4353 2003 4411 ⁸⁸.»

439 4458 576 4514 Cum
604 4459 659 4513 in
694 4457 926 4513 Psalmis
962 4455 1104 4510 Dens
1134 4453 1237 4525 ipsi
1264 4452 1431 4508 David
1454 4462 1563 4506 tam
1600 4449 1770 4504 multa
1799 4447 2007 4518 promi-

441 4550 597 4613 serit,
620 4549 897 4605 contraria
921 4556 1102 4602 tamen
1128 4547 1196 4602 iis
1227 4561 1349 4616 qua:
1379 4544 1653 4614 promissa
1691 4549 1840 4606 sunt,
1863 4541 2009 4596 illius

441 4641 861 4703 successoribus
915 4640 1165 4696 evenisse
1221 4645 1437 4693 constat
1486 4643 1709 4707 propter
1765 4634 2009 4705 ipsorum
2043 4638 2089 4692 D

442 4736 771 4807 impietates.
818 4733 1030 4790 Etenim
1083 4747 1207 4787 cum
1251 4748 1319 4787 ex
1367 4731 1576 4788 semine
1625 4728 1794 4783 David
1859 4743 2013 4798 reges

439 4845 616 4901 usque
661 4830 729 4884 ad
786 4827 1101 4885 Jechoniam
1159 4832 1211 4880 et
1265 4840 1439 4895 usque
1500 4824 1568 4879 ad
1627 4822 2011 4894 Babylonicam

434 4922 623 4991 templi
649 4921 990 4977 obsidionem
1021 4919 1440 4990 permanserint,
1468 4917 1558 4972 ubi
1577 4917 1681 4971 hoc
1708 4916 1888 4986 ipsum
1921 4928 2014 4968 ac-

437 5015 591 5080 cidit,
618 5021 733 5068 tum
755 5028 885 5069 vero
926 5012 1257 5068 dissolutum
1306 5018 1391 5066 est
1442 5024 1691 5079 regnum,
1717 5007 1855 5061 adeo
1885 5006 2012 5075 qni-

436 5106 582 5170 dem,
614 5114 675 5160 ut
704 5121 769 5161 ex
799 5107 893 5160 illo
926 5113 1169 5175 tempore
1199 5118 1309 5157 non
1338 5101 1572 5171 amplius
1615 5098 1773 5155 sedes
1820 5095 2008 5161 David,

437 5215 613 5269 neque
660 5199 728 5254 de
773 5199 982 5255 semine
1021 5197 1142 5266 ejus
1186 5196 1474 5266 quisquam
1533 5192 1677 5263 apud
1726 5190 2008 5246 Judaicam

438 5299 652 5359 gentem
699 5288 1029 5360 regnaverit,
1060 5294 1116 5341 et
1148 5287 1288 5341 hanc
1317 5283 1534 5355 quidem
1570 5297 1758 5338 earum
1803 5294 2008 5343 rerum,

436 5396 576 5451 quae,
616 5389 675 5434 ut
718 5381 966 5451 proxime
1006 5379 1180 5449 posita
1224 5375 1421 5446 psalmi
1468 5372 1737 5444 particula
1790 5368 2012 5425 demon-

437 5490 597 5547 strat,
631 5484 737 5553 ipsi
768 5482 938 5539 David
960 5484 1248 5555 promissa:
1278 5487 1427 5545 sunt,
1450 5479 1746 5549 jacturam,
1775 5472 2010 5544 Spiritus

438 5587 658 5645 divinus
690 5590 747 5644 in
778 5590 926 5645 hunc
947 5588 1174 5645 modum
1208 5586 1355 5642 canit
1390 5605 1406 5642 :
1448 5605 1467 5638 ι
1502 5584 1583 5639 Tu
1609 5599 1739 5639 vero
1762 5582 2007 5653 repulisti

440 5699 496 5746 ct
534 5690 856 5763 despexisti,
906 5693 1174 5750 distulisti
1225 5694 1503 5750 Christum
1556 5699 1734 5753 tuum,
1769 5688 2012 5745 evertisti

437 5806 827 5854 testamentum
858 5802 1001 5857 servi
1034 5801 1131 5865 tui,
1159 5800 1462 5871 profanasti
1491 5801 1547 5855 in
1574 5807 1715 5856 terra
1754 5804 2009 5854 sanctua-

1065 461 1335 520 EUSEBII
1374 449 1852 516 CESARIENSIS
1891 447 2039 505 OPP.
2080 444 2280 500 PARS.
2320 444 2461 499 11-
2486 435 2980 498 APOLOGETICA.

2026 566 2075 622 Α
2097 558 2349 614 τοσοῦτον
2391 555 2886 630 ἐπισημηνάμενος,
2907 548 2984 613 ὡς
3007 544 3115 618 ἄρα
3137 539 3298 605 αὐτὸς
3321 526 3474 601 οὗτος
3508 537 3539 591 ό
3569 537 3663 592 λι-

3555 415 3663 476 532

2097 652 2327 724 γόμενος
2357 668 2376 703 ι
2405 648 2585 721 πατὴρ
2612 646 2825 709 αἰῶνος,
2849 642 2944 696 καὶ
2964 637 3189 710 ἀπείρου
3211 632 3434 704 εἰρήνης
3458 630 3661 724 ἄρχων,

2102 721 2341 818 μεγάλης
2365 761 2423 797 τε
2459 742 2649 813 βουλῆς
2665 736 2892 808 ἄγγελος
2909 754 2927 788 ι
2948 723 3394 818 γεννηθήσεσθαι,
3540 737 3666 774 παις

2097 810 2209 891 δίον
2233 810 2902 906 ἔσεσθαι-προφητεύεται,
2936 822 3029 878 ἐπί
3052 838 3112 874 τε
3135 822 3203 891 τῇ
3238 814 3318 880 εἰς
3348 810 3667 906 ἀνθρώπους

2100 928 2262 983 αὐτοῦ
2286 927 2498 997 γενέσει
2529 902 2930 996 ὼρικαύστους
2970 914 3241 984 ἐθελήσειν
3281 904 3499 960 ἔσεσθαι
3542 902 3667 963 τοὺς

2099 1021 2191 1074 ἐπὶ
2234 996 2307 1090 τῇ
2336 1019 2401 1071 δι’
2425 1015 2588 1070 αὐτοῦ
2611 1013 2876 1084 γενομένῃ
2920 1005 3163 1078 σωτηρίᾳ
3200 1001 3307 1055 τῶν
3345 997 3515 1053 ἐθνῶν
3556 996 3666 1049 δια-

2100 1111 2512 1182 φθονουμένους,
2548 1107 2657 1161 εἴτε
2678 1104 2934 1176 δαίμονας
2962 1097 3248 1169 πονηροὺς,
3280 1094 3393 1146 εἴτε
3425 1091 3518 1182 καὶ
3540 1091 3669 1182 ασε-

2101 1179 2215 1267 ϐεἶς
2242 1179 2455 1272 ἄνδρας,
2482 1199 2609 1271 περὶ
2638 1190 2713 1250 ὧν
2746 1208 2927 1264 φησιν’
2959 1190 3112 1242 ι”υτι
3139 1187 3321 1238 πᾶσαν
3351 1179 3539 1251 στολὴν
3553 1181 3673 1232 ἐπι-

2105 1295 2448 1365 συνηγμένην
2471 1291 2626 1361 δόλῳ,
2655 1289 2749 1342 καί
2769 1286 2980 1356 ἱμάτιον
3014 1278 3150 1353 μετὰ
3169 1273 3514 1365 καταλλαγῆς
3536 1274 3671 1325 ἀπο-

2101 1360 2327 1442 τίσουσι.
2361 1405 2379 1437 ι
2407 1360 2657 1447 *Τίνεςδὲ
2685 1382 2791 1451 ἄρα
2816 1375 2955 1449 ἦσαν
2994 1367 3158 1435 οὗτοι,
3186 1370 3220 1440 ἢ
3254 1369 3382 1439 περὶ
3406 1360 3480 1420 ὧν
3505 1364 3667 1418 ἀλλα-

2103 1480 2196 1552 χοῦ
2236 1477 2293 1544 ἐξ
2320 1475 2484 1530 αὑτοῦ
2521 1472 2813 1545 προσώπου
2839 1466 2933 1520 τοῦ
2960 1464 3209 1534 Σωτῆρος
3236 1459 3392 1531 ἡμῶν
3420 1458 3668 1528 είρηταις

2110 1548 2136 1622 ἱ
2155 1568 2538 1640 Διεμερίσαντο
2580 1563 2651 1616 τὰ
2695 1561 2886 1633 ἱμάτιά
2916 1575 3016 1630 μου
3059 1556 3289 1617 ἑαυτοῖς,
3316 1553 3408 1606 καὶ
3446 1550 3538 1603 ἐπὶ
3562 1548 3671 1602 ,τὸν

2107 1658 2398 1737 ἱματισμόν
2426 1677 2525 1731 μου
2554 1656 2739 1710 ἔϐαλον
2772 1655 2989 1725 κλῆρον,
3021 1670 3039 1702 ι
3070 1650 3199 1701 οἵτε
3223 1647 3320 1717 τῆς
3340 1644 3540 1698 τούτων
3572 1641 3670 1713 μέ-

2103 1733 2249 1827 τοχοι
2274 1751 2610 1813 δυσσεϐείας,
2636 1748 2685 1801 οἳ
2731 1748 2824 1801 καὶ
2866 1744 3171 1815 θελήσουσι,
3198 1739 3295 1810 τὴν
3323 1736 3467 1806 σφῶν
3492 1733 3673 1788 αὐτῶν

2105 1824 2284 1919 κρίσιν
2310 1841 2535 1911 ὕστερόν
2561 1854 2691 1891 ποτε
2733 1836 3008 1906 ὀψόμενοι,
3043 1835 3092 1886 εἰ
3136 1829 3242 1902 πρὸ
3281 1828 3381 1898 τῆς
3424 1824 3674 1886 ἀσεϐείας

2035 1919 2078 1975 Β
2107 1914 2284 1993 αῦτῶν
2310 1931 2649 2003 ἐγεγόνεισαν
2672 1929 3048 1998 πυρίκαυστοι,
3072 1923 3198 1994 πρὶν
3221 1920 3255 1991 ἦ
3280 1919 3372 1973 τὸν
3390 1918 3490 1989 τῆς
3518 1914 3680 1987 μεγά-

2105 2030 2204 2102 λης
2233 2025 2426 2099 βουλῆς
2450 2023 2678 2093 ἄγγελον
2716 2018 2851 2091 πρὸς
2875 2016 3055 2071 αὐτῶν
3084 2010 3436 2083 άσεϐηθῆναι.
3478 2010 3589 2062 Καὶ
3615 2010 3679 2062 σὺ

2104 2099 2168 2176 δὲ’
2190 2117 2340 2190 παρὰ
2362 2116 2542 2186 σαυτῷ
2571 2112 2765 2182 σκέψαι
2793 2113 2842 2164 εί
2871 2108 2944 2180 μὴ
2974 2104 3293 2176 ὑπερϐαίνει
3311 2103 3493 2155 πᾶσαν
3520 2099 3681 2170 φύσιν

2106 2208 2407 2281 ἀνθρώπων
2432 2207 2495 2260 τὸ
2522 2206 2595 2277 μή
2622 2203 2773 2265 τέλος
2797 2199 2940 2270 ἐχειν
2962 2197 3059 2268 τήν
3086 2196 3307 2267 εἰρήνην
3333 2192 3498 2246 αὐτοῦ
3524 2190 3676 2259 λέγε-

2108 2301 2253 2366 σθαι,
2279 2300 2372 2354 καὶ
2394 2298 2456 2351 τὸ
2480 2296 2690 2367 πατέρα
2711 2290 3069 2363 ὀνομάζεσθαι
3096 2287 3315 2349 αἰῶνοςο
3345 2284 3441 2337 καὶ
3472 2281 3601 2336 αὐτὸ
3619 2281 3675 2336 δὲ

2105 2394 2165 2446 τὸ
2198 2390 2482 2445 καλεῖσθαι
2533 2388 2694 2442 αὐτὸν
2741 2385 2840 2455 οὐχ
2886 2380 3071 2443 ἁπλῶς
3095 2378 3345 2447 ἄγγελον,
3373 2373 3509 2429 ἀλλὰ
3538 2393 3556 2425 ι
3584 2374 3678 2443 τῆς

2112 2485 2351 2557 μεγάλης
2381 2482 2575 2553 βουλῆς
2596 2478 2845 2549 ἄγγελον,
2868 2476 2960 2528 καὶ
2985 2473 3120 2526 Θεὸν
3148 2470 3384 2542 ἰσχυρὸν,
3413 2487 3431 2519 ι
3463 2466 3557 2519 καί¹
3586 2465 3683 2518 ὅσα

2105 2556 2315 2638 τούτοις
2346 2567 2988 2642 συγκαταλέλεκται.Ἔτι
3013 2563 3068 2617 δέ
3106 2579 3238 2633 φησι
3269 2561 3335 2613 δι’
3359 2556 3521 2612 αὐτοῦ
3549 2572 3682 2610 κατ-

2107 2664 2513 2737 ορθωθήσεσθαι
2549 2662 2648 2733 τὴν
2683 2657 2777 2714 τοῦ
2828 2656 2990 2711 Δαϐὶδ
3037 2653 3331 2725 βασιλείαν,
3365 2649 3393 2703 ὃ
3424 2648 3518 2737 καὶ
3550 2647 3685 2737 ali-2b

2106 2732 2318 2809 τρῦτον-
2340 2754 2552 2823 νοήσεις
2589 2732 2682 2802 τὸν
2722 2746 2942 2818 τρόπον.
2985 2742 3235 2797 Πλεῖσται
3272 2740 3390 2793 ὅσαι
3417 2734 3494 2805 τῷ
3519 2732 3683 2787 Δαϐὶδ

2107 2846 2393 2916 γεγόνασιν
2420 2839 2762 2910 ἐπαγγελίαι,
2789 2840 2849 2891 ὲν
2880 2830 2967 2899 αἷς
2986 2833 3197 2905 εἴρηται
3217 2849 3230 2862 ·
3262 2849 3280 2881 ι
3310 2829 3419 2881 Kal
3446 2826 3680 2896 θήσομαι

2107 2941 2165 2992 ἐν
2192 2937 2435 3009 Θαλάσσῃ
2477 2937 2634 3007 χεῖρα
2673 2931 2856 2995 αὑτοῦ,
2885 2928 2976 2983 xal
3001 2930 3060 2981 ὲν
3089 2924 3348 2995 ποταμοῖς
3375 2918 3552 2985 δεξιὰν
3583 2918 3679 2971 αὑ-

2105 3030 2221 3084 τοῦ.
2259 3028 2429 3091 Αὐτὸς
2458 3023 2837 3079 ἐπικαλέσεταί
2867 3038 2965 3093 με·
2999 3019 3190 3090 Πατήρ
3225 3033 3323 3088 μου
3357 3009 3406 3067 εἷ
3440 3013 3525 3076 σὺ,
3548 3009 3682 3074 Θεὸς

2114 3140 2216 3195 μου
2262 3121 2356 3176 καὶ
2385 3119 2729 3189 ἀντιλήπτωρ
2753 3116 2854 3185 τῆς
2888 3111 3160 3184 σωτηρίας
3185 3126 3305 3181 μου.
3338 3104 3510 3173 Κάγὼ
3536 3120 3683 3175 πρω-

2112 3217 2331 3270 τότοκον
2376 3213 2613 3284 θήσομαι
2654 3209 2837 3273 αὐτὸν,
2867 3206 3068 3277 ὑψηλὸν
3097 3201 3246 3274 παρὰ
3272 3203 3384 3263 τοῖς
3407 3196 3684 3269 βασιλεῦσι

2110 3306 2210 3377 τῆς
2248 3305 2373 3374 γῆς.
2400 3304 2495 3366 Εἰς
2540 3301 2633 3354 τὸν
2674 3300 2844 3352 αἰῶνα
2873 3294 3091 3367 φυλάξω
3116 3290 3264 3362 αὐτῷ
3290 3290 3351 3344 τὸ
3378 3288 3524 3351 ἔλεός
3561 3303 3684 3358 μου,

2113 3398 2206 3453 καὶ
2232 3399 2264 3469 ἡ
2289 3395 2518 3468 διαθήκη
2562 3411 2661 3465 μου
2695 3390 2858 3463 πιστή
2897 3388 3065 3460 αὐτῷ.
3102 3387 3213 3441 Kal
3234 3386 3469 3458 θήσομαι
3493 3384 3573 3446 εἰς
3595 3381 3688 3435 τὸν

2113 3488 2284 3542 αἰῶνα
2328 3486 2423 3540 τοῦ
2456 3485 2649 3548 αἰῶνος
2676 3483 2737 3537 τὸ
2772 3481 2991 3552 σπέρμα
3017 3478 3203 3543 αὐτοῦ,
3228 3476 3324 3532 καὶ
3361 3476 3452 3530 τὸν
3499 3473 3689 3546 θρόνον

2113 3580 2297 3644 αὐτοῦ,
2325 3577 2398 3643 ὡς
2439 3576 2538 3641 τὰς
2578 3575 2789 3647 ἡμέρας
2843 3570 2940 3626 τοῦ
2989 3569 3239 3636 οὐρανοῦ.
3271 3588 3289 3620 ι
3343 3568 3456 3621 Καὶ
3498 3562 3684 3629 αὖθις·

2119 3671 2333 3735 «Ἀτταξ
2356 3670 2545 3741 ὤμοσα
2561 3666 2707 3737 ἐντῷ
2735 3665 2876 3736 άγίῳ
2906 3681 3027 3736 μου,
3045 3661 3186 3733 είτῷ
3209 3659 3370 3714 Δαϐἰδ
3394 3657 3689 3729 ψεύσομαι,

2050 3799 2054 3803 ‹
2112 3764 2172 3818 τὸ
2200 3765 2419 3835 σπέρμα
2442 3760 2604 3815 αὐτοῦ
2636 3761 2715 3822 εἰς
2754 3757 2845 3810 τὸν
2896 3756 3067 3810 αἰῶνα
3116 3756 3282 3825 μενεῖ,
3316 3753 3410 3805 καί
3441 3752 3469 3804 ό
3502 3749 3694 3822 θρόνος

2113 3855 2277 3910 αὑτοῦ
2309 3853 2586 3925 ὼςόἣλιος
2618 3850 2859 3905 ἐναντίον
2888 3866 3010 3921 μου,
3044 3847 3137 3901 καὶ
3164 3847 3238 3910 ὡς
3268 3848 3303 3916 ή
3331 3844 3525 3914 σελήνη
3556 3858 3690 3895 κατ-

2113 3947 2412 4019 ηρτισμένη
2436 3948 2516 4010 εἰς
2536 3945 2627 3998 τὸν
2651 3944 2843 3998 αἰῶνα.
2883 3963 2901 3992 ι
2940 3939 3188 3994 Τοσαῦτα
3219 3940 3276 3990 ἐν
3308 3939 3418 4000 τοῖς
3441 3934 3689 4005 Ψαλμοῖς

2113 4041 2207 4093 τοῦ
2252 4039 2385 4093 Θεοῦ
2427 4038 2504 4110 τῷ
2537 4037 2698 4092 Δαϐἰὸ
2733 4033 3159 4109 ἐπηγγελμένον,
3195 4029 3451 4084 τάναντία
3492 4024 3689 4095 συνέϐη

2113 4137 2233 4198 ταῖς
2264 4132 2613 4203 ἐπαγγελίαις
2648 4129 2891 4185 ἐπελθεῖν
2937 4127 3023 4180 διὰ
3055 4127 3154 4190 τὰς
3176 4124 3283 4178 τῶν
3308 4122 3563 4192 διαδόχων
3594 4118 3692 4172 αὐ-

2114 4226 2210 4281 τοῦ
2256 4224 2674 4289 δυσσεϐείας.Ἥ
2717 4221 2845 4292 γοῦν
2880 4221 2943 4273 ἐκ
2985 4219 3297 4289 σπέρματος
3341 4213 3503 4267 Δαϐῖδ
3536 4211 3690 4281 βασι-

2114 4319 2254 4383 λεία,
2284 4317 2615 4390 διαρκέσασα
2652 4315 2842 4387 μέχρις
2873 4311 3117 4382 Ἰεχονίου
3146 4309 3240 4363 καὶ
3260 4307 3359 4377 τῆς
3380 4305 3484 4358 ὑπὸ
3509 4303 3689 4356 Βαϐυ-

2115 4411 2323 4474 λωνίοις
2369 4409 2461 4462 τοῦ
2507 4406 2653 4480 ἱεροῦ
2693 4403 3025 4476 πολιορκίας,
3057 4403 3259 4465 λέλυτο,
3290 4400 3363 4462 ὠς
3395 4396 3452 4463 ἐξ
3477 4395 3691 4449 ἐκείνου

2121 4504 2316 4576 μηκέτι
2341 4502 2430 4555 τὸν
2456 4501 2640 4573 θρόνον
2667 4496 2849 4560 Δαϐἰδ,
2872 4495 3007 4567 μηδὲ
3030 4496 3154 4556 τοὺς
3180 4494 3244 4544 ἐκ
3269 4490 3579 4561 σπέρματος
3596 4485 3695 4539 αὐ-

2116 4594 2209 4649 τοῦ
2241 4593 2551 4666 βασιλεῦσαι
2595 4590 2688 4645 τοῦ
2728 4587 2992 4642 Ἰουδαίων
3029 4585 3233 4647 ἔθνους.
3262 4581 3371 4635 Καὶ
3400 4579 3604 4650 ταύτην
3630 4594 3697 4644 γε

2118 4690 2221 4761 τὴν
2266 4687 2562 4758 γενομένην
2594 4684 2888 4739 διάπτωσιν
2920 4680 3018 4750 τῆς
3044 4678 3180 4748 πρὸς
3212 4677 3303 4729 τὸν
3332 4673 3496 4729 Δαϐὶδ
3521 4675 3695 4740 ἐπαγ-

2121 4783 2306 4852 γελίας
2333 4780 2474 4834 κατὰ
2495 4780 2592 4851 τὴν
2614 4774 3011 4850 προειρημένην
3037 4772 3131 4826 τοῦ
3153 4768 3369 4842 ψαλμοῦ
3398 4766 3695 4840 παράθεσιν

2119 4876 2181 4930 τὸ
2214 4867 2484 4929 θεῖονῶδέ
2534 4889 2648 4936 πως
2680 4868 2905 4940 Πνεῦμα
2933 4866 3175 4930 θεσπίζει
3197 4882 3211 4895 ’
3253 4884 3272 4915 ι
3303 4864 3374 4917 Σὺ
3400 4862 3455 4915 δέ
3489 4859 3695 4915 ἀπώσω

2120 4968 2213 5022 καὶ
2245 4965 2625 5033 ἐξουδένωσας,
2667 4960 2925 5016 ἁνεϐάλου
2976 4960 3067 5012 τὸν
3110 4957 3340 5028 Χριστόν
3386 4971 3515 5009 σου·
3560 4971 3694 5007 κατ-

2120 5058 2389 5131 έστρεψας
2419 5058 2518 5129 τὴν
2557 5055 2823 5126 διαθήκην
2853 5052 2948 5106 τοῦ
2976 5051 3162 5105 δούλου
3208 5067 3322 5112 σου,
3350 5047 3694 5118 ἐϐεϐήλωσας

2119 5154 2197 5215 εἰς
2228 5150 2327 5221 τὴν
2351 5149 2452 5219 γῆν
2480 5146 2540 5199 τὸ
2577 5146 2819 5215 ἁγίασμα
2840 5141 3004 5196 αὑτοῦ
3027 5159 3039 5172 ·
3073 5139 3320 5205 καθεῖλες
3345 5139 3552 5199 πάντας
3568 5137 3695 5201 τοὺς

2121 5243 2408 5316 φραγμοὺς
2441 5239 2605 5294 αὑτοῦ
2624 5256 2636 5268 ·
2682 5257 2700 5288 ι
2731 5238 2824 5291 καί
2861 5238 2975 5307 μετ’
3008 5235 3160 5303 ὀλίγα
3179 5252 3192 5264 ο
3229 5252 3247 5283 ι
3275 5232 3376 5285 Τὸν
3398 5231 3583 5302 θρόνον
3608 5229 3698 5282 αῦ-

2119 5335 2212 5389 τοῦ
2247 5336 2325 5396 εἰς
2354 5333 2452 5404 τὴν
2493 5332 2596 5403 γῆν
2630 5328 2990 5415 κατέρραξας.
3026 5328 3356 5397 ἐσμίκρυνας
3416 5322 3514 5386 τὰς
3557 5322 3695 5393 ἡμέ-

2123 5443 2219 5497 ρας
2275 5423 2370 5477 τοῦ
2432 5424 2624 5496 χρόνου
2690 5412 2883 5485 αὑτοῦ,
2955 5419 3220 5489 κατέχεας
3281 5413 3444 5470 αὐτοῦ
3507 5412 3699 5484 αἰσχύα

2119 5535 2235 5588 νην.
2268 5519 2369 5570 »Ἃ
2412 5518 2507 5570 καί
2551 5514 2795 5588 ἐναργῶς
2843 5512 3125 5585 ἀρξάμενα
3170 5508 3536 5563 συντελεῖσθαι
3588 5504 3695 5559 ἀπὸ

2115 5610 2215 5682 τῆς
2266 5612 2345 5673 εἰς
2390 5608 2683 5662 Βαϐυλῶνα
2720 5605 3093 5678 αἰχμαλωσίας
3117 5602 3209 5656 τοῦ
3239 5600 3369 5656 λαοῦ
3401 5600 3561 5673 μέχρι
3593 5598 3695 5667 τῆς

2129 5702 2415 5774 Ῥωμαίων
2452 5701 2547 5755 καὶ
2580 5698 2834 5770 Τιϐερίου
2870 5696 3215 5771 παρεξετάθη
3263 5694 3556 5767 βασιλείας.
3585 5691 3693 5745 Οὐ-

2118 5793 2228 5859 δεὶς
2254 5790 2383 5862 γοῦν
2417 5795 2481 5847 ἐκ
2522 5791 2622 5861 τῆς
2662 5788 2754 5842 τοῦ
2797 5789 2961 5844 Δαϐὶδ
3001 5789 3248 5860 διαδοχῆς
3270 5788 3328 5844 ἐν
3352 5789 3461 5851 τοῖς
3491 5782 3695 5860 μεταξὺ

511 5893 554 5923 ⁸³
575 5891 724 5947 Psal.
755 5908 872 5961 ιιι,
904 5892 968 5949 ἱ8
996 5912 1011 5963 ;
1052 5893 1244 5951 Matth.
1282 5910 1450 5962 xxvn,
1489 5894 1579 5952 55.
1659 5896 1703 5928 ⁸⁸
1730 5892 1879 5950 Psal.
1910 5907 2009 5949 ηπ

2106 5888 2399 5955 111,26-30.
2456 5888 2543 5975 "an
2565 5884 2698 5944 ibid.
2733 5884 2914 5942 εει-δε.
