4110 6416
413 462 521 520 555

1322 455 1970 517 DEMONSTRATIONIS
2008 458 2469 517 EVANGELICA‘I
2503 460 2631 519 LIB.
2674 459 2787 518 Vli.

3551 462 3659 519 553
3670 472 3684 481 “

411 579 628 653 χρόνοις
692 578 935 649 φαίνεται
981 577 1073 631 ἐπὶ
1126 576 1215 631 τὸν
1269 577 1546 648 βασιλικὸν
1593 578 1686 632 τοῦ
1724 579 1964 651 Ἑϐραίωπ

2089 580 2232 633 rium
2271 579 2410 649 ejus,
2448 578 2765 636 destruxisti
2819 594 3011 636 omnes
3069 595 3225 653 sepes
3272 579 3392 651 ejus
3429 581 3496 637 “.
3537 601 3556 634 ι
3589 580 3656 636 Et

411 672 597 737 ἔθνους
660 671 943 736 καθεσθεὶς
996 669 1182 742 θρόνον
1238 671 1397 745 μέχρι
1455 672 1555 744 τῆς
1601 672 1697 727 τοῦ
1745 674 1981 745 Χριστοῦ

412 761 728 837 παρουσίας.
761 764 867 818 Τοῦ
916 764 973 818 δὲ
1019 765 1084 817 ὲκ
1127 763 1438 836 σπέρματος
1483 764 1646 818 Δαϐὶδ
1690 768 1981 838 γενομένου

412 857 618 927 Κυρίου
648 859 741 911 καὶ
782 856 1034 929 Σωτῆρος
1057 856 1212 928 ἡμῶν
1254 855 1429 928 Ἰησοῦ
1456 859 1693 931 Χριστοῦ
1721 858 1983 930 βασιλέως

411 951 503 1004 ἐπὶ
549 951 726 1004 πᾶσαν
764 946 870 1018 τὴν
900 951 1221 1022 οἰκουμένην
1275 951 1762 1026 ἀνακηρυχθέντος,
1794 951 1981 1022 ὥσπερ

408 1041 516 1095 ἀπὸ
558 1041 664 1112 γῆς
705 1043 796 1097 καὶ
829 1041 1119 1114 πτώματος
1159 1028 1481 1108 ἀνανεωθεὶς
1520 1043 1680 1110 αὐτὸς
1724 1046 1929 1107 ἐκεῖνος
1952 1046 1981 1098 6

408 1134 593 1206 θρόνος
622 1134 785 1188 Δαϐὶδ
816 1134 902 1188 διὰ
937 1136 1038 1206 τῆς
1070 1134 1164 1189 τοῦ
1196 1137 1446 1208 Σωτῆρος
1486 1135 1641 1208 ἡμῶν
1666 1134 1850 1192 ἐνθέου
1884 1133 1981 1208 βα·-

408 1225 611 1290 σιλείας
652 1225 989 1298 ἀνώρθωται,
1025 1228 1118 1281 καὶ
1160 1228 1402 1300 διαμενεῖ
1428 1230 1508 1293 εἰς
1547 1228 1638 1282 τὸν
1668 1224 1981 1297 αίῶνκοκαὶ

405 1318 569 1372 είσέτι
601 1336 688 1388 γε,
729 1320 806 1384 ὠς
836 1322 864 1374 6
895 1321 1045 1391 ἥλιος
1084 1320 1323 1376 ἐναντίον
1354 1318 1447 1374 τοῦ
1475 1320 1632 1387 Θεοῦ,
1663 1321 1764 1393 τὴν
1800 1322 1979 1376 πᾶσαν

402 1412 775 1483 καταλάμπων
805 1414 953 1467 οίκου
962 1412 1126 1484 μένην
1150 1416 1268 1478 ταῖς
1300 1414 1479 1467 ἀκτῖσι
1526 1413 1619 1468 τοῦ
1663 1414 1837 1484 φωτὸς
1878 1412 1978 1485 τῆς

398 1500 745 1569 διδασκαλίας
776 1503 963 1571 αὐτοῦ,
997 1504 1303 1569 ἀκολούθως
1335 1508 1401 1578 τῇ
1428 1522 1487 1559 τε
1521 1505 1739 1559 ἀπὸτοῦ
1759 1505 1978 1579 ψαλμοῦ

403 1596 697 1669 μαρτυρίᾳ,
733 1598 828 1651 καὶ
862 1597 957 1651 τοῦ
989 1598 1128 1670 μετά
1172 1601 1360 1671 χεῖρας
1388 1601 1687 1671 προφήτου,
1723 1600 1852 1670 περὶ
1881 1598 1976 1654 τοῦ

397 1687 864 1760 γεννηθησομένου
891 1690 1105 1743 παιδίου
1130 1690 1394 1761 λέγοντος,
1422 1692 1515 1745 ἐπὶ
1540 1692 1632 1762 τὸν
1663 1692 1848 1765 θρόνον
1870 1693 1977 1747 Δα-

396 1775 504 1842 ϐὶδ,
539 1778 737 1850 δηλαδὴ
758 1780 850 1833 τὸν
883 1781 1099 1835 αἰώνιον
1124 1784 1217 1836 καὶ
1244 1784 1459 1855 διαρκῆ,
1481 1784 1571 1837 τὸν
1597 1785 1661 1856 δὴ
1686 1785 1779 1839 καὶ
1804 1787 1981 1856 ἐπηγ-

395 1868 656 1940 γελμένον
687 1870 766 1942 τῷ
794 1871 959 1925 Δαϐὶδ
982 1873 1411 1945 καθεσθήσεσθαι
1446 1874 1605 1928 αὐτὸν
1636 1874 1728 1928 ἐπὶ
1761 1874 1857 1946 τὴν
1882 1874 1978 1945 βα-

2084 677 2208 742 post
2234 686 2409 741 pauca
2442 691 2455 725 :
2494 689 2513 723 ι
2557 669 2753 727 Sedem
2781 671 2901 740 ejus
2929 672 2985 726 in
3016 672 3219 728 terram
3249 672 3521 739 collisisti,
3550 674 3654 727 mi-

2084 762 2251 819 nuisti
2277 763 2391 818 dies
2417 762 2676 834 temporis
2701 762 2841 833 ejus,
2888 761 3176 834 perfudisti
3219 779 3341 818 eum
3372 761 3653 819 confusio-

2085 869 2151 908 ne
2179 854 2246 907 ⁸⁷.
2288 873 2306 905 ›
2336 853 2468 920 Quae
2499 857 2681 909 omnia
2741 869 2866 909 cum
2913 855 3027 925 jam
3079 853 3265 925 perlici
3326 855 3654 926 inceperim,

2083 945 2234 1001 abeo
2266 955 2510 1016 tempore
2540 961 2648 1017 quo
2681 948 2914 1017 populus
2948 948 3004 1000 in
3046 945 3376 1019 Babylonem
3404 947 3657 1018 captivus

2082 1037 2278 1094 ductus
2308 1047 2411 1103 est,
2441 1054 2615 1109 usque
2648 1038 2716 1093 ad
2760 1038 3128 1094 Romanorum
3150 1047 3205 1095 et
3236 1039 3441 1096 Tiberii
3483 1041 3659 1109 impe-

2080 1127 2222 1183 rium
2247 1130 2460 1200 prolata
2507 1141 2869 1201 provectaque
2919 1136 3062 1187 sunt.
3095 1131 3258 1205 339
3283 1130 3476 1188 Nullus
3506 1130 3653 1187 enim

2078 1233 2146 1273 ex
2187 1234 2386 1290 genere
2436 1218 2607 1275 David
2662 1219 2765 1275 hoc
2793 1227 2907 1276 toto
2945 1220 3271 1276 intermedio
3316 1229 3561 1292 tempore
3595 1221 3652 1274 in

2079 1309 2358 1367 Hebraicze
2389 1312 2566 1383 gemis
2608 1314 2757 1385 regia
2813 1312 2942 1370 sede
2969 1313 3186 1370 videtur
3221 1314 3450 1377 sedisse.
3477 1330 3652 1384 usque

2079 1402 2147 1457 ad
2170 1403 2374 1460 Christi
2395 1404 2709 1461 adventum.
2734 1403 2839 1460 Ubi
2869 1420 2999 1461 vero
3032 1404 3292 1462 Dominus
3319 1416 3372 1462 et
3406 1405 3651 1461 Salvator

2078 1502 2266 1552 noster
2294 1493 2456 1552 Jesus
2502 1495 2777 1562 Christus,
2812 1497 2903 1567 qui
2931 1497 3001 1551 de
3055 1498 3262 1553 semine
3295 1497 3464 1552 David
3496 1505 3651 1553 ortus

2077 1592 2183 1651 est,
2226 1585 2283 1641 in
2320 1594 2494 1641 totum
2521 1588 2709 1643 orbem
2740 1602 2839 1641 rex
2872 1587 3228 1644 denuntiatus
3256 1596 3362 1654 est,
3389 1582 3651 1660 tanquam

2076 1693 2139 1733 ea
2169 1693 2291 1749 qua:
2333 1677 2402 1734 de
2432 1687 2580 1734 terra
2610 1688 2665 1735 et
2697 1679 2857 1733 ruina
2908 1680 3212 1736 instaurata
3270 1682 3362 1747 sit,
3391 1682 3508 1752 ipsa
3559 1683 3653 1738 illa

2076 1774 2234 1830 sedes
2261 1771 2432 1828 David
2466 1788 2562 1843 per
2590 1774 2836 1829 divinum
2870 1773 3170 1832 Salvatoris
3218 1773 3393 1830 nostri
3422 1789 3652 1845 regnum

2075 1872 2258 1922 erecta
2278 1874 2382 1931 est,
2411 1872 2467 1920 et
2490 1866 2833 1935 permanebit
2859 1867 2912 1921 in
2955 1874 3244 1933 aeternum,
3280 1867 3449 1922 veluti
3483 1866 3565 1922 sol
3593 1868 3650 1921 in

398 1960 605 2016 σιλείαν
645 1962 831 2025 αὐτοῦ,
860 1964 1202 2036 κατορθῶσαι
1249 1965 1416 2036 αὐτὴν
1466 1967 1560 2019 καί⁵
1592 1965 1964 2021 ἀντιλαϐέσθαι

2074 1946 2372 2028 conspectu
2408 1955 2524 2021 Dei,
2575 1956 2723 2012 illius
2755 1958 2918 2014 .lucis
2966 1958 3156 2022 radiis,
3185 1954 3346 2028 quam
3398 1958 3649 2014 doctrina

395 2052 454 2105 ἐν
487 2051 712 2124 κρίματι
760 2052 855 2105 καὶ
900 2052 1211 2126 δικαιοσύνῃ
1253 2056 1360 2108 άπὸ
1391 2054 1486 2109 τοῦ
1521 2055 1615 2110 νῦν
1647 2057 1739 2110 καὶ
1768 2058 1849 2120 είς
1880 2057 1972 2110 τὸν

393 2141 781 2207 αίῶνα.”οπως
810 2143 868 2197 δὲ
891 2142 1063 2199 ταῦτα
1095 2146 1418 2217 ἐπληροῦτο,
1441 2147 1756 2212 διδάσκαλος
1778 2148 1972 2216 γένοιτ’

392 2234 461 2290 ἂν
508 2235 804 2309 ἀξιόχρεως
856 2238 1094 2311 Γαϐριὴλ
1141 2241 1169 2292 6
1216 2239 1447 2308 ἄγγελος
1488 2242 1546 2295 ὲν
1594 2241 1672 2311 τῷ
1704 2242 1841 2313 πρὸς
1872 2242 1971 2314 τὴν

391 2328 667 2400 Παρθένον
715 2332 1081 2402 χρηματισμῷ
1133 2334 1386 2404 φάσκων·
1447 2352 1466 2383 ι
1494 2332 1587 2404 Μὴ
1632 2332 1817 2403 φοϐοῦ,
1853 2335 1973 2388 Μα-

394 2420 562 2491 ριάμ·
590 2415 749 2493 εὗρες
782 2422 891 2494 γὰρ
923 2424 1079 2496 χάριν
1114 2412 1264 2496 παρά
1295 2423 1374 2496 τῷ
1406 2424 1551 2495 Θεῷ·
1583 2426 1675 2478 καὶ
1704 2425 1811 2478 ἰδοὺ
1848 2425 1971 2479 συλ-

389 2510 536 2586 Mm
566 2516 623 2567 ὲν
648 2514 865 2585 γαστρὶ,
886 2514 978 2568 καλ⁷
1001 2516 1131 2589 τέξῃ
1156 2518 1288 2580 υἱὸν,
1322 2518 1416 2571 καὶ
1440 2517 1687 2582 καλέσεις
1718 2519 1776 2571 τὸ
1801 2518 1971 2589 ὄνομα

389 2603 555 2657 αὐτοῦ
589 2606 815 2678 Ἰησοῦν.
849 2603 1015 2672 Οὗτος
1049 2608 1199 2661 ἔσται
1231 2609 1422 2680 μέγας,
1445 2611 1539 2664 καὶ
1569 2611 1684 2673 υίὸς
1714 2612 1966 2681 Ὑψίστου

388 2694 739 2768 κληθήσεται,
780 2701 873 2752 καὶ
905 2699 1066 2753 δώσει
1097 2700 1246 2771 αὐτῷ
1274 2701 1477 2773 Κύριος
1505 2704 1533 2755 6
1564 2702 1697 2766 Θεὸς
1720 2704 1811 2756 τὸν
1840 2704 1967 2776 θρό-

386 2803 478 2841 νον
510 2788 674 2842 Δαϐὶδ
709 2789 800 2842 τοῦ
832 2792 1039 2863 πατρὸς
1072 2794 1258 2859 αὐτοῦ,
1286 2795 1378 2848 καὶ
1414 2794 1719 2864 βασιλεύσει
1751 2796 1843 2849 ἐπὶ
1874 2796 1967 2849 τὸν

383 2874 534 2933 οἷκον
576 2879 769 2933 Ἰακὼϐ
802 2884 881 2946 είς
907 2883 997 2936 τὸν
1031 2884 1223 2950 αἰῶνα,
1249 2888 1342 2940 καὶ
1367 2886 1468 2957 τῆς
1496 2886 1770 2957 βασιλείας
1800 2886 1964 2940 αὐτοῦ

384 2973 486 3026 οὐκ
514 2972 664 3027 ἔσται
690 2975 859 3039 τέλος.
895 2996 912 3027 ι
950 2976 1164 3048 Ταύτην
1204 2981 1261 3032 ὲν
1292 2978 1371 3049 τῷ
1414 2980 1797 3052 προειρημένῳ
1827 2979 1965 3049 ψαλ-

387 3063 473 3136 μῷ
500 3066 594 3119 καὶ
624 3067 652 3119 6
688 3069 971 3140 προφήτης
1005 3069 1315 3139 προσδοκῶν
1350 3071 1449 3143 τὴν
1478 3070 1572 3124 τοῦ
1599 3071 1833 3143 Χριστοῦ
1868 3071 1965 3140 γέ-
1995 3086 2005 3096 ’

383 3172 548 3221 νεσιν,
579 3159 677 3229 τήν
712 3175 770 3211 τε
807 3160 1099 3232 ὑπέρθεσιν
1126 3162 1315 3232 αὐτῆς,
1352 3163 1444 3215 καὶ
1483 3162 1746 3234 ἀναϐολὴν
1775 3162 1964 3236 ὥσπερ

383 3246 563 3300 αἰτίαν
610 3250 850 3321 συνορῶν
892 3252 991 3323 τῆς
1031 3252 1125 3306 τοῦ
1154 3253 1344 3325 θρόνου
1377 3253 1539 3306 Δαϐὶδ
1569 3253 1958 3319 ἀποπτώσεως,

383 3339 750 3394 ἀποδυσπετεῖ
773 3342 945 3411 λέγων
964 3361 978 3374 ·
1009 3362 1027 3395 ι
1055 3345 1126 3397 Σὺ
1146 3344 1203 3397 δὲ
1228 3345 1432 3399 ἀπώσω
1458 3345 1551 3400 καλ⁵
1579 3345 1958 3411 ὲξουδένωσας,

382 3431 643 3486 ἀνεϐάλου
672 3432 763 3486 τὸν
793 3435 1025 3505 Χριστόν
1060 3453 1175 3489 σου.
1210 3455 1230 3488 ι
1269 3436 1503 3509 Εὖχεται
1533 3437 1590 3492 δὲ
1620 3437 1807 3510 ὥσπερ
1839 3439 1965 3491 δυσ-

381 3521 548 3577 ωπῶν
592 3522 653 3574 τὸ
696 3522 868 3587 Θεῖον,
969 3524 1133 3594 τάχος
1166 3524 1521 3597 πληρωθῆναι
1558 3527 1628 3581 τά
1663 3527 1764 3598 τῆς
1790 3530 1963 3596 ἐπαγ-

381 3610 588 3680 γελίας,
619 3612 842 3681 φάσκων
869 3630 882 3643 ·
918 3634 935 3664 ι
966 3614 1076 3667 Ποῦ
1119 3617 1235 3669 ἐστι
1265 3618 1332 3671 τά
1361 3618 1484 3690 ὲλέη
1517 3636 1609 3672 σου
1640 3618 1706 3672 τὰ
1740 3620 1961 3691 ἀρχαῖα,

380 3701 578 3775 Κύριε,
613 3701 649 3757 ἃ
680 3702 898 3775 ῶμοσας
930 3705 1009 3775 τῷ
1036 3706 1199 3759 Δαϐὶδ
1244 3709 1301 3761 ὲν
1348 3711 1414 3779 τῇ
1447 3709 1675 3780 ἀληθείᾳ
1705 3726 1831 3774 σου;
1867 3729 1884 3760 ι
1924 3709 1961 3763 ἀ

378 3791 443 3868 δὴ
499 3794 809 3863 σαφέστατα
861 3795 956 3849 καὶ
1006 3796 1146 3849 αύτά
1195 3797 1258 3869 δὴ
1309 3799 1480 3852 ταῦτα
1506 3799 1961 3871 πληρωθήσεσθαι

379 3884 473 3936 ἐπὶ
497 3887 564 3956 τῇ
594 3886 804 3954 γενέσει
830 3886 924 3939 τοῦ
960 3886 1058 3958 τῆς
1096 3888 1336 3960 μεγάλης
1368 3890 1562 3960 βουλῆς
1596 3892 1826 3960 ἀγγέλου
1871 3891 1960 3945 θε-

381 3976 563 4041 σπίζει
583 3995 596 4008 ο
639 3979 755 4048 Ἐφ’
779 3971 824 4046 ᾧ
868 3978 1176 4051 θελήσουσι,
1206 3983 1390 4052 φησὶν,
1420 3983 1470 4035 οἱ
1497 3984 1959 4054 προαποδοθέντες

376 4074 425 4126 εί
464 4072 803 4144 ἐγενήθησαν
868 4073 1248 4145 πυρίκαυστοι·
1283 4093 1303 4127 σ
1350 4076 1480 4130 διότι
1541 4076 1751 4131 παιδίον
1801 4080 1957 4147 ἐγεν-

376 4164 513 4236 νήθη
548 4166 700 4236 ήμῖν,
737 4165 829 4219 καὶ
867 4165 979 4230 υἱὸς
1006 4166 1158 4236 ἐδόθη
1194 4169 1323 4239 ἡμῖν
1353 4170 1382 4221 6
1408 4168 1506 4239 τῆς
1549 4169 1793 4242 μεγάλης
1831 4182 1954 4240 ρου-

376 4254 472 4325 λῆς
505 4256 752 4324 ἄγγελος.
797 4276 816 4309 ι
854 4258 974 4314 Τίσι
998 4258 1054 4312 δὲ
1085 4262 1217 4330 ἡμῖν
1260 4261 1298 4333 ἢ
1345 4263 1460 4324 τοῖς
1493 4263 1572 4324 είς
1597 4262 1756 4315 αὐτὸν
1791 4280 1954 4316 πεπι-

378 4348 630 4401 στευκόσι
656 4351 771 4412 τοῖς
801 4351 860 4402 ἐν
902 4352 967 4421 τῇ
1018 4349 1275 4423 Γαλιλαίᾳ
1302 4351 1411 4405 τῶν
1437 4352 1635 4418 ἐθνῶν,
1670 4349 1751 4417 οἷς
1784 4354 1955 4419 αἴτιος

374 4439 664 4510 γεγένηται
696 4440 871 4510 φωτὸς
906 4443 997 4495 καὶ
1024 4442 1378 4514 εὐφροσύνης,
1411 4444 1596 4498 καινοῦ
1630 4463 1689 4498 τε
1715 4448 1807 4499 καὶ
1831 4438 1951 4499 νέου

375 4531 561 4597 ποτοῦ,
594 4534 695 4604 τῆς
740 4534 930 4606 καινῆς
976 4533 1248 4606 Διαθήκης
1298 4539 1615 4609 μυστηρίου,
1667 4538 1806 4592 κατά
1853 4541 1950 4611 τὴν

375 4628 623 4699 φήσασαν
675 4627 1036 4698 προφητείαν,
1095 4646 1115 4679 ι
1141 4628 1312 4681 Τοῦτο
1362 4630 1596 4701 πρῶτον,
1645 4631 1757 4694 πίε,
1808 4630 1945 4700 ταχὺ
1980 4664 2023 4718 D

375 4717 538 4784 ποίει,
569 4716 722 4789 χώρα
770 4716 1074 4781 Ζαϐουλὼν,
1112 4720 1205 4770 καὶ
1253 4717 1325 4789 γῆ
1380 4720 1718 4790 Νεφθαλείμ,
1758 4723 1851 4775 καὶ
1898 4723 1948 4775 οἱ

371 4809 547 4864 λοιποὶ
586 4811 634 4862 οἱ
675 4808 772 4879 τὴν
812 4808 1084 4880 παραλίαν
1116 4810 1388 4874 οἰκοῦντες
1414 4811 1584 4883 πέραν
1612 4812 1707 4867 τοῦ
1748 4812 1951 4884 Ἰορδά-

371 4916 491 4965 νου,
524 4897 778 4953 Γαλιλαία
803 4897 911 4950 τῶν
938 4898 1122 4952 ἐθνῶν·
1152 4902 1180 4953 6
1198 4900 1325 4964 λαὸς
1344 4903 1372 4954 ὁ
1399 4902 1706 4973 καθήμενος
1728 4886 1793 4955 ’ἐν
1825 4904 1949 4956 σκό-

369 5006 474 5055 τει,
496 4988 613 5058 φῶς
658 4989 793 5041 ἴδετε
830 4988 1001 5058 μέγα·
1036 4994 1130 5045 καὶ
1159 4994 1270 5055 τοῖς
1309 4992 1634 5064 καθημένοις
1669 4996 1726 5046 ἐν
1770 4995 1948 5047 σκότει

368 5083 465 5137 καὶ
490 5083 619 5154 σκιᾷ
644 5081 894 5149 θανάτου,
928 5082 1042 5153 φῶς
1067 5085 1335 5138 ἀνέτειλεν
1358 5087 1574 5152 αὐτοίς;
1612 5105 1629 5136 ι
1661 5082 1783 5139 Εἶεν
1808 5085 1852 5138 δ’
1882 5085 1948 5139 ἂν

366 5174 425 5227 ὲν
458 5171 669 5236 τούτοις
697 5171 1011 5243 δηλούμενοι
1044 5176 1171 5227 οἵτε
1205 5176 1263 5240 ἐξ
1293 5176 1461 5229 ἐθνῶν
1490 5178 1570 5241 εἰς
1594 5178 1684 5231 τὸν
1712 5181 1947 5252 Χριστὸν

362 5261 458 5317 τοῦ
496 5262 628 5318 Θεοῦ
656 5263 1099 5334 πεπιστευκότες,
1130 5264 1224 5317 καὶ
1272 5265 1323 5317 οἰ
1364 5266 1457 5318 τοῦ
1506 5266 1757 5338 Σωτῆρος
1785 5268 1944 5340 ἡμῶν

368 5355 607 5426 μαθηταὶ
658 5356 750 5409 καὶ
796 5356 1100 5421 ἀπόστολοι,
1132 5355 1223 5421 οὓς
1252 5357 1358 5409 ἀπὸ
1391 5358 1495 5429 γῆς
1534 5352 1816 5412 Ζαϐουλὼν
1849 5360 1945 5412 καὶ

363 5446 682 5519 Νεφθαλεὶμ
722 5449 1217 5519 ἀνακαλεσάμενος,
1252 5446 1532 5514 ἐξελέξατο
1565 5450 1811 5521 κήρυκας
1845 5450 1941 5505 τοῦ

362 5537 714 5608 Εὑαγγελίου.
752 5539 972 5604 Τούτοις
1001 5540 1098 5607 μὲν
1147 5536 1238 5594 οῦν
1281 5542 1309 5594 6
1346 5540 1446 5611 τῆς
1476 5540 1715 5614 μεγάλης
1741 5542 1939 5614 βουλῆς

363 5632 591 5702 ἄγγελος
625 5633 738 5697 υίὸς
771 5633 944 5705 ἐδόθη,
983 5634 1257 5705 σωτηρίας
1288 5636 1477 5699 αἴτιος·
1497 5637 1609 5700 τοῖς
1637 5636 1694 5690 δὲ
1725 5641 1805 5702 είς
1837 5639 1939 5692 αὐ-

361 5722 454 5777 τὸν
484 5725 835 5795 ήπιστηκόσι,
854 5726 1023 5797 πυρὸς
1061 5725 1259 5797 δηλαδὴ
1293 5726 1388 5780 καὶ
1414 5726 1854 5801 καύσεως.”ολης
1881 5728 1937 5781 δὲ

464 5882 672 5940 “Psal.
708 5901 966 5953 tum”,
1004 5868 1189 5942 διό-ιι.
1270 5884 1309 5919 ετ
1361 5887 1491 5943 ibid.
1525 5889 1614 5958 is,
1647 5890 1715 5944 ιθ

1812 5892 1855 5924 εδ
1882 5890 2014 5949 Luc.
2061 5909 2097 5961 ι,
2141 5893 2320 5950 50-35.

2076 2047 2223 2103 illius
2248 2062 2360 2118 prae
2380 2062 2440 2103 se
2461 2045 2588 2113 fert,
2628 2054 2801 2105 totum
2827 2049 3015 2120 orbem
3042 2054 3317 2104 terrarum
3340 2048 3646 2113 illustrans;

2073 2139 2219 2209 quod
2245 2138 2463 2210 quidem
2495 2147 2549 2194 et
2577 2136 2772 2209 psalmi
2800 2141 3058 2211 proximo
3080 2139 3394 2197 testimonio
3415 2154 3651 2196 consen-

2072 2240 2291 2287 taneum
2318 2240 2420 2296 est,
2447 2241 2501 2288 et
2529 2232 2657 2287 huic
2673 2234 2973 2304 prophetae,
3010 2232 3079 2287 de
3100 2248 3210 2302 quo
3232 2246 3379 2288 nunc
3410 2232 3644 2302 agimus,

2071 2323 2166 2395 qui
2227 2323 2296 2379 de
2340 2338 2516 2400 puero
2547 2325 2777 2380 oriturol
2801 2324 2898 2388 ait,
2932 2325 3131 2395 ipsum
3168 2323 3245 2378 in.
3271 2320 3401 2379 sede
3451 2322 3651 2387 David,

2069 2421 2274 2470 aeterna
2295 2414 2547 2471 videlicet
2570 2430 2635 2471 ac
2666 2423 3038 2486 permanente,
3070 2429 3190 2485 quae
3212 2414 3379 2470 etiam
3408 2414 3511 2485 ipsi
3540 2413 3647 2468 Da-

2070 2507 2160 2563 vid
2185 2508 2454 2579 promissa
2488 2517 2591 2573 est,
2612 2524 2893 2565 sessurum
2922 2510 2977 2564 in
2997 2524 3175 2581 regno
3204 2509 3399 2580 ipsius,
3429 2520 3489 2564 ut
3517 2509 3651 2567 diri-i

2069 2607 2160 2670 gat
2186 2598 2322 2654 illud
2355 2606 2410 2655 et
2442 2598 2713 2670 suscipiat
2767 2600 2824 2654 in
2859 2599 3069 2669 judicio
3092 2610 3147 2654 et
3186 2598 3404 2667 justitia
3445 2598 3514 2653 ab
3539 2598 3643 2653 hoc

2068 2691 2190 2760 ipso
2220 2701 2461 2762 tempore
2500 2706 2676 2760 usque
2699 2691 2755 2745 in
2787 2691 3067 2747 saeculum.
3092 2688 3263 2746 Porro
3296 2698 3475 2746 autem
3507 2706 3642 2760 quo-

2067 2784 2230 2838 modo
2263 2784 2377 2838 haec
2406 2783 2523 2853 ipsa
2550 2783 2820 2853 completa
2849 2783 2982 2846 sint,
3035 2782 3168 2838 satis
3229 2780 3446 2837 abunde
3478 2782 3643 2837 doce-

2066 2892 2125 2930 re
2148 2864 2248 2930 nos
2269 2883 2449 2945 potest
2471 2875 2697 2945 angelus
2725 2872 2966 2939 Gabriel,
2992 2876 3050 2930 in
3076 2889 3141 2929 ea
3176 2875 3502 2930 allocutione
3531 2892 3641 2946 qua

2066 2968 2131 3023 ad
2162 2966 2439 3039 Virginem
2476 2982 2611 3023 usus
2659 2975 2745 3022 est
2797 2966 2877 3021 sic
2928 2965 3115 3021 dicens
3162 2980 3176 3016 τ
3219 2984 3238 3015 ‹
3292 2963 3370 3020 Ne
3419 2965 3636 3030 timeas,

2067 3057 2256 3123 Maria,
2297 3057 2554 3113 invenisti
2609 3058 2754 3113 enim
2806 3056 3036 3128 gratiam
3091 3055 3233 3126 apud
3265 3053 3474 3122 Deum;
3509 3048 3638 3111 ecce

2064 3149 2342 3221 concipies
2376 3151 2432 3204 in
2474 3156 2631 3205 utero
2665 3154 2720 3204 et
2766 3149 2948 3219 paries
2987 3148 3177 3212 tilium,
3203 3156 3258 3203 et
3284 3147 3510 3205 vocabis
3537 3164 3640 3203 no-

2065 3259 2188 3300 men
2212 3243 2333 3313 ejus
2360 3242 2571 3307 Jesum,
2601 3243 2690 3298 hic
2715 3242 2820 3297 erit
2861 3257 3114 3312 magnus,
3145 3250 3199 3297 et
3244 3241 3389 3298 illius
3418 3242 3639 3297 Altissi-

2064 3336 2136 3389 mi
2168 3335 2474 3399 vocabitur,
2506 3343 2561 3391 et
2588 3334 2740 3390 dabit
2766 3335 2817 3389 ei
2852 3334 3115 3390 Dominus
3133 3333 3278 3390 Deus
3317 3334 3501 3390 sedem
3533 3335 3640 3389 Da-

2063 3424 2152 3478 vid
2182 3425 2350 3494 patris
2385 3425 2527 3492 ejus,
2555 3432 2609 3479 et
2642 3423 2890 3494 regnabit
2924 3425 2979 3478 in
3004 3423 3168 3478 domo
3191 3421 3363 3477 Jacob
3395 3424 3449 3477 in
3473 3434 3636 3478 aeter-

2062 3531 2213 3578 num,
2250 3525 2304 3571 et
2326 3516 2477 3587 regni
2515 3515 2638 3584 ejus
2683 3532 2791 3570 non
2824 3516 2931 3570 erit
2976 3516 3102 3570 ﬁnis
3126 3516 3195 3578 ⁸⁸,
3239 3535 3257 3568 ι
3284 3515 3462 3586 ipsum
3490 3516 3639 3571 hunc

2061 3609 2117 3664 in
2176 3611 2386 3681 psalmo
2437 3609 2721 3679 superiore
2770 3609 2932 3663 etiam
2991 3608 3255 3680 propheta
3307 3617 3635 3679 exspectans

2059 3702 2261 3757 Christi
2297 3712 2499 3766 ortum,
2525 3710 2577 3757 et
2609 3716 2817 3755 moram
2842 3701 2982 3769 ejus,
3015 3701 3446 3772 dilationemque
3477 3705 3641 3772 quasi

2044 3794 2232 3848 ruinae
2258 3794 2406 3849 sedis
2436 3793 2604 3847 David
2633 3808 2855 3848 causam
2894 3793 3211 3863 inspiciens,
3242 3793 3405 3871 taedio
3426 3794 3647 3865 ingenti;

2058 3885 2311 3951 adicitur,
2337 3896 2390 3940 et
2432 3885 2511 3939 ait
2548 3904 2562 3940 :
2605 3904 2624 3935 ι
2662 3884 2742 3938 Tu
2774 3900 2906 3939 vero
2936 3884 3184 3953 repulisti
3217 3893 3270 3940 et
3311 3884 3645 3956 despexisti,

2032 3961 2318 4032 idistulisti
2378 3975 2661 4033 Christum
2718 3984 2894 4031 tuum.
2931 3996 2952 4030 ι
2993 3977 3198 4034 Deinde
3244 3978 3403 4049 quasi
3432 3978 3645 4035 timens.

2058 4084 2121 4123 ac
2145 4068 2455 4139 suspicans,
2486 4067 2658 4124 Deum
2680 4069 2859 4140 ipsum
2887 4079 3027 4134 orat,
3061 4078 3122 4124 ut
3150 4086 3315 4142 quam
3347 4071 3633 4127 celerrime

2056 4180 2117 4219 ea
2149 4179 2270 4235 qua:
2293 4164 2563 4235 promissa
2606 4173 2737 4218 sunt
2770 4162 3154 4230 exhibeantur,
3187 4162 3379 4220 dicens
3418 4183 3431 4219 :
3470 4182 3490 4216 ι
3523 4162 3630 4219 Ubi

2057 4265 2185 4311 sunt
2215 4254 2607 4312 misericordiae
2638 4265 2747 4312 tuae
2782 4256 3052 4326 antiquae,
3085 4254 3336 4319 Domine,
3367 4272 3507 4328 quas
3534 4256 3627 4327 ju-

2054 4350 2190 4403 rasti
2224 4348 2391 4405 David
2419 4350 2475 4404 in
2506 4348 2736 4404 veritate
2777 4357 2872 4404 tua
2901 4349 2987 4403 ‘9?
3025 4369 3043 4402 ι
3083 4365 3204 4420 quae
3231 4348 3456 4419 quidem
3484 4350 3628 4421 ipsa,

2042 4442 2194 4511 ipsa,
2227 4441 2470 4512 inquam,
2508 4440 2624 4496 haec
2651 4439 2974 4513 planissime
3032 4440 3357 4512 complenda
3405 4457 3529 4498 esse
3571 4443 3628 4499 in

2053 4541 2178 4588 ortu
2208 4534 2389 4604 magni
2423 4532 2644 4589 consilii
2682 4533 2861 4604 angeli
2894 4532 3228 4588 vaticinatur
3259 4552 3273 4589 :
3306 4533 3366 4590 in
3398 4550 3508 4606 quo
3531 4553 3629 4591 vo-

2054 4631 2187 4694 lent,
2212 4630 2409 4700 inquit,
2436 4629 2474 4682 ii
2508 4628 2577 4685 de
2606 4626 2805 4701 quibus
2830 4638 2993 4686 antea
3022 4630 3232 4686 dictum
3262 4639 3370 4697 est,
3405 4633 3453 4687 si
3491 4632 3628 4689 [uiso

2052 4727 2173 4777 sent
2220 4720 2346 4792 igne
2373 4721 2670 4777 combusti.
2707 4720 2981 4787 Quoniam
3019 4723 3285 4794 puerulus
3331 4732 3495 4781 natus
3543 4732 3629 4779 est

2049 4813 2227 4876 nobis,
2253 4821 2307 4868 et
2347 4812 2491 4869 ﬁlius
2520 4812 2682 4870 datus
2712 4822 2798 4870 est
2841 4814 3024 4881 nobis,
3062 4817 3246 4887 magni
3284 4817 3501 4872 consilii
3536 4831 3630 4869 an«

2048 4906 2225 4977 gelus.
2254 4905 2464 4972 Quibus
2517 4912 2696 4961 autem
2728 4906 2911 4973 nobis,
2936 4907 3041 4964 nisi
3099 4908 3171 4963 iis
3196 4906 3291 4978 qui
3336 4908 3392 4962 in
3442 4909 3623 4978 ipsum

2048 4994 2405 5060 credidimus,
2430 4995 2523 5066 qui
2552 4997 2608 5050 in
2639 4993 2861 5051 Galilaea
2894 4998 3137 5070 gentium
3178 5014 3392 5066 sumus,
3424 4999 3625 5069 quibus

2047 5097 2239 5143 auctor
2262 5088 2441 5145 factus
2474 5096 2558 5145 est
2586 5089 2811 5146 luminis
2840 5099 2895 5145 et
2932 5092 3155 5158 laetitiae,
3188 5098 3243 5147 et
3264 5094 3502 5147 recentis
3522 5109 3625 5148 no-

2047 5179 2213 5250 vique
2272 5190 2456 5251 potus,
2490 5180 2628 5238 Novi
2685 5182 3021 5239 Testamenti
3078 5183 3347 5253 mysterii,
3386 5192 3444 5237 ut
3501 5186 3622 5255 ipsa

2047 5286 2265 5342 quoque
2303 5273 2589 5344 prophetia
2646 5276 2721 5330 ait
2749 5318 2764 5342 ,
2799 5276 2963 5350 340
2997 5294 3016 5327 ι
3060 5275 3302 5330 Primum
3330 5276 3476 5339 bibe,
3510 5276 3623 5331 cito

2044 5362 2152 5433 fac,
2176 5364 2326 5435 regio
2364 5364 2632 5433 Zabulon,
2665 5375 2719 5423 et
2750 5377 2889 5424 terra
2922 5366 3293 5437 Nephthalim,
3342 5377 3397 5423 et
3421 5367 3629 5438 reliqui.

2045 5456 2378 5512 maritimam
2441 5457 2743 5515 incolentes
2801 5459 2949 5515 ultra
3003 5457 3333 5523 Iordanem,
3395 5459 3637 5519 Galilaea.

2042 5548 2286 5619 gentium
2312 5566 2328 5604 :
2363 5551 2598 5621 papulus
2622 5550 2817 5606 sedens
2843 5551 2899 5605 in
2931 5550 3196 5616 tenebris,
3224 5551 3405 5609 videte
3436 5554 3633 5610 lucem.

2045 5655 2318 5711 magnam,
2343 5649 2397 5697 et
2420 5642 2734 5698 sedentibus
2756 5643 2807 5696 in
2837 5642 3076 5698 tenebris
3104 5629 3158 5698 et
3174 5644 3366 5699 umbra
3398 5648 3610 5712 mortis;

2044 5732 2136 5785 lux
2170 5742 2287 5786 orta
2318 5742 2403 5788 est
2424 5735 2503 5789 eis
2531 5734 2578 5765 7°
2621 5754 2639 5787 ι
2666 5735 2690 5787 ‘?
2720 5733 2858 5789 Sunt
2886 5751 3014 5792 vero
3036 5737 3073 5792 ii
3095 5736 3187 5809 qui
3228 5737 3280 5791 in
3310 5738 3396 5793 his
3430 5738 3616 5800 verbis,

2399 5894 2441 5929 ‘9
2465 5892 2607 5951 Psal.
2636 5911 2900 5963 Lxxxvm,
2942 5897 3029 5951 30.
3108 5899 3152 5931 το
3184 5896 3286 5954 lsa.
3321 5914 3399 5964 ix,
3432 5899 3482 5963 l,
3515 5897 3576 5955 ε.
