4110 6438
452 414 557 473 5ὖῖ

1122 410 1390 466 EUSEBII
1432 408 1908 466 CJESARfENSlS
1946 406 2094 463 O?P.
2125 407 2305 462 PARS
2348 410 2405 465 ll.
2448 437 2518 449 —-
2554 406 3030 466 APOLOGETICA‘

3570 408 3677 466 εδδ

448 529 829 599 signiﬁcantur
857 533 911 581 et
939 525 1249 595 quicunque
1270 541 1331 579 ex
1356 523 1608 593 gentibus
1645 522 2000 599 in'Christum

2111 521 2309 591 ταύτης
2352 522 2449 593 τῆς
2500 524 2806 592 οἰκονομίας
2844 522 3097 575 ὑπόθεσιν
3120 520 3398 590 γεγονέναι
3429 522 3564 593 φησι
3585 522 3676 578 τὸν

456 621 547 678 Dei
573 618 942 680 crediderunt,
982 623 1034 670 et
1080 615 1377 673 Salvatoris
1424 615 1594 669 nostri
1646 614 1899 684 discipuli
1933 621 2013 667 at-

451 729 557 783 que
585 711 838 783 apostoli,
869 726 1008 780 quos
1031 709 1097 763 de
1126 717 1269 761 terra
1315 707 1556 762 Zabulon
1587 718 1641 761 et
1670 706 2012 776 Nephthalim

448 809 722 863 evocatos,
752 815 1027 869 pracones
1054 796 1330 868 Evangelii
1356 797 1437 852 sui
1469 797 1649 867 elegit.
1682 795 1839 850 Iliscc
1869 796 2012 851 enim

447 889 628 959 magni
647 888 859 944 consilii
882 889 1106 958 angelus
1136 888 1279 942 illius
1295 889 1452 943 datus
1473 896 1555 942 est
1585 895 1775 941 auctor
1800 887 2009 941 salutis.

446 980 517 1037 Iis
549 995 677 1034 vero
709 979 801 1050 qui
838 980 892 1034 in
918 981 1095 1045 ipsum
1124 996 1232 1033 non
1267 978 1618 1037 crediderint,
1655 979 1796 1049 ignis
1820 977 2014 1031 videli-

446 1078 532 1125 cet
566 1079 728 1139 atque
760 1070 1017 1127 incendii.
1070 1068 1349 1123 Universa:
1402 1075 1579 1122 autem
1638 1067 1867 1135 hujusce
1897 1066 2012 1121 dis-

444 1162 782 1232 pensationis
813 1175 1032 1215 causam
1078 1160 1247 1215 fuisse
1306 1160 1381 1212 ait
1439 1159 1609 1212 zelum
1666 1155 1897 1220 Domini,
1932 1154 2013 1209 sic

444 1254 674 1309 dicens:
712 1271 731 1303 ι
762 1250 924 1307 Zelus
968 1252 1177 1307 Domini
1233 1249 1469 1304 Sabaoth
1520 1248 1677 1303 faciet
1722 1248 1837 1303 haec
1877 1248 1943 1300 ".
1985 1266 2006 1303 ι

451 1344 555 1399 Sed
591 1345 717 1415 quis
752 1345 971 1401 tandem
1006 1345 1094 1399 hic
1129 1343 1199 1398 sit
1242 1343 1391 1397 zelus
1422 1342 1526 1395 nisi
1558 1340 1604 1394 is
1638 1339 1796 1406 cujus
1822 1335 2012 1393 memi-

445 1438 525 1491 nit
559 1436 754 1502 Moses,
794 1437 884 1493 ubi
940 1439 1013 1491 ait
1047 1455 1060 1490 :
1100 1455 1118 1487 ε
1156 1435 1262 1505 Ipsi
1302 1432 1433 1486 mihi
1483 1432 1655 1485 zelum
1709 1429 2011 1497 iniecerunt

444 1530 497 1583 in
534 1543 598 1583 eo
631 1529 722 1599 qui
753 1545 863 1587 non
888 1537 1007 1581 erat
1042 1527 1207 1591 Deus,
1243 1534 1296 1580 et
1333 1525 1685 1579 irritaverunt
1730 1536 1814 1575 me
1840 1520 1893 1572 in
1935 1519 2011 1574 si-

442 1621 708 1678 mulacris
740 1622 890 1686 suis;
915 1631 966 1675 et
994 1636 1093 1690 ego
1128 1620 1300 1674 zelum
1332 1616 1573 1686 injiciam
1598 1616 1679 1670 eis
1713 1613 1765 1667 in
1797 1628 1859 1667 ea
1890 1625 2009 1681 qua:

2112 614 2270 684 ζῆλον
2312 613 2537 685 Κυρίου,
2588 613 2793 681 λέγων’
2847 630 2865 662 ι
2899 614 2955 664 'U
2996 612 3153 683 ζῆλος
3198 612 3405 684 Κυρίου
3451 611 3676 669 Σαϐαὼθ

2112 706 2323 776 ποιήσει
2377 705 2565 759 ταῦτα.
2600 724 2618 757 ι
2665 705 2823 767 noto:
2866 703 2922 757 δὲ
2970 702 3163 774 ζῆλος;
3212 704 3244 776 ἢ
3292 697 3354 759 οὗ
3407 705 3676 776 μέμνηται

2111 795 2347 865 Μωσῆς,
2396 793 2600 861 λέγων·
2654 813 2672 845 ι
2724 794 2885 847 Αὑτοὶ
2936 793 3328 865 παρεζήλωσάν
3382 813 3451 866 με
3504 798 3673 853 ἐπὀὑ

2110 886 2246 959 Θεῷ,
2277 886 2630 960 παρὼργισάν
2664 905 2731 959 με
2771 889 2829 941 ἐν
2856 889 2968 950 τοῖς
3003 886 3238 951 εἰδώλοις
3274 888 3486 943 αὐτῶν
3522 886 3677 957 κάγὼ

2111 977 2487 1052 παραζηλώσω
2523 979 2716 1042 αὑτοὺς
2745 980 2828 1032 ἐπ’
2861 980 2959 1035 οὑκ
2987 978 3127 1033 ἔθνει
3147 996 3161 1010 ο
3196 979 3283 1032 ἐπ’
3311 979 3451 1033 ἔθνει
3479 979 3676 1034 ἀσυνέ-

2108 1088 2184 1143 τῳ
2224 1070 2507 1144 παροργιῶ
2535 1072 2745 1136 αὐτούς.
2779 1091 2797 1123 ι
2818 1072 2955 1126 Ἀλλ’
2986 1072 3107 1126 ἐπεὶ
3144 1074 3240 1126 σὺν
3274 1072 3393 1144 Θεῷ
3436 1071 3507 1127 τὰ
3546 1074 3675 1146 περὶ

2106 1162 2206 1231 τῆς
2241 1162 2333 1215 τοῦ
2371 1163 2839 1235 προφητευομένου
2887 1166 2966 1226 είς
3003 1163 3320 1235 ἀνθρώπους
3361 1163 3671 1236 ἐπιδημίας,

2107 1256 2165 1308 οὑ
2196 1255 2301 1329 μὴν
2328 1255 2461 1310 ἀλλὰ
2489 1257 2581 1311 καὶ
2625 1258 2653 1308 ὁ
2693 1257 2890 1329 τρόπος
2920 1258 3017 1328 τῆς
3045 1258 3362 1326 ἐπιφανείας
3390 1257 3554 1311 αὑτοῦ
3584 1256 3672 1313 διὰ

2104 1340 2211 1393 τῶν
2256 1342 2607 1413 προφητικῶν
2634 1344 2999 1401 ἀποδέδεικται
3028 1347 3361 1417 μαρτυριῶν,
3396 1347 3584 1420 καιρὸς
3604 1348 3671 1403 ἂν

2104 1434 2187 1503 εἴη
2221 1434 2470 1497 συνιδεῖν,
2499 1433 2600 1487 ποῦ
2627 1435 2729 1505 γῆς
2755 1436 3198 1507 γεννηθήσεσθαι,
3222 1438 3315 1494 καὶ
3339 1437 3458 1491 ὅθεν
3483 1439 3672 1507 γένους

2104 1522 2271 1594 ἥξειν,
2309 1524 2368 1591 ἐξ
2411 1526 2600 1589 ὁποίας
2644 1543 2702 1579 τε
2740 1527 3002 1599 Ἐϐραίων
3048 1529 3464 1600 προελεύσεσθαι
3498 1529 3670 1603 φυλῆς

2106 1610 2461 1680 ὲκηρύττετο·
2493 1612 2529 1667 ά
2560 1615 2651 1667 καὶ
2677 1616 2835 1677 αὑτὰ,
2866 1616 3018 1687 φέρε,
3045 1618 3434 1690 ἐρευνήσωμεν.

443 1733 550 1771 non
603 1722 689 1770 est
738 1730 907 1787 gens,
943 1715 997 1768 in
1041 1723 1197 1784 gente
1249 1712 1415 1766 stulta
1466 1707 1693 1763 irritabo
1734 1706 1857 1758 illos
1884 1705 1951 1758 ".
1981 1722 2000 1754 ι
2048 1698 2151 1755 Sed
2178 1703 2431 1771 quoniam
2471 1704 2682 1760 favente
2708 1704 2952 1776 Deo‘jam
2987 1724 3132 1762 nunc
3177 1724 3240 1762 ea
3272 1726 3390 1779 qum
3448 1711 3516 1766 ad
3545 1726 3665 1779 ejus

442 1809 733 1863 adventum
769 1808 834 1861 ad
864 1807 1111 1862 homines
1154 1803 1446 1875 pertinent,
1476 1801 1542 1856 de
1574 1815 1681 1873 quo
1710 1798 1850 1869 apud
1878 1795 2164 1867 prophetas
2228 1797 2426 1864 agitur,
2495 1812 2705 1851 necnon
2755 1798 2998 1866 ejusdem
3053 1799 3316 1854 adventus
3347 1799 3559 1867 modus,
3601 1817 3667 1858 ex

443 1900 778 1973 prapheticis
822 1899 1147 1954 testimoniis
1194 1897 1566 1951 demonstrata
1601 1900 1749 1955 sunt,
1792 1901 2002 1960 tempus
2034 1886 2145 1954 jam
2183 1902 2305 1940 esse
2333 1887 2547 1942 videtur
2578 1896 2636 1943 ιιι
2667 1889 3046 1959 inspiciamus,
3095 1890 3186 1945 ubi
3241 1900 3509 1945 terrarum
3539 1893 3671 1949 .ori-

440 2006 617 2059 turus,
652 2003 705 2049 et
762 2011 829 2048 ex
881 2010 989 2063 quo
1028 2008 1223 2064 genere
1278 1999 1561 2054 venturus,
1614 1990 1741 2043 item
1783 2002 1848 2040 ex
1894 1999 1999 2052 qua
2047 1981 2392 2038 IIebrmorum
2462 1982 2607 2038 tribu
2688 1983 3032 2055 profecturus
3094 1987 3474 2057 nuntiaretur;
3549 2002 3674 2058 quae

441 2089 659 2164 quidem
698 2088 813 2164 ipsa
849 2087 894 2143 si
926 2088 1121 2159 placet,
1157 2088 1405 2150 obsecro,
1433 2092 1759 2140 scrutemur.

1051 2205 1277 2270 CAPUT
1312 2205 1373 2267 ll.

437 2324 481 2378 Δ
516 2323 759 2378 Michwa.
805 2351 875 2364 -—-
908 2319 981 2375 De
1015 2321 1127 2374 loco
1167 2319 1257 2373 ubi
1305 2330 1436 2374 esset
1487 2321 1718 2373 oritura:
1762 2320 1807 2372 is
1844 2319 2002 2381 Deus,

576 2410 656 2449 cm
708 2393 971 2462 propheta:
1010 2392 1325 2462 nuntiarunt
1353 2407 1370 2443 :
1408 2402 1456 2449 et
1477 2389 1909 2462 quemadmodum
1941 2390 2007 2462 de

576 2411 656 2449 cm
708 2411 971 2462 propueue
1010 2411 1321 2447 nummum
1353 2411 1370 2443 :
1408 2411 1455 2449 et
1477 2411 1909 2459 quemaumwum
1941 2411 2002 2447 ae

505 2411 807 2519 athla/tem
854 2463 1061 2530 regione
1107 2459 1413 2514 Pala’stime
1443 2460 1683 2529 procedet
1732 2477 1763 2512 ιι
1811 2460 2002 2514 sa'culo

508 2535 869 2601 pra'exsisteus
895 2534 1097 2599 piorum
1130 2532 1294 2599 gentis
1312 2533 1571 2598 princeps,
1600 2540 1648 2583 et
1671 2530 2000 2591 quemadmo-

507 2604 632 2656 dum
684 2605 772 2657 ille
804 2602 1059 2654 Dominus
1109 2601 1364 2652 ducturus
1405 2602 1672 2652 divinatur
1696 2616 1785 2651 eos
1819 2602 1909 2667 qui
1938 2601 2002 2653 ab

509 2675 716 2733 ultimis
746 2688 905 2742 usque
930 2681 1085 2725 terra:
1107 2670 1298 2739 finibus
1320 2670 1373 2725 iu
1400 2686 1516 2725 eum
1540 2668 1876 2723 crediderint.

519 2829 631 2885 ιΕι
701 2838 799 2895 ιιι,
860 2827 1216 2894 Bethlehem,
1274 2826 1470 2880 domus
1521 2824 1780 2895 Ephrata.
1841 2825 2004 2880 mini—

438 2938 523 2977 ma
596 2938 656 2981 es
723 2930 783 2979 ut
864 2921 940 2976 sis
1001 2921 1054 2974 in
1116 2918 1358 2973 millibus
1416 2917 1589 2983 Juda;
1638 2933 1702 2971 ex
1758 2928 1810 2972 te
1870 2917 2000 2971 mihi

435 3014 747 3085 egredietur
806 3011 900 3081 qui
954 3009 1176 3080 praesit,
1239 3019 1300 3063 ut
1381 3008 1453 3064 sit
1517 3009 1773 3080 princeps
1839 3007 1997 3080 341

435 3109 491 3161 in
537 3104 723 3166 Israel,
767 3113 819 3158 et
858 3102 1039 3157 exitus
1070 3102 1189 3171 ejus
1223 3101 1293 3156 ab
1337 3102 1490 3156 initio
1522 3118 1587 3159 ex
1646 3102 1838 3157 diebus
1901 3116 2003 3155 sa:-

435 3195 563 3249 culi.
617 3193 823 3248 Idcirco
861 3192 1011 3246 dabit
1052 3207 1148 3248 eos
1195 3207 1370 3263 usque
1411 3192 1478 3246 ad
1526 3200 1738 3263 tempus
1786 3192 2002 3262 parien-

434 3287 542 3350 tis;
578 3285 772 3354 pariet,
814 3291 867 3338 et
907 3281 1101 3353 reliqui
1131 3281 1362 3336 l‘ratrum
1406 3283 1646 3352 ipsorum
1678 3289 2002 3336 converten-

436 3386 526 3441 tur
549 3375 616 3431 ad
652 3375 792 3431 lilios
821 3377 1075 3437 lsrael,et
1101 3376 1384 3437 consistet,
1416 3383 1469 3430 et
1497 3371 1721 3437 videbit,
1745 3382 1797 3428 et
1816 3380 2003 3443 pascet

436 3482 651 3538 gregem
685 3481 843 3521 suum
876 3468 928 3519 in
962 3467 1158 3521 robore
1190 3465 1472 3529 Dominus,
1506 3474 1559 3519 et
1591 3464 1647 3518 in
1694 3465 1864 3534 gloria
1896 3479 2000 3518 no-

2629 2204 3019 2259 ΚΕΦΑΛΑΙΟΝ
3070 2207 3143 2260 Β’.

2119 2318 2265 2389 Kurd
2284 2316 2390 2371 τοῦ
2420 2317 2881 2389 Μιχαία-Περι
2907 2319 3013 2389 τοῦ
3034 2321 3219 2373 τόπου
3250 2319 3360 2385 τῆς
3382 2320 3672 2389 γενέσεως

2171 2388 2279 2441 τοῦ
2301 2388 2855 2457 προκηρυττομένου
2875 2388 3019 2444 Θεοῦ
3040 2409 3053 2421 ο
3071 2390 3167 2442 καὶ
3192 2390 3270 2455 ὡς
3292 2391 3359 2443 ἐκ
3383 2388 3667 2456 Βηθλεὲμ,

2175 2459 2388 2530 χωρίου
2434 2456 2541 2526 τῆς
2586 2456 3010 2530 Παᾶαιστίνης,
3039 2459 3111 2530 ἐξ
3154 2458 3369 2530 αἰῶνός,
3394 2478 3483 2525 τις
3522 2476 3667 2530 προ-

2172 2527 2472 2597 ϋπάρχων,
2498 2530 2824 2599 ἡγούμενος
2851 2528 2955 2582 τοῦ
2989 2528 3106 2581 τῶν
3132 2529 3427 2583 θεοσεϐῶν
3459 2527 3671 2599 γένους

2177 2600 2620 2671 προελεύσεται,
2660 2598 2784 2671 καὶᾼ
2811 2600 2890 2664 ὼς
2920 2600 3103 2671 αὐτὸς
3134 2602 3171 2671 _d
3214 2601 3424 2671 Κύριος
3454 2598 3672 2671 acosm-

2171 2668 2299 2741 reir
2328 2667 2655 2741 θεσπίζεται
2697 2669 2835 2734 τοὺς
2877 2668 3051 2741 μέχρι
3084 2669 3203 2722 τῶν
3229 2669 3520 2739 ὲσχατιῶν
3555 2667 3669 2741 τῆς

2173 2736 2281 2804 γῆς
2315 2740 2400 2804 εὶς
2425 2738 2612 2790 αὑτὸν
2643 2736 3134 2804 πεπιστευκότας.

2178 2849 2195 2880 ι
2227 2832 2335 2885 Kal.
2377 2832 2462 2895 σὺ,
2490 2830 2735 2902 Βηθλεὲμ
2766 2826 2913 2893 οἶκος
2951 2830 3045 2882 τοῦ
3093 2829 3352 2902 Ἐφραθά,
3389 2831 3665 2900 ὀλιγοστὸς

2102 2917 2150 2974 εἷ
2183 2922 2276 2976 τοῦ
2307 2919 2442 2977 εἶναι
2490 2924 2547 2975 ἐν
2580 2922 2812 2993 χιλιάσιν
2846 2923 3014 2977 Ἰούδα
3072 2926 3165 2978 Ἐκ
3208 2924 3300 2978 σοῦ
3340 2943 3426 2996 μοι
3455 2925 3663 2992 ἐξελεύ-

2089 3032 2252 3082 ,σεται
2285 3014 2610 3085 ἡγούμενος,
2648 3013 2743 3068 τοῦ
2786 3009 2921 3067 εἶναι
2954 3016 3186 3086 ἄρχοντα
3220 3016 3277 3068 ἐν
3312 3016 3391 3086 τῷ
3427 3017 3662 3088 Ἰσραὴλ,

2103 3107 2195 3160 καὶ
2244 3110 2296 3159 αἱ
2328 3106 2492 3171 ἔξοδοι
2526 3107 2688 3160 αὑτοῦ
2747 3108 2841 3160 ἀπ’
2886 3107 3061 3178 ἀρχῆς
3098 3106 3155 3173 ἐξ
3201 3108 3419 3179 ἡμερῶν
3451 3108 3662 3172 αἰῶνος.

2102 3200 2199 3252 Διὰ
2236 3199 2393 3253 τοῦτο
2436 3199 2593 3253 δώσει
2623 3201 2817 3263 αὐτοὺς
2855 3201 2959 3262 ἓως
2992 3199 3182 3273 καιροῦ
3220 3201 3527 3272 τικτούσης.
3561 3199 3667 3255 Τέ-

2102 3289 2270 3354 ξεται,
2296 3292 2387 3344 καὶ
2417 3290 2465 3343 οί
2501 3290 2765 3344 ἐπίλοιποι
2788 3290 2895 3343 τῶν
2926 3290 3167 3361 ἀδελφῶν
3200 3292 3375 3344 αὐτῶν
3413 3291 3667 3363 ἐπιστρέ-

2099 3382 2289 3451 φουσιν
2330 3381 2421 3435 ἐπὶ
2465 3384 2591 3446 τοὺς
2641 3384 2790 3445 υἱοὺς
2831 3382 3076 3453 Ἰσραήλ⁶
3126 3384 3220 3437 καὶ
3259 3384 3530 3453 στήσεται,
3570 3382 3668 3438 καὶ

2101 3473 2308 3543 δψεται,
2347 3473 2440 3529 καὶ
2489 3477 2742 3545 ποιμανεῖ
2787 3474 2847 3527 τὸ
2887 3474 3130 3544 ποίμνιον
3200 3474 3362 3529 αὑτοῦ
3430 3476 3488 3527 ἐν
3523 3475 3665 3546 ίσχὺϊ

435 3560 600 3615 minis
633 3557 844 3612 Domini
865 3557 957 3612 Dei
989 3559 1227 3627 ipsorum
1257 3559 1543 3621 exsistent,
1570 3557 1825 3627 quoniam
1854 3571 1999 3609 nunc

2102 3568 2320 3637 Κύριος,
2378 3570 2471 3621 καὶ
2522 3569 2581 3621 ἐν
2630 3571 2695 3639 τῇ
2729 3569 2853 3642 δόξῃ
2892 3569 2985 3623 τοῦ
3014 3571 3271 3640 ὀνόματος
3310 3570 3513 3643 Κυρίου
3528 3570 3660 3625 Θεοῦ

437 3650 929 3723 magniﬁeabuntur
980 3665 1150 3721 usque
1192 3650 1256 3703 ad
1309 3657 1551 3703 extrema
1592 3657 1770 3711 terrae,
1812 3654 1865 3702 et
1896 3648 2001 3701 erit

435 3744 547 3808 inec
580 3759 683 3815 pax
705 3743 769 3796 ⁷³.
812 3762 829 3795 ι
861 3741 1013 3808 Quod
1049 3742 1267 3813 quidem
1307 3742 1419 3812 ipse
1447 3739 1788 3800 Emmanuel,
1819 3740 1911 3809 qui
1934 3754 2000 3793 ex

432 3837 878 3907 interpretatione
923 3843 1005 3891 est
1036 3829 1304 3888 nobiscum
1357 3833 1514 3891 Deus.
1544 3833 1612 3888 de
1643 3831 1866 3903 Virgine
1902 3844 2001 3885 na-

431 3936 636 3995 scatur,
669 3940 722 3984 et
756 3927 900 4000 quod
959 3943 1087 3997 puer
1137 3928 1227 3981 tiat
1274 3925 1452 3997 magni
1503 3926 1717 3979 consilii
1749 3923 1995 3994 angelus,

432 4020 752 4092 planissime
781 4035 845 4074 ex
879 4020 945 4073 iis
978 4034 1099 4088 qua:
1124 4026 1248 4069 ante
1290 4015 1567 4085 proposita
1597 4025 1745 4078 sunt,
1773 4014 1999 4068 demon-

432 4120 665 4165 stratum
697 4120 801 4166 est.
837 4110 1127 4173 Caeterum,
1167 4108 1452 4178 oportebat
1493 4106 1655 4161 etiam
1703 4106 1907 4170 locum,
1941 4106 1998 4160 in

429 4218 538 4271 quo
577 4204 666 4257 ille
710 4202 952 4256 oriturus
985 4207 1151 4263 esset,
1188 4198 1503 4268 signiﬁcari.
1549 4196 1817 4252 Divinitus
1869 4213 1999 4268 ergo

432 4292 747 4364 prardicitur
783 4293 850 4347 de
883 4290 1191 4347 Bethlehem
1231 4283 1451 4359 quidam
1484 4304 1809 4358 egressurus
1843 4292 1996 4359 prin-

431 4400 559 4456 ceps
582 4385 635 4437 in
666 4383 851 4449 Israel,
879 4383 1059 4439 exitus
1085 4382 1153 4436 ab
1179 4382 1335 4436 initio
1368 4396 1432 4436 ex
1464 4381 1656 4435 diebus
1687 4382 1870 4435 saeculi
1899 4382 1997 4435 ba-

428 4477 587 4542 hens.
625 4474 741 4531 Hoc
771 4484 949 4531 autem
983 4476 1161 4545 ipsum
1193 4490 1470 4544 nunquam
1507 4475 1758 4530 humanae
1787 4481 1999 4528 natura:

430 4566 834 4629 accommodari
864 4567 1083 4640 poterit,
1114 4566 1205 4620 sed
1243 4566 1342 4619 soli
1379 4564 1693 4622 Emmanuel
1725 4576 1779 4623 et
1813 4570 1993 4637 magni

427 4660 644 4716 consilii
678 4661 890 4731 angelo.
930 4658 1081 4726 Quod
1113 4658 1253 4715 enim
1292 4658 1360 4712 ab
1394 4666 1596 4715 aeterno
1624 4663 1874 4727 exsistat,
1906 4662 1994 4716 cui

428 4753 648 4809 tandem
699 4753 771 4809 sit
808 4753 1330 4809 accommodandum
1364 4752 1470 4808 nisi
1505 4753 1603 4809 soli
1637 4752 1785 4809 Deo?
1824 4753 1996 4825 Igitur

427 4846 493 4900 de
527 4844 839 4899 Bethlehem
887 4846 992 4912 (est
1036 4851 1214 4898 autem
1277 4843 1362 4897 hic
1418 4840 1615 4899 Iudaeae
1673 4844 1845 4912 locus,
1880 4860 1988 4901 non

426 4936 616 5005 procul
652 4936 720 4990 ab
741 4935 857 5007 ipsa
888 4934 1188 4995 Ierusalem
1219 4934 1380 5002 situs)
1439 4935 1641 4990 dicitur
1670 4937 1892 5006 quidam
1923 4938 1991 4991 ab

425 5036 631 5082 aeterno
673 5028 944 5083 exsistens
992 5042 1403 5099 progressurus.
1456 5026 1671 5082 Nullum
1712 5044 1843 5083 vero
1887 5028 1993 5085 nisi

427 5134 595 5173 unum
636 5116 803 5174 David
835 5120 1144 5175 invenimus
1192 5120 1365 5191 gloria
1411 5119 1693 5191 praeditum
1743 5135 1806 5173 ac
1840 5121 1987 5175 cele-

426 5206 600 5271 brem,
646 5209 737 5278 qui
784 5207 910 5267 inde
942 5209 1014 5262 sit
1054 5217 1296 5269 exortus,
1334 5214 1387 5262 et
1434 5215 1557 5277 post
1589 5207 1765 5277 ipsum
1802 5206 1990 5275 David,

428 5300 657 5354 alterum
697 5301 982 5360 duntaxat,
1011 5309 1259 5354 nostrum
1289 5300 1477 5368 utique
1521 5296 1857 5353 Salvatorem
1901 5295 1992 5353 Je-

426 5403 569 5452 sum,
602 5389 694 5458 qui
724 5388 979 5444 Christus
1017 5395 1102 5443 est
1131 5387 1223 5444 Dei
1250 5408 1262 5442 :
1293 5397 1488 5460 praeter
1522 5387 1621 5444 hos
1654 5398 1833 5443 autem
1870 5391 1994 5445 nul-

427 5479 539 5531 lum
572 5481 736 5533 alium
759 5495 1008 5549 prorsus.
1035 5480 1104 5534 At
1126 5495 1257 5537 vero
1297 5484 1411 5553 ipse
1437 5482 1652 5553 quidem
1684 5481 1852 5536 David
1886 5484 1989 5538 hu-

426 5567 579 5641 jusce
629 5573 927 5641 prophetia
968 5581 1211 5643 tempora
1261 5577 1574 5639 antecessit,
1636 5582 1689 5629 et
1742 5576 1991 5646 p‘urimis

496 5684 541 5715 ‘”
576 5683 680 5739 lsa.
712 5702 916 5749 xxxvii,
948 5687 1035 5742 32.

528 5775 747 5842 0006'.
784 5775 923 5844 lege
959 5779 1075 5849 οὑχ.
1115 5778 1271 5842 Eun.

498 5776 574 5918 ξε)
597 5845 749 5903 Οὐδὲ
765 5845 850 5899 δέ.
882 5844 1043 5917 Lege,
1070 5857 1125 5904 ut
1158 5866 1270 5918 saen

2103 3658 2278 3710 αὐτῶν
2359 3657 2702 3729 ὑπάρξουσι·
2785 3660 2916 3713 διότι
3003 3660 3096 3714 νῦν
3177 3661 3664 3733 μεγαλυνθήσονται

2101 3748 2202 3812 ἕως
2232 3748 2414 3821 ἄκρων
2445 3749 2545 3819 τῆς
2576 3750 2678 3820 γῆς
2699 3788 2714 3812 ,
2762 3748 2856 3803 κα)⁸
2890 3749 3041 3804 ἔσται
3081 3750 3219 3821 αὕτη
3251 3754 3457 3823 είρήνη.
3486 3770 3504 3803 ι
3540 3753 3666 3822 Ἐμ-

2104 3838 2342 3910 μανουὴλ
2372 3838 2905 3910 μεθερμηνευόμενος
2939 3842 3067 3911 μεθ’
3098 3838 3265 3909 ἡμῶν·
3294 3840 3454 3906 Θεὸς.
3483 3842 3544 3894 ἐκ
3567 3840 3666 3910 τῆς

2101 3929 2374 4000 Παρθένου
2411 3928 2777 4000 γεννώμενος,
2808 3931 2902 3983 καὶ
2952 3930 3159 3984 παιδίον
3198 3930 3478 4000 γινόμενος
3501 3933 3530 3984 ὁ
3567 3930 3665 4001 τῆς

2104 4020 2343 4090 μεγάλης
2372 4019 2569 4090 βουλῆς
2624 4020 2887 4089 ἄγγελος,
2942 4022 3126 4090 σαφῶς
3168 4022 3379 4093 ἐδείχθη
3423 4021 3511 4076 διὰ
3554 4021 3665 4075 τῶν

2100 4110 2615 4182 προεκτεθειμένων.
2658 4110 2793 4164 Ἀλλ’
2824 4111 2991 4184 ἐχρῆν
3037 4112 3127 4166 καὶ
3160 4111 3250 4165 τὸν
3278 4114 3377 4183 τῆς
3401 4113 3665 4182 γενέσεως

2098 4202 2261 4256 αὑτοῦ
2315 4203 2654 4274 σημανθῆναι
2710 4204 2893 4259 τόπον.
2957 4205 3360 4275 Προφητεὺεται
3416 4204 3549 4274 δῆτα
3597 4204 3663 4257 ἐκ

2098 4293 2343 4365 Βηθλεέμ
2368 4312 2452 4358 τις
2473 4294 2845 4359 ἐξελεύσεσθαι
2887 4294 3068 4366 ἄρχων
3096 4298 3154 4349 ἐν
3176 4295 3253 4367 τῷ
3296 4294 3524 4367 Ἰσραὴλ,
3561 4293 3664 4357 τὰς

2098 4386 2306 4451 ἐξόδους
2337 4388 2430 4439 ἀπ’
2455 4388 2627 4458 ἀρχῆς
2650 4386 2709 4453 ἐξ
2736 4390 2959 4462 ἡμερῶν
2985 4387 3179 4452 αἰῶνος
3220 4388 3374 4459 ἔχων.
3412 4386 3583 4440 Τοῦτο
3605 4385 3663 4441 δὲ

2097 4480 2194 4533 οὐκ
2221 4479 2285 4533 ἂν
2319 4482 2674 4551 ἐφαρμόσειεν
2707 4482 2991 4552 ἀνθρώπου
3021 4482 3199 4552 φύσει,
3228 4483 3276 4534 εί
3308 4480 3381 4551 μὴ
3583 4479 3664 4549 τῷ

2109 4572 2473 4644 Ἐμμανουὴλ,
2506 4573 2598 4626 καὶ
2625 4572 2703 4643 τῷ
2729 4574 2834 4645 τῆς
2850 4574 3091 4645 μεγάλης
3114 4571 3307 4643 βουλῆς
3338 4570 3568 4641 ἀγγέλῳ.
3591 4568 3665 4622 Τὸ

2094 4662 2271 4736 γὰρὲξ
2284 4663 2474 4728 αἰῶνος
2489 4665 2802 4735 ὑφεστάναι,
2819 4666 2923 4718 τίνι
2939 4665 3046 4737 ἄρα
3061 4664 3385 4735 ἐφαρμόττοι
3398 4662 3501 4732 ἂνῆ
3520 4660 3663 4732 μόνῳ

2094 4752 2248 4824 Θεῷ;
2296 4754 2389 4807 Ἐκ
2415 4756 2592 4807 τοίνυν
2631 4756 2728 4827 τῆς
2782 4756 3028 4827 Βηθλεὲμ
3072 4755 3289 4826 (χωρίον
3314 4753 3371 4808 δέ
3416 4754 3530 4804 ἐστι
3563 4749 3663 4820 τῆς

2108 4845 2381 4909 Ἰουδαίας,
2412 4847 2472 4899 οὑ
2495 4847 2680 4920 πόῤῥω
2704 4847 2804 4917 τῆς
2837 4845 3187 4919 Ἰερουσαλὴμ
3231 4841 3481 4912 διεστὼς)
3507 4841 3661 4909 λέγε-

2095 4939 2183 4994 ταί
2213 4955 2295 5002 τις
2336 4939 2393 5005 ἐξ
2422 4938 2615 5003 ,αἰῶνος
2643 4940 2898 5011 ὑπάρχων
2935 4935 3372 5009 προελεύσεσθαι.
3416 4932 3538 4988 Οὐδ’
3583 4931 3660 5002 (I)

2094 5031 2277 5102 ἕτερον
2299 5031 2356 5085 δὲ
2390 5031 2597 5085 ἐνθένδε
2633 5030 2666 5101 ἢ
2701 5031 2857 5101 μόνον
2878 5030 2967 5083 τὸν
2984 5029 3146 5085 Δαϐὶδ
3166 5029 3396 5100 εὕρομεν
3420 5023 3662 5090 ἐπίδοξον

2093 5119 2477 5191 γεγενημένον,
2511 5119 2606 5173 καὶ
2658 5119 2846 5172 ἔπειτα
2874 5118 2989 5188 μετ’
3016 5119 3222 5171 ἐκεῖνον
3262 5114 3353 5168 τὸν
3397 5112 3660 5186 ἡμέτερον

2095 5212 2321 5285 Σωτῆρα
2375 5211 2578 5282 Ἰησοῦν
2624 5211 2712 5263 τὸν
2745 5210 2977 5281 Χριστὸν
3032 5208 3128 5262 τοῦ
3169 5205 3339 5261 Θεοῦσ
3372 5205 3556 5271 ἕτερον
3601 5203 3661 5258 δέ

2094 5301 2246 5374 παρὰ
2271 5302 2492 5365 τούτους
2519 5301 2726 5356 οὑδένα.
2762 5301 2898 5355 Ἀλλ’
2921 5303 2950 5354 ὁ
2974 5302 3068 5372 μὲν
3084 5299 3262 5364 Δαϐὶδ,
3292 5298 3415 5360 τοὺς
3438 5294 3661 5367 χρόνους

2094 5395 2192 5464 τῆς
2220 5394 2552 5465 προφητείας
2583 5392 2942 5464 προειληφὼς,
2984 5392 3356 5461 τετελευτήκει
3388 5387 3659 5447 πλείστοις

2095 5486 2357 5557 πρότερον
2392 5486 2534 5540 ἔτεσι
2588 5486 2687 5557 τῆς
2732 5487 3086 5557 προρρήσεως
3109 5501 3121 5514 ·
3155 5482 3267 5535 ἀλλ’
3317 5481 3435 5535 οὑδὲ
3471 5479 3529 5533 δὲ
3583 5477 3658 5552 (2)

2092 5577 2185 5645 ἀφ’
2241 5577 2459 5648 ἡμερῶν
2508 5576 2699 5642 αἰῶνος
2760 5573 2911 5640 οὗτος
2959 5577 3058 5639 τὰς
3120 5575 3329 5641 ἐξόδους
3374 5570 3659 5643 πεποίητο.

1131 5691 1175 5721 ’δ”
1200 5691 1355 5749 Deut.
1383 5709 1553 5759 χχχιι,
1580 5693 1638 5750 2l
1660 5736 1672 5749 .
1749 5694 1794 5725 ⁷³
1818 5693 1981 5749 Miclt.
2017 5709 2070 5758 ν.
2105 5695 2223 5751 2-5.

597 5845 749 5903 Οὐδὲ
765 5840 1125 5917 δέ.”Ιιεκε,ὐι
1158 5840 1323 5923 turpe,
1365 5869 1466 5925 pro
1489 5855 1629 5922 οὐδὲ,
1655 5855 1747 5923 οὐ,
1783 5862 1836 5915 et
1870 5855 1996 5913 huic

2101 5852 2297 5920 niunge
2326 5851 2381 5905 δέ
2430 5868 2687 5917 sequens.
2719 5860 2779 5909 ut
2804 5855 2878 5910 sit
2908 5855 3029 5910 οὐδέ
3055 5856 3251 5911 solum.
3287 5849 3444 5908 Eois.
