4110 6468
442 441 547 498 537

1355 446 2010 507 DEMONSTBATIONIS
2046 447 2503 510 EVANGELICE
2542 452 2673 508 LIB.
2715 451 2825 510 ΥΠ.

3578 458 3682 512 553

443 556 655 613 υύκοῦν
697 554 941 617 λείπεται
973 559 1064 616 ἐπὶ
1116 559 1206 615 τὸν
1252 560 1390 632 μετά
1434 560 1605 617 ταῦτα
1646 566 1711 617 ἐκ
1766 562 2013 634 Βηθλεὲμ

2118 572 2245 619 ante
2275 565 2381 621 hoe
2406 567 2688 621 oraculum
2725 566 2886 621 annis
2915 571 3164 621 mortuus
3192 571 3308 632 est;
3339 573 3596 636 pre‘terea
3615 582 3685 622 ne

442 651 734 724 γενόμενον
763 652 853 709 τὸν
892 651 1103 722 ἀληθῶς
1153 652 1529 725 Ἐμμανουήλ,
1558 653 1650 707 τὸν
1676 652 1789 725 πρὸ
1834 654 2013 722 πάσης

443 741 677 807 κτίσεως
702 744 935 814 προόντα
960 743 1090 799 Θεὸν
1119 745 1291 814 Λόγον
1319 745 1413 799 καὶ
1438 744 1558 817 μεθ’
1584 745 1737 816 ήμῶν
1767 744 1897 798 Θεὸν
1926 744 2015 797 λε-

444 832 696 904 γόμενον,
733 833 1178 905 συμπληροῦσθαι
1233 835 1301 890 τά
1331 835 1720 909 γεγραμμένα·
1749 836 1871 890 ἐπεὶ
1922 835 2016 889 καὶ

447 925 479 994 ἡ
505 925 563 976 ἐν
583 923 827 996 Βηθλεὲμ
852 925 1061 994 γένεσις
1083 926 1247 982 αὐτοῦ
1273 928 1529 1000 ἄντικρυς
1553 928 1689 983 Θεοῦ
1713 929 2017 999 παρουσίαν

446 1016 635 1086 ἐδήλου
665 1016 751 1071 διά
777 1017 883 1071 τῶν
907 1020 1025 1073 κατ’
1064 1021 1234 1092 αὐτὴν
1284 1019 1621 1094 παραδόξων.
1652 1022 1854 1093 Γράφει
1885 1020 2017 1091 γοῦν

445 1108 476 1162 6
504 1110 712 1173 Λουκᾶς
749 1109 935 1163 τοῦτον
980 1110 1206 1184 ἱστορῶν
1240 1113 1332 1165 τὸν
1369 1113 1565 1184 τρόπον
1585 1129 1597 1143 ·
1628 1132 1646 1165 ι
1683 1113 1926 1182 Ἐγένετο
1954 1113 2017 1167 δὲ

446 1199 506 1255 ἐν
537 1205 653 1265 ταῖς
686 1203 917 1274 ἡμέραις
961 1204 1228 1269 ἐκείναις,
1271 1204 1462 1275 ἐξῆλθε
1490 1205 1663 1277 δόγμα
1702 1204 1853 1278 παρά
1876 1205 2018 1259 Καί-

446 1309 611 1363 σαρος
672 1293 982 1362 Αὐγούστου
1046 1295 1139 1349 τοῦ
1204 1297 1625 1370 ἀπογράψασθαι
1682 1298 1863 1351 πᾶσαν
1917 1297 2017 1367 τὴν

443 1386 799 1457 οἱκουμένηψ
837 1388 976 1458 αὐτη
1013 1390 1308 1462 ἀπογραφὴ
1338 1389 1528 1461 πρώτη
1557 1390 1772 1459 ἐγένετο
1811 1393 2018 1462 ἠγεμο-

442 1476 687 1542 νεύοντος
713 1479 812 1549 τῆς
834 1480 1035 1551 Συρίας
1060 1480 1354 1552 Κυρηνίου.
1383 1484 1494 1536 Kal
1526 1482 1847 1555 ἐπορεύοντο
1877 1484 2016 1537 πάν-

440 1586 532 1634 τες
562 1570 992 1641 ἀπογράφεσθαι,
1030 1572 1256 1637 ἕκαστος
1315 1575 1395 1637 εἰς
1445 1574 1547 1646 τὴν
1597 1574 1790 1630 ἐαυτοῦ
1842 1575 2014 1629 πόλιν.

457 1660 646 1733 Ἀνέϐη
672 1661 727 1715 δὲ
760 1662 854 1716 καὶ
896 1662 1091 1734 Ἰωσὴφ
1115 1663 1222 1717 ἀπὸ
1249 1666 1349 1737 τῆς
1378 1665 1690 1733 Γαλιλαίας,
1710 1668 1778 1720 ἐκ
1813 1666 2019 1731 πόλεως

443 1751 696 1825 Ναζαρὲθ
728 1756 808 1818 είς
849 1738 948 1827 τὴν
1000 1756 1293 1822 Ἰουδαίαν,
1320 1759 1401 1821 είς
1456 1746 1609 1811 πόλιν
1659 1758 1848 1824 Δαϐὶδ,
1896 1760 2017 1828 ἥτις

2118 670 2149 709 a
2181 657 2374 713 diebus
2421 659 2642 728 quidem
2693 659 2877 715 saeculi
2925 658 3108 713 exitus
3162 672 3293 713 suos
3335 657 3461 713 fecit
3492 657 3680 715 David.

2120 745 2382 817 Superest
2408 748 2574 819 igitur
2603 756 2664 804 ut
2691 748 2745 803 in
2777 763 2864 811 eo,
2894 747 2988 819 qui
3019 747 3248 818 posthac
3280 746 3349 804 de
3371 747 3680 804 Bethlehem

2114 835 2501 904 proﬁciscitur,
2554 852 2614 891 re
2654 852 2781 893 vera
2832 836 3190 900 Emmanuel,
3248 838 3449 908 quippe
3498 839 3681 897 omnia

2117 942 2238 997 quae
2262 939 2446 983 creata
2477 938 2605 984 sunt
2631 929 2923 993 antecedit,
2953 938 3006 985 et
3032 929 3175 986 Deus
3201 929 3463 994 Verbum,
3495 940 3549 986 et
3580 945 3683 983 n0-

2117 1020 2327 1075 biscum
2356 1018 2498 1075 Deus
2525 1022 2850 1091 appellatur,
2885 1037 3006 1091 quae
3035 1022 3123 1077 hic
3156 1023 3360 1092 scripta
3380 1031 3511 1077 sunt
3533 1037 3675 1076 com-

2116 1113 2366 1183 pleantur
2400 1131 2414 1168 :
2444 1112 2701 1183 quoniam
2726 1115 2842 1184 ipse
2871 1130 3087 1184 quoque
3118 1116 3264 1170 illius
3287 1116 3340 1170 in
3371 1114 3680 1171 Bethlehem

2114 1215 2290 1264 ortus.
2316 1205 2635 1275 planissime
2672 1205 2766 1260 Dei
2802 1206 3096 1262 adventum
3129 1208 3480 1278 signiﬁcavit.
3516 1224 3582 1263 ex
3612 1208 3686 1263 iis

2116 1294 2529 1353 adniirabilibus
2570 1296 2753 1356 rebus.
2779 1314 2900 1366 quae
2940 1297 3083 1366 apud
3137 1298 3307 1371 ipsam
3343 1299 3491 1353 illam
3522 1300 3684 1355 Beth-

2116 1389 2291 1445 lehem
2321 1401 2641 1447 evenerunt.
2677 1390 2958 1461 Siquidem
2993 1392 3171 1449 Lucas
3203 1394 3258 1448 in
3280 1396 3426 1450 hunc
3457 1396 3683 1451 modum

2115 1497 2381 1538 enarrans
2403 1481 2668 1539 describit
2699 1503 2713 1539 :
2758 1504 2779 1535 ι
2818 1482 3046 1539 Factum
3090 1495 3176 1541 est
3204 1498 3380 1542 autem
3411 1489 3466 1542 in
3490 1488 3681 1543 diebus

2114 1571 2245 1627 illis.
2273 1570 2418 1627 Exiit
2442 1573 2680 1628 edictum
2706 1589 2736 1628 a
2770 1574 2986 1630 Caesare
3014 1576 3283 1647 Augusto,
3320 1586 3379 1630 ut
3407 1578 3684 1633 describe—

2115 1670 2269 1718 retur
2294 1664 2588 1721 universus
2617 1665 2769 1720 orbis
2808 1685 2823 1721 :
2858 1667 2975 1722 haec
3013 1666 3309 1737 descriptio
3334 1668 3508 1737 prima
3542 1668 3684 1723 facta

2116 1760 2202 1806 est
2229 1751 2459 1820 praeside
2494 1750 2664 1823 Syria:
2691 1752 2947 1824 Cyrenio.
2967 1754 3031 1809 Et
3074 1757 3229 1810 ibant
3267 1772 3459 1812 omnes
3485 1764 3543 1809 ut
3564 1772 3687 1827 pro-

444 1844 686 1898 καλεῖται
727 1845 973 1917 Βηθλεὲμ
995 1886 1009 1910 ,
1056 1846 1142 1901 διὰ
1173 1847 1234 1900 τὸ
1266 1844 1403 1901 εἶναι
1432 1848 1593 1903 αὐτὸν
1638 1848 1698 1913 ἐξ
1739 1849 1889 1903 οἴκου
1923 1849 2013 1903 καὶ

2118 1845 2401 1900 literentur
2429 1845 2628 1914 singuli
2662 1844 2715 1898 in
2747 1860 2903 1900 suam
2935 1847 3233 1901 civitatem.
3287 1846 3551 1903 Ascendit
3583 1862 3683 1901 au-

447 1937 679 2007 πατριᾶς
708 1913 899 2000 Δαϐὶδ,
936 1913 1367 2011 ἀπογράψασθαι
1403 1941 1498 1994 σὺν
1541 1941 1776 2013 Μαριὰμ
1814 1944 1880 2013 τῇ
1920 1958 2013 2012 με·

2119 1944 2225 1991 tem
2258 1943 2311 1990 et
2341 1913 2541 2006 Ioseph
2574 1952 2605 1991 a
2636 1935 2855 1992 Galilaza
2906 1937 2976 1992 de
3025 1938 3244 1993 civitate
3286 1937 3576 2001 Nazarcth,
3629 1938 3685 1994 in

445 2027 822 2099 μνηστευμένῃ
855 2028 1001 2101 αὐτῷ
1026 2030 1244 2098 γυναικὶ
1275 2030 1410 2105 οὔσῃ
1433 2032 1631 2103 ὲγκύῳ.
1677 2034 1923 2103 Ἐγένετο
1959 2035 2016 2088 δὲ

443 2119 499 2171 ἐν
536 2119 612 2189 τῷ
640 2120 837 2184 αὐτοὺς
869 2115 1006 2177 εἶναι
1047 2124 1195 2188 ἐκεῖ,
1222 2122 1568 2196 ἐπλήσθησαν
1602 2128 1657 2179 αἰ
1692 2126 1892 2197 ἡμέραι
1922 2124 2015 2179 τοῦ

442 2214 617 2263 τεκεῖν
658 2214 845 2285 αὐτήν.
879 2215 989 2270 Kal
1024 2216 1180 2271 ἐτεκε
1222 2217 1317 2270 τὸν
1364 2217 1476 2271 υἱὸν
1519 2218 1686 2289 αὐτῆς
1729 2219 1822 2272 τὸν
1860 2214 2015 2291 πρω-

438 2304 656 2360 τότοκον
685 2347 701 2371 ,
755 2308 849 2362 καὶ
900 2310 1321 2380 ἐσπαργάνωσεν
1362 2311 1558 2377 αὐτὸν,
1606 2313 1699 2366 καὶ
1739 2312 2016 2366 ἀνέκλινεν

438 2396 601 2450 αὐτὸν
628 2399 686 2450 ἐν
716 2402 782 2470 τῇ
815 2400 1010 2472 φάτνῃ,
1051 2401 1183 2455 διότι
1213 2398 1313 2455 όύκ
1337 2398 1406 2474 ἦν
1437 2404 1622 2466 αὐτοῖς
1646 2403 1810 2466 τόπος
1841 2406 1898 2456 ἐν
1936 2402 2016 2474 τῷ

439 2486 798 2558 καταλύματι.
829 2490 937 2542 Kal
969 2493 1223 2562 ποιμένες
1250 2487 1389 2563 ἦσαν
1416 2493 1474 2545 ἐν
1496 2496 1562 2563 τῇ
1594 2491 1745 2564 χώρᾳ
1775 2496 1842 2564 τῇ
1877 2495 2013 2566 αὐτῇ

440 2578 863 2649 ἀγραυλοῦντες,
892 2583 985 2636 καὶ
1014 2582 1378 2652 φυλάσσοντες
1409 2583 1655 2654 φυλακὰς
1695 2586 1793 2655 τῆς
1822 2585 2017 2649 νυκτὸς

438 2669 531 2720 ἐπὶ
552 2670 649 2741 τὴν
686 2671 919 2742 ποίμνην
955 2674 1134 2728 αὐτῶν
1153 2691 1167 2705 ⁸
1192 2675 1289 2730 καὶ
1315 2675 1542 2745 ἄγγελος
1569 2676 1773 2746 Κυρίου
1809 2677 2015 2749 ἐπέστη

440 2759 641 2822 αὐτοῖς.
677 2762 771 2815 καὶ
798 2762 924 2827 δόξα
948 2761 1082 2817 Θεοῦ
1116 2764 1485 2836 περιέλαμψεν
1519 2766 1737 2829 αὐτοὺς,
1759 2768 1852 2820 καὶ
1892 2770 2017 2836 ἐφο-

441 2850 688 2923 6ἦθησαν
726 2854 887 2923 φόϐον
918 2857 1108 2927 μέγαν.
1147 2859 1257 2911 Kal
1286 2857 1438 2911 εἶπεν
1482 2859 1662 2923 αὐτοῖς
1685 2861 1713 2912 6
1745 2860 1972 2929 ἄγγελος
1995 2877 2011 2891 ·

452 2940 541 3009 Μὴ
578 2939 860 3010 φοϐεῖσθεο
912 2945 1021 2999 ίδοὺ
1064 2945 1172 3018 γὰρ
1201 2947 1622 3019 εὐαγγελίζομαι
1667 2950 1795 3020 ὑμῖν
1840 2950 2015 3023 χαρὰν

440 3032 704 3105 μεγάλην,
735 3036 856 3107 ἥτις
885 3036 1035 3091 ἔσται
1071 3039 1233 3093 παντὶ
1255 3039 1334 3111 τῷ
1363 3039 1503 3111 λαῷ·
1545 3042 1627 3095 ὅτι
1667 3042 1860 3113 ἐτέχθη
1887 3045 2013 3113 ὑμῖν

441 3126 679 3196 σήμερον
722 3129 946 3200 Σωτὴρ,
974 3132 1035 3194 ὃς
1079 3133 1192 3186 ἐστι
1241 3134 1475 3205 Χριστὸς
1514 3134 1739 3205 Κύριος,
1776 3137 1833 3188 ἐν
1863 3136 2013 3190 πόλει

2114 2024 2375 2091 Iudaeam,
2426 2026 2482 2080 in
2526 2025 2804 2080 civitatem
2835 2025 3028 2090 David,
3061 2043 3181 2097 qua:
3214 2037 3441 2085 vocatur
3468 2029 3685 2084 Bethle-

2116 2116 2261 2182 hem,
2296 2132 2362 2171 eo
2389 2116 2534 2185 quod
2562 2122 2708 2171 esset
2750 2117 2817 2172 de
2855 2116 3019 2170 domo
3063 2124 3117 2171 et
3163 2116 3366 2172 familia
3407 2118 3598 2179 David.
3625 2126 3686 2172 ut

2115 2207 2460 2277 proﬁteretur
2479 2222 2604 2260 cum
2638 2205 2804 2261 Maria
2832 2206 3165 2277 desponsata
3194 2208 3296 2262 sibi
3326 2207 3490 2280 342
3512 2226 3684 2264 uxore

2115 2305 2448 2369 pnugnante.
2482 2295 2708 2352 Factum
2731 2305 2817 2353 est
2849 2307 3053 2363 autem,
3077 2313 3204 2354 cum
3240 2308 3426 2355 essent
3452 2299 3548 2362 ibi,
3581 2301 3684 2355 im-

2116 2390 2244 2460 pleti
2291 2397 2420 2443 sunt
2458 2387 2577 2443 dies
2606 2396 2665 2443 ut
2715 2398 2955 2458 pareret,
2987 2397 3040 2446 et
3072 2390 3286 2460 peperit
3320 2390 3490 2444 lilium
3522 2406 3682 2445 suum

2115 2481 2558 2551 primogenitum,
2580 2487 2635 2535 et
2661 2481 2859 2551 pannis
2888 2496 3012 2536 eum
3038 2480 3290 2544 involvit.
3310 2489 3367 2537 et
3397 2482 3686 2536 reclinavit

2113 2587 2237 2627 eum
2269 2571 2323 2626 in
2363 2572 2649 2643 praesepio,
2682 2573 2812 2642 quia
2833 2588 2941 2627 non
2966 2580 3085 2627 erat
3117 2572 3197 2627 eis
3237 2572 3392 2628 locus
3426 2571 3482 2626 in
3505 2572 3686 2627 diver-

2113 2664 2282 2721 sorio.
2322 2664 2388 2718 Et
2419 2674 2669 2735 pastores
2694 2673 2852 2719 erant
2886 2666 2940 2719 in
2971 2665 3193 2735 regione
3232 2666 3419 2720 eadem
3453 2665 3685 2735 vigilan-

2112 2765 2217 2821 tes,
2245 2765 2299 2812 et
2333 2758 2710 2814 custodientes
2761 2758 2977 2827 vigilias
3021 2759 3201 2815 noctis
3249 2774 3416 2828 super
3463 2774 3681 2830 gregem

2114 2866 2273 2907 suum
2300 2868 2313 2904 :
2345 2858 2398 2905 et
2422 2851 2649 2920 angelus
2679 2849 2894 2906 Domini
2927 2852 3077 2905 stetit
3102 2866 3268 2920 super
3286 2866 3405 2915 eos,
3426 2861 3483 2906 et
3511 2850 3686 2921 gloria

2115 2942 2208 2998 Dei
2239 2942 2604 2998 circumfulsit
2635 2942 2779 3006 illos,
2802 2950 2860 2999 et
2902 2942 3201 2998 timuerunt
3240 2943 3434 2998 timore
3465 2958 3681 3014 magno.

2115 3033 2180 3088 Et
2211 3034 2350 3089 dixit
2396 3034 2507 3091 illis
2558 3033 2787 3104 angelus
2841 3031 3065 3089 :Nolite
3112 3034 3326 3095 timere,
3362 3047 3490 3103 ecce
3537 3032 3682 3087 enim

2111 3124 2425 3195 evangelise
2456 3124 2612 3180 vobis
2635 3122 2893 3194 gaudium
2925 3137 3205 3191 magnum,
3228 3121 3372 3191 quod
3402 3123 3508 3175 erit
3533 3120 3684 3175 omni

437 3216 619 3272 Δαϐίδ.
654 3219 765 3274 Kal
800 3221 956 3275 τοῦτο
982 3224 1112 3294 ὑμῖν
1141 3224 1201 3278 τὸ
1229 3229 1484 3296 σημεῖοψ
1515 3228 1776 3298 εὑρήσετε
1814 3227 2013 3301 βρέφος

2117 3216 2336 3287 p0pulo,
2387 3216 2647 3287 quoniam
2694 3223 2858 3270 natus
2907 3222 2994 3270 est
3024 3215 3179 3270 vobis
3221 3212 3382 3269 hodie
3413 3212 3683 3276 Salvator,

436 3310 927 3383 ἐσπαργανωμένον
950 3317 1007 3369 ἐν
1034 3316 1226 3388 φάτνῃ.
1255 3317 1365 3373 Kal
1390 3316 1648 3389 ἐξαίφνης
1670 3319 1885 3387 ἐγένετο
1912 3321 2009 3374 σὺν

433 3398 512 3468 τῷ
540 3401 756 3473 ἀγγέλῳ
795 3404 998 3476 πλῆθος
1023 3410 1281 3478 στρατιᾶς
1318 3409 1571 3481 οὐρανίου
1602 3410 1893 3464 αἰνούντων
1917 3411 2009 3465 τὸν

436 3486 588 3553 Θεὸν,
619 3492 711 3544 καὶ
745 3492 1035 3561 λεγόντωψ
1067 3496 1206 3564 Δόξα
1234 3498 1294 3551 ὲν
1325 3499 1570 3567 ὑψίστοις
1613 3498 1754 3567 Θεῷ,
1786 3499 1882 3553 καὶ
1915 3500 2009 3553 ἐπὶ

437 3580 538 3650 γῆς
572 3583 782 3654 εἰρήνη,
816 3585 874 3637 ἐν
901 3586 1207 3657 ἀνθρώποις
1244 3590 1477 3645 εὐδοκία.
1521 3590 1632 3645 Kal
1670 3591 1907 3658 ἐγένετο,
1933 3591 2010 3654 ὡς

437 3672 677 3743 ἀπῆλθον
720 3676 814 3729 ἀπ’
855 3679 1034 3732 αὐτῶν
1074 3682 1154 3745 είς
1193 3682 1282 3736 τὸν
1321 3683 1548 3755 οὐρανὸν
1589 3684 1638 3737 οἱ
1674 3682 1926 3752 ἄγγελοι,
1958 3683 2009 3735 οἱ

438 3765 694 3836 ποιμένες
742 3765 894 3823 εἶπον
940 3771 1074 3843 πρὸς
1126 3772 1424 3845 ἀλλήλους·
1454 3776 1755 3846 Διέλθωμεν
1809 3775 1873 3847 δὴ
1905 3774 2010 3837 ἓως

424 3857 703 3933 ¹Βηθλεὲμ,
743 3862 837 3913 καὶ
874 3862 1070 3933 ἴδωμεν
1099 3863 1160 3917 τδ
1186 3865 1340 3943 ῥῆμα
1369 3864 1527 3918 τοῦτο
1554 3866 1615 3919 τὸ
1643 3866 1953 3936 γενόμενον,
1980 3864 2009 3917 ὃ

436 3946 466 3997 6
499 3948 698 4022 Κύριος
722 3950 1013 4024 ἐγνώρισεν
1041 3955 1189 4025 ἡμῖν.
1219 3956 1327 4009 Καὶ
1348 3952 1509 4027 ἦλθον
1539 3958 1890 4022 σπεύσαντες,
1915 3958 2010 4012 καὶ

438 4034 596 4111 εὗρον
627 4042 724 4115 τήν
778 4044 1011 4116 Μαριὰμ
1054 4047 1146 4100 καὶ
1182 4047 1274 4101 τὸν
1323 4048 1553 4119 Ἰωσὴφ,
1590 4049 1684 4104 καὶ
1703 4050 1763 4103 τὸ
1814 4048 2009 4121 βρέφος

438 4130 689 4200 κείμενον
729 4134 788 4186 ὲν
824 4136 891 4204 τῇ
932 4136 1126 4208 φάτνῃ.
1173 4135 1391 4199 Ἰδόντες
1436 4137 1494 4191 δὲ
1543 4137 1842 4210 ἐγνώρισαν
1881 4139 2010 4208 περὶ

436 4221 532 4275 τοῦ
567 4225 811 4294 ῥήματος
834 4224 929 4279 τοῦ
956 4225 1276 4298 λαληθέντος
1300 4229 1482 4292 αὐτοῖς
1514 4230 1641 4300 περὶ
1672 4228 1766 4282 τοῦ
1798 4229 2007 4283 παιδίου

439 4310 659 4366 τούτου’
716 4314 811 4367 καὶ
858 4315 1055 4379 πάντες
1077 4318 1126 4370 οἱ
1173 4316 1502 4381 ἀκούσαντες
1535 4317 1849 4389 ἐθαύμασαν
1883 4319 2010 4389 περὶ

438 4404 547 4457 τῶν
572 4403 910 4478 λαληθέντων
946 4408 1050 4464 ὑπὸ
1092 4408 1200 4463 τῶν
1233 4410 1500 4481 ποιμένων
1544 4409 1681 4483 πρὸς
1731 4408 1946 4473 αὐτούς.
1986 4429 2004 4461 ι

442 4495 625 4550 Ταῦτα
666 4500 763 4566 μὲν
814 4502 842 4553 6
886 4502 1119 4564 Λουκᾶς.
1170 4502 1280 4555 Kal
1311 4503 1339 4555 6
1376 4501 1654 4567 Ματθαῖος
1685 4502 1743 4556 δὲ
1783 4501 1853 4556 τά
1881 4503 2011 4575 περὶ

2114 3309 2207 3379 qui
2236 3317 2323 3364 est
2352 3309 2608 3364 Christus
2630 3308 2893 3365 Dominus
2915 3312 2968 3364 in
2999 3310 3219 3365 civitate
3249 3308 3418 3363 David
3453 3327 3466 3362 :
3499 3318 3553 3363 et
3584 3308 3687 3361 hoc

2114 3402 2271 3459 vobis
2300 3401 2540 3471 signum.
2572 3401 2865 3457 Invenietis
2913 3401 3175 3455 infantem
3232 3399 3432 3470 pannis
3473 3397 3686 3452 involu-

2115 3499 2250 3553 tum.
2292 3499 2345 3546 et
2379 3492 2613 3561 positum
2645 3491 2719 3544 .in
2764 3491 3047 3560 praesepio.
3099 3488 3165 3542 Et
3202 3490 3383 3544 subito
3424 3488 3567 3543 facta
3601 3495 3687 3541 est

2113 3598 2239 3637 cum
2267 3585 2462 3652 angelo
2492 3581 2786 3636 multitudo
2821 3582 3028 3636 militiae
3072 3581 3312 3637 cmlestis
3344 3580 3683 3635 laudantium

2117 3672 2286 3727 Deum
2335 3681 2390 3728 et
2432 3673 2732 3728 dicentium
2785 3692 2798 3727 :
2831 3671 3019 3726 Gloria
3060 3673 3115 3726 in
3149 3671 3436 3728 altissimis
3466 3673 3597 3735 Deo,
3631 3679 3687 3727 et

2115 3763 2169 3818 in
2193 3775 2336 3818 terra
2365 3779 2490 3834 pax,
2514 3764 2569 3817 in
2589 3763 2899 3818 hominibus
2919 3763 3058 3817 bona
3085 3764 3362 3818 voluntas.
3388 3762 3456 3816 Et
3483 3762 3684 3817 factum

2112 3863 2219 3916 est,
2255 3861 2315 3909 ut
2347 3855 2721 3909 discesserunt
2750 3855 2820 3908 ab
2859 3855 2928 3909 iis
2951 3856 3005 3909 in
3032 3854 3232 3908 caelum
3259 3854 3461 3924 angeli,
3492 3863 3686 3923 pasto-

2115 3962 2202 4002 res
2223 3945 2480 4001 dixerunt
2498 3946 2566 3999 ad
2589 3962 2648 4001 se
2675 3946 2927 4008 invicem,
2957 3954 3301 4002 transeamus
3333 3961 3504 4015 usque
3525 3945 3688 3999 Beth-

2114 4034 2314 4101 lehem,
2358 4042 2413 4090 et
2443 4034 2726 4092 videamus
2755 4036 2859 4091 hoc
2884 4037 3110 4091 verbum
3142 4037 3289 4104 quod
3344 4036 3546 4090 factum
3575 4043 3682 4099 est,

2112 4127 2260 4197 quod
2296 4126 2559 4183 Dominus
2596 4129 2839 4184 ostendit
2892 4129 3051 4184 nobis
3086 4147 3101 4183 :
3137 4137 3190 4183 et
3231 4134 3496 4183 venerunt
3541 4126 3689 4181 festi-

2112 4227 2329 4285 nantes,
2359 4229 2413 4275 et
2448 4220 2775 4275 invenerunt
2804 4220 3027 4276 Mariam
3057 4229 3111 4276 et
3141 4220 3366 4290 Ioseph,
3411 4230 3464 4276 et
3507 4219 3685 4273 infan-

2114 4321 2221 4369 tem
2255 4312 2489 4383 positum
2526 4314 2580 4373 in
2612 4314 2896 4385 praesepio.
2944 4311 3204 4370 Videntes
3247 4320 3425 4368 autem
3482 4327 3688 4384 cogno-

2114 4412 2311 4459 verunt
2344 4405 2415 4460 de
2449 4405 2632 4468 verbo.
2679 4404 2826 4475 quod
2880 4404 3087 4459 dictum
3119 4413 3237 4460 erat
3277 4406 3384 4459 illis
3416 4403 3485 4460 de
3516 4419 3686 4474 puero

2117 4498 2220 4551 hoc
2255 4516 2271 4553 ;
2305 4505 2359 4553 et
2385 4513 2574 4554 omnes
2596 4497 2687 4567 qui
2706 4498 2998 4553 audierunt
3021 4499 3200 4552 mirati
3221 4506 3350 4553 sunt
3379 4497 3446 4553 de
3475 4497 3543 4553 iis
3564 4512 3685 4568 quze

439 4590 538 4661 τὴν
567 4590 777 4658 γένεσιν
803 4591 893 4646 τοῦ
918 4594 1168 4664 Σωτῆρος
1198 4592 1351 4664 ἡμῶν
1394 4595 1638 4667 ἱστορῶν,
1664 4594 1851 4650 τοῦτον
1876 4596 2010 4666 γρά-

2116 4589 2263 4642 dicta
2293 4596 2451 4643 erant
2480 4604 2510 4643 a
2538 4589 2850 4659 pastoribus
2888 4590 2954 4644 ad
2989 4589 3139 4659 ipsos
3162 4590 3230 4643 ".
3260 4610 3280 4642 ι
3314 4588 3438 4644 Haac
3463 4588 3682 4659 quidem

441 4700 530 4751 φει
560 4682 652 4736 τὸν
674 4684 891 4756 τρόπον·
931 4705 948 4736 ι
983 4685 1088 4739 Τοῦ
1119 4685 1175 4739 δὲ
1219 4684 1391 4757 Ἰησοῦ
1416 4686 1764 4756 γεννηθέντος
1794 4688 1852 4740 ἐν
1874 4686 2014 4757 Βηθ-

439 4776 573 4847 λεὲμ
594 4777 694 4847 τῆς
731 4777 983 4842 ⁹ἱουδαίας
1006 4780 1062 4831 ὲν
1081 4777 1315 4849 ἡμέραις
1344 4778 1583 4847 Ἡρώδου
1605 4778 1699 4833 τοῦ
1725 4780 2008 4850 βασιλέως,

441 4869 550 4924 ἰδοὺ
576 4870 756 4937 Μάγοι
786 4870 1145 4941 παρεγένοντο
1171 4870 1276 4924 ἀπὶ
1321 4869 1594 4925 ἀνατολῶν
1624 4874 1705 4935 εἰς
1741 4873 2006 4943 Ἰερουσα-

437 4959 585 5031 λὴμ,
619 4959 893 5026 λέγοντες⁸
927 4954 1037 5015 Ποῦ
1081 4963 1227 5015 ἐστιν
1272 4963 1301 5015 6
1344 4962 1556 5033 τεχθεὶς
1601 4963 1854 5033 βασιλεὺς
1903 4963 2013 5018 τῶν

449 5052 737 5107 ἰουδαίωνο
776 5053 987 5124 εἴδομεν
1008 5054 1116 5127 γὰρ
1143 5053 1308 5109 αὐτοῦ
1341 5055 1432 5108 τὸν
1481 5054 1687 5126 ἀστέρα
1716 5056 1775 5108 ἐν
1792 5058 1858 5126 τῇ
1886 5057 2015 5110 ἀνα-

435 5145 588 5216 τολῇ,
633 5146 728 5199 καὶ
755 5146 987 5216 ήλθομεν
1015 5148 1389 5219 προσκυνῆσαι
1421 5145 1592 5218 αὐτῷ.
1642 5147 1903 5211 Ἀκούσας
1956 5149 2014 5203 δὲ

436 5235 468 5287 6
495 5232 746 5304 βασιλεὺς
785 5233 1030 5306 Ἡρώδης
1064 5235 1361 5308 ἐταράχθη,
1398 5237 1494 5290 καὶ
1532 5237 1684 5290 πᾶσα
1712 5237 1746 5307 ἡ
1786 5236 2015 5309 Ἱεροσό·

438 5326 582 5396 λυμα
609 5327 723 5399 μετ’
746 5326 933 5381 αὐτοῦ.
955 5328 1065 5380 Kal
1093 5328 1412 5398 συναγαγὼν
1439 5328 1650 5392 πάντας
1675 5331 1801 5394 τοὺς
1831 5330 2016 5401 άρχιε-

440 5423 551 5492 ρεῖς
584 5419 679 5475 xal.
709 5422 1055 5491 γραμματεῖς
1082 5419 1176 5473 τοῦ
1200 5419 1353 5485 λαοῦ,
1385 5419 1718 5474 ἐπυνθάνετο
1755 5423 1884 5494 παρ’
1920 5423 2017 5475 αὐ-

436 5511 566 5577 τῶν,
601 5513 704 5565 πού
728 5513 757 5566 ό
788 5513 1019 5582 Χριστὸς
1049 5514 1325 5580 γεννᾶται.
1352 5513 1415 5567 Ol
1442 5512 1499 5565 δὲ
1527 5508 1683 5567 εἶπον
1707 5513 1857 5585 αὐτῷ
1875 5532 1888 5545 ·
1926 5516 2013 5569 Ἐν

438 5603 574 5675 Βηθ)
585 5605 686 5675 εὲμ
706 5604 807 5673 τῆς
839 5604 1115 5669 Ἰουδαίας.
1138 5603 1295 5659 υῦτω
1330 5605 1439 5677 γὰρ
1466 5605 1777 5677 γέγραπται
1800 5606 1888 5660 διὰ
1919 5606 2012 5662 τοῦ

440 5693 740 5765 προφήτου·
775 5694 884 5746 Kal
906 5693 990 5758 σὺ,
1026 5693 1292 5765 Βηθλεὲμ,
1323 5690 1472 5757 οἶκος
1502 5694 1595 5748 τοῦ
1630 5696 1894 5769 Ἐφραθά,
1925 5697 2015 5750 οὐ-

439 5781 624 5852 δαμῶς
658 5784 913 5855 ἐλαχίστη
941 5779 992 5837 εἷ
1024 5787 1081 5839 ἐν
1105 5788 1219 5850 τοῖς
1255 5784 1517 5858 ἡγεμόσιν
1558 5787 1743 5843 Ἰούδα.
1780 5789 1874 5843 Ἐκ
1920 5789 2011 5843 σοῦ

510 5872 555 5915 ’⁵
594 5870 727 5929 Luc.
756 5890 816 5940 ιι,
851 5875 993 5930 1-18.

2116 4679 2314 4734 Lucas.
2341 4679 2627 4737 Matthazus
2656 4689 2836 4736 autem
2860 4682 2955 4736 ubi
2988 4698 3053 4738 ea
3078 4698 3202 4753 quae
3230 4683 3297 4736 ad
3326 4690 3506 4737 ortum
3558 4680 3682 4736 Sal-

2113 4771 2317 4827 vatoris
2361 4772 2533 4827 nostri
2577 4773 2821 4842 exponit,
2861 4772 3056 4827 scribit
3101 4775 3158 4827 in
3206 4773 3354 4827 hunc
3392 4770 3611 4826 modum
3664 4788 3680 4826 :

2116 4882 2136 4915 ι
2171 4862 2308 4917 Cum
2329 4871 2509 4918 autem
2533 4873 2693 4920 natus
2714 4874 2859 4920 esset
2875 4864 3037 4921 Jesus
3062 4865 3117 4919 in
3148 4864 3458 4920 Bethlehem
3484 4861 3682 4916 Iudaea:

2113 4956 2167 5010 in
2198 4953 2393 5011 diebus
2423 4953 2654 5011 Herodis
2696 4958 2860 5027 regis,
2896 4971 3025 5012 ecce
3064 4955 3203 5026 Magi
3236 4956 3304 5009 ab
3340 4954 3552 5008 oriente
3581 4966 3675 5006 ve-

2113 5052 2312 5101 nerunt
2345 5046 2399 5100 in
2428 5044 2757 5112 Jerusalem,
2790 5046 3038 5102 dicentes
3079 5063 3095 5100 :
3145 5044 3248 5099 Ubi
3280 5052 3365 5100 est
3392 5042 3485 5114 qui
3518 5050 3681 5100 natus

2111 5151 2310 5201 est-rex
2340 5142 2692 5200 Iudaeorum?
2742 5143 2980 5199 vidimus
3009 5143 3154 5198 enim
3207 5142 3419 5196 stellam
3452 5139 3575 5206 ejus
3622 5138 3679 5193 in

2114 5235 2345 5300 oriente,
2374 5245 2431 5291 et
2461 5237 2710 5293 venimus
2745 5244 2804 5290 ut
2835 5236 3125 5291 adoremus
3146 5248 3291 5288 eum.
3309 5231 3550 5287 Audiens
3582 5245 3679 5286 au-

2116 5337 2223 5383 tem
2240 5326 2481 5383 Herodes
2509 5343 2605 5384 rex
2623 5330 2877 5384 turbatus
2899 5335 3002 5393 est,
3035 5334 3090 5382 et
3109 5325 3288 5381 omnis
3306 5323 3679 5393 Hierosolyma

2113 5433 2239 5473 cum
2267 5418 2362 5474 illo
2394 5438 2408 5474 ε
2441 5427 2496 5474 et
2528 5433 2866 5490 congregans
2903 5430 3095 5471 omnes
3121 5415 3397 5485 principes
3424 5414 3680 5469 sacerdo-

2113 5517 2227 5562 tum
2276 5516 2330 5564 et
2383 5510 2595 5565 scribas
2650 5509 2858 5579 papuli,
2900 5507 3291 5562 sciscitabatur
3343 5506 3412 5561 ab
3456 5507 3540 5561 eis
3587 5505 3680 5559 ubi

2113 5602 2364 5659 Christus
2390 5615 2727 5657 nasceretur.
2770 5602 2840 5655 At
2881 5601 2961 5655 illi
2993 5601 3250 5655 dixerunt
3274 5599 3347 5663 ei,
3376 5599 3432 5653 in
3466 5596 3681 5653 Bethle-

2113 5693 2235 5748 hem
2289 5691 2507 5748 Judteaa.
2547 5690 2637 5746 Sic
2683 5691 2827 5746 enim
2880 5692 3147 5763 scriptum
3180 5697 3265 5746 est
3303 5705 3399 5762 per
3445 5692 3681 5760 propin»

2113 5799 2221 5844 tam
2254 5787 2355 5845 :Et
2372 5796 2452 5853 tu,
2484 5784 2793 5843 Bclhlchem
2817 5783 3012 5841 domus
3037 5783 3678 5855 Ephratha,ncquaquam
