4098 6426
443 403 550 463 5'53

1127 391 1390 449 EUSEBII
1428 349 1902 446 cmsameSsrs
1939 382 2031 439 or

2133 382 2313 440 rans
2349 384 2511 439 ιι...
2546 366 3045 441 APOLOGETICA.

3571 392 3679 448 510

448 517 676 573 minima
708 528 768 570 es
796 512 854 565 in
902 507 1239 581 principibus
1267 504 1427 559 Juda.
1464 503 1543 557 Ex
1572 512 1626 559 te
1661 504 1804 559 enim
1837 500 2008 556 exibit

2129 497 2217 571 (dp
2245 498 2585 564 ἐξελεύσεται
2627 498 2946 570 ἡγούμενος,
2978 500 3124 562 ὅστις
3156 500 3413 569 ποιμανεῖ
3435 500 3526 555 τὸν
3549 502 3679 558 λαόν

450 610 581 673 dux,
617 606 709 677 qui
742 611 926 669 pascet
957 601 1213 673 populum
1251 612 1429 652 meum
1474 596 1660 652 Israel.
1712 594 1866 649 Tunc
1895 592 2002 647 He-

453 699 614 754 rodes
640 697 781 750 clam
815 693 1023 747 vocatis
1058 689 1247 760 Magis,
1279 690 1566 759 diligenter
1592 688 1783 742 didicit
1821 686 1889 741 ab
1927 686 2009 739 eis

452 802 665 858 tempus
707 786 876 842 stella;
903 798 1022 854 qua:
1051 781 1303 852 apparuit
1341 781 1442 845 eis,
1472 787 1528 834 et
1571 780 1791 833 mittens
1827 792 1921 831 eos
1953 776 2009 831 in

454 880 784 941 Bethlebcm,
818 873 977 945 3&3
1013 872 1148 926 dixit
1178 889 1192 926 :
1221 872 1297 925 Ite
1325 883 1379 924 et
1406 871 1737 937 interrogate
1783 868 2013 936 diligen-

452 987 536 1032 ter
569 975 637 1029 de
684 984 877 1043 puero,
921 978 974 1022 et
1001 982 1123 1021 cum
1157 964 1494 1027 inveneritis,
1527 962 1831 1015 renuntiate
1856 960 2011 1024 mihi,

450 1075 513 1122 ut
542 1072 598 1121 et
622 1079 723 1134 ego
744 1060 972 1116 veniens
1002 1057 1222 1112 adorem
1249 1070 1393 1110 eum.
1419 1052 1523 1119 Qui
1553 1067 1675 1106 cum
1714 1053 2016 1107 audiissent

455 1174 656 1230 regem,
705 1156 975 1215 abierunt,
1025 1159 1079 1207 et
1109 1164 1237 1205 ecce
1280 1147 1456 1211 stella,
1489 1160 1651 1216 quam
1683 1146 1930 1215 viderant
1959 1145 2016 1198 in

455 1251 688 1313 oriente,
712 1245 1067 1301 antecedebat
1098 1257 1215 1305 eos,
1247 1241 1420 1295 donec
1454 1239 1683 1293 veniens
1712 1245 1881 1292 staret
1924 1251 2019 1291 su-

459 1356 554 1410 pra
586 1339 676 1393 ubi
703 1345 821 1392 erat
866 1351 1020 1407 puer.
1062 1334 1320 1387 Videntes
1368 1337 1546 1385 autem
1595 1329 1804 1384 stellam
1846 1327 2020 1397 gavisi

457 1441 591 1487 sunt
614 1429 813 1502 gaudio
841 1442 1041 1499 magno
1069 1426 1247 1487 valde,
1282 1431 1336 1479 et
1384 1421 1903 1477 intrantes-domum
1937 1420 2022 1474 vi-

457 1523 658 1577 derunt
682 1535 909 1591 puerum
943 1533 1066 1572 cum
1097 1515 1264 1570 Maria
1288 1522 1461 1568 matre
1479 1513 1621 1583 ejus,
1655 1518 1710 1566 et
1740 1509 2023 1581 prociden-

460 1620 544 1665 tes
571 1610 938 1664 adoraverunt
963 1621 1108 1669 eum,
1135 1612 1189 1660 et
1218 1605 1422 1675 apertis
1441 1602 1731 1658 'tbesauris
1762 1601 1900 1666 suis,
1924 1600 2024 1656 ob-

458 1703 704 1758 tulerunt
738 1702 789 1756 ei
813 1714 1060 1762 munera,
1094 1712 1286 1751 aurum
1317 1703 1372 1751 et
1392 1696 1519 1752 thus
1548 1704 1601 1751 et
1631 1695 1943 1767 myrrham;
1968 1700 2024 1748 et

462 1808 730 1865 responso
769 1798 995 1861 accepto
1025 1790 1079 1843 in
1111 1790 1318 1844 somnis
1351 1803 1418 1842 ne
1461 1788 1703 1842 redirent
1752 1786 1819 1841 ad
1856 1785 2024 1840 Hero-

460 1887 610 1950 dem,
681 1899 778 1956 per
824 1884 983 1938 aliam
1030 1883 1171 1937 viam
1222 1879 1426 1936 reversi
1461 1886 1590 1936 sunt
1643 1880 1698 1934 in
1745 1880 2023 1951 regionem

463 1993 621 2036 suam
646 1979 714 2031 ".
757 1996 777 2029 ›
811 1975 936 2030 Haec
961 1983 1140 2030 autem
1167 1975 1421 2028 universa
1444 1973 1695 2042 exposui,
1723 1980 1782 2026 ut
1804 1973 2028 2026 demon-

461 2081 692 2125 strarem
729 2081 793 2122 ea
820 2080 941 2137 quae
966 2066 1023 2119 in
1050 2072 1174 2118 ortu
1204 2061 1505 2117 Salvatoris
1535 2062 1704 2117 nostri
1737 2062 1790 2115 in
1814 2060 2029 2115 Bethle-

464 2161 587 2215 hem
620 2169 771 2231 gesta
803 2166 952 2221 sunt,
982 2155 1288 2211 certissima
1320 2154 1932 2224 praebere'argumenta,
1958 2151 2027 2204 il-

464 2254 578 2307 lum
605 2267 727 2308 esse
757 2250 825 2306 de
854 2264 964 2320 quo
1016 2249 1258 2318 loquitur
1306 2246 1610 2317 prophetia.
1661 2246 1837 2316 Atque
1871 2244 2029 2300 hodie

464 2358 703 2415 quoque,
738 2342 831 2413 qui
865 2343 1044 2396 locum
1076 2340 1227 2396 illum
1259 2339 1527 2403 incolunt,
1569 2347 1825 2407 tanquam
1876 2354 1904 2391 a
1940 2352 2030 2406 pa-

464 2435 642 2489 tribus
686 2435 930 2504 ipsorum
969 2441 1190 2502 accepta
1224 2432 1508 2491 memoria,
1558 2430 1648 2492 iis,
1683 2429 1777 2499 qui
1819 2429 2026 2483 visendi

466 2528 572 2584 loci
617 2527 791 2597 gratia
840 2523 1154 2580 Bethleltem
1187 2532 1370 2594 petere
1418 2531 1842 2584 consueverunt,
1874 2521 2029 2577 testi-

464 2618 708 2673 monium
759 2631 919 2671 suum
967 2615 1221 2679 aﬂerunt,
1272 2616 1485 2670 veritati
1535 2614 1691 2669 fidem
1746 2613 2027 2676 facientes,

466 2723 768 2781 agrumque
812 2707 1272 2768 demonstrantes.
1308 2708 1401 2761 ubi
1448 2706 1613 2775 Virgo
1655 2708 1813 2760 enixa
1846 2706 2029 2760 infan-

468 2808 578 2855 tem
614 2800 866 2871 deposuit
900 2819 915 2855 :
947 2813 1051 2871 qua
1103 2798 1170 2855 de
1216 2813 1277 2855 re
1312 2800 1429 2870 ipsa
1457 2797 1739 2869 prephetia
1795 2798 1873 2851 sic
1906 2798 1981 2852 ait
2013 2819 2027 2852 :

472 2912 493 2945 ι
532 2890 742 2947 Idcirco
785 2892 943 2947 dabis
1000 2907 1095 2946 eos
1147 2906 1322 2961 usque
1355 2891 1420 2944 ad
1456 2898 1669 2961 tempus
1704 2893 1965 2960 parientis
2014 2910 2027 2945 :

469 2983 667 3055 pariet,
707 2992 763 3037 et
797 2981 989 3051 reliqui
1028 2979 1257 3036 fratrum
1292 2981 1535 3050 ipsorum
1562 2987 1964 3035 convertentur.
2008 2999 2026 3032 ›

467 3073 849 3130 Consentanee
877 3081 1058 3128 autem
1111 3074 1200 3128 hic
1255 3090 1471 3144 quoque
1504 3074 1803 3144 parientem
1833 3072 2034 3127 intelli-

471 3165 550 3237 git
577 3180 716 3226 eam,
745 3178 867 3233 quae
895 3163 951 3216 in
983 3163 1356 3233 superioribus
1383 3163 1619 3217 oraculis
1664 3162 1829 3233 Virgo
1857 3162 2031 3216 nomi-
2059 3202 2105 3261 Ο

471 3267 599 3312 nata
636 3264 740 3320 est,
773 3263 827 3311 et
853 3255 1170 3327 prophetica
1205 3255 1422 3318 mulier,
1453 3270 1574 3323 qua:
1608 3255 1785 3325 ipsum
1817 3253 2034 3307 Emma-

474 3347 603 3401 nuel
628 3356 681 3401 et
711 3348 890 3417 magni
926 3346 1142 3400 consilii
1177 3346 1426 3415 angelum
1461 3345 1564 3399 erit
1595 3344 1863 3414 paritura.
1898 3341 2032 3396 Nam

473 3452 648 3507 usque
676 3438 744 3492 ad
774 3438 1000 3507 hujusce
1032 3445 1295 3505 tempora,
1325 3435 1552 3504 ejusque
1570 3436 1661 3504 qui
1682 3434 1749 3488 de
1776 3434 1895 3502 ipsa
1918 3439 2035 3487 erat

472 3528 736 3589 oriturus,
770 3543 891 3597 qua:
919 3525 985 3579 ad
1018 3526 1252 3596 priorem
1290 3526 1545 3594 populum
1594 3525 1889 3594 pertinent,
1919 3532 2034 3579 ste-

477 3628 678 3683 terunt,
708 3621 906 3689 quippe
938 3633 1061 3673 cum
1102 3617 1184 3672 eis
1217 3617 1557 3686 praescriptio
1600 3617 1859 3687 temporis
1909 3617 2035 3671 data

474 3720 621 3767 esset
652 3727 825 3781 usque
857 3709 927 3765 ad
972 3720 1182 3779 tempus
1235 3709 1520 3778 parientis,
1574 3709 1677 3763 hoc
1721 3716 1826 3774 est,
1862 3726 2036 3779 usque

477 3803 542 3858 ad
574 3804 876 3857 mirabilem
909 3811 1088 3856 ortum
1122 3802 1263 3870 ejus,
1296 3802 1390 3871 qui
1419 3801 1488 3857 de
1529 3796 1753 3873 Virgine
1782 3817 2036 3859 nascere-

474 3907 564 3950 tur
591 3912 604 3949 :
638 3901 761 3964 post
791 3908 971 3964 quem,
1003 3892 1277 3947 sublatum
1317 3892 1536 3961 quidem
1566 3902 1651 3948 est
1679 3894 1921 3963 ipsorum
1947 3907 2037 3947 re-

475 4001 666 4055 gnum;
694 3986 785 4055 qui
813 4001 941 4040 vero
976 3984 1167 4054 reliqui
1202 3983 1429 4037 fratrum
1472 3984 1713 4053 ipsorum
1757 3983 2033 4049 dicuntur,

477 4076 515 4130 ii
541 4090 669 4131 sunt
694 4076 1017 4145 accipiendi,
1042 4079 1134 4144 qui
1162 4075 1217 4129 in
1243 4073 1520 4130 Christum
1539 4074 1633 4129 Dei
1665 4075 2034 4140 crediderunt,

476 4168 707 4239 apostoli
742 4176 793 4222 et
818 4168 1072 4236 discipuli
1112 4174 1168 4222 et
1214 4167 1563 4237 evangelista:
1609 4164 1909 4223 Salvatoris
1937 4183 2037 4223 no-

476 4259 576 4314 stri
620 4277 634 4312 :
671 4274 808 4327 quos
838 4274 1136 4313 conversos
1185 4262 1301 4329 ipse
1347 4257 1611 4315 DominL:
1651 4274 1875 4328 pascere
1902 4261 2041 4314 dici-

477 4356 586 4414 tur,
620 4363 729 4402 non
764 4350 905 4404 sicut
952 4350 1102 4418 prius
1130 4365 1228 4418 per
1269 4349 1512 4419 angelos,
1546 4358 1639 4403 aut
1679 4364 1777 4419 per
1807 4352 2041 4405 admini-

476 4449 622 4493 stros
658 4439 924 4503 homines,
959 4439 1052 4494 sed
1090 4441 1204 4510 ipse
1234 4455 1329 4510 per
1356 4440 1620 4510 seipsum,
1681 4457 1855 4511 usque
1903 4443 2039 4498 adeo

479 4540 538 4586 ut
564 4542 784 4602 propter
813 4534 913 4587 hoc
942 4534 1276 4603 magnificari
1309 4550 1404 4590 eos
1444 4536 1733 4606 contigerit
1762 4552 1936 4608 usque
1967 4538 2033 4592 ad
2067 4574 2111 4631 Β

475 4635 776 4678 extremum
811 4630 987 4678 terra}.
1024 4624 1347 4696 Magnificati
1378 4626 1523 4680 enim
1563 4635 1712 4691 sunt,
1761 4643 1870 4699 quo
1908 4636 2038 4683 tem-

475 4730 606 4786 pore
635 4715 690 4768 in
728 4729 941 4769 omnem
990 4722 1190 4769 terram
1225 4716 1392 4771 exivit
1436 4732 1604 4772 sonus
1648 4734 1859 4785 eorum,
1895 4726 1949 4775 et
1980 4721 2035 4774 in

475 4809 610 4863 fines
637 4806 787 4861 orbis
812 4813 969 4881 terra:
1006 4807 1166 4862 verba
1207 4824 1420 4862 eorum.
1460 4808 1687 4865 Constat
1715 4826 1844 4866 vero
1872 4813 2035 4867 etiam

474 4898 631 4963 illud,
657 4913 817 4968 quam
842 4913 1069 4968 magnus
1100 4914 1230 4967 grex
1272 4914 1366 4968 per
1405 4900 1712 4956 universam
1743 4909 1943 4956 terram
1975 4913 2037 4957 ut

475 4991 831 5045 rationalibus
864 4991 1223 5060 humanisque
1255 4993 1449 5049 ovibus
1482 4995 1583 5063 ipsi
1614 4993 1777 5066 3“
1808 4995 2035 5051 Domino

477 5100 571 5155 per
599 5086 874 5154 apostolos
896 5100 1024 5141 suos
1051 5085 1315 5139 collectus
1334 5085 1423 5140 sit.
1449 5085 1617 5151 Quem
1655 5103 1786 5142 sane
1818 5104 2033 5159 gregem

476 5176 591 5244 ipse
624 5175 882 5231 Dominus
911 5193 1006 5247 per
1037 5176 1300 5246 seipsum,
1347 5178 1439 5246 qui
1476 5178 1597 5246 ejus
1644 5186 1829 5247 pastor
1869 5179 2033 5233 simul

406 5256 417 5261 ⁷
476 5275 529 5322 et
554 5267 807 5322 Dominus
832 5275 934 5332 est,
954 5270 1172 5325 visurus
1194 5278 1559 5339 pasturusque
1589 5271 1642 5323 in
1675 5271 1870 5325 robore
1898 5273 2035 5326 dici-

477 5365 584 5421 tur,
609 5358 741 5413 adeo
762 5359 998 5429 quidem,
1024 5369 1081 5413 ut
1101 5361 1152 5415 in
1178 5378 1338 5415 manu
1360 5361 1485 5415 forti
1506 5371 1558 5417 et
1580 5362 1803 5417 brachio
1817 5365 2034 5419 excelso

478 5461 509 5500 a
537 5448 764 5503 Domino
792 5457 847 5504 et
889 5460 1105 5519 pastore
1155 5463 1492 5509 conservata:
1538 5470 1668 5509 oves
1718 5455 1854 5510 nihil
1906 5460 2031 5511 mali

477 5538 752 5605 patiantur
784 5540 851 5593 ab
887 5540 1274 5599 insidiantibus
1304 5545 1513 5614 asperis
1542 5554 1596 5601 et
1621 5546 1923 5602 immitibus
1956 5547 2033 5603 fe-

477 5626 574 5681 ris.
603 5625 669 5680 Et
690 5642 751 5681 ea
778 5629 993 5696 quidem
1018 5647 1137 5702 quae
1163 5635 1227 5689 ad
1254 5644 1429 5690 ortum
1453 5637 1507 5691 in
1529 5635 1859 5705 Bethlehem,
1881 5656 2031 5709 quaa-

548 5811 596 5843 ⁷⁸
634 5807 822 5863 Matth.
858 5826 917 5875 ll,
954 5813 1089 5866 ΗΞ.

2114 609 2213 662 μου
2239 592 2330 645 τὸν
2367 589 2600 662 Ἰσραήλ.
2625 591 2759 643 Τότε
2792 590 3054 662 Ἡρώδης,
3086 589 3258 663 λάθρα
3292 591 3527 657 καλέσας
3552 597 3679 660 τοὺς

2117 685 2343 754 μάγους,
2365 682 2645 754 ήκρίόωσε
2682 683 2811 754 παρ’
2839 682 3017 736 αὐτῶν
3043 682 3134 736 τὸν
3157 682 3346 753 χρόνον
3373 684 3465 737 τοῦ
3498 702 3680 754 φαινο-

2117 778 2275 847 μένου
2298 777 2523 848 ἀστέρος
2540 793 2555 806 ο
2583 777 2675 828 καὶ
2696 774 2915 846 πέμψας
2934 775 3129 838 αὐτοὺς
3152 777 3232 838 είς
3247 774 3511 848 Βηθλεὲμ,
3536 774 3676 833 εἶπεν

2114 870 2475 941 Πορευθέντες
2509 867 2799 934 ἐξετάσατε
2837 867 3077 939 ἀκριϐῶς
3136 868 3263 940 περὶ
3297 869 3390 921 τοῦ
3444 870 3681 929 παιδίου.

2127 962 2295 1015 Ἐπάν
2317 963 2374 1015 δὲ
2408 961 2625 1033 εὕρητε,
2650 959 3004 1030 ἀναγγείλατέ
3034 977 3142 1031 μοι,
3166 961 3313 1024 ὅπως
3339 962 3495 1030 κάγὼ
3515 962 3683 1017 ἐλθὼν

2116 1056 2477 1127 προσκυνήσω
2518 1053 2683 1125 αύτῷ.
2732 1054 2794 1107 Οἱ
2824 1055 2880 1108 δὲ
2922 1053 3249 1118 ἀκούσαντες
3290 1053 3385 1107 τοῦ
3427 1054 3688 1125 βασιλέως

2117 1146 2509 1219 ἐπορεύθησαν.
2540 1145 2650 1199 Καὶ
2678 1145 2784 1199 ἰδοὺ
2820 1147 2849 1198 ό
2899 1146 3093 1217 ἀστὴρ,
3119 1145 3176 1198 δν
3204 1141 3341 1199 εἶδον
3370 1147 3427 1199 ἐν
3455 1148 3521 1218 τῇ
3557 1148 3690 1201 ἀνα-

2116 1240 2265 1310 τολῇ,
2291 1238 2528 1310 προῆγεν
2552 1237 2765 1302 αὐτοὺς,
2799 1236 2904 1301 ἕως
2941 1234 3108 1290 ἐλθὼν
3143 1236 3273 1307 ἔστη
3307 1237 3490 1290 ἐπάνω
3532 1230 3593 1290 οὗ
3619 1233 3691 1309 ῆν

2117 1334 2178 1386 τὸ
2218 1333 2445 1386 παιδίον.
2492 1331 2710 1393 Ἰδόντες
2731 1330 2788 1384 δὲ
2825 1330 2917 1384 τὸν
2964 1329 3166 1401 ἀστέρα
3194 1330 3464 1402 ἐχάρησαν
3511 1331 3688 1403 χαρὰν

2124 1425 2364 1497 μεγάλην
2393 1424 2593 1496 σφόδρα
2617 1441 2630 1454 ·
2659 1423 2754 1477 καὶ
2789 1421 3029 1485 ἐλθόντες
3067 1424 3147 1486 εἰς
3180 1421 3279 1494 τὴν
3321 1423 3496 1476 οίκίαν
3548 1421 3690 1476 εἶδον

2119 1514 2183 1569 τὸ
2241 1513 2451 1568 παιδίον
2497 1512 2636 1584 μετὰ
2674 1513 2893 1584 Μαρίας
2932 1514 3032 1582 τῆς
3090 1513 3294 1585 μητρὸς
3346 1511 3546 1578 αὐτοῦ,
3592 1513 3688 1566 καὶ

2123 1608 2380 1671 πεσόντες
2418 1606 2826 1678 προσεκύνησαν
2861 1606 3039 1677 αὐτῷ·
3088 1606 3183 1660 καὶ
3223 1604 3523 1671 ἀνοίξαντες
3561 1605 3690 1669 τοὺς

2123 1698 2429 1769 θησαυροὺς
2459 1695 2657 1762 αὐτῶν,
2698 1696 3073 1767 προσήνεγκαν
3099 1693 3247 1766 αὐτῷ
3271 1694 3434 1766 δῶρα,
3462 1695 3685 1766 χρυσὸν,

2125 1794 2219 1846 καὶ
2256 1791 2489 1854 λίϐανον,
2515 1791 2609 1844 καὶ
2637 1789 2900 1862 σμύρναν.
2930 1791 3041 1844 Καὶ
3083 1791 3538 1863 χρηματισθέντες
3568 1792 3685 1844 κατ’

2055 1842 2097 1897 Β
2125 1842 2375 1955 3..."..4,
2391 1842 2399 1845 ⁷
2415 1842 2730 1954 ἀνακάμψαι
2751 1842 2899 1955 ’τέρδξ
2932 1842 3215 1955 ipsa;
3240 1842 3535 1954 smn;
3567 1842 3689 1935 διες

2127 1974 2480 2046 ἀνεχώρησαν
2509 1976 2588 2038 είς
2621 1975 2717 2047 τὴν
2762 1974 2943 2048 χώραν
2972 1975 3168 2028 αὐτῶν.
3199 1992 3219 2026 ι
3250 1974 3387 2028 Ὄλα
3428 1974 3485 2027 δέ
3523 1974 3694 2028 ταῦτα

2128 2067 2390 2136 ἐξεθέμην
2440 2068 2519 2130 είς
2561 2067 2898 2138 παράστασιν
2929 2067 3036 2120 τῶν
3074 2067 3473 2139 πεπραγμένων
3506 2066 3599 2120 ἐπῖ⁵
3624 2068 3693 2136 τῇ

2128 2158 2185 2210 ἐν
2239 2158 2482 2229 Βηθλεέμ
2538 2158 2746 2227 γενέσει
2799 2157 2889 2212 τοῦ
2948 2160 3201 2232 Σωτῆρος
3242 2158 3433 2231 ἡμῶν,
3490 2158 3691 2230 ἐναργῆ

2126 2251 2400 2319 τεκμήρια
2434 2249 2739 2321 παρέχοντα
2780 2250 2941 2305 αὐτὸν
2981 2246 3115 2304 εἶναι
3141 2249 3232 2303 τὸν
3278 2249 3382 2303 ὑπὸ
3413 2249 3515 2320 τῆς
3564 2267 3693 2322 προ-

2130 2342 2355 2412 φητείας
2381 2342 2724 2413 δηλούμενον.
2767 2344 2876 2398 Καὶ
2917 2343 2998 2407 είς
3021 2342 3180 2415 δεῦρο
3221 2344 3278 2397 δέ
3325 2343 3376 2396 οἱ
3416 2343 3509 2396 τὸν
3534 2342 3697 2398 τόπον

2127 2432 2419 2495 οἰκοῦντες,
2458 2432 2532 2496 ὡς
2573 2435 2637 2486 ἐκ
2680 2433 2929 2505 πατέρων
2971 2435 3050 2497 είς
3099 2434 3295 2497 αὐτοὺς
3331 2433 3700 2504 κατελθούσης

2134 2522 2502 2593 παραδόσεως,
2526 2526 2639 2586 τοῖς
2680 2523 2789 2576 τῶν
2819 2525 3000 2578 τόπων
3033 2526 3274 2597 ἱστορίας
3305 2526 3463 2596 χάριν
3492 2527 3571 2588 είς
3595 2526 3698 2598 τὴν

2131 2612 2374 2684 Βηθλεὲμ
2406 2614 2820 2684 ἀφικνουμένοις
2856 2615 3213 2688 μαρτυροῦσι,
3246 2616 3353 2670 τῶν
3394 2616 3563 2685 λόγων
3603 2633 3698 2668 πι-

2132 2703 2415 2774 στούμενοι
2446 2704 2544 2774 τὴν
2573 2704 2826 2776 ἀλήθειαν
2865 2706 2955 2760 διά
2989 2707 3087 2777 τῆς
3114 2706 3209 2759 τοῦ
3245 2705 3414 2779 ἀγροῦ
3454 2707 3697 2773 δείξεως,

2131 2795 2188 2848 ἐν
2216 2789 2259 2863 ᾧ
2287 2794 2519 2848 τεκοῦσα
2566 2797 2599 2867 ἡ
2646 2795 2920 2868 Παρθένος
2962 2795 3338 2851 κατατέθειται
3365 2797 3424 2849 τὸ
3460 2795 3690 2868 βρέφοςο

2132 2888 2215 2956 ἐφ’
2243 2881 2379 2958 οἷςὴ
2411 2887 2713 2959 προφητεία
2736 2888 2867 2958 φησί
2887 2904 2903 2917 ·
2940 2905 2960 2939 t
2992 2887 3093 2940 Διά
3116 2887 3273 2940 τοῦτο
3304 2885 3459 2940 δώσει
3498 2887 3697 2948 αὐτοὺς

2133 2977 2236 3040 ἕως
2270 2978 2462 3049 καιροῦ
2490 2979 2795 3049 τικτούσης.
2821 2978 3065 3045 Τέξεται,
3090 2980 3184 3033 καὶ
3220 2981 3269 3033 οἱ
3297 2978 3565 3032 ἐπίλοιποι
3586 2976 3701 3030 τῶν

2133 3063 2375 3132 ἀδελφῶν
2398 3065 2578 3119 αὐτῶν
2610 3066 3043 3138 ἐπιστρέφουσιν.
3065 3087 3085 3120 ι
3125 3068 3456 3133 ’Δκολούθως
3483 3068 3538 3121 δέ
3564 3068 3700 3121 κάν-

2135 3156 2307 3211 ταῦθα
2338 3158 2623 3211 τίκτουσαν
2645 3158 2795 3229 δηλοῖ
2816 3158 2914 3231 τὴν
2950 3161 3007 3213 ἐν
3049 3161 3169 3223 ταῖς
3214 3159 3445 3231 πρόσθεν
3491 3177 3707 3231 προφη-

2135 3249 2306 3313 τείαις
2339 3250 2613 3322 Παρθένον
2654 3251 3045 3322 ὠνομασμένην
3087 3251 3182 3305 καὶ
3227 3251 3555 3321 προφήτιδα,
3603 3251 3703 3321 τὴν

2134 3342 2226 3395 τὸν
2257 3342 2601 3413 Ἐμμανουὴλ
2657 3342 2752 3395 καὶ⁵
2791 3342 2882 3395 τὸν
2915 3342 3014 3413 τῆς
3048 3342 3284 3414 μεγάλης
3314 3341 3507 3413 βουλῆς
3540 3344 3704 3411 ἀγγε-

2136 3432 2224 3488 λον
2252 3434 2671 3507 ἀποτεξομένην.
2701 3437 2845 3501 Ἕως
2872 3436 2982 3506 γὰρ
3002 3435 3110 3489 τῶν
3142 3434 3344 3507 ταύτης
3367 3434 3576 3507 καιρῶν
3609 3436 3707 3489 καὶ

2135 3527 2228 3581 τοῦ
2262 3526 2321 3591 ἐξ
2368 3528 2540 3597 αὐτῆς
2580 3527 2971 3599 ἀποτεχθέντος
3026 3527 3118 3581 καὶ
3167 3527 3236 3581 τὰ
3284 3526 3381 3582 τοῦ
3436 3527 3704 3599 προτέρου

2136 3619 2264 3673 λαοῦ
2304 3623 2677 3693 συνειστήκει,
2705 3620 2952 3693 δοθείσης
2999 3622 3182 3683 αὐτοῖς
3227 3619 3563 3692 προθεσμίας
3598 3621 3705 3683 ἓως
3760 3638 3771 3644 ’

2138 3710 2330 3783 καιροῦ
2362 3712 2680 3783 τικτούσης,
2726 3712 2873 3766 τοῦτ’
2909 3712 3054 3765 ἐστιν
3103 3713 3208 3776 ἕως
3254 3714 3352 3784 τῆς
3398 3713 3703 3785 παραδόξου

2136 3803 2402 3871 γενέσεως
2439 3803 2533 3856 τοῦ
2578 3806 2639 3855 ἐκ
2690 3803 2791 3873 τῆς
2822 3804 3098 3875 Παρθένου
3138 3803 3440 3874 τεχθέντος,
3488 3805 3606 3875 μεθ’
3641 3803 3700 3857 ὃν

2137 3897 2278 3969 ἤρθη
2322 3897 2419 3967 μέν
2462 3896 2642 3950 αὐτῶν
2694 3897 2727 3967 ἡ
2771 3896 3032 3967 βασιλεία.
3063 3897 3126 3949 Οἱ
3179 3896 3235 3949 δέ
3281 3895 3547 3950 ἐπίλοιποι
3596 3895 3706 3949 τῶν

2137 3987 2380 4057 ἀδελφῶν
2408 3987 2605 4053 αὐτῶν,
2639 3981 2784 4045 οὗτοι
2810 3987 2876 4042 ἂν
2900 3982 3010 4040 εἷεν
3033 3987 3082 4039 οί
3115 3986 3196 4051 είς
3228 3986 3320 4040 τὸν
3345 3987 3577 4059 Χριστὸν
3609 3984 3704 4039 τοῦ

2137 4080 2273 4134 Θεοῦ
2319 4081 2741 4143 πεπιστευκότες
2776 4080 3101 4145 ἀπόστολοι,
3142 4076 3245 4133 καὶ¹
3286 4078 3555 4151 μαθηταὶ,
3609 4078 3705 4130 καὶ

2137 4173 2519 4241 εὐαγγελιστώ¹
2548 4172 2643 4226 τοῦ
2664 4172 2914 4244 Σωτῆρος
2940 4175 2973 4244 ἡ
2983 4172 3120 4244 μῶν,
3149 4170 3243 4235 οὓς
3272 4169 3704 4240 ἐπιστρέψαντας

2138 4264 2299 4328 αὐτὸς
2325 4268 2352 4318 ὁ
2374 4265 2578 4338 Κύριος
2603 4267 2883 4337 ποιμανεῖν
2904 4265 3141 4333 λέγεται,
3164 4266 3224 4318 ού
3263 4260 3443 4325 καθὼς
3473 4261 3535 4315 τὸ
3574 4261 3705 4332 πρὶν

2137 4355 2202 4409 δι’
2231 4356 2474 4424 ἀγγέλων
2506 4357 2647 4427 ἢδιά
2679 4357 3017 4427 θεραπόντων
3044 4353 3361 4427 ἀνθρώπων,
3393 4351 3506 4406 ἀλλ’
3544 4352 3708 4415 αὐτὸς

2138 4447 2204 4499 δι’
2231 4448 2446 4512 ἐαυτοῦ,
2466 4449 2603 4502 ὥστε
2631 4448 2718 4501 διά
2755 4448 2912 4501 τοῦτο
2942 4447 3340 4518 μεγαλυνθῆναι
3373 4444 3570 4508 αὐτοὺς
3602 4444 3708 4508 ἕως

2139 4536 2309 4609 ἄκρου
2336 4537 2436 4608 τῆς
2464 4539 2586 4609 γῆς.
2634 4538 3104 4609 Ἐμεγαλύνθησαν
3138 4537 3247 4609 γὰρ
3289 4539 3377 4591 ὅτε
3422 4538 3503 4599 είς
3528 4537 3707 4589 πᾶσαν

2139 4627 2236 4697 τὴν
2265 4626 2368 4697 γῆν
2393 4626 2612 4696 ἐξῆλθεν
2634 4630 2662 4681 ό
2686 4628 2917 4697 φθόγγος
2943 4627 3139 4691 αὐτῶν,
3174 4627 3267 4681 καὶ
3290 4628 3370 4689 είς
3392 4623 3462 4678 τά
3497 4624 3708 4696 πέρατα

2138 4720 2236 4789 τῆς
2261 4719 2584 4789 οίκουμένης
2610 4718 2679 4771 τά
2728 4720 2927 4789 ῥήματ’
2967 4717 3164 4772 αὐτῶν.
3204 4712 3477 4788 Πρόδηλον
3509 4716 3565 4794 δέ
3614 4718 3709 4770 καὶ

2138 4810 2318 4861 ὁποῖον
2337 4808 2477 4879 μέγα
2493 4809 2740 4879 ποίμνιον
2760 4809 2880 4862 καθ’
2898 4808 3024 4878 ὅλης
3039 4808 3138 4878 τῆς
3157 4808 3262 4878 γῆς
3277 4810 3341 4860 ὲκ
3366 4805 3598 4875 λογικῶν
3616 4808 3708 4859 καὶ⁹

2138 4898 2488 4971 ἀνθρωπείων
2511 4900 2793 4970 προϐάτων
2812 4899 2888 4970 τῷ
2919 4900 3107 4971 Κυρίῳ
3133 4900 3220 4952 διὰ
3258 4898 3365 4951 τῶν
3395 4898 3707 4952 ἀποστόλων

2139 4992 2301 5045 αὐτοῦ
2322 4993 2565 5063 συνέστη·
2582 4995 2610 5046 ὃ
2625 4995 2718 5047 καὶ
2733 4994 2895 5056 αὐτὸς
2913 4994 2941 5045 ὁ
2956 4993 3158 5065 Κύριος
3173 4992 3237 5045 δι’
3262 4990 3477 5056 ἐαυτοῦ,
3504 4990 3707 5061 ποιμὴν

2135 5084 2270 5156 ὁμοῦ
2294 5086 2386 5139 καὶ
2402 5084 2603 5157 Κύριος
2615 5084 2690 5138 ὣν
2701 5086 2798 5156 τῆς
2813 5086 3065 5155 ποίμνης,
3081 5084 3373 5154 ἐπόψεσθαι
3389 5082 3483 5135 καὶ
3515 5096 3710 5151 ποιμα·

2136 5181 2245 5232 νεῖν
2258 5181 2313 5231 ἐν
2337 5178 2477 5249 ἰσχύῖ
2492 5179 2725 5246 λέγεται,
2743 5178 2881 5230 ὥστε
2899 5178 2955 5229 ἐν
2971 5178 3112 5248 χειρὶ
3127 5176 3361 5247 κραταιᾷ
3382 5174 3474 5228 καὶ
3496 5175 3554 5227 ἐν
3581 5172 3709 5243 βρα-

2135 5276 2270 5345 χίονι
2282 5272 2470 5345 ὑψηλῷ
2484 5274 2618 5344 πρὸς
2629 5272 2721 5325 τοῦ
2736 5271 2992 5324 δεσπότου
3008 5269 3101 5322 καὶ¹
3118 5269 3369 5338 ποιμένος
3381 5266 3704 5339 φυλαττόμε·

2134 5382 2200 5417 να
2244 5365 2314 5417 τά
2338 5363 2579 5433 πρόϐατα
2606 5362 2768 5433 μηδέν
2789 5378 2842 5413 τι
2872 5360 3064 5414 παθεῖν
3085 5360 3253 5414 δεινὸν
3282 5359 3418 5430 πρὸς
3444 5357 3549 5411 τῶν
3581 5358 3708 5427 ἐφε-

2133 5454 2430 5526 δρευόντων
2458 5454 2638 5517 αὐτοῖς
2652 5453 2855 5525 ἀγρίων
2883 5454 2977 5505 καὶ
3001 5451 3223 5523 ἀπηνῶν
3255 5450 3479 5521 θηρίων.
3510 5451 3617 5502 Καὶ
3637 5447 3708 5502 τά

2139 5547 2237 5616 μὲν
2269 5563 2335 5598 πε
2345 5547 2396 5615 ρ¹ι
2420 5547 2518 5616 τῆς
2539 5548 2594 5599 ἐν
2633 5546 2895 5618 Βηθλεέμ,
2916 5546 3009 5600 καὶ
3023 5547 3120 5617 τῆς
3131 5545 3237 5598 ἀπὸ
3259 5544 3461 5614 ταύτης
3478 5542 3702 5615 προόδου

2134 5638 2226 5691 τοῦ
2254 5654 2428 5709 προκη
2437 5638 2757 5709 ρυττομένου
2773 5639 2926 5703 Θεοῦ,
2946 5638 3128 5692 τοῦτον
3145 5639 3252 5708 ἔχει
3271 5639 3358 5691 τὸν
3374 5637 3591 5707 τρόπον’
3607 5634 3707 5709 τὴν
