4098 6432
393 439 492 495 551

1302 427 1948 486 DEMONSTRATIONIS
1971 426 2424 482 EVANGELICIE
2454 427 2587 482 LIB.
2621 426 2732 483 VII.

3500 428 3604 481 542

386 555 444 609 δὲ
477 553 536 617 ἐξ
567 550 810 625 οὐρανῶν
839 552 917 614 εἰς
963 547 1275 621 ἀνθρώπους
1322 546 1612 618 ἐπιδημίαν
1645 544 1806 598 αὐτοῦ
1852 543 1928 596 τοί

2051 558 2157 612 que
2189 542 2256 596 ad
2283 557 2634 612 progressum
2657 557 2722 596 ex
2744 556 2811 596 eo
2840 540 3133 609 pertinent,
3164 539 3284 608 ejus
3319 537 3413 595 Dei
3442 556 3602 608 quem

385 646 590 717 Κυρίου
626 646 718 697 καὶ
756 642 1006 713 ποιμένος
1034 641 1132 711 ήδη
1158 640 1250 693 καὶ
1282 640 1540 710 πρότερον
1571 636 1630 702 ἐξ
1658 635 1819 689 αὐτοῦ
1844 633 1938 687 τοῦ

386 738 525 808 μετά
552 740 734 808 χεῖρας
762 737 1033 806 προςήτου
1062 731 1459 803 παρατέθειμαι
1487 770 1501 793 ,
1531 730 1594 781 δι’
1624 723 1698 781 ὧν
1722 728 1901 795 ἔλεγεν
1920 743 1934 757 ·

389 851 405 880 ι
450 829 758 892 Ἀκούσατε,
795 827 909 879 λαοί
945 826 1162 888 πάντες,
1188 826 1281 878 καὶ
1315 822 1625 893 προσεχέτω
1660 823 1692 891 ή
1720 822 1810 891 γῆ,
1846 821 1938 874 καὶ

382 921 582 983 πάντες
614 921 662 973 οἰ
689 922 744 970 ἐν
775 919 932 987 αὐτῇ,
970 918 1059 969 καὶ
1095 916 1245 968 ἔσται
1286 915 1484 984 Κύριος
1516 914 1643 983 ὑμῖν
1684 914 1761 975 είς
1802 930 1940 983 μαρ-

374 1012 596 1085 τύριον,
645 1010 845 1080 Κύριος
891 1009 947 1074 ἐξ
993 1007 1138 1061 οἴκου
1193 1006 1345 1073 ἁγίου
1400 1005 1592 1058 αὑτοῦ·
1648 1005 1777 1057 διότι
1830 1004 1936 1057 ἰδοὺ

377 1103 583 1174 Κύριος
636 1101 835 1172 Κύριος
882 1098 1233 1170 ἐκπορεύεται
1278 1100 1341 1150 ἐκ
1393 1097 1482 1150 τοῦ
1536 1097 1702 1149 τόπου
1748 1098 1935 1160 αὑτοῦ,

374 1195 468 1247 καὶ
495 1192 876 1263 καταϐήσεται,
904 1211 922 1242 ι
948 1192 1040 1243 καὶ
1060 1189 1128 1242 τὰ
1156 1188 1298 1259 ἐξῆς·
1319 1183 1399 1251 οἷς
1420 1187 1680 1255 ἐπιλέγων
1705 1188 1933 1257 ἔφασκε·

376 1301 394 1331 ‹
428 1284 504 1336 Δι’
523 1282 775 1335 ἀσέϐειαν
810 1278 1002 1334 Ἰακὼϐ
1034 1279 1208 1330 πάντα
1241 1276 1428 1337 ταῦτα,
1462 1278 1556 1329 καὶ
1580 1277 1646 1329 δι’
1669 1278 1937 1350 ἁμαρτίαν

377 1377 524 1429 οἴκου
568 1374 805 1445 Ἰσραήλ·
848 1393 866 1423 ι
918 1373 1094 1440 Σαφὲς
1140 1370 1195 1423 δὲ
1242 1370 1340 1422 καὶ
1380 1370 1485 1422 ἀπὸ
1516 1370 1622 1422 τῶν
1675 1370 1800 1441 ἑξῆς
1842 1370 1936 1424 τοῦ

377 1466 538 1521 αὑτοῦ
567 1467 867 1536 προφήτου,
909 1466 989 1517 ὅτι
1013 1464 1085 1535 μὴ
1120 1463 1275 1533 μόνον
1296 1462 1403 1541 ¹διὰ
1434 1461 1529 1525 τὰς
1563 1462 1814 1526 ἀσεϐείας
1845 1465 1936 1517 τοῦ

386 1556 652 1609 Ἰουδαίων
676 1554 859 1616 ἔθνους
882 1554 980 1622 τὴν
1018 1552 1076 1617 ἐξ
1109 1550 1348 1623 οὐρανῶν
1389 1552 1417 1602 ὁ
1450 1550 1649 1620 Κύριος
1678 1549 1938 1619 πεποίητο

376 1647 619 1709 κάθοδον,
649 1642 783 1698 ἀλλὰ
806 1645 897 1698 καὶ
918 1642 1006 1696 διὰ
1039 1643 1137 1715 τὴν
1172 1640 1440 1713 σωτηρίαν
1477 1642 1569 1694 καὶ
1607 1640 1799 1710 κλῆσιν
1830 1642 1936 1694 τῶν

376 1738 546 1793 ἐθνῶν
591 1738 860 1791 ἁπάντων.
897 1734 1162 1802 Ἐπιλέγει
1190 1732 1233 1785 δ’
1263 1728 1353 1785 οὖν
1401 1732 1526 1801 ἑξῆς
1545 1749 1559 1763 ·
1607 1749 1625 1782 ‹
1651 1733 1761 1785 Καὶ
1786 1732 1936 1785 ἔσται

376 1832 463 1883 ἐπ’
498 1829 738 1899 ἐσχάτων
769 1827 875 1880 τῶν
909 1824 1127 1896 ἡμερῶν
1161 1823 1400 1893 ἐμφανὲς
1437 1823 1498 1876 τὸ
1537 1822 1660 1894 ὅρος
1708 1822 1933 1895 Κυρίου,

376 1922 474 1974 καὶ
497 1919 813 1973 σπεύσουσιν
836 1917 919 1970 ἐπ’
949 1916 1076 1970 αὐτὸ
1106 1915 1223 1968 λαοὶ
1248 1913 1449 1978 πολλοὶ,
1471 1914 1563 1967 καὶ
1587 1913 1939 1984 πορεύσονται

377 2012 501 2083 ἔθνη
537 2009 742 2072 πολλὰ,
777 2011 869 2063 xal
920 2008 1135 2081 ἐροῦσι·
1193 2007 1374 2071 Δεῦτε,
1422 2005 1719 2083 ἀναδῶμεν,
1754 2006 1833 2068 είς
1878 2006 1940 2057 τὸ

375 2082 499 2174 δρος
526 2102 749 2173 Κυρίου.
786 2120 803 2152 ι
839 2101 928 2153 Διὸ
960 2101 1053 2153 καὶ
1084 2098 1218 2171 μετὰ
1257 2098 1430 2152 ταῦτα
1459 2097 1550 2150 τὸν
1597 2082 1939 2167 πρὸάἰώνων

374 2194 481 2247 ἀπὸ
516 2195 613 2264 τῆς
649 2192 894 2264 Βηθλεέμ
922 2190 1292 2258 ἐξελεύσεσθαι
1324 2189 1670 2261 ἀνακηρύξας
1694 2228 1706 2249 .
1757 2188 1938 2241 οὐκέτι

370 2280 466 2334 τοῦ
502 2280 716 2353 Ἰσραὴλ
751 2280 930 2351 μόνου,
966 2279 1099 2333 ἀλλὰ
1135 2279 1346 2350 ἀθρόως
1392 2278 1606 2331 πάντων
1639 2275 1937 2347 ἀνθρώπων

370 2367 477 2430 ἓως
501 2368 594 2421 καὶ⁴
614 2366 721 2421 τῶν
750 2368 931 2440 ἄκρων
957 2368 1055 2438 τῆς
1080 2368 1184 2437 γῆς
1212 2366 1394 2439 ἄρξειν
1414 2366 1573 2421 αὐτόν
1598 2382 1728 2436 φησι
1750 2382 1764 2395 ·
1791 2365 1936 2433 λέγει

371 2454 416 2509 δ’
448 2450 540 2510 οῦν
562 2474 576 2488 ·
614 2475 631 2507 ‹
664 2458 771 2511 Καὶ
799 2460 1073 2527 στήσεται,
1104 2459 1196 2511 καὶ
1228 2457 1434 2527 ὄψεται,
1461 2459 1553 2510 καὶ
1590 2458 1842 2527 ποιμανεῖ
1877 2456 1940 2508 τὸ

371 2547 621 2618 ποίμνιον
646 2547 811 2601 αὑτοῦ
838 2550 894 2600 ἐν
937 2547 1079 2617 ἰσχύϊ
1119 2547 1341 2620 Κύριος,
1377 2548 1469 2601 καὶ
1496 2550 1553 2600 ἐν
1577 2550 1643 2618 τῇ
1687 2547 1813 2620 δόξῃ
1843 2546 1936 2601 τοῦ

369 2639 632 2710 ὀνόματος
677 2640 881 2711 Κυρίου
932 2638 1066 2692 Θεοῦ
1117 2639 1294 2692 αὐτῶν
1322 2639 1648 2710 ὑπάρξουσι·
1680 2639 1810 2693 διότι
1842 2638 1939 2691 νῦν

373 2726 864 2797 μεγαλυνθήσονται
919 2727 1023 2790 ἕως
1068 2727 1253 2799 ἄκρων
1304 2729 1402 2799 τῆς
1444 2730 1548 2799 γῆς
1575 2769 1589 2793 ,
1651 2731 1746 2783 rat
1788 2729 1935 2785 ἔσται

369 2817 508 2891 αῦτη
532 2820 743 2890 εἰρήνη.
780 2837 798 2870 ι
830 2818 945 2872 Τίνι
969 2819 1025 2872 δὲ
1058 2818 1207 2872 ἔσται
1252 2820 1389 2891 αὕτη
1427 2822 1616 2892 εἰρήνη
1655 2821 1769 2873 ἀλλ’
1803 2822 1836 2891 ἢ
1866 2824 1933 2891 τῇ

370 2912 461 2980 γῇ,
486 2905 590 2982 ἐνῇ
613 2909 1103 2980 μεγαλυνθήσονται
1127 2910 1196 2964 τὰ
1217 2912 1439 2982 ποίμνια
1454 2910 1547 2964 τοῦ
1566 2912 1769 2982 Κυρίου
1790 2928 1804 2977 ;
1827 2913 1936 2966 Καὶ

367 2998 525 3053 τοῦτο
552 3000 628 3063 δὲ,
663 3000 843 3053 ὁποίου
871 3001 1055 3064 τέλους
1082 3000 1235 3073 ἔτυχε
1266 3006 1409 3071 μετὰ
1444 3001 1521 3073 (1)
1560 3001 1653 3055 τοῦ
1688 3003 1936 3075 Σωτῆρος

368 3092 524 3162 ἡμῶν
551 3092 724 3162 Ἰησοῦ
752 3092 987 3166 Χριστοῦ
1013 3095 1335 3165 παρουσίαν,
1367 3094 1528 3147 παντί
1550 3112 1627 3166 τῳ
1649 3095 1931 3166 πρόδηλον·

369 3183 570 3255 πολλῆς
600 3184 710 3256 γὰρ
737 3184 902 3256 οὔσης
945 3186 1052 3257 πρὸ
1076 3186 1265 3240 τούτου
1313 3187 1660 3258 πολυαρχίας,
1702 3188 1806 3242 καὶ·
1825 3186 1931 3241 τῶν

368 3276 537 3330 ἐθνῶν
572 3278 823 3331 ἁπάντων
844 3280 1284 3350 τυραννουμένων
1309 3279 1343 3350 ἢ
1370 3280 1888 3353 δημοκρατουμένων
1911 3319 1927 3344 ,

364 3367 441 3431 ὡς
520 3368 787 3439 μηδεμίαν
862 3370 1002 3440 πρὸς
1068 3370 1343 3439 ἀλλήλους
1422 3371 1706 3443 ἐπιμιξίαν
1800 3374 1928 3437 τοὺς

368 3456 687 3527 ἀνθρώπους
743 3457 884 3528 ἔχειν
907 3497 923 3520 ,
980 3458 1124 3522 ἰδίως
1168 3460 1257 3524 δὲ,
1321 3460 1452 3531 φέρε
1492 3463 1664 3513 εἰπεῖν
1686 3500 1701 3525 ,
1764 3462 1929 3530 Δίγυ-

368 3548 539 3602 πτίων
604 3548 709 3602 ὑπὸ
780 3550 963 3621 οἰκείῳ
1027 3550 1246 3621 ἄρχοντι
1304 3552 1726 3623 βασιλευομένων
1749 3591 1764 3615 ,
1834 3553 1928 3606 καὶ

380 3637 622 3708 Ἀράϐων
676 3636 953 3702 ὡσαύτως,
1018 3640 1110 3694 καὶ
1172 3641 1504 3712 Ἰδουμαίων,
1561 3642 1818 3695 Φοινίκων
1866 3661 1926 3696 τε

367 3727 461 3780 καὶ
492 3728 696 3799 Σύρων,
732 3729 825 3782 καὶ
854 3727 960 3782 τῶν
990 3730 1162 3783 ἄλλων
1194 3730 1382 3795 ἐθνῶν,
1407 3732 1843 3803 ἐπανισταμένων
1866 3749 1925 3786 τε

366 3819 536 3873 ἐθνῶν
567 3818 764 3889 ἔθνεσι,
787 3821 881 3873 καὶ
913 3820 1118 3874 πόλεων
1148 3821 1351 3883 πόλεσι,
1385 3823 1704 3893 πολιορκιῶν
1733 3840 1792 3876 τε
1826 3842 1925 3894 μυ-

368 3912 498 3982 ρίων
531 3911 623 3964 καί¹
654 3912 1036 3981 αἰχμαλωσιῶν
1070 3912 1207 3965 κατὰ
1236 3914 1410 3967 πάντα
1441 3914 1602 3967 τόπον
1623 3931 1683 3967 τε
1707 3916 1799 3968 καὶ
1818 3913 1923 3985 χώ-

367 4020 465 4074 ραν
500 4003 944 4073 ἐπιτελουμένων,
979 4004 1164 4076 ἐπειδὴ
1202 4006 1381 4077 παρῆν
1412 4007 1440 4058 ό
1475 4006 1661 4079 Σωτὴρ
1689 4008 1782 4061 καὶ
1809 4007 1921 4061 Κύ-

367 4110 498 4166 ριος,
535 4093 667 4164 ὁμοῦ
697 4097 761 4165 τῇ
799 4097 877 4157 εἰς
909 4094 1222 4167 ἀνθρώπους
1250 4096 1411 4149 αὐτοῦ
1444 4098 1675 4168 παρόδῳ,
1708 4097 1918 4170 πρώτου

360 4200 421 4236 τε
463 4185 743 4255 Ῥωμαίων
771 4186 1080 4265 Ᾱύγούστου
1109 4187 1216 4240 τῶν
1243 4186 1410 4240 ἐθνῶν
1439 4190 1917 4260 ἐπικρατήσαντος,

360 4275 547 4329 λέλυτο
579 4278 674 4347 μὲν
705 4280 738 4348 ἡ
772 4278 995 4349 πλείστη
1028 4278 1349 4350 πολυαρχία,
1372 4281 1572 4351 ἐἰρήνη
1611 4280 1668 4332 δὲ
1700 4280 1919 4351 διελάμ-

362 4365 486 4419 ϐανε
529 4367 626 4438 τὴν
658 4368 945 4439 σύμπασαν
976 4370 1097 4440 γῆν,
1134 4373 1196 4441 τῇ
1235 4370 1369 4441 μετὰ
1401 4374 1587 4443 χεῖρας
1616 4371 1919 4436 ἀκολούθως

361 4458 679 4528 προρρήσει,
702 4459 995 4531 διαρρήδην
1022 4461 1239 4533 φησάσῃ
1266 4463 1392 4532 περὶ
1419 4461 1527 4514 τῶν
1558 4462 1650 4515 τοῦ
1682 4463 1916 4534 Χριστοῦ

363 4546 633 4618 μαθητῶν·
672 4569 689 4600 ι
719 4551 859 4603 Διότι
881 4551 975 4603 νῦν
999 4551 1487 4623 μεγαλυνθήσονται
1511 4553 1612 4617 ἓως
1632 4554 1798 4625 ἄκρου
1821 4555 1917 4625 τῆς

359 4639 481 4708 γῆς·
520 4641 613 4693 καὶ
641 4641 789 4694 ἔσται
814 4641 953 4712 αῦτη
978 4644 1185 4714 εἰρήνη·
1217 4661 1237 4694 ι
1277 4638 1321 4711 ᾧ
1356 4645 1562 4714 συνᾴδει
1589 4645 1650 4697 τὸ
1682 4647 1737 4697 ἐν
1768 4646 1920 4699 Ψαλ-

359 4734 479 4801 μοῖς
502 4731 707 4799 φάσκον
742 4735 868 4805 περὶ
895 4735 989 4788 τοῦ
1022 4735 1256 4807 Χριστοῦ
1278 4735 1472 4804 λόγιον·
1504 4756 1523 4787 ‹
1570 4737 1831 4791 Ἀνατελεί
1861 4742 1918 4793 ἐν

353 4827 475 4887 ταῖς
502 4824 735 4895 ἡμέραις
754 4825 916 4879 αὑτοῦ
936 4826 1267 4897 δικαιοσύνη,
1292 4828 1384 4880 καὶ
1403 4826 1602 4899 πλῆθος
1623 4830 1858 4901 εἰρήνης.
1893 4849 1913 4881 ι

355 4915 447 4967 Διό
482 4932 569 4984 μοι
604 4914 747 4968 δοκεῖ
775 4916 956 4989 ἄρχων
988 4919 1208 4990 εἰρήνης
1246 4920 1302 4971 ἐν
1342 4920 1408 4988 τῇ
1456 4918 1562 4990 πρὸ
1590 4919 1788 4990 ταύτης
1815 4937 1919 4972 πα-

357 5006 640 5080 ρατεθείσῃ
670 5009 972 5080 προφητείᾳ
991 5008 1320 5080 ὠνομάσθαι.
1375 5011 1694 5080 Ἐπίστησόν
1723 5027 1786 5079 γε
1812 5010 1915 5082 μὴν

352 5098 475 5151 τίνα
495 5098 692 5169 τρόπον
714 5099 742 5149 ὁ
771 5098 903 5169 μετὰ
924 5103 1108 5171 χεῖρας
1128 5103 1412 5172 προφήτης
1433 5102 1525 5154 καὶ
1545 5100 1914 5165 ἐξελεύσεσθαι

358 5188 455 5257 μὲν
495 5185 554 5249 ἐξ
591 5187 830 5257 οὐρανῶν
862 5188 952 5241 τὸν
991 5188 1192 5259 Κύριον
1237 5190 1535 5261 ἀρχόμενος
1582 5189 1799 5260 ἔφησεν,
1851 5192 1912 5243 οὐ

354 5279 616 5350 πρότερον
648 5278 704 5331 δὲ
739 5282 1019 5349 ποιμανεῖν
1050 5282 1176 5344 τοὺς
1208 5281 1545 5353 ἀνθρώπους,
1581 5282 1613 5352 ἢ
1651 5281 1914 5353 γεννηθῆ-

354 5388 442 5424 ναι
468 5371 556 5425 τὸν
585 5370 966 5441 θεσπιζόμενον
997 5374 1056 5424 ἐν
1088 5375 1153 5442 τῇ
1183 5372 1446 5443 Βηθλεέμ·
1480 5374 1627 5437 ὅπως
1658 5372 1715 5427 δὲ
1743 5372 1915 5428 ταῦτα

354 5464 448 5517 ἐπὶ
470 5465 560 5517 τὸν
591 5464 815 5535 Σωτῆρα
847 5466 940 5518 καὶ
963 5464 1164 5536 Κύριον
1201 5465 1357 5535 ήμῶν
1384 5465 1720 5537 ἐπεραιοῦτο,
1747 5466 1916 5537 ἐμαρ-

354 5552 586 5625 τύρησεν
614 5556 642 5608 ὀ
674 5554 1092 5627 Εὐαγγελιστὴς,
1137 5556 1203 5609 δι’
1231 5549 1305 5610 ὧν
1346 5556 1707 5629 προεξεθέμην
1749 5557 1912 5611 αὑτοῦ

357 5642 576 5709 φωνῶν,
602 5643 809 5716 Ποιμὴν
845 5644 903 5697 δὲ
936 5647 1030 5700 καὶ
1062 5644 1360 5716 ἡγούμενος
1389 5648 1417 5699 ό
1447 5647 1677 5719 Χριστὸς
1702 5648 1911 5700 ἀναδει-

2044 634 2318 704 prophetae
2349 635 2694 697 nuntiabant,
2731 635 2785 688 in
2815 632 2960 687 hunc
3000 631 3218 686 modum
3273 648 3331 686 se
3378 632 3601 687 habent.

2043 726 2347 781 Adventum
2378 732 2557 780 autem
2590 726 2763 796 ipsius
2788 723 3002 779 Domini
3033 734 3085 777 et
3113 723 3348 792 pastoris
3371 721 3436 776 de
3461 724 3602 776 coelo

2043 822 2111 875 ad
2159 821 2409 875 homines
2457 818 2780 888 jampridem
2827 832 2893 872 ex
2947 814 3134 871 eodem
3184 813 3464 885 propheta,
3509 813 3601 884 qui

2043 912 2278 965 nuncin
2334 911 2586 965 manibus
2635 915 2738 969 est.
2794 907 3074 977 proposui,
3119 906 3209 959 ubi
3256 906 3337 959 sic
3373 905 3599 960 aiebat:

2049 1021 2067 1052 σ
2109 1002 2321 1064 Audite,
2349 1001 2535 1071 populi
2563 1015 2773 1060 omnes.
2798 1007 2852 1054 et
2872 998 3111 1053 attendat
3136 1004 3303 1060 terra,
3337 1006 3391 1050 et
3413 1011 3600 1053 omnes

2045 1094 2136 1163 qui
2176 1099 2304 1147 sunt
2348 1093 2402 1144 in
2429 1106 2512 1153 ea,
2545 1097 2599 1145 et
2636 1090 2740 1143 erit
2776 1088 3036 1143 Dominus
3068 1088 3224 1141 vobis
3270 1085 3324 1139 in
3351 1087 3600 1140 testimo-

2042 1186 2191 1240 nium
2221 1202 2235 1236 :
2263 1182 2524 1236 Dominus
2551 1197 2615 1236 ex
2645 1182 2809 1236 domo
2832 1187 3022 1235 sancta
3053 1193 3173 1239 sua,
3202 1178 3328 1247 quia
3356 1191 3483 1231 ecce
3504 1174 3619 1231 Do-

2043 1277 2224 1331 minus
2256 1275 2517 1329 Dominus
2563 1271 2871 1342 egredietur
2893 1270 2959 1324 de
2990 1269 3108 1322 loco
3134 1283 3255 1330 suo,
3285 1275 3337 1320 et
3367 1266 3600 1321 descen-

2041 1368 2131 1421 det
2162 1368 2230 1430 '°,
2274 1385 2293 1417 ι
2327 1373 2380 1420 et
2428 1372 2664 1429 caetera;
2718 1361 2918 1431 quibus
2957 1359 3204 1429 adjnngit
3248 1378 3262 1413 :
3317 1376 3335 1408 ι
3373 1358 3600 1427 Propter

2041 1456 2372 1525 impietatem
2400 1453 2571 1509 Jacob
2599 1452 2783 1508 omnia
2811 1452 2948 1515 haec,
2985 1458 3040 1504 et
3067 1456 3288 1520 pr0pter
3315 1459 3600 1520 peccatum

2040 1548 2236 1601 domus
2265 1547 2430 1601 Israel
2459 1547 2526 1599 ⁷⁷.
2584 1566 2602 1597 ι
2648 1545 2732 1598 Ab
2782 1544 2850 1599 iis
2903 1552 3084 1598 autem
3132 1557 3253 1612 quae
3297 1549 3600 1611 sequuntur

2043 1637 2185 1708 apud
2216 1637 2464 1692 eumdem
2511 1637 2829 1707 prophetam
2859 1637 3022 1691 etiam
3071 1636 3202 1689 illud
3233 1635 3452 1704 planum
3491 1640 3599 1700 est,

2040 1730 2187 1799 quod
2218 1744 2325 1783 non
2356 1731 2530 1784 solum
2564 1737 2783 1798 propter
2810 1729 3117 1799 impietates
3154 1725 3393 1782 Iudaicae
3420 1726 3600 1796 gentis

2042 1817 2305 1874 Dominus
2332 1820 2398 1873 de
2424 1819 2566 1873 caelo
2598 1819 2902 1879 descendit.
2938 1818 3035 1874 sed
3061 1819 3223 1873 etiam
3254 1824 3475 1889 propter
3510 1830 3601 1872 sa-

1975 1905 2011 1958 B
2040 1910 2205 1964 lutem
2236 1920 2288 1963 et
2310 1912 2652 1965 vocationem
2680 1910 2923 1980 gentium
2947 1917 3295 1966 cunctarum.
3339 1908 3600 1981 Adjungit

2041 2000 2206 2070 igitur
2231 1999 2491 2070 deinceps
2523 2017 2538 2054 :
2576 2018 2595 2051 ‹
2627 2000 2694 2054 Ει
2712 2000 2818 2055 erit
2843 2000 2900 2054 in
2925 1999 3242 2054 novissimis
3276 1998 3470 2055 diebus
3488 2012 3600 2053 ma-

2041 2090 2275 2147 nifestus
2303 2107 2460 2146 mons
2487 2090 2721 2156 Domini,
2745 2099 2801 2146 et
2830 2082 3164 2146 festinabant
3193 2090 3261 2145 ad
3284 2090 3462 2159 ipsum
3496 2105 3598 2160 ρον

2038 2182 2150 2251 puli
2181 2182 2360 2242 multi,
2389 2189 2444 2237 et
2488 2181 2644 2236 ibunt
2684 2189 2871 2252 gentes
2913 2183 3116 2245 multae,
3148 2192 3202 2237 et
3231 2182 3413 2237 dicent
3451 2200 3463 2235 :
3494 2180 3599 2238 Ve-

2032 2274 2171 2337 nite,
2221 2274 2583 2330 ascendamus
2642 2275 2698 2328 in
2742 2283 2984 2329 montem
3015 2272 3230 2328 Domini
3259 2275 3327 2329 7°.
3367 2293 3385 2325 ›
3419 2274 3599 2340 Quare

2036 2366 2265 2437 posthac
2296 2366 2387 2420 ubi
2411 2382 2535 2422 eum
2562 2365 2658 2436 qui
2699 2372 2784 2421 est
2806 2374 2930 2420 ante
2959 2366 3159 2420 saecula
3190 2366 3257 2422 de
3286 2365 3597 2420 Bethlehem

2037 2471 2383 2527 egressurum
2412 2455 2703 2519 nuntiavit,
2747 2469 2855 2508 non
2887 2454 2987 2509 soli
3018 2452 3184 2509 Israel
3216 2454 3471 2524 amplius,
3501 2453 3596 2507 scd

2038 2548 2322 2602 confertim
2354 2547 2605 2601 omnibus
2649 2546 2902 2615 gentibus
2931 2561 3102 2613 usque
3123 2544 3189 2598 ad
3214 2552 3455 2599 extrema
3489 2551 3597 2598 ter-

2036 2651 2113 2691 ra:
2161 2637 2313 2690 illum
2343 2637 2736 2705 imperaturum
2766 2634 3014 2688 affirmat.
3050 2635 3189 2689 Dicit
3219 2634 3381 2704 igitur
3420 2652 3433 2687 :
3474 2650 3492 2682 ι
3532 2632 3598 2684 Et

2038 2730 2224 2787 stabit.
2257 2737 2313 2785 et
2340 2728 2564 2792 videbit,
2585 2735 2640 2783 et
2662 2735 2850 2798 pascet
2879 2743 3095 2798 gregem
3118 2743 3276 2783 suum
3298 2727 3353 2781 in
3382 2726 3596 2781 fortitu—

2036 2823 2164 2878 dine
2199 2821 2485 2887 Dominus,
2509 2820 2643 2876 etin
2674 2819 2846 2890 gloria
2869 2819 3107 2874 nominis
3136 2817 3349 2872 Domini
3387 2817 3481 2873 Dei
3514 2819 3596 2889 ip-

2036 2929 2222 2971 sorum
2265 2913 2550 2968 exsistent.
2600 2911 2869 2977 Quoniam
2914 2923 3062 2964 nunc
3107 2908 3595 2980 magnificabuntur

2037 3021 2210 3076 usque
2243 3005 2310 3060 ad
2333 3015 2575 3059 extrema
2601 3012 2761 3058 terra:
2795 3021 2809 3057 :
2841 3010 2896 3058 et
2923 3004 3028 3058 erit
3052 3002 3169 3057 hazc
3196 3019 3298 3074 pax
3325 3002 3392 3058 ⁷⁸.
3438 3021 3458 3055 ι
3493 3001 3596 3058 Cui

2034 3110 2199 3167 porro
2231 3097 2337 3151 erit
2363 3095 2477 3150 ιιωο
2509 3110 2636 3164 pax,
2668 3094 2776 3149 nisi
2804 3102 2962 3149 terrae
3015 3094 3072 3150 in
3129 3109 3236 3165 qua
3280 3093 3595 3165 magniﬁca--

2034 3189 2238 3244 buntur
2269 3202 2460 3258 greges
2494 3185 2746 3241 Domini?
2799 3186 2859 3240 Id
2906 3186 3084 3257 ipsum
3115 3191 3315 3249 autem,
3346 3201 3505 3256 quem
3533 3185 3591 3239 ﬁ-

2034 3297 2156 3338 nem
2188 3282 2438 3339 sortitum
2471 3281 2541 3336 sit
2570 3289 2693 3350 post
2729 3278 3028 3336 Salvatoris
3056 3280 3228 3335 nostri
3258 3278 3387 3336 Iesu
3436 3279 3596 3333 Chri-

2034 3374 2104 3430 sti
2130 3375 2445 3436 adventum,
2483 3372 2685 3427 nemini
2735 3373 3028 3427 obscurum
3057 3388 3177 3445 esse
3209 3378 3387 3443 potest
3417 3391 3430 3426 :
3465 3387 3594 3425 nam

2030 3482 2154 3522 cum
2185 3476 2310 3521 ante
2336 3465 2483 3520 hunc
2511 3464 2824 3527 adventum,
2859 3464 3162 3534 principum
3209 3473 3353 3520 esset
3405 3463 3589 3517 multi—

2029 3557 2185 3619 tudo,
2220 3564 2273 3612 et
2296 3558 2559 3610 universae
2584 3562 2770 3623 gentes
2844 3564 2938 3607 aut
2965 3555 3068 3609 sub
3108 3555 3375 3625 tyrannis,
3410 3565 3505 3608 aut
3536 3554 3592 3608 in

2031 3657 2172 3703 statu
2203 3645 2449 3717 populari
2481 3650 2662 3698 essent
2690 3644 3016 3703 constitutae.
3049 3650 3107 3696 ut
3137 3643 3342 3696 nullum
3372 3643 3514 3698 inter
3534 3657 3593 3698 si)

2029 3737 2410 3793 commercium
2436 3734 2683 3788 homines
2703 3733 2985 3798 haberent,
3002 3734 3093 3788 sed
3116 3734 3397 3803 privatim:
3415 3750 3577 3789 exem

2030 3824 2103 3895 pli
2128 3825 2324 3895 gratia,
2349 3821 2490 3891 apud
2519 3819 2808 3889 Egyptios
2847 3838 2980 3876 suus
3021 3823 3273 3892 princeps
3318 3832 3589 3892 regnaret,

2029 3916 2403 3986 apud.Arabas
2434 3916 2561 3971 item
2591 3932 2748 3981 suus,
2776 3914 2919 3984 apud
2949 3913 3234 3979 ldummos,
3277 3912 3588 3977 Phaanicas,

2025 4006 2185 4079 355
2232 4005 2400 4077 Syros
2445 4007 2687 4076 aliasque
2720 4007 2846 4061 item
2900 4013 3373 4076 gentes;cumque
3401 4014 3590 4075 gentes

2025 4100 2282 4154 adversus
2297 4106 2559 4169 gentes,et
2571 4099 2817 4153 civitates
2831 4098 3090 4154 adversus
3107 4097 3351 4152 civitates
3364 4112 3589 4151 consur-

2022 4191 2647 4260 gerent,obsidionesque
2662 4190 3077 4244 innumerabiles
3089 4196 3142 4243 et
3157 4189 3585 4258 captivitatesper

2023 4296 2234 4335 omnem
2255 4282 2428 4335 locum
2448 4295 2511 4335 ac
2527 4281 2795 4351 regionem
2819 4280 3143 4340 ﬁerent.tum
3159 4296 3284 4334 vero
3302 4278 3390 4335 ubi
3409 4277 3589 4335 Salva-

2022 4378 2108 4426 tor
2136 4381 2318 4427 noster
2338 4388 2401 4427 ac
2425 4371 2682 4445 Dominus
2713 4371 2906 4435 adfuit,
2940 4386 3043 4425 una
3067 4388 3188 4426 cum
3214 4372 3358 4427 illius
3387 4371 3453 4426 ad
3486 4371 3589 4426 ho»

2022 4464 2199 4517 mines
2231 4462 2489 4526 adventu,
2520 4463 2634 4532 jam
2687 4471 2803 4516 tum
2852 4463 3027 4533 primo
3066 4461 3432 4517 Romanorum
3476 4462 3588 4518 Au-

1950 4590 1994 4644 D
2023 4562 2180 4623 gusto
2213 4555 2492 4623 imperium
2538 4554 2593 4607 in
2625 4553 2775 4607 orbis
2820 4554 3070 4609 nationes
3108 4556 3406 4619 obtinente,
3438 4556 3587 4610 solu-

2020 4650 2110 4696 tus
2136 4642 2285 4696 illico
2316 4650 2398 4697 est
2429 4642 2516 4695 ille
2564 4643 2840 4711 multiplex
2866 4644 3220 4713 principatus.
3246 4653 3304 4699 ‘et
3331 4661 3432 4714 pax
3464 4644 3586 4697 uni-

2021 4748 2232 4789 versam
2284 4741 2483 4787 terram
2539 4735 2769 4803 accepit,
2820 4735 2869 4789 ei
2928 4737 3226 4806 prophetim
3278 4752 3398 4806 quae
3438 4752 3584 4791 nunc

2022 4828 2286 4877 tractatur
2308 4822 2667 4887 concordans,
2703 4825 3041 4894 apertissime
3080 4826 3146 4881 de
3182 4826 3383 4879 Christi
3415 4824 3582 4879 disci-

2020 4913 2161 4983 pulis
2194 4912 2427 4967 dicenti:
2467 4931 2485 4962 ‹
2510 4914 2774 4979 Quoniam
2797 4931 2942 4970 nunc
2968 4917 3454 4987 magniﬁcabuntur
3493 4931 3585 4970 us-

2020 5021 2126 5075 que
2164 5004 2231 5058 ad
2261 5012 2560 5059 extremum
2606 5012 2795 5061 terrm:
2842 5018 2894 5062 et
2937 5008 3040 5063 erit
3095 5009 3206 5061 haec
3275 5023 3398 5076 pax.
3442 5005 3579 5061 rCui

2020 5102 2442 5149 consentaneum
2466 5098 2708 5166 estquod
2738 5097 2791 5150 in
2813 5096 3041 5153 Psalmis
3065 5097 3258 5167 legitur
3274 5099 3338 5151 de
3360 5096 3580 5152 Christo

2019 5187 2320 5251 oraculum,
2350 5187 2565 5243 dicens:
2605 5207 2624 5239 ‹
2654 5187 2870 5244 Orietur
2897 5190 2949 5242 in
2986 5188 3175 5243 diebus
3219 5189 3333 5253 ejus
3366 5188 3578 5257 justitia

2018 5287 2073 5337 et
2102 5281 2429 5336 abundantia
2458 5282 2609 5352 pacis
2625 5283 2692 5337 ³⁸.
2721 5301 2738 5331 ι
2782 5281 2860 5337 Ex
2896 5298 3003 5352 quo
3030 5282 3159 5335 mihi
3193 5281 3403 5334 videtur
3428 5282 3578 5349 prin-

2016 5386 2144 5441 ceps
2192 5371 2344 5443 pacis
2372 5371 2426 5425 in
2453 5386 2537 5436 ea,
2589 5387 2707 5442 quae
2752 5372 2997 5440 proxime
3027 5373 3268 5439 exposita
3303 5376 3405 5430 est,
3445 5383 3575 5439 pro-

2019 5464 2200 5534 phetia
2231 5464 2521 5518 nominari.
2554 5464 2936 5519 Animadverte
2968 5470 3171 5526 tamen,
3198 5476 3403 5533 quaeso,
3436 5475 3575 5532 quo.

2018 5568 2144 5607 nam
2183 5562 2343 5623 pacto
2377 5554 2423 5608 is
2461 5553 2528 5609 de
2565 5570 2673 5624 quo
2704 5570 2849 5609 nunc
2888 5555 3097 5624 agimus
3141 5553 3422 5624 propheta,
3465 5550 3574 5605 Do-

2017 5646 2223 5700 minum
2252 5646 2318 5701 de
2338 5647 2475 5701 coelo
2501 5661 2842 5715 egressurum
2874 5646 3030 5701 initio
3054 5646 3150 5711 ait,
3187 5661 3252 5702 ac
3280 5660 3387 5701 non
3417 5645 3573 5719 prius

429 5735 475 5765 "
502 5733 641 5788 Mich
687 5753 727 5799 ι,
759 5735 815 5800 2,
858 5737 910 5791 5.
986 5738 1031 5769 ⁷⁷
1070 5737 1202 5792 ibid.
1238 5737 1290 5793 5.
1364 5737 1411 5770 ⁷⁸
1440 5737 1603 5792 Mich.
1634 5755 1707 5804 tv,
1746 5740 1797 5804 l,
1829 5741 1883 5795 2.

2029 5738 2175 5795 Hich.
2209 5756 2263 5807 v,
2297 5739 2349 5803 ι,
2383 5737 2435 5792 5.
2508 5739 2553 5770 ⁸ο
2587 5737 2730 5794 Psal.
2758 5755 2906 5803 uxr,
2940 5740 2988 5792 7.

431 5826 507 5897 (Ι)
529 5824 1011 5899 Typographorum
1044 5830 1257 5887 incuria
1285 5829 1628 5889 intercidisse
1657 5832 1874 5891 videtur
1894 5851 1925 5887 τ

2042 5829 2186 5903 quod
2215 5828 2484 5887 referatur
2514 5828 2583 5884 ad
2608 5830 2927 5902 παρουσίαν.
2956 5830 3118 5887 Enn.
