4098 6434
525 394 633 451 553

1232 390 1501 445 ECSEBII
1541 391 2018 449 CASSARIENSIS
2056 392 2204 449 OPP.
2242 391 2420 447 PARS
2454 393 2516 448 ll.
2552 425 2621 434 —
2658 393 3152 454 APOLOGETICA.

3663 406 3769 464 ΒΗ

523 523 652 579 erga
706 508 953 562 homines
1006 506 1241 575 pastoris
1293 502 1467 557 ollicio
1534 503 1871 573 functorum,
1934 519 2063 575 qua!

2165 547 2170 568 ,
2203 504 2495 576 χθήσεσθαι
2525 505 2615 558 τοῦ
2672 507 2889 579 Ἰσραὴλ
2929 510 3162 580 εἴρηται,
3207 512 3449 584 συνήθως
3481 516 3580 585 τῆς
3619 519 3769 592 ἱερᾶς

524 598 782 656 nascetur
814 599 858 654 is
887 598 977 667 qui
1003 613 1033 651 a
1066 596 1349 666 prophetis
1383 596 1621 660 canitur,
1653 597 1708 652 in
1741 597 2093 655 Bethlehem:

520 691 795 764 quomodo
832 706 961 745 vero
993 690 1105 743 haec
1142 689 1196 742 in
1242 687 1526 744 Saivatore
1557 704 1622 744 ac
1652 689 1883 745 Domino
1910 693 2096 747 termi-

521 793 645 837 nata
680 783 812 840 sint,
845 781 1159 837 testimonio
1199 797 1299 835 suo
1343 782 1566 852 planum
1612 782 1740 837 fecit
1763 783 2095 853 evangelista

520 876 573 929 in
609 875 674 928 iis
706 874 902 939 verbis,
937 889 1057 943 qua:
1079 875 1148 929 ab
1179 874 1271 928 illo
1293 888 1468 942 nuper
1506 874 1783 943 accipiens
1811 876 2089 945 proposui.

516 963 711 1019 Pastor
752 973 932 1018 autem
976 974 1028 1019 et
1052 965 1163 1021 dux
1194 964 1366 1034 ipsius
1420 963 1980 1022 lsraeldeclarandus
2005 967 2092 1022 di-

514 1058 659 1113 citur
706 1057 978 1119 Christus.
1039 1071 1162 1112 cum
1209 1059 1324 1114 haec
1369 1072 1650 1112 sacrarum
1683 1058 1985 1113 litterarum
2017 1060 2090 1115 sit

513 1146 874 1208 Consuetudo,
907 1154 968 1199 ut
1008 1149 1334 1201 sententiam
1377 1146 1760 1217 sequentibus,
1793 1162 1982 1201 verum
2006 1145 2087 1202 ls-

512 1241 625 1294 rael
661 1240 942 1293 nominent
976 1253 1193 1292 omnem
1242 1255 1365 1292 eum
1411 1239 1503 1308 qui
1540 1237 1893 1307 contemplari
1928 1237 2087 1292 facile

511 1335 707 1403 possit,
740 1341 795 1387 et
824 1340 1033 1402 gratam
1067 1330 1176 1386 Deo
1205 1334 1370 1385 vitam
1405 1338 1694 1400 sequatur:
1732 1330 1874 1384 sicut
1901 1344 1931 1384 e
1951 1344 2086 1383 con-

507 1429 680 1480 trario
702 1424 919 1481 Iudaeos
937 1433 1057 1495 post
1081 1434 1387 1494 peccatum,
1412 1423 1773 1486 Cbananeos,
1795 1432 1848 1477 et
1868 1436 2077 1485 semen,

506 1531 616 1572 non
662 1515 820 1579 Juda,
855 1516 948 1572 sed
977 1517 1259 1581 Chanaan,
1291 1526 1345 1571 et
1388 1517 1663 1587 principes
1715 1513 2078 1569 Sodomorum

504 1616 561 1664 et
586 1611 843 1680 populum
890 1608 1207 1663 Comorrhae
1253 1609 1321 1663 ad
1367 1623 1547 1663 mores
1584 1609 1801 1661 illorum
1829 1606 2078 1660 alluden-

506 1711 590 1755 tes
621 1716 819 1756 vocare
849 1701 1023 1755 solita:
1054 1708 1216 1753 sunt:
1253 1699 1455 1769 alioqui
1498 1713 1628 1753 vero
1657 1700 1823 1752 etiam
1856 1697 1923 1751 ad
1951 1713 2076 1751 ver-

2210 595 2431 667 Γραφῆς
2456 595 2547 650 τὸν
2580 594 2753 668 ἀληθῆ
2799 597 3010 670 Ἰσραὴλ
3044 598 3185 652 κατὰ
3212 600 3448 654 διάνοιαν
3477 604 3653 661 πάντα
3675 609 3767 666 τὸν

2195 687 2519 759 διορατικὺν,
2552 687 2645 741 καὶ
2675 687 2882 760 ἀρετῶς
2913 688 3031 759 Θεῷ
3062 688 3279 760 βιοῦντα
3302 693 3762 771 ὲπονομαζούσηςο

2193 779 2269 842 ὠς
2306 778 2536 850 ἔμπαλιν
2575 780 2701 841 τοὺς
2731 779 2796 832 ὲκ
2836 780 3155 851 περιτομῆς,
3189 782 3355 836 ὁπόθ’·
3382 786 3758 857 άμαρτάνοιεν,

2192 872 2525 934 Χαναναίους
2554 873 2648 926 καὶ
2677 872 2897 943 σπέρμα
2925 871 3179 943 Χαναὰμ,
3201 875 3294 928 καὶ
3318 876 3418 929 ούκ
3456 878 3643 943 Ἰούδα,
3672 883 3764 953 ἄρ-

2190 966 2384 1034 χοντάς
2411 981 2470 1016 τε
2494 963 2761 1034 Σοδόμων,
2786 964 2878 1017 καὶ
2907 962 3033 1016 λαὸν
3063 964 3101 1016 Γ
3103 965 3364 1036 ομόῤῥας,
3393 967 3646 1040 ἐμφερῶς
3666 972 3761 1024 αὺ-

2189 1055 2299 1107 τῶν
2332 1058 2443 1119 τοῖς
2464 1054 2686 1126 τρόποις
2709 1054 3103 1124 ἀποκαλούσης.
3131 1055 3337 1120 Ἄλλως
3355 1057 3410 1111 δὲ
3434 1059 3571 1131 πρὸς
3593 1060 3755 1128 λέξιν,

2187 1148 2220 1217 ἡ
2256 1148 2402 1201 πᾶσα
2433 1146 2527 1201 τοῦ
2560 1147 2811 1217 Σωτῆρος
2840 1146 2993 1218 ἡμῶν
3034 1145 3283 1219 διατριϐὴ
3324 1150 3473 1221 παρὰ
3511 1151 3590 1222 τῷ
3628 1153 3758 1206 Ἴου-

2183 1236 2345 1290 δαίων
2379 1237 2521 1290 ἔθνει
2552 1238 2761 1306 γέγονε,
2787 1238 2879 1290 καὶ
2913 1236 3119 1290 πολλῶν
3145 1256 3206 1307 γε
3234 1237 3327 1292 τοῦ
3378 1241 3589 1313 Ἰσραὴλ
3620 1246 3761 1316 fni}-

2186 1344 2335 1391 σατο,
2381 1328 2492 1381 ὅσοι
2537 1328 2600 1399 δὴ
2644 1327 2884 1396 ἔγνωσαν
2929 1328 3110 1393 αὑτὸν,
3157 1331 3252 1384 καί
3285 1332 3366 1394 εἰς
3399 1333 3559 1387 αὑτὸν
3593 1351 3755 1387 πεπι-

2183 1421 2444 1475 στεύκασι
2482 1421 2589 1474 τῶν
2618 1422 2681 1475 ὲκ
2715 1420 3038 1493 περιτομῆς.
3086 1422 3194 1475 Καὶ
3223 1422 3284 1475 τὸ
3322 1424 3417 1493 μὲν
3458 1425 3555 1495 τῆς
3598 1427 3751 1479 ἐκτε-

2180 1513 2364 1585 θείσης
2394 1514 2750 1585 προρρήσεως
2780 1511 3032 1583 τοιαύτην
3070 1512 3259 1584 εἴληφε
3285 1514 3383 1585 τὴν
3409 1514 3648 1570 ἑκϐασιν·
3679 1517 3747 1571 τά

2176 1606 2233 1660 δὲ
2266 1605 2389 1677 ἑξῆς
2413 1607 2504 1674 ἀφ’
2526 1606 2717 1677 ἐτέρας
2737 1605 3106 1675 ἀναγνωστέον
3125 1605 3317 1678 ἀρχῆς,
3340 1606 3509 1671 οὕτως
3529 1606 3740 1679 ἔχοντα·

2181 1712 2198 1744 ι
2249 1694 2528 1765 Ἀσσύριος
2548 1694 2674 1747 ὅταν
2697 1693 2896 1765 ἐπέλθῃ
2926 1694 3017 1746 ἐπὶ
3042 1694 3141 1766 τὴν
3170 1696 3270 1765 γῆν
3300 1696 3471 1767 ὑμῶν,
3501 1700 3590 1750 καὶ
3614 1699 3741 1751 ὅταν

504 1793 632 1848 bum
663 1793 1165 1863 interpretantibus.
1198 1794 1377 1846 omnis
1405 1791 1710 1847 Salvatoris
1739 1791 1914 1847 nostri
1948 1791 2063 1845 vita

2176 1786 2338 1857 ἐπιϐῇ
2373 1786 2464 1839 ἐπὶ
2502 1786 2598 1857 τὴν
2630 1786 2812 1858 χώραν
2846 1786 3019 1857 ὑμῶν,
3052 1787 3146 1840 καὶ
3171 1788 3621 1861 ὲπεγερθήσονται
3651 1793 3739 1844 ἐπ’

502 1888 845 1941 consuetudo
877 1885 1020 1957 apud
1049 1884 1332 1940 Judaicam
1378 1886 1591 1955 gentem
1636 1886 1758 1947 fuit,
1788 1892 1843 1940 et
1872 1886 2063 1939 multo-

2173 1877 2331 1930 αὑτὸν
2355 1876 2494 1930 ἑπτὰ
2520 1878 2792 1949 ποιμένες,
2817 1879 2910 1932 καὶ
2931 1876 3073 1932 όκτὼ
3093 1878 3344 1951 δήγματα
3365 1880 3681 1952 ἀνθρώπων,
3716 1903 3735 1933 ι

501 1993 620 2030 rum
678 1993 743 2032 ex
780 1977 1082 2032 lsraeldux
1139 1977 1369 2039 exstitit,
1429 1992 1618 2031 eorum
1678 1976 1931 2031 videlicet
1974 1977 2063 2046 qui

2172 1972 2267 2024 καὶ
2296 1970 2364 2023 τὰ
2400 1970 2607 2034 τούτοις
2642 1970 2924 2024 ἀκόλουθα·
2975 1969 3010 2024 ἃ
3050 1972 3142 2024 καὶ
3186 1972 3374 2035 ὁποίας
3421 1969 3601 2043 ἔχεται
3633 1973 3743 2027 δια⁹

501 2068 675 2136 ipsum
701 2078 1055 2137 agnoverunt,
1077 2076 1240 2137 atque
1260 2084 1326 2122 ex
1356 2067 1776 2121 circumcisione
1806 2066 1860 2119 in
1890 2066 2063 2136 ipsum

2169 2064 2340 2125 νοίας,
2362 2063 2423 2115 ού
2452 2062 2545 2115 τοῦ
2576 2062 2837 2133 παρόντος
2857 2061 3113 2133 τυγχάνει
3137 2063 3495 2133 διηγήσασθαι
3528 2066 3738 2133 καιροῦ.

496 2159 867 2222 crediderunt,
893 2168 947 2212 ct
978 2161 1029 2213 id
1062 2160 1282 2229 quidem
1324 2159 1471 2228 quod
1505 2159 1570 2212 ad
1600 2158 1909 2227 expositum
1941 2173 2063 2210 ora-

2170 2154 2327 2208 Εῐποι
2359 2154 2403 2206 δ’
2434 2155 2497 2208 ἄν
2531 2171 2617 2217 τις
2642 2153 2778 2224 μετὰ
2803 2154 2898 2226 τὴν
2933 2154 3228 2226 Ἀσσυρίων
3253 2158 3332 2219 είς
3352 2154 3449 2227 τὴν
3483 2156 3740 2209 Ἰουδαίαν

494 2252 676 2305 culum
707 2252 960 2321 pertinet,
999 2252 1156 2305 talem
1209 2251 1414 2306 exitum
1464 2250 1691 2318 invenit;
1727 2264 1848 2319 qua:
1883 2257 2063 2304 autem

2167 2245 2478 2316 ἐπιδημίαν,
2512 2244 2631 2299 καθ’
2665 2246 2731 2315 ἣν
2765 2239 2906 2298 εἷλον
2937 2245 2997 2299 τὸ
3040 2245 3306 2300 Ἰουδαίων
3339 2245 3509 2310 ἔθνος,
3549 2247 3739 2300 τοσαύ-

493 2353 798 2414 sequuntur
823 2345 993 2399 altero
1017 2351 1300 2414 assumpto
1322 2343 1480 2398 initio
1508 2343 1735 2413 legenda
1761 2349 1911 2406 sunt,
1943 2356 2063 2411 qua:

2165 2353 2262 2400 τας
2308 2336 2703 2401 ἐπαναστάσεις
2756 2338 2874 2390 κατ’
2924 2337 3102 2391 αὐτῶν
3146 2337 3449 2406 γεγονέναι,
3486 2339 3607 2392 ὅσαι
3644 2339 3738 2411 δη-

488 2436 569 2489 sic
598 2435 815 2506 quidem
851 2451 911 2491 se
959 2435 1190 2489 habent:
1235 2454 1254 2485 ι
1279 2435 1538 2505 Assyrius
1584 2448 1708 2488 cum
1756 2433 1966 2488 venerit
2006 2433 2062 2486 in

2165 2424 2380 2480 λοῦνται
2411 2426 2498 2480 διὰ
2539 2426 2646 2479 τῶν
2690 2425 2830 2480 ἑπτά
2880 2427 3148 2498 ποιμένων
3186 2429 3281 2481 καὶ
3318 2427 3407 2481 διὰ
3445 2428 3552 2483 τῶν
3593 2429 3737 2484 ὀκτὼ

487 2533 689 2582 terram
724 2536 981 2592 vestram,
1031 2537 1086 2583 et
1138 2544 1264 2582 cum
1315 2526 1624 2584 ascenderit
1673 2525 1729 2579 in
1782 2526 2059 2593 regionem

2165 2518 2473 2590 δηγμάτων·
2498 2518 2674 2572 ταῦτα
2698 2518 2754 2572 δὲ
2779 2518 3036 2573 δύνασθαι
3057 2518 3252 2572 εἰδέναι
3277 2519 3404 2583 τοὺς
3432 2520 3501 2574 τὰ
3546 2521 3738 2575 Ἀσσυ-

486 2629 745 2682 vestram,
778 2620 1167 2674 excitabuntur
1196 2619 1248 2672 in
1281 2619 1433 2671 illum
1471 2623 1677 2685 septem
1710 2624 1980 2683 pastores,
2003 2621 2059 2667 et

2165 2611 2292 2682 ρίων
2330 2610 2701 2683 ἱστορηκότας,
2735 2605 2811 2665 ὧν
2840 2611 2933 2663 ἐπὶ
2971 2611 3113 2664 τέλει
3146 2612 3237 2664 τὸν
3274 2613 3339 2665 ὲκ
3364 2612 3463 2682 τῆς
3489 2613 3736 2684 Βηθλεὲμ

483 2716 607 2765 οιηῑο
658 2725 873 2766 morsus
923 2711 1206 2766 hominum
1232 2711 1301 2774 ³⁸,
1334 2728 1354 2761 ι
1412 2717 1466 2763 et
1513 2709 1757 2777 reliqua;
1800 2720 1922 2774 quae
1949 2719 2060 2774 quo

2165 2704 2630 2773 προφητευόμενον
2664 2703 2961 2771 γεγονέναι,
3011 2702 3152 2757 κατὰ
3192 2704 3320 2768 τοὺς
3354 2704 3493 2758 ἑπτὰ
3532 2705 3731 2776 δηλαδὴ

483 2816 651 2857 sensu
700 2802 813 2855 sint
865 2801 1205 2872 accipienda,
1267 2815 1375 2853 non
1427 2806 1513 2853 est
1559 2811 1705 2852 nunc
1761 2794 2057 2850 enarrandi

2165 2795 2422 2864 ποιμένας
2457 2795 2552 2848 καί
2579 2795 2645 2848 τὰ
2673 2793 2815 2848 ὀκτὼ
2840 2795 3089 2866 δήγματα
3111 2798 3222 2858 τοῖς
3262 2795 3563 2866 Ἀσσυρίοις
3588 2812 3728 2866 συμ-

483 2889 658 2946 locus.
725 2891 933 2946 Dixerit
983 2900 1163 2945 autem
1213 2891 1486 2959 quispiam
1542 2897 1664 2959 post
1703 2888 2053 2959 Assyriorum

2165 2886 2333 2940 βάντα
2362 2889 2418 2939 ἐν
2448 2887 2691 2957 ὑπέροις
2712 2886 2922 2958 χρόνοις
2943 2887 3039 2957 τῆς
3057 2888 3136 2950 είς
3154 2887 3251 2958 τὴν
3283 2886 3531 2940 Ἰουδαίαν
3548 2887 3726 2939 αὐτῶν

483 2984 537 3037 in
571 2981 815 3037 Iudaeam
850 2983 1163 3047 adventum,
1202 2983 1365 3054 346
1397 2999 1508 3052 quo
1550 2980 1772 3036 Iudaica
1808 2997 1942 3051 gens
1983 2981 2056 3035 ab

2165 2979 2372 3047 ἐφόδου.
2408 2978 2593 3032 Ταῦτα
2629 2980 2685 3033 δὲ
2729 2979 2982 3049 πλείστης
3006 2980 3233 3052 ἐρεύνης
3266 2980 3512 3052 δεόμενα,
3539 2981 3599 3033 οὐ
3630 2979 3724 3033 νῦν

481 3074 588 3130 illis
622 3082 781 3144 capta
821 3084 928 3135 est.
960 3082 1072 3127 tam
1119 3076 1317 3129 multas
1372 3073 1717 3129 incursiones
1761 3081 1926 3143 atque
1967 3073 2054 3126 in-

2165 3070 2629 3143 πολυπραγμονεῖν
2658 3071 2866 3143 καιρός.

478 3170 737 3225 solentias
770 3178 961 3224 contra
1012 3169 1131 3225 illos
1165 3171 1463 3233 exstitisse,
1493 3187 1653 3241 quam
1702 3171 1885 3225 multa
1961 3176 2169 3240 septem
2212 3162 2525 3239 pastoribus
2573 3176 2626 3223 et
2670 3177 2797 3224 octo
2860 3169 3137 3225 morsibus
3190 3168 3520 3227 indicantur.
3596 3170 3722 3225 Hart:

478 3269 659 3316 autem
722 3262 850 3316 sciri
891 3277 1052 3332 posse
1120 3263 1188 3316 ab
1236 3262 1304 3317 iis
1337 3264 1429 3321 oui
1476 3279 1564 3318 res
1603 3263 1953 3334 Assyriorum
2012 3264 2289 3315 meritoria:
2338 3260 2675 3331 prodiderint
2718 3280 2733 3316 :
2801 3278 3033 3333 quorum
3086 3272 3208 3334 post
3258 3264 3442 3330 finem,
3491 3282 3615 3321 eum
3657 3268 3728 3321 de

474 3375 585 3429 quo
617 3357 897 3430 propheta:
939 3359 1239 3428 loquuntur
1277 3359 1346 3414 de
1384 3358 1695 3414 Bethleliem
1745 3360 2043 3422 exstitisse,
2086 3366 2210 3427 post
2244 3368 2451 3427 septem
2476 3356 2728 3412 videlicet
2755 3367 3004 3428 pastores
3035 3369 3090 3413 et
3119 3367 3243 3429 post
3309 3367 3435 3413 octo
3498 3375 3717 3416 morsus

474 3450 566 3520 qui
633 3449 888 3522 Assyrios
935 3452 1254 3516 invaserint,
1300 3453 1636 3523 temporibus
1687 3468 1809 3522 quae
1873 3453 2087 3507 illorum
2154 3452 2210 3505 in
2254 3449 2496 3505 Judzeam
2548 3466 2830 3507 accessum
2885 3452 3179 3508 subsecuta
3236 3460 3384 3509 sunt.
3425 3450 3718 3519 Caeterum,

474 3546 590 3601 btec
636 3545 925 3617 plurimam
958 3548 1290 3618 po’stulantia
1318 3548 1744 3623 indagationem,
1775 3562 1885 3603 non
1930 3556 2015 3602 est
2055 3562 2207 3602 nunc
2233 3548 2511 3602 curiosius
2533 3546 2853 3616 explorandi
2881 3554 3115 3617 tempus.

468 3684 515 3738 Α
540 3683 746 3753 psalmo
782 3699 965 3766 cxg‘xt.
1000 3716 1070 3726 —
1099 3685 1368 3766 anrenli
1392 3685 1602 3766 LDavid
1659 3688 1913 3766 quisnam
1958 3688 2035 3741 lo-

2165 3686 2302 3766 ‘Aqd
2334 3684 2581 3766 λίςαλμοῇ
2610 3685 2835 3766 ρλαξ-
2859 3683 3179 3753 Πυθομένῳ
3213 3683 3291 3766 τῷ
3322 3683 3518 3766 Δαεὶδ,
3552 3692 3718 3766 ποῖος

538 3771 631 3809 cus
676 3764 810 3809 esset
853 3754 1114 3825 Ephrata,
1148 3760 1203 3810 in
1244 3773 1347 3826 qua
1385 3755 1522 3812 Deus
1569 3754 1961 3826 praenuntiatus
2006 3776 2039 3811 a

2212 3759 2303 3826 ἄρ’
2331 3754 2422 3823 ειη
2450 3754 2480 3809 ὀ
2509 3754 2622 3823 τῆξ
2646 3756 2752 3810 τοῦ
2784 3754 3343 3823 προκηρυττομένου
3375 3758 3523 3809 Θεοῦ
3552 3760 3714 3826 τεθέ-

536 3826 803 3895 prophetis
855 3839 1180 3889 nasceretur,
1218 3828 1334 3894 ipsa
1378 3838 1552 3881 autem
1587 3837 1666 3882 est
1715 3829 2035 3893 Bethleltem,

2209 3840 2363 3894 σεως
2385 3829 2583 3893 τόπος.
2612 3828 2651 3894 ἡ
2695 3826 2965 3896 Ἐφραθὰ,
2999 3826 3151 3892 αῦτη
3184 3826 3251 3879 δέ
3292 3826 3463 3879 ἐστιν
3491 3828 3529 3893 ἠ
3561 3832 3714 3894 Βηθ-

536 3912 629 3966 per
660 3896 915 3964 Spiritum
942 3911 1184 3951 sanctum
1216 3900 1612 3966 manifestatur.

542 4028 561 4061 ι
581 4007 874 4073 Memento,
912 4006 1160 4071 Domine,
1205 4008 1396 4072 David,
1426 4021 1480 4064 et
1508 4011 1686 4066 omnis
1716 4019 2039 4067 mansuetu-

465 4099 612 4156 dinis
635 4099 790 4167 ejus:
826 4100 969 4155 sicut
992 4101 1199 4170 juravit
1232 4099 1482 4163 Domino,
1520 4110 1707 4155 votum
1745 4103 1891 4158 vovit
1930 4104 2039 4157 Deo

463 4189 663 4245 Jacob:
713 4191 761 4245 si
814 4190 1078 4245 introiero
1112 4191 1167 4245 in
1198 4192 1610 4245 tabernaculum
1641 4191 1834 4248 domus
1881 4210 2033 4256 mete,

467 4282 515 4337 si
546 4280 845 4337 ascendere
873 4280 926 4335 in
964 4281 1164 4335 lectum
1210 4282 1367 4336 strati
1400 4281 1541 4336 mei:
1587 4283 1632 4336 si
1664 4282 1863 4337 dedero
1889 4299 2036 4337 som-

466 4388 597 4429 num
623 4373 798 4429 oculis
826 4373 984 4436 meis,
1013 4385 1066 4429 et
1095 4374 1367 4444 palpebris
1386 4376 1521 4430 meis
1560 4374 2027 4442 dormitationem,

467 4464 548 4539 [et
585 4465 829 4536 requiem
861 4468 1199 4536 temporibus
1228 4467 1411 4541 meis.]
1444 4466 1622 4523 donec
1653 4470 1924 4525 inveniam
1955 4471 2035 4525 lo-

464 4575 590 4614 cum
653 4557 907 4626 Domino,
977 4560 1389 4616 tabernaculum
1452 4560 1561 4617 Deo
1623 4560 1813 4618 Jacob.
1894 4561 2035 4617 Ecce

462 4652 776 4709 audivimus
857 4668 976 4708 eam
1058 4654 1115 4709 in
1197 4653 1455 4724 Ephrata,
1527 4655 1835 4710 invenimus
1911 4670 2031 4711 eam

461 4743 519 4801 in
585 4744 793 4816 campis
860 4744 1058 4817 sylvae:
1150 4745 1497 4801 introibimns
1562 4746 1618 4800 in
1679 4744 2033 4801 tabernacula

460 4837 603 4907 ejus,
646 4837 998 4894 adorabimus
1058 4837 1114 4892 in
1183 4838 1302 4893 loco
1370 4837 1462 4893 ubi
1523 4844 1792 4893 steterunt
1868 4839 2033 4907 pedes

459 4928 663 4999 ejus".
718 4949 737 4983 ι
777 4928 914 4984 Tum
1000 4928 1255 5000 deinceps
1355 4930 1602 5001 adjungit
1648 4948 1661 4984 :
1740 4948 1758 4983 ι
1800 4929 2034 5001 Propter

2206 3899 2374 3967 λεὲμ,
2404 3897 2501 3951 διὰ
2531 3897 2633 3951 τοῦ
2666 3898 2826 3953 θείου
2854 3897 3200 3965 Πνεύματος
3236 3896 3610 3966 φανεροῦται.

2215 4029 2237 4060 τ
2270 4008 2576 4080 Μνήσθητι,
2628 4006 2821 4079 Κύριε,
2869 4005 2965 4060 τοῦ
3025 4006 3208 4072 Δαύὶδ,
3253 4006 3348 4061 καὶ
3391 4008 3572 4080 πάσης
3618 4008 3715 4077 τῆς

2138 4102 2443 4175 πραότητος
2483 4099 2667 4155 αὐτοῦ·
2709 4100 2786 4164 ὡς
2815 4099 2996 4170 ὤμοσε
3030 4099 3110 4170 τῷ
3146 4100 3358 4173 Κυρίῳ,
3405 4098 3604 4171 ηύξατο
3633 4099 3712 4169 τῷ

2138 4194 2257 4266 Θεῷ
2294 4192 2505 4247 Ἰακὼϐ·
2534 4193 2598 4246 El
2625 4192 2997 4262 εἰσελεύσομαι
3018 4193 3099 4255 εἰς
3123 4194 3383 4263 σκήνωμα
3405 4191 3554 4244 οἴκου
3582 4207 3708 4261 μου,

2137 4289 2187 4340 εἰ
2220 4287 2560 4359 ἀναδήσομαι
2606 4287 2701 4339 ἐπὶ
2739 4284 2925 4356 κλίνης
2970 4268 3260 4357 στρωμνῆς
3294 4300 3413 4355 μου·
3463 4285 3510 4336 εί
3553 4282 3711 4337 δώσω

2142 4379 2307 4434 ὕπνον
2350 4383 2464 4443 τοῖς
2508 4378 2803 4449 ὀφθαλμοῖς
2852 4394 2974 4448 μου,
3011 4378 3102 4430 καὶ
3134 4380 3249 4440 τοῖς
3282 4375 3573 4447 βλεφάροις
3607 4392 3708 4445 μου

2138 4472 2469 4542 νυσταγμὸν,
2496 4471 2603 4534 ἕως
2635 4465 2695 4523 οὗ
2724 4470 2871 4541 εὓρω
2902 4470 3065 4523 τόπον
3097 4470 3176 4539 τῷ
3208 4470 3423 4541 Κυρίῳ,
3446 4470 3711 4541 σκήνωμα

2135 4563 2215 4635 τῷ
2242 4564 2361 4633 Θεῴ
2401 4562 2610 4617 Ἰακώϐ.
2650 4563 2780 4617 Ἰδοὺ
2804 4561 3115 4633 ἠκούσαμεν
3145 4562 3312 4633 αὐτὴν
3343 4563 3400 4614 ὲν
3446 4561 3706 4633 Ἐφραθὰ,

2137 4655 2368 4726 εὓρομεν
2397 4654 2565 4725 αὐτὴν
2592 4656 2650 4707 ὲν
2672 4657 2784 4718 τοῖς
2805 4654 3005 4716 πεδίοις
3026 4653 3120 4707 τοῦ
3148 4653 3375 4725 δρυμοῦ·
3410 4654 3709 4707 εἰσελευσό-

2139 4744 2281 4816 μεθα
2324 4747 2404 4809 εἰς
2439 4744 2509 4799 τὰ
2559 4744 2890 4817 σκηνώματα
2929 4744 3117 4809 αὑτοῦ,
3151 4746 3600 4818 προσκυνήσομεν
3629 4749 3708 4811 εἰς

2132 4836 2226 4890 τὸν
2271 4837 2454 4902 τόπον,
2494 4830 2555 4891 οὗ
2598 4838 2830 4908 ἔστησαν
2873 4840 2922 4891 oi
2967 4837 3126 4901 πόδες
3169 4836 3355 4891 αὐτοῦ.
3389 4857 3409 4890 ι
3442 4834 3556 4893 Εἶθ’
3580 4839 3705 4909 ἑξῆς

2134 4928 2392 4998 ἐπιλέγει·
2408 4946 2429 4981 ι
2442 4928 2666 4983 Ἕνεκεν
2683 4929 2846 4983 Δαϐιδ
2864 4929 2957 4984 τοῦ
2978 4930 3163 4983 δούλου
3192 4947 3306 4995 σου,
3337 4929 3411 5001 μὴ
3437 4932 3704 5003 ἀποστρέ-

460 5019 633 5077 David
680 5037 899 5078 servum
944 5028 1119 5089 tuum,
1179 5038 1249 5077 ne
1297 5031 1515 5078 avertas
1566 5023 1756 5079 faciem
1827 5021 2029 5078 Christi

2165 5037 2242 5095 νῃς
2279 5021 2342 5075 τὸ
2381 5022 2669 5097 πρόσωπον
2698 5020 2793 5075 τοῦ
2827 5021 3063 5093 Χριστοῦ
3106 5038 3220 5075 σου.
3269 5024 3473 5092 Ὠμοσε
3504 5022 3704 5094 Κύριος

459 5115 564 5170 tui.
605 5113 816 5170 Juravit
876 5115 1137 5170 Dominus
1209 5113 1379 5169 David
1433 5113 1739 5178 veritatem,
1808 5123 1865 5170 et
1922 5131 2033 5170 non

2165 5112 2297 5168 ,ασιδ
2338 5112 2616 5186 ἀλήθειαν,
2663 5116 2757 5169 καὶ
2804 5116 2866 5167 ού
2915 5115 2988 5186 μὴ
3019 5116 3298 5188 ιὰθετήσει
3351 5115 3544 5169 αὐτόν·
3610 5117 3704 5169 Ἐκ

459 5205 815 5262 frustrabitur
863 5222 1009 5270 eum,
1072 5207 1137 5262 de
1191 5205 1371 5261 fructu
1419 5208 1627 5262 ventris
1685 5206 1764 5261 tui
1830 5221 2030 5278 ponam

2167 5203 2344 5276 αρποῦ
2369 5205 2472 5277 τῆς
2496 5206 2703 5270 κοιλίας
2729 5223 2821 5259 σου
2852 5206 3087 5279 θήσομαι
3117 5210 3209 5262 ἐπὶ
3229 5207 3321 5261 τὸν
3342 5206 3526 5280 θρόνον
3551 5223 3695 5259 eam:

462 5313 627 5369 super
656 5298 840 5354 sedem
870 5305 1019 5353 tuam
1041 5299 1108 5353 ⁸³.
1136 5317 1155 5350 ι
1184 5297 1251 5352 Ει
1274 5298 1521 5370 adjungit
1544 5297 1631 5353 his
1654 5298 1782 5353 item
1807 5297 2026 5354 dicens:

2165 5300 2237 5351 Lai.
2259 5300 2506 5371 ἐπιφέρει
2521 5300 2728 5364 τούτοις
2748 5300 2936 5368 λέγων·
2974 5319 2995 5352 ι
3021 5303 3165 5356 Ἐκεῖ
3198 5301 3504 5369 ὲξανατελῶ
3536 5302 3703 5372 κέρας

464 5407 485 5442 ι
515 5389 646 5446 Illuc
696 5390 993 5461 producam
1040 5406 1211 5446 cornu
1262 5389 1454 5453 David,
1511 5390 1699 5461 paravi
1746 5390 2023 5446 lucernam

2165 5389 2203 5459 ᾧ
2243 5390 2429 5453 Δαϐὶδ,
2474 5391 2747 5461 ἡτοίμασα
2781 5391 2972 5462 λύχνον
3019 5391 3098 5463 τῷ
3133 5391 3353 5464 Χριστῷ
3398 5407 3534 5463 μου·
3575 5396 3702 5455 τοὺς

461 5477 681 5535 Christo
730 5496 883 5536 meo:
938 5480 1192 5535 inimicos
1236 5480 1356 5549 ejus
1401 5479 1621 5534 induam
1676 5479 2019 5545 confusione,

2165 5481 2352 5556 χθροὺς
2388 5484 2553 5538 αὐτοῦ
2596 5485 2799 5539 ἐνδύσω
2836 5485 3118 5556 αἰσχύνην,
3151 5490 3244 5541 ἐπὶ
3272 5487 3331 5543 δὲ
3357 5487 3518 5541 αὐτὸν
3547 5486 3701 5552 ἐξα-ν-

462 5585 626 5640 super
655 5570 833 5641 ipsum
871 5582 1049 5628 autem
1082 5570 1344 5628 elllorebit
1377 5572 1738 5627 sanctificatio
1769 5587 1883 5626 mea
1904 5572 1969 5626 ”.
1999 5591 2016 5623 ι

2165 5575 2280 5645 ήσει
2313 5574 2374 5627 τὸ
2407 5575 2652 5649 ἁγίασμά
2683 5594 2801 5649 μου.
2835 5598 2853 5630 ι
2888 5578 3109 5650 Συνᾲδει
3139 5581 3205 5649 τῇ
3236 5580 3342 5647 πρὸ
3370 5578 3571 5649 ταύτης
3602 5579 3696 5631 καὶ

462 5659 635 5714 Etiam
660 5661 774 5715 haec
808 5664 1087 5734 prophetia
1110 5680 1233 5719 cum
1266 5665 1545 5735 superiore
1569 5665 1884 5728 concordat,
1904 5680 2024 5735 quae

2196 5667 2443 5737 παροῦσα
2478 5669 2797 5739 προφητεία,
2834 5671 2896 5722 ὲκ
2926 5669 3174 5741 Βηθλεὲμ
3200 5670 3291 5751 τὸν
3321 5670 3695 5743 προκηρυττό-

530 5816 571 5848 ⁸⁸
613 5817 774 5873 Mich.
801 5834 855 5884 v,
890 5818 941 5871 5.
1014 5821 1061 5851 “
1092 5820 1235 5876 Psal.
1277 5821 1396 5887 I3],
1435 5821 1538 5878 1-7.
1616 5822 1661 5855 "
1695 5821 1827 5878 ibid.
1864 5823 1950 5886 10,
1996 5824 2054 5878 Η

2165 5826 2201 5855 ⁸⁸
2242 5823 2369 5878 ibid.
2413 5823 2501 5891 17,
2547 5823 2629 5879 l8.
