4098 6434
311 318 417 374 545

1179 310 1839 369 DEMONSTRATIONIS
1881 309 2339 366 EVANGEL‘CIE
2380 309 2509 365 LIB.
2552 308 2665 365 VH.

3445 318 3550 375 516

315 453 472 510 μενον
498 434 633 489 Θεὸν
658 431 1076 505 προελεύσεσθαι
1110 429 1463 501 σημαίνουσα.
1503 429 1671 482 Τοῦτο
1703 429 1758 482 δὲ
1783 425 1866 481 οῦν

1978 426 2131 480 illum
2163 425 2358 490 Deum,
2387 427 2482 496 qui
2513 426 2801 480 nuntiatur
2830 434 3119 494 venturus,
3146 429 3214 485 de
3233 428 3547 491 Bethlebem

309 529 441 583 αὐτὸ
493 528 585 581 καὶ
627 528 655 580 ὁ
705 525 889 591 Δαϐὶδ,
935 523 1196 595 πρότερον
1239 522 1335 592 μὲν
1374 519 1605 588 ἀγνοῶν,
1657 518 1874 590 εῦχεται

311 622 462 695 παρὰ
501 618 599 673 τοῦ
639 618 771 673 Θεοῦ
820 616 1027 690 μαθεῖν,
1068 612 1164 670 εἶτ’
1206 613 1501 685 εὐξάμενος
1542 612 1871 667 παιδεύεται.

323 713 538 784 Ἐπειδὴ
559 712 667 782 γὰρ
687 710 946 780 τετύχηκε
973 707 1220 779 χρησμοῦ
1251 707 1340 759 τοῦ
1369 707 1504 778 πρὸς
1530 705 1688 758 αὐτὸν
1717 706 1773 757 ἐν
1796 704 1874 776 τῷ

309 805 507 877 ψαλμῷ
543 806 828 876 φήσαντος,
870 822 888 852 ι
932 802 1026 854 Ἐκ
1057 799 1268 869 καρποῦ
1299 800 1399 869 τῆς
1425 797 1630 861 κοιλίας
1665 814 1756 850 σου
1782 796 1875 869 θή-

316 916 475 970 σομαι
509 900 601 951 ἐπὶ
633 898 722 949 τὸν
750 896 934 967 θρόνον
963 912 1078 957 σου,
1118 914 1136 945 ι
1176 894 1270 947 καὶ
1300 889 1476 956 αὖθις,
1529 911 1547 944 ι
1598 894 1744 945 Ἐκεῖ
1788 891 1874 959 ἐξ·

309 990 550 1045 ανατελῶ
574 991 737 1060 κέρας
760 987 837 1058 τῷ
850 987 1029 1049 Δαϐὶδ,
1052 986 1322 1057 ήτοίμασα
1346 985 1535 1055 λύχνον
1557 985 1635 1056 τῷ
1656 984 1873 1057 Χριστῷ

315 1102 437 1155 μου,
469 1103 487 1134 ι
517 1082 740 1143 εἰκότως
775 1079 1104 1150 προσπίπτει
1133 1077 1210 1148 τῷ
1243 1076 1380 1147 Θεῷ,
1416 1077 1509 1130 καὶ
1549 1076 1872 1148 προσπεσὼν

311 1172 397 1226 ἐπ’
427 1172 654 1240 ἐδάφους
691 1168 995 1222 ποτνιᾶται·
1052 1166 1145 1217 ἐπὶ
1197 1165 1354 1218 πλέον
1399 1164 1455 1217 δὲ
1484 1166 1549 1235 τῇ
1596 1165 1868 1235 προσευχῇ

309 1260 726 1338 προσκαρτερῶν
753 1260 944 1330 ὄμνυσι
974 1257 1052 1327 τῷ
1079 1256 1218 1327 Θεῷ,
1256 1255 1330 1327 μὴ
1357 1255 1616 1327 πρότερον
1646 1254 1874 1307 εἰσελεύ-

309 1356 492 1410 σεσθαι
533 1355 611 1416 εἰς
656 1353 917 1422 σκήνωμα
949 1350 1098 1401 οἴκου
1137 1347 1324 1410 αὐτοῦ,
1368 1347 1501 1418 μηδὲ
1541 1345 1730 1399 δώσειν
1760 1348 1879 1409 τοῖς,

306 1446 598 1517 ὀφθαλμοῖς
648 1443 810 1499 αὐτοῦ
858 1443 1041 1505 ὕπνον,
1094 1440 1187 1493 καὶ
1231 1443 1343 1502 τοῖς
1380 1439 1667 1510 βλεφάροις
1705 1436 1869 1490 αὐτοῦ

305 1538 629 1609 νυσταγμδν,
673 1536 803 1608 μηδὲ
845 1533 1208 1605 ἀναϐήσεσθαι
1239 1533 1331 1584 ἐπὶ
1364 1531 1549 1601 κλίνης
1584 1530 1872 1601 στρωμνῆς

307 1631 495 1695 αὐτοῦ,
529 1628 740 1684 κεῖσθαι
764 1628 820 1680 δὲ
852 1627 1026 1698 χαμαὶ
1060 1623 1487 1695 προσκυνοῦντα,
1524 1623 1617 1677 καὶ
1645 1619 1872 1675 ποτνιώ-

308 1737 497 1791 μενον,
533 1719 641 1772 Eat’
673 1717 738 1771 ἂν
767 1715 898 1787 εὕρῃ
930 1716 1093 1768 τόπον
1125 1713 1201 1785 τῷ
1234 1714 1440 1784 Κυρίῳ,
1477 1714 1571 1766 καὶ
1605 1713 1869 1782 σκήνωμα

1976 534 2398 590 progressurum
2434 518 2729 591 signiﬁcat.
2784 520 2965 590 Ipsum
3023 522 3128 577 hoc
3178 525 3343 594 igitur
3379 523 3549 580 David

1976 627 2214 681 quoque,
2246 612 2401 682 prius
2452 612 2672 682 quidem
2705 612 2990 682 ignorans,
3021 624 3173 685 Optat
3214 617 3432 674 discere
3480 618 3549 675 ab

1977 700 2096 769 ipso
2127 699 2255 764 Deo,
2287 709 2401 755 tum
2438 717 2568 756 vero
2608 703 2699 755 ubi
2742 704 2948 771 Optavit
2990 715 3225 776 votoque
3273 709 3544 777 poposcit,

1979 793 2033 846 id
2070 793 2248 861 ipsum
2274 792 2536 856 docetur,
2569 792 2728 865 347
2759 792 3054 864 Postquam
3084 799 3230 851 enim
3263 799 3546 852 oraculum

1982 885 2216 952 accepit,
2245 883 2389 953 quod
2422 883 2489 937 ad
2516 885 2696 954 ipsum
2734 885 2788 938 in
2822 889 3032 955 psalmo
3063 890 3174 953 ait,
3215 907 3234 939 ι
3267 888 3339 944 De
3365 889 3547 943 fructu

1974 977 2179 1031 ventris
2210 976 2290 1029 tui
2321 991 2518 1046 ponam
2550 992 2713 1045 super
2740 978 2919 1031 sedem
2966 988 3150 1045 tuam;
3178 999 3199 1033 ο
3237 989 3291 1036 et
3328 997 3544 1045 rursus,

1982 1085 2000 1117 ι
2030 1066 2161 1121 llluc
2204 1068 2503 1137 producam
2545 1083 2717 1121 cornu
2774 1065 2970 1132 David,
3025 1072 3213 1140 paravi
3260 1074 3544 1127 lucernam

1974 1161 2196 1218 Christo
2228 1174 2371 1224 meo,
2405 1180 2424 1212 ι
2477 1160 2675 1214 merito
2724 1161 3033 1230 procumbit
3074 1164 3178 1233 ipsi
3212 1162 3341 1229 Deo,
3381 1173 3547 1234 atque

1978 1253 2049 1306 ita
2084 1252 2295 1305 haerens
2320 1252 2457 1314 solo,
2487 1251 2761 1321 supplicat
2785 1260 2839 1305 et
2868 1261 3163 1322 precatur:
3195 1256 3410 1326 longius
3442 1270 3543 1309 au-

1977 1350 2083 1394 tum
2115 1342 2570 1411 constantiusque
2611 1341 2668 1394 in
2707 1342 2954 1397 oratione
2990 1359 3368 1413 perseverans,
3397 1346 3547 1417 jurat

1975 1432 2107 1494 Deo,
2161 1448 2270 1487 non
2314 1435 2466 1503 prius
2519 1449 2579 1489 se
2628 1437 3003 1506 ingressurum
3047 1437 3103 1490 in
3136 1438 3546 1492 tabernaculum

1975 1522 2170 1577 domus
2201 1538 2335 1587 suae,
2365 1539 2541 1593 neque
2586 1523 2840 1579 daturum
2882 1524 3058 1580 oculis
3101 1526 3218 1580 suis
3266 1541 3541 1590 somnum,

1973 1621 2026 1668 et
2052 1612 2326 1682 palpebris
2349 1614 2465 1668 suis
2488 1614 2952 1680 dormitationem,
2983 1632 3161 1687 neque
3183 1632 3541 1674 ascensurum

1975 1706 2028 1758 in
2077 1704 2275 1759 lectum
2307 1705 2463 1759 strati
2509 1706 2617 1770 sui,
2656 1707 2804 1761 bumi
2831 1716 3062 1763 stratum
3097 1710 3325 1780 soloque
3356 1712 3542 1766 adhae-

305 1812 382 1883 τῷ
413 1810 532 1882 Θεῷ
568 1808 782 1871 Ἰακὼϐ,
816 1806 959 1860 τοῦτ’
984 1806 1127 1860 ἔστιν
1148 1807 1250 1871 ἓως
1275 1805 1339 1860 ἂν
1361 1804 1527 1877 μάθῃ,
1552 1803 1643 1857 τοῦ
1666 1804 1866 1875 Κυρίου

1976 1802 2203 1859 rentem,
2233 1811 2408 1867 eoque
2458 1797 2620 1851 modo
2674 1799 2993 1853 adorantem
3042 1818 3105 1855 ac
3147 1804 3545 1873 supplicantem

306 1902 714 1975 φανερώσαντος
746 1899 914 1970 αὐτῷ,
940 1898 1036 1969 τὴν
1058 1899 1268 1966 γένεσιν
1293 1898 1385 1952 τοῦ
1408 1895 1664 1970 Χριστοῦ*
1701 1894 1865 1959 εὐξά-

309 2010 467 2064 μενος
498 1992 574 2055 δὲ,
612 1994 704 2045 καὶ
742 1988 961 2043 τοιαῦτα
982 1987 1182 2057 γνῶναι
1216 1988 1478 2059 ποθήσας,
1515 1987 1614 2039 οὐκ
1645 1988 1724 2049 είς
1761 2002 1867 2055 μα-

305 2086 443 2155 κρὰν
467 2083 544 2154 τῷ
577 2082 704 2153 θείῳ
739 2080 1014 2152 Πνεύματι
1035 2078 1104 2134 τὰ
1132 2079 1388 2151 μέλλοντα
1412 2076 1629 2132 ἔσεσθαι
1653 2077 1865 2149 θεωρεῖ,

304 2172 396 2227 τοῦ
416 2173 549 2226 Θεοῦ
582 2175 693 2235 τοῖς
723 2170 940 2234 οἰκείοις
967 2168 1427 2240 ἐπαγγειλαμένου
1454 2168 1532 2222 ἔτι
1560 2185 1625 2236 γε
1649 2167 1871 2221 λαλούν-

301 2280 408 2317 των
441 2261 854 2316 ὲπακούσεσθαι.
914 2259 1300 2323 Ἐπακουσθεὶς
1344 2259 1476 2331 δῆτα
1524 2256 1869 2322 καταξιοῦται

301 2353 545 2427 χρησμοῦ
579 2353 674 2424 τὴν
708 2351 950 2422 Βηθλεὲμ
972 2350 1362 2426 ἐπιφωνοῦντος
1385 2350 1550 2420 αὐτῷ,
1577 2349 1652 2414 ὡς
1682 2350 1748 2403 ἂν
1781 2352 1867 2401 ἐν·

303 2447 427 2501 θὰδε
459 2446 616 2499 τοῦτό
648 2462 749 2498 που
778 2443 873 2497 τοῦ
908 2443 1134 2515 Κυρίου,
1162 2442 1369 2496 καὶτοῦ
1394 2441 1746 2514 σκηνώματος
1775 2442 1866 2495 τοῦ

300 2538 435 2592 Θεοῦ
498 2536 691 2591 Ἰακὼϐ
737 2534 1155 2606 συστησομένου.
1212 2534 1395 2588 Ταῦτα
1438 2534 1726 2604 τοιγαροῦν
1772 2533 1867 2602 τοῦ

299 2629 445 2685 θείου
486 2630 798 2701 Πνεύματος
831 2632 888 2683 ἐν
928 2628 1073 2699 αὐτῷ
1106 2627 1480 2689 θεσπίσαντος,
1508 2626 1670 2689 αὐτὸς
1702 2624 1867 2678 αὑτοῦ

296 2721 607 2784 ἐπακούσας
655 2721 913 2788 ἐπιλέγειο
975 2738 993 2770 ι
1048 2720 1174 2772 Ἰδοὺ
1222 2718 1532 2788 ἠκούσαμεν
1587 2716 1752 2788 αὐτὴν
1809 2718 1867 2768 ἐν

308 2812 570 2885 Ἐιρραθὰ.
604 2832 621 2862 ι
659 2811 901 2882 Ἐιρραθὰ
933 2811 989 2865 δὲ
1021 2813 1053 2882 ή
1088 2811 1222 2882 αὐτή
1257 2812 1372 2862 ἐστι
1404 2812 1468 2880 τῇ
1503 2808 1765 2879 Βηθλεὲμ,
1792 2809 1863 2873 ώς

294 2903 454 2974 δῆλόν
488 2904 600 2955 ὲστι
633 2901 867 2973 ἀποπτῆς
902 2900 1189 2963 Γενέσεως,
1225 2899 1353 2953 ἔνθα
1380 2899 1625 2970 περὶτῆς
1668 2900 1868 2971 Ῥαχὴλ

294 2997 543 3066 εἴρηται,
603 2996 685 3051 ὃτι
735 3012 754 3044 ι
788 2991 1032 3061 Ἕθαψαν
1083 2992 1248 3062 αὐτὴν
1308 2993 1365 3044 ὲν
1414 2990 1491 3062 τῷ
1547 2991 1866 3062 ἱπποδρόμῳ

307 3084 572 3155 Ἐφραθὰ,
610 3084 747 3155 αῦτη
782 3084 899 3137 ἐστὶ
934 3083 1202 3154 Βηθλεέμ.
1243 3103 1260 3136 ι
1301 3084 1411 3136 Καὶ
1445 3084 1478 3155 ή
1521 3083 1626 3154 πρὸ
1662 3083 1865 3154 ταύτης

1973 1902 2319 1953 mansurum,
2349 1888 2524 1944 donec
2556 1889 2798 1945 inveniat
2852 1891 3030 1945 locum
3077 1892 3330 1961 Domino,
3360 1902 3415 1950 et
3457 1906 3543 1950 ta-

1973 1980 2328 2035 bernaculum
2389 1981 2498 2035 Deo
2559 1980 2750 2048 Iacob,
2796 1983 2899 2039 hoc
2973 1993 3079 2048 est,
3121 1985 3297 2041 donec
3345 1987 3543 2051 discat,

1974 2069 2207 2125 Domino
2239 2073 2347 2127 sibi
2378 2073 2679 2141 indicante,
2710 2074 2887 2145 ipsius
2920 2075 3123 2132 Christi
3155 2087 3373 2135 ortum:
3418 2096 3545 2136 cum

1972 2171 2151 2214 autem
2185 2171 2319 2215 voto
2343 2162 2395 2215 id
2427 2164 2783 2233 postulasset,
2819 2174 2873 2220 et
2904 2167 3029 2221 talia
3069 2182 3402 2239 cognoscere
3445 2186 3545 2226 ex-

1972 2252 2277 2320 petivisset,
2312 2253 2459 2307 hmid
2489 2254 2562 2308 ita
2596 2257 2769 2310 muito
2801 2265 2946 2326 post,
3003 2275 3126 2329 quae
3158 2259 3340 2315 futura
3386 2272 3545 2317 erant

1970 2342 2155 2396 divino
2185 2343 2467 2399 indicante
2497 2344 2703 2416 Spiritu
2734 2350 3157 2416 contemptatur,
3191 2353 3392 2423 quippe
3415 2369 3540 2408 cum

1971 2436 2091 2489 suis
2110 2433 2253 2490 Deus
2283 2437 2562 2506 poﬂicitus
2592 2439 2684 2502 sit.
2717 2456 2782 2495 se
2806 2443 3041 2511 amplius
3064 2444 3354 2514 loquentes
3374 2462 3544 2501 exau-

1970 2527 2234 2582 diturum.
2270 2529 2460 2599 Itaque
2493 2532 2575 2584 illi
2606 2532 2660 2585 in
2683 2532 2829 2586 hunc
2858 2536 3078 2589 modum
3113 2538 3392 2603 exaudito,
3425 2552 3549 2592 ora-

1969 2621 2153 2673 culum
2183 2620 2451 2684 redditur,
2505 2638 2615 2692 quo
2666 2625 2783 2693 ipsa
2832 2623 3145 2681 Bethlebem
3193 2628 3548 2696 inclamatur,

1969 2718 2227 2781 tanquam
2262 2712 2376 2767 illic
2407 2713 2565 2768 locus
2596 2713 2848 2775 Domino,
2884 2726 2939 2770 et
2979 2718 3397 2772 tabernaculum
3429 2718 3538 2772 Deo

1968 2801 2545 2860 Jacobconstituenda
2596 2807 2726 2861 sint.
2796 2804 2922 2862 Hzec
2966 2809 3134 2880 igitur
3179 2810 3270 2865 ubi
3319 2811 3542 2867 divinus

1971 2897 2210 2966 Spiritus
2236 2899 2379 2969 apud
2410 2913 2468 2953 se
2501 2900 2679 2968 ipsum
2707 2901 2930 2966 cecinit,
2961 2903 3075 2971 ipse
3099 2904 3341 2972 seipsum
3374 2919 3545 2958 exau-

1969 2986 2126 3042 diens
2176 2988 2447 3058 adiungit,
2478 3009 2497 3040 ι
2533 2988 2673 3044 Ecce
2699 2990 3008 3047 audivimus
3036 3008 3153 3048 eam
3186 2993 3240 3047 in
3272 2992 3539 3065 Ephrata:

1975 3093 1994 3124 ι
2025 3076 2262 3147 prrata
2293 3094 2426 3134 vero
2474 3080 2664 3134 eadem
2716 3089 2799 3135 est
2835 3090 2890 3136 et
2925 3082 3238 3138 Bethlchem
3266 3100 3280 3149 ;
3313 3087 3456 3141 sicut
3486 3086 3541 3139 in

292 3174 347 3225 δὲ
379 3178 622 3247 περιεῖχε
658 3175 980 3247 προφητεία·
1015 3193 1033 3225 ι
1066 3175 1177 3227 Καὶ
1211 3174 1297 3236 σὺ,
1333 3172 1576 3244 Βηθλεὲμ
1603 3169 1748 3238 οἶκος
1771 3176 1863 3229 τοῦ

1970 3172 2169 3228 Genesi
2222 3180 2461 3237 constat,
2498 3172 2591 3228 ubi
2645 3173 2714 3228 de
2742 3172 2945 3230 Rachel
2990 3176 3200 3231 dictum
3251 3184 3378 3233 est:
3414 3196 3432 3229 ι
3476 3178 3543 3233 Ει

303 3266 567 3336 Ἔερραθὰ.
605 3287 724 3317 ›-ι
750 3269 900 3330 Ἰδοὺ,
930 3267 1110 3337 φησὶν,
1142 3286 1159 3317 ι
1191 3265 1501 3337 ἠκούσαμεν
1516 3266 1700 3337 αὐτήν·
1730 3287 1746 3318 ι
1773 3267 1866 3337 δῆ-

290 3358 382 3411 λον
416 3360 461 3412 δ’
494 3360 573 3411 ὅτι
608 3358 705 3430 τὴν
732 3357 825 3411 τοῦ
854 3357 1087 3429 Χριστοῦ
1120 3357 1351 3425 γένεσιν,
1378 3357 1471 3409 καὶ¹
1498 3355 1595 3426 τὴν
1615 3357 1709 3409 τοῦ
1731 3357 1864 3410 Θεοῦ

306 3449 501 3503 Ἰακὼϐ
535 3450 963 3519 κατασκήνωσιν.
1011 3450 1167 3501 Ποῖον
1198 3447 1241 3500 δ’
1292 3448 1357 3501 ἂν
1393 3446 1477 3519 εἴη
1511 3447 1571 3501 τὸ
1606 3450 1869 3519 σκήνωμα

290 3540 389 3594 τοῦ
435 3541 567 3595 Θεοῦ
623 3540 816 3594 Ἰακὼϐ
854 3540 887 3612 ἢ
918 3541 976 3593 τὸ
1010 3539 1166 3611 σῶμα
1196 3539 1288 3593 τοῦ
1324 3540 1559 3613 Χριστοῦ
1597 3541 1657 3594 τὸ
1700 3542 1757 3593 ἐν
1790 3538 1868 3611 τῷ

292 3634 446 3703 τόπῳ
475 3634 573 3704 τῆς
602 3633 846 3703 Βηθλεὲμ
870 3634 1293 3705 γεγεννημένον;
1317 3634 1374 3685 ὲν
1398 3626 1441 3701 ᾧ
1468 3632 1542 3697 ὼς
1564 3635 1620 3686 ὲν
1654 3631 1866 3703 σκηνώ-

295 3744 450 3797 ματι,
498 3728 530 3797 ἡ
575 3726 764 3796 θεότης
794 3724 886 3778 τοῦ
931 3724 1263 3793 Μονογενοῦς
1302 3725 1703 3796 κατεσκήνωσε.
1755 3724 1867 3793 Οὐχ

293 3816 487 3882 ἁπλῶς
523 3817 580 3870 δὲ
634 3814 790 3881 Θεοῦ,
840 3815 975 3869 ἀλλὰ
1030 3815 1167 3885 μετὰ
1212 3814 1525 3887 προσθήκης
1576 3814 1673 3884 τῆς
1718 3832 1735 3863 ι
1774 3814 1865 3866 τοῦ

291 3909 430 3962 Θεοῦ
480 3907 691 3974 Ἰακὼϐ,
732 3929 750 3959 ι
786 3909 1002 3977 λέγεται
1032 3909 1093 3960 τὸ
1119 3910 1381 3979 σκήνωμα
1414 3905 1571 3971 εἶναι,
1596 3906 1684 3960 διὰ
1707 3907 1767 3960 τὸ
1791 3907 1864 3978 μὴ

289 4001 421 4053 ἄλλο
443 3998 654 4055 εἶναιτὸ
676 4000 961 4072 σκηνῶσαν
997 4004 1052 4054 ὲν
1091 4000 1237 4071 αὐτῷ
1268 4000 1300 4071 ἢ
1335 4000 1423 4052 τὸν
1454 3998 1532 4069 τῷ
1578 3997 1770 4052 Ἰακὼϐ
1806 4002 1865 4052 ἐν

292 4089 585 4162 ἀνθρώπου
615 4091 743 4143 εἴδει
780 4091 873 4144 καὶ
907 4089 1387 4162 σχήματιόφθέντα
1416 4090 1568 4154 Θεὸν,
1595 4090 1660 4142 δι’
1691 4089 1748 4143 ὃν
1771 4091 1865 4143 καὶ

289 4178 392 4248 τῆς
425 4181 522 4233 ἐπὶ
541 4180 617 4251 τῷ
634 4182 847 4252 Ἰσραὴλ
867 4199 1114 4251 προσωνυ
1122 4182 1249 4252 μίας
1271 4180 1498 4255 ἠξιώθη,
1521 4182 1675 4250 ὀρῶν
1696 4185 1862 4235 Θεῶν·

285 4269 450 4325 τοῦτο
481 4272 589 4344 γὰρ
613 4272 973 4344 ἑρμηνεύεται
991 4273 1052 4325 τὸ
1072 4271 1239 4344 ὄνομα
1270 4271 1745 4345 προσαγορευθείς
1768 4272 1865 4325 οὐκ

288 4361 449 4416 ἄλλον
470 4364 528 4417 δὲ
552 4365 678 4419 ὄντα
711 4364 803 4417 τοῦ
826 4364 959 4418 Θεοῦ
985 4366 1157 4434 Λόγου
1187 4364 1276 4417 τὸν
1308 4365 1386 4435 τῷ
1420 4364 1611 4419 Ἰακὼϐ
1633 4363 1866 4434 ὀφθέντα

287 4456 345 4506 ὲν
379 4461 497 4522 τοῖς
542 4458 775 4530 πρώτοις
815 4458 914 4528 τῆς
961 4459 1096 4529 μετὰ
1140 4461 1329 4530 χεῖρας
1373 4457 1678 4521 ὑποθέσεως
1725 4475 1865 4529 παρ-

1968 3267 2304 3336 sepelierunt
2358 3280 2476 3321 eam
2507 3266 2564 3320 in
2606 3266 2968 3336 hippodromo
3025 3267 3285 3340 Ephrata,
3319 3271 3433 3327 baec
3459 3281 3544 3327 est

1967 3357 2282 3412 Bethlebem
2306 3356 2374 3411 ⁸⁸.
2467 3356 2578 3411 »Ει
2628 3360 2880 3428 superior
2947 3361 3232 3430 prophetia
3303 3361 3543 3417 habebat

1970 3448 2103 3503 illud
2127 3467 2140 3502 :
2172 3467 2191 3498 ι
2215 3447 2281 3501 Et
2311 3457 2369 3502 tu
2395 3447 2713 3505 Bcthlehem
2734 3451 2930 3505 domus
2956 3450 3212 3520 Ephrata.
3229 3472 3246 3503 ο
3269 3472 3366 3504 -‹
3383 3454 3541 3519 Ecce,

1975 3539 2176 3608 inquit,
2229 3538 2539 3593 audivimus
2571 3554 2690 3594 eam
2739 3540 2822 3593 ⁸⁶ε
2863 3559 2882 3591 ι
2911 3548 3127 3595 constat
3181 3552 3359 3597 autem
3396 3545 3543 3613 quod

1967 3645 2063 3699 per
2092 3630 2225 3684 illud
2267 3644 2389 3684 eam
2420 3628 2628 3684 Christi
2658 3631 2927 3700 originem
2958 3632 3234 3702 intelligit,
3266 3641 3321 3688 et
3364 3636 3540 3705 ipsius

1966 3722 2060 3776 Dei
2083 3721 2273 3783 Iacob,
2310 3721 2724 3775 habitationem.
2765 3721 2871 3776 Sed
2886 3738 3009 3791 tium
3034 3725 3251 3777 tandem
3279 3725 3393 3780 haec
3421 3726 3539 3782 fue~

1964 3817 2036 3869 rit
2066 3815 2333 3869 habitatio
2377 3814 2467 3869 Dei
2495 3812 2687 3881 Iacob,
2723 3815 2827 3870 nisi
2856 3816 3031 3885 ipsius
3067 3817 3271 3873 Christi
3304 3834 3531 3890 corpus,

1965 3907 2112 3978 quod
2173 3906 2229 3960 in
2283 3905 2597 3960 Bethlehem
2646 3912 2833 3958 natum
2879 3912 2983 3970 est,
3016 3907 3071 3959 in
3121 3923 3231 3976 quo
3274 3916 3535 3978 tanquam

1965 3996 2020 4049 in
2050 3994 2427 4057 tabernaculo,
2461 3993 2607 4047 unici
2642 3993 2734 4047 filii
2764 3992 3030 4049 divinitas
3063 3997 3370 4052 habitarit?
3421 3999 3535 4054 ϐει-

1976 4097 2153 4142 terum
2204 4100 2313 4140 non
2374 4084 2697 4154 simpliciter
2738 4083 2856 4146 Dei,
2908 4087 3009 4141 sed
3061 4102 3184 4141 cum
3236 4089 3535 4152 additione,

1971 4199 1991 4231 ι
2016 4178 2110 4233 Dei
2133 4177 2305 4233 Iacob
2319 4178 2362 4209 ⁸⁷
2400 4195 2419 4227 ι
2449 4177 2865 4231 tabernaculum
2892 4192 3015 4233 esse
3029 4177 3252 4242 dicitur,
3286 4186 3538 4249 propter-

1966 4286 2030 4326 ea
2080 4269 2223 4340 quod
2256 4284 2366 4323 non
2411 4267 2560 4322 aliud
2604 4269 2676 4323 sit
2704 4269 3002 4339 quidquam
3036 4270 3182 4340 quod
3215 4273 3271 4325 in
3310 4273 3405 4325 illo
3433 4272 3535 4327 ha-

1965 4362 2121 4426 bitet,
2160 4377 2322 4432 quam
2355 4361 2403 4415 is
2430 4359 2575 4415 Deus
2602 4362 2697 4431 qui
2736 4361 2841 4431 ipsi
2867 4360 3036 4417 Iacob
3062 4362 3117 4416 in
3148 4361 3387 4418 hominis
3413 4378 3536 4433 spe-

1968 4457 2050 4511 cie
2080 4470 2144 4510 ac
2180 4455 2348 4525 ﬁgura
2380 4454 2452 4509 sit
2476 4454 2650 4509 visus.
2685 4456 2858 4524 Cujus
2886 4470 3019 4512 sane
3043 4457 3219 4526 gratia
3246 4456 3340 4511 illo
3370 4458 3534 4512 etiam

287 4550 622 4621 εστήσαμεν.
670 4549 909 4622 Ἐδείχθη
941 4549 1225 4622 τοιγαροῦν
1259 4549 1336 4621 τῷ
1368 4550 1531 4604 Δαϐὶδ
1561 4550 1861 4621 εὐξαμένῳ,

1970 4547 2294 4617 cognomine
2351 4545 2515 4602 Israel
2543 4546 2741 4616 dignus
2789 4554 2874 4602 est
2924 4547 3164 4615 habitus,
3201 4556 3457 4618 tanquam
3488 4552 3537 4604 is

286 4638 383 4691 καὶ
419 4640 718 4713 ποθήσαντι
742 4640 833 4694 τοῦ
859 4641 1060 4713 Κυρίου
1086 4644 1180 4695 καὶ
1201 4641 1334 4695 Θεοῦ
1370 4641 1562 4696 Ἰακὼϐ
1582 4641 1675 4696 τὸν
1699 4642 1862 4696 τόπον

285 4730 382 4782 καὶ
420 4733 486 4786 τὸ
530 4734 791 4804 σκήνωμα
824 4732 1022 4804 εὑρεῖν,
1067 4733 1094 4785 ὁ
1125 4733 1217 4786 ἐπὶ
1259 4732 1359 4802 τῆς
1391 4732 1635 4803 Βηθλεὲμ
1680 4733 1862 4797 176ποῖ

286 4818 478 4896 διόπερ
511 4822 698 4887 εἰπὼν,
728 4843 746 4874 ι
783 4824 912 4878 Ἰδοὺ
935 4823 1245 4894 ἠκούσαμεν
1265 4824 1431 4895 αὐτὴν
1460 4826 1519 4877 ὲν
1551 4824 1810 4895 Ἐφραθὰ,
1837 4843 1856 4877 ι

288 4913 545 4990 ἐπιφέρει
576 4914 768 4984 λέγων’
810 4935 826 4965 ι
851 4916 1319 4987 ΙΙροσκυνήσωμεν
1353 4919 1430 4980 είς
1463 4917 1552 4970 τὸν
1585 4917 1749 4969 τόπον
1799 4910 1860 4970 οῦ

287 5000 527 5075 ἔστησαν
567 5007 615 5058 οἱ
657 5005 813 5068 πόδες
843 5006 1023 5060 αὐτοῦ.
1056 5025 1073 5058 ι
1105 5006 1298 5077 Σαφῶς
1336 5005 1624 5079 τοιγαροῦν
1671 5008 1765 5060 καὶ
1804 5009 1862 5062 ἐν

288 5092 503 5159 τούτοις
528 5099 585 5150 ὲν
616 5098 680 5165 τῇ
723 5094 985 5169 Ἐιρραθὰ,
1016 5096 1137 5166 ἥτις
1170 5096 1316 5149 ἐστὶν
1352 5099 1385 5168 ή
1412 5096 1675 5168 Βηθλεὲμ,
1701 5097 1863 5163 αὐτὸς

289 5180 319 5233 ὁ
349 5183 557 5257 Κύριος
581 5186 672 5239 καὶ
701 5184 832 5249 Θεὸς
867 5186 1060 5238 Ἰακὼϐ
1091 5185 1251 5240 τόπον
1281 5185 1455 5257 ἐαυτῷ
1480 5188 1572 5241 καὶ
1600 5189 1864 5259 σκήνωμα

293 5277 653 5349 συστήσεσθαι
677 5277 1095 5348 προεφήτεύετο,
1118 5277 1411 5348 ὁμοφώνως
1431 5280 1495 5350 τῇ
1518 5278 1610 5331 τοῦ
1630 5279 1860 5349 Μιχαίου

293 5371 598 5444 προφητείᾳ
643 5370 892 5441 (gricas-g-
952 5388 969 5422 ι
999 5367 1110 5425 Καὶ
1154 5370 1241 5435 σὺ,
1301 5370 1544 5442 Βηθλεὲμ
1580 5367 1723 5434 οἶκος
1767 5372 1859 5425 τοῦ

306 5454 569 5530 Ἐφραθὰ,
603 5466 669 5518 ὲκ
699 5463 791 5517 σοῦ
829 5481 916 5538 μοι
950 5462 1286 5530 ἐξελεύσεται
1327 5464 1645 5536 ἡγούμενος,
1684 5466 1776 5519 καὶ
1803 5466 1861 5519 αἱ

293 5543 462 5612 ἓξοδοι
509 5556 671 5611 αὐτοῦ
703 5556 796 5612 ἀπ’
836 5557 1010 5629 ἀρχῆς
1041 5556 1101 5623 ἐξ
1137 5555 1359 5630 ήμερῶν
1396 5555 1606 5622 αἰῶνος·
1665 5576 1685 5610 ι
1719 5557 1861 5630 ἆπερ

1967 4640 2061 4709 qui
2095 4638 2264 4693 Deum
2298 4638 2529 4703 viderit;
2561 4652 2686 4691 nam
2734 4639 2789 4693 id
2818 4654 3018 4694 nomen
3045 4639 3092 4694 si
3135 4639 3530 4709 interpreteris,

1966 4748 2113 4794 cum,
2149 4732 2237 4802 qui
2273 4729 2437 4784 Deum
2484 4730 2680 4792 videat,
2734 4731 2994 4786 habebis:
3047 4729 3197 4800 quod
3252 4746 3384 4785 vero
3422 4746 3532 4784 non

1968 4824 2111 4878 alius
2139 4823 2211 4877 sit
2239 4837 2402 4893 quam
2442 4820 2588 4877 Deus
2620 4821 2881 4891 Verbum,
2914 4823 3007 4894 qui
3048 4823 3149 4893 ipsi
3189 4822 3358 4877 Iacob
3384 4823 3533 4877 visus

1968 4917 2058 4977 sit,
2099 4915 2152 4968 in
2188 4914 2417 4983 hujusce
2457 4914 2641 4983 operis
2663 4915 2980 4986 primordiis
3009 4916 3526 4971 demonstravimus.
3560 4948 3565 4951 -

1967 5005 2222 5061 Precauti
2268 5019 2399 5075 ergo
2428 5002 2620 5072 David,
2654 5014 2708 5060 et
2753 5007 2935 5062 videre
2985 5007 3221 5075 cupienti
3254 5007 3433 5061 locum
3466 5020 3531 5063 ac

1967 5097 2383 5153 tabernaculum
2414 5097 2623 5152 Domini
2672 5097 2877 5170 Deique
2921 5096 3112 5163 Iacob,
3152 5100 3267 5167 ipse
3313 5097 3532 5155 Bethle-

1969 5190 2090 5246 hem
2153 5191 2304 5246 locus
2349 5199 2605 5250 ostensus
2657 5199 2775 5248 est;
2826 5190 2991 5262 348
3032 5203 3365 5262 quapropter
3405 5205 3529 5245 cum

1966 5281 2217 5346 dixisset,
2252 5301 2271 5334 ι
2298 5281 2436 5338 Ecce
2465 5283 2773 5338 audivimus
2809 5298 2928 5337 eam
2959 5299 3014 5337 in
3031 5281 3531 5353 Ephrata,iadjun-

1966 5373 2044 5443 git
2085 5373 2315 5428 dicens:
2354 5391 2373 5425 ι
2413 5373 2716 5429 Adoremus
2754 5375 2811 5428 in
2838 5374 2959 5429 loco
3008 5375 3101 5429 ubi
3137 5383 3404 5431 steterunt
3438 5392 3534 5446 pe-

1965 5466 2063 5521 des
2089 5466 2293 5535 ejus”.
2318 5485 2338 5518 ι
2379 5465 2707 5523 Planissime
2731 5468 2894 5539 igitur
2924 5468 2981 5522 in
3032 5468 3119 5525 bis
3143 5484 3362 5540 quoque
3404 5486 3532 5529 vere

1965 5557 2053 5613 bis
2083 5559 2141 5614 in
2164 5556 2423 5631 prrata,
2450 5576 2570 5631 qua:
2617 5567 2704 5617 est
2746 5558 3080 5628 Bethlebem,
3109 5563 3231 5633 ipse
3267 5560 3535 5622 Dominus

363 5749 411 5784 ⁸⁸
438 5751 577 5817 Gen.
609 5777 777 5828 xxxv,
811 5760 897 5817 ιε).
973 5761 1018 5794 ⁸⁵
1053 5761 1198 5818 Psal.
1225 5773 1409 5827 cxxxt,
1444 5760 1497 5817 6.
1572 5761 1616 5799 ⁸⁷
1642 5759 1776 5815 ibid.
1807 5759 1858 5814 5.

2005 5759 2135 5818 ibid.
2178 5760 2228 5817 7.
