2049 3225
243 2916 248 2927 ι

242 186 295 214 547
577 179 708 207 EUSlZBll
726 174 964 204 (Z/ESMHENSIS
985 173 1039 201 0N

1090 171 1173 198 ΗΠΒ
1193 169 1223 197 ll.
1237 185 1269 190 —-
1279 167 1527 195 APOLOGETICA.
1812 164 1864 192 548

244 251 276 270 ac
289 242 358 268 Deus
371 240 454 266 Iacob
472 239 560 264 locum
581 237 632 263 sibi
653 243 684 262 ac
701 233 908 261 tabernaculum
925 231 1028 258 consli-

1090 229 1178 265 ιρτὶως
1196 228 1369 260 ἐξετάσαντες
1383 225 1538 259 ἐδείκνυμεν
1553 223 1737 258 ἀναφέρεσθαι
1753 223 1805 250 οὐδ’
1823 225 1866 258 ἐφ’

243 293 354 317 tuturus
368 286 487 314 canitur.
503 283 574 318 quod
590 283 679 317 ipsum
697 289 759 307 cum
776 279 894 305 Miclma:
913 277 1030 312 prophe-

244 336 280 361 tia
297 331 445 359 concordat
462 330 569 356 dicente
587 337 593 354 :
623 336 631 351 ‹
648 325 679 352 Et
697 330 735 357 tu,
754 323 909 351 Bethlehem
934 322 1030 349 domus

244 379 392 415 Ephralha.
411 376 491 402 Exte
506 374 571 401 mihi
589 373 744 408 egredietur
766 371 835 397 dux:
855 373 881 396 et
903 375 1031 403 egressus

243 428 303 461 ejus
321 425 354 452 ab
371 424 448 450 initio
462 430 493 449 ex
506 422 602 448 diebus
614 419 723 451 saeculi;
737 428 745 443 )
764 426 824 453 quae
834 424 895 443 cum
910 415 1033 450 proxime

245 483 443 507 scrutaremur,
465 474 633 501 ostendimus
650 472 683 499 ad
699 472 803 498 nullum
820 471 902 497 alium
915 478 974 496 esse
991 476 1033 495 re-

247 523 368 556 ferenda,
383 530 464 557 quam
483 521 516 547 ad
537 528 619 547 unum
647 518 813 545 Salvator-cm
836 525 867 543 ac
890 516 1032 543 Dominum

247 577 370 598 nostrum
393 569 487 596 Jcsum
513 568 559 602 qui
584 566 709 592 Christus
736 570 776 592 cst
796 563 854 593 Dci,
881 564 981 598 quique
1007 562 1032 588 in

247 618 417 646 Bethlehem,
431 616 502 642 sicut
516 613 666 648 prophetiae
681 612 873 646 praedixerant,
890 613 969 635 natus
981 612 1030 634 est.

247 663 357 690 Nullum
385 662 456 689 enim
482 661 564 687 alium
589 659 724 693 quispiam
751 663 870 690 unquam
896 654 1032 685 ostendet,

248 711 295 745 qui
322 710 385 736 inde
404 716 465 735 cum
484 707 648 742 gloria'post
676 705 761 738 ipsius
791 702 940 737 prophetia:
967 706 1034 726 tem-

249 764 315 791 pora
329 754 461 790 prodierit
475 762 480 780 :
497 753 589 779 nullus
604 751 675 778 enim
696 757 782 784 neque
796 756 853 778 rex,
869 754 956 781 neque
973 754 1035 780 pro-

249 803 343 838 pheta,
360 808 448 835 neque.
472 800 543 825 alius
563 797 699 832 quispiam
718 802 812 821 eorum
829 793 875 827 qui
895 791 965 827 apud
983 791 1035 818 He-

248 849 337 876 brwos
357 846 411 873 Deo
428 845 508 871 amici
529 843 640 872 fuerint.
659 846 756 875 praeter
775 848 857 866 unum
869 838 1034 865 Salvatorem

250 901 282 920 ac
300 893 443 919 Dominum
460 893 583 916 nostrum
601 888 647 922 qui
665 887 790 914 Christus
807 890 848 912 est
862 884 917 915 Dei,
930 888 1034 910 utrum-

251 947 304 974 que
328 938 456 965 habuisse
484 935 700 964 demonstratur,
727 937 754 959 et
779 931 850 966 quod
874 930 907 957 de
932 929 1035 956 semine

253 992 353 1021 David,
369 996 396 1017 et
409 990 479 1024 quod
496 989 522 1015 in
538 996 570 1015 eo
586 988 646 1014 loco
663 988 698 1014 sit
713 990 804 1012 natus.
822 984 939 1019 Tempus
956 983 1038 1017 igitur

249 1040 306 1074 jam
320 1043 358 1066 est
375 1042 404 1065 ut
418 1038 493 1063 illum
515 1036 604 1071 ipsum
625 1041 686 1061 esse
705 1041 759 1060 non
782 1032 864 1059 alium
882 1031 1038 1066 quempiam

253 1086 398 1114 fateamur,
411 1083 457 1118 qui
470 1083 497 1109 in
514 1082 557 1108 his
573 1080 738 1115 propheticis
752 1078 843 1106 verbis
859 1077 1038 1112 significatur,

251 1130 447 1164 evidenterque
475 1129 501 1154 in
519 1127 553 1154 iis
577 1135 638 1161 qua:
657 1129 812 1160 sequuntur
825 1123 951 1151 eumdem
967 1123 1038 1157 psal-

253 1184 338 1207 mum,
349 1175 411 1202 dum
426 1174 584 1201 nominatim
594 1172 735 1199 Christum
747 1171 875 1206 appellat,
887 1170 938 1197 hoc
950 1170 1039 1204 ipsum

253 1220 409 1251 ostendere,
429 1219 473 1246 ubi
497 1219 550 1245 ait:
568 1227 577 1243 ι
589 1217 706 1252 Propter
720 1216 804 1243 David
827 1223 937 1243 servum
950 1219 1039 1247 tuum,

254 1275 289 1294 ne
303 1270 410 1293 avertas
426 1265 522 1292 faciem
535 1264 638 1291 Christi
656 1264 695 1290 tui
706 1263 738 1288 θ’.
752 1272 761 1288 ›
771 1262 803 1289 Ει
821 1270 934 1289 rursus:
955 1271 963 1286 ι
975 1260 1040 1288 Illuc

254 1312 404 1348 producam
420 1318 505 1337 cnrnu
522 1309 623 1336 David:
648 1309 741 1344 paravi
766 1309 905 1335 lucernam
930 1307 1040 1334 Christo

256 1365 327 1385 meo.
362 1356 488 1383 Inimicos
519 1355 580 1389 ejus
614 1355 725 1382 induam
759 1353 932 1382 confusione.
959 1360 1041 1387 super

256 1405 346 1438 ipsum
370 1407 460 1430 autem
476 1401 609 1429 eftlorcbit
627 1400 808 1428 sanctiﬁcatio
832 1407 892 1426 mea
902 1399 936 1426 ⁸ο.
951 1408 960 1424 ι
988 1398 1041 1426 Sed

258 1449 303 1475 ubi
318 1447 427 1475 tandem
455 1448 493 1473 ait
505 1455 534 1473 se
553 1446 750 1481 producturum
769 1453 854 1473 cornu
871 1445 967 1477 David,
988 1445 1041 1472 nisi

257 1494 285 1521 in
301 1494 457 1521 Bethlehem
472 1497 553 1527 atque
566 1493 593 1519 in
608 1492 766 1527 Ephratba?
785 1491 849 1519 inde
865 1492 937 1519 enim
956 1499 1042 1518 cornu

257 1540 343 1567 David
358 1539 486 1567 Christus
509 1543 645 1574 quatenus
666 1539 698 1566 ad
714 1544 839 1565 naturam
856 1539 973 1572 pertinet
995 1538 1044 1564 hu-

258 1600 377 1624 manam,
395 1593 472 1627 quasi
489 1592 585 1627 ingens
601 1592 692 1618 lumen
707 1595 833 1618 exortum
849 1595 902 1618 est.
916 1590 966 1618 Hic
977 1590 1041 1617 item
1057 1589 1077 1617 C

256 1639 359 1665 Christi
376 1638 486 1665 lucerna
498 1637 532 1664 ab
548 1638 608 1672 ipso
619 1637 674 1665 Deo
689 1637 807 1664 universi
822 1641 972 1672 praeparata
983 1641 1040 1664 est:

259 1684 342 1710 fuerit
357 1688 446 1710 autem
470 1683 527 1710 haec
543 1683 653 1710 lucerna
667 1683 745 1717 quasi
762 1683 940 1718 iutelligibilis
962 1682 1041 1714 lucis,

258 1728 408 1755 humanum
433 1735 544 1762 corpus,
567 1735 614 1762 per
635 1728 708 1763 quod
724 1728 811 1755 instar
831 1728 943 1754 testacei
959 1728 1041 1759 vasis,

256 1777 387 1808 tanquam
405 1781 453 1808 per
475 1774 626 1805 lucernam,
645 1773 747 1808 proprii
770 1773 883 1800 luminis
899 1773 991 1800 radios
1014 1773 1042 1799 in

257 1826 364 1850 omnes,
382 1819 541 1854 quicunque
557 1819 709 1853 ignorantia
726 1818 774 1845 Dei
791 1822 817 1845 et
838 1818 981 1853 profundis
1003 1822 1042 1845 te-

258 1865 350 1892 nebris
366 1865 570 1899 premebantur,
585 1864 685 1891 emisit.
705 1864 810 1891 Etenim
834 1865 860 1891 in
875 1865 918 1891 his
934 1871 1043 1899 quoque

257 1911 438 1938 demonstrari
448 1911 606 1945 planissime
614 1911 732 1938 arbitror
744 1910 828 1937 Deum
839 1910 934 1942 Jacob,
947 1911 993 1945 qui
1009 1911 1043 1937 ab

258 1956 335 1984 initio
347 1960 373 1984 et
381 1964 413 1983 ex
424 1957 520 1984 diebus
532 1957 625 1983 saeculi
634 1957 752 1989 exsistit,
763 1957 797 1984 ad
808 1957 931 1985 homines
944 1962 1042 1984 ventu-

258 2008 362 2034 rnm,et
374 2003 508 2029 oriturum
521 2011 575 2030 non
587 2004 650 2030 alibi
666 2008 799 2031 terrarum
809 2011 889 2038 quam
904 2004 931 2030 in
942 2003 1044 2031 Bethle-

246 2049 318 2088 uhem
331 2049 402 2080 loco,
414 2048 459 2083 qui
470 2056 523 2075 non
533 2050 629 2084 procul
641 2050 675 2076 ab
686 2049 882 2085 Hierosolymis
890 2050 970 2077 hodie
977 2058 1044 2085 quo-

258 2101 310 2128 que
320 2094 429 2125 visitur,
444 2095 489 2121 ubi
498 2102 563 2122 sane
572 2102 626 2121 non
634 2095 704 2122 alius
712 2100 773 2130 post
780 2096 972 2130 prophetarum
980 2101 1045 2123 tem-

258 2147 324 2173 pora
336 2139 459 2172 illustris,
469 2144 495 2166 et
505 2140 577 2175 apud
587 2148 682 2168 omnes
694 2141 818 2169 homines
825 2143 910 2177 gloria
917 2142 1043 2174 celebris,

259 2191 341 2227 359
356 2199 437 2226 quam
454 2200 525 2219 unus
543 2192 623 2220 Jesus
637 2193 764 2221 Christus
782 2195 816 2222 ab
840 2195 967 2222 omnibus
985 2195 1044 2228 ejus

261 2237 313 2263 loci
329 2237 426 2264 incolis
442 2237 499 2272 (qui
517 2238 626 2273 quidem
651 2239 690 2266 sic
705 2247 767 2266 cum
783 2240 948 2275 evangelicis
969 2241 1044 2266 voci~

260 2282 312 2309 bus
326 2283 504 2318 concordant)
525 2288 606 2311 natus
628 2293 688 2312 esse
703 2285 869 2319 perhibetur.
887 2286 934 2312 Est
955 2289 1043 2312 autem

262 2328 431 2361 Bethlehem,
456 2337 488 2356 ex
504 2330 738 2365 interpretatione,
759 2331 851 2358 domus
871 2333 959 2367 panis,
985 2341 1045 2367 qua:

261 2376 302 2403 sic
323 2376 433 2410 quidem
457 2376 578 2410 ejusdem
606 2381 648 2404 est
665 2378 783 2405 nominis
806 2386 867 2405 cum
893 2387 925 2405 eo
943 2380 988 2414 qui
1011 2379 1044 2406 de

262 2423 319 2456 ipsa
338 2422 473 2456 profectus
496 2428 550 2452 cst.
571 2424 711 2451 Salvatore
737 2429 841 2452 nostro.
866 2426 910 2460 qui
930 2434 991 2452 cum
1009 2427 1043 2452 sit

263 2468 309 2494 [lci
332 2468 449 2495 \‘crbum
473 2472 499 2494 ct
518 2469 598 2499 ratio,
624 2470 782 2496 animalium
801 2471 974 2497 rationalium
1001 2476 1043 2498 est

262 2514 430 2541 alimentum.
462 2513 546 2545 Quam
571 2522 628 2540 rem
650 2515 709 2549 ipse
731 2523 839 2550 quoque
863 2516 1042 2548 demonstrat,

262 2559 307 2585 ubi
329 2560 381 2586 ait:
398 2569 406 2584 ‹
422 2559 476 2593 ligo
492 2567 551 2586 sum
567 2559 644 2593 panis
659 2561 703 2594 qui
722 2561 755 2587 (le
766 2562 836 2589 ccelo
849 2562 1018 2589 descendi“.
1032 2572 1041 2588 ›

262 2604 361 2632 Verum
386 2607 514 2640 quoniam
538 2608 594 2633 haec
620 2607 713 2635 eadem
741 2608 825 2642 ipsius
852 2608 935 2634 David
957 2608 1043 2642 patria

262 2652 322 2683 fuit,
336 2652 433 2678 merito
445 2652 491 2686 qui
505 2654 610 2680 ratione
621 2654 745 2680 humana:
756 2658 859 2680 natum
872 2653 954 2680 David
970 2655 1042 2682 filius

262 2704 323 2735 fuit,
334 2713 366 2731 ex
377 2704 428 2731 hoc
446 2704 505 2739 ipso
517 2706 577 2732 loco
592 2705 731 2740 profectus
744 2708 796 2737 est,
813 2706 839 2732 iu
857 2713 889 2733 co
904 2714 969 2733 sane
980 2715 1041 2735 cum

262 2750 428 2786 propheticis
450 2752 621 2778 concordans
644 2752 762 2779 oraculis
786 2761 792 2778 :
814 2752 904 2787 itaque
926 2754 1043 2781 obscura

259 2802 322 2822 esse
336 2797 452 2831 amplius
469 2806 551 2824 causa
567 2807 619 2824 non
637 2803 736 2832 potest,
756 2806 805 2826 cur
819 2799 870 2826 sibi
888 2799 1042 2828 Bethlchcm

298 2849 320 2865 ⁸³
335 2850 406 2876 l’sal.
422 2860 511 2883 cum,
530 2854 571 2878 10.
612 2854 634 2868 ’³ο
646 2854 711 2882 ibid.
729 2855 829 2886 17,18.

298 2895 421 2931 (ι)οὐδ’.
438 2897 507 2933 Lege
522 2901 586 2934 οὐχ·
605 2902 666 2929 itcm
689 2907 711 2929 et
733 2904 814 2938 paulo
832 2909 902 2939 post.
926 2905 1004 2932 Eutr.

1081 275 1172 309 ἕτερον
1193 273 1209 309 ἢ
1234 272 1279 298 ἐπὶ
1301 272 1380 306 μόνον
1400 270 1445 296 τὸν
1465 269 1579 304 Σωτῆρα
1600 269 1647 294 καὶ
1665 268 1767 304 Κύριον
1788 269 1869 304 ἡμῶν

1088 319 1190 355 Ἰησοῦν
1200 319 1244 345 τδν
1257 317 1371 353 Χριστὸν
1380 315 1426 342 τοῦ
1441 314 1519 345 Θεοῦ,
1532 315 1561 340 ὲν
1574 313 1698 349 Βηθλεὲμ
1714 315 1774 345 ταῖς
1788 317 1869 351 προρ-

1083 368 1193 402 ρήσεσιν
1202 363 1356 394 ἀκολούθως
1367 361 1575 396 γεγεννημένον.
1590 361 1646 386 Οὐκ
1661 360 1693 386 ἂν
1710 360 1775 393 γοῦν
1791 361 1868 387 ἄλλον

1082 421 1123 443 τις
1139 410 1294 442 ἐπιδείξειεν
1311 409 1341 434 ἐκ
1354 408 1455 442 ταύτης
1471 405 1582 438 ἐνδόξως
1602 406 1670 440 μετὰ
1685 406 1747 437 τοὺς
1764 415 1861 441 προφη-

1083 458 1156 488 τείας
1180 456 1290 491 χρόνους
1315 454 1490 489 προελθόντα¹
1506 452 1567 478 οὔτε
1587 451 1641 486 γὰρ
1659 451 1795 485 βασιλεὺς,
1809 451 1870 478 οὔτε

1084 502 1237 537 προφήτης,
1253 500 1305 526 οὐδ’
1320 499 1413 533 ἕτερός
1429 506 1470 525 τις
1483 498 1536 523 τῶν
1548 497 1612 532 παρ’
1630 497 1765 531 Ἐΰραιοις
1781 497 1870 532 θεοφι-

1083 548 1146 578 λῶν,
1167 548 1183 582 ἢ
1202 547 1279 581 μόνος
1296 546 1309 571 ὁ
1326 544 1419 579 Σωτὴρ
1442 544 1488 569 καὶ
1507 543 1606 577 Κύριος
1627 543 1706 577 ἡμῶν
1726 544 1740 569 ὁ
1755 542 1871 578 Χριστὸς

1083 594 1129 619 τοῦ
1147 593 1224 624 (θεοῦ,
1245 591 1313 626 ὁμοῦ
1327 592 1373 617 καὶ
1389 592 1420 616 ἐκ
1437 590 1592 625 σπέρματος
1610 589 1702 620 Δαῦὶδ,
1721 590 1767 615 καὶ
1779 589 1870 616 αὐτόθι

1085 639 1279 675 γεγεννημένος
1303 637 1503 664 ἀποδείκνυται.
1533 636 1602 671 Ὥρα
1624 636 1768 670 τοιγαροῦν
1792 635 1872 662 αὐτὸν

1085 688 1187 713 ἐκεῖνον
1204 683 1283 715 εἶναι,
1303 684 1347 709 καὶ
1367 683 1426 708 οὐδὲ
1451 682 1488 715 (1)
1506 681 1584 708 ἄλλον
1598 681 1643 707 τὸν
1657 682 1703 707 καὶ
1728 683 1755 707 ὲν
1768 681 1872 712 τούτοις

1086 730 1321 766 προφητειιόμενον
1337 728 1488 763 ὁμολογεῖν,
1499 728 1539 753 ὅτι
1550 735 1578 752 τε
1591 726 1683 761 σαφῶς
1699 728 1727 752 ἐν
1738 729 1792 758 τοῖς
1808 728 1872 762 ἑξῆς

1086 779 1099 804 ὁ
1110 778 1190 808 αὐτὸς
1204 776 1309 811 causa;
1326 775 1453 809 ὀνομαστὶ
1468 774 1512 799 τὸν
1534 773 1649 808 Χριστὸν
1663 773 1871 808 προσαγορεύων

1085 824 1164 851 τοῦτο
1180 824 1338 858 παρίστησι,
1360 821 1392 847 δι’
1408 818 1445 847 ὢν
1461 829 1552 856 φησιν·
1576 830 1585 845 ιι
1605 820 1712 846 Ἕνεκεν
1728 820 1809 846 Δαόὶδ
1822 820 1870 846 τοῦ

1086 871 1177 897 δούλου
1200 878 1246 896 σου
1270 869 1306 904 μὴ
1328 868 1502 903 ἀποστρέψῃς
1522 867 1552 893 τὸ
1573 867 1715 903 πρόσωπον
1737 866 1782 893 τοῦ
1804 867 1872 902 Χρι-

1052 913 1071 940 Β
1089 917 1151 943 στοῦ
1173 925 1230 942 σου·
1249 926 1258 941 ›
1277 917 1324 942 καὶ
1341 915 1430 942 πάλιν·
1453 924 1462 939 1
1486 914 1559 941 Ἐκεῖ
1575 913 1723 947 ἐξανατελῶ
1735 913 1817 949 κέρας
1833 913 1873 948 τῷ

1089 963 1182 995 Δαῆὶδ,
1191 962 1326 997 ἡτοίμασα
1341 961 1435 996 λύχνον
1450 960 1488 996 τῷ
1496 960 1605 996 Χριστῷ
1615 969 1675 995 μου.
1686 960 1753 990 Τοὺς
1762 959 1874 995 ἐχθροὺς

1090 1009 1171 1035 αὑτοῦ
1193 1008 1294 1035 ζίνδύσω
1310 1008 1450 1043 αἰσχύνην,
1473 1007 1518 1033 ἐπὶ
1539 1006 1567 1033 δὲ
1589 1006 1669 1032 αὑτὸν
1691 1005 1830 1040 ἐξανθήσει
1846 1006 1877 1031 τὸ

1089 1056 1213 1091 ἁγίασμά
1227 1064 1286 1090 μου.
1306 1065 1314 1080 ι
1332 1054 1386 1081 Ποῦ
1401 1054 1428 1080 δέ
1444 1062 1534 1089 φησιν,
1556 1062 1564 1078 ι
1588 1053 1661 1078 Ἐκεῖ
1671 1052 1821 1084 ἐξανατελῶ
1833 1052 1876 1078 κέ-

1092 1111 1140 1138 ρας
1156 1102 1194 1137 τῷ
1208 1101 1299 1132 Δαὸὶδ,
1317 1111 1326 1126 ›
1344 1102 1360 1136 ἢ
1379 1102 1407 1127 ὲν
1429 1101 1462 1135 τῇ
1484 1099 1605 1134 Βηθλεὲμ
1623 1101 1655 1134 τῇ
1681 1098 1819 1134 Ἐφραθά;
1835 1100 1876 1124 ὲν-

1089 1148 1183 1175 τεῦυεν
1196 1149 1250 1183 γὰρ
1265 1148 1296 1174 τὸ
1319 1148 1401 1183 κέρας
1422 1146 1468 1173 τοῦ
1484 1146 1566 1174 Δαξῗιδ
1587 1146 1601 1171 ὁ
1622 1145 1739 1180 Χριστὸς
1760 1145 1791 1171 τὸ
1807 1145 1873 1171 κατὰ

1092 1195 1180 1230 σάρκα
1191 1193 1245 1221 οἷόν
1257 1204 1283 1220 τι
1298 1195 1368 1230 μέγα
1383 1194 1440 1228 φῶς
1454 1193 1628 1226 ἐξανέτειλεν,
1640 1192 1757 1218 ἐνταῦθά
1767 1200 1796 1218 τε
1809 1192 1876 1227 ἡτοί-

1093 1250 1178 1276 μαστο
1192 1241 1244 1267 ὑπὸ
1258 1241 1304 1266 τοῦ
1317 1240 1384 1267 Θεοῦ
1401 1240 1454 1266 τῶν
1469 1240 1537 1266 ὅλων
1550 1241 1565 1266 ὁ
1579 1239 1625 1265 τοῦ
1640 1238 1757 1274 Χριστοῦ
1772 1237 1874 1273 λύχνος,

1091 1288 1142 1322 Εῖη
1157 1288 1178 1313 δ’
1192 1288 1224 1314 ἂν
1240 1287 1334 1322 λύχνος
1347 1286 1440 1318 αὑτοῦ,
1455 1284 1498 1312 οἶα
1514 1285 1606 1321 νοεροῦ
1622 1285 1718 1319 φωτὸς,
1735 1284 1764 1310 τὸ
1777 1283 1877 1319 ἀνθρὼ-

1092 1343 1166 1360 πειον
1183 1334 1290 1368 σκῆνος,
1301 1333 1333 1359 δι’
1349 1329 1378 1359 οῦ
1393 1333 1469 1368 δίκην
1480 1332 1639 1367 ὁστρακίνου
1650 1331 1772 1362 σκεύους,
1784 1329 1878 1366 ὥσπερ

1091 1379 1135 1405 διὰ
1148 1379 1255 1414 λύχνου,
1268 1379 1317 1410 τὰς
1332 1378 1378 1404 τοῦ
1395 1379 1458 1404 ἰδίου
1474 1379 1561 1412 φωτὸς
1577 1379 1687 1409 ἀκτῖνας
1702 1378 1767 1403 πᾶσι
1781 1378 1838 1408 τοῖς
1850 1377 1879 1402 ὲν

1093 1424 1188 1458 ἀγνοίᾳ
1203 1424 1270 1450 Θεοῦ
1286 1424 1332 1450 καὶ
1347 1424 1434 1459 σκότῳ
1447 1423 1522 1458 βαθεῖ
1536 1422 1704 1458 πιεζομένοις
1716 1421 1876 1456 ἐξέλαμψεν.

1099 1468 1177 1495 Ἀλλὰ
1212 1469 1266 1504 γὰρ
1298 1469 1344 1495 καὶ
1371 1469 1400 1494 ἐν
1427 1469 1532 1500 τούτοις
1565 1466 1753 1500 ἀποδεδεῖχθαι
1784 1465 1878 1500 σαφῶς

1093 1515 1213 1550 ἡγοῦμαι
1238 1515 1304 1541 Θεὸν
1327 1514 1422 1541 Ὶακὼὸ
1451 1515 1497 1541 ἀπ’
1526 1514 1613 1550 ἀρχῆς
1640 1513 1686 1540 καὶ
1713 1512 1742 1545 ἐξ
1769 1512 1881 1548 ἡμερῶν

1093 1562 1259 1596 τυγχάνοντα
1269 1562 1364 1593 αἰῶνος
1377 1560 1528 1596 ἀνθρώποις
1539 1561 1616 1596 ἐπιδη
1621 1562 1727 1596 μήσειν,
1737 1560 1783 1586 καὶ
1790 1568 1884 1594 γεννη-

1094 1607 1222 1644 θήσεσθαι
1234 1608 1284 1634 οὐκ
1294 1607 1419 1642 ἀλλαχόθι
1434 1607 1485 1642 γῆς
1499 1607 1555 1633 ἀλλ’
1564 1607 1580 1642 ἢ
1590 1609 1618 1634 ἐν
1629 1606 1667 1642 τῷ
1679 1607 1747 1633 κατὰ
1759 1605 1881 1641 Βηθλεὲμ

1094 1655 1178 1690 τόπῳ,
1187 1654 1253 1690 πρὸς
1262 1656 1316 1685 τοῖς
1330 1653 1524 1690 Ἰεροσολύμοις
1532 1653 1615 1679 εἰσέτι
1625 1654 1671 1680 καὶ
1680 1653 1726 1680 νῦν
1736 1652 1882 1679 ἐπιδεικνύ-

1095 1701 1168 1736 μένῳ
1179 1700 1280 1735 χωρίῳ,
1293 1699 1355 1726 ἔνθα
1368 1700 1420 1726 οὐδ’
1432 1700 1510 1731 ἄλλος
1522 1699 1590 1735 μετὰ
1603 1701 1663 1731 τοὺς
1674 1699 1727 1725 τῶν
1737 1699 1880 1735 προφητῶν

1094 1747 1206 1783 χρόνους
1215 1747 1349 1782 ἐπιφανὴς
1364 1747 1410 1772 καὶ
1425 1748 1464 1777 εἰς
1473 1747 1576 1779 πάντας
1589 1746 1748 1782 ἀνθρώπους
1762 1745 1881 1778 ἐπίδοξος

1093 1794 1110 1829 ἢ
1123 1793 1201 1829 μόνος
1215 1793 1317 1828 Ἰησοῦς
1329 1793 1343 1818 ὁ
1355 1793 1469 1829 Χριστὸς
1485 1793 1552 1828 πρὸς
1562 1794 1615 1819 τῶν
1628 1794 1783 1828 ἐπιχωρίων
1796 1793 1882 1819 ἁπάν-

1094 1848 1146 1865 των
1166 1839 1318 1870 ἀκολούθως
1345 1840 1404 1870 ταῖς
1428 1839 1618 1873 εύαγγελικαῐς
1641 1840 1743 1873 φωναῖς
1763 1837 1879 1872 γεγονὼς

1096 1886 1280 1920 μαρτυρεῖται.
1304 1885 1497 1921 Ἑρμηνεύεται
1520 1885 1547 1911 δὲ
1565 1886 1581 1920 ἡ
1598 1885 1720 1920 Βηθλεὲμ
1737 1883 1818 1916 οἶκος
1829 1883 1880 1917 ᾶίη-

1094 1939 1157 1963 του,
1174 1930 1332 1966 φερώνυμος
1345 1928 1411 1957 οὖσα
1427 1931 1473 1957 τοῦ
1491 1931 1664 1966 προελθόντος
1681 1930 1710 1962 ἐξ
1725 1931 1809 1965 αὐτῆς
1825 1930 1881 1955 Σω-

1094 1977 1174 2011 τῆρος
1198 1977 1274 2012 ήμῶν
1291 1977 1364 2008 όντος
1381 1976 1448 2002 Θεοῦ
1463 1977 1560 2011 Λόγου,
1577 1977 1671 2012 ψυχῶν
1687 1977 1802 2010 λογικῶν
1820 1976 1882 2010 Opa-

1095 2022 1207 2048 πτικοῦ·
1226 2023 1239 2048 ὂ
1252 2023 1297 2049 καὶ
1314 2022 1478 2058 παρίστησιν
1488 2024 1567 2054 αὐτὸς
1583 2023 1669 2057 λέγων
1680 2032 1686 2037 ·
1709 2033 1717 2048 α
1739 2022 1808 2056 Ἑγὼ
1825 2024 1884 2057 εἰμι

1094 2070 1108 2094 ὁ
1125 2068 1207 2104 ἄρτος
1222 2070 1235 2095 6
1259 2070 1291 2094 ἐκ
1314 2069 1361 2095 τοῦ
1378 2069 1491 2104 ούρανοῦ
1510 2069 1640 2101 καταϐάς.
1665 2079 1673 2094 ι
1698 2069 1766 2098 Ἀλλ’
1788 2069 1883 2103 ἐπειδὴ

1095 2116 1142 2141 καὶ
1163 2114 1209 2140 τοῦ
1233 2115 1314 2141 Δαϐὶδ
1328 2116 1436 2149 γέγονεν
1457 2116 1525 2151 αῦτη
1549 2116 1655 2151 πατρὶς,
1672 2115 1782 2146 εἰκότως
1799 2115 1846 2141 καὶ
1869 2117 1884 2142 ὁ

1095 2160 1165 2186 κατὰ
1184 2161 1270 2196 σάρκα
1287 2162 1430 2197 γενόμενος
1441 2163 1497 2193 υἱὸς
1513 2162 1593 2189 Δαϐὶδ
1603 2162 1650 2197 τὴν
1667 2161 1776 2196 πρόώον
1791 2161 1821 2193 ἐξ
1835 2162 1884 2188 αύ-

1095 2208 1143 2242 τῆς
1158 2209 1312 2242 ἐποιήσατο,
1329 2207 1481 2239 ἀκολούθως
1494 2210 1553 2239 ταῖς
1570 2209 1749 2243 προφητικαῖς
1765 2209 1885 2243 11.006611,-

1061 2259 1083 2287 D
1098 2261 1186 2278 cas—vr
1206 2253 1274 2279 ὥστε
1295 2254 1344 2280 οὐκ
1361 2253 1455 2289 ἄδηλον
1473 2252 1540 2281 εἶναι
1563 2255 1609 2280 καὶ
1628 2254 1675 2289 τὴν
1696 2254 1786 2280 αἰτίαν
1801 2254 1834 2280 δι’
1850 2254 1884 2289 ἢν

1097 2299 1211 2333 πατρίδα
1225 2300 1273 2334 τὴν
1287 2299 1410 2335 Βηθλεὲμ
1426 2301 1610 2336 ἐπεγράψατο.
1635 2300 1712 2326 Ἀλλὰ
1727 2300 1773 2327 καὶ
1785 2302 1813 2327 ὲν
1827 2301 1882 2327 Να-

1098 2344 1189 2380 ζάροις
1215 2345 1378 2380 ἀνατραφεὶς
1403 2345 1520 2380 λέγεται,
1548 2347 1595 2372 καὶ
1622 2346 1701 2372 πάλιν
1727 2345 1883 2381 Ναζωραῖος

1097 2390 1287 2426 κληθήσεσθαι.
1298 2391 1395 2417 Ἱστέον
1408 2390 1464 2422 οῦν,
1477 2393 1518 2418 ὅτι
1535 2393 1581 2418 καὶ
1590 2392 1619 2418 τὸ
1633 2390 1787 2426 Ναζαραῖον
1800 2391 1883 2427 ὄνομα

1104 2436 1242 2471 Ἐϐραϊκδν
1259 2438 1386 2472 τυγχάνει
1404 2438 1431 2464 ἐν
1454 2438 1588 2473 Λευῖτικῷ
1605 2439 1650 2464 ἐπὶ
1665 2439 1711 2465 τοῦ
1735 2440 1883 2474 χρίσματος

1095 2482 1142 2508 τοῦ
1159 2483 1224 2518 παρ’
1239 2484 1330 2515 αὐτοῖς
1347 2484 1474 2518 Χριστοῦ.
1490 2482 1543 2510 Ἦν
1557 2485 1584 2510 δὲ
1602 2481 1678 2516 οὗτος
1690 2486 1704 2511 6
1720 2485 1811 2520 ἄρχων
1824 2485 1883 2511 κατ’

1096 2529 1186 2555 εἰκόνα
1200 2529 1244 2555 τοῦ
1265 2530 1382 2565 μεγάλου
1400 2531 1445 2556 καὶ
1461 2530 1567 2565 ἀληθῶς
1585 2531 1734 2566 ἀρχιερέως
1754 2531 1800 2557 τοῦ
1818 2531 1885 2566 Χρι-

1096 2575 1157 2600 στοῦ
1169 2575 1214 2601 τοῦ
1232 2575 1309 2607 Θεοῦ,
1322 2575 1421 2612 σκιώδη
1437 2576 1495 2602 τινὰ
1511 2577 1556 2603 καὶ
1572 2577 1683 2604 τυπικὺν
1697 2577 1812 2613 Χριστὸν
1826 2577 1886 2603 ἐπι-

1096 2621 1253 2655 φερόμενος.
1271 2621 1314 2647 Ἐν
1331 2619 1371 2652 οἷς
1385 2622 1448 2656 γοῦν
1464 2623 1570 2658 εἴρηται
1588 2623 1657 2650 κατὰ
1670 2625 1733 2654 τοὺς
1753 2623 1884 2659 Ἑϐδομή-

1099 2676 1179 2693 κοντα
1195 2668 1258 2703 περὶ
1275 2667 1320 2694 τοῦ
1342 2669 1502 2704 Ἀρχιερέως
1515 2679 1521 2684 ·
1541 2679 1549 2695 ι
1566 2671 1619 2696 Καὶ
1632 2671 1661 2697 οὑ
1680 2669 1827 2705 βεϐηλώσει
1838 2670 1886 2696 τὸν

1097 2714 1262 2748 ἡγιασμένον
1286 2714 1330 2740 τοῦ
1360 2714 1427 2741 Θεοῦ
1453 2716 1554 2742 αὐτοῦ’
1581 2717 1620 2743 ὅτι
1643 2716 1674 2742 τὸ
1698 2716 1774 2750 ἅγιον
1796 2716 1887 2742 ἔλαιον

1097 2759 1214 2794 Χριστοῦ
1226 2759 1271 2785 τοῦ
1285 2759 1352 2786 Θεοῦ
1369 2760 1465 2786 αὑτοῦ·
1490 2770 1498 2786 ι
1515 2761 1546 2787 τὸ
1563 2761 1612 2796 μὲν
1633 2760 1785 2796 Ἐϐραῖκὸν,
1803 2769 1811 2785 ι
1824 2760 1888 2786 Ὀτι

1098 2803 1189 2839 Ναζὲρ
1206 2804 1302 2836 ἔλαιον,
1321 2815 1329 2830 ι
1345 2805 1478 2840 περιέχει·
1497 2807 1510 2832 6
1524 2806 1552 2832 δὲ
1574 2805 1702 2837 Ἀκύλας”
1724 2814 1733 2831 ι
1755 2806 1814 2832 Ὅτι
1837 2804 1884 2840 ἀφ

871 2856 1033 2889 ⁵¹1οηη.νι,
1050 2857 1094 2885 Μ.

2035 2380 2047 2472 ἱ
