2049 3231
169 166 219 194 5t!)

623 162 948 190 DEMONSTRATIONIS
970 162 1199 189 EVANGELiC/E
1223 163 1285 190 ΗΒ.
1309 163 1364 191 ΠΙ.

1737 166 1790 193 550

166 227 278 258 ὅρισμα,
291 222 376 249 ἔλαιον
388 222 553 257 ἀλείμματος
566 220 632 246 Θεοῦ
645 220 726 246 αὐτοῦ
743 220 785 245 ἐπ’
802 220 875 246 αὑτῶ
887 228 893 233 ·
914 230 923 245 ι
942 220 955 245 ὁ

1007 220 1121 254 patriam
1134 221 1300 255 ascripserit.
1318 220 1450 248 Cmterum
1462 222 1541 249 etiam
1557 223 1584 250 in
1599 223 1710 251 Nazaris
1722 226 1790 252 edu-

168 270 196 296 δὲ
212 270 359 304 Σύμμαχος
371 277 377 283 ·
400 278 408 293 ‹
429 268 488 294 ’Ότι
505 267 615 294 ἄθικτον
636 267 724 293 ἔλαιον
747 266 793 292 τοῦ
808 266 955 301 χρίσματος

168 316 215 342 τοῦ
232 315 299 342 Θεοῦ
313 313 393 341 αὐτοῦ
410 314 453 339 ἐπ’
470 312 560 347 αὐτῷ·
583 322 591 338 ι
611 314 625 339 ὁ
646 312 674 338 δὲ
690 312 850 338 Θεοδοτίων·
870 321 878 336 ε
896 312 955 337 Ὅτι

167 361 198 388 τὸ
214 360 306 395 Ναζὲρ
319 360 405 386 ἔλαιον
418 359 448 385 τὸ
460 359 567 394 χριστὸν
584 358 660 394 παρὰ
674 357 740 384 Θεοῦ
753 357 835 383 αὑτοῦ
850 358 892 383 ἐπ’
909 357 956 383 αὑ-

167 407 217 441 τῷ·
249 416 257 431 ›
273 405 342 432 ὥστε
359 403 467 432 εἶναιτὸ
484 404 584 439 Ναζὲρ,
602 403 672 430 κατὰ
690 404 737 439 μὲν
750 404 811 434 τοὺς
829 403 956 438 Ἑϐδομή-

168 460 262 483 κοντα,
276 452 369 486 ἅγιον,
387 451 457 477 κατὰ
472 451 501 476 δὲ
511 451 556 476 τὸν
564 449 690 481 Ἀκύλαν,
708 450 868 483 ἀράρισμα,
886 449 955 475 κατὰ

168 497 196 524 ὖὲ
209 497 255 523 τὸν
271 497 427 532 Σύμμαχον,
444 496 580 523 ἄθικτον·
595 496 663 522 ὥστε
679 497 710 521 ὲκ
726 495 819 521 τούτου
831 495 861 520 τὸ
873 495 956 526 Ναξι-

170 545 245 578 ραῖον
270 543 353 577 ὄνομα
378 542 519 577 σημαίνειν
543 542 601 576 ἦτοι
619 541 663 567 τὸν
688 541 805 575 ἃγιον,ἢ
828 541 872 566 τὸν
904 541 955 574 ἀφ-

169 589 328 624 ωρισμένον,
341 589 356 623 ἢ
371 588 416 615 τὸν
432 588 548 615 ἄθικτον.
572 588 639 613 Ἀλλ’
655 589 678 614 οἱ
701 588 747 622 μὲν
764 587 846 613 πάλαι
864 589 954 623 ἱερεῖς,

168 634 202 661 δι’
214 634 301 661 ἐλαίου
315 634 473 665 σκευαστοῦ,
489 633 535 659 τοῦ
548 633 621 668 παρὰ
643 634 737 659 Musa?
757 633 847 668 Ναζὲρ
861 633 956 659 καλου-

170 678 259 714 μένου,
277 679 426 714 χριόμενοι,
451 677 622 713 παραγώγως
644 677 698 704 ἀπὸ
720 677 766 703 τοῦ
784 677 873 713 Ναζὲρ
891 678 955 703 ἐκα-

167 724 261 752 λοῦντο
285 725 449 759 Ναζιραῐοι·
478 725 491 750 ὁ
510 724 538 749 δὲ
563 724 657 758 Σωτὴρ
680 724 726 749 καὶ
752 723 852 758 Κύριος
879 723 956 758 ἡμῶν

168 770 239 797 κατὰ
257 769 337 805 φύσιν
355 769 422 804 ἔχων
446 769 475 795 τὸ
493 769 579 802 ἆγιον,
602 769 648 794 καὶ
666 768 696 793 τὸ
718 767 836 798 ἄθικτον,
858 767 904 793 καὶ
927 767 956 793 τὸ

168 815 366 852 ἀφωρισμένον,
383 816 412 841 οὐ
427 815 552 848 δεόμενός
568 822 599 847 γε
614 813 761 849 χρίσματος
775 813 954 848 ἀνθρωπίνου,

167 863 242 897 ὅμως
257 862 306 896 τῆς
327 860 372 887 τοῦ
394 859 544 895 Ναζιραίου
569 859 752 894 προσηγορίας
776 860 840 894 παρ’
853 858 956 894 ἀνθρώ-

169 916 229 938 ποις
244 907 347 942 ἔτυχεν,
362 906 411 932 οὐκ
434 905 487 932 ἀπὸ
508 905 553 931 τοῦ
571 905 736 939 καλουμένου
755 905 845 940 Ναζὲρ
867 904 955 930 ἐλαίου

1005 271 1082 292 catus
1099 274 1159 293 esse
1171 267 1282 300 dicitur,
1296 271 1325 294 et’
1336 267 1375 294 sic
1391 267 1536 295 Nazarmus
1551 270 1699 297 vocandus.
1713 270 1790 299 Scire

1006 310 1089 343 igitur
1111 315 1218 345 oportet
1238 312 1311 346 quod
1336 320 1434 339 nomen
1451 317 1493 339 est
1520 313 1682 341 Hebraicum
1705 316 1787 343 Nazi-

1005 362 1088 381 raaum
1111 355 1137 381 in
1163 355 1294 388 Levitico,
1319 357 1345 383 in
1364 357 1424 391 ejus
1439 358 1541 386 Christi
1560 361 1690 388 unctione
1708 369 1789 395 quem
1836 360 1838 362 ’

1006 399 1056 433 ipsi
1072 400 1215 426 habebant.
1234 401 1318 427 Porro
1328 402 1371 428 hic
1388 407 1446 429 erat
1464 405 1646 439 principatum
1663 406 1790 434 obtinens

1006 445 1155 471 secundum
1175 446 1317 480 imaginem
1334 449 1422 482 magni
1439 453 1465 475 et
1477 450 1534 476 veri
1552 449 1692 478 Pontiticis
1708 452 1789 479 Chri-

1007 490 1040 516 sti
1058 490 1114 521 Dei,
1138 491 1326 518 adumbratum
1341 493 1467 520 videlicet
1482 496 1625 529 quemdam
1649 501 1675 523 et
1694 497 1791 530 [igura-

1006 539 1062 562 tum
1076 536 1214 564 Christum
1229 543 1435 572 repraesentans.
1453 540 1574 568 Uliivcro
1588 541 1658 568 LXX
1668 543 1700 569 de
1717 542 1788 569 Pon-

1008 581 1079 608 tiﬁce
1098 582 1133 608 ila
1156 583 1327 617 interpretati
1355 589 1428 616 sunt,
1455 595 1463 609 ‹
1480 590 1506 612 et
1529 595 1583 613 non
1603 588 1703 621 polluet
1718 590 1790 622 quod

1007 627 1203 654 sanctiﬁcatum
1219 633 1261 655 est
1277 629 1323 656 Dei
1338 631 1390 661 sui,
1408 633 1535 665 quoniam
1553 638 1676 660 sanctum
1699 635 1789 661 oleum

1007 673 1142 700 unctionis
1155 673 1200 700 Dei
1214 675 1255 701 sui
1268 675 1300 707 ",
1315 685 1323 701 ι
1339 676 1366 701 in
1379 675 1511 703 Hebraico
1522 679 1629 712 legitur,
1643 681 1790 713 «quoniam

1006 717 1093 745 Nazcr
1108 719 1196 746 oleum
1215 730 1221 746 :
1240 730 1248 745 ι
1266 721 1361 755 Aquila
1380 727 1468 749 autem
1488 723 1527 750 sic
1541 726 1683 757 convertit,
1702 734 1711 750 ι
1728 733 1792 760 quo-

1007 765 1078 791 niam
1099 766 1270 800 segregatio,
1294 767 1382 793 oleum
1408 769 1547 795 unctionis
1566 769 1611 796 Dei
1641 772 1682 797 sui
1711 779 1793 805 super

1007 811 1105 845 ipsum.
1122 822 1132 837 ι
1153 812 1334 848 Symmachus
1357 818 1458 846 autem,
1480 817 1632 850 «quoniam
1660 818 1791 844 intactum

1006 857 1096 883 oleum
1111 858 1247 884 unctionis
1266 858 1311 884 Dei
1327 859 1368 885 sui
1381 867 1463 894 super
1478 861 1577 894 ipsum.
1597 871 1605 886 ι
1621 861 1790 889 Theodotioa

1003 910 1077 934 vero,
1097 912 1105 928 ε
1118 905 1245 937 quoniam
1267 903 1355 931 Nazer
1374 905 1462 931 oleum
1480 906 1617 933 unctionis
1639 915 1653 933 a
1672 907 1726 934 Deo
1743 915 1792 935 suo

168 952 315 988 Ναζιραῖος
336 951 463 986 γεγονὼς,
480 951 535 977 ἀλλ’
556 950 592 977 ὢν
617 951 665 985 μὲν
682 952 714 986 τῇ
732 950 811 984 φύσει
824 950 953 981 τοιοῦτος,

1008 956 1090 982 super
1105 949 1203 983 ipsum.
1222 958 1231 973 ι
1249 949 1338 981 Quare
1354 949 1439 977 Nazer
1456 951 1529 985 ipsos
1542 953 1651 986 quidem
1664 952 1734 979 LXX
1750 962 1794 981 se-

169 998 278 1033 κληθεὶς
298 997 325 1024 δὲ
350 997 396 1024 καὶ
411 997 476 1032 παρ’
494 996 646 1031 ἀνθρώποις
666 997 812 1031 Ναζιραῖος
835 996 888 1023 ἀπὸ
907 996 955 1031 τῆς

169 1043 304 1079 Ναζαρὲθ,
321 1042 385 1069 ἔνθα
398 1043 471 1077 παρὰ
486 1044 541 1073 τοῖς
555 1042 624 1068 κατὰ
641 1042 728 1077 σάρκα
744 1041 852 1075 γονεῦσι
862 1041 911 1076 τὴν
927 1041 956 1066 ἐν

169 1090 263 1115 παισὶν
291 1088 444 1124 ἀνατροφὴν
469 1088 579 1123 ἔσχηκε.
608 1087 653 1113 Διὸ
675 1087 797 1113 λέλεκται
817 1086 894 1121 παρὰ
918 1085 956 1121 τῷ

168 1134 300 1169 Ματθαίῳ
313 1142 319 1149 ·
349 1143 357 1159 ι
374 1133 578 1170 Χρηματισθεὶς
597 1133 624 1159 δὲ
647 1133 706 1159 κατ’
721 1133 786 1168 ὄναρ
813 1132 900 1168 (δῆλον
916 1132 955 1163 δὲ,

169 1180 240 1206 ὃτιὸ
259 1179 380 1214 Ἰωσὴφ),
406 1178 579 1214 ἀνεχώρησεν
602 1179 641 1209 είς
657 1179 690 1205 τὰ
714 1178 782 1213 μέρη
807 1178 855 1212 τῆς
880 1176 958 1203 Γαλι-

167 1225 247 1252 λαίας
256 1234 262 1240 ·
278 1226 324 1252 καὶ
333 1225 420 1252 ἐλθὼν
434 1225 592 1260 κατῴκησεν
607 1225 646 1256 εἰς
658 1225 734 1250 πόλιν
741 1224 890 1259 λεγομένην
899 1224 956 1250 Να-

169 1270 250 1306 ζαρὰ,
266 1271 340 1302 ὅπως
363 1270 493 1306 πληρωθῇ
519 1270 549 1296 τὸ
567 1270 645 1305 ῥηθὲν
660 1270 703 1296 διὰ
724 1269 777 1296 τῶν
801 1269 955 1305 προφητῶν,

168 1315 208 1341 ὅτι
225 1314 381 1351 Ναζαραῖος
405 1316 579 1351 κληθήσεται.
607 1325 615 1341 ι
637 1315 711 1342 Ἔδει
734 1315 783 1350 μὲν
800 1315 853 1351 γὰρ
877 1315 957 1341 αὑτὸν

168 1362 199 1393 ἐξ
211 1361 330 1393 ἅπαντος
347 1361 426 1396 φύσει
443 1362 489 1388 καὶ
507 1361 620 1396 ἀληθείᾳ
635 1360 783 1393 Ναζιραῖον
798 1361 872 1393 ὅντα,
885 1361 956 1387 τοῦτ’

168 1406 241 1434 ἔστιν
256 1407 333 1441 ἅγιον
346 1407 392 1433 καὶ
408 1407 517 1434 ἄθικτον
534 1407 581 1434 καὶ
594 1407 791 1443 ἀφωρισμένον,
808 1406 839 1438 ἐξ
855 1406 958 1442 ἀνθρώ-

169 1462 228 1480 πων
238 1453 369 1488 κληθῆναι
383 1453 468 1488 ταύτῃ
485 1454 517 1488 τῇ
527 1453 697 1489 προσηγορίᾳ
709 1460 716 1466 ’
731 1452 786 1479 ἀλλ’
804 1453 865 1479 ἐπεὶ
877 1452 914 1488 μὴ
926 1454 957 1479 ὲκ

168 1499 216 1525 τοῦ
232 1498 324 1535 Ναζὲρ
339 1499 427 1525 ἐλαίου
443 1493 545 1534 ταύτης
557 1498 635 1533 ἔτυχε
646 1498 695 1533 τῆς
709 1499 902 1534 προσηγορίας,
921 1499 957 1534 μὴ

168 1544 274 1580 δεηθεὶς
287 1544 456 1580 ἀνθρωπίνου
473 1544 632 1580 χρίσματος,
644 1544 675 1570 ὲκ
690 1544 736 1570 τοῦ
751 1544 831 1571 τόπου
844 1545 893 1579 τῆς
903 1545 958 1570 Να-

171 1590 252 1626 ζαρὲθ
268 1590 316 1626 τὴν
331 1590 488 1625 ἐπωνυμίαν
503 1591 646 1625 ἐκτήσατο.
661 1590 768 1616 Τούτων
789 1590 874 1622 οὕτως
892 1591 958 1617 ἀπο-

169 1637 356 1672 δεδειγμένων,
373 1638 467 1673 καιρὸς
485 1637 683 1672 ἐπισκέψασθαι
697 1637 742 1663 καὶ
756 1636 786 1669 ἐξ
803 1637 894 1663 ὁποίου
909 1637 956 1671 γέ·
970 1627 992 1656 c

169 1691 243 1715 νους,
255 1682 290 1715 ἐξ·
300 1682 393 1714 ὁποίας
404 1690 433 1708 τε
452 1681 583 1716 Ἐὃραίων
597 1681 683 1716 φυλῆς
696 1683 710 1708 ὁ
722 1681 816 1717 Σωτὴρ
832 1681 888 1708 τῶν
904 1682 955 1717 ψυ-

169 1728 225 1763 χῶν
240 1727 328 1763 ἡμῶν,
344 1728 359 1753 ὁ
382 1727 497 1762 Χριστὸς
512 1727 559 1753 τοῦ
581 1726 648 1753 Θεοῦ
672 1727 881 1762 προελεύσεσθαι
894 1728 958 1762 ἐκη-

172 1773 292 1809 ρύττετο.
310 1772 425 1807 Πρώτας
441 1772 469 1798 δὲ
484 1772 534 1804 τὰς
558 1772 738 1806 εὐαγγελικὰς
757 1773 803 1799 καὶ
818 1772 882 1808 περὶ
897 1772 958 1799 τού-

169 1826 217 1844 του
232 1817 424 1852 παραθήσομαι
434 1816 521 1849 λέξεις
533 1825 540 1831 ·
554 1815 603 1843 εἷθ’
614 1817 688 1843 ὦσπε
693 1826 708 1853 ρ
718 1818 863 1853 ἀρμονίους
874 1826 959 1852 σφρα-

170 1861 249 1895 γῖδας
263 1861 312 1893 τὰς
324 1860 493 1897 προφητικὰς
507 1861 602 1893 αὑταῖς
615 1862 736 1896 ἐπιθήσω
750 1863 910 1898 μαρτυρίας.
929 1863 959 1888 '0

173 1907 223 1942 μὲν
243 1904 289 1933 οὖν
304 1906 443 1939 Ματθαῖος
459 1903 511 1934 ὧδε
529 1907 575 1934 τὸν
590 1908 706 1943 Χριστὸν
720 1908 791 1934 κατά
808 1908 896 1943 σάρκα
914 1917 960 1942 γε-

170 1953 311 1987 νεαλογεῖ·
331 1962 341 1977 ι
361 1952 456 1984 Βίϐλος
479 1953 612 1987 γενέσεως
635 1954 722 1989 Ἰησοῦ
751 1954 880 1990 Χριστοῦ,
900 1954 959 1981 υἱοῦ

166 1999 262 2031 Δαόὶδ,
284 1998 342 2025 υἱοῦ
359 1999 493 2035 Ἀϐραάμ.
518 1999 640 2034 Ἀϐραὰμ
650 2000 777 2035 ἐγέννησε
790 2000 835 2027 τὸν
856 2000 958 2032 Ἰσαὰκ,

178 2044 273 2071 Ἰσαὰκ
293 2045 321 2071 δὲ
337 2044 464 2079 ἐγέννησε
480 2043 525 2070 τὸν
544 2042 651 2075 Ἰακὼϐ,
671 2043 767 2070 Ἰακὼϐ
788 2044 815 2071 δὲ
833 2045 960 2080 ἐγέννησε

172 2089 219 2115 τὸν
238 2089 349 2120 Ὶόύδαν,
385 2089 431 2115 καὶ
462 2088 496 2114 τὰ
517 2087 588 2123 ἑξῆς.
606 2088 716 2123 Συνᾴδει
740 2089 768 2115 δὲ
790 2089 863 2124 αὐτῷ
880 2090 926 2116 καὶ
947 2091 961 2116 ὁ

180 2135 349 2167 Ἀπόστολος,
360 2135 445 2168 λέγων
462 2134 614 2169 ἀφωρίσθαι
632 2143 641 2160 ι
652 2135 692 2166 εἰς
709 2135 871 2169 Εὑαγγέλιον
882 2135 960 2166 Θεοῦ,

172 2180 187 2206 ὃ
206 2180 440 2215 προεπηγγείλατο
454 2179 497 2206 διὰ
513 2179 567 2206 τῶν
585 2179 731 2215 προφητῶν
752 2181 834 2206 αὐτοῦ
849 2181 877 2206 ὲν
891 2181 962 2215 Γρα-

174 2227 238 2259 φαῖς
253 2225 342 2259 ἁγίαις
365 2225 429 2260 περὶ
444 2224 491 2251 τοῦ
506 2224 579 2250 ιΥίοῦ
596 2224 679 2250 αὑτοῦ
695 2223 742 2250 τοῦ
762 2224 907 2259 γενομένου
929 2225 961 2250 ἐκ

173 2270 330 2306 σπέρματος
346 2270 426 2297 Δαϐὶδ
450 2269 520 2296 κατὰ
537 2270 636 2306 σάρκα.
655 2279 664 2295 ›
679 2270 786 2296 Γένοιτο
801 2270 823 2296 δ’
844 2270 876 2296 ἂν
895 2269 963 2305 σύμ-

174 2326 250 2351 φωνα
261 2317 347 2344 ταῦτα
363 2318 423 2348 ταῖς
435 2317 521 2348 οὕτως
541 2316 665 2351 ἐχούσαις
679 2317 872 2352 προρρήσεσιν.

1006 994 1153 1028 quentibus
1166 999 1285 1021 sanciunt
1301 996 1363 1027 erit,
1380 996 1468 1030 ipsum
1483 1004 1546 1023 vero
1559 998 1697 1032 Aquilam,
1714 1007 1792 1032 sepa—

1006 1040 1087 1070 ratio,
1104 1039 1297 1074 Symmachum
1312 1046 1413 1073 autem,
1430 1043 1576 1074 intactum;
1595 1044 1686 1078 itaque
1701 1053 1733 1071 ex
1751 1045 1793 1072 his

1006 1085 1157 1112 Nazirmum
1182 1093 1281 1113 nomen
1307 1087 1485 1122 signiﬁcabit,
1512 1092 1558 1115 aut
1581 1093 1722 1122 sanctum,
1748 1097 1794 1118 aut

1008 1136 1189 1166 segregatum,
1212 1135 1258 1159 aut
1282 1134 1425 1160 intactum.
1446 1135 1480 1161 At
1498 1139 1563 1162 vcro
1588 1135 1669 1169 prisci
1684 1136 1794 1170 quidem

1008 1176 1183 1209 sacerdotes,
1219 1185 1281 1204 cum
1311 1179 1371 1205 oleo
1401 1184 1578 1214 comparato,
1618 1181 1689 1215 quod
1723 1181 1794 1216 apud

1008 1222 1101 1250 Mosen
1126 1222 1213 1250 Nazer
1241 1224 1400 1258 appellatur,
1428 1231 1609 1260 ungerentur,
1635 1234 1667 1253 ex
1688 1226 1795 1253 deriva~

1007 1268 1082 1295 tione
1104 1268 1220 1295 aNazer
1251 1269 1421 1297 vocabantur
1442 1270 1566 1298 Nazirtei.
1593 1270 1646 1299 Sed
1673 1270 1794 1299 Salvator

1008 1316 1035 1340 et
1048 1312 1179 1340 Dominus
1194 1317 1298 1346 noster,
1314 1319 1408 1349 suapte
1426 1320 1524 1342 natura
1541 1317 1567 1343 in
1585 1324 1614 1343 se
1635 1317 1750 1350 habens,
1768 1322 1793 1344 cl

1009 1362 1144 1391 sanctum,
1161 1364 1186 1386 et
1199 1360 1342 1393 intactum,
1357 1364 1383 1387 et
1393 1366 1559 1394 separatum,
1578 1370 1666 1397 neque
1679 1363 1794 1398 alicujus

1008 1405 1133 1440 indigens
1146 1405 1273 1433 humanae
1295 1407 1443 1439 unctionis,
1459 1412 1550 1435 tamen
1571 1407 1684 1435 Nazirazi
1700 1409 1794 1443 appel~

1009 1450 1138 1477 lationem
1156 1451 1227 1485 apud
1240 1452 1364 1479 homines
1378 1453 1506 1484 obtinuit,
1519 1461 1574 1480 non
1594 1454 1666 1488 quod
1682 1454 1715 1481 ab
1732 1455 1794 1482 oleo

1008 1495 1080 1529 quod
1097 1494 1183 1521 Nazer
1191 1501 1334 1523 vocaretur
1346 1496 1484 1524 Naziraeus
1502 1498 1648 1530 exstiterit,
1661 1499 1708 1526 sed
1722 1500 1793 1534 quod

1008 1541 1133 1576 quamvis
1151 1545 1249 1568 natura
1263 1542 1372 1577 quidem
1395 1543 1457 1570 talis
1480 1547 1563 1575 esset,
1581 1549 1671 1571 tamen
1693 1552 1709 1571 a
1730 1544 1793 1572 civi-

1007 1591 1064 1615 tate
1080 1587 1215 1615 Nazareth
1238 1589 1308 1623 apud
1322 1589 1447 1617 homines
1461 1589 1602 1617 Nazirmus
1620 1595 1734 1619 vocatus
1748 1592 1794 1623 sit,

1008 1635 1055 1661 ubi
1071 1634 1142 1669 apud
1156 1642 1231 1667 suos,
1248 1643 1302 1670 qua
1318 1635 1400 1662 homo
1419 1641 1488 1667 erat,
1507 1640 1644 1670 parentes,
1661 1637 1794 1671 puerilem

1007 1679 1196 1706 educationem
1214 1680 1340 1707 obtinuit.
1362 1680 1400 1707 Ex
1417 1689 1471 1715 quo
1493 1682 1564 1716 apud
1580 1681 1733 1709 Matthaeum
1754 1682 1793 1709 di-

1008 1727 1082 1751 ctum
1108 1728 1168 1752 est:
1186 1724 1266 1759 35o
1280 1734 1289 1750 ι
1304 1725 1446 1760 Responso
1463 1731 1553 1753 autem
1575 1727 1601 1753 in
1626 1728 1731 1754 somnis
1747 1735 1794 1755 ac-

1008 1773 1086 1803 cepto
1102 1769 1171 1804 (ipse
1186 1770 1311 1797 videlicet
1325 1770 1437 1806 Ioseph)
1454 1772 1569 1798 secessit
1584 1771 1612 1798 in
1636 1776 1728 1806 partes
1744 1771 1798 1799 Ga-

1010 1813 1101 1847 lilazze;
1125 1818 1151 1841 et
1165 1816 1276 1842 veniens
1295 1815 1429 1843 habitavit
1443 1817 1472 1843 in
1492 1817 1602 1844 civitate
1618 1824 1678 1851 qua!
1693 1817 1797 1845 dicitur

1010 1858 1126 1892 Nazara,
1143 1864 1173 1886 ut
1190 1860 1350 1895 impleretur
1361 1863 1433 1896 quod
1445 1862 1549 1889 dictum
1563 1866 1604 1889 est
1619 1870 1667 1897 per
1678 1863 1797 1897 prophe-

1009 1908 1074 1935 tam,
1084 1905 1157 1938 quod
1171 1904 1316 1934 Nazarazus
1328 1906 1469 1934 vocabitur
1478 1907 1513 1933 ³³.
1524 1916 1537 1933 ο
1559 1906 1709 1942 Oportebat
1720 1909 1794 1935 enim

1009 1955 1206 1984 usquequaque
1219 1956 1281 1984 cum
1296 1951 1354 1985 ipse
1368 1954 1463 1985 suapte
1478 1955 1576 1978 natura
1590 1955 1618 1979 et
1633 1959 1727 1978 revera
1741 1951 1797 1978 Na-

1010 1994 1107 2021 ziraeus
1119 1999 1201 2026 esset,
1216 1995 1267 2022 hoc
1281 1999 1323 2023 est
1337 1999 1459 2030 sanctus,
1471 1996 1602 2029 intactus,
1623 2001 1792 2032 segregatus,

1010 2040 1086 2066 illum
1113 2040 1147 2067 ab
1162 2040 1319 2069 hominibus
1341 2042 1392 2069 hac
1414 2042 1596 2077 appellatione
1615 2043 1723 2075 vocari;
1749 2043 1797 2071 sed

1011 2085 1140 2120 quoniam
1162 2094 1218 2113 non
1242 2094 1256 2113 a
1273 2086 1360 2115 Nazer
1374 2088 1434 2115 oleo
1451 2087 1523 2114 hanc
1544 2088 1662 2115 obtinuit
1678 2088 1793 2123 appella-

1012 2132 1122 2164 tionem,
1138 2133 1237 2167 quippe
1252 2134 1299 2167 qui
1314 2133 1439 2161 humanae
1454 2134 1556 2161 nullius
1574 2134 1712 2161 unctionis
1725 2134 1797 2160 indir

1012 2182 1097 2212 geret,
1126 2186 1141 2205 a
1164 2179 1224 2206 loco
1247 2178 1380 2207 Nazareth
1406 2180 1653 2207 denominationem
1678 2181 1785 2215 accepit

1011 2224 1078 2251 Cum
1092 2224 1175 2258 igitur
1188 2224 1247 2251 haec
1260 2225 1287 2251 in
1303 2225 1377 2251 hunc
1392 2226 1502 2253 modum
1519 2230 1628 2254 ostensa
1644 2226 1709 2259 sint,
1725 2231 1797 2253 tem-

1013 2280 1065 2306 pus
1079 2272 1134 2307 jam
1151 2280 1212 2299 esse
1230 2272 1336 2299 videtur
1352 2272 1496 2307 inspicere,
1521 2276 1547 2300 et
1563 2281 1594 2300 ex
1612 2281 1666 2308 quo
1683 2281 1794 2308 genere,

979 2314 1000 2341 D
1013 2322 1040 2344 et
1051 2325 1083 2344 ex
1101 2325 1154 2351 qua
1174 2316 1347 2344 Hebraeorum
1369 2318 1454 2349 tribu,
1473 2318 1625 2345 animarum
1641 2323 1797 2346 nostrarum

174 2364 300 2392 Salvator
313 2365 440 2392 Christus
470 2364 516 2391 Dei
537 2364 694 2399 proditurus
730 2364 912 2391 nuntiaretur.
932 2363 1065 2391 Cmtcrum
1087 2364 1138 2390 hac
1154 2364 1187 2391 de
1210 2372 1239 2391 re
1252 2364 1369 2398 primum
1387 2364 1470 2391 verba
1505 2365 1597 2392 citabo
1624 2365 1796 2399 evangelica,

173 2412 271 2439 deinde
286 2416 415 2445 tanquam
435 2415 513 2438 notas
524 2415 605 2445 atque
620 2409 815 2445 impressiones
837 2410 955 2437 maxime
973 2411 1204 2442 accommodatas,
1235 2411 1394 2445 prophetica
1415 2411 1469 2438 illis
1503 2411 1648 2447 adiungam
1678 2411 1798 2438 testimoo

172 2458 231 2485 nia.
250 2457 391 2484 Matthaaus
404 2464 469 2491 ergo
496 2456 599 2484 Christi
631 2464 727 2491 genus,
765 2461 899 2491 quatenus
921 2457 954 2483 ad
980 2457 1125 2483 humanam
1154 2457 1213 2491 ejus
1234 2462 1360 2484 naturam
1382 2459 1511 2493 pertinet.
1535 2459 1563 2485 in
1587 2458 1661 2484 hunc
1686 2456 1796 2484 modum

172 2504 327 2532 describit:
346 2512 355 2528 ‹
371 2502 450 2530 Liber
467 2502 652 2537 generationis
674 2502 738 2530 Iesu
761 2502 881 2534 Christi,
909 2502 956 2529 ﬁlii
978 2502 1071 2534 David.
1092 2503 1139 2529 lilii
1156 2504 1304 2531 Abraham.
1323 2504 1459 2531 Abraham
1491 2505 1584 2539 genuit
1613 2505 1700 2530 Isaac.
1723 2502 1798 2530 Isaac

172 2553 265 2576 autem
296 2548 390 2583 genuit
419 2546 513 2574 Jacob.
542 2546 627 2574 Jacob
659 2551 749 2574 autem
788 2548 881 2582 genuit
909 2546 1009 2575 Judam
1034 2547 1093 2581 9‘,»
1121 2551 1148 2575 et
1181 2556 1241 2583 qua:
1275 2553 1437 2584 sequuntur.
1460 2548 1529 2576 Huic
1558 2556 1624 2575 vero
1650 2548 1798 2583 Apostolus

173 2602 284 2631 quoque
295 2593 454 2624 concordat,
472 2592 519 2627 qui
533 2592 610 2623 dicit,
632 2601 641 2617 I
658 2596 829 2627 segregatum
849 2600 878 2620 se
893 2600 954 2620 esse
974 2593 1001 2620 in
1019 2592 1195 2628 Evangelium
1214 2593 1272 2626 Dei,
1297 2594 1370 2630 quod
1389 2600 1452 2622 ante
1484 2594 1644 2629 promiserat
1660 2601 1708 2628 per
1735 2601 1797 2628 pro-

173 2641 271 2677 phetas
287 2647 351 2667 suos
367 2638 393 2665 in
410 2638 559 2673 Scripturis
579 2639 681 2666 sanctis
696 2639 729 2666 de
743 2638 810 2665 Filio
826 2646 887 2670 suo,
906 2639 953 2673 qui
975 2641 1063 2667 factus
1090 2643 1132 2667 est
1163 2648 1196 2667 ex
1225 2641 1328 2668 semine
1343 2641 1428 2668 David
1447 2643 1594 2669 secundum
1612 2647 1722 2668 carnem
1734 2639 1769 2669 ".
1784 2647 1796 2666 ν

173 2686 287 2715 Fuerint
298 2693 363 2713 vero
383 2685 440 2713 haec
452 2688 634 2713 consentanea
656 2685 701 2717 iis,
723 2693 784 2720 qua:
801 2685 838 2712 ita
859 2693 888 2713 se
910 2686 1170 2719 habentgoraculis.

214 2783 236 2804 "
255 2784 340 2812 Levit.
357 2793 413 2818 XXI,
432 2784 473 2811 £2.
511 2783 533 2799 ⁸³
551 2782 685 2816 Matth.u,
698 2782 798 2816 22,25.
837 2783 859 2799 τι
870 2781 955 2811 Matth

1014 2784 1075 2817 1,2.
1113 2785 1135 2801 ⁹⁵
1151 2784 1229 2812 Rom.
1247 2793 1267 2818 ι,
1285 2784 1337 2811 1-5.

966 2902 1006 2916 νη
