4098 6432
500 293 595 349 5ὕί

1108 396 1337 451 CAPUT
1378 394 1465 451 lll.
1532 438 1539 447 .

502 519 543 571 Λ
598 514 825 570 secundo
877 509 1340 577 Paralipomenon.
1381 537 1450 548 —
1481 506 1565 560 Ex
1588 525 1693 577 qua
1732 519 1884 578 gente
1921 518 1970 563 et
2011 523 2079 562 ea:

572 603 677 648 qua
704 583 1015 636 Judworum
1052 579 1194 632 tribu
1235 595 1615 651 progressurus
1654 578 1898 635 Christus
1938 595 2077 649 pra-

572 657 864 713 dicebatur.

573 835 833 890 Dominus
862 848 959 904 per
992 831 1207 886 Nathan
1238 827 1556 899 prophetam
1589 826 1703 882 haec
1737 825 1903 881 David
1939 842 2079 897 prae-

500 927 657 989 dicit,
686 926 738 979 in
771 923 1015 979 secundo
1038 920 1264 996 [primo]
1291 919 1747 988 Paralipomenon
1770 937 1784 974 :
1810 936 1829 967 ‹
1865 917 1928 971 Et
1949 919 2074 983 erit,

506 1035 630 1073 cum
677 1018 931 1087 completi
981 1017 1183 1071 fuerint
1214 1014 1331 1068 dies
1359 1013 1458 1075 tui,
1516 1022 1571 1066 et
1612 1010 1904 1066 dormieris
1949 1026 2074 1066 cum

499 1113 741 1182 patribus
770 1111 899 1171 tuis,
936 1109 1216 1164 suscitabo
1260 1122 1447 1161 semen
1480 1113 1633 1159 tuum
1668 1112 1790 1176 post
1822 1114 1896 1171 te,
1928 1105 2074 1175 quod

495 1206 599 1259 erit
628 1220 689 1257 ex
715 1214 903 1256 ventre
932 1211 1048 1264 tuo,
1082 1214 1135 1256 et
1157 1199 1360 1271 parabo
1384 1214 1610 1268 regnum
1637 1197 1778 1268 ejus.
1805 1195 1926 1268 Ipse
1948 1197 2079 1251 aedi-

499 1298 682 1352 tieabit
710 1296 841 1350 mihi
875 1296 1097 1351 domum
1129 1294 1184 1347 in
1216 1292 1440 1347 nomine
1469 1306 1611 1353 meo,
1661 1299 1716 1345 et
1748 1290 1952 1360 erigam
1992 1305 2077 1345 se-

494 1388 617 1443 dem
649 1388 768 1458 ejus
800 1403 975 1456 usque
1005 1386 1059 1440 in
1092 1386 1505 1455 sempiternum.
1538 1382 1650 1452 Ego
1672 1398 1766 1435 ero
1788 1383 1862 1435 illi
1893 1383 1946 1436 in
1978 1398 2077 1453 pa-

493 1490 667 1542 trem,
716 1476 874 1549 351
905 1484 960 1531 et
1015 1477 1132 1545 ipse
1184 1475 1289 1527 erit
1350 1472 1485 1526 mihi
1529 1470 1585 1524 in
1632 1470 1802 1525 lilium
1826 1470 1894 1522 “.
1941 1489 1959 1522 ι
2017 1468 2076 1523 in

495 1580 692 1627 octavo
721 1579 902 1623 autem
943 1574 997 1622 et
1029 1564 1367 1634 octogesimo
1393 1562 1605 1632 psalmo
1634 1560 1703 1615 de
1732 1559 1922 1615 eodem
1961 1569 2078 1614 tan-

494 1678 659 1734 quam
704 1661 772 1715 de
811 1658 979 1713 David
1038 1656 1185 1711 dicta
1227 1657 1339 1710 haec
1376 1661 1545 1709 sunt:
1579 1674 1597 1706 ι
1636 1651 1755 1724 Ipse
1802 1652 2076 1707 invocabit

496 1769 603 1820 me,
629 1761 781 1817 pater
818 1766 972 1805 meus
1000 1765 1060 1804 es
1101 1760 1179 1811 lll,
1207 1746 1350 1802 Deus
1386 1763 1542 1803 meus
1570 1755 1623 1801 Cl
1662 1756 1948 1815 SUSCQplOl‘
1986 1760 2075 1801 82-
2107 1775 2146 1832 Β

499 1846 628 1900 Iutis
657 1858 810 1897 inea.
837 1841 902 1894 Et
935 1855 1035 1911 ego
1071 1840 1491 1910 primogenitum
1527 1853 1725 1909 ponam
1770 1837 1945 1902 illum,
1977 1852 2073 1890 ex-

493 1939 704 1993 celsum
735 1951 843 2005 pra:
887 1934 1107 2005 regibus
1134 1942 1326 1999 terrae;
1358 1931 1413 1986 in
1444 1939 1704 1987 aeternum
1738 1918 1969 1985 servabo
1996 1929 2073 1983 illi

498 2029 933 2085 misericordiam
964 2042 1162 2091 meam,
1194 2034 1248 2082 et
1282 2033 1670 2081 testamentum
1707 2040 1886 2078 meum
1917 2022 2074 2079 ﬁdele

497 2122 600 2191 ipsi
632 2121 697 2175 ’⁷.
734 2140 751 2171 ι
791 2119 856 2173 Ει
888 2135 1083 2174 rursus
1113 2138 1126 2173 :
1161 2136 1180 2169 ι
1207 2115 1397 2172 Juravi
1433 2116 1602 2171 David
1649 2132 1809 2172 servo
1836 2132 1980 2181 meo,
2016 2116 2073 2170 in

498 2212 754 2267 saeculum
779 2211 983 2280 parabo
1011 2225 1198 2265 semen
1225 2217 1402 2276 tuum,
1426 2215 1480 2262 et
1504 2207 1789 2261 aediﬁcabo
1820 2207 1875 2261 in
1909 2224 2073 2279 gene-

496 2300 764 2353 rationem
814 2306 868 2353 et
921 2298 1328 2369 generationem
1395 2297 1579 2353 sedem
1643 2304 1791 2351 tuam
1822 2296 1888 2351 ’⁸.
1924 2315 1944 2350 ι
2009 2296 2075 2350 Ει

497 2406 732 2444 rmsus:
771 2405 789 2438 ι
824 2386 1001 2443 Semel
1047 2388 1228 2458 juravi
1272 2388 1329 2441 in
1364 2398 1558 2441 sancto
1614 2403 1757 2449 meo,
1813 2387 1860 2443 si
1906 2386 2070 2440 David

497 2483 750 2546 mentiar,
782 2495 967 2535 semen
996 2479 1117 2549 ejus
1152 2481 1208 2534 in
1241 2488 1506 2534 :eternum
1541 2479 1804 2543 manebit,
1834 2487 1887 2534 et
1920 2478 2075 2532 thro--

495 2590 600 2628 nus
626 2573 744 2642 ejus
769 2572 913 2627 sicut
943 2572 1026 2627 sol
1057 2573 1109 2626 in
1155 2583 1454 2642 conspectu
1505 2588 1645 2635 meo,
1679 2581 1733 2626 et
1772 2573 1916 2627 sicut
1945 2572 2073 2625 luna

494 2665 737 2737 perfecta
766 2665 820 2717 in
854 2672 1117 2718 aeternum
1135 2664 1201 2716 θ’.
1233 2682 1251 2715 ι
1283 2661 1348 2716 Et
1372 2679 1566 2719 rursus
1598 2682 1611 2718 :
1647 2683 1664 2714 ι
1696 2662 1761 2716 Et
1784 2678 1984 2735 ponam
2016 2661 2072 2715 in

493 2757 755 2815 Saeculum
802 2756 992 2810 saeculi
1039 2770 1226 2810 semen
1273 2753 1395 2824 ejus
1422 2756 1461 2807 ¹.
1501 2774 1519 2808 ι
1564 2753 1788 2809 Fuerint
1817 2768 1946 2808 vero
1988 2753 2072 2806 bis

495 2848 693 2905 similia
727 2850 891 2902 etiam
939 2848 1029 2902 illa
1071 2848 1124 2899 in
1158 2845 1359 2916 quibus
1407 2846 1614 2901 dictum
1649 2854 1732 2902 est
1761 2866 1773 2901 :
1812 2865 1831 2897 ι
1862 2843 2074 2901 Juravit

496 2941 761 2994 Dominus
792 2938 960 2993 David
988 2939 1295 3003 veritatem,
1318 2949 1371 2994 et
1393 2954 1500 2993 non
1534 2937 1889 2992 frustrabitur
1908 2951 2067 2991 eum:

494 3032 562 3087 de
595 3032 775 3085 l'ructu
810 3031 1016 3085 ventris
1053 3031 1131 3085 tui
1163 3046 1357 3100 ponam
1390 3046 1557 3100 super
1580 3031 1761 3084 sedem
1795 3039 1944 3082 tuam
1970 3028 2012 3084 '.
2046 3047 2066 3081 ο

1184 283 1452 339 EUSEBII
1487 280 2154 339 CESARIENSISDPP.
2194 279 2371 337 PARS
2401 280 2466 338 11.
2507 313 2576 322 -
2615 280 3117 340 APOLOGETICA.

3658 294 3773 348 εςτ

2712 398 3108 452 ΚΕΨΑΛΜΟΝ
3153 399 3226 452 Γθ.

2195 503 2328 583 Ἀπό
2379 502 2500 583 ’τῆς
2540 504 2836 583 ,δευτέρας
2893 506 3023 583 τῶν,
3068 511 3632 583 ηαραλειπομένων.
3694 546 3758 560 ~—

2266 575 2415 654 ‘Arzfi~
2447 577 2623 629 ποίου
2670 576 2886 654 ferrove
2919 578 3030 654 Δκιιί
3249 575 3429 654 ποιαί·
3484 584 3767 653 Ἑϐραίων

2249 648 2454 731 φυτιῆς
2522 649 2997 714 προελεύσεσθαι
3059 653 3093 705 ό
3165 648 3426 719 Χριστὸξ
3496 648 3766 728 apes“-

2249 730 2473 768 τευετο.

2264 822 2321 876 '0
2345 823 2546 905 Κύριος
2576 824 2664 879 διά
2693 826 2877 881 Νάθαν
2907 826 3001 881 τοῦ
3027 829 3306 901 προφήτου
3338 833 3513 888 ταῦτα
3541 837 3623 910 τῷ
3653 844 3764 890 Δα-

2181 913 2268 968 διδ
2322 915 2564 980 θεσπίζει
2616 920 2674 972 ἐν
2719 919 2945 992 δευτέρᾳ
3003 921 3542 997 Παραλειπομένων·
3589 948 3608 981 ι
3649 932 3769 984 Καὶ

2179 1008 2352 1073 ἔσται,
2381 1010 2475 1063 ἐὰν
2510 1012 2868 1083 πληρωθῶσιν
2916 1017 2970 1069 ai
3013 1015 3219 1090 ἡμέραι
3272 1036 3389 1085 σου,
3437 1022 3531 1075 καὶ
3563 1041 3764 1095 κοιμη-

2180 1100 2320 1174 θήσῃ
2377 1102 2513 1174 μετά
2546 1104 2656 1157 τῶν
2712 1106 2960 1178 πατέρων
3016 1125 3134 1172 σου,
3196 1112 3291 1166 καὶ
3349 1113 3639 1183 ἀναστήσω
3698 1117 3763 1170 τὸ

2182 1191 2400 1262 σπέρμα
2453 1210 2545 1246 σου
2582 1193 2720 1264 μετά
2758 1195 2837 1259 σὲ,
2871 1196 2929 1260 ὃς
2969 1197 3121 1253 ἔσται
3166 1201 3232 1255 ὲκ
3260 1203 3359 1273 τῆς
3402 1205 3610 1270 κοιλίας
3639 1225 3760 1270 σου.

2179 1283 2273 1335 καὶ
2315 1284 2589 1373 έτοιμάσω
2616 1289 2714 1358 τήν
2753 1286 3025 1356 βασιλείαν
3055 1291 3240 1346 αὑτοῦ.
3271 1294 3441 1361 Αὐτὸς
3475 1299 3761 1373 οἰκοδομή-

2182 1377 2263 1424 σει
2293 1369 2439 1426 οἷκον
2464 1373 2543 1444 τῷ
2566 1376 2789 1446 ὀνόματί
2817 1395 2943 1448 μου,
2975 1380 3068 1432 καὶ
3111 1382 3404 1454 ἀνορθώσω
3438 1384 3623 1457 θρόνον
3653 1369 3757 1444 αὑ-

2177 1462 2270 1516 τοῦ
2304 1467 2383 1528 εἰς
2426 1466 2518 1518 τὸν
2559 1468 2745 1521 αίῶνα.
2789 1469 2927 1538 Ἐγὼ
2968 1470 3161 1543 ἔσομαι
3206 1476 3354 1547 αὑτῷ
3395 1479 3474 1542 εἰς
3518 1483 3755 1554 πατέρα,

2179 1560 2272 1610 καὶ
2300 1560 2461 1624 αὑτὸς
2485 1558 2637 1613 ἔσται
2680 1579 2769 1632 μοι
2811 1564 2890 1621 εἰς
2919 1564 3054 1618 υἱόν.
3087 1586 3105 1618 ι
3143 1568 3252 1622 Καὶ
3279 1570 3337 1621 ὲν
3369 1570 3538 1642 ὀγδόῳ
3570 1573 3626 1626 δὲ
3656 1575 3758 1628 καὶ

2178 1653 2519 1725 ὀγδοηκοστῷ
2544 1654 2743 1727 ψαλμῷ
2767 1655 2894 1729 περὶ
2940 1658 3033 1711 τοῦ
3065 1660 3251 1725 αὐτοῦ,
3283 1661 3357 1726 ὡς
3401 1666 3528 1736 περὶ
3559 1667 3747 1729 Δαεὶδ.

2176 1746 2300 1799 τάδε
2329 1745 2544 1818 εἴρηται
2567 1765 2581 1777 ·
2617 1767 2635 1798 ι
2676 1747 2847 1812 Αὐτὸς
2880 1750 3264 1806 ὲπικαλέσεταί
3294 1771 3391 1824 με’
3421 1756 3613 1830 Πατήρ
3644 1777 3750 1830 μου

2179 1833 2229 1890 εἴ
2254 1838 2340 1900 σὺ,
2371 1837 2503 1902 Θεός
2531 1857 2651 1910 μου,
2687 1842 2782 1894 καί
2809 1842 3153 1915 ἀντιλήπτωρ
3176 1845 3274 1916 τῆς
3311 1851 3577 1920 σωτηρίας
3606 1868 3707 1918 μου
3732 1868 3747 1883 ·

2178 1927 2333 1997 κάγὼ
2371 1931 2711 1999 πρωτότοκον
2733 1931 2966 2003 θήσομαι
2999 1934 3179 2000 αὑτὸν,
3216 1935 3419 2007 ὑψηλὸν
3454 1941 3603 2010 παρὰ
3641 1945 3753 2005 τοῖς

2179 2021 2456 2092 βασιλεῦσι
2483 2024 2582 2095 τῆς
2619 2025 2752 2096 γῆς·
2790 2027 2870 2087 εἰς
2900 2024 2990 2079 τὸν
3033 2026 3204 2082 αἰῶνα
3241 2029 3463 2098 φυλάξω
3506 2032 3655 2103 αὑτῷ
3694 2034 3758 2088 τὺ

2176 2115 2323 2180 ἔλεός
2365 2132 2490 2186 μου,
2540 2116 2635 2170 καὶ
2679 2118 2711 2186 ή
2754 2117 2986 2188 διαθήκη
3035 2135 3133 2189 μου
3168 2121 3333 2192 πιστὴ
3367 2121 3555 2193 αὑτῷ·
3601 2143 3620 2176 ι
3660 2126 3754 2179 καὶ

2174 2205 2329 2271 αὖθις
2353 2222 2366 2237 ⁶
2403 2228 2422 2260 ι
2460 2209 2671 2278 Ὠμοσα
2703 2208 2865 2262 Δαΰὶδ
2891 2209 2968 2280 τῷ
3005 2210 3173 2282 δούλῳ
3210 2229 3311 2282 μου
3335 2226 3347 2243 ⁸
3387 2213 3535 2279 Ἕως
3559 2216 3747 2281 αἰῶνος

2175 2298 2448 2369 ἑτοιμάσω
2471 2298 2531 2351 τὸ
2560 2300 2777 2370 σπέρμα
2814 2317 2927 2364 σου,
2956 2300 3047 2354 καὶ
3078 2301 3418 2373 οἰκοδομήσω
3450 2307 3529 2370 είς
3559 2307 3745 2375 γενεὰν

2176 2386 2267 2442 καὶ
2306 2390 2499 2458 γενεάν
2526 2389 2618 2443 τὸν
2664 2389 2852 2462 θρόνον
2899 2408 3028 2445 σουο
3063 2412 3080 2446 ι
3125 2394 3218 2446 καὶ
3265 2394 3428 2448 πάλιν
3452 2411 3467 2428 ·
3519 2416 3538 2448 ι
3572 2399 3747 2465 "Am:

2174 2480 2364 2551 ὤμοσα
2404 2482 2462 2533 ὲν
2502 2480 2580 2550 τῷ
2611 2482 2749 2553 ἁγίῳ
2796 2499 2927 2553 μου·
2965 2484 3024 2536 Εἰ
3051 2484 3128 2555 τῷ
3165 2484 3329 2538 Δαόὶδ
3368 2487 3662 2560 ψεύσομαι,
3693 2490 3755 2542 τὸ

2176 2571 2393 2643 σπέρμα
2422 2570 2586 2625 αὑτοῦ
2616 2575 2695 2637 εἰς
2725 2570 2815 2626 τὸν
2848 2573 3019 2628 αἰῶνα
3053 2580 3223 2646 μενεῖ,
3249 2579 3341 2631 καὶ
3371 2581 3398 2632 ό
3445 2579 3634 2651 θρόνος·
3655 2581 3752 2635 αὑο

2174 2662 2286 2727 τοῦ,
2313 2663 2388 2728 ὡς
2413 2664 2563 2735 ἣλιος
2595 2665 2833 2720 ἐναντίον
2869 2683 2992 2738 μου,
3023 2670 3117 2722 καὶ
3145 2669 3221 2729 ὡς
3252 2672 3285 2742 ἡ
3325 2671 3518 2745 σελήνη
3550 2691 3756 2746 κατηρ‹

2173 2755 2402 2827 τισμένη
2434 2757 2513 2819 εἰς
2539 2755 2630 2809 τὸν
2666 2757 2837 2811 αἰῶνα
2861 2774 2874 2787 ·
2919 2778 2939 2811 ι
2973 2759 3065 2811 καὶ
3095 2756 3284 2823 αὖθις’
3322 2780 3340 2812 ι
3371 2763 3479 2816 Καὶ
3513 2764 3751 2838 θήσομαι

2174 2847 2253 2909 εἰς
2277 2846 2368 2898 τὸν
2394 2846 2566 2900 αἰῶνα
2594 2848 2688 2901 τοῦ
2719 2848 2912 2914 αἰῶνος
2940 2850 3000 2903 τὸ
3032 2852 3251 2922 σπέρμα
3278 2853 3460 2910 αὑτοῦ.
3494 2874 3513 2907 ι
3548 2858 3752 2927 Ὅμοια

2172 2940 2217 2993 δ’
2251 2941 2317 2994 ἂν
2354 2941 2440 3014 εἴη
2483 2942 2693 3006 τούτοις
2739 2942 2832 2997 καὶ
2869 2944 2936 2997 τά
2983 2944 3049 2997 δι’
3076 2939 3151 2998 ὧν
3192 2947 3433 3019 εἴρηται·
3488 2968 3507 3000 ι
3545 2951 3751 3021 Ὠμοσε

2177 3029 2381 3104 Κύριος
2404 3032 2482 3103 τῷ
2521 3033 2682 3085 Δαϐὶδ
2722 3032 2998 3104 ἀλήθειαν,
3031 3037 3124 3089 καὶ
3155 3037 3337 3110 οὑξμὴ
3384 3039 3620 3112 ἀθετήσῃ
3653 3042 3753 3095 αὑο

496 3123 755 3179 Salomon
804 3123 1049 3194 quidem,
1095 3139 1219 3178 eum
1268 3134 1414 3179 esset
1461 3122 1606 3177 (ilius
1657 3120 1849 3185 David,
1894 3120 2069 3176 eidem

2175 3122 2263 3176 τόν
2287 3140 2300 3152 ·
2336 3124 2400 3176 ἐκ
2433 3123 2647 3195 καρποῦ
2675 3125 2771 3195 τῆς
2792 3124 2997 3187 κοιλίας
3023 3142 3114 3179 σου
3137 3126 3367 3199 θήσομαι
3396 3131 3487 3183 ἐπὶ
3513 3132 3604 3184 τὸν
3629 3133 3756 3204 θρόά

494 3216 673 3287 palam
717 3217 771 3270 in
804 3232 971 3287 regno
1005 3216 1277 3272 successit
1307 3235 1320 3270 :
1348 3216 1438 3270 hic
1479 3216 1641 3270 etiam
1674 3214 2071 3285 Hierosolymis

495 3307 705 3378 primus
746 3307 854 3361 Deo
902 3309 1164 3378 templum
1209 3307 1519 3364 aedificavit.
1560 3307 1716 3362 llunc
1751 3308 1938 3378 itaque
1976 3322 2071 3361 su-

494 3399 694 3469 spicari
738 3399 955 3457 Judreos
989 3402 1139 3455 illum
1185 3417 1330 3465 esse,
1378 3402 1446 3456 de
1490 3418 1600 3471 quo
1649 3401 1948 3472 prophetiae
1990 3400 2071 3454 lo-

492 3500 758 3561 quuntur,
782 3493 1077 3548 verisimile
1097 3500 1200 3548 est.
1229 3489 1334 3547 Sed
1369 3491 1609 3556 videant,
1633 3507 1840 3562 quaeso,
1872 3487 2067 3553 Judaei,

493 3598 627 3636 num
693 3585 761 3638 ad
823 3580 1169 3640 Salomonem
1244 3583 1449 3640 referre
1516 3586 1797 3640 oraculum
1857 3584 2070 3655 possint

492 3677 640 3748 quod
688 3678 763 3733 ita
806 3679 881 3732 ait
914 3698 929 3732 :
968 3697 987 3729 ι
1019 3676 1086 3731 Ει
1139 3678 1345 3748 erigam
1406 3677 1590 3733 sedem
1630 3677 1751 3747 ejus
1793 3692 1969 3747 usque
2013 3679 2069 3732 in

493 3771 928 3840 sempiternum;
960 3789 980 3823 ι
1029 3778 1083 3824 et
1133 3786 1329 3825 rursus
1378 3769 1524 3839 quod
1551 3784 1674 3823 cum
1703 3769 2068 3839 jurisjurandi

493 3860 853 3918 allirmatione
892 3861 1197 3932 pollicitum
1248 3876 1373 3917 esse
1424 3860 1594 3917 Deum
1630 3862 1685 3915 in
1731 3868 1924 3916 sancto
1968 3876 2069 3915 suo

491 3952 724 4016 inducit,
758 3952 998 4007 futuram
1034 3952 1219 4006 sedem
1252 3952 1394 4021 ejus,
1432 3967 1592 4022 quem
1621 3959 1911 4006 venturum
1941 3966 2069 4021 pro-

490 4044 666 4114 }heta:
692 4051 919 4109 canunt,
952 4043 1094 4097 sicut
1121 4042 1315 4105 solem,
1353 4051 1408 4097 et
1431 4045 1571 4097 sicut
1608 4042 1727 4097 dies
1755 4043 1900 4097 oculi.
1932 4042 2068 4097 Nam

493 4136 540 4192 si
570 4135 695 4205 quis
730 4136 885 4205 regni
928 4134 1240 4189 Salomonis
1281 4141 1499 4203 tempus
1541 4133 1806 4204 inquirat,
1838 4133 2070 4205 quadra-

493 4228 641 4298 ginta
664 4243 771 4281 non
803 4227 1037 4297 amplius
1076 4240 1250 4279 annos
1294 4225 1569 4291 inveniet;
1603 4224 1749 4294 quod
1784 4226 1830 4281 si
1870 4240 2062 4280 eorum

493 4319 587 4390 qui
622 4318 697 4372 illi
737 4318 1110 4374 successerint
1143 4315 1199 4370 in
1245 4330 1514 4371 summam
1559 4316 1786 4386 redigat,
1827 4330 1896 4370 ne
1925 4323 2069 4371 totos

492 4411 711 4483 quidem
766 4410 1097 4481 quingentos
1161 4424 1338 4465 annos
1383 4408 1504 4462 illos
1564 4423 1755 4464 omnes
1811 4423 2068 4477 regnasse

2177 3232 2265 3268 vov
2295 3231 2410 3268 σου.
2445 3234 2463 3267 ι
2496 3215 2768 3286 Σολομὼν,
2794 3220 2922 3281 παῖς
2947 3217 3044 3287 μὲν
3083 3216 3157 3273 ὢν
3185 3218 3277 3273 τοῦ
3308 3221 3490 3285 Δασίδ,
3528 3224 3623 3276 καὶ
3649 3224 3752 3296 τῆς

2178 3306 2451 3377 βασιλείας
2478 3307 2720 3378 διάδοχος
2749 3308 2985 3378 πέφηνεν
3016 3309 3458 3383 ὁμολογουμένως
3477 3331 3490 3343 ·
3522 3312 3674 3380 οὗτος
3695 3318 3752 3371 δὲ

2176 3399 2271 3453 καὶ
2300 3400 2390 3453 τὸν
2432 3402 2489 3454 ὲν
2527 3400 2916 3473 Ἰεροσολύμοις
2944 3401 3077 3456 νεὼν
3104 3403 3184 3475 τῷ
3214 3405 3333 3476 Θεῷ
3373 3407 3585 3479 πρῶτος
3618 3409 3751 3463 ἐδεί-

2178 3504 2336 3559 ματο.
2377 3489 2485 3541 Καὶ
2507 3488 2695 3542 τοῦτον
2722 3490 2866 3553 εἰκὸς
2900 3491 3269 3564 ὑπολήψεσθαι
3294 3495 3421 3558 τοὺς
3446 3498 3511 3549 ὲκ
3543 3514 3752 3568 περιτο-

2178 3579 2285 3649 μῆς
2314 3579 2405 3631 τὸν
2437 3579 2909 3650 προφητευόμενον
2934 3578 3074 3634 εἶναι
3092 3598 3106 3612 ·
3136 3581 3230 3646 οὓς
3267 3584 3559 3653 ἐπιστῆσαι
3590 3585 3751 3640 καλὸν

2175 3674 2223 3726 εἰ
2246 3670 2355 3725 οἶόν
2386 3690 2444 3725 τε
2468 3668 2576 3727 εἶεν
2612 3673 2688 3743 (1)
2719 3673 2813 3725 ἐπὶ
2841 3673 3129 3745 Σολομῶνα
3148 3675 3369 3745 ἀνάγειν
3391 3676 3481 3729 τὸν
3505 3680 3751 3749 χρησμὸν

2176 3764 2453 3834 φάσκοντα
2471 3781 2483 3795 ·
2516 3783 2534 3816 ι
2568 3765 2675 3819 Καὶ
2708 3764 3002 3838 ἀνορθώσω
3031 3766 3121 3820 τὸν
3148 3767 3334 3839 θρόνον
3366 3768 3528 3821 αὑτοῦ
3555 3771 3636 3834 εἰς
3661 3771 3751 3823 τὸν

2176 3855 2377 3911 αἰῶνα·
2414 3877 2432 3909 ι
2470 3857 2563 3910 καὶ
2590 3852 2745 3919 αὖθις
2781 3856 2898 3927 μεθ’
2925 3857 3089 3929 ὅρκου
3131 3857 3428 3924 διατάσεως
3458 3860 3750 3931 ὀμωμοκέ-

2174 3963 2264 3999 ναι
2308 3946 2398 4000 τὺν
2440 3946 2572 4001 Θεὸν
2620 3949 2676 4000 ὲν
2707 3947 2783 4018 τῷ
2813 3948 2952 4019 ἀγίῳ
2996 3948 3184 4013 αὑτοῦ,
3248 3950 3323 4013 ὡς
3362 3951 3471 4023 ἄρα
3523 3951 3675 4018 ἔσται
3719 3952 3751 4004 ό

2175 4035 2361 4108 θρόνος
2393 4038 2485 4091 τοῦ
2521 4039 3021 4109 προφητευομένου,
3053 4039 3129 4103 ὡς
3168 4041 3195 4093 ό
3222 4041 3372 4111 ἣλιος
3403 4044 3497 4096 καὶ
3528 4045 3585 4096 αί
3613 4043 3752 4113 ήμέ-

2177 4145 2267 4199 ραι
2299 4127 2394 4180 τοῦ
2458 4128 2722 4201 οὐρανοῦ*
2786 4132 2835 4183 εἰ
2880 4129 2989 4202 γὰρ
3021 4130 3084 4203 δή
3117 4148 3199 4197 τις
3229 4133 3355 4197 τοὺς
3399 4135 3622 4205 χρόνους
3662 4134 3752 4201 ἐξ-

2174 4220 2385 4272 ετάσειε
2414 4220 2513 4290 τῆς
2556 4219 2651 4273 τοῦ
2680 4219 2990 4292 Σολομῶνος
3023 4222 3314 4292 βασιλείας,
3342 4224 3749 4295 τεσσαράκοντα

2174 4313 2291 4383 ἔτη,
2322 4314 2383 4366 οὑ
2413 4312 2632 4366 πλείονα
2662 4313 2903 4386 εὑρήσει.
2935 4314 2999 4367 Εἰ
3022 4314 3082 4368 δὲ
3110 4318 3205 4369 καὶ
3230 4315 3338 4369 τῶν
3359 4313 3615 4386 διαδόχων
3645 4317 3748 4369 αὑ-

2173 4403 2267 4457 τοῦ
2295 4403 2533 4469 συνάξοι,
2570 4405 2677 4458 οὐδ’
2705 4407 2790 4475 ἐφ’
2823 4405 2965 4469 ὅλοις
2992 4407 3363 4469 πεντακοσίοις
3388 4405 3566 4460 ἔτεσιν
3595 4406 3749 4480 εὑροι

492 4501 807 4572 comperiet.
860 4498 968 4555 Sed
1014 4499 1381 4554 concedamus
1429 4514 1525 4554 eos
1558 4512 1734 4570 usque
1777 4497 1843 4552 ad
1894 4506 2072 4552 extre~

2176 4495 2242 4549 ἀν
2272 4497 2396 4560 τοὺς
2421 4496 2631 4561 πάντας
2668 4497 3100 4569 διαγενομένους.
3150 4499 3307 4553 Ἀλλά
3340 4498 3481 4553 εστω
3509 4499 3637 4564 τοὺς
3658 4501 3749 4552 αὑ-

492 4611 637 4650 mam
669 4593 911 4649 Iudaica:
946 4592 1124 4664 gentis
1160 4590 1524 4655 obsidionem,
1551 4606 1659 4662 qua
1680 4588 1914 4645 Romani
1947 4590 2071 4643 illos

490 4693 981 4759 expugnaverunt,
1026 4699 1254 4756 regnum
1306 4698 1685 4747 conservasse,
1739 4680 1869 4752 quid
1921 4680 2069 4735 istud

492 4783 709 4837 tandem
749 4780 816 4835 ad
857 4779 1196 4851 prophetiam
1231 4792 1353 4848 qua:
1400 4776 1497 4839 ait,
1552 4795 1573 4828 ι
1602 4776 1654 4830 in
1702 4771 2011 4829 aeternum?
2041 4792 2060 4824 ι

499 4886 555 4933 et
584 4890 704 4947 qua:
734 4882 793 4929 ut
821 4873 991 4928 solem
1032 4878 1195 4941 atque
1241 4878 1299 4923 ut
1332 4868 1449 4923 dies
1495 4868 1617 4922 ειειί
1650 4877 2064 4937 permansurum

492 4970 641 5023 illam
676 4965 861 5021 sedem
905 4963 1091 5018 canit?
1119 4960 1251 5015 Illud
1291 4976 1441 5022 vero,
1485 4976 1503 5009 ι
1544 4956 1608 5011 Ει
1645 4973 1745 5028 ego
1778 4971 1873 5012 ero
1901 4955 1977 5009 illi
2011 4954 2065 5008 in

491 5073 722 5137 patrem,
772 5070 825 5116 et
872 5062 989 5131 ipse
1036 5059 1143 5113 erit
1202 5055 1333 5110 milii
1384 5057 1439 5109 iu
1493 5053 1683 5119 lilium,
1720 5070 1739 5104 ι
1791 5052 1885 5121 qui
1945 5046 2062 5104 ﬁeri

488 5167 667 5227 poteSI.
714 5162 773 5211 ut
816 5151 1096 5207 Salomoni
1142 5148 1453 5210 conveniat,
1508 5144 1727 5216 quando
1777 5142 1955 5214 palam
2006 5140 2063 5195 in

485 5248 715 5306 historia
757 5261 879 5318 quas
927 5251 995 5301 de
1034 5246 1128 5299 illo
1180 5248 1382 5303 exstat,
1420 5236 1771 5293 abhorrentia
1815 5234 2065 5303 longissi-

2171 4591 2298 4652 τοὺς
2323 4590 2418 4643 καὶ
2463 4589 2623 4661 μέχρι
2666 4590 2765 4662 τῆς
2795 4592 3032 4663 ὑστάτης
3069 4594 3174 4646 ὑπὸ
3216 4593 3497 4664 Ῥωμαίων
3530 4592 3748 4663 πολιορ-

2172 4684 2293 4748 κίας
2325 4684 2416 4738 τοῦ
2454 4684 2719 4739 Ἰουδαίων
2764 4684 2950 4750 ἔθνους
2986 4685 3267 4756 διαρκέσαι
3301 4684 3618 4757 νομίζεσθαι
3645 4702 3657 4715 ’
3693 4683 3745 4737 τί

2166 4777 2262 4835 οὖν
2290 4780 2447 4834 τοῦτο
2476 4780 2613 4852 πρὸς
2643 4781 2741 4852 τὴν
2786 4779 3143 4852 προφητείαν,
3188 4798 3206 4831 ι
3255 4780 3335 4844 εἰς
3368 4780 3457 4833 τὸν
3490 4779 3682 4843 αἰῶνα,
3722 4797 3739 4830 ι

2168 4875 2264 4928 καὶ
2290 4874 2364 4937 ὼς
2411 4872 2501 4927 τὸν
2532 4873 2703 4943 ἣλιον,
2733 4874 2826 4927 καὶ
2865 4873 2940 4935 ὡς
2971 4872 3068 4935 τάς
3119 4872 3333 4944 ἡμέρας
3375 4871 3470 4924 τοῦ
3515 4871 3743 4945 οὐρανοῦ

2167 4966 2440 5037 διαμενεῖν
2501 4965 2593 5018 τὸν
2638 4964 2825 5036 θρόνον
2875 4963 3040 5018 αὑτοῦ
3094 4963 3492 5029 θεσπίζουσαν;
3544 4963 3616 5016 Τὸ
3664 4964 3742 5027 δὲ,

2174 5078 2193 5111 ι
2221 5058 2330 5113 Καὶ
2359 5057 2467 5128 ἐγὼ
2505 5058 2697 5129 ἔσομαι
2729 5056 2879 5127 αὑτῷ
2906 5059 2986 5121 εἰς
3016 5057 3244 5129 πατέρα,
3276 5057 3371 5109 καὶ
3396 5057 3557 5121 αὑτδς
3586 5057 3746 5111 ἔσται

2171 5166 2263 5221 μοι
2290 5151 2370 5211 εἰς
2396 5148 2531 5212 υἱὸν,
2561 5166 2581 5198 ›
2614 5146 2726 5209 πῶς
2759 5145 2825 5199 ἂν
2849 5145 2926 5216 τῷ
2954 5145 3225 5217 Σολομῶνι
3259 5144 3589 5217 ἀρμόζοιεν;
3618 5147 3744 5201 Ὅτε

2166 5238 2460 5312 διαρρήδην
2494 5240 2527 5310 ή
2559 5236 2700 5290 κατὰ
2735 5236 2896 5290 αὑτὸν
2928 5237 3157 5309 ἱστορία,
3188 5235 3440 5309 ἀλλότρια
3468 5239 3562 5291 καὶ
3594 5239 3745 5309 ἀπῳο

488 5358 680 5413 meque
704 5348 910 5395 remota
935 5337 1004 5391 ab
1025 5334 1316 5404 adoptione
1340 5331 1433 5386 Dei
1468 5330 1534 5384 de
1564 5330 1659 5383 illo
1682 5327 1886 5398 prodit.
1919 5327 2072 5398 Audi

2175 5332 2403 5404 κισμένα
2434 5331 2532 5402 τῆς
2560 5328 2654 5383 τοῦ
2685 5327 2819 5383 Θεοῦ
2848 5330 3202 5402 εἰσποιήσεως
3243 5328 3372 5401 περὶ
3405 5329 3571 5383 αὑτοῦ
3599 5330 3744 5385 διδά-

490 5436 658 5507 igitur
688 5449 853 5503 quam
888 5431 1038 5485 illius
1068 5427 1477 5485 accusationem
1510 5422 1795 5492 complexa
1828 5421 1928 5477 sit:
1955 5440 1973 5472 ι
2000 5421 2063 5474 Et

556 5546 605 5579 “
643 5544 665 5598 Ι
713 5544 859 5600 Par.
901 5543 1237 5608 amnti-lt.

487 5631 672 5678 cxxxi,
705 5616 793 5668 tl.

1333 5540 1378 5572 ”
1407 5538 1553 5597 Psal.
1595 5553 1860 5596 Luxvm.
1888 5538 2074 5594 27-29.
2149 5537 2196 5569 ”'
2226 5537 2360 5594 ibid.
2383 5537 2439 5601 4,
2464 5537 2520 5593 5.
2596 5536 2641 5569 ”
2681 5534 2816 5592 ibid.
2846 5532 3028 5593 56-38.
3107 5534 3124 5567 ⁸
3156 5534 3291 5593 ibid.
3346 5535 3438 5594 30.

2170 5439 2310 5476 σκει.
2341 5422 2543 5474 Ἀκουε
2581 5421 2626 5474 δ’
2657 5417 2748 5473 οὖν
2791 5420 2909 5473 οἵαν
2949 5420 3283 5493 κατηγορίαν
3309 5418 3473 5473 αὑτοῦ
3508 5418 3742 5474 καταλέ-

3520 5536 3541 5568 ⁸
3566 5534 3698 5592 ι’εοί

559 5708 637 5779 (Ι)
676 5700 815 5760 Οῖόν
844 5721 906 5758 τε
933 5700 1069 5763 εἶεν.
1107 5703 1265 5759 Forte
1298 5702 1584 5775 legendum
1618 5700 1706 5757 vel
1744 5693 1924 5753 οἷοίτε
1952 5695 2072 5763 εἷεν,

2180 5700 2194 5752 1
2229 5694 2338 5752 οἷόν
2369 5713 2426 5751 τε
2457 5696 2561 5767 τίη.
2606 5696 2759 5751 Ευιτ.
