4098 6432
1304 393 1966 451 DEMONSTRATIOMS
2006 395 2466 453 EVANGELICA‘I
2508 397 2639 454 LIB.
2683 397 2797 455 VII.

3544 402 3649 457 55i-

386 537 473 589 γει
491 535 506 549 ·
540 536 560 570 ι
589 518 700 572 Kal
735 518 986 591 Σολομὼν
1014 515 1084 589 ἦν
1121 517 1520 589 φιλογύναικος,
1564 519 1661 571 καὶ
1688 517 1849 571 ἔλαϐε
1874 536 1960 587 γυ-

2073 516 2330 574 Salomon
2364 517 2465 574 fuit
2512 518 2803 573 mulierum
2849 525 3079 579 amator,
3114 525 3164 572 et
3214 519 3422 588 accepit
3467 531 3649 574 exter-

388 613 579 675 ναίκας
614 611 900 682 ἀλλοτρίας
935 610 1154 675 πολλὰς,
1190 610 1284 664 καὶ
1316 609 1412 681 τὴν
1444 608 1718 679 θυγατέρα
1749 606 1967 678 Φαραὼ,

388 702 755 767 Μωαϐίτιδας,
813 702 1222 775 Ἀμμανίτιδας,
1271 702 1363 755 καὶ
1419 700 1741 771 Ἰδουμαίας,
1793 700 1969 773 Σύρας

389 794 484 848 καὶ
523 794 809 859 Χετταίας,
840 795 933 849 καὶ
988 794 1340 866 Ἀμορραίας,
1388 795 1453 846 ἐκ
1494 792 1604 846 τῶν
1651 791 1847 856 ἐθνῶν,
1894 787 1970 846 ὧν

392 886 593 939 ἀπεῖπε
644 887 849 958 Κύριος
875 887 905 939 6
933 885 1067 950 Θεὸς
1108 889 1221 949 τοῖς
1269 887 1404 950 υἱοῖς
1444 884 1682 957 Ἰσραὴλ,
1713 885 1814 938 οὐκ
1853 886 1968 938 εἰσ-

389 977 702 1034 ελεύσεσθαι
730 982 807 1043 είς
834 979 1024 1043 αὐτάς.
1066 998 1084 1031 ι
1116 979 1225 1032 Kal
1253 979 1500 1049 ἐπιφέρει
1526 978 1737 1044 τούτοις
1762 995 1776 1009 ’
1811 996 1830 1029 ι
1859 979 1970 1032 Kal

387 1070 487 1124 οὐκ
511 1065 579 1140 ἦν
612 1072 644 1141 ή
676 1069 874 1143 καρδία
912 1069 1077 1124 αὐτοῦ
1109 1069 1291 1124 εὐθεῖα
1315 1070 1451 1140 μετά
1471 1071 1676 1141 Κυρίου
1702 1069 1798 1124 τοῦ
1832 1068 1966 1123 Θεοῦ

388 1158 573 1223 αὐτοῦ,
601 1158 781 1224 καθὼς
804 1160 835 1229 ἡ
866 1160 1064 1232 καρδία
1094 1158 1258 1212 Δαόὶδ
1287 1158 1379 1213 τοῦ
1415 1158 1618 1229 πατρὸς
1641 1158 1806 1212 αὑτοῦ
1826 1176 1841 1191 ·
1873 1158 1969 1213 καὶ

388 1252 655 1326 ἐπορεύθη
689 1250 943 1323 Σολομὼν
971 1251 1146 1305 ὀπίσω
1172 1252 1273 1322 τῆς
1312 1251 1631 1322 Ἀστάρτης,
1668 1249 1967 1321 βδελύγμα-

386 1361 476 1407 τος
500 1344 789 1408 Σιδωνίων,
821 1343 915 1397 καὶ
944 1342 1121 1396 ὀπίσω
1148 1341 1241 1394 τοῦ
1284 1341 1545 1412 βασιλέως
1575 1341 1777 1405 αὐτῶν,
1811 1340 1966 1395 εἰδώ-

385 1436 476 1488 λου
505 1434 636 1488 υίῶν
672 1433 897 1506 Ἀμμών
918 1450 934 1464 ⁸
984 1433 1079 1486 καὶ
1115 1433 1339 1503 ἐποίησε
1362 1431 1612 1503 Σολομὼν
1642 1432 1703 1484 τὸ
1732 1432 1967 1504 πονηρὸν

382 1524 615 1581 ἐνώπιον
650 1526 879 1597 Κυρίου.
914 1544 932 1577 ι
983 1526 1092 1578 Kal
1130 1520 1287 1589 αὖθις
1317 1524 1444 1594 ἑξῆς
1483 1524 1761 1593 ἐπιλέγει·
1799 1542 1818 1575 ι
1858 1525 1968 1577 Kal

382 1618 576 1690 ἤγειρε
626 1616 830 1689 Κύριος
874 1616 1053 1671 Σατάν
1084 1615 1164 1687 τῷ
1196 1616 1490 1687 Σολομῶνι,
1540 1617 1632 1671 τὸν
1665 1617 1829 1688 Ἀδερ
1876 1618 1966 1671 τὸν

397 1710 715 1781 ἰδουμαίον.
754 1728 775 1761 ι
811 1708 915 1763 Τὸν
941 1709 1007 1781 δὴ
1036 1709 1129 1762 ἐπὶ
1152 1710 1428 1773 τοσούτοις
1452 1709 1547 1763 καὶ
1578 1708 1839 1775 τοιούτοις
1858 1710 1968 1764 δια-

382 1801 550 1873 ϐεσλη
560 1801 720 1872 μένον
757 1800 844 1863 τίς
868 1800 934 1855 ἂν
967 1802 1115 1872 αίρεῖ
1149 1800 1306 1870 λόγος
1334 1802 1546 1876 πατέρα
1570 1802 1662 1856 τὸν
1693 1802 1824 1857 Θεὸν
1853 1802 1967 1856 τολ-

389 1896 496 1967 μᾷν
524 1893 942 1966 ἐπιγράφεσθαι,
967 1894 1060 1947 καὶ
1083 1894 1174 1948 τὸν
1197 1896 1289 1949 ὲπὶ
1312 1874 1530 1949 πάντων
1550 1896 1682 1949 Θεὸν
1708 1897 1821 1950 υίὸν
1848 1898 1967 1951 ἑαυο
1998 1874 2038 1928 Β

381 1986 477 2040 τοῦ
511 1985 851 2057 πρωτότοκον
897 1984 1250 2057 ἀναγορεύειν
1290 1988 1482 2053 adadv;
1523 1988 1647 2053 Πῶς
1692 1989 1750 2042 δὲ
1795 1988 1965 2044 ταῦτα

386 2075 508 2129 τοτὲ
540 2075 639 2146 μὲν
667 2073 744 2138 ὡς
790 2075 917 2147 περὶ
961 2074 1123 2129 αὐτοῦ
1169 2076 1385 2145 λέγεται
1417 2078 1511 2132 τοῦ
1545 2080 1729 2143 Δαὸὶδ,
1759 2080 1879 2134 τοτὲ
1906 2080 1964 2134 δὲ

384 2166 463 2231 ὡς
488 2168 614 2239 περὶ
637 2168 949 2239 σπέρματος
971 2169 1171 2235 αὐτοῦ;
1201 2170 1341 2224 Ἀλλ’
1371 2172 1491 2225 οὐδὲ
1514 2171 1591 2243 τῷ
1616 2173 1781 2225 Δαϐὶδ
1801 2174 1965 2245 ἐφαρ-

384 2257 536 2328 μόζοι
579 2257 666 2324 ἂν,
717 2258 793 2324 ὡς
823 2261 1179 2332 ὲπιστήσαντί
1220 2279 1302 2316 σοι
1347 2263 1504 2334 δῆλον
1538 2263 1710 2317 ἔσται.
1752 2263 1964 2319 Οὐκοῦν

380 2349 472 2403 τὸν
522 2352 590 2404 ὲκ
637 2349 950 2422 σπέρματος
992 2352 1156 2407 Δαὸὶδ
1197 2353 1599 2425 ἀναστήσεσθαι
1647 2357 1704 2409 ὲν
1752 2355 1963 2421 τούτοις

378 2440 705 2511 δηλούμενον
745 2441 931 2515 ἕτερον
964 2441 1245 2515 ζητητέον.
1289 2445 1427 2498 Ἀλλ’
1465 2446 1638 2510 οὐδεὶς
1670 2446 1829 2511 ἄλλος
1855 2465 1964 2503 τοι-

378 2532 536 2596 οὗτος
559 2532 618 2599 ἐξ
641 2532 806 2587 αὐτοῦ
831 2533 1073 2604 γέγονεν,
1105 2535 1180 2599 ὡς
1210 2536 1523 2608 ἱστορεῖται,
1549 2538 1581 2609 ἢ
1612 2539 1694 2592 ὅτι
1725 2556 1790 2607 γε
1824 2534 1904 2605 εἷς
1933 2540 1962 2592 6

381 2623 572 2696 Σωτὴρ
602 2627 695 2678 καὶ
718 2624 923 2697 Κύριος
952 2625 1108 2697 ἡμῶν
1144 2627 1350 2696 Ἰησοῦς
1373 2628 1402 2681 6
1430 2629 1663 2700 Χριστὸς
1684 2629 1779 2683 τοῦ
1803 2631 1960 2696 Θεοῦ,

377 2715 440 2779 ὃς
477 2717 634 2786 μόνος
662 2716 769 2769 τῶν
795 2716 1014 2770 πώποτε
1040 2719 1105 2771 ὲκ
1127 2718 1442 2791 σπέρματος
1471 2720 1633 2773 Δαὸὶδ
1657 2720 1964 2791 βεϐασιλευ-

290 2808 297 2817 ’
379 2810 554 2862 κὸτων
593 2808 714 2862 καθ’
754 2808 881 2880 ὅλης
923 2811 1285 2883 ἀνηγόρευται
1331 2811 1430 2883 τῆς
1472 2813 1799 2885 οἰκουμένης
1847 2814 1962 2877 υίὸς

376 2904 561 2969 Δαδὶδ,
594 2904 736 2959 κατά
763 2904 861 2977 τὴν
892 2905 1153 2980 ἐνσαρκον
1201 2906 1368 2963 αὐτοῦ
1413 2909 1626 2979 γένεσιν
1674 2909 1962 2980 ὁμολογού-

382 3010 563 3065 μενος,
602 2996 696 3048 καὶ
722 2995 911 3049 τούτου
940 3006 1005 3066 γε
1040 2997 1192 3068 μένει
1230 2997 1322 3051 καὶ
1359 2997 1601 3070 διαμενεῖ
1633 3001 1667 3071 ἡ
1694 2999 1958 3070 βασιλεία,

380 3087 460 3150 είς
492 3085 582 3139 τὸν
615 3085 842 3158 ἄπειρον
882 3086 1055 3145 αἰῶνα
1099 3089 1519 3161 παρατείνουσα,
1568 3089 1743 3144 καίτοι
1791 3091 1962 3164 μυρία

382 3178 481 3249 μὲν
528 3179 1039 3253 ἐπιϐεϐουλευμένη,
1084 3181 1206 3254 θείᾳ
1249 3181 1307 3234 δὲ
1355 3182 1449 3236 καὶ
1490 3183 1631 3255 ὒπὲρ
1675 3182 1959 3257 ἄνθρωπον
1986 3217 2027 3275 C

374 3269 604 3342 δυνάμει
631 3271 691 3325 τὸ
720 3272 901 3327 ἔνθεον
925 3275 1020 3327 καὶ
1052 3273 1317 3345 ἀήττητον
1349 3275 1447 3347 τῆς
1468 3275 1596 3347 περὶ
1627 3276 1790 3330 αὐτοῦ
1824 3294 1957 3349 προ-

382 3361 608 3432 φητείας
635 3363 941 3428 ἀκολούθως
970 3365 1404 3437 ἐπιδεικνυμένη.
1435 3366 1498 3419 Εἰ
1523 3366 1577 3419 δὲ
1604 3366 1843 3437 ὀμνύντα
1864 3368 1957 3422 τὸν

379 3453 512 3508 Θεὸν
544 3455 760 3520 ἀκούεις
789 3456 930 3510 κατὰ
948 3457 1041 3510 τοῦ
1063 3458 1217 3525 ἀγίου
1252 3458 1438 3524 αὑτοῦ,
1468 3458 1542 3523 ὡς
1566 3459 1770 3533 πατρὸς
1792 3460 1956 3514 ἄκουε

377 3545 643 3615 ὀμνύντος
675 3546 816 3601 κατά
843 3547 937 3601 τοῦ
965 3548 1100 3602 Θεοῦ
1138 3550 1332 3618 Λόγου,
1367 3550 1461 3604 τοῦ
1490 3551 1705 3605 πάντων
1744 3550 1954 3605 αἰώνων

381 3635 817 3708 προῦφεστῶτος,
852 3637 1007 3706 ἁγίου
1054 3639 1149 3691 xal
1187 3640 1508 3711 μονογενοῦς
1539 3641 1702 3695 αὑτοῦ
1737 3641 1953 3709 Παιδὸς,

377 3724 440 3779 δν
466 3726 721 3792 ποικίλως
744 3726 1098 3799 ἐθεολόγησαν
1126 3732 1181 3783 αἱ
1212 3731 1448 3802 πρόσθεν
1480 3733 1611 3802 ἡμῖν
1631 3732 1956 3803 παρατεθεί-

381 3836 472 3873 σαι
496 3820 690 3889 φωναὶ,
722 3819 842 3873 καθ’
868 3815 928 3876 οὗ
958 3821 1183 3892 ὄμνυσιν
1205 3823 1236 3875 6
1263 3821 1394 3886 Θεὸς
1421 3824 1516 3877 καὶ
1565 3822 1742 3894 πατὴρ
1767 3822 1952 3887 αὐτοῦ,

376 3911 456 3976 ὡς
501 3911 641 3966 κατά
682 3914 1058 3984 ἡγαπημένου,
1088 3915 1179 3968 τὸν
1226 3915 1291 3968 ὲκ
1324 3914 1632 3987 σπέρματος
1676 3915 1840 3969 Δαϐὶδ
1864 3914 1955 3968 τὸν

378 4003 604 4076 ἄπειρον
638 4005 808 4058 αἰῶνα
842 4005 1085 4072 δοξάσειν
1105 4024 1118 4036 ·
1147 4006 1176 4060 δ
1204 4006 1299 4060 καὶ
1332 4005 1551 4076 γέγονεν
1595 4009 1683 4061 ὅτε
1726 4009 1755 4061 6
1780 4007 1955 4076 Λόγος

379 4095 517 4168 σὰρξ
548 4095 837 4167 γενόμενος
861 4095 955 4149 τὸν
982 4099 1048 4151 ὲκ
1081 4097 1394 4170 σπέρματος
1415 4097 1579 4152 Δαϐὶδ
1605 4098 1860 4170 ἀνείληφε
1891 4116 1951 4152 τε

375 4188 473 4241 καὶ
503 4187 835 4260 ὲθεοποίησε.
859 4189 950 4243 Διὸ
974 4188 1067 4243 καὶ
1090 4189 1205 4242 υἱὸν
1227 4189 1386 4243 αὐτὸν
1407 4189 1728 4262 ἀναγορεύει
1756 4189 1952 4258 λέγων,

382 4293 401 4325 ι
424 4272 566 4344 Ἐγὼ
589 4273 780 4347 ἔσομαι
803 4276 948 4348 αὐτῷ
962 4277 1041 4341 είς
1056 4275 1287 4350 πατέρα,
1305 4277 1400 4333 καὶ
1417 4278 1577 4343 αὐτὸς
1593 4277 1742 4332 ἔσται
1762 4296 1850 4350 μοι
1873 4281 1953 4344 είς

377 4363 559 4420 υἱόν»
591 4367 684 4420 καὶ
724 4367 912 4422 πάλιν·
949 4386 970 4421 ι
1011 4367 1182 4437 Κάγὼ
1214 4368 1557 4442 πρωτότοκον
1587 4369 1822 4441 θήσομαι
1857 4371 1953 4425 αύ-

375 4456 484 4510 τόν.
516 4475 536 4509 ι
563 4457 758 4528 Σαφῶς
786 4459 1073 4532 τοιγαροῦν
1095 4462 1159 4514 ὲκ
1190 4461 1394 4516 τούτων
1425 4463 1454 4515 6
1483 4461 1611 4527 Υίὸς
1639 4463 1732 4516 τοῦ
1766 4461 1901 4523 Θεοῦ
1925 4464 1953 4517 6

2075 625 2174 664 nas
2215 609 2445 665 feminas
2473 612 2698 676 multas,
2726 619 2780 666 et
2815 609 2980 663 ﬁliam
3013 607 3340 673 Pharaonis,
3365 619 3418 666 ct
3446 611 3648 670 Moabi-

2073 700 2237 755 tidas.
2283 708 2336 755 et
2372 700 2795 767 Ammanitidas,
2839 709 2894 756 et
2924 699 3212 761 idumaeas.
3262 710 3316 757 et
3362 700 3551 774 Syras,
3591 712 3648 760 et

2069 795 2232 866 352
2255 795 2547 856 Chettaeas.
2580 804 2635 851 et
2679 796 3044 863 Amorrhaeas,
3095 812 3162 852 ex
3203 796 3461 867 gentibus
3508 813 3647 868 quas

2071 887 2358 943 interdixit
2397 888 2660 944 Dominus
2710 888 2851 943 Deus
2891 889 3014 944 ﬁliis
3052 887 3243 953 Israel,
3289 905 3397 943 non
3435 889 3647 960 ingredi

2071 978 2139 1035 ad
2162 994 2257 1034 eas
2279 980 2319 1031 ³.
2354 997 2372 1031 ι
2406 977 2474 1032 Et
2505 979 2752 1049 adjungit
2785 999 2798 1033 :
2832 999 2851 1030 ι
2882 979 2945 1034 Et
2987 996 3097 1035 non
3137 988 3256 1036 erat
3285 996 3381 1036 cor
3406 984 3527 1049 ejus
3555 1000 3646 1039 re-

2070 1080 2216 1125 ctum
2249 1086 2372 1126 cum
2410 1069 2641 1124 Domino
2673 1070 2785 1125 Deo
2823 1086 2945 1136 suo,
2977 1072 3121 1125 sicut
3155 1087 3252 1127 oor
3279 1072 3449 1129 David
3474 1074 3645 1144 patris

2068 1160 2231 1230 eius;
2261 1167 2315 1213 et
2340 1159 2475 1213 abiit
2509 1157 2767 1213 Salomon
2802 1168 2926 1231 post
2955 1161 3251 1225 Astartem.
3288 1164 3647 1219 abominatio-

2068 1266 2195 1306 nem
2239 1249 2611 1314 Sidoniorum,
2656 1257 2711 1306 et
2754 1259 2880 1321 post
2942 1267 3125 1322 regem
3166 1270 3378 1321 eorum,
3419 1258 3647 1312 simula-

2068 1360 2223 1399 crum
2257 1344 2493 1401 ﬁliorum
2524 1344 2779 1408 Ammon,
2811 1351 2866 1398 et
2900 1342 3028 1398 fecit
3061 1344 3318 1402 Salomon
3352 1349 3549 1403 malum
3585 1350 3643 1404 in

2068 1443 2366 1504 conspectu
2405 1433 2686 1490 Domini".
2725 1452 2745 1487 ι
2772 1432 2839 1486 Ει
2886 1449 3081 1489 rursus
3129 1436 3279 1491 addit
3328 1439 3382 1492 in
3419 1439 3487 1494 iis
3523 1456 3646 1510 quae

2064 1533 2419 1597 sequuntur:
2450 1544 2469 1578 ι
2503 1524 2569 1580 Et
2618 1525 2908 1581 suscitavit
2953 1525 3217 1584 Dominus
3265 1527 3432 1585 Satan
3488 1530 3644 1588 Salo-

2070 1618 2240 1680 moui,
2273 1616 2419 1673 Ader
2445 1615 2739 1673 ldumaeum
2761 1617 2805 1673 ⁸.
2842 1637 2863 1670 ι
2895 1617 3030 1673 Eum
3058 1619 3225 1690 igitur
3243 1621 3336 1691 qui
3362 1621 3415 1676 in
3439 1624 3644 1680 talibus

2062 1719 2122 1766 et
2165 1709 2333 1764 tantis
2376 1717 2690 1774 accusetur,
2742 1724 2865 1779 qua:
2901 1725 3143 1780 unquam
3201 1712 3338 1766 ratio
3393 1713 3640 1778 dictabit,

2067 1810 2279 1874 patrem
2313 1800 2419 1856 sibi
2448 1800 2651 1857 audere
2694 1799 2863 1856 Deum
2895 1786 3194 1869 ascribere,
3225 1805 3518 1876 ipsumque
3549 1823 3644 1859 su-

2063 1909 2314 1965 premum
2342 1893 2508 1948 Deum
2540 1893 2709 1947 ﬁlium
2735 1893 2882 1948 hunc
2907 1909 3066 1949 suum
3099 1896 3522 1966 primogenitum
3547 1913 3645 1968 ap-

2066 1986 2310 2058 pellare?
2350 1984 2526 2052 Quam
2574 1993 2756 2041 autem
2791 1986 2862 2042 ob
2906 2001 3128 2042 causam
3179 1989 3294 2046 haec
3332 1992 3469 2047 alias
3519 1993 3645 2063 qui.

2065 2079 2189 2134 dem
2217 2078 2374 2149 quasi
2406 2079 2475 2134 de
2497 2077 2619 2148 ipso
2643 2078 2905 2134 dicuntur
2928 2078 3121 2143 David,
3153 2082 3290 2137 alias
3323 2099 3452 2139 vero
3481 2087 3641 2155 quasi

2065 2172 2133 2226 de
2162 2171 2311 2226 illius
2344 2171 2592 2226 semine?
2630 2170 2798 2242 Atqui
2834 2172 2952 2243 ipsa
2992 2172 3107 2227 haec
3142 2172 3249 2243 ipsi
3283 2175 3503 2245 quidem
3538 2176 3643 2231 Da-

2063 2261 2155 2316 vid
2196 2276 2478 2332 nunquam
2529 2262 2931 2318 accommodari
2982 2254 3642 2335 poterunt,‘quemadmo-

2064 2355 2192 2409 dum
2243 2354 2343 2409 tibi
2396 2355 2684 2425 diligenter
2734 2357 3050 2412 observanti
3100 2358 3192 2415 ﬁet
3230 2359 3580 2415 manifestum
3624 2376 3636 2410 :

2065 2447 2232 2517 igitur
2265 2447 2432 2501 alium
2460 2462 2527 2502 ex
2554 2446 2767 2502 semine
2805 2446 2977 2501 David
3008 2456 3407 2515 surrecturum,
3435 2451 3504 2505 de
3531 2466 3640 2520 quo

2065 2537 2181 2592 hac
2223 2538 2447 2593 oracula
2495 2538 2809 2609 loquantur,
2838 2553 3083 2606 quaerere
3116 2546 3350 2610 Oportet.
3382 2541 3453 2594 At
3488 2542 3635 2596 enim

2060 2645 2130 2684 ex
2160 2630 2254 2684 illo
2279 2638 2551 2700 quatenus
2586 2638 2680 2685 aut
2724 2639 3079 2695 monumenta
3119 2631 3424 2685 litterarum
3455 2630 3638 2700 prodi-

2052 2719 2265 2796 derint,
2299 2726 2393 2774 aut
2436 2719 2491 2772 in
2533 2719 2797 2774 memoria
2829 2718 3112 2774 hominum
3152 2720 3412 2786 resideat,
3454 2722 3637 2775 nullus

2063 2814 2204 2868 alius
2243 2812 2366 2868 tali‘s
2399 2811 2630 2875 exstitit,
2663 2810 2769 2867 nisi
2812 2827 2956 2866 unus
3002 2810 3253 2867 Salvator
3280 2820 3335 2869 et
3374 2812 3637 2869 Dominus

2064 2911 2253 2960 noster
2280 2902 2443 2960 Jesus
2472 2905 2565 2974 qui
2595 2902 2851 2960 Christus
2879 2913 2964 2961 est
2990 2903 3105 2971 Dei,
3132 2905 3224 2975 qui
3247 2905 3469 2976 quidem
3492 2923 3637 2963 unus

2062 3014 2128 3054 ex
2168 2996 2427 3053 omnibus
2449 2997 2543 3066 qui
2576 3012 2817 3067 unquam
2842 2996 2910 3052 de
2939 2996 3149 3051 semine
3177 2997 3344 3052 David
3374 3014 3638 3068 regnave-

2063 3091 2194 3154 rint,
2227 3089 2285 3144 in
2315 3096 2432 3143 toto
2464 3088 2596 3143 orbe
2622 3094 2891 3143 terrarum
2928 3088 3071 3143 ﬁlius
3108 3087 3276 3143 David
3307 3091 3634 3160 appellatur,

2065 3184 2278 3254 hocque
2328 3181 2631 3238 secundum
2671 3181 2819 3237 illius
2862 3191 3045 3236 ortum
3096 3182 3191 3253 qui
3223 3183 3288 3236 ad
3340 3183 3633 3237 humanam

2060 3284 2312 3331 naturam
2356 3272 2595 3343 pertinet
2626 3286 2818 3328 omnes
2860 3272 3192 3327 conﬁtentur
3220 3291 3236 3326 :
3268 3282 3432 3342 atque
3471 3271 3636 3341 hujus

2056 3382 2286 3439 regnum
2316 3374 2371 3420 et
2398 3372 2580 3421 manet
2603 3379 2751 3419 nunc
2778 3371 2832 3420 et
2851 3379 3271 3434 permansurum
3300 3373 3384 3420 est
3406 3365 3637 3434 posthac

2060 3458 2115 3512 in
2160 3456 2432 3511 inﬁnitum
2463 3469 2637 3510 aevum
2676 3468 3056 3524 perseverans,
3107 3469 3286 3529 neque
3323 3452 3635 3508 innumera-

2056 3550 2193 3605 biles
2232 3548 2496 3603 adversus
2525 3545 2661 3601 illud
2696 3544 2906 3600 insidia:
2955 3545 3264 3616 proﬁcient,
3316 3545 3410 3600 sed
3447 3545 3631 3599 divina

2058 3651 2156 3691 sua
2189 3642 2243 3691 et
2273 3636 2398 3707 plus
2444 3650 2608 3705 quam
2644 3635 2881 3688 humana
2927 3636 3148 3697 virtute,
3179 3633 3322 3705 quod
3367 3634 3633 3691 divinitus

2058 3727 2298 3783 aﬁlatum
2345 3734 2509 3798 atque
2550 3725 2920 3796 insuperabile
2969 3726 3159 3781 habuit
3190 3726 3479 3797 prophetia
3507 3744 3627 3799 quae

2056 3821 2124 3875 de
2160 3820 2281 3890 ipso
2309 3825 2511 3882 exstat,
2547 3819 2727 3888 palam
2760 3819 2910 3872 omni
2940 3825 3185 3888 tempore
3207 3818 3626 3875 demonstrabit.

2060 3909 2161 3965 Ubi
2188 3925 2319 3966 vero
2344 3908 2513 3964 Deum
2553 3924 2650 3979 per
2674 3915 2924 3965 sanctum
2964 3924 3124 3964 suum
3148 3910 3418 3976 iurantem
3446 3911 3628 3975 audis,

2055 4000 2274 4055 Patrem
2320 4000 2506 4069 accipe
2543 3998 2822 4068 iurantem
2868 4012 2964 4068 per
3014 3997 3183 4054 Deum
3224 3996 3488 4067 Verbum,
3533 4002 3630 4071 qui

2054 4093 2240 4149 omnia
2270 4094 2470 4149 saecula
2498 4092 2791 4158 antecedit,
2821 4098 3073 4146 sanctum
3096 4091 3286 4162 utique
3311 4100 3477 4163 atque
3505 4096 3631 4149 uni-

2055 4199 2180 4240 cum
2203 4202 2361 4241 suum
2394 4183 2614 4248 Filium,
2640 4199 2802 4255 quem
2836 4186 2986 4240 varie
3018 4190 3080 4238 ut
3104 4183 3273 4241 Deum
3307 4194 3433 4244 ante
3462 4200 3493 4243 a
3527 4205 3629 4243 no-

2056 4278 2140 4334 bis
2169 4278 2402 4350 expositi
2439 4294 2722 4336 sermones
2755 4278 3191 4345 celebraverunt,
3222 4295 3323 4350 per
3346 4296 3509 4350 quem
3535 4282 3628 4351 ju-

2055 4377 2140 4425 rat
2170 4370 2317 4428 Deus
2359 4379 2414 4428 et
2440 4381 2594 4442 pater
2616 4371 2791 4441 ipsius
2811 4378 3072 4440 tanquam
3113 4386 3211 4444 per
3246 4372 3529 4438 dilectum,
3566 4391 3630 4431 se

2054 4479 2178 4517 eum
2209 4464 2302 4534 qui
2329 4465 2396 4519 de
2418 4465 2626 4520 semine
2646 4463 2812 4519 David
2844 4464 3055 4519 oriatur
3076 4464 3131 4518 in
3155 4464 3427 4520 inﬁnitum
3451 4483 3628 4522 sa-cu-

376 4549 716 4622 πρωτότοκος
750 4552 815 4605 ὲκ
848 4552 1162 4625 σπέρματος
1197 4552 1415 4608 ἔσεσθαι
1447 4554 1613 4608 Δαόὶδ
1642 4555 1947 4627 ἀνείρηται,

2059 4556 2166 4610 lum
2207 4555 2676 4627 gloriﬁcaturum;
2713 4556 2858 4625 quod
2896 4555 3072 4625 ipsum
3098 4556 3262 4610 etiam
3297 4565 3382 4612 est
3425 4558 3627 4614 factum

373 4637 515 4695 ὥστε
546 4640 642 4697 ἕνα
674 4641 769 4695 καὶ
800 4643 890 4696 τὸν
931 4643 1094 4698 αὐτὸν
1124 4639 1262 4699 εἶναι
1288 4644 1377 4699 τὸν
1409 4646 1523 4700 υἱὸν
1555 4645 1648 4700 τοῦ
1680 4645 1844 4700 Δαόὶδ
1875 4645 1953 4718 τῷ

372 4729 508 4787 Θεοῦ
543 4732 691 4804 Υίῷ,
722 4734 816 4787 καὶ
847 4733 937 4788 τὸν
969 4734 1097 4789 Υἰὸν
1128 4735 1219 4790 τοῦ
1260 4735 1394 4790 Θεοῦ
1428 4736 1506 4808 τῷ
1538 4737 1639 4809 υίῷ
1664 4737 1845 4793 Δαϐίδι
1883 4737 1950 4791 δι’

369 4815 448 4878 ὧν
483 4823 731 4896 ἐναργῶς
768 4826 797 4878 6
845 4825 1193 4897 Πρωτότοκος
1243 4827 1422 4900 πάσης
1462 4828 1692 4893 κτίσεως
1732 4829 1895 4894 αὐτὸς
1921 4831 1951 4883 6

371 4913 502 4980 Υἱὸς
549 4913 641 4968 τοῦ
673 4913 809 4968 Θεοῦ
855 4916 970 4980 υίὸς
1007 4915 1297 4990 ἀνθρώπου
1349 4918 1673 4991 γενήσεσθαι
1707 4938 1950 4993 προειρη-

368 5006 576 5060 τεύετο.
621 5006 732 5060 Kal
783 5006 938 5061 τοῦτο
986 5007 1044 5061 δὲ
1086 5009 1146 5063 τὸ
1188 5009 1366 5079 λόγιον
1408 5012 1440 5083 ἡ
1487 5010 1581 5065 τοῦ
1615 5011 1948 5081 Εὐαγγελίου

368 5097 554 5171 γραφὴ
586 5099 1056 5171 ὲπισφραγίζεται,
1092 5101 1161 5155 δι’
1191 5093 1266 5156 ὧν
1312 5120 1476 5175 φησιν
1517 5103 1813 5157 ἐπιστάντα
1856 5104 1947 5158 τὸν

366 5189 409 5246 Γ
411 5189 607 5263 αὸριὴλ
640 5192 705 5263 τῇ
747 5192 877 5265 ἀγίᾳ
907 5192 1169 5266 Παρθένῳ
1210 5194 1374 5265 φάναι
1407 5197 1534 5268 περὶ
1568 5195 1660 5250 τοῦ
1695 5195 1949 5269 Σωτῆρος

366 5282 544 5355 ἠμῶνο
579 5302 596 5334 ι
627 5278 794 5347 Οὗτος
826 5283 976 5338 ἔσται
1011 5285 1207 5356 μέγας,
1240 5287 1334 5342 καὶ
1368 5288 1481 5353 υίὸς
1521 5287 1777 5359 Ὑψίστου
1810 5288 1942 5359 κλη-

367 5373 613 5445 θήσεται,
650 5375 746 5430 καὶ
782 5376 943 5431 δώσει
985 5375 1133 5448 αύτῷ
1165 5378 1367 5451 Κύριος
1399 5381 1428 5433 ό
1473 5380 1605 5444 Θεὸς
1631 5380 1723 5436 τὸν
1753 5379 1942 5452 θρόνον

364 5467 531 5520 Δαὸὶδ
580 5467 673 5521 τοῦ
725 5468 933 5539 πατρὸς
981 5466 1168 5531 αὐτοῦ,
1216 5469 1311 5523 καὶ
1359 5468 1667 5539 βασιλεύσει
1713 5472 1807 5525 ἐπὶ
1847 5473 1941 5527 τὸν

363 5552 512 5637 οῐιιον
557 5557 751 5614 Ἰακὼϐ
797 5562 877 5623 είς
924 5560 1050 5624 τοὺς
1100 5559 1334 5625 αἰῶνας,
1379 5562 1475 5614 καὶ
1517 5560 1620 5633 τῆς
1666 5561 1941 5633 βασιλείας

366 5649 527 5706 αὐτοῦ
557 5651 657 5707 οὐκ
687 5651 837 5707 ἔσται
868 5651 1041 5718 τέλος.
1083 5671 1102 5704 ι
1128 5652 1239 5707 Kal
1277 5652 1415 5722 μετὰ
1447 5652 1655 5727 βραχέα
1685 5655 1743 5709 δὲ
1775 5656 1833 5709 ὲν
1862 5655 1939 5727 τῷ

408 5824 769 5898 οιιιῐιρμι,
814 5827 864 5882 ι.
927 5827 1250 5888 ‘ibld.4-6.
1319 5822 1618 5887 ‘ibidJl.

681 5921 947 5985 ΡΑτιιοι..
981 5925 1096 5986 Gu.
1139 5924 1342 5987 XX",

2050 4661 2160 4717 quo
2190 4653 2433 4716 tempore
2456 4646 2692 4704 Verbum
2717 4663 2848 4703 caro
2876 4649 3125 4705 eﬁ‘ectum
3156 4657 3260 4712 est,
3299 4659 3353 4707 et
3379 4668 3505 4707 eum
3532 4654 3626 4723 qui

2052 4738 2121 4793 de
2167 4738 2376 4793 semine
2429 4737 2599 4795 David
2646 4740 2954 4803 oriebatur,
3003 4741 3305 4811 assumpsit
3346 4740 3627 4813 Deumque

2050 4828 2247 4884 eﬁ‘ecit.
2271 4826 2542 4895 Quocirca
2560 4829 2757 4885 Filium
2781 4847 2997 4902 quoque
3017 4833 3267 4887 eumdem
3287 4834 3520 4903 appellat
3542 4834 3593 4888 di
3612 4863 3622 4873 -

2050 4933 2183 4975 cens
2215 4937 2231 4975 :
2262 4940 2282 4972 ι
2306 4910 2424 4991 Ego
2453 4935 2551 4976 ero
2581 4921 2659 4975 illi
2686 4922 2742 4975 in
2776 4931 3008 4991 patrem,
3044 4930 3097 4977 et
3125 4923 3244 4992 ipse
3274 4923 3380 4976 erit
3407 4923 3539 4977 mihi
3566 4925 3623 4978 in

2050 5010 2242 5067 ﬁlium.
2276 5031 2295 5063 ι
2331 5009 2400 5064 Et
2436 5026 2633 5067 rursus
2660 5031 2673 5066 :
2701 5030 2721 5063 ι
2750 5010 2819 5065 Et
2841 5026 2944 5082 ego
2976 5009 3397 5081 primogenitum
3422 5024 3623 5080 ponam

2049 5102 2223 5158 illum.
2250 5122 2269 5156 ι
2312 5101 2641 5159 Planissime
2674 5103 2839 5174 igitur
2872 5104 2929 5158 in
2975 5103 3064 5157 his
3101 5101 3283 5155 verbis
3311 5097 3480 5155 Filius
3526 5087 3638 5156 Dei.

2047 5195 2208 5267 353
2233 5197 2624 5268 primogenitus
2653 5197 2722 5252 de
2761 5196 2968 5252 semine
2997 5193 3165 5248 David
3193 5192 3411 5247 futurus
3441 5192 3628 5246 dictus

2049 5297 2155 5353 est,
2207 5289 2344 5344 adeo
2375 5290 2614 5361 quidem,
2665 5298 2725 5346 ut
2758 5307 2902 5347 unus
2952 5299 3115 5362 atque
3162 5289 3304 5346 idem
3357 5291 3428 5346 sit
3473 5288 3619 5343 ﬁlius

2049 5382 2217 5438 David
2246 5399 2368 5438 cum
2400 5382 2538 5438 Filio
2570 5384 2686 5449 Dei,
2711 5392 2764 5440 et
2802 5383 2973 5439 Filius
3006 5383 3099 5439 Dei
3128 5399 3251 5438 cum
3285 5382 3396 5438 ﬁlio
3428 5381 3619 5446 David,

2048 5471 2108 5527 in
2151 5473 2353 5545 quibus
2383 5473 2790 5530 evidentissime
2815 5475 3216 5545 primogenitus
3254 5473 3436 5528 omnis
3464 5487 3622 5528 crea-

2048 5573 2187 5620 turae
2216 5565 2332 5630 ipse
2354 5565 2527 5621 Filius
2564 5563 2677 5629 Dei,
2703 5563 2847 5620 ﬁlius
2878 5565 3112 5620 hominis
3136 5563 3358 5620 futurus
3387 5563 3620 5619 caneba-

2050 5663 2157 5713 tur.
2209 5654 2325 5712 Hoc
2386 5665 2568 5712 autem
2616 5655 2898 5711 oraculum
2962 5653 3248 5728 Scriptura
3311 5655 3623 5728 evangeliea

3231 5925 3306 5985 18
