4098 6454
479 392 584 447 5Ῐξ5

1189 387 1275 442 EU
1287 387 1454 441 SE13]!
1493 387 1971 443 ΟίΕΞᾹΒΙΕΝΞΙΒ
2010 387 2048 443 Ο

2151 386 2369 444 .PAliS
2408 388 2448 445 l.
2492 420 2561 429 —-
2600 389 3104 448 APOLOGETICA.

3641 389 3751 447 sse

483 516 642 584 quasi
682 513 836 583 signo
877 512 1147 580 impresso
1183 509 1493 574 continuat,
1542 510 1635 563 ubi
1676 510 1773 573 ait,
1816 508 2048 576 Gabriel1

2160 509 2310 582 αὐτῷ
2360 510 2673 583 Εὑαγγελίῳ
2720 512 2997 584 Ζαχαρίας
3040 513 3070 565 ὀ
3120 509 3215 565 τοῦ
3270 511 3518 566 Ἰωάννου
3566 513 3755 585 πατὴρ

483 623 608 662 cum
646 607 909 662 astitisset
938 603 1171 674 Virgini,
1207 603 1413 658 dixisse
1439 602 1506 657 de
1538 601 1819 658 Salvatore
1847 613 2059 670 nostro,

488 719 507 751 ι
536 699 635 755 Hic
668 699 772 753 erit
802 702 1057 769 magnus,"
1086 705 1141 752 et
1170 694 1341 751 Filius
1365 695 1635 751 Altissimi
1672 696 1978 762 vocabitur,
2008 705 2062 751 et

480 790 632 845 dabit
664 791 712 844 ei
742 789 1005 844 Dominus
1042 787 1184 843 Deus
1217 787 1398 842 sedem
1432 786 1601 841 David
1639 787 1813 858 patris
1835 787 1979 859 ejus,
2009 796 2062 844 et

484 883 737 953 regnabit
769 883 823 937 in
854 881 1017 937 domo
1060 880 1229 936 Jacob
1262 882 1317 935 in
1345 889 1632 946 aeternum,
1663 889 1718 936 et
1761 883 1912 952 regni
1942 881 2061 951 ejus

485 988 595 1026 non
620 972 725 1026 erit
768 971 892 1027 finis
915 972 954 1025 ‘.
997 990 1015 1022 ι
1048 969 1112 1024 Ει
1137 979 1261 1041 post
1303 985 1473 1041 pauca
1502 970 1555 1024 in
1586 969 1773 1024 eodem
1818 969 2063 1040 Evange-

486 1062 580 1124 lio,
625 1061 926 1115 Zacharias
957 1058 1189 1114 Joannis
1221 1069 1377 1130 pater
1407 1059 1523 1113 haec
1566 1058 1633 1114 de
1663 1059 1885 1114 Christo
1922 1058 2063 1112 divi-

479 1163 575 1209 nat
603 1170 615 1205 :
649 1173 668 1205 ¢
705 1153 1036 1209 Benedictus
1067 1152 1335 1207 Dominus
1359 1150 1504 1207 Deus
1528 1150 1719 1217 Israel,
1751 1152 1879 1222 quia
1928 1151 2061 1205 visi-

480 1247 617 1302 tavit
645 1255 701 1302 et
733 1245 863 1300 fecit
905 1245 1338 1313 redemptionem
1381 1244 1584 1315 populo
1633 1258 1755 1308 suo,
1794 1251 1847 1299 et
1888 1244 2060 1298 erexit

476 1355 649 1395 cornu
692 1339 888 1395 salutis
919 1338 972 1391 in
1014 1336 1176 1391 nobis
1207 1337 1262 1391 in
1302 1336 1473 1391 domo
1524 1334 1696 1389 David
1749 1335 1903 1406 pueri
1947 1336 2056 1401 sui,

476 1431 618 1485 sicut
648 1430 865 1486 locutus
913 1436 999 1484 est
1046 1443 1142 1499 per
1174 1442 1238 1483 os
1284 1436 1622 1492 sanctorum,
1655 1429 1750 1498 qui
1787 1443 1818 1481 a
1856 1429 2058 1484 sazculo

477 1530 606 1577 sunt
644 1522 1035 1594 pr0pbetarum
1074 1521 1195 1591 ejus
1214 1527 1257 1575 τ.
1300 1540 1318 1574 ι
1356 1519 1511 1587 Quod
1556 1535 1684 1575 vero
1728 1521 2055 1591 promissam

476 1615 583 1686 ipsi
639 1612 809 1668 David
856 1622 1117 1669 aeternam
1169 1612 1353 1668 sedem
1409 1610 1664 1666 Salvator
1704 1621 1759 1667 et
1792 1609 2057 1667 Dominus

475 1716 664 1763 noster
691 1705 876 1773 Jesus,
915 1706 1008 1777 qui
1046 1705 1302 1761 Christus
1335 1714 1419 1760 est
1454 1703 1571 1770 Dei,
1609 1720 1786 1774 neque
1818 1705 1958 1759 alius
1989 1720 2054 1758 ex

470 1799 753 1853 hominum
785 1813 982 1869 genere
1015 1798 1287 1868 quispiam
1331 1796 1626 1867 acceperit,
1668 1796 1803 1853 satis
1842 1812 1905 1853 ea
1936 1812 2057 1868 qum

2164 602 2290 656 τάδε
2322 604 2450 674 περὶ
2494 603 2587 655 τοῦ
2634 603 2871 674 Χριστοῦ
2921 600 3187 667 θεσπίζει·
3226 621 3244 653 ι
3284 600 3591 673 Εὐλογητὸς
3631 604 3753 656 Κύ-

2166 714 2281 767 ριος
2305 697 2335 748 ὁ
2362 695 2493 759 Θεὸς
2518 694 2611 748 τοῦ
2640 694 2873 767 Ἰσραὴλ,
2892 695 2973 748 ὅτι
3006 692 3367 762 ἐπεσκέψατο,
3396 694 3491 748 καὶ
3523 695 3752 766 ἐποίησε

2163 789 2431 861 λύτρωσιν
2463 787 2540 859 τῷ
2567 786 2683 858 λαῷ
2714 786 2902 849 αὑτοῦ,
2926 786 3021 839 καὶ
3047 786 3234 857 ήγειρε
3268 786 3438 857 κέρας
3474 786 3752 858 σωτηρίας

2164 884 2295 953 ἡμῖν
2327 884 2385 936 ἐν
2417 880 2551 952 οἴκῳ
2594 879 2759 934 Δαϐὶδ
2803 877 2895 932 τοῦ
2929 877 3118 941 παιδὸς
3151 877 3343 942 αὑτοῦ,
3395 878 3578 943 καθὼς
3625 878 3750 932 ἐλά-

2162 973 2292 1044 λησε
2330 973 2418 1027 διὰ
2467 972 2736 1043 στόματος
2788 972 2897 1025 τῶν
2956 972 3128 1041 ἁγίων
3189 971 3283 1024 ἀπ’
3336 971 3532 1035 αἰῶνος
3580 971 3747 1025 αὐτοῦ

2163 1062 2479 1134 προφητῶν.
2524 1081 2543 1114 ι
2601 1061 2741 1115 Ἀλλ’
2779 1062 2862 1115 ὄτι
2915 1061 3014 1132 μὲν
3058 1061 3151 1114 τὸν
3206 1061 3620 1133 ἐπηγγελμένον
3665 1061 3747 1134 τῷ

2162 1153 2325 1207 Δαϐὶδ
2374 1152 2588 1207 αἰώνιον
2642 1152 2829 1224 θρόνον
2872 1154 2901 1206 ὁ
2947 1151 3138 1223 Σωτὴρ
3191 1152 3286 1205 καὶ
3343 1152 3546 1224 Κύριος
3586 1153 3746 1225 ήμῶν

2174 1243 2380 1315 Ἰησοῦς
2411 1245 2440 1297 ὁ
2473 1244 2709 1316 Χριστὸς
2743 1244 2834 1298 τοῦ
2867 1243 3037 1308 Θεοῦ,
3066 1243 3163 1297 καὶ
3193 1244 3312 1298 οὐδὲ
3345 1243 3501 1308 ἀλλος
3528 1244 3743 1317 ἀνθρώ-

2162 1352 2281 1389 πων
2322 1335 2654 1407 ἀπείληφεν,
2701 1336 2882 1390 ἱκαναὶ
2933 1335 3310 1391 πιστώσασθαι
3353 1340 3407 1392 at
3449 1356 3741 1412 προπαρα-

2158 1428 2395 1484 τεθείσαι
2451 1430 2780 1503 μαρτυρίαι,
2820 1431 2855 1501 ή
2905 1447 2965 1483 τε
3009 1431 3104 1485 τοῦ
3151 1433 3389 1506 Γαϐριὴλ
3435 1434 3528 1487 καὶ
3570 1436 3604 1506 ή
3642 1435 3740 1490 τοῦ

2159 1523 2452 1595 Ζαχαρίου,
2487 1522 2555 1575 δι’
2587 1516 2662 1577 ὧν
2700 1523 2793 1577 καὶ
2838 1523 3148 1578 συνίσταται
3186 1526 3249 1578 ἐκ
3292 1527 3604 1598 σπέρματος
3646 1545 3741 1597 γε-

2158 1613 2330 1684 γονὼς
2363 1614 2529 1669 Δαϐὶδ
2565 1616 2705 1671 κατά
2741 1618 2939 1688 σάρκα.
2990 1617 3106 1671 Τίνι
3144 1617 3202 1671 δέ
3240 1617 3379 1690 λόγῳ
3410 1620 3501 1672 τὸν
3537 1620 3738 1692 Ἰωσήφ

2158 1706 2576 1777 γενεαλογοῦσιν
2634 1711 2682 1763 οί
2742 1710 2879 1782 ίεροὶ
2931 1709 3349 1779 εὐαγγελισταὶ,
3407 1712 3609 1785 καίπερ
3659 1711 3737 1787 μὴ

2157 1798 2311 1863 ὄντος
2353 1798 2447 1853 τοῦ
2481 1800 2735 1872 Σωτῆρος
2776 1800 2936 1872 ήμῶν
2986 1800 3046 1866 ἐξ
3093 1800 3294 1866 αὑτοῦ,
3346 1801 3458 1854 ἀλλ’
3488 1802 3549 1869 ἐξ
3580 1803 3736 1873 ἁγίου

471 1890 729 1961 superius
771 1891 950 1961 posita
998 1896 1127 1943 sunt
1172 1888 1491 1944 testimonia
1539 1889 2048 1960 comprobaverint,

2155 1890 2470 1963 Πνεύματος
2517 1892 2612 1945 καὶ
2658 1892 2759 1963 τῆς
2793 1891 2951 1960 ἁγίας
2991 1891 3291 1963 Παρθένου,
3342 1895 3491 1959 ὅπως
3538 1913 3599 1949 τε
3645 1899 3739 1952 καὶ

470 1997 684 2037 necnon
710 1982 881 2053 ipsius
916 1980 1136 2037 Gabriel
1168 1989 1222 2035 et
1250 1978 1548 2044 Zachariae,
1576 1980 1631 2035 in
1665 1981 1865 2051 quibus
1884 1982 2048 2035 etiam

470 2075 602 2129 illud
632 2073 1192 2145 conﬁrmatur,quod,
1210 2082 1484 2145 quatenus
1511 2074 1579 2128 ad
1600 2075 1895 2128 humanam
1927 2073 2050 2144 ejus

469 2174 720 2223 naturam
752 2168 1009 2238 pertinet,
1043 2168 1111 2223 de
1144 2170 1352 2224 semine
1388 2166 1557 2223 David
1590 2176 1756 2224 natus
1792 2175 1897 2223 est.
1928 2166 2047 2221 Ca:-

467 2267 667 2323 terum,
702 2274 809 2329 qua
830 2260 1041 2314 ratione
1070 2261 1244 2331 ipsius
1270 2258 1470 2330 Josepb
1495 2276 1667 2331 genus
1689 2260 1862 2316 sancti
1890 2275 2052 2315 evan-

466 2348 678 2419 gelista:
703 2347 1043 2414 describant,
1078 2351 1337 2421 quamvis
1380 2350 1633 2405 Salvator
1665 2358 1855 2406 noster
1881 2364 1946 2405 ex
1981 2365 2048 2405 eo

461 2450 625 2497 natus
645 2456 753 2495 non
786 2441 879 2507 sit,
913 2441 1010 2498 sed
1042 2442 1110 2498 de
1140 2442 1349 2514 Spiritu
1393 2452 1588 2498 sancto
1623 2451 1677 2498 et
1701 2451 1892 2500 sancta
1918 2440 2047 2496 Vir-

2156 1982 2295 2055 αὕτη
2329 1985 2363 2055 ή
2395 1982 2491 2037 τοῦ
2524 1984 2730 2056 Κυρίου
2768 1985 2949 2056 μήτηρ
2996 1983 3105 2039 ἀπὸ
3136 1984 3328 2053 γένους
3360 1987 3454 2041 καὶ
3488 1987 3741 2059 σπέρμα-

2156 2092 2245 2138 τος
2279 2075 2661 2131 ἀποδείκνυται
2698 2072 2838 2131 εἶναι
2868 2076 3049 2141 Δαϐὶδ,
3086 2078 3146 2130 ἐν
3182 2077 3259 2147 τῷ
3290 2077 3497 2150 πρώτῳ
3527 2079 3635 2134 τῶν
3662 2083 3743 2145 είς

2155 2163 2253 2236 τὴν
2280 2164 2630 2233 γενεαλογίαν
2656 2163 2750 2217 τοῦ
2784 2165 3034 2237 Σωτῆρος
3075 2166 3234 2238 ήμῶν
3270 2165 3602 2239 ζητημάτων
3642 2170 3735 2222 καὶ

2156 2254 2359 2308 λύσεων
2390 2254 2743 2327 διειληφότες,
2772 2256 2858 2309 ἐπ’
2890 2257 3071 2310 ἐκεῖνα
3099 2258 3225 2321 τοὺς
3254 2257 3570 2331 φιλομαθεῖς
3599 2262 3730 2314 ἀνα-

2154 2346 2468 2419 πέμπομεν,
2517 2347 2603 2418 ἐφ’
2630 2348 2822 2420 ἑτέραν
2855 2348 3001 2420 ήμᾶς
3032 2348 3289 2404 ὑπόθεσιν
3319 2352 3731 2422 κατεπείγοντος

2153 2438 2247 2493 τοῦ
2278 2438 2544 2511 παρόντος
2575 2439 2792 2512 καιροῦ.

462 2537 609 2609 g‘ine,
658 2554 876 2610 quoque
920 2539 1084 2597 modo
1121 2541 1236 2596 haec
1287 2540 1463 2613 ipsius
1506 2539 1723 2595 Domini
1760 2549 1935 2595 mater
1981 2539 2048 2594 de
2078 2552 2278 2610 genere
2305 2553 2372 2592 ex
2398 2537 2609 2593 semine
2627 2535 2799 2592 David
2830 2535 3002 2594 fuisse
3066 2538 3412 2606 ostendatur,
3472 2541 3528 2596 in
3559 2541 3737 2612 primo

452 2640 515 2687 et
544 2633 907 2703 quaestionum
934 2626 999 2690 ef
1028 2635 1363 2691 solutionum
1404 2651 1525 2706 quze
1563 2635 1630 2689 ad
1676 2635 1895 2706 generis
1946 2632 2247 2689 Salvatoris
2268 2631 2446 2688 nostri
2493 2633 2692 2689 seriem
2752 2644 2918 2705 atque
2979 2636 3381 2691 enarrationem
3435 2638 3736 2708 pertinent,

455 2730 981 2799 explicavimus.Ad
1010 2732 1100 2786 illa
1127 2732 1293 2804 igitur
1344 2747 1441 2787 eos
1470 2732 1562 2802 qui
1595 2730 1812 2787 discere
1854 2732 2084 2802 cupiunt
2122 2730 2475 2794 remittimus,
2529 2730 2751 2802 quando
2810 2731 2878 2787 ad
2931 2732 3077 2788 aliud
3114 2733 3387 2789 scribendi
3440 2749 3738 2808 argumen-

458 2829 577 2876 tum
596 2839 848 2894 praesens
878 2843 978 2883 nos
1006 2835 1220 2898 tempus
1249 2834 1470 2882 revocat
1498 2834 1662 2898 atque
1692 2827 1947 2898 impellit.

461 2938 501 2990 Α
529 2939 736 3010 psalmo
760 2957 906 2998 cui.
936 2972 1008 2999 -.—
1032 2941 1105 3016 De
1146 2941 1433 3016 Salomone
1453 2953 1583 2999 eteo
1626 2944 1715 3016 qui
1741 2959 1806 2999 ea:
1851 2945 2047 3000 semine

1044 3012 1159 3085 ejus
1184 3013 1447 3081 procedet.

538 3140 556 3172 ‹
598 3120 763 3185 Deus,
786 3120 1053 3191 judicium
1078 3129 1231 3179 tuum
1257 3124 1368 3194 regi
1401 3123 1489 3191 da,
1516 3132 1571 3180 et
1594 3124 1867 3195 justitiam
1894 3133 2042 3181 tuam
2073 3153 2115 3209 ο

463 3214 573 3268 filio
598 3214 798 3284 regis“,
834 3232 853 3266 ι
883 3229 948 3269 ac
964 3213 1222 3286 deinceps
1250 3216 1417 3289 355.
1442 3218 1692 3289 adjungit
1724 3236 1736 3270 :
1777 3238 1795 3270 ι
1825 3218 1891 3273 Et
1919 3235 2044 3290 per-

460 3303 704 3358 manebit
739 3316 863 3357 eum
914 3303 1030 3359 sole
1073 3312 1128 3359 et
1156 3312 1283 3360 ante
1311 3306 1520 3369 lunam,
1552 3307 1933 3377 generationes
1960 3322 2047 3379 ge-

462 3393 835 3457 nerationum,
887 3392 1183 3449 descendet
1229 3394 1374 3450 sicut
1427 3396 1613 3466 pluvia
1666 3398 1723 3453 in
1759 3398 1957 3463 vellus,
1990 3404 2045 3453 et

461 3484 605 3538 sicut
633 3483 910 3540 stillicidia
945 3486 1207 3541 stillantia
1248 3502 1414 3557 super
1475 3498 1699 3553 terram,
1732 3489 1943 3545 orietur
1987 3490 2045 3545 in

460 3577 654 3634 diebus
675 3578 796 3648 ejus
818 3578 1056 3649 justitia,
1089 3587 1141 3634 et
1164 3580 1510 3636 abundantia
1542 3583 1717 3653 pacis,
1745 3582 1919 3639 donec
1946 3599 2044 3638 au-

458 3667 667 3724 feratur
699 3670 849 3736 luna,
881 3678 935 3726 et
960 3670 1331 3727 dominabitur
1353 3688 1383 3727 a
1414 3675 1551 3728 mari
1585 3690 1760 3746 usque
1780 3674 1849 3730 ad
1869 3691 2039 3740 mare,

458 3771 512 3815 et
541 3776 572 3814 a
608 3761 834 3819 ﬂumine
875 3779 1049 3835 usque
1086 3763 1157 3819 ad
1199 3765 1469 3821 terminos
1505 3767 1657 3822 orbis
1708 3764 1911 3823 terrae'.
1944 3767 2041 3822 :Et

458 3862 581 3922 post
601 3870 794 3925 pauca,
815 3856 896 3911 sic
921 3858 1029 3911 ait:
1050 3875 1068 3908 ι
1096 3855 1565 3927 Superextolletur
1582 3875 1748 3930 super
1771 3859 2039 3915 Libanum

456 3947 668 4005 fructus
696 3948 838 4019 ejus,
857 3950 965 4005 erit
983 3964 1183 4005 nomen
1206 3950 1327 4020 ejus
1357 3950 1703 4008 benedictum
1736 3954 1791 4007 in
1814 3954 2037 4019 saecula,

455 4047 584 4095 ante
614 4041 783 4095 solem
821 4040 1163 4110 permanebit
1208 4056 1407 4097 nomen
1438 4043 1583 4112 ejus,
1628 4050 1683 4099 et
1708 4045 2040 4101 benedicen-

458 4137 547 4182 tur
580 4128 635 4181 in
658 4128 778 4198 ipso
808 4143 1000 4184 omnes
1028 4128 1211 4183 tribus
1242 4135 1426 4193 terrae,
1467 4144 1661 4184 omnes
1687 4139 1878 4201 gentes
1910 4132 2040 4186 bea-

454 4216 876 4271 tiﬁcabunteum
900 4217 964 4271 ι’.
999 4237 1017 4269 ι
1046 4217 1277 4284 Quando
1292 4233 1422 4289 ergo
1440 4219 1493 4272 in
1526 4216 1875 4275 Salomonem
1903 4221 2038 4276 scri-

454 4317 579 4379 ptus
632 4321 718 4364 est
768 4308 1039 4379 psalmus,
1085 4308 1298 4380 primus
1357 4310 1554 4382 psalmi
1607 4312 1916 4367 versiculus
1969 4311 2037 4367 ad

454 4401 605 4455 illum
625 4398 915 4467 referatur;
933 4417 1054 4472 quae
1081 4417 1213 4457 vero
1240 4412 1547 4474 sequuntur
1562 4405 1746 4459 omnia
1769 4403 1837 4460 ad
1865 4404 2033 4461 filium

2166 2919 2307 2972 Ἀπὸ
2349 2918 2597 2988 ψαλμοῦ
2626 2925 2732 2975 οα’.
2765 2951 2833 2960 —
2871 2920 3013 2988 Περὶ
3058 2919 3438 2989 Σολομῶντος
3479 2921 3576 2976 καὶ
3619 2922 3731 2977 τοῦ

2329 2989 2399 3042 ἐκ
2424 2990 2766 3059 σπέρματος
2797 2991 2985 3045 αὐτοῦ
3010 2991 3552 3061 προελευσομένου.

2230 3121 2251 3156 ι
2296 3103 2354 3157 '0
2386 3103 2539 3169 Θεὸς,
2576 3104 2638 3157 τὸ
2671 3104 2847 3177 κρῖμά
2880 3122 2973 3160 σου
3005 3104 3081 3177 τῷ
3116 3106 3324 3177 βασιλεῖ
3351 3106 3461 3173 δὸς,
3505 3108 3601 3161 καὶ
3632 3108 3734 3179 τὴν

2147 3195 2492 3267 δικαιοσύνην
2543 3211 2638 3249 σου
2688 3196 2768 3267 τῷ
2820 3196 2920 3268 υίῷ
2952 3195 3044 3251 τοῦ
3095 3197 3386 3268 βασιλέως’
3430 3217 3449 3250 ι
3482 3200 3576 3253 καὶ
3606 3198 3734 3271 ἑξῆς

2147 3287 2406 3356 ἐπιλέγει·
2447 3306 2466 3337 ι
2512 3287 2622 3340 Καὶ
2673 3291 3096 3361 συμπαραμενεῖ
3142 3289 3219 3360 τῷ
3255 3289 3432 3362 ήλίῳ,
3481 3291 3576 3345 καὶ
3627 3290 3735 3363 πρὸ

2145 3380 2244 3451 τῆς
2278 3380 2505 3451 σελήνης
2554 3379 2746 3449 γενεάς
2789 3382 3024 3449 γενεῶν,
3060 3381 3429 3454 καταϐήσεται
3470 3382 3547 3446 ὡς
3579 3383 3733 3448 ὑετὸς

2145 3472 2239 3526 ἐπὶ
2288 3473 2475 3540 πόκον,
2528 3473 2622 3528 καὶ
2677 3473 2811 3527 ὡσεὶ
2860 3475 3118 3543 σταγόνες
3167 3475 3461 3541 στάζουσαι
3511 3477 3605 3531 ἐπὶ
3632 3477 3730 3550 τὴν

2142 3565 2279 3637 γῆν·
2329 3565 2580 3620 ἀνατελεῑ
2620 3566 2678 3621 ἐν
2729 3570 2850 3631 ταῖς
2894 3568 3131 3639 ήμέραις
3184 3568 3348 3623 αὐτοῦ
3394 3568 3728 3641 δικαιοσύνη,

2145 3658 2239 3710 καὶ⁵
2282 3657 2484 3729 πλῆθος
2517 3659 2772 3731 είρήνης,
2809 3659 2915 3724 ἕως
2947 3652 3009 3712 οὗ
3043 3660 3404 3734 ἀνταναιρεθῇ
3440 3664 3473 3734 ή
3509 3661 3727 3735 σελήνη,

2145 3750 2238 3803 καὶ
2265 3750 2684 3822 κατακυριεύσει
2719 3752 2827 3805 ἀπὸ
2861 3751 3137 3824 θαλάσσης
3166 3753 3272 3818 ἕως
3302 3752 3598 3824 θαλάσσης,
3633 3754 3731 3809 καὶ

2144 3841 2253 3895 ἀπὸ
2292 3841 2538 3912 ποταμοῦ
2580 3843 2685 3908 ἐως
2727 3844 2979 3916 περάτων
3022 3845 3123 3917 τῆς
3168 3845 3516 3917 οἰκουμένης.
3564 3865 3583 3898 ι
3618 3844 3729 3899 Καὶ

2146 3933 2285 4007 μετά
2339 3934 2544 4007 βραχέα
2598 3936 2796 4006 φησίν·
2848 3955 2867 3986 ι
2914 3936 3390 4010 Ὑπεραρθήσεται
3438 3937 3580 4008 ὑπὲρ
3636 3937 3729 3990 τὸν

2141 4024 2369 4079 Λίϐανον
2398 4028 2427 4079 ὁ
2458 4026 2670 4098 καρπὸς
2701 4027 2885 4080 αὑτοῦ·
2915 4027 3068 4082 ἔσται
3092 4027 3152 4082 τὸ
3182 4029 3354 4099 ὄνομα
3384 4027 3548 4083 αὑτοῦ
3578 4026 3730 4080 εὐλο-

2141 4118 2380 4189 γημένον
2413 4122 2493 4183 εἰς
2542 4120 2633 4174 τὸν
2677 4120 2871 4187 αἰῶνα,
2905 4119 3008 4195 πρὸ
3056 4122 3149 4176 τοῦ
3197 4121 3350 4194 ήλίου
3394 4121 3638 4191 διαμενεῖ
3663 4120 3726 4173 τὸ

2140 4211 2310 4282 ὄνομα
2341 4211 2527 4277 αὑτοῦ,
2569 4212 2665 4266 καὶ
2714 4213 3229 4287 ἐνευλογηθήσονται
3270 4215 3328 4267 ἐν
3371 4212 3517 4284 αὑτῷ
3549 4214 3721 4267 πᾶσαι

2140 4303 2195 4355 ai
2242 4302 2408 4373 φυλαὶ
2446 4304 2546 4375 τῆς
2575 4305 2699 4377 γῆς,
2735 4305 2911 4359 πάντα
2942 4307 3013 4361 τά
3056 4306 3182 4379 ἔθνη
3226 4304 3580 4378 μακαριοῦσιν
3625 4304 3725 4359 αὑ-

2138 4394 2249 4450 τόν.
2288 4414 2306 4446 ι
2347 4395 2565 4469 Ἐπειδὴ
2596 4396 2903 4469 γέγραπται
2937 4401 3017 4463 είς
3054 4397 3340 4471 Σολομῶνα
3368 4399 3397 4451 ὁ
3425 4395 3660 4468 ψαλμὸς,
3693 4397 3724 4450 ὁ

456 4489 791 4553 Salomonis,
842 4505 952 4544 non
988 4489 1257 4556 Roboam,
1292 4491 1385 4562 qui
1422 4500 1547 4562 post
1600 4494 1751 4547 illum
1788 4495 2035 4564 regnavit

2151 4484 2356 4557 πρῶτος
2386 4486 2479 4540 τοῦ
2509 4487 2726 4560 ψαλμοῦ
2753 4490 2934 4562 στίχος
2964 4493 3044 4555 είς
3078 4490 3240 4546 αὑτὸν
3271 4491 3622 4561 ἀναφέροιτο,
3655 4487 3725 4542 τὰ

453 4583 509 4639 in
556 4581 920 4651 Hierusalem,
954 4584 1048 4640 sed
1092 4583 1160 4637 ad
1206 4600 1331 4639 eum
1378 4585 1470 4655 qui
1522 4583 1591 4641 de
1628 4587 1748 4655 ejus
1805 4587 2033 4652 semine,

451 4676 667 4731 ratione
714 4674 969 4730 humanae
1016 4684 1227 4731 natura:
1273 4677 1552 4748 profectus
1597 4687 1703 4741 est,
1752 4677 2034 4737 Christum

450 4767 566 4823 Dei.
598 4765 756 4835 Quod
804 4768 948 4822 enim
992 4784 1171 4839 neque
1214 4769 1282 4823 ad
1332 4768 1699 4833 Salomonem,
1734 4787 1912 4842 neque
1963 4773 2033 4826 ad

449 4861 571 4927 ejus
600 4875 987 4918 successorem
1028 4861 1222 4916 referri
1250 4862 1468 4932 possint
1494 4878 1558 4918 ea
1581 4878 1703 4934 quae
1734 4864 1787 4918 in
1818 4864 2034 4935 psalmo

450 4954 828 5019 continentur,
861 4962 1085 5026 propter
1117 4969 1215 5020 ea,
1266 4971 1386 5025 quae
1425 4956 1493 5011 de
1536 4957 1631 5011 illo
1664 4958 1884 5027 cognita
1940 4958 2035 5012 ba-

448 5047 669 5112 bentur,
695 5045 1011 5117 quicunque
1061 5044 1367 5103 divinarum
1420 5044 1830 5116 Scripturarum
1862 5046 2034 5118 impe-

448 5139 592 5195 ritus
631 5155 741 5197 non
768 5149 871 5204 est,
911 5138 1070 5195 facile
1113 5137 1483 5194 confitebitur.
1538 5138 1753 5193 Etenim
1788 5140 1881 5208 qui
1915 5139 2035 5194 fieri

2136 4578 2195 4631 δὲ
2243 4579 2483 4650 ἑπόμενα
2529 4580 2710 4635 πάντα
2757 4584 2839 4646 εἰς
2888 4583 2979 4636 τὸν
3023 4582 3138 4635 υἱὸν
3171 4581 3516 4653 Σολομῶνος.
3544 4580 3605 4634 οὐ
3634 4581 3725 4635 τὸν

2152 4667 2408 4740 Ῥοϐοάμ,
2461 4671 2521 4734 ὃς
2565 4673 2682 4742 μετ’
2731 4673 2893 4728 αὐτὸν
2942 4672 3259 4727 ἐϐασίλευσε
3317 4672 3410 4727 τοῦ
3470 4671 3720 4743 Ἰσραήλ,

2139 4759 2276 4814 ἀλλά
2318 4762 2409 4816 τὸν
2455 4763 2519 4816 ἐκ
2554 4763 2870 4836 σπέρματος
2898 4765 3063 4819 αὺτοῦ
3106 4765 3248 4820 κατά
3293 4767 3473 4837 σάρκα
3499 4765 3729 4835 γενόμε-

2140 4868 2249 4916 νον,
2298 4851 2389 4906 τὸν
2436 4854 2670 4926 Χριστὸν
2701 4855 2795 4908 τοῦ
2834 4855 2991 4914 Θεοῦ.
3024 4857 3145 4911 Ὅτι
3185 4856 3295 4929 γάρ
3341 4857 3443 4909 οὐκ
3489 4856 3581 4909 ἐπὶ
3632 4854 3724 4910 τὸν

2139 4944 2444 5017 Σολομῶνα,
2493 4947 2615 5002 οὐδὲ
2658 4949 2750 5001 ἐπὶ
2779 4949 2869 5002 τὸν
2912 4952 3101 5006 τούτου
3148 4949 3388 5021 διάδοχον
3430 4948 3724 5019 ἀναφέρειν

2137 5038 2361 5094 δυνατὸν
2390 5040 2460 5094 τὰ
2492 5044 2549 5095 ἐν
2576 5040 2654 5114 τῷ
2691 5041 2891 5116 ψαλμῷ
2919 5043 3007 5100 διὰ
3038 5042 3108 5097 τά
3137 5044 3266 5116 περὶ
3299 5042 3464 5096 αὐτοῦ
3494 5041 3725 5116 δεδηλω-

2140 5131 2298 5203 μένα,
2326 5134 2431 5195 πᾶς
2471 5134 2500 5187 ὁ
2536 5112 3026 5205 μήήάνεπιστήμων
3063 5134 3170 5188 τῶν
3204 5112 3365 5188 θείων
3396 5112 3723 5205 ὁμολογήσει

450 5237 633 5301 potest
680 5239 739 5285 ut
780 5234 849 5286 de
884 5228 1196 5295 Salomone,
1233 5237 1328 5283 aut
1360 5231 1425 5284 de
1472 5228 1594 5299 ejus
1638 5227 1750 5283 filio
1783 5227 2029 5284 Roboam

2151 5221 2393 5294 Γραφῶν.
2434 5223 2594 5280 Ἀλλά
2643 5226 2736 5281 καὶ
2787 5223 2903 5289 πῶς
2952 5220 3065 5281 οἷόν
3094 5244 3154 5280 τε
3196 5226 3290 5279 ἐπὶ
3332 5225 3641 5295 Σολομῶνα,
3685 5222 3720 5295 ἢ

449 5325 811 5394 accipiantur,
862 5338 985 5394 quae
1038 5338 1133 5394 per
1181 5329 1353 5378 totum
1419 5321 1691 5391 psalmum
1755 5317 2027 5388 feruntur,

2151 5315 2232 5367 ἐπὶ
2257 5316 2348 5369 τὸν
2376 5315 2565 5369 τούτου
2599 5317 2714 5370 υἱὸν
2755 5316 2990 5389 Ῥοϐοάμ
3035 5318 3397 5390 ἐκλαμϐάνειν
3439 5318 3507 5370 τὰ
3552 5317 3723 5387 ἐμφε-

449 5416 611 5482 quale
648 5421 733 5469 est
765 5412 899 5468 illud
941 5432 953 5468 :
994 5431 1012 5464 ι
1058 5410 1441 5467 Dominabitur
1484 5425 1514 5462 a
1556 5409 1698 5463 mari
1752 5425 1925 5480 usque
1961 5412 2029 5467 ad

2151 5408 2343 5478 ρόμενα
2379 5407 2444 5462 δι’
2477 5408 2599 5463 ὅλου
2626 5408 2720 5464 τοῦ
2748 5409 2997 5485 ψαλμοῦς
3026 5405 3136 5464 οἷον
3166 5412 3247 5478 τὸ,
3283 5432 3301 5461 ι
3346 5408 3727 5483 Κατακυριεύ-

451 5519 621 5569 mare,
656 5513 709 5558 et
738 5520 768 5563 a
793 5504 1014 5558 ﬂumine
1043 5519 1216 5575 usque
1246 5502 1313 5559 ad
1348 5502 1609 5558 terminos
1639 5500 1787 5556 orbis
1814 5512 2023 5568 terram

2151 5517 2223 5552 ret
2262 5500 2368 5553 ἀπὸ
2398 5500 2671 5574 θαλάσσης
2702 5502 2805 5566 ἕως
2834 5502 3129 5573 θαλάσσης,
3180 5504 3271 5557 καὶ⁵
3318 5504 3426 5557 ἀπὸ
3478 5499 3724 5574 ποταμοῦ

450 5606 505 5650 et
536 5596 670 5651 illud
701 5613 715 5649 :
747 5614 766 5648 ι
796 5596 1148 5653 Permanebit
1180 5612 1304 5652 cum
1335 5596 1451 5655 sole
1479 5601 1533 5650 et
1559 5602 1685 5648 ante
1718 5594 1900 5649 lunam
1932 5612 2027 5666 ge-

2151 5592 2241 5655 ἕως
2275 5594 2526 5665 περάτων
2569 5595 2668 5665 τῆς
2710 5596 3059 5667 οἰκουμένης
3095 5616 3112 5648 ι
3141 5597 3233 5649 καὶ
3262 5595 3323 5648 τὸ
3354 5616 3372 5647 ι
3426 5595 3727 5666 Συμπαρα·

450 5688 763 5748 nerationcs
809 5686 1245 5759 generationum,
1281 5706 1301 5738 ι
1335 5693 1389 5742 et
1439 5699 1779 5756 quaecunque
1812 5685 1917 5739 alia
1940 5685 2027 5740 his

2151 5687 2290 5755 μενεῖ
2320 5685 2398 5756 τῷ
2420 5686 2587 5758 ἡλίῳ,
2602 5688 2698 5740 καὶ
2727 5688 2835 5759 πρὸ
2862 5687 2962 5758 τῆς
2986 5687 3215 5760 σελήνης
3241 5686 3435 5770 γενεάς
3462 5686 3718 5756 γενεῶνσι

522 5843 544 5875 ⁸
573 5841 707 5901 Luc.
744 5859 782 5912 t,
805 5842 898 5913 53,
933 5845 1022 5901 33.
1059 5847 1079 5880 ⁷
1117 5845 1250 5913 ibid,
1286 5846 1466 5903 68-70.
1496 5847 1518 5879 ⁸
1545 5845 1691 5905 Psal.
1724 5864 1875 5916 Lxxl,
1900 5850 1954 5906 2.
2017 5851 2038 5883 ⁹
2070 5849 2201 5907 ibid.
2232 5850 2341 5906 5-8.
2401 5850 2443 5883 ¹⁰
2475 5847 2603 5905 ibid.
2645 5850 2730 5907 16.
2775 5848 2860 5906 l7.
