4098 6440
430 406 531 462 537
1314 403 1974 462 DEMONSTRATIONIS
2013 403 2475 462 EVANGEIJCxE
2516 405 2643 462 LIB.
2688 406 2800 461 ΠΙ.
3577 405 3682 459 553

430 522 524 575 καὶ
549 521 649 575 ὅσα
676 520 815 576 ἄλλα
843 522 1050 587 τούτοις
1081 524 1244 594 ὅμοια
1270 524 1601 593 ἐπιλέγεται.
1638 526 1837 597 Διόπερ
1872 525 1979 579 ἁϐα

2080 563 2086 585 ,
2115 525 2251 594 ipsis
2288 525 2488 581 similia
2528 526 2920 596 adjunguntur.
2964 523 3306 595 Quapropter
3341 524 3458 578 sine
3493 524 3676 577 ‘multa

432 613 697 677 σανίστως
745 614 1029 686 ἀποδοθείη
1060 614 1125 669 ἂν
1165 618 1193 669 6
1240 616 1337 685 μὲν
1374 616 1596 684 φάσκων
1630 618 1686 669 ἐν
1725 618 1867 688 ἀρχῇ
1911 620 1979 669 τοί

2112 618 2402 672 admodum
2441 620 2838 689 exploratione,
2879 634 3000 689 quae
3047 618 3266 688 quidem
3313 616 3475 670 verba
3521 617 3678 674 initio

427 703 644 775 ψαλμοῦ
697 705 869 774 λόγος’
905 725 926 757 ί
969 706 1027 759 '0
1055 706 1207 772 Θεὸς,
1235 707 1296 760 τὸ
1345 709 1519 779 κρῖμά
1559 725 1651 761 σου
1688 707 1766 778 τῷ
1800 708 1979 779 βασιλε

2108 708 2304 777 psalmi
2334 708 2606 762 habentur
2633 728 2645 762 :
2680 727 2698 759 ι
2734 707 2897 772 Deus,
2922 706 3187 778 judicium
3214 715 3365 761 tuum
3395 706 3504 777 regi
3532 705 3600 759 da
3621 726 3671 771 ,ι

427 794 554 860 δὸς,
593 814 612 848 ι
649 797 734 849 ἐπ’
777 796 938 851 αὐτὸν
986 799 1191 852 ἐκεῖνον
1227 799 1532 870 Σολομῶνα·
1558 800 1588 852 ὀ
1623 801 1886 869 ἐπιλέγων
1923 801 2001 868 δὲ,

433 906 456 942 ι
492 891 601 943 Καὶ
628 890 728 959 τὴν
764 889 1106 961 δικαιοσύνην
1155 908 1248 945 σου
1278 892 1355 962 τῷ
1395 891 1494 963 υἱῷ
1523 893 1617 946 τοῦ
1652 893 1934 964 βασιλέως,
1979 915 1997 947 ι

428 979 523 1033 ἐπὶ
553 978 643 1032 τὸν
674 979 981 1051 Σολομῶνος
1014 982 1148 1046 υἱὸν,
1191 983 1253 1035 οὐ
1297 984 1390 1037 τὸν
1422 985 1764 1055 πρωτότοκον
1795 987 2001 1041 ἐκεῖνον

426 1069 520 1123 τὸν
565 1070 803 1141 διάδοχον
854 1072 1021 1126 αὐτοῦ
1070 1074 1171 1145 τῆς
1202 1074 1477 1145 βασιλείας
1524 1078 1834 1149 γενόμενον,
1868 1079 1999 1149 (οὐδ’

426 1161 568 1226 ὅλοις
600 1162 708 1234 γὰρ
737 1164 944 1229 ἐκεῖνος
979 1166 1347 1221 ἑπτακαίδεκα
1378 1167 1520 1221 ἔτεσι
1548 1170 1707 1239 μόνου
1735 1170 1828 1223 τοῦ
1872 1171 2001 1224 Ἰου-

426 1252 590 1307 δαίων
636 1253 820 1320 ἔθνους
867 1256 1126 1328 προστάς,
1161 1257 1394 1312 κάκιστα
1440 1261 1675 1333 κέχρητο
1708 1265 1774 1334 τῇ
1809 1263 1997 1335 ἀρχῇ·)

425 1343 542 1397 ἀλλ’
573 1345 683 1398 οὐδ’
709 1348 794 1416 ἐφ’
823 1346 1007 1417 ἕτερον
1034 1348 1142 1401 τῶν
1183 1348 1420 1420 Ῥοϐοάμ
1445 1350 1537 1404 τὸν
1563 1351 1751 1424 θρόνον
1778 1353 1879 1424 τῆς
1902 1353 1996 1408 τοῦ

422 1430 734 1511 Σολομῷνος
761 1432 1034 1501 βασιλείας
1066 1434 1479 1507 διαδεξαμένων,
1514 1441 1605 1493 ἐπὶ
1634 1445 1789 1511 μόνον
1820 1442 1877 1496 δὲ
1905 1444 1998 1498 τὸν

424 1523 488 1576 ἐκ
526 1523 840 1595 σπέρματος
872 1525 1056 1589 Δαὸὶδ,
1083 1526 1224 1581 οὕτω
1257 1528 1349 1582 καὶ
1380 1529 1472 1583 τοῦ
1518 1531 1827 1603 Σολομῶνος
1859 1536 1993 1600 υἱὸν,

420 1610 496 1674 ὡς
530 1612 624 1664 καὶ
657 1611 749 1665 τοῦ
779 1612 943 1667 Δαὸὶδ
973 1617 1404 1687 χρηματίσαντα.
1438 1613 1605 1686 Οὗτος
1638 1623 1683 1676 δ’
1727 1620 1795 1695 ἦν
1829 1627 1857 1678 6
1885 1627 1997 1680 Σω-

419 1701 524 1774 τὴρ
572 1704 667 1756 καὶ
709 1703 913 1777 Κύριος
961 1706 1117 1777 ἡμῶν
1159 1709 1364 1779 Ἰησοῦς
1408 1714 1437 1765 6
1485 1713 1738 1784 Χριστός.
1792 1717 1993 1771 Τούτου

420 1794 529 1866 γὰρ
584 1795 765 1865 μόνου,
824 1798 914 1851 καὶ
963 1798 1073 1852 οὐδ’
1117 1801 1303 1874 ἐτέρου
1355 1803 1463 1858 τῶν
1507 1805 1760 1874 πώποτε,
1815 1813 1843 1864 6
1892 1810 1992 1881 τῆς

2106 814 2238 853 sane
2284 798 2351 852 ad
2388 798 2537 853 illum
2572 799 2750 870 ipsum
2794 798 3136 853 Salomonem
3186 798 3520 861 referantur;
3552 814 3673 866 quae

2104 906 2234 945 vero
2268 900 2574 962 sequuntur
2607 908 2620 942 :
2664 910 2682 943 ι
2725 891 2791 945 Ει
2824 891 3091 962 justitiam
3123 899 3268 945 tuam
3307 892 3416 945 lilio
3456 891 3620 961 regis,
3649 910 3669 942 ι

2103 983 2173 1037 ad
2205 982 2514 1037 Salomonis
2546 981 2740 1047 filium,
2767 997 2875 1037 non
2915 983 3065 1036 illum
3097 984 3541 1054 primogenitum,
3578 983 3675 1053 qui

2102 1075 2181 1130 illi
2210 1076 2266 1129 in
2304 1090 2474 1146 regno
2509 1073 2777 1129 successit
2810 1071 2954 1144 (nam
3003 1074 3091 1128 ille
3133 1090 3255 1129 cum
3300 1074 3400 1128 soli
3433 1072 3675 1130 Iudaicae

2099 1169 2247 1238 genti
2280 1182 2349 1222 ne
2379 1176 2521 1221 totos
2550 1164 2769 1235 quidem
2806 1165 2992 1220 decem
3025 1174 3078 1220 et
3105 1175 3310 1238 septem
3343 1182 3515 1222 annos
3538 1183 3674 1238 pras-

2100 1260 2313 1324 fuisset,
2344 1259 2580 1329 pessime
2602 1272 2738 1312 usus
2766 1267 2850 1313 est
2871 1258 3142 1330 imperio),
3172 1259 3267 1315 sed
3293 1275 3392 1315 nec
3414 1259 3480 1314 ad
3503 1261 3670 1315 alium

2100 1361 2360 1423 praeterea
2390 1353 2699 1425 quempiam
2730 1368 2917 1407 eorum
2948 1352 3041 1424 qui
3078 1361 3201 1424 post
3229 1351 3469 1408 Roboam
3496 1353 3550 1407 in
3583 1367 3672 1408 re-

2100 1460 2206 1514 gno
2239 1442 2548 1501 Salomonis
2582 1446 2972 1511 successerint,
3006 1447 3099 1501 sed
3137 1444 3203 1500 ad
3235 1445 3410 1499 solum
3441 1461 3471 1500 a
3498 1444 3667 1501 David

2099 1534 2412 1599 oriundum,
2442 1534 2536 1604 qui
2567 1530 2643 1588 ita
2675 1533 2983 1591 Salomonis
3029 1535 3173 1590 filius
3213 1542 3271 1588 ut
3300 1535 3473 1605 ipsius
3496 1533 3667 1590 David

2096 1625 2277 1681 dictus
2326 1632 2432 1682 est.
2483 1626 2584 1681 Hic
2622 1639 2803 1682 autem
2850 1625 2955 1681 fuit
2997 1625 3249 1681 Salvator
3301 1636 3355 1682 et
3401 1626 3666 1684 Dominus

2097 1727 2282 1773 noster
2307 1714 2469 1773 Jesus
2497 1716 2768 1773 Christus.
2802 1717 2974 1790 Hujus
3010 1720 3155 1774 enim
3188 1718 3373 1783 unius,
3404 1704 3505 1773 nec
3531 1719 3666 1773 alte-

2095 1812 2212 1865 rius
2239 1810 2547 1880 cujuspiam
2595 1824 2806 1874 eorum,
2836 1812 2929 1881 qui
2964 1826 3201 1882 unquam
3242 1810 3463 1875 fuerint,
3494 1808 3666 1869 divini

417 1885 601 1973 ἐνθέου
643 1887 914 1957 βασιλείας
939 1890 1126 1962 θρόνος
1152 1904 1571 1969 συμπαραμενεῑ
1601 1900 1678 1971 τῷ
1708 1902 1861 1973 ἡλίῳ·
1899 1880 1979 1957 καλ

2094 1900 2248 1971 regni
2273 1908 2438 1971 atque
2467 1899 2682 1970 imperii
2707 1880 2867 1956 sedes
2884 1914 3244 1971 permansura
3278 1905 3362 1953 est
3384 1915 3507 1954 cum
3524 1900 3663 1967 sole,

418 1967 573 2040 οὗτός
623 1995 721 2047 γε,
751 1979 864 2032 ἀλλ’
916 1982 1088 2047 οὐδεὶς
1131 1983 1316 2057 ἕτερος
1349 1967 1690 2061 ἀνθρώπων,
1728 1967 1844 2065 πρδ
1892 1994 1991 2065 τῆς

418 2067 647 2140 σελήνης
691 2071 782 2123 καὶ
828 2071 934 2144 πρὸ
981 2074 1082 2144 τῆς
1127 2077 1219 2131 τοῦ
1264 2078 1466 2151 κόσμου
1520 2082 1861 2148 συστάσεως,
1894 2086 1990 2139 ἆτε

412 2159 583 2226 Λόγος
613 2160 687 2213 ὣν
718 2162 872 2228 Θεοῦ,
904 2167 1277 2240 προϋπῆρχεν,
1314 2171 1503 2239 ἕσταξέ
1542 2191 1603 2226 τε
1638 2175 1797 2245 μόνος
1836 2169 1991 2241 οὗτος

410 2249 702 2340 οὐρανόθεν
728 2252 920 2325 δρόσου
946 2256 1103 2329 δίκην
1129 2260 1222 2313 ἐπὶ
1246 2262 1426 2316 πᾶσαν
1463 2263 1561 2335 τὴν
1603 2266 1728 2335 γῆν.
1760 2266 1987 2340 Εἴρηται

409 2339 467 2392 δὲ
513 2344 606 2396 καὶ
654 2347 733 2408 είς
776 2347 984 2413 πάντας
1014 2350 1335 2423 ἀνθρώπους
1372 2355 1815 2424 ἀνατεταλκέναι,
1850 2360 1989 2414 κατὰ

409 2430 478 2482 τά
508 2432 690 2524 μικρῷ
722 2436 956 2506 πρόσθεν
986 2440 1116 2509 ἡμῖν
1138 2442 1526 2515 ἀποδεδομένα,
1555 2447 1651 2500 καὶ
1675 2448 1985 2524 δικαιοσύνη

414 2522 802 2592 παραμένουσα
835 2526 996 2599 μέχρι
1041 2530 1139 2600 τῆς
1191 2530 1285 2585 τοῦ
1335 2532 1449 2604 βίου
1505 2537 1834 2602 συντελείας,
1864 2522 1986 2610 ἥτις

408 2614 787 2684 ἀνταναίρεσις
808 2617 1118 2689 ὠνόμασται
1143 2623 1244 2693 τῆς
1275 2625 1520 2697 σελήνης.
1556 2629 1827 2701 Ἐναργῶς
1855 2650 1913 2685 τε
1951 2635 1983 2705 ἡ

405 2704 502 2757 τοῦ
535 2707 784 2779 Σωτῆρος
809 2712 839 2782 ἡ
851 2710 966 2781 μῶν
997 2712 1223 2785 δύναμις
1249 2722 1437 2788 κρατεῖ
1472 2720 1565 2774 καὶ⁸
1593 2722 1833 2794 κυριεύει
1876 2725 1984 2779 τῶν

409 2795 468 2888 ἐξ
533 2796 675 2888 ἑῴοις
720 2800 996 2875 θαλάσσης
1031 2807 1124 2859 καὶ
1169 2808 1263 2861 ἐπὶ
1308 2810 1498 2865 δύοντα
1528 2812 1699 2883 ἣλιον,
1740 2816 1983 2888 ἐνεργεῖν

410 2887 510 2957 μὲν
537 2887 815 2963 ἀρξαμένη
859 2894 966 2947 ἀπὸ
1006 2897 1271 2969 ποταμοῦ,
1304 2900 1422 2972 ἦτοι
1452 2902 1545 2956 τοῦ
1579 2904 1719 2958 κατά
1758 2887 1981 2979 λουτρὸν

411 2981 740 3072 μυστηρίου,
792 2984 825 3056 ἢ
877 2987 972 3040 καὶ
1018 2989 1110 3058 ἀφ’
1155 2984 1327 3064 οὗπερ
1378 2994 1520 3049 κατὰ
1564 2997 1656 3051 τὸν
1710 2999 1980 3072 Ἰορδάνην

407 3070 620 3163 πρῶτον
652 3076 840 3143 φανεὶς
883 3078 1085 3150 ἤρξατο
1126 3082 1228 3153 τῆς
1275 3085 1354 3149 εἰς
1401 3086 1721 3159 ἀνθρώπους
1756 3070 1979 3163 εύεργε-

2091 2001 2146 2049 et
2173 1993 2263 2048 hic
2287 1993 2431 2048 idem
2459 2008 2561 2048 nec
2585 1992 2724 2049 alius
2743 1992 3012 2063 quispiam
3040 2007 3107 2047 ex
3127 1991 3406 2046 hominum
3441 2007 3661 2063 genere,

2093 2096 2217 2140 ante
2261 2086 2447 2141 lunam
2490 2093 2545 2141 et
2584 2092 2712 2141 ante
2749 2083 2912 2155 355
2959 2083 3147 2138 mundi
3192 2085 3661 2150 constitutionem,

2090 2186 2350 2248 tanquam
2380 2178 2427 2234 is
2452 2178 2545 2248 qui
2575 2176 2667 2232 Dei
2697 2176 2768 2232 sit
2790 2175 3050 2240 Verbum,
3076 2176 3143 2231 ab
3170 2175 3326 2230 initio
3352 2175 3475 2240 fuit,
3497 2183 3663 2247 atque

2089 2269 2181 2325 hic
2211 2271 2362 2326 solus
2390 2270 2606 2325 coalitus
2630 2270 2683 2323 in
2702 2284 2916 2323 omnem
2948 2277 3150 2323 terram
3181 2269 3325 2323 roris
3348 2268 3521 2322 instar
3551 2269 3661 2323 stil-

2089 2361 2239 2416 lavit.
2269 2361 2481 2416 Dictum
2517 2377 2734 2432 quoque
2758 2368 2863 2426 est,
2895 2361 3047 2414 illum
3079 2361 3143 2415 ad
3184 2376 3374 2416 omnes
3408 2360 3661 2417 homines

2087 2463 2339 2509 exortum
2378 2469 2522 2519 esse,
2550 2455 2605 2508 in
2637 2453 2706 2508 iis
2735 2469 2854 2524 quae
2879 2453 3042 2523 paulo
3082 2460 3209 2507 ante
3242 2467 3271 2506 a
3305 2453 3464 2507 nobis
3491 2468 3660 2522 expo-

2087 2548 2191 2601 sita
2220 2554 2366 2611 sunt,
2402 2553 2456 2600 et
2480 2544 2750 2613 justitiam
2781 2549 3185 2615 permanentem
3231 2558 3407 2613 usque
3437 2543 3505 2598 ad
3538 2544 3660 2599 vita:

2086 2637 2631 2701 consummationem,
2663 2652 2786 2706 quae
2820 2635 2960 2688 lunae
2978 2635 3214 2690 sublatio
3246 2637 3527 2691 nominata
3549 2644 3653 2692 est.

2084 2726 2378 2784 Evidenter
2401 2742 2532 2782 vero
2580 2727 2881 2782 Salvatoris
2912 2727 3089 2783 nostri
3119 2729 3296 2784 virtus
3341 2728 3658 2784 dominatur

2084 2826 2249 2890 atque
2290 2821 2524 2891 imperat
2558 2821 2626 2875 ab
2655 2819 2768 2874 Eoo
2816 2819 2953 2874 mari
2996 2835 3170 2890 usque
3203 2820 3271 2874 ad
3309 2821 3477 2876 solem
3509 2822 3656 2876 occi-

2082 2911 2328 2977 dentem;
2364 2929 2484 2984 quas
2522 2914 2743 2984 quidem
2783 2913 2959 2969 virtus
2984 2913 3262 2968 actionum
3292 2928 3514 2970 suarum
3542 2915 3620 2968 ini
3642 2944 3655 2955 -

2080 3004 2218 3059 tium
2264 3004 2392 3060 fecit
2426 3022 2458 3060 a
2499 3005 2744 3071 ﬂumine,
2789 3006 2936 3078 quod
2965 3013 3071 3073 est,
3118 3014 3211 3061 aut
3237 3006 3437 3061 lavacri
3462 3016 3658 3078 myste-

2079 3095 2185 3162 rio,
2217 3105 2311 3149 aut
2345 3111 2376 3149 a
2399 3094 2658 3162 Jordane,
2701 3097 2793 3152 ubi
2839 3112 2962 3151 cum
2991 3098 3225 3167 primum
3268 3113 3329 3153 se
3358 3098 3654 3154 videntium

409 3162 553 3273 :t'ag;
581 3164 993 3273 Ιξαρεκταθείσα
1025 3173 1156 3241 γοῦν
1192 3175 1248 3243 ἐξ
1279 3178 1487 3232 ἐκείνου
1517 3182 1550 3251 ἡ
1580 3183 1637 3234 ἐν
1669 3162 1976 3256 ἀνθρώποις

2080 3189 2388 3273 praebuerit,
2415 3189 2731 3246 hominibus
2768 3189 2937 3260 cmpit
2973 3162 3097 3246 esse
3127 3190 3422 3246 beneﬁcus.
3456 3190 3531 3246 Ex
3561 3192 3653 3246 ilio

406 3250 888 3350 pastletahaﬁtoﬁ,
928 3262 1111 3334 διῆλθε
1160 3267 1279 3321 καθ’
1330 3268 1457 3343 ὅλης
1482 3250 1582 3344 τῆς
1632 3250 1974 3350 οἰκουμένης*

402 3342 637 3437 Λιϐάνου
668 3346 726 3402 δὲ
770 3350 1160 3427 ὲπινοουμένης
1205 3358 1305 3430 τῆς
1345 3342 1716 3437 Ἰερουσαλὴμ,
1751 3342 1827 3431 (ὅς
1869 3342 1977 3423 ἀπὸ

404 3433 668 3491 πλείστων
721 3439 859 3494 ὅσων
918 3449 1263 3518 προφητειῶν
1317 3453 1732 3524 ἀποδείκνυται,
1782 3458 1870 3514 διὰ
1915 3459 1977 3514 τὸ

403 3522 571 3621 πάλαι
600 3528 664 3621 ἐν
697 3529 833 3601 αὐτῇ
864 3532 1133 3607 ἀγίασμα,
1166 3540 1344 3595 καὶτὸ
1375 3522 1781 3621 θυσιαστήριον,
1818 3553 1889 3607 τά
1916 3570 1975 3606 τε

403 3616 821 3714 ἱπὶτούτῳῌεὲ
861 3625 1023 3699 τιμὴν
1060 3629 1437 3704 ἀναφερόμενα
1477 3616 1691 3692 λιϐάνου
1719 3641 1873 3713 δίκην
1899 3643 1976 3714 τῷ

401 3704 541 3803 Decf),
569 3707 727 3803 6m?)
773 3711 1008 3786 Χριστοῦ
1045 3722 1252 3790 καρπὸς
1292 3725 1324 3794 ή
1369 3725 1429 3792 ἐξ
1477 3726 1642 3781 ἐθνῶν
1683 3704 1976 3803 Ἐκκλησία

401 3796 659 3894 τὸν
690 3803 921 3860 Λίϐανον
957 3808 1288 3881 ἀρθήσεσθαι
1324 3813 1656 3881 θεσπίζεται.
1697 3821 1818 3875 Ἐπὶ
1849 3796 1974 3894 σχο-

402 3888 502 3984 λῆς
530 3890 674 3984 sev
698 3896 727 3946 6
752 3895 1058 3971 φιλομαθὴς
1096 3902 1273 3974 ἐαυτῷ
1306 3905 1397 3959 τὸν
1426 3908 1638 3979 ψαλμὸν
1666 3912 1801 3984 πρὸς
1831 3888 1973 3979 λέξιν

405 3979 718 4050 βασανίσας,
768 3988 914 4060 μόνῳ
961 3990 1039 4062 τῷ
1086 3994 1338 4067 ἡμετέρῳ
1393 3998 1583 4071 Κυρίῳ
1622 3979 1781 4056 τὰνὲν
1825 4004 1973 4076 αὐτῷ

400 4079 695 4170 προσήκειν
739 4081 1118 4155 ὁμολογήσειεν
1163 4088 1246 4142 ἄν’
1299 4090 1434 4145 ἀλλά
1472 4090 1596 4146 οὔτε
1641 4095 1719 4167 τῷ
1761 4097 1973 4170 παλαιῷ

396 4167 689 4239 Σολομῶνι,
742 4172 864 4228 οὔτε
917 4176 1086 4249 ἑτέρῳ
1133 4178 1242 4233 τῶν
1325 4184 1441 4252 μετ’
1499 4186 1662 4239 αὐτὸν
1711 4167 1971 4258 βασιλέων

397 4259 517 4324 ἐνὸς
563 4261 751 4328 ἔθνους
785 4265 893 4320 τῶν
934 4269 1202 4325 Ἰουδαίων
1228 4272 1527 4344 ἀρξάντων,
1562 4279 1654 4333 καὶ
1686 4282 1747 4334 ού
1786 4281 1971 4338 πλεῖον

396 4349 690 4447 όλιγοστῶν
736 4355 943 4447 ἐθνῶν,
991 4361 1085 4414 καὶ
1135 4364 1244 4417 οὐδ’
1274 4366 1357 4435 ἐφ’
1387 4368 1581 4441 ἐτέρας
1616 4371 1648 4443 ἢ
1678 4373 1844 4447 μόνης
1869 4377 1969 4447 τῆς

410 4441 666 4508 ἰουδαίας
691 4446 813 4518 γῆς.

405 4644 550 4706 Ἀπὸ
591 4654 713 4743 τοῦ-
735 4656 976 4743 ᾙσαΐου
1020 4664 1255 4743 -.Περί
1307 4664 1519 4722 Ἰεσσαί
1539 4711 1556 4743 ,
1598 4671 1694 4724 καὶ
1737 4673 1843 4728 τοῦ
1893 4675 1964 4730 ἐκ

670 4725 1009 4795 σπέρματος
1038 4725 1224 4786 αὐτοῦ
1257 4725 1683 4809 γενησομένου.

465 4851 486 4926 r
522 4836 633 4926 Καὶ
664 4837 1003 4902 ἐξελεύσεται
1051 4846 1244 4915 ῥάϐδος
1291 4850 1356 4903 ἐκ
1398 4851 1497 4922 τῆς
1542 4854 1697 4926 ῥίζης
1733 4856 1962 4922 Ἰεσσαὶ,

390 4924 484 4976 καὶ
512 4924 671 4991 ἄνθος
699 4931 763 4982 ἐκ
798 4931 900 5000 τῆς
944 4933 1099 5006 ῥίζης
1141 4938 1490 5011 ἀναϐήσεται,
1528 4946 1620 4997 καὶ
1643 4924 1962 5001 ἐπαναπαύ-

391 5031 542 5069 σεται
591 5018 686 5071 ἐπὶ
731 5020 892 5075 αὐτὸν
937 5025 1156 5096 πνεῦμα
1186 5028 1341 5094 Θεοῦ,
1388 5033 1604 5105 πνεῦμα
1645 5038 1836 5105 σοφίας
1868 5040 1963 5092 καί

387 5109 679 5176 συνέσεως,
717 5114 933 5185 πνεῦμα
972 5117 1168 5190 βουλῆς
1203 5121 1296 5177 καὶ
1332 5124 1511 5195 ἰσχύος
1532 5166 1546 5190 ,
1580 5127 1798 5198 πνεῦμα
1824 5128 1964 5197 γνώ-

387 5218 525 5267 σεως
574 5206 667 5258 καὶ
709 5207 1009 5273 εὐσεϐείας*
1051 5212 1319 5285 ἐμπλήσει
1354 5215 1514 5270 αὐτὸν
1552 5217 1768 5290 πνεῦμα
1796 5221 1960 5290 φόϐου

383 5292 534 5348 Θεοῦ.
570 5295 645 5349 Οὐ
695 5297 834 5350 κατά
877 5300 975 5370 τὴν
1014 5300 1174 5365 δόξαν
1199 5309 1394 5376 κρινεῖ,
1421 5309 1543 5362 οὐδὲ
1576 5309 1717 5363 κατά
1741 5312 1839 5382 τὴν
1865 5312 1961 5366 λα-

381 5383 502 5438 λιάν
530 5385 759 5454 ἐλέγξει,
787 5387 922 5444 ἀλλὰ
951 5395 1129 5462 κρινεί
1144 5396 1384 5467 ταπεινῷ
1404 5399 1604 5469 κρίσιν,
1632 5401 1727 5455 καλ⁸
1750 5402 1960 5472 ἐλέγξει

378 5478 506 5541 τοὺς
547 5481 834 5544 ταπεινοὺς
867 5481 965 5552 τῆς
998 5483 1122 5554 γῆς.
1158 5487 1268 5540 Καὶ
1308 5486 1462 5544 ἔσται
1488 5491 1800 5569 δικαιοσύνῃ
1826 5496 1960 5562 ἐζω-

381 5570 575 5638 σμένος
599 5570 696 5642 τὴν
735 5572 906 5641 ὀσφὺν
949 5574 1138 5639 αὑτοῦ,
1173 5578 1270 5632 καὶ
1297 5578 1523 5652 ἀληθείᾳ
1551 5583 1833 5655 είλημένος
1860 5587 1959 5653 τὰς

368 5656 618 5741 ,πλευρὰς
667 5660 866 5727 αὑτοῦ,
910 5665 1005 5718 καὶ
1060 5665 1567 5741 συμϐοσκηθήσεται
1621 5672 1782 5740 λύκος
1823 5679 1958 5746 μετά

378 5751 574 5822 ἀρνὸς,
620 5755 713 5807 καὶ
760 5755 1025 5829 πάρδαλις
1071 5746 1546 5818 συναναπαύσεται
1600 5767 1772 5839 ἐρίφῳ
1799 5809 1813 5832 ,
1863 5772 1958 5825 καὶ

379 5844 673 5916 μοσχάριον
703 5849 796 5904 καὶ
837 5848 972 5905 λέων
1017 5851 1133 5923 ἅμα
1170 5853 1614 5929 βοσκηθήσονται.
1656 5860 1766 5915 Καὶ
1802 5860 1955 5916 ἔσται

2077 3292 2208 3348 ergo
2236 3277 2539 3348 profectum
2567 3279 2715 3334 illius
2758 3279 2899 3334 inter
2944 3278 3196 3335 homines
3242 3295 3470 3351 regnum
3527 3282 3654 3334 uni-

2076 3385 2289 3426 versam
2324 3378 2526 3427 terram
2564 3373 2894 3442 peragravit.
2934 3370 3070 3427 Cum
3100 3388 3231 3428 vero
3258 3387 3355 3443 per
3384 3372 3651 3429 Libanum

2076 3461 2415 3518 Hierusalem
2462 3462 2816 3534 intelligatur,
2865 3471 2922 3517 ut
2959 3478 3023 3518 ex
3061 3464 3484 3534 quamplurimis
3523 3481 3652 3536 pro-

2078 3555 2274 3624 phetiis
2309 3562 2553 3627 apparet,
2598 3563 2822 3625 propter
2870 3556 3155 3625 antiquum
3186 3555 3241 3609 in
3269 3556 3360 3610 illa
3393 3564 3650 3612 sanctua-
3690 3560 3693 3565 '

2077 3647 2239 3711 rium,
2275 3655 2330 3701 et
2366 3647 2557 3710 altare,
2585 3654 2639 3703 et
2665 3662 2786 3716 quae
2814 3647 2869 3701 in
2897 3663 2964 3702 eo
2997 3647 3063 3702 ad
3091 3646 3353 3702 honorem
3383 3646 3493 3704 Deo
3519 3650 3649 3704 thu-

2075 3737 2152 3790 ris
2183 3737 2354 3791 instar
2383 3736 2773 3801 offerebantur,
2806 3737 3010 3793 Christi
3056 3738 3291 3801 fructus,
3325 3755 3447 3809 quae
3469 3749 3647 3797 estex

2073 3827 2324 3897 gentibus
2369 3828 2634 3895 Ecclesia,
2672 3845 2839 3900 super
2880 3828 3151 3885 Libanum
3176 3831 3520 3888 extollendus
3550 3849 3644 3887 ca-

2075 3921 2241 3976 nitur.
2276 3919 2565 3989 Caeterum,
2604 3922 2902 3977 studiosior
2936 3921 3211 3991 quispiam
3259 3920 3505 3978 discendi
3550 3924 3645 3980 ubi

2073 4027 2170 4082 per
2195 4011 2368 4067 otium
2399 4012 2542 4084 apud
2566 4014 2805 4083 seipsum
2829 4029 2927 4085 per
2958 4014 3173 4085 singula
3201 4015 3367 4071 verba
3392 4017 3644 4071 eumdem

2073 4106 2338 4174 psalmum
2358 4105 2742 4175 exploraverit,
2764 4107 2854 4160 uni
2882 4105 3109 4160 Domino
3136 4115 3326 4162 nostro
3353 4109 3647 4164 convenire

2072 4214 2194 4269 quae
2220 4198 2275 4252 in
2308 4213 2372 4253 eo
2396 4198 2765 4263 continentur,
2790 4198 2949 4255 facile
2969 4200 3336 4260 conlitebitur.
3365 4199 3643 4256 Salomoni

2072 4299 2276 4355 autem,
2311 4299 2404 4345 aut
2428 4291 2520 4345 alii
2547 4292 2787 4362 cuipiam
2824 4308 3015 4348 eorum
3047 4308 3234 4365 regum
3262 4294 3355 4364 qui
3389 4301 3510 4365 post
3551 4294 3647 4350 Sa-

2069 4380 2341 4437 lomonem
2383 4382 2572 4452 paucis
2628 4385 2790 4440 annis
2831 4400 2940 4440 non
2987 4387 3221 4455 amplius
3264 4388 3357 4442 uni
3405 4386 3645 4446 Iudaicae

2069 4477 2216 4544 genti
2247 4491 2356 4530 non
2391 4475 2520 4531 alibi
2565 4491 2728 4546 quam
2772 4478 2827 4532 in
2863 4493 2971 4533 una
3008 4478 3193 4535 Iudaea
3229 4488 3375 4537 terra
3408 4483 3645 4555 impera-

1993 4552 2039 4606 Β
2066 4568 2262 4633 verint,
2286 4581 2653 4637 nequaquam.

2065 4675 2146 4730 Ab
2188 4676 2358 4732 Isaia.
2398 4707 2460 4718 --
2505 4677 2583 4732 De
2619 4677 2792 4740 Jesse,
2834 4691 2883 4733 et
2933 4698 2992 4735 eo
3043 4683 3134 4753 qui
3170 4699 3234 4738 ex
3281 4690 3476 4740 semine
3525 4687 3638 4756 ejus

2720 4760 2984 4805 nascetur.
3310 4778 3311 4781 η

2143 4873 2162 4905 ι
2194 4852 2259 4908 Et
2284 4855 2592 4925 egredietur
2629 4856 2782 4928 virga
2829 4858 2897 4914 de
2938 4860 3121 4916 radice
3148 4860 3322 4929 Jesse,
3357 4871 3411 4918 et
3441 4862 3541 4918 flos
3569 4865 3639 4922 de

2064 4946 2250 5001 radice
2285 4947 2405 5016 ejus
2449 4950 2728 5015 ascendet,
2763 4960 2815 5006 et
2844 4954 3149 5024 requiescet
3169 4970 3333 5025 super
3361 4971 3484 5011 eum
3514 4956 3637 5028 Spi-

2064 5035 2205 5091 ritus
2228 5035 2344 5104 Dei,
2374 5038 2598 5109 spiritus
2629 5042 2910 5112 sapientiae
2940 5051 2994 5099 et
3037 5044 3366 5110 intellectus,
3406 5048 3637 5117 spiritus

2063 5126 2282 5180 consilii
2305 5136 2360 5182 et
2390 5128 2750 5196 fortitudinis,
2775 5133 3002 5201 spiritus
3031 5137 3274 5191 scientiae
3304 5148 3359 5193 et
3392 5138 3632 5209 pietatis;

2063 5220 2292 5287 replebit
2323 5236 2446 5275 eum
2500 5224 2725 5292 spiritus
2776 5229 2987 5283 timoris
3024 5226 3142 5293 Dei,
3187 5244 3297 5282 non
3330 5232 3634 5290 secundum

2060 5311 2369 5380 opinionem
2413 5313 2719 5383 judicabit,
2769 5335 2943 5388 neque
3001 5319 3301 5375 secundum
3356 5323 3631 5394 loquelam

2059 5400 2387 5472 redarguet,_
2409 5405 2503 5460 sed
2533 5405 2799 5474 judicabit
2820 5408 3011 5463 humili
3032 5409 3321 5477 judicium,
3360 5419 3414 5466 et
3443 5411 3632 5466 redar-

2058 5501 2186 5563 guet
2216 5494 2449 5552 humiles
2476 5504 2653 5562 terrae,
2693 5509 2746 5553 et
2778 5500 2881 5554 erit
2914 5499 3130 5569 justitia
3158 5502 3438 5573 cingulum
3488 5505 3633 5560 lum-

2058 5585 2254 5641 borum
2285 5588 2425 5657 ejus,
2456 5597 2510 5643 et
2548 5591 2747 5645 veritas
2783 5593 3165 5663 indumentum,
3189 5594 3434 5657 ,laterum
3485 5598 3629 5666 ejus,

2059 5686 2108 5734 et
2140 5687 2397 5749 pascatur
2432 5680 2593 5735 simul
2625 5680 2786 5752 lupus
2813 5698 2937 5738 cum
2966 5699 3126 5755 agno,
3156 5696 3211 5742 et
3233 5687 3437 5757 pardus
3465 5689 3631 5744 simul

2059 5772 2309 5842 quiescet
2337 5787 2462 5825 cum
2498 5772 2681 5838 haedo,
2714 5781 2768 5829 et
2796 5776 3002 5831 vitulus
3022 5786 3076 5833 et
3104 5778 3190 5834 leo
3210 5780 3372 5834 simul
3401 5796 3628 5850 pascen-

2055 5870 2166 5933 tur,
2200 5862 2366 5934 356
2399 5878 2451 5919 et
2485 5865 2588 5921 erit
2614 5865 2766 5923 radix
2807 5864 2980 5936 Jcsse,
3012 5877 3066 5927 et
3109 5872 3200 5942 qui
3242 5873 3416 5942 surgit
3458 5873 3647 5942 ἰιιψυα.
