4098 6462
457 427 565 487 530

1133 423 1402 481 EUSEBII
1438 417 1920 477 CJESARZENSIS
1956 413 2106 470 OPP.
2153 413 2334 472 PARS
2373 417 2436 473 ll.
2463 417 3047 477 —APOLOGETICA.

3618 422 3724 481 660

460 565 587 608 rare
620 551 904 624 gentibus,
947 549 1001 603 in
1046 565 1109 604 eo
1146 556 1332 618 gentes
1375 545 1697 617 sperabunt,
1733 550 1786 597 et
1807 541 1914 597 erit
1949 553 2036 591 re-

2145 538 2178 607 ἡ
2207 539 2330 610 ῥίζα
2353 539 2447 593 τοῦ
2485 540 2702 606 Ἰεσσαὶ,
2736 541 2830 595 καὶ
2861 544 2888 595 ὁ
2916 541 3278 612 ἀνιστάμενος
3306 542 3498 614 ἀρχειν
3531 543 3723 610 ὲθνῶν,

461 647 618 717 quies
668 644 787 714 ejus
824 642 1082 697 honor“.
1123 661 1141 693 ι
1176 639 1275 695 Hic
1308 638 1493 706 Jesse,
1530 639 1623 710 qui
1670 638 1773 693 hoc
1814 637 1869 692 in
1917 636 2036 694 loco

460 736 755 802 indicatur,
800 742 955 805 pater
1000 733 1099 787 fuit
1142 731 1332 787 David.
1374 731 1848 798 Quemadmodum
1888 730 2035 786 enim

461 830 518 885 in
539 830 607 883 iis
637 827 940 899 prephetiis
969 841 1090 896 qua:
1124 825 1297 897 ipsam
1325 825 1469 880 hanc
1500 831 1937 887 antecesserunt,
1970 822 2037 877 de

461 922 643 977 fructu
666 933 721 977 et
752 920 962 975 semine
987 918 1156 973 David
1191 918 1509 989 proditurus
1539 918 1842 981 dicebatur,
1874 925 2037 988 atque

461 1016 590 1072 item
632 1016 699 1071 de
735 1014 945 1071 semine
976 1012 1308 1078 Salomonis,
1333 1014 1523 1069 eodem
1559 1013 1722 1069 modo
1751 1015 1914 1067 etiam
1949 1013 2037 1067 hic

461 1107 713 1181 plurimis
742 1106 902 1163 annis
941 1114 1066 1178 post
1100 1115 1329 1161 mortem
1357 1123 1465 1161 non
1509 1106 1685 1162 solum
1720 1105 1907 1172 David,
1941 1106 2036 1162 sed

459 1200 623 1256 etiam
656 1197 988 1262 Salomonis,
1006 1197 1073 1254 de
1103 1198 1289 1252 radice
1315 1195 1491 1260 Iesse,
1522 1196 1624 1251 hoc
1652 1206 1734 1251 est
1760 1195 1828 1251 de
1852 1195 2037 1252 radice

462 1290 629 1348 David
652 1292 969 1363 proditurus
1000 1290 1223 1362 quidam
1255 1289 1592 1361 praedicitur.
1629 1290 1879 1346 Prmsens
1937 1304 2036 1344 au-

458 1394 568 1442 tem
610 1386 751 1440 ratio
785 1402 848 1440 ea
888 1384 1171 1447 dissolvet,
1214 1398 1334 1454 quae
1370 1384 1426 1438 in
1469 1383 1848 1454 superioribus
1890 1382 2031 1452 apud

458 1475 677 1533 Judzeos
714 1476 782 1532 de
818 1473 1111 1530 Salomone
1140 1474 1526 1538 credebantur,
1562 1489 1686 1527 cum
1713 1473 1860 1528 illius
1887 1487 2035 1527 mor-

458 1572 528 1626 tis
561 1580 775 1640 tempus
807 1575 1041 1632 constet,
1075 1575 1128 1621 et
1156 1566 1271 1621 [uec
1298 1565 1487 1621 eadem
1518 1563 1686 1621 Isaias
1707 1564 1774 1620 de
1797 1564 2033 1635 quodam

458 1662 568 1718 alio
592 1662 937 1723 vaticinetur,
966 1660 1057 1730 qui
1083 1658 1237 1713 sitde
1265 1657 1448 1712 radice
1475 1656 1630 1713 Jesse
1651 1665 1706 1711 et
1732 1657 1800 1713 de
1825 1658 2035 1714 semine

458 1751 630 1808 David
670 1752 1007 1822 proditurus.
1039 1749 1193 1816 Quod
1230 1765 1362 1805 vero
1400 1766 1510 1804 non
1551 1750 1619 1803 ad
1661 1750 1828 1804 alium
1868 1765 2033 1821 quam

458 1845 527 1901 ad
572 1853 819 1901 nostrum
862 1843 1198 1897 Salvatorem
1238 1842 1516 1898 Christum
1569 1841 1685 1906 Dei,
1721 1843 1815 1913 qui
1848 1842 1916 1897 de
1945 1859 2035 1898 ra-

456 1936 580 1992 dice
626 1933 794 1989 David
823 1940 878 1989 et
911 1930 1063 1987 Jesse
1100 1939 1257 1985 ortus
1301 1939 1407 1993 est,
1441 1930 1730 1986 referenda
1769 1931 1881 1987 sint
1912 1947 2034 2002 quae

458 2027 703 2097 proxime
726 2025 1037 2086 citavimus,
1061 2020 1436 2078 dubitaturum
1468 2023 1707 2078 arbitror
1738 2025 2031 2087 neminem,

456 2119 551 2191 qui
578 2126 632 2175 et
660 2119 988 2188 promissum
1015 2117 1222 2172 oraculi
1250 2116 1563 2178 attenderit.
1598 2115 1742 2188 quod
1774 2116 1889 2170 ait:
1920 2134 1937 2165 ι
1968 2115 2035 2171 Et

455 2211 561 2267 erit
598 2210 749 2266 radix
778 2209 953 2276 Jesse,
981 2218 1035 2265 et
1062 2211 1156 2281 qui
1193 2210 1367 2280 surgit
1397 2218 1456 2265 ut
1495 2209 1724 2279 imperet
1756 2210 2031 2280 gentibus,

457 2306 513 2362 in
541 2318 607 2361 eo
643 2312 833 2375 gentes
869 2304 1187 2375 sperabunt,
1220 2322 1239 2355 ι
1276 2311 1331 2358 et
1376 2318 1557 2357 rerum
1589 2312 1783 2359 eventa
1812 2320 1934 2375 qua:
1964 2304 2034 2360 de

456 2398 739 2455 Salvatore
794 2406 985 2454 nostro
1035 2397 1504 2453 demon'strantur.
1539 2395 1704 2455 Solus
1747 2399 1895 2452 enim
1947 2397 2035 2453 hic

455 2493 548 2549 ubi
578 2508 608 2547 a
643 2499 817 2547 morte
848 2492 1110 2557 surrexit,
1143 2501 1364 2562 propter
1385 2491 1528 2562 quod
1545 2492 1708 2546 etiam
1732 2492 1883 2545 illum
1916 2507 2038 2547 sur-

455 2595 671 2656 gentem
690 2594 945 2640 vocatum
972 2599 1095 2640 esse
1125 2584 1383 2646 arbitror,
1408 2600 1519 2637 non
1550 2580 1781 2637 Judaico
1811 2584 2035 2653 populo.

456 2676 551 2732 sed
585 2674 859 2731 universis
893 2675 1147 2746 gentibus
1178 2676 1486 2747 imperavit,
1522 2675 1659 2731 adeo
1701 2677 1946 2746 quidem,
1978 2685 2037 2732 ut

456 2783 528 2823 ne
573 2767 684 2821 ulla
726 2766 949 2839 quidem
1002 2767 1455 2838 interpretatione
1499 2767 1744 2838 indigere
1787 2768 2039 2824 videatur

456 2859 763 2924 oraculum,
804 2874 929 2914 cum
980 2858 1303 2929 planissime
1351 2866 1568 2914 constet
1622 2859 1677 2912 in
1727 2859 1822 2913 illo
1876 2860 2035 2916 ﬁnem

457 2951 737 3023 accepisse
761 2966 872 3006 una
896 2966 1019 3006 cum
1044 2949 1168 3004 aliis
1194 2949 1325 3004 illud
1347 2965 1566 3022 quoque
1597 2967 1642 3004 τι
1671 2952 1732 3007 1η
1760 2967 1826 3007 eo
1848 2961 2038 3023 gentes

456 3043 775 3114 sperabunt.
816 3060 834 3093 ι
875 3040 1008 3107 Quae
1041 3056 1170 3097 vero
1212 3050 1475 3113 tanquam
1512 3043 1580 3097 de
1620 3043 1948 3100 animalibus
1982 3050 2039 3100 et

458 3133 589 3191 feris
615 3134 1133 3198 mansuefaciendis,
1168 3142 1221 3190 et
1260 3145 1506 3207 agrestes
1536 3150 1717 3191 mores
1751 3144 1914 3206 atque
1946 3137 2038 3191 in-

457 3226 693 3283 domitos
724 3226 1078 3296 deposituris,
1111 3228 1165 3282 in
1192 3228 1313 3298 ejus
1346 3228 1581 3283 adventu
1614 3228 1683 3283 de
1716 3243 1826 3299 quo
1862 3229 2041 3300 loqui-
2066 3255 2109 3315 ρ

458 3326 549 3372 tur
578 3317 883 3389 prophetia,
907 3316 1184 3384 dicuntur,
1205 3334 1299 3389 per
1319 3319 1542 3391 ﬁguram
1566 3320 1756 3377 referri
1781 3328 2039 3393 poterunt

459 3409 526 3465 ad
558 3425 740 3467 mores
765 3410 1004 3467 immites
1048 3420 1210 3483 atque
1240 3423 1507 3485 agrestes,
1542 3423 1597 3469 et
1629 3414 1698 3470 ad
1732 3417 1911 3472 victus
1939 3416 2039 3471 ho-

458 3503 667 3559 minum
701 3503 865 3569 feros,
900 3505 993 3575 qui
1038 3520 1134 3575 per
1164 3505 1370 3561 Christi
1403 3505 1735 3571 doctrinam,
1784 3506 2040 3561 immani-

456 3602 625 3649 tatem
677 3594 914 3667 priorem
962 3610 1027 3650 ac
1065 3594 1338 3652 feritatem
1362 3598 1682 3668 abjecerint.
1711 3596 2039 3654 Planissime

456 3695 638 3744 autem
683 3689 877 3745 horum
924 3690 1187 3763 ﬁguratus
1236 3706 1434 3748 sensus
1482 3692 1779 3762 aperietur,
1834 3692 1882 3747 si
1910 3691 2036 3763 quis

455 3781 692 3837 radicem
720 3781 894 3849 Iesse,
930 3799 1052 3855 quae
1081 3784 1138 3839 in
1167 3784 1451 3856 prophetia
1483 3785 1815 3849 continetur,
1846 3791 1901 3840 et
1927 3785 2039 3840 vir-

452 3889 597 3944 gam,
622 3883 676 3929 et
701 3874 886 3931 llorem
921 3876 988 3931 ad
1020 3872 1241 3932 sensum
1272 3886 1599 3936 convertens
1624 3879 2033 3950 interpretetur,

451 3975 798 4039 exponatque
843 3984 951 4039 qua
990 3970 1204 4025 ratione
1247 3970 1585 4042 intelligatur
1616 3971 1829 4041 justitia
1862 3972 2037 4027 latera

452 4059 717 4124 cinxisse,
762 4067 817 4114 et
849 4061 1079 4115 veritate
1126 4060 1342 4115 lumbos
1377 4060 1643 4116 induisse.
1697 4060 1853 4116 Sicut
1888 4060 2036 4116 enim

455 4152 570 4206 haec
595 4167 703 4206 non
735 4151 891 4205 aliter
922 4166 1216 4222 possumus
1243 4165 1405 4222 quam
1432 4167 1528 4221 per
1551 4154 1836 4223 ﬁguratam
1867 4169 2036 4225 expo-

453 4243 711 4297 sitionem
755 4243 1129 4312 interpretari,
1162 4242 1237 4296 ita
1286 4245 1557 4315 sequitur,
1601 4254 1662 4298 ut
1706 4260 1770 4299 ea
1814 4260 2032 4315 quoque

455 4335 705 4405 accipere
725 4342 995 4406 oporteat,
1027 4350 1148 4405 quae
1171 4336 1339 4392 variis
1356 4338 1411 4391 in
1442 4336 1578 4392 locis
1594 4337 1697 4392 sub
1714 4337 2031 4392 animalium

455 4427 769 4483 numinibus
801 4425 1175 4498 proferuntur.

453 4560 617 4633 357
652 4560 729 4614 Ab
751 4561 1007 4634 Ieremia.
1035 4588 1105 4603 -ν-
1144 4563 1307 4634 Ortus
1335 4563 1517 4634 justus
1538 4580 1604 4619 ea:
1623 4567 1820 4621 semine
1858 4565 2031 4622 David

525 4611 830 4705 Erlsurgens,
858 4641 914 4705 et
928 4631 1196 4705 hominum
1228 4611 1366 4705 idem
1406 4650 1518 4699 rex,
1561 4653 1794 4705 novaque
1832 4639 2032 4692 consli-

2157 4611 2802 4705 "hauseras.

524 4702 719 4758 tuenda
741 4703 1026 4780 appellatio
1044 4704 1129 4767 iis,
1148 4706 1238 4775 qui
1266 4703 1363 4758 sub
1387 4722 1446 4760 eo
1471 4702 1781 4780 regnabant,
1805 4709 2032 4780 itemque

825 4776 1063 4845 priorum
1089 4784 1419 4847 peccatorum
1442 4779 1659 4833 solutio.

526 4973 546 5006 ε
578 4953 720 5010 Ecce
746 4954 865 5011 dies
906 4956 1153 5019 veniunt,
1178 4956 1314 5012 dicit
1336 4955 1625 5021 Dominus,
1660 4964 1715 5013 et
1749 4959 2031 5014 suscitabo

450 5048 555 5118 ipsi
595 5046 765 5105 David
789 5056 970 5103 ortum
996 5048 1231 5120 justum,
1259 5056 1313 5104 et
1353 5051 1604 5121 regnabit
1646 5065 1765 5115 rex,
1788 5059 1843 5106 et
1872 5051 2034 5107 intel-

449 5144 601 5212 liget.
652 5150 706 5199 et
752 5143 916 5198 faciet
940 5144 1230 5214 judicium,
1277 5151 1332 5199 et
1365 5144 1640 5215 justitiam
1681 5144 1737 5198 in
1768 5154 1938 5207 terra,
1977 5146 2035 5200 in

450 5237 646 5292 diebus
690 5238 811 5307 ejus
867 5237 1175 5292 servabitur
1215 5235 1408 5301 ludas,
1437 5244 1493 5292 et
1542 5237 1713 5293 Israel
1769 5237 2033 5292 habitabit

453 5327 754 5392 conﬁdens,
788 5336 844 5383 et
881 5327 985 5383 hoc
1009 5341 1208 5383 nomen
1238 5342 1348 5397 quo
1378 5328 1597 5381 vocabit
1622 5327 1825 5397 ipsum,
1857 5328 2035 5382 Domi-

449 5434 575 5487 nus,
641 5418 949 5477 Josedecim
994 5420 1139 5476 inter
1187 5419 1581 5490 prephetas“.
1647 5417 1706 5473 In
1761 5418 1851 5476 die
1915 5420 2030 5485 illa,

450 5513 588 5569 dixit
619 5512 903 5580 Dominus,
928 5524 1210 5570 conteram
1234 5506 1429 5582 jugum
1463 5512 1532 5568 de
1562 5513 1707 5569 collo
1734 5527 1945 5577 eorum,
1980 5522 2035 5571 et

450 5608 668 5664 vincula
692 5621 883 5662 eorum
904 5605 1172 5678 frangam,
1193 5612 1249 5660 et
1268 5620 1380 5659 non
1404 5605 1777 5675 operabuntur
1800 5606 2035 5677 amplius

450 5697 560 5758 diis
587 5700 802 5769 alienis,
831 5700 928 5757 sed
956 5701 1332 5771 Operabuntur
1359 5697 1593 5756 Domino
1624 5698 1734 5756 Deo
1767 5700 2033 5773 ipsorum,

523 5884 567 5922 “
592 5881 698 5941 ιω.
733 5899 810 5953 ιι,
841 5882 929 5937 10.
1010 5884 1053 5917 η
1083 5881 1173 5939 .lcr
1229 5899 1399 5954 um,
1440 5885 1567 5953 5,6.

2144 632 2229 684 ἐπ’
2254 632 2401 704 αὐτῷ
2425 631 2551 703 ἔθνη
2583 633 2848 699 ὲλπιοῦσι,
2873 634 2965 687 καὶ
2984 633 3135 687 ἔσται
3167 634 3201 703 ἡ
3227 633 3534 699 ἀνάπαυσις
3559 634 3724 689 αὐτοῦ

2141 725 2299 795 τιμή.
2354 744 2373 775 ι
2427 724 2485 778 Ὀ
2532 723 2857 796 δηλούμενος
2907 723 3139 779 ἐνταῦθα
3182 725 3381 780 Ἰεσσαὶ
3426 728 3609 800 πατὴρ
3655 724 3725 801 ἦν

2142 816 2236 869 τοῦ
2266 815 2449 871 Δαϐίδ.
2480 816 2689 889 Ὥσπερ
2734 812 2827 871 οὖν
2872 818 2931 871 ὲν
2976 821 3095 882 ταῖς
3124 818 3232 890 πρὸ
3271 819 3478 893 ταύτης
3513 836 3725 895 προφη-

2143 909 2312 972 τείαις
2332 910 2396 962 ὲκ
2419 908 2632 980 καρποῦ
2654 909 2749 962 καὶ
2773 910 3084 981 σπέρματος
3110 910 3274 964 Δαόὶδ
3299 912 3723 983 προελεύσεσθαι

2143 1002 2380 1070 ἐλέγετο,
2427 1004 2522 1057 καὶ
2567 1003 2729 1056 πάλιν
2773 1005 2836 1056 ὲκ
2884 1004 3200 1074 σπέρματος
3241 1004 3588 1077 Σολομῶνος,
3630 1008 3723 1062 τὸν

2143 1095 2305 1148 αὑτὸν
2350 1096 2549 1167 τρόπον
2594 1094 2872 1150 κάνταῦθα
2918 1096 3193 1161 πλείστοις
3235 1097 3463 1170 ὕστερον
3503 1102 3602 1172 τῆς
3627 1098 3722 1153 τοῦ

2142 1186 2307 1241 Δαόὶδ
2333 1189 2394 1240 ού
2439 1189 2628 1258 μόνον,
2654 1188 2790 1242 ἀλλὰ
2821 1188 2916 1242 καὶ
2945 1188 3044 1260 τῆς
3079 1188 3175 1242 τοῦ
3207 1190 3515 1262 Σολομῶνος
3541 1192 3725 1246 τελευ-

2140 1279 2242 1349 τῆς
2272 1279 2467 1343 ἐτεσιν,
2500 1283 2565 1334 ἑκ
2597 1280 2754 1351 ῥίζης
2796 1280 3022 1344 Ἰεσσαὶ,
3049 1281 3207 1352 δῆλον
3228 1282 3273 1335 δ’
3301 1284 3382 1336 ὅτι
3409 1284 3501 1338 καὶ
3530 1285 3595 1337 ὲκ
3622 1286 3724 1357 τῆς

2141 1370 2235 1425 τοῦ
2272 1372 2436 1426 Δαόὶδ
2465 1373 2888 1445 προελεύσεσθαί
2909 1391 2993 1438 τις
3026 1374 3363 1439 θεσπίζεται.
3397 1375 3562 1432 Λύσει
3593 1378 3651 1431 δὲ
3690 1381 3721 1433 ό
3795 1401 3811 1416 ο

2143 1463 2333 1536 παρὼν
2359 1464 2517 1533 λόγος
2542 1466 2641 1538 τὴν
2671 1467 2729 1518 ὲν
2757 1468 2869 1530 τοῖς
2909 1465 3145 1539 πρόσθεν
3176 1467 3536 1541 νομιζομένην
3566 1470 3723 1542 παρά

2155 1556 2430 1620 Ἰουδαίοις
2488 1558 2616 1631 περὶ
2667 1557 2763 1611 τοῦ
2816 1559 3128 1631 Σολομῶνος
3188 1559 3444 1632 τελευτῆς
3498 1563 3715 1634 χρόνου.

2142 1650 2330 1705 Ταῦτα
2370 1650 2599 1716 Ἡσαΐας
2634 1652 2761 1724 περί
2803 1668 2943 1716 τινος
2976 1654 3163 1726 ἑτέρου
3195 1653 3545 1725 προφητεύει,
3589 1655 3720 1726 μέλ-

2141 1745 2324 1809 λοντος
2370 1747 2434 1799 ὲκ
2479 1745 2636 1818 ῥίζης
2690 1746 2887 1799 Ἰεσσαὶ
2935 1748 3029 1801 καὶ
3079 1749 3145 1801 ἐκ
3194 1748 3501 1819 σπέρματος
3552 1749 3720 1805 Δαδὶδ

2143 1839 2608 1911 ἀναφανήσεσθαι.
2644 1841 2764 1894 Ὀτι
2805 1840 2862 1893 δὲ
2908 1840 3015 1893 οὐδ’
3063 1842 3149 1910 ἐφ’
3193 1840 3379 1913 ἕτερον
3423 1842 3457 1914 ἦ
3494 1843 3584 1895 ἐπὶ
3625 1843 3720 1899 τὸν

2140 1932 2404 2002 ἡμέτερον
2432 1933 2658 2005 Σωτῆρα
2679 1932 2771 1986 τὸν
2800 1932 3032 2007 Χριστὸν
3069 1932 3161 1986 τοῦ
3197 1933 3334 1987 Θεοῦ
3363 1935 3621 2003 ἀνάγεται
3652 1936 3722 1993 τὰ

2138 2023 2462 2095 δηλούμενα,
2494 2026 2557 2078 ἐκ
2590 2024 2742 2095 ῥίζης
2773 2024 3061 2096 γενόμενον
3086 2024 3251 2079 Δαὸίδ
3277 2043 3337 2079 τε
3369 2028 3463 2080 καὶ
3500 2029 3722 2094 Ἰεσσαὶ,

2139 2118 2238 2171 οὐκ
2269 2116 2422 2189 οἶμαί
2446 2135 2567 2172 τινα
2593 2117 2973 2189 ἀμφιϐάλλειν,
2994 2119 3445 2190 ὲπιστήσαντατῇ
3473 2137 3531 2175 τε
3555 2122 3726 2192 ἐπαγ-

2138 2211 2294 2282 γελίᾳ
2339 2210 2439 2281 τῆς
2489 2212 2846 2284 προρρήσεως
2898 2211 3215 2284 φασκούσῃο
3262 2230 3282 2264 ι
3328 2213 3441 2267 Καὶ
3486 2213 3634 2267 ἔσται
3685 2217 3715 2286 ἡ

2140 2302 2265 2374 ῥίζα
2311 2303 2404 2357 τοῦ
2446 2304 2661 2368 Ἰεσσαὶ,
2706 2305 2801 2358 καὶ
2832 2306 2861 2359 ό
2902 2303 3258 2374 ἀνιστάμενος
3302 2304 3495 2377 ἄρχειν
3527 2306 3709 2372 ἐθνῶν,

2138 2396 2225 2449 ἐπ’
2259 2385 2406 2467 αὗτῷ
2435 2396 2561 2469 ἔθνη
2597 2396 2875 2462 ἐλπιοῦσι,
2912 2417 2930 2450 ι
2961 2400 3191 2463 καὶτοῖς
3225 2398 3320 2451 ἐπὶ
3343 2397 3437 2452 τοῦ
3472 2399 3716 2470 Σωτῆρος

2137 2485 2294 2555 ἡμῶν
2333 2484 2701 2557 δεικνυμένοις
2738 2487 3160 2559 ἀποτελέσμασι.
3205 2488 3381 2553 Μόνος
3409 2487 3540 2558 γοῦν
3567 2483 3719 2555 οὗτος

2141 2577 2280 2648 μετά
2328 2578 2427 2649 τὴν
2460 2581 2524 2632 ὲκ
2572 2580 2782 2651 νεκρῶν
2817 2581 3144 2647 ἀνάστασιν,
3193 2581 3260 2635 δι’
3308 2580 3375 2654 ἢν
3425 2583 3522 2636 καὶ
3568 2580 3722 2655 οἶμαι

2138 2670 2300 2723 αὑτὸν
2347 2671 2699 2742 ἀνιστάμενον
2749 2673 3173 2746 ἐπικεκλῆσθαι,
3210 2675 3271 2728 οὐ
3321 2675 3413 2729 τοῦ
3454 2676 3724 2731 Ἰουδαίων

2137 2760 2288 2829 λαοῦ,
2314 2764 2451 2818 ἀλλά
2486 2765 2595 2819 τῶν
2627 2765 2795 2819 ἐθνῶν
2824 2766 3082 2820 ἁπάντων
3122 2764 3305 2839 ἦρξεν,
3331 2769 3405 2833 ὡς
3431 2769 3505 2841 μὴ
3536 2769 3721 2840 δεδεῆ-

2141 2856 2264 2910 σθαι
2296 2857 2357 2911 rb
2402 2858 2579 2926 λόγιον
2625 2859 2919 2931 ἑρμηνείας
2943 2899 2958 2924 ,
3011 2859 3198 2930 σαφῶς
3247 2859 3507 2932 προδήλου
3555 2861 3718 2915 καθε-

2141 2950 2372 3014 στῶτος,
2427 2951 2576 3017 ὅπως
2625 2955 2705 3017 είς
2761 2953 2922 3007 αὑτὸν
2975 2952 3127 3017 τέλος
3177 2953 3365 3026 εἴληφε
3416 2970 3552 3026 μετα
3603 2954 3715 3010 τῶν

2139 3041 2313 3096 ἄλλων
2334 3044 2428 3098 καὶ
2449 3044 2528 3110 τὸ,
2559 3064 2578 3096 ι
2620 3046 2735 3099 Ἐπ’
2759 3045 2906 3118 αύτῷ
2934 3046 3061 3119 ἔθνη
3085 3047 3382 3103 ἐλπιοῦσιν.
3416 3067 3435 3099 ι
3464 3048 3546 3103 Τά
3570 3048 3612 3101 δ’
3638 3050 3716 3115 ὼς

2142 3135 2271 3207 περὶ
2319 3134 2472 3201 ζώων
2520 3137 2614 3191 καὶ
2661 3138 2863 3210 θηρίων
2909 3139 3302 3211 ήμερουμένων
3349 3141 3409 3195 ὲν
3457 3139 3721 3213 ἐπιῆμίᾳ.

2140 3225 2408 3299 λεγόμενα
2451 3228 2787 3304 ἀλληγοροῖτ’
2819 3232 2885 3287 ἂν
2933 3232 3024 3285 ἐπὶ
3070 3233 3305 3305 τρόπους
3346 3233 3577 3305 ἀπηνεῖς
3623 3234 3721 3288 καὶ

2141 3319 2383 3391 ἀγρίους,
2416 3322 2509 3374 καὶ
2541 3320 2645 3394 ἢθη
2691 3323 2901 3397 ἀνδρῶν
2931 3323 3193 3396 θηριώδη,
3221 3323 3310 3378 διά
3336 3324 3435 3396 τῆς
3454 3323 3552 3379 τοῦ
3581 3326 3720 3397 Χρι-

2140 3409 2267 3464 στοῦ
2300 3411 2649 3478 διδασκαλίας
2681 3415 2778 3487 τῆς
2810 3415 3034 3483 ἀλογίας
3078 3417 3170 3470 καὶ
3215 3415 3507 3487 θηριωδίας
3554 3433 3719 3488 μετα.

2139 3505 2434 3577 θησόμενα.
2480 3507 2854 3579 Ἀλληγοροῖτο
2899 3508 2943 3561 δ’
2982 3508 3050 3563 ἂν
3088 3507 3262 3563 ταῦτα
3312 3509 3497 3579 σαφῶς
3525 3509 3716 3576 οὕτως,

2136 3595 2202 3651 ἃν
2255 3597 2347 3649 καὶ
2390 3597 2490 3669 τὴν
2533 3597 2866 3669 δηλουμένην
2909 3598 2997 3653 διά
3042 3600 3140 3671 τῆς
3190 3601 3525 3673 προφητείας
3563 3600 3722 3670 ῥίζαν

2148 3688 2368 3751 Ἰεσσαὶ,
2421 3689 2513 3743 καὶ
2559 3689 2658 3761 τὴν
2701 3689 2917 3761 ῥάϐδον,
2953 3691 3049 3745 καὶ
3084 3691 3144 3744 τὸ
3176 3690 3337 3757 ἄνθος
3373 3690 3718 3764 τροπολογῶν

2133 3793 2218 3840 τις
2249 3777 2325 3832 ἔτι
2372 3779 2726 3852 ἑρμηνεύσειε
2756 3781 2850 3834 καὶ
2876 3781 2951 3846 ὡς
2981 3781 3048 3835 ἂν
3074 3783 3380 3855 ἐπινοηθείη
3406 3782 3718 3858 δικαιοσύνῃ

2140 3869 2239 3939 μὲν
2266 3869 2364 3934 τάς
2395 3869 2634 3942 πλευρὰς
2666 3868 3025 3943 ζωννύμενος,
3060 3871 3290 3944 ἀληθείᾳ.
3328 3872 3384 3926 δὲ
3414 3873 3515 3943 τὴν
3545 3872 3715 3940 ὀσφὺν

2135 3958 2439 4032 είλημένος.
2476 3960 2562 4024 Ὠς
2607 3961 2718 4034 γὰρ
2765 3962 2825 4014 ού
2864 3961 3088 4016 δυνατὸν
3128 3962 3331 4035 ἑτέρως
3356 3961 3533 4017 ταῦτα
3564 3962 3600 4035 ἢ
3629 3960 3717 4016 διὰ

2139 4052 2306 4123 μόνης
2328 4052 2693 4126 ἀλληγορικῆς
2730 4053 3038 4117 ἀποδόσεως
3063 4054 3406 4126 ἑρμηνεύειν,
3437 4054 3529 4109 τὸν
3555 4052 3715 4109 αὐτὸν

2134 4145 2335 4215 τρόπον
2379 4145 2571 4199 ἕπεται
2599 4146 2692 4199 καὶ
2733 4145 2803 4200 τά
2851 4147 2979 4219 περὶ
3023 4146 3131 4200 τῶν
3163 4145 3303 4202 κατά
3348 4146 3471 4210 τοὺς
3516 4145 3716 4209 τόπους

2135 4236 2551 4309 ὀνομαζομένων
2579 4236 2732 4303 ζώων
2758 4237 2955 4310 χρῆναι
2977 4237 3088 4292 δεῖν
3120 4235 3498 4310 ἐκλαμϐάνειν.

2151 4564 2283 4620 Ἀπὸ
2315 4563 2422 4619 τοῦ
2464 4564 2756 4634 Ἰερεμίου.
2791 4593 2862 4606 -
2899 4564 3179 4631 Ἀνατολὴ
3204 4563 3401 4634 δικαΙά
3430 4563 3499 4616 ἐκ
3529 4562 3719 4630 σπέρα

3012 4676 3026 4700 ,
3065 4636 3164 4689 καὶ
3199 4633 3523 4703 ἀνθρώπων
3551 4637 3584 4689 ό
3610 4638 3719 4687 αὑ-

2209 4705 2314 4773 τὸς
2329 4706 2647 4771 βασιλεὺς,
2662 4704 2847 4776 eram}
2868 4723 2931 4760 τε
2952 4706 3319 4776 προσηγορία
3344 4704 3716 4776 τεθησομέιςη

2209 4777 2332 4843 τοῖς
2378 4777 2479 4832 ὑπ’
2530 4774 2691 4841 αὐτῷ
2732 4773 3362 4843 ,βασιλευθησομένοις
3385 4816 3400 4842 ,
3447 4773 3567 4829 καί
3600 4773 3719 4828 τῶν

2211 4847 2513 4918 προτέρων
2543 4847 2976 4917 ἁμαρτημάτων
3009 4849 3214 4913 λύσις.
3576 4926 3583 4931 _

2214 4982 2233 5016 ι
2272 4963 2405 5018 Ἰδοὺ
2438 4964 2645 5035 ἡμέραι
2689 4962 2960 5035 ἔρχονται,
3001 4961 3151 5031 λέγει
3185 4959 3409 5031 Κύριος,
3445 4960 3541 5013 καὶ
3587 4961 3718 5014 ἀνα-

2141 5058 2323 5128 στήσω
2362 5055 2442 5127 τῷ
2481 5054 2645 5109 Δασὶδ
2688 5053 2951 5125 ἀνατολὴν
2993 5052 3229 5119 δικαίαν,
3270 5051 3367 5106 καὶ
3412 5050 3717 5121 βασιλεύσει

2141 5148 2413 5219 βασιλεὺς,
2443 5150 2538 5203 καὶ
2562 5155 2800 5219 συνήσει,
2825 5148 2922 5201 καὶ
2953 5147 3169 5218 ποιήσει
3192 5145 3367 5217 κρῖμα
3395 5144 3491 5198 καὶ
3516 5142 3721 5197 δικαιο-

2141 5241 2307 5313 σύνην
2339 5242 2432 5294 ἰπὶ
2456 5241 2555 5312 τῆς
2582 5239 2705 5310 γῆς.
2743 5239 2833 5292 Ἐν
2862 5241 2985 5302 ταῖς
3016 5238 3253 5309 ἡμέραις
3285 5233 3452 5289 αὑτοῦ
3481 5232 3722 5304 σωθήσε-

2137 5352 2226 5390 ται
2276 5334 2506 5399 Ἰούδας,
2551 5333 2646 5388 καὶ
2698 5332 2912 5405 Ἰσραὴλ
2953 5324 3370 5402 κατασκηνώσει
3401 5322 3679 5389 πεποιθὼς
3700 5363 3722 5394 ,

2140 5429 2235 5482 καὶ
2260 5428 2417 5483 τοῦτο
2453 5428 2516 5482 τὸ
2557 5426 2728 5496 δνομα
2750 5419 2797 5494 ᾧ
2825 5425 3044 5478 καλεσει
3077 5422 3242 5478 αὐτὸν
3269 5420 3506 5493 Κύριος,
3544 5417 3727 5472 Ἰωσε-

2137 5519 2331 5590 δεκεὶμ
2361 5521 2421 5573 ὲν
2450 5521 2562 5582 τοῖς
2587 5516 2914 5590 προφήταις.
2951 5516 3041 5570 Ἑν
3060 5517 3127 5586 τῇ
3163 5513 3345 5585 ἡμέρᾳ
3371 5512 3576 5585 ἐκείνῃ,
3598 5504 3722 5561 εἷπε

2139 5613 2344 5685 Κύριος
2365 5654 2381 5678 ,
2415 5611 2689 5683 συντρίψω
2729 5608 2824 5663 τὸν
2855 5607 3018 5677 ζυγὸν
3061 5606 3171 5661 ἀπὸ
3199 5603 3473 5677 τραχήηλου
3506 5600 3720 5665 αὐτῶν,

2139 5709 2235 5763 καὶ
2264 5707 2389 5771 τοὺς
2414 5704 2646 5776 δεσμοὺς
2672 5702 2852 5758 αὐτῶν
2879 5699 3175 5772 διαρῤήξω,
3199 5699 3292 5753 καὶ
3317 5698 3418 5751 οὐκ
3448 5697 3721 5768 ὲργῶνται
