4098 6438
423 373 514 428 561
1262 363 1914 422 DEMONSTRATIONIS
1949 361 2403 418 EV’ANGELICE
2436 360 2564 418 LIB.
2609 314 2718 415 VH.

3565 356 3670 412 56?.

421 493 501 546 ἔτι
530 490 671 554 θεοῖς
700 490 939 562 ἑτέροις,
967 488 1101 542 ἀλλά
1129 487 1397 556 ὲργῶνται
1427 489 1618 560 Κυρίῳ
1651 487 1729 559 τῷ
1751 487 1872 558 Θεῷ
1897 488 1993 540 αύ-

2096 494 2149 539 et
2179 501 2360 556 regem
2387 483 2555 538 David
2590 480 2871 538 suscitabo
2903 478 2984 535 eis
3011 479 3074 534 ".
3117 499 3136 532 ι
3163 478 3347 549 Longo
3377 476 3669 532 admodum

420 584 563 647 τῶν,
614 581 710 636 καὶ
756 582 844 635 τὸν
877 580 1040 634 Δαὸὶδ
1089 579 1313 650 βασιλέα
1347 579 1523 632 αὐτῶν
1560 579 1849 649 ἀναστήσω
1893 578 1994 631 a0-

418 675 551 737 τοῖς.
581 693 600 726 ›
633 673 787 728 Μετά
821 673 1069 726 πλεῖστον
1096 672 1194 742 τῆς
1219 671 1473 742 τελευτῆς
1507 670 1602 724 τοῦ
1632 669 1797 724 Δαϐὶδ
1817 709 1832 732 ,
1861 669 1996 723 ἀλλά

420 765 515 819 καὶ
541 764 635 818 τοῦ
661 765 969 835 Σολομῶνος
996 763 1206 835 χρόνον,
1231 763 1405 817 ταῦτα
1435 763 1529 816 καί⁸
1568 762 1834 835 Ἱερεμίας
1866 761 1996 832 περ)⁵

421 856 513 910 τοῦ
544 857 827 928 μέλλοντος
853 857 917 908 ἐκ
951 857 1265 928 σπέρματος
1291 855 1690 926 ἀναστήσεσθαι
1716 854 1881 909 Δαὸὶδ
1902 854 1997 925 βα-

423 950 612 1013 σιλέως
642 949 886 1012 θεσπίζει
910 967 924 982 ο
948 949 1007 1002 ὃν
1043 949 1258 1021 πρῶτον
1289 949 1386 1019 μὲν
1411 949 1673 1020 ἀνατολὴν
1695 948 1866 1012 καλεῖ,
1903 948 1995 1002 καὶ

420 1043 518 1112 οὐχ
546 1041 751 1105 ἁπλῶς,
776 1040 911 1094 ἀλλά
937 1041 1174 1102 δικαίαν,
1198 1039 1274 1103 ὼς
1299 1040 1365 1093 ἂν
1388 1038 1447 1104 ἐξ
1475 1039 1625 1111 ἡλίου
1649 1038 1996 1111 δικαιοσύνης

422 1135 837 1205 συστησάμενον,
881 1135 1008 1206 περὶ
1041 1126 1101 1186 οὗ
1131 1133 1480 1204 διειλήφαμεν
1503 1135 1560 1186 ὲν
1587 1135 1708 1196 ταῖς
1742 1133 1870 1204 περὶ
1900 1131 1994 1186 τοῦ

418 1224 665 1296 δευτέρου
688 1226 861 1278 αἰτίου
890 1224 1250 1290 ἀποδείξεσιν,
1299 1227 1357 1278 ἐν
1389 1221 1475 1289 αἷς
1501 1225 1594 1277 τὸν
1625 1225 1858 1296 προόντα
1901 1224 1994 1276 τοῦ

338 1379 345 1386 ,
418 1316 552 1370 Θεοῦ
585 1317 790 1386 Λόγον,
844 1317 1065 1388 μυρίαις
1110 1317 1449 1388 κεχρημένον
1497 1317 1865 1386 ἐπωνυμίαις,
1901 1316 1996 1370 καὶ

415 1406 566 1478 ἥλιον
612 1405 958 1478 δικαιοσύνης
1001 1406 1363 1478 ὀνομάζεσθαι
1422 1407 1850 1478 ἀπεδείκνυμεν,
1897 1406 1996 1478 τὴν

417 1497 734 1566 φάσκουσαν
773 1498 1147 1570 προφητείαν,
1200 1515 1218 1549 ι
1251 1498 1375 1562 Τοῖς
1419 1498 1475 1552 δὲ
1525 1499 1878 1569 φοϐουμένοις
1929 1515 1994 1568 με

416 1587 667 1642 ἀνατελεῖ
694 1589 842 1659 ἥλιος
877 1589 1251 1662 δικαιοσύνης,
1295 1615 1315 1643 ι
1363 1590 1753 1663 παραθέμενοι.
1786 1594 1994 1665 Ὥσπερ

413 1673 508 1733 οὖν
540 1679 692 1747 ἥλιον
725 1679 1105 1751 δικαιοσύνης,
1141 1681 1283 1734 οὕτω
1316 1683 1410 1736 καὶ
1442 1683 1704 1754 ἀνατολὴν
1727 1684 1941 1738 δικαίαν
1968 1687 1996 1738 ό

415 1771 573 1838 λόγος
600 1772 694 1824 ἐπὶ
722 1771 814 1825 τοῦ
848 1773 1113 1843 παρόντος
1141 1774 1470 1844 ἀναστήσειν
1495 1773 1572 1846 τῷ
1597 1775 1760 1829 Δαϐὶδ
1783 1793 1996 1847 προφη-

2101 587 2344 648 tempore
2387 584 2510 648 post
2545 583 2776 630 mortem
2807 589 2915 629 non
2952 573 3128 630 solum
3160 570 3348 639 David,
3380 570 3473 628 sed
3504 572 3668 626 etiam

2098 668 2426 730 Salomonis,
2451 667 2566 722 haec
2591 664 2857 722 Jeremias
2887 663 2954 720 de
2982 678 3047 719 eo
3077 677 3220 735 rege,
3249 662 3342 731 qui
3366 661 3432 716 de
3464 661 3670 716 semine

2097 761 2265 816 David
2295 767 2443 816 esset
2468 760 2730 822 oriturus,
2763 756 2971 815 divinat
3002 773 3016 810 :
3047 769 3206 826 quem
3243 753 3417 823 primo
3449 752 3668 822 quidem

2096 860 2276 908 ortum
2309 858 2488 915 vocat,
2535 865 2712 920 neque
2760 847 3086 918 simpliciter
3125 855 3328 910 ortum,
3360 844 3455 900 sed
3487 852 3665 896 ortum

2091 947 2328 1017 justum,
2358 953 2618 1014 tanquam
2649 957 2772 998 eum
2811 942 2902 1012 qui
2929 957 2995 995 ex
3033 941 3146 996 sole
3169 939 3398 1010 justitiae
3435 938 3507 992 sit
3537 951 3667 991 con-

2097 1037 2439 1099 stituendus,
2473 1035 2541 1090 de
2571 1048 2679 1104 quo
2719 1042 2852 1087 sane
2895 1031 3254 1087 disseruimus
3297 1033 3354 1085 in
3385 1029 3451 1084 iis
3484 1068 3498 1092 ,
3549 1041 3672 1098 qua)

2097 1138 2256 1184 antea
2294 1127 2362 1183 de
2393 1127 2504 1180 Deo
2544 1125 2726 1180 Verbo
2772 1123 3307 1187 demonstravimus,
3362 1123 3416 1176 in
3468 1120 3670 1191 quibus

2097 1222 2191 1277 Dei
2226 1221 2483 1285 Verbum,
2515 1221 2661 1291 quod
2692 1229 2852 1275 antea
2893 1225 3010 1274 erat
3050 1214 3540 1271 innumerabilibus
3570 1228 3668 1283 ap—

2101 1315 2355 1385 pellatum
2383 1314 2718 1378 nominibus,
2751 1313 2913 1368 etiam
2939 1309 3164 1380 iustitiae
3198 1308 3368 1363 solem
3398 1303 3668 1362 nominari

2097 1408 2319 1478 planum
2351 1405 2601 1471 fecimus,
2633 1405 2721 1460 ubi
2753 1403 3092 1475 prophetiam
3138 1416 3260 1471 quae
3290 1401 3360 1455 ita
3395 1400 3469 1452 ait
3496 1417 3508 1453 :
3541 1417 3562 1450 ι
3597 1397 3671 1454 iis

2098 1505 2277 1552 autem
2300 1498 2392 1568 qui
2417 1514 2503 1553 me
2534 1498 2750 1565 timent,
2781 1498 2986 1552 orietur
3014 1495 3096 1551 sol
3130 1493 3358 1564 iustitiae
3387 1479 3454 1558 ίδ,
3490 1510 3508 1544 ι
3542 1491 3674 1546 cita-

2097 1591 2296 1644 vimus.
2337 1588 2490 1644 Sicut
2529 1605 2657 1660 ergo
2690 1589 2860 1646 solem
2905 1586 3152 1658 iustitia,
3190 1586 3262 1640 ita
3299 1585 3460 1639 etiam
3489 1591 3670 1638 ortum

2091 1682 2302 1752 justum
2333 1697 2576 1752 praesens
2620 1681 2904 1736 oraculum
2951 1691 3327 1736 surrecturum
3371 1679 3472 1748 ipsi
3503 1677 3671 1733 David

2099 1775 2445 1830 vaticinatur.
2489 1773 2659 1828 Porro
2692 1773 2943 1828 eumdem
2977 1789 3156 1844 regem
3201 1772 3585 1843 intelligentem
3619 1779 3672 1825 et

415 1861 586 1915 τεύει.
626 1861 730 1915 Τὸν
769 1841 1026 1916 αὑτὸνδὲ
1066 1863 1252 1917 τοῦτον
1296 1841 1520 1935 βασιλέα
1544 1841 1849 1933 συνιέντα,
1901 1841 1993 1920 καὶ

2101 1869 2386 1923 facientem
2429 1867 2699 1938 judicium
2735 1875 2789 1921 et
2816 1841 3089 1936 justitiam
3133 1866 3188 1920 in
3219 1841 3671 1934 terra'appellat.

419 1955 675 2009 ποιοῦντα
707 1958 878 2026 κρῖμα
927 1957 1017 2008 καὶ
1055 1956 1401 2029 δικαιοσύνην
1447 1958 1540 2011 ἐπὶ
1589 1958 1689 2028 τῆς
1726 1960 1830 2031 γῆς
1863 1979 1996 2033 προ-

419 2046 691 2118 αγορεύει.
724 2044 856 2100 Εἶτα
903 2049 996 2101 καὶ
1033 2047 1339 2121 ὁμωνύμως
1381 2050 1472 2104 τὸν
1524 2051 1685 2105 αὑτὸν
1727 2053 1884 2106 καλεῖ
1917 2053 1996 2124 τῷ

419 2140 584 2193 πάλαι
632 2141 895 2212 πρότερον
942 2141 1354 2214 τετελευτηκότι
1383 2143 1564 2196 Δαϐίδ.
1613 2145 1856 2216 Πρόσχες
1886 2146 1995 2218 γὰρ

414 2230 691 2301 ἐπιμελῶς
717 2231 793 2303 τῷ
825 2233 1084 2304 ἀνωτέρω
1121 2234 1248 2304 μὲν,
1287 2254 1304 2285 ι
1336 2236 1446 2288 Kai.
1479 2237 1765 2308 ἀναστήσω
1785 2237 1861 2310 τῷ
1888 2241 1996 2292 Δα-

415 2322 500 2374 ϐὶδ
521 2322 783 2394 ἀνατολὴν
804 2322 1042 2386 δικαίαν,
1069 2341 1088 2373 ι
1115 2323 1208 2375 ἐπὶ
1230 2323 1373 2376 τέλει
1405 2323 1462 2376 δὲ
1491 2324 1652 2392 ὲπιφε
1663 2325 1871 2395 ρομένῳ
1896 2325 1992 2396 τῷ,

421 2431 440 2463 ι
486 2413 596 2466 Καὶ
640 2412 730 2465 τὸν
762 2413 926 2466 Δαὸὶδ
974 2411 1198 2482 βασιλέα
1240 2412 1405 2466 αὐτοῦ
1448 2415 1736 2484 ἀναστήσω
1769 2414 1935 2486 αὐτῷ.
1971 2437 1990 2467 ι

419 2504 534 2558 Τίνι
564 2503 621 2556 δὲ
649 2502 797 2574 αύτῷ
821 2503 853 2574 ἢ
875 2503 954 2574 τῷ
982 2502 1174 2567 Δα6ίδ;
1195 2503 1372 2574 τούτῳ
1399 2503 1506 2576 γὰρ
1530 2505 1729 2576 ἔφησεν
1758 2507 1996 2578 ἀναστή-

417 2611 530 2648 σειν
570 2594 667 2665 τὴν
699 2592 963 2663 ἀνατολὴν
1009 2593 1108 2664 τὴν
1141 2593 1375 2646 δικαίαν.
1413 2595 1525 2648 Καὶ
1568 2595 1597 2646 ὁ
1642 2596 1911 2668 Ζαχαρίας
1938 2597 1996 2650 δὲ

415 2688 543 2760 περὶ
572 2687 665 2742 τοῦ
701 2687 866 2740 αὑτοῦ
898 2686 1257 2758 προφητεύων
1295 2687 1496 2758 ὁμοίως
1542 2689 1806 2760 ἀνατολὴν
1835 2690 1995 2744 αὑτὸν

411 2782 584 2842 καλεῖ,
611 2780 783 2848 λέγων
804 2797 816 2808 ’
849 2798 866 2830 ι
909 2779 1039 2831 Ἰδοὺ
1070 2778 1228 2850 ἀνὴρ,
1259 2779 1493 2850 ἀνατολὴ
1519 2780 1688 2852 ὄνομα
1712 2781 1882 2851 αὐτῷ,
1901 2783 1996 2835 καὶ

413 2871 764 2925 ὑποκάτωθεν
809 2869 974 2924 αὑτοῦ
1016 2871 1265 2924 ἀνατελεῖ
1305 2871 1621 2942 δικαιοσύνη
1646 2891 1658 2902 ·
1702 2892 1720 2925 ι
1755 2875 1850 2927 καὶ
1890 2875 1996 2927 πά-

410 2967 494 3019 λιν
514 2983 527 2996 ’
582 2986 600 3017 ι
629 2966 858 3020 Καλέσω
891 2965 980 3018 τὸν
1007 2964 1193 3018 δοῦλόν
1225 2982 1326 3036 μου
1353 2967 1637 3039 ἀνατολήν.
1672 2988 1688 3018 ι
1737 2967 1874 3021 Ἀλλ’
1905 2971 1995 3022 ού-

410 3057 521 3120 δείς
547 3073 610 3126 γε
643 3057 780 3128 μετά
805 3057 931 3119 τοὺς
971 3055 1234 3126 Ἱερεμίου
1264 3057 1492 3127 χρόνους
1515 3099 1529 3122 ,
1562 3059 1678 3112 ἀλλ’
1707 3059 1827 3112 οὐδὲ
1858 3061 1995 3130 μετά

2097 1960 2303 2017 Deinde
2349 1960 2598 2016 eumdem
2642 1969 2800 2015 vocat
2840 1974 2949 2014 uno
2988 1965 3042 2013 et
3074 1959 3264 2013 eodem
3297 1957 3518 2012 nomine
3547 1970 3671 2008 eum

2095 2071 2180 2118 eo,
2212 2054 2306 2124 qui
2355 2053 2528 2107 multo
2569 2059 2696 2108 ante
2724 2052 2981 2116 decessit,
3025 2050 3212 2104 David.
3250 2049 3482 2104 Attende
3525 2047 3668 2103 enim

2095 2149 2386 2219 diligenter
2433 2162 2558 2202 cum
2603 2146 2737 2200 illud
2767 2147 3021 2216 superius
3055 2165 3067 2199 :
3103 2163 3121 2196 ι
3163 2143 3228 2197 Et
3257 2143 3534 2199 suscitabo
3568 2143 3672 2211 ipsi

2097 2242 2266 2296 David
2301 2251 2482 2296 ortum
2529 2240 2762 2311 justum,
2815 2259 2832 2292 ι
2870 2248 2983 2294 tum
3027 2237 3159 2292 illud
3195 2236 3339 2307 quod
3390 2235 3456 2290 ad
3489 2244 3671 2290 extre-

2097 2351 2244 2389 mum
2275 2334 2520 2389 additum
2543 2342 2628 2390 est
2661 2354 2672 2388 :
2708 2351 2728 2384 ι
2759 2333 2824 2387 Et
2854 2331 3025 2387 David
3059 2346 3240 2402 regem
3286 2344 3444 2384 suum
3497 2343 3675 2382 suscn-

2097 2430 2224 2483 tabo
2246 2425 2319 2484 ei.
2368 2447 2387 2481 ι
2435 2428 2534 2484 Cui
2576 2443 2704 2483 vero
2734 2427 2810 2492 ei,
2847 2426 2952 2481 nisi
2989 2426 3092 2496 ipsi
3132 2422 3342 2477 David?
3370 2421 3497 2475 huic
3527 2419 3672 2474 enim

2095 2521 2233 2576 dixit
2267 2536 2326 2576 se
2373 2521 2765 2577 suscitaturum
2796 2531 2974 2574 ortum
3015 2518 3248 2588 justum.
3275 2513 3442 2585 358
3465 2511 3672 2566 Zacha-

2097 2611 2207 2666 rias
2236 2612 2362 2665 item
2394 2610 2460 2666 de
2499 2610 2688 2665 eodem
2717 2610 3059 2672 vaticinans,
3105 2614 3288 2661 ortum
3317 2604 3451 2659 illud
3482 2603 3675 2659 simili-

2095 2713 2177 2757 ter
2203 2710 2364 2757 vocat
2401 2721 2414 2758 :
2472 2721 2491 2753 ι
2533 2702 2673 2758 Ecce
2700 2703 2802 2768 vir,
2843 2709 2999 2757 ortus
3030 2714 3229 2755 nomen
3274 2699 3346 2761 ei,
3395 2704 3450 2752 et
3483 2696 3676 2752 subter

2094 2813 2217 2852 eum
2249 2797 2456 2851 orietur
2485 2796 2697 2866 justitia
2735 2795 2796 2850 ¹⁸.
2833 2814 2850 2846 ι
2877 2793 2941 2848 Et
2973 2808 3168 2847 rursus
3195 2813 3210 2847 :
3244 2809 3263 2843 ι
3301 2789 3520 2846 Vocabo
3549 2804 3670 2845 ser-

2095 2905 2221 2943 vum
2267 2903 2470 2952 meum,
2524 2895 2706 2942 ortum
2748 2887 2792 2920 ¹⁶
2833 2905 2846 2940 :
2889 2905 2908 2937 ι
2965 2884 3071 2940 Sed
3125 2885 3271 2939 enim
3321 2883 3506 2937 nullus
3553 2891 3675 2950 post

2093 2981 2340 3038 Jeremiae
2380 2989 2646 3050 tempora,
2703 2994 2769 3034 ac
2815 2994 2884 3035 ne
2936 2985 3062 3049 post
3117 2977 3398 3032 Zachariae
3447 2973 3670 3044 quidem

2095 3074 2238 3144 apud
2266 3073 2482 3128 Judazos
2505 3072 2628 3126 talis
2659 3071 2887 3136 exstitit,
2918 3079 3013 3125 ιιιι
3055 3071 3239 3126 oriens
3269 3069 3448 3139 iustus
3474 3087 3492 3120 ι
3516 3080 3676 3120 voca-

409 3149 535 3212 τοὺς
576 3147 671 3200 τοῦ
700 3148 970 3218 Ζαχαρίου
998 3146 1239 3211 τοιοῦτος
1267 3149 1466 3220 ἀνέστη
1504 3153 1617 3214 τοῖς
1659 3152 1724 3204 ὲκ
1773 3168 1991 3222 περιτο-

2097 3176 2247 3222 retur
2272 3173 2327 3222 et
2362 3185 2379 3218 ι
2417 3165 2725 3235 intelligens
2751 3179 2868 3226 rex,
2897 3170 2953 3218 et
2975 3162 3180 3218 faciens
3208 3150 3474 3231 judicium
3505 3167 3558 3212 et
3579 3157 3674 3228 ju-

413 3239 523 3312 μῆς
542 3280 556 3304 ,
587 3239 662 3303 ὼς
692 3259 711 3291 ι
743 3241 978 3312 ἀνατολὴ
1003 3239 1188 3294 δικαία
1217 3261 1235 3293 ι
1274 3241 1568 3314 κληθῆναι,
1615 3244 1712 3297 καὶ⁵
1745 3264 1763 3294 ‹
1791 3245 1992 3309 συνιεὶς

411 3331 664 3399 βασιλεὺς
688 3372 703 3396 ,
734 3333 829 3384 καὶ
860 3331 1028 3386 ποιῶν
1063 3335 1236 3404 κρῖμα
1269 3335 1364 3387 καὶ
1396 3334 1744 3406 δικαιοσύνην
1773 3337 1865 3389 ἐπὶ
1897 3337 1994 3408 τῆς

407 3425 533 3494 γῆς.
566 3444 585 3477 ι
633 3426 696 3479 Εἰ
743 3425 801 3478 δὲ
844 3425 990 3495 λέγοι
1033 3443 1119 3489 τις
1160 3426 1249 3480 διὰ
1297 3429 1505 3481 τούτων
1547 3429 1754 3500 Ἰησοῦν
1779 3429 1871 3482 τὸν
1899 3429 1994 3483 τοῦ

422 3517 667 3571 Ἰωσεδὲκ
697 3517 1008 3588 δηλοῦσθαι,
1034 3519 1275 3584 λεκτέον,
1293 3521 1376 3573 ὅτι
1409 3521 1470 3573 ού
1502 3522 1833 3592 συνέστηκεν
1863 3522 1996 3576 ὁλό-

410 3626 505 3677 γος
536 3608 704 3680 αὐτῷ.
731 3608 871 3662 Οὔτε
893 3612 998 3682 γὰρ
1025 3612 1132 3664 ἀπὸ
1163 3611 1354 3680 γένους
1382 3612 1548 3665 Δαὸὶδ
1576 3606 1730 3676 οὗτος
1753 3609 1842 3684 ἦν,
1870 3613 1993 3667 οὔτε

408 3701 484 3764 ὡς
511 3701 762 3772 βασιλεὺς
782 3703 1155 3758 ἐϐασίλευσεν.
1184 3703 1309 3768 Πῶς
1335 3704 1393 3758 δὲ
1427 3705 1513 3756 ἐπ’
1545 3708 1748 3758 ἐκεῖνον
1772 3705 1994 3760 δύναται

411 3795 700 3867 ἁρμόττειν
725 3795 813 3859 τὸ,
849 3814 866 3845 ι
895 3795 1004 3849 Καὶ
1033 3797 1122 3850 τὸν
1148 3796 1314 3850 Δαόὶδ
1342 3797 1564 3866 βασιλέα
1585 3798 1873 3870 ἀναστήσω
1900 3799 1996 3852 αύ-

408 3885 522 3957 τῷς
555 3904 572 3938 ι
606 3885 768 3938 ὁπότε
801 3885 973 3956 φυλῆς
1005 3886 1106 3957 μὲν
1136 3883 1204 3958 ἦν
1227 3888 1389 3951 Λευὶ,
1420 3887 1628 3954 τάξεως
1658 3887 1703 3941 δ’
1734 3889 1995 3960 ἀρχιερα-

410 3982 602 4053 τικῆς,
641 3983 736 4034 καὶ
775 3982 964 4049 γένους
1009 3982 1196 4054 ἑτέρου
1228 3982 1377 4054 παρὰ
1405 3983 1493 4036 τὸν
1526 3983 1708 4048 Δαῦὶδ,
1743 3983 1996 4053 βασιλεὺς

407 4076 452 4130 δ’
483 4075 732 4146 οὐδαμῶς
766 4073 1006 4144 γεγονὼς
1034 4076 1332 4147 ίστορῆται.
1363 4077 1547 4139 Ὥστε,
1586 4077 1634 4128 εί
1671 4075 1858 4148 μηδεὶς
1888 4065 1997 4130 ἔτε-

413 4187 501 4240 ρος
545 4168 855 4239 εὑρίσκοιτο
903 4167 1144 4231 τοιοῦτος
1169 4209 1183 4232 ,
1231 4169 1349 4239 ῶρα
1381 4169 1472 4222 τὸν
1519 4169 1995 4242 προφητευόμενον

348 4280 356 4286 ·
409 4263 504 4316 καὶ
539 4261 629 4315 διὰ
678 4260 886 4314 τούτων
924 4260 1206 4330 ὁμολογεῖν
1244 4261 1403 4332 μόνον
1443 4257 1580 4315 εἶναι
1629 4261 1720 4315 τὸν
1767 4262 1996 4333 Σωτῆρα

411 4355 503 4405 καὶ
555 4351 760 4422 Κύριον
809 4353 1000 4423 ἡμῶν,
1043 4351 1134 4406 τὸν
1181 4354 1274 4407 καὶ
1329 4354 1386 4407 ὲν
1437 4355 1644 4425 ἑτέροις
1691 4372 1711 4406 ‹
1742 4353 1858 4424 φῶς
1898 4356 1991 4409 τοῦ

411 4445 613 4515 κόσμου
645 4445 737 4498 καὶ
771 4444 886 4513 φῶς
913 4445 1021 4499 τῶν
1057 4444 1228 4498 ἐθνῶν
1262 4465 1280 4498 ι
1321 4447 1781 4518 ἀνηγορευμένον.
1822 4447 1996 4510 Αὐτὸς

2097 3260 2306 3315 stitiam
2331 3259 2385 3312 in
2425 3266 2624 3313 terra.»
2663 3255 2821 3322 Quod
2851 3256 2896 3310 si
2927 3257 3056 3326 quis
3088 3254 3241 3308 dicat
3272 3254 3325 3307 in
3360 3253 3444 3308 his
3479 3248 3670 3306 Jesum

2098 3353 2265 3406 lilium
2300 3351 2530 3407 Josedec
2557 3349 2876 3420 signiﬁcari,
2907 3348 3196 3403 dicendum
3225 3347 3328 3402 erit
3355 3344 3500 3416 quod
3535 3343 3676 3398 ratio

2098 3444 2213 3499 haec
2267 3443 2344 3498 illi
2403 3451 2658 3497 constare
2708 3456 2816 3495 non
2852 3447 3050 3510 potest.
3102 3438 3237 3493 Nam
3281 3439 3369 3494 hic
3403 3452 3580 3507 neque
3607 3436 3676 3491 de

2097 3550 2294 3608 genere
2339 3534 2511 3590 David
2543 3533 2667 3597 fuit,
2713 3547 2890 3602 neque
2945 3539 3201 3599 tanquam
3255 3545 3349 3584 rex
3409 3527 3672 3598 regnavit.

2096 3627 2382 3694 Quomodo
2415 3633 2594 3681 autem
2625 3626 2700 3679 illi
2729 3632 2908 3695 potest
2942 3621 3344 3677 accommodari
3369 3620 3533 3680 illud,
3572 3637 3593 3669 ‹
3623 3626 3678 3674 et

2099 3718 2268 3773 David
2295 3733 2476 3787 regem
2519 3717 2801 3772 suscitabo
2833 3716 2926 3770 ei?
2966 3735 2984 3767 ›
3023 3730 3147 3768 cum
3182 3722 3235 3768 et
3267 3728 3332 3767 ex
3368 3713 3511 3766 tribu
3545 3709 3676 3765 Levi

2097 3819 2151 3865 et
2199 3823 2266 3864 ex
2299 3808 2492 3863 ordine
2547 3805 2829 3877 pontilicio
2873 3804 3056 3867 fuerit,
3086 3812 3140 3857 et
3194 3817 3390 3873 genere
3421 3817 3450 3853 a
3505 3799 3674 3854 David

2098 3901 2332 3960 alienus,
2386 3913 2565 3969 neque
2602 3913 2697 3952 rex
2752 3897 2864 3951 ullo
2903 3897 3065 3950 modo
3107 3894 3384 3949 exstitisse
3407 3906 3674 3946 memore-

2097 3993 2222 4047 tur?
2251 4006 2421 4061 quare
2455 3991 2502 4048 si
2537 3991 2720 4046 nullus
2752 3991 2894 4045 alius
2944 3989 3218 4044 invenitur
3259 3986 3385 4041 talis
3409 4025 3424 4046 ,
3457 3991 3674 4052 tempus

2091 4084 2205 4153 jam
2240 4082 2404 4139 fuerit
2429 4097 2552 4138 eum
2585 4081 2654 4138 de
2677 4097 2787 4152 quo
2825 4082 2878 4135 in
2917 4081 3002 4136 his
3031 4079 3270 4134 oraculis
3301 4076 3503 4132 mentio
3534 4074 3674 4128 facta

2096 4179 2284 4240 est,-et
2311 4173 2379 4228 de
2406 4189 2516 4244 quo
2544 4173 2634 4227 illa
2669 4174 2940 4243 praecipue
2996 4169 3478 4241 loquuntur,i’ateri
3503 4183 3671 4222 unum

2095 4281 2220 4321 esse
2255 4264 2595 4321 Salvatorem
2626 4280 2689 4319 ac
2714 4265 3002 4319 Dominum
3033 4271 3305 4326 nostrum,
3339 4262 3432 4333 qui
3465 4260 3594 4315 alibi
3623 4267 3679 4314 et

2103 4376 2121 4408 ‹
2152 4357 2241 4410 lux
2258 4357 2447 4412 mundi
2469 4363 2523 4412 et
2542 4357 2728 4410 lumen
2755 4357 2995 4427 gentium
3029 4374 3046 4407 ι
3086 4362 3334 4408 vocatur.
3371 4353 3490 4423 Ipse
3511 4351 3679 4422 igitur

2097 4449 2259 4505 etiam
2297 4449 2403 4504 hoc
2434 4449 2558 4503 loco
2596 4447 2760 4503 fuerit
2789 4448 2856 4502 de
2885 4463 2996 4518 quo
3022 4446 3284 4518 propheta
3331 4445 3593 4516 loquitur,
3625 4451 3680 4497 et

411 4537 697 4605 τοιγαροῦν
740 4537 823 4607 εἴη
870 4535 936 4590 ἂν
977 4535 1258 4590 κάνταῦθα
1284 4539 1312 4591 ὁ
1348 4539 1858 4610 προφητευὸμενος,
1899 4539 1990 4593 καὶ

2099 4555 2230 4596 sane
2265 4541 2470 4611 absque
2508 4539 2792 4596 mendacio
2837 4539 3085 4595 constitit
3137 4539 3479 4595 vaticinium.
3515 4536 3676 4590 Solus

415 4627 738 4698 συνέστηκεν
789 4626 1026 4699 ἀψευδὴς
1073 4631 1106 4699 ἡ
1154 4629 1480 4701 πρόρρησις.
1542 4631 1717 4694 Μόνος
1773 4630 1881 4702 γὰρ
1929 4632 1992 4683 ἐκ

412 4722 724 4793 σπέρματος
777 4721 940 4774 Δαϐὶδ
1003 4721 1308 4792 ὁμωνύμως
1363 4722 1443 4792 τῷ
1498 4723 1804 4796 προπάτορι
1851 4723 1993 4778 κατὰ

408 4813 676 4877 διάνοιαν,
720 4813 841 4866 ἐπεὶ
876 4814 1238 4884 ἑρμηνεύεται
1286 4832 1305 4866 ι
1335 4813 1556 4879 δυνατὸς
1589 4818 1766 4887 χειρὶ,
1802 4836 1820 4868 ι
1859 4834 1994 4888 χρη-

411 4905 650 4976 ματίσας
672 4945 685 4968 ,
725 4924 743 4956 ι
775 4909 948 4977 κρῖμα
995 4906 1087 4959 καὶ
1130 4889 1476 4978 δικαιοσύνην
1507 4927 1524 4959 ι
1565 4908 1655 4961 διὰ
1692 4909 1791 4980 τῆς
1824 4907 1989 4961 αὐτοῦ

406 4995 755 5058 διδασκαλίας
785 4999 897 5059 τοῖς
929 4998 1022 5050 ἐπὶ
1041 4999 1143 5068 γῆς
1173 4998 1375 5051 ἅπασιν
1407 4999 1639 5071 ἐκήρυξε
1658 5039 1672 5063 ,
1707 5001 1801 5052 καὶ
1831 4999 1990 5070 μόνος

407 5087 516 5142 τῶν
543 5086 763 5140 πώποτε
794 5088 893 5142 οὐκ
925 5089 1017 5142 ἐπὶ
1044 5091 1243 5162 μέρους
1272 5091 1584 5145 ἐϐασίλευσε
1614 5091 1713 5162 τῆς
1740 5091 1990 5162 οἰκουμέ-

407 5199 505 5252 νης
526 5221 541 5245 ,
570 5179 706 5240 ἀλλὰ
733 5181 825 5232 ἐπὶ
849 5182 1028 5233 πᾶσαν
1060 5181 1156 5253 τὴν
1188 5183 1311 5254 γῆν,
1337 5184 1431 5237 καὶ
1464 5184 1622 5253 μόνος
1651 5182 1888 5236 ἀνέτειλε
1911 5182 1992 5235 δι-

407 5273 701 5344 καιοσύνην
719 5314 734 5338 ,
771 5261 1079 5336 ἀκολούθως
1119 5275 1214 5328 καὶ
1238 5274 1316 5346 τῷ
1344 5277 1402 5328 ὲν
1428 5273 1626 5345 ψαλμῷ
1664 5274 1792 5341 περὶ
1825 5274 1988 5328 αὑτοῦ

405 5364 720 5442 λεγομένῳ·
774 5384 794 5416 ι
835 5365 1110 5418 Ἀνατελεῖ
1142 5368 1200 5418 ἐν
1251 5369 1374 5430 ταῖς
1421 5367 1657 5438 ἡμέραις
1701 5365 1866 5420 αὑτοῦ
1907 5366 1987 5420 δι-

405 5457 687 5528 καιοσύνη,
729 5458 824 5512 καὶ
871 5457 1072 5528 πλῆθος
1109 5460 1352 5529 εἰρήνης.
1403 5479 1423 5509 ι
1473 5458 1674 5523 Ἰούδας
1719 5458 1776 5512 δὲ
1821 5459 1989 5530 σωθη-

407 5551 630 5621 σόμενος
661 5553 757 5605 καὶ
810 5549 1027 5623 Ἰσραὴλ
1058 5553 1116 5605 ὲν
1147 5553 1266 5615 ταῖς
1295 5552 1530 5624 ἡμέραις
1577 5549 1740 5606 αὑτοῦ
1786 5551 1988 5615 πάντες

405 5643 539 5694 εἰσὶν
568 5644 618 5697 οί
658 5645 726 5714 τῇ
758 5642 825 5696 δι’
860 5642 1028 5696 αὑτοῦ
1071 5641 1352 5714 θεοσεϐείᾳ
1391 5642 1855 5714 προσεληλυθότες
1891 5643 1986 5697 τοῦ

481 5819 524 5849 ⁸³
562 5816 672 5875 Jer.
711 5835 851 5886 xxx,
887 5820 939 5883 8,
969 5822 1002 5876 9

1077 5822 1119 5858 ⁸³
1161 5819 1388 5876 Malacli.
1423 5835 1510 5884 iv,
1548 5819 1602 5875 2.
1686 5820 1726 5852 ⁸⁵
1767 5819 1994 5876 lac-bar.
2031 5835 2120 5883 vi,
2158 5817 2241 5873 12.
2323 5817 2365 5848 ³⁵
2393 5814 2621 5871 Zachar.
2658 5829 2752 5878 ιιι,
2790 5813 2843 5868 8.

2099 4633 2242 4687 enim
2301 4633 2370 4688 de
2423 4633 2632 4688 semine
2677 4631 2846 4687 David
2899 4632 2994 4702 qui
3054 4632 3244 4688 eodem
3298 4633 3518 4685 nomine
3546 4642 3673 4683 cum

2099 4724 2284 4795 prisco
2323 4739 2425 4779 suo
2464 4733 2690 4794 parente
2722 4725 2789 4779 ad
2842 4739 3066 4780 sensum
3113 4722 3184 4778 sit
3211 4722 3418 4784 dictus,
3457 4719 3679 4790 quando

2100 4833 2167 4872 ex
2208 4817 2656 4886 interpretatione
2699 4817 2789 4872 ille
2816 4823 2902 4872 est
2945 4831 3110 4870 manu
3150 4823 3365 4884 potens,
3404 4810 3673 4881 judicium

2099 4917 2154 4964 et
2182 4909 2450 4978 justitiam
2505 4924 2602 4979 per
2645 4925 2800 4964 suam
2846 4909 3019 4979 ipsius
3065 4905 3370 4961 doctrinam
3419 4899 3680 4957 omnibus

2099 5002 2192 5072 qui
2239 5008 2423 5056 essent
2453 5002 2507 5055 in
2543 5009 2688 5058 terra
2719 5001 3022 5063 nuntiavit,
3055 5007 3109 5054 et
3134 4997 3284 5054 solus
3315 4993 3561 5049 omnium
3585 5007 3682 5048 eo—

2097 5110 2221 5151 rum
2269 5097 2361 5166 qui
2398 5111 2638 5166 unquam
2673 5094 2874 5150 fuerint
2901 5108 3012 5147 non
3050 5092 3104 5145 in
3129 5098 3284 5160 parte
3311 5087 3493 5156 aliqua
3525 5083 3680 5140 orbis

2097 5191 2367 5262 regnavit,
2402 5190 2496 5245 sed
2536 5189 2590 5244 in
2637 5190 2785 5244 omni
2842 5201 3072 5259 prorsus
3109 5195 3279 5247 terra,
3332 5188 3386 5236 et
3433 5179 3586 5235 solus
3619 5189 3678 5231 ut

2097 5281 2404 5361 exoriretur
2440 5281 2655 5350 justitia
2689 5289 2882 5333 auctor
2927 5276 3030 5330 fuit
3063 5317 3078 5339 ,
3117 5267 3678 5361 quemadmodum-de

2097 5370 2218 5439 ipso
2247 5354 2304 5422 in
2331 5368 2544 5438 psalmo
2573 5367 2782 5420 dictum
2810 5371 2915 5426 est,
2947 5381 2966 5414 ι
2998 5362 3208 5416 orietur
3235 5361 3292 5414 in
3325 5356 3521 5412 diebus
3553 5354 3677 5422 ejus

2091 5460 2303 5530 justitia
2326 5466 2381 5515 et
2403 5458 2738 5514 abundantia
2762 5457 2915 5528 pacis
2941 5457 3008 5512 ".
3047 5475 3066 5506 ι
3101 5451 3272 5508 Iudas
3299 5458 3482 5506 autem
3510 5459 3676 5517 atque

2094 5552 2413 5622 lsrael,’qui
2458 5552 2514 5606 in
2539 5550 2734 5605 diebus
2763 5548 2910 5603 illius
2968 5546 3223 5602 servandi
3280 5550 3430 5606 sunt,
3481 5555 3674 5596 omnes

2096 5651 2224 5699 sunt
2257 5643 2348 5713 qui
2384 5643 2532 5698 illius
2567 5641 2822 5711 pietatem
2861 5653 2925 5693 ac
2964 5637 3172 5693 cultum
3220 5653 3288 5693 ex
3314 5633 3545 5692 Iudaico
3576 5645 3672 5704 poo-

2923 5813 2962 5845 ετ
3003 5810 3148 5870 Psal.
3184 5827 3346 5875 Lxxi,
3385 5812 3438 5866 7.
