4098 6438
445 349 552 405 565

1119 344 1387 402 EUSEBII
1428 342 1905 400 CzESAltlENSIS
1944 342 2094 399 OPP.
2139 341 2318 397 PARS
2357 340 3015 399 ll.-APOLOGETICA.

3590 353 3700 409 εισι

446 473 578 544 pulo
631 473 961 542 acceperint,
1014 470 1250 541 apostoli
1297 468 1543 540 ejusdem
1579 478 1631 525 et
1674 469 1924 539 discipuli
1963 477 2004 525 el

2120 472 2184 523 ἐκ
2214 469 2514 541 περιτομῆς
2539 468 2692 531 λαοῦ,
2717 466 3002 521 ἀπόστολοί
3026 484 3086 521 τε
3113 467 3280 522 αὐτοῦ
3305 468 3401 523 καὶ
3433 470 3698 542 μαθηταὶ,

444 565 812 634 evangelista,
863 569 956 616 aut
988 563 1151 615 etiam
1204 575 1396 616 omnes
1419 561 1512 631 qui
1587 562 1641 616 in
1676 565 1894 616 occulto
1919 561 2018 617 Ju-

444 654 644 716 daeum,
668 666 966 722 verumque
992 649 1159 706 Israel
1188 660 1533 716 conservent,
1560 668 1683 707 eum
1710 654 1896 723 utique
1924 654 2017 723 qui

444 745 745 801 secundum
800 744 1121 799 sententiam
1181 742 1349 798 Deum
1401 742 1604 799 videat.
1642 763 1661 795 ι
1708 743 1826 799 Non
1873 746 2017 799 enim

440 838 535 908 qui
570 837 623 891 in
656 847 844 906 aperto
877 834 1100 890 Judteus
1137 845 1241 898 cst,
1284 836 1461 906 inquit
1498 837 1814 908 Apostolus,
1842 853 2019 908 neque

444 941 564 999 quae
594 927 649 980 in
683 934 873 991 aperto
907 927 962 980 in
994 941 1161 981 carne
1189 933 1276 980 est
1306 926 1677 991 circumcisio,
1716 929 1810 983 sed
1840 930 1930 998 qui
1962 929 2016 982 in

440 1020 658 1075 occulto
677 1017 918 1078 Iudaeus.
946 1027 1003 1073 et
1031 1018 1381 1074 circumcisio
1406 1019 1588 1075 cordis
1610 1018 1665 1074 in
1684 1021 2014 1089 spiritumon

439 1111 494 1165 in
521 1112 720 1176 littera,
754 1112 911 1181 cujus
938 1110 1058 1166 laus
1087 1126 1195 1164 non
1213 1126 1277 1165 ex
1311 1110 1649 1174 hominibus,
1686 1113 1780 1166 sed
1808 1127 1871 1166 ex
1909 1113 2017 1166 Deo

437 1211 522 1259 est
545 1203 609 1265 “,
654 1223 673 1256 ι
706 1202 1016 1281 Ilosigitur
1043 1218 1108 1258 ex
1130 1201 1333 1257 Christi
1378 1203 1663 1258 vocatione
1691 1201 1937 1257 Jndreum
1957 1204 2011 1257 in

436 1295 654 1347 occulto
684 1303 734 1348 et
767 1308 953 1347 verum
975 1293 1141 1348 Israel
1171 1293 1471 1349 referentes
1500 1294 1610 1347 alio
1642 1294 1864 1349 nomine
1891 1310 2015 1350 esse

436 1385 715 1440 vocandos
737 1384 893 1447 dicit,
926 1399 1037 1439 non
1079 1384 1267 1455 utique
1308 1383 1526 1441 Iudaeos
1556 1393 1649 1439 aut
1694 1385 1881 1449 Israel,
1917 1386 2013 1441 sed

436 1491 579 1531 novo
625 1477 861 1547 quodam
903 1488 1102 1547 praeter
1158 1478 1293 1532 haec.
1334 1475 1499 1547 359
1536 1474 1649 1530 Hoc
1693 1476 1874 1535 enim.
1929 1478 2015 1532 in-

434 1568 575 1638 quit.
608 1583 826 1633 nomen,
870 1583 981 1639 quo
1008 1567 1225 1623 vocabit
1254 1583 1349 1623 eos
1388 1565 1657 1623 Dominus
1682 1566 2009 1632 Josedecim,

434 1659 579 1728 quod
632 1675 699 1714 ex
736 1659 1184 1730 interpretatione
1235 1667 1320 1713 est
1352 1697 1367 1721 ,
1415 1658 1507 1727 qui
1544 1657 1682 1726 justi
1722 1669 1845 1711 sunt
1891 1657 2008 1714 Dei.

431 1750 733 1806 Considera
781 1760 967 1807 autem
1027 1767 1158 1811 num
1216 1750 1444 1806 forsitan
1495 1765 1526 1804 a
1579 1749 1748 1807 Josue
1809 1752 2009 1807 factum

2121 562 2216 615 καὶ
2249 560 2650 630 εύαγγελισταὶ,
2684 559 2717 630 ἢ
2749 560 2843 614 καὶ
2883 559 3082 624 πάντες
3128 561 3178 614 οι
3227 560 3321 613 τὸν
3374 563 3432 615 ὲν
3471 562 3704 636 κρυπτῷ

2134 653 2382 706 Ἰουδαῖον
2409 653 2504 706 καὶ
2534 652 2626 705 τὸν
2647 650 2899 720 ἀληθινὸν
2929 651 3145 724 Ἰσραὴλ
3175 651 3266 704 τὸν
3291 654 3434 708 κατὰ
3459 655 3704 712 διάνοιαν

2119 748 2328 819 ὁρῶντα
2374 746 2506 799 Θεὸν
2548 743 2941 808 ἀποσώζοντες.
2982 764 3002 796 ι
3031 745 3106 798 Οὐ
3144 744 3253 815 γὰρ
3295 749 3325 800 ό
3370 749 3429 800 ὲν
3481 745 3698 819 φανερῷ

2130 838 2378 901 Ἰουδαῖός
2409 840 2524 891 ἐστι
2543 876 2557 900 ,
2591 854 2609 888 ι
2641 837 2803 906 φησιν
2828 838 2857 890 ὁ
2892 836 3243 899 ’Δπόστολος,
3277 856 3295 888 ι
3323 838 3444 891 οὐδὲ
3469 837 3501 904 ἡ
3530 841 3588 891 ὲν
3620 843 3701 911 τῷ

2119 928 2336 1001 φανερῷ
2365 932 2423 982 ὲν
2459 928 2621 999 σαρκὶ
2670 928 2980 999 περιτομὴ,
3026 928 3142 982 ἀλλ’
3174 931 3204 982 ό
3252 931 3311 984 ὲν
3346 930 3427 1000 τῷ
3469 930 3699 1003 κρυπτῷ

2130 1022 2415 1085 Ἰουδαῖος,
2456 1020 2552 1073 καὶ
2600 1020 2870 1092 περιτομὴ
2903 1019 3132 1091 καρδίας
3173 1021 3234 1072 ὲν
3281 1022 3579 1093 πνεύματι,
3632 1025 3698 1079 οὐ

2117 1114 2443 1187 γράμματι,
2479 1107 2540 1167 οῦ
2572 1113 2601 1165 ὀ
2624 1112 2846 1175 ἔπαινος
2883 1113 2984 1165 οὐκ
3011 1109 3071 1177 ἐξ
3095 1112 3428 1183 ἀνθρώπων,
3461 1115 3598 1170 ἀλλὰ
3630 1119 3698 1172 ὲκ

2116 1204 2209 1259 τοῦ
2245 1203 2400 1257 Θεοῦ.
2438 1222 2456 1255 ι
2498 1203 2733 1267 Τούτους
2765 1200 2857 1257 οὖν
2884 1203 2970 1256 διὰ
2998 1204 3099 1273 τῆς
3141 1203 3232 1257 τοῦ
3274 1207 3510 1277 Χριστοῦ
3561 1208 3696 1279 κλή-

2118 1311 2253 1358 σεως
2280 1294 2370 1347 τὸν
2392 1296 2449 1347 ὲν
2472 1294 2697 1367 κρυπτῷ
2731 1294 2982 1347 Ἰουδαῖον
3009 1295 3103 1347 καὶ
3125 1292 3215 1347 τὸν
3238 1295 3452 1365 άληθῶς
3476 1297 3692 1368 Ἰσραὴλ

2116 1388 2376 1459 φέροντας
2419 1387 2589 1459 ἑτέρῳ
2618 1388 2750 1459 φησὶ
2794 1387 3160 1459 κληθήσεσθαι
3189 1374 3415 1459 ὀνόματι
3440 1431 3454 1456 ,
3486 1393 3604 1462 οὐχὶ
3633 1391 3693 1445 δὲ

2113 1477 2192 1548 τῷ
2222 1476 2317 1529 τοῦ
2348 1477 2629 1543 Ἰουδαίου,
2672 1477 2793 1531 οὐδὲ
2825 1477 2905 1548 τῷ
2936 1478 3029 1532 τοῦ
3083 1479 3299 1552 Ἰσραὴλ
3318 1520 3332 1544 ,
3376 1481 3512 1535 ἀλλὰ
3556 1481 3694 1556 ξένῳ

2112 1568 2220 1621 τινὶ
2250 1567 2403 1641 παρὰ
2442 1568 2635 1623 ταῦτα.
2664 1568 2836 1623 Τοῦτο
2869 1570 2975 1641 γάρ
3002 1586 3137 1641 φησι
3162 1569 3223 1622 τὸ
3251 1570 3440 1640 ὄνομα,
3472 1571 3501 1624 ὃ
3526 1572 3691 1626 καλέ-

2114 1678 2197 1714 σει
2232 1660 2429 1724 αὐτοὺς
2466 1659 2671 1732 Κύριος
2709 1661 3088 1733 Ἰωσεδεκεὶμ,
3125 1662 3260 1734 ὅπερ
3289 1662 3642 1733 ἑρμηνεύεται
3668 1706 3686 1731 ,

2114 1756 2168 1807 οἱ
2193 1753 2299 1807 τοῦ
2322 1753 2470 1807 Θεοῦ
2496 1752 2710 1809 discam.
2767 1754 3064 1825 Ἐφίστημι
3091 1754 3148 1807 δὲ
3183 1755 3256 1825 μή
3292 1771 3421 1807 ποτε
3454 1773 3686 1826 πεποιη-

433 1842 505 1896 sit
554 1854 775 1905 nomen,
813 1849 867 1896 et
887 1840 1191 1896 Josedecim
1238 1841 1490 1912 discipuli
1511 1840 1639 1898 Jesu
1670 1844 2004 1914 appellentur

2115 1843 2277 1915 μένον
2316 1844 2436 1897 ἐστὶ
2471 1843 2708 1915 τοῦνομα
2736 1843 2842 1897 ἀπὸ
2869 1843 2961 1897 τοῦ
2998 1844 3194 1897 Ἰοσουὲ
3244 1843 3615 1915 Ἰωσεδεκεὶμ,
3658 1845 3686 1898 ζ

431 1932 573 2003 apud
598 1931 788 1996 Deum,
802 1931 895 2001 qui
912 1932 1055 2001 apud
1072 1932 1319 1989 homines
1336 1933 1553 2003 quidem
1567 1933 1756 1991 Graeco
1772 1936 2008 2006 quodam

430 2039 584 2079 more
615 2039 645 2077 a
669 2022 889 2078 Christo
917 2022 1360 2088 denominentur,
1386 2024 1655 2082 Hebraica
1689 2037 1868 2084 autem
1907 2028 2011 2082 lin-

431 2132 537 2185 gua
565 2124 674 2170 tam
705 2115 848 2185 apud
881 2116 1029 2185 ipsos
1055 2132 1219 2186 quam
1257 2118 1403 2188 apud
1440 2119 1759 2190 prophetas,
1792 2121 1863 2176 ab
1892 2120 2010 2192 ipso

428 2204 557 2261 Iesu
592 2213 849 2276 tanquam
885 2222 983 2277 per
1030 2207 1181 2262 illum
1213 2210 1410 2265 servati
1435 2208 1760 2266 Josedecitn.
1792 2210 1871 2265 Ex
1899 2228 2009 2281 quo

429 2297 562 2353 illud
590 2297 794 2352 dictum
825 2308 929 2365 est,
970 2316 989 2351 σ
1030 2309 1085 2355 et
1115 2300 1220 2355 hoe
1253 2316 1450 2357 nomen
1481 2317 1591 2373 quo
1647 2303 1867 2358 vocabit
1910 2319 2007 2360 eos

428 2388 691 2444 Dominus
736 2387 1040 2446 Josedccim
1094 2392 1241 2448 inter
1289 2394 1602 2466 prophetas.
1643 2414 1662 2448 ι
1726 2393 1862 2449 Nam
1912 2398 2004 2466 qui

426 2481 550 2549 ejus
578 2481 649 2537 de
676 2496 786 2552 quo
816 2482 1100 2553 prophetia
1136 2485 1398 2556 loquitur,
1429 2486 1625 2557 inquit,
1657 2486 1891 2557 populus
1922 2486 2009 2541 fu-

426 2581 590 2628 turus
610 2581 716 2640 est,
748 2589 872 2627 cum
903 2575 969 2629 ad
1005 2591 1228 2631 sensum
1252 2585 1509 2646 acceptus
1533 2576 1703 2632 Judas
1737 2578 1809 2633 sit
1838 2585 2005 2649 atque

422 2663 615 2728 Israel,
643 2665 713 2720 ab
733 2663 902 2722 Iosue
925 2667 1300 2724 nominabitur
1319 2666 1650 2732 Josedecim,
1681 2678 1846 2740 atque
1878 2670 2001 2735 hac,

423 2759 625 2826 inquit,
660 2758 1024 2829 appellatione
1049 2761 1394 2815 vocabuntur
1423 2776 1530 2815 non
1556 2761 1700 2831 apud
1728 2761 2001 2826 homines,

425 2849 522 2905 sed
565 2851 708 2920 apud
741 2847 909 2906 Deum
934 2890 947 2913 ,
979 2857 1035 2906 et
1077 2850 1219 2920 apud
1262 2850 1552 2921 prophetas
1599 2851 1738 2921 ejus.
1771 2850 2005 2907 Attende

422 2943 569 2996 cnim
621 2942 912 3012 diligenter
941 2942 1120 3011 ipsum
1168 2943 1476 3005 oraculum,
1533 2942 1663 2997 dum
1706 2944 1783 2997 ait
1819 2961 1833 2997 :
1874 2960 1893 2993 ‹
1949 2950 2003 2998 et

422 3031 529 3086 hoc
571 3046 796 3096 nomen,
831 3045 940 3102 quo
982 3032 1203 3087 vocabit
1246 3047 1341 3087 eos
1379 3030 1663 3098 Dominus,
1693 3031 1999 3089 Josedecim

423 3124 569 3178 inter
590 3123 909 3194 prophetas,
950 3142 970 3177 ι
1005 3124 1150 3195 quod
1174 3139 1394 3187 nomen.
1421 3132 1480 3179 ut
1508 3125 1640 3185 dixi.
1670 3126 1725 3181 in
1751 3134 1997 3181 nostram

421 3215 663 3285 linguam
695 3229 1017 3271 conversum
1060 3215 1242 3285 justos
1275 3214 1369 3271 Dei
1401 3216 1690 3287 signiﬁcat.
1724 3217 1860 3271 Cum
1902 3232 1999 3271 au-
2026 3198 2071 3256 Ο

425 3313 535 3361 tem
568 3305 623 3359 hi
655 3305 737 3362 sic
766 3307 1017 3362 servandi
1049 3308 1180 3373 sint,
1222 3309 1504 3379 antiquum
1550 3317 1605 3365 et
1649 3326 1813 3381 grave
1856 3325 2001 3366 acer-

420 3396 778 3453 bissimorum
821 3398 1127 3455 daemonum
1174 3417 1233 3456 se
1280 3402 1642 3457 contriturum
1687 3403 1914 3473 jugum,
1946 3412 2001 3459 et

423 3490 627 3560 quibus
657 3499 816 3546 antea
863 3492 1188 3548 tenebantur
1220 3493 1511 3564 impietatis
1552 3495 1809 3560 vinculis,
1837 3512 1900 3551 ea
1940 3512 1999 3552 se

426 3582 827 3653 perfractum
884 3585 1176 3655 pollicetur
1220 3585 1381 3642 Dens.
1413 3586 1682 3653 Quocirca
1732 3604 1842 3643 non
1884 3604 1999 3643 am-

426 3676 568 3745 plius
598 3676 791 3733 alienis
840 3678 1161 3741 inservient,
1200 3680 1297 3735 sed
1330 3681 1421 3736 uni
1460 3681 1561 3751 ipsi
1605 3680 1843 3736 fructum
1873 3697 2000 3752 επις

424 3769 696 3825 tissimmn
728 3768 978 3826 atl‘erent.
1010 3769 1128 3826 Huc
1161 3774 1299 3829 adde
1336 3777 1467 3831 illud
1499 3779 1643 3849 quod
1668 3780 1722 3833 in
1759 3775 2001 3830 secundo

421 3861 631 3928 psalmo
650 3859 721 3917 de
738 3861 976 3917 adventu
995 3862 1623 3938 Christi,vocationeque
1643 3870 1885 3940 gentium
1915 3867 1998 3922 di—

420 3952 496 4006 cit
522 3954 808 4008 oraculum
846 3972 865 4009 :
909 3972 931 4005 ι
984 3953 1373 4024 Diruzrpamus
1416 3957 1636 4014 vincula
1686 3975 1899 4023 eorum,
1944 3965 2000 4014 et

417 4044 775 4114 projiciamus
825 4059 858 4099 a
891 4046 1053 4101 nobis
1079 4045 1272 4117 jugum
1316 4046 1559 4117 ipsorum
1602 4050 1676 4106 ης
1720 4058 1744 4095 ι
1771 4048 1860 4104 cui
1910 4064 2000 4103 co.

417 4145 645 4206 gnatum
670 4144 725 4191 et
756 4136 937 4193 simile
960 4152 1086 4193 esse
1119 4137 1359 4192 arbitror
1385 4141 1530 4207 quod
1560 4153 1708 4193 nunc
1734 4142 1788 4193 in
1820 4141 1998 4197 mani-

418 4228 523 4282 bus
563 4235 669 4290 est,
693 4227 885 4283 dicens
916 4244 930 4279 :
972 4245 991 4278 ι
1027 4228 1088 4283 In
1120 4228 1209 4283 die
1236 4228 1351 4292 illa,
1386 4228 1523 4283 dixit
1547 4227 1833 4298 Dominus,
1864 4247 1999 4286 con-

417 4325 590 4371 teram
601 4316 792 4386 jugum
813 4316 881 4373 de
896 4319 1038 4373 collo
1067 4333 1280 4382 eorum,
1307 4327 1362 4373 et
1388 4318 1602 4374 vincula
1643 4333 1833 4376 eorum
1863 4336 1996 4377 cou-

417 4408 674 4478 fringam,
698 4424 875 4480 neque
893 4411 1263 4479 operabnntur
1280 4412 1515 4481 amplius
1534 4412 1639 4468 diis
1659 4413 1875 4476 alienis,
1900 4414 1997 4469 sed

2114 1935 2264 2006 παρὰ
2286 1936 2364 2007 τῷ
2389 1935 2506 2008 Θεῷ
2532 1937 2582 1990 οί
2610 1935 2704 1990 τοῦ
2739 1934 2915 2006 Ἰησοῦ
2947 1935 3188 2008 μαθηταὶ
3215 1936 3531 2006 κέκληνται,
3556 1937 3687 2007 παρ’

2109 2026 2418 2098 ἀνθρώποις
2442 2030 2547 2100 μὴν
2575 2027 2997 2100 ἑλληνικώτερον
3025 2027 3559 2100 προσαγορευόμενοι
3583 2028 3690 2081 ἀπὸ

2108 2117 2208 2188 τῆς
2236 2117 2329 2170 τοῦ
2353 2118 2592 2189 Χριστοῦ
2617 2118 2995 2191 παρωνυμίας,
3026 2117 3169 2171 κατὰ
3198 2118 3256 2170 δὲ
3285 2118 3387 2189 τὴν
3422 2117 3689 2188 Ἐϐραίων

2110 2209 2293 2281 φωνὴν
2318 2210 2412 2263 καὶ
2430 2209 2581 2283 παρὰ
2610 2210 2793 2274 αὐτοῖς
2817 2213 2928 2273 τοῖς
2953 2210 3258 2282 προφήταις
3273 2250 3295 2274 τ
3313 2209 3423 2262 ἀπὸ
3451 2209 3544 2262 τοῦ
3580 2210 3682 2279 Ἰη-

2110 2301 2225 2365 σοῦ,
2257 2301 2333 2366 ὡς
2363 2302 2429 2356 ἂν
2471 2302 2539 2355 δι’
2580 2300 2745 2357 αὑτοῦ
2786 2302 3139 2372 σεσωσμένοι,
3203 2301 3563 2371 Ἰωσεδεκείμ.
3593 2300 3675 2353 Διὸ

2107 2391 2383 2458 λέλεκται,
2422 2395 2544 2447 «καὶ
2570 2394 2728 2448 τοῦτο
2759 2394 2818 2448 τὸ
2849 2393 3019 2466 ὄνομα
3051 2394 3080 2447 δ
3106 2393 3325 2448 καλέσει
3351 2394 3548 2457 αὐτοὺς
3576 2392 3683 2445 Κύ-

2108 2502 2243 2557 ριος,
2279 2486 2619 2558 Ἰωσεδεκεὶμ
2652 2489 2710 2541 ὲν
2733 2491 2845 2551 τοῖς
2876 2487 3316 2560 προφήταις.ι’0
3346 2487 3410 2558 δὴ
3442 2484 3535 2541 οὖν
3562 2486 3689 2557 μέλη

2106 2578 2233 2645 λων,
2273 2582 2427 2652 φησὶ,
2462 2581 2549 2634 διὰ
2565 2580 2660 2634 τοῦ
2693 2582 3172 2652 προφητευομένου
3210 2580 3359 2645 λαὸς,
3392 2581 3534 2635 κατὰ
3571 2581 3689 2634 διά·-

2106 2688 2254 2726 νοιαν
2289 2672 2487 2738 Ἰούδας
2521 2674 2672 2737 ὅντες
2700 2675 2793 2728 καὶ
2825 2674 3039 2747 Ἰσραὴλ
3060 2715 3075 2738 ,
3097 2674 3552 2746 ὀνομασθήσονται
3576 2672 3687 2726 ἀπὸ

2104 2763 2198 2817 τοῦ
2238 2762 2434 2816 Ἰοσουὲ
2476 2761 2836 2833 Ίωσεδεκεὶμ,
2863 2766 2958 2818 καὶ
2982 2763 3156 2834 τούτῳ
3183 2763 3246 2832 γέ
3273 2778 3403 2833 φησι
3422 2804 3437 2827 ,
3470 2760 3680 2832 κληθή-

2107 2870 2288 2907 σονται
2312 2852 2391 2922 τῷ
2414 2853 2764 2923 προσρήματι
2789 2853 2849 2905 ού
2881 2854 3012 2925 παρ’
3034 2852 3354 2925 ἀνθρώποις,
3378 2850 3513 2904 ἀλλὰ
3545 2852 3675 2921 παρ’

2105 2944 2253 3017 αὐτῷ
2285 2944 2363 3016 τῷ
2383 2945 2522 3016 Θεῷ,
2546 2946 2641 2999 καὶ¹
2666 2944 2819 3017 παρὰ
2850 2947 2961 3008 τοῖς
2995 2946 3297 3016 προφήταις
3325 2940 3507 2995 αὐτοῦ⁴
3524 2942 3677 2992 Ἐπι-

2108 3038 2286 3109 μελῶς
2318 3038 2427 3111 γὰρ
2460 3038 2699 3110 πρόσχες
2735 3036 2814 3108 τῷ
2844 3036 2987 3107 λόγῳ
3023 3037 3255 3108 φήσαντι
3275 3075 3289 3098 ,
3340 3053 3359 3085 ι
3390 3034 3483 3088 καὶ
3522 3035 3679 3085 τοῦτο

2102 3131 2162 3184 τὸ
2187 3132 2385 3202 ὄνομα.
2420 3131 2449 3184 ὃ
2481 3130 2697 3185 καλεσει
2727 3130 2921 3193 αὐτοὺς
2960 3129 3189 3201 Κύριος,
3243 3126 3579 3196 Ἰωσεδεκεὶμ
3622 3127 3684 3179 ἐν

2102 3226 2215 3289 τοῖς
2272 3226 2596 3296 προφήταις.
2630 3242 2648 3275 ι
2698 3222 3185 3295 Μεταλαμϐάνεται
3238 3220 3322 3285 δὲ,
3384 3221 3461 3282 ὡς
3513 3218 3685 3288 ἔφην,

2102 3313 2337 3385 τοῦνομα
2361 3316 2440 3378 εἰς
2466 3315 2564 3385 τὴν
2581 3315 2844 3385 Ἐλλήνων
2865 3312 3067 3383 φωνὴν,
3090 3312 3140 3364 οξ
3170 3309 3261 3364 τοῦ
3295 3308 3429 3362 Θεοῦ
3460 3307 3681 3361 δίκαιοι·

2102 3407 2306 3460 τούτων
2330 3406 2386 3460 δὲ
2414 3406 2586 3471 οὕτως
2619 3406 3013 3478 σωθησομένων
3033 3446 3049 3471 ,
3076 3405 3167 3458 τὸν
3198 3403 3423 3457 παλαιὸν
3458 3402 3550 3455 καὶ
3585 3400 3683 3470 βα-

2106 3500 2201 3571 ρὺν
2228 3498 2338 3552 τῶν
2373 3498 2589 3571 πικρῶν
2615 3498 2889 3569 δαιμόνων
2911 3496 3072 3565 ζυγὸν
3102 3495 3411 3566 συντρίψειν
3433 3494 3528 3548 καὶ
3555 3494 3686 3555 τοὺς

2100 3586 2183 3654 οἷς
2232 3591 2293 3644 τὸ
2337 3592 2467 3663 πρὶν
2513 3591 2849 3662 συνείχοντο,
2895 3589 3127 3661 δεσμοὺς
3158 3588 3268 3642 τῶν
3320 3586 3682 3658 ἀσεϐημάτων

2100 3680 2411 3753 δισρρήξειν
2460 3683 2491 3734 ό
2527 3680 2660 3745 Θεὸς
2705 3679 3130 3749 ἐπαγγέλλεται,
3177 3678 3253 3741 ὡς
3294 3676 3492 3748 μηκέτι
3539 3675 3680 3737 θεοῖς

2101 3774 2402 3846 ἀλλοτρίοις
2431 3772 2701 3828 δουλεύειν
2744 3773 2974 3837 αὐτοὺς,
3022 3771 3166 3843 μόνῳ
3204 3770 3261 3823 δὲ
3291 3767 3440 3838 αὐτῷ
3472 3783 3682 3838 καρπο-

2102 3869 2289 3939 φορεῖν
2320 3866 2684 3937 ἀρεσκόντως.
2724 3864 2979 3936 Παράθες
3023 3862 3080 3916 δὲ
3112 3861 3322 3925 τούτοις
3364 3859 3422 3913 τὸ
3460 3861 3517 3912 ὲν
3558 3862 3681 3912 δευ-

2099 3957 2249 4028 τέρῳ.
2281 3955 2481 4027 ψαλμῷ
2516 3956 2610 4008 ἐπὶ
2635 3957 2711 4025 τῇ,
2732 3953 2827 4007 τοῦ
2857 3951 3093 4025 Χριστοῦ
3135 3950 3440 4022 παρουσίᾳ,
3484 3948 3580 4003 καὶ
3611 3950 3677 4019 τῇ

2098 4048 2207 4102 τῶν
2261 4048 2429 4103 ἐθνῶν
2476 4048 2667 4119 κλήσει
2712 4045 2920 4116 φάσκον
2978 4045 3191 4114 λόγιον,
3241 4063 3260 4096 ι
3286 4040 3676 4114 Διαρρήξωμεν

2096 4141 2225 4204 τοὺς
2248 4140 2479 4212 δεσμοὺς
2510 4139 2712 4205 αὐτῶν,
2740 4139 2836 4192 καὶ
2861 4136 3254 4210 ἀπορρίψωμεν
3283 4135 3374 4203 ἀφ’
3404 4133 3560 4205 ήμῶν
3584 4132 3676 4185 τὸν

2098 4231 2262 4302 ζυγὸν
2300 4231 2508 4297 αὐτῶν,
2541 4250 2561 4283 ι
2605 4224 2651 4299 ᾧ
2682 4230 2966 4300 συγγενὲς,
3013 4227 3274 4300 ἠγοῦμαι,
3323 4224 3578 4294 τυγχάνει
3615 4223 3677 4276 τὸ

2102 4324 2240 4396 μετὰ
2281 4327 2470 4397 χεῖρας
2512 4323 2671 4392 λέγον
2695 4341 2709 4355 ο
2765 4342 2784 4373 ι
2828 4323 2914 4375 Ἐν
2940 4324 3011 4393 τῇ
3051 4320 3238 4391 ἡμέρα
3283 4316 3493 4389 ἐκείνῃ,
3551 4313 3675 4370 εἷπε

2097 4417 2301 4489 Κύριος
2320 4457 2333 4480 ,
2367 4415 2641 4488 συντρίψω
2686 4413 2849 4484 ζυγὸν
2893 4413 3001 4467 ἀπὸ
3028 4412 3297 4485 τραχήλου
3329 4410 3508 4463 αὐτῶν
3533 4451 3549 4475 ,
3582 4411 3685 4464 καὶ

416 4501 792 4571 operabuntur
820 4502 1050 4559 Domino
1077 4503 1190 4559 Deo
1216 4520 1340 4560 suo.
1381 4525 1401 4559 ι
1438 4504 1730 4573 Caeterum,
1755 4506 1902 4576 quod
1925 4507 1994 4562 de

2106 4510 2223 4573 τοὺς
2250 4509 2482 4579 δεσμοὺς
2509 4506 2686 4561 αὐτῶν
2713 4505 2989 4580 διαρῤήξω
3006 4545 3022 4569 ,
3051 4507 3145 4559 καὶ
3178 4506 3277 4559 οὐκ
3299 4504 3565 4575 ὲργῶνται
3595 4504 3680 4557 ἔτι

416 4594 598 4649 fructu
621 4594 841 4666 quidem
868 4598 1077 4652 ventris
1106 4595 1298 4662 David,
1330 4596 1470 4654 etde
1504 4598 1713 4653 semine
1743 4595 1994 4653 Salomo-

412 4688 524 4752 nis,
564 4688 745 4758 deque
789 4688 975 4744 radice
1009 4687 1166 4746 Jesse
1203 4687 1460 4748 Christus
1497 4689 1590 4746 Dei
1634 4691 1880 4746 oriturus
1921 4693 1996 4749 sit

413 4786 619 4851 dictus,
641 4785 791 4856 quod
812 4785 977 4841 etiam
1009 4785 1189 4857 ipsum
1225 4785 1425 4841 factum
1470 4794 1574 4850 est,
1618 4786 1840 4857 quando
1867 4802 1992 4841 cum

413 4879 916 4935 innumerabilibus
946 4879 1069 4935 aliis
1108 4879 1588 4950 appellationibus.
1620 4879 1787 4934 etiam
1826 4878 1995 4934 David

410 4971 591 5040 ipsum
627 4970 816 5025 divina
850 4981 1050 5028 vocant
1078 4972 1323 5035 oracula,
1355 4972 1491 5027 satis
1524 4970 1741 5026 abunde
1788 4972 1993 5041 proba-

409 5064 588 5118 verint
617 5079 702 5127 ea,
736 5079 858 5134 qum
880 5064 993 5134 jam
1027 5063 1171 5118 dicta
1204 5068 1353 5119 sunt.
1384 5061 1541 5128 Quod
1571 5077 1708 5117 vero
1728 5063 1893 5117 etiam
1926 5062 1994 5118 de

408 5156 556 5210 tribu
579 5153 719 5209 Juda
754 5155 974 5211 dicatur
1008 5156 1352 5226 proditurus,
1390 5169 1459 5209 ne
1477 5153 1831 5223 quaerendum
1862 5154 1990 5223 qui-

410 5249 532 5300 dom
584 5246 772 5313 fuerit,
807 5263 932 5303 cum
961 5263 1027 5302 ex
1059 5249 1164 5302 alia
1197 5247 1347 5301 nulla
1393 5245 1563 5309 tribu,
1597 5259 1760 5314 quam
1789 5260 1856 5298 ex
1887 5243 1991 5298 hac

411 5338 527 5405 ipsa
565 5350 719 5395 ortus
750 5339 822 5394 sit
852 5341 967 5409 ipse
1002 5338 1191 5395 David.
1217 5337 1390 5393 Porro
1419 5337 1562 5391 idem
1592 5334 1697 5390 hoc
1727 5335 1990 5405 plenioris

409 5430 696 5493 cujusdam
731 5429 852 5486 ﬁdei
882 5431 1055 5501 gratia
1075 5429 1361 5486 oraculum
1387 5442 1605 5498 quoque
1640 5426 1771 5481 illud
1803 5434 1989 5480 osten-

408 5520 547 5575 derit
580 5521 727 5591 quod
770 5523 911 5593 apud
945 5521 1150 5578 Mosem
1182 5523 1240 5577 in
1281 5521 1427 5575 hunc
1460 5518 1681 5574 modum
1717 5533 1775 5576 se
1805 5517 1983 5573 habet.

481 5787 523 5821 "
565 5785 699 5842 Rom
757 5803 832 5857 ιι,
867 5789 1037 5846 28-29
1141 5793 1183 5825 "
1224 5789 1373 5848 Psal.
1408 5805 1481 5859 ιι,
1521 5791 1575 5847 3.

2097 4599 2240 4664 θεοῖς
2274 4598 2605 4670 ἀλλοτρίοις,
2637 4599 2754 4652 ἀλλ’
2795 4597 3062 4669 ὲργῶνται
3095 4596 3285 4669 Κυρίῳ
3324 4596 3402 4667 τῷ
3429 4595 3549 4667 Θεῷ
3582 4597 3682 4649 αὑ-

2096 4693 2224 4747 τῶν.
2258 4712 2277 4745 ι
2334 4692 2474 4746 Ἀλλ’
2516 4693 2600 4746 ὅτι
2635 4693 2733 4764 μὲν
2766 4693 2831 4745 ὲκ
2882 4690 3094 4763 καρποῦ
3127 4690 3225 4760 τῆς
3266 4691 3471 4753 κοιλίας
3512 4688 3681 4742 Δαὸὶδ

2097 4785 2193 4839 καὶ
2221 4787 2284 4838 ὲκ
2314 4784 2627 4855 σπέρματος
2654 4782 2987 4854 Σολομῶνος,
3020 4782 3112 4837 καὶ
3145 4783 3211 4836 ὲκ
3236 4781 3392 4853 ῥίζης
3426 4782 3622 4836 Ἰεσσαὶ
3648 4781 3676 4833 ό

2097 4875 2332 4946 Χριστὸς
2361 4874 2457 4927 τοῦ
2491 4873 2645 4927 Θεοῦ·
2676 4870 3107 4943 γεννηθήσεσθαι
3145 4869 3498 4943 προείρηται,
3540 4870 3678 4940 ὅπερ

2097 4969 2191 5022 καὶ¹
2222 4967 2479 5037 γέγονεν,
2523 4967 2609 5019 ὅτι
2651 4964 2789 5037 μετὰ
2826 4964 3036 5035 μυρίων
3083 4963 3258 5019 ἄλλων
3295 4962 3676 5035 προσηγοριῶν

2101 5058 2195 5112 καὶ
2225 5057 2388 5112 Δαΰὶδ
2419 5056 2580 5111 αὐτὸν
2612 5053 2966 5126 ὀνομάζουσιν
2998 5056 3045 5107 οἱ
3080 5053 3212 5106 θεῖοι
3234 5052 3401 5121 λόγοι,
3426 5053 3674 5123 αὐτάρκη

2098 5149 2474 5205 πιστώσασθαι
2520 5149 2588 5203 τὰ
2638 5147 2925 5220 εἰρημένα.
2977 5147 3099 5200 Ὅτι
3144 5145 3199 5198 δὲ
3247 5146 3341 5198 καὶ
3385 5147 3451 5197 ἐκ
3503 5142 3673 5213 φυλῆς

2110 5241 2279 5295 Ἰούδα
2302 5241 2519 5310 λέγεται
2550 5238 2973 5312 προελεύσεσθαι
2991 5279 3006 5305 ,
3033 5237 3143 5292 οὐδ’
3173 5237 3239 5291 ἂν
3273 5235 3530 5308 ζητηθείη
3553 5275 3567 5294 ,
3595 5237 3680 5305 τῷ

2100 5332 2223 5404 μηδ’
2253 5333 2445 5404 ἑτέρας
2475 5333 2508 5405 ἢ
2536 5332 2637 5404 τῆς
2661 5330 2994 5404 δηλωθείσης
3037 5328 3209 5400 φυλῆς
3235 5327 3329 5382 καὶ
3351 5325 3516 5382 αὑτὸν
3540 5319 3687 5378 εἶναι

2095 5423 2186 5477 τὸν
2214 5424 2398 5478 Δαϐίδ.
2444 5425 2657 5479 Γένοιτο
2701 5423 2745 5477 δ’
2781 5422 2847 5477 ἂν
2894 5424 2959 5476 ὲκ
3002 5419 3318 5493 περιουσίας
3362 5418 3455 5471 καὶ
3486 5415 3679 5470 τούτου

2095 5519 2506 5590 παραστατικὸν
2540 5518 2601 5572 τὸ
2634 5516 2785 5589 παρὰ
2811 5518 3035 5572 Μωῦσεῖ
3065 5514 3276 5585 λόγιον,
3323 5508 3512 5563 τοῦτον
3553 5508 3680 5580 ἕχον

2094 5608 2186 5662 τὸν
2217 5608 2437 5663 τρόπον.
