4098 6444
420 347 523 402 565

1263 341 1919 400 DEMONSTRATIONIS
1957 337 2412 397 ΕνΑΝΟΕιιωΕ
2448 337 2573 391 LIB;
2615 335 2728 388 ιιι..

3558 329 3675 386 ὅϐϐκ

432 462 571 518 Ἀπὸ
599 462 709 530 τῆς
737 465 784 515 Γ
786 461 1246 527 ενέσεως.-⁹Ως
1265 463 1333 515 ἐκ
1355 461 1553 530 φυλῆς
1591 462 1775 515 Ἰούδα
1797 478 2000 528 γεννη-

2113 458 2329 530 360.A
2362 455 2673 530 GenesiL—i
2710 448 3162 530 Quemadmodum
3211 462 3274 500 ea:
3325 445 3465 530 tribu
3515 444 3661 499 Iuda

490 533 737 597 θήσεται
764 576 777 595 ,
803 534 897 585 καὶ
930 531 1046 584 τῶν
1074 530 1262 585 ἐθνῶν
1287 532 1620 600 προσδοκία
1661 535 1693 585 ό
1734 531 1990 598 Χριστὸς

494 604 601 658 τοῦ
637 601 784 656 Θεοῦ
807 600 1336 667 κατασταθήσεται.

499 753 517 786 ι
559 734 760 799 Ἰούδα,
798 736 857 788 σὲ
889 735 1190 788 αἰνέσουσιν
1222 735 1270 788 οἱ
1306 735 1520 804 ἀδελφοί
1564 749 1689 800 σου,
1724 737 1778 788 αἱ
1815 735 1992 806 χεῖρές

2170 518 2414 602 ἦιῖςεειιιν
2438 527 2526 587 qui
2547 518 2791 602 Christus
2817 530 2893 575 est
2920 519 3036 587 Dei,
3060 518 3294 588 idemque
3320 518 3549 586 gentium
3570 533 3664 570 ea:-

2158 595 2410 661 spectatio
2436 595 2799 647 constituetur.

2171 748 2188 780 (
2242 728 2400 790 Juda,
2428 737 2480 782 te
2517 726 2817 780 laudabunt
2871 721 3070 776 fratres
3115 720 3215 784 tui,
3246 733 3440 773 manus
3469 719 3662 773 tuaein

426 843 519 879 σου
549 827 641 880 ἐπὶ
665 827 832 881 νώτου
856 827 962 881 τῶν
993 827 1199 899 ἐχθρῶν
1227 845 1339 892 σου,
1379 828 1812 899 προσκυνήσουσί
1842 845 1922 880 σοι
1945 829 1992 880 οἱ

2113 839 2245 892 ergo
2273 821 2616 876 inimicorum
2647 827 2891 880 tuorum,
2931 814 3236 869 adorabunt
3267 820 3319 866 te
3366 811 3462 864 ﬁlii
3496 815 3664 879 patris

426 921 531 972 υἱοὶ
557 917 649 972 τοῦ
702 919 905 990 πατρός
955 937 1068 972 σου.
1111 919 1355 990 Σκύμνος
1395 919 1604 982 λέοντος
1627 958 1642 984 ,
1683 918 1851 972 Ἰούδα
1867 960 1895 984 ,,
1933 920 1995 971 ἐκ

430 1009 654 1080 βλαστοῦ
687 1026 784 1078 μου
805 1048 820 1072 ,
845 1010 927 1062 υίέ
949 1051 964 1076 ,
997 1010 1216 1082 ἀνέϐης.
1259 1007 1567 1063 Ἀναπεσὼν
1601 1010 1894 1080 ἐκοιμήθης
1921 1009 1996 1072 ὼς

427 1095 561 1148 λέων
579 1134 593 1159 ,
624 1094 717 1147 καὶ
737 1093 812 1158 ὡς
830 1095 1085 1166 σκύμνος.
1125 1097 1220 1160 Τίς
1260 1099 1440 1168 ἐγερεῖ
1470 1097 1660 1162 αὑτόν;
1689 1098 1802 1151 Οὐκ
1827 1097 1998 1150 ἐκλεί-

427 1187 516 1256 ψει
544 1188 724 1259 ἄρχων
752 1186 811 1252 ἐξ
840 1187 1043 1253 Ἰούδα,
1075 1188 1193 1241 οὐδὲ
1233 1187 1530 1259 ἡγούμενος
1569 1191 1634 1242 ἐκ
1671 1188 1778 1242 τῶν
1811 1188 1996 1260 μηρῶν

427 1280 620 1344 αὑτοῦ,
668 1279 774 1343 ἓως
814 1279 880 1333 ἂν
915 1280 1041 1352 ἔλθῃ
1093 1273 1137 1348 ᾧ
1169 1279 1487 1346 ἀπόκειται,
1529 1281 1622 1334 καί⁸
1653 1281 1813 1343 αὐτὸς
1847 1280 1996 1333 ἔσται

429 1371 720 1442 προσδοκία
779 1371 969 1426 ἐθνῶν.
1005 1390 1022 1422 ι
1073 1370 1290 1426 Δώδεκα
1336 1372 1514 1441 φυλῶν
1562 1372 1689 1444 παρ’
1732 1372 2002 1444 Ἑϐραίοις

426 1460 620 1526 οὐσῶν,
651 1461 716 1515 δι’
744 1454 818 1514 ὧν
845 1461 903 1514 τὸ
936 1463 1042 1514 πᾶν
1074 1461 1224 1525 ἔθνος
1259 1464 1614 1534 συνεστήκει,
1647 1465 1774 1533 μιᾶς
1797 1461 2002 1515 τούτων

429 1552 729 1623 προπάτωρ
775 1552 966 1621 γέγονε
994 1553 1088 1606 καὶ
1121 1553 1416 1624 ἀρχίφυλος
1442 1556 1469 1608 ὁ
1509 1554 1741 1618 Ἰούδας,
1776 1553 1912 1623 πρὸς
1943 1553 2001 1607 ὃν

427 1643 775 1696 τεθέσπισται
817 1642 884 1697 τὰ
925 1645 1298 1716 προκείμενα,
1338 1643 1396 1710 ἐξ
1444 1645 1606 1698 αὐτοῦ
1637 1645 1729 1698 τὸν
1770 1645 2002 1715 Χριστὸν

432 1734 850 1806 προελεύσεσθαι
883 1737 1235 1808 σημαίνοντα.
1283 1737 1346 1789 Ei
1383 1737 1513 1805 γοῦν
1551 1737 1878 1806 συναγάγοις
1911 1737 2002 1789 ἐπὶ

429 1826 626 1889 ταὺτὸ,
667 1827 759 1878 καὶ
788 1827 1090 1898 παραθείης
1127 1830 1190 1899 τῇ
1229 1827 1364 1898 μετὰ
1411 1830 1600 1900 χεῖρας
1641 1827 1738 1891 τὰς
1789 1830 1848 1880 ἐν
1891 1831 2002 1890 τοῖς

433 1915 665 1986 πρόσθεν
694 1915 940 1979 τεθείσας
966 1917 1317 1987 προφητείας,
1340 1916 1520 1988 εὕροις
1543 1917 1608 1970 ἂν
1636 1917 1832 1987 ὁμοίως
1862 1916 2006 1970 κατὰ

433 2021 484 2056 τι
518 2004 692 2056 κοινὸν
736 2008 958 2076 σημεῖον
999 2007 1089 2060 τὸν
1137 2007 1301 2060 αὑτὸν
1345 2009 1768 2079 κηρυττόμενον.
1807 2008 1871 2060 Ἡ
1906 2008 2004 2077 μὲν

431 2095 539 2166 γὰρ
568 2095 719 2164 ἔλεγε
748 2100 876 2168 περὶ
904 2099 999 2151 τοῦ
1034 2101 1097 2152 ἐκ
1138 2100 1292 2170 ῥίζης
1332 2101 1527 2153 Ἰεσσαὶ
1564 2099 2002 2171 ἀναπησομένου

433 2187 513 2251 τὸ,
554 2207 572 2239 ι
604 2190 713 2242 Καὶ
744 2189 894 2244 ἔσται
918 2193 1273 2262 ἀνιστάμενος
1297 2191 1488 2263 ἄρχειν
1514 2192 1704 2259 ἐθνῶν,
1735 2193 1820 2246 ἐπ’
1858 2191 2006 2263 αύτῷ

433 2280 559 2352 ἔθνη
587 2279 859 2335 ἐλπιοῦσιν
880 2300 893 2313 ’
931 2302 949 2334 ι
990 2286 1022 2354 ὴ
1054 2283 1109 2335 δέ
1138 2283 1266 2354 περὶ
1296 2283 1389 2336 τοῦ
1423 2283 1537 2336 υἱοῦ
1573 2282 1882 2354 Σολομῶνος
1910 2283 1971 2335 τὸ
1989 2321 2004 2344 ,

441 2389 459 2420 ι
491 2373 909 2442 κατακυριεύσει
959 2374 1068 2426 ἀπὸ
1107 2374 1379 2445 θαλάσσης
1418 2375 1522 2438 ἓως
1571 2375 1876 2444 θαλάσσης,
1914 2375 2008 2427 καὶ

436 2462 543 2514 ἀπὸ
592 2463 836 2532 ποταμοῦ
893 2464 997 2528 ἓως
1041 2466 1292 2536 περάτων
1347 2466 1447 2538 τῆς
1504 2466 1862 2536 οἰκουμένης,
1913 2467 2010 2520 καὶ

437 2551 950 2624 ἐνευλογηθήσονται
994 2557 1052 2608 ἐν
1087 2556 1232 2627 αὐτῷ
1283 2557 1460 2611 πάντα
1506 2556 1576 2610 τὰ
1613 2557 1772 2628 ἔθνη·
1809 2575 1828 2608 ι
1875 2559 1908 2629 ὴ
1953 2557 2009 2610 δέ

442 2644 579 2714 μετὰ
602 2648 788 2716 χεῖρας
814 2648 1229 2719 παραπλησίως,
1268 2667 1288 2700 σ
1315 2648 1419 2712 ἓως
1446 2648 1513 2703 ἂν
1555 2647 1682 2719 ἔλθῃ
1703 2687 1718 2713 ,
1759 2667 1777 2700 ι
1806 2650 1968 2720 φησιν
1991 2689 2006 2714 ,

444 2752 461 2783 ι
497 2725 540 2800 ᾧ
562 2733 847 2788 ἀπόκειται
871 2775 886 2799 ,
932 2737 1026 2789 καὶ
1053 2737 1215 2800 αὐτὸς
1257 2736 1407 2790 ἔσται
1439 2737 1731 2807 προσδοκία
1757 2737 1943 2790 ἐθνῶν.
1985 2755 2004 2787 ›

439 2822 502 2873 Εἰ
524 2820 587 2892 δὴ
612 2817 706 2874 οὖν
738 2824 1049 2894 συνᾴδουσιν
1074 2826 1129 2878 αἱ
1160 2825 1286 2896 περὶ
1314 2825 1424 2878 τῶν
1456 2824 1624 2878 ἐθνῶν
1656 2827 2008 2896 προρρήσεις,

440 2913 834 2986 ἀπεδείχθησαν
859 2915 916 2968 δὲ
943 2917 998 2968 αἱ
1026 2915 1130 2985 πρὸ
1155 2915 1360 2970 τούτων
1391 2915 1595 2987 ὁρῶσαι
1626 2917 1715 2970 τὸν
1747 2917 2011 2989 ἡμέτερον

441 3005 704 3078 Σωτῆρα,
749 3007 900 3061 οὐδὲν
926 3006 992 3060 ἂν
1022 3007 1108 3078 εἴη
1139 3007 1386 3080 ἐμποδὼν
1422 3009 1496 3081 μὴ
1538 3010 1660 3081 οὐχὶ
1712 3010 1805 3063 τὸν
1851 3009 2012 3062 αὑτὸν

442 3098 659 3167 βλέπειν
691 3101 782 3154 καὶ
811 3101 909 3172 τὴν
943 3101 1238 3173 παροῦσαν,
1264 3105 1419 3175 εῐπερ
1459 3104 1723 3174 σύμφωνα
1755 3105 2012 3176 ἀλλήλαις
2040 3132 2082 3190 C

440 3193 825 3263 ὁμολογοῦνται
851 3195 1157 3260 θεσπίζειν·
1189 3198 1422 3268 μάλιστα
1451 3199 1537 3251 ὅτε
1568 3198 1728 3269 μέχρι
1766 3197 1864 3269 μὲν
1902 3198 2010 3252 τῶν

439 3284 647 3354 χρόνων
693 3285 792 3356 τῆς
831 3286 925 3339 τοῦ
963 3287 1215 3359 Σωτῆρος
1251 3288 1410 3360 ἡμῶν
1459 3289 1781 3358 ἐπιφανείας
1818 3291 1867 3342 oi
1915 3288 2011 3342 τοῦ

453 3375 720 3428 Ἰουδαίων
761 3375 946 3441 ἔθνους
982 3379 1238 3448 ἄρχοντες
1279 3381 1374 3433 καὶ
1412 3381 1702 3451 ἡγούμενοι
1741 3381 1920 3434 αὐτῶν
1948 3381 2013 3434 ἐκ

444 3469 725 3538 προγόνων
771 3470 1016 3540 διαδοχῆς
1049 3474 1448 3544 συνεστήκεσαν
1471 3513 1486 3538 ,
1520 3474 1635 3544 ἅμα
1663 3473 1720 3526 δὲ
1751 3476 1815 3544 τῇ
1847 3472 2012 3527 αὑτοῦ

445 3561 717 3632 παρουσίᾳ
743 3561 1169 3628 δισλελοίπεσαν,
1195 3565 1329 3636 ὁμοῦ
1361 3583 1422 3619 τε
1455 3568 1487 3638 ἡ
1517 3564 1625 3620 τῶν
1655 3565 1825 3619 ἐθνῶν
1855 3583 2017 3636 προσ-

443 3649 594 3702 δοκία
617 3651 768 3715 τέλος
798 3652 971 3723 ἐπῆγε
1005 3657 1068 3726 τῇ
1094 3654 1185 3707 τοῦ
1228 3655 1421 3710 Ἰακὼϐ
1460 3657 1778 3728 προρρήσει.
1808 3656 2016 3709 Οὐκοῦν

444 3742 722 3796 κάνταῦθα
755 3746 782 3796 ὁ
820 3745 1055 3817 Χριστὸς
1082 3746 1425 3818 δηλούμενος,
1471 3748 1566 3802 καὶ
1587 3747 1707 3800 ούδέ
1733 3747 1888 3810 ἄλλος
1912 3788 1926 3811 ,
1953 3748 2018 3800 ἐκ

445 3833 615 3904 φυλῆς
654 3834 823 3889 Ἰούδα
864 3837 1306 3909 προελεύσεσθαι,
1349 3839 1461 3891 Καὶ
1506 3839 1595 3892 ὅτε
1640 3837 1697 3890 δέ
1749 3838 1812 3890 ἐκ
1855 3837 2018 3891 Δαϐὶδ

444 3925 538 3978 καὶ
582 3925 924 3997 Σολομῶνος,
976 3928 1040 3981 ἐκ
1079 3947 1139 3982 τε
1175 3930 1274 4001 τῆς
1323 3929 1478 4001 ῥίζης
1538 3928 1735 3983 Ἰεσσαὶ⁵
1778 3928 2016 3999 γεγονὼς

446 4018 728 4090 ἐδηλοῦτο,
768 4021 832 4074 ἐκ
870 4017 970 4093 τῆς
1011 4022 1181 4093 αὐτῆς
1225 4021 1397 4092 φυλῆς
1440 4021 1516 4076 ὣν
1544 4021 1836 4078 ἐδείκνυτο.
1883 4022 2018 4085 Παῖς

450 4110 549 4182 μὲν
577 4111 685 4184 γάρ
713 4109 780 4184 ῆν
799 4114 893 4167 τοῦ
929 4115 1126 4168 Ἰεσσαὶ
1151 4114 1334 4179 Δαϐὶδ,
1352 4115 1446 4168 τοῦ
1473 4115 1530 4168 δέ
1551 4114 1714 4170 Δαϐὶδ
1746 4112 2014 4184 Σολομὼν,

449 4205 741 4270 συστάντες
771 4209 834 4259 ἐκ
869 4205 1041 4277 φυλῆς
1073 4206 1259 4262 Ἰούδα.
1283 4207 1383 4277 Είη
1419 4207 1484 4261 ἂν
1517 4206 1804 4278 τοιγαροῦν
1831 4204 1892 4270 ἐξ
1920 4206 2018 4258 αὐ-

447 4299 546 4368 τῆς
580 4302 608 4352 ὁ
638 4300 828 4373 Σωτὴρ
863 4303 958 4356 καὶ
1007 4301 1212 4373 Κύριος
1259 4299 1451 4372 ἡμῶν,
1493 4299 1777 4371 ὠσπεροῦν
1828 4301 1856 4353 ὁ
1899 4298 2022 4351 θαυ-

452 4389 642 4456 μάσιος
689 4393 1077 4462 εὐαγγελιστὴς
1124 4392 1433 4462 γενεαλογεῖ
1489 4392 1765 4455 Ματθαῖος
1810 4391 2016 4459 λέγων⁸

2097 916 2194 968 tui.
2234 913 2465 967 Catulus
2521 909 2693 964 leonis
2719 906 2888 970 Juda,
2929 904 2996 959 de
3038 903 3302 974 germine,
3344 899 3418 954 mi
3445 898 3542 965 ﬁli,
3578 914 3666 953 as-

2097 1005 2352 1068 cendisti,
2394 1002 2719 1056 recumbens
2757 997 3065 1052 dormivisti
3101 1003 3159 1049 ut
3196 996 3301 1056 leo,
3335 1001 3390 1048 et
3423 1000 3483 1047 ut
3512 998 3667 1045 catu-

2099 1099 2204 1160 lus,
2236 1097 2360 1167 quis
2411 1091 2668 1148 excitabit
2719 1088 2877 1143 cum?
2905 1102 3011 1140 non
3054 1085 3270 1141 deﬁciet
3311 1085 3565 1154 princeps
3601 1082 3668 1135 de

2099 1187 2258 1251 Juda,
2298 1199 2472 1254 neque
2507 1183 2613 1236 dux
2657 1180 2724 1234 de
2778 1177 3075 1233 femoribus
3121 1175 3260 1244 ejus,
3289 1173 3460 1228 donec
3489 1172 3670 1228 veniat

2101 1283 2191 1335 cui
2241 1279 2540 1349 repositum
2593 1281 2698 1338 est,
2749 1281 2801 1326 et
2838 1271 2955 1341 ipse
3012 1269 3114 1324 erit
3161 1267 3493 1337 exspectatio
3539 1280 3671 1336 gen-

2100 1373 2236 1427 tium
2266 1371 2332 1425 ²⁰.
2375 1389 2393 1421 ι
2423 1367 2557 1423 Cum
2588 1364 2874 1420 duodecim
2929 1361 3069 1432 apud
3091 1359 3345 1414 Hebraeos
3378 1359 3552 1412 tribus
3584 1373 3671 1412 es-

2103 1469 2246 1521 sent,
2276 1476 2342 1514 ex
2370 1459 2568 1529 quibus
2601 1469 2733 1526 gens
2763 1453 3016 1507 universa
3045 1449 3352 1512 constabat,
3382 1448 3545 1502 unius
3573 1446 3672 1501 ba-

2102 1567 2224 1607 rum
2269 1550 2477 1621 primus
2507 1560 2705 1617 parens
2745 1558 2808 1597 ac
2853 1542 3106 1612 princeps
3133 1538 3342 1594 exstitit
3381 1538 3571 1602 Judas,
3604 1537 3671 1591 ad

2104 1657 2263 1713 quem
2293 1655 2378 1704 ea,
2430 1653 2550 1708 quae
2582 1634 2743 1689 modo
2775 1632 3063 1687 citavimus
3106 1630 3174 1684 ab
3218 1629 3440 1683 oraculo
3468 1629 3672 1682 directa

2106 1741 2252 1798 sunt,
2284 1747 2403 1803 qua:
2434 1730 2501 1784 de
2547 1729 2639 1782 illo
2670 1727 2788 1796 ipso
2818 1723 3094 1779 Christum
3129 1720 3468 1790 proditurum
3503 1719 3671 1789 signi-

2106 1829 2289 1882 ﬁcent.
2327 1823 2480 1890 Quod
2535 1821 2581 1875 si
2624 1819 2814 1874 eodem
2861 1813 3226 1884 congesseris,
3260 1820 3314 1868 et
3357 1810 3485 1866 huic
3511 1825 3673 1881 quam

2105 1933 2252 1973 nunc
2293 1921 2616 1976 tractamus,
2649 1926 2743 1966 eas
2775 1910 2901 1963 item
2932 1922 3052 1976 qua:
3091 1905 3147 1958 in
3188 1902 3561 1974 superioribus
3581 1917 3677 1970 po-

2106 2011 2224 2065 sitae
2271 2016 2417 2071 sunt,
2469 2001 2781 2075 prophetias
2833 1997 3185 2070 apposueris,
3216 1996 3460 2050 invenies
3515 1992 3674 2048 simili

2106 2101 2318 2156 ratione
2346 2097 2414 2152 ad
2450 2095 2720 2166 quoddam
2770 2093 2985 2162 signum
3025 2101 3341 2151 commune,
3388 2100 3556 2140 unum
3595 2093 3677 2138 at-

2107 2207 2213 2265 que
2251 2189 2500 2246 eumdem
2546 2183 2806 2241 nuntiari.
2842 2181 2935 2236 Illa
2966 2180 3183 2251 quidem
3217 2179 3285 2233 de
3332 2193 3396 2233 eo
3442 2176 3676 2240 dicebat,

2107 2284 2202 2356 qui
2233 2284 2300 2337 de
2327 2281 2510 2336 radice
2541 2277 2696 2333 Jesse
2725 2283 2870 2331 esset
2899 2278 3271 2334 surrecturus,
3312 2287 3331 2320 ι
3362 2277 3416 2323 et
3441 2267 3546 2321 erit
3585 2266 3677 2334 qui

2110 2376 2284 2447 surgit
2333 2374 2601 2444 imperare
2645 2368 2936 2440 gentibus,
2983 2367 3040 2420 in
3093 2365 3212 2435 ipso
3247 2367 3435 2432 gentes
3488 2371 3678 2428 spera-

2111 2471 2246 2526 bunt
2278 2469 2344 2523 “.
2379 2486 2397 2519 ι
2432 2466 2548 2518 Alia
2581 2477 2712 2518 vero
2741 2461 2809 2515 de
2844 2459 2955 2513 ﬁlio
2984 2455 3313 2518 Salomonis,
3351 2471 3370 2504 ι
3411 2459 3465 2506 et
3502 2450 3678 2506 domi-

2109 2560 2331 2616 nabitur
2360 2572 2392 2611 a
2420 2556 2556 2610 mari
2588 2568 2761 2624 usque
2784 2553 2848 2607 ad
2890 2567 3060 2614 mare,
3104 2557 3156 2603 et
3184 2562 3213 2600 a
3257 2544 3476 2600 ﬂumine
3505 2557 3680 2612 usque

2113 2651 2181 2705 ad
2214 2649 2352 2705 ﬁnes
2375 2648 2525 2702 orbis
2565 2653 2743 2708 terrae,
2779 2650 2833 2698 et
2874 2640 3266 2696 benedicentur
3300 2637 3354 2690 in
3380 2650 3446 2690 eo
3490 2647 3686 2689 omnes

2111 2749 2298 2811 gentes
2314 2739 2382 2792 “.
2418 2756 2436 2788 ι
2464 2735 2540 2789 Ea
2559 2749 2691 2789 vero
2713 2747 2873 2803 quam
2904 2745 3048 2784 nunc
3097 2725 3435 2781 tractandam
3461 2735 3681 2776 assum-

2113 2829 2343 2900 psimus,
2366 2826 2552 2880 itidem
2585 2843 2598 2877 :
2637 2843 2656 2876 ι
2687 2823 2866 2876 Donec
2908 2820 3106 2884 veniat,
3136 2816 3334 2887 inquit,
3362 2813 3448 2868 cui
3473 2811 3683 2881 reposi-

2115 2898 2230 2975 tum
2265 2927 2367 2983 est,
2399 2927 2454 2974 et
2483 2918 2598 2988 ipse
2629 2915 2733 2969 erit
2783 2911 3116 2981 exspectatio
3159 2907 3420 2977 gentium.
3472 2922 3491 2955 ι
3527 2898 3684 2967 Quod

2117 3014 2164 3070 si
2189 3013 2305 3068 haec
2331 3012 2398 3067 de
2424 3009 2678 3083 gentibus
2703 3005 2924 3062 oracula
2951 3001 3307 3061 concordant,
3329 3005 3382 3052 et
3402 3003 3684 3051 ostensum

2114 3113 2198 3161 est
2238 3101 2695 3174 quemadmodum
2739 3112 2801 3152 ea
2831 3108 3049 3166 quoque
3079 3105 3199 3162 quae
3226 3090 3341 3143 haec
3373 3087 3490 3157 ipsa
3530 3089 3687 3137 ante-

2116 3203 2422 3260 cesserunt,
2455 3193 2524 3247 ad
2571 3190 2908 3247 Salvatorem
2941 3192 3193 3240 nostrum
3238 3188 3505 3251 spectant,
3549 3174 3690 3231 nihil

2124 3289 2356 3358 amplius
2385 3285 2550 3340 fuerit
2577 3281 2987 3353 impedimento,
3017 3278 3150 3349 quin
3209 3275 3315 3329 hoc
3345 3273 3522 3343 ipsum
3549 3284 3687 3340 quo-

2115 3397 2221 3453 que
2250 3379 2392 3450 quod
2423 3391 2568 3431 nunc
2591 3384 2909 3437 tractamus,
2935 3368 3184 3426 eumdem
3214 3366 3364 3422 illum
3387 3363 3642 3434 respiciat
3669 3379 3682 3414 :

2116 3468 2556 3542 quandoquidem
2603 3465 2716 3536 jam
2761 3476 3087 3517 concessum
3129 3466 3214 3514 est
3245 3497 3259 3521 ,
3321 3460 3706 3509 consentanea.

2117 3565 2258 3618 inter
2295 3576 2354 3615 se
2384 3560 2453 3613 ab
2478 3556 2734 3612 omnibus
2779 3554 2888 3609 illis
2918 3550 3152 3606 divinari
3185 3567 3198 3604 ε
3232 3545 3532 3618 praesertim
3561 3559 3688 3598 cum

2121 3669 2293 3722 usque
2337 3650 2404 3705 ad
2437 3659 2679 3718 tempora
2729 3645 2994 3699 adventus
3039 3637 3337 3694 Salvatoris
3366 3635 3564 3699 nostri,
3593 3633 3690 3689 Ju-

2118 3747 2287 3801 daicze
2337 3742 2514 3815 gentis
2556 3739 2832 3811 principes
2878 3734 3230 3805 ejusdemque
3255 3730 3422 3784 duces
3466 3743 3533 3784 ex
3572 3742 3696 3781 ma-

2116 3839 2299 3910 jorum
2333 3847 2556 3890 suorum
2590 3828 2938 3886 successione
2966 3822 3386 3897 permanserint,
3421 3833 3527 3872 una
3559 3833 3691 3872 vero

2120 3908 2244 3985 cum
2277 3926 2396 3995 ejus
2443 3925 2680 3978 adventu
2724 3916 3058 3978 defecerint,
3111 3911 3460 3984 gentiumque
3487 3908 3692 3978 pariter

2120 4016 2451 4090 exspectatio
2464 4015 2622 4069 ﬁnem
2649 4013 2823 4083 ipsius
2849 4007 3019 4064 Iacob
3055 4004 3318 4060 vaticinio
3349 4000 3688 4072 imposuerit.

2120 4089 2288 4180 Igitur
2317 4109 2420 4162 hoc
2441 4106 2603 4161 etiam
2627 4104 2682 4158 in
2707 4103 2826 4157 loco
2851 4101 3123 4160 Christus,
3150 4095 3243 4166 qui
3274 4093 3390 4164 ipse
3415 4107 3525 4146 non
3553 4089 3692 4145 alius

2121 4203 2187 4257 de
2216 4201 2362 4258 tribu
2389 4197 2528 4253 Juda
2549 4195 2862 4268 proditurus
2890 4192 3246 4264 signiﬁcatur,
3272 4188 3473 4257 quique
3493 4200 3560 4239 ex
3589 4183 3695 4236 Da-
3781 4227 3800 4242 ,

2121 4294 2212 4350 vid
2242 4300 2296 4348 et
2329 4291 2640 4355 Salomone,
2681 4287 2839 4358 361
2876 4293 3037 4355 atque
3065 4298 3131 4338 ex
3174 4279 3358 4333 radice
3396 4276 3551 4333 Jesse
3579 4275 3695 4330 exi-

2123 4395 2281 4441 turus
2310 4383 2606 4447 ferebatur,
2637 4395 2704 4435 ex
2749 4379 2937 4434 eadem
2969 4376 3112 4430 tribu
3145 4372 3422 4444 profectus
3451 4367 3696 4424 ostendi-

455 4499 473 4530 ι
505 4482 694 4546 Βίϐλος
719 4484 985 4553 γενέσεως
1019 4485 1190 4558 Ἰησοῦ
1214 4485 1449 4557 Χριστοῦ
1467 4527 1480 4543 ,
1527 4483 1645 4537 υἱοῦ
1674 4483 1837 4537 Δαϐὶδ
1855 4523 1868 4546 ,
1901 4483 2010 4536 uici

2127 4487 2236 4532 tur.
2262 4476 2394 4529 Nam
2423 4472 2576 4529 Jesse
2597 4472 2822 4542 quidem
2850 4470 2992 4524 ﬁlius
3019 4467 3118 4520 fuit
3150 4464 3318 4518 David
3356 4485 3368 4519 :
3399 4463 3575 4531 ipsius
3607 4475 3698 4514 au-

464 4573 726 4646 Ἀϐραάμ.
775 4576 1024 4649 Ἀϐραὰμ
1059 4577 1316 4648 ἐγέννησε
1344 4577 1436 4630 τὸν
1484 4576 1698 4629 Ἰσαάκ·
1742 4575 1926 4628 Ἰσαὰκ
1961 4574 2019 4627 δὲ

451 4666 705 4738 ἐγέννησε
735 4667 825 4720 τὸν
862 4668 1086 4722 Ἰακώϐ·
1131 4669 1324 4722 Ἰακὼϐ
1365 4669 1422 4722 δὲ
1462 4668 1718 4738 ἐγέννησε
1749 4665 1842 4719 τὸν
1891 4665 2019 4719 Ἰού-

451 4755 572 4808 δανσ
609 4777 628 4810 ι
665 4759 760 4812 καὶ
790 4758 860 4812 τὰ
898 4757 1042 4829 ἑξῆς.
1091 4761 1248 4814 Ἀλλά
1292 4759 1401 4832 γάρ
1434 4761 1528 4814 καὶ
1571 4759 1774 4812 τούτων
1810 4758 1908 4830 τὴν
1946 4759 2021 4811 οἰ-

454 4847 604 4900 κείαν
635 4849 904 4916 άπόδειξιν
931 4851 1342 4923 ἀπειληφότων,
1378 4851 1566 4922 καιρὸς
1601 4850 1692 4903 καὶ
1731 4848 1855 4910 τοὺς
1891 4847 2018 4918 χρό-

450 4956 575 5002 νους
635 4940 865 4993 συνιδεῖν
923 4941 1020 5012 τῆς
1079 4942 1188 4994 τῶν
1237 4940 1726 5014 προηγορευμένων
1770 4936 2015 5006 ἁποπλψ

453 5045 692 5100 ρωσεως.

2126 4577 2232 4623 tem
2253 4565 2424 4621 David
2453 4565 2730 4628 Salomon,
2755 4562 2847 4632 qui
2870 4562 2936 4616 de
2963 4561 3106 4614 tribu
3133 4555 3271 4612 Juda
3302 4553 3517 4610 oriundi
3547 4560 3696 4608 sunt.

2126 4662 2241 4716 Erit
2267 4675 2396 4732 ergo
2428 4675 2496 4715 ex
2542 4657 2729 4714 eadem
2776 4654 3026 4710 Salvator
3053 4668 3117 4706 ac
3162 4649 3425 4704 Dominus
3458 4653 3645 4701 noster
3681 4663 3694 4696 :

2129 4753 2268 4807 sicut
2310 4754 2476 4806 etiam
2517 4751 2734 4806 divinus
2765 4747 3099 4819 evangelista
3150 4742 3436 4798 Matthaeus
3474 4739 3530 4792 in
3578 4736 3698 4805 ejus

2126 4858 2322 4916 genere
2352 4842 2626 4897 narrando
2655 4841 2978 4896 testiﬁcatur
3004 4837 3193 4892 dicens
3232 4853 3244 4888 :
3287 4851 3304 4883 ι
3343 4829 3506 4884 Liber
3535 4842 3700 4896 gene-

2133 4935 2363 4989 rationis
2408 4932 2538 4988 Jesu
2589 4931 2794 4987 Christi
2852 4929 2949 4984 ﬁlii
3001 4925 3206 4989 David,
3255 4922 3351 4977 ﬁlii
3399 4919 3695 4974 Abraham.

2134 5025 2405 5081 Abraham
2434 5024 2618 5096 genuit
2643 5022 2795 5078 Isaac
2829 5040 2842 5076 :
2871 5023 3020 5076 Isaac
3041 5027 3220 5072 autem
3272 5012 3456 5084 genuit
3483 5008 3652 5064 Iacob
3681 5025 3696 5062 :

449 5121 623 5178 Jacob
670 5132 848 5180 autem
938 5127 1124 5197 genuit
1181 5125 1372 5180 ludam
1405 5125 1472 5192 ’³,
1548 5146 1566 5179 ›
1610 5132 1664 5179 et
1713 5133 1930 5181 caetera.
1989 5123 2095 5178 Sed
2135 5123 2352 5194 quando
2387 5122 2578 5176 harum
2628 5136 2809 5176 rerum
2853 5117 3128 5189 propriam
3180 5107 3698 5168 demonstrationem

452 5221 883 5290 explicavimus,
951 5231 1164 5293 tempus
1215 5225 1327 5293 jam
1382 5223 1545 5279 fuerit
1601 5225 1797 5279 intueri
1855 5221 2055 5293 quibus
2128 5219 2462 5290 temporibus
2501 5235 2563 5274 ea
2617 5232 2738 5289 quae
2781 5215 3055 5287 prophetat
3111 5208 3490 5282 praedixerant,
3551 5216 3704 5254 come

455 5308 597 5382 pleta
630 5314 759 5369 sint.

531 5493 575 5528 ²⁰
614 5492 747 5550 Gen.
782 5511 942 5562 uix,
977 5497 1126 5551 8-10.
1206 5500 1244 5528 ²¹
1291 5496 1396 5552 Isa.
1435 5515 1519 5560 λι,
1563 5498 1644 5553 10.
1685 5501 1727 5530 ²²
1757 5497 1899 5552 Psal.
1941 5511 2064 5550 mm
2093 5535 2106 5559 ,
2139 5496 2203 5560 8,
2245 5494 2328 5548 I7.

2406 5493 2448 5524 ³³
2489 5490 2672 5545 Matth.
2713 5502 2759 5551 ι,
2797 5490 2844 5555 1,
2877 5491 2926 5542 Ξ.

2064 5725 2132 5740 -ι-ι.
