4098 6470
461 376 566 429 559

1306 370 1959 430 DEMONSTRATIONIS
1989 369 2449 427 EVANGELICIE
2487 371 2615 430 LIB.
2657 373 2792 431 VIII.

3607 380 3715 436 570

458 489 779 561 πολιαρχίας
831 491 1127 564 ἀναίρεσιν,
1157 492 1256 563 τῆς
1292 491 1551 546 πολυθὲου
1585 492 1679 546 καὶ
1709 491 1999 562 δαιμονικῆ

2100 542 2107 554 _
2135 486 2243 544 Sed
2271 490 2376 544 alia
2402 499 2661 561 praeterea
2693 491 3011 548 eorumdem
3045 492 3343 561 subjiciunt
3381 494 3537 566 signa
3570 501 3712 550 tem-

456 581 900 656 είδωλολατρείας
956 584 1335 657 ἀποστροφὴν,
1394 584 1687 653 ἐπίγνωσιν
1750 584 2028 649 εὐσεϐείας

459 673 579 738 ἐνὸς
621 675 715 728 τοῦ
749 677 841 729 ἐπὶ
885 677 1100 730 πάντων
1143 676 1479 749 δημιουργοῦ
1523 662 1893 730 Θεοῦ.Ἷ“αῦτα
1936 673 2029 731 οῦν

459 765 703 832 ἅπαντα,
740 768 814 839 μὴ
868 768 992 821 ὄντα
1038 768 1205 823 πάλαι
1248 768 1390 823 κατὰ
1431 770 1558 832 τοὺς
1584 768 1694 821 τῶν
1733 767 2029 839 προφητῶν

461 858 704 927 χρόνους,
749 860 843 913 ἐπὶ
882 860 982 931 τῆς
1012 861 1247 932 Χριστοῦ
1292 860 1592 934 παρουσίας
1617 859 1939 931 γενήσεσθαι
1976 860 2027 913 ot

460 949 591 1003 θεῖοι
633 952 869 1023 χρησμοὶ
906 954 1293 1025 προηγόρευον,
1327 954 1363 1009 ἀ
1396 954 1489 1008 καὶ
1518 955 1638 1016 ταῖς
1661 954 2027 1025 προρρήσεσιν

456 1037 760 1103 ἀκολούθως
789 1042 869 1106 είς
900 1042 1070 1115 πέρας
1096 1044 1315 1098 ἐλθόντα
1341 1046 1464 1098 ὅσον
1497 1042 1650 1097 οὔπω
1682 1045 2027 1115 παραστήσεο

456 1146 566 1183 ται.
621 1132 699 1187 Τά
748 1149 812 1202 γε
849 1134 953 1206 μὴν
973 1136 1121 1190 αἴτια
1166 1136 1262 1191 τοῦ
1306 1137 1381 1208 μὴ
1429 1138 1716 1208 πρότερον,
1753 1136 1892 1190 ἀλλά
1930 1135 2026 1190 νῦν

456 1220 542 1271 ἐπ’
592 1220 833 1292 ἐσχάτων
884 1226 1091 1298 καιρῶν
1139 1227 1277 1299 μετὰ
1318 1228 1409 1282 τὸν
1463 1231 1672 1301 μακρὸν
1718 1232 1814 1285 καὶ
1858 1230 2027 1287 πολὺν

455 1309 625 1365 αἰῶνα
644 1313 735 1368 τὸν
767 1317 999 1388 Χριστὸν
1028 1320 1242 1391 ἐμφανῆ
1265 1317 1513 1388 γενέσθαι
1537 1322 1616 1393 τῷ
1639 1322 1756 1395 βίῳ,
1779 1324 2025 1379 λέλεκται

455 1404 555 1476 μὲν
584 1405 683 1476 ἢδη
710 1408 804 1461 καὶ
835 1409 1087 1480 πρόσθεν,
1120 1411 1181 1463 οὐ
1212 1411 1318 1482 μὴν
1353 1412 1487 1467 ἀλλὰ
1527 1415 1622 1467 καὶ
1669 1415 1762 1469 νῦν
1797 1420 1854 1470 ἐν
1894 1416 2027 1489 βρα-

451 1494 601 1566 χέσιν
632 1499 927 1568 εἰρήσεται.
959 1498 1133 1563 Πολὺς
1162 1495 1231 1571 ἦν
1260 1500 1428 1554 πάλαι
1483 1502 1747 1573 πρότερον
1787 1503 1885 1568 τὰς
1915 1505 2025 1559 τῶν

451 1584 751 1657 ἀνθρώπων
792 1587 970 1658 ψυχὰς
1023 1591 1326 1646 ἐπισκοτῶν
1382 1592 1694 1664 ἀφροσύνης
1746 1594 1841 1648 καὶ
1899 1595 2025 1650 ἀσε-

451 1676 603 1740 ϐείας
634 1678 864 1748 αὐχμὸς,
891 1679 1035 1753 δεινή
1081 1698 1140 1735 τε
1180 1682 1410 1756 ἀθεότης
1456 1687 1876 1758 κατακρατοῦσα
1927 1689 2021 1741 τοῦ

449 1765 650 1829 παντὸς
685 1767 986 1840 ἀνθρώπων
1028 1769 1165 1841 βίου,
1195 1773 1271 1836 ὼς
1320 1774 1486 1844 μηδὲν
1533 1774 1642 1828 τῶν
1685 1777 1893 1849 ἀγρίων
1928 1779 2023 1834 καὶ

2131 597 2346 652 porum,
2404 584 2796 639 abundantiam
2849 586 3023 654 pacis,
3059 586 3459 656 principatuum
3495 602 3711 642 rerum-

2132 688 2237 742 que
2268 673 2632 743 publicarum,
2667 689 2788 744 qua:
2824 688 2855 728 a
2898 674 3119 729 condito
3148 689 3264 730 aevo
3307 674 3576 739 fuissent,
3609 690 3707 745 per

2131 764 2377 832 singulas
2406 774 2596 835 gentes
2614 774 2778 834 atque
2797 765 2963 821 urbes
2990 764 3294 830 interitum,
3325 780 3355 819 a
3379 765 3706 823 simulacro-

2130 870 2250 909 rum
2283 857 2457 919 cultu,
2487 872 2596 926 quo
2619 857 2803 926 plures
2839 859 2955 913 sive
2996 857 3072 912 dii
3122 860 3238 914 sive
3270 857 3544 914 dmmones
3566 859 3706 915 cole-

2128 942 2347 1009 bantur,
2390 946 2752 1010 aversionem,
2777 949 2942 1004 unius
2977 951 3221 1018 supremi
3251 951 3466 1021 epilicis
3494 951 3587 1007 Dei
3616 968 3707 1009 co-

2127 1033 2424 1104 gnitionem
2469 1049 2532 1089 ac
2580 1036 3007 1092 venerationem.
3054 1037 3179 1094 litae
3230 1040 3396 1110 igitur
3442 1041 3703 1098 universa

2127 1140 2358 1195 quorum
2406 1126 2550 1191 nihil,
2594 1127 2869 1197 quondam
2912 1132 3251 1200 temporibus
3312 1133 3699 1202 prophetarum

2125 1224 2279 1281 erat,
2315 1219 2419 1273 sub
2468 1217 2643 1287 ipsius
2674 1216 2881 1275 Christi
2938 1221 3232 1277 adventum
3289 1225 3471 1279 futura
3516 1225 3698 1280 divina

2126 1311 2344 1364 oracula
2379 1308 2772 1379 praedicabant,
2809 1326 2933 1381 qum
2964 1312 3126 1366 etiam
3156 1328 3278 1367 cum
3306 1314 3440 1385 ipsis
3460 1317 3699 1371 oraculis

2125 1400 2518 1455 concordantia
2547 1418 2707 1457 suum
2736 1404 2895 1458 linem
2924 1404 3193 1473 attigisse,
3228 1404 3371 1458 hami
3418 1406 3491 1460 ita
3524 1407 3698 1463 multo

2124 1498 2246 1560 post
2278 1491 2819 1548 demonstrabuntur.
2846 1492 3113 1550 Cteterum
3136 1510 3235 1547 cur
3266 1486 3374 1549 non
3400 1496 3571 1566 prius,
3600 1498 3694 1552 sed

2124 1597 2271 1637 nunc
2302 1582 2567 1638 duntaxat
2597 1584 2749 1641 hisce
2772 1586 3035 1642 extremis
3066 1587 3401 1657 temporibus
3431 1596 3553 1659 post
3586 1590 3698 1644 lon-

2123 1689 2247 1743 gum
2274 1675 2612 1745 multumque
2644 1691 2817 1731 aevum
2846 1676 3103 1733 Christus
3124 1678 3415 1733 videndum
3451 1683 3693 1751 seipsum

2123 1765 2179 1820 in
2210 1767 2317 1820 vita
2368 1768 2692 1836 praebuerit,
2755 1785 2936 1849 causae
2983 1770 3203 1842 quidem
3259 1780 3419 1827 antea
3475 1790 3694 1845 quoque

447 1856 751 1913 ἀτιθάσσων
793 1858 994 1931 θηρίων
1026 1862 1304 1936 διαφέρειν
1330 1864 1506 1920 δοκεῖν
1526 1883 1542 1899 ·
1584 1869 1722 1939 μήτε
1761 1847 1892 1939 γοῦν
1921 1870 2000 1923 πόα

2119 1854 2278 1910 dictae
2314 1864 2463 1921 sunt,
2493 1867 2869 1914 verumtamen
2911 1847 3075 1915 etiam
3109 1878 3255 1916 nunc
3291 1865 3484 1934 paucis
3530 1872 3695 1935 atque

444 1946 576 2012 λεις,
593 1950 731 2020 μήτε
752 1949 1042 2017 πολιτείας,
1064 1955 1198 2027 μήτε
1220 1955 1438 2026 νόμους,
1462 1959 1602 2030 μήτε
1626 1976 1679 2013 τι
1706 1961 1902 2032 σεμνὸν
1922 1963 2017 2016 καὶ

445 2038 706 2109 βιωφελὲς
733 2043 952 2109 εἰδότες,
979 2045 1115 2117 μηδὲ
1139 2047 1245 2119 μὴν
1274 2050 1581 2123 ἐπιστήμας
1615 2054 1708 2108 καὶ
1736 2055 1929 2126 τέχνας
1957 2060 2015 2112 ἐν

440 2128 517 2201 νῷ
552 2131 842 2203 τιθέμενοι,
869 2135 1072 2208 ἀρετῆς
1104 2156 1163 2193 τε
1204 2141 1303 2196 καὶ
1331 2143 1650 2214 φιλοσοφίας
1683 2147 1794 2201 οὐδ’
1821 2152 1901 2213 είς
1931 2151 2011 2205 ἔν-

439 2238 586 2275 νοιαν
632 2224 820 2289 ἰόντες,
860 2226 1050 2297 μόναις
1092 2230 1181 2282 ἐπ’
1219 2232 1499 2303 ἐρημίαις,
1532 2235 1590 2288 ἐν
1635 2253 1694 2289 τε
1739 2238 1889 2309 δρεσι
1918 2242 2012 2293 καὶ

439 2312 722 2403 σπηλαίοις
772 2317 867 2371 καὶ
905 2318 1117 2390 κώμαις
1153 2321 1252 2386 τὰς
1296 2323 1572 2394 διατριϐάς
1597 2328 1890 2395 ἐποιοῦντο,
1915 2331 2010 2403 λῃ-

438 2402 799 2477 στρικώτερον
832 2409 1195 2481 ἐπιτιθέμενοι
1223 2414 1334 2476 τοῖς
1360 2413 1737 2484 πλησιάζουσι,
1766 2402 2011 2490 πορίζον-

438 2509 527 2556 τες
569 2492 638 2546 τά
676 2495 814 2566 πρὸς
851 2497 912 2550 τὸ
958 2496 1057 2570 ζῇν
1099 2501 1197 2554 οὐκ
1235 2502 1458 2557 ἄλλοθεν
1483 2505 1595 2558 ἀλλ’
1621 2506 1653 2578 ἢ
1682 2509 1747 2561 ἐκ
1774 2509 1873 2580 τῆς
1900 2508 2010 2563 τῶν

440 2583 879 2657 καταδεεστέρων
917 2592 1391 2659 καταδυναστείας.
1430 2597 1588 2652 Ἀλλά
1626 2598 1731 2670 μὴν
1746 2600 2010 2657 οὐδέΘεὺν

436 2671 527 2726 τὸν
573 2675 667 2728 ἐπὶ
711 2677 927 2732 πάντων
964 2682 1179 2752 ᾔδεσαν,
1208 2685 1332 2740 οὐδὲ
1368 2703 1432 2755 γε
1470 2688 1750 2753 εὐσεϐείας
1778 2690 2010 2762 ἀληθοῦς

432 2765 652 2836 τρόπον,
699 2774 956 2836 φυσικαῖς
985 2773 1042 2826 δὲ
1078 2776 1309 2841 ἐννοίαις
1352 2778 1783 2851 ἀνακινούμενοι,
1817 2782 1876 2835 τὸ
1906 2784 2007 2853 μὲν

435 2857 698 2929 ὑπάρχειν
740 2864 798 2914 ἐν
838 2866 950 2927 τοῖς
979 2862 1096 2920 οὖσι
1144 2867 1292 2922 θείαν
1320 2869 1441 2923 τινὰ
1480 2871 1707 2942 δύναμιν
1750 2875 1843 2927 καὶ
1873 2875 2006 2929 Θεὸν

430 2943 591 3017 εἶναι,
621 2954 714 3007 καὶ
737 2954 1114 3027 ὀνομάζεσθαι,
1147 2960 1412 3032 σωτήριόν
1437 2979 1497 3015 τε
1530 2964 1624 3017 καὶ
1652 2965 2005 3039 εὐεργετικὴν

428 3044 714 3114 τυγχάνειν
769 3046 868 3119 τὴν
936 3051 1307 3123 προσηγορίαν
1366 3054 1624 3124 αὐτοφυεί
1688 3057 2005 3131 διδασκαλίᾳ

430 3137 866 3207 συνωμολόγουν·
894 3140 957 3194 τὸ
993 3142 1050 3196 δὲ
1084 3142 1157 3214 μὴ
1191 3143 1320 3197 ἄλλο
1354 3162 1407 3198 τι
1429 3146 1670 3217 νομίζειν
1696 3150 1728 3220 ἢ
1753 3150 1844 3203 τὸν
1870 3151 1997 3204 ἐπέ-
2023 3188 2064 3242 C

426 3244 578 3281 κεινα
609 3229 826 3303 ἀπάσης
857 3231 958 3302 τῆς
986 3233 1268 3305 όρωμένης
1297 3236 1507 3301 οὐσίας,
1547 3239 1648 3292 οὐκ
1683 3239 1760 3293 ἔθ’
1793 3236 1895 3295 οἷοί
1936 3259 1997 3295 τε

422 3315 562 3388 ἦσαν
595 3321 970 3392 ἀποδέχεσθαι.
993 3325 1192 3398 Διόπερ
1227 3347 1245 3379 ι
1274 3330 1324 3382 oi
1360 3329 1458 3401 μὲν
1488 3330 1669 3385 αὐτῶν
1691 3332 1993 3407 ἐσεϐάσθη-

425 3426 543 3468 σαν.
576 3412 669 3465 καὶ
714 3412 1044 3483 ἐλάτρευσαν
1083 3418 1149 3487 τῇ
1183 3422 1356 3472 κτίσει
1399 3420 1550 3492 παρά
1578 3421 1670 3475 τὸν
1698 3423 1991 3478 κτίσαντα·

420 3503 469 3553 οἱ
502 3502 559 3554 δὲ
596 3502 1018 3576 ἐματαιώθησαν
1045 3508 1104 3560 ἐν
1136 3511 1249 3572 τοῖς
1277 3508 1644 3582 διαλογισμοῖς
1671 3515 1869 3580 αὐτῶν,
1900 3517 1995 3570 καὶ

419 3594 706 3665 ἐσκοτίσθη
738 3599 771 3668 ἡ
817 3595 1072 3661 ἀσύνετος
1113 3599 1292 3655 αὐτῶν
1325 3602 1543 3674 καρδία,
1593 3604 1670 3669 ώς
1708 3606 1993 3672 ἐναλλάξαι

417 3688 520 3760 τὴν
543 3687 701 3753 δόξαν
730 3688 825 3743 τοῦ
857 3689 1133 3762 ἀφθάρτου
1176 3693 1313 3747 Θεοῦ
1344 3696 1402 3747 ἐν
1428 3694 1736 3769 ὁμοιώματι
1786 3698 1992 3764 εἰκόνος

420 3776 659 3850 φθαρτοῦ
710 3778 1020 3850 ἀνθρώπου,
1059 3784 1153 3837 καὶ
1195 3784 1457 3839 πετεινῶν
1495 3786 1588 3840 καὶ
1618 3788 1984 3858 τετραπόδων,

417 3869 513 3922 καὶ
542 3870 805 3941 ἑρπετῶν.
837 3890 858 3924 ›
890 3872 1117 3945 Νεκρῶν
1136 3875 1193 3929 δὲ
1221 3871 1314 3929 οὖν
1339 3876 1447 3930 οἶδε
1486 3876 1690 3949 ἀνδρῶν
1715 3878 1989 3934 δυναστῶν

414 3975 597 4024 τινων,
644 3960 678 4030 ἢ
734 3961 825 4015 καὶ
877 3963 1155 4034 τυράννων
1197 3965 1367 4018 πάλαι
1416 3966 1725 4036 γενομένων
1774 3969 1988 4033 εἰκόνας

415 4049 1012 4122 ἀνειδωλοποιήσαντες,
1050 4054 1145 4107 καὶ
1176 4053 1403 4119 ταύταις
1425 4055 1486 4108 τὸ
1515 4054 1658 4108 θεῖον
1686 4057 1988 4128 περιάψαν-

412 4157 503 4207 τες
533 4141 719 4206 σέϐας,
751 4142 850 4208 τάς
878 4161 939 4197 τε
977 4145 1240 4210 ἐκτόπους
1267 4147 1362 4200 καὶ
1393 4147 1724 4212 ἀκολάστους
1750 4147 1858 4202 τῶν
1891 4149 1988 4202 αὐ-

410 4233 519 4289 τῶν
553 4234 799 4306 πράξεις,
827 4236 902 4300 ὡς
927 4235 1064 4292 θεῶν
1092 4238 1488 4311 κατορθώματα
1526 4240 1811 4312 σεμνύνειν
1838 4241 1986 4294 ἐθεο-

409 4326 668 4398 λόγησαν.
702 4328 830 4393 Πῶς
855 4324 947 4384 οὖν
981 4332 1093 4395 τοῖς
1128 4331 1484 4403 τυγχάνουσιν
1516 4333 1575 4385 ἐν
1606 4333 1832 4408 τοιαύτῃ
1866 4334 1981 4405 βίου

408 4420 739 4474 καταπάτει
775 4423 804 4475 ό
834 4421 1106 4491 πάνσοφος
1136 4424 1230 4476 καὶ
1258 4422 1558 4495 πανάρετος
1602 4423 1695 4477 τοῦ
1741 4424 1978 4497 Χριστοῦ

2117 1951 2171 2003 in
2219 1963 2428 2004 summa
2473 1957 2805 2019 repetentur.
2842 1951 2979 2005 Cum
3010 1952 3214 2009 multus
3241 1962 3386 2010 esset
3416 1958 3691 2026 quondam

2114 2039 2209 2110 qui
2257 2039 2528 2098 humanas
2579 2042 2792 2097 animas
2850 2042 3237 2100 obtenebraret
3295 2048 3593 2118 impietatis
3636 2058 3690 2105 et

2114 2134 2364 2187 amentiae
2385 2134 2607 2203 squalor
2633 2173 2647 2197 ,
2678 2141 2734 2188 et
2758 2135 2941 2204 gravis
2958 2136 3202 2205 quaedam
3235 2152 3264 2189 a
3290 2136 3400 2193 Deo
3430 2140 3690 2196 alienatio

2113 2234 2329 2276 onmem
2355 2222 2519 2275 vitam
2548 2222 2833 2277 hominum
2879 2224 3188 2295 subegisset
3218 2240 3381 2296 atque
3421 2243 3690 2300 occupas-

2116 2321 2217 2373 set,
2252 2310 2388 2367 adeo
2419 2323 2478 2366 ut
2507 2314 2576 2369 ab
2610 2314 2918 2385 agrestibus
2954 2324 3007 2370 et
3052 2318 3351 2373 immitibus
3380 2316 3510 2375 feris
3550 2323 3688 2378 nihil

2115 2401 2331 2458 dilierre
2362 2404 2609 2460 homines
2661 2405 3006 2470 viderentur,
3036 2415 3149 2461 tum
3186 2409 3260 2461 illi
3289 2425 3466 2480 neque
3498 2413 3689 2467 civita-

2110 2504 2212 2558 tes,
2231 2510 2403 2564 neque
2425 2497 2784 2565 respublicas,
2803 2513 2981 2568 neque
3007 2500 3169 2569 leges,
3195 2515 3371 2570 neque
3395 2502 3686 2559 honestum

2108 2586 2403 2656 quidquam
2438 2595 2533 2640 aut
2574 2589 2698 2642 vita:
2750 2589 3097 2645 conducibile
3151 2598 3450 2656 noverant,
3510 2609 3688 2666 neque

2108 2691 2236 2731 vero
2267 2678 2528 2734 scientias
2563 2679 2701 2735 ullas
2726 2689 2819 2734 aut
2839 2692 2986 2736 artes
3020 2680 3202 2735 animo
3231 2684 3689 2754 complecteban—

2108 2774 2216 2834 tur,
2247 2768 2465 2825 virtutis
2483 2778 2664 2822 autem
2684 2783 2748 2823 ac
2781 2768 3145 2839 philosophiae
3167 2785 3237 2825 ne
3265 2775 3544 2827 minimam
3560 2774 3685 2844 qui-

2106 2857 2226 2913 dem
2257 2860 2534 2914 notionem
2568 2860 2847 2925 tenebant,
2872 2860 2968 2916 sed
3003 2862 3057 2915 in
3096 2862 3230 2918 solis
3260 2862 3496 2920 desertis
3520 2866 3679 2931 locis,

2106 2949 2160 3002 in
2195 2950 2476 3025 montibus
2506 2965 2568 3005 ac
2598 2952 2876 3023 speluncis
2920 2963 2974 3008 et
3015 2952 3155 3009 vicis
3209 2954 3470 3025 degentes
3492 2972 3681 3014 versa-

2106 3020 2324 3105 bantur,
2343 3042 2685 3094 etlatronum
2719 3042 2895 3096 instar
2920 3057 3017 3097 eos
3042 3044 3133 3113 qui
3168 3046 3394 3115 propius
3420 3053 3682 3103 accessis-

2103 3137 2224 3185 sent
2257 3130 2589 3188 invadebant
2626 3173 2641 3198 ,
2678 3151 2776 3190 nec
2823 3135 3042 3191 aliunde
3095 3137 3198 3192 sibi
3235 3139 3436 3194 victum
3465 3157 3675 3211 quzere-

2098 3222 2248 3286 bant,
2285 3238 2449 3293 quam
2489 3239 2556 3280 ex
2586 3240 2776 3279 eorum
2831 3227 3187 3296 oppressione
3236 3243 3375 3299 quos
3425 3230 3673 3286 imbecil-

2093 3315 2258 3371 liores
2288 3318 2430 3372 nacti
2466 3324 2691 3373 essent:
2746 3318 2910 3373 iidem
2950 3334 3117 3390 porro
3148 3337 3326 3392 neque
3356 3339 3672 3394 supremum

2093 3407 2284 3474 Deum,
2318 3424 2494 3480 neque
2524 3410 2695 3465 ullum
2761 3412 3044 3483 religionis
3080 3431 3225 3470 verte
3256 3417 3479 3473 modum
3503 3436 3674 3477 nove-

2092 3508 2235 3562 rant,
2265 3500 2362 3555 sed
2392 3501 2524 3556 solis
2566 3501 2895 3572 quihusdam
2949 3506 3294 3562 naturalibus
3347 3509 3670 3566 notionibus

2088 3588 2358 3656 instincti,
2393 3590 2659 3647 exsistere
2690 3591 2912 3662 quidem
2945 3592 3116 3666 365..
3142 3595 3195 3648 in
3234 3597 3398 3652 rebus
3432 3598 3671 3654 divinam

2089 3681 2359 3751 quandam
2391 3684 2518 3746 vim,
2556 3682 2833 3752 Deumque
2878 3699 3001 3738 esse
3047 3700 3110 3738 ac
3140 3688 3434 3752 nominari,
3467 3698 3522 3743 et
3548 3705 3669 3745 eam

2088 3773 2381 3827 salutarem
2412 3787 2477 3826 ac
2496 3772 2797 3827 beneficam
2842 3775 3049 3829 sentire
3097 3778 3537 3845 appellationem,
3568 3797 3670 3834 na-

2087 3864 2250 3917 turali
2303 3863 2540 3933 quadam
2603 3865 2856 3919 doctrina
2896 3866 3248 3933 fatebantur;
3306 3878 3364 3923 ut
3394 3887 3526 3926 vero
3556 3889 3665 3928 non

2086 3955 2234 4009 aliud
2263 3955 2561 4026 quidquam
2590 3965 2863 4025 putarent,
2899 3973 3061 4028 quam
3086 3974 3209 4013 eum
3241 3961 3336 4029 qui
3363 3969 3447 4016 est
3498 3978 3663 4033 supra

2084 4058 2301 4099 omnem
2330 4061 2452 4115 quae
2473 4048 2718 4101 cernitur
2748 4057 3023 4112 naturam,
3066 4064 3411 4122 nequaquam
3464 4053 3663 4111 adduci

2083 4145 2354 4209 poterant.
2385 4138 2617 4196 Proinde
2645 4157 2663 4191 ι
2705 4143 2950 4195 nonnulli
2977 4144 3195 4213 quidem
3227 4159 3420 4200 eorum
3447 4148 3659 4203 cultum

2084 4246 2243 4287 suum
2264 4232 2588 4295 tribuerunt,
2610 4246 2672 4287 ac
2690 4233 2998 4288 servierunt
3011 4243 3275 4290 creatura:
3293 4238 3475 4307 potius
3492 4254 3661 4310 quam

2081 4321 2370 4377 Creatori:
2406 4322 2500 4375 alii
2555 4337 2686 4377 vero
2729 4330 3074 4377 evanuerunt
3120 4325 3175 4378 in
3227 4325 3660 4396 cogitationibus

2083 4414 2219 4477 suis,
2259 4421 2314 4469 et
2335 4413 2689 4468 obscuratum
2720 4424 2807 4469 est
2838 4414 3105 4485 insipiens
3131 4430 3230 4470 cor
3279 4432 3493 4484 eorum,
3521 4418 3671 4484 adeo

407 4507 563 4577 λόγος
602 4510 700 4581 τὴν
745 4514 826 4575 είς
864 4514 1031 4585 ἄκρον
1072 4513 1461 4582 καταγγέλλων
1495 4512 1832 4584 φιλοσοφίαν,
1868 4519 1980 4580 τοῖς

2100 4504 2298 4574 ιυίάθιῐι
2330 4514 2389 4560 ιιι
2422 4507 2754 4559 mutaverint
2793 4506 3024 4577 gloriam
3053 4507 3491 4579 incorruptiliilis
3537 4510 3659 4577 Dei,

405 4615 464 4651 τε
493 4601 551 4651 ἐν
578 4601 816 4673 τοσούτῳ
848 4601 1000 4672 βάθει
1035 4603 1233 4668 κακίας
1279 4604 1716 4677 καλινδουμένοις
1754 4606 1975 4662 δύναται

406 4689 728 4761 ἀρμόττειν;
757 4693 835 4747 διὸ
856 4694 920 4766 δὴ
947 4695 1185 4760 ἐκείνους
1210 4699 1243 4768 η
1267 4695 1385 4751 θεία
1415 4697 1511 4751 καὶ
1535 4699 1750 4754 πάντων
1781 4699 1974 4772 ἔφορος

401 4778 637 4851 δίκη,ὡς
671 4782 866 4854 ἀγρίαν
894 4786 986 4838 κα)⁵
1017 4785 1433 4858 βλαϐερωτάτην
1458 4787 1590 4859 ὓλην
1615 4789 1975 4861 περικόπτου-

404 4889 495 4932 σα,
544 4873 666 4925 τοτέ
716 4873 813 4943 μὲν
866 4876 1287 4948 κατακλυσμοῖς,
1334 4880 1454 4932 τοτὲ
1497 4879 1552 4932 δέ
1598 4880 1972 4953 πυρπολήσεσι

404 4961 624 5032 μετῄει·
656 4964 776 5017 τοτὲ
811 4963 870 5017 δὲ
907 4965 1102 5030 αὐτοὺς
1132 4970 1242 5031 τοῖς
1266 4970 1386 5022 κατ’
1415 4968 1659 5040 ἀλλήλων
1693 4969 1969 5042 πολέμοις,

397 5054 808 5126 ἀνδροκτασίαις
829 5073 888 5108 τε
917 5058 1011 5110 καὶ
1040 5058 1372 5130 πολιορκίαις
1404 5059 1490 5112 ἐπ’
1514 5059 1776 5131 ἀλλήλους
1797 5077 1968 5132 παρε-

397 5145 561 5210 δίδου,
591 5145 726 5217 πρὸς
761 5146 940 5200 αὐτῶν
957 5146 1065 5201 τῶν
1097 5149 1384 5220 δαιμόνων,
1409 5149 1517 5203 τῶν
1534 5149 1599 5222 δὴ
1627 5149 1764 5204 θεῶν
1791 5151 1970 5215 αὐτοῖς

396 5236 819 5306 νενομισμένων,
856 5238 948 5291 ἐπὶ
989 5239 1080 5292 τὸν
1128 5241 1248 5293 κατ’
1272 5241 1515 5313 ἀλλήλων
1547 5241 1782 5313 πόλεμον
1824 5242 1965 5308 ἐξοι-

395 5327 754 5397 στρουμὲνους
777 5345 790 5358 ·
822 5327 960 5381 ὥστε
982 5329 1177 5383 ἄϐατον
1211 5327 1345 5386 εἶναι
1390 5337 1502 5399 τοῖς
1547 5333 1962 5407 πλησιοχώροις,

392 5414 745 5487 ἀνεπίμικτὸν
769 5436 827 5472 τε
854 5420 948 5473 καὶ
972 5421 1332 5494 ἀκοινώνητον
1358 5425 1451 5478 τὸν
1478 5425 1598 5479 τότε
1625 5425 1734 5479 τῶν
1756 5425 1965 5498 ἀνθρώ-

392 5519 510 5558 πων
543 5504 677 5577 βίον.
703 5507 934 5579 Βραχεῖς
965 5509 1022 5562 δέ
1055 5527 1225 5576 τινας,
1246 5512 1321 5578 ὡς
1355 5516 1413 5567 ἐν
1448 5514 1671 5589 τοιαύτῃ
1700 5517 1962 5571 καταστά-

394 5611 497 5661 σει,
552 5599 645 5653 καὶ
695 5600 913 5671 ἀριθμῷ
965 5602 1221 5673 ληπτούς,
1259 5598 1335 5660 ὧν
1387 5606 1456 5662 τὰ
1501 5609 1631 5677 παρ’
1691 5606 1959 5678 Ἑϐραίοις

461 5770 509 5804 ιι
548 5770 706 5832 nom.
744 5792 797 5845 ι,
835 5775 940 5847 23,
976 5779 1037 5836 ει
1074 5778 1165 5837 es.

2081 4597 2136 4650 in
2162 4596 2578 4652 similitudinem
2613 4597 2867 4667 imaginis
2897 4600 3276 4670 corruptibilis
3311 4602 3571 4667 hominis,
3600 4611 3657 4659 et

2077 4686 2383 4751 volucrum,
2404 4694 2458 4740 et
2477 4685 2912 4756 quadrupedum,
2937 4696 2990 4744 et
3009 4690 3413 4759 serpentium".
3430 4712 3448 4743 ι
3468 4691 3655 4763 itaque

2078 4787 2421 4834 mortuorum
2466 4780 2714 4834 virorum
2766 4783 3127 4852 quorumdam
3171 4787 3473 4855 potentium
3499 4825 3515 4848 ,
3558 4798 3654 4843 aut

2077 4870 2238 4924 etiam
2257 4878 2613 4942 tyrannorum
2641 4874 2733 4943 qui
2760 4875 3062 4945 antiquitus
3088 4875 3341 4941 fuissent,
3363 4893 3486 4933 cum
3513 4878 3650 4932 ima-

2076 4961 2230 5032 gines
2263 4977 2362 5031 pro
2392 4962 2706 5019 simulacris
2765 4966 3073 5022 erexissent
3102 5006 3116 5031 ,
3156 4966 3350 5036 bisque
3402 4967 3648 5022 divinum

2076 5053 2395 5109 tribuissent
2423 5055 2651 5121 cultum,
2687 5064 2799 5111 tum
2837 5057 3100 5112 deformia
3162 5066 3324 5126 atque
3372 5057 3645 5127 impudica

2075 5146 2390 5202 eorumdem
2445 5146 2589 5202 facta
2636 5149 2793 5219 quasi
2846 5149 3070 5203 deorum
3103 5157 3255 5217 gesta
3280 5149 3644 5218 pulcherrima

2074 5240 2343 5305 venerari,
2360 5240 2681 5313 theologicis
2697 5240 3024 5313 quibusdam
3042 5241 3239 5295 ritibus
3264 5242 3642 5297 instituerunt.

2071 5329 2174 5397 Qui
2211 5331 2376 5402 igitur
2409 5331 2525 5387 fieri
2577 5334 2847 5405 potuisset
2880 5341 2938 5389 ut
2990 5336 3044 5389 in
3079 5334 3170 5387 tali
3205 5343 3351 5389 statu
3388 5334 3512 5390 vitae
3546 5335 3642 5391 de-

2067 5424 2341 5494 gentibus,
2377 5433 2540 5495 atque
2567 5425 2619 5478 in
2648 5435 2794 5480 tanta
2847 5425 3221 5496 profunditate
3260 5427 3483 5483 malitia:
3515 5444 3640 5483 ver-

2067 5516 2338 5581 santibus,
2371 5518 2833 5587 sapientissimum
2861 5526 3026 5590 atque
3060 5535 3277 5574 omnem
3300 5521 3555 5575 virtutem
3581 5521 3637 5577 in

2067 5622 2125 5663 se
2147 5609 2432 5664 continens
2460 5607 2665 5664 Christi
2696 5608 2955 5676 Verbum,
2978 5610 3107 5666 dum
3141 5626 3412 5668 summam
3446 5612 3629 5686 perle-
