4098 6450
390 358 489 415 571

1075 353 1345 406 Μιδωιι
1379 350 1856 407 CESARIENSIS
1894 351 2045 408 OPP.
2085 349 2269 406 PARS
2303 344 2460 403 ll.-—
2495 347 2993 406 APOLOGETICA.

3565 353 3671 410 572

389 479 650 544 ctamqne
679 474 897 528 nuntiat
948 472 1373 543 philosophiam,
1413 472 1926 527 accommodaretur
1957 473 1980 526 ’ἓ

2088 470 2416 542 μνημονεύει
2464 470 2641 541 λόγια,
2697 470 2965 542 θεοφιλεῖς
3013 470 3274 542 εὑροῦσα,
3323 471 3533 539 τούτοις
3579 475 3668 532 διὰ

392 563 741 635 Quapmpter
766 566 888 619 illos
922 564 1110 619 divina
1166 564 1457 634 omniaque
1509 579 1712 619 curans
1736 563 1973 633 justitia,

392 657 554 727 quasi
587 664 858 727 agrestem
890 663 943 709 et
970 656 1420 711 nocentissimam
1458 655 1654 710 silvam
1686 655 1977 712 attondens

393 756 558 818 atque
587 756 903 817 amputans,
924 761 1073 801 nunc
1103 747 1322 816 quidem
1344 746 1591 810 diluviis,
1627 762 1777 801 nunc
1793 754 1975 802 autem

393 838 660 895 incendiis
683 839 985 909 castigabat
1011 857 1024 894 :
1060 837 1336 893 interdum
1366 854 1497 894 vero
1515 837 1738 894 eosdem
1769 839 1978 894 mutuis

394 931 554 986 bellis
596 938 653 985 et
703 931 947 987 caedibus
978 940 1033 987 ct
1067 930 1453 987 obsidionibus
1501 931 1744 988 assiduis
1794 931 1981 987 trade-

393 1025 507 1088 bat,
552 1023 756 1094 quippe
797 1040 937 1094 quos
967 1025 1072 1094 ipsi
1106 1024 1403 1087 daemones,
1443 1026 1586 1094 ipsi,
1618 1026 1864 1096 inquam,
1899 1024 1978 1079 illi

392 1132 533 1187 quos
557 1116 690 1181 deos
719 1132 851 1172 suos
880 1118 1203 1181 censebant,
1231 1118 1284 1171 in
1305 1117 1522 1172 furores
1548 1117 1837 1181 bellorum,
1856 1117 1981 1187 qui-

397 1212 499 1264 bus
529 1215 721 1263 contra
760 1224 821 1263 se
854 1208 1088 1263 invicem
1124 1215 1527 1277 grassarentur,
1555 1207 1976 1264 inflammarent.

396 1297 476 1355 Ex
522 1313 633 1369 quo
681 1298 845 1353 fielzat
896 1306 957 1353 ut
989 1299 1170 1353 nullos
1202 1299 1343 1353 inter
1386 1313 1445 1354 se
1498 1298 1679 1354 aditus
1715 1298 1981 1354 haberent

395 1391 637 1457 finitimi,
689 1391 785 1446 sed
818 1391 1159 1461 impermista
1194 1390 1843 1461 incommunicabilisque
1877 1391 1980 1445 bo-

397 1492 606 1546 minum
638 1499 793 1548 esset
828 1491 941 1547 illis
978 1492 1321 1562 temporibus
1362 1493 1495 1547 vita.
1528 1491 1742 1548 Paucos
1795 1500 1978 1550 autem

395 1580 686 1651 quosdam,
723 1588 783 1635 ut
819 1583 877 1634 in
906 1581 1177 1651 ejusmodi
1214 1589 1381 1644 statu,
1435 1588 1490 1636 et
1534 1581 1691 1636 facile
1721 1594 1970 1635 numera-

396 1672 811 1742 biles,quarum
860 1687 1019 1728 saera
1051 1671 1196 1743 apud
1222 1671 1479 1728 Hebraeos
1525 1674 1750 1727 oracula
1782 1672 1978 1727 memi-

394 1769 618 1828 nerunt,
634 1759 729 1817 Dei
749 1762 1029 1819 studiosos
1063 1763 1380 1833 amicosque
1411 1771 1596 1830 nacta,
1625 1763 1727 1819 hos
1759 1765 1909 1835 ipsos
1925 1770 1979 1817 et

2078 562 2344 634 χρησμῶν
2389 562 2484 616 καὶ
2528 561 2810 634 θειοτέρας
2841 562 3164 630 ἐπιφανείας
3208 562 3425 633 ὡμίλει,
3467 563 3667 631 δεξιου-

2083 655 2221 726 μένη
2254 655 2380 720 τοὺς
2419 654 2616 727 ἄνδρας
2639 656 2733 708 καὶ
2755 654 3133 726 θεραπεύουσα
3157 654 3341 727 νόμοις
3372 660 3484 722 τοῖς
3517 660 3666 731 παρά

2079 746 2360 810 Μωῦσέως
2391 748 2775 816 είσαγωγικοϊς
2805 747 2900 800 καὶ
2931 745 3270 817 βιωφελέσιν.
3305 748 3444 802 Ἀλλ’
3470 750 3557 803 ὅτε
3598 750 3664 824 δὴ

2081 838 2145 890 ἐκ
2198 838 2299 909 τῆς
2354 838 2565 902 τούτοις
2612 838 2963 909 διαταγείσης
3013 838 3332 910 νομοθεσίας
3362 840 3428 894 ἐκ
3467 859 3525 895 τε
3556 843 3664 897 τῶν

2083 929 2221 1001 μετά
2252 930 2425 984 ταῦτα
2458 929 2812 1002 προφητικῶν
2847 930 3192 1001 μαθημάτων
3221 934 3301 996 είς
3331 932 3541 996 πάντας
3571 933 3665 987 ἀνο

2080 1019 2329 1093 θρὼπους
2378 1020 2606 1085 εὐωδίας
2653 1021 2812 1092 δίκην
2872 1022 3277 1093 προχεομένων,
3313 1022 3413 1095 ἤδη
3475 1023 3664 1078 λοιπὸν

2080 1111 2334 1182 ήμέρωτο
2362 1112 2467 1164 τῶν
2490 1110 2701 1165 πολλῶν
2731 1112 2801 1165 τά
2833 1113 3177 1183 φρονήματα,
3208 1115 3322 1177 τοῖς
3354 1130 3411 1166 τε
3446 1113 3664 1179 πολλοῖς

2079 1204 2256 1257 ἔθνεσι
2299 1204 2564 1259 πολιτεῖαι
2605 1205 2700 1257 καὶ
2733 1203 3047 1276 νομοθεσίαι
3095 1207 3429 1273 συνίσταντο,
3459 1208 3662 1278 ἀρετῆς

2079 1312 2138 1348 τε
2186 1297 2279 1349 καὶ
2312 1296 2626 1365 φιλοσοφίας
2669 1296 2842 1368 ὄνομα
2889 1295 3040 1368 παρά
3069 1301 3180 1362 τοῖς
3204 1299 3417 1363 πολλοῖς
3444 1300 3658 1367 ἐϐοᾶτο,

2078 1386 2153 1450 ὡς
2177 1386 2242 1441 ἂν
2280 1389 2636 1459 πεπαυμένης
2675 1389 2774 1459 τῆς
2811 1388 3046 1453 παλαιᾶς
3093 1390 3402 1462 θηριωδίας,
3442 1408 3651 1463 μετατιρ

2080 1480 2315 1551 θεμένης
2358 1481 2416 1534 δὲ
2453 1482 2553 1553 τῆς
2589 1481 2787 1552 ἀγρίας
2827 1482 2919 1534 καὶ
2952 1482 3193 1553 ἀπηνοῦς
3223 1483 3433 1554 διαίτης
3458 1485 3553 1536 ἐπὶ
3595 1485 3660 1539 τὸ

2080 1573 2402 1642 πραότερον,
2428 1572 2591 1635 αὐτὸς
2623 1572 2722 1644 ήδη
2762 1573 2945 1627 λοιπὸν
2979 1573 3119 1627 κατά
3164 1573 3352 1648 καιρὸν
3380 1575 3471 1629 τὸν
3489 1594 3644 1649 προσ-

2079 1667 2280 1737 ήκοντα
2320 1667 2351 1718 ὁ
2388 1664 2498 1718 τῶν
2528 1665 2748 1719 τελείων
2776 1683 2835 1719 τε
2858 1668 2951 1720 καὶ
2975 1668 3241 1739 οὐρανίων
3273 1669 3557 1738 δογμάτων
3596 1686 3658 1723 τε

2080 1758 2174 1811 καὶ
2207 1756 2542 1828 μαθημάτων
2575 1758 2779 1823 τέλειος
2826 1759 2921 1813 καὶ
2969 1760 3218 1831 οὐράνιος
3257 1759 3594 1823 διδάσκαλος,
3629 1763 3657 1815 ὁ

396 1854 682 1921 responsis
712 1853 1117 1925 alloquebatur,
1146 1861 1201 1909 et
1231 1854 1298 1908 ad
1333 1853 1553 1911 divinas
1584 1856 1828 1912 visiones
1875 1855 1973 1909 ad-

2081 1849 2176 1919 τῆς
2206 1848 2440 1919 ἀληθοῦς
2482 1848 2813 1919 θεογνωσίας
2861 1853 3220 1921 εἰσαγωγεὺς,
3254 1855 3282 1905 ό
3317 1851 3450 1916 Θεὸς
3488 1852 3661 1921 Λόγος

396 1951 669 2016 mittebat,
702 1952 1035 2023 eosdemque
1085 1953 1304 2007 interim
1334 1956 1493 2024 quasi
1527 1969 1694 2008 manu
1750 1963 1979 2024 captans

394 2046 648 2109 curabat,
679 2054 732 2100 et
766 2045 998 2116 legibus,
1043 2060 1183 2116 quas
1223 2045 1403 2101 Moses
1456 2047 1674 2110 ﬁxerat,
1719 2047 1980 2101 cultiores

395 2135 676 2192 reddebat.
704 2135 809 2193 Sed
835 2138 924 2192 ubi
945 2137 1061 2207 jam
1086 2153 1154 2194 ex
1185 2139 1398 2209 legibus
1413 2154 1535 2209 qua:
1554 2139 1640 2194 his
1669 2139 1803 2208 ipsis
1840 2136 1979 2192 dataa

396 2227 634 2295 fuerant,
681 2235 846 2299 atque
878 2245 944 2285 ex
976 2230 1315 2301 propheticis
1370 2231 1601 2301 posthac
1645 2229 1977 2300 disciplinis,

393 2323 450 2377 in
475 2337 666 2378 omnes
695 2321 948 2378 homines
981 2322 1295 2393 fragrantia;
1327 2323 1616 2393 cujusdam
1650 2323 1827 2378 instar
1847 2337 1978 2391 pro-

395 2416 553 2479 fusis,
576 2416 720 2486 quod
744 2424 1053 2487 supererat,
1076 2418 1369 2473 multorum
1386 2416 1554 2471 animi
1582 2417 1979 2472 mansuetiores

393 2530 703 2587 evaserant,
722 2522 884 2593 365
902 2524 1197 2594 multisque
1218 2523 1470 2593 gentibus
1491 2530 1545 2579 et
1561 2522 1751 2577 civiles
1772 2536 1976 2587 mores,

393 2624 447 2666 et
492 2612 669 2684 legum
717 2614 1095 2671 institutiones
1150 2615 1523 2679 constabant,
1556 2616 1886 2686 virtutisque
1914 2628 1980 2671 ac

394 2705 757 2776 philosophia:
783 2721 986 2761 nomen
1014 2706 1161 2783 apud
1198 2706 1399 2762 multos
1427 2706 1773 2774 audiebatur,
1810 2706 1975 2777 quasi

393 2796 575 2866 prisca
608 2797 697 2851 illa
754 2797 969 2853 feritate
990 2797 1298 2862 desinente,
1328 2806 1382 2852 et
1412 2797 1616 2868 agresti
1645 2798 1982 2869 iinmanique

395 2889 545 2943 victu
607 2889 663 2944 in
715 2890 987 2945 mitiorem
1013 2889 1128 2960 jam
1172 2896 1530 2953 commutato,
1564 2890 1683 2960 ipse
1709 2890 1821 2960 jam
1865 2899 1979 2944 tuin

396 2982 662 3051 temporis
692 2983 1157 3052 opportunitatem
1190 2992 1404 3047 nactus,
1440 2983 1556 3053 ipse
1590 2982 1815 3053 inquam
1863 2999 1983 3055 per—

395 3071 664 3128 fectorum
691 3074 1109 3144 ccelestiumque
1137 3075 1513 3130 institutorum
1538 3076 1981 3147 disciplinarum-

394 3182 503 3235 que
531 3164 806 3236 perfectus
823 3167 1171 3237 cmlestisque
1188 3167 1463 3238 magister,
1491 3184 1733 3237 veraeque
1755 3167 1846 3224 Dei
1869 3184 1979 3223 no-
2007 3183 2048 3239 (ς

395 3259 530 3313 litim
587 3257 930 3314 introductor
965 3257 1109 3315 Deus
1141 3257 1383 3315 Verbum
1416 3260 1657 3331 seipsum
1701 3260 1974 3322 exhibuit,

396 3351 463 3405 ad
512 3351 893 3421 praescriptum
945 3352 1198 3407 humanae
1229 3368 1260 3407 a
1294 3367 1353 3408 se
1378 3353 1724 3409 assumendae
1771 3360 1979 3407 natura:

394 3460 633 3522 tempus,
664 3468 937 3524 unamque
991 3454 1246 3524 gentibus
1302 3453 1577 3509 universis
1613 3463 1722 3507 tam
1776 3451 1979 3508 Graecis

396 3536 861 3615 quam'barbaris,
896 3546 1046 3601 omni
1077 3548 1267 3618 utique
1299 3547 1543 3602 humano
1572 3546 1780 3618 generi,
1801 3546 1981 3600 Patris

396 3635 484 3690 sui
514 3636 857 3691 clementiam
884 3637 1249 3709 pietatemque
1282 3639 1542 3693 nuntiare
1566 3646 1682 3692 tum
1712 3637 1902 3707 cmpit,
1927 3643 1981 3691 et

396 3731 465 3785 ad
496 3745 660 3784 unam
689 3739 919 3787 cunctos
952 3730 1203 3787 homines
1254 3731 1310 3785 in
1344 3729 1454 3786 Deo
1483 3729 1765 3785 adhortari
1817 3728 1982 3783 salu-

395 3830 529 3885 tem,
562 3822 845 3892 ipsamque
875 3822 1161 3878 veritatem
1193 3836 1444 3892 verteque
1476 3819 1978 3892 religionislumen,

397 3932 499 3972 nec
528 3930 639 3971 non
671 3917 896 3974 caeleste
957 3930 1188 3986 regnum
1218 3929 1283 3968 ac
1314 3914 1663 3984 sempiterna:
1694 3911 1820 3967 vitae
1852 3926 1981 3982 pro-

398 4006 740 4069 missionem,
762 4004 1021 4062 omnibus
1045 4005 1160 4076 ipse
1187 4003 1339 4074 prior
1367 4001 1641 4073 spondere
1669 4015 1735 4057 ac
1763 4015 1979 4071 parare.

401 4096 678 4153 llactenus
733 4097 902 4167 igitur
957 4096 1072 4151 haec
1128 4095 1278 4150 dicta
1334 4093 1446 4149 sint
1497 4094 1566 4149 de
1623 4092 1981 4162 temporibus,

400 4213 563 4268 quam
622 4198 811 4268 utique
840 4198 912 4253 ob
939 4212 1163 4254 causam
1206 4211 1321 4252 non
1361 4196 1477 4268 jam
1523 4195 1618 4251 diu
1644 4235 1660 4261 ,
1703 4195 1802 4251 sed
1834 4211 1983 4252 nunc

400 4297 642 4360 demum,
678 4297 935 4353 Christus
972 4294 1066 4350 Dei
1094 4296 1152 4351 in
1180 4310 1374 4351 omnes
1421 4294 1674 4350 homines
1705 4309 1867 4349 suum
1895 4295 1985 4350 lu-

402 4410 529 4451 men
589 4395 851 4450 emiserit.
907 4392 1176 4449 Czeterum
1223 4390 1291 4447 ad
1332 4390 1616 4462 superiora
1663 4390 1982 4453 redeuntes,

2081 1940 2353 2009 ἐπέφανενο
2388 1941 2599 2004 ἑαυτὸν,
2636 1943 2778 1995 κατά
2808 1943 2901 1996 τὸν
2934 1945 3323 2015 ύπογραφέντα
3374 1945 3476 2015 τῆς
3506 1946 3661 1999 ἐναν-

2081 2030 2414 2103 θρωπήσεως
2446 2033 2610 2086 αὐτοῦ
2643 2033 2854 2105 χρόνον,
2907 2034 3033 2105 μίαν
3079 2038 3191 2099 τοῖς
3232 2037 3397 2090 πᾶσιν
3428 2034 3665 2100 ἔθνεσιν,

2083 2121 2305 2193 Ἕλλησί
2353 2140 2413 2176 τε
2465 2123 2561 2177 καὶ
2617 2123 2931 2196 βαρϐάροις,
2958 2125 3035 2197 τῷ
3068 2143 3128 2179 τε
3175 2126 3338 2181 παντὶ
3376 2125 3519 2182 ἔθνει
3552 2126 3661 2182 τῶν

2080 2213 2381 2286 ἀνθρώπων
2428 2214 2529 2286 τὴν
2565 2216 2662 2269 τοῦ
2702 2216 2916 2289 Πατρδς
2948 2218 3355 2290 φιλανθρωπίαν
3386 2219 3658 2288 εὐαγγελι-

2081 2305 2327 2376 ζόμενος,
2359 2308 2452 2360 ἐπὶ
2484 2308 2614 2378 μίαν
2642 2325 2701 2362 τε
2734 2310 2860 2373 τοὺς
2903 2310 3110 2375 πάντας
3132 2310 3433 2382 παρορμῶν
3460 2314 3517 2365 ἐν
3542 2311 3661 2383 Θεῷ

2084 2396 2380 2469 σωτηρίαν,
2412 2397 2667 2469 ἀλήθειάν
2693 2415 2753 2451 τε
2785 2400 2955 2472 αὐτὴν
2981 2401 3077 2454 καὶ
3103 2401 3219 2471 φῶς
3246 2400 3478 2473 ἀληθοῦς
3510 2401 3663 2454 εὐσε-

2082 2487 2253 2552 ϐείας,
2276 2488 2550 2558 βασιλείαν
2578 2507 2637 2542 τε
2669 2490 2936 2562 οὐρανῶν,
2960 2492 3053 2545 καὶ
3077 2493 3295 2547 αἰωνίου
3321 2491 3466 2563 ζωῆς
3488 2494 3664 2562 ἐπαγ-

2080 2578 2266 2648 γελίαν
2297 2582 2410 2643 τοῖς
2442 2580 2578 2633 πᾶσι
2619 2582 3030 2653 προμνώμενος.
3063 2582 3248 2638 Ταῦτα
3283 2585 3381 2655 μὲν
3407 2580 3500 2639 οὗν
3534 2585 3663 2656 περὶ

2079 2669 2188 2722 τῶν
2214 2669 2420 2741 χρόνων
2449 2669 2707 2741 εἰρήσθω,
2740 2671 2808 2724 δι’
2835 2673 2900 2743 ἢν
2924 2672 3105 2726 αἰτίαν
3134 2672 3249 2738 νῦν,
3267 2673 3381 2725 ἀλλ’
3402 2674 3463 2725 ού
3494 2674 3665 2728 πάλαι

2083 2761 2346 2833 πρότερον
2392 2762 2421 2813 ὁ
2454 2761 2684 2833 Χριστὸς
2714 2761 2807 2815 τοῦ
2836 2762 2970 2815 Θεοῦ
3001 2765 3080 2826 εἰς
3104 2763 3312 2827 πάντας
3357 2762 3668 2835 ἐξέλαμψεν

2083 2851 2425 2923 ἀνθρώπους.
2457 2851 2595 2923 Φέρε
2640 2850 2699 2904 δὲ
2743 2852 3128 2916 ἐπανελθόντες
3165 2852 3272 2906 τῶν
3317 2854 3523 2925 χρόνων
3563 2856 3664 2924 τῆς

2081 2942 2316 3011 ἀφίξεως
2345 2942 2509 2996 αὐτοῦ
2538 2942 2607 2996 τά
2636 2946 2839 3013 σημεῖα
2859 2944 3001 2998 κατά
3024 2944 3186 3017 μέρος
3213 2944 3661 3016 ἐπισκεψώμεθα,

2080 3032 2179 3097 τὰς
2224 3033 2584 3103 εὐαγγελικάς
2622 3036 2748 3107 περὶ
2777 3035 2878 3107 τῆς
2906 3036 3171 3105 γενέσεως
3201 3036 3361 3090 αὐτοῦ
3398 3035 3581 3106 φωνὰς
3603 3040 3663 3091 ἐν

2083 3125 2318 3204 πρώτοις
2342 3127 2903 3198 ἐπισημειωσάμενοι.
2951 3130 3007 3182 Ὁ
3039 3128 3136 3200 μὲν
3164 3124 3257 3182 οὖν
3276 3127 3552 3192 Ματθαῖος
3570 3128 3664 3183 τδρ

2082 3218 2270 3289 χρόνον
2287 3218 2388 3288 τῆς
2416 3217 2682 3290 ἐνσάρκου
2716 3217 2882 3272 αὐτοῦ
2913 3218 3231 3289 ἐπιφανείας
3249 3213 3353 3272 ὧδέ
3379 3236 3495 3282 πως
3523 3221 3663 3272 ἱστο-

2084 3313 2168 3381 ρεῖ
2195 3309 2398 3378 λέγων’
2438 3329 2459 3362 ι
2501 3310 2608 3365 Τοῦ
2642 3311 2699 3365 δὲ
2741 3311 2914 3383 Ἰησοῦ
2945 3312 3294 3383 γεννηθέντος
3324 3313 3383 3365 ἐν
3415 3312 3664 3385 Βηθλεέμ

2080 3402 2182 3471 τῆς
2227 3403 2507 3468 Ἰουδαίας,
2542 3407 2601 3458 ἐν
2646 3405 2884 3476 ἡμέραις
2921 3403 3157 3476 Ἡρώδου
3190 3405 3284 3458 τοῦ
3320 3404 3618 3474 βασιλέως·
3639 3423 3661 3458 ι

2083 3496 2176 3548 καὶ
2208 3496 2324 3566 μετ’
2356 3495 2514 3565 ὀλίγα
2540 3498 2705 3570 φησιν
2725 3514 2740 3528 ο
2765 3515 2785 3549 ι
2828 3499 3094 3562 Ἀκούσας
3121 3499 3200 3562 δὲ,
3231 3498 3312 3551 ὃτι
3376 3497 3666 3569 Ἀρχέλαος

2084 3584 2357 3656 βασιλεύει
2398 3587 2500 3658 τῆς
2545 3587 2803 3653 Ἰουδαίας
2848 3590 2970 3644 ἀντὶ
3013 3589 3252 3661 Ἡρώδου
3307 3588 3401 3642 τοῦ
3460 3588 3666 3659 πατρὸς

2083 3678 2273 3733 αὐτοῦ.
2317 3698 2336 3730 ι
2382 3679 2441 3733 ὐ
2483 3679 2539 3734 δὲ
2593 3680 2809 3744 Λουκᾶς
2840 3681 2934 3734 τὸν
2963 3682 3063 3753 τῆς
3110 3679 3461 3744 διδασκαλίας
3500 3678 3667 3733 αὐτοῦ

2083 3770 2179 3824 καὶ
2204 3770 2521 3837 ἀναδείξεως
2552 3771 2742 3843 χρόνον
2778 3772 3093 3845 παρέστησε
3119 3772 3294 3842 λέγων
3317 3790 3331 3803 ·
3372 3790 3391 3823 ι
3434 3754 3520 3824 ’Ἐν
3557 3773 3667 3825 ἔτει

2084 3864 2554 3934 πεντεκαιδεκάτῳ
2598 3864 2697 3935 τῆς
2739 3864 3036 3936 ἡγεμονίας
3076 3864 3327 3935 Τιϐερίου
3366 3864 3665 3936 Καίσαρος,

2083 3957 2530 4028 ἐπιτροπεύοντος
2575 3957 2798 4010 Ποντίου
2833 3957 3066 4021 Πιλάτου
3108 3958 3208 4028 τῆς
3261 3955 3541 4018 Ἰουδαίας,
3574 3972 3666 4007 τε-

2082 4050 2447 4121 τραρχοῦντος
2471 4050 2528 4104 δὲ
2550 4052 2650 4122 τῆς
2682 4051 2972 4116 Γαλιλαίας
3015 4051 3277 4123 Ἡρώδου,
3311 4050 3576 4103 Φιλίππου
3609 4047 3667 4100 δὲ

2082 4141 2174 4195 τοῦ
2200 4142 2425 4212 ἀδελφοῦ
2461 4142 2626 4197 αὑτοῦ
2664 4144 3088 4215 τετραρχοῦντος
3113 4144 3214 4213 τῆς
3250 4141 3545 4214 Ἰτουραίας
3573 4140 3665 4194 καὶ

2085 4234 2480 4305 Τραχωνίτιδος
2523 4232 2727 4306 χώρας,
2779 4234 2875 4288 καὶ
2923 4233 3191 4287 Λυσανίου
3236 4232 3339 4302 τῆς
3379 4230 3666 4301 ’Λδιληνῆς

2084 4324 2529 4395 τετραρχοῦντος,
2572 4324 2666 4377 ἐπὶ
2703 4324 3007 4395 ἀρχιερέως
3039 4324 3207 4377 ΙἈννα
3246 4324 3340 4377 καὶ
3372 4320 3616 4389 Καῖάφα.
3640 4340 3660 4373 ι

2085 4414 2309 4478 Τούτοις
2350 4415 2414 4487 δὴ
2458 4411 2550 4470 οὗν
2596 4415 2779 4479 καλῶς
2835 4415 2947 4487 ἔχει
2999 4414 3343 4487 παραθέσθαι
3386 4414 3486 4487 τὴν
3515 4410 3667 4485 παρὰ

403 4502 710 4564 temporum
739 4495 1008 4549 adventus
1052 4493 1201 4549 illius
1229 4491 1598 4565 particulatim
1654 4506 1776 4562 quae
1824 4492 1979 4563 signa

2084 4506 2275 4559 Μωσεί
2305 4506 2398 4559 τοῦ
2448 4505 2643 4561 Ἰακὼϐ
2674 4506 3032 4579 προφητείαν,
3066 4505 3252 4562 τοῦτον
3298 4507 3526 4579 ἔχουσαν
3575 4505 3668 4560 τὸν

400 4595 733 4660 exstiterint,
764 4594 1197 4658 consideremus,
1223 4594 1675 4665 evangelicasque
1704 4593 1758 4647 in
1784 4593 1979 4663 primis
2084 4596 2304 4668 τρόπον.

400 4689 469 4745 de
515 4695 641 4744 ortu
680 4689 800 4759 ejus
834 4704 997 4744 voces
1053 4688 1399 4744 adnotemus.
1459 4686 1744 4744 Matthaens
1803 4688 1971 4759 igitur
2010 4698 2227 4760 tempus
2254 4705 2364 4760 quo
2396 4691 2489 4747 ille
2510 4691 2567 4746 in
2622 4705 2853 4762 corpore
2884 4691 3127 4747 humano
3153 4690 3328 4746 videri
3368 4690 3557 4760 coepit,
3611 4690 3667 4744 in

404 4783 551 4837 lnmc
582 4783 804 4838 modum
824 4793 1012 4837 narrat
1039 4801 1084 4838 ει
1114 4781 1252 4837 Cum
1283 4789 1448 4848 esset,
1468 4781 1665 4851 inquit,
1686 4790 1849 4838 natus
1885 4780 2047 4839 Jesus
2077 4784 2131 4837 in
2150 4782 2463 4840 Bethleltem
2490 4784 2691 4840 Judaeaa
2726 4785 2781 4839 in
2802 4785 2994 4841 diebus
3027 4782 3257 4840 Herodis
3275 4782 3417 4853 regis
3445 4782 3514 4835 “.
3552 4803 3571 4833 ι
3603 4779 3669 4834 Εἰ

404 4877 564 4947 paulo
599 4885 761 4947 post:
799 4897 817 4929 ι
844 4876 1107 4940 Audiens,
1138 4877 1337 4946 inquit,
1371 4875 1518 4947 quod
1539 4875 1843 4931 Archelaus
1873 4884 2135 4947 regnaret
2169 4877 2223 4931 in
2261 4874 2450 4933 Iudaea
2508 4893 2605 4950 pro
2659 4876 2876 4934 Herode
2931 4885 3085 4948 patre
3148 4891 3250 4932 suo
3287 4876 3355 4931 ³⁸.
3414 4893 3433 4927 ι
3490 4872 3668 4928 Lucas

403 4978 715 5041 autemquo
745 4977 990 5042 tempore
1014 4971 1103 5027 ille
1131 4976 1185 5028 et
1230 4970 1429 5024 docere
1480 4977 1537 5025 et
1607 4970 1853 5040 seipsum
1891 4970 2183 5025 ostendere
2232 4971 2482 5040 cmperit,
2514 4970 2875 5034 demonstrat,
2933 4969 3025 5024 ubi
3048 4969 3167 5023 ait:
3203 4985 3223 5018 ι
3264 4965 3420 5021 Αιιιιο
3462 4981 3533 5019 xv
3567 4964 3666 5016 imo

406 5063 542 5132 perii
595 5061 801 5118 Tiberii
853 5063 1110 5126 Caesaris,
1159 5072 1489 5133 procurante
1530 5060 1727 5117 Pontio
1765 5059 1938 5116 Pilato
1987 5059 2253 5127 Iudaeam,
2300 5064 2581 5119 tetrarcha
2611 5071 2791 5118 autem
2836 5062 3069 5118 Galilaeze
3127 5060 3361 5124 Herode,
3419 5058 3665 5126 Philippo

406 5169 584 5213 autem
625 5157 791 5216 fratre
813 5161 933 5229 ejus
982 5159 1256 5215 tetrarcha
1286 5158 1466 5213 lturiae
1484 5166 1539 5213 et
1557 5156 1963 5213 Trachonitidis
2000 5160 2264 5228 regionis,
2325 5169 2379 5215 et
2405 5160 2641 5233 Lysania
2672 5161 2914 5217 Abilente
2955 5161 3252 5228 tetrarcha,
3286 5159 3389 5216 sub
3418 5153 3647 5229 principi

403 5252 508 5308 bus
536 5253 883 5309 sacerdotum
919 5252 1075 5309 Anna
1115 5261 1170 5309 et
1199 5252 1407 5323 Caipha
1441 5253 1506 5308 ’⁷.
1554 5272 1573 5305 ι
1616 5251 1713 5308 His
1743 5252 1911 5322 igitur
1935 5252 1983 5307 si
2019 5251 2192 5309 Jacob
2218 5257 2560 5327 prophetiam
2590 5272 2712 5328 qua:
2736 5265 2821 5313 cst
2875 5257 3018 5329 apud
3078 5256 3283 5313 Mosem
3307 5263 3667 5326 apponamus.

403 5358 585 5415 operae
615 5344 849 5415 pretium
877 5344 1194 5408 fecerimus,
1249 5358 1372 5414 qua:
1404 5341 1458 5396 in
1491 5340 1638 5395 hunc
1668 5341 1890 5395 modum
1924 5356 1982 5396 se
2014 5341 2199 5399 habet.

478 5550 523 5583 "
569 5547 755 5607 Matth.
797 5565 871 5614 ιι,
910 5549 958 5603 l.
1038 5551 1083 5581 "
1124 5547 1257 5604 ibid.
1296 5545 1387 5601 26.
1466 5545 1509 5577 ’⁷
1551 5558 1683 5600 Luc.
1716 5558 1812 5609 nt,
1849 5543 1900 5598 ί.
