4098 6438
402 356 508 413 673

1251 352 1910 410 DEMONSTRATIONIS
1947 352 2405 409 EVANGELICAS
2446 351 2584 407 LIB.
2625 350 2760 406 Vlll.

3553 352 3655 407 574

407 468 684 550 Ἆςτὸσῆς
727 469 1458 550 Γενέςεωςμτηερὶ-τῶτ
1761 469 1870 550 τῇς
1896 474 1966 550 είς

2086 472 2250 550 366
2279 474 2321 550 ᾼ
2361 471 2566 550 Genesi.
2595 469 2897 550 —_Qujbus
2940 467 3255 550 temporibus
3297 468 3540 550 Qizrislus
3586 473 3660 525 ad

464 543 814 609 ἀνθρώπους
878 540 1227 609 ἐπιφανείας
1272 540 1478 593 αὐτοῦ.
1539 541 1634 605 Ὠς
1693 543 1820 595 καθ’
1872 541 1979 609 οὒς

468 610 727 680 χρόνους
744 610 811 680 τὸ
835 612 969 677 παρ’
1002 610 1293 680 Ἑϐραίοις
1317 609 1613 680 ἐπιλείψει
1632 610 1976 675 βασίλειον,

465 679 529 734 τὸ
560 679 887 748 τηνικαῦτα
912 681 946 747 ἠ

465 820 839 890 ἐπιφανείας.

467 972 488 1004 ι
539 952 792 1005 Ἐκάλεσε
843 949 899 1004 δὲ
940 949 1134 1004 Ἰακὼό
1167 951 1294 1014 τοὺς
1322 949 1475 1013 υἱοὺς
1495 949 1661 1003 αὑτοῦ
1694 952 1789 1004 καὶ
1820 946 1972 1003 έίπε⁸

394 1043 696 1115 Συνάχθητε
730 1044 817 1096 ἵνα
850 1043 1160 1112 ἐπαγγείλω
1193 1045 1323 1114 ὑμῖν
1364 1043 1419 1096 τί
1452 1043 1824 1114 ἀπαντήσεται
1848 1044 1975 1114 ὑμῖν

394 1133 481 1187 ἐπ’
512 1133 739 1203 ἐσχάτου
769 1132 878 1186 τῶν
911 1131 1133 1204 ἡμερῶν
1153 1149 1166 1163 ⁸
1201 1131 1546 1203 άθροίσθητε,
1566 1132 1660 1185 καὶ
1683 1132 1973 1197 ἀκούσατε,

400 1225 505 1278 uiol
550 1223 766 1288 Ἰακὼϐ,
798 1223 1088 1289 ἀκούσατε,
1120 1224 1355 1296 Ἰσραὴλ,
1377 1222 1471 1277 τοῦ
1506 1224 1713 1296 πατρὸς
1744 1223 1918 1295 ὑμῶν.
1950 1243 1969 1276 ι

392 1312 525 1369 Εἶτα
581 1315 789 1379 τούτοις
840 1315 966 1385 ἑξῆς
1023 1314 1472 1387 ἐπιμεμψάμενός
1528 1315 1650 1370 τινά
1696 1332 1806 1369 τισι
1863 1318 1976 1379 τοῖς

392 1407 677 1478 προτέροις
729 1408 882 1469 υἱοῖς,
915 1406 992 1469 ὡς
1024 1406 1112 1461 διά
1153 1422 1275 1459 τινα
1313 1405 1491 1460 αὐτῶν
1525 1407 1973 1478 πλημμελήματα

388 1497 699 1568 γενομένοις
720 1496 957 1561 ἀναξίοις
976 1497 1076 1567 τῆς
1102 1496 1400 1569 μελλούσης
1427 1497 1777 1566 ἐπιλέγεσθαι
1803 1500 1974 1570 προρ-

390 1590 621 1660 ρήσεως,
661 1588 739 1659 τῷ
771 1588 1017 1659 τετάρτῳ
1044 1588 1118 1652 ὡς
1151 1588 1241 1641 τὸν
1269 1588 1381 1659 βίον
1414 1588 1699 1660 κρείττονα
1730 1587 1839 1642 τῶν
1864 1588 1974 1641 λοι-

388 1680 507 1735 πῶν
546 1679 788 1749 ἀδελφῶν
836 1680 1259 1752 ἐπιδεδειγμένῳ
1293 1681 1418 1735 τάδε
1452 1680 1700 1746 θεσπίζει
1724 1698 1740 1713 ο
1777 1700 1796 1733 ι
1836 1680 1972 1734 Ἰού-

387 1773 473 1837 δα,
510 1774 569 1826 σὲ
606 1773 910 1827 αίνέσουσιν
937 1776 986 1827 οἱ
1022 1774 1234 1843 ἀδελφοί
1269 1790 1392 1827 σουο
1428 1775 1485 1827 αἱ
1515 1774 1694 1845 χεῖρές
1741 1790 1834 1827 σου
1877 1773 1971 1825 ἐπὶ

969 679 1086 733 τῶν
1102 679 1294 733 ἐθνῶν
1312 677 1700 743 ἐπιστήσεται
1722 680 1979 746 προσδο-

467 750 567 804 κία
585 766 600 781 ·
622 747 664 802 ὃ
692 749 791 803 καὶ
823 749 1069 819 γέγονεν
1099 749 1199 802 ἐπὶ
1230 747 1338 817 τῆς
1370 748 1477 803 τοῦ
1509 748 1783 817 Σωτῆρος
1811 749 1981 819 ἡμῶν

2002 1830 2043 1884 Β

2158 539 2392 597 ἦῶηἰηεε
2439 543 2722 597 adverterit.
2758 539 3210 609 Quemadmodum
3238 539 3423 609 quibus
3460 550 3650 609 tempo-

2154 614 2299 666 ribus
2331 631 2547 683 regnum
2576 611 2714 679 apud
2751 610 3001 683 Hebrwos
3018 607 3281 683 defecerit.
3312 607 3497 683 iisdem
3533 607 3651 679 gen-

2156 685 2288 736 tium
2313 680 2532 738 instabit
2562 682 2882 750 exspectatio
2910 696 2927 733 :
2955 680 3093 747 quod
3115 695 3241 732 sane
3261 681 3419 731 etiam
3454 681 3653 749 factum

2150 763 2228 806 est
2267 758 2363 807 sub
2389 755 2562 822 ipsum
2588 751 2883 807 Saluatoris
2916 750 3085 804 nostri
3121 752 3421 804 adventum.

2156 971 2174 1004 ι
2204 951 2433 1008 Vocavit
2466 959 2647 1007 autem
2677 950 2847 1007 Iacob
2876 951 3018 1008 ﬁlios
3048 966 3181 1007 suos
3209 959 3264 1007 et
3292 950 3429 1006 dixit
3460 970 3474 1006 :
3508 949 3650 1007 Con.

2076 1043 2374 1113 gregamini
2416 1050 2474 1095 ut
2499 1042 2819 1097 annuntiem
2868 1043 3025 1097 vobis
3060 1043 3191 1113 quid
3227 1050 3549 1097 eventurum
3581 1041 3656 1096 sit

2076 1134 2233 1190 vobis
2268 1134 2323 1187 in
2353 1134 2546 1189 diebus
2592 1134 2952 1189 novissimis:
2986 1135 3392 1205 congregamini
3426 1141 3480 1188 et
3503 1131 3658 1187 audi-

2073 1233 2149 1291 te,
2180 1224 2274 1279 ﬁlii
2308 1223 2497 1285 Jacob.
2528 1225 2735 1290 audite,
2770 1223 2957 1293 Israel,
2989 1234 3201 1296 patrem
3230 1236 3474 1284 vestrum
3526 1227 3591 1282 ".
3625 1244 3647 1279 ι

2076 1315 2280 1371 Deinde
2329 1316 2420 1371 ubi
2450 1317 2726 1386 prioribus
2758 1316 2885 1373 ﬁliis
2933 1317 3038 1371 alia
3068 1317 3192 1373 aliis
3224 1318 3455 1373 crimina
3499 1318 3655 1386 obje-

2074 1405 2180 1468 cit,
2234 1412 2495 1476 tanquam
2526 1406 2594 1462 iis
2619 1407 2712 1477 qui
2739 1408 2810 1462 ob
2843 1422 2999 1462 suam
3030 1408 3275 1477 ipsorum
3316 1409 3551 1478 culpam,
3586 1422 3654 1463 eo

2075 1496 2220 1566 quod
2249 1492 2397 1551 nilne
2453 1498 2743 1553 dicendum
2779 1506 2901 1563 est,
2936 1501 3161 1554 oraculo
3204 1499 3412 1570 indigni
3443 1501 3656 1554 evasis-

2074 1600 2215 1652 sent,
2253 1596 2451 1658 quarto
2477 1605 2665 1645 eorum
2700 1601 2959 1661 tanquam
2990 1592 3041 1646 ei
3069 1591 3161 1661 qui
3191 1591 3431 1661 reliquos
3456 1590 3654 1647 fratres

2072 1682 2345 1752 probitate
2359 1682 2483 1735 vitae
2508 1681 2760 1744 anteiret,
2786 1681 2903 1735 hac
2936 1680 3119 1735 futura
3166 1681 3414 1749 praedicit
3446 1700 3458 1734 :
3506 1700 3524 1732 ι
3561 1680 3657 1735 Ju-

2073 1774 2163 1837 da,
2189 1781 2243 1829 te
2268 1773 2567 1827 laudabunt
2584 1771 2776 1827 fratres
2798 1772 2876 1827 tui
2911 1787 3143 1827 :manus
3165 1780 3271 1827 tuae
3303 1772 3357 1825 in
3387 1780 3539 1842 tergo
3569 1773 3657 1826 in-

388 1861 558 1915 νώτου
583 1861 688 1915 τῶν
724 1862 935 1935 ἐχθρῶν
968 1881 1059 1917 σου
1080 1881 1094 1895 ·
1120 1864 1557 1936 προσκυνήσουσί
1574 1880 1634 1917 σε
1661 1865 1710 1917 οί
1742 1864 1850 1917 ulol
1874 1863 1966 1916 τοῦ

2073 1865 2359 1920 imicorum
2408 1871 2674 1918 tuorum:
2745 1862 3053 1918 adorabunt
3088 1872 3144 1918 te
3192 1863 3285 1917 ﬁlii
3342 1865 3515 1934 patris
3549 1865 3650 1920 tui.

390 1954 596 2026 πατρός
631 1970 745 2007 σου.
776 1953 1021 2025 Σκύμνος
1053 1955 1284 2020 λέοντος,
1315 1955 1502 2021 Ἰούδα,
1516 1957 1581 2009 ἐκ
1612 1954 1864 2027 βλαστοῦ,
1884 1955 1967 2010 υίέ

392 2060 516 2113 μου,
549 2045 780 2116 άνέόης’
815 2045 1102 2101 ἀναπεσὼν
1136 2048 1435 2119 ἐκοιμήθης
1463 2048 1540 2112 ὡς
1582 2049 1718 2103 λέων
1767 2050 1862 2104 καὶ
1893 2050 1971 2114 ὡς

389 2132 643 2203 σκύμνος.
676 2132 771 2198 Τίς
821 2136 1003 2207 ἐγερεῖ
1044 2136 1240 2203 αύτόν;
1272 2138 1371 2190 οὐκ
1419 2137 1658 2208 ἐκλείψει
1695 2138 1879 2210 ἄρχων
1909 2140 1969 2207 ἐξ

396 2221 589 2288 Ἰούδα,
620 2223 740 2278 alii;
776 2224 1079 2295 ἡγούμενος
1098 2227 1162 2278 ἐκ
1195 2225 1302 2278 τῶν
1331 2225 1520 2297 μηρῶν
1544 2227 1733 2292 αὑτοῦ,
1763 2228 1868 2291 ἐως
1903 2227 1971 2280 ἂν

383 2314 511 2386 ἔλθῃ
560 2314 630 2368 τὰ
679 2316 1018 2385 ἀποκείμενα
1082 2314 1263 2386 αὐτῷ’
1307 2316 1403 2369 καὶ
1460 2317 1624 2380 αὐτὸς
1672 2317 1969 2388 προσδοκία

382 2404 572 2460 ἐθνῶν.
614 2425 633 2457 ι
673 2407 870 2459 Σκόπει
903 2406 968 2477 δὴ
1000 2406 1215 2478 πρῶτον
1244 2407 1364 2460 τίνα
1395 2405 1504 2478 ἄρα
1531 2409 1695 2478 φησὶν
1726 2403 1866 2462 εἶναι
1902 2409 1971 2464 τὰ

385 2496 722 2568 ἀποκείμενα
769 2497 952 2569 αὐτῷ·
987 2500 1083 2552 καὶ
1123 2500 1227 2570 ὅρα
1258 2501 1307 2552 εί
1343 2499 1418 2571 μὴ
1451 2500 1590 2553 αὐτὰ
1635 2496 1726 2571 ἦν,
1778 2499 1814 2554 ἃ.
1856 2502 1969 2563 τοῖς

382 2589 528 2658 αμφὶ
578 2588 669 2642 τὸν
704 2589 958 2661 Ἀϐραάμ
1000 2590 1341 2661 προπάτορσι
1366 2592 1496 2662 περὶ
1525 2592 1624 2663 τῆς
1654 2591 1765 2644 τῶν
1799 2591 1969 2647 ἐθνῶν

380 2680 628 2752 κλήσεως
652 2683 681 2734 6
707 2681 841 2745 Θεὸς
865 2682 1144 2754 άνείρηκε,
1173 2682 1459 2747 θεσπίσας.
1484 2685 1799 2756 Γέγραπται
1817 2688 1964 2757 γοῦν,

379 2769 457 2834 ὼς
485 2772 593 2843 ἄρα
624 2771 780 2825 εἶπεν
809 2775 837 2826 6
861 2773 994 2837 Θεὸς
1018 2773 1096 2844 τῷ
1127 2773 1408 2846 Ἀϐραάμ·
1452 2794 1472 2828 ι
1517 2776 1628 2830 Καὶ
1663 2775 1763 2848 ἔσῃ
1819 2777 1967 2829 εὐλο-

379 2862 567 2935 γητὸς,
603 2865 696 2916 καὶ
721 2863 1001 2936 εὐλογήσω
1029 2865 1155 2927 τοὺς
1203 2864 1558 2933 εὐλογοῦντάς
1589 2882 1671 2929 σε,
1723 2863 1967 2928 καὶτοὺς

383 2955 809 3027 καταρωμένους
857 2972 917 3009 σε
948 2956 1363 3027 καταράσομαι·
1401 2958 1496 3011 καὶ
1527 2956 1969 3027 ἐνευλογήσονται

377 3048 436 3101 ἐν
510 3048 594 3102 σοὶ
667 3050 839 3103 πᾶσαι
892 3049 949 3101 αἱ
1007 3049 1171 3118 φυλαὶ
1215 3050 1315 3121 τῆς
1393 3048 1517 3120 γῆς.
1574 3068 1593 3100 ι
1633 3048 1742 3102 Καὶ
1812 3042 1968 3111 αὖθις

381 3157 401 3189 ι
457 3140 706 3212 Ἀϐραὰμ
755 3140 833 3206 δέ,
884 3159 904 3192 ι
958 3142 1114 3211 φησὶ,
1149 3159 1167 3192 ι
1205 3143 1488 3213 γινόμενος
1515 3141 1667 3196 ἔσται
1702 3143 1783 3204 είς
1816 3139 1967 3202 ἐθνος
1992 3183 2036 3241 C

381 3231 523 3301 μέγα
571 3232 665 3286 καὶ
704 3233 861 3301 πολὺ,
896 3234 991 3287 καὶ
1030 3233 1474 3304 ἐνευλογήσονται
1506 3235 1564 3286 ἐν
1598 3231 1748 3303 αὐτῷ
1786 3232 1966 3287 πάντα

372 3324 443 3379 τὰ
476 3324 601 3396 ἔθνη
631 3326 730 3397 τῆς
758 3326 880 3397 γῆς.
909 3345 927 3377 ι
955 3325 1036 3378 Τὰ
1066 3326 1230 3396 ὅμοια
1255 3325 1313 3377 δὲ
1339 3325 1433 3378 καὶ
1461 3324 1540 3395 τῷ
1572 3325 1758 3377 Ἰσαὰκ
1781 3326 1810 3377 6
1831 3340 1967 3395 χρη-

376 3418 515 3488 σμὸς
562 3417 746 3471 τοῦτον
802 3418 1039 3487 ἐκφωνεῖ
1081 3418 1173 3470 τὸν
1223 3419 1452 3488 τρόπον·
1498 3436 1517 3470 ι
1558 3417 1669 3470 Καὶ
1712 3414 1966 3486 πληθυνῶ

374 3507 437 3561 τὸ
499 3508 721 3579 σπέρμα
782 3526 875 3562 σου
926 3509 1003 3571 ὡς
1055 3511 1181 3575 τοὺς
1252 3510 1493 3581 ἀστέρας
1544 3506 1638 3560 τοῦ
1711 3505 1961 3578 ούρανοῦ,

374 3600 470 3653 καὶ
519 3598 956 3671 ἐνευλογήσονται
1001 3602 1060 3653 ἐν
1100 3600 1178 3671 τῷ
1223 3599 1499 3672 σπέρματί
1550 3615 1644 3652 σου
1676 3599 1853 3652 πάντα
1895 3600 1966 3653 τά

374 3688 502 3760 ἔθνη
526 3689 625 3761 τῆς
658 3691 783 3761 γῆς.
829 3709 848 3741 ι
897 3691 1017 3744 Ἔτι
1060 3690 1117 3744 δὲ
1140 3693 1234 3745 καὶ
1274 3691 1353 3761 τῷ
1394 3689 1587 3744 Ἰακὼὸ
1634 3689 1863 3743 τοιαῦτα
1898 3690 1962 3762 δὴ

375 3779 619 3851 εἴρηται·
655 3798 674 3833 ι
717 3779 860 3850 Ἐγὼ
886 3781 1089 3854 Κύριος
1111 3785 1140 3836 6
1182 3782 1315 3846 Θεὸς
1349 3781 1599 3854 Ἀϐραὰμ
1635 3780 1729 3834 τοῦ
1758 3782 1965 3853 πατρός

380 3886 495 3932 σου,
521 3871 616 3923 καὶ
645 3873 673 3924 6
695 3870 827 3934 Θεὸς
866 3871 1068 3924 Ἰσαάκ·
1106 3872 1184 3944 μὴ
1220 3869 1410 3940 φοϐοῦ,
1450 3889 1468 3921 ι
1499 3871 1595 3924 καὶ
1633 3870 1780 3942 ἑξῆς⁸
1809 3887 1830 3921 ‹
1868 3872 1964 3924 καὶ

375 3961 892 4035 ἐνευλογηθήσονται
930 3966 989 4018 ἐν
1029 3965 1114 4018 σοὶ
1154 3965 1325 4018 πᾶσαι
1350 3965 1406 4017 at
1446 3962 1613 4032 φυλαὶ
1639 3961 1741 4032 τῆς
1770 3963 1893 4034 γῆς.
1936 3981 1957 4014 ι

375 4054 485 4107 Καὶ
526 4053 713 4108 ἄλλοτε
754 4050 906 4108 εἶπεν
931 4053 1080 4125 αὐτῷ
1114 4057 1144 4109 6
1182 4054 1343 4118 Θεός·
1383 4074 1403 4105 «
1451 4050 1592 4122 Ἐγὼ
1629 4055 1659 4107 6
1682 4053 1815 4116 Θεὸς
1843 4069 1958 4117 σου,

373 4145 605 4213 αύξάνου
651 4145 746 4199 καὶ
780 4144 1070 4216 πληθύνου·
1118 4145 1244 4217 ἔθνη
1292 4146 1389 4199 καὶ
1434 4145 1746 4214 συναγωγαὶ
1791 4143 1962 4197 ἐθνῶν

370 4238 742 4302 ἐξελεύσονται
777 4240 842 4291 ἐκ
871 4237 987 4302 σοῦ,
1025 4239 1118 4292 καὶ¹
1157 4237 1395 4309 βασιλεῖς
1430 4238 1494 4291 ἐκ
1517 4237 1619 4307 τῆς
1641 4236 1841 4307 ὀσφύος
1866 4253 1958 4290 σου

372 4330 761 4395 ἐξελεύσονται.
804 4351 822 4384 ι
847 4331 1126 4395 Τοσαύτας
1174 4332 1303 4403 περὶ
1342 4331 1442 4403 τῆς
1469 4330 1579 4385 τῶν
1619 4330 1786 4384 ἐθνῶν
1829 4331 1961 4403 κλή-

376 4437 514 4486 σεως
543 4427 876 4497 προρρήσεις
902 4422 994 4477 τοῦ
1022 4423 1156 4477 Θεοῦ
1187 4421 1633 4495 προμεμαθηκὼς
1659 4426 1689 4476 6
1733 4421 1953 4486 Ἰακὼϐ,

2069 1960 2296 2015 Catulus
2316 1956 2492 2011 leonis
2515 1955 2675 2015 Juda.
2701 1955 2769 2011 de
2801 1955 3067 2025 germine,
3098 1953 3171 2008 ﬁli
3196 1955 3292 2019 mi,
3315 1955 3649 2022 aseendisti;

2069 2053 2394 2109 recumbens
2442 2047 2748 2106 dormivisti
2801 2055 2860 2102 ut
2912 2047 2997 2101 leo
3036 2055 3090 2100 et
3135 2056 3194 2100 ut
3225 2049 3460 2104 catulus.
3515 2048 3652 2114 Quis

2069 2143 2327 2200 excitabit
2361 2144 2542 2214 ipsum
2569 2141 2593 2193 ’ἓ
2624 2138 2738 2193 Non
2762 2137 2978 2193 deﬁciet
3001 2137 3259 2209 princeps
3281 2138 3347 2194 de
3363 2134 3524 2205 Juda,
3548 2156 3650 2195 ne-

2068 2249 2175 2306 que
2189 2236 2299 2289 dux
2330 2233 2398 2289 de
2425 2232 2723 2288 femoribus
2769 2233 2910 2302 ejus,
2939 2232 3115 2286 donec
3142 2230 3363 2284 veniant
3391 2245 3511 2300 qua;
3544 2230 3651 2300 ipsi

2069 2326 2309 2396 reposita
2363 2332 2539 2379 sunt:
2591 2331 2645 2379 et
2694 2325 2813 2394 ipse
2858 2323 3197 2394 exspectatio
3245 2322 3486 2390 gentium
3515 2322 3585 2376 ³⁸.
3624 2340 3649 2376 ι

2069 2415 2369 2472 Considera
2392 2454 2406 2480 ,
2443 2429 2649 2484 quaeso,
2683 2416 2919 2484 primum
2952 2428 3200 2485 quaenam
3238 2427 3302 2467 ea
3333 2426 3456 2467 esse
3504 2410 3652 2465 dicat

2069 2519 2188 2573 quae
2206 2504 2310 2574 ipsi
2334 2504 2572 2573 reposita
2596 2512 2759 2570 sunt;
2794 2512 2848 2557 ct
2867 2503 2987 2558 vide
3003 2517 3133 2557 num
3179 2516 3242 2556 ea
3274 2501 3385 2556 sint
3433 2514 3555 2571 quae
3580 2500 3651 2554 ad

2067 2597 2342 2650 Abraham
2368 2602 2423 2649 et
2450 2593 2516 2648 ad
2545 2603 2757 2650 veteres
2819 2594 2995 2650 eidem
3054 2592 3262 2648 similes
3324 2598 3530 2662 patres.
3581 2590 3653 2646 de

2068 2688 2353 2743 vocatione
2395 2687 2636 2756 gentium
2688 2685 2832 2741 Deus
2862 2686 2990 2741 olim
3023 2700 3230 2739 canens
3283 2682 3648 2754 reSponderit.

2070 2778 2347 2848 Scriptum
2387 2778 2557 2848 igitur
2589 2785 2696 2844 est,
2750 2775 3211 2849 quemadmodum
3265 2774 3333 2828 ad
3376 2772 3650 2828 Abraham

2069 2868 2211 2924 Deus
2236 2868 2476 2923 dixerit:
2527 2888 2544 2919 ι
2584 2867 2650 2921 Et
2690 2868 2802 2923 eris
2836 2868 3180 2931 benedictus,
3222 2874 3277 2922 et
3330 2866 3652 2921 benedicam

2066 2960 2518 3017 benedicentibus
2550 2961 2732 3020 tibi,et
2768 2959 3223 3014 maledicentibus
3272 2958 3370 3012 tibi
3415 2957 3650 3012 maledi-

2068 3065 2210 3115 cam,
2237 3059 2291 3105 et
2312 3050 2706 3106 benedicentur
2744 3048 2800 3102 iu
2846 3055 2898 3105 te
2925 3061 3118 3102 omnes
3146 3045 3324 3099 tribus
3346 3054 3504 3100 terra:
3534 3044 3646 3113 “.9

2068 3139 2134 3193 Et
2161 3155 2398 3195 rursus:
2449 3157 2468 3190 ι
2525 3137 2803 3192 Abraham
2858 3150 3015 3199 vero,
3067 3134 3266 3205 inquit,
3319 3131 3538 3186 futurus
3566 3140 3654 3187 est

2069 3233 2123 3286 in
2156 3240 2370 3303 gentem
2404 3244 2655 3301 magnam
2712 3236 2767 3283 et
2809 3228 3117 3288 multam,et
3151 3225 3550 3281 benedicentur
3594 3224 3652 3279 in

2068 3324 2188 3392 ipso
2228 3336 2421 3376 omnes
2455 3329 2645 3390 gentes
2678 3327 2838 3373 terra;
2858 3316 2925 3370 ³¹.
2959 3336 2978 3368 ι
3022 3313 3128 3368 Sed
3161 3314 3327 3370 etiam
3362 3314 3463 3384 ipsi
3498 3313 3653 3367 Isaac

2067 3408 2266 3463 similia
2320 3408 2377 3461 in
2434 3407 2580 3460 hunc
2650 3404 2872 3459 modum
2930 3403 3231 3474 respondet
3297 3402 3584 3456 oraculum
3631 3419 3648 3457 :

2072 3517 2091 3551 ι
2136 3499 2203 3551 Et
2245 3497 2621 3568 multiplicabo
2674 3511 2863 3551 semen
2893 3504 3049 3550 tuum
3083 3497 3226 3551 sicut
3275 3498 3462 3551 stellas
3495 3495 3649 3560 coeli,

2064 3591 2226 3661 367
2250 3600 2305 3645 et
2334 3589 2726 3644 benedicentur
2756 3587 2813 3640 in
2842 3586 3055 3642 semine
3084 3594 3180 3640 tuo
3214 3601 3408 3641 omnes
3454 3593 3654 3656 gentes

2066 3684 2303 3740 terrae“.
2346 3703 2364 3735 ι
2395 3682 2502 3753 Ipsi
2552 3683 2680 3737 item
2722 3678 2892 3734 Jacob
2924 3679 3052 3733 olim
3100 3678 3231 3732 talia
3272 3676 3417 3732 dicta
3463 3686 3593 3737 sunt
3631 3697 3646 3733 :

2071 3797 2089 3829 ι
2121 3777 2233 3848 Ego
2258 3774 2522 3832 Dominus
2554 3773 2693 3830 Deus
2740 3772 3019 3826 Abraham
3062 3770 3237 3841 patris
3287 3771 3390 3832 tui,
3422 3779 3476 3824 et
3507 3768 3650 3824 Deus

2062 3867 2217 3925 Isaac
2244 3884 2260 3923 :
2290 3882 2358 3922 ne
2391 3866 2582 3921 timeas
2601 3865 2667 3929 ³⁸,
2707 3883 2726 3916 ι
2763 3871 2816 3919 et
2841 3869 3060 3928 caetera,
3112 3880 3131 3912 ι
3173 3870 3228 3916 et
3256 3861 3651 3915 benedicentur

2064 3962 2120 4016 in
2172 3968 2227 4016 te
2269 3974 2460 4015 omnes
2512 3958 2690 4012 tribus
2741 3954 2987 4011 terrae".
3029 3972 3049 4005 ι
3099 3950 3166 4006 Ει
3205 3953 3342 4007 alias
3386 3950 3527 4005 dixit
3578 3949 3647 4005 ad

2063 4054 2244 4125 ipsum
2282 4051 2426 4108 Deus
2460 4066 2474 4103 :
2512 4069 2530 4102 ι
2562 4049 2675 4120 Ego
2704 4047 2850 4103 Deus
2884 4056 3035 4112 tuus,
3075 4060 3262 4101 cresce
3295 4053 3350 4099 et
3380 4041 3651 4112 multipli—

2063 4160 2212 4209 care,
2244 4151 2434 4215 gentes
2453 4149 2506 4198 et
2536 4139 2990 4211 congregationes
3023 4136 3267 4207 gentium
3297 4132 3648 4204 egredientur

2062 4238 2131 4294 de
2159 4247 2232 4303 te,
2256 4244 2312 4292 et
2342 4250 2501 4307 reges
2532 4234 2600 4289 de
2628 4232 2832 4287 lumbis
2853 4230 2966 4286 tuis
2980 4228 3330 4300 egredientur
3352 4226 3418 4281 ³⁸.
3458 4244 3477 4277 ι
3507 4225 3646 4278 Cum

2064 4337 2174 4385 tam
2232 4328 2407 4383 multa
2450 4327 2519 4382 de
2569 4324 2859 4380 vocatione
2908 4322 3151 4392 gentium
3205 4318 3428 4374 oracula
3475 4314 3650 4370 Iacob

2065 4430 2229 4477 antea
2262 4420 2617 4491 percepisset,
2653 4425 2709 4472 et
2739 4418 2939 4472 liberos
2986 4427 3168 4467 mares
3209 4408 3499 4465 duodecim
3543 4423 3648 4461 nu-

373 4514 580 4568 παίδων
619 4515 767 4586 αύτῷ
818 4515 910 4568 τὸν
960 4515 1191 4588 ἀριθμὸν
1238 4517 1651 4587 γεγεννημένων
1696 4515 1922 4570 δεκαδύο
1940 4555 1955 4579 ,

2067 4531 2220 4572 mero
2257 4517 2562 4585 genuisset,
2616 4510 2877 4564 omnibus
2916 4505 3029 4561 illis
3079 4511 3334 4559 extremo
3368 4516 3469 4556 suo
3516 4507 3650 4552 lem-

375 4602 512 4672 πρὸς
535 4606 600 4674 τῇ
624 4605 847 4677 τελευτῇ
878 4605 1218 4675 συγκαλέσας
1240 4608 1366 4669 τοὺς
1398 4606 1629 4671 πάντας,
1671 4624 1738 4659 πε
1748 4607 1960 4677 ριεσκό-

374 4710 489 4757 πει,
514 4694 575 4760 te”;
615 4697 801 4751 ὁποίου
829 4697 937 4769 ἄρα
982 4697 1159 4752 αὐτῶν
1197 4700 1297 4770 τῆς
1334 4698 1583 4770 διαδοχῆς
1617 4699 1686 4753 τὰ
1733 4699 1841 4753 τῶν
1864 4699 1958 4753 τοῦ

373 4785 510 4838 Θεοῦ
548 4790 901 4860 προρρήσεων
930 4789 1023 4843 ἐπὶ
1053 4791 1206 4853 τέλος
1246 4789 1382 4861 ἥξει.
1415 4787 1531 4843 Εἶτ’
1569 4790 1778 4855 ἐπιθεὶς
1815 4793 1962 4862 τρισὶ

377 4878 478 4947 μὲν
506 4882 617 4942 τοῖς
655 4879 888 4951 πρώτοις
934 4880 1083 4952 αὐτῷ
1128 4882 1445 4952 γενομένοις
1491 4882 1678 4938 παισὶν
1710 4881 1964 4953 ἐλέγχους

371 4965 451 5025 ὧν
475 4971 920 5043 ἐπλημμέλησαν,
943 4974 1192 5047 ἐπιφέρει
1215 4975 1501 5037 διδάσκων,
1534 4976 1617 5028 ὅτι
1648 4975 1757 5029 τῶν
1779 4974 1961 5029 τετολ-

377 5063 636 5134 μημένων
664 5065 846 5128 αὐτοῖς
885 5065 1047 5119 ἕνεκα
1075 5068 1136 5120 ού
1179 5067 1246 5121 δι’
1270 5067 1448 5122 αὐτῶν
1472 5067 1958 5140 ἐκπληρωθήσεται

370 5156 441 5209 τὰ
460 5153 569 5206 τῶν
590 5158 942 5229 προρρήσεων
963 5158 1377 5231 ἀποτελέσματα
1398 5178 1413 5193 ο
1445 5160 1539 5213 ἐπὶ
1564 5159 1621 5213 δὲ
1641 5160 1733 5214 τὸν
1771 5160 1961 5233 τέταρ-

369 5263 462 5299 τον
487 5246 656 5302 ἐλθὼν
679 5248 771 5302 τὸν
802 5249 1020 5315 Ἰούδαν,
1048 5251 1184 5321 ὁμοῦ
1223 5252 1315 5306 τὸν
1346 5254 1596 5325 φήσαντα
1634 5252 1785 5323 αὐτῷ
1824 5271 1960 5325 χρη-

373 5339 532 5410 σμὸν,
559 5358 578 5390 ι
619 5340 867 5406 Βασιλεῖς
900 5343 966 5395 ἐκ
983 5344 1080 5414 τῆς
1092 5342 1292 5414 ὀσφύος
1308 5345 1471 5398 αὐτοῦ
1503 5345 1892 5410 ἐξελεύσονται,
1931 5366 1951 5399 ι

370 5431 458 5486 διὰ
497 5433 598 5503 τῆς
638 5433 828 5488 τούτου
876 5436 1125 5508 διαδοχῆς
1158 5437 1311 5502 τέλος
1358 5437 1621 5508 λήψεσθαι
1671 5438 1949 5504 θεσπίζει·

369 5524 637 5597 πρόδηλον
662 5528 771 5600 γάρ
817 5529 893 5593 ὡς
937 5531 1001 5583 ἐκ
1027 5530 1128 5601 τῆς
1161 5529 1328 5584 Ἰούδα
1365 5531 1537 5602 φυλῆς
1571 5532 1634 5586 τὸ
1676 5531 1955 5604 βασιλικὸν

440 5723 489 5755 ³⁸
523 5722 659 5781 Gen.
695 5742 860 5784 χιιι.
901 5728 952 5780 1.
1061 5728 1105 5760 ²⁹
1147 5729 1277 5785 ibid.
1315 5729 1471 5784 8-10.

370 5809 565 5858 κχνιιι,
596 5797 680 5850 13.
726 5798 803 5871 *⁵⁸
841 5798 971 5854 ibid.
1016 5798 1095 5853 li.
1177 5801 1219 5833 ³⁵
1263 5801 1397 5858 Gen.
1435 5818 1613 5860 xxxv.
1651 5804 1737 5859 11.

1575 5731 1623 5763 ³ο
1662 5732 1797 5790 Cen.
1838 5749 1946 5801 xtl,
1984 5735 2033 5790 5.

2063 4625 2196 4682 pore
2221 4607 2563 4670 convocatis,
2596 4599 3099 4672 circumspiciebat,
3128 4598 3196 4652 de
3225 4594 3385 4665 cujus
3426 4592 3644 4646 illorum

2061 4701 2451 4773 propagatione
2470 4697 2656 4752 divina
2695 4692 2920 4749 oracula
2950 4689 3110 4745 ﬁnem
3144 4702 3305 4743 suum
3335 4692 3519 4741 essent
3555 4696 3649 4735 ac-

2067 4807 2322 4864 ceptura;
2355 4790 2552 4847 deinde
2583 4803 2707 4844 cum
2741 4787 2920 4840 tribus
2951 4782 3144 4855 primis
3168 4780 3400 4834 crimina
3424 4777 3644 4847 propria

2065 4886 2382 4957 objecisset,
2418 4884 2607 4938 docuit
2636 4883 2896 4950 deinceps
2929 4872 3390 4949 quemadmodum
3421 4873 3644 4938 propter

2068 4978 2298 5042 scelera,
2334 4992 2454 5048 quae
2491 4977 2597 5047 ipsi
2645 4974 2767 5030 ausi
2800 4972 3041 5034 fuerant,
3083 4981 3195 5021 non
3228 4966 3282 5019 in
3326 4962 3461 5033 ipsis
3490 4974 3644 5014 com-

2064 5071 2262 5141 plenda
2315 5077 2519 5135 essent,
2559 5084 2681 5139 qua:
2733 5084 2789 5121 In
2834 5063 3108 5136 prioribus
3162 5057 3641 5126 oraculisgeventa

2064 5161 2502 5216 continebantur.
2547 5162 2684 5215 Cum
2734 5167 2915 5212 autem
2965 5154 3204 5208 venisset
3253 5148 3320 5202 ad
3358 5152 3639 5215 quartum,

2062 5253 2155 5322 qui
2181 5250 2352 5307 Judas
2382 5251 2508 5320 fuit,
2535 5259 2647 5304 tum
2682 5263 2814 5303 vero
2842 5244 3128 5301 oraculum
3175 5238 3318 5310 quod
3358 5234 3463 5306 ipsi
3506 5233 3639 5287 olim

2060 5361 2386 5416 responsum
2412 5345 2641 5408 fuerat,¢
2677 5341 2850 5411 Reges
2864 5339 2932 5394 de
2961 5335 3163 5390 lumbis
3193 5331 3316 5403 ejus
3339 5326 3631 5399 egredien-

2058 5444 2172 5502 tur,
2204 5456 2223 5489 ι
2256 5453 2324 5493 ex
2352 5437 2518 5507 hujus
2540 5433 2863 5505 posteritate
2896 5444 3055 5484 suum
3084 5425 3245 5481 ﬁnem
3278 5428 3637 5491 accepturum

2060 5531 2379 5601 planissime
2426 5529 2664 5586 cecinit:
2710 5531 2931 5581 constat
2979 5520 3127 5576 enim
3174 5511 3636 5589 quemadmodum

2144 5735 2184 5767 ³³
2228 5732 2362 5789 Gen.
2398 5748 2567 5795 mu,
2626 5729 2707 5784 lS.
2817 5728 2859 5760 3’
2902 5727 3036 5783 Gen.
3078 5739 3239 5783 sxw.
3276 5721 3329 5778 4.
3407 5718 3453 5753 ³³
3489 5715 3628 5773 Gen.
