4098 6456
401 359 508 417 5Ἱ5

1073 360 1344 417 EUSEBII
1382 356 1863 415 CESARIEN‘SIS
1889 358 2041 416 OPP.
2085 359 2267 416 PARS
2305 356 2982 418 ll.——APOLOGETICA.

3561 358 3665 416 576

399 475 470 531 de
502 476 647 531 tribu
676 473 816 529 Juda
846 474 1058 545 regium
1086 490 1259 546 genus
1289 475 1583 533 exstiterit.
1612 485 1667 530 et
1692 476 1856 529 simul
1886 474 1974 528 Dei

2086 474 2316 544 συνέστη
2352 474 2542 542 γένος·
2582 474 2719 546 ὁμοῦ
2764 473 2990 539 καὶτὰς
3016 472 3109 528 τοῦ
3154 471 3290 526 Θεοῦ
3335 474 3665 545 προρρήσεις

402 579 665 636 responsa
720 567 1073 636 gentiumque
1122 567 1396 636 promissa
1454 568 1657 638 quibus
1714 567 1983 621 instarent

400 658 760 727 temporibus,
786 660 1043 712 ostendit.
1081 658 1258 728 Atque
1284 675 1352 713 ex
1384 674 1450 714 eo
1487 661 1830 729 proditurum
1861 675 1983 714 esse

400 750 587 804 docuit
612 765 758 816 eum,
794 751 888 820 qui
920 760 1068 806 esset
1100 752 1353 806 omnibus
1378 753 1634 821 gentibus
1660 752 1983 821 cunctisque

401 843 653 896 tribubus
683 852 841 897 terrm
871 843 1067 897 similis
1115 842 1219 911 ipsi
1265 843 1542 897 Abraham
1583 844 1982 899 benedictioms

401 944 595 987 auctor
639 934 884 990 futurus.
917 933 1043 990 llaec
1085 935 1255 1005 igitur
1298 935 1554 991 universa
1595 935 1817 991 fuerunt
1863 952 1983 1006 qua:

399 1025 501 1095 ipsi
539 1023 679 1079 Juda
723 1026 963 1093 reposita
993 1032 1171 1089 erant,
1206 1040 1270 1080 ea
1315 1025 1568 1081 videlicet
1589 1042 1711 1097 quae
1757 1027 1824 1083 de
1848 1028 1981 1099 ipsis

397 1117 652 1187 gentibus
683 1119 812 1171 olm
860 1132 1124 1187 responsa
1168 1116 1388 1170 fuerant
1416 1136 1429 1171 :
1456 1125 1512 1173 et
1553 1118 1712 1182 illud,
1752 1138 1771 1172 ι
1806 1119 1981 1189 lleges

397 1208 467 1263 de
496 1208 699 1264 lumbis
745 1210 856 1263 tuis
903 1208 1272 1276 egrediantur,
1313 1226 1332 1260 ι
1373 1225 1546 1278 quare
1566 1211 1729 1265 etiam
1757 1211 1981 1280 reliquis

400 1297 663 1354 fratribus
719 1301 1067 1369 antepositus
1122 1302 1328 1371 regiam
1395 1302 1606 1372 ipsam,
1660 1303 1982 1372 exterisque

396 1392 749 1447 illustriorem
789 1393 989 1447 tribum
1021 1394 1252 1449 sortitus
1299 1401 1406 1448 est.
1450 1394 1727 1449 Continuo
1750 1395 1894 1450 enim
1925 1398 1979 1449 in

398 1485 570 1539 totius
601 1485 789 1555 populi
831 1485 1183 1540 ordinatione
1217 1485 1391 1553 ipsius
1430 1484 1598 1541 Musis
1640 1486 1980 1556 temporibus

398 1574 625 1644 reliquis
662 1574 915 1630 tribubus
951 1575 1092 1629 hanc
1124 1591 1356 1644 przeesse
1378 1575 1609 1644 imperat
1634 1574 1794 1631 Deus.
1834 1574 1981 1630 Scri-

396 1672 547 1734 ptum
573 1675 657 1719 est
694 1664 863 1729 enim,
896 1682 914 1714 ι
951 1663 1014 1717 Et
1040 1665 1255 1719 locutus
1280 1673 1365 1719 est
1390 1663 1653 1719 Dominus
1683 1665 1750 1719 ad
1775 1664 1978 1722 Mosem

393 1763 450 1809 et
475 1755 658 1809 Aaron
691 1757 885 1811 dicens
914 1774 925 1809 :
961 1756 1170 1826 Singuli
1200 1771 1294 1825 per
1326 1764 1557 1821 turmas,
1593 1757 1772 1828 signa,
1814 1768 1978 1829 atque

396 1847 593 1901 vexilla
630 1855 682 1900 et
723 1847 920 1902 domus
956 1848 1341 1918 cognationum
1390 1865 1636 1913 suarum,
1683 1860 1982 1907 castrame-

396 1946 581 1995 tentur
611 1939 702 1993 lilii
749 1938 912 1995 Israel
948 1941 999 1993 in
1050 1949 1345 2010 conspectu
1400 1943 1611 1997 Domini
1656 1960 1751 2014 per
1788 1961 1980 2016 gyrum

394 2031 735 2086 tabernaculi
774 2033 1100 2098 testimonii,
1132 2044 1187 2088 et
1235 2044 1687 2092 castrametantes
1722 2039 1882 2108 primi
1914 2038 1981 2092 ad

396 2127 690 2187 orientem,
724 2124 873 2179 acies
918 2132 1226 2180 castrorum
1260 2126 1490 2181 liliorum
1535 2126 1697 2192 Juda,
1730 2145 1854 2183 cum
1882 2146 1980 2183 co-

394 2214 500 2283 piis
534 2214 738 2269 suis“.
777 2233 796 2267 ι
831 2218 908 2269 Ac
943 2216 1202 2286 deinceps
1239 2217 1293 2271 in
1323 2217 1393 2272 iis
1425 2234 1547 2288 quae
1576 2219 1644 2273 ad
1672 2219 1981 2274 innovatio-

392 2321 517 2359 nern
569 2307 906 2361 tabernaculi
964 2308 1317 2364 referuntur:
1350 2329 1369 2361 ι
1406 2311 1551 2364 Dixit
1601 2310 1863 2367 Dominus
1912 2313 1979 2367 ad

391 2394 594 2451 Mosem
624 2417 636 2452 :
662 2394 925 2468 Princeps
952 2415 1093 2454 unus
1110 2416 1205 2469 per
1227 2401 1475 2472 singulos
1502 2402 1621 2457 dies
1651 2402 1838 2458 olleret
1858 2419 1982 2458 mu-

388 2505 518 2544 nera
543 2503 643 2545 sua
673 2507 688 2557 ;
719 2497 773 2545 et
806 2490 910 2545 fuit
942 2491 1180 2547 oll'erens
1217 2494 1393 2562 primo
1423 2493 1512 2549 die
1558 2510 1761 2549 munus
1792 2511 1974 2561 suum,

387 2580 634 2638 Naasson
671 2582 812 2639 ﬁlius
852 2582 1178 2650 Aminadab,
1220 2584 1821 2657 princepstribusJuda
1844 2588 1910 2643 ³⁷.
1954 2608 1973 2641 ι

385 2673 556 2746 368
591 2672 658 2727 Et
692 2675 747 2728 in
783 2675 924 2729 libro
952 2674 1083 2731 Jesu
1120 2676 1266 2731 Nave
1314 2692 1440 2731 cum
1479 2684 1626 2731 terra
1659 2679 1980 2747 promissio-

387 2764 477 2819 nis
520 2770 669 2819 sorte
722 2764 936 2818 caneris
987 2765 1242 2819 tribubus
1295 2766 1589 2820 distributa
1645 2776 1813 2829 esset,
1860 2770 1979 2824 sine

388 2862 537 2911 sorte
553 2856 909 2927 omniumque
939 2858 1111 2927 prima
1138 2858 1315 2913 tribus
1340 2856 1479 2913 Joda
1512 2861 1790 2929 propriam
1820 2869 1979 2917 terra:

386 2956 598 3017 partem
633 2949 866 3018 accepit.
903 2945 1008 3002 Sed
1039 2949 1203 3003 etiam
1237 2957 1360 3019 pust
1390 2959 1622 3005 mortem
1652 2950 1781 3007 Iesu
1817 2967 1979 3023 roga-

383 3043 584 3090 verunt
616 3035 712 3089 lilii
742 3035 907 3091 Israel
932 3037 984 3090 in
1009 3036 1237 3091 Domino
1260 3039 1506 3095 dicentes
1537 3058 1549 3094 :
1575 3059 1593 3091 ι
1626 3040 1760 3108 Quis
1784 3057 1978 3099 ascen-

2086 566 2177 618 καὶ
2201 564 2299 628 τὰς
2325 565 2436 618 τῶν
2462 565 2629 619 ἐθνῶν
2648 565 2987 637 ὑποσχέσεις,
3011 565 3133 619 καθ’
3149 564 3367 629 ὁποίους
3389 566 3668 637 ἐνστήσονο

2082 670 2172 707 ται
2202 655 2427 727 χρόνους
2461 655 2808 728 παρίστησιν,
2852 654 2913 720 ἐξ
2937 655 3102 709 αὑτοῦ
3141 671 3202 708 τε
3241 652 3664 726 προελεύσεσθαι

2081 747 2321 801 διδάσκει
2341 746 2432 801 τὸν
2464 748 2724 819 μέλλοντα
2744 748 2914 801 αἴτιον
2936 746 3371 818 καταστήσεσθαι
3397 748 3530 801 πᾶσι
3554 749 3665 811 τοῖς

2084 838 2281 904 ἔθνεσι,
2311 841 2405 894 καὶ
2453 840 2654 904 πάσαις
2690 843 2808 905 ταῖς
2838 840 3029 909 φυλαῖς
3066 841 3165 911 τῆς
3208 840 3314 911 γῆς
3348 839 3447 910 τῆς
3483 856 3664 912 παρα-

2083 931 2318 1001 πλησίας
2362 932 2441 1003 τῷ
2485 932 2736 1004 Ἀϐραὰμ
2782 932 3050 1001 εὐλογίας.
3089 933 3276 987 Ταῦτα
3314 929 3407 987 οὖν
3451 934 3666 988 ἅπαντα

2080 1019 2149 1095 ἦν
2177 1023 2244 1076 τὰ
2270 1023 2606 1094 ἀποκείμενα
2642 1022 2720 1093 τῷ
2754 1024 2943 1095 Ἰούδᾳ,
2970 1024 3170 1095 δηλαδὴ
3214 1025 3284 1078 τὰ
3316 1024 3484 1079 πάλαι
3529 1042 3665 1097 προ-

2083 1112 2441 1166 θεσπισθέντα
2472 1112 2599 1185 περὶ
2640 1113 2743 1167 τῶν
2777 1113 2966 1178 ἐθνῶν,
2994 1115 3089 1168 καὶ
3134 1115 3214 1179 τὸ,
3246 1133 3263 1165 ι
3312 1115 3558 1179 Βασιλεῖς
3596 1116 3661 1169 ἐκ

2080 1202 2181 1273 τῆς
2206 1204 2405 1271 ὀσφύος
2443 1221 2536 1256 σου
2565 1203 2955 1268 ἐξελεύσονται·
2989 1225 3007 1257 ι
3039 1205 3119 1259 διὸ
3164 1207 3257 1261 καὶ
3304 1207 3411 1263 τῶν
3454 1205 3657 1260 λοιπῶν

2081 1293 2323 1363 ἀδελφῶν
2368 1294 2679 1366 προκριθεὶς
2708 1296 2992 1369 βασιλικῆς
3035 1297 3207 1368 φυλῆς
3238 1301 3330 1352 καὶ
3359 1299 3657 1371 διαπρεπε-

2083 1384 2281 1455 στέρας
2331 1386 2481 1455 παρά
2526 1385 2626 1451 τάς
2657 1386 2847 1453 λοιπὰς
2891 1386 3117 1459 ⁴ἢξιῶθη.
3169 1389 3376 1443 Αὐτίκα
3415 1388 3508 1442 ἐπὶ
3554 1389 3656 1460 τῆς

2078 1472 2371 1540 διατάξεως
2398 1476 2492 1529 τοῦ
2514 1478 2715 1542 παντὸς
2752 1477 2881 1532 λαοῦ
2916 1480 3057 1532 κατά
3079 1480 3203 1542 τοὺς
3225 1480 3502 1544 Μωῦσέως
3527 1480 3657 1551 χρό-

2081 1583 2204 1630 νους
2222 1568 2471 1637 ἡγεῖσθαι
2497 1570 2700 1641 ταύτην
2719 1573 2748 1623 ό
2770 1570 2903 1635 Θεὸς
2930 1570 3037 1624 τῶν
3059 1570 3261 1625 λοιπῶν
3292 1571 3467 1641 φυλῶν
3490 1589 3658 1645 προσ-

2080 1660 2283 1715 τάττει.
2321 1660 2637 1733 Γέγραπται
2668 1661 2796 1734 γάρ·
2839 1681 2859 1715 ι
2896 1665 3005 1718 Kal
3026 1664 3254 1736 ἐλάλησε
3287 1665 3489 1738 Κύριος
3528 1667 3664 1736 πρὸς

2083 1753 2322 1825 Μωῦαῆν
2373 1755 2467 1807 καὶ
2532 1755 2763 1827 Ἀαρὼν,
2816 1756 3018 1825 λέγων’
3071 1756 3356 1828 ἄνθρωπος
3406 1758 3662 1828 ἐχόμενος

2084 1843 2226 1898 κατά
2254 1847 2511 1916 τάγματα
2535 1848 2724 1911 αὑτοῦ,
2754 1847 2896 1902 κατὰ
2923 1849 3183 1919 σημαίας,
3215 1849 3335 1903 κατ’
3356 1850 3538 1913 οἴκους
3559 1865 3665 1902 πα-

2082 1935 2250 2008 τριῶν
2270 1936 2451 1989 αὐτῶν
2479 1938 2979 2009 παρεμϐαλέτωσαν
3008 1941 3056 1993 oi
3093 1941 3199 1993 υίοὶ
3243 1939 3460 2012 Ἰσραὴλ
3487 1940 3667 1993 ἔναντι

2084 2027 2313 2097 Κυρίου,
2345 2026 2530 2098 κύκλῳ
2574 2028 2674 2097 τῆς
2721 2028 2927 2099 σκηνῆς
2957 2027 3051 2081 τοῦ
3102 2030 3425 2100 μαρτυρίου,
3477 2029 3572 2082 καὶ
3615 2031 3666 2082 οἱ

2083 2117 2556 2189 παρεμϐάλλοντες
2589 2119 2796 2190 πρῶτοι
2828 2121 2969 2175 κατὰ
2997 2120 3281 2184 ἀνατολὰς,
3311 2120 3499 2192 τάγμα
3528 2139 3670 2194 παρ-

2080 2210 2317 2281 εμϐολῆς
2363 2209 2497 2265 υἱῶν
2547 2209 2750 2274 Ἰούδα,
2809 2213 2905 2265 σὺν
2959 2212 3184 2284 δυνάμει
3231 2213 3431 2266 αὐτῶν.
3487 2231 3509 2266 ο
3555 2214 3665 2267 Kal

2081 2300 2208 2370 ἑξῆς
2239 2300 2458 2354 ἐπὶτῶν
2476 2303 2556 2365 είς
2584 2302 2675 2355 τὸν
2701 2304 3055 2374 ὲγκαινισμὺν
3087 2304 3185 2374 τῆς
3231 2304 3435 2376 σκηνῆς
3466 2305 3671 2375 ἀναφε-

2085 2392 2327 2464 ρομένων
2353 2410 2366 2423 ·
2403 2411 2422 2443 ι
2464 2389 2600 2447 Είπε
2629 2394 2833 2466 Κύριος
2879 2396 3016 2468 πρὸς
3058 2397 3329 2465 Μωῡσῆν·
3370 2398 3554 2468 ἄρχων
3588 2393 3670 2463 εἷς

2080 2485 2201 2540 καθ’
2247 2488 2459 2559 ἡμέραν
2514 2488 2865 2558 προσοίσουσι
2921 2488 2992 2543 τὰ
3040 2489 3189 2563 δῶρα
3232 2490 3432 2544 αὐτῶν.
3467 2491 3577 2544 Kal
3599 2485 3670 2563 ἦν

2078 2579 2454 2650 όπροσφέρων
2499 2582 2565 2651 τῇ
2613 2579 2795 2653 ἡμέρᾳ
2822 2584 2888 2653 τῇ
2935 2580 3128 2656 πρώτῃ
3175 2583 3237 2637 τὸ
3262 2582 3435 2654 δῶρον
3476 2583 3667 2648 αὐτοῦ,

2078 2667 2349 2723 Ναασσὼν
2380 2671 2495 2734 υἱὸς
2530 2671 2848 2742 manasse,
2878 2672 3062 2746 ἅρχων
3085 2673 3184 2743 τῆς
3214 2674 3386 2743 φυλῆς
3420 2675 3607 2730 Ἰούδα.
3642 2696 3662 2729 ι

2078 2758 2187 2811 Kal
2214 2760 2271 2811 ἐν
2302 2761 2368 2829 τῇ
2422 2758 2588 2831 βίϐλῳ
2624 2760 2682 2814 δὲ
2723 2760 2818 2814 τοῦ
2865 2761 3039 2831 Ἰησοῦ
3090 2761 3184 2814 τοῦ
3218 2761 3373 2832 Ναυῆ
3422 2762 3520 2833 τῆς
3563 2763 3668 2835 γῆς

2077 2848 2174 2920 τῆς
2201 2849 2537 2918 ἐπαγγελίας
2563 2850 2753 2923 κλήρῳ
2789 2853 2930 2907 κατά
2963 2852 3071 2906 τῶν
3106 2853 3305 2908 λοιπῶν
3337 2855 3518 2925 φυλῶν
3543 2855 3665 2912 δια.-

2077 2942 2443 3014 νεμηθείσης,
2498 2944 2778 3015 ἀκληρωτὶ
2837 2944 2932 2998 καὶ
2991 2944 3182 2998 πασῶν
3232 2945 3419 3017 πρώτη
3479 2948 3513 3018 ἡ
3566 2945 3665 3002 τοῦ

2089 3034 2257 3089 Ἰούδα
2307 3035 2447 3108 φυλὴ
2485 3036 2545 3088 τὸ
2572 3038 2771 3089 οἰκεῖον
2801 3035 2967 3108 μέρος
2997 3036 3099 3106 τῆς
3123 3036 3230 3106 γῆς
3265 3037 3659 3109 ἀπολαμϐάνει.

386 3131 479 3182 det
513 3136 640 3182 ante
684 3143 787 3182 nos
823 3138 1015 3183 contra
1056 3128 1449 3195 Cliananaeum,
1480 3142 1534 3187 et
1574 3134 1679 3188 erit
1705 3134 1816 3190 dux
1848 3136 1973 3191 belli

2092 3126 2250 3180 Ἀλλά
2291 3129 2384 3181 καὶ
2420 3127 2558 3199 μετά
2603 3127 2703 3198 τὴν
2751 3125 3008 3199 τελευτὴν
3051 3128 3226 3199 Ἰησοῦ
3268 3129 3566 3200 ἐπηρώτων
3613 3134 3663 3185 ol

387 3218 442 3273 in
472 3219 636 3273 eum?
669 3218 736 3272 Et
769 3218 911 3273 dixit
955 3219 1241 3284 Dominus,
1288 3220 1459 3278 Judas
1506 3224 1804 3280 ascendet:
1845 3241 1975 3282 ecce

384 3310 510 3366 dedi
560 3320 765 3366 terram
816 3312 872 3365 in
906 3328 1100 3369 manus
1125 3314 1248 3382 ejus
1269 3314 1334 3370 ³⁸.
1371 3334 1390 3367 ι
1428 3314 1595 3371 Plane
1625 3317 1792 3387 igitur
1824 3321 1972 3373 omni

385 3403 555 3458 Israel
590 3417 826 3472 praeesse
861 3404 1065 3458 tribum
1115 3403 1257 3460 Juda
1287 3405 1429 3461 Deus
1471 3407 1526 3460 in
1557 3406 1643 3462 his
1675 3408 1860 3464 verbis
1884 3408 1975 3479 ju-

386 3494 498 3551 bet.
529 3496 799 3561 Quocirca
828 3496 1090 3572 deinceps
1119 3497 1385 3567 scriptum
1412 3506 1498 3553 est
1532 3515 1544 3551 :
1580 3517 1599 3551 ι
1631 3498 1695 3554 Et
1726 3501 1975 3557 ascendit

385 3585 580 3652 Judas,
612 3596 665 3640 et
696 3586 923 3642 tradidit
974 3586 1237 3643 Dominus
1268 3588 1638 3645 Chananaium
1680 3594 1734 3646 et
1772 3590 1974 3648 Phere-

388 3694 561 3733 zaequ
594 3679 647 3731 in
676 3695 901 3734 manum
929 3680 1129 3749 ejus".
1162 3700 1180 3732 ι
1219 3680 1284 3735 Ει
1307 3698 1501 3737 rursus
1528 3698 1540 3734 :
1578 3701 1597 3733 ι
1635 3681 1701 3735 Ει
1736 3683 1969 3743 bellave-

385 3778 517 3826 rui’it
553 3771 647 3826 lilii
692 3771 832 3827 Iuda
863 3773 916 3828 in
955 3773 1296 3838 Jerusalem,
1345 3783 1402 3830 et
1439 3776 1971 3847 comprehenderunt

382 3879 528 3929 eam,
558 3872 611 3919 et
643 3865 1047 3921 descenderunt
1077 3866 1171 3921 lilii
1195 3866 1336 3923 Iuda
1362 3869 1421 3923 in
1449 3867 1821 3926 Cbananaeum
1844 3870 1911 3924 ⁸ο.
1947 3891 1966 3923 ι

386 3955 453 4010 Et
502 3972 741 4014 rursus:
790 3978 809 4011 ι
857 3958 922 4012 Et
955 3960 1089 4014 abiit
1131 3959 1304 4016 Judas
1352 3977 1478 4016 cum
1518 3960 1756 4035 Symeon
1802 3963 1973 4020 fratre

384 4066 488 4106 suo
510 4050 578 4104 ⁸⁸.
613 4070 631 4103 ι
663 4050 729 4104 Et
757 4052 1019 4121 deinceps
1046 4071 1061 4107 :
1089 4078 1109 4105 ι
1145 4052 1210 4107 Ει
1240 4052 1343 4107 fuit
1368 4053 1630 4112 Dominus
1653 4071 1776 4111 cum
1803 4056 1965 4121 Juda,

381 4150 437 4195 et
468 4142 716 4211 possedit
737 4148 975 4196 montem
992 4143 1057 4196 δ’.
1080 4143 1184 4197 tEt
1206 4153 1329 4214 post
1351 4146 1468 4201 haec
1503 4162 1517 4199 :
1550 4165 1570 4198 ι
1598 4146 1664 4200 Et
1703 4150 1969 4205 ascende-

384 4239 512 4285 runt
549 4230 642 4285 lilii
682 4230 885 4303 Ioseph
929 4235 1033 4304 ipsi
1082 4251 1300 4305 quoque
1348 4237 1403 4290 in
1450 4235 1653 4293 Bietliel
1699 4248 1752 4295 et
1797 4238 1969 4298 Iudas

382 4337 506 4375 cum
534 4322 672 4392 ipsis
694 4321 759 4378 ”.
801 4342 819 4375 ι
848 4323 1035 4394 Itaque
1065 4340 1189 4380 cum
1216 4328 1272 4381 in
1303 4327 1445 4383 libro
1471 4326 1749 4393 Iudicum,
1781 4331 1968 4387 diver-

383 4415 461 4468 sis
505 4415 850 4482 temporibus
900 4415 1143 4488 (tametsi
1173 4419 1519 4475 diversarum
1567 4420 1812 4483 tribuum
1844 4438 1967 4479 esse

2078 3219 2184 3273 uiol
2229 3219 2443 3291 Ἰσραὴλ
2482 3220 2540 3271 ἐν
2570 3220 2782 3290 Κυρίῳ,
2823 3218 3074 3288 λέγοντες
3097 3237 3110 3249 ·
3151 3238 3171 3271 ι
3204 3221 3300 3284 Τίς
3335 3221 3668 3293 ἀναϐήσεται

2077 3313 2207 3383 ἡμῖν
2236 3312 2373 3384 πρὸς
2397 3311 2489 3365 τὸν
2522 3311 2847 3378 Χαναναῖον,
2887 3313 3266 3385 ἀφηγούμενος
3304 3314 3396 3368 τοῦ
3428 3308 3670 3387 πολεμῆ-

2077 3419 2166 3455 σαι
2216 3403 2275 3455 ἐν
2339 3401 2530 3473 αὑτῷ;
2580 3403 2692 3456 Kal
2740 3399 2861 3456 εἷπε
2903 3402 3104 3476 Κύριος
3137 3420 3150 3435 ’
3219 3405 3417 3470 Ἰούδας
3466 3406 3669 3479 ἀναϐή-

2077 3510 2245 3547 σεται.
2293 3493 2424 3548 Ἰδοὺ
2473 3493 2680 3548 δέδωκα
2722 3495 2821 3566 τὴν
2876 3497 2979 3566 γῆν
3034 3497 3117 3560 είς
3172 3500 3361 3569 χεῖρας
3409 3496 3598 3551 αὑτοῦ.
3642 3515 3663 3550 ι

2075 3585 2272 3655 Σαφῶς
2332 3580 2426 3639 οὖν
2475 3584 2567 3639 τοῦ
2614 3587 2816 3650 παντὸς
2865 3586 3080 3660 Ἰσραὴλ
3117 3588 3371 3659 ἡγεῖσθαι
3420 3590 3518 3662 τὴν
3571 3587 3666 3643 τοῦ

2089 3678 2256 3732 ’ἰούδα
2284 3678 2453 3751 φυλὴν
2481 3680 2510 3733 ό
2551 3678 2683 3742 Θεὸς
2721 3679 2808 3732 διὰ
2853 3680 3055 3734 τούτων
3084 3681 3431 3752 ,προστάττει
3456 3698 3469 3712 ·
3536 3682 3659 3735 ὅθεν

2075 3772 2204 3843 ἐξῆς
2236 3773 2546 3845 γέγραπται
2573 3788 2587 3802 ·
2624 3791 2642 3823 ι
2668 3771 2782 3825 Καὶ
2806 3772 2975 3843 ἀνέϐη
3018 3772 3240 3836 Ἰούδας,
3265 3773 3360 3826 καὶ
3384 3773 3668 3846 παρέδωκε

2074 3864 2279 3937 Κύριος
2298 3866 2389 3918 τὸν
2416 3865 2719 3919 Χαναναῖον
2746 3864 2840 3918 καὶ
2865 3864 2957 3918 τὸν
2981 3863 3271 3936 Φερεζαῖον
3307 3866 3366 3918 ἐν
3392 3867 3537 3938 χειρὶ
3571 3866 3671 3919 αὐ-

2072 3956 2187 4011 τοῦ’
2225 3976 2245 4008 ι
2293 3958 2389 4011 καὶ
2433 3956 2613 4012 πάλιν·
2657 3975 2676 4008 ι
2725 3957 2835 4010 Kal
2875 3956 3222 4029 ἐπολέμησαν
3259 3960 3308 4012 οί
3351 3959 3456 4011 υἱοὶ
3492 3957 3667 4013 Ἰούδα

2072 4049 2130 4102 ἐν
2176 4047 2553 4119 Ἰερουσαλὴμ,
2603 4048 2698 4101 καὶ
2741 4048 3106 4102 κατελάϐοντο
3147 4050 3338 4120 αὐτὴν.
3373 4050 3467 4103 καὶ
3532 4066 3666 4104 κατ-

2072 4140 2277 4211 έϐησαν
2326 4141 2435 4193 υἱοὶ
2480 4139 2673 4204 Ἰούδα,
2717 4139 3024 4210 πολεμῆσαι
3074 4143 3133 4193 ἐν
3177 4139 3257 4209 τῷ
3277 4140 3583 4208 Χαναναίῳ.
3637 4158 3659 4191 a

2071 4231 2183 4283 Kal
2238 4226 2419 4295 αὖθις
2459 4248 2478 4281 ι
2516 4232 2625 4285 Kal
2673 4229 2946 4301 ἐπορεύθη
2993 4230 3193 4292 Ἰούδας
3255 4227 3396 4298 μετά
3438 4227 3662 4299 Συμεὼν

2069 4326 2163 4379 τοῦ
2211 4324 2441 4396 ἀδελφοῦ
2489 4324 2674 4380 αὑτοῦ.
2739 4344 2756 4375 ι
2808 4325 2919 4378 Kal
2968 4322 3123 4394 ἐξῆς⁸
3171 4321 3281 4375 Kal
3335 4318 3404 4393 ἦν
3459 4322 3665 4393 Κύριος

2074 4417 2213 4489 μετά
2243 4418 2430 4481 Ἰούδα,
2466 4418 2562 4471 καὶ
2605 4417 3013 4487 ἐκληρονόμησε
3046 4415 3107 4469 τὸ
3154 4416 3279 4486 ὅρος
3302 4431 3318 4446 ·
3362 4435 3380 4468 ι
3438 4417 3533 4471 καὶ
3569 4434 3667 4489 με-

379 4502 748 4571 videbantur),
769 4504 983 4573 judices
1013 4508 1214 4577 popqu
1238 4518 1558 4578 praeessent,
1585 4510 1762 4567 tribus
1782 4519 1965 4569 tamen

2078 4511 2137 4563 τὰ
2166 4511 2370 4565 ταῦτα·
2411 4530 2429 4562 ι
2460 4511 2569 4564 Kal
2600 4509 2869 4580 ἀνέϐησαν
2936 4509 2986 4562 οἱ
3031 4509 3138 4562 υἰοι
3182 4509 3414 4579 Ἰωσὴφ,
3462 4509 3555 4563 καί
3599 4528 3662 4579 γε

378 4590 519 4649 .‘uda
557 4594 611 4647 in
643 4597 960 4652 universum
1002 4601 1169 4657 totius
1200 4603 1378 4672 gentis
1404 4602 1516 4657 dux
1544 4610 1703 4659 erat:
1733 4605 1969 4676 idipsum

381 4701 512 4741 vero
541 4689 886 4757 temporibus
924 4690 1095 4746 David
1120 4708 1619 4765 successurumque
1648 4697 1770 4765 ejus
1800 4699 1972 4753 multo

383 4778 577 4847 magis,
605 4780 806 4850 quippe
838 4796 963 4836 cum
998 4783 1259 4851 plane'de
1284 4785 1430 4839 tribu
1465 4784 1606 4841 Juda
1643 4788 1718 4841 illi
1745 4790 1975 4845 exsiste-

382 4879 526 4933 rent,
573 4878 629 4925 et
674 4886 902 4941 regnum
949 4890 1124 4945 usque
1178 4876 1247 4930 ad
1300 4875 1688 4949 Babylonicam
1726 4880 1971 4951 ipsorum

383 4960 596 5015 cladem
639 4962 1019 5031 produxerim,
1058 4973 1182 5036 post
1215 4982 1379 5037 quam
1420 4967 1633 5024 cladem
1665 4970 1733 5026 iis
1773 4971 1867 5041 qui
1900 4971 1968 5026 de

381 5051 473 5104 illa
503 5054 768 5108 servitute
791 5055 846 5109 in
879 5057 1110 5126 patriam
1142 5067 1343 5113 terram
1362 5060 1570 5116 reversi
1597 5069 1746 5126 sunt,
1772 5078 1967 5118 rursus

380 5142 602 5208 praefuit
631 5143 958 5211 Zoroliabel,
1010 5145 1273 5203 Salatiiiel
1319 5147 1464 5203 [ilius
1503 5148 1572 5204 de
1616 5152 1761 5205 tribu
1800 5150 1963 5206 Juda.

381 5232 512 5288 Inde
556 5236 721 5290 etiam
768 5235 1055 5308 Scriptura
1086 5255 1208 5309 qua:
1253 5239 1711 5310 Paralipomenon
1740 5242 1965 5308 dicitur,

380 5325 668 5382 duodecim
705 5330 943 5384 tribuum
986 5330 1154 5386 Israel
1181 5334 1379 5387 seriem
1414 5333 1630 5402 generis
1676 5350 1964 5402 enarrans,

383 5419 453 5470 ab
475 5434 538 5473 ea
570 5436 693 5491 quae
718 5431 801 5478 est
834 5423 1008 5493 ipsius
1034 5423 1175 5479 Juda
1210 5424 1340 5480 fecit
1390 5426 1609 5480 initium
1643 5444 1655 5479 :
1691 5443 1820 5499 ergo
1846 5428 1967 5498 ipso

381 5508 574 5566 ordine
604 5516 855 5583 sequitur
882 5524 941 5570 ut
979 5517 1142 5571 etiam
1195 5520 1592 5588 posterioribus
1626 5523 1968 5592 temporibus

382 5600 650 5659 fateamur
677 5609 922 5666 eamdem
958 5612 1160 5667 tribum
1184 5614 1411 5685 reliquis
1434 5615 1737 5687 praefuisse,
1770 5632 1968 5689 quam-

2075 4604 2229 4658 αύτοὶ
2275 4605 2333 4657 ἐν
2375 4601 2599 4673 Βαιθὴλ,
2646 4603 2739 4655 καὶ
2790 4601 2990 4664 Ἰούδας
3020 4601 3133 4668 μετἲ
3179 4601 3376 4654 αὐτῶν.
3415 4620 3433 4652 ι
3473 4604 3583 4657 Kal
3606 4604 3664 4657 ἐν

2073 4698 2140 4767 τῇ
2201 4694 2367 4765 βίϐλῳ
2404 4694 2462 4747 δέ
2522 4693 2630 4748 τῶν
2676 4692 2893 4765 Κριτῶν
2939 4692 3209 4765 διαφόρων
3256 4693 3397 4747 κατά
3441 4694 3664 4767 χρόνους

2076 4786 2487 4859 προϊσταμένων
2517 4784 2612 4839 τοῦ
2653 4784 2805 4847 λαοῦ,
2840 4786 2890 4838 εί
2921 4786 3015 4839 καὶ
3044 4787 3110 4839 ἐκ
3145 4786 3417 4859 διαφόρων
3444 4787 3663 4842 ἐδόκουν

2075 4873 2215 4931 εἶναι
2247 4877 2430 4947 φυλῶν
2461 4879 2511 4931 οἱ
2540 4877 2745 4949 κριταὶ,
2768 4877 2916 4947 ὅμως
2945 4876 3003 4929 δὲ
3035 4877 3261 4931 καθόλου
3296 4880 3330 4949 ἡ
3357 4878 3452 4932 τοῦ
3494 4879 3661 4933 ’ἰούδα

2076 4970 2218 5042 φυλὴ
2250 4969 2346 5023 τοῦ
2377 4969 2578 5033 παντὸς
2609 4969 2795 5032 ἔθνους
2825 4971 3011 5039 ἠγεῖτο
3033 4986 3047 5000 ·
3080 4969 3258 5042 πολλῷ
3287 4969 3346 5024 δὲ
3382 4970 3541 5025 πλέον
3568 4972 3659 5024 ἐπὶ

2074 5065 2183 5118 τῶν
2215 5064 2423 5136 χρόνων
2455 5062 2550 5116 τοῦ
2583 5062 2768 5127 Δαϐὶδ,
2804 5062 2898 5115 καὶ¹
2930 5060 3040 5115 τῶν
3070 5061 3260 5115 τούτου
3291 5062 3570 5133 διαδόχων,
3594 5062 3660 5114 ἐκ

2075 5158 2248 5228 φυλῆς
2290 5156 2387 5228 μὲν
2417 5155 2513 5210 τοῦ
2555 5155 2725 5209 Ἰούδα
2775 5155 3095 5225 γεγονότων,
3134 5155 3297 5227 μέχρι
3345 5155 3403 5208 δὲ
3433 5155 3535 5225 τῆς
3579 5153 3659 5217 είς

2075 5250 2371 5304 Βαϐυλῶνα
2398 5248 2775 5320 αίχμαλωσίας
2801 5248 2900 5319 τὴν
2936 5246 3211 5318 βασιλείαν
3242 5245 3657 5315 διενεγκάντων,

2077 5341 2194 5413 μεθ’
2226 5343 2292 5411 ἢν
2318 5341 2428 5395 τῶν
2459 5342 2525 5395 ἐκ
2556 5340 2654 5411 τῆς
2675 5339 3052 5411 αἰχμαλωσίας
3084 5341 3176 5393 ἐπὶ
3206 5340 3306 5410 τὴν
3329 5338 3534 5392 οἰκείαν
3554 5337 3660 5409 γῆν

2073 5432 2403 5487 ἐπανιόντων
2430 5428 2585 5495 αὖθις
2608 5434 2824 5503 ἡγεῖται
2849 5429 3175 5503 Ζοροϐάϐελ,
3206 5432 3235 5483 ὁ
3264 5429 3359 5483 τοῦ
3389 5427 3659 5501 Σαλαθιὴλ

2075 5526 2139 5578 ἐκ
2172 5525 2342 5593 φυλῆς
2390 5524 2577 5582 Ἰούδα,
2617 5527 2645 5578 ὁ
2680 5525 2772 5578 καὶ
2796 5522 2887 5577 τὸν
2908 5521 3045 5577 νεὼν
3079 5523 3317 5594 ἐγείρας.
3348 5520 3541 5575 Ἔνθεν
3562 5522 3661 5575 καὶ

2078 5618 2253 5690 ἡτῶν
2289 5617 2781 5690 Παραλειπομένων
2830 5617 3039 5688 γραφὴ,
3089 5615 3188 5679 τὰς
3230 5613 3439 5669 δώδεκα
3485 5616 3659 5686 φυλὰς

452 5719 506 5804 ⁸ξ¹
534 5718 708 5804 ﬁam;
737 5726 1006 5804 ti,_?.__'.’g._
1068 5728 1128 5804 1"
1155 5726 1317 5785 Num.
1360 5747 1456 5799 v.1,
1501 5733 1582 5800 ll,
1626 5736 1704 5791 l2.
1786 5738 1829 5770 ³⁸
1866 5735 1969 5792 Iud

2100 5752 2150 5803 ι,
2188 5740 2238 5804 t,
2277 5738 2330 5793 2.
2410 5738 2449 5769 ³⁹
2489 5737 2600 5793 ibid
2651 5738 2706 5795 4,
2782 5738 2827 5770 ⁸⁸
2869 5735 2999 5791 ibid'.
3060 5733 3115 5800 8,
3146 5733 3197 5787 9.
3280 5734 3321 5764 “
3364 5734 3494 5789 ibid.
3566 5731 3654 5788 Π.

383 5791 430 5822 ⁴¹
471 5791 604 5847 ibid.
644 5792 729 5847 19.
820 5799 866 5830 ³³
894 5797 1030 5852 Ibid.
1065 5797 1153 5856 Ἡ.
