4098 6488
459 395 562 450 577
1309 381 1962 446 DEMONSTRATIONIS
1982 379 2443 439 EVANGELICZE
2480 384 2608 438 LIB.
2645 384 2782 441 Vill.
3607 398 3716 455 578

457 517 550 572 τοῦ
597 514 811 586 Ἰσραὴλ
857 509 1271 582 γενεαλογοῦσα,
1305 509 1414 563 ἀπὸ
1458 509 1556 579 τῆς
1594 506 1687 560 τοῦ
1729 505 1899 559 Ἰούδα
1937 498 2036 571 τὴν
2064 538 2075 556 ε

2095 508 2110 556 l
2143 499 2226 553 vis
2279 499 2335 554 in
2388 513 2542 571 parte
2576 505 2756 573 aliqua
2785 503 2919 557 varii
2951 503 3262 575 diversique
3299 511 3502 580 papulo
3537 518 3713 583 praeli-

457 611 736 682 καταρχὴν
785 608 1093 677 ἐποιήσατο.
1136 605 1364 657 Ἔπεται
1409 601 1473 673 δὴ
1517 597 1610 654 οὖν
1661 599 1867 662 τούτοις
1906 599 2034 650 ἀκο-

2134 599 2410 656 cerentur,
2435 611 2668 665 quorum
2700 597 3014 666 singillatim
3050 613 3222 666 genus
3251 602 3409 654 solita
3429 605 3711 676 diligentia

455 702 660 765 λούθως
710 700 800 754 καὶ
833 701 888 752 ἐν
918 700 1029 760 τοῖς
1063 695 1201 766 μετά
1241 695 1413 748 ταῦτα
1459 693 1670 764 χρόνοις
1716 690 1814 760 τὴν
1866 688 2032 760 αὐτὴν

2133 699 2388 740 enarrare
2408 703 2751 759 nequaquam
2778 705 2878 744 nos
2907 707 3222 760 possumus,
3245 705 3530 767 propterea
3561 703 3707 769 quod

459 793 624 863 φυλὴν
685 791 791 846 τῶν
852 788 1051 843 λοιπῶν
1097 786 1374 858 ὁμολογεῖν
1427 783 1696 856 ἡγεῖσθαι,
1730 784 1780 835 εἰ
1823 782 1917 835 καὶ
1973 783 2031 834 ἐν

2131 779 2315 834 nullus
2367 781 2600 849 amplius
2663 780 2835 835 fertur
2882 782 3102 836 divinus
3151 785 3308 852 liber,
3358 788 3453 856 qui
3499 807 3562 844 ex
3614 794 3709 849 illo

461 884 613 954 μέρει
644 882 888 953 διάφοροι
923 880 1372 952 προειστήκεισαν
1401 876 1495 929 τοῦ
1523 874 1651 930 λαοῦ
1673 892 1684 904 ·
1721 868 1795 927 ὧν
1824 875 1884 926 ού
1910 873 2029 926 καθ’

2132 885 2306 939 usque
2348 871 2416 925 ad
2464 881 2709 942 tempora
2763 873 3066 930 Salvator-is
3112 878 3288 931 nostri
3332 883 3706 938 narrationem

454 974 586 1042 ἡμῖν
617 969 837 1024 δυνατὸν
869 967 1317 1041 ἐξακριϐάζεσθαι
1351 967 1419 1020 τὰ
1461 967 1612 1037 γένη,
1655 965 1733 1037 τῷ
1765 965 1897 1036 μηδέ
1931 965 2028 1034 φέ-

2130 962 2554 1018 continuaverit.
2597 964 2986 1021 Verumtamen
3018 975 3071 1022 et
3101 969 3242 1023 fama
3277 976 3329 1024 et
3359 973 3500 1026 ratio
3532 975 3709 1028 dicta-

457 1062 645 1134 ρεσθαι
691 1062 838 1115 θείαν
875 1061 1054 1132 βίϐλον
1093 1059 1151 1124 ἐξ
1200 1060 1408 1113 ἐκείνου
1441 1060 1536 1113 καὶ
1584 1058 1743 1129 μέχρι
1775 1057 1882 1110 τῶν
1931 1055 2026 1110 τοῦ

2127 1051 2208 1105 bit
2231 1051 2460 1108 durasse
2485 1055 2674 1108 tandiu
2703 1056 2900 1109 tribum
2930 1055 3090 1121 Juda,
3144 1061 3388 1129 quandiu
3416 1071 3528 1116 tota
3572 1081 3706 1134 gens

454 1155 701 1226 Σωτῆρος
732 1155 960 1226 χρόνων.
1004 1153 1149 1224 Πλὴν
1184 1155 1262 1216 είς
1289 1153 1539 1205 τοσοῦτον
1568 1151 1852 1223 διαρκέσαι
1872 1149 2028 1219 λόγος

2128 1143 2379 1198 libertate
2407 1152 2461 1198 et
2490 1146 2605 1199 suis
2639 1147 2846 1216 legibus
2873 1155 3053 1211 utens,
3082 1151 3184 1204 sub
3216 1150 3533 1210 domesticis
3562 1157 3707 1226 prin-

454 1247 682 1318 φανερὸς
708 1248 854 1318 αἱρεῖ
877 1247 976 1318 τὴν
1007 1246 1102 1300 τοῦ
1140 1245 1306 1299 Ἰούδα
1340 1243 1530 1314 φυλὴν,
1563 1246 1642 1308 είς
1673 1246 1795 1297 ὅσον
1825 1243 1886 1297 τὸ
1921 1244 2027 1296 πᾶν

2127 1234 2343 1303 cipibus
2384 1235 2727 1306 ducibusque
2781 1238 2948 1291 vitam
2993 1241 3184 1308 egerit.
3236 1239 3409 1297 Porro
3447 1244 3551 1298 hoc
3594 1247 3709 1302 illis.

450 1340 601 1403 ἔθνος
627 1339 908 1412 ἐλευθερίᾳ
935 1340 1030 1392 καὶ
1053 1337 1346 1407 αὐτονομίᾳ
1375 1336 1650 1408 χρώμενον
1678 1334 1783 1389 ὑπὸ
1807 1335 2027 1397 οἰκείοις

2127 1327 2356 1397 contigit
2404 1329 2471 1381 ab
2524 1328 2682 1382 initio
2722 1345 2896 1398 usque
2937 1329 3006 1384 ad
3054 1340 3296 1401 tempora
3343 1334 3594 1406 Augusti,
3649 1338 3703 1393 in

433 1433 704 1503 -ἇρχουσιν
731 1432 825 1484 καὶ
857 1429 1176 1500 ἡγουμένοις
1201 1427 1558 1481 ἐπολιτεύετο,
1585 1425 1827 1480 Τοῦτοδέ
1846 1427 2024 1490 αὐτοῖς

2127 1420 2326 1490 quibus
2360 1436 2483 1474 cum
2515 1418 2768 1476 Salvator
2795 1431 2981 1477 noster
3009 1422 3170 1479 Jesus
3196 1426 3506 1484 hominibus
3538 1447 3597 1485 se
3621 1433 3703 1485 vi—

448 1521 506 1589 ἐξ
526 1523 701 1594 ἀρχῆς
743 1519 974 1592 ὑπῆρξε,
1011 1520 1103 1572 καὶ
1141 1518 1301 1589 μέχρι
1323 1516 1430 1570 τῶν
1458 1516 1766 1585 Αὐγούστου
1795 1516 2021 1587 χρόνων,

2125 1512 2360 1568 dendum
2390 1515 2699 1583 przebuerit,
2720 1523 2832 1570 tum
2858 1531 2986 1571 vero
3011 1517 3064 1570 in
3093 1519 3410 1574 servitutem
3441 1520 3703 1578 Romanis

447 1614 569 1667 καθ’
602 1612 715 1676 οὓς,
763 1612 936 1683 Ἰησοῦ
966 1611 1060 1664 τοῦ
1100 1611 1351 1680 Σωτῆρος
1377 1608 1534 1680 ἡμῶν
1559 1608 1815 1678 φανέντος
1847 1609 1905 1661 ὲν
1929 1608 2022 1660 ἀν-

2126 1605 2380 1660 universa
2406 1623 2538 1674 gens
2565 1609 2733 1663 cessit
2761 1625 2772 1659 :
2800 1609 2967 1680 369
2996 1618 3050 1663 et
3077 1626 3177 1680 pro
3203 1614 3396 1681 patriis
3431 1630 3493 1669 ac
3527 1617 3703 1686 legiti-

447 1703 705 1775 θρώποις,
739 1703 800 1756 τὸ
831 1705 940 1756 πᾶν
973 1702 1122 1765 ἔθνος
1161 1701 1344 1754 δοῦλον
1391 1701 1676 1772 Ῥωμαίοις
1706 1701 2022 1754 καθίσταται

2125 1696 2230 1751 mis
2255 1697 2489 1752 ducibus
2525 1700 2735 1768 primus
2764 1698 3004 1756 Herodes
3029 1714 3288 1758 externus
3321 1705 3430 1761 illis
3462 1709 3699 1777 praefuit,

447 1797 542 1850 καὶ
567 1798 686 1850 ἀντὶ
715 1795 827 1849 τῶν
855 1797 1118 1868 πατρόθεν
1150 1795 1331 1858 αὐτοῖς
1350 1795 1444 1849 καὶ
1471 1795 1611 1849 κατά
1630 1795 1826 1867 νόμους
1852 1798 2018 1866 ήγου-
2053 1857 2065 1869 ι

2081 1861 2088 1869 _
2125 1796 2180 1842 et
2219 1804 2315 1843 rex
2342 1789 2638 1859 Augustus.
2667 1791 2922 1857 Quandiu
2967 1792 3133 1863 igitur
3169 1811 3275 1850 non
3317 1797 3516 1853 defecit
3546 1800 3699 1869 prin-

449 1887 623 1958 μένων
651 1888 864 1959 πρῶτος
894 1857 1136 1959 Ἡρώδης
1164 1885 1457 1954 ἀλλόφυλος
1480 1886 1656 1939 αὐτῶν
1689 1857 1912 1957 ῆγεῖται
1925 1887 2017 1940 καὶ
2050 1857 2067 1912 Ι

2086 1866 2090 1904 ⁵
2119 1896 2247 1951 ceps
2276 1881 2344 1936 de
2373 1857 2534 1948 Juda,
2553 1898 2733 1952 neque
2756 1883 2866 1938 dux
2892 1883 2959 1939 de
2981 1857 3286 1945 femoribus
3306 1890 3450 1959 ejus,
3478 1857 3704 1962 prophe-

447 1977 698 2048 βασιλεὺς
735 1978 1058 2047 Αὔγουστος.
1087 1979 1231 2042 Ἕως
1276 1977 1373 2048 μὲν
1420 1974 1512 2032 οῦν
1555 1978 1676 2031 οὐδέ
1728 1996 1816 2031 πω
1848 1977 2017 2031 διελε-

2119 1974 2316 2028 tiarum
2354 1980 2600 2044 tempora
2639 1976 2906 2046 appositis
2953 1977 3264 2048 principum
3299 1984 3480 2051 gentis
3525 1986 3696 2040 nomi-

443 2067 617 2122 λοίπει
648 2069 830 2140 ἄρχων
862 2069 921 2135 ἐξ
962 2068 1150 2136 Ἰούδα,
1185 2068 1305 2121 οὐδὲ
1337 2067 1638 2140 ἡγούμενος
1667 2069 1732 2121 ἐκ
1764 2069 1872 2120 τῶν
1909 2087 2014 2141 μη-

2117 2064 2279 2120 nibus
2308 2067 2641 2120 notabantur
2667 2086 2679 2121 :
2711 2067 2792 2122 sic
2817 2068 2963 2122 enim
2993 2069 3160 2126 Isaias
3185 2073 3288 2126 sub
3310 2076 3528 2144 regibus
3547 2075 3697 2144 Ozia,

443 2158 552 2228 ρῶν
584 2158 770 2224 αὑτοῦ,
812 2159 921 2213 τῶν
968 2159 1316 2232 προφητειῶν
1359 2161 1407 2213 οἱ
1457 2160 1635 2231 χρόνοι
1683 2160 1746 2213 ἐκ
1776 2161 1875 2231 τῆς
1906 2161 2015 2212 τῶν

2113 2150 2370 2217 Joatban,
2413 2155 2617 2220 Achaz,
2652 2163 2708 2211 et
2749 2156 3003 2223 Ezechia,
3049 2161 3143 2229 qui
3192 2161 3245 2215 in
3273 2161 3457 2219 Iudaea
3501 2183 3700 2238 regna-

439 2249 714 2322 ἀρχόντων
734 2251 829 2305 τοῦ
851 2251 1036 2315 ἔθνους
1061 2253 1410 2324 παραθέσεως
1429 2251 1813 2322 ἁνεγράφοντο.
1830 2251 2015 2315 Οὕτως

2116 2253 2266 2308 runt,
2304 2247 2648 2318 prophetiam
2691 2266 2847 2305 suam
2908 2254 3150 2306 contexit
3186 2271 3198 2308 :
3244 2255 3501 2312 similiter
3537 2257 3693 2315 Osee.

439 2337 532 2396 οῦν
584 2342 811 2405 Ἡσαΐας
853 2344 910 2394 ἐν
961 2341 1208 2412 βασιλείᾳ
1268 2341 1444 2404 Ὀζίου
1500 2343 1592 2396 καὶ
1625 2342 1884 2407 Ἰωάθαν,
1920 2345 2014 2397 καὶ

2113 2338 2283 2393 Amos
2311 2355 2440 2393 vero
2472 2339 2526 2394 in
2562 2339 2754 2396 diebus
2784 2341 2932 2397 Ozize
2963 2345 3106 2414 regis
3138 2345 3297 2412 Juda,
3337 2359 3389 2403 et
3423 2350 3476 2403 in
3503 2351 3697 2408 diebus

444 2431 640 2502 Ἄχας,
675 2434 768 2486 καὶ
818 2433 1089 2498 Ἐζεκίου,
1117 2435 1166 2486 οἳ
1213 2433 1564 2487 ἐϐασίλευσαν
1601 2435 1700 2506 τῆς
1739 2435 2009 2498 Ἰουδαίας,

2111 2429 2241 2484 Jesu
2277 2431 2368 2484 lilii
2394 2430 2526 2488 Joas
2583 2434 2727 2503 regis
2757 2436 2926 2490 Israel
2955 2455 2969 2491 :
2996 2446 3048 2491 et
3080 2435 3386 2506 Sophonias
3409 2441 3468 2494 in
3501 2441 3697 2500 diebus

440 2524 802 2594 προφητεύειο
838 2525 1040 2595 ὁμοίως
1089 2525 1144 2578 δέ
1194 2527 1288 2580 καὶ
1320 2525 1500 2597 Ὠσηέ.
1543 2527 1600 2579 '0
1640 2527 1695 2580 δὲ
1749 2527 1927 2598 Ἀμὼς
1955 2529 2011 2581 ἐν

2111 2521 2275 2577 Josiaa
2326 2524 2419 2576 lilii
2471 2525 2637 2580 Amos
2682 2527 2826 2596 regis
2877 2525 3018 2581 Juda
3063 2529 3365 2584 :similiter
3407 2529 3694 2589 Jeremias.

440 2615 676 2687 ἡμέραις
715 2616 890 2680 Ὀξίου
945 2617 1209 2686 βασιλέως
1249 2618 1452 2682 Ἰούδα,
1521 2621 1614 2673 καὶ
1670 2621 1728 2672 ἐν
1779 2620 2012 2691 ἡμέραις

2115 2614 2220 2669 Sed
2249 2616 2342 2669 ubi
2369 2615 2568 2672 defecit
2602 2619 2854 2688 princeps
2884 2620 2950 2675 de
2977 2619 3116 2675 Juda
3145 2631 3199 2676 et
3230 2623 3341 2677 dux
3375 2627 3442 2679 de
3485 2625 3701 2680 femori-

451 2707 729 2778 Ἰεροϐοάμ
767 2708 882 2762 υἱοῦ
925 2708 1095 2771 Ἰωὰς,
1135 2709 1398 2779 βασιλέως
1441 2711 1676 2783 Ἰσραὴλ,
1721 2713 1814 2764 καὶ
1847 2712 2011 2781 Σοφο-

2111 2705 2213 2761 bus
2238 2705 2382 2773 ejus,
2405 2721 2529 2760 cum
2554 2710 2889 2776 exspectatio
2913 2711 3176 2778 gentium,
3197 2712 3264 2765 de
3285 2728 3391 2782 qua
3418 2715 3696 2783 prophetae

435 2799 555 2861 νίας
613 2801 670 2853 ἐν
721 2799 956 2870 ἡμέραις
1005 2800 1246 2864 Ἰωσίου,
1295 2800 1412 2854 υίοῦ
1473 2803 1687 2874 Ἀμὼς,
1748 2802 2010 2872 βασιλέως

2111 2796 2278 2849 locuti
2336 2797 2574 2861 luerant,
2621 2797 2847 2866 jamjam
2880 2815 2976 2868 per
3015 2799 3298 2856 Christum
3355 2805 3518 2857 vitam
3549 2812 3695 2860 esset

450 2889 634 2944 Ἰούδα.
684 2891 912 2962 Ὁμοίως
959 2890 1015 2943 δέ
1063 2891 1156 2944 καὶ
1208 2892 1494 2962 Ἱερεμίας.
1549 2893 1686 2946 Ἀλλ’
1733 2894 1821 2946 ὅτε
1858 2892 2010 2946 ἐκλέ-

2111 2884 2474 2950 illustratura,
2497 2903 2604 2942 non
2637 2889 2872 2959 amplius
2905 2906 3059 2962 reges
3074 2891 3214 2946 Juda
3249 2898 3488 2957 censeri,
3515 2913 3694 2966 neque

433 2978 615 3032 λοιπεν
653 2979 834 3051 ἄρχων
874 2979 934 3045 ἐξ
977 2981 1165 3044 Ἰούδα,
1196 2983 1290 3035 καὶ
1328 2981 1627 3053 ἡγούμενος
1661 2985 1723 3036 ἐκ
1763 2983 1871 3036 τῶν
1907 2998 2010 3053 μη-

2109 2976 2276 3032 duces
2300 2978 2465 3033 Israel
2497 2994 2731 3050 ccepere,
2777 2981 2872 3036 sed
2917 2983 3002 3037 his
3033 2984 3187 3052 ipsis,
3233 2986 3692 3053 quemadmodum

436 3070 546 3142 ρῶν
579 3071 778 3137 αὑτοῦ,
830 3073 926 3144 τῆς
954 3073 1041 3126 διά
1095 3073 1188 3126 τοῦ
1241 3073 1474 3144 Χριστοῦ
1525 3075 2008 3146 προφητευομένης

2111 3072 2410 3142 prophetiae
2459 3073 2928 3144 signilieaverant,
2968 3092 3069 3132 suo
3103 3085 3257 3132 certo
3286 3090 3339 3134 et
3374 3079 3523 3135 linito
3556 3088 3694 3136 tem-

433 3164 758 3235 προσδοκίας
807 3165 914 3218 τῶν
962 3164 1130 3219 ἐθνῶν
1172 3167 1294 3220 ὅσον
1341 3166 1494 3220 οῦπω
1542 3168 1840 3238 μελλούσης
1888 3169 2008 3220 ἐπι·
2032 3197 2051 3254 ε

2075 3179 2242 3251 ’pore
2286 3166 2684 3234 deﬁcientibus,
2721 3170 2930 3238 primus
2980 3171 3202 3239 quidem
3255 3171 3558 3240 Augustus,
3614 3189 3693 3229 se-

430 3254 668 3326 λάμπειν
700 3256 776 3327 τῷ
812 3256 939 3328 βίῳ,
975 3257 1168 3313 οὐκέτι
1206 3263 1302 3330 μὲν
1352 3258 1589 3329 βασιλεῖς
1632 3261 2005 3332 ἐχρημάτισαν

2110 3259 2324 3313 cundus
2344 3273 2524 3316 autem
2553 3259 2824 3320 Tiberius.
2852 3268 2906 3315 et
2925 3262 3154 3316 aliarum
3180 3271 3234 3318 et
3254 3262 3492 3318 Judaicae
3513 3267 3691 3335 gentis

444 3351 645 3414 Ἰούδα,
699 3350 819 3403 οὐδὲ
867 3350 1156 3422 ἡγούμενοι
1212 3353 1450 3424 Ἰσραήλ.
1506 3353 1722 3407 Τούτων
1781 3355 1836 3407 δὲ
1885 3358 2006 3418 ταῖς

2106 3351 2406 3419 nuncupati
2461 3358 2593 3406 sunt
2633 3367 2809 3420 reges,
2844 3367 2947 3407 nec
2981 3367 3091 3407 non
3131 3354 3222 3407 alii
3256 3355 3558 3410 secundum
3594 3357 3692 3410 bos

427 3443 784 3513 προφητείαις
825 3443 1133 3507 ἀκολούθως
1177 3444 1320 3498 κατά
1351 3447 1477 3508 τοὺς
1510 3446 1848 3516 ὡρισμένους
1879 3447 2006 3518 χρό-

2105 3440 2254 3510 ipsos
2283 3439 2485 3497 Iudaea:
2517 3451 2904 3512 procuratores
2943 3452 3107 3511 atque
3135 3448 3448 3509 tetrarchae,
3487 3449 3690 3517 quibus

428 3553 549 3600 νους
569 3536 997 3601 διαλελοιπότων,
1023 3537 1238 3608 πρῶτος
1270 3539 1366 3609 μὲν
1399 3538 1724 3608 Αὔγουστος,
1755 3540 2002 3611 δεύτερος

2104 3531 2495 3588 adnumeretur
2519 3533 2782 3597 Herodes,
2811 3550 2840 3588 ιι
2876 3533 3189 3589 ,Ιυόαεοινιιηι
3231 3553 3452 3606 genere,
3484 3545 3542 3592 ut
3570 3537 3685 3608 jam

425 3627 484 3680 δὲ
529 3627 797 3698 Τιϐέριος,
857 3627 992 3698 μετὰ
1036 3629 1142 3682 τῶν
1187 3629 1362 3684 ἄλλων
1413 3631 1506 3684 καὶ
1571 3630 1664 3684 τοῦ
1735 3632 2001 3685 Ἰουδαίων

2101 3632 2262 3678 antea
2295 3624 2430 3689 dixi,
2461 3625 2696 3688 alienus,
2727 3627 2818 3694 qui
2863 3627 3029 3680 etiam
3081 3626 3197 3694 ipse
3238 3642 3268 3680 a
3297 3626 3559 3683 Romanis
3591 3629 3688 3683 Ju-

425 3718 610 3781 ἔθνους
646 3718 1092 3790 ἀνηγορεύθησαν
1126 3719 1383 3790 βασιλεῖς,
1415 3721 1468 3774 οἵ
1508 3738 1569 3774 τε
1603 3722 1744 3775 κατά
1780 3722 2002 3788 τούτους

2101 3715 2342 3770 decorum
2385 3717 2751 3787 principatum
2803 3719 3036 3787 accepit.
3084 3719 3220 3774 Cum
3269 3719 3539 3778 hactenus
3568 3721 3685 3779 haec

425 3811 526 3880 τῆς
562 3811 821 3874 Ἰουδαίας
854 3811 1137 3883 ἐπίτροποι
1172 3814 1266 3868 καὶ
1296 3813 1613 3885 τετράρχαι,
1647 3815 1709 3867 ού
1735 3814 1840 3887 μὴν
1864 3816 2000 3870 ἀλλὰ

2099 3808 2593 3874 observaverimus,
2630 3820 2844 3880 tempus
2891 3811 3004 3880 jam
3036 3811 3201 3866 fuerit
3247 3814 3420 3883 ipsius
3449 3816 3687 3886 pr0pbe-

422 3903 519 3957 καὶ
559 3902 822 3975 Ἡρώδης,
855 3905 930 3968 ὡς
967 3905 1102 3975 ἔφην
1137 3905 1234 3977 ῆδη
1279 3906 1373 3960 καὶ
1407 3906 1688 3977 πρότερον,
1731 3908 1792 3961 ού
1832 3924 2000 3978 προσ-

2099 3901 2190 3955 tiae
2231 3902 2751 3970 contemplationem
2789 3904 3079 3972 attingere,
3116 3923 3134 3955 ι
3166 3904 3338 3970 Juda,
3399 3916 3449 3961 Ie
3503 3908 3687 3963 lauda-

422 3997 572 4068 ήκων
621 3994 891 4059 Ἰουδαίοις
921 3996 980 4050 τὺ
1022 3997 1196 4066 γένος,
1225 3996 1284 4060 ὃς
1331 3997 1424 4050 καὶ
1467 3997 1628 4060 αὐτὸς
1661 3998 1812 4068 παρὰ
1868 3998 1999 4052 Ῥω-

2098 3992 2236 4048 bunt
2287 3995 2482 4050 fratres
2527 3995 2642 4049 tui:
2683 4013 2704 4048 ι
2736 4011 2858 4049 cum
2901 3996 3190 4052 duodecim
3231 4000 3456 4055 omnino
3494 4012 3684 4057 essent

428 4086 603 4156 μαίων
653 4087 752 4159 τὴν
779 4087 953 4159 ἀρχὴν
996 4087 1094 4160 τὴν
1128 4088 1268 4142 κατά
1314 4087 1581 4141 Ἰουδαίων
1612 4090 1992 4162 ἐγχειρίζεται.

2099 4087 2192 4140 lilii
2224 4085 2416 4152 Jacob,
2458 4102 2648 4142 eorum
2691 4095 2922 4158 quartus
2974 4088 3076 4143 fuit
3119 4089 3281 4155 Juda,
3319 4091 3681 4161 quemadmo-

419 4179 635 4233 Τούτων
668 4181 799 4251 ἡμῖν
829 4180 1338 4252 προτετηρημένων,
1369 4181 1561 4253 καιρὸς
1590 4182 1690 4254 ἤδη
1717 4182 1872 4236 καλεῖ
1894 4183 1996 4254 τῆς

2096 4179 2226 4234 dum
2262 4187 2423 4233 antea
2468 4180 2729 4243 diximus,
2760 4196 2902 4236 unus
2929 4181 3093 4236 etiam
3143 4183 3261 4253 ipse
3315 4184 3382 4240 de
3417 4185 3682 4256 principi-

417 4272 496 4334 είς
518 4271 616 4342 τὴν
647 4271 982 4344 προφητείαν
1016 4269 1247 4342 θεωρίας
1285 4271 1616 4340 ἐφάψασθαι,
1650 4293 1668 4323 ι
1704 4273 1894 4338 Ἰούδα,
1936 4275 1994 4328 σὲ

2094 4271 2196 4327 bus
2230 4272 2470 4325 tribuum
2493 4271 2672 4342 gentis
2699 4271 2975 4330 llebraicae
3005 4274 3151 4330 :.sed
3182 4275 3327 4346 quod
3360 4291 3470 4332 non
3498 4280 3678 4348 ipsum

418 4364 722 4418 αίνέσουσιν
750 4365 798 4417 οἱ
821 4363 1037 4434 ἀδελφοί
1063 4381 1157 4417 σου
1177 4381 1190 4393 ο
1227 4383 1245 4414 ι
1279 4363 1485 4417 δώδεκα
1512 4364 1620 4418 τῶν
1645 4364 1782 4418 ὅλων
1818 4366 1994 4438 ὑπάρ-

2095 4363 2250 4418 illum
2282 4363 2622 4433 respicerent
2649 4380 2736 4427 ea,
2762 4382 2883 4436 quze
2913 4369 3072 4438 quasi
3123 4369 3189 4424 ad
3242 4371 3420 4439 ipsum
3453 4386 3482 4424 a
3523 4383 3677 4440 patre

413 4455 618 4526 χόντων
644 4457 846 4510 παίδων
879 4455 956 4527 τῷ
1002 4457 1213 4521 Ἰακὼϐ,
1255 4457 1513 4528 τέταρτος
1565 4456 1763 4521 Ἰούδας
1792 4453 1881 4528 ἦν,
1915 4459 1990 4522 ὡς

2093 4453 2239 4508 dicta
2273 4465 2422 4516 sunt,
2471 4453 2508 4506 ii
2545 4455 2865 4523 planissime
2927 4457 3316 4522 intellexerint,
3365 4460 3460 4530 qui
3514 4464 3676 4518 verba

416 4547 510 4600 καὶ
545 4547 849 4615 φθάσαντες
888 4549 1210 4621 εἰρήκαμεν,
1261 4547 1341 4612 εἷς
1375 4549 1468 4602 καὶ
1498 4550 1660 4612 αὐτὸς
1695 4550 1992 4621 ἀρχίφυλος
2027 4547 2034 4599 l

2057 4546 2294 4600 ldivinte
2326 4543 2623 4614 Scriptura:
2669 4546 2959 4616 diligenter
3008 4551 3362 4614 attenderint,
3393 4562 3448 4606 et
3474 4553 3526 4606 in
3561 4555 3675 4622 pri—

412 4636 509 4690 τοῦ
549 4637 812 4708 Ἐϐραίων
847 4638 1050 4702 ἔθνους.
1094 4639 1233 4692 Ἀλλ’
1261 4640 1340 4693 ὅτι
1368 4657 1431 4710 γε
1464 4640 1564 4694 οὐκ
1593 4639 1753 4694 αὑτὸν
1786 4641 1991 4693 ἐκεῖνον

2092 4635 2198 4690 mis
2229 4650 2291 4689 ea
2323 4650 2444 4704 quze
2473 4636 2527 4689 in
2562 4652 2814 4692 sermone
2835 4637 3004 4693 Jacob
3038 4641 3413 4704 continentur,
3435 4643 3501 4697 ad
3535 4643 3675 4699 ﬁlios

413 4729 562 4801 ἐώρα
588 4729 677 4783 τὸν
714 4730 886 4801 ἄνδρα
917 4730 986 4784 τὰ
1026 4731 1101 4795 ὼς
1135 4732 1271 4802 πρὸς
1312 4732 1473 4786 αύτδν
1504 4733 1608 4785 ὐπδ
1645 4731 1738 4784 τοῦ
1787 4731 1994 4803 πατρὸς

2091 4726 2368 4782 dicentis:
2410 4744 2427 4776 ι
2468 4725 2697 4780 Vocavit
2729 4735 2910 4781 autem
2949 4727 3119 4782 Jacob
3167 4728 3307 4783 ﬁlios
3338 4744 3468 4784 suos
3505 4741 3558 4783 et
3586 4731 3673 4783 di-

414 4819 708 4890 είρημένα,
747 4821 915 4888 σαφές
960 4820 1025 4874 ἂν
1073 4820 1281 4890 γένοιτο
1333 4824 1448 4884 τοῖς
1492 4821 1819 4892 ἐπιστήσασι
1871 4824 1992 4884 ταῖς

2092 4821 2191 4883 xit,
2219 4819 2664 4890 Congregamini,
2701 4833 2753 4876 et
2786 4823 3124 4879 annuntiabo
3161 4822 3317 4876 vobis
3347 4821 3476 4891 quid
3504 4837 3670 4876 even-

412 4912 588 4979 λέξεσι
613 4912 710 4982 τῆς
745 4911 894 4976 θείας
935 4913 1178 4984 Γραφῆς,
1223 4913 1438 4986 πρῶτον
1478 4913 1572 4967 τοῦ
1628 4912 1821 4967 Ἰακὼϐ
1854 4913 1991 4986 πρὸς

2089 4920 2274 4967 turum
2324 4913 2396 4968 sit
2423 4913 2582 4968 vobis
2623 4912 2680 4967 in
2727 4913 2922 4968 diebus
2974 4914 3324 4979 novissimis;
3373 4928 3673 4983 congrega-

408 5008 537 5070 τοὺς
587 5007 736 5071 υἱοὺς
789 5007 970 5078 φωνῆς
1012 5008 1309 5080 λεγούσης⁸
1342 5029 1360 5061 ι
1398 5009 1654 5062 Ἐκάλεσε
1697 5008 1754 5060 δὲ
1795 5007 1989 5060 Ἰακὼϐ

2091 5007 2223 5060 mini
2258 5013 2314 5060 et
2359 5006 2564 5069 audite,
2613 5006 2707 5060 lilii
2759 5005 2950 5070 Jacob,
3009 5007 3192 5059 audite
3244 5005 3408 5061 Israel
3459 5013 3666 5074 patrem

406 5099 534 5162 τοὺς
554 5099 702 5163 υἱοὺς
722 5099 908 5161 αὑτοῦ,
928 5101 1022 5153 καὶ
1046 5097 1167 5154 εἷπε
1188 5119 1201 5131 ο
1225 5101 1556 5172 Συνάχθητε,
1579 5101 1675 5155 καὶ
1704 5098 1988 5170 άναγγελῶ

2086 5108 2349 5154 vestrum.
2390 5117 2408 5150 ι
2443 5096 2612 5153 Plane
2647 5099 2792 5153 enim
2827 5099 2882 5152 in
2930 5097 3016 5152 bis
3057 5097 3342 5168 pollicetur
3382 5112 3440 5151 se
3469 5097 3670 5166 prmiti-

406 5189 555 5260 ὑμῖν,
583 5190 634 5243 τί
667 5192 794 5261 ὑμῖν
820 5193 1190 5264 ἀπαντήσεται
1215 5195 1302 5248 ἐπ’
1335 5195 1579 5265 ἐσχάτων
1605 5193 1716 5247 τῶν
1735 5193 1982 5266 ἡμερῶν·

2087 5200 2304 5246 cturum
2339 5189 2422 5246 eis
2453 5190 2736 5260 quaeipsis
2765 5199 3026 5246 eventura
3066 5189 3176 5244 sint
3199 5188 3359 5257 longo
3390 5198 3510 5258 post
3536 5196 3668 5243 tem-

404 5281 762 5353 ἀθροίσθητε,
806 5285 899 5337 καὶ
942 5285 1232 5350 ἀκούσατε,
1290 5288 1396 5340 υἱοὶ
1459 5285 1674 5350 Ἰακὼϐ,
1717 5285 1986 5340 ἀκούσατε

2085 5299 2219 5354 pore
2245 5290 2320 5346 et,
2347 5289 2403 5336 ut
2439 5281 2555 5353 ipse
2583 5283 2681 5347 ait,
2703 5283 2758 5336 in
2790 5283 3106 5337 novissimis
3135 5281 3328 5335 diebus
3353 5298 3366 5334 :
3403 5291 3664 5350 praeterea

415 5372 652 5444 Ἰσραὴλ,
689 5371 786 5425 τοῦ
813 5374 1018 5445 πατρὸς
1051 5375 1226 5446 ὑμῶν.
1253 5395 1270 5426 ι
1291 5375 1486 5444 Σαφῶς
1515 5376 1625 5446 γὰρ
1657 5373 1987 5442 ἐπαγγέλλε-

2087 5377 2181 5429 illa
2229 5375 2347 5445 ipsa
2395 5389 2519 5444 quae
2555 5375 2716 5444 quasi
2765 5374 2830 5429 ad
2869 5372 3066 5428 Judam
3122 5372 3268 5426 dicta
3321 5383 3474 5436 sunt,
3512 5373 3667 5427 nullo

401 5478 493 5516 ται
517 5463 882 5536 προφητεύειν
914 5465 1095 5530 αὐτοῖς
1127 5465 1196 5519 τὰ
1230 5466 1493 5537 μέλλοντα
1528 5465 1710 5530 αὐτοῖς
1745 5467 1988 5538 ἀπαντή-

2085 5465 2248 5520 modo
2302 5459 2358 5520 in
2400 5455 2580 5536 primo
2628 5465 2751 5518 viro
2794 5463 3198 5519 accommodari
3238 5472 3494 5533 possunt.
3542 5461 3661 5517 Non

405 5554 593 5608 σεσθαι
623 5558 854 5629 μακροῖς
881 5555 1108 5629 ὕστερον
1136 5558 1370 5630 χρόνοις,
1391 5560 1485 5612 καὶ
1509 5559 1584 5623 ὼς
1606 5558 1766 5623 αὐτός
1794 5576 1980 5630 φησιν,

2083 5559 2229 5614 enim
2258 5557 2456 5614 fratres
2483 5559 2571 5614 sui
2613 5555 2812 5612 ludam
2840 5557 2994 5611 illum
3027 5554 3384 5612 laudaverant
3411 5577 3423 5611 :
3459 5563 3661 5611 etenim

401 5645 489 5699 ἐπ’
522 5647 751 5717 ἐσχάτου
789 5647 898 5702 τῶν
928 5649 1171 5722 ἡμερῶν.
1208 5652 1319 5704 Καὶ
1349 5650 1524 5714 ἄλλως
1547 5651 1605 5704 δὲ
1638 5651 1706 5704 τὰ
1734 5651 1810 5716 ὼς
1846 5651 1983 5723 πρὸς

2084 5663 2183 5718 pro
2212 5649 2412 5717 quibus
2459 5646 2678 5701 tandem
2717 5647 2979 5716 praclare
3012 5646 3182 5715 gestis
3212 5647 3522 5702 debuerunt
3558 5648 3660 5701 hoc

401 5737 496 5790 τὸν
540 5739 738 5794 Ἰούδαν
786 5742 1054 5814 εἰρημένα
1084 5744 1184 5796 οὐκ
1225 5743 1290 5798 ἂν
1335 5743 1570 5813 εὐλόγως
1611 5743 1984 5816 ἐφαρμόσαιεν

2085 5740 2303 5796 facere?
2334 5738 2439 5794 Sed
2482 5754 2552 5793 ne
2585 5738 2890 5793 adorarunt
2931 5740 3152 5808 quidem
3185 5741 3339 5793 illum
3371 5739 3464 5792 lilii
3491 5738 3662 5807 patris

404 5827 481 5900 *ᾧ
513 5831 712 5905 πρώτῳ
743 5834 934 5905 ἐκείνῳ
967 5835 1154 5906 ἀνδρί·
1192 5837 1252 5889 ού
1279 5837 1388 5906 γὰρ
1412 5837 1617 5890 ἐκεῖνον
1650 5837 1739 5893 τὸν
1781 5835 1980 5892 Ἰούδαν

2084 5833 2192 5890 sui.
2221 5831 2386 5904 370
2415 5829 2598 5902 Longe
2629 5837 2808 5888 autem
2843 5832 3018 5904 magis
3061 5833 3346 5888 oraculum
3403 5829 3662 5886 eoureni—
