4098 6434
456 387 561 439 57‘)

1126 379 1392 437 EUSEBII
1424 379 1902 437 C/ESARIENSIS
1939 377 2091 435 OPP.
2143 375 2323 431 PARS
2362 376 2426 432 ll.
2452 408 2522 419 -—-
2561 376 3064 435 APOLOGETICA.

3616 388 3724 443 580

456 509 560 563 ret,
603 498 648 554 si
687 498 791 570 ipsi
844 498 1038 568 Ioseph
1089 498 1297 553 dictum
1348 509 1527 561 esset,
1575 494 2018 567 quandoquidem

2124 492 2320 563 ᾔνεσαν
2357 494 2407 546 οί
2459 493 2693 562 ἀδελφοί.
2726 495 2849 547 Ἐπὶ
2892 495 3030 564 ποίῳ
3079 494 3188 565 γὰρ
3222 496 3386 550 αύτοῦ
3440 502 3719 572 κατορθώ-

455 593 602 647 hunc
630 594 745 663 ipse
771 590 940 646 Iudas
982 605 1089 645 una
1134 606 1257 645 cum
1308 592 1535 661 reliquis
1581 590 1845 644 fratribus
1900 586 2032 641 ado-

454 698 611 738 rasse
637 681 977 751 perhibetur,
1021 683 1238 737 tametsi
1269 681 1325 736 id
1356 683 1533 752 ipsum
1561 690 1684 736 ante
1719 680 1880 749 hujus
1903 696 2030 750 pro-

455 772 648 842 phetia:
669 773 836 827 verba
863 791 876 826 :
901 772 1133 842 posthac
1172 773 1316 827 enim
1350 787 1418 826 ne
1447 772 1551 841 ipsi
1580 769 1802 841 quidem
1827 767 2026 838 Ioseph

452 864 562 916 tale
606 862 905 931 quidquam
951 862 1273 933 contigisse,
1320 876 1384 915 ac
1423 860 1593 915 multo
1639 858 1803 913 etiam
1845 859 2029 913 minus

453 950 556 1019 ipsi
583 948 740 1013 Iuda,
767 950 995 1006 historia
1017 950 1307 1021 signiﬁcat.
1332 949 1396 1004 Et
1424 950 1554 1004 illud
1584 965 1597 999 :
1630 967 1649 1000 ι
1683 948 2029 1003 Recumbens

453 1049 635 1097 autem
663 1040 969 1097 dormivisti
1008 1050 1066 1095 ut
1097 1042 1201 1105 leo,
1232 1047 1287 1096 et
1327 1048 1387 1095 ut
1426 1041 1663 1104 catulus,
1709 1059 1727 1092 ι
1766 1040 2026 1109 majorem

453 1148 587 1187 sane
637 1134 999 1203 postulaverit
1044 1133 1591 1205 contemplationem,
1633 1146 1797 1202 quam
1848 1146 1913 1186 ea
1955 1130 2028 1184 sit

451 1239 574 1295 qua:
594 1222 788 1278 Iudam
820 1223 1262 1295 respiciat.Quin
1285 1225 1448 1278 etiam
1478 1223 1612 1277 illud
1630 1222 1776 1292 quod
1810 1229 1934 1292 post
1962 1236 2025 1274 ea

452 1317 660 1371 dictum
688 1323 773 1371 est
807 1331 820 1367 :
850 1334 869 1367 ι
906 1315 1020 1369 Non
1048 1314 1262 1370 deﬁciet
1291 1315 1546 1383 princeps
1570 1313 1637 1367 de
1661 1310 1821 1375 Iuda,
1850 1325 2026 1380 neque

451 1409 562 1465 dux
591 1409 659 1463 de
692 1406 991 1462 femoribus
1024 1406 1166 1474 ejus,
1205 1407 1380 1460 donec
1410 1405 1631 1459 veniant
1658 1418 1779 1474 qua
1806 1402 1909 1473 ipsi
1938 1416 2026 1457 re-

453 1501 630 1573 posita
659 1507 810 1564 sunt,
838 1508 892 1553 et
920 1498 1038 1568 ipse
1066 1496 1402 1568 exspectatio
1429 1496 1694 1566 gentium,
1726 1513 1745 1546 ι
1777 1500 2024 1563 tempora

452 1590 586 1645 mihi
629 1589 941 1660 significare
971 1589 1185 1643 videtur
1211 1589 1352 1657 ejus,
1383 1588 1450 1641 de
1488 1600 1596 1655 quo
1628 1584 1913 1654 prophetia
1940 1583 2022 1638 Io-

450 1682 659 1752 quitur,
691 1679 977 1734 adventus.
1013 1677 1125 1733 Iloc
1150 1679 1317 1742 enim,
1336 1676 1534 1746 inquit,
1558 1689 1668 1729 non
1693 1674 1819 1738 erit,
1849 1674 2024 1729 donec

451 1771 585 1825 illud
609 1771 856 1837 eveniat;
888 1785 1062 1839 neque
1089 1769 1233 1824 enim
1267 1769 1421 1838 prius
1437 1765 1689 1821 desinent
1718 1766 1773 1819 in
1795 1764 2021 1821 Iudaica

2141 602 2271 655 ματι
2299 584 2455 637 τοῦτο
2483 584 2742 655 ἐποίησαν
2774 586 2873 650 ἂν;
2916 587 3034 639 ούδέ
3077 587 3181 657 μὴν
3217 589 3414 661 ἐκείνῳ
3450 593 3720 663 προσεκύ-

2137 689 2306 743 νησαν
2342 675 2391 726 οί
2424 674 2528 725 υίοὶ
2577 674 2671 727 τοῦ
2721 676 2945 746 πατρός.
3004 676 3223 730 Μᾶλλον
3256 677 3300 730 δ’
3353 678 3421 733 ἂν
3472 682 3502 734 ὁ
3563 681 3718 750 λόγος

2135 764 2409 835 ἥρμοσεν,
2445 766 2492 817 εί
2536 764 2614 835 τῷ
2655 767 2851 837 Ἰωσὴφ
2885 768 3107 839 εἴρητο·
3157 769 3344 842 ἐπειδὴ
3385 771 3575 826 τοῦτον
3601 775 3717 847 ἅμα

2132 859 2246 918 τοῖς
2277 854 2482 919 λοιποῖς
2509 857 2755 927 ἀδελφοῖς
2782 859 2876 912 καὶ
2904 859 3066 922 αὐτὸς
3106 860 3306 926 Ἰούδας
3334 868 3720 936 προσκυνήσας

2137 949 2419 1018 φαίνεται·
2448 948 2588 1019 πλὴν
2610 949 2746 1003 ἀλλά
2768 950 2875 1021 πρὸ
2899 951 3008 1004 τῶν
3030 951 3203 1020 λόγων
3234 955 3333 1026 τῆς
3359 958 3715 1026 προφητείας.

2135 1040 2287 1094 Μετά
2319 1041 2427 1110 γὰρ
2450 1040 2673 1103 τούτους
2704 1041 2857 1095 οὐδέν
2894 1060 2946 1095 τι
2994 1044 3266 1109 τοιοῦτον,
3300 1045 3425 1100 οὐδὲ
3458 1048 3589 1120 περὶ
3626 1050 3717 1103 τὸν

2146 1131 2364 1203 Ἰωσὴφ,
2387 1133 2526 1202 ῆπου
2566 1148 2629 1200 γε
2657 1133 2786 1204 περὶ
2815 1134 2907 1187 τὸν
2939 1133 3138 1189 Ἰούδαν
3166 1138 3387 1206 γεγονὸς
3426 1142 3458 1211 ἠ
3505 1142 3717 1213 ἱστορία

2135 1223 2447 1293 παρίστησι.
2462 1223 2572 1276 Καὶ
2598 1223 2680 1286 τὸ,
2700 1244 2719 1275 ι
2741 1224 3056 1279 Ἀναπεσὼν
3080 1227 3135 1280 δέ
3157 1230 3458 1302 ἐκοιμήθης
3477 1232 3553 1295 ὼς
3578 1232 3715 1285 λέων

2133 1312 2227 1364 καὶ
2244 1311 2320 1376 ὼς
2340 1312 2599 1383 σκύμνος,
2628 1332 2645 1363 ι
2659 1314 2899 1384 μείζονος
2918 1314 2984 1369 ἂν
2998 1316 3214 1390 δέοιτοῆ
3237 1320 3377 1375 κατὰ
3397 1326 3487 1376 τὸν
3513 1321 3713 1377 Ἰούδαν

2133 1402 2385 1476 θεωρίας.
2423 1403 2584 1458 Ἀλλά
2615 1406 2710 1459 καὶ
2739 1406 2801 1459 τὸ
2843 1407 2979 1477 μετά
3011 1408 3184 1462 ταῦτα
3212 1411 3531 1483 εἰρημένον·
3557 1431 3575 1464 ι
3599 1413 3714 1467 Ούκ

2131 1494 2368 1564 ἐκλείψει
2418 1495 2601 1567 ἄρχων
2636 1497 2695 1563 ἐξ
2747 1498 2947 1564 Ἰούδα,
2996 1500 3118 1553 ούδέ
3162 1502 3463 1572 ἡγούμενος
3505 1504 3569 1556 ἐκ
3600 1502 3709 1556 τῶν

2135 1587 2322 1657 μηρῶν
2351 1588 2536 1651 αὑτοῦ,
2570 1589 2673 1653 ἕως
2698 1588 2763 1643 ἂν
2787 1590 2915 1665 ἔλθῃ
2947 1591 3016 1645 τὰ
3046 1594 3381 1664 ἀποκείμενα
3420 1595 3585 1665 αύτῷ,
3614 1597 3707 1649 καὶ

2130 1677 2291 1740 αὐτὸς
2337 1677 2631 1749 προσδοκία
2664 1679 2861 1746 ἐθνῶν,
2895 1701 2913 1734 ι
2956 1684 3084 1747 τοὺς
3116 1684 3342 1755 χρόνους
3376 1684 3707 1740 αἰνίττεσθαί

2134 1785 2222 1839 μοι
2244 1767 2390 1822 δοκεῖ
2410 1769 2509 1839 τῆς
2540 1770 2634 1824 τοῦ
2684 1775 3159 1845 προφητευομένου
3210 1777 3529 1847 παρουσίας.
3575 1778 3707 1831 Τόδε

450 1877 610 1933 gente
660 1864 935 1934 principes
986 1877 1050 1917 ac
1105 1862 1297 1925 duces,
1339 1875 1503 1931 quam
1557 1859 1800 1930 gentium
1843 1862 2020 1916 veniat

2124 1860 2252 1933 γάρ,
2301 1863 2483 1931 φησὶν,
2523 1865 2625 1916 οὐκ
2673 1863 2849 1929 ἐσται,
2887 1865 2994 1920 ἐστ’
3036 1867 3101 1921 ἂν
3145 1868 3354 1936 γένοιτο
3383 1868 3535 1922 τόδε·
3585 1870 3705 1923 ούδὲ

450 1956 808 2024 exspectatio,
837 1963 891 2007 et
918 1968 1038 2024 quae
1054 1953 1293 2022 reposita
1314 1957 1444 2007 sunt
1463 1951 1512 2006 ei
1536 1950 1605 2006 de
1630 1968 1740 2023 quo
1762 1952 2024 2023 propheta

451 2051 710 2118 loquitur.
745 2047 871 2102 Haec
920 2057 1103 2102 autem
1153 2047 1521 2117 interpretans
1555 2044 1915 2110 Theodotion,
1957 2046 2026 2101 ab

451 2144 587 2213 ipsis
611 2142 749 2195 LXX
784 2156 890 2194 non
914 2139 1114 2194 differt.
1149 2137 1346 2209 Aquila
1373 2153 1505 2193 vero
1536 2138 1589 2192 in
1622 2138 1767 2192 hunc
1804 2137 2024 2192 modum

450 2235 722 2304 exposuit,
754 2251 772 2285 ι
806 2249 914 2287 non
960 2231 1319 2286 suscitabitur
1365 2240 1639 2299 sceptrum
1676 2230 1743 2285 de
1786 2228 1945 2294 Iuda,
1973 2238 2027 2284 et

449 2323 543 2393 qui
571 2323 842 2393 exquisite
882 2329 1179 2391 cognoscat
1211 2319 1279 2374 de
1310 2321 1492 2375 medio
1528 2321 1726 2391 pedum
1757 2322 1900 2391 ejus,
1927 2320 2027 2375 do-

450 2430 551 2470 nec
599 2416 784 2470 veniat
832 2425 887 2469 et
936 2415 1039 2484 ipsi
1087 2415 1438 2485 congregatio
1479 2414 1825 2483 populorum.
1866 2433 1885 2467 )
1924 2412 2025 2468 Ubi

448 2521 573 2561 cum
595 2505 828 2567 dicatur,
868 2524 885 2555 ι
919 2521 1028 2559 non
1055 2504 1270 2559 deficiet
1296 2505 1550 2575 princeps
1576 2504 1643 2561 de
1671 2504 1829 2568 Iuda,
1865 2524 1883 2557 ι
1923 2505 2028 2559 hoc

450 2598 578 2652 item
612 2596 681 2650 de
711 2596 833 2666 ipso
868 2594 962 2648 illo
998 2595 1173 2663 primo
1198 2592 1339 2648 Iuda
1366 2609 1476 2649 non
1509 2601 1724 2664 oportet
1752 2594 2018 2664 accipere,

447 2691 593 2745 sicut
624 2702 727 2741 nec
754 2685 908 2749 illud,
934 2704 953 2737 ι
980 2683 1139 2749 Iuda,
1169 2694 1221 2740 te
1247 2684 1547 2739 laudabunt
1577 2683 1772 2740 fratres
1799 2685 1900 2743 tui.
1935 2692 2027 2741 tet

448 2793 571 2851 quae
602 2785 930 2848 sequuntur,
973 2776 1039 2830 ad
1072 2775 1324 2831 eumdem
1358 2775 1510 2830 illum
1539 2774 1732 2831 referri
1760 2784 2022 2847 possunt:

451 2871 639 2927 multis
666 2870 811 2925 enim
852 2868 1069 2924 saeculis
1098 2867 1375 2938 principes
1400 2881 1465 2921 ac
1501 2866 1670 2922 duces
1701 2869 1756 2921 in
1799 2866 2025 2923 Iudaica

446 2973 605 3035 gente
637 2962 990 3024 exstiterunt,
1021 2960 1116 3031 qui
1147 2961 1216 3015 de
1243 2961 1389 3016 illius
1417 2960 1519 3016 viri
1553 2976 1751 3032 genere
1797 2960 2025 3030 profecti

451 3075 563 3114 non
593 3065 741 3113 sunt.
777 3055 997 3110 Primus
1045 3070 1283 3125 namque
1331 3056 1449 3126 ipse
1481 3054 1661 3109 Moses
1693 3055 1800 3109 dux
1842 3053 2025 3124 populi

448 3149 573 3215 fuit,
605 3153 698 3220 qui
721 3165 831 3204 non
852 3150 920 3204 de
945 3146 1107 3213 Iuda,
1139 3149 1235 3203 sed
1260 3148 1328 3204 de
1351 3145 1479 3203 Levi
1502 3155 1664 3202 natus
1692 3154 1804 3214 est;
1828 3146 2026 3203 deinde

2125 1953 2235 2025 γὰρ
2263 1954 2525 2025 πρότερον
2558 1955 2855 2011 παύσονται
2888 1958 2981 2012 τοῦ
3019 1959 3286 2013 Ἰουδαίων
3311 1959 3495 2025 ἔθνους
3515 1960 3707 2031 ἀρχον-

2123 2061 2215 2107 τες
2261 2046 2355 2098 καὶ
2411 2046 2790 2119 ἡγούμενοι,ἢ
2840 2050 2939 2121 τὴν
2979 2050 3086 2103 τῶν
3149 2051 3319 2105 ἐθνῶν
3376 2052 3706 2125 προσδοκίαν

2126 2136 2332 2201 ἐλθεῖν,
2399 2139 2493 2192 καὶ
2562 2139 2633 2194 τὰ
2699 2142 3035 2212 ἀποκείμενα
3092 2142 3172 2214 τῷ
3223 2143 3699 2216 προφητευομένῳ.

2126 2229 2312 2283 Ταῦτα
2337 2228 2394 2282 δὲ
2420 2232 2622 2302 ὁμοίως
2652 2235 2762 2296 τοῖς
2806 2232 3201 2305 Ἐϐδομήκοντα
3231 2235 3324 2288 καὶ
3351 2238 3380 2289 ὁ
3410 2235 3703 2289 Θεοδοτίων

2126 2319 2487 2390 ήρμήνευσεν.
2526 2321 2583 2374 '0
2632 2322 2691 2375 δέ
2732 2322 2963 2387 Ἀκύλας
3001 2324 3187 2379 τοῦτον
3231 2324 3459 2393 ἐξέδωκε
3489 2327 3704 2381 καὶτὸν

2127 2410 2353 2482 τρόπον·
2398 2430 2418 2464 ι
2454 2412 2568 2466 υύκ
2607 2414 2970 2485 ἀναστήσεται
3010 2416 3286 2489 σκῆπτρον
3339 2418 3446 2471 ἀπὸ
3509 2419 3700 2483 Ἰούδα,

2127 2502 2221 2554 καὶ
2245 2501 2675 2574 ἀκριϐαξόμενος
2706 2505 2813 2558 ἀπὸ
2847 2505 3047 2576 μεταξὺ
3082 2506 3259 2561 ποδῶν
3282 2508 3470 2572 αὐτοῦ,
3499 2508 3605 2574 ἕως
3637 2509 3703 2563 ἂν

2127 2591 2255 2665 ἔλθῃ
2280 2594 2373 2646 καὶ
2398 2594 2546 2665 αύτῷ
2572 2595 2823 2666 σύστημα
2849 2597 3012 2651 λαῶν.
3035 2617 3051 2649 ι
3077 2599 3247 2652 Ἔνθα
3265 2599 3558 2672 λεγομένου
3584 2600 3701 2663 τοῦ,

2132 2701 2152 2734 ε
2174 2683 2288 2736 Ούκ
2321 2683 2559 2753 ἐκλείψει
2591 2685 2773 2757 ἅρχων
2795 2686 2857 2751 ἐξ
2890 2684 3082 2751 Ἰούδα,
3112 2708 3129 2740 ι
3166 2690 3327 2743 πάλιν
3355 2691 3418 2743 ού
3451 2690 3579 2762 περὶ
3607 2689 3702 2743 τοῦ

2139 2776 2328 2841 Ἰούδα,
2356 2778 2518 2830 αὑτοῦ
2554 2779 2616 2850 δὴ
2649 2781 2857 2834 ἐκείνου
2882 2781 2976 2834 τοῦ
3006 2780 3226 2853 πρώτου
3250 2782 3443 2854 ἀνδρὸς
3484 2782 3704 2835 ἀκούειν

2125 2868 2344 2939 δεήσει,
2378 2869 2567 2942 ὥσπερ
2599 2872 2720 2924 οὐδὲ
2751 2872 2844 2937 τὸ,
2887 2891 2907 2924 ι
2958 2872 3148 2935 Ἰούδα,
3186 2874 3245 2927 σέ
3294 2874 3596 2927 αίνέσουσιν
3650 2875 3701 2927 οί

2127 2960 2345 3030 ἀδελφοί
2362 2977 2476 3025 σου,
2511 2980 2529 3012 ι
2564 2964 2657 3016 καὶ
2698 2963 2767 3017 τὰ
2800 2963 2949 3034 ἐξῆς,
2974 2964 3059 3017 ἐπ’
3108 2966 3318 3019 ἐκεῖνον
3356 2965 3697 3036 ἀναφέροιτο.

2127 3051 2407 3116 Πλείστοις
2441 3053 2484 3106 δ’
2512 3050 2604 3107 οὖν
2647 3054 2858 3126 χρόνοις
2885 3056 3143 3129 ἄρχοντες
3165 3057 3258 3109 καὶ
3289 3057 3579 3127 ἡγούμενοι
3604 3055 3697 3108 τοῦ

2142 3143 2410 3197 Ἰουδαίων
2442 3143 2628 3208 ἔθνους
2683 3145 3055 3216 κατέστησαν,
3105 3147 3205 3200 ούκ
3250 3147 3312 3199 ἐκ
3350 3146 3449 3217 τῆς
3489 3147 3699 3201 ἐκείνου

449 3234 682 3297 Iesu'de
725 3242 871 3295 tribu
907 3240 1163 3310 Ephrem,
1198 3248 1321 3311 post
1342 3255 1502 3310 quem
1534 3238 1745 3312 praefuit
1779 3239 2020 3294 Debbora

2124 3235 2218 3288 τού
2248 3234 2439 3307 ἀνδρὸς
2464 3235 2732 3306 διαδοχῆς.
2761 3235 2983 3307 Πρῶτος
3008 3236 3105 3307 μὲν
3137 3235 3246 3307 γὰρ
3273 3236 3510 3306 Μωῦσῆς
3537 3237 3699 3301 αὐτὸς

448 3333 519 3387 de
557 3333 704 3386 tribu
730 3332 861 3387 item
891 3330 1151 3402 Ephrem,
1195 3339 1250 3387 et
1276 3330 1446 3385 Barac
1479 3330 1547 3386 de
1572 3331 1718 3386 tribu
1747 3328 2023 3399 Nephtha-

448 3428 567 3489 lim,
614 3435 738 3497 post
786 3441 924 3495 quos
964 3424 1185 3481 Gedeon
1217 3425 1285 3481 de
1312 3427 1457 3481 tribu
1508 3424 1778 3492 Manasse,
1825 3424 2025 3480 deinde

452 3519 595 3574 illius
633 3517 876 3585 Gedeon,
915 3528 971 3575 et
1005 3529 1126 3591 post
1157 3520 1304 3574 hunc
1333 3517 1505 3573 Thola
1541 3517 1610 3574 de
1632 3518 1820 3573 eadem
1853 3517 2019 3583 tribu,

448 3620 637 3680 postea
663 3610 876 3667 Esebon
899 3627 966 3666 ex
989 3611 1326 3675 Bethlehem,
1358 3618 1413 3666 et
1445 3617 1567 3681 post
1596 3610 1742 3664 hunc
1768 3609 1929 3664 Ailon
1956 3609 2025 3665 de

447 3705 593 3758 tribu
627 3703 909 3771 Zabulon;
944 3704 1090 3760 hunc
1128 3711 1351 3761 secutus
1398 3713 1481 3759 est
1515 3701 1741 3757 Labdon
1772 3701 1841 3757 de
1869 3702 2019 3757 tribu

447 3794 701 3865 Ephrem,
754 3797 950 3853 deinde
1006 3796 1277 3867 Sampson
1321 3796 1390 3852 de
1430 3797 1579 3852 tribu
1617 3794 1783 3863 Dan;
1830 3803 2020 3865 postea

444 3898 571 3938 cum
603 3887 723 3941 sine
750 3887 993 3957 principe
1020 3894 1229 3951 essent,
1270 3886 1483 3957 praefuit
1511 3887 1647 3958 ipsis
1690 3886 1805 3942 Heli
1838 3902 2021 3942 sacer-

442 3976 547 4030 dos
575 3976 645 4032 de
675 3978 822 4032 tribu
852 3976 980 4032 Levi
1007 3996 1020 4031 :
1048 3978 1103 4031 hi
1132 3981 1318 4034 cuncti
1340 3978 1556 4048 judices
1584 3978 1679 4048 qui
1701 3978 2020 4047 judicabant

447 4069 616 4125 Israel
636 4085 746 4124 non
769 4070 837 4124 de
862 4086 1059 4140 genere
1088 4072 1262 4142 ipsius
1282 4070 1443 4136 Iuda,
1468 4071 1563 4127 sed
1593 4087 1657 4125 ex
1676 4072 1906 4126 diversis
1928 4070 2021 4124 tri-

430 4163 627 4216 bubus
648 4177 717 4217 ex
741 4164 848 4216 alia
879 4164 1021 4219 alius
1050 4164 1293 4227 oriundi,
1325 4171 1381 4218 et
1404 4164 1496 4233 qui
1524 4170 1649 4233 post
1680 4163 1778 4219 hos
1805 4163 2017 4232 primus

443 4252 591 4322 apud
615 4267 712 4308 eos
745 4255 951 4324 regiam
981 4255 1301 4325 dignitatem
1346 4256 1557 4324 accepit
1591 4253 1744 4321 Saul,
1776 4253 1844 4310 de
1872 4254 2017 4308 tribu

444 4345 550 4399 fuit
599 4345 904 4415 Benjamin.
946 4346 1231 4413 Quomodo
1285 4347 1449 4418 igitur
1491 4347 1668 4404 illud:
1704 4366 1723 4399 ι
1763 4346 1884 4402 Non
1916 4346 2016 4403 de-

445 4432 592 4486 tit-iet
645 4434 899 4503 princeps
963 4436 1031 4491 de
1096 4435 1273 4502 Iuda,
1320 4451 1499 4506 neque
1550 4437 1662 4491 dux
1711 4436 1781 4492 de
1847 4436 2017 4493 femo-

2123 3327 2366 3398 ἡγήσατο
2401 3326 2493 3379 τοῦ
2545 3326 2697 3390 λαοῦ,
2735 3327 2809 3398 μὴ
2850 3328 2914 3380 ἐκ
2957 3325 3052 3380 τοῦ
3104 3327 3310 3391 Ἰούδα,
3358 3327 3471 3381 ἀλλ’
3499 3330 3564 3382 ἐκ
3600 3328 3694 3382 τοῦ

2123 3416 2255 3472 Λευῖ
2286 3417 2545 3488 γεγονώς.
2580 3415 2712 3473 Εἶτα
2748 3418 2953 3490 Ἰησοῦς
2987 3420 3052 3472 ἐκ
3084 3418 3256 3489 φυλῆς
3293 3420 3550 3490 Ἐφραὶμ,
3580 3420 3696 3491 μεθ’

2120 3510 2179 3564 δν
2228 3507 2395 3583 ἦρξεν
2434 3512 2612 3566 αὐτῶν
2649 3511 2909 3584 Δεῦϐὡρα
2962 3513 3026 3566 ἐκ
3060 3512 3232 3583 φυλῆς
3297 3513 3571 3583 Ἐφραὶμ,
3605 3516 3700 3568 καὶ

2119 3602 2311 3675 Βαρὰκ
2348 3605 2412 3657 ἐκ
2454 3603 2628 3674 φυλῆς
2672 3603 3018 3675 Νεφθαλείμ·
3072 3603 3187 3675 μεθ’
3244 3602 3339 3668 οὓς
3386 3604 3590 3658 Γεδεὼν
3633 3607 3699 3660 ἐκ

2122 3693 2293 3765 φυλῆς
2350 3695 2616 3765 Μανασσῆ
2637 3710 2651 3725 ·
2708 3694 2897 3749 ἔπειτα
2940 3697 2969 3749 ὁ
3012 3695 3105 3750 τού
3160 3695 3365 3750 Γεδεὼν
3409 3701 3558 3763 παῖς,
3606 3699 3700 3753 καὶ⁸

2124 3787 2242 3856 μετ’
2277 3786 2438 3839 αὑτὸν
2463 3785 2620 3841 Θωλά
2644 3788 2710 3840 ἐκ
2748 3786 2920 3858 φυλῆς
2947 3788 3046 3859 τῆς
3085 3789 3283 3860 αὐτῆς·
3312 3788 3505 3842 ἔπειτα
3549 3791 3701 3844 Ἐσε-

2122 3878 2230 3931 6ὼν
2264 3880 2328 3932 ἐκ
2360 3879 2639 3950 Βηθλεέμ·
2681 3882 2775 3935 καὶ
2821 3880 2959 3951 μετά
2992 3880 3181 3935 τοῦτον
3208 3880 3382 3935 Δίλὼν
3416 3883 3481 3936 ἐκ
3527 3883 3699 3954 φυλῆς

2120 3970 2430 4025 Ζαϐουλὼν·
2470 3970 2657 4025 ἔπειτα
2690 3971 2914 4028 Λαδδὼν
2971 3974 3035 4026 ἐκ
3064 3973 3239 4042 φυλῆς
3280 3974 3554 4045 Ἐφραίμ·
3603 3975 3697 4028 καὶ

2119 4060 2273 4128 αὖθις
2290 4062 2529 4134 Σαμψὼν
2557 4065 2621 4117 ἐκ
2652 4064 2825 4133 φυλῆς
2846 4065 2983 4118 Δάν·
3011 4064 3200 4119 ἔπειτα
3228 4065 3490 4136 ἀναρχίας
3516 4064 3694 4119 αὐτῶν

2118 4155 2433 4226 γενομένης,
2482 4156 2669 4227 ἡγεῖτο
2719 4155 2901 4208 αὐτῶν
2939 4155 3088 4209 Ἠλεῖ
3123 4159 3152 4210 ὀ
3203 4158 3381 4227 ἱερεὺς
3424 4158 3488 4209 ἐκ
3522 4156 3693 4233 ’ἒυλῆς

2118 4250 2280 4301 Λευῖ·
2315 4243 2459 4303 οὗτοι
2493 4248 2696 4311 πάντες
2717 4247 2901 4319 κριταὶ
2928 4249 3209 4319 κρίναντες
3232 4247 3322 4301 τὸν
3355 4248 3567 4316 Ἰσραὴλ
3593 4248 3693 4301 ούκ

2116 4341 2181 4394 ἐκ
2220 4340 2465 4410 διαδοχῆς
2500 4339 2686 4403 Ἰούδα,
2728 4341 2794 4393 ἐκ
2838 4339 3107 4411 διαφόρων
3131 4340 3186 4392 δὲ
3227 4338 3430 4408 φυλῶν,
3474 4340 3693 4395 ἄλλοθεν

2115 4432 2273 4496 ἄλλος
2317 4432 2639 4503 γενόμενος·
2681 4432 2775 4484 καὶ
2821 4432 2850 4484 ὅ
2891 4449 2955 4500 γε
3022 4430 3159 4502 μετά
3206 4430 3431 4495 τούτους
3478 4432 3693 4503 πρῶτος

451 4524 604 4578 ribus
659 4524 803 4595 ejus,
856 4546 876 4580 ι
913 4535 971 4582 ut
1042 4529 1313 4599 quispiam
1380 4529 1612 4586 fortasse
1681 4530 2009 4600 putaverit,

2124 4525 2298 4579 αὐτῶν
2352 4524 2672 4595 βασιλεύσας
2734 4524 2907 4578 Σαοὺλ
2962 4526 3027 4578 ἐκ
3084 4523 3255 4595 φυλῆς
3295 4520 3363 4596 ῆν
3418 4525 3688 4595 Βενιαμίν.

444 4614 601 4684 371
634 4616 701 4670 ad
731 4618 1002 4688 principes
1030 4623 1098 4676 de
1129 4622 1275 4677 tribu
1327 4620 1468 4676 Iuda
1506 4637 1570 4676 ac
1609 4622 1777 4677 duces
1811 4621 2013 4679 refero-

438 4711 552 4771 tur,
578 4706 798 4775 quando
825 4708 1076 4763 videnlur
1096 4725 1161 4765 ex
1212 4727 1322 4782 quo
1354 4720 1600 4783 tempore
1630 4720 1879 4769 mortuus
1929 4723 2015 4769 est

441 4794 612 4852 Iacob
653 4799 781 4854 totis
809 4802 1201 4870 pr0pemodum
1259 4804 1408 4859 mille
1434 4804 1613 4869 annis,
1664 4820 1775 4860 non
1813 4821 1878 4860 ex
1906 4821 2013 4860 una

440 4888 587 4944 tribu
630 4889 804 4960 ipsius
841 4890 982 4946 Iuda
1014 4893 1240 4963 profecti
1267 4934 1283 4960 ,
1309 4895 1407 4951 sed
1431 4911 1498 4951 ex
1530 4896 1635 4950 alia
1672 4898 1812 4952 alius
1841 4912 2015 4966 usque

442 4977 513 5032 ad
533 4987 778 5050 tempora
812 4980 980 5037 David
1002 4982 1026 5036 ?
1047 4986 1195 5055 quod
1224 4988 1270 5040 si
1311 4995 1433 5058 post
1454 4994 1565 5041 tam
1601 4988 1803 5043 multos
1827 4996 1881 5043 et
1907 4986 2015 5041 Da-

441 5067 555 5132 vid,
587 5077 642 5125 et
674 5071 766 5141 qui
802 5072 903 5142 ipsi
932 5072 1097 5129 David
1123 5076 1179 5129 in
1201 5091 1372 5147 regno
1401 5077 1544 5148 apud
1576 5076 1859 5133 Iudaicam
1882 5093 2014 5149 gen-

436 5167 548 5213 tem
573 5174 979 5231 successerunt,
993 5166 1060 5220 de
1077 5169 1220 5221 tribu
1247 5166 1385 5222 Iuda
1410 5169 1523 5223 nati
1552 5178 1700 5235 sunt,
1731 5170 2011 5226 sciendum

440 5257 621 5305 tamen
651 5253 750 5307 tibi
769 5262 874 5319 est,
911 5257 1058 5327 quod
1096 5259 1150 5312 hi
1192 5259 1296 5330 ipsi
1324 5276 1392 5314 ne
1420 5268 1565 5317 totos
1594 5263 1816 5332 quidem
1847 5261 2012 5331 quin-

439 5352 632 5410 gentos
661 5359 834 5401 annos
865 5347 1035 5402 totius
1064 5352 1241 5419 gentis
1273 5367 1500 5422 regnum
1554 5353 1802 5406 obtinere
1825 5358 2013 5421 potue-

440 5443 589 5497 runt,
622 5436 716 5489 sed
747 5437 913 5491 trium
988 5437 1255 5495 duntaxat
1305 5443 1579 5510 tribuum,
1610 5457 1675 5497 ac
1722 5458 1790 5497 ne
1820 5442 2011 5496 harum

440 5526 661 5594 quidem
693 5529 989 5583 solidarum
1011 5571 1027 5595 ,
1056 5533 1258 5602 quippe
1286 5548 1411 5588 cum
1443 5535 1637 5590 iisdem
1674 5534 2012 5605 temporibus

441 5616 534 5667 alii
576 5618 794 5685 quidam
828 5622 881 5673 in
914 5635 1064 5690 parte
1117 5625 1322 5696 gentis;
1352 5626 1638 5695 ampliore,
1678 5635 1733 5682 et
1776 5627 1831 5681 in
1882 5627 2012 5681 lotis

442 5722 634 5761 novem
696 5710 945 5766 tribubus
997 5716 1381 5783 regnaverint:
1429 5733 1552 5779 nam
1599 5726 1723 5788 post
1780 5727 2010 5774 mortem

445 5796 772 5865 Salomonis,
799 5817 920 5856 cum
954 5814 1063 5858 tota
1094 5821 1230 5876 gens
1253 5808 1318 5861 ah
1346 5806 1485 5863 Iuda
1518 5810 1695 5865 divisa
1726 5810 1907 5877 fuerit,
1930 5811 2008 5881 ip-

2112 4617 2237 4681 Πῶς
2265 4613 2357 4671 οὖν
2398 4618 2480 4680 τὸ,
2515 4636 2535 4668 ί
2569 4617 2683 4670 Ούκ
2726 4616 2968 4686 ἐκλείψει
3010 4615 3192 4687 ἄρχων
3231 4615 3292 4681 ἐξ
3342 4616 3529 4681 Ἰούδα,
3570 4617 3691 4670 οὐδὲ

2110 4708 2410 4781 ἡγούμενος
2434 4710 2499 4762 ἐκ
2523 4707 2630 4762 τῶν
2663 4707 2853 4780 μηρῶν
2878 4707 3043 4761 αὐτοῦ
3074 4706 3168 4778 (ὼς
3196 4707 3261 4761 ἀν
3289 4708 3687 4780 τιςῖοίηθείη),ο

2112 4802 2205 4856 ἐπὶ
2234 4802 2360 4866 τοὺς
2399 4801 2465 4855 ἐκ
2494 4800 2666 4871 φυλῆς
2710 4799 2878 4857 Ἰούδα
2914 4800 3180 4871 ἄρχοντας
3210 4800 3306 4853 καὶ
3348 4799 3685 4870 ἡγουμένους

2112 4891 2550 4963 ἀνενεχθήσεται,
2588 4893 2678 4946 ὅτε
2713 4890 2994 4961 φαίνονται
3039 4889 3147 4943 ἀπὸ
3197 4889 3307 4943 τῶν
3339 4891 3545 4961 χρόνων
3591 4892 3692 4961 τῆς

2112 4984 2203 5039 τοῦ
2248 4983 2444 5038 Ἰακὼϐ
2476 4984 2733 5055 τελευτῆς
2758 4983 2900 5049 ὅλοις
2931 4982 3107 5036 ἐτεσιν
3146 4982 3312 5053 ἐγγύς
3352 5000 3456 5037 που
3502 4982 3693 5053 χιλίοις

2112 5078 2213 5130 οὐκ
2258 5079 2322 5131 ἐκ
2367 5076 2533 5148 μόνης
2576 5075 2676 5147 τῆς
2721 5075 2892 5129 Ἰούδα
2935 5074 3109 5144 φυλῆς
3161 5075 3543 5147 προαχθέντες,
3578 5073 3691 5127 ἀλλ’

2112 5168 2301 5222 ἄλλοτε
2334 5168 2394 5233 ἐξ
2424 5168 2611 5239 ἄλλης,
2660 5167 2821 5239 μέχρι
2867 5167 2974 5220 τῶν
3022 5165 3189 5220 Δαϐὶδ
3244 5167 3481 5238 χρόνωνς
3529 5167 3592 5220 Εἰ
3635 5165 3693 5218 δέ

2116 5260 2254 5330 μετὰ
2275 5260 2396 5322 τοὺς
2426 5259 2711 5322 τοσούτους
2738 5259 2767 5310 ὁ
2792 5258 2953 5311 Δασιδ
2974 5260 3027 5312 οῖ
3049 5275 3109 5312 τε
3140 5259 3203 5314 ἐκ
3231 5257 3332 5327 τῆς
3367 5259 3557 5311 τούτου
3583 5256 3694 5309 δια-

2111 5350 2270 5420 δοχῆς
2302 5349 2715 5420 βασιλεύσαντες
2745 5350 2839 5403 τοῦ
2881 5350 3149 5404 Ἰουδαίων
3190 5347 3377 5411 ἔθνους
3413 5349 3477 5400 ἐκ
3520 5344 3693 5415 φυλῆς

2113 5444 2398 5511 γεγόνασιν
2439 5441 2628 5505 Ἰούδα,
2656 5440 2792 5494 ἀλλὰ
2829 5442 2931 5513 χρή
2967 5458 3028 5494 σε
3059 5440 3258 5494 εἰδέναι
3281 5440 3364 5492 ὅτι
3395 5438 3516 5491 οὐδὲ
3554 5437 3693 5499 ὅλοις

2116 5532 2490 5596 πεντακοσίοις
2512 5532 2656 5586 ἔτεσι
2680 5534 2973 5605 διήρκεσαν
2999 5524 3169 5595 οὗτοι,
3192 5531 3254 5583 ού
3284 5528 3483 5591 παντὸς
3507 5526 3695 5588 ἔθνους

2116 5621 2548 5695 βασιλεύσαντες,
2588 5622 2726 5675 ἀλλά
2773 5622 2947 5692 μόνων
2981 5620 3165 5691 φυλῶν
3206 5620 3393 5689 τριῶν,
3439 5616 3534 5669 καὶ
3572 5615 3694 5671 οὐδὲ

2112 5715 2247 5770 ὅλων
2272 5714 2503 5770 τούτων·
2546 5713 2668 5770 καθ’
2714 5712 2807 5777 οὓς
2851 5713 3030 5786 ἐτεροί
3082 5729 3224 5774 τινες
3267 5709 3559 5779 ἐτύγχανον
3599 5705 3694 5760 τοῦ

2114 5809 2356 5871 πλείονος
2386 5808 2589 5873 ἔθνους,
2622 5808 2714 5862 καὶ
2738 5807 2872 5861 ὅλων
2903 5823 2964 5874 γε
3000 5806 3158 5859 ἐννέα
3186 5802 3367 5872 φυλῶν
3407 5804 3504 5871 τὴν
3540 5799 3696 5871 βασι·-
