4098 6492
445 411 547 466 581

1299 406 1951 465 DEMONSTRATIONIS
1980 380 2446 467 summam
2481 412 2612 470 LIB.
2651 412 2785 471 Vill.

3594 381 3700 479 ιδ,

449 527 898 592 λείανδιέποντες
915 544 930 558 ο
963 526 1102 599 μετά
1125 526 1234 597 γάρ
1255 526 1350 597 τὴν
1377 526 1470 580 τοῦ
1503 526 1813 596 Σολομῶνος
1833 527 1996 579 τελευι

2124 528 2240 582 sius
2263 527 2429 583 David
2461 545 2811 587 successores
2829 532 3019 598 trium,
3054 541 3113 588 ut
3138 534 3406 603 dicebam,
3425 537 3696 605 tribuum,

448 622 546 692 τὴν
593 619 955 689 διαιρεθέντος
1001 619 1094 672 τοῦ
1143 619 1345 682 παντὸς
1384 618 1569 682 ἔθνους
1591 620 1650 686 ἐξ
1690 620 1878 684 Ἰούδα,
1925 621 2022 673 τοῦ

449 712 614 768 Δασὶῖ
645 713 873 783 διάδοχοι
913 712 1098 783 τριῶν,
1130 713 1212 776 ’ὡς
1242 712 1397 784 ἔφην,
1432 713 1539 766 οὐδ’
1561 714 1695 767 ὅλων
1726 713 1903 782 φυλῶν
1932 715 2024 769 ἐπὶ

449 803 551 874 τῆς
589 803 943 875 Ἰερουσαλὴμ
965 803 1273 856 ὲὸασίλευον
1305 803 1464 875 μέχρι
1488 804 1588 873 τῆς
1618 807 1697 868 εἰς
1728 804 2022 859 Βαϐυλῶνα

449 896 843 967 αἰχμαλωσίας.
875 897 1008 949 Κατ’
1032 896 1227 960 αὐτοὺς
1254 895 1309 949 δὲ
1335 896 1425 949 ἐπὶ
1446 896 1654 960 τούτοις
1679 898 1770 950 ἐπὶ
1794 897 1893 968 τῆς
1913 898 2020 949 Σα-

449 985 682 1057 μαρείας
712 982 857 1037 οὕτω
883 984 1220 1055 καλουμένης
1249 985 1475 1050 πόλεως,
1503 986 1611 1038 τῶν
1648 987 1805 1040 ἐννέα
1841 986 2019 1055 φυλῶν

446 1076 737 1147 ἡγούμενοι
767 1077 867 1131 οὐκ
896 1077 954 1144 ἐξ
996 1078 1185 1140 Ἰούδα,
1215 1077 1329 1131 ἀλλ’
1364 1077 1422 1142 ἐξ
1463 1078 1663 1150 ἑτέρων
1688 1079 1868 1148 φυλῶν
1904 1079 2020 1133 ἔτε-

446 1182 531 1234 ροι
568 1166 893 1233 διετέλεσαν,
938 1159 1014 1221 ὧν
1056 1167 1272 1239 πρῶτος
1314 1164 1383 1239 ἦν
1416 1168 1696 1239 Ἰεροδοάμ
1733 1170 1796 1223 ὲκ
1845 1170 2018 1241 φυλῆς

457 1254 712 1328 Ἐφραὶμ,
759 1259 852 1311 καὶ
882 1258 934 1311 οί
973 1257 1208 1328 καθεξῆς
1250 1259 1388 1330 μετά
1423 1260 1642 1313 τοῦτον·
1694 1260 1769 1324 ὡς
1801 1261 1920 1333 μηδ’
1959 1264 2017 1315 ὲν

437 1350 553 1409 τοῖς
584 1349 785 1419 μεταξὺ
820 1350 1030 1420 χρόνοις
1071 1354 1183 1414 τοῖς
1211 1350 1318 1404 ἀπὸ
1356 1351 1520 1406 Δαϐὶδ
1544 1354 1638 1406 ἐπὶ
1673 1352 1770 1425 τὴν
1799 1355 1879 1418 είς
1911 1355 2016 1407 Βα-

438 1437 653 1495 ϐυλῶνα
682 1444 1059 1512 αἰχμαλωσίαν
1094 1444 1221 1507 τοὺς
1246 1444 1309 1496 ὲκ
1337 1443 1508 1515 φυλῆς
1543 1444 1715 1499 Ἰούδα
1742 1444 1836 1498 τοῦ
1882 1464 2015 1501 παν-

435 1534 529 1598 τὸς
561 1535 745 1598 ἔθνους
782 1534 1112 1605 ἡγήσασθαι.
1158 1535 1223 1588 Τί
1254 1535 1336 1589 δεῖ
1376 1535 1574 1606 λέγειν,
1614 1538 1690 1597 ὼς
1737 1538 1872 1609 μεεά
1915 1538 2013 1611 τὴν

440 1626 551 1680 ἀπὸ
583 1625 900 1689 Βασυλῶνος
934 1625 1189 1679 ἐπάνοδον
1220 1622 1377 1691 αὖθις
1407 1629 1546 1701 ὑπὲρ
1582 1628 1651 1682 τά
1686 1631 2011 1686 πεντακόσια

436 1716 533 1787 ἔτη
572 1717 734 1789 μέχρι
763 1717 860 1789 τῆς
896 1715 993 1770 τοῦ
1026 1715 1261 1789 Χριστοῦ
1292 1718 1556 1787 γενέσεως
1586 1719 1887 1777 διετέλεσαν
1915 1740 2011 1777 πο-

442 1809 619 1881 λιτείᾳ
647 1809 917 1881 χρώμενοι
943 1810 1389 1883 ἀριστοκρατικῇ,
1422 1811 1532 1866 τῶν
1576 1814 1674 1883 μὲν
1706 1814 1844 1868 κατὰ
1877 1817 2007 1889 χρό-

436 1915 563 1962 νους
592 1899 889 1970 ἀρχιερέων
928 1901 1245 1972 ἡγουμένων
1269 1902 1363 1955 τοῦ
1391 1901 1595 1969 ἔθνους,
1629 1903 1840 1971 οὐδενὸς
1865 1907 1922 1960 δὲ
1944 1909 2008 1960 ὲκ

434 1991 535 2062 τῆς
581 1990 673 2044 τοῦ
727 1991 894 2046 Ἰούδα
945 1993 1157 2065 φυλῆς;
1198 1994 1339 2048 ὥστε
1388 1995 1447 2063 ἐξ
1493 1997 1747 2054 ἁπάντων
1804 1999 2007 2055 τούτων

435 2082 816 2153 παρίστασθαι,
869 2086 942 2156 μὴ
976 2087 1068 2139 ἐπὶ
1100 2087 1190 2141 τὸν
1220 2088 1437 2160 πρῶτον
1475 2091 1680 2144 ἐκεῖνον
1716 2092 1883 2166 ἄνδρα
1915 2095 2007 2148 τὸν

446 2174 662 2239 Ἰούδαν,
692 2176 824 2248 μηδὲ
858 2178 949 2231 ἐπὶ
978 2179 1106 2242 τοὺς
1149 2180 1421 2251 διαδόχους
1452 2182 1614 2237 αὐτοῦ
1641 2186 2006 2257 ἀναφέρεσθαι

427 2262 492 2317 τὸ
524 2265 729 2334 φάσκον
758 2267 968 2337 λόγιονο
1010 2288 1030 2321 ι
1075 2271 1188 2324 Οὐκ
1219 2272 1457 2342 ἐκλείψει
1485 2274 1668 2346 ἄρχων
1713 2275 1772 2341 ἐξ
1816 2277 2002 2341 Ἰούδα,

426 2355 550 2409 οὐδε
575 2357 876 2429 ἡγούμενος
902 2361 967 2413 ὲκ
994 2360 1100 2414 τῶν
1132 2362 1319 2433 μηρῶν
1360 2365 1556 2418 αὐτοῦ’
1590 2386 1607 2416 ι
1660 2367 1835 2436 μόνως
1864 2368 1908 2422 δ’
1939 2368 2005 2422 ἂν

433 2451 660 2521 συσταίη
690 2451 758 2503 τὰ
786 2453 928 2507 κατά
959 2453 1051 2507 τὸν
1078 2455 1260 2517 τόπον,
1291 2457 1339 2508 εἰ
1363 2456 1503 2510 κατά
1529 2458 1594 2513 τά
1618 2459 1849 2530 πρόσθεν
1872 2463 2003 2532 ἡμῖν

429 2539 817 2612 ἀποδεδομένα,
846 2545 972 2614 περὶ
997 2545 1095 2616 τῆς
1119 2545 1290 2616 φυλῆς
1317 2547 1533 2619 ἀπάσης
1554 2549 1804 2619 λέγεσθαι
1831 2551 2002 2607 ταῦτα

428 2632 739 2703 νοήσαιμεν.
773 2632 922 2706 Αὕτη
951 2635 1079 2704 γοῦν
1111 2637 1371 2708 ἀρχῆθεν,
1415 2637 1475 2704 ἐξ
1506 2641 1684 2694 αὐτῶν
1714 2641 1824 2696 τῶν
1863 2645 2003 2699 κατά

427 2724 666 2777 Μωῦσέα
692 2725 920 2796 χρόνων,
945 2727 1040 2780 τοῦ
1070 2729 1269 2793 παντὸς
1309 2730 1496 2795 ἔθνους
1534 2734 1777 2804 ἡγήσατο
1799 2750 1814 2767 ·
1861 2737 2001 2791 κατὰ

424 2815 557 2883 γοῦν
582 2817 683 2888 τὴν
706 2817 910 2888 ταύτης
943 2820 1316 2892 ἐπικράτειαν,
1350 2822 1425 2885 ὡς
1464 2823 1531 2876 ἂν
1572 2824 1811 2895 ἀρχῆθεν
1848 2827 1999 2896 ἡγεῖ-

423 2905 550 2961 σθαι
568 2911 1087 2981 προκεχειρισμένης
1113 2911 1217 2964 ὑπὸ
1239 2910 1333 2965 τοῦ
1356 2913 1511 2979 Θεοῦ,
1548 2915 1775 2970 Ἰουδαία
1803 2934 1862 2970 τε
1890 2920 2001 2971 είσ-

425 2999 506 3053 έτι
569 3000 665 3054 νῦν
690 3001 800 3054 ἀπὸ
832 3003 930 3073 τῆς
957 3002 1129 3075 φυλῆς
1149 3004 1183 3073 ἥ
1215 3021 1277 3073 γε
1317 3003 1468 3076 χώρα
1508 3006 1881 3079 ἐπικέκληται,
1903 3010 1999 3063 κα)⁵

420 3089 484 3141 τὸ
518 3091 626 3143 πᾶν
668 3089 844 3145 αὐτῶν
895 3090 1148 3162 σύστημα
1200 3092 1466 3148 Ἰουδαίων
1510 3095 1994 3166 προσαγορεύεται.

421 3179 579 3234 Οὕτω
606 3181 782 3235 τοίνυν
814 3183 1107 3253 νοήσαιμεν
1135 3183 1197 3237 τὸ
1219 3183 1529 3254 λεγόμενον,
1562 3185 1638 3249 ὡς
1661 3188 1710 3240 εί
1738 3187 1997 3256 σαφέστε-

423 3290 515 3345 ρον
556 3273 770 3342 ἔλεγενο
808 3276 922 3328 Ούκ
953 3276 1191 3345 ἐκλείψει
1232 3277 1327 3330 τοῦ
1362 3278 1560 3341 παντὸς
1604 3277 1789 3342 ἔθνους
1828 3282 1994 3351 ήγουα

424 3365 559 3435 μέν-η
583 3367 616 3434 ἡ
638 3365 732 3418 τοῦ
749 3367 917 3420 Ἰούδα
940 3367 1101 3439 φυλή.
1120 3370 1178 3422 '0
1197 3368 1327 3438 γοῦν
1349 3369 1665 3441 Σύμμαχος,
1690 3388 1710 3422 ι
1748 3372 1808 3424 ού
1838 3390 1994 3444 περι-

417 3455 783 3528 αιρεθήσεται,
836 3459 1020 3530 φησιν,
1052 3458 1265 3524 ἐξουσία
1294 3461 1403 3515 ἀπὸ
1457 3461 1645 3526 Ἰούδα,
1675 3482 1693 3515 ι
1743 3462 1805 3516 τὸ
1840 3462 1993 3531 ἐξου-

419 3547 696 3601 σιαστικὸν
719 3549 891 3620 δήπου
925 3551 1018 3604 καὶ
1042 3550 1267 3623 ἀρχικὸν
1294 3552 1509 3624 ἀξίωμα
1535 3554 1634 3624 τῆς
1663 3553 1799 3624 μετά
1819 3555 1992 3610 ταῦτα

418 3640 730 3712 ὑποστάσης
755 3640 848 3694 τοῦ
888 3642 1053 3696 Ἰούδα
1094 3643 1265 3715 φυλῆς
1294 3646 1584 3717 παριστάς.
1616 3645 1832 3719 Ταύτης
1860 3648 1991 3716 γοῦν

414 3729 537 3784 οὔτε
577 3731 637 3785 τὸ
665 3732 959 3803 σκῆπτρον,
991 3732 1065 3797 ὡς
1092 3734 1122 3786 ὁ
1160 3734 1390 3800 Ἀκύλας
1413 3737 1545 3806 φησὶ
1593 3735 1912 3809 (βασιλικῆς
1935 3738 1991 3793 δὲ

416 3823 576 3876 τοῦτο
611 3822 877 3895 σύμϐολον
917 3820 984 3895 ἦν
1009 3824 1226 3897 ἀρχῆς),
1256 3825 1378 3879 οὔτε
1417 3827 1515 3898 τὴν
1549 3827 1814 3894 ἐξουσίαν,
1849 3831 1991 3884 κατὰ

409 3914 504 3970 τὸν
542 3913 857 3987 Σύμμαχον,
892 3917 1402 3989 περιαιρεθήσεσθαι
1428 3917 1691 3985 θεσπίζει,
1728 3940 1747 3973 ι
1790 3920 1892 3985 ἓως
1922 3921 1988 3976 ἂν

411 4003 561 4077 ἔλθῃ,
604 4006 788 4078 φησὶν,
828 3999 873 4075 ᾧ
904 4006 1211 4073 ἀπόκειται,
1244 4027 1263 4060 ›
1300 4009 1395 4062 καὶ
1438 4009 1601 4063 αὑτὸν
1631 4009 1848 4065 ἔσεσθαι
1879 4012 1986 4067 τῶν

407 4097 579 4151 ἐθνῶν
612 4099 958 4169 προσδοκίαν.
1006 4098 1172 4153 Ποίαν
1205 4099 1409 4170 ταύτην
1455 4101 1779 4172 προσδοκίαν
1814 4102 1847 4174 ἦ
1888 4101 1986 4174 τὴν

408 4189 575 4243 πάλαι
622 4188 703 4259 τῷ
739 4188 990 4262 Ἀϐραὰμ
1023 4192 1117 4245 καί⁵
1159 4194 1272 4256 τοῖς
1306 4194 1423 4263 μετ’
1459 4193 1619 4247 αὐτὸν
1649 4195 1985 4270 προπάτορσι

407 4279 950 4352 κεχρηματισμένην;
977 4280 1199 4352 Πρῶτον
1230 4282 1329 4353 μὲν
1356 4279 1448 4336 οὖν
1481 4281 1781 4354 θαυμάζειν
1812 4285 1980 4354 ἄξιον,

404 4372 573 4437 ὅπως,
606 4371 812 4427 δώδεκα
837 4373 1014 4428 οὐσῶν
1047 4372 1155 4426 τῶν
1194 4377 1325 4447 παρ’
1367 4376 1635 4448 Ἑϐραίοις
1679 4378 1883 4448 φυλῶν,
1921 4379 1982 4447 ἐξ

401 4462 660 4533 οὐδεμιᾶς
688 4462 853 4533 ἄλλης
880 4463 914 4535 ἢ
943 4463 1050 4517 ἀπὸ
1082 4464 1248 4535 μόνης
1277 4465 1373 4535 τῆς
1407 4465 1577 4520 Ἰούδα
1606 4469 1640 4539 ἡ
1670 4467 1764 4521 τοῦ
1797 4468 1980 4533 ἔθνους

2125 635 2189 674 ac
2219 637 2286 675 ne
2314 622 2505 675 harum
2538 623 2759 692 quidem
2807 625 3103 680 solidarum
3135 628 3186 680 in
3208 627 3508 684 Jerusalem
3540 646 3699 703 reges

2124 708 2343 763 fuerunt
2372 727 2544 780 usque
2573 711 2639 765 ad
2660 711 3044 791 Babylonicam
3067 716 3300 773 cladem.
3338 717 3536 776 Iisdem
3564 737 3697 779 vero

2122 800 2460 869 temporibus
2506 802 2561 856 in
2595 802 2815 858 civitate
2859 819 2980 873 qua:
3034 815 3263 860 vocatur
3290 807 3560 876 Samaria,
3592 831 3694 869 uo-

2120 904 2240 943 vem
2266 891 2505 945 tribuum
2540 891 2708 947 duces
2731 908 2840 947 non
2881 893 2948 949 de
2970 897 3115 950 tribu
3148 896 3309 962 Juda,
3345 902 3439 956 sed
3471 917 3534 956 ex
3569 905 3694 959 aliis

2121 980 2211 1033 alii
2244 982 2575 1036 exstiterunt
2611 1002 2624 1037 :
2658 999 2889 1054 quorum
2914 987 3123 1056 primus
3168 987 3452 1045 Jeroboam
3476 993 3599 1056 fuit,
3625 994 3694 1051 de

2118 1073 2266 1127 tribu
2299 1072 2558 1144 Ephrem,
2589 1090 2654 1130 ac
2684 1076 2941 1146 deinceps
2967 1079 3059 1147 qui
3096 1080 3242 1135 hunc
3306 1085 3480 1138 secuti
3537 1096 3687 1151 sunt.

2117 1170 2274 1218 utne
2294 1164 2491 1221 mediis
2535 1164 2758 1236 quidem
2792 1169 3128 1236 temporibus
3152 1185 3182 1224 a
3215 1170 3384 1227 David
3418 1191 3591 1246 usque
3619 1178 3687 1232 ad

2117 1262 2332 1324 tempus
2364 1271 2473 1326 quo
2504 1255 2559 1311 in
2598 1255 2929 1327 Babylonem
2959 1261 3161 1328 captivi
3212 1262 3363 1318 ducti
3407 1278 3558 1330 sunt,
3591 1268 3687 1321 ulli

2115 1346 2184 1400 de
2211 1346 2355 1401 tribu
2382 1348 2524 1403 Juda
2545 1349 2820 1403 universa:
2839 1349 2984 1418 genti
3018 1350 3353 1418 praefuerunt.
3390 1356 3561 1412 Porro
3582 1373 3686 1412 au-

2114 1443 2224 1491 tem
2247 1439 2377 1508 quid
2410 1441 2699 1498 dicendum
2739 1451 2845 1510 est,
2883 1448 3337 1517 quemadmodum
3392 1456 3514 1519 post
3545 1449 3687 1504 redi-

2113 1533 2229 1583 tum
2257 1529 2324 1585 de
2370 1529 2642 1603 Babylone
2685 1549 2879 1592 rursus
2914 1538 3228 1609 quingentis
3259 1539 3419 1595 annis
3448 1539 3686 1610 amplius

2111 1634 2287 1690 usque
2314 1621 2380 1677 ad
2404 1622 2611 1680 Christi
2658 1633 2836 1681 ortum
2872 1629 3107 1684 vixerint
3144 1646 3211 1685 eo
3246 1637 3393 1685 statu
3442 1631 3682 1686 civitatis

2111 1718 2346 1777 utentes,
2379 1713 2435 1768 iu
2463 1729 2573 1784 quo
2617 1717 2721 1771 soli
2770 1720 3062 1789 optimates
3110 1736 3224 1776 rem
3264 1721 3684 1777 administrave-

2110 1804 2247 1868 rint,
2305 1805 2651 1874 pontiticibus
2682 1811 2868 1880 utique
2918 1813 3015 1866 toti
3062 1814 3210 1883 genti
3260 1810 3678 1885 imperantibus,

2038 1888 2081 1944 Β
2109 1911 2341 1966 quorum
2369 1898 2553 1953 nullus
2583 1899 2743 1969 plane
2777 1903 2846 1958 de
2888 1904 3033 1958 tribu
3095 1903 3235 1960 Juda
3262 1906 3589 1961 oriebatur?
3620 1914 3682 1960 ut

2102 1987 2215 2056 jam
2247 2003 2313 2043 ex
2338 1988 2426 2044 his
2445 1990 2703 2047 omnibus
2729 1994 2967 2063 perspici
2996 1996 3189 2065 possit,
3218 2011 3326 2050 non
3351 1996 3418 2051 ad
3442 1998 3680 2067 primum

2106 2076 2259 2132 illum
2290 2075 2510 2143 Iudam,
2564 2096 2742 2151 neque
2775 2083 2842 2137 ad
2869 2082 3017 2142 illius
3057 2101 3407 2143 successores
3435 2088 3681 2143 referen-

2105 2171 2234 2226 dum
2253 2187 2376 2227 esse
2393 2174 2673 2229 oraculum
2699 2175 2853 2243 illud,
2871 2176 3092 2235 dicens:
3117 2195 3135 2228 ι
3160 2192 3269 2232 non
3294 2178 3507 2234 deliciet
3524 2180 3679 2249 prin-

2104 2278 2234 2334 ccps
2260 2265 2327 2319 de
2349 2263 2508 2331 Juda,
2540 2282 2716 2338 neque
2749 2267 2859 2322 dux
2889 2269 2958 2325 de
3005 2268 3303 2325 femoribus
3335 2275 3454 2340 ejus
3476 2310 3490 2333 ,
3522 2290 3543 2323 ι
3583 2272 3679 2327 sed

2104 2368 2167 2409 ea
2194 2369 2317 2425 qua:
2336 2354 2403 2408 ad
2425 2355 2760 2411 buneloeum
2784 2359 3080 2428 pertinent,
3096 2374 3207 2414 uno
3232 2358 3678 2417 duntaxatmodo

2104 2455 2359 2502 constare
2383 2463 2564 2518 posse,
2607 2450 2651 2504 si
2684 2450 2984 2506 secundum
3025 2467 3089 2506 ea
3122 2467 3243 2522 quae
3270 2452 3423 2522 prius
3457 2467 3488 2507 a
3515 2454 3677 2510 nobis

2103 2539 2170 2595 de
2199 2547 2312 2595 tota
2351 2542 2495 2596 tribu
2527 2544 2772 2612 exposita
2806 2551 2976 2609 sunt,
3035 2544 3150 2598 hac
3180 2546 3295 2614 ipsa
3329 2544 3676 2616 intelligenda

2102 2645 2225 2686 esse
2252 2632 2571 2690 dixerimus.
2620 2633 2748 2690 Haec
2796 2636 2941 2691 enim
2997 2636 3177 2692 tribus
3224 2636 3295 2691 ab
3339 2636 3497 2690 initio
3523 2645 3578 2692 et
3606 2638 3676 2692 ab

2101 2723 2275 2793 ipsius
2302 2740 2476 2794 usque
2505 2723 2671 2780 Mosis
2697 2726 3037 2797 temporibus
3073 2727 3342 2782 universae
3363 2730 3540 2798 gentis
3562 2729 3677 2783 dux

2100 2812 2205 2867 fuit
2238 2834 2251 2868 :
2286 2815 2809 2884 itaquesccundum
2845 2817 3010 2886 hujus
3049 2818 3439 2888 principatum,
3488 2827 3676 2890 utpote

2098 2922 2264 2976 quam
2298 2905 2439 2963 Deus
2469 2908 2682 2964 caeteris
2708 2908 2775 2961 ab
2803 2908 2956 2962 initio
2982 2908 3304 2979 praefecerit,
3338 2917 3392 2963 et
3421 2910 3540 2979 ipsa
3583 2926 3675 2965 re-

2098 2998 2188 3069 gio
2209 2997 2534 3053 etiamnunc
2563 2999 2633 3054 ab
2660 3014 2725 3054 ea
2757 2999 2877 3071 ipsa
2908 3000 3079 3065 tribu,
3111 2998 3312 3055 Judaeae
3333 3000 3672 3055 vocabulum

2098 3088 2329 3154 obtinet,
2357 3096 2413 3143 et
2440 3089 2619 3144 omnis
2647 3090 2864 3144 illorum
2902 3098 3203 3146 conventus
3231 3089 3544 3145 Iudaeorum
3573 3106 3672 3161 ap-

2096 3180 2348 3250 pellatur.
2381 3178 2471 3235 Sic
2500 3180 2665 3251 igitur
2715 3181 3085 3253 intelligamus
3120 3181 3266 3253 quod
3309 3182 3516 3238 dictum
3561 3194 3668 3246 est,

2095 3277 2357 3340 tanquam
2413 3271 2459 3326 si
2511 3271 2857 3329 manifestius
2893 3273 3139 3338 dixisset.
3173 3290 3283 3330 non
3322 3274 3536 3329 desinet
3567 3276 3671 3329 toti

2094 3360 2239 3431 genti
2260 3375 2494 3430 praeesse
2511 3361 2689 3417 tribus
2703 3360 2732 3417 J
2738 3362 2865 3428 uda,
2886 3362 3050 3434 372
3064 3379 3131 3419 ex
3152 3379 3262 3435 quo
3282 3362 3667 3436 Symmachus,

2099 3469 2119 3502 ι
2153 3450 2275 3505 Non
2327 3451 2625 3516 auferetur,
2671 3453 2870 3523 inquit,
2926 3463 3170 3524 poteStas
3213 3454 3280 3509 de
3312 3453 3473 3520 Juda,
3508 3474 3531 3508 ›
3583 3455 3668 3509 sic

2092 3544 2282 3614 utique
2304 3544 2447 3613 juris
2472 3542 2755 3612 cujusdam
2779 3545 3079 3615 amplioris,
3109 3556 3162 3600 et
3195 3547 3536 3617 principatus
3564 3563 3667 3600 at;-

2092 3635 2398 3690 ctoritatem
2441 3637 2561 3706 ejus
2602 3651 2722 3706 qua:
2753 3643 2942 3706 postea
2972 3639 3156 3692 futura
3185 3646 3329 3693 esset
3361 3638 3539 3695 tribus
3565 3637 3664 3693 1n-

2090 3724 2180 3787 da,
2221 3727 2380 3781 nobis
2432 3725 2836 3798 intelligendam
2892 3743 3223 3800 proponens.
3283 3728 3459 3797 Hujus
3515 3731 3661 3785 enim

2089 3834 2265 3889 neque
2287 3827 2584 3889 sceptrum,
2618 3818 2889 3889 utAquila
2921 3817 3097 3890 inquit
3124 3820 3277 3892 (regii
3306 3836 3470 3891 porro
3509 3823 3664 3891 priu-

2087 3913 2301 3982 cipatus
2334 3913 2548 3984 signum
2582 3912 2685 3969 hoc
2716 3913 2917 3985 erat),
2973 3927 3151 3983 neque
3198 3920 3520 3983 potestatem
3552 3953 3567 3976 ,
3602 3921 3663 3966 ut

2090 4003 2470 4076 Symmachus,
2513 4007 2784 4061 sublatum
2820 4007 2888 4062 iri
2917 4006 3269 4072 vaticinatur,
3310 4024 3328 4056 ι
3363 4005 3538 4059 donec
3566 4019 3664 4059 ve-

2087 4098 2225 4160 niat,
2254 4099 2453 4169 inquit,
2478 4101 2566 4154 cui
2595 4099 2894 4169 repositum
2924 4104 3033 4161 est,
3064 4116 3085 4147 ι
3136 4106 3298 4165 atque
3331 4096 3507 4165 ipsum
3545 4093 3662 4149 fore

2084 4191 2545 4261 exspectationem
2569 4191 2829 4260 gentium.
2862 4189 2966 4245 Sed
2997 4202 3160 4259 quam
3191 4187 3410 4242 tandem
3432 4200 3663 4256 exspec-

2087 4281 2370 4345 tationem,
2397 4280 2505 4334 uisi
2552 4279 2620 4335 de
2650 4295 2758 4350 qua
2787 4279 2915 4334 olim
2958 4287 3012 4334 et
3050 4276 3155 4347 ipsi
3187 4276 3484 4341 Abraham,
3509 4286 3561 4330 et
3588 4275 3661 4331 iis

2082 4369 2179 4440 qui
2211 4370 2481 4425 Abraham
2515 4370 2686 4426 secuti
2722 4377 2850 4426 sunt
2894 4368 3162 4440 patribus,
3195 4369 3414 4422 oracula
3446 4367 3658 4423 reddita

2083 4461 2238 4516 sunt?
2261 4460 2503 4515 Primum
2533 4462 2698 4532 igitur
2722 4462 2982 4516 admirari
2995 4475 3175 4532 opera:
3197 4461 3431 4530 pretium
3468 4460 3655 4525 fuerit,

404 4550 570 4604 εἰσέτι
595 4550 690 4605 νῦν
716 4552 1104 4623 ἀναγορεύεται
1135 4556 1502 4626 προσηγορίαι
1536 4557 1597 4609 ού
1631 4558 1697 4610 δι’
1729 4558 1913 4629 ἕτερον
1932 4561 1975 4631 ἢ

2094 4553 2213 4624 quid
2245 4553 2339 4618 ita,
2369 4567 2492 4608 cum
2521 4553 2806 4609 duodecim
2832 4553 3181 4609 Hebraeorum
3202 4553 3379 4606 tribus
3402 4562 3607 4617 essent,
3624 4567 3655 4605 a

402 4641 491 4694 διά
520 4643 582 4694 τὸ
612 4641 713 4711 τῆς
744 4644 1076 4713 προφητείας
1106 4643 1304 4713 λόγιον,
1333 4648 1399 4717 τῇ
1428 4644 1524 4699 τοῦ
1562 4646 1730 4700 Ἰούδα
1752 4648 1891 4719 φυλῇ
1921 4649 1980 4701 τὸ

401 4732 627 4803 ἀρχικὸν
682 4733 953 4804 περιάψαν
996 4735 1232 4806 ἀξίωμα.
1280 4736 1439 4790 Ἀλλά
1486 4737 1580 4792 καὶ
1622 4738 1723 4810 τὴν
1753 4740 1978 4810 πάτριον

403 4822 582 4876 αὐτῶν
615 4822 797 4895 χώραν
840 4825 1098 4880 Ἰουδαίαν
1142 4827 1229 4881 διά
1260 4826 1358 4899 τὴν
1383 4828 1551 4899 αὐτὴν
1589 4829 1979 4886 ἀποκαλεῖσθαι

404 4915 688 4985 συμϐαίνει
718 4917 915 4971 αἰτίαν.
969 4918 1122 4972 Ἐπεὶ
1157 4918 1247 4973 διά
1293 4918 1345 4972 τί
1380 4918 1455 4991 μὴ
1487 4920 1596 4973 ἀπὸ
1633 4920 1727 4974 τού
1759 4921 1977 4994 πρώτου

398 5007 510 5060 τῶν
533 5006 759 5073 δώδεκα,
793 5007 935 5076 λέγω
969 5010 1027 5063 δὲ
1059 5010 1167 5064 ἀπὸ
1204 5010 1297 5065 τοῦ
1332 5010 1575 5084 Ῥουόὶμ,
1605 5012 1666 5064 τὸ
1700 5012 1850 5076 ἔθνος
1877 5014 1977 5068 αὑ-

399 5097 508 5153 τῶν
554 5100 921 5171 ὲχρημάτισε;
956 5103 1149 5156 Καίτοι
1188 5103 1341 5177 παρὰ
1388 5104 1466 5176 τῷ
1514 5105 1643 5177 θείῳ
1686 5106 1835 5176 νόμῳ
1867 5104 1975 5161 τῶν

399 5191 758 5263 πρωτοτόκων
782 5193 1192 5268 τετιμημένωνξ
1219 5194 1320 5248 Διά
1349 5195 1402 5248 τί
1428 5196 1485 5249 δὲ
1518 5197 1592 5268 μὴ
1622 5197 1730 5250 ἀπὸ
1753 5197 1852 5267 τῆς
1878 5198 1973 5252 τοῦ

396 5280 550 5348 Λευτ,
583 5282 718 5354 ὁμοῦ
747 5284 841 5337 καὶ⁵
867 5284 946 5355 τῷ
972 5284 1148 5356 χρόνῳ
1171 5265 1274 5341 ἶιαὶ
1299 5287 1379 5358 τῷ
1418 5265 1529 5359 τῆς*
1562 5265 1857 5360 ἱερωσύνης
1894 5307 1976 5343 τι-

400 5373 613 5444 μήματι
638 5374 729 5428 τὸν
757 5374 956 5429 Ἰούδαν
988 5376 1426 5447 παρεξάγοντος;
1454 5379 1518 5431 Τί
1541 5379 1598 5433 δὲ
1621 5380 1740 5451 οὐχὶ
1773 5380 1971 5452 μᾶλλον

395 5462 505 5517 ἀπὸ
533 5463 626 5517 τοῦ
661 5465 856 5536 Ἰωσὴφ
881 5467 1218 5538 χρηματίσαι
1253 5469 1450 5540 συνέϐη
1473 5470 1540 5546 ,τὸ
1566 5472 1673 5524 πᾶν
1700 5471 1852 5537 ἔθνος
1877 5474 1971 5526 καὶ

286 5562 287 5565 “
393 5555 501 5623 τὴν
525 5555 727 5629 χώραν,
759 5557 848 5611 διὰ
879 5559 940 5612 τὸ
971 5559 1067 5612 καὶ
1114 5559 1280 5616 πάλαι
1313 5561 1493 5633 πάσης
1530 5563 1590 5616 ού
1620 5563 1778 5634 μόνον
1805 5566 1972 5634 Αίγύ-

395 5661 565 5712 meo,
596 5647 732 5702 ἀλλὰ
775 5648 868 5702 καὶ
905 5648 1015 5704 τῶν
1063 5651 1278 5707 οἰκείων
1317 5651 1376 5706 τδ
1407 5653 1609 5723 κράτος
1659 5654 1969 5726 ἀνάψασθαι

390 5735 599 5804 τοῦτον,
629 5741 757 5806 τούς
781 5759 838 5796 τε
872 5742 930 5810 ἐξ
962 5743 1140 5799 αὐτῶν
1173 5745 1496 5817 γενομένους
1543 5750 1775 5818 μακροῖς
1822 5748 1970 5802 ὓστε-

395 5843 489 5899 ρον
520 5830 732 5901 χρόνοις
757 5834 850 5888 ἐπὶ
880 5835 1128 5891 πλεῖστον
1156 5837 1279 5892 ὅσον
1305 5837 1440 5894 ὅλων
1470 5839 1623 5893 ἐννέα
1664 5839 1843 5910 φυλῶν
1872 5841 1964 5896 τοῦ
1994 5891 2030 5914 ,ε

2080 4646 2229 4699 nulla
2251 4646 2353 4699 alia
2374 4645 2481 4699 nisi
2505 4646 2573 4699 ab
2602 4660 2712 4700 una
2741 4647 2914 4716 ipsius
2944 4644 3106 4709 Juda,
3124 4644 3303 4714 gentis
3326 4645 3487 4699 etiam
3506 4659 3654 4697 nunc

2081 4735 2377 4807 appellatio
2402 4743 2715 4806 usurpetur.
2736 4737 2891 4803 Quod
2921 4751 3023 4807 ego
3040 4735 3258 4806 quidem
3292 4749 3399 4788 non
3423 4733 3491 4787 oh
3504 4733 3650 4787 aliud

2079 4828 2376 4899 contigisse
2400 4828 2656 4891 arbitror,
2692 4844 2855 4899 quam
2877 4830 2949 4884 ob
2978 4829 3154 4899 ipsius
3186 4827 3484 4899 prophetiae
3525 4842 3650 4881 ora-

2079 4921 2286 4983 culum,
2314 4919 2458 4989 quod
2491 4919 2583 4974 uni
2610 4920 2776 4976 tribui
2799 4918 2940 4975 Juda
2963 4920 3309 4991 principatus
3326 4917 3645 4988 dignitatem

2077 5013 2344 5068 attribuit.
2376 5011 2521 5078 Quin
2549 5012 2712 5068 etiam
2746 5013 2920 5083 patria
2964 5012 3207 5083 ipsorum
3258 5017 3426 5074 terra,
3460 5009 3649 5063 eadem

2076 5106 2143 5161 de
2168 5120 2333 5161 causa
2354 5102 2554 5160 Iudaeae
2569 5105 2983 5175 appellationem
3017 5102 3210 5158 sortita
3241 5110 3345 5156 est.
3376 5099 3489 5155 Cur
3503 5100 3648 5153 enim

2076 5215 2263 5272 quarso
2292 5216 2418 5255 cum
2442 5198 2732 5255 duodecim
2758 5197 2983 5264 fuerint,
3019 5212 3128 5251 non
3159 5196 3228 5251 ab
3247 5210 3437 5251 eorum
3469 5192 3648 5265 primo

2075 5288 2265 5345 Ruben
2297 5306 2430 5361 gens
2458 5288 2772 5345 eorumdem
2795 5288 3059 5358 appellata
3086 5292 3172 5340 est
3197 5284 3221 5338 ί
3243 5300 3367 5339 cum
3415 5296 3646 5353 praeser-

2075 5384 2173 5438 tim
2202 5389 2337 5436 natu
2356 5381 2579 5435 maximi
2602 5380 2909 5451 potioresin
2932 5379 3051 5449 lege
3065 5377 3251 5433 divina
3279 5372 3650 5431 haberentur?

2072 5473 2185 5531 Cur
2202 5488 2311 5528 non
2332 5474 2460 5528 item
2491 5488 2520 5526 a
2534 5470 2685 5537 Levi,
2710 5473 2801 5543 qui
2818 5480 2871 5527 et
2899 5478 3059 5525 aetate
3073 5477 3127 5525 et
3143 5484 3319 5525 sacrae
3344 5467 3368 5521 ί
3368 5467 3646 5524 unctionis

2072 5567 2283 5623 honore
2318 5565 2515 5621 Judam
2567 5563 2858 5620 anteibat?
2920 5562 3058 5618 Cum
3103 5577 3234 5616 vero
3291 5562 3394 5632 ipsi
3439 5559 3643 5630 Joseph

2071 5658 2347 5731 quondam
2377 5673 2486 5712 non
2516 5656 2679 5711 modo
2723 5653 2944 5726 Egypti
2997 5655 3285 5720 universae,
3337 5652 3431 5710 sed
3477 5653 3642 5708 etiam

2071 5765 2295 5805 suorum
2323 5747 2609 5818 imperium
2644 5746 2922 5816 obtigerit,
2952 5740 3185 5817 comque
3217 5748 3285 5801 ab
3310 5747 3403 5801 illo
3424 5743 3643 5801 oriundi

2071 5842 2258 5898 multis
2280 5848 2401 5911 post
2448 5837 2663 5896 szeculis
2696 5838 2789 5894 diu
2813 5837 3130 5905 admodum,
3169 5839 3298 5895 totis
3315 5838 3434 5910 ejus
3465 5832 3646 5908 grntii
