4098 6468
412 383 517 438 585

1008 384 1277 439 EUSEBII
1316 382 1795 441 CESARIENSIS
1828 379 1977 437 OPP.
2019 377 2220 434 PARS.
2264 378 2328 434 11.
2368 408 2440 421 --
2479 380 2976 439 AI‘OLOGETICA.

3584 390 3691 445 534

412 479 891 553 novem'tribubus
926 495 1246 565 prazfuerint
1265 537 1280 559 .
1305 511 1406 551 cur
1434 514 1545 552 non
1580 497 1649 552 ab
1673 510 1739 553 eo
1775 494 1997 566 potissi-

2103 491 2287 557 ἔθνους
2317 493 2644 564 ἡγήσασθαι,
2694 495 2764 549 δι’
2791 496 2885 560 οὓς
2930 498 3024 551 καὶ
3062 496 3264 568 μᾶλλον
3298 498 3447 564 εἰκὸς
3492 496 3563 572 ῆν
3590 505 3691 575 τὴν

412 602 562 642 mum
597 594 709 640 tota
741 602 897 656 gens,
932 586 1158 656 ipsaque
1180 588 1331 658 regio
1350 603 1551 643 nomen
1576 590 1810 657 accepit,
1830 601 2001 657 quan-

415 679 706 750 doquidem
756 679 829 733 ob
866 694 963 734 eos
1014 679 1196 749 ipsos,
1224 695 1364 750 quos
1398 682 1468 735 ab
1492 679 1698 751 Joseph
1731 679 1999 734 oriundos

411 769 846 839 diximusJonge
870 769 1156 825 honestius
1187 771 1634 842 probabiliusque
1663 778 1803 834 erat,
1828 782 1999 827 totam

409 870 628 933 gentem
689 870 970 932 totamque
1023 864 1301 932 regionem
1336 880 1364 917 a
1397 866 1575 933 primo
1620 866 1715 919 illo
1748 866 1996 934 ipsorum

409 961 638 1022 parente
694 954 1081 1009 denominari?
1130 956 1373 1026 Denique
1405 966 1606 1027 praeter
1651 957 1751 1012 hos
1808 972 2001 1013 omnes

410 1048 539 1116 quis
590 1061 702 1100 non
733 1046 1021 1109 concedat,
1058 1048 1252 1102 merito
1282 1049 1406 1103 illos
1454 1064 1484 1102 a
1516 1048 1799 1117 Benjamin
1831 1050 2001 1104 fuisse

410 1139 870 1202 denominandos,
902 1140 1063 1208 cujus
1090 1142 1398 1210 posteritati
1430 1156 1494 1196 ac
1524 1142 1724 1204 tribui,
1758 1142 2002 1197 celeber-

412 1230 549 1283 rima
578 1230 821 1299 ipsorum
851 1231 1046 1286 civitas
1069 1274 1083 1297 ,
1118 1247 1240 1302 quae
1298 1248 1487 1303 regum
1537 1233 1681 1303 apud
1717 1233 1870 1303 ipsos
1899 1233 1999 1289 do-

411 1322 677 1376 micilium
728 1323 864 1388 fuit,
906 1330 962 1378 et
1008 1324 1154 1393 quod
1215 1324 1270 1378 in
1323 1341 1387 1379 ea
1434 1326 1848 1380 sanctissimum
1903 1324 1997 1381 Dei

412 1415 675 1485 templum
704 1424 950 1470 erectum
983 1423 1089 1480 est,
1124 1418 1180 1471 in
1213 1427 1421 1472 sortem
1474 1417 1799 1472 concessit?
1845 1417 1999 1472 Atta—

412 1522 536 1560 men
572 1523 748 1563 neaue
784 1509 853 1562 ab
885 1507 1080 1561 harum
1117 1509 1325 1576 aliqua,
1374 1525 1554 1580 neque
1577 1524 1608 1563 a
1632 1511 1995 1580 reliquarum,

411 1607 505 1653 sed
532 1608 600 1652 an
639 1617 749 1655 una
783 1601 957 1671 ipsius
985 1599 1127 1657 Juda
1161 1603 1309 1657 tribu
1330 1604 1498 1658 totius
1529 1605 1707 1673 gentis
1730 1619 1795 1658 ac
1824 1606 2002 1676 regio-

412 1692 501 1746 nis
529 1693 822 1763 appellatio
848 1695 1011 1748 ducta
1030 1706 1133 1759 est,
1157 1695 1302 1749 sicut
1328 1696 1614 1765 prophetia
1650 1696 1996 1766 praedixerat.

414 1784 507 1839 Sic
536 1801 671 1841 sane
708 1787 843 1841 illud
874 1806 885 1840 :
922 1805 942 1837 ι
982 1786 1100 1841 Non
1139 1788 1357 1842 deﬁciet
1390 1790 1647 1859 princeps
1679 1789 1748 1843 de
1780 1789 1942 1856 Juda,
1974 1811 1993 1843 ι

2103 582 2197 636 τοῦ
2240 585 2584 656 προπάτορος
2632 586 2948 658 ἐπωνυμίαν
2996 589 3058 642 τὸ
3110 590 3218 642 πᾶν
3263 589 3416 655 ἔθνος
3464 593 3557 646 καὶ
3592 597 3691 664 τὴν

2103 674 2287 747 χώραν
2340 677 2787 748 ἐπιγράφασθαω
2843 681 2940 744 Τίς
2978 680 3022 733 δ’
3078 682 3179 734 οὐκ
3236 681 3301 735 ἂν
3357 684 3690 757 ὁμολογήσαι

2102 768 2251 837 παρὰ
2294 768 2514 831 τούτους
2549 769 2794 833 ἅπαντας
2828 771 3065 841 εὐλόγως
3102 772 3167 825 ἂν
3197 774 3261 827 ἐκ
3302 773 3395 827 τοῦ
3430 775 3690 848 Βενιαμὶν

2099 854 2200 924 τὴν
2233 856 2549 927 ἐπωνυμίαν
2581 858 2777 922 αὐτοὺς
2822 860 3026 924 λαῢεῐν,
3058 863 3355 936 ἐπειδήπερ
3383 868 3448 935 τῇ
3496 866 3688 922 τούτου

2102 948 2240 1019 φυλῇ
2272 951 2303 1018 ἡ
2336 951 2658 1022 περιϐόητος
2684 952 2862 1006 αὐτῶν
2893 953 3144 1026 βασιλικὴ
3187 958 3541 1028 μητρόπολις,
3569 960 3598 1014 ὃ
3628 978 3688 1015 τε

2101 1036 2194 1088 ἐπὶ
2242 1038 2445 1109 ταύτης
2486 1039 2787 1107 ἁγιώτατος
2839 1043 2933 1096 τοῦ
2979 1044 3113 1097 Θεοῦ
3149 1046 3286 1111 νεὼς
3327 1049 3685 1123 κεκλήρωτο;

2114 1129 2250 1182 Ἀλλ’
2278 1131 2427 1201 ὅμως
2458 1132 2566 1184 οὐδ’
2610 1133 2675 1186 ἐκ
2708 1134 2936 1195 τούτων,
2971 1137 3080 1190 οὐδ’
3110 1138 3169 1205 ἐξ
3213 1139 3409 1212 ἐτέρας
3445 1143 3478 1214 ἢ
3518 1144 3684 1216 μόνης

2101 1221 2166 1272 ἐκ
2197 1219 2296 1291 τῆς
2343 1222 2512 1275 Ἰούδα
2554 1224 2727 1294 φυλῆς
2773 1228 2806 1296 ἡ
2848 1228 2945 1297 τῆς
2985 1227 3171 1300 χώρας
3211 1233 3306 1286 καὶ
3347 1231 3442 1287 τοῦ
3488 1236 3683 1300 παντὸς

2101 1311 2286 1376 ἔθνους
2329 1316 2671 1388 προσηγορία
2713 1316 2973 1389 διέπρεψε
3005 1324 3070 1392 τῇ
3118 1323 3423 1395 προφητείᾳ
3455 1326 3682 1381 ἀκολούο

2100 1404 2227 1469 θως.
2252 1405 2408 1460 Οὕτω
2426 1409 2488 1476 γέ
2514 1426 2593 1462 τοι
2618 1410 2699 1474 τὸ,
2732 1429 2750 1461 ι
2776 1413 2889 1465 Οὐκ
2911 1413 3149 1485 ἐκλείψει
3171 1416 3351 1487 ἄρχων
3372 1418 3432 1482 ἐξ
3461 1419 3679 1485 Ἰούδα,ι

2100 1500 2193 1551 ἐπὶ
2225 1498 2324 1571 τὴν
2363 1501 2535 1572 φυλὴν
2571 1505 2701 1574 ἡμῖν
2730 1505 3102 1577 ὰνενήνεκται,
3150 1510 3244 1561 καὶ
3292 1510 3468 1575 μόνως
3508 1512 3682 1577 οὕτως

2099 1590 2314 1661 ἀληθῶς
2339 1595 2371 1663 ἡ
2399 1595 2703 1667 πρόρρησις
2722 1595 3061 1653 ἀποδέδοται.
3079 1600 3212 1653 Ἀπὸ
3239 1600 3371 1670 γοῦν
3398 1602 3503 1657 τῶν
3526 1606 3679 1661 Μωῦ-

2102 1682 2239 1747 σέως
2264 1685 2471 1755 χρόνων
2504 1686 2741 1758 καθεξῆς
2772 1691 2832 1743 οὐ
2861 1689 3099 1745 διέλιπον
3130 1696 3348 1764 μερικοὶ⁸
3375 1697 3478 1766 μὲν
3502 1698 3681 1752 αὐτῶν

2100 1776 2378 1847 ἄρχοντες,
2400 1781 2464 1833 ἐκ
2504 1770 2798 1854 διαφόρων,
2819 1784 2895 1849 ὡς
2926 1785 3082 1857 ἔφην,
3116 1787 3298 1856 φυλῶν
3320 1791 3678 1863 ἡγησάμενοι,

412 1876 478 1930 ad
514 1877 687 1948 ipsam
732 1879 935 1933 tribum
961 1894 992 1933 a
1021 1879 1182 1934 nobis
1229 1880 1461 1934 relatum
1507 1890 1615 1943 cst,
1664 1890 1716 1938 et
1753 1884 1853 1938 hoc
1882 1899 1992 1938 uno

2100 1869 2327 1924 καθόλου
2352 1871 2407 1925 δὲ
2435 1874 2467 1944 ἡ
2502 1872 2592 1926 τοῦ
2640 1876 2810 1930 Ἰούδα
2841 1878 2982 1950 φυλὴ
3012 1880 3210 1945 παντὸς
3241 1883 3561 1954 προεστῶσα
3585 1880 3679 1939 τοῦ

412 1967 683 2023 duntaxat
721 1970 883 2023 modo
914 1971 1122 2025 oraculi
1157 1970 1361 2026 veritas
1401 1971 1579 2026 locum
1616 1973 1800 2031 habet.
1826 1973 1996 2029 Nam-

412 2076 521 2131 que
544 2076 573 2114 a
597 2060 766 2117 Musis
791 2078 967 2131 usque
1003 2063 1366 2133 temporibus,
1402 2065 1665 2136 deinceps
1696 2082 1805 2121 non
1845 2066 2000 2124 defc-

412 2160 607 2208 cerunt
644 2155 1004 2222 particulares
1033 2154 1252 2224 quidem
1299 2155 1544 2225 ipsorum
1594 2156 1871 2228 principes
1903 2159 1997 2227 qui

411 2256 479 2298 ex
531 2242 790 2306 diversis,
824 2252 885 2297 ut
914 2242 1122 2297 dictum
1150 2253 1256 2308 est,
1294 2246 1570 2310 tribubus,
1595 2249 1743 2317 genti
1771 2249 1999 2318 praefue-

412 2335 543 2398 rint,
576 2336 738 2408 373
777 2337 832 2391 in
861 2338 1182 2393 universum
1237 2346 1415 2394 autem
1453 2341 1627 2397 tribus
1647 2339 1785 2395 Juda
1812 2381 1828 2408 ,
1877 2357 1999 2413 quae

412 2432 581 2486 t0tius
602 2432 781 2502 gentis
832 2432 1202 2503 principatum
1227 2434 1489 2489 tenuerit.
1519 2434 1782 2507 Exemplo
1812 2444 1996 2491 autem

412 2523 467 2578 id
492 2524 640 2594 quod
693 2532 827 2579 tunc
855 2525 1063 2580 dictum
1106 2533 1211 2587 est.
1237 2528 1334 2581 tibi
1366 2529 1616 2598 apertius
1645 2530 1897 2599 liquebit.
1927 2528 1998 2585 Ut

411 2616 559 2670 enim
600 2616 656 2671 in
692 2614 940 2672 Romano
983 2619 1212 2688 imperio
1236 2620 1575 2689 singularum
1604 2622 1845 2691 gentium
1871 2637 1999 2692 pro-

412 2719 721 2772 curatores,
773 2715 828 2763 et
873 2711 1135 2780 prmsides
1166 2722 1540 2781 praetoresque
1587 2720 1642 2767 et
1686 2721 1996 2768 castrorum

412 2800 678 2870 praefecti,
722 2808 777 2855 et
815 2804 908 2873 qui
959 2817 1153 2858 omnes
1184 2804 1453 2874 dignitate
1501 2813 1783 2874 anteeunt,
1816 2823 1994 2878 reges,

411 2905 522 2945 non
549 2893 774 2945 omnino
803 2907 996 2947 omnes
1022 2892 1089 2947 de
1119 2893 1237 2962 ipsa
1263 2893 1507 2949 liomana
1542 2895 1675 2950 urbe
1702 2897 1998 2966 capiuntur

413 2998 590 3054 neque
612 2984 680 3040 de
706 2984 858 3039 Remi
891 2985 1005 3040 sive
1029 2984 1246 3040 Romuli
1275 3002 1495 3057 genere,
1524 2988 1619 3043 sed
1647 3005 1713 3045 ex
1743 2990 1997 3048 inmune-

411 3077 702 3142 rabilibus,
734 3077 876 3132 alius
922 3078 1166 3144 aliunde,
1206 3079 1549 3145 nationibus,
1583 3096 1774 3138 omnes
1816 3091 1996 3139 tamen

414 3178 470 3223 et
501 3184 656 3239 reges
696 3177 750 3225 et
781 3171 872 3239 qui
918 3178 1043 3241 post
1080 3171 1230 3241 ipsos
1273 3173 1518 3228 secundo
1544 3175 1665 3230 loco
1691 3176 1992 3248 principes,

2099 1962 2301 2029 ἔθνους
2334 1967 2751 2040 Παραδείγματι
2781 1971 2839 2024 δὲ
2870 1972 3137 2046 καταδέξῃ
3159 1973 3221 2027 τὸ
3241 1976 3550 2047 εἰρημένον.
3593 1979 3682 2043 Ὠς

2102 2054 2212 2126 γὰρ
2249 2056 2341 2110 ἐπὶ
2355 2057 2454 2127 τῆς
2496 2060 2782 2131 Ῥωμαίων
2814 2064 2987 2135 ἀρχῆς
3019 2066 3067 2119 oi
3098 2066 3195 2137 μὲν
3225 2067 3345 2120 κατ’
3379 2068 3533 2131 ἔθνος
3556 2071 3680 2123 ἐπί-

2096 2148 2287 2220 τροποί
2326 2167 2385 2202 τε
2419 2153 2514 2204 καὶ
2555 2154 2878 2225 ἡγούμενοι,
2909 2156 3138 2229 ἔπαρχοί
3163 2177 3224 2212 τε
3255 2161 3348 2213 καὶ
3380 2179 3680 2233 στρατοπε-

2096 2238 2323 2311 δάρχαι,
2358 2243 2414 2294 οἵ
2454 2260 2514 2296 τε
2551 2245 2765 2300 πάντων
2806 2248 3066 2303 ἀνωτάτω
3094 2250 3364 2320 βασιλεῖς,
3391 2254 3452 2306 οὐ
3479 2256 3679 2319 πάντες

2098 2335 2161 2387 ἐκ
2194 2334 2300 2388 τῶν
2355 2335 2639 2408 Ῥωμαίων
2684 2340 2958 2412 ὀρμῶνται
3003 2344 3246 2411 πόλεως,
3284 2346 3403 2400 οὐδε
3449 2348 3556 2403 ἀπὸ
3583 2349 3679 2404 τοῦ

2111 2424 2321 2497 Ῥώμου
2355 2430 2448 2483 καὶ
2485 2430 2765 2502 Ῥωμύλου
2796 2437 3021 2507 σπορᾶς,
3041 2437 3152 2491 ἀλλ’
3180 2439 3244 2492 ἐκ
3262 2442 3494 2511 μυρίων,
3522 2440 3679 2506 ἄλλος

2098 2518 2347 2586 ἄλλοθεν,
2381 2521 2570 2586 ἐθνῶν,
2604 2526 2754 2595 ὅμως
2779 2527 2835 2580 δὲ
2866 2531 2915 2581 οἱ
2949 2531 3150 2595 πάντες
3183 2531 3420 2602 βασιλεῖς
3455 2552 3514 2588 τε
3535 2578 3549 2602 ,
3586 2537 3680 2589 καὶ

2097 2610 2145 2662 οί
2178 2610 2295 2678 μετ’
2322 2611 2519 2672 αὐτοὺς
2533 2612 2793 2686 ἄρχοντες
2822 2617 2915 2670 καὶ
2932 2618 3224 2690 ἡγούμενοι
3246 2622 3353 2677 τῶν
3390 2623 3680 2695 Ῥωμαίων

2096 2699 2493 2771 ἐπιγράφονται
2526 2708 2927 2779 προσηγορίαν,
2978 2710 3265 2783 Ῥωμαίων
3295 2731 3356 2768 τε
3387 2716 3449 2769 τὸ
3478 2719 3680 2786 κράτος

2099 2794 2502 2864 ἐπωνόμασται,
2537 2798 2633 2850 καὶ
2662 2798 2864 2872 ταύτης
2893 2800 3126 2874 ἐξῆπται
3148 2805 3250 2876 τῆς
3292 2808 3610 2878 ἐπωνυμίας
3643 2811 3677 2881 ή

2099 2886 2217 2939 καθ’
2256 2887 2537 2960 Ἐϐραίους
2565 2893 2667 2964 χρὴ
2693 2896 2834 2947 νοεῖν
2871 2896 3207 2967 πραγμάτων
3230 2915 3246 2930 ·
3283 2901 3413 2969 μιᾶς
3448 2901 3545 2970 μὲν
3576 2920 3679 2955 κα-

2100 2972 2254 3026 θόλου
2290 2975 2388 3045 τῆς
2424 2977 2517 3030 τοῦ
2559 2980 2726 3035 Ἰούδα
2765 2981 2939 3053 φυλῆς
2967 2985 3107 3039 κατὰ
3140 2986 3231 3041 τοῦ
3263 2990 3463 3053 παντὸς
3490 2990 3678 3057 ἔθνους

2099 3066 2640 3141 ἐπιπεφημισμένης,
2672 3072 2782 3128 τῶν
2806 3074 2864 3128 δὲ
2896 3076 3035 3130 κατὰ
3078 3078 3243 3150 μέρος
3264 3081 3583 3152 ἡγουμένων
3614 3100 3675 3135 τε

2101 3158 2196 3210 καὶ
2223 3156 2487 3226 βασιλέων
2519 3162 2584 3214 ἐκ
2614 3161 2883 3235 διαφόρων
2912 3164 3325 3238 καθισταμένων
3355 3170 3559 3237 φυλῶν,
3578 3190 3677 3225 κα·-

416 3261 785 3332 przesidesque
836 3262 1107 3317 habentur
1141 3302 1156 3326 ,
1208 3261 1586 3320 Romanorum
1637 3247 1997 3337 appellatione

2101 3250 2254 3304 θόλου
2293 3251 2350 3305 δὲ
2375 3254 2441 3323 τῇ
2475 3252 2569 3306 τοῦ
2614 3253 2784 3307 ’ἰούδα
2816 3257 3138 3327 τιμωμένων
3171 3263 3530 3334 προσηγορία.
3573 3266 3676 3317 Δε-

414 3365 696 3423 notantur,
730 3366 784 3411 et
818 3354 1190 3419 Romanorum
1225 3359 1616 3416 denominatur
1679 3361 1992 3433 imperium,

411 3457 468 3503 et
506 3463 625 3501 eam
676 3448 1175 3506 denominationem
1221 3451 1276 3505 in
1301 3454 1621 3508 universum
1652 3467 1844 3510 omnes
1882 3470 1998 3509 ma-

412 3541 677 3610 gistratus
703 3543 976 3613 attingunt
1010 3560 1026 3610 ;
1053 3543 1135 3599 sic
1154 3551 1318 3599 etiam
1348 3547 1403 3600 in
1436 3545 1603 3600 rebus
1642 3543 1995 3601 Hebraeorum

411 3633 751 3690 constituere
798 3635 1210 3709 intelligereque
1273 3646 1531 3709 oportet,
1576 3644 1841 3709 tanquam
1886 3654 1997 3693 una

413 3725 631 3796 quidem
663 3728 718 3782 in
749 3729 1068 3785 universum
1099 3731 1277 3787 tribus
1299 3730 1461 3796 Juda,
1487 3741 1658 3787 totam
1692 3741 1910 3804 gentem
1929 3732 1998 3788 de

413 3833 515 3873 suo
541 3821 765 3876 nomine
792 3822 1065 3878 illustrem
1099 3824 1436 3892 reddiderit,
1468 3825 1835 3896 particulares
1867 3840 1999 3881 vero

410 3910 582 3978 duces
610 3928 674 3968 ac
699 3929 855 3985 reges
889 3931 956 3971 ex
988 3917 1225 3972 diversis
1264 3920 1872 3984 cxstitcrintlribubus,
1905 3920 1999 3990 qui

412 4009 595 4057 tamen
623 3992 901 4059 communi
934 4006 1025 4060 illa
1051 4004 1204 4061 Iudae
1226 4009 1590 4078 appellatione
1614 4011 1875 4066 honorem
1903 4025 1998 4064 ac-

413 4095 680 4165 ceperint.
712 4095 831 4150 Non
863 4097 972 4152 alio
1001 4114 1133 4169 ergo
1169 4115 1333 4170 quam
1372 4101 1440 4156 ad
1463 4110 1635 4156 totam
1675 4102 1881 4157 tribum
1909 4118 1987 4157 re-

414 4188 799 4253 feraturillud,
824 4190 973 4260 quod
999 4206 1028 4244 a
1063 4193 1327 4262 propheta
1350 4193 1560 4247 dictum
1600 4202 1686 4250 est
1723 4213 1738 4250 :
1781 4214 1799 4246 ι
1833 4195 1998 4266 Juda,

412 4289 467 4337 te
499 4281 802 4337 laudabunt
841 4281 1042 4339 fratres
1073 4285 1172 4338 tui.
1211 4304 1228 4336 ι
1263 4282 1501 4351 Noverat
1519 4286 1665 4340 enim
1692 4287 1842 4342 illam
1871 4296 1998 4345 tan-

416 4389 581 4442 quam
615 4376 994 4446 prrerogativaa
1022 4391 1223 4432 munus
1246 4386 1623 4446 consecutam,
1653 4377 1861 4435 honore
1896 4396 2003 4436 ca:-

414 4465 550 4521 teris
577 4466 833 4522 tribubus
859 4482 984 4523 csse
1013 4470 1476 4539 anteponendam,
1499 4478 1554 4525 et
1574 4473 1831 4542 quoniam
1852 4474 2001 4543 prin-

2101 3341 2283 3410 γέσθω
2307 3344 2487 3397 τοίνυν
2518 3344 2594 3408 ώς
2628 3346 2763 3417 πρὸς
2793 3348 2891 3418 τὴν
2912 3348 3039 3419 ὅλην
3072 3349 3242 3424 φυλὴν
3274 3353 3379 3406 ὑπὸ
3415 3354 3509 3408 τοῦ
3541 3372 3677 3428 προ-

2102 3436 2270 3506 φήτου
2312 3438 2404 3493 τὸ.
2443 3455 2461 3488 ι
2515 3438 2702 3501 Ἰούδα,
2739 3438 2797 3491 σὲ
2824 3441 3135 3495 αίνέσουσιν
3161 3446 3210 3497 oi
3239 3445 3455 3515 ἀδελφοί
3493 3465 3609 3502 σου.
3651 3471 3670 3501 ι

2100 3523 2222 3579 ῡῖδε
2247 3527 2355 3599 γάρ
2388 3529 2579 3601 αὐτὴν,
2610 3529 2706 3583 ἆτε
2759 3533 3059 3603 προνομίας
3081 3535 3413 3610 ἠξιωμένην,
3441 3540 3548 3611 πρὸ
3569 3541 3679 3594 τῶν

2098 3620 2300 3675 λοιπῶν
2327 3621 2506 3692 φυλῶν
2536 3624 2860 3696 τετιμῆσθαι
2887 3644 2900 3657 ’
2936 3626 3028 3680 καὶ
3060 3629 3182 3682 ἐπεὶ
3213 3629 3441 3703 ἐξῆρχεν
3479 3634 3537 3687 ἐν
3572 3652 3681 3687 πυ-

2098 3712 2317 3785 λέμοις,
2353 3718 2447 3771 καὶ
2492 3718 2628 3789 μόνη
2665 3719 2759 3772 τοῦ
2800 3721 2998 3784 παντὸς
3028 3720 3210 3785 ἔθνους
3242 3724 3426 3794 ἡγεῖτο
3462 3727 3521 3778 ἐν
3560 3729 3682 3789 ταῖς

2099 3806 2236 3879 πρὸς
2264 3810 2389 3873 τοὺς
2410 3810 2637 3882 ἐχθροὺς
2667 3814 3037 3884 παρατάξεσιν
3057 3855 3073 3879 ,
3113 3815 3339 3879 εἰκότως
3368 3817 3679 3887 ἐπιλέγεται

2100 3900 2235 3973 πρὸς
2259 3903 2427 3974 αὐτήν
2448 3920 2464 3935 ο
2513 3921 2531 3954 ι
2564 3906 2629 3957 Ai
2662 3905 2844 3977 χεῖρές
2887 3923 2979 3959 σου
3014 3908 3108 3961 ἐπὶ
3134 3906 3307 3962 νώτου
3333 3908 3442 3963 τῶν
3470 3911 3681 3982 ἐχθρῶν

2101 4010 2215 4047 σου.
2256 4015 2273 4045 ι
2312 3991 2448 4049 Εἶτα
2482 3996 2571 4050 διὰ
2606 3998 2668 4050 τὸ
2705 4000 2930 4071 ἀρχικὸν
2966 4004 3061 4055 καὶ
3103 4000 3381 4071 βασιλικὸν
3427 4002 3676 4069 ἀξίωμα,

2106 4104 2124 4137 ι
2156 4086 2394 4157 σκύμνος
2421 4089 2631 4152 λέοντος
2653 4110 2670 4141 ι
2697 4084 2837 4145 εἶναι
2863 4092 3097 4162 λέγεται.
3128 4094 3529 4164 Σεμνυνόμενος
3566 4093 3623 4148 εδ
3650 4095 3680 4145 ό

2101 4184 2402 4257 προπάτωρ
2428 4183 2565 4256 ὁμοῦ
2589 4186 2684 4240 καὶ
2699 4188 2984 4260 προφήτης
3004 4190 3096 4241 ἐπὶ
3106 4187 3185 4259 τῷ
3203 4188 3304 4258 τῆς
3326 4187 3498 4257 φυλῆς
3517 4186 3680 4251 ἀξιώ-

2103 4293 2266 4346 ματι,
2300 4278 2623 4350 προστίθησι
2656 4279 2864 4348 λέγων·
2904 4298 2923 4331 ι
2971 4281 3067 4332 Ἐκ
3107 4277 3372 4348 βλαστοῦ,
3412 4277 3495 4331 υίέ
3539 4294 3675 4348 μου,

2100 4370 2321 4441 ὰνέῦης.
2361 4391 2380 4422 ι
2415 4373 2487 4425 Τὸ
2514 4372 2569 4425 δὲ
2591 4412 2605 4435 ,
2658 4389 2677 4422 ι
2728 4369 3031 4425 Ἀναπεσὼν
3068 4369 3368 4440 ἐκοιμήθης
3403 4369 3479 4432 ὡς
3520 4369 3678 4434 λέων,

2101 4462 2194 4515 καὶ
2229 4462 2305 4525 ὡς
2349 4462 2585 4533 σκύμνος
2620 4461 2861 4526 λέοντος,
2888 4480 2907 4513 ο
2944 4460 3004 4514 τὸ
3032 4458 3235 4531 γαῦρον
3257 4457 3392 4530 ὁμοῦ
3425 4459 3517 4512 καὶ
3548 4458 3682 4531 θαρ-

415 4571 548 4628 ceps
577 4557 680 4613 fuit
708 4559 761 4613 in
794 4560 970 4626 bellis,
1003 4569 1057 4615 et
1084 4563 1200 4615 sola
1223 4564 1279 4616 in
1305 4564 1659 4633 apparatibus
1687 4566 1996 4635 praeliorum

2105 4554 2293 4608 σαλέον
2313 4593 2327 4618 ,
2357 4554 2450 4607 καὶ
2487 4553 2548 4607 τὸ
2579 4554 2687 4608 τῶν
2722 4554 2919 4620 ἔξωθεν
2952 4553 3214 4608 ἐπιόντων
3237 4551 3677 4625 ἀκατάπληκτον.

416 4649 685 4704 adversus
733 4650 922 4707 hostes
960 4654 1104 4723 genti
1141 4667 1255 4709 sua:
1296 4655 1566 4710 universae
1608 4656 1843 4727 praefuit,
1884 4673 1999 4714 me-

412 4741 523 4798 rito
586 4741 845 4813 deinceps
889 4743 955 4797 ad
989 4746 1235 4800 eamdem
1288 4747 1421 4802 illud
1476 4764 1694 4819 quoque
1746 4749 1995 4805 dicitur:

422 4851 442 4884 ι
475 4830 670 4889 Manus
703 4843 806 4890 tuae
827 4836 881 4889 in
911 4844 1064 4907 tergo
1095 4838 1438 4894 inimicorum
1462 4848 1704 4898 tuorum.
1749 4862 1767 4895 ι
1796 4841 2001 4899 Deinde

417 4937 640 4998 pmpter
656 4929 1043 4999 principatum,
1072 4939 1401 5002 propterque
1426 4934 1627 5003 regiam
1653 4935 1996 5005 dignitatem,

423 5036 444 5072 ι
485 5016 702 5077 catulu's
751 5024 926 5080 leonis
969 5044 989 5076 ι
1022 5040 1148 5080 esse
1193 5025 1418 5082 dicitur.
1452 5025 1653 5083 Gloria:
1700 5028 1868 5100 igitur
1894 5029 1999 5084 sibi

415 5114 668 5170 tribuens
698 5116 784 5171 hic
818 5126 931 5171 tum
973 5119 1188 5189 generis
1218 5120 1490 5190 princeps,
1528 5128 1642 5175 tum
1678 5123 1841 5176 etiam
1875 5138 2002 5194 ριόςσ

416 5207 579 5280 pheta
610 5207 840 5279 hujusce
869 5211 1046 5266 tribus
1073 5212 1413 5283 dignitatem,
1450 5213 1697 5283 adjungit
1723 5219 1868 5283 quod
1899 5229 2000 5270 se-

417 5301 608 5371 quitur
640 5319 684 5357 :c
725 5300 799 5358 De
830 5305 1096 5373 germine,
1136 5305 1207 5359 [ili
1235 5306 1334 5372 mi,
1363 5307 1682 5361 ascendisti.
1719 5304 1883 5360 ililud
1908 5320 2000 5360 au-

418 5400 528 5447 tem
565 5410 580 5449 :
617 5410 637 5445 ι
681 5395 1008 5450 recumbens
1041 5394 1348 5451 dormivisti
1378 5406 1437 5452 ut
1472 5398 1576 5464 leo,
1610 5407 1664 5451 et
1696 5404 1756 5451 ut
1785 5396 1998 5451 catulus

419 5482 622 5550 leonis,
662 5505 683 5538 ι
723 5486 969 5557 ejusdem
1006 5489 1184 5544 tribus
1225 5490 1573 5561 magniﬁcum
1623 5488 1791 5545 animi
1840 5491 1998 5560 inge--

419 5578 571 5634 nium
589 5588 642 5635 et
659 5580 956 5647 conlidens,
975 5582 1231 5647 ostendit,
1250 5582 1503 5654 quodque
1516 5582 1683 5638 nullis
1727 5586 2000 5640 extrinse-

418 5686 517 5727 cus
569 5672 951 5742 ingruentibus
1002 5677 1169 5732 rebus
1204 5676 1575 5739 concutiatur,
1607 5683 1663 5731 et
1703 5678 1848 5747 quod
1882 5685 1998 5731 tum

416 5768 750 5849 intrepidum
776 5785 835 5824 se
868 5769 1125 5841 praebeat,
1163 5778 1275 5825 tum
1304 5770 1639 5840 contemptui
1666 5769 1862 5826 habeat
1891 5769 1997 5824 ini-

415 5864 608 5919 micos.
656 5861 813 5917 litum
849 5875 977 5917 vero
1018 5861 1123 5919 hoc
1163 5862 1324 5919 modo
1356 5877 1414 5921 se
1459 5862 1770 5931 habentem,
1801 5878 1863 5919 ac
1900 5878 1998 5937 po-

2101 4649 2163 4703 τό
2201 4666 2255 4702 τε
2286 4649 2489 4718 ἄφοδον
2534 4649 2629 4701 καὶ
2657 4646 2764 4700 τῶν
2795 4646 3003 4717 ἐχθρῶν
3031 4644 3497 4715 καταφρονητικὸν
3538 4660 3683 4716 παρ-

2103 4740 2300 4812 ίστησι.
2346 4740 2595 4795 Τοιοῦτον
2634 4740 2690 4795 δὲ
2722 4740 2882 4793 αὑτὸν
2907 4739 3069 4803 ὄντα,
3104 4736 3301 4808 μᾶλλον
3332 4736 3390 4789 δὲ
3424 4734 3682 4808 τοιαύτην

2099 4831 2264 4889 οὖσαν
2289 4835 2387 4904 τὴν
2414 4834 2606 4907 φυλὴν,
2639 4851 2657 4885 ι
2685 4835 2815 4900 Τίς,
2846 4833 3032 4905 φησιν,
3072 4830 3365 4900 ἀναστήσει
3391 4845 3405 4894 ;
3451 4848 3470 4881 ι
3510 4829 3683 4900 μέγαν

2100 4926 2221 4980 τινὰ
2268 4929 2364 4981 καὶ⁵
2398 4926 2709 4999 θαυμαστὸν
2729 4967 2744 4991 ,
2797 4925 3025 4980 σπάνιόν
3065 4939 3124 4976 τε
3175 4922 3270 4974 καὶ
3311 4920 3683 4991 δυσθεώρητον

2099 5019 2317 5075 ἔσεσθαι
2344 5021 2434 5075 τὸν
2465 5020 2723 5092 μέλλοντα
2753 5018 3080 5088 ἀναστήσειν
3100 5013 3196 5069 τοῦ
3225 5013 3435 5084 θρόνου,
3472 5013 3567 5065 καὶ
3600 5027 3691 5079 με·

2099 5116 2390 5187 ταστήσειν
2436 5113 2530 5168 τοῦ
2575 5111 2801 5185 ἀρχικοῦ
2856 5110 3165 5181 ἀξιώματος
3203 5106 3303 5177 τὴν
3351 5102 3686 5176 δηλωθείσαν

2101 5209 2278 5281 φυλὴν
2309 5208 2676 5282 αἰνιξάμενος.
2720 5207 2817 5272 Τίς
2849 5205 2906 5259 δὲ
2933 5204 3041 5277 ἄρα
3064 5196 3221 5265 οὗτος
3242 5196 3311 5272 ἦν
3331 5241 3344 5264 ,
3380 5198 3506 5268 ἑξῆς
3539 5197 3685 5266 ἡμᾶς

2101 5302 2393 5376 ἐφίστησι,
2425 5300 2614 5355 τοῦτον
2642 5295 2781 5354 εἶναι
2804 5298 3072 5353 διδάσκων
3104 5295 3198 5348 τὸν
3234 5291 3499 5365 μέλλοντα
3521 5301 3688 5358 προσ-

2099 5394 2283 5449 δοκίαν
2327 5394 2543 5449 ἔσεσθαι
2584 5393 2691 5448 τῶν
2730 5392 2932 5453 ἐθνῶν,
2959 5391 3019 5454 ὃς
3049 5389 3112 5443 οὐ
3150 5386 3417 5459 πρότερον
3447 5385 3685 5453 φανήσε-

2102 5490 2227 5543 σθαι
2267 5491 2325 5542 ἐν
2372 5487 2709 5562 ἀνθρώποις,
2742 5486 2774 5558 ἢ
2807 5483 3082 5539 ἐκλείπειν
3110 5479 3369 5571 ἄρχοντα,
3399 5472 3496 5571 irai
3523 5467 3689 5571 ἡγού-

2104 5599 2264 5655 μενον
2318 5578 2823 5654 μετασταθήσεσθαι
2845 5620 2858 5644 ,
2910 5577 3007 5631 καὶ
3061 5565 3545 5638 ἀπαναστήσεσθαι

2101 5651 2276 5750 ἃρὶίῆς
2320 5651 2420 5747 ζτεὴν
2466 5674 2559 5730 τοῦ
2614 5651 2785 5729 Ἶούδα
2829 5671 3001 5742 φυλὴν
3035 5660 3458 5757 προφητεύεταὲ
3502 5656 3599 5757 Τίς

2100 5746 2253 5832 adeo};
2302 5746 2448 5841 ἦνῆ
2500 5767 2528 5820 ὁ
2580 5767 2772 5839 Σωτὴρ
2815 5763 2910 5818 καὶ
2964 5759 3169 5830 Κύριος
3213 5751 3373 5825 ἡμῶν
3419 5746 3626 5820 Ἰησοῦς
3660 5746 3693 5800 ὁ

2101 5859 2367 5935 Χριστός;
2411 5853 2472 5913 οῦ
2511 5861 2603 5914 ἐπὶ
2642 5860 2744 5931 τῆς
2779 5855 3081 5928 γενέσεως,
3115 5844 3426 5912 ἀκολούθως
3456 5845 3524 5915 τῇ
3552 5848 3699 5912 προ-λ
