4098 6446
414 379 517 434 585

1293 377 1940 434 DEMONSTRATIONIS
1977 377 2438 436 EVANGELICIE
2479 381 2602 438 LIB.
2648 381 2809 468 Vlll..

3519 385 3625 440 5S6

413 491 637 564 κειμένῃ
661 493 981 564 προρρήσει,
999 489 1240 556 ἐξέλιπον
1271 493 1367 562 μὲν
1390 494 1646 565 ἄρχοντες
1674 495 1770 547 καὶ
1803 493 1964 564 ἡγού-

2071 498 2180 554 tius
2209 498 2380 566 ipsam
2412 497 2611 551 tribum
2641 511 2760 566 quae
2782 494 3090 565 hujusrnodi
3125 496 3216 561 sit,
3247 497 3390 566 quis,
3428 496 3624 568 inquit,

416 597 564 650 μενοι
589 581 646 647 ἐξ
679 581 856 636 αὐτῶν
897 583 1161 636 Ἰουδαίων
1189 585 1281 635 ἐπὶ
1325 583 1387 635 τὸ
1429 584 1576 647 ἔθνος
1635 584 1812 638 αὐτῶν
1840 585 1972 638 καθ-

415 668 722 739 ιστάμενοι,
750 671 860 741 ήδὲ
889 670 980 723 τοῦ
1031 669 1198 724 Ἰούδα
1245 671 1383 743 φυλὴ
1425 672 1574 738 αὐτῷ
1606 673 1745 726 ἔθνει
1787 673 1970 738 παντὶ,

413 759 508 812 τοῦ
542 761 601 828 ἐξ
625 761 816 826 αἰῶνος
846 760 1068 832 ἀρχικοῦ
1099 762 1193 814 καὶ
1227 761 1501 832 βασιλικοῦ
1537 763 1842 834 ἀξιώματος
1871 783 1970 818 κα-

415 851 743 924 θαιρεθεῖσα,
771 857 881 918 τοῖς
915 853 995 906 ἐτι
1025 856 1118 907 καὶ
1139 854 1232 907 νῦν
1258 855 1544 925 κρατοῦσιν
1564 857 1621 922 ἐξ
1643 859 1848 910 ἐκείνου
1879 859 1972 910 καὶ

414 944 494 1006 εἰς
525 944 678 1016 δεῦρο
709 945 940 997 δουλεύει
977 947 1264 1018 Ῥωμαίοις
1286 988 1300 1010 ,
1345 948 1480 1018 μετά
1508 947 1617 1000 τῶν
1648 948 1850 1002 λοιπῶν
1880 951 1973 1003 καὶ

412 1035 472 1088 τὸ
516 1035 777 1088 Ἰουδαίων
807 1035 957 1099 ἔθνος
987 1041 1425 1110 χειρωσαμένοις.
1454 1041 1589 1114 Παρ⁹
1615 1034 1687 1094 ὧν
1733 1041 1974 1113 Ἡρώδης

415 1128 663 1198 πρῶτος,
716 1129 775 1194 ἐξ
819 1130 1112 1198 ἀλλοφύλου
1151 1132 1340 1200 γένους
1402 1134 1659 1202 ὑπάρχων
1699 1133 1842 1196 ἰδίως
1877 1134 1972 1188 τοῦ

413 1219 593 1284 ἔθνους
627 1221 823 1284 αὐτῶν,
858 1223 962 1275 ὑπό
999 1240 1058 1275 τε
1090 1223 1394 1292 Αὐγούστου
1425 1226 1516 1277 καὶ
1551 1228 1651 1295 τῆς
1691 1225 1974 1295 Ῥωμαίων

416 1313 712 1383 συγκλήτου
747 1314 938 1386 βουλῆς
982 1316 1232 1386 βασιλεὺς
1274 1315 1658 1371 ἀναδέδεικται.
1701 1312 1808 1369 Ἦν
1845 1317 1974 1384 γοῦν

409 1405 440 1456 ὁ
492 1403 736 1475 Ἡρώδης
797 1407 1148 1477 Ἀντιπάτρου
1200 1408 1346 1468 παῖς.
1414 1407 1470 1459 Ὀ
1513 1407 1570 1459 δὲ
1626 1407 1975 1479 Ἀντίπατρος

425 1495 820 1567 Ἀσκαλωνίτης
844 1539 858 1562 ,
922 1497 985 1550 ἐκ
1032 1515 1177 1562 τινος
1219 1498 1326 1551 τῶν
1379 1501 1507 1570 περὶ
1552 1497 1642 1551 τὸν
1694 1497 1828 1551 νεὼν
1878 1498 1972 1550 τοῦ

425 1587 748 1653 Ἀπόλλωνος
785 1590 1094 1660 ἱεροδούλων
1129 1591 1496 1660 καλουμένων,
1519 1590 1577 1652 ὃς
1606 1590 1670 1662 δὴ
1691 1589 1974 1660 Κυπρίνην

413 1680 667 1750 ὀνόματι,
705 1680 766 1732 τὸ
806 1682 961 1749 γένος
999 1680 1108 1734 τῶν
1137 1681 1192 1747 ἐξ
1233 1680 1520 1752 Ἀραϐίας,
1569 1683 1798 1748 γυναῖκα
1839 1680 1974 1750 πρὸς

413 1770 589 1840 γάμον
620 1770 992 1840 ἀγαγόμενος,
1026 1771 1117 1824 τὸν
1155 1771 1395 1842 Ἡρώδην
1431 1775 1682 1825 ποιεῖται.
1713 1763 1880 1834 Οὗτος
1910 1771 1973 1843 δὴ

411 1856 504 1913 οῦν
547 1859 760 1931 πρῶτος
799 1863 862 1914 ἐκ
909 1861 1144 1916 τοιούτου
1181 1863 1370 1931 γένους
1409 1862 1755 1934 ὁρμώμενος,
1789 1862 1879 1914 τὸν
1911 1864 1974 1917 ἐκ

410 1950 655 2022 διαδοχῆς
675 1951 784 2004 τῶν
813 1953 1108 2024 ἀρχιερέων
1149 1953 1375 2007 ὕστατον
1400 1956 1742 2026 ἡγησάμενον
1777 1954 1975 2026 Ὑρκα-

411 2042 538 2108 νὸν,
591 2044 675 2112 ἐφ’
716 2043 774 2096 ὃν
815 2042 883 2096 τὰ
931 2045 1030 2114 τῆς
1070 2045 1274 2108 οἰκείας
1315 2046 1490 2116 ἀρχῆς
1550 2046 1643 2098 τοῦ
1711 2045 1974 2099 Ἰουδαίων

411 2135 597 2198 ἔθνους
621 2134 934 2204 κατέληξεν,
961 2136 1203 2191 ἐκποδὼν
1227 2136 1540 2208 μεθίστησιν
1565 2135 1784 2201 ἀνελὼν,
1821 2138 1973 2208 πρῶ-

408 2227 500 2292 τός
527 2245 584 2280 τε
607 2226 788 2291 αὐτὸς,
815 2229 890 2292 ὡς
917 2228 1071 2299 ἔφην,
1095 2229 1154 2294 ἐξ
1173 2229 1468 2298 ἀλλοφύλου
1491 2229 1678 2299 γένους
1709 2229 1974 2283 Ἰουδαίων

411 2320 801 2391 ἀναγορεύεται
837 2319 1087 2389 βασιλεύς
1121 2338 1134 2351 ⁸
1184 2322 1304 2375 καθ’
1330 2322 1386 2374 ὃν
1410 2321 1757 2391 γεννηθέντος
1801 2321 1973 2390 Ἰησοῦ

409 2411 504 2464 τοῦ
551 2413 820 2483 Χριστοῦ,
869 2415 1144 2487 καθῄρητο
1191 2415 1291 2485 μὲν
1334 2414 1468 2484 ὁμοῦ
1518 2415 1745 2484 καὶτῆς
1807 2412 1975 2466 Ἰούδα

413 2501 584 2572 φυλῆς
614 2504 674 2556 τὸ
702 2502 918 2574 ἀξίωμα
937 2546 951 2569 ,
991 2505 1266 2576 καθῄρητο
1287 2506 1343 2558 δὲ
1367 2506 1460 2558 καὶ
1494 2507 1527 2575 ἡ
1562 2505 1668 2558 τῶν
1711 2505 1974 2558 Ἰουδαίων

412 2593 550 2664 ἀρχή
584 2612 643 2647 τε
675 2596 772 2649 καὶ
807 2595 1046 2665 βασιλεία
1070 2638 1084 2660 ,
1115 2596 1437 2667 πεπλήρωτο
1472 2596 1529 2648 δέ
1575 2595 1668 2648 καὶ
1711 2597 1744 2667 ὴ
1779 2611 1976 2666 προτε-

410 2688 652 2757 ταγμένη
671 2688 973 2758 προφητεία
999 2706 1012 2719 ’
1042 2707 1058 2738 ι
1088 2689 1199 2741 Οὐκ
1223 2686 1456 2756 ἐκλείψει
1487 2686 1669 2758 ἅρχων
1690 2683 1748 2750 ἐξ
1783 2686 1972 2748 Ἰούδα,

410 2779 530 2831 οὐδὲ
554 2779 852 2849 ἡγούμενος
877 2782 940 2832 ἐκ
957 2780 1062 2832 τῶν
1086 2797 1158 2848 μη
1169 2778 1274 2849 ρῶν
1301 2776 1485 2840 αὑτοῦ,
1517 2795 1535 2828 ι
1560 2777 1797 2846 φήσασα,
1829 2795 1848 2827 ι
1872 2776 1975 2840 ἕως

411 2869 477 2923 ἂν
509 2869 636 2942 ἔλθῃ
667 2871 734 2923 τὰ
761 2869 1097 2940 ἀποκείμενα
1127 2869 1272 2940 αὐτῷ
1294 2887 1306 2900 ·
1337 2889 1355 2921 ι
1377 2870 1434 2923 ὃν
1468 2871 1559 2922 καί
1593 2886 1724 2940 φησι
1753 2871 1976 2940 γενήσε-

413 2959 534 3014 σθαι
563 2961 623 3014 οὐ
648 2960 742 3014 τοῦ
779 2961 1044 3014 Ἰουδαίων
1072 2961 1255 3024 ἔθνους
1275 3000 1288 3024 ,
1323 2960 1456 3014 ἀλλά
1480 2959 1587 3014 τῶν
1613 2960 1778 3015 ἐθνῶν
1803 2977 1972 3032 προσ-

411 3051 612 3105 δοκίαν.
685 3051 899 3123 Ἐπειδὴ
955 3051 1130 3104 τοίνυν
1185 3050 1440 3104 ἀπέκειτο
1489 3051 1522 3120 ἡ
1572 3050 1847 3122 πρόπαλαι
1895 3048 1973 3119 τῷ

424 3138 672 3211 Ἀϐραάμ
692 3139 1120 3211 χρηματισθείσα
1139 3139 1245 3192 τῶν
1279 3142 1343 3192 ἐκ
1363 3139 1456 3192 τοῦ
1499 3138 1758 3193 Ἰουδαίων
1788 3138 1972 3202 ἔθνους

411 3231 682 3302 ἀρχόντων
731 3249 789 3284 τε
836 3232 929 3284 καὶ
968 3230 1284 3302 ἡγουμένων
1337 3232 1663 3302 μετάστασις
1705 3232 1804 3302 τῆς
1851 3233 1967 3286 κατ’

410 3322 604 3384 αὐτοὺς
636 3321 807 3391 ἀρχῆς
842 3321 933 3374 ἐπὶ
970 3321 1289 3390 Ῥωμαίους,
1311 3322 1404 3375 καὶ
1431 3321 1521 3374 τὸν
1545 3321 1603 3387 ἐξ
1632 3321 1798 3376 ἐθνῶν
1825 3322 1976 3392 δεδη-

409 3411 652 3483 λωμένον
701 3410 944 3483 Ἡρώδην
966 3453 980 3477 ,
1009 3413 1228 3476 εἰκότως
1248 3416 1276 3466 ὁ
1308 3413 1404 3484 μὲν
1425 3414 1813 3485 εὐαγγελιστὴς
1835 3415 1972 3468 Λου-

411 3503 540 3565 κᾶς,
593 3502 1082 3572 ἐπισημαινόμενος
1127 3502 1250 3565 τοὺς
1285 3503 1506 3574 χρόνους
1539 3503 1639 3573 τῆς
1683 3503 1976 3573 ἐκλείψεως

412 3591 519 3644 τῶν
559 3591 823 3643 Ἰουδαίων
853 3590 1145 3662 ἀρχόντων,
1173 3591 1269 3662 τὴν
1305 3596 1584 3664 καταρχὴν
1610 3595 1710 3665 τῆς
1735 3593 1973 3665 Χριστοῦ

409 3681 750 3745 διδασκαλίας
795 3683 993 3755 ἱστορεῖ
1017 3683 1292 3752 γεγονέναι
1319 3686 1376 3736 ἐν
1415 3685 1522 3738 ἔτει
1557 3685 1973 3740 πεντεκαιδεκά-

411 3788 487 3840 τῳ
515 3771 614 3841 τῆς
646 3773 936 3842 ἡγεμονίας
977 3774 1224 3845 Τιϐερίου
1268 3775 1543 3846 Καίσαρος
1563 3815 1578 3839 ,
1614 3774 1973 3846 ἡγεμονεύον-

411 3878 501 3924 τος
534 3863 757 3915 Ποντίου
792 3861 1022 3916 Πιλάτου
1061 3864 1162 3934 τῆς
1215 3864 1470 3929 Ἰουδαίας
1496 3882 1508 3894 ·
1559 3866 1652 3918 καὶ
1695 3864 1973 3930 Ματθαῖος

409 3950 466 4002 δὲ
507 3951 662 4004 τοῦτο
715 3953 844 4005 αὐτὸ
884 3955 1247 4026 αἰνιττόμενος
1304 3957 1576 4026 σημαίνει.
1622 3956 1974 4028 ’Υπογράψας

410 4040 540 4108 γοῦν
573 4041 671 4113 τὴν
713 4043 806 4097 τοῦ
854 4045 1058 4115 Κυρίου
1116 4046 1209 4099 καὶ
1261 4047 1508 4119 Σωτῆρος
1540 4047 1694 4119 ἡμῶν
1733 4049 1971 4117 γένεσιν,

412 4131 652 4200 ἐπιλέγει
682 4149 696 4162 ·
749 4151 766 4184 ι
804 4133 910 4186 Τοῦ
951 4135 1010 4186 δὲ
1049 4135 1222 4206 Ἰησοῦ
1258 4136 1605 4209 γεννηθέντος
1645 4140 1702 4192 ἐν
1730 4138 1974 4209 Βηθλεέμ

409 4220 508 4290 τῆς
548 4222 799 4287 Ἰουδαίας
832 4225 888 4277 ἐν
914 4225 1146 4296 ἡμέραις
1182 4226 1416 4297 Ἡρώδου
1436 4227 1529 4281 τοῦ
1557 4228 1834 4299 βασιλέως,
1863 4230 1970 4282 ἰδοὺ

414 4311 574 4380 μάγοι
591 4312 699 4364 ἀπὸ
714 4313 982 4366 ἀνατολῶν
999 4315 1356 4386 παρεγένοντο
1387 4319 1466 4380 εἰς
1490 4317 1854 4390 Ἰεροσόλυμα,
1885 4319 1972 4372 λέ-

415 4418 616 4469 γοντες*
639 4403 747 4456 Ποῦ
766 4404 909 4458 ἔστιν
927 4409 956 4460 ὁ
973 4407 1180 4478 τεχθεὶς
1205 4407 1455 4477 βασιλεὺς
1473 4409 1582 4462 τῶν
1611 4410 1879 4464 Ἰουδαίων
1898 4428 1912 4475 ;
1943 4430 1963 4463 ι

2072 588 2374 644 excitabit?
2411 608 2431 641 ι
2459 589 2550 643 ubi
2576 604 2697 644 cum
2727 604 2980 659 magnum
3002 588 3285 658 quemdam
3311 595 3366 644 et
3390 590 3627 645 admira-

2073 679 2233 735 bilem
2280 688 2335 734 et
2371 695 2578 744 rarum,
2613 689 2667 734 et
2696 688 2939 749 spectatu
2972 680 3240 736 difﬁcilem
3277 680 3393 736 fore
3423 682 3629 753 signifi-

2073 773 2274 826 caverit
2308 788 2454 838 eum,
2499 774 2590 842 qui
2638 773 2709 827 sit
2747 773 3120 841 hujuscemodi
3155 773 3355 828 tribum
3387 775 3454 830 de
3501 778 3629 831 sede

2072 863 2432 927 excitaturus,
2466 862 2638 932 deque
2683 863 3016 933 principatus
3046 865 3215 934 gradu
3255 879 3319 918 ac
3368 865 3630 935 dignitate

2072 955 2484 1017 exturbaturus,
2510 961 2623 1008 tum
2660 953 2876 1009 demum
2891 955 3142 1026 quisnam
3173 956 3262 1010 hic
3289 956 3380 1021 sit,
3411 973 3512 1013 nos
3535 957 3631 1011 ad—

2072 1053 2277 1111 monet,
2326 1046 2590 1114 docetque
2636 1045 2778 1099 hunc
2823 1046 2973 1100 illum
3002 1062 3152 1112 esse,
3182 1048 3274 1117 qui
3299 1051 3629 1118 exspectatio

2072 1137 2310 1207 gentium
2347 1139 2417 1193 sit
2445 1138 2684 1200 futurus,
2712 1138 2806 1208 qui
2839 1138 3094 1193 videlicet
3139 1153 3168 1191 a
3213 1141 3474 1210 propheta
3519 1156 3625 1196 non

2072 1227 2223 1296 prius
2266 1228 2406 1283 inter
2435 1228 2682 1284 homines
2723 1229 2990 1285 videndus
3015 1231 3348 1299 prtedicitur,
3385 1246 3547 1301 quam
3574 1239 3626 1287 et

2073 1317 2324 1388 princeps
2363 1317 2599 1383 deﬁciat,
2634 1327 2687 1374 et
2711 1320 2820 1373 dux
2855 1327 3190 1383 amoveatur,
3225 1327 3279 1374 et
3329 1320 3395 1375 de
3425 1322 3631 1392 primi.

2072 1414 2199 1476 patu
2225 1408 2542 1462 exturbetur
2572 1409 2744 1463 tribus
2777 1406 2935 1462 Juda.
2967 1408 3130 1480 374
3159 1408 3448 1477 Caeterum,
3477 1412 3627 1482 quis-

2072 1512 2220 1560 nam,
2261 1513 2467 1568 quaeso,
2502 1499 2642 1554 alius
2676 1499 2765 1554 hic
2797 1499 2868 1554 sit
2893 1514 3054 1568 quam
3083 1498 3330 1554 Salvator
3360 1509 3413 1556 et
3445 1500 3623 1556 Domi-

2073 1603 2177 1642 nus
2207 1595 2394 1644 noster
2411 1587 2570 1643 Jesus
2597 1587 2873 1653 Christus,
2900 1589 2953 1642 in
2977 1588 3134 1658 cujus
3166 1597 3312 1649 ortu,
3343 1591 3484 1645 sicut
3507 1607 3621 1660 pro.

2073 1680 2216 1734 xime
2244 1679 2489 1749 expo'sita
2519 1678 2800 1748 prophetia
2820 1681 3052 1745 volebat,
3083 1666 3150 1736 ei
3177 1679 3377 1739 Iudaeis
3414 1681 3629 1751 quidem

2073 1771 2388 1826 defecerunt
2419 1771 2694 1842 principes
2721 1786 2786 1826 ac
2835 1772 3025 1835 duces,
3055 1773 3147 1842 qui
3193 1772 3336 1843 genti
3376 1775 3633 1843 praeside-

2073 1871 2214 1926 rent,
2253 1863 2370 1932 ipsa
2417 1878 2546 1918 vero
2593 1864 2770 1918 tribus
2798 1861 2936 1918 Juda
2969 1879 3076 1917 una
3129 1879 3250 1918 cum
3299 1871 3409 1919 tota
3453 1877 3630 1935 gente,

2072 1953 2377 2023 principatu
2402 1968 2465 2008 ac
2488 1968 2674 2024 regno,
2699 1954 2846 2023 quod
2873 1954 2941 2009 ab
2973 1953 3128 2009 initio
3150 1955 3478 2020 obtinuerat,
3506 1972 3636 2026 spo-

2074 2044 2222 2109 liata,
2246 2043 2506 2100 Romanis
2538 2046 2701 2100 etiam
2730 2061 2876 2100 nunc
2903 2045 3313 2102 dominantibus
3341 2063 3410 2103 ex
3441 2049 3536 2103 illo
3566 2051 3631 2104 ad

2074 2134 2218 2188 hunc
2247 2149 2417 2204 usque
2455 2135 2596 2190 diem
2637 2133 2949 2200 famulatur,
2989 2135 3082 2206 qui
3109 2149 3217 2189 una
3244 2151 3368 2191 cum
3405 2137 3632 2207 reliquis

2071 2227 2326 2299 gentibus
2363 2228 2526 2284 etiam
2573 2226 2792 2285 Judwos
2832 2229 3133 2301 subegere?
3159 2230 3204 2284 A
3253 2230 3455 2300 quibus
3501 2232 3630 2286 item

2074 2318 2311 2373 Herodes
2341 2318 2546 2387 primus
2577 2325 2802 2372 externo
2846 2333 3041 2390 genere
3091 2327 3266 2384 ortus,
3297 2327 3351 2374 et
3398 2322 3632 2390 impera-

2073 2411 2206 2465 toris
2245 2409 2496 2481 Augusti,
2527 2417 2582 2464 et
2619 2406 2850 2464 Romani
2890 2417 3112 2466 senatus
3164 2411 3486 2466 auctoritate
3535 2427 3633 2467 rex

2072 2501 2379 2556 declaratus
2413 2513 2514 2555 est.
2545 2497 2671 2554 Fuit
2713 2501 2879 2571 igitur
2914 2501 3182 2571 Antipatri
3216 2501 3365 2558 filius
3409 2501 3496 2556 hic
3531 2502 3635 2558 lle-

2072 2593 2253 2650 rodcs.
2274 2594 2396 2663 Ipse
2416 2607 2544 2648 vero
2569 2590 2850 2663 Antipater
2869 2592 3181 2649 Ascalonita
3215 2594 3285 2649 ab
3316 2609 3506 2649 eorum
3536 2611 3635 2651 ne-

2073 2686 2189 2738 scio
2219 2699 2327 2754 quo
2349 2691 2526 2748 ortus,
2559 2684 2652 2753 qui
2704 2683 2761 2738 in
2793 2684 2993 2754 templo
3021 2684 3286 2754 Apoliinis
3330 2694 3632 2750 versantes,

2074 2772 2218 2827 sacri
2245 2773 2389 2826 servi
2429 2772 2862 2842 appellabantur.
2893 2771 2998 2840 Qui
3028 2788 3151 2828 cum
3181 2789 3403 2829 uxorem
3445 2776 3636 2832 duxis-

2074 2873 2157 2918 set
2187 2862 2497 2932 quamdam,
2534 2863 2624 2918 cui
2670 2878 2870 2918 nomen
2905 2863 3120 2933 quidem
3147 2865 3415 2935 Cyprinae,
3463 2882 3634 2936 genus

2072 2968 2201 3009 vero
2225 2969 2294 3010 ex
2316 2953 2536 3021 Arabia,
2565 2953 2831 3010 Herodem
2857 2955 3080 3010 creavit.
3105 2954 3205 3010 Hic
3229 2957 3394 3026 igitur
3425 2959 3633 3028 primus

2074 3047 2168 3100 tali
2201 3061 2399 3118 genere
2436 3055 2618 3113 natus,
2652 3044 2963 3117 Hyrcanum
2994 3047 3084 3118 qui
3134 3049 3356 3104 ultimus
3406 3065 3472 3105 ex
3503 3066 3632 3107 suc-

2074 3135 2327 3191 cessione
2359 3151 2424 3190 ac
2455 3135 2597 3191 serie
2649 3136 2965 3205 pontificum
2995 3135 3196 3194 Judzeis
3225 3137 3460 3209 praefuit,
3494 3147 3547 3212 et
3579 3142 3632 3194 in

2073 3240 2183 3296 quo
2213 3226 2542 3282 domesticus
2576 3224 2816 3282 Judaicae
2847 3228 3022 3297 gentis
3047 3230 3385 3302 principatus
3414 3230 3631 3296 defecit,

2075 3327 2327 3372 necatum
2359 3318 2500 3371 tollit
2526 3316 2594 3372 de
2621 3318 2820 3373 medio.
2848 3317 3005 3388 Isque
3029 3321 3254 3389 primus,
3281 3333 3339 3376 ut
3362 3323 3632 3388 dicebam,

2071 3413 2298 3462 externo
2325 3421 2521 3476 genere
2545 3414 2698 3461 ortus
2725 3405 3030 3464 Judteorum
3063 3425 3157 3465 rex
3199 3419 3283 3467 cst
3310 3414 3630 3484 appellatus.

2072 3499 2248 3571 Hujus
2288 3516 2418 3572 ergo
2459 3501 2792 3575 temporibus
2838 3517 2961 3557 cum
3004 3499 3162 3559 Jesus
3191 3502 3437 3561 Christus
3489 3516 3651 3562 esset.

2071 3598 2256 3653 natus,
2289 3589 2442 3647 Judze
2471 3591 2646 3646 tribus
2675 3590 2909 3661 dignitas
2940 3589 3152 3644 sublata
3183 3601 3266 3646 est
3303 3610 3318 3647 :
3355 3593 3632 3648 sublatum

2071 3689 2156 3738 est
2196 3679 2505 3737 Iudaeorum
2552 3681 2834 3751 imperium
2862 3688 2917 3735 et
2951 3695 3199 3749 regnum,
3246 3683 3510 3752 completa
3549 3693 3634 3738 est

2071 3774 2316 3842 proxime
2336 3771 2580 3842 exposita
2602 3773 2883 3842 prophetia
2909 3791 2922 3827 :
2948 3789 2966 3824 ι
2991 3771 3110 3826 Non
3138 3772 3348 3827 deficiet
3379 3773 3633 3844 princeps

2071 3864 2139 3920 de
2160 3860 2321 3930 Juda,
2353 3878 2529 3932 neque
2565 3862 2677 3917 dux
2721 3863 2788 3917 de
2839 3862 3134 3918 femoribus
3163 3862 3304 3933 ejus,
3341 3864 3514 3919 donec
3540 3881 3632 3920 ve-

2072 3953 2226 4008 niant
2255 3969 2375 4024 qua:
2400 3954 2638 4023 reposita
2669 3961 2794 4009 sunt
2817 3954 2887 4008 ei.
2932 3973 2952 4006 ι
2983 3953 3139 4008 Hunc
3169 3962 3348 4008 autem
3378 3953 3509 4008 dicit
3547 3956 3633 4009 fu-

2073 4053 2253 4100 turum
2296 4061 2405 4100 non
2448 4043 2688 4100 Iudaica:
2719 4046 2918 4116 gentis,
2957 4046 3052 4102 sed
3085 4047 3322 4117 gentium
3353 4058 3632 4116 exspecta-

2071 4136 2295 4190 tionem.
2336 4135 2602 4201 Quoniam
2633 4135 2796 4204 igitur
2829 4135 3069 4204 reposita
3119 4141 3237 4189 erat
3267 4134 3358 4188 illa
3387 4135 3626 4204 gentium

2071 4223 2374 4278 vocationis
2411 4223 2764 4292 exspectatio,
2805 4238 2926 4292 quae
2959 4238 3024 4276 ex
3061 4223 3282 4277 oraculo
3317 4224 3420 4293 ipsi
3453 4221 3628 4277 Abra-

2070 4314 2154 4370 ha:
2185 4315 2452 4384 promissa
2495 4321 2598 4378 est,
2629 4329 2749 4368 cum
2791 4329 2856 4370 ex
2883 4311 3113 4368 Iudaica
3157 4320 3314 4384 gente
3343 4315 3454 4384 jam
3483 4314 3630 4370 defe-

2071 4407 2271 4461 cissent
2296 4415 2350 4460 et
2399 4404 2672 4474 principes
2707 4412 2760 4458 ct
2789 4403 2976 4468 duces,
3009 4403 3442 4473 translatumque
3474 4405 3541 4458 ab
3565 4421 3630 4460 ea

409 4491 476 4544 δι’
514 4487 588 4546 ὧν
635 4495 819 4564 σαφῶς
869 4497 1194 4568 παρίστησι,
1247 4499 1340 4552 καὶ
1397 4498 1491 4552 τοῦ
1535 4500 1827 4569 ἀλλοφύλου
1869 4501 1967 4572 τὴν

2071 4507 2212 4554 esset
2240 4498 2524 4566 imperium
2562 4498 2616 4550 in
2646 4494 2938 4559 Romanos,
2968 4503 3021 4550 et
3059 4496 3116 4549 in
3140 4495 3288 4548 illum
3337 4495 3626 4558 l-lerodem,

412 4581 529 4633 κατ’
557 4583 733 4638 αὐτῶν
777 4588 968 4658 ἀρχὴν,
1002 4591 1098 4641 καὶ
1127 4589 1233 4642 τῶν
1263 4590 1321 4654 ἐξ
1355 4591 1616 4662 ἀνατολῆς
1660 4591 1968 4660 ἀλλοφύλων

416 4670 582 4725 ἐθνῶν
636 4675 734 4746 τὴν
783 4677 887 4729 ὑπὸ
935 4678 1027 4733 τοῦ
1059 4679 1192 4732 Θεοῦ
1250 4680 1456 4752 κλῆσιν.
1514 4681 1676 4751 Ὁμοῦ
1743 4699 1803 4734 τε
1860 4681 1968 4754 γὰρ

427 4761 687 4817 Ἰουδαίων
719 4765 1002 4836 ἀλλόφυλοι
1043 4769 1326 4841 ἐκράτουν,
1362 4773 1456 4824 καί¹
1497 4771 1588 4824 τὸν
1624 4770 1789 4825 πάλαι
1833 4789 1966 4842 προ-

412 4853 771 4924 φητευόμενον
813 4857 1042 4927 Χριστὸν
1079 4858 1172 4911 τοῦ
1211 4859 1344 4912 Θεοῦ
1389 4860 1716 4929 ἐγίγνωσκον
1763 4878 1822 4913 τε
1873 4861 1965 4913 καὶ

411 4943 770 5014 προσεκύνουν
822 4947 1120 5016 ἀλλόφυλοι,
1179 4950 1240 5015 ἐξ
1299 4950 1567 5004 ἀνατολῶν
1625 4951 1961 5012 ἐπιστάντες.

411 5034 618 5089 Οὐκοῦν
652 5036 836 5106 σαφῶς
869 5037 956 5092 διὰ
983 5039 1182 5095 τούτων
1224 5041 1374 5105 τέλος
1410 5041 1608 5111 ἔχουσα
1639 5042 1730 5094 τοῦ
1771 5039 1962 5093 Ἰακὼϐ

409 5126 443 5195 ἡ
473 5127 773 5196 προφητεία
811 5127 1102 5195 δείκνυται,
1131 5133 1215 5184 ἐπ’
1244 5133 1473 5202 ἐσχάτου
1512 5132 1612 5202 τῆς
1659 5130 1966 5193 συστάσεως

408 5217 499 5269 τοῦ
535 5218 804 5273 Ἰουδαίων
830 5219 1012 5284 ἐθνους
1037 5222 1469 5287 ἀποτελεσθεῖσα,
1502 5221 1780 5292 ὡσπεροῦν
1805 5221 1966 5284 αὐτὸς

406 5311 520 5371 τοῖς
534 5309 726 5362 ἐαυτοῦ
743 5313 923 5364 παισὶν
949 5313 1252 5378 ἐθέσπισεν,
1275 5315 1467 5370 εἰπών·
1504 5335 1522 5367 ι
1547 5317 1849 5387 Συνάχθητε
1877 5316 1964 5370 ἵνα

408 5399 724 5468 ἀπαγγείλω
774 5403 901 5472 ὑμῖν
950 5404 1004 5456 τί
1038 5392 1393 5475 ’συμϐήσεται
1440 5408 1566 5478 ὑμῖν
1607 5409 1693 5462 ἐπ’
1734 5409 1961 5479 ἐσχάτου

408 5489 514 5543 τῶν
542 5492 793 5564 ἡμερῶνο
819 5513 838 5545 ι
891 5497 1122 5564 ἐσχάτας
1169 5497 1377 5567 ἡμέρας
1419 5500 1676 5553 νοούντων
1713 5501 1867 5572 ἡμῶν
1895 5500 1962 5554 τὰ

407 5577 611 5652 ἔσχατα
630 5584 731 5654 τῆς
759 5585 1064 5650 συστάσεως
1091 5588 1183 5640 τοῦ
1212 5589 1473 5644 Ἰουδαίων
1504 5591 1705 5657 ἔθνους.
1737 5592 1800 5646 Τί
1831 5592 1961 5668 δῆτα

479 5762 592 5795 ⁸³·“
631 5762 820 5819 Matth.
859 5781 932 5826 ll,
966 5764 1087 5829 1,2.

720 5858 997 5950 Ῥιτιιοι.
1042 5861 1158 5923 Gn.
1207 5862 1395 5926 XXII.

2073 4591 2140 4645 de
2179 4603 2287 4658 quo
2326 4587 2529 4641 dictum
2559 4593 2665 4649 est,
2688 4589 2880 4642 merito
2919 4597 3160 4658 tempora
3191 4588 3389 4658 quibus
3413 4587 3630 4641 Iudaeo-

2072 4697 2192 4738 rum
2233 4681 2508 4752 principes
2541 4677 2865 4734 defecissent
2895 4678 3069 4734 Lucas
3099 4679 3428 4749 evangelista
3458 4680 3628 4749 signi-

2072 4774 2262 4836 ficans,
2293 4773 2508 4826 initium
2540 4770 2803 4825 doctrinae
2835 4769 3038 4825 Christi
3061 4778 3248 4824 narrat
3275 4769 3476 4823 factum
3507 4783 3626 4823 csse

2071 4865 2128 4916 in
2174 4877 2315 4916 anno
2355 4876 2424 4916 xv
2474 4860 2685 4928 imperii
2737 4858 2940 4914 Tiberii
2987 4859 3252 4922 Caesaris,
3298 4867 3626 4929 procurante

2071 4953 2263 5008 Pontio
2301 4951 2477 5006 Pilato
2518 4950 2780 5006 Iudaeam.
2811 4950 3093 5006 Mattbzeus
3128 4963 3343 5020 quoque
3380 4947 3623 5002 eamdem

2070 5059 2184 5100 rem
2207 5043 2439 5098 innuens
2463 5049 2614 5097 notat
2647 5062 2660 5096 :
2695 5028 2819 5096 nam
2849 5051 2968 5097 ortu
2997 5041 3208 5096 Domini
3233 5055 3296 5094 ac
3327 5037 3624 5093 Salvatoris

2070 5134 2242 5190 nostri
2264 5132 2556 5202 descripto,
2576 5132 2829 5202 deinceps
2846 5132 2930 5202 adj
2940 5131 3090 5201 ungit
3107 5150 3118 5185 :
3142 5149 3160 5181 ‹
3182 5129 3315 5184 Cum
3341 5134 3520 5181 autem
3535 5124 3626 5180 Je-

2071 5240 2166 5281 sus
2192 5232 2352 5280 natus
2378 5231 2522 5279 esset
2543 5223 2599 5277 in
2619 5223 2924 5278 Bethlehern
2947 5221 3162 5286 Judaeae,
3187 5220 3241 5273 in
3259 5219 3449 5273 diebus
3462 5215 3628 5270 Hero-

2068 5319 2154 5373 dis
2179 5318 2338 5389 regis,
2370 5330 2496 5372 ecce
2526 5314 2661 5385 Magi
2696 5315 2763 5367 ab
2789 5313 3006 5369 Oriente
3032 5317 3292 5366 venerunt
3321 5308 3627 5379 Hierosoly.

2069 5424 2232 5473 mam,
2273 5407 2548 5462 dicentes:
2578 5404 2681 5460 Ubi
2727 5411 2811 5458 est
2838 5403 2930 5472 qui
2960 5411 3120 5456 natus
3145 5409 3230 5456 est
3270 5415 3368 5455 rex
3403 5398 3621 5454 Iudaeo-

2067 5516 2186 5555 rum
2200 5499 2336 5551 "3"?
2357 5498 2542 5569 i375
2554 5500 2607 5552 in
2624 5510 2730 5566 quo
2747 5495 2899 5563 plane
2915 5491 3152 5548 ostendit
3169 5501 3222 5546 et
3234 5490 3442 5546 externi
3456 5488 3626 5545 homi-

2065 5592 2151 5648 nis
2184 5592 2237 5646 in
2267 5591 2387 5646 illos
2417 5590 2790 5660 imperium,et
2805 5595 3147 5643 externarum
3166 5584 3234 5640 ab
3253 5582 3473 5639 Oriente
3493 5595 3628 5655 gen-

3236 5859 3312 5917 19
