4098 6440
498 324 602 378 537

1141 332 1407 388 EL‘SEBll
1446 334 1926 390 CIESARIENSIS
1978 334 2039 391 Ol

2173 335 2354 391 PARS
2403 336 2467 391 ιι.
2511 367 2580 379 -—
2618 336 3115 394 APOLOCETICA.

3652 343 3757 400 588

500 447 633 500 tium
670 461 697 500 a
741 447 851 505 Deo
899 451 1258 509 vocationem.
1304 455 1504 510 Eodem
1552 457 1698 511 enim
1744 465 1987 529 tempore
2028 477 2039 513 ι

2142 460 2365 523 ,αὐτοῖς
2408 460 2650 531 ἀπαντᾷν
2696 460 2946 531 ἔμελλεν;
2995 459 3235 531 ἔκλειψις
3282 462 3380 532 μὲν
3434 462 3533 534 τῆς
3580 464 3755 537 ἀρχῆς

497 542 709 596 externi
743 540 945 597 Judmis
974 544 1334 614 imperabant,
1359 554 1412 600 et
1431 546 1708 603 Christum
1734 549 1850 614 Dei,
1872 549 1939 605 de
1964 567 2072 620 quo

2185 547 2382 610 Ἰούδα,
2436 547 2529 600 καὶ
2568 546 2662 601 τοῦ
2711 548 2912 612 παντὸς
2952 548 3141 612 ἔθνους
3190 550 3368 602 αὐτῶν
3416 551 3750 626 καθαίρεσις,

497 633 779 702 prophetae
794 635 958 689 locuti
974 634 1208 700 fuerant,
1232 638 1441 693 externi
1461 641 1528 693 ab
1556 638 1793 697 Orientis
1823 644 2038 713 partibu

2173 641 2354 695 παῦλά
2384 657 2443 694 τε
2473 641 2568 694 καὶ
2606 639 2757 711 λῆξις
2795 640 2905 693 τῶν
2946 640 3263 711 ἡγουμένων
3296 642 3497 703 αὐτῶν,
3533 645 3753 714 καὶτῆς

495 722 750 792 profecti,
775 733 829 779 et
856 735 1246 796 cognoverunt,
1264 735 1320 783 et
1344 727 1727 785 adoraverunt.
1751 732 1892 803 Ergo
1914 733 2035 803 plan

2171 734 2342 805 φυλῆς
2385 733 2547 788 αὑτοῦ
2581 733 2674 786 τοῦ
2716 732 2995 803 βασιλικοῦ
3035 734 3129 786 καὶ
3170 732 3397 805 ἀρχικοῦ
3439 732 3752 806 ἀξιώματος

490 815 548 868 in
592 814 680 870 his
709 815 869 871 tinem
900 832 1058 879 suum
1084 820 1405 888 contingens
1438 820 1723 891 prophetia
1759 821 1949 888 Jacob,
1974 840 2070 895 ap-

492 915 648 977 paret
692 909 1146 979 quemadmodum
1191 912 1455 981 completa
1492 915 1584 979 sit,
1611 928 1735 968 cum
1786 915 1852 970 ad
1890 924 2071 972 extre-

492 1014 639 1053 mum
686 1000 769 1055 sui
816 1008 992 1056 status
1022 999 1248 1057 Iudaica
1299 1018 1431 1073 gens
1470 1004 1731 1069 venisset,
1761 1008 1904 1063 sicut
1950 1009 2066 1078 ipse

490 1108 712 1163 quoque
740 1092 805 1146 ad
841 1109 971 1148 suos
1009 1094 1148 1151 filios
1179 1095 1379 1151 cecinit
1410 1112 1536 1150 cum
1558 1098 1726 1152 dixit:
1765 1117 1784 1149 ι
1823 1099 2066 1171 Congre—

490 1186 698 1253 gamini
722 1195 779 1239 ut
798 1186 1115 1241 annuntiem
1143 1186 1319 1244 vobis.
1346 1188 1475 1257 quid
1504 1196 1825 1243 eventurum
1862 1191 1933 1246 sit
1963 1207 2062 1245 vo-

488 1276 574 1333 bis
609 1276 665 1331 in
692 1286 934 1334 extremo
963 1278 1195 1333 dierum.
1235 1298 1254 1331 ι
1281 1277 1391 1335 Nos
1421 1280 1564 1334 enim
1600 1287 1872 1337 extremos
1902 1282 2063 1336 intel-

486 1368 711 1439 ligimus
758 1369 898 1431 dies,
952 1378 1195 1424 extrema
1223 1380 1400 1425 status
1447 1369 1687 1427 Judaicae
1728 1373 1906 1443 gentis
1924 1381 2062 1429 tem-

486 1475 640 1531 pora.
696 1459 987 1525 Caeterum,
1043 1461 1173 1532 quid
1203 1462 1419 1516 tandem
1456 1464 1531 1517 illi
1565 1472 1885 1519 eventurum
1921 1464 2062 1519 fuit?

484 1550 690 1623 Nempe
730 1551 974 1608 defectus
1022 1553 1245 1609 honoris
1289 1552 1460 1619 Judae,
1522 1563 1575 1610 et
1627 1555 1891 1611 universae
1941 1558 2059 1627 ejus

485 1648 665 1717 gentis
698 1647 952 1713 sublatio,
982 1648 1138 1716 quies
1158 1654 1211 1700 et
1234 1646 1544 1700 terminatio
1571 1646 1771 1702 ducum
1788 1647 2054 1716 ejusdem,

485 1737 662 1793 tribus
680 1738 852 1807 ipsius
868 1737 1203 1807 principatus
1225 1777 1240 1801 ,
1270 1736 1538 1807 regiaeque
1566 1737 1852 1809 dignitatis
1893 1739 2058 1794 dissi-

2168 826 2482 889 κατάλυσις,
2528 824 2762 897 Χριστοῦ
2816 825 2873 877 δὲ
2920 825 3063 897 ἀρχὴ
3110 826 3204 877 καὶ
3251 824 3518 895 βασιλεία,
3547 829 3608 881 οὐ
3652 827 3748 883 τοῦ

2181 913 2414 987 Ἰσραὴλ,
2440 913 2577 967 ἀλλά
2604 913 2712 966 τῶν
2745 912 2913 967 ἐθνῶν
2940 914 3194 967 ἁπάντων
3210 914 3477 986 ἄρχουσα,
3501 918 3643 971 κατά
3663 918 3746 974 τόο

2174 1006 2311 1058 (Καὶ
2337 1005 2497 1068 αὐτὸς
2527 1004 2816 1076 προσδοκία
2845 1003 3036 1056 ἐθνῶν.
3069 1023 3088 1055 ι
3138 1006 3234 1068 Τίς
3272 1007 3316 1058 δ’
3339 1007 3438 1059 οὐκ
3463 1007 3528 1061 ἂν
3551 1009 3747 1079 ὁμολο-

2167 1098 2350 1167 γήσειε
2410 1094 2582 1148 ταῦτα
2639 1094 2780 1148 οὕτω
2834 1094 3022 1159 σαφῶς
3076 1095 3168 1148 ἐπὶ
3231 1099 3297 1167 τῇ
3348 1097 3442 1150 τοῦ
3492 1100 3747 1171 Σωτῆρος

2165 1185 2320 1255 ήμῶν
2362 1185 2651 1257 ἐπιφανείᾳ
2703 1184 3134 1256 πεπληρῶσθαι;
3185 1187 3273 1240 ὅτε
3320 1189 3369 1240 oi
3418 1189 3582 1243 πάλαι
3633 1190 3741 1261 πρὸ

2164 1278 2262 1348 τῆς
2304 1278 2397 1331 τοῦ
2429 1278 2664 1350 Χριστοῦ
2713 1279 2977 1347 γενέσεως
3009 1281 3094 1331 ἐπ’
3126 1281 3347 1344 οἰκείοις
3378 1281 3603 1355 ἄρχουσι
3646 1285 3742 1337 καὶ

2160 1371 2511 1442 ἡγουμένοις,
2559 1371 2653 1424 καί
2695 1373 2931 1432 συνετοτς
2961 1370 3067 1423 τῶν
3098 1371 3256 1425 θείων
3298 1374 3739 1445 ἀναγνωσμάτων

2161 1462 2474 1535 ἀκροαταῖς,
2522 1462 2798 1533 βασιλεῦσί
2843 1480 2903 1515 τε
2957 1463 3103 1527 ἰδίοις
3145 1464 3237 1517 καὶ
3282 1465 3597 1537 ἀρχιερεῦσι
3642 1468 3738 1521 καὶ

2160 1556 2464 1626 προφήταις
2518 1555 2989 1627 λαμπρυνόμενοι,
3052 1556 3188 1627 αὐτή
3253 1574 3310 1608 τε
3362 1558 3394 1627 ἡ
3434 1556 3528 1609 τοῦ
3566 1557 3737 1612 Ἰούδα

2161 1643 2301 1716 φυλὴ
2328 1645 2577 1717 βασιλικὴ
2619 1642 2775 1710 οὖσα,
2803 1645 2912 1699 τῶν
2944 1645 3153 1716 ἐχθρῶν
3185 1646 3278 1699 καὶ
3311 1645 3582 1717 πολεμίων
3615 1649 3734 1701 ἐπι-

2160 1737 2461 1807 κρατοῦσα,
2508 1736 2855 1808 κατάρχουσά
2882 1754 2942 1790 τε
2970 1737 3063 1790 καὶ
3094 1737 3367 1808 ἡγουμένη
3398 1736 3492 1791 τοῦ
3537 1740 3734 1802 παντὸς

486 1830 656 1900 patio,
698 1829 902 1884 Christi
936 1829 1221 1898 imperium
1280 1835 1333 1883 et
1358 1843 1609 1899 regnum,
1657 1847 1765 1885 non
1796 1831 1943 1901 quod
1999 1833 2039 1886 it

2156 1829 2361 1894 ἔθνους,
2392 1830 2446 1883 οἵ
2475 1847 2533 1883 τε
2562 1830 2620 1883 ἐν
2655 1830 2836 1894 αὐτοῖς
2869 1829 3035 1884 πάλαι
3059 1828 3470 1901 διαπρέποντες,
3498 1830 3556 1898 ἐξ
3589 1831 3731 1884 ἐκεί-

484 1920 671 1988 lsrael,
707 1921 799 1977 sed
834 1920 978 1991 quod
1005 1922 1063 1974 in
1093 1920 1347 1976 omnibus
1378 1922 1629 1991 gentibus
1659 1921 2052 1993 dominaretur,

479 2014 636 2081 juxta
664 2012 833 2068 illud:
890 2031 909 2063 ‹
942 2012 1007 2065 Ει
1055 2013 1172 2083 ipse
1223 2014 1556 2082 exspectatio
1585 2015 1848 2085 gentium.
1890 2036 1908 2069 ι
1945 2015 2052 2072 Sed

483 2106 608 2174 quis
666 2120 771 2159 non
807 2105 966 2175 plane
1017 2103 1271 2169 fateatur,
1299 2105 1482 2160 omnia
1509 2106 1625 2160 haec
1659 2107 1713 2161 in
1747 2106 2052 2163 Salvatoris

484 2198 656 2253 nostri
685 2198 921 2252 adventu
952 2197 1220 2267 completa
1245 2198 1405 2253 esse?
1460 2196 1739 2269 Siquidem
1798 2202 1891 2271 qui
1927 2209 2052 2258 ante

481 2290 686 2346 Christi
738 2298 919 2345 ortum
950 2288 1263 2344 domesticis
1311 2274 1650 2360 principibus
1689 2304 1752 2345 ac
1798 2290 2049 2359 ducibus,

479 2390 532 2436 et
561 2381 852 2451 solgrtibus
876 2380 1181 2435 divinarum
1212 2380 1509 2435 lectionum
1541 2380 1905 2447 auditoribus,
1936 2384 2051 2439 suis

476 2477 606 2529 item
640 2473 878 2544 propriis
921 2472 1142 2542 regibus
1184 2478 1239 2527 et
1281 2472 1635 2541 pontificibus
1681 2483 1737 2530 et
1770 2476 2051 2545 prOphctis

476 2565 871 2636 gloriabantur,
909 2578 1137 2635 quaeque
1186 2563 1314 2616 olim
1348 2565 1545 2634 regalis
1578 2580 1701 2620 cum
1730 2576 1895 2630 esset,
1933 2576 2049 2621 tum

411 2651 447 2691 ’ί
476 2673 607 2714 suos
632 2657 819 2712 hostes
853 2663 1013 2725 atque
1037 2656 1288 2710 inimicos
1316 2657 1627 2726 superabat,
1652 2664 1766 2711 tum
1785 2674 1897 2713 sua:
1917 2674 2050 2727 gen-

475 2750 545 2804 tis
605 2749 871 2804 universae
924 2748 1177 2818 princeps
1227 2758 1283 2802 et
1343 2749 1451 2803 dux
1502 2748 1821 2812 exsistebat,
1875 2750 2049 2806 tribus

472 2839 632 2895 Juda.
652 2837 959 2904 Postremo,
984 2840 1297 2909 quicunque
1328 2840 1470 2894 inter
1492 2839 1615 2893 illos
1645 2839 1933 2908 quondam
1951 2857 2049 2897 ex-

473 2931 759 2994 cellebant,
788 2946 855 2986 ex
888 2930 982 2985 illo
1012 2929 1079 2984 ad
1124 2930 1271 2983 hunc
1295 2945 1470 3000 usque
1501 2929 1643 2984 diem
1672 2929 2046 2987 Romanistri-

473 3022 670 3077 butarii
704 3020 855 3078 facti.
885 3028 1077 3091 parent
1104 3035 1170 3074 ac
1199 3021 1462 3076 serviunt.
1491 3018 1658 3076 Plane
1701 3022 1844 3077 enim
1886 3020 2045 3078 Chri-

472 3122 593 3169 stus
616 3111 711 3168 Dei
735 3111 1025 3167 videndum
1069 3127 1129 3167 se
1162 3112 1413 3184 praebuit.
1452 3112 1632 3184 Atque
1677 3129 1743 3169 ex
1774 3115 1888 3181 illo,
1924 3131 2044 3187 quae

467 3202 752 3257 dicebatur
801 3202 1137 3273 exspectatio
1194 3204 1457 3273 gentium,
1493 3206 1749 3261 omnibus
1787 3207 2039 3278 gentibus

469 3293 646 3363 palam
677 3295 928 3348 nuntiata
972 3301 1074 3350 est.
1103 3302 1208 3350 Aut
1239 3296 1385 3350 dicat
1428 3298 1561 3351 mihi
1587 3296 1807 3366 aliquis,
1856 3308 2038 3354 utrum

472 3386 527 3439 in
562 3384 796 3440 adventu
817 3384 946 3443 Jesu
972 3385 1271 3443 Salvatoris
1291 3389 1464 3444 nostri
1490 3429 1505 3454 ,
1535 3404 1873 3462 quaecunque
1895 3393 2038 3462 apud

468 3475 727 3533 Hebrmos
778 3478 1119 3548 majestatem
1181 3480 1416 3550 aliquam
1471 3479 1765 3547 haberent,
1822 3497 2036 3538 necnon

465 3575 639 3624 mater
670 3569 912 3640 ipsorum
944 3570 1139 3626 civitas
1172 3587 1281 3625 una
1311 3587 1435 3627 cum
1472 3573 1693 3643 templo,
1725 3581 1777 3629 et
1800 3588 1867 3629 eo
1890 3575 2036 3644 quod

464 3664 518 3718 in
550 3665 752 3735 templo
780 3665 1159 3720 celebrabatur
1195 3665 1499 3733 sacriﬁcio,
1532 3681 1769 3737 cumque
1783 3667 2037 3723 domesti-

461 3756 541 3809 cis
571 3754 801 3810 ducibus
835 3769 899 3810 ac
931 3755 1267 3826 principibus
1298 3771 1407 3810 non
1429 3755 1748 3819 defecerint,
1779 3765 1833 3812 et
1850 3766 2033 3812 utrum

459 3861 579 3921 quae
607 3846 664 3901 in
693 3860 787 3916 spe
816 3845 992 3917 posita
1036 3853 1213 3910 erant,
1267 3848 1623 3918 gentiumque
1661 3862 1783 3918 quae
1824 3849 1880 3916 in
1916 3854 2033 3903 toto

457 3939 589 3995 orbe
648 3945 856 4003 essent,
903 3940 1275 4009 exspectatio,
1319 3955 1388 3995 ex
1437 3939 1531 3995 illo
1565 3946 1808 4010 tempore
1865 3955 2032 4011 appa-

459 4028 687 4093 ruerint,
749 4028 967 4097 quando
1028 4027 1194 4083 etiam
1217 4042 1304 4090 ea,
1345 4043 1466 4097 qua:
1522 4026 1750 4084 Domino
1792 4028 2029 4099 reposita

456 4123 633 4183 erant,
658 4123 944 4170 venerunt.
976 4115 1082 4171 Sed
1099 4130 1219 4187 quae
1234 4114 1451 4171 tandem
1475 4115 1591 4171 haec
1612 4116 1856 4172 habenda
1876 4126 2025 4182 sunt,

459 4206 561 4261 nisi
590 4221 652 4261 ea
682 4222 802 4276 quae
827 4207 1067 4262 continet
1089 4207 1370 4262 oraculum
1406 4206 1577 4262 illud?
1597 4225 1616 4259 ι
1644 4205 1806 4271 Juda,
1830 4215 1884 4263 te
1913 4210 2029 4264 lau-

457 4298 661 4352 dabunt
690 4297 886 4353 fratres
918 4297 1015 4361 tui,
1051 4313 1247 4354 manus
1275 4305 1384 4353 tua:
1416 4299 1472 4354 in
1488 4305 1642 4368 tergo
1675 4298 2027 4356 inimicorum

457 4397 696 4450 tuorum,
754 4389 966 4443 catulus
1019 4387 1195 4443 leonis
1242 4387 1405 4453 Juda,
1438 4387 1505 4444 de
1531 4390 1794 4459 germine,
1825 4390 1899 4446 fili
1928 4394 2023 4459 mi,

457 4479 774 4544 ascendisti,
806 4465 1128 4535 recumbens
1153 4480 1458 4536 dormivisti
1497 4487 1557 4535 ut
1604 4482 1708 4546 leo,
1757 4490 1813 4538 et
1843 4491 1899 4538 ut
1929 4500 2022 4539 ca-

453 4573 603 4628 tulus
632 4572 823 4638 leonis,
856 4572 980 4642 quis
1007 4572 1265 4628 excitabit
1287 4575 1452 4629 eum?
1478 4594 1496 4627 ι
1522 4576 1687 4648 376
1718 4575 1844 4633 Haec
1874 4579 2021 4635 enim

450 4664 559 4719 alio
578 4679 740 4720 sensu
770 4677 833 4719 ea
859 4670 1009 4728 sunt,
1044 4679 1164 4734 qua:
1196 4664 1270 4719 illi
1294 4666 1533 4737 reposita
1563 4678 1739 4736 erant,
1762 4686 1882 4741 quae
1904 4670 2021 4740 ipsa

451 4769 669 4824 quoque
714 4754 827 4824 jam
862 4761 1077 4823 tempus
1117 4761 1200 4809 est
1237 4762 1298 4809 ut
1335 4759 1787 4829 contemplemur,
1824 4760 1870 4816 si
1916 4761 2020 4815 hoc

451 4847 685 4917 primum
716 4846 1107 4902 attenderimus
1139 4846 1445 4919 diligenter,
1478 4851 1647 4906 variis
1678 4850 2018 4919 diversisque

449 4937 729 4993 Christum
774 4937 1086 4993 nominibus
1115 4937 1299 4994 divina
1328 4941 1549 4995 oracula
1580 4942 1852 5012 appellare
1878 4956 2013 4995 con-

447 5030 714 5088 suevisse.
752 5029 886 5084 Nam
930 5030 1094 5085 modo
1125 5030 1277 5085 illum
1317 5040 1515 5087 vocant
1540 5031 1708 5087 Jacob
1744 5051 1757 5087 :
1793 5051 1812 5084 ι
1846 5030 2014 5087 Jacob

445 5137 581 5193 puer
628 5137 804 5185 meus,
854 5121 1149 5193 suscipiam
1194 5138 1339 5187 eum,
1384 5123 1549 5178 Israel
1601 5124 1808 5178 electus
1838 5137 2011 5186 meus,

446 5212 688 5283 suscepit
723 5228 845 5269 eum
890 5212 1070 5267 anima
1122 5228 1266 5277 mea,
1288 5214 1554 5282 judicium
1587 5214 1841 5283 gentibus
1884 5228 2011 5283 pro-

446 5302 579 5359 feret
597 5302 663 5367 ",
703 5323 722 5355 ι
755 5312 808 5359 et
841 5320 961 5375 quae
1005 5311 1330 5375 sequuntur;
1362 5304 1559 5375 quibus
1605 5303 1672 5357 ad
1710 5312 2009 5359 extremum

446 5393 577 5448 illud
613 5393 829 5449 additur
860 5414 872 5449 :
912 5414 930 5446 ‹
970 5396 1151 5451 Donec
1192 5404 1358 5466 ponat
1386 5396 1439 5449 in
1469 5404 1611 5450 terra
1632 5394 1921 5465 judicium,
1957 5404 2010 5453 et

444 5480 501 5535 in
534 5482 752 5537 nomine
772 5482 891 5552 ejus
908 5491 1095 5554 gentes
1112 5484 1493 5553 sperabunt“;
1517 5504 1533 5536 ι
1570 5485 1731 5539 modo
1758 5486 2008 5541 eumdem

443 5569 788 5628 Salomonem
830 5583 884 5629 et
924 5575 1093 5631 David
1141 5577 1454 5642 nominant,
1490 5576 1835 5635 Salomonem
1885 5579 2009 5650 qui-

506 5776 553 5814 ⁵³
592 5777 873 5847 ίετικκωι,
913 5778 961 5832 1.
1040 5778 1082 5808 “
1120 5778 1249 5834 ibid.
1286 5783 1336 5833 4.

2067 3162 2109 3221 C

2053 4523 2097 4578 D

2157 1938 2249 1975 νου
2279 1921 2372 1974 καὶ
2396 1921 2477 1985 εἰς
2501 1920 2660 1992 δεῦρο
2682 1921 2972 1990 Ῥωμαίοις
3001 1919 3276 1983 ὑποτελεῖς
3308 1920 3730 1993 καθεστήκασιν.

2169 2011 2439 2081 Ἐπεφάνη
2485 2010 2594 2082 γὰρ
2634 2010 2820 2079 σαφῶς
2867 2013 2895 2063 6
2924 2011 3156 2082 Χριστὸς
3201 2010 3295 2063 τοῦ
3339 2010 3496 2076 Θεοῦ,
3544 2012 3636 2066 καὶ
3668 2012 3729 2077 ἐξ

2154 2105 2363 2157 ἐκείνου
2401 2106 2434 2173 ἡ
2460 2102 2724 2173 λεγομένη
2773 2102 3066 2173 προσδοκία
3095 2103 3203 2156 τῶν
3239 2102 3405 2157 ἐθνῶν
3437 2106 3517 2168 εἰς
3551 2104 3729 2160 πάντα

2153 2195 2221 2247 τὰ
2252 2194 2378 2264 ἔθνη
2411 2195 2868 2266 ἁνακεκήρυκται.
2912 2195 2983 2247 Ἦ
3010 2194 3215 2263 λεγέτω
3254 2212 3358 2259 τις,
3389 2198 3437 2249 εἰ
3473 2196 3547 2269 μὴ
3587 2197 3730 2251 κατά

2153 2285 2250 2355 τὴν
2289 2285 2609 2355 ἐπιφάνειαν
2648 2284 2821 2355 Ἰησοῦ
2862 2283 2957 2337 τοῦ
2999 2286 3247 2358 Σωτῆρος
3295 2286 3469 2359 ήμῶν,
3512 2287 3581 2342 τά
3627 2288 3728 2359 μὲν

2153 2376 2304 2449 παρά
2342 2377 2613 2440 Ἰουδαίοις
2649 2375 2841 2447 σεμνὰ,
2873 2376 2908 2446 ἦ
2938 2394 2997 2429 τε
3025 2378 3354 2449 μητρόπολις
3400 2379 3577 2434 αὐτῶν
3610 2380 3727 2452 ἅμα

2151 2467 2228 2537 τῷ
2271 2465 2427 2538 ἱερῷ,
2465 2468 2560 2520 καὶ
2600 2470 2667 2538 τῇ
2702 2469 2759 2520 ἐν
2797 2466 2971 2537 τούτῳ
3011 2469 3403 2541 συντελουμένῃ
3451 2472 3723 2544 ἀγιστείξ,

2155 2559 2290 2630 μετά
2330 2560 2425 2613 καὶ
2462 2559 2569 2612 τῶν
2601 2558 2816 2612 οἰκείων
2859 2559 3174 2631 ἡγουμένων
3216 2577 3275 2612 τε
3309 2562 3402 2614 καὶ
3450 2563 3727 2634 ἀρχόντων

2148 2650 2513 2704 διαλέλοιπεν·
2571 2649 2939 2704 ἀναδέδεικται
3005 2651 3062 2704 δὲ
3124 2650 3184 2716 ἐξ
3251 2652 3458 2706 ἐκείνου
3511 2654 3581 2708 τὰ
3628 2655 3725 2726 τῆς

2151 2740 2380 2807 ἐλπίδος,
2410 2742 2504 2795 καὶ
2535 2743 2831 2812 προσδοκία
2855 2743 2961 2796 τῶν
2993 2742 3160 2796 ἐθνῶν
3189 2742 3296 2796 τῶν
3324 2742 3444 2797 καθ’
3474 2745 3602 2817 ὅλης
3625 2747 3724 2816 τῆς

2147 2832 2503 2903 οἰκουμένης,
2560 2834 2651 2886 ὅτε
2714 2836 2809 2888 καὶ
2858 2834 3083 2905 ἐλήλυθε
3144 2833 3212 2887 τὰ
3261 2836 3599 2907 ἀποκείμενα
3644 2838 3723 2909 τῷ

2146 2924 2355 2995 Κυρίῳ.
2382 2925 2514 2977 Τίνα
2539 2924 2595 2979 δὲ
2630 2925 2662 2996 ἢ
2702 2924 2770 2979 τά
2810 2925 3110 2997 δηλούμενα
3137 2925 3224 2979 διά
3253 2925 3366 2979 τοῦ·
3400 2946 3419 2977 ι
3443 2928 3630 2991 Ἰούδα,
3661 2930 3721 2982 σε

2146 3014 2446 3069 αἰνέσουσιν
2472 3016 2521 3069 οἱ
2552 3016 2769 3085 ἀδελφοί
2812 3034 2937 3082 σου,
2980 3018 3037 3069 αἱ
3065 3018 3242 3089 χεῖρές
3276 3034 3366 3071 σου
3420 3018 3513 3070 ἐπὶ
3549 3018 3718 3072 νώτου

2146 3105 2253 3161 τῶν
2274 3106 2481 3177 ἐχθρῶν
2505 3121 2618 3162 σου.
2643 3107 2886 3177 Σκύμνος
2909 3108 3117 3171 λέοντος
3141 3107 3325 3173 Ἰούδα,
3369 3111 3433 3162 ἐκ
3460 3110 3715 3179 βλαστοῦ,

2142 3198 2227 3251 υἰέ
2285 3210 2407 3263 μου,
2448 3197 2663 3270 ἀνέόης.
2712 3198 3021 3254 Ἀναπεσὼν
3082 3197 3379 3269 ἐκοιμήθης
3423 3198 3500 3262 ὡς
3554 3198 3714 3264 λέων,

2139 3288 2232 3341 καὶ
2261 3286 2337 3352 ὡς
2369 3286 2606 3357 σκύμνος
2650 3288 2878 3353 λέοντος.
2908 3290 3002 3354 Τίς
3039 3291 3220 3361 ἐγερεῖ
3249 3289 3439 3355 αύτόνς
3466 3309 3486 3343 ι
3524 3288 3712 3346 Ταῦτα

2137 3379 2245 3451 γὰρ
2292 3379 2413 3434 καθ’
2447 3380 2639 3452 ἑτέραν
2696 3380 2931 3436 διάνοιαν
2974 3380 3044 3434 τά
3088 3382 3235 3453 αὑτῷ
3276 3381 3640 3453 ἀποκείμενα’
3675 3382 3714 3439 ἃ

2137 3474 2230 3527 καὶ
2257 3473 2416 3541 αὐτὰ,
2449 3474 2604 3546 φέρε,
2634 3477 3079 3548 κατανοήσωμεν,
3128 3475 3345 3547 πρῶτον
3372 3474 3549 3546 τούτῳ
3591 3476 3714 3528 ἐπι-

2136 3568 2450 3639 στήσαντες,
2485 3568 2562 3632 ὠς
2602 3568 2876 3641 διαφόροις
2895 3570 2986 3623 τὸν
3016 3570 3249 3641 Χριστὸν
3287 3569 3514 3640 ὀνόμασι
3543 3584 3715 3640 προσ-

2134 3659 2415 3728 αγορεύειν
2457 3656 2710 3713 εἰώθασιν
2749 3660 2797 3711 οἱ
2857 3661 2987 3713 θεῖοι
3023 3659 3281 3729 χρησμοί.
3314 3659 3447 3712 Τοτὲ
3483 3658 3580 3729 μὲν
3605 3659 3712 3730 γάρ

2133 3749 2294 3802 αὐτὸν
2326 3749 2580 3804 καλοῦσιν
2620 3751 2833 3804 Ἰακώϐ·
2882 3771 2898 3803 ι
2923 3749 3116 3804 Ἰακὼὸ
3160 3754 3188 3804 6
3230 3754 3356 3814 παῖς
3402 3768 3525 3820 μου,
3558 3753 3711 3806 ἀντι-

2131 3840 2372 3912 λήψομαι
2402 3841 2590 3908 αὐτοῦ,
2620 3842 2836 3915 Ἰσραὴλ
2867 3846 2896 3897 6
2921 3842 3174 3907 ἐκλεκτός
3198 3860 3324 3915 μου,
3351 3843 3712 3915 προσεδέξατο

2129 3933 2288 3988 αὐτὸν
2328 3935 2361 4005 ὴ
2396 3934 2539 4006 ψυχή
2594 3952 2714 4005 μου·
2769 3937 2948 4005 κρίσιν
3001 3939 3114 3999 τοῖς
3170 3936 3376 3990 ἔθνεσιν
3429 3936 3648 4002 ἐξοίσει,
3682 3955 3704 3988 ι

2131 4024 2224 4077 καὶ
2238 4024 2306 4078 τά
2334 4024 2480 4095 ἑξῆς·
2503 4020 2584 4089 οἷς
2617 4025 2903 4097 ἐπείρηται
2923 4045 2935 4058 ο
2966 4045 2985 4078 ι
3018 4028 3162 4089 Ἕως
3187 4025 3252 4081 ἂν
3277 4026 3341 4098 θῇ
3370 4028 3460 4079 ἐπὶ
3475 4026 3576 4094 τῆς
3601 4024 3707 4093 γῆς

2128 4118 2329 4189 κρίσιν,
2365 4120 2458 4172 καὶ
2490 4121 2583 4173 ἐπὶ
2612 4119 2689 4191 τῷ
2722 4121 2942 4190 ὀνόματι
2992 4119 3156 4172 αὑτοῦ
3206 4118 3332 4189 ἔθνη
3362 4115 3605 4168 ἐλπιοῦσι
3630 4134 3643 4147 ·
3674 4136 3696 4166 ι

2126 4211 2246 4264 τοτέ
2281 4211 2338 4264 δὲ
2376 4213 2537 4266 αὐτὸν
2564 4204 2853 4283 Σολομῶνα
2889 4212 2980 4264 καὶ
3008 4210 3172 4264 Δαϐὶδ
3220 4207 3575 4279 ὀνομάζουσι’
3606 4205 3701 4257 Σο-

2128 4301 2341 4372 λομῶνα
2373 4304 2492 4373 μὲν,
2525 4303 2600 4367 ὡς
2640 4306 2696 4357 ἐν
2728 4311 2804 4356 οα⁹
2837 4301 3057 4372 ψαλμῷ,
3099 4296 3559 4369 ἐπιγεγραμμένῳ
3601 4296 3699 4366 μὲν

2126 4397 2230 4460 Εἰς
2250 4394 2589 4463 Σολομῶνα,
2620 4394 2873 4463 σαφῶςδέ
2901 4393 2970 4446 τά
3001 4391 3127 4463 περὶ
3153 4390 3245 4443 τοῦ
3278 4388 3514 4460 Χριστοῦ
3545 4405 3699 4458 περι-

2125 4483 2300 4554 έχοντι
2320 4501 2332 4514 ’
2378 4485 2439 4537 τὸ
2469 4484 2598 4556 γάρ,
2628 4502 2646 4535 ι
2671 4481 3101 4553 Κατακυριεύσει
3134 4478 3239 4532 ἀπὸ
3285 4476 3557 4545 θαλάσσης
3592 4475 3699 4537 ἕως

2125 4576 2418 4646 θαλάσσης,
2451 4577 2544 4629 καὶ
2568 4576 2677 4630 ἀπὸ
2706 4573 2947 4646 ποταμοῦ
2976 4573 3078 4636 ἓως
3099 4569 3348 4642 περάτων
3386 4566 3484 4637 τῆς
3519 4566 3698 4619 οἰκου-

2125 4667 2310 4738 μένης,
2346 4668 2438 4719 καὶ
2466 4667 2641 4720 πάντα
2671 4667 2797 4737 ἔθνη
2833 4663 3205 4720 δουλεύσουσιν
3235 4656 3401 4729 αὐτῷ,
3428 4677 3443 4707 ι
3476 4657 3569 4711 καὶ
3595 4657 3696 4709 ὅσα

2118 4755 2328 4821 τούτοις
2375 4756 2502 4829 ἑξῆς
2550 4758 2580 4810 6
2618 4757 2831 4828 ψαλμὸς
2872 4755 3134 4827 περιέχει,
3182 4753 3326 4822 μόνῳ
3366 4747 3442 4817 τῷ
3474 4745 3695 4819 Χριστῷ

2119 4851 2345 4921 ἁρμόζοι
2381 4850 2445 4904 ἀν
2464 4869 2476 4881 ·
2509 4851 2674 4905 Δαϐὶδ
2712 4851 2767 4904 δὲ
2793 4852 2850 4904 ἐν
2876 4855 2965 4919 πη⁹
2988 4845 3185 4917 ψαλμῷ
3211 4845 3368 4897 πάλιν
3410 4844 3438 4895 ό
3461 4840 3695 4913 Χριστὸς

2116 4938 2506 5011 ἀνηγόρευται-
2534 4940 2654 4992 ἐπεὶ
2686 4939 2759 5010 μὴ
2796 4938 2874 5010 τῷ
2906 4935 3087 5000 Δαϐὶδ,
3126 4935 3270 5005 μόνῳ
3300 4932 3356 4985 δὲ
3381 4929 3529 4999 αὑτῷ
3560 4945 3691 4982 κατ-

2120 5031 2322 5102 άλληλα
2356 5032 2421 5086 ἂν
2454 5033 2536 5103 εἰη
2574 5032 2669 5086 καὶ
2717 5030 2786 5084 τά
2831 5033 2890 5085 ἐν
2925 5028 3099 5098 τούτῳ
3131 5025 3431 5095 λεγόμενα,
3466 5016 3576 5074 οἷον
3612 5020 3691 5072 τό·

2126 5124 2336 5188 «Αὐτὸς
2380 5124 2761 5179 ἐπικαλέσεταί
2797 5140 2895 5195 με’
2939 5122 3128 5192 Πατήρ
3171 5136 3271 5189 μου
3310 5114 3360 5170 εἷ
3403 5116 3488 5178 σὺ,
3536 5109 3692 5179 κάγὼ

2113 5215 2456 5286 πρωτότοκον
2481 5215 2717 5285 θήσομαι
2756 5214 2936 5279 αὐτὸν,
2970 5212 3172 5283 ὑψηλὸν
3209 5207 3358 5280 παρά
3390 5209 3502 5268 τοῖς
3543 5204 3692 5273 βασι-

2112 5306 2262 5360 λεῦσι
2288 5307 2386 5378 τῆς
2409 5311 2532 5378 γῆς.
2582 5308 2678 5370 Εἰς
2709 5307 2798 5360 τὸν
2825 5306 2998 5360 αἰῶνα
3027 5301 3245 5373 φυλάξω
3278 5296 3426 5367 αὐτῷ
3457 5296 3517 5348 τὸ
3545 5291 3691 5354 ἔλεός

2116 5416 2216 5470 μου
2236 5416 2249 5430 ο
2284 5418 2302 5451 ι
2339 5400 2433 5453 καὶ
2466 5398 2627 5453 πάλιν
2645 5416 2659 5430 ·
2703 5419 2720 5450 ι
2749 5400 2822 5452 Τὸ
2852 5398 3074 5469 σπέρμα
3097 5392 3261 5447 αὐτοῦ
3295 5392 3374 5453 εἰς
3403 5387 3492 5441 τὸν
3518 5384 3690 5438 αἰῶνα

2116 5492 2284 5560 μενεῖ,
2320 5491 2414 5543 καὶ
2456 5490 2485 5543 ὁ
2523 5488 2707 5561 θρόνος
2754 5487 2916 5542 αὑτοῦ
2947 5486 3024 5549 ὡς
3058 5486 3086 5537 ὁ
3118 5483 3268 5553 ἥλιος
3297 5476 3534 5532 ἐναντίον
3563 5489 3688 5545 μου,

2111 5581 2203 5635 καὶ
2244 5582 2319 5646 ῶς
2365 5583 2397 5655 ή
2442 5581 2636 5653 σελήνη
2698 5576 3110 5651 κατηρτισμένη
3154 5575 3234 5637 είς
3294 5570 3386 5624 τὸν
3437 5565 3629 5622 αἰῶνα.
3664 5583 3682 5614 ι
