4098 6440
438 372 539 428 589

1320 360 1971 417 DEMONSTRATIONIS
2009 358 2467 416 EVANGELICIE
2509 360 2639 414 LIB.
2684 360 2821 416 Vill.

3583 359 3687 417 590

438 487 620 551 ῡῦτως
661 481 752 540 οῦν
784 484 923 557 μετά
973 482 1180 556 μυρίων
1222 481 1396 536 ἄλλων
1439 481 1532 534 τοῦ
1561 479 1797 551 Χριστοῦ
1839 498 2008 552 προσ-

2115 482 2254 546 dem,
2287 487 2343 534 ut
2375 481 2428 533 in
2465 494 2591 534 Lxxt
2622 481 2852 550 psalmo,
2886 478 2975 550 qui
3010 476 3076 531 In
3106 476 3439 533 Salomonem
3470 478 3687 550 quidem

438 578 696 649 ηγοριιῖιν,
720 578 786 631 δι’
818 569 896 630 ὧν
922 575 1083 629 αὐτὸν
1115 577 1162 627 ot
1192 572 1324 626 θεῖοι
1362 572 1509 640 λόγοι
1540 571 1887 642 σημαίνουσι,
1918 573 2011 624 καὶ

447 670 645 733 Ἰούδας
675 669 876 740 ὁμοίως
905 666 991 721 διὰ
1022 666 1130 720 τῶν
1160 664 1535 737 προκειμένων
1559 662 1877 734 ἀνειρῆσθαι
1923 663 2013 715 δύο

442 776 613 826 ναται,
625 763 706 815 ὅτι
723 761 817 813 καὶ
832 760 895 812 ἐκ
910 759 1010 828 τῆς
1024 758 1192 811 Ἰούδα
1207 758 1395 826 γέγονε
1417 755 1607 825 φυλῆς.
1621 754 1890 826 Πρόδηλον
1906 753 2013 822 γὰρ

440 853 581 907 κατά
606 850 696 905 τὸν
731 850 1069 915 Ἀπόστολον,
1100 850 1181 902 ὅτι
1208 851 1272 901 ἐκ
1299 847 1467 918 φυλῆς
1507 845 1676 899 Ἰούδα
1714 844 2012 898 ἀνατέταλ-

441 958 535 994 κεν
567 944 595 994 ὁ
623 940 811 1010 Σωτὴρ
857 940 949 991 καὶ
978 937 1180 1009 Κύριος
1215 937 1391 1008 ἡμῶν.
1428 934 1613 1006 Τούτῳ
1638 934 1702 1006 δὴ
1741 929 1832 987 οὖν
1872 932 2013 986 κατά

438 1034 672 1088 διάνοιαν
697 1032 775 1104 τῷ
802 1032 970 1087 ’ἰούδα
992 1031 1330 1101 ἀποκείμενα
1355 1024 1422 1100 ἦν
1447 1029 1514 1082 τὰ
1541 1028 2009 1100 προφητευόμενα.

439 1127 571 1180 Τίνα
600 1126 655 1179 δέ
688 1122 756 1196 ἣν
781 1124 990 1188 ταύτας
1040 1122 1255 1196 πρῶτον
1303 1122 1402 1192 μὲν
1434 1120 1494 1173 τὺ
1526 1119 1874 1192 ἐπαινεθῆναι
1906 1118 2013 1172 ὑπὸ

436 1215 543 1270 τῶν
603 1215 845 1284 ἀδελφῶν
905 1215 1101 1269 αὐτοῦ’
1176 1214 1427 1285 δεύτερον
1471 1214 1614 1268 κατὰ
1677 1212 1847 1268 νώτου
1907 1215 2013 1269 τῶν

437 1306 644 1379 ἐχθρῶν
668 1306 830 1360 αὑτοῦ
852 1306 949 1369 τὰς
965 1308 1153 1377 χεῖρας
1181 1304 1453 1357 ἐπιϐαλεῖν
1471 1322 1482 1335 ·
1513 1303 1691 1378 τρίτον
1709 1322 2015 1376 προσκυνη-

437 1396 591 1467 θῆναι
613 1396 718 1449 ὑπὸ
734 1394 844 1449 τῶν
876 1393 1008 1448 υἱῶν
1029 1393 1121 1447 τοῦ
1146 1394 1350 1465 πατρὸς
1378 1393 1565 1450 αὐτοῦ.
1590 1396 1657 1447 Ἀ
1691 1394 1785 1448 καὶ
1830 1395 2014 1458 τέλους

435 1488 729 1559 ἐτύγχανεν
746 1487 979 1559 ὁπηνίκα
996 1487 1131 1549 τέως
1157 1487 1254 1557 μὲν
1269 1486 1367 1550 τὰς
1388 1486 1718 1558 παραδόξους
1733 1486 2010 1558 δυνάμεις,

435 1582 528 1634 καὶ
572 1580 641 1633 τὰ
694 1581 955 1652 τεράστια
1023 1579 1277 1650 θαύματα
1340 1578 1602 1633 ἐπιτελῶν
1651 1577 2010 1650 ἐθαυμάζετο,

436 1674 530 1727 καὶ
564 1674 846 1743 ἐπῃνεῖτο,
904 1672 997 1725 καὶ
1047 1674 1436 1742 προσεκυνεῖτο
1486 1671 1620 1743 πρὸς
1659 1669 1770 1723 θεῶν
1820 1670 2012 1724 ἐαυτοῦ

439 1752 692 1832 μαθητῶν
726 1779 783 1815 τε
820 1762 914 1814 καὶ
936 1760 1264 1826 ἀποστόλων,
1316 1760 1411 1826 οὓς
1451 1762 1542 1815 καὶ
1582 1761 1845 1831 ἀδελφοὺς
1874 1763 2012 1816 ἁπο-

2119 571 2417 642 inscriptus
2446 582 2552 636 est,
2590 573 2749 642 plane
2779 579 2958 627 autem
2988 586 3109 641 quae
3138 571 3202 626 ad
3236 570 3515 626 Christum
3547 572 3688 627 refe-

2116 664 2285 718 renda
2332 671 2481 729 sunt,
2528 666 2791 718 continet.
2822 663 2959 718 illud
2997 662 3142 716 enim
3175 681 3188 716 :
3235 682 3252 713 ‹
3290 662 3354 715 Et
3379 663 3688 718 dominabi-

2117 764 2208 807 tur
2236 770 2266 806 a
2289 755 2427 808 mari
2463 770 2635 824 usque
2665 754 2734 809 ad
2770 770 2939 817 mare,
2974 761 3025 808 et
3076 768 3105 806 a
3140 751 3365 808 ﬂumine
3412 770 3587 825 usque
3619 755 3690 808 ad

2118 847 2254 901 ﬁnes
2282 848 2432 901 orbis
2463 856 2641 911 terrae,
2682 856 2737 903 et
2764 862 2954 903 omnes
2985 854 3174 917 gentes
3205 846 3443 900 servient
3467 847 3518 900 ei
3550 847 3615 911 ‘7,
3667 866 3686 900 ι

2116 948 2169 995 et
2190 957 2527 1012 quaecunque
2548 950 2671 1011 post
2699 942 2816 1011 ipsa
2846 942 2960 996 haec
2988 940 3245 1011 deinceps
3276 937 3529 995 Psalmus
3559 954 3693 994 con-

2117 1031 2274 1095 tinet,
2304 1033 2398 1086 uni
2429 1032 2617 1102 utique
2647 1031 2869 1087 Christo
2898 1039 3026 1087 sunt
3060 1030 3545 1087 accommodanda.
3583 1031 3691 1085 Da-

2116 1123 2206 1176 vid
2236 1138 2366 1178 vero
2394 1138 2588 1179 rursus
2623 1123 2924 1193 appellatus
2963 1132 3047 1178 est
3075 1122 3351 1187 Christus,
3384 1123 3439 1177 in
3480 1124 3690 1193 psalmo

2118 1231 2385 1282 Lxxxvut,
2439 1214 2881 1286 quandoquidem
2912 1229 3181 1284 nusquam
3224 1215 3324 1284 ipsi
3369 1214 3560 1279 David,
3596 1215 3691 1270 sed

2118 1308 2214 1362 uni
2246 1307 2343 1372 illi,
2376 1322 2496 1378 quae
2522 1307 2575 1361 in
2617 1308 2720 1361 hoc
2754 1308 2882 1360 item
2917 1304 3197 1374 dicuntur,
3230 1308 3528 1363 convenire
3562 1324 3692 1379 pos-

2117 1406 2265 1464 sunt,
2298 1400 2464 1455 veluti
2493 1399 2625 1454 illud
2665 1418 2677 1453 :
2720 1416 2740 1449 (
2780 1398 2900 1467 Ipse
2941 1398 3157 1453 vocabit
3187 1415 3309 1454 me:
3340 1396 3502 1455 Pater
3535 1416 3690 1455 meus

2115 1506 2176 1546 es
2206 1498 2285 1555 tu,
2322 1500 2376 1546 et
2403 1506 2504 1561 ego
2528 1489 2948 1561 primogenitum
2995 1504 3194 1560 ponam
3227 1505 3376 1555 eum,
3413 1492 3690 1547 excelsum

2117 1599 2228 1656 prae
2252 1583 2469 1654 regibus
2505 1591 2685 1647 terrae,
2717 1583 2771 1635 in
2800 1588 3065 1637 aaternum
3105 1582 3335 1638 servabo
3360 1582 3434 1636 illi
3477 1585 3692 1638 miseria-

2117 1675 2359 1731 cordiam
2407 1689 2583 1729 meam
2610 1673 2677 1728 ιθ.
2722 1692 2740 1725 ι
2786 1673 2851 1727 Et
2903 1688 3136 1729 rursus:
3179 1692 3199 1726 ‹
3239 1671 3435 1729 Semen
3484 1675 3604 1744 ejus
3635 1677 3692 1730 in

2116 1774 2378 1822 teternum
2412 1773 2613 1831 manet,
2645 1772 2700 1820 et
2731 1765 2889 1821 sedes
2922 1764 3043 1835 ejus
3083 1774 3144 1818 ut
3179 1765 3261 1819 sol
3304 1765 3358 1819 in
3391 1775 3689 1836 conspectu

436 1855 622 1909 καλεῖν
654 1855 751 1908 ούκ
782 1853 941 1908 ὤκνει
966 1894 980 1919 ,
1015 1854 1103 1907 διὰ
1140 1855 1235 1925 μὲν
1269 1852 1359 1908 τοῦ
1386 1853 1599 1925 ψαλμοῦ
1630 1854 1823 1923 λέγων,
1856 1873 1874 1905 t
1897 1854 2012 1908 ’Λπ‹

2121 1869 2262 1917 meo,
2294 1860 2349 1909 et
2397 1861 2457 1907 ut
2502 1854 2628 1907 luna
2658 1852 2897 1922 perfecta
2928 1855 2984 1908 in
3015 1862 3281 1909 aeternum
3311 1855 3375 1911 ι’.
3418 1874 3437 1907 ι
3470 1855 3559 1910 Sic
3590 1857 3696 1928 igi-

437 1946 653 2016 αγγελῶ
704 1947 761 1999 τὺ
796 1947 966 2018 ὄνομά
997 1964 1090 2000 σου
1136 1950 1248 2012 τοῖς
1291 1946 1538 2014 ἀδελφοῖς
1590 1963 1724 2018 μου,
1771 1949 1830 2000 ἐν
1866 1947 2016 2018 μέσῳ

450 2037 774 2108 Ἐκκλησιας
806 2038 1031 2109 ὑμνήσω
1051 2053 1109 2090 σε
1135 2053 1148 2068 ο
1176 2055 1195 2089 ι
1240 2039 1360 2101 ταῖς
1395 2037 1452 2090 δέ
1480 2034 1625 2107 ἀμφὶ
1656 2037 1756 2109 τὴν
1787 2038 2022 2109 Μαριὰμ

436 2128 785 2200 προστάττων
849 2126 1295 2198 εὐαγγελίζεσθαι
1368 2127 1551 2191 αὐτοῖς
1607 2125 1683 2190 ὡς
1742 2127 2008 2198 ἀδελφοῖς·

439 2237 457 2269 ι
514 2217 942 2287 Ἀπαγγείλατε,
983 2238 998 2270 ι
1034 2218 1141 2289 γάρ
1172 2234 1337 2288 φησι,
1376 2236 1394 2267 ι
1435 2221 1548 2281 τοῖς
1596 2217 1845 2287 ἀδελφοῖς
1893 2236 2015 2289 μου,

432 2311 512 2363 ὅτι
562 2309 859 2382 ἀνέρχομαι
902 2311 1038 2381 πρὸς
1082 2309 1173 2363 τὸν
1235 2307 1451 2381 Πατέρα
1500 2329 1623 2382 μου,
1670 2313 1766 2366 καὶ
1804 2314 2019 2385 Πατέρα

434 2401 608 2472 ὑμῶν,
639 2404 733 2456 καὶ
747 2402 878 2456 Θεόν
912 2420 1035 2472 μου,
1068 2402 1162 2455 καὶ
1177 2401 1310 2456 Θεὸν
1333 2405 1491 2474 ἡμῶν
1513 2403 1612 2474 (1).
1650 2423 1668 2455 ι
1700 2403 1855 2458 Οῦτω
1885 2406 2019 2476 δῆτα

437 2496 598 2549 αὐτὸν
616 2497 666 2549 οἱ
687 2496 904 2565 ἀδελφοὶ
923 2495 993 2548 τὰ
1020 2496 1116 2566 μὲν
1143 2496 1334 2568 πρῶτα
1360 2498 1453 2550 ἐπὶ
1475 2499 1586 2561 τοῖς
1602 2498 1925 2570 παραδόξοις
1944 2500 2020 2565 ὡς

436 2584 737 2659 θαυμάσιον
769 2589 938 2660 ἄνδρα
969 2591 1128 2657 μόνον
1158 2589 1391 2661 ἐπῄνουν
1410 2631 1424 2655 ,
1447 2589 1542 2643 ἕνα
1574 2590 1716 2657 τινὰ,
1746 2591 1823 2655 ὡς
1849 2593 2015 2657 εἰκὸς,

434 2680 543 2736 τῶν
568 2681 861 2752 προφητῶν
891 2677 1029 2734 εἶναι
1068 2680 1459 2752 ὑπειληφότεςο
1492 2683 1616 2735 ἐπεὶ
1643 2682 1699 2735 δὲ
1732 2685 1789 2736 ἐν
1813 2683 1891 2754 τῷ
1923 2702 2019 2755 με·

433 2772 567 2839 ταξὺ
600 2772 698 2836 τάς
733 2774 1070 2844 θαυμασίους
1098 2773 1554 2843 παραδοξοποιίας
1572 2772 1738 2827 αὐτοῦ
1763 2774 2015 2845 ὁρῶντες,

432 2864 529 2918 καὶ
553 2864 629 2928 ὡς
652 2864 898 2918 καθεῖλεν
930 2864 1122 2937 ἐχθρόν
1154 2881 1212 2918 τε
1246 2866 1338 2919 καὶ
1373 2865 1682 2936 ἐκδικητὴν,
1707 2864 1797 2919 τόν
1826 2883 1890 2935 γε
1924 2864 2019 2919 θά-

433 2972 593 3012 νατον
636 2958 868 3029 ἄρχοντα
892 2957 986 3011 τοῦ
1022 2958 1216 3018 αἰῶνος
1260 2958 1450 3011 τούτου
1472 2995 1486 3023 ,
1514 2958 1630 3031 ἅμα
1653 2961 1774 3023 ταῖς
1803 2958 2015 3024 λοιπαῖς

433 3050 682 3122 άοράτοις
711 3049 805 3103 καὶ
821 3049 1040 3121 ἐχθραῖς
1067 3049 1359 3118 δυνάμεσι,
1380 3050 1443 3103 τὸ
1469 3050 1722 3122 τηνικάδε
1750 3049 1882 3104 Θεὸν
1912 3052 2014 3104 αύ-

434 3141 524 3195 τὸν
554 3137 690 3195 εἶναι
732 3142 1141 3209 πιστεύσαντες,
1177 3142 1608 3215 προσεκύνησαν.
1642 3144 1709 3195 Αἱ
1749 3143 1805 3196 δὲ
1834 3147 2014 3216 χεῖρες

433 3232 528 3287 τοῦ
553 3234 973 3317 Σωτῆροςὴμῶν
997 3234 1137 3288 κατά
1156 3235 1326 3289 νώτου
1342 3235 1450 3289 τῶν
1476 3236 1686 3307 ἐχθρῶν
1708 3236 1872 3290 αὐτοῦ
1900 3238 2029 3306 ἐγί-δκ
2040 3274 2082 3331 c

434 3343 602 3392 νοντο,
642 3326 729 3378 ὅτε
751 3325 928 3390 πάσας
960 3326 1055 3390 τὰς
1081 3327 1305 3398 πράξεις
1336 3327 1525 3393 αὐτοῦ,
1547 3327 1646 3392 τάς
1670 3345 1727 3381 τε
1752 3328 2011 3400 δυνάμεις

434 3417 528 3471 καὶ
544 3417 1013 3489 παραδοξοποιίας,
1038 3418 1128 3472 ἐπὶ¹
1149 3418 1462 3490 καθαιρέσει
1494 3418 1601 3472 τῶν
1621 3417 1889 3490 δαιμόνων
1914 3419 2010 3474 καὶ

433 3504 541 3558 τῶν
564 3506 811 3578 πονηρῶν
841 3507 1164 3578 πνευμάτων
1190 3509 1443 3561 ἐποιεῖτο.
1474 3507 1631 3561 Ἀλλά
1662 3507 1756 3561 καὶ
1775 3509 2008 3580 ὁπηνίκα

436 3594 728 3660 ἐξεπέτασε
778 3598 876 3661 τὰς
914 3600 1103 3669 χεῖρας
1146 3598 1311 3653 αὑτοῦ
1347 3600 1439 3653 ἐπὶ
1467 3598 1558 3652 τοῦ
1620 3599 1877 3672 σταυροῦ,
1914 3598 2009 3653 καὶ

435 3686 608 3751 οὕτως
650 3688 706 3741 αἱ
737 3692 917 3761 χεῖρες
954 3687 1119 3741 αὐτοῦ
1141 3728 1155 3753 ,
1186 3691 1494 3759 φευγόντων
1531 3689 1640 3742 τῶν
1671 3689 1882 3762 ἐχθρῶν
1915 3691 2009 3743 καὶ

435 3777 502 3831 τὰ
547 3779 691 3834 νῶτα
746 3780 1215 3853 παραχωρούντων
1267 3779 1415 3852 αὐτῷ
1438 3819 1453 3843 ,
1498 3780 1639 3833 κατὰ
1691 3779 1860 3833 νώτου
1899 3779 2009 3833 τῶν

434 3871 641 3943 ἐχθρῶν
671 3872 929 3942 ἐγίνοντο,
950 3874 1043 3926 καὶ
1069 3871 1265 3943 μᾶλλον
1292 3873 1377 3925 ὅτε
1403 3872 1464 3924 τὸ
1499 3871 1713 3942 πνεῦμα
1738 3871 2009 3943 παραδοὺς

433 3963 511 4034 τῷ
531 3965 727 4036 Πατρὶ,
751 3964 988 4037 ἄσαρκος
1005 3966 1098 4019 καὶ
1122 3963 1325 4035 γυμνός
1345 3957 1404 4017 οὗ
1432 3963 1709 4035 ἀνειλήφει
1738 3964 2006 4034 σώματος,

434 4059 526 4110 ἐπὶ
562 4057 622 4111 τὸ
654 4056 760 4110 τῶν
802 4056 1009 4128 ἐχθρῶν
1050 4057 1242 4128 κατῄει
1269 4055 1498 4127 χωρίον,
1528 4055 1773 4128 αύτοζωὴ
1805 4057 2010 4126 τυγχά-

433 4166 560 4213 νων,
611 4148 836 4203 θάνατον
900 4146 1238 4210 καταλύσων,
1292 4148 1386 4200 καὶ
1427 4147 1525 4211 τὰς
1573 4148 2008 4218 ἐπανισταμένας

432 4241 582 4314 αὐτῷ
616 4240 891 4310 δυνάμεις,
922 4238 987 4303 ἀς
1019 4237 1163 4303 εἰκός
1198 4240 1319 4293 κατ’
1356 4240 1525 4313 ἀρχὰς
1572 4241 1669 4311 μὲν
1702 4239 1877 4294 κοινὸν
1912 4241 2008 4297 άν-

433 4334 667 4406 θρωπον,
707 4333 801 4386 καὶ
831 4334 941 4394 τοῖς
980 4329 1191 4394 πολλοῖς
1221 4331 1404 4401 ὅμοιον
1436 4330 1598 4385 αὑτὸν
1627 4332 2004 4403 ὑπειληφέναι,

431 4425 574 4479 οὕτω
596 4442 656 4477 τε
679 4421 952 4477 κυκλῶσαι
978 4421 1139 4475 αὐτὸν
1170 4422 1263 4475 καὶ
1298 4420 1448 4475 ὡσάν
1497 4420 1575 4492 τῷ
1600 4422 1815 4492 τυχόντι
1842 4425 2006 4494 ἐφορ-

440 4518 639 4588 μῆσαι*
676 4514 797 4569 ἐπεὶ
833 4514 888 4568 δὲ
924 4514 1165 4583 ἔγνωσαν
1191 4514 1473 4586 κρείττονα
1507 4513 1539 4585 ἢ
1575 4513 1693 4568 κατ’
1724 4513 2007 4586 ἄνθρωπον

2122 1954 2212 1999 ιιιι·
2240 1960 2347 2000 una
2376 1960 2502 2000 cum
2548 1945 2669 2000 aliis
2709 1945 3197 2001 innumerabilibus
3220 1945 3421 2001 Christi
3454 1950 3694 2019 appella-

2122 2036 2396 2102 tionibus,
2433 2035 2635 2106 quibus
2670 2035 2820 2088 illum
2864 2037 3046 2091 divina
3091 2038 3313 2092 oracula
3359 2039 3690 2109 signiﬁcant,

2121 2126 2310 2181 eadem
2335 2126 2545 2180 ratione
2567 2134 2625 2179 ut
2652 2124 2824 2183 Judas
2849 2141 3065 2197 quoque
3095 2126 3150 2181 in
3172 2127 3240 2182 iis
3267 2145 3389 2198 quas
3412 2132 3574 2185 modo
3596 2147 3693 2185 ex.

2121 2220 2479 2291 ponebamus,
2503 2219 2573 2274 sit
2598 2219 2921 2289 appellatus,
2944 2219 3060 2274 ﬁeri
3093 2228 3290 2290 potest,
3311 2236 3434 2274 cum
3458 2222 3524 2276 de
3547 2224 3694 2276 tribu

2119 2309 2273 2366 Judae
2296 2312 2367 2366 sit
2390 2318 2571 2366 natus.
2598 2309 2825 2365 Constat
2853 2311 2997 2364 enim
3030 2327 3098 2365 ex
3126 2311 3408 2381 Apostolo,
3443 2311 3693 2367 Salvato-

2120 2417 2235 2456 rem
2266 2417 2331 2456 ac
2352 2400 2641 2455 Dominum
2666 2409 2913 2455 nostrum
2931 2399 2997 2456 de
3019 2402 3161 2457 tribu
3177 2400 3330 2456 Iudae
3351 2415 3530 2456 ortum
3549 2418 3692 2457 esse.

2120 2493 2260 2549 Huic
2289 2494 2453 2565 igitur
2493 2491 2666 2557 Judaa,
2728 2494 2773 2548 si
2836 2492 3133 2547 secundum
3168 2490 3489 2549 sententiam
3528 2494 3698 2547 inter-

2119 2595 2414 2659 pretemur,
2474 2585 2711 2655 reposita
2771 2592 2929 2639 erant
2996 2585 3108 2652 illa,
3164 2601 3285 2656 quae
3346 2585 3401 2639 in
3458 2584 3695 2655 prophe-

2118 2680 2193 2734 tia
2214 2678 2585 2733 continentur.
2616 2674 2721 2731 Sed
2751 2690 3001 2744 quaenam
3030 2676 3146 2731 ha:c
3167 2675 3428 2732 fuerunt?
3449 2675 3695 2730 Primum

2118 2770 2338 2841 quidem
2364 2803 2379 2833 ,
2411 2766 2554 2837 quod
2592 2754 2628 2820 a
2681 2764 2946 2821 fratribus
2994 2768 3112 2822 suis
3155 2777 3301 2824 esset
3351 2769 3693 2835 laudandus;

2118 2860 2315 2917 deinde
2345 2858 2494 2930 quod
2522 2872 2718 2912 manus
2752 2860 2808 2911 in
2837 2865 3048 2928 tergum
3085 2859 3433 2914 inimicorum
3468 2874 3693 2915 suorum

2117 2960 2264 3007 esset
2291 2951 2630 3021 injecturus;
2666 2956 2943 3018 postremo
2981 2951 3125 3020 quod
3159 2950 3472 3008 adorandus
3505 2968 3535 3007 a
3569 2952 3697 3009 ﬁliis

2118 3043 2292 3115 patris
2336 3041 2443 3098 sui.
2475 3040 2608 3108 Qua:
2639 3042 2805 3097 etiam
2846 3058 3006 3098 suum
3044 3043 3205 3099 ﬁnem
3240 3052 3533 3100 consecuta
3567 3055 3697 3102 sunt

2117 3151 2227 3207 quo
2265 3142 2544 3206 tempore,
2587 3133 2717 3188 dum
2758 3133 3114 3189 admirabiles
3144 3136 3374 3192 virtutes
3404 3145 3456 3191 et
3505 3138 3661 3207 prodi
3684 3168 3698 3178 -

2117 3230 2270 3301 giosa
2315 3227 2576 3282 miracula
2617 3227 2821 3293 ederet,
2854 3226 3201 3284 admirationi
3250 3236 3391 3296 erat,
3425 3240 3479 3285 et
3508 3230 3699 3285 lauda-

2118 3322 2297 3389 batur,
2326 3326 2380 3375 et
2421 3318 2752 3374 adorabatur
2785 3334 2817 3372 a
2858 3321 2975 3376 suis
3007 3320 3293 3391 discipulis
3324 3334 3378 3376 et
3410 3324 3695 3393 apostolis.

2117 3426 2255 3481 quos
2281 3410 2444 3466 etiam
2476 3408 2673 3463 fratres
2702 3424 2899 3464 vocare
2927 3425 3037 3464 non
3068 3421 3326 3480 gravatus
3356 3422 3460 3477 est,
3487 3413 3616 3468 dum
3640 3415 3698 3468 in

2115 3504 2328 3573 psalmo
2345 3503 2424 3557 sic
2445 3501 2603 3556 dicit:
2634 3501 3018 3556 «Annuntiabo
3033 3516 3228 3557 nomen
3258 3511 3409 3558 tuum
3436 3504 3697 3561 fratribus

2116 3598 2284 3665 meis;
2311 3596 2369 3651 in
2390 3595 2572 3651 medio
2592 3594 2853 3651 Ecclesia
2875 3595 3108 3650 laudabo
3130 3602 3180 3650 te
3206 3596 3273 3648 ⁸ο.
3311 3614 3329 3648 ι
3356 3594 3491 3650 Dum
3515 3606 3697 3654 autem

2117 3687 2297 3742 Mariae
2324 3697 2379 3743 et
2406 3686 2633 3757 reliquis
2678 3687 2999 3743 mulieribus
3033 3686 3284 3756 imperat,
3319 3694 3378 3740 ut
3402 3704 3523 3758 quae
3551 3690 3695 3745 bona

2117 3780 2353 3835 viderint
2382 3780 2653 3848 nuntient,
2681 3779 2838 3851 quasi
2867 3778 3126 3834 fratribus
3157 3780 3396 3833 nuntiari
3426 3781 3691 3852 imperat:

2114 3872 2276 3944 377
2306 3891 2325 3923 ‹
2360 3870 2636 3937 Nuntiate,
2681 3871 2875 3942 inquit,
2922 3870 3180 3925 fratribus
3230 3871 3388 3936 meis,
3427 3872 3572 3941 quod
3606 3888 3692 3929 as-

2114 3967 2289 4023 cendo
2324 3967 2392 4022 ad
2427 3965 2645 4020 Patrem
2669 3970 2945 4031 meum,et
2976 3962 3189 4017 Patrem
3223 3970 3489 4027 vestrum,
3520 3961 3692 4019 Deum

2115 4074 2320 4125 meum,
2351 4067 2407 4113 et
2441 4057 2610 4112 Deum
2637 4064 2877 4114 vestrum
2930 4056 2995 4108 ⁸¹.
3037 4074 3057 4106 ι
3112 4053 3202 4109 Sic
3229 4068 3361 4110 sane
3393 4054 3544 4108 illum
3575 4054 3691 4109 fra-

2116 4158 2228 4206 tres
2284 4150 2677 4205 miraculorum
2734 4148 2931 4219 gratia,
2985 4154 3243 4217 tanquam
3313 4145 3690 4201 admirabilem

2114 4245 2293 4297 virum
2346 4243 2612 4297 duntaxat
2669 4242 2736 4296 ab
2782 4240 2940 4295 initio
2998 4239 3317 4304 laudabant,
3353 4239 3553 4310 quippe
3596 4240 3690 4310 qui

2114 4352 2283 4391 unum
2309 4336 2545 4407 aliquem
2579 4335 2646 4390 de
2669 4333 2969 4404 prophetis,
2998 4340 3058 4386 ut
3089 4331 3385 4386 verisimile
3403 4339 3510 4396 est,
3535 4333 3691 4386 illum

2114 4442 2236 4483 esse
2282 4427 2719 4498 suspicarentur.
2756 4422 2863 4478 Sed
2904 4423 2996 4477 ubi
3046 4421 3261 4476 interim
3312 4420 3686 4484 admirabiles,

2115 4526 2169 4574 et
2197 4534 2414 4574 omnem
2450 4517 2608 4572 ﬁdem
2653 4523 2979 4585 superantes
3020 4513 3169 4568 illius
3201 4515 3445 4568 actiones
3468 4514 3689 4569 intuen-

424 4607 527 4687 μιαι-
545 4605 819 4677 θειοτέραν
847 4605 1028 4675 φύσιν,
1059 4606 1331 4677 τραπῆναι
1360 4606 1455 4660 καὶ
1475 4607 1543 4660 τά
1573 4606 1719 4660 νῶτα
1751 4622 2009 4678 παραχω-

2118 4618 2226 4675 tur,
2260 4618 2315 4665 et
2345 4607 2802 4680 quemadmodum
2838 4607 3120 4660 inimicum
3153 4613 3207 4660 et
3241 4606 3505 4670 ultorem,
3537 4619 3689 4660 mor-

438 4699 599 4772 ρῆσαι
628 4697 776 4769 αύτῷ
798 4738 812 4761 ,
853 4698 975 4752 καθ’
1002 4692 1076 4751 ὧν
1099 4697 1198 4762 τὰς
1228 4698 1414 4769 χεῖρας
1446 4699 1605 4768 ἀφεὶς
1622 4740 1636 4764 ,
1659 4702 1770 4764 τοῖς
1804 4698 2006 4764 ἐνθέοις

435 4790 597 4845 αὐτοῦ
629 4792 722 4845 καὶ
742 4793 1094 4862 ὴκονημένοις
1115 4792 1291 4862 βέλεσι
1326 4795 1624 4861 φεύγοντας
1651 4793 1900 4864 ἤλαυνεν,
1930 4794 2005 4857 ὡς

432 4884 520 4937 διὰ
552 4883 710 4937 τοῦτο
746 4883 1031 4955 εἰρῆσθαι·
1070 4903 1088 4936 ι
1120 4886 1182 4936 Αἱ
1225 4884 1405 4955 χεῖρές
1448 4898 1541 4937 σου
1579 4886 1672 4938 ἐπὶ
1694 4884 1865 4938 νώτου
1897 4885 2005 4938 τῶν

433 4975 641 5047 ἐχθρῶν
673 4993 789 5029 σου.
826 4995 845 5027 ι
873 4976 935 5029 Εἰ
965 4975 1022 5029 δέ
1056 4978 1151 5030 καὶ
1174 4975 1340 5029 εἰσέτι
1362 4974 1459 5029 νῦν
1493 4976 1675 5047 μυρίοι
1701 4975 1794 5028 τοῦ
1824 4977 2007 5047 Σωτῆ-

435 5083 526 5139 ρος
540 5067 573 5138 ἡ
582 5065 696 5137 μῶν
722 5060 925 5137 ἐχθροὶ,
948 5066 1043 5137 τὴν
1076 5067 1398 5139 Ἐκκλησίαν
1430 5066 1594 5121 αὐτοῦ
1617 5068 1757 5121 κατὰ
1780 5067 2006 5137 καιροὺς

433 5160 686 5232 πολεμεῖν
737 5157 1100 5231 ἐπιχειροῦσιν
1124 5200 1139 5225 ,
1190 5159 1323 5213 ἀλλά
1382 5159 1477 5213 καὶ
1519 5158 1742 5223 τούτους
1790 5158 2007 5230 ἀοράτῳ

432 5252 576 5323 χειρὶ
607 5251 701 5304 καὶ
730 5249 897 5322 ἐνθέῳ
924 5246 1148 5319 δυνάμει
1173 5251 1496 5322 τροποῦται,
1526 5251 1602 5314 ὡς
1623 5252 1717 5305 καὶ
1745 5252 1874 5322 περὶ
1903 5251 2005 5305 αύ-

432 5342 539 5397 τῶν
590 5342 839 5416 εἰρῆσθαι
894 5343 973 5395 τόδ
1014 5361 1033 5393 t
1081 5343 1144 5395 Ai
1177 5342 1358 5414 χεῖρες
1405 5356 1496 5394 σου
1535 5342 1628 5395 ἐπὶ
1680 5340 1851 5395 νώτου
1892 5340 2002 5394 τῶν

382 5424 405 5431 “’
432 5433 640 5506 ἐχθρῶν
681 5451 796 5488 σου.
840 5454 858 5485 ι
898 5433 1116 5506 Ἐπειδὴ
1149 5433 1204 5486 δὲ
1246 5435 1346 5506 ἥδη
1372 5432 1556 5487 λοιπὸν
1598 5432 1666 5487 τὰ
1712 5432 1854 5487 κατὰ
1898 5432 2006 5486 τῶν

430 5527 639 5600 ἐχθρῶν
686 5528 976 5599 νικητήρια
1015 5527 1340 5598 ἀπειλήφει,
1368 5526 1666 5597 τηνικαῦτα
1704 5524 2007 5599 ἐπληροῦτο

432 5622 524 5675 καὶ
545 5620 625 5685 τὸ,
648 5641 667 5673 ‹
704 5620 1145 5693 Προσκυνήσουσί
1178 5637 1238 5673 σε
1268 5620 1317 5673 οἱ
1346 5619 1451 5672 υἱοὶ
1475 5619 1566 5673 τοῦ
1594 5618 1806 5691 Πατρός
1835 5635 1949 5682 σου,
1982 5638 2000 5669 ι

500 5711 545 5746 ⁸⁷
585 5711 733 5768 Psal.
762 5729 912 5774 LXXI,
961 5712 1116 5770 841.
1193 5713 1238 5746 ⁸⁸
1274 5711 1423 5771 Psal.
1460 5726 1720 5775 uxxvm,
1751 5711 1843 5780 28,
1868 5712 1960 5768 29.
2036 5713 2083 5744 δ’
2122 5712 2254 5767 ibid.
2285 5711 2374 5774 57,
2401 5710 2488 5765 58.

2113 4709 2331 4771 temque
2361 4700 2548 4756 δεξιουΙί
2578 4699 2744 4769 hujus
2791 4698 3094 4763 dominum,
3131 4712 3240 4752 una
3290 4712 3416 4752 cum
3462 4696 3689 4766 reliquis

2113 4791 2485 4847 invisibilibus
2536 4798 2591 4846 et
2641 4790 2883 4849 inimicis
2923 4789 3285 4860 potestatibus
3313 4787 3686 4852 sustinuisset,

2114 4893 2232 4939 tum
2258 4898 2392 4939 vero
2422 4881 2591 4937 Deum
2617 4882 2771 4936 illum
2793 4898 2918 4938 esse
2945 4881 3252 4948 credentes,
3287 4879 3683 4934 adoraverunt:

2112 4989 2311 5029 manus
2339 4982 2521 5029 autem
2573 4973 2877 5027 Salvatoris
2924 4971 3095 5028 nostri
3133 4971 3189 5025 in
3233 4978 3388 5039 tergo
3430 4969 3685 5023 inimico-

2113 5082 2232 5122 rum
2280 5081 2506 5123 suorum
2555 5066 2727 5135 fuere,
2775 5080 2886 5135 quo
2919 5072 3162 5135 tempore
3208 5061 3464 5116 videlicet
3493 5076 3685 5117 omnes

2114 5161 2357 5217 actiones
2386 5176 2537 5225 suas,
2567 5169 2621 5215 et
2669 5159 2922 5222 virtutes,
2954 5164 3009 5212 et
3056 5163 3205 5226 gesta
3253 5154 3588 5227 prodigiosa,
3617 5154 3683 5207 ad

2113 5251 2376 5308 delendos
2425 5253 2701 5308 daemones
2735 5258 2791 5306 et
2829 5250 3097 5320 malignos
3149 5248 3377 5318 Spiritus
3431 5247 3685 5301 intende~

2084 5343 2224 5398 -bat.
2283 5343 2425 5410 Quin
2465 5344 2627 5398 etiam
2662 5358 2786 5397 cum
2837 5357 3031 5396 manus
3075 5355 3203 5395 suas
3248 5338 3598 5409 expandisset
3625 5338 3684 5395 in

2110 5448 2296 5493 cruce.
2329 5444 2441 5488 tum
2483 5447 2701 5503 quoque
2728 5446 2924 5486 manus
2955 5431 3095 5500 ejus,
3126 5428 3464 5500 fugientibus
3493 5428 3679 5483 inimi-

2111 5526 2193 5582 cis
2236 5533 2289 5582 et
2329 5526 2504 5582 eidem
2548 5532 2697 5596 terga
2746 5523 3028 5587 dantibus,
3061 5524 3117 5579 in
3147 5531 3301 5594 tergo
3334 5522 3681 5576 inimicorum

2113 5618 2357 5681 fuerunt,
2393 5618 2678 5689 magisque
2706 5618 2868 5672 etiam
2902 5630 3027 5670 cum
3054 5614 3204 5670 Patri
3233 5614 3448 5670 reddito
3465 5615 3682 5683 spiritu,

2596 5710 2641 5742 ⁵ο
2680 5708 2827 5765 Psal.
2855 5724 2977 5775 ιιι,
3006 5708 3097 5765 25.
3174 5711 3216 5742 ⁸¹
3257 5706 3415 5763 Joan.
3452 5723 3522 5762 rx
3546 5746 3561 5773 ,
3593 5705 3679 5762 17.

502 5800 579 5873 (1)
627 5802 843 5874 Ἠμῶν,
879 5804 1039 5862 Forte
1069 5805 1243 5878 ὑμῶν,
1273 5813 1333 5864 ut
1370 5812 1425 5862 et
1461 5807 1732 5879 interpres
1769 5806 1970 5878 legisse
2009 5825 2012 5834 ε

2115 5813 2240 5863 :tur.
2264 5803 2422 5860 Eutr.
