4098 6428
424 332 522 388 ενι

1059 322 1329 379 EUSLBll
1364 317 1844 378 CESARIENSIS
1882 318 2035 376 OPP.
2074 319 2257 375 PARS
2290 318 2356 376 il.
2400 348 2466 361 -ν
2505 315 3006 374 APOLOGETICA.

3576 314 3697 374 592.

426 457 481 506 et
503 462 617 507 sua
660 445 846 503 carnis
877 456 1094 514 expers,
1122 449 1176 496 et
1205 456 1272 497 eo
1297 438 1441 510 quod
1476 443 1849 504 assumpserat
1878 450 1999 490 cor-

2105 436 2303 500 πάντες
2331 434 2532 508 δηλαδὴ
2575 438 2623 489 σί
2652 434 2769 489 κατ’
2803 432 3029 503 οὐρανὸν
3059 431 3299 499 ἄγγελοι,
3326 430 3395 484 τά
3420 446 3480 483 τε
3515 430 3682 485 πνεύ-

425 559 559 618 pore
585 542 846 605 nudatus,
889 538 981 608 qui
1017 537 1134 606 ipsa
1171 537 1276 590 vita
1307 541 1442 596 erat,
1479 530 1544 585 ad
1578 530 1695 585 loca
1740 529 1995 583 inimico-

427 650 547 691 rum
566 631 870 694 descendit,
894 637 953 683 ut
966 636 1019 683 et
1038 637 1266 683 mortem
1281 633 1335 679 et
1347 624 1585 693 reliquas
1598 638 1717 693 quae
1732 622 1995 677 adversus

424 731 604 801 ipsum
627 728 976 781 surrexerunt
1007 726 1326 790 potestates,
1354 716 1682 787 dissiparet;
1711 732 1848 788 quas
1872 714 1996 786 qui-

424 823 548 877 dem
570 817 863 875 verisimile
893 823 976 869 est
994 826 1338 868 communem
1362 810 1652 880 quemdam
1688 810 1986 872 hominum,

423 929 487 969 ac
516 912 747 983 reliquis
776 907 1010 965 similem
1047 915 1195 960 ratas
1229 919 1351 959 esse
1373 903 1549 969 illum,
1579 902 1764 972 itaque
1785 901 1994 955 circum

424 1005 675 1061 eumdem
703 1001 944 1064 stetisse,
977 1009 1030 1052 et
1055 997 1212 1068 quasi
1249 1009 1415 1075 unum
1433 994 1501 1049 de
1534 993 1720 1047 multis
1750 991 1991 1054 adortus,

426 1104 589 1167 atque
616 1094 709 1150 ubi
741 1091 1181 1163 praestantiorem
1212 1087 1553 1158 agnoverint,
1574 1101 1736 1156 quam
1757 1093 1816 1138 ut
1834 1085 1995 1138 homo

424 1188 727 1246 existimari
754 1195 961 1257 posset,
993 1199 1058 1238 ac
1084 1182 1343 1237 diviniori
1384 1188 1577 1235 natura
1608 1178 1911 1248 praeditum,
1943 1184 1999 1231 et

424 1295 721 1337 conversas
754 1293 878 1334 esse
925 1283 979 1331 et
1007 1284 1161 1345 terga
1208 1273 1286 1327 illi
1330 1271 1571 1336 dedisse,
1610 1277 1805 1324 contra
1856 1281 1996 1338 quas

427 1370 690 1427 immissis
733 1368 1008 1431 manibus,
1051 1363 1251 1420 divinis
1281 1363 1397 1417 suis
1436 1367 1491 1415 et
1536 1360 1711 1414 aeutis
1758 1357 1991 1428 sagittis,

427 1463 700 1534 fugientes
732 1459 936 1530 exegit,
966 1466 1025 1513 ut
1056 1463 1344 1528 propterea
1374 1453 1582 1508 dictum
1608 1453 1713 1507 sit:
1753 1470 1771 1502 ‹
1802 1450 1997 1505 Manus

428 1563 534 1609 tua:
566 1553 624 1608 in
675 1561 827 1622 tergo
858 1549 1208 1605 inimicorum
1239 1555 1483 1601 tuorum.
1511 1565 1531 1598 ι
1569 1543 1725 1611 Quod
1753 1542 1800 1599 si
1828 1542 1995 1598 etiam

428 1661 576 1702 nunc
610 1641 1044 1700 innumerabiles
1070 1638 1371 1694 Salvatoris
1416 1636 1593 1692 nostri
1624 1634 1856 1697 inimici,
1885 1631 1996 1687 Ec-

427 1737 651 1794 clesiam
677 1736 797 1805 ejus
825 1733 993 1788 variis
1028 1729 1416 1785 occasionibus
1444 1741 1761 1798 Oppugnarc
1786 1740 1995 1779 conan-

426 1839 539 1893 tur,
567 1836 810 1882 attamen
840 1825 941 1880 hos
987 1837 1206 1893 quoque
1248 1820 1508 1875 invisibili
1538 1818 1773 1889 quadam
1805 1830 1891 1870 ma

425 1929 479 1975 et
502 1935 602 1976 sua
636 1919 818 1975 divina
844 1918 1044 1973 virtute
1067 1916 1119 1969 in
1153 1913 1335 1984 fugam
1358 1911 1540 1975 vertit,
1566 1918 1626 1964 ut
1657 1909 1726 1964 de
1756 1909 1844 1963 bis
1866 1909 1994 1963 item

424 2016 628 2072 dictum
656 2012 728 2068 sit
750 2010 883 2064 illud
915 2023 929 2061 :
968 2026 987 2058 ι
1032 2005 1224 2060 Manus
1247 2012 1354 2059 tuae
1379 2004 1433 2058 in
1454 2010 1609 2073 tergo
1641 2001 1994 2055 inimicorum

425 2116 666 2161 tuorum.
711 2121 730 2155 ι
766 2099 868 2155 Ubi
901 2114 1031 2153 vero
1056 2098 1193 2167 jam,
1243 2095 1389 2166 quod
1440 2093 1711 2163 reliquum
1756 2090 1877 2159 fuit,
1910 2092 1996 2146 in-

424 2197 602 2269 signia
636 2195 784 2249 illius
811 2191 1057 2248 victoriae
1088 2188 1347 2259 praiclara
1377 2185 1445 2240 de
1483 2186 1734 2240 hostibus
1765 2184 1993 2253 recepit,

423 2301 538 2345 tum
568 2302 697 2344 vero
723 2285 856 2341 illud
882 2283 1213 2353 completum
1245 2287 1331 2335 est
1364 2297 1376 2333 :
1410 2296 1429 2329 ι
1462 2276 1782 2330 Adorabunt
1816 2282 1868 2330 te
1899 2274 1996 2329 lilii

423 2382 597 2453 patris
624 2380 728 2441 tui,
764 2396 783 2429 ι
820 2390 1012 2431 omnes
1039 2371 1311 2437 videlicet,
1344 2371 1437 2441 qui
1470 2370 1525 2424 in
1556 2368 1698 2424 coelo
1744 2377 1873 2423 sunt
1898 2382 1996 2421 an-

422 2470 548 2542 geli,
580 2469 919 2540 spiritusque
951 2462 1334 2525 inservientes,
1368 2475 1432 2514 ac
1452 2459 1650 2515 divinae
1673 2464 1993 2529 potestates,

422 2576 638 2618 necnon
693 2559 952 2629 degentes
982 2556 1039 2610 in
1081 2562 1225 2608 terra
1280 2551 1513 2621 apostoli
1544 2558 1598 2606 et
1625 2548 1993 2618 evangelista,

423 2661 550 2727 post
579 2666 719 2723 quos
746 2649 1060 2719 quicunque
1089 2661 1184 2716 per
1215 2645 1415 2715 ipsum,
1480 2638 1577 2697 uni
1623 2649 1678 2695 et
1720 2640 1825 2697 soli
1867 2654 1997 2694 vero

424 2744 574 2798 Patri
599 2742 709 2797 Deo
741 2741 950 2810 seipsos
981 2736 1327 2795 addixerunt,
1352 2734 1445 2803 qui
1469 2732 1689 2803 quidem
1717 2730 1806 2785 ubi
1824 2728 1994 2785 Deum

425 2836 663 2894 Verbum
696 2832 977 2889 Christum
1018 2843 1140 2885 esse
1167 2825 1432 2888 didicere,
1481 2832 1596 2878 tum
1641 2837 1702 2879 se
1748 2822 1902 2876 illum
1937 2830 1997 2876 ut

427 2930 597 2985 Deum
630 2924 861 2981 adorare
887 2919 1124 2978 confessi
1148 2925 1299 2974 sunt.
1330 2916 1498 2987 378
1526 2913 1634 2971 Sed
1657 2914 1915 2985 quoniam
1945 2922 1998 2967 et

424 3030 579 3077 ortus
602 3016 848 3089 ejusdem
882 3022 936 3070 et
960 3011 1154 3067 mortis
1184 3009 1469 3080 mysteria,
1498 3007 1692 3063 eadem
1714 3006 1997 3078 prephetia

426 3108 712 3182 complecti
739 3105 1046 3177 Oportebat,
1074 3103 1268 3157 merito
1295 3110 1419 3171 post
1446 3100 1536 3154 illa
1569 3114 1691 3169 qua:
1716 3098 1829 3169 jam
1854 3096 1998 3153 dicta

2101 544 2245 598 ματα
2281 526 2348 579 τά
2381 523 2759 597 λειτουργικὰ,
2799 525 2891 577 καί
2929 524 2985 576 αί
3017 520 3158 573 θεῖαι
3201 519 3463 591 δυνάμεις
3487 559 3501 583 ,
3545 518 3600 573 οῖ
3620 536 3680 573 τε

2097 620 2191 673 ἐπὶ
2217 619 2321 688 γῆς
2358 618 2643 672 ἀπόστολοι
2679 616 2773 670 καὶ
2803 612 3226 683 εὐαγγελισταὶ,
3261 612 3358 665 καὶ
3391 612 3531 682 μετά
3556 613 3681 665 τού-

2095 726 2220 772 τους
2267 710 2505 771 ἅπαντες
2551 708 2602 759 οί
2644 704 2703 772 ἐξ
2749 704 2916 758 ἐθνῶν
2963 704 3028 756 δι’
3081 700 3278 767 αὐτοῦ,
3324 702 3416 755 τὸν
3453 702 3549 756 ἕνα
3585 704 3682 755 καὶ

2101 802 2259 873 μόνον
2300 799 2471 870 ἀληθῆ
2518 798 2739 869 Πατέρα
2779 796 2912 849 Θεὸν
2954 791 3418 866 ὲπιγραψάμενοι,
3449 794 3677 857 οἵτινες,

2096 892 2227 945 Θεὸν
2261 882 2585 959 Λόγονᾝντα
2613 888 2703 941 τὸν
2733 886 2963 957 Χριστὸν
2998 884 3404 956 μεμαθηκότες,
3438 884 3514 948 ὡς
3547 883 3680 937 Θεὸν

2098 984 2420 1054 προσκυνεῖν
2446 979 2606 1033 αὑτὸν
2634 973 3038 1049 ὁμολογοῦνται.
3073 976 3210 1029 Ἀλλ’
3244 976 3367 1029 ἐπεὶ
3389 975 3555 1047 ἐχρῆν
3584 974 3679 1028 καὶ

2095 1076 2166 1129 τά
2192 1075 2288 1145 τῆς
2312 1072 2576 1143 γενέσεως
2604 1069 2768 1125 αὐτοῦ
2796 1069 2891 1123 καὶ
2914 1069 2982 1123 τά
3017 1068 3111 1122 τοῦ
3148 1066 3381 1122 θανάτου
3406 1067 3681 1139 μυστήρια

2095 1169 2161 1238 τῇ
2211 1166 2337 1238 περὶ
2386 1163 2552 1218 αὑτοῦ
2602 1162 2909 1233 προφητείᾳ
2955 1158 3415 1231 συμπεριλαϐεῖν,
3455 1159 3678 1223 εἰκότως

2100 1257 2238 1329 μετά
2273 1257 2342 1309 τά
2388 1253 2761 1327 προειρημένα
2791 1253 3058 1318 θεσπίζων
3092 1254 3120 1305 ὁ
3165 1251 3357 1306 Ἰακὼϐ
3402 1251 3673 1319 ἐπιλέγει·

2102 1347 2376 1418 «Σκύμνος
2408 1345 2618 1409 λέοντος
2645 1344 2835 1408 Ἰούδα,
2854 1344 2918 1397 ἐκ
2935 1342 3186 1414 βλαστοῦ,
3209 1342 3292 1395 υἱέ
3312 1358 3434 1413 μου,
3458 1340 3677 1410 ἀνέϐης,

2097 1437 2384 1493 ἀναπεσὼν
2420 1436 2719 1508 ἐκοιμήθης
2743 1435 2817 1499 ὡς
2845 1435 3004 1499 λέων,
3042 1435 3137 1487 καὶ
3172 1433 3247 1496 ὡς
3278 1432 3518 1503 σκύμνος
3550 1448 3563 1461 θ
3595 1431 3678 1496 τίς

2098 1525 2281 1594 ἐγερεῖ
2317 1521 2506 1585 αύτόνς
2546 1541 2564 1572 ι
2598 1520 2705 1573 Σκύ
2716 1536 2843 1590 μνον
2874 1518 2972 1590 μὲν
3009 1514 3101 1573 οὖν
3133 1518 3345 1580 λέοντος
3369 1516 3530 1570 αὑτὸν
3558 1516 3676 1569 ὀνοο

2101 1616 2262 1689 μάζει
2283 1657 2297 1682 ,
2322 1614 2409 1668 διά
2441 1614 2502 1667 τὸ
2538 1616 2602 1666 ἐκ
2643 1610 2926 1682 βασιλικῆς
2961 1607 3122 1663 αὑτὸν
3159 1606 3442 1675 γεγονέναι
3471 1605 3673 1676 φυλῆς·

2098 1705 2162 1757 ἐκ
2180 1703 2493 1773 σπέρματος
2524 1697 2655 1767 γοῦν
2687 1693 2754 1767 ἦν
2783 1695 2877 1749 τοῦ
2896 1693 3064 1748 Δαϐὶδ
3097 1692 3240 1746 κατά
3269 1692 3446 1764 σάρκα
3476 1707 3490 1721 ·
3522 1708 3541 1741 ι
3583 1690 3677 1744 Ἐκ

1897 1831 1991 1878 nu,
2028 1815 2069 1869 υ
2100 1793 2326 1866 βλαστοῦ
2370 1793 2427 1846 δὲ
2464 1790 2683 1862 ἀνέϐης,
2728 1787 2810 1840 υίέ
2859 1803 2979 1858 μου,
3022 1805 3040 1837 ι
3092 1785 3288 1855 φησὶν,
3336 1781 3566 1853 ἐπείπερ
3613 1784 3678 1834 ὲκ

2098 1865 2410 1949 σπέρματος
2457 1876 2552 1929 καὶ
2599 1873 2753 1947 ῥίζης
2794 1871 2887 1925 τοῦ
2943 1869 3117 1924 ταῦτα
3158 1865 3676 1940 προαναφωνοῦντος

2112 1962 2306 2017 Ἰακὼϐ
2344 1962 2515 2030 ἀνέφυ
2536 1999 2551 2023 ,
2588 1960 2851 2031 πρότερον
2891 1955 2990 2027 μὲν
3024 1954 3158 2017 Θεὸς
3184 1953 3356 2022 Λόγος
3384 1951 3459 2004 ὢν
3480 1991 3496 2015 ,
3526 1949 3678 2018 γενόο

2103 2071 2262 2124 μενος
2298 2053 2354 2107 δὲ
2396 2052 2645 2123 δεύτερον
2683 2051 2796 2113 υἱὸς
2843 2046 3149 2119 ἀνθρώπου,
3184 2045 3250 2099 δι’
3283 2045 3352 2116 ἣν
3393 2042 3679 2108 ἀνεδέξατο

2098 2145 2238 2216 ὑπὲρ
2284 2143 2442 2216 ἡμῶν
2480 2141 2809 2212 οίκονομίαν.
2841 2139 2941 2208 Είη
2987 2137 3032 2191 δ’
3070 2135 3135 2190 ἂν
3175 2136 3269 2189 καὶ
3306 2133 3399 2188 τοῦ
3445 2133 3675 2188 Θανάτου

2098 2237 2263 2292 αὑτοῦ
2294 2235 2587 2309 δηλωτικὸν
2609 2234 2716 2298 τὸ,‹
2741 2229 3056 2285 Ἀναπεσὼν
3092 2228 3390 2300 ἐκοιμήθης
3417 2227 3492 2291 ὡς
3516 2226 3674 2289 λέων,

2097 2329 2191 2381 καὶ
2222 2327 2297 2391 ὼς
2325 2326 2580 2397 σκύμνος,
2622 2344 2639 2375 ι
2674 2323 2734 2388 ἐξ
2772 2323 2923 2387 ἔθους
2941 2322 3040 2392 τῆς
3074 2320 3313 2390 Γραφῆς,
3336 2319 3478 2372 κατὰ
3512 2334 3564 2370 τι
3596 2316 3675 2370 ol-

2096 2415 2243 2465 κεῖον
2284 2410 2544 2482 θεώρημα
2566 2450 2580 2473 ,
2609 2408 2701 2461 τὸν
2731 2407 2958 2462 θάνατον
2993 2406 3087 2459 καὶ
3122 2405 3216 2455 ἐπὶ
3259 2401 3466 2473 μυρίων
3505 2399 3679 2454 ἀλλων

2097 2501 2353 2573 κοίμησιν
2391 2497 2789 2568 ἀποκαλούσης.
2819 2497 2894 2549 Τὸ
2928 2496 3008 2561 δὲ,
3058 2513 3074 2547 ι
3103 2494 3199 2557 Τίς
3224 2494 3408 2564 ἐγερεῖ
3434 2490 3629 2554 αὑτόν;
3655 2506 3673 2538 ι

2098 2586 2227 2652 περὶ
2258 2585 2360 2655 τῆς
2392 2585 2456 2636 ἐκ
2487 2581 2692 2653 νεκρῶν
2725 2581 3075 2643 ἀναστάσεως
3102 2576 3265 2633 αὑτοῦ
3295 2574 3681 2646 θαυμαστικῶς

2098 2675 2333 2745 εἴρηται.
2388 2672 2847 2744 Ἐγερθησόμενον
2895 2668 3004 2741 γὰρ
3047 2667 3207 2721 αὑτὸν
3246 2666 3431 2736 σαφῶς
3470 2659 3609 2718 οἶδεν
3650 2664 3680 2716 ὀ

2099 2768 2322 2834 φάσκων
2341 2803 2356 2827 ,
2405 2782 2422 2815 ι
2444 2763 2539 2824 Τίς
2556 2763 2738 2834 ἐγερεῖ
2760 2759 2954 2825 αὑτόν;
2989 2777 3007 2807 ι
3044 2754 3428 2827 θαυμαστικῶς
3449 2753 3507 2807 δὲ
3556 2754 3684 2806 ἐπιο-

2097 2849 2242 2916 λέγει
2290 2849 2369 2911 τὸ,
2396 2846 2487 2910 Τίς
2533 2846 2639 2917 ἄρα
2682 2845 2711 2897 ὀ
2753 2843 2909 2897 τοῦτο
2947 2841 3186 2910 ποιήσων
3231 2838 3324 2892 καὶ
3363 2838 3682 2908 ἀγαπήσων

2098 2934 2280 2997 αὑτὸν,
2312 2933 2457 3002 ἡμᾶς
2486 2930 2579 2983 ἐπὶ
2610 2928 2671 2984 τὸ
2692 2927 2873 3000 ζητεῖν
2900 2925 3202 2996 διεγείρων,
3221 2923 3304 2987 τίς
3328 2921 3393 2975 ἂν
3420 2918 3504 2992 εἴη
3535 2922 3565 2973 ὀ
3591 2918 3681 2972 τὸν

2099 3025 2303 3096 Κύριον
2334 3021 2490 3093 ἡμῶν
2522 3021 2614 3075 τὸν
2652 3021 2792 3091 ὑπὲρ
2812 3017 2968 3090 ἡμῶν
2998 3016 3226 3070 θάνατον
3258 3012 3677 3096 ἀναδεξάμενον,

2102 3113 2166 3165 ἐκ
2191 3094 2411 3177 νεκρῶν
2459 3107 2798 3176 ἀναστήσων.
2859 3103 2954 3166 Τίς
2976 3101 3019 3154 δ’
3043 3101 3108 3155 ἂν
3142 3101 3227 3171 εἴη
3259 3097 3416 3160 ἀλλος
3450 3097 3482 3167 ἢ
3516 3098 3545 3149 ὀ
3570 3094 3681 3149 τῶν

427 3177 571 3260 ευηί
590 3200 899 3255 vaticinans
930 3194 1122 3260 Jacob,
1174 3193 1422 3264 adjungit
1460 3211 1473 3247 :
1509 3209 1526 3243 ι
1567 3191 1795 3246 Catulus
1824 3188 1998 3245 leonis

2104 3193 2241 3249 ὅλων
2272 3192 2403 3256 Θεὸς
2443 3191 2536 3243 καὶ
2580 3188 2770 3260 Πατὴρ
2804 3185 2990 3250 αὐτοῦ,
3015 3178 3059 3252 ᾧ
3095 3183 3241 3255 μόνῳ
3268 3180 3549 3236 ἀναθετέον
3579 3177 3678 3249 τὴν

425 3294 588 3359 Juda,
615 3291 681 3347 de
696 3290 957 3362 germine,
986 3286 1056 3340 lili
1086 3286 1178 3351 mi,
1196 3284 1511 3349 ascendisti,
1542 3282 1864 3338 recumbens
1880 3281 2000 3336 dor-

427 3385 630 3440 mivisti
658 3390 718 3437 ut
742 3381 846 3442 leo,
868 3386 922 3435 et
957 3386 1016 3432 ut
1036 3376 1253 3432 catulus
1288 3391 1303 3431 :
1333 3374 1458 3445 quis
1486 3372 1746 3429 excitabit
1776 3371 1935 3427 eum?
1975 3388 1994 3422 ι

426 3478 683 3534 Catulum
726 3475 910 3544 itaque
955 3469 1132 3525 leonis
1177 3469 1354 3538 ipsum
1399 3467 1668 3531 nominat,
1707 3473 1999 3536 propterea

427 3567 575 3640 quod
596 3567 665 3623 de
692 3566 841 3637 regia
871 3564 1016 3619 tribu
1044 3561 1117 3616 sit
1144 3567 1329 3616 natus.
1366 3558 1440 3614 De
1472 3559 1681 3615 semine
1706 3557 1874 3629 igitur
1894 3555 2002 3610 Da-

426 3662 519 3718 vid
554 3660 657 3716 l'uit
686 3658 899 3713 ratione
939 3656 1210 3724 corporis,
1233 3670 1254 3704 ι
1281 3650 1349 3707 de
1363 3650 1608 3722 germine
1637 3669 1657 3703 ι
1680 3657 1885 3716 autem,
1914 3650 2000 3703 in-

427 3748 565 3820 quit,
594 3765 615 3799 ‹
653 3745 727 3799 [ili
749 3744 843 3810 mi,
868 3741 1182 3805 ascendisti,
1201 3759 1220 3793 ι
1253 3741 1510 3811 quoniam
1531 3738 1599 3794 de
1623 3738 1832 3794 semine
1844 3746 1895 3794 et
1910 3754 1990 3791 ra~

429 3842 552 3897 dice
591 3838 734 3910 ejus,
780 3836 876 3909 qui
933 3836 1050 3890 haec
1101 3833 1430 3905 prtediecbat
1466 3830 1657 3899 Jacob,
1688 3832 1999 3903 pullulavit,

428 3948 555 3988 cum
586 3931 739 4002 prius
768 3927 988 4000 quidem
1012 3934 1162 3982 esset
1182 3925 1328 3980 Deus
1364 3923 1626 3990 Verbum,
1662 3932 1854 3994 postea
1872 3938 2003 3978 vero

428 4026 592 4080 etiam
623 4022 800 4077 Filius
828 4018 1064 4075 hominis
1095 4017 1166 4074 sit
1188 4016 1390 4084 factus,
1422 4024 1649 4087 propter
1686 4031 1807 4072 eam
1837 4030 2002 4087 quam

430 4130 530 4186 pro
558 4114 717 4169 nobis
743 4111 1062 4182 assumpsit,
1095 4108 1583 4180 dispensationem.
1618 4106 1805 4165 Potest
1833 4108 2002 4163 etiam

430 4211 663 4260 mortem
688 4200 931 4273 ejusdem
950 4196 1260 4271 signiﬁcare
1287 4196 1450 4254 illud:
1470 4216 1488 4248 ‹
1514 4194 1860 4252 Recumbens
1874 4196 2006 4252 dor-

432 4294 635 4350 mivisti
686 4300 747 4349 ut
774 4292 879 4357 leo,
937 4298 992 4346 et
1032 4299 1094 4345 ut
1138 4289 1373 4353 catulus,
1408 4307 1428 4339 ι
1465 4302 1531 4344 ex
1564 4287 1798 4360 quadam
1832 4288 2006 4359 ipsius

436 4384 735 4454 Scriptura:
764 4380 1184 4445 consuetudine,
1230 4394 1351 4450 quae
1390 4393 1489 4433 sua
1518 4376 1755 4448 quadam
1787 4380 2006 4449 propria

434 4474 888 4539 consideratione,
915 4472 1080 4528 etiam
1118 4471 1266 4525 mille
1299 4469 1424 4525 aliis
1469 4470 1524 4524 in
1583 4469 1717 4525 locis
1748 4477 2003 4533 mortem,

434 4566 819 4623 dormitionem
888 4576 1254 4633 somnumque
1304 4561 1559 4630 appellat.
1609 4558 1744 4615 Illud
1794 4567 1999 4626 autem,

2113 4565 2210 4636 μὲν
2276 4557 2370 4618 οῦν
2428 4557 2606 4614 πάντα
2668 4551 3032 4625 προαπέκειτο
3089 4545 3166 4616 τῷ
3228 4545 3448 4615 Χριστῷ

438 4676 461 4713 ι
493 4656 629 4726 Quis
657 4653 917 4713 excitabit
968 4653 1132 4708 eum?
1170 4672 1188 4706 ι
1218 4651 1287 4707 de
1321 4651 1497 4707 reditu
1526 4651 1647 4721 ejus
1675 4667 1704 4705 a
1739 4659 1915 4707 morte
1936 4651 2007 4706 ad

433 4753 602 4808 vitam
625 4764 751 4804 cum
777 4745 1139 4803 admiratione
1165 4743 1371 4800 dictum
1397 4751 1502 4800 est.
1533 4742 1591 4798 Si
1618 4743 1839 4815 quidem
1866 4744 2011 4799 exei-

434 4842 663 4899 tandum
695 4839 762 4893 ad
791 4840 960 4895 vitam
985 4837 1137 4892 illum
1164 4836 1324 4907 plane
1352 4836 1521 4901 novit,
1546 4836 1641 4909 qui
1670 4838 1744 4891 ait
1772 4853 1784 4888 :
1818 4854 1837 4888 ‹
1873 4836 2007 4902 Quis

435 4939 695 4997 excitabit
734 4935 953 5009 ipsum?
993 4953 1013 4987 ι
1042 4949 1165 4989 cum
1199 4933 1556 4988 admiratione
1595 4948 1728 4988 vero
1776 4933 2013 4988 interro-

436 5044 549 5106 gat,
579 5033 833 5105 quisnam
865 5030 970 5085 hoc
1000 5027 1250 5083 facturus
1280 5027 1353 5082 sit
1390 5035 1554 5097 atque
1601 5027 1755 5081 illum
1793 5026 2002 5081 excita-

436 5137 616 5191 turus,
656 5132 716 5180 ut
764 5125 846 5180 sic
887 5137 990 5178 nos
1018 5121 1087 5175 ad
1126 5120 1477 5191 quaerendum
1511 5120 1722 5184 invitet,
1753 5121 2008 5190 quisnam

2100 3283 2195 3337 τοῦ
2241 3282 2492 3354 Σωτῆρος
2533 3279 2687 3351 ἡμῶν
2730 3279 3046 3341 ἀνάστασιν,
3099 3274 3238 3328 κατά
3276 3271 3376 3344 τὴν
3416 3270 3675 3337 λέγουσαν

2100 3374 2344 3448 Γραφὴν,
2367 3393 2386 3425 ι
2411 3374 2551 3427 Ὂνό
2572 3370 2759 3442 Πατὴρ
2786 3370 3003 3441 ῆγειρεν
3029 3368 3093 3420 ἐκ
3118 3364 3327 3437 νεκρῶν
3348 3380 3364 3431 ;
3400 3382 3416 3413 ι
3454 3359 3598 3413 Ἀντὶ
3618 3357 3677 3412 δὲ

2100 3469 2218 3533 τοῦ,
2249 3488 2267 3520 ι
2294 3466 2539 3539 Σκύμνος
2569 3465 2779 3528 λέοντος
2821 3461 3011 3526 Ἰούδα,
3057 3462 3121 3515 ἐκ
3166 3456 3417 3531 βλαστοῦ,
3445 3453 3527 3509 υίέ
3553 3470 3678 3525 μου,

2102 3560 2321 3632 ἀνέϐης,
2346 3556 2634 3614 ἀναπεσὼν
2656 3555 2979 3627 ἐκοιμήθης,
3009 3574 3027 3605 ι
3054 3549 3510 3624 ἐμφαντικώτατα
3533 3549 3562 3601 ὀ
3584 3545 3683 3617 μὲν

2116 3651 2342 3713 Ἀκύλας
2381 3649 2512 3720 φησί
2552 3665 2566 3678 ⁸
2593 3666 2612 3699 ι
2644 3644 2852 3711 Σκύλαξ
2879 3643 3087 3706 λέοντος
3148 3640 3348 3703 Ἰούδα,
3387 3637 3497 3692 ἀπὸ
3542 3634 3683 3689 ἀλώ-

2107 3760 2243 3806 σεως
2262 3783 2277 3808 ,
2310 3741 2392 3794 υίέ
2422 3757 2527 3812 μου
2547 3780 2562 3804 ,
2596 3736 2792 3807 ἀνέϐης
2812 3776 2827 3801 ,
2864 3734 3086 3806 κάμψας
3108 3729 3434 3800 κατεκλίθης
3458 3747 3472 3760 ·
3512 3748 3533 3782 ι
3570 3727 3601 3781 ὀ
3623 3727 3683 3780 δὲ

2104 3831 2395 3904 Σύμμαχός
2431 3846 2562 3902 φησι
2585 3844 2598 3860 ·
2646 3846 2664 3879 ι
2700 3825 2945 3897 Σκύμνος
2975 3824 3187 3887 λέοντος
3226 3820 3431 3886 Ἰούδα,
3478 3820 3543 3872 ἐκ
3588 3816 3687 3888 θη·-

2107 3922 2437 3995 ριαλώσεως,
2466 3921 2551 3975 υἱέ
2576 3938 2697 3992 μου,
2727 3918 2945 3989 ἀνέϐης,
2966 3916 3202 3979 ὀκλάσας
3229 3910 3531 3986 ηδράσθης’
3572 3929 3591 3962 ι
3616 3909 3686 3963 δι’

2105 4012 2180 4072 ὧν
2213 4015 2756 4087 σαφῶςκπαρίσταται
2786 4013 2821 4084 ἡ
2855 4012 2920 4064 ἐκ
2939 4009 3146 4081 νεκρῶν
3168 4007 3463 4069 ἀνάστασις
3481 4045 3497 4067 ,
3527 4002 3621 4057 καὶ
3650 4002 3684 4071 ή

2107 4111 2165 4177 ἐξ
2195 4110 2348 4182 ᾇδου,
2380 4109 2568 4179 ὥσπερ
2600 4105 2664 4160 ἐκ
2686 4121 2832 4168 τινος
2862 4100 3246 4175 θηριαλώτεως
3269 4140 3284 4162 ,
3312 4095 3405 4150 τοῦ
3434 4093 3687 4163 Σωτῆρος

2107 4180 2264 4274 ἡμῶν
2293 4199 2570 4270 ἀποφυγή.
2598 4198 2671 4251 Τὸ
2696 4196 2754 4250 δέ
2783 4194 3032 4256 ὀκλάσαι,
3059 4192 3152 4245 καὶ
3171 4185 3515 4260 ἑδρασθῆναι,
3550 4180 3684 4234 ἀλλά

2211 4294 2561 4355 καταπεσεῖν,
2591 4286 2727 4360 ὀμοῦ
2750 4287 2842 4340 τὸν
2867 4283 3095 4339 θάνατον
3115 4280 3279 4367 ἔδειξε
3299 4275 3385 4330 διὰ
3407 4274 3502 4367 τοῦ
3524 4272 3682 4367 ὀκλά-

2110 4355 2199 4432 σαί
2225 4395 2238 4408 ·
2284 4377 2379 4432 καὶ
2410 4376 2471 4428 τὸ
2515 4374 2590 4446 μὴ
2629 4355 2980 4440 ’ὑποσυρῆναι
3025 4363 3226 4436 ὁμοίως
3263 4363 3384 4422 ταῖς
3430 4357 3537 4409 τῶν
3576 4355 3685 4446 λοι-

2109 4470 2228 4525 πῶν
2275 4467 2574 4541 ἀνθρώπιον
2620 4464 2854 4535 ψυχαῖς,
2904 4458 2989 4512 διὰ
3032 4454 3123 4509 τοῦ
3168 4450 3455 4525 ήδρὰσθαι.
3501 4445 3686 4502 Ταῦτα

3411 4539 3448 4608 ᾦ
3471 4556 3485 4571 ⁸
3544 4538 3684 4608 πλὴν

2111 4632 2217 4720 ἐ«ἕως
2266 4653 2478 4709 οὐδέπω
2540 4648 2726 4710 τέλους
2780 4642 3074 4712 ἐτύγχανε,
3128 4636 3188 4690 τὸ
3253 4632 3517 4690 Ἰουδαίων
3564 4647 3687 4683 συν-

2112 4752 2353 4823 ειστήκει
2385 4746 2534 4802 ἔθνος
2557 4787 2572 4809 ,
2608 4742 2701 4797 καὶ
2722 4742 2771 4794 οἱ
2805 4737 2864 4802 ἐξ
2889 4734 3066 4790 αὐτῶν
3105 4732 3362 4823 ἀρχοντες
3404 4727 3498 4780 καὶ
3526 4722 3690 4823 ἡγού-

2116 4811 2287 4914 μενοί,
2336 4838 2392 4890 οἵ
2439 4851 2500 4889 τε
2555 4827 3033 4901 ὲξακριϐαζόμενοι
3094 4821 3192 4885 τάς
3246 4818 3394 4881 θείας
3452 4811 3689 4874 συνετῶς

2115 4905 2356 5004 περὶτοῦ
2394 4922 2628 4998 Χριστοῦ
2664 4916 2999 4992 προφητείας
3042 4914 3336 4984 διέπρεπον
3381 4909 3439 4961 ἐν
3484 4905 3687 4967 αὐτοῖς.

2127 4996 2278 5079 Ἐπεὶ
2300 5021 2359 5075 δὲ
2387 4996 2613 5091 ἐλῆλυθε
2639 5016 2708 5069 τὰ
2741 5009 3075 5080 ἀποκείμενα
3100 5004 3179 5077 τῷ
3215 5001 3405 5072 Ἰούδᾳ,
3433 4996 3613 5091 ὲςράνη
3629 5011 3689 5046 τε

2117 5118 2212 5171 ἐπὶ
2247 5116 2349 5185 γῆς
2377 5115 2407 5166 6
2441 5085 2910 5183 προφητευόμενος
2943 5104 3009 5154 ἐκ
3057 5097 3371 5185 σπέρματος
3421 5090 3516 5144 καὶ
3555 5085 3694 5185 ,βλα-

437 5219 527 5274 hic
553 5220 651 5281 sit,
673 5217 768 5287 qui
801 5213 1092 5269 Dominum
1136 5222 1386 5268 nostrum
1416 5220 1539 5280 post
1571 5175 1881 5281 susceptam
1909 5224 1999 5280 pre

2120 5206 2245 5260 στοῦ
2271 5205 2558 5276 γενόμενος
2588 5198 2682 5252 τοῦ
2709 5196 2881 5251 ταῦτα
2900 5187 3300 5249 τεθεσπικότος,
3326 5175 3612 5237 ἀναπεσὼν
3632 5190 3691 5228 τε

3030 5282 3039 5287 -
3118 5280 3130 5287 ,
3196 5277 3262 5287 _,
3538 5272 3551 5287 ,
3567 5268 3591 5287 ,
3607 5285 3622 5287 _
3638 5266 3664 5287 ι

435 5312 598 5368 nobis
646 5316 880 5365 mortem
922 5322 955 5361 a
999 5312 1176 5362 morte
1207 5306 1280 5361 sit
1321 5312 1677 5359 revocaturus
1706 5303 1773 5356 ad
1819 5303 2009 5356 vitam.

439 5402 575 5469 Quis
610 5416 773 5473 porro
795 5400 887 5456 hic
917 5398 992 5457 sit
1017 5399 1158 5453 alius
1188 5412 1354 5469 quam
1385 5396 1627 5452 universi
1672 5394 1818 5451 Deus
1849 5404 1904 5449 et
1937 5394 2006 5448 il-

439 5494 549 5550 lius
578 5495 756 5566 ipsius
779 5491 961 5557 Pater,
997 5490 1085 5547 cui
1114 5490 1218 5545 soli
1263 5487 1559 5544 tribuenda
1591 5495 1676 5543 est
1705 5485 2008 5542 Salvatoris

440 5588 616 5644 nostri
647 5588 703 5641 in
732 5586 893 5641 vitam
932 5583 1229 5645 restitutio,
1262 5582 1406 5638 sicut
1437 5580 1721 5651 Scriptura
1750 5578 2015 5636 testiﬁca-

2120 5299 2215 5354 καὶ
2242 5266 2546 5368 κοιμηθεὶς,
2579 5293 2612 5365 ἢ
2647 5289 2882 5352 ὀκλάσας
2913 5282 3055 5339 κατὰ
3082 5280 3175 5334 τὸν
3196 5277 3510 5368 Σύμμαχον,
3528 5266 3694 5368 ήδράη

2125 5392 2226 5463 σθη
2255 5359 2351 5445 καῖ
2373 5359 2667 5459 ἀνηγέρθη,
2693 5382 2793 5446 τάς
2818 5382 3004 5453 χεῖρας
3026 5371 3190 5429 αὐτοῦ
3218 5368 3360 5425 κατά
3570 5359 3695 5463 ⁸τῶν

2115 5450 2362 5556 ἀοράτων
2394 5450 2501 5534 καῖ
2520 5450 2727 5549 νοητῶν
2759 5450 2967 5546 ἐχθρῶν
2998 5463 3270 5556 ἐπιϐαλὼν
3287 5478 3300 5492 ⁶
3327 5459 3380 5513 οῖ
3399 5450 3698 5556 τεμάδελφολ

2118 5545 2283 5632 αὐτοῦ
2322 5575 2418 5630 καὶ
2452 5545 2693 5646 μαθηταὶ
2726 5545 2992 5640 πρότερον
3036 5555 3382 5617 ἐπαινοῦντες
3415 5545 3698 5646 abi-611cm

438 5690 551 5744 tur,
578 5693 700 5748 qme
720 5679 819 5742 ait,
846 5696 862 5729 ι
893 5674 1063 5742 Quem
1095 5674 1257 5730 Pater
1281 5635 1622 5730 suscitavitla
1650 5671 1999 5731 m0rtuis"?:

2121 5635 2510 5741 θαυμάζοντες,
2530 5635 2755 5735 ὕστερον
2773 5635 2873 5714 καὶ
2994 5653 3126 5708 Θεὸν
3151 5647 3506 5721 ὡμολόγησαν
3534 5635 3699 5698 εἶναι,

512 5792 559 5824 ⁸⁸
598 5787 698 5844 Gal
752 5804 803 5853 ι,
840 5787 890 5843 1.
947 5788 966 5842 1
1001 5786 1194 5842 Tbess.
1227 5800 1287 5852 ι,
1321 5784 1413 5843 10.
