4098 6424
389 392 494 448 593

1270 384 1922 442 DEMONSTRATIONIS
1962 387 2417 443 EV’ANCELICJE
2458 386 2585 443 LIB.
2627 387 2765 445 VIII.

3538 392 3651 447 596‘-

389 508 486 562 καὶ
513 506 588 571 ὡς
619 506 751 559 Θεὸν
777 502 1183 576 προσεκύνησαν
1203 518 1215 531 ·
1237 500 1535 572 τηνικαῦτα
1572 502 1872 573 ἐπληροῦτο
1900 503 1967 556 τὰ

2082 504 2177 557 Pro
2199 505 2291 559 illo
2316 512 2516 567 autem,
2553 522 2571 554 ι
2602 502 2831 559 Catulus
2861 504 3035 560 leonis
3070 504 3232 569 Juda,
3262 505 3328 561 de
3376 507 3641 576 germine,

390 598 728 668 ἀποκείμενα
757 594 921 666 αὐτῷ,
953 594 1028 657 ὡς
1058 592 1143 646 διά
1162 593 1317 645 τοῦτο
1332 592 1649 665 ἀνειρῆσθαι
1680 594 1760 647 τό·
1790 595 1969 656 «Ἕως

392 692 459 749 ἂν
486 691 615 764 ἔλθῃ
643 690 717 744 τὰ
743 688 1072 758 ἀποκείμενα
1122 685 1287 756 αὐτῷ.
1320 706 1338 736 ι
1359 686 1448 751 Ἐξ
1491 687 1698 739 ἐκείνου
1745 687 1855 759 γάρ
1887 705 1969 740 τοι

394 782 488 836 καὶ
522 785 600 845 εις
629 780 789 853 δεῦρο
818 781 897 844 είς
924 779 1096 852 πέρας
1139 777 1400 831 ἐλθόντων
1445 777 1550 831 τῶν
1596 780 1970 850 ἀποκειμένων

395 872 564 944 αὐτῷ,
582 872 943 926 διαλελοίπασι
970 871 1065 941 μὲν
1086 870 1136 922 oi
1163 870 1420 941 ἄρχοντες
1442 870 1535 922 καὶ
1561 870 1694 940 ήγού
1704 888 1853 941 μενοι
1878 871 1969 924 τοῦ

408 963 670 1018 Ἰουδαίων
697 962 902 1025 ἔθνους,
931 960 1272 1031 κατέστησάν
1303 976 1363 1011 τε
1398 959 1489 1012 ἐπὶ
1518 960 1761 1030 κεφαλῆς
1790 960 1969 1013 αὐτῶν

395 1055 650 1124 ἄρχοντες
677 1052 864 1117 ἐθνῶν,
891 1052 1124 1123 ἔμπαλιν
1156 1051 1215 1104 δὲ
1244 1050 1312 1103 τὰ
1340 1050 1464 1122 ἔθνη
1487 1051 1575 1106 τὸν
1598 1051 1829 1123 Χριστὸν
1849 1054 1972 1105 ὲπι-

396 1148 586 1218 γνόντα
633 1145 728 1199 τοῦ
779 1143 936 1207 Θεοῦ,
970 1144 1131 1197 αὐτὸν
1185 1144 1560 1215 ἐπεγράψαντο
1608 1145 1836 1216 Σωτῆρα
1882 1144 1974 1198 καὶ

397 1239 742 1310 προσδοκίαν.
777 1237 930 1291 Μετὰ
981 1236 1155 1289 ταῦτα
1207 1237 1384 1290 πάντα
1436 1235 1778 1305 ὲπιλέγεται·
1835 1255 1854 1287 ι
1880 1240 1975 1289 Δε-

396 1331 612 1402 σμεύων
646 1330 779 1403 πρὸς
805 1329 1046 1400 ἄμπελον
1073 1330 1179 1382 τὸν
1197 1329 1372 1382 πῶλον
1406 1327 1592 1394 αὑτοῦ,
1622 1328 1716 1382 καὶ
1740 1330 1806 1399 τῇ
1833 1327 1975 1381 ’ἐλικι

400 1423 462 1476 τὸ
493 1420 785 1490 ὑποζύγιον
810 1421 909 1490 τῆς
936 1420 1057 1472 ὄνου
1088 1418 1272 1486 αὑτοῦ,
1304 1420 1493 1473 πλυνεῖ
1513 1421 1569 1473 ὲν
1591 1419 1836 1493 οῖ’νῳδτὴν
1859 1437 1977 1472 στο-

396 1514 493 1585 λὴν
523 1511 709 1576 αὑτοῦ,
744 1511 839 1564 καλ⁵
883 1511 939 1564 ὲν
980 1511 1171 1581 αἵματι
1221 1510 1497 1579 σταφυλῆς
1536 1510 1635 1581 τὴν
1682 1508 1974 1580 περιϐολήν

397 1605 581 1657 αὑτοῦ.
619 1603 915 1674 Χαροποιοὶ
939 1605 987 1656 οἱ
1016 1602 1282 1673 ὀφθαλμοὶ
1325 1600 1489 1657 αὑτοῦ
1538 1601 1645 1655 ἀπὸ
1690 1602 1853 1667 οἴνου,
1880 1601 1976 1654 καὶ

396 1692 582 1746 λευκοὶ
625 1694 674 1745 oi
722 1691 931 1754 ὀδόντες
987 1691 1151 1744 αὑτοῦ
1280 1692 1439 1760 γάλα.
1475 1711 1494 1743 ι
1526 1691 1864 1744 Δίνίττεσθαι
1921 1690 1976 1744 δὲ

399 1783 638 1855 ἠγοῦμαι
691 1783 780 1837 διὰ
828 1783 1031 1837 τούτων
1061 1783 1151 1837 τὸν
1185 1783 1283 1855 μὲν
1327 1782 1504 1836 πῶλον
1543 1782 1706 1838 αὑτὸν
1737 1782 1829 1836 τὸν
1866 1781 1976 1834 τῶν

2084 597 2153 649 ﬁli
2188 596 2280 662 mi,
2312 594 2630 661 ascendisti,
2660 593 2987 651 recumbens
3032 595 3361 660 dormivisti,
3414 617 3433 649 ι
3472 596 3642 667 signi-

2073 686 2330 742 ﬁcantius
2360 684 2552 755 Aquila
2602 687 2873 741 convertit
2905 705 2918 740 :
2963 704 2983 737 ι
3019 686 3245 741 Catulus
3280 686 3452 741 leonis
3478 686 3640 752 Juda,

2072 777 2139 831 de
2168 784 2422 847 captura,
2455 776 2525 830 ﬁli
2558 777 2652 841 mi,
2681 778 3000 842 ascendisti,
3029 792 3153 831 cum
3177 775 3422 833 ﬂexisses
3449 778 3661 833 cubuiw

2074 870 2176 934 sti;
2216 889 2235 921 ι
2268 869 2628 940 Symmachus
2659 879 2861 932 autem,
2906 888 2924 920 ι
2958 868 3207 933 Catulus,
3247 869 3444 938 inquit,
3473 868 3651 925 leonis

2076 958 2236 1023 Juda,
2264 959 2331 1014 de
2365 959 2601 1015 ferarum
2635 969 2883 1029 captura,
2910 961 2982 1013 ﬁli
3006 961 3101 1022 mi,
3145 960 3461 1027 ascendisti,
3496 961 3655 1030 genie-

2075 1052 2180 1107 bus
2210 1051 2364 1107 ﬂexis
2394 1051 2750 1108 conﬁrmatus
2781 1067 2875 1115 es;
2917 1072 2935 1103 ›
2978 1067 3042 1107 ex
3084 1053 3282 1121 quibus
3318 1051 3497 1106 verbis
3527 1052 3646 1121 pla-

2076 1142 2304 1198 nissime
2336 1150 2561 1213 apparct
2594 1142 2712 1212 ipsa
2740 1142 2808 1197 de
2839 1150 3013 1198 morte
3042 1143 3111 1197 ad
3148 1142 3315 1196 vitam
3347 1142 3644 1208 restitutio,

2074 1245 2128 1291 et
2165 1238 2233 1291 ab
2262 1237 2453 1292 inferis
2484 1238 2650 1292 veluti
2681 1251 2711 1289 a
2739 1237 2978 1306 quadam
3013 1236 3249 1292 ferarum
3280 1245 3506 1307 captura
3532 1235 3646 1291 Sal-

2078 1329 2285 1385 vatoris
2334 1329 2510 1383 nostri
2553 1330 2759 1385 evasio.
2792 1328 2948 1395 Quod
2993 1344 3123 1384 vero
3166 1330 3316 1384 illum
3363 1330 3561 1386 dixerit
3591 1338 3646 1385 et

2078 1434 2256 1488 genua
2289 1418 2504 1475 ﬂexisse
2544 1431 2596 1475 et
2631 1421 3012 1475 conﬁrmatum
3043 1434 3184 1485 esse,
3215 1437 3321 1475 non
3347 1428 3526 1477 autem
3556 1436 3649 1478 ce-

2076 1511 2298 1574 cidisse,
2333 1511 2388 1564 in
2425 1525 2491 1565 eo
2522 1512 2739 1580 quidem
2769 1511 2910 1580 quod
2939 1524 3112 1581 genua
3150 1508 3380 1574 ﬂexerit,
3419 1520 3645 1566 mortem

2077 1603 2296 1659 interim
2322 1602 2752 1670 demonstravit;
2780 1603 2923 1673 quod
2964 1610 3142 1657 autem
3170 1602 3242 1656 sit
3270 1603 3646 1667 conﬁrmatus,

2078 1709 2188 1749 non
2231 1699 2506 1761 raptatum
2548 1706 2672 1747 esse
2706 1706 2857 1746 more
2893 1691 3124 1745 aliarum
3154 1690 3482 1746 animarum.
3521 1689 3650 1747 Haec

2080 1786 2243 1857 igitur
2272 1783 2456 1838 omnia
2490 1782 2709 1838 Christo
2736 1782 2888 1853 prius
2915 1784 3155 1861 reposita
3188 1788 3368 1846 erant,
3402 1798 3524 1853 quae
3573 1789 3655 1836 ta-

401 1874 713 1930 ἀποστόλων
741 1876 835 1929 καὶ
871 1875 1124 1948 μαθητῶν
1164 1873 1256 1929 τοῦ
1293 1875 1544 1946 Σωτῆρος
1584 1877 1617 1945 ή
1628 1873 1742 1946 μῶν
1779 1873 1936 1945 χορόν
1957 1889 1970 1902 ·

2082 1893 2202 1932 men
2230 1875 2491 1947 quamdiu
2516 1874 2674 1930 ﬁnem
2702 1890 2860 1930 suum
2878 1881 3172 1929 consecuta
3195 1889 3303 1928 non
3335 1881 3483 1939 sunt,
3507 1882 3652 1929 tam—

401 1967 500 2038 τὴν
532 1967 589 2021 δὲ
635 1967 874 2038 ἄμπελον
902 1969 960 2022 ὲν
1047 1968 1137 2021 τὸν
1166 1968 1344 2022 πῶλον
1390 1967 1712 2039 προσέδησε,
1743 1968 1841 2038 τὴν
1890 1966 1976 2020 ἔν-

401 2053 525 2108 θεον
570 2056 663 2109 καὶ
699 2056 929 2127 ἀόρατον
959 2057 1122 2110 αὑτοῦ
1144 2058 1391 2129 δύναμιν,
1419 2058 1485 2130 ἣν
1518 2058 1679 2120 αὐτὸς
1711 2055 1979 2129 παριστὰς

401 2144 666 2211 ἐδίδασκε,
697 2147 869 2216 λέγων
888 2165 902 2179 ο
927 2167 946 2200 ι
970 2147 1110 2218 Ἐγώ
1153 2152 1268 2221 είμι
1301 2152 1334 2221 ή
1367 2149 1609 2220 ἄμπελος
1649 2152 1682 2221 ή
1727 2147 1977 2220 ἀληθινὴ,

400 2240 430 2292 6
453 2240 644 2312 Πατήρ
680 2258 778 2311 μου
806 2244 835 2295 6
867 2243 1112 2313 γεωργός
1143 2242 1312 2295 ἐστιν.
1344 2242 1527 2308 »Ἔλιξ
1559 2242 1616 2294 δὲ
1659 2241 1761 2311 τῆς
1803 2241 1981 2311 ἀμπέ-

402 2330 495 2383 λου
534 2332 634 2403 τῆς
678 2333 1030 2404 ἀποδοθείσης
1060 2335 1143 2404 εἴη
1176 2333 1242 2386 ἂν
1269 2335 1301 2404 ή
1327 2333 1419 2387 τοῦ
1450 2332 1585 2386 Θεοῦ
1618 2333 1791 2402 Λόγου
1835 2332 1979 2386 διδα-

406 2422 620 2486 σκαλία,
650 2424 709 2477 ἐν
834 2425 927 2478 τὸν
975 2426 1155 2479 πῶλον
1200 2427 1299 2497 τῆς
1341 2424 1460 2478 ὄνου
1509 2425 1859 2496 κατεδήσατο,
1889 2425 1981 2477 τὸν

404 2512 522 2568 νέον
553 2512 615 2578 ἐξ
642 2514 812 2568 ἐθνῶν
839 2516 985 2578 λαὸν,
1006 2519 1248 2588 γέννημα
1269 2516 1602 2586 τυγχάνοντα
1622 2516 1728 2570 τῶν
1755 2516 1983 2571 ἀποστό-

405 2604 513 2657 λων
553 2606 738 2659 αὑτοῦ.
774 2607 931 2661 Εἴποι
958 2608 1003 2661 δ’
1034 2608 1100 2663 ἀν
1123 2626 1208 2672 τις
1240 2609 1334 2662 καὶ
1358 2608 1494 2679 πρὸς
1529 2606 1675 2671 λέξιν
1698 2607 1870 2661 ταῦτα
1895 2606 1983 2661 τέο

405 2695 529 2761 λους
568 2698 944 2770 τετυχηκέναι,
974 2701 1063 2754 ὅτε
1118 2699 1259 2754 κατά
1307 2702 1398 2754 τὸν
1453 2700 1732 2754 Ματθαῖον
1776 2696 1927 2754 εἶπεν
1953 2701 1982 2753 6

406 2788 611 2860 Κύριος
640 2793 754 2855 τοῖς
791 2792 984 2844 ἑαυτοῦ
1024 2792 1324 2864 μαθηταῖςο
1375 2811 1393 2843 ι
1427 2791 1731 2865 Πορεύεσθε
1775 2793 1855 2855 είς
1883 2790 1982 2863 τήν

406 2880 691 2935 κατέναντι
719 2883 748 2936 ὑ
757 2883 871 2954 μῶν
894 2881 1107 2956 κώμην,
1134 2886 1228 2938 καὶ
1254 2884 1455 2948 εὐθέως
1478 2884 1737 2956 εὑρήσετε
1756 2884 1875 2938 ὄνον
1897 2883 1982 2936 δε-

404 2970 659 3044 δεμένην,
691 2975 786 3028 καὶ
834 2975 1009 3029 πῶλον
1063 2977 1179 3047 μετ’
1203 2975 1405 3046 αύτῆς⁸
1442 2972 1702 3039 λύσαντες
1749 2975 1983 3044 ἀγάγετέ

409 3080 521 3136 μοι.
555 3085 574 3118 ι
612 3068 722 3120 Καὶ
755 3066 870 3122 ἔστι
894 3084 957 3136 γε
976 3067 1191 3140 ἀληθῶς
1209 3068 1287 3139 τῷ
1306 3068 1448 3140 λόγῳ
1469 3070 1832 3140 ἐπιστήσαντα
1852 3068 1985 3121 ἀπο-

406 3156 684 3229 θαυμάσαι
734 3159 832 3231 τὴν
876 3160 970 3213 τοῦ
1013 3163 1290 3233 προφήτου
1343 3161 1668 3235 πρόρρησιν,
1721 3158 1801 3230 τῷ
1856 3159 1988 3231 θείῳ

407 3247 682 3321 Πνεύματι
713 3251 1237 3323 προτεθεωρηκότος,
1277 3253 1359 3306 ὃτι
1403 3253 1466 3324 δὴ
1511 3252 1764 3324 μελλήσει
1792 3254 1822 3306 6
1854 3270 1986 3325 προ-

407 3341 793 3412 φητευόμενος,
821 3343 919 3413 οὐχ
950 3338 1039 3396 οἷά
1069 3361 1151 3408 τις
1179 3343 1418 3409 ἐπίδοξος
1458 3346 1517 3397 ἐν
1548 3343 1856 3417 ἀνθρώποις
1891 3343 1985 3414 βα-

410 3431 609 3495 σιλεὺς,
643 3432 727 3501 ἐφ’
756 3433 1013 3504 ἁρμάτων
1043 3435 1135 3486 καὶ
1163 3434 1344 3489 ἵππων
1373 3434 1690 3506 δχήσεσθαι,
1726 3434 1862 3489 ἀλλὰ
1895 3435 1987 3488 ἐπὶ

407 3520 529 3575 ὄνου
559 3523 654 3576 καὶ
681 3522 880 3589 πώλου,
912 3520 1001 3579 οἷά
1026 3543 1109 3589 τις
1138 3526 1246 3580 τῶν
1276 3526 1484 3580 πολλῶν
1513 3527 1689 3591 κοινὸς
1727 3527 1866 3597 ἀνὴρ
1891 3528 1986 3581 καὶ

411 3612 598 3684 πένης.
628 3614 799 3668 Τοῦτο
842 3615 951 3687 γὰρ
991 3618 1082 3669 καὶ
1134 3616 1292 3681 ἀλλος
1339 3618 1631 3689 προφητῶν
1682 3618 1983 3688 ἐθαύμασε,

409 3705 617 3774 φήσας’
655 3724 674 3756 ι
703 3707 875 3777 Χαῖρε
911 3707 1131 3777 σφόδρα,
1172 3708 1410 3779 θύγατερ
1437 3707 1597 3773 Σιὼν,
1632 3709 1740 3762 ἰδοὺ
1769 3709 1798 3760 6
1832 3708 1985 3778 βασι-

407 3789 532 3854 λεύς
572 3808 666 3845 σου
705 3792 922 3863 ἔρχεταί
950 3811 1030 3848 σοι
1063 3797 1260 3867 πρᾶος,
1284 3796 1627 3866 ἐπιϐεϐηκὼς
1660 3799 1751 3850 ἐπὶ
1785 3797 1986 3861 ὑποζύ-

408 3899 528 3951 γιον
573 3885 668 3937 καὶ
714 3885 893 3940 πῶλον
921 3888 1062 3941 νέον.
1093 3907 1111 3939 ι
1151 3889 1223 3941 Τὸ
1260 3888 1339 3953 δὲ,
1379 3907 1396 3939 ι
1427 3888 1624 3942 Πλυνεϊ
1652 3891 1709 3943 ὲν
1732 3888 1870 3959 οἴνῳ
1884 3890 1984 3959 τὴν

410 3976 601 4048 στολὴν
626 3977 811 4042 αὑτοῦ,
844 3979 940 4033 καὶ¹
977 3981 1035 4032 ὲν
1064 3979 1253 4050 αἵματι
1276 3982 1550 4052 σταφυλῆς
1571 3980 1669 4052 τὴν
1694 3980 1986 4053 περιϐολήν

408 4068 596 4135 αὐτοῦ,
627 4089 647 4122 ι
685 4071 877 4140 σκέψαι
910 4072 1007 4125 καὶ
1032 4072 1192 4135 αὐτὸς
1226 4074 1435 4143 μήποτε
1468 4073 1545 4137 ὡς
1573 4074 1630 4126 ὲν
1654 4074 1986 4147 ἀπορρήτοις

408 4161 470 4216 τὸ
505 4164 764 4233 μυστικὸν
793 4162 1086 4216 αἰνίττεται
1116 4163 1288 4227 πάθος
1318 4163 1504 4230 αὑτοῦ,
1535 4166 1591 4217 ὲν
1674 4164 1770 4236 τήν
1796 4165 1986 4237 στολήν

409 4253 576 4307 αὐτοῦ
613 4256 709 4308 καὶ
751 4254 813 4308 τὸ
857 4254 1203 4325 περιϐόλαιον
1244 4254 1517 4309 ἀπέπλυνε
1559 4255 1787 4327 λουτρῷ,
1819 4256 1887 4310 δι’
1924 4252 1986 4312 οὗ

406 4344 515 4398 τῶν
544 4347 624 4409 εἰς
660 4346 821 4399 αὐτὸν
853 4346 1293 4400 πεπιστευκότων
1327 4347 1657 4402 ἀποπλύνειν
1684 4348 1753 4402 τὰ
1779 4349 1985 4403 παλαιὰ

410 4440 556 4511 ρύπη
578 4440 850 4510 δηλοῦται.
880 4440 979 4493 Διά
1000 4440 1110 4512 γὰρ
1135 4438 1230 4493 τοῦ
1254 4438 1419 4504 οἴνου,
1439 4440 1576 4511 ὅπερ
1599 4436 1668 4512 ῆν
1692 4440 1787 4494 τοῦ
1821 4441 1987 4513 αἵμα-

2079 1971 2172 2025 diu
2197 1968 2425 2024 Judaica
2455 1983 2588 2039 gens
2624 1969 2793 2031 stetit,
2818 1965 3241 2036 Judazorumque
3276 1967 3552 2037 principes
3586 1981 3651 2021 ac

2078 2064 2268 2122 duces.
2292 2061 2660 2132 exquisitique
2683 2075 2747 2114 ac
2770 2061 3046 2129 sapientes
3069 2058 3377 2113 divinorum
3406 2058 3471 2113 de
3491 2057 3653 2117 Chri-

2080 2164 2163 2209 sto
2198 2154 2550 2209 oraculorum
2597 2153 2925 2222 interpretes
2964 2150 3108 2221 apud
3146 2151 3296 2220 ipsos
3330 2149 3648 2205 ﬂoruerunt.

2078 2244 2243 2316 3'79
2262 2242 2557 2313 Postquam
2586 2251 2771 2297 autem
2804 2252 3072 2299 venerunt
3100 2255 3222 2310 quae
3245 2239 3347 2310 ipsi
3369 2238 3521 2294 Judae
3565 2254 3653 2294 re-

2080 2339 2254 2407 posita
2284 2343 2465 2401 erant,
2496 2343 2614 2390 tum
2654 2336 2702 2390 is
2736 2335 2790 2389 in
2834 2342 2980 2389 terra
3010 2340 3095 2390 est
3121 2334 3297 2395 visus,
3328 2332 3421 2403 qui
3452 2346 3485 2385 a
3527 2345 3654 2401 pro-

2082 2431 2259 2501 phetis
2305 2429 2486 2486 dictus
2531 2437 2649 2484 erat
2688 2429 2755 2483 de
2804 2427 3012 2483 semine
3062 2440 3128 2481 ac
3172 2426 3343 2496 stirpe
3386 2424 3528 2494 ejus,
3558 2424 3653 2493 qui

2081 2521 2196 2575 haec
2237 2520 2576 2575 divinaverat
2612 2520 2878 2583 oriturus,
2923 2517 3360 2585 recumheusque
3399 2529 3463 2569 ac
3502 2514 3652 2583 sopi-

2083 2620 2191 2676 tus,
2226 2613 2330 2677 vel,
2366 2620 2426 2667 ut
2453 2612 2530 2666 ait
2557 2611 2941 2684 Symmachus,
2975 2627 2995 2661 ι
3028 2608 3257 2680 genibus
3283 2606 3435 2663 ﬂexis
3467 2624 3486 2659 ι
3525 2622 3655 2660 con—

2084 2709 2332 2761 ﬁrmatus
2371 2714 2456 2762 est
2487 2714 2540 2761 et
2568 2705 2827 2768 surrexit,
2860 2704 3115 2758 manibus
3149 2703 3202 2757 in
3225 2712 3437 2772 tergum
3466 2698 3653 2754 invisi.

2083 2799 2272 2854 hilium
2304 2807 2465 2869 atque
2494 2796 2917 2869 intelligibilium
2945 2794 3186 2851 hostium
3220 2793 3459 2862 injectis,
3503 2791 3665 2861 ejusu

2083 2906 2188 2961 que
2218 2889 2418 2945 fratres
2443 2904 2506 2944 ac
2535 2887 2789 2959 discipuli
2813 2893 2971 2941 antea
3002 2885 3156 2940 illum
3178 2883 3464 2939 laudantes
3489 2890 3669 2952 atque

2084 2981 2439 3045 admirantes,
2494 2986 2619 3051 post
2646 2979 2736 3033 ubi
2801 2977 2971 3033 Deum
3018 2991 3143 3033 esse
3188 2974 3428 3031 confessi
3487 2982 3651 3036 sunt,

2084 3074 2247 3129 etiam
2304 3082 2361 3127 ut
2408 3071 2576 3128 Deum
2627 3070 3010 3132 adoraverunt,
3051 3074 3166 3122 tum
3214 3081 3344 3121 vero
3392 3065 3482 3119 illa
3535 3064 3652 3133 ipsa

2088 3167 2356 3236 completa
2387 3172 2535 3229 sunt,
2586 3176 2709 3233 quae
2747 3160 2851 3231 ipsi
2904 3158 3142 3230 reposita
3195 3167 3370 3221 erant,
3426 3165 3486 3211 ut
3525 3170 3656 3227 pro-

2087 3269 2201 3327 pter
2228 3258 2331 3312 hoc
2362 3256 2497 3311 illud
2531 3254 2804 3311 redditum
2835 3252 2907 3310 sit
2939 3251 3259 3307 oraculum:
3292 3270 3310 3303 ι
3342 3250 3524 3306 Donec
3568 3264 3657 3305 ve-

2084 3349 2239 3402 niant
2266 3362 2388 3418 quae
2420 3345 2658 3417 reposita
2705 3350 2833 3400 sunt
2879 3342 3004 3413 ipsi.
3041 3360 3060 3393 ›
3093 3340 3231 3395 Cum
3277 3341 3420 3395 enim
3461 3354 3530 3395 ex
3559 3338 3653 3393 illo

2085 3441 2151 3496 ad
2191 3440 2338 3494 hunc
2379 3454 2555 3509 usque
2586 3437 2752 3501 diem,
2795 3449 2859 3490 ea
2901 3450 3022 3505 qua:
3046 3433 3149 3502 ipsi
3191 3431 3432 3501 reposita
3472 3440 3655 3494 erant,

2084 3532 2153 3589 ad
2193 3530 2354 3586 ﬁnem
2387 3528 2754 3600 pervenerint,
2787 3526 3101 3581 defecerunt
3129 3522 3346 3593 quidem
3376 3521 3653 3592 principes

2084 3638 2149 3678 ac
2192 3621 2360 3676 duces
2386 3619 2719 3683 Juda'orum,
2754 3616 2944 3686 eisque
2995 3629 3161 3684 supra
3202 3619 3366 3683 caput
3408 3613 3648 3684 gentium

2083 3713 2361 3785 principes
2392 3709 2643 3766 collocati
2696 3715 2845 3764 sunt.
2890 3705 2934 3759 E
2964 3706 3243 3761 contrario
3286 3711 3468 3759 autem
3517 3707 3650 3774 ipsa:

2084 3815 2276 3876 gentes
2301 3804 2395 3859 ubi
2427 3803 2702 3859 Christum
2739 3800 2833 3855 Dei
2875 3807 3232 3870 agnoverunt,
3262 3796 3415 3850 illum
3450 3796 3557 3852 sibi
3593 3805 3651 3852 et

2087 3895 2420 3952 Salvatorem
2463 3901 2519 3950 et
2567 3892 3032 3964 exspectationem
3074 3890 3470 3959 ascripserunt.
3522 3886 3653 3944 Post

2086 3990 2201 4044 haec
2247 3986 2429 4042 omnia
2474 3985 2609 4041 illud
2661 3984 3021 4055 adjungitur:
3058 4001 3078 4034 ι
3108 3983 3308 4054 Ligans
3360 3979 3428 4034 ad
3484 3981 3649 4036 vitem

2085 4080 2291 4150 pullum
2322 4093 2503 4141 suum,
2533 4085 2587 4133 et
2623 4078 2691 4132 ad
2735 4077 3047 4147 capreolum
3078 4076 3204 4130 vitis
3244 4073 3448 4142 pullum
3481 4073 3652 4131 asinae

2084 4183 2217 4232 suae,
2256 4166 2457 4221 lavahit
2488 4166 2543 4221 in
2582 4165 2710 4221 vino
2743 4166 2939 4221 stolam
2990 4179 3168 4230 suam,
3199 4171 3254 4218 et
3288 4163 3345 4218 in
3387 4161 3650 4232 sanguine

2085 4274 2204 4315 uvae
2247 4259 2468 4329 pallium
2504 4273 2684 4323 suum,
2734 4259 2961 4327 gratiosi
2991 4257 3134 4312 oculi
3167 4255 3288 4324 ejus
3331 4268 3361 4308 a
3402 4254 3554 4317 vino,
3595 4260 3649 4307 et

2087 4354 2197 4410 albi
2224 4354 2416 4410 dentes
2445 4352 2566 4423 ejus
2596 4361 2656 4407 ut
2682 4350 2852 4409 lae”.
2884 4370 2904 4403 ι
2937 4352 2997 4405 in
3024 4348 3110 4406 his
3136 4358 3317 4405 autem
3350 4345 3649 4419 signiﬁcari

2087 4445 2322 4500 arbitror
2379 4459 2475 4515 per
2521 4443 2730 4514 pullum
2774 4441 3013 4512 quidem,
3061 4441 3240 4512 ipsum
3281 4439 3653 4511 apostolorum

405 4547 498 4595 τος
530 4531 694 4585 αὐτοῦ
735 4530 1018 4603 σύμϐολον,
1056 4532 1182 4595 τοὺς
1220 4533 1297 4596 είς
1323 4532 1416 4586 τὸν
1442 4532 1665 4587 θάνατον
1693 4534 1857 4587 αὐτοῦ
1890 4534 1980 4605 βα-

2086 4552 2150 4590 ac
2183 4535 2579 4606 discipulorum
2618 4532 2918 4588 Salvatoris
2948 4532 3127 4586 nostri
3160 4530 3413 4593 chorum,
3444 4542 3542 4598 per
3565 4526 3649 4581 vi-

409 4621 783 4692 πτιζομένους,
816 4623 912 4677 καὶ
953 4623 1046 4676 ἐπὶ
1088 4623 1148 4677 τὺ
1180 4618 1320 4694 αἷμα
1361 4623 1524 4678 αὐτοῦ
1553 4627 1984 4692 πεπιστευκότας

406 4713 515 4766 τῶν
559 4712 726 4766 πάλαι
772 4714 955 4768 κακῶν
1002 4714 1384 4787 ἀποκαθαίρει,
1429 4715 1753 4772 ἀποπλύνων
1805 4716 1983 4772 αὐτῶν

411 4803 506 4858 καὶ
542 4805 875 4877 ἀποσμήχων
906 4805 1003 4878 τὴν
1032 4805 1271 4860 παλαιὰν
1324 4806 1502 4859 αὐτῶν
1556 4809 1745 4881 στολήν
1780 4811 1875 4864 καὶ
1921 4809 1983 4862 τὸ

411 4895 753 4969 περιϐόλαιον
775 4912 790 4928 ο
825 4896 966 4950 ὥστε
1004 4899 1202 4961 αὐτοὺς
1232 4897 1310 4969 τῷ
1337 4898 1503 4968 τιμίῳ
1527 4900 1716 4970 αἵματι
1761 4896 1862 4971 τῆς
1895 4901 1981 4954 ὲν-

409 4988 532 5043 θέου
559 4991 653 5043 καὶ
686 4990 1057 5060 πνευματικῆς
1091 4991 1381 5062 σταφυλῆς,
1411 4992 1489 5063 τῷ
1524 5009 1584 5045 τε
1614 4995 1678 5046 ὲκ
1705 4994 1804 5064 τῆς
1847 4994 1983 5047 ἀπο-

406 5080 651 5150 δοθείσης
682 5082 922 5152 ἀμπέλου
967 5081 1094 5152 οἴνῳ
1138 5081 1573 5153 λελυτρωμένους
1610 5082 1980 5137 ἀποδύσασθαι

410 5172 508 5242 μὲν
538 5172 631 5225 τὸν
660 5172 888 5225 παλαιὸν
917 5172 1199 5244 ἄνθρωπον
1226 5173 1464 5251 σὺνκταίς
1506 5174 1767 5246 πράξεσιν
1794 5174 1977 5241 αὑτοῦ,

409 5261 729 5316 ἐνδύσασθαι
761 5263 818 5317 δὲ
849 5265 939 5317 τὸν
971 5263 1111 5328 νέον,
1142 5264 1233 5318 τὸν
1264 5265 1718 5337 ἀνακαινούμενον
1758 5268 1838 5330 εἰς
1863 5266 1982 5319 ἐπί-

408 5368 606 5421 γνωσιν
649 5354 768 5407 κατ’
797 5354 983 5409 εἰκόνα
1026 5352 1121 5408 τοῦ
1169 5356 1469 5421 κτίσαντος.
1495 5359 1604 5411 Καὶ
1634 5358 1714 5424 τὸ,
1757 5376 1775 5409 ι
1806 5359 1982 5431 Χαρο-

408 5444 550 5497 ποιοὶ
585 5443 749 5498 αὑτοῦ
778 5445 828 5497 οἱ
859 5445 1122 5517 ὀφθαλμοὶ
1149 5448 1256 5501 ἀπὸ
1279 5446 1421 5501 οἴνου
1441 5488 1458 5513 ,
1499 5467 1518 5501 1
1558 5448 1757 5514 καὶτὸ,
1794 5468 1811 5501 ι
1842 5451 1980 5503 Λευ-

407 5533 494 5587 κοὶ
522 5534 570 5586 οἱ
599 5534 808 5598 ὀδόντες
843 5535 1006 5590 αὑτοῦ
1033 5536 1067 5608 ᾗ
1099 5537 1261 5606 γάλα,
1291 5555 1310 5588 1
1343 5539 1502 5591 πάλιν
1536 5539 1859 5613 ἀπορῤήτως
1881 5541 1984 5613 τῆς

411 5622 613 5695 Καινῆς
658 5624 753 5678 τοῦ
794 5625 1044 5698 Σωτῆρος
1088 5626 1248 5699 ήμῶν
1280 5627 1549 5701 Διαθήκης
1595 5629 1666 5683 τά
1716 5633 1984 5706 μυστήρια

484 5799 532 5833 ⁸³
563 5800 676 5859 Gen
738 5818 896 5876 nix,
936 5805 1023 5874 ll,
1060 5806 1146 5862 l2.
1220 5807 1267 5842 ³⁸
1303 5805 1460 5864 Joan.
1497 5824 1587 5877 xv,
1624 5809 1676 5866 i.

2087 4634 2196 4683 tem
2235 4633 2414 4681 autem
2443 4626 2511 4681 ad
2555 4641 2716 4695 quam
2745 4625 2927 4696 pullus
2956 4630 3042 4679 est
3075 4622 3349 4694 alligatus,
3410 4618 3657 4674 divinam.

2085 4717 2528 4787 invisibilemque
2560 4717 2680 4786 ejus
2708 4717 2838 4780 vim,
2873 4730 3036 4788 quam
3076 4714 3194 4785 ipse
3222 4711 3352 4766 dum
3393 4709 3653 4766 ostende-

2083 4820 2186 4875 ret,
2231 4809 2461 4865 docebat
2506 4809 2591 4865 his
2632 4808 2854 4865 verbis:
2886 4827 2906 4859 ι
2943 4805 3057 4879 Ego
3097 4820 3217 4861 sum
3263 4804 3387 4858 vitis
3418 4815 3566 4864 vera,
3595 4806 3651 4854 et

2083 4899 2246 4955 Pater
2291 4915 2446 4955 meus
2487 4900 2727 4970 agricola
2752 4907 2835 4955 est
2857 4898 2925 4954 “.
2958 4917 2977 4949 ι
3020 4896 3276 4966 Ejusdem
3317 4907 3480 4964 porro
3524 4891 3650 4947 vitis

2087 4992 2371 5063 capreolus
2410 4990 2503 5044 Dei
2525 4988 2687 5046 Verbi
2721 4990 2969 5045 doctrina
3017 4987 3201 5051 fuerit,
3231 4985 3298 5041 ad
3337 4999 3498 5055 quem
3531 4983 3652 5053 pul-

2086 5084 2198 5138 lum
2232 5084 2397 5140 asinze
2427 5099 2540 5139 sua:
2568 5084 2832 5154 alligavit,
2867 5082 2960 5152 qui
2989 5080 3205 5152 quidem
3238 5077 3417 5150 pullus
3450 5090 3649 5131 novum

2086 5175 2154 5231 de
2202 5175 2452 5247 gentibus
2496 5176 2774 5246 populum,
2806 5174 2961 5245 quasi
3003 5171 3307 5243 genitiﬂam
3355 5165 3649 5238 quamdam

2085 5269 2455 5341 apostolorum
2502 5268 2642 5337 ejus,
2685 5273 2739 5321 et
2765 5266 2970 5338 prolem
3014 5261 3417 5335 significaverit.
3448 5258 3652 5312 Possu~

2085 5376 2209 5416 mus
2247 5361 2376 5415 item
2426 5361 2508 5414 vel
2553 5360 2619 5414 ad
2661 5359 2888 5414 verbum
2921 5358 3102 5413 dicere
3136 5356 3250 5410 haec
3294 5367 3456 5409 suum
3490 5349 3650 5405 ﬁnem

2087 5450 2401 5519 contigisse,
2449 5464 2558 5520 quo
2595 5457 2858 5521 tempore,
2882 5456 2943 5503 ut
2988 5447 3132 5518 apud
3164 5446 3473 5501 Matthaeum
3519 5439 3654 5511 legi-

2090 5548 2198 5608 tur,
2217 5541 2478 5598 Dominus
2495 5542 2631 5597 dixit
2653 5542 2719 5596 ad
2750 5538 3230 5611 suosdiscipulos:
3254 5555 3272 5589 ι
3292 5533 3438 5592 [tein
3462 5530 3656 5588 castel-

2090 5634 2203 5690 lum
2244 5635 2388 5708 quod
2421 5641 2609 5691 contra
2641 5648 2738 5690 vos
2767 5640 2881 5700 est,
2914 5640 2968 5689 et
2999 5632 3184 5688 statim
3211 5626 3501 5688 invenietis
3542 5622 3653 5680 αδί-
3694 5630 3699 5641 ·
