4098 6444
456 384 561 443 595

1088 392 1359 452 EUSEBII
1400 391 1879 452 CESARIENSIS
1918 391 2067 446 OPP.
2109 386 2288 444 PARS
2322 386 2385 444 II.
2426 420 2494 429 —
2522 386 3017 445 APOLOGETICA.

3579 390 3680 447 596

454 517 581 561 nam
620 506 890 575 alligatam
920 518 975 563 et
1011 510 1215 579 pullum
1249 529 1373 567 cum
1406 529 1491 575 ea,
1525 510 1716 567 solvite
1757 519 1811 565 et
1844 508 1995 563 addut

2116 504 2353 577 ἠγοῦμαι
2387 504 2676 575 περιέχειν.
2696 503 2804 574 Τὴν
2834 501 2960 571 γοῦν
2983 497 3316 571 εὐφροσύνην
3336 499 3434 571 τὴν
3460 501 3567 555 ἀπὸ
3585 505 3678 558 τοῦ

456 592 561 648 cite
596 595 814 651 mihi“.
851 616 868 648 ι
910 596 976 650 Et
1006 614 1138 654 sane
1172 602 1217 657 si
1249 604 1371 672 quis
1411 603 1576 657 verba
1609 601 1897 671 diligenter
1932 607 2012 651 at-

455 684 706 752 tenderit,
754 688 887 757 quin
929 691 1206 761 prophetae
1248 693 1652 764 praedictionem
1692 691 2007 753 admiretur,

452 772 631 830 facere
659 791 767 829 non
800 780 1021 847 poterit,
1047 783 1140 851 qui
1170 782 1356 838 divino
1382 784 1587 855 Spiritu
1624 782 1834 836 alllatus
1859 786 2011 833 tanto

450 871 575 919 ante
612 871 944 937 cognoverit,
992 887 1115 926 eum
1167 874 1235 929 de
1282 891 1390 944 quo
1430 877 1544 945 ipse
1590 872 2008 937 vaticinabatur,

449 970 559 1011 non
605 966 666 1011 ut
696 959 930 1030 aliquem
975 963 1244 1021 illustrem
1288 968 1430 1036 apud
1462 968 1710 1021 homines
1741 978 1920 1033 regem
1956 963 2009 1015 in

449 1049 702 1104 curribus
728 1057 782 1107 et
809 1052 965 1122 equis
1008 1069 1131 1111 esse
1169 1056 1493 1122 vehendum,
1528 1056 1622 1112 sed
1668 1070 1830 1125 super
1857 1056 2010 1109 asina

448 1147 503 1194 et
538 1142 684 1209 pullo
708 1142 1008 1208 sedentem,
1035 1149 1192 1214 quasi
1224 1164 1390 1202 unum
1429 1149 1496 1204 de
1529 1148 1713 1202 multis
1743 1156 1796 1200 et
1824 1145 2009 1214 vulga-

447 1247 558 1285 rem
609 1233 896 1302 quemdam
950 1236 1221 1292 hominem
1274 1248 1436 1310 atque
1482 1240 1717 1309 inopem.
1769 1236 2007 1306 ldipsum

446 1323 587 1377 alius
636 1339 854 1394 quoque
910 1329 1175 1398 prepheta
1229 1338 1315 1386 est
1371 1330 1699 1393 admiratus,
1749 1328 1843 1382 ubi
1893 1326 2003 1380 ait:

443 1411 649 1483 380(
678 1413 865 1472 Gaude
916 1419 1300 1486 vehementer,
1363 1424 1473 1477 ﬁlia
1523 1421 1690 1486 Sion,
1735 1436 1863 1477 ecce
1910 1434 2008 1473 rex

445 1510 571 1559 tuus
618 1507 763 1560 venit
794 1508 890 1563 tibi
931 1521 1271 1576 mansuetus,
1323 1514 1518 1569 sedens
1568 1530 1731 1584 super
1758 1513 2007 1582 iumento

443 1604 496 1649 et
520 1598 668 1666 pullo
699 1600 1046 1659 adolescente
1065 1605 1132 1660 ⁸⁸.
1170 1624 1188 1656 ι
1225 1603 1359 1659 Illud
1401 1613 1604 1670 autem,
1646 1623 1664 1655 ι
1696 1600 1923 1656 Lavabit
1952 1599 2007 1651 in

441 1687 569 1742 vino
627 1691 822 1745 stolam
875 1709 1050 1759 suam,
1095 1705 1149 1752 et
1194 1698 1248 1751 in
1311 1698 1575 1769 sanguine
1621 1710 1740 1751 uvae
1784 1690 2004 1764 pallium

443 1792 623 1844 suum,
659 1800 678 1832 ι
702 1781 845 1846 vide,
888 1800 1091 1853 quaeso,
1124 1797 1179 1840 tu
1211 1801 1446 1857 quoque,
1490 1802 1559 1842 ne
1586 1785 1825 1855 quando,
1863 1789 1921 1834 ul
1950 1778 2006 1831 in

2116 596 2373 667 μυστικοῦ
2405 597 2568 660 οῖνου,
2598 590 2658 649 οὖ
2705 594 3077 665 παραδέδωκεν
3122 590 3283 654 αὐτὸς
3330 595 3443 655 τοῖς
3487 593 3675 649 ἑαυτοῦ

2118 687 2405 759 μαθηταῖς,
2437 688 2627 755 λέγων,
2662 706 2680 738 ι
2710 685 2935 750 Λάϐετε,
2977 684 3142 749 πίετε,
3161 684 3317 738 τοῦτό
3345 703 3446 756 μου
3471 688 3586 740 ἐστι
3619 687 3676 740 τὸ

2111 775 2268 851 αἷμα,
2296 780 2357 833 τὸ
2403 780 2543 851 ὑπὲρ
2576 778 2726 848 ὑμῶν
2758 779 3133 848 ἐκχυνόμενον,
3169 780 3249 841 εἰς
3279 779 3469 847 ἄφεσιν
3502 781 3680 852 ἁμαρ-

2110 870 2260 923 τιῶν.
2287 869 2457 923 Τοῦτο
2486 871 2686 921 ποιεῖτε
2714 871 2794 931 εἰς
2822 867 2920 938 τὴν
2954 867 3093 938 ἐμὴν
3124 867 3441 938 ἀνάμνησιν,
3478 887 3498 920 ι
3535 867 3680 923 δοκεῖ

2113 978 2202 1031 μοι
2236 961 2516 1032 σημαίνειν
2546 961 2625 1025 τὸ,
2665 979 2683 1012 ι
2706 960 2998 1030 Χαροποιοί⁵
3019 962 3066 1012 οἱ
3095 959 3359 1031 ὀφθαλμοὶ
3382 960 3545 1014 αὐτοῦ
3569 961 3678 1014 ἀπὸ

2109 1053 2250 1106 οἴνου
2269 1071 2283 1084 ο
2315 1073 2333 1105 ι
2365 1053 2459 1107 καὶ
2487 1054 2566 1115 τὸ,
2603 1052 2828 1105 «Λευκοί
2853 1053 2899 1104 οἰ
2918 1051 3124 1115 ὀδόντες
3148 1051 3538 1123 αὑτοῦῇγάλα,
3570 1072 3588 1104 ι
3615 1053 3678 1105 τὸ

2109 1145 2356 1217 λαμπρὸν
2386 1147 2478 1199 καὶ
2509 1145 2744 1217 καθαρὸν
2776 1145 2874 1214 τῆς
2898 1143 3299 1215 μυστηριὼδους
3324 1145 3549 1215 τροφῆς.
3566 1145 3679 1198 Πά-

2107 1239 2191 1292 λιν
2221 1240 2328 1312 γὰρ
2355 1239 2515 1301 αὐτὸς
2542 1238 2610 1291 τὰ
2641 1236 2883 1307 σύμϐολα
2911 1238 3009 1308 τῆς
3028 1236 3213 1290 ἐνθέου
3238 1237 3543 1307 οἰκονομίας
3565 1240 3678 1302 τοῖς

2108 1330 2272 1385 αὑτοῦ
2309 1329 2591 1402 παρεδίδου
2626 1328 2913 1399 μαθηταῖς,
2946 1328 3045 1398 τὴν
3084 1327 3266 1380 εἰκόνα
3298 1326 3392 1380 τοῦ
3425 1327 3552 1382 ἰδίου
3576 1327 3679 1380 σώ-

2112 1438 2279 1490 ματος
2304 1419 2572 1473 ποιεῖσθαι
2628 1419 3151 1491 παρακελευόμενος.
3170 1417 3385 1488 Ἐπειδὴ
3418 1416 3525 1488 γὰρ
3557 1417 3678 1470 obit-

2108 1509 2187 1561 ἐτι
2219 1508 2317 1572 τὰς
2344 1509 2409 1561 δι’
2438 1509 2681 1580 αἱμάτων
2715 1508 2924 1571 θυσίας,
2944 1507 3065 1560 οὐδὲ
3107 1506 3203 1570 τὰς
3235 1506 3383 1577 παρὰ
3409 1508 3595 1561 Μωσεῐ
3618 1509 3676 1560 ὲν

2105 1600 2374 1671 διαφόρων
2411 1598 2565 1664 ζώων
2598 1601 2831 1668 σφαγαῖς
2874 1597 3368 1669 νενομοθετημένας
3401 1597 3673 1668 προσίετο,

2106 1694 2254 1765 ἄρτῳ
2277 1694 2333 1747 δὲ
2358 1693 2592 1765 χρῆσθαι
2621 1693 2871 1763 συμϐόλῳ
2894 1690 2989 1761 τοῦ
3018 1691 3147 1745 ἰδίου
3176 1688 3425 1761 σώματος
3457 1688 3675 1760 παρεδί-

2107 1784 2218 1848 δου,
2251 1785 2475 1847 εἰκότως
2512 1784 2572 1837 τὸ
2618 1783 2863 1854 λαμπρὸν
2898 1784 2990 1835 καὶ
3040 1780 3274 1853 καθαρὸν
3318 1781 3534 1852 ⁴ᾐνίξατο
3576 1780 3674 1851 τῆς

442 1870 679 1933 arcanis,
728 1874 1009 1943 mysticam
1060 1876 1206 1932 illius
1247 1878 1557 1947 passionem
1605 1874 1893 1946 signiﬁcet,
1943 1871 1995 1927 in

2099 1876 2322 1947 τροφῆς,
2354 1874 2520 1929 εἰπών
2540 1892 2553 1904 ⁸
2574 1894 2592 1926 ‹
2624 1852 2731 1927 καὶ
2744 1852 2924 1927 λευκοὶ
2938 1876 2985 1926 οἰ
3013 1852 3220 1936 ὀδόντες
3249 1866 3459 1944 αὑτοῦῇ
3478 1871 3632 1939 γάλα.
3648 1890 3668 1921 ι

441 1976 547 2029 qua
572 1964 763 2018 stolam
793 1982 946 2021 suam
973 1976 1026 2023 et
1058 1969 1431 2026 indumentum
1456 1971 1708 2036 abluerit,
1742 1976 1998 2037 tanquam

441 2053 494 2106 in
524 2054 740 2111 lavacro
774 2078 785 2111 :
822 2059 912 2113 ubi
944 2076 1075 2116 sane
1104 2077 1313 2127 eorum,
1344 2064 1434 2133 qui
1467 2065 1519 2116 in
1549 2063 1725 2132 ipsum
1754 2057 2000 2115 credide-

439 2143 569 2206 rint,
623 2147 814 2202 sordes
840 2150 1091 2221 antiquas
1138 2153 1375 2209 abluisse
1415 2152 1741 2208 declaratur.
1778 2148 1882 2204 Per
1918 2148 1999 2201 vi-

437 2249 566 2287 num
597 2237 761 2303 enim,
788 2256 909 2312 quae
939 2244 1222 2313 sanguinis
1254 2245 1398 2299 illius
1423 2252 1550 2299 nota
1581 2254 1682 2307 est,
1709 2259 1804 2298 eos
1823 2243 1915 2312 qui
1940 2241 1994 2294 in

435 2334 611 2381 morte
665 2329 814 2386 illius
861 2332 1243 2403 haptizentur,
1305 2337 1508 2406 quique
1561 2337 1617 2389 in
1670 2336 1992 2404 sanguinem

434 2415 678 2483 ejusdem
713 2422 959 2487 credant,
993 2440 1023 2478 a
1070 2427 1348 2483 veteribus
1387 2428 1541 2482 malis
1585 2433 1870 2497 expurgat,
1908 2433 1995 2478 ut-

435 2514 558 2574 pote
584 2510 677 2579 qui
716 2512 899 2566 abluat
927 2524 980 2569 et
1009 2516 1284 2589 abstergat
1322 2519 1604 2589 antiquam
1636 2534 1846 2573 eorum
1881 2524 1997 2573 sto-

434 2596 539 2650 lam
591 2607 645 2654 et
697 2603 939 2670 pallium.
993 2605 1177 2677 Itaque
1214 2609 1449 2678 pretioso
1489 2608 1753 2678 sanguine
1799 2607 1996 2662 divina:

2102 1967 2301 2020 Τούτου
2349 1968 2441 2020 καὶ
2495 1966 2650 2029 ἄλλος
2700 1967 3068 2036 ἐμνημόνευσε
3113 1966 3425 2036 προφήτης,
3475 1966 3668 2034 φήσας·

2108 2076 2126 2109 ι
2147 2058 2344 2110 Θυσίαν
2379 2056 2473 2110 καὶ
2505 2056 2819 2128 προσφορὰν
2851 2058 2951 2109 οὐκ
2981 2054 3261 2124 ὲθὲλησας,
3284 2054 3440 2124 σῶμα
3462 2054 3518 2105 δὲ
3540 2071 3672 2107 κατ·-

2098 2145 2308 2217 ηρτίσω
2342 2163 2449 2215 μοι.
2487 2164 2504 2196 ι
2526 2144 2685 2198 Ἀλλὰ
2735 2144 2926 2207 ταῦτα,
2993 2143 3233 2205 πλείονος
3284 2142 3511 2212 βασάνου
3559 2142 3674 2195 δεό-

2105 2255 2260 2308 μενα,
2284 2238 2379 2292 καὶ
2418 2238 2760 2309 μακροτέρας
2783 2236 3096 2307 ἑρμηνείας,
3137 2236 3230 2287 ἐπὶ
3263 2234 3456 2304 σχολῆς
3487 2234 3555 2287 ἄν
3587 2250 3672 2297 τις

2106 2327 2428 2398 βασανίσειε,
2445 2327 2539 2381 τοῦ
2568 2329 2830 2399 παρόντος
2852 2327 3041 2399 καιροῦ
3061 2324 3295 2379 τοσαῦτα
3318 2327 3488 2378 εἰπεῖν
3512 2325 3673 2378 ἀπαιο

2096 2421 2377 2491 τήσαντος,
2408 2422 2485 2484 εἰς
2504 2420 2564 2473 τὸ
2582 2421 2924 2491 παραστῆσαι
2946 2417 3080 2490 μετὰ
3106 2418 3211 2471 τῶν
3242 2417 3413 2470 ἄλλων
3435 2417 3669 2481 καὶτοὺς

2098 2513 2321 2584 χρόνους
2361 2513 2462 2583 τῆς
2510 2513 2602 2566 τοῦ
2648 2514 2897 2584 Σωτῆρος
2945 2511 3101 2583 ἡμῶν
3129 2511 3429 2581 παρουσίας
3466 2509 3670 2563 ἀνωθεν

2100 2605 2205 2658 ὑπὸ
2246 2605 2354 2659 τῶν
2402 2605 2675 2677 πρόπαλαι
2707 2605 2999 2677 προφητῶν
3027 2602 3422 2675 ἐγνωσμένους,
3456 2604 3522 2674 τῇ
3550 2601 3670 2675 θείᾳ

436 2687 581 2743 illius
604 2697 657 2743 et
686 2692 754 2747 de
780 2694 977 2763 spiritu
1013 2707 1151 2752 natae
1183 2714 1317 2763 uvae,
1347 2699 1575 2769 ejusque
1605 2699 1732 2753 vitis
1764 2698 1913 2759 vino,
1933 2697 1995 2753 de

2103 2699 2287 2767 σαφῶς
2315 2698 2708 2770 παραδεδόσθαι
2736 2699 2944 2770 Γραφῇ.

432 2797 538 2848 qua
574 2782 777 2840 dictum
822 2798 904 2844 est
944 2806 1129 2861 supra,
1196 2793 1477 2863 redempti,
1527 2800 1762 2849 veterem
1829 2791 2045 2862 quidem
2116 2793 2389 2849 hominem
2438 2809 2561 2848 cum
2605 2793 2723 2862 ejus
2770 2791 3076 2847 actionibus
3124 2798 3412 2854 exuerunt,
3464 2803 3664 2845 novum

432 2882 609 2928 autem
638 2885 691 2931 et
715 2879 780 2932 ad
808 2882 1171 2950 cognitionem
1232 2884 1533 2939 secundum
1563 2884 1850 2954 imaginem
1912 2883 2052 2952 ejus,
2094 2886 2187 2954 qui
2246 2886 2469 2950 creavit,
2538 2885 2897 2940 instauratum
2922 2922 2937 2946 ,
2993 2881 3307 2939 induerunt.
3359 2881 3428 2936 At
3464 2878 3621 2944 ,illud
3646 2905 3662 2931 ν

436 2983 453 3013 ι
479 2962 715 3022 Gratiosi
743 2972 886 3024 oculi
928 2973 1047 3042 ejus
1091 2989 1120 3028 a
1156 2977 1301 3042 vino,
1336 2995 1354 3026 ο
1390 2984 1443 3031 et
1473 2977 1625 3041 illud,
1658 2996 1677 3028 ι
1707 2978 1828 3032 Albi
1881 2978 2084 3033 “dentes
2148 2977 2268 3046 ejus
2299 2985 2356 3031 ut
2415 2979 2519 3042 Iac,
2558 2998 2575 3029 ι
2608 2994 2801 3033 rursus
2831 2985 3087 3044 tanquam
3139 2976 3193 3030 in
3228 2976 3444 3030 areanis
3486 2975 3662 3044 posita

430 3056 563 3112 Novi
597 3058 931 3119 Testamenti
961 3070 1219 3139 mysteria
1277 3071 1739 3141 comprehendere
1797 3070 2064 3136 arbitror,
2109 3072 2348 3126 laetitiam
2401 3071 2654 3126 videlicet
2702 3070 2915 3141 mystici
2978 3069 3122 3122 illius
3174 3067 3303 3132 vini,
3355 3066 3499 3136 quod
3548 3068 3662 3121 suis

430 3152 549 3217 ipse
581 3151 865 3223 discipulis
902 3161 1144 3227 porrexit
1177 3159 1443 3228 Salvator,
1482 3178 1603 3217 eum
1631 3162 1769 3216 dixit
1825 3181 1837 3215 :
1901 3182 1919 3212 ι
1972 3162 2236 3231 Accipite,
2282 3161 2470 3227 bibite,
2544 3162 2634 3217 hic
2662 3166 2746 3216 est
2795 3174 2948 3214 meus
2985 3158 3227 3226 sanguis,
3261 3157 3355 3226 qui
3385 3172 3481 3227 pro
3508 3158 3658 3211 vobis

431 3240 676 3299 funditur
731 3250 787 3302 in
855 3253 1227 3309 remissionem
1270 3264 1633 3326 peccatorum.
1665 3255 1779 3309 Hoc
1820 3256 1981 3312 facite
2022 3258 2074 3312 in
2117 3275 2289 3313 meam
2350 3256 2918 3314 commemorationem
2955 3253 3018 3305 ⁵⁷.
3062 3271 3079 3302 ι
3147 3251 3420 3320 Siquidem
3478 3249 3605 3303 illud
3636 3288 3651 3311 9

431 3353 454 3388 ί
489 3335 726 3393 Gratiosi
755 3342 898 3395 oculi
928 3343 1047 3412 ejus
1080 3360 1110 3398 a
1145 3346 1292 3408 vino,
1322 3367 1341 3399 ι
1379 3355 1431 3403 et
1465 3367 1483 3399 ι
1511 3348 1632 3402 Albi
1673 3348 1862 3403 dentes
1912 3349 2031 3418 ejus
2068 3360 2125 3404 ut
2192 3351 2297 3415 lac,
2329 3369 2347 3401 ι
2390 3348 2759 3418 splendorem,
2807 3345 3206 3415 puritatemque
3249 3342 3459 3413 mystici
3508 3342 3652 3396 illius

430 3429 670 3486 alimenti
698 3434 827 3488 mihi
891 3436 1196 3506 signiﬁcare
1255 3439 1487 3494 videtur.
1515 3439 1725 3496 Rursus
1747 3442 1887 3496 enim
1953 3443 2068 3511 ipse
2107 3441 2532 3511 dispensationis
2578 3439 2775 3493 divinae
2819 3445 2978 3490 notas
3015 3435 3131 3490 suis
3175 3435 3455 3504 discipulis
3491 3432 3656 3487 tradi-

429 3524 526 3589 tit,
555 3525 684 3579 dum
719 3527 986 3594 hortatur,
1013 3538 1071 3584 ut
1095 3531 1179 3585 sui
1214 3532 1384 3601 ipsius
1432 3536 1679 3603 corporis
1712 3535 1999 3605 imaginem
2036 3542 2446 3605 repraesentem.
2474 3537 2609 3587 Cum
2647 3531 2792 3585 enim
2855 3545 2964 3583 non
3031 3527 3265 3596 amplius
3313 3532 3535 3582 cruenta
3565 3539 3654 3578 sa-

426 3614 651 3680 criﬁcia,
685 3635 860 3703 neque
915 3637 979 3677 ea
1020 3640 1140 3694 qua:
1173 3624 1315 3694 apud
1355 3625 1556 3697 Mosem
1598 3627 1654 3681 in
1694 3629 1828 3700 lege,
1874 3629 2214 3687 diversorum
2248 3629 2561 3687 animaiium
2599 3622 3020 3682 mactationihus
3056 3621 3262 3674 sancita
3291 3626 3469 3681 erant,
3504 3624 3656 3687 grata

425 3712 569 3759 esset
618 3709 925 3774 habiturus.
972 3714 1066 3769 sed
1114 3722 1172 3770 ut
1220 3731 1358 3785 pane
1407 3718 1492 3773 sui
1542 3721 1790 3791 corporis
1841 3732 1970 3777 nota
2010 3731 2311 3790 uterentur,
2354 3725 2725 3785 instituturus,
2758 3722 2952 3775 merito
2994 3713 3264 3787 Propheta
3306 3711 3653 3785 splendorem

426 3812 489 3849 ac
515 3800 805 3867 puritatem
833 3805 979 3861 illius
1009 3808 1249 3864 alimenti
1282 3809 1631 3878 signiﬁcavit,
1656 3829 1780 3867 cum
1812 3815 1949 3870 dixit
2007 3835 2020 3871 :
2067 3837 2085 3866 ι
2116 3816 2182 3872 Et
2208 3816 2319 3872 albi
2368 3816 2560 3872 dentes
2595 3814 2714 3883 ejus
2739 3819 2798 3866 ut
2826 3812 2927 3866 lac.
2960 3829 2979 3861 ι
3009 3808 3158 3863 Hanc
3211 3824 3324 3863 rem
3356 3809 3495 3862 alius
3518 3822 3656 3875 quo-

425 3906 531 3960 que
584 3896 843 3965 propheta
891 3906 1277 3954 commemorat
1320 3900 1405 3956 his
1453 3903 1678 3958 verbis:
1717 3923 1736 3956 ι
1786 3903 2126 3962 Sacriﬁcium
2188 3919 2241 3963 et
2306 3908 2633 3962 oblationem
2678 3903 2922 3963 noluisti,
2990 3916 3190 3970 corpus
3228 3908 3408 3953 autem
3475 3898 3655 3969 perfe-

424 3989 547 4043 cisti
621 3987 753 4041 mihi
776 3988 842 4041 ⁸⁸.
877 4006 896 4039 ι
932 3988 1217 4054 Caeterum,
1285 3992 1399 4046 haec
1463 4008 1587 4046 cum
1655 3994 1860 4065 majore
1926 3997 2270 4068 indagatione
2323 4008 2377 4053 et
2436 3997 2680 4067 longiore
2739 3993 2970 4064 quadam
3015 3991 3458 4059 interpretatione
3508 3989 3651 4043 indi-

423 4090 604 4151 geant,
668 4096 766 4150 per
812 4081 980 4135 otium
1026 4084 1294 4152 quispiam
1342 4084 1654 4155 diligentius
1718 4088 2082 4157 exploraverit
2126 4093 2162 4145 ’:
2229 4089 2673 4161 quandoquidem
2732 4087 2835 4141 hoc
2892 4093 3102 4152 tempus
3154 4084 3308 4153 plura
3363 4083 3469 4136 diei
3537 4097 3646 4134 non

427 4172 684 4241 postulat,
734 4180 792 4225 ut
822 4172 979 4241 plane
1013 4173 1171 4244 381
1203 4184 1481 4244 appareat,
1533 4193 1641 4232 una
1711 4193 1835 4231 cum
1873 4180 2016 4243 aliis,
2059 4188 2302 4251 tempora
2337 4195 2553 4250 quoque
2587 4176 2881 4232 Salvatoris
2936 4175 3108 4229 nostri
3147 4172 3409 4227 adventus
3434 4185 3465 4221 a
3503 4168 3649 4237 prio-

425 4262 576 4315 ribus
605 4260 886 4329 pr0phetis
927 4262 1225 4330 antiquitus
1256 4264 1490 4333 cognita,
1521 4264 1718 4320 divinae
1748 4267 2024 4323 evidenter
2042 4271 2417 4325 commendata
2443 4284 2566 4324 esse
2601 4266 2912 4335 Scriptum.
3618 4290 3624 4297 -

422 4375 465 4426 Α
504 4372 736 4448 Βαιιὶείε.
761 4404 830 4413 -
849 4373 1439 4448 Quemadmodumpost
1460 4393 1718 4431 annorum
1746 4379 1972 4447 spaIium

2099 4381 2221 4436 Ἀπὸ
2258 4382 2363 4436 τοῦ
2391 4380 2632 4448 Δανιήλ.
2663 4409 2733 4448 ξτ-
2771 4375 3033 4448 Ὦςμετὰ
3063 4374 3282 4448 χρόῖον
3297 4370 3440 4423 ἐτῶν
3482 4369 3645 4448 e660-

493 4442 810 4521 septies-mg
849 4458 966 4521 qua:
995 4459 1201 4521 summa
1238 4446 1455 4521 eﬂicitur
1497 4463 1630 4521 coxo
1671 4441 1967 4521 annorum,

2141 4451 2419 4521 μήκων-τα
2462 4441 2818 4521 ἐϐδομάδωζ,
2840 4441 2899 4499 δ’
2916 4441 3135 4521 rigetet
3152 4441 3267 4521 ﬁt?)
3296 4442 3645 4521 τετρακόσια

492 4528 610 4563 cum
632 4511 883 4589 plu-istas
912 4511 1206 4589 hominibus
1241 4511 1300 4589 se
1337 4517 1611 4589 videndum
1647 4511 1966 4587 praebuerit,

2141 4511 2565 4589 ἓνὸθενήκοντα,
2595 4511 3008 4589 ’τοῦψΧρέσζοῦ
3061 4511 3387 4589 ἀνθρώποις
3436 4511 3644 4589 ἐπιφατ

490 4581 774 4648 ςῑνηρΙιεείιυ
811 4597 925 4659 quae
965 4581 1104 4659 apud
1141 4582 1357 4659 {arimos
1394 4580 1673 4659 exstabant
1697 4629 1711 4653 ,
1742 4598 1790 4642 et
1830 4580 1969 4659 quod

2145 4580 2383 4659 νέντοςῖ,
2424 4590 2482 4639 al
2525 4580 2682 4659 ,παρὰ
2710 4580 3012 4659 Ἰουδαίοις
3043 4580 3387 4659 προφητεῖαι
3411 4621 3425 4645 ,
3460 4580 3557 4634 καὶ
3603 4580 3640 4646 ἡ

492 4660 646 4727 antea
686 4652 825 4727 apud
861 4651 1069 4727 eosdem
1104 4653 1331 4727 celebre,
1382 4651 1705 4727 clarumque
1729 4651 1853 4712 erat"
1880 4676 1971 4713 sa-

2146 4651 2774 4724 πάλαίδιαπρέσέουσα
2906 4652 3109 4727 αὐτοῖς
3143 4651 3432 4727 ἱερωσύνη
3464 4665 3642 4727 θεατα-

462 4719 817 4794 ίςενιίοιὶιιιη,
850 4719 1183 4794 dissoluetur,
1214 4734 1265 4777 et
1294 4726 1393 4792 ipsi
1419 4719 1624 4794 quidem
1663 4728 1848 4781 diluvii
1874 4746 1967 4783 cu-

2146 4719 2512 4793 λυθήσεται,⁷
2536 4727 2633 4779 καὶ
2672 4723 2841 4778 αὐτοὶ
2862 4722 2978 4794 μὲν
3009 4720 3442 4794 κατακλυσμοῦ
3466 4719 3643 4794 δίκην

478 4792 699 4858 jusdam
729 4791 900 4844 instar
930 4790 1160 4867 assiduis
1199 4788 1553 4867 obsidionibus
1585 4798 1773 4864 captivi
1810 4799 1965 4867 ﬁent,

2146 4788 2517 4867 exmﬁloze
2531 4788 2899 4867 πολιορκίαις
2925 4791 3278 4867 (Licham-tat,
3302 4789 3368 4842 τὸ
3383 4788 3451 4841 δὲ
3473 4789 3642 4867 εῖτιον

487 4877 700 4925 sacram
732 4869 907 4913 autem
937 4861 1172 4930 ipsorum
1201 4865 1447 4933 templum
1477 4858 1768 4921 extremam
1798 4858 1974 4923 uasta;-

490 4932 682 4987 tionem
711 4931 964 4987 patietur.

2145 4864 2342 4923 αὐτῶν
2357 4858 2517 4934 ἱερὸύ
2539 4864 2653 4933 τὴν
2679 4858 2943 4934 ἐσχάτην
2967 4861 3215 4930 ἐρημίαν
3234 4858 3533 4929 ὑπομενεῖ.

513 4946 682 4983 ionem
711 4944 964 4997 patietur.

2151 5069 2169 5101 ι
2202 5050 2312 5102 Καὶ
2349 5047 2429 5101 ἔτι
2471 5066 2571 5119 μου
2599 5048 2902 5111 λαλοῦντος,
2939 5048 3033 5101 καὶ
3055 5045 3512 5119 προσευχομένου,
3544 5043 3638 5097 καὶ

2076 5139 2484 5212 ἑξαγορεύοντος
2518 5140 2614 5204 τὰς
2656 5141 2927 5212 ἁμαρτίας
2956 5156 3083 5210 μου,
3121 5138 3336 5200 καὶτὰς
3364 5136 3636 5207 ἁμαρτίας

2072 5231 2162 5286 τοῦ
2227 5230 2353 5287 λαοῦ
2405 5248 2505 5302 μου
2545 5230 2777 5303 Ἰσραὴλ,
2818 5231 2911 5284 καὶ
2973 5228 3289 5302 ῥιπτοῦντος
3355 5228 3445 5287 τὸν
3492 5225 3637 5277 ἐλεόν

488 5061 507 5094 ι
536 5042 599 5096 Et
628 5041 944 5097 οιιωίιιιιιυο
961 5042 1212 5113 loquerer
1239 5052 1293 5100 et
1320 5060 1531 5100 orarem
1563 5054 1616 5109 et
1631 5047 1969 5102 enuntiarem

412 5144 633 5206 peccata
667 5149 787 5203 mea
807 5174 824 5199 ,
853 5141 906 5197 et
931 5141 1151 5204 peccata
1179 5138 1365 5208 populi
1397 5138 1502 5193 mei
1533 5138 1730 5203 Israel,
1762 5146 1815 5207 et
1845 5154 1971 5208 pro-

412 5225 693 5279 funderem
736 5223 1261 5285 commiserationem
1301 5242 1476 5283 meam
1516 5243 1697 5283 coram
1738 5226 1969 5283 Domino

410 5312 521 5368 Deo
545 5330 666 5369 meo
696 5329 794 5385 pro
824 5324 1004 5371 monte
1032 5327 1221 5374 sancto
1251 5318 1347 5375 Dei
1379 5319 1522 5385 mei,
1551 5328 1605 5374 et
1631 5334 1756 5373 cum
1786 5317 1963 5374 adhuc

411 5405 660 5476 loquerer
683 5407 739 5461 iu
768 5408 1011 5470 oratione
1030 5449 1046 5474 ,
1073 5425 1201 5467 ecce
1229 5411 1312 5465 vir
1337 5409 1590 5475 Gabriel,
1617 5425 1778 5481 quem
1811 5409 1965 5466 vide-

408 5510 528 5551 ram
559 5501 610 5551 in
646 5497 855 5554 visione
886 5500 955 5556 ab
987 5502 1141 5558 initio
1161 5542 1176 5567 ,
1204 5503 1396 5559 volans
1425 5504 1601 5573 tetigit
1632 5517 1718 5558 me
1747 5502 1965 5558 circiter

411 5585 601 5652 horam
632 5591 884 5653 sacriﬁcii
912 5594 1240 5663 vespertini,
1277 5603 1331 5651 et
1359 5595 1543 5651 docuit
1577 5609 1661 5649 me
1682 5634 1697 5659 ,
1726 5601 1778 5650 et
1814 5594 1966 5649 locu-

479 5783 522 5823 "
556 5782 742 5846 Matth.
776 5801 897 5849 xxi,
934 5787 988 5847 2.
1064 5789 1110 5822 "
1140 5789 1369 5845 Zachar.
1410 5806 1463 5844 rx
1486 5832 1501 5859 ,
1538 5790 1587 5844 9.
1664 5792 1706 5822 ³⁷
1749 5789 1878 5846 Luc.
1914 5803 2041 5859 ut,
2084 5788 2167 5859 I9,
2200 5790 2289 5847 20.

2074 5339 2175 5393 μου
2207 5322 2384 5381 ἔναντι
2418 5323 2620 5393 Κυρίου
2649 5322 2742 5376 τοῦ
2774 5322 2905 5376 Θεοῦ
2938 5340 3058 5393 μου,
3101 5322 3195 5375 ἐπὶ
3238 5319 3330 5373 τοῦ
3358 5319 3516 5393 ὅρους
3542 5313 3635 5369 τοῦ

2072 5413 2227 5483 ἁγίου
2282 5413 2375 5466 τοῦ
2429 5413 2563 5466 Θεοῦ
2614 5431 2737 5484 μου,
2781 5415 2875 5477 καὶ
2910 5414 2989 5467 ἔτι
3023 5430 3125 5483 μου
3169 5410 3454 5473 λαλοῦντος
3486 5410 3543 5467 ὲν
3568 5408 3634 5479 τῇ

2071 5506 2366 5576 προσευχῇ,
2396 5506 2491 5558 καὶ
2548 5504 2654 5557 ἰδοὺ
2680 5506 2708 5556 ὁ
2745 5503 2883 5576 ἀνὴρ
2911 5503 3172 5576 Γαϐριὴλ,
3217 5502 3276 5555 ὃν
3321 5496 3458 5554 εἶδον
3487 5501 3544 5561 ἐν
3568 5499 3635 5574 τῇ

2074 5596 2239 5667 ἀρχῇ,
2271 5596 2581 5666 πετόμενος,
2614 5598 2706 5650 καὶ
2746 5597 2923 5669 ἣψατό
2965 5613 3067 5675 μου
3110 5594 3242 5649 ὡσεὶ
3273 5592 3421 5663 ὤραν
3447 5588 3633 5656 θυσίας

2367 5794 2409 5825 ⁵⁸
2447 5791 2589 5848 Psal.
2628 5808 2813 5860 χχχιιι,
2844 5792 2893 5849 7.
