4098 6490
444 405 548 462 597
1322 394 1970 452 DEMONSTRATIONIS
2017 396 2474 453 EVANGELICA‘Z
2496 397 2622 452 LIB.
2666 398 2797 453 VIII.
3571 400 3676 455 598

442 515 752 588 ἐσπερινῆς,
802 516 895 569 ml
930 512 1169 566 συνέτισέ
1202 529 1290 581 με,
1321 512 1415 563 ml
1443 509 1669 580 ἐλάλησε
1712 513 1827 581 μετ’
1853 511 1976 581 ἐμοῐ

2077 518 2204 570 ,ιιιε
2241 522 2326 567 est
2363 529 2611 579 mecum,
2651 522 2705 568 et
2744 511 2880 567 dixit
2912 530 2924 564 :
2969 511 3191 575 Daniel,
3235 528 3379 567 nunc
3418 527 3675 581 egressus

442 611 536 664 καὶ
562 604 681 661 εἶπε
700 624 712 637 ·
733 605 947 677 Δανιὴλ,
972 604 1063 658 νῦν
1092 602 1309 673 ἐξῆλθον
1322 601 1655 672 συμϐιϐάσαι
1672 618 1731 653 σε
1756 600 1968 654 σύνεσιν

2109 614 2229 653 sum
2268 610 2325 654 ut
2354 601 2576 656 atl‘eram
2617 603 2713 658 tibi
2756 602 3170 672 intelligentiam
3205 621 3216 655 :
3249 602 3319 656 ab
3357 602 3511 657 initio
3551 618 3676 672 pre—

441 704 503 755 ἐν
531 702 672 772 ἀρχῇ
710 698 810 767 τῆς
846 695 1079 767 δεήσεώς
1123 710 1214 747 σου
1265 693 1483 765 ἐξῆλθεν
1510 694 1538 745 ὁ
1571 693 1743 762 λόγος,
1773 693 1872 747 καὶ
1894 691 1976 760 ἐγί

2107 705 2231 744 cum
2273 699 2492 746 tuarum
2530 708 2786 764 egressus
2825 701 2909 749 est
2948 707 3164 758 sermo,
3212 702 3264 747 et
3307 708 3406 762 ego
3450 693 3573 748 veni
3615 702 3673 747 ut

435 785 598 862 ἦλθον
641 787 956 857 ἀναγγεῖλαί
986 803 1088 849 σοι,
1124 786 1207 838 ὅτι
1232 785 1369 857 ἀνὴρ
1399 784 1699 855 ἐπιθυμιῶν
1726 786 1789 838 σὺ
1816 780 1885 847 εἴ,
1912 801 1976 837 κα

2106 781 2402 836 iudicarem
2454 784 2582 846 tibi,
2635 786 2778 854 quod
2824 784 2906 837 vir
2947 783 3343 838 desideriorum
3383 791 3442 837 tu
3480 799 3582 843 es.
3617 790 3671 838 et

438 882 717 954 ἐννοήθητι
756 883 813 933 ἐν
858 878 932 949 τῷ
977 880 1200 950 ῥήματι,
1231 878 1326 932 ml
1361 877 1519 941 σύνες
1551 878 1608 928 ἐν
1641 879 1705 947 τῇ
1745 877 2000 945 ὀπτασίᾳ,

435 977 518 1030 ὅτι
539 974 675 1046 ἀνὴρ
707 970 1007 1045 ἐπιθυμιῶν
1055 968 1107 1025 εἴ
1157 972 1241 1027 σύ.
1287 971 1685 1042 Ἐϐδομήκοντα
1712 968 2002 1040 ἐϐδομάδες

438 1065 849 1138 συνετμήθησαν
914 1066 1005 1119 ἐπὶ
1044 1066 1136 1119 τὸν
1171 1065 1298 1119 λαόν
1334 1082 1448 1127 σου,
1479 1064 1574 1117 ml
1602 1064 1694 1116 ἐπὶ
1719 1063 1819 1134 τὴν
1847 1062 2001 1117 πόλιν

434 1160 534 1230 τὴν
591 1158 770 1227 ἁγίαν,
825 1157 919 1210 τοῦ
962 1156 1376 1226 συντελεσθῆναι
1426 1156 1719 1227 ἁμαρτίαν,
1773 1163 1865 1209 καὶ
1904 1156 1998 1209 τοῦ

435 1250 730 1322 σφραγίσαι
757 1249 1050 1322 ἁμαρτίας,
1070 1249 1164 1303 καὶ
1186 1249 1280 1301 τοῦ
1309 1249 1605 1319 ἀπαλεῖψαι
1626 1248 1725 1311 τὰς
1748 1248 1995 1319 ἀνομίας,

434 1343 526 1396 καὶ
550 1342 643 1396 τοῦ
686 1340 1033 1407 ἐξιλάσασθαι
1076 1341 1308 1404 ἀδικίας,
1358 1342 1450 1395 ml
1478 1342 1704 1411 ἀγαγεῖν
1726 1341 1998 1394 δικαιοσύ-

432 1450 530 1504 νην
576 1433 813 1497 αἰώνιον,
872 1434 966 1486 ml
997 1430 1089 1485 τοῦ
1121 1432 1416 1502 σφραγίσαι
1442 1432 1628 1503 ὅρασιν
1659 1432 1754 1486 ml
1784 1450 1998 1504 προφη-

429 1523 600 1588 τείαν,
636 1524 729 1575 ml
755 1521 850 1575 τοῦ
877 1524 1061 1593 χρῖσαι
1100 1522 1252 1591 άγιον
1302 1521 1469 1589 ἁγίων
1490 1539 1502 1551 ο
1554 1523 1649 1575 καὶ⁹
1691 1521 1871 1594 γνώσῃ
1906 1524 1998 1576 ml

429 1612 682 1682 συνήσεις
708 1611 814 1664 ἀπὸ
847 1609 1025 1674 ἐξόδου
1058 1610 1238 1680 λόγου,
1261 1609 1354 1663 τοῦ
1382 1612 1762 1683 ἀποκριθῆναι,
1796 1615 1889 1665 καὶ
1902 1614 1995 1666 τοῦ

426 1702 773 1773 οἰκοδομῆσαι
829 1702 1182 1774 Ἰερουσαλὴμ
1245 1703 1349 1767 ἕως
1389 1704 1621 1770 Χριστοῦ
1668 1705 1992 1776 ἡγουμένου.

438 1792 762 1863 Ἐϐδομάδες
825 1793 983 1859 ἐπτά,
1041 1796 1136 1849 καὶ
1175 1794 1463 1866 ἐϐδομάδες
1502 1796 1877 1867 ἑξηκονταδύο,
1904 1800 1995 1852 καὶ

426 1884 740 1955 ἐπιστρέψει
763 1925 778 1947 ,
803 1887 896 1939 καὶ
914 1886 1393 1957 οἰκοδομηθήσεται
1422 1886 1649 1942 πλατεῖα
1681 1891 1772 1943 ml
1796 1891 1992 1960 τείχος,

425 1975 521 2028 καὶ
549 1976 942 2048 κενωθήσονται
975 1980 1022 2031 ot
1049 1979 1230 2051 καιροί
1251 1995 1265 2009 ·
1296 1980 1391 2033 xal
1410 1980 1546 2051 μετά
1568 1980 1664 2045 τάς
1694 1981 1994 2053 ἑϐδομάδας

421 2067 521 2132 τάς
541 2068 910 2141 ἑξηκονταδύο,
934 2070 1438 2142 ἐξολοθρευθήσεται
1459 2073 1685 2145 χρίσμα,
1705 2076 1797 2128 καὶ
1820 2079 1994 2145 κρῖμα

419 2158 520 2211 οὐκ
547 2158 692 2212 ἔστιν
746 2161 803 2212 ἐν
852 2160 1019 2231 αὐτῷ,
1054 2163 1148 2215 ml
1172 2162 1271 2232 τὴν
1305 2162 1457 2216 πόλιν
1487 2164 1579 2216 ml
1608 2164 1667 2217 τὸ
1694 2159 1847 2232 ἅγιον
1879 2165 1993 2217 δια·-

419 2249 608 2320 φθερεῖ
637 2251 734 2304 σὺν
766 2250 843 2322 τῷ
895 2252 1181 2322 ἡγουμένῳ
1233 2252 1309 2323 τῷ
1345 2255 1643 2325 ἐρχομένῳ,
1705 2255 1799 2308 ml
1831 2258 1991 2308 ἐκκο-

418 2339 679 2409 πήσονται
728 2343 786 2394 ἐν
846 2342 1235 2412 κατακλυσμῷ,
1275 2344 1370 2396 ml.
1407 2345 1511 2407 ἕως
1542 2346 1727 2410 τέλους
1756 2345 1987 2418 πολέμου

419 2432 856 2501 συντετμημένου
888 2433 1236 2503 ἀφανισμοῖς,
1268 2436 1363 2487 καὶ
1390 2435 1697 2507 δυναμὼσει
1725 2439 1988 2511 διαθήκην

417 2519 631 2584 πολλοῖς
649 2520 881 2592 ἑϐδομὰς
912 2523 1030 2593 μία,
1061 2525 1155 2577 καὶ
1175 2526 1232 2578 ἐν
1256 2525 1332 2597 τῷ
1359 2526 1545 2597 ἡμίσει
1572 2528 1671 2599 τῆς
1699 2530 1988 2600 ἑϐδομάδος
2007 2567 2031 2578 μ-

416 2609 712 2682 ἀρθήσεται
764 2613 921 2667 θυσία
981 2615 1074 2668 ml
1105 2616 1321 2688 σπονδὴ,
1349 2619 1441 2671 ml
1483 2620 1576 2672 ἐπὶ
1604 2620 1664 2672 τὸ
1697 2620 1839 2691 ἱερὸν
1869 2621 1987 2691 βδέ-

413 2701 595 2771 λυγμα
646 2703 754 2757 τῶν
796 2706 1128 2777 ἐρημώσεων
1172 2708 1342 2773 ἔσται,
1393 2710 1486 2762 ml
1539 2711 1643 2775 ἓως
1677 2712 1985 2778 συντελείας

413 2794 603 2864 καιροῦ
626 2796 898 2851 συντέλεια
930 2798 1210 2869 δοθήσεται
1244 2801 1336 2854 ἐπὶ
1360 2801 1457 2872 τὴν
1479 2804 1776 2873 ἐρήμωσιν.
1814 2824 1834 2856 ι
1873 2805 1983 2876 Τῆς

410 2883 502 2936 τοῦ
532 2885 798 2942 Ἰουδαίων
827 2888 1009 2953 ἔθνους
1025 2892 1104 2953 είς
1132 2888 1427 2945 Βαϐυλῶνα
1458 2892 1981 2964 ἑϐδομηκονταετοῦς

409 2975 785 3044 αἰχμαλωσίας
806 2980 885 3041 είς
901 2979 1074 3052 πέρας
1093 2981 1193 3052 ήδη
1219 2966 1660 3053 συνελαυνούσης,
1680 2985 1757 3055 τῷ
1783 2986 1980 3058 Δανιὴλ

408 3067 709 3140 εὐξαμένῳ,
742 3064 821 3134 εἷς
843 3071 950 3125 τῶν
996 3073 1167 3140 ἁγίων
1198 3072 1522 3145 λειτουργῶν
1555 3075 1647 3130 τοῦ
1681 3076 1837 3145 Θεοῦ,
1874 3078 1977 3131 Γα-

2105 873 2476 928 animadverte
2512 874 2564 928 in
2593 876 2781 938 verbo,
2817 883 2871 929 et
2900 875 3140 945 intellige
3173 875 3225 927 in
3261 875 3494 940 visione,
3526 877 3669 944 quod

2103 960 2188 1013 vir
2234 960 2633 1015 desideriorum
2668 978 2727 1018 es
2779 972 2856 1017 tu.
2909 961 3264 1033 Septuaginta
3308 964 3670 1019 hebdontades

2103 1052 2487 1122 compendium
2545 1067 2808 1123 accepere
2859 1047 3023 1123 supe‘I‘
3076 1056 3333 1124 populum
3382 1065 3566 1122 tuum,
3616 1066 3671 1112 et

2102 1158 2267 1212 super
2297 1142 2575 1198 civitatem
2616 1151 2891 1208 sanctam,
2928 1155 2988 1198 ut
3028 1156 3442 1201 consummetur
3477 1164 3671 1218 pecca-

2102 1243 2250 1299 tum,
2281 1241 2335 1288 et
2366 1234 2653 1305 signentur
2683 1237 2840 1306 quasi
2885 1237 3087 1290 annulo
3127 1247 3350 1306 peccata
3374 1279 3389 1303 ,
3430 1248 3484 1294 et
3523 1241 3670 1297 dele-

2101 1335 2264 1380 antur
2294 1325 2613 1396 iniquitates
2634 1369 2648 1393 ,
2677 1335 2732 1383 et
2761 1329 3048 1399 expientur
3077 1329 3384 1399 injustitiaa,
3412 1341 3467 1387 et
3498 1334 3665 1389 addu«

2099 1427 2257 1471 catur
2284 1416 2499 1486 justitia
2532 1406 2859 1489 .tpiterna
2879 1460 2894 1483 ,
2926 1428 2980 1475 et
3010 1422 3166 1491 quasi
3200 1424 3354 1493 signo
3401 1425 3668 1494 impresso

2097 1510 2386 1563 claudatur
2428 1510 2566 1565 visio
2589 1551 2603 1575 ,
2635 1518 2690 1564 et
2723 1512 3007 1582 pr0pbetia
3029 1553 3043 1577 ,
3077 1521 3131 1567 et
3166 1522 3401 1583 ungatur
3441 1525 3669 1572 sanctus

2099 1606 2413 1654 sanctorum
2436 1640 2450 1665 ,
2480 1608 2532 1654 et
2562 1615 2862 1670 cognosces
2891 1610 2944 1657 et
2974 1603 3242 1675 intelliges
3267 1606 3334 1659 ab
3373 1606 3520 1660 exitu
3553 1622 3664 1663 ser—

2099 1690 2310 1755 monis,
2343 1697 2402 1744 ut
2438 1692 2867 1760 respondeatur,
2899 1704 2953 1749 et
2984 1695 3283 1751 aedificetur
3323 1696 3661 1753 Hierusalem

2096 1800 2273 1855 usque
2310 1785 2376 1839 ad
2423 1785 2703 1841 Christum
2752 1787 2968 1843 ducem.
3012 1788 3386 1847 Hebdomades
3426 1801 3661 1862 septem,

2096 1883 2151 1929 et
2172 1874 2537 1930 hebdomades
2568 1878 2852 1946 sexaginta
2878 1878 3040 1948 382
3072 1880 3227 1947 dum,
3256 1889 3310 1935 et
3339 1890 3663 1947 revertetur,

2095 1977 2149 2022 et
2187 1966 2550 2022 aedificabitur
2585 1970 2764 2039 platea
2802 1977 2855 2022 ct
2895 1986 3119 2037 murus,
3161 1978 3215 2026 et
3252 1974 3663 2028 evacuabuntur

2096 2068 2337 2130 tempora
2361 2079 2372 2113 :
2396 2066 2450 2115 et
2480 2071 2607 2131 post
2623 2060 2991 2115 hebdomadas
3024 2062 3305 2134 sei-agit“
3334 2065 3470 2120 duas
3494 2105 3507 2130 ,
3539 2081 3663 2134 per-

2096 2071 2337 2130 tempora
2361 2079 2372 2113 :
2396 2071 2450 2115 et
2480 2071 2607 2131 post
2624 2071 2991 2115 hebdomadas
3024 2071 3226 2131 sexag‘u
3275 2080 3286 2095 ·
3334 2071 3470 2120 duas
3494 2105 3507 2130 ,
3539 2081 3661 2134 per—

2093 2154 2191 2207 ibit
2230 2153 2416 2209 unctio
2442 2196 2459 2221 ,
2506 2162 2561 2209 et
2620 2155 2886 2225 judicium
2926 2168 3033 2207 non
3074 2162 3157 2210 est
3198 2071 3355 2211 [#623
3379 2197 3394 2221 ,
3434 2166 3488 2213 et
3527 2160 3661 2212 ciri-

2087 2254 2257 2300 tatem
2294 2256 2348 2301 et
2379 2253 2630 2302 sanctum
2668 2245 2943 2317 disperdet
2980 2261 3103 2299 cum
3133 2245 3273 2301 duce
3310 2257 3571 2312 venturo,
3608 2257 3663 2303 et

2089 2339 2413 2393 excidentur
2452 2339 2506 2393 in
2547 2339 2784 2403 diluvio,
2825 2346 2879 2394 et
2919 2353 3092 2408 usque
3129 2337 3199 2391 ad
3238 2337 3399 2394 linem
3439 2340 3562 2394 belli
3604 2340 3659 2393 in

2089 2430 2471 2501 compendium
2505 2431 2707 2486 redacti
2739 2430 3245 2498 internecionibus,
3276 2439 3331 2488 et
3364 2432 3658 2487 conﬁrma-

2088 2523 2167 2577 bit
2210 2531 2428 2592 pactum
2466 2523 2652 2577 multis
2692 2523 3030 2578 hebdomada
3071 2538 3216 2588 una,
3278 2530 3333 2577 et
3384 2524 3437 2579 in
3478 2525 3658 2579 medio

2087 2615 2443 2670 hebdomadis
2470 2615 2748 2670 auferetur
2779 2615 3108 2670 sacrificium
3139 2622 3191 2669 et
3223 2613 3446 2681 libatio,
3480 2623 3533 2669 et
3564 2632 3656 2670 su-

2087 2722 2182 2777 per
2220 2707 2478 2776 templum
2519 2706 2856 2762 abominatio
2890 2706 3324 2771 desolationum,
3378 2714 3433 2763 et
3480 2723 3653 2776 usque

2085 2797 2152 2852 ad
2174 2799 2703 2854 consummationem
2739 2798 2999 2868 temporis
3019 2838 3034 2864 ,
3061 2797 3464 2852 consummatio
3499 2796 3653 2848 dabi~

2085 2897 2173 2942 tur
2215 2889 2270 2943 in
2313 2889 2706 2945 desolationem
2738 2890 2806 2944 δ’.
2844 2909 2862 2941 ι
2889 2889 3025 2944 Cum
3066 2887 3308 2943 Iudaicae
3346 2890 3522 2959 gentis
3564 2903 3653 2943 se-

2082 2981 2436 3053 ptuagenaria
2464 2980 2604 3053 apud
2632 2980 2958 3052 Babylonios
2992 2980 3227 3035 servitus
3255 2981 3366 3049 jam
3397 2980 3463 3034 ad
3490 2980 3651 3041 tinem

2081 3070 2363 3146 tenderet,
2403 3071 2610 3127 Danieli
2648 3072 2826 3126 oranti
2877 3086 3019 3125 unus
3059 3085 3126 3124 ex
3169 3069 3373 3124 sanctis
3410 3068 3502 3123 Dei
3548 3070 3652 3122 mi-

408 3158 565 3231 ϐριὴλ
607 3162 636 3213 ὁ
683 3162 1036 3232 ἀρχάγγελος,
1071 3165 1375 3233 ἐπιφανεὶς,
1411 3166 1508 3238 τὴν
1564 3169 1858 3224 ἀνανέωσιν
1878 3172 1975 3242 τῆς

2080 3164 2272 3219 nistris
2324 3164 2476 3220 visus
2528 3163 2745 3219 Gabriel
2794 3160 3182 3232 archangelus,
3239 3162 3646 3217 renovationem

417 3251 772 3325 Ἰερουσαλὴμ
828 3256 1027 3310 αὐτίκα
1060 3274 1120 3312 τε
1146 3257 1239 3310 ml
1267 3259 1366 3312 ούκ
1406 3260 1485 3321 εἰς
1511 3261 1726 3331 μακρὰν
1756 3262 1974 3317 ἔσεσθαι

2078 3257 2231 3313 urbis
2275 3256 2614 3312 Hierusalem
2662 3255 2838 3325 primo
2886 3269 3103 3325 quoque
3141 3261 3388 3324 tempore
3429 3261 3482 3308 et
3528 3254 3647 3313 sine

404 3335 668 3402 θεσπίζει,
729 3341 823 3394 τόν
862 3360 921 3395 τε
950 3342 1091 3397 κατά
1136 3344 1234 3414 τὴν
1264 3346 1561 3400 ἀνανέωσιν
1585 3349 1753 3420 αὐτῆς
1787 3352 1974 3425 χρόνον

405 3429 484 3491 είς
522 3430 657 3484 ἐτῶν
713 3432 941 3503 ἀριθμὸν
1003 3435 1332 3506 περιορίζει·
1364 3437 1614 3510 προλέγει
1635 3458 1693 3493 τε
1726 3442 1801 3506 ὡς
1834 3446 1975 3499 κατὰ

402 3519 502 3591 τὴν
562 3520 872 3592 ὡρισμένην
922 3525 1254 3597 προθεσμίαν
1295 3524 1450 3592 αὖθις
1496 3529 1969 3605 καθαιρεθήσεται,

405 3615 496 3667 ml
515 3614 609 3678 ὡς,
641 3615 739 3689 τὴν
760 3617 1016 3689 δευτέραν
1046 3621 1384 3693 ὑπομείνασα
1407 3625 1607 3680 ἅλωσιν
1631 3627 1725 3679 ml
1753 3629 1970 3698 πολιορ-

404 3703 546 3768 κίαν,
578 3705 757 3759 οὐκέτι
790 3708 887 3780 τῆς
914 3711 978 3763 ἐκ
1012 3709 1144 3765 Θεοῦ
1177 3712 1421 3778 τεύξεται
1459 3715 1783 3787 ἐπισκοπῆς.
1819 3722 1973 3788 μενεῖ

402 3794 459 3847 δὲ
503 3796 728 3868 ἕρημος,
782 3801 1320 3876 συγκαθαιρουμένης
1365 3806 1500 3877 αὐτῇ
1543 3810 1642 3878 τῆς
1696 3807 1836 3861 κατά
1879 3810 1970 3863 τὸν

401 3886 641 3952 Μωσέως
698 3891 858 3961 νόμον
933 3892 1208 3966 λατρείας,
1266 3897 1457 3970 ἐτέρας
1497 3898 1553 3952 δὲ
1607 3901 1721 3952 ἀντ’
1754 3901 1968 3971 ἐκείνης

397 3975 476 4046 τῷ
504 3977 605 4049 βίῳ
630 3980 738 4040 τῶν
764 3982 1065 4054 ἀνθρώπων
1094 3988 1300 4059 Καινῆς
1319 3989 1591 4061 Διαθήκης
1619 3991 1969 4064 ἀντεισαχθη-

400 4068 650 4141 σομένης.
705 4074 814 4127 Καὶ
845 4074 1018 4129 ταῦτα
1041 4077 1071 4129 ὁ
1097 4078 1335 4151 Γαϐριὴλ
1365 4080 1439 4145 ὡς
1467 4083 1523 4134 ἐν
1555 4087 1819 4154 χρησμοῖς
1848 4085 1967 4137 ἐπι-

397 4162 792 4233 κεκρυμμένως
828 4166 1107 4235 ἐκφαίνειν
1140 4170 1391 4239 ὁμολογεῖ
1421 4172 1499 4243 τῷ
1533 4176 1803 4246 προφήτῃ.
1828 4176 1965 4248 Φησὶ

394 4249 523 4317 γοῦν
553 4252 631 4323 τῷ
653 4254 877 4327 Δανιήλ·
917 4275 937 4308 ι
976 4256 1090 4313 Νῦν
1121 4259 1342 4330 ἐξῆλθον
1377 4263 1707 4333 συμϐιϐάσαι
1734 4283 1792 4319 σε
1842 4266 1965 4320 σύν-

394 4359 539 4398 εσιν·
580 4349 638 4399 ἐν
689 4349 828 4421 ἀρχῇ
884 4351 985 4422 τῆς
1045 4351 1281 4425 δεήσεως
1330 4373 1423 4409 σου
1474 4356 1692 4430 ἐξῆλθεν
1728 4361 1757 4412 ὁ
1784 4361 1958 4432 λόγος,

2076 3364 2228 3404 mora
2264 3348 2505 3403 futuram
2549 3347 2734 3412 canit,
2767 3353 2823 3401 et
2849 3354 3067 3417 tempus
3095 3360 3267 3416 usque
3301 3345 3370 3400 ad
3402 3360 3523 3402 eam
3553 3360 3643 3403 res

2075 3441 2420 3495 novationem
2460 3448 2691 3494 numero
2721 3455 2993 3496 annorum
3035 3442 3404 3498 determinat:
3444 3442 3645 3514 praedi-

2074 3533 2258 3602 citque
2298 3540 2358 3585 ut
2400 3541 2525 3601 post
2568 3530 2851 3586 definitum
2896 3532 3031 3586 illud
3067 3533 3330 3603 temporis
3361 3534 3597 3602 spatium
3624 3575 3639 3598 ,

2073 3639 2267 3679 rursus
2299 3630 2592 3686 evertetur,
2642 3630 2808 3692 utque
2848 3631 2971 3693 post
3019 3623 3316 3679 secundam
3361 3637 3639 3694 expugna-

2073 3712 2273 3766 tionem
2309 3720 2473 3783 atque
2517 3711 2895 3779 obsidionem,
2946 3729 3057 3769 non
3106 3714 3248 3768 ultra
3300 3714 3412 3770 Deo
3458 3723 3641 3768 tutore

2069 3803 2357 3874 gaudebit,
2391 3804 2485 3858 sed
2517 3804 2632 3859 sola
2663 3820 2726 3860 ac
2764 3805 2978 3859 deserta
3023 3819 3206 3860 secum
3244 3820 3348 3857 una
3385 3805 3634 3860 Mosaicae

2070 3896 2203 3965 legs
2231 3895 2338 3948 ritu
2367 3895 2611 3960 sublato,
2640 3896 3012 3966 permanebit,
3041 3896 3240 3965 quippe
3270 3910 3393 3949 cum
3426 3896 3480 3950 iu
3513 3898 3632 3965 ejus

2068 3987 2207 4041 ritus
2237 3988 2448 4053 locum,
2479 3990 2533 4042 in
2570 3990 2734 4045 vitam
2769 3988 3051 4043 hominum
3088 3988 3318 4040 alterum
3351 3987 3423 4042 sit
3460 3988 3636 4040 intro-

2066 4077 2372 4133 ducendum
2406 4078 2832 4142 Testamentum,
2871 4079 3016 4147 quod
3053 4076 3263 4131 Novum
3299 4077 3532 4132 dicatur.
3570 4078 3634 4131 Et

2067 4168 2209 4234 haec,
2242 4175 2301 4221 ut
2335 4169 2391 4222 in
2424 4168 2665 4222 oraculis
2695 4182 2814 4222 mos
2843 4176 2960 4229 est,
2997 4167 3232 4221 latenter
3262 4182 3322 4220 se
3358 4165 3465 4237 ipsi
3502 4182 3632 4237 pror

2066 4260 2241 4329 pheta;
2273 4259 2518 4315 indicare
2546 4258 2764 4315 Gabriel
2797 4260 3103 4330 profitetur.
3137 4259 3231 4312 Ait
3264 4259 3430 4329 igitur
3465 4260 3533 4314 ad
3565 4260 3631 4313 il-

2063 4353 2174 4406 lum
2202 4370 2215 4405 :
2258 4370 2276 4403 ι
2304 4351 2460 4406 Nunc
2491 4367 2747 4422 egressus
2778 4367 2898 4413 sum
2936 4361 2995 4406 ut
3026 4351 3244 4405 alleram
3287 4352 3385 4405 tibi
3425 4352 3630 4407 intelli-

393 4434 547 4525 κάγὼ
576 4433 738 4509 ἦλθον
781 4443 1095 4513 ἀναγγεῖλαί
1126 4464 1228 4510 σοι,
1279 4448 1361 4502 ὅτι
1387 4450 1528 4522 ἀνὴρ
1561 4451 1862 4525 ἐπιθυμιῶν
1892 4457 1957 4509 σὺ

2077 4446 2297 4515 gentiam
2325 4464 2338 4499 :
2368 4445 2434 4498 ab
2465 4444 2618 4498 initio
2646 4459 2865 4513 precum
2892 4450 3107 4497 tuarum
3131 4458 3386 4513 egressus
3409 4450 3493 4499 est
3514 4459 3631 4500 ser-

392 4521 463 4619 εῖ,
515 4530 611 4619 ml
675 4532 953 4604 ἐννοήθητι
995 4536 1054 4588 ἐν
1108 4537 1185 4608 τῷ
1227 4539 1449 4611 ῥήματι,
1477 4518 1576 4596 καὶ
1625 4518 1781 4609 σύνες
1808 4548 1866 4601 ἐν
1890 4550 1954 4619 τῇ

2077 4553 2188 4600 .no,
2230 4545 2285 4592 et
2329 4551 2428 4607 ego
2458 4537 2579 4590 veni
2626 4542 2689 4588 ut
2726 4522 3023 4589 indicarem
3069 4533 3202 4598 tibi,
3237 4534 3385 4603 quod
3414 4533 3499 4589 vir
3527 4534 3626 4588 dc—

392 4617 655 4711 :I'm'aalq'
694 4641 713 4673 ι
754 4625 938 4693 σαφῶς
986 4629 1265 4701 διεγείρων
1321 4634 1482 4689 αὐτὸν
1520 4638 1599 4700 είς
1654 4617 1957 4711 βαθυτέραν

391 4705 624 4800 ἐννοιανν
654 4712 748 4765 καὶ
805 4713 1016 4772 σύνεσιν
1080 4721 1178 4791 τῆς
1204 4720 1315 4776 τῶν
1357 4705 1673 4795 λεγομένων
1704 4705 1952 4800 θεωρίας.

404 4796 695 4893 ᾯπτασίαν
751 4804 880 4871 γοῦν
941 4809 1082 4862 αὐτά
1125 4811 1190 4879 γέ
1241 4830 1372 4884 φησι
1417 4815 1503 4869 διά
1545 4817 1608 4870 τὸ
1656 4796 1955 4893 βαθυτέρας

390 4885 605 4957 ἔχεσθαι
630 4889 884 4961 διανοίας,
924 4898 1018 4951 καὶ
1039 4900 1100 4953 οὐ
1141 4900 1240 4971 τῆς
1268 4904 1536 4976 τυχούσης
1566 4885 1831 4973 συνέσεως
1851 4885 1955 4964 δεῖ-ξ

391 4976 515 5032 σθαι
530 4992 543 5006 ⁸
561 4979 749 5073 διόπερ
767 4987 861 5039 ml
876 4988 1029 5041 αὐτοὶ
1046 4988 1320 5063 τὸνδωρού
1329 5011 1488 5064 μενον
1513 4997 1725 5052 σύνεσιν
1749 4999 1957 5073 ἀνθρώ-

387 5083 530 5135 ποις,
577 5071 1025 5145 ἐπικαλεσάμενοί
1060 5096 1118 5132 τε
1144 5081 1234 5133 ὑπ’
1259 5082 1423 5135 αὐτοῦ
1468 5085 1803 5156 φωτισθῆναι
1831 5071 1957 5153 τοὺς

385 5158 482 5229 τῆς
531 5160 769 5228 διανοίας
821 5165 1153 5238 ὀφθαλμοὺς,
1200 5172 1656 5247 ἐπιθαρρήσωμεν
1703 5181 1770 5250 τῇ
1816 5181 1955 5235 κατὰ

381 5253 508 5318 τοὺς
536 5255 733 5320 τόπους
757 5257 978 5332 θεωρίαι
1003 5282 1020 5313 ι
1062 5263 1478 5337 Ἐϐδομήκοντα,
1514 5288 1533 5319 ι
1580 5271 1763 5340 φησὶν,
1799 5291 1818 5323 ι
1862 5273 1952 5325 ἐϐ-

380 5341 606 5412 δομάδες
639 5347 1049 5420 συνετμήθησαν
1078 5352 1174 5405 ἐπὶ
1193 5352 1284 5405 τὸν
1315 5352 1439 5408 λαόν
1474 5372 1566 5408 σου
1600 5358 1694 5409 καὶ
1726 5358 1818 5411 ἐπὶ
1843 5358 1943 5430 τὴν

383 5434 534 5489 πόλιν
559 5437 656 5507 τὴν
676 5438 835 5506 ἁγίαν
855 5456 970 5504 σου,
988 5440 1081 5494 τοῦ
1104 5443 1517 5517 συντελεσθῆναι
1536 5448 1830 5521 ἁμαρτίαν,
1848 5451 1942 5502 ml

278 5558 283 5561 -
379 5524 670 5597 ἀπαλεῖψαι
697 5529 795 5592 τάς
827 5531 1073 5603 ἀνομίας,
1103 5533 1194 5586 ml
1212 5533 1305 5587 τοῦ
1336 5532 1677 5600 ἐξιλάσασθαι
1708 5539 1935 5605 ἀδικίας,

379 5615 474 5668 καὶ
517 5618 744 5686 ἀγαγεῖν
775 5619 1119 5694 δικαιοσύνην
1141 5624 1374 5691 αἰώνιον,
1403 5628 1495 5682 ml
1526 5630 1617 5684 τοῦ
1645 5631 1937 5701 σφραγίσαι

453 5810 497 5842 ⁸⁹
532 5811 664 5871 Dan.
700 5831 774 5883 Ix,
808 5817 994 5875 20-27.

2061 4627 2387 4684 sideriorum
2443 4634 2500 4681 tu
2549 4642 2638 4692 es,
2693 4636 2746 4681 et
2793 4625 3170 4681 animadverte
3220 4625 3275 4680 in
3322 4625 3523 4692 verbo,
3575 4634 3630 4680 et

2061 4717 2300 4786 intellige
2352 4718 2410 4771 in
2454 4717 2685 4772 visione.
2720 4715 2979 4782 iQuibus
3031 4717 3212 4771 verbis
3262 4718 3421 4786 plane
3472 4717 3626 4771 illum

2058 4809 2298 4875 excitat,
2336 4817 2395 4863 ut
2427 4807 2753 4878 profundius
2795 4809 3228 4873 animadvertat,
3272 4806 3624 4878 profundius-

2056 4915 2163 4970 que
2202 4900 2466 4971 intelligat
2501 4915 2564 4954 ea
2602 4914 2722 4969 quae
2764 4901 2817 4954 in
2860 4900 3040 4955 verbis
3075 4900 3144 4953 ab
3183 4900 3302 4967 ipso
3341 4896 3623 4967 proferen-

2054 4992 2141 5046 dis
2168 4993 2630 5060 contemplatione
2688 4992 2848 5061 digna
2883 5000 3031 5047 sunt.
3081 4990 3359 5060 Siquidem
3399 4989 3490 5042 illa
3540 4990 3623 5043 vi—

2053 5082 2264 5137 sionem
2320 5083 2590 5153 appellat,
2654 5093 2945 5153 propterea
3000 5080 3146 5151 quod
3205 5079 3616 5150 profundiorem

2050 5174 2340 5244 quemdam
2380 5188 2601 5229 sensum
2647 5174 2951 5243 attingunt,
3002 5187 3179 5242 neque
3218 5171 3429 5241 vulgari
3479 5187 3617 5242 qua-

2048 5267 2172 5321 dam
2214 5264 2500 5335 prudentia
2547 5263 2795 5332 indigent
2826 5280 2839 5314 :
2873 5260 3227 5331 quamobrem
3262 5260 3365 5330 ipsi
3397 5275 3615 5330 quoque

2050 5373 2173 5413 eum
2218 5357 2572 5420 invocantes,
2619 5354 2713 5424 qui
2755 5352 2850 5408 dat
2889 5351 3207 5407 hominibus
3248 5352 3571 5421 sapientiam
3596 5392 3611 5415 ,

2047 5454 2413 5521 rogantesque
2441 5456 2500 5502 ut
2526 5447 2723 5501 mentis
2750 5445 2940 5501 oculos
2966 5444 3125 5499 nobis
3150 5444 3420 5499 illuminet
3437 5483 3454 5512 ,
3480 5459 3613 5499 con-

2048 5542 2276 5598 fidenter
2330 5539 2728 5611 aggrediamur,
2763 5552 2884 5607 qua:
2917 5535 2984 5590 ad
3017 5535 3213 5590 horum
3248 5536 3612 5595 locorumzin-

2047 5632 2488 5703 terpretationem
2535 5628 2804 5699 pertinent
2838 5646 2853 5681 :
2896 5645 2914 5678 ι
2953 5625 3334 5699 Septuaginta,
3396 5625 3611 5702 inquit...
