4098 6422
471 314 576 372 599

1142 322 1410 379 EUSEBII
1448 325 1926 386 CASSARIENSIS
1963 331 2114 391 OPP.
2155 334 2334 392 PARS
2371 336 2435 396 ll.
2475 369 2532 379 —
2563 339 3058 399 APOLOGETICA.

3601 352 3706 408 600

469 425 835 484 hebdomades
877 433 1254 500 compendium
1305 449 1560 504 accepere
1582 453 1743 506 super
1786 442 2030 509 populum

2144 448 2333 518 ὅρασιν
2354 450 2447 502 καὶ
2471 453 2826 522 προφητείαν,
2845 455 2938 507 καὶ
2963 455 3056 507 τοῦ
3089 459 3269 527 χρῖσαι
3297 458 3449 528 ἅγιον
3475 462 3698 530 ἁγίων..

470 528 625 574 tuum
649 559 662 580 ,
689 529 742 573 et
765 537 928 589 super
948 523 1216 577 civitatem
1241 536 1482 578 sanctam
1501 567 1516 593 ,
1545 536 1604 580 ut
1628 539 2039 585 consummetur

473 619 784 678 peccatum,
824 620 875 666 et
913 613 1071 681 quasi
1109 616 1314 670 annulo
1352 618 1637 686 signentur
1677 630 1897 688 peccata
1929 642 1939 676 :
1985 632 2038 678 et

472 703 758 754 deleantur
806 703 1162 773 iniquitates,
1209 715 1262 760 et
1306 709 1593 778 expientur
1635 710 1949 778 injustitize,
1985 723 2038 768 et

473 794 778 848 adducatur
806 795 1021 864 justitia
1063 799 1389 868 sempiterna
1411 840 1426 863 ,
1462 810 1516 856 et
1544 806 1701 872 quasi
1749 807 1904 876 signo
1938 807 2038 860 im-

473 898 664 953 presso
715 886 1003 940 claudatur
1055 891 1193 943 visio
1233 900 1287 944 et
1332 893 1614 962 prophetia
1641 935 1656 959 ,
1711 905 1764 950 et
1805 906 2038 967 ungatur

473 972 710 1031 Sanctus
760 987 1098 1034 sanctorum.
1137 1001 1154 1033 ι
1191 982 1352 1052 383
1385 971 1540 1049 Quod
1597 988 1765 1056 igitur
1818 997 2037 1058 septua-

471 1066 618 1135 ginta
649 1068 1114 1124 hebdomadarum
1151 1075 1427 1141 spatium,
1464 1077 1508 1130 si
1559 1079 1612 1131 in
1659 1094 1832 1134 annos
1865 1081 2038 1134 resol-

467 1164 650 1219 vatur,
703 1160 997 1230 nonaginta
1060 1178 1224 1233 supra
1285 1166 1713 1237 quadringentos
1766 1186 2034 1224 summam

469 1249 746 1314 conficiat,
803 1254 1042 1318 nemini,
1075 1263 1206 1323 puto
1229 1297 1245 1323 ,
1277 1258 1502 1313 dubium
1531 1269 1634 1314 est.
1671 1260 1906 1315 Tantum
1939 1262 2037 1332 igi-

466 1346 560 1393 tur
587 1344 851 1412 temporis
884 1347 1265 1417 compendium
1316 1335 1741 1422 accepit..super
1779 1355 2036 1425 populum

468 1440 620 1484 tuum
641 1471 658 1498 ,
691 1433 781 1487 ubi
811 1449 943 1489 sane
975 1451 1189 1491 omnem
1222 1437 1460 1495 Judaicze
1490 1443 1666 1512 gentis
1698 1445 2039 1500 terminatio-

469 1539 593 1577 nem
641 1527 968 1581 concludit:
1014 1545 1116 1585 nec
1162 1537 1346 1588 tamen
1405 1535 1526 1589 illos
1573 1536 1628 1588 in
1673 1537 1758 1592 his
1803 1538 2038 1607 amplius

467 1612 563 1670 Dei
597 1618 856 1685 populum
889 1629 1080 1687 vocat,
1124 1623 1216 1677 sed
1262 1625 1547 1694 alloquens
1593 1629 1771 1698 ipsum
1815 1628 2034 1695 Daniel,

473 1723 491 1754 ι
519 1702 808 1775 Populum,
849 1711 1082 1780 «inquit,
1111 1731 1130 1762 ι
1165 1721 1346 1769 tuum:
1371 1735 1388 1767 ι
1415 1721 1795 1788 namquealias
1822 1736 2036 1791 quoque

2141 541 2260 593 Ὅτι
2288 542 2393 594 τῶν
2428 545 2794 616 ἐϐδομήκοντα
2815 547 3121 618 ἑϐδομάδων
3155 552 3184 604 ό
3215 552 3423 622 χρόνος,
3448 555 3505 607 ὲν
3531 556 3705 610 ἔτεσιν

2138 633 2518 704 ἀναλυόμενος,
2573 639 2922 709 ἐννενήκοντα
2999 643 3136 713 πρὸς
3185 647 3297 708 τοῖς
3336 649 3706 718 τετρακοσίοις

2139 727 2365 796 ἀριθμὸν
2393 728 2629 795 συνάγει,
2662 731 2820 782 παντί
2849 748 2950 784 που
2971 733 3142 803 δῆλον.
3181 736 3441 800 Τοσοῦτος
3473 756 3553 792 τοι
3571 756 3706 812 γαρ-

2137 817 2229 869 οῦν
2281 819 2585 888 συνετμήθη
2641 819 2828 890 χρόνος
2876 823 2969 874 ἐπὶ
3020 823 3110 874 τὸν
3155 823 3280 878 λαόν
3335 843 3451 892 σου,
3491 828 3550 880 τὸ
3593 832 3702 883 πᾶν

2141 909 2513 981 συμπέρασμα
2557 910 2651 963 τοῦ
2693 912 2956 966 Ἰουδαίων
2992 916 3316 987 περιορίζων
3352 918 3574 984 ἔθνους·
3609 923 3705 976 καὶ

2137 1002 2318 1054 οὐκέτι
2340 1019 2402 1069 γε
2433 1005 2628 1066 αὐτοὺς
2651 1006 2707 1056 ὲν
2743 1005 2952 1070 τούτοις
2979 1007 3112 1060 Θεοῦ
3139 1007 3262 1063 λαὸν
3292 1013 3701 1084 προσαγορεύει,

2138 1093 2271 1145 ἀλλὰ
2301 1093 2378 1164 τῷ
2413 1095 2612 1166 Δανιήλ
2635 1113 2787 1165 φησι,
2821 1116 2838 1146 ι
2863 1098 2989 1151 λαόν
3022 1116 3134 1152 σου.
3163 1119 3181 1150 ι
3212 1101 3418 1173 Ὥσπερ
3439 1102 3546 1176 γὰρ
3579 1106 3707 1158 ἀσε-

2138 1184 2203 1253 ϐή
2213 1184 2382 1236 σαντὰ
2407 1202 2535 1238 ποτε
2565 1179 2668 1238 καῖ
2687 1187 3214 1262 εἰδωλολατρήσαντα
3239 1195 3330 1246 ἐπὶ
3355 1195 3452 1265 τῆς
3473 1196 3568 1267 ὲρή
3579 1215 3702 1267 μου,

2136 1275 2318 1329 οὐκέτι
2365 1276 2492 1329 λαὸν
2533 1278 2724 1330 ἑαυτοῦ
2756 1282 2783 1332 ὁ
2811 1279 2960 1347 Θεὸς,
2993 1281 3126 1337 ἀλλὰ
3153 1283 3246 1338 τοῦ
3272 1287 3512 1351 Μωσέως
3539 1307 3706 1360 προσ-

2136 1369 2254 1418 εῖπε
2280 1407 2294 1431 ,
2331 1367 2539 1438 φήσας·
2579 1387 2598 1420 ι
2629 1369 2842 1435 Βάδιζε,
2877 1374 3179 1444 κατάϐηθι·
3234 1377 3473 1450 ὴνόμησε
3525 1382 3633 1454 γὰρ
3675 1385 3705 1438 ὁ

2135 1455 2261 1518 λαός
2296 1474 2416 1510 σου·
2451 1476 2470 1510 ι
2509 1459 2598 1514 τὸν
2645 1460 2805 1514 αὐτὸν
2839 1463 3037 1533 τρόπον
3095 1467 3369 1522 κάνταῦθα
3405 1469 3499 1523 τοῦ
3552 1490 3706 1544 περι-

2135 1547 2362 1617 ωρίσθαι
2395 1550 2515 1602 κατ’
2546 1549 2724 1602 αὐτῶν
2774 1550 2864 1603 τὸν
2897 1550 3198 1620 δηλωθέντα
3231 1555 3419 1626 χρόνον
3444 1557 3505 1610 τὺ
3534 1559 3703 1614 αἴτιον

2136 1639 2467 1694 ἐκδιδάσκει·
2515 1641 2670 1695 τοῦτο
2717 1642 2760 1694 δ’
2800 1638 2866 1714 ἦν
2912 1644 2972 1696 τὸ
3022 1646 3216 1717 μηκέτι
3267 1648 3360 1700 τοῦ
3413 1649 3545 1703 Θεοῦ
3578 1651 3703 1705 λαὸν

2136 1731 2330 1794 αὐτοὺς
2360 1732 2740 1799 καταξιοῦσοαι
2765 1735 3137 1805 χρηματίζειν.
3169 1739 3435 1808 Ἐπιλέγει
3455 1741 3530 1805 δὲ,
3561 1762 3577 1793 ι
3597 1744 3704 1796 Καὶ

466 1805 726 1866 tanquam
759 1815 882 1854 eum
919 1802 1010 1871 qui
1048 1803 1212 1874 impie
1239 1807 1475 1875 egisset,
1517 1818 1570 1864 et
1615 1811 1924 1867 simulacris
1975 1829 2030 1868 se

2136 1821 2227 1873 ἐπὶ
2255 1819 2354 1891 τὴν
2381 1797 2530 1874 πόλιν
2549 1821 2648 1892 τὴν
2677 1797 2838 1891 ἁγίαν
2857 1797 2919 1874 ί.»
2945 1797 3126 1878 τὺνσοῦ
3155 1826 3315 1881 πάλιν
3343 1797 3703 1893 έξακούόντων

469 1888 800 1954 addixisset,
834 1907 942 1946 non
973 1895 1206 1964 amplius
1238 1912 1396 1950 suum
1434 1901 1691 1970 populum
1727 1901 1870 1958 Deus
1892 1944 1906 1968 ,
1938 1903 2033 1959 sed

468 1978 635 2035 .‘llosis
693 1983 1010 2062 appekvit,
1065 2003 1186 2040 cum
1238 1989 1410 2045 dixit:
1443 2011 1461 2042 ι
1493 1991 1674 2055 Vade,
1729 1995 2031 2062 descende,

468 2075 712 2142 peccavit
736 2075 1142 2146 enim'populus
1175 2089 1302 2136 tuus
1327 2084 1391 2137 ⁵ο.
1425 2103 1444 2134 ι
1469 2083 1623 2139 Nunc
1652 2086 1816 2155 igitur
1843 2087 2032 2143 eodem

466 2164 628 2218 modo
662 2180 917 2230 causam,
952 2184 1050 2222 cur
1083 2170 1212 2223 illud
1261 2175 1522 2242 temporis
1564 2177 1799 2245 spatium
1845 2186 2034 2232 contra

464 2256 588 2311 illos
641 2258 956 2327 prmﬁnierit
993 2262 1200 2316 docet:
1252 2265 1353 2318 hoc
1395 2273 1574 2320 autem
1616 2277 1734 2335 est,
1782 2284 1878 2325 eos
1924 2286 2033 2324 non

465 2349 702 2418 amplius
730 2350 925 2420 dignos
958 2367 1112 2417 esse,
1149 2356 1241 2424 qui
1273 2359 1506 2426 populus
1542 2358 1636 2414 Dei
1669 2363 2030 2430 appellentur.

463 2437 668 2497 Deinde
712 2443 958 2514 adjungit
1007 2444 1174 2511 illud,
1209 2467 1226 2498 ‹
1262 2447 1324 2501 Ει
1376 2449 1550 2521 Super
1583 2453 1855 2508 civitatem
1907 2470 2036 2509 san-

462 2539 604 2586 ctam
637 2551 652 2599 ;
685 2553 704 2586 ι
733 2535 822 2589 ubi
855 2535 986 2590 illud
1036 2547 1179 2592 tuam
1217 2556 1409 2596 rursus
1440 2559 1470 2597 a
1515 2545 1782 2612 superiori
1832 2545 2037 2601 subau-

462 2625 701 2680 divimus
732 2645 744 2680 :
783 2636 841 2681 ut
874 2629 949 2682 ita
983 2630 1192 2685 dictum
1220 2647 1345 2687 esse
1379 2635 1651 2699 videatur,
1683 2653 1699 2686 ι
1734 2651 1898 2706 super
1936 2654 2034 2707 po-

464 2717 652 2787 pulum
693 2726 846 2774 tuum
891 2730 944 2774 et
983 2737 1148 2792 super
1188 2726 1466 2780 civitatem
1513 2737 1757 2783 sanetam
1794 2737 1977 2797 tuam,
2011 2751 2028 2783 ι

463 2823 572 2863 non
603 2825 764 2867 secus
797 2827 860 2866 ac
893 2815 939 2866 si
967 2815 1229 2870 dixisset:
1255 2817 1386 2881 Qua:
1409 2826 1512 2873 ate
1543 2828 1731 2874 sancta
1759 2821 2036 2875 existima-

461 2909 572 2955 tur.
629 2901 764 2956 Nam
792 2913 846 2958 et
874 2904 1174 2960 Hebraicus
1222 2917 1530 2973 contextus,
1561 2918 1616 2964 et
1647 2911 1838 2981 reliqui
1871 2913 2036 2967 inter-

461 3003 644 3064 pretes
706 3010 817 3048 uno
869 3011 997 3061 ore,
1049 3012 1158 3052 non
1213 3000 1390 3054 solum
1454 3002 1520 3056 ad
1583 3004 1840 3073 populum
1899 3005 2029 3060 illud

466 3104 487 3135 ι
519 3094 674 3140 tuum
697 3127 711 3151 ,
747 3107 765 3138 ι
796 3088 888 3142 sed
928 3091 1090 3143 etiam
1138 3090 1206 3144 ad
1257 3093 1567 3158 civitatem,
1609 3095 1740 3149 illud
1775 3113 1794 3147 ι
1827 3105 1974 3151 tuam
2007 3117 2024 3148 ι

459 3175 781 3245 adiungunt.
810 3177 1004 3247 Aquila
1037 3178 1217 3248 igitur,
1241 3198 1259 3230 σ
1282 3180 1457 3250 Super
1482 3183 1763 3253 populum,
1790 3203 1808 3236 ι
1839 3185 2033 3255 inquit,

415 3269 419 3272 ’
464 3284 484 3316 ι
519 3274 692 3332 tuum,
741 3276 796 3324 et
825 3284 988 3338 super
1033 3271 1306 3327 civitatem
1359 3274 1752 3328 sanctiﬁcatam
1797 3287 1981 3331 tuam:
2013 3297 2031 3328 ι

461 3357 824 3430 Symmachus
853 3369 1068 3417 autem:
1095 3382 1114 3414 ‹
1145 3364 1422 3420 Adversus
1460 3367 1724 3436 populum
1755 3377 1943 3433 tuum,
1981 3379 2033 3426 et

460 3451 736 3506 civitatem
773 3460 1019 3507 sanctam
1054 3462 1224 3508 tuam.
1260 3474 1279 3507 ι
1309 3454 1577 3520 Quocirca
1613 3459 1672 3512 in
1707 3459 1864 3515 bonis
1897 3478 2034 3531 quo-

459 3557 566 3612 que
619 3541 756 3598 LXX
801 3542 1160 3615 lnterpretum
1205 3547 1521 3608 codicibus.
1558 3549 1688 3604 illud
1739 3569 1757 3602 ι
1789 3559 1973 3617 tuam,
2011 3573 2030 3604 ι

461 3635 678 3690 Stellula
729 3636 978 3706 apposita
1021 3636 1293 3708 adjectum
1345 3646 1430 3694 est
1463 3659 1475 3694 :
1510 3656 1637 3694 nam
1693 3657 1815 3696 cum
1867 3659 2034 3698 orans

462 3727 651 3782 Daniel
697 3726 751 3780 in
797 3728 905 3783 illis
955 3745 1068 3784 sua:
1116 3731 1536 3800 supplicationis
1580 3733 1798 3796 verbis,
1833 3736 2032 3806 saepius

457 3819 720 3887 populum
744 3859 758 3885 ,
792 3819 888 3875 Dei
931 3821 1188 3890 populum
1234 3825 1572 3879 nominasset
1595 3865 1612 3889 ,
1646 3825 1887 3881 civitatis
1934 3843 2032 3880 au-

458 3917 565 3961 tem
603 3907 814 3970 locum,
851 3915 1103 3961 sanctum
1139 3906 1230 3963 Dei
1266 3910 1444 3965 locum
1471 3949 1486 3975 ,
1515 3920 1736 3967 vertens
1770 3913 1823 3967 in
1855 3914 2034 3968 diver—

457 4012 580 4051 sum
630 3998 723 4067 qui
772 3997 1172 4068 respondebat,
1228 4013 1405 4069 neque
1461 4000 1734 4056 civitatem
1787 4015 2045 4059 sanctam-

455 4085 586 4151 Dei,
614 4103 792 4158 neque
821 4089 1080 4157 populum
1110 4087 1206 4143 Dei
1233 4105 1356 4145 esse
1386 4090 1611 4156 fatetur,
1639 4094 1734 4148 sed
1755 4113 1773 4144 ι
1793 4105 1946 4149 tuum
1970 4136 1984 4160 ,
2008 4114 2025 4146 ι

457 4181 669 4250 inquit,
699 4181 791 4250 qui
825 4194 982 4244 oras,
1013 4188 1067 4234 et
1095 4181 1188 4250 qui
1227 4181 1354 4234 talia
1388 4183 1456 4236 de
1489 4185 1692 4253 populo
1723 4193 1778 4240 et
1804 4185 1871 4240 de
1911 4187 2032 4241 loco

460 4269 698 4325 civitatis
723 4269 935 4325 dixisti.
973 4269 1150 4326 Verba
1182 4272 1355 4340 ipsius
1401 4272 1589 4330 Daniel
1633 4276 1736 4330 hoc
1778 4278 1940 4332 modo
1971 4295 2030 4334 se

458 4361 704 4416 habent:
739 4381 758 4412 ι
789 4363 1080 4416 Avertatur
1123 4362 1276 4418 furor
1316 4373 1445 4421 tuus
1487 4374 1542 4422 et
1586 4367 1666 4422 ira
1711 4376 1805 4423 tua
1835 4385 1862 4423 a
1896 4372 2030 4426 civi-

2134 1911 2289 1982 ἡμῶν
2320 1912 2458 1966 κατὰ
2493 1914 2694 1978 κοινοῦ,
2740 1915 2813 1978 ὡς
2846 1911 2982 1970 εἶναι
3028 1919 3087 1971 τὸ
3115 1919 3403 1992 λεγόμενον
3447 1923 3703 1988 τοιοῦτον,

2141 2022 2158 2054 ι
2184 2005 2304 2057 Ἐπὶ
2322 2005 2410 2058 τὸν
2431 2005 2555 2058 λαόν
2582 2023 2696 2071 σου,
2723 2009 2816 2062 καὶ
2844 2010 2935 2061 ἐπὶ
2962 2010 3058 2081 τὴν
3080 2011 3230 2066 πόλιν
3254 2013 3352 2084 τὴν
3371 2015 3528 2082 ἁγίαν
3553 2033 3698 2078 aeu,»

2135 2095 2211 2158 ὡς
2255 2098 2302 2148 εί
2351 2099 2572 2164 ἔφασκε·
2635 2096 2744 2170 Τὴν
2808 2103 2890 2157 σοι
2950 2105 3335 2176 νενομισμένην
3399 2107 3578 2175 ἁγίαν.
3633 2106 3706 2160 Τὸ

2137 2185 2267 2253 γοῦν
2293 2187 2596 2258 Ἐϐραῖκὸν,
2621 2190 2715 2243 καὶ
2743 2182 2792 2243 οί
2817 2191 2991 2247 λοιποὶ
3024 2195 3323 2265 συμφώνως
3352 2197 3703 2269 ἑρμηνευταὶ,

2137 2281 2198 2331 οὐ
2236 2280 2393 2350 μόνον
2422 2281 2514 2334 ἐπὶ
2545 2281 2639 2334 τοῦ
2672 2282 2825 2346 λαοῦ,
2861 2284 2994 2338 ἀλλὰ
3024 2288 3116 2339 καὶ
3150 2288 3241 2340 ἐπὶ
3270 2289 3365 2358 τῆς
3403 2289 3606 2345 πόλεως
3643 2289 3706 2343 τὸ

2135 2368 2250 2422 σοῦ
2283 2369 2670 2440 προσκείμενον
2693 2373 3050 2444 περιέχουσιν.
3086 2375 3141 2428 '0
3173 2375 3300 2444 γοῦν
3340 2377 3564 2441 Ἀκύλας
3600 2396 3706 2448 φη-

2138 2458 2240 2510 σίν·
2277 2477 2294 2509 ι
2335 2459 2457 2512 Ἐπὶ
2487 2459 2578 2513 τὸν
2619 2460 2744 2514 λαόν
2775 2479 2889 2525 σου,
2921 2465 3014 2517 καὶ
3046 2465 3137 2517 ἐπὶ
3181 2466 3333 2519 πόλιν
3371 2467 3704 2539 ἡγιασμένην

2139 2569 2253 2604 σου·
2285 2571 2302 2603 ι
2327 2553 2355 2605 ὁ
2381 2553 2437 2606 δὲ
2466 2553 2778 2625 Σύμμαχος·
2807 2575 2824 2606 ‹
2855 2557 3014 2610 Κατὰ
3063 2558 3154 2611 τοῦ
3185 2558 3314 2611 λαοῦ
3343 2576 3456 2620 σου.
3483 2561 3576 2614 καὶ
3608 2562 3704 2632 τῆς

2137 2643 2344 2707 πόλεως
2378 2645 2476 2714 τῆς
2502 2646 2663 2714 ἁγίας
2697 2663 2809 2699 σου.
2838 2666 2855 2697 ι
2885 2646 3042 2700 Ὅθεν
3075 2650 3169 2701 καὶ
3203 2649 3352 2720 παρὰ
3392 2652 3503 2711 τοῖς
3547 2651 3703 2722 ἀκρι-

2137 2734 2286 2787 ϐέσιν
2324 2736 2674 2807 ἀντιγράφοις
2727 2737 2835 2790 τῶν
2876 2736 3267 2810 Ἑϐδομήκοντα
3316 2740 3376 2793 τὸ
3408 2741 3524 2795 σοῦ
3569 2742 3704 2812 μετὰ

2137 2826 2460 2897 ἁστερίσκου
2495 2829 2848 2900 παραθέσεως
2890 2830 3225 2901 πρόσκειται.
3277 2833 3429 2885 Ἐπεὶ
3473 2833 3582 2903 γὰρ
3618 2835 3704 2887 εύ-

2139 2912 2364 2984 ξάμενος
2395 2915 2593 2987 Δανιὴλ
2633 2917 2690 2968 ἐν
2715 2919 2827 2980 τοῖς
2855 2917 2954 2986 τῆς
3009 2918 3214 2982 ἱκεσίας
3266 2920 3429 2973 αὑτοῦ
3473 2923 3700 2992 ῥήμασι,

2138 3005 2398 3069 πολλάκις
2423 3007 2514 3059 τὸν
2558 3007 2654 3076 μὲν
2686 3007 2832 3072 λαὸν,
2868 3008 3001 3061 Θεοῦ
3046 3009 3172 3063 λαὸν
3201 3011 3447 3081 ὠνόμασε
3467 3053 3481 3077 ,
3515 3012 3606 3066 τὸν
3645 3010 3704 3068 δὲ

2137 3098 2235 3168 τῆς
2270 3096 2477 3160 πόλεως
2511 3099 2694 3162 τόπον,
2734 3099 2887 3166 ἅγιον
2911 3099 3043 3152 Θεοῦ
3081 3101 3262 3164 τόπον,
3297 3103 3649 3175 ἀντιστρέψας
3673 3105 3702 3158 ό

2142 3187 2513 3258 χρηματίζων,
2565 3187 2686 3241 οὔτε
2726 3189 2823 3260 τὴν
2868 3190 3020 3243 πόλιν
3067 3191 3224 3259 ἁγίαν
3250 3193 3342 3245 τοῦ
3375 3193 3541 3257 Θεοῦ,
3579 3194 3696 3248 οὔτε

2139 3279 2228 3330 τὸν
2260 3278 2386 3330 λαὸν
2415 3277 2508 3330 τοῦ
2532 3277 2664 3330 Θεοῦ
2698 3274 2835 3332 εἶναι
2862 3279 3128 3350 ὁμολογεῖ,
3157 3281 3291 3336 ἀλλὰ
3327 3300 3345 3333 ι
3376 3282 3468 3335 σοῦ
3507 3303 3524 3334 ι
3567 3301 3694 3354 φησι

2137 3369 2231 3421 τοῦ
2301 3370 2754 3440 προσευχομένου,
2825 3371 2919 3424 καὶ
2967 3373 3189 3428 τοιαῦτα
3246 3377 3372 3446 περὶ
3420 3375 3512 3429 τοῦ
3568 3375 3695 3429 λαοῦ

2139 3459 2348 3513 καὶτοῦ
2375 3459 2541 3512 τόπου
2568 3461 2661 3513 καὶ
2693 3462 2792 3531 τῆς
2816 3461 3023 3525 πόλεως
3058 3464 3357 3535 εἰρηκότος.
3393 3466 3612 3537 Ἔχουσι
3645 3466 3700 3519 δὲ

2136 3551 2228 3602 τοῦ
2278 3551 2473 3619 Δανιὴλ
2503 3552 2556 3604 αἱ
2608 3554 2780 3620 φωναὶ
2806 3552 3004 3616 οὕτως·
3033 3573 3050 3605 ‹
3089 3556 3518 3628 Ἀποστραφήτω
3572 3557 3636 3628 δὴ
3677 3560 3706 3612 ὁ

2138 3640 2304 3712 θυμός
2341 3658 2466 3709 σου,
2517 3643 2676 3714 καὶὴ
2728 3643 2862 3714 ὀργή
2922 3661 3015 3697 σου
3050 3645 3156 3699 ἀπὸ
3203 3648 3302 3717 τῆς
3353 3647 3558 3713 πόλεώς
3611 3667 3703 3703 σου

2148 3728 2500 3800 Ἰερουσαλὴμ
2529 3730 2688 3802 ὅρους
2731 3732 2883 3800 ἁγίου
2938 3751 3030 3786 σου
3051 3751 3065 3765 ·
3093 3754 3110 3784 ι
3143 3737 3255 3789 καί·
3296 3756 3314 3786 ι
3357 3737 3413 3790 '0
3450 3739 3578 3803 λαός
3611 3758 3702 3793 σου

2135 3819 2352 3885 ἐγένετο
2374 3820 2451 3882 είς
2472 3820 2770 3891 ὀνειδισμὸν
2792 3824 2848 3875 έν
2871 3825 3002 3876 πᾶσι
3024 3827 3134 3888 τοῖς
3157 3827 3466 3900 περικύκλῳ
3491 3831 3522 3901 ή
3531 3829 3665 3900 μῶν·
3681 3850 3698 3881 ι

2136 3909 2229 3962 καὶ
2263 3910 2453 3963 πάλιν·
2500 3931 2518 3962 ι
2567 3913 2855 3983 Ἐπίφανον
2909 3915 2968 3968 τὺ
3021 3917 3308 3988 πρόσωπόν
3360 3938 3450 3973 σου
3500 3923 3592 3974 ἐπὶ
3643 3922 3703 3974 τὸ

2136 3999 2381 4072 ἁγίασμά
2410 4020 2502 4056 σου
2529 4004 2590 4056 τὸ
2616 4004 2821 4076 ἔρημον
2840 4025 2852 4036 ·
2892 4027 2910 4059 ›
2948 4009 3040 4062 καὶ
3067 4004 3218 4074 αὖθις
3237 4028 3249 4040 ·
3276 4031 3294 4062 ι
3322 4010 3424 4064 Ἴδε
3447 4011 3536 4064 τὸν
3561 4012 3700 4079 ἀφα-

2125 4093 2324 4164 νισμὸν
2357 4095 2456 4164 τῆς
2490 4095 2696 4156 πόλεώς
2725 4114 2839 4161 σου,
2865 4100 2947 4167 ἐφ’
2973 4096 3041 4170 ἧς
3067 4101 3417 4172 ἐπικέκληται
3443 4103 3505 4153 τὸ
3531 4099 3701 4170 ὄνομά

2137 4199 2228 4235 σου
2258 4186 2341 4235 ἐπ’
2374 4185 2574 4255 αὐτῆς·
2601 4205 2618 4236 ι
2659 4188 2751 4240 καὶ
2779 4187 2936 4258 ἑξῆς·
2967 4190 3086 4242 Ὅτι
3138 4191 3198 4242 τὸ
3240 4190 3408 4260 ὄνομά
3465 4207 3555 4242 σου
3602 4191 3699 4241 ὲπ-

2132 4275 2330 4348 εκλήθη
2379 4277 2470 4330 ἐπὶ
2503 4279 2599 4348 τὴν
2653 4279 2804 4331 πόλιν
2855 4297 2946 4331 σου
2990 4280 3084 4332 καὶ
3113 4281 3204 4332 ἐπὶ
3245 4281 3335 4333 τὸν
3363 4281 3489 4333 λαόν
3532 4298 3644 4333 σου.
3675 4302 3693 4332 ›

2134 4366 2367 4422 Τοιαῦτα
2393 4366 2687 4437 εὐξάμενος
2705 4368 2944 4437 ἐπιλέγει
2967 4386 2980 4399 ·
3012 4390 3029 4419 ‹
3049 4370 3158 4424 Καὶ
3186 4370 3263 4423 ἔτι
3292 4387 3391 4440 μου
3417 4370 3700 4435 λαλοῦντος

457 4459 570 4504 tate
605 4458 695 4504 tua
726 4449 1028 4507 Jerusalem
1061 4461 1116 4508 et
1150 4461 1333 4510 monte
1367 4464 1555 4513 sancto
1580 4465 1676 4513 tuo
1704 4458 1768 4514 ⁸¹.
1803 4480 1822 4514 ι
1849 4459 1980 4516 Item
2009 4482 2022 4519 :

2135 4461 2226 4514 καὶ
2260 4459 2732 4531 προσευχομένου,
2772 4461 2880 4514 ίδοὺ
2927 4461 3201 4533 Γαϐριὴλ,
3242 4463 3301 4515 ὃν
3333 4459 3468 4516 εἶδον
3525 4466 3580 4517 ὲν
3631 4468 3697 4536 τῇ

463 4561 482 4593 ι
515 4541 751 4611 Populus
792 4551 919 4598 tuus
949 4543 1124 4601 factus
1152 4555 1236 4600 est
1269 4547 1324 4601 in
1368 4549 1721 4619 opprobrium
1768 4555 2022 4610 omnibus

455 4634 515 4687 in
542 4633 773 4688 circuitu
804 4641 994 4689 nostro
1025 4636 1088 4687 θ’.
1117 4654 1136 4686 ι
1163 4635 1228 4689 Ει
1255 4653 1448 4694 rursus
1478 4659 1490 4694 :
1521 4658 1540 4691 ι
1565 4639 1802 4697 Ostende
1830 4642 2023 4699 faciem

453 4735 604 4781 tuam
663 4743 828 4798 super
873 4732 1245 4785 sanctuarium
1290 4743 1477 4799 tuum,
1537 4738 1684 4806 quod
1745 4737 2021 4794 desertum

453 4825 538 4874 est
570 4818 642 4871 ⁸³.
676 4837 694 4870 ›
726 4821 793 4874 Ει
823 4836 1013 4875 rursus
1045 4839 1058 4877 :
1088 4840 1107 4873 ι
1143 4819 1278 4879 Vide
1317 4825 1599 4881 interitum
1639 4829 1879 4885 civitatis
1917 4839 2023 4885 tuae

454 4926 620 4981 super
665 4927 828 4981 quam
877 4913 1186 4969 invocatum
1235 4927 1320 4973 est
1371 4934 1570 4975 nomen
1601 4929 1751 4974 tuum
1789 4922 1856 4980 ⁸⁸.
1895 4942 1913 4975 ι
1946 4923 2023 4978 Ac

453 5003 754 5074 deinceps:
786 5023 804 5055 ‹
841 5003 978 5070 Quia
1024 5021 1222 5061 nomen
1255 5014 1408 5065 tuum
1453 5010 1765 5067 invocatum
1803 5022 1886 5069 est
1925 5031 2019 5068 su-

454 5108 553 5161 per
582 5094 856 5149 civitatem
891 5105 1078 5158 tuam,
1111 5105 1164 5150 et
1203 5111 1366 5168 super
1407 5101 1667 5168 populum
1704 5109 1856 5155 tuum
1895 5103 1958 5153 ⁸⁵.
1997 5123 2018 5154 ι

454 5185 684 5242 Talibus
727 5203 852 5242 cum
899 5197 1143 5254 orasset,
1178 5191 1429 5260 adjunxit
1459 5213 1472 5247 :
1504 5211 1522 5243 ι
1560 5193 1626 5247 Et
1673 5209 1798 5249 cum
1843 5195 2021 5250 adhuc

454 5277 707 5347 loquerer
742 5288 797 5335 et
837 5295 1086 5347 orarem,
1129 5299 1259 5339 ecce
1308 5283 1527 5340 Gabriel
1573 5302 1733 5356 quem
1779 5287 2019 5343 videram

456 5369 511 5422 in
544 5372 754 5425 visione
784 5388 934 5437 mea,
967 5375 1159 5430 volans
1194 5376 1368 5445 tetigit
1401 5392 1484 5430 me
1507 5416 1524 5442 ,
1561 5387 1615 5432 et
1646 5378 1783 5432 dixit
1815 5395 1878 5438 ea
1914 5380 2022 5432 uti-

455 5471 562 5525 que
608 5474 728 5527 quae
771 5462 1022 5531 superius
1060 5463 1334 5534 descripta
1378 5464 1567 5521 babes.
1603 5488 1621 5518 ι
1659 5467 1826 5540 384
1854 5468 2021 5525 Plane

457 5546 622 5616 igitur
653 5550 708 5603 in
739 5552 824 5607 bis
882 5554 1144 5625 prepheta
1186 5571 1295 5612 non
1339 5556 1660 5627 simpliciter
1704 5561 2012 5630 civitatem,

527 5703 572 5733 “
613 5703 783 5761 Exod.
818 5724 999 5772 xxx",
1033 5710 1086 5767 7.
1163 5712 1207 5744 “
1246 5712 1382 5768 Dan.
1424 5731 1504 5778 Ix,
1545 5715 1626 5771 16.
1705 5720 1746 5750 ⁶¹
1789 5718 1917 5773 ibid.
1997 5719 2039 5750 ⁸³
2081 5719 2207 5775 ibid.
2246 5721 2330 5776 l7.

2131 4552 2316 4623 ὁράσει
2345 4569 2469 4621 μου,
2500 4542 2813 4621 πετόμενος,
2841 4553 2936 4606 καὶ
2966 4553 3138 4624 ἣψατό
3168 4573 3291 4624 μου,
3323 4558 3416 4609 καὶ
3445 4555 3564 4609 εἷπε
3590 4577 3606 4607 ι
3631 4556 3699 4609 τὰ

2131 4640 2611 4712 ἀναγεγραμμένα.
2658 4642 2852 4710 Σαφῶς
2881 4638 2973 4695 οὖν
3017 4643 3105 4697 διὰ
3150 4642 3352 4697 τούτων
3377 4645 3405 4696 ὁ
3441 4645 3537 4715 μὲν
3565 4661 3700 4716 προ-

2131 4735 2305 4803 φήτης
2333 4732 2486 4786 πόλιν
2506 4733 2602 4804 οὐχ
2616 4733 2820 4800 ἁπλῶς,
2847 4735 2980 4790 ἀλλὰ
3017 4753 3034 4787 ι
3058 4735 3152 4790 τοῦ
3184 4736 3318 4791 Θεοῦ
3343 4737 3496 4791 πόλιν
3528 4757 3546 4789 ι
3567 4737 3700 4790 ὠνό-

2133 4841 2290 4894 μασε,
2319 4824 2493 4876 καὶτὸ
2522 4826 2768 4896 ἁγίασμα
2799 4843 2818 4878 ι
2846 4827 2938 4880 τοῦ
2967 4827 3100 4881 Θεοῦ
3125 4829 3390 4900 ἁγίασμα,
3418 4848 3436 4882 ι
3469 4830 3563 4882 καὶ
3610 4830 3701 4882 τὸν

2130 4915 2257 4969 λαὸν
2279 4934 2296 4966 ι
2319 4914 2412 4968 τοῦ
2435 4915 2568 4970 Θεοῦ
2587 4917 2730 4980 λαὸν,
2744 4938 2761 4970 ι
2781 4918 3084 4992 διαθέσειτῇ
3105 4921 3338 4992 πρὸςτὸν
3349 4920 3701 4974 λαόν.ούκέτι

2135 5010 2240 5081 μὴν
2265 5009 2360 5062 καὶ
2389 5012 2416 5062 ὁ
2449 5009 2688 5083 Γαϐριὴλ
2713 5011 2913 5083 ὁμοίως
2939 5013 3086 5084 αὐτῷ
3108 5010 3260 5066 καλεῖ
3277 5011 3346 5066 τὰ
3373 5012 3697 5084 δηλούμενα,

2131 5102 2365 5173 ἔμπαλιν
2398 5103 2474 5164 δὲ,
2497 5125 2514 5155 ι
2549 5105 2670 5157 Ἐπὶ
2704 5105 2795 5158 τὸν
2819 5105 2943 5158 λαόν
2977 5123 3090 5170 σου,
3113 5127 3131 5158 ι
3149 5110 3301 5179 φησι,
3327 5128 3346 5160 ι
3377 5108 3470 5162 καὶ
3486 5109 3575 5161 ἐπὶ
3603 5108 3699 5179 τὴν

2131 5195 2284 5250 πόλιν
2304 5197 2401 5268 τὴν
2426 5197 2584 5264 ἁγίαν
2612 5215 2725 5263 σου,
2740 5217 2758 5249 ›
2780 5199 3058 5268 μονονουχὶ
3078 5200 3168 5253 καὶ
3190 5200 3288 5270 τὴν
3304 5200 3476 5264 πόλιν,
3496 5201 3588 5253 καὶ
3606 5199 3698 5254 τὸν

2123 5286 2270 5354 λαὸν,
2289 5291 2381 5340 καὶ
2402 5287 2460 5339 τὺ
2485 5289 2729 5359 ἁγίασμα
2757 5288 2971 5354 ἀνάξιον
2991 5285 3126 5343 εἷναι
3151 5292 3248 5362 τῆς
3263 5290 3356 5343 τοῦ
3373 5290 3504 5343 Θεοῦ
3533 5305 3701 5361 προσ-

2121 5381 2349 5451 ηγορίας
2392 5383 2693 5452 ἀποφήνας.
2737 5382 2998 5436 Τοσοῦτον
3026 5383 3090 5455 δὴ
3120 5380 3211 5438 οῦν
3253 5385 3441 5456 χρόνον
3468 5382 3701 5455 ὡρίσθαι

2123 5471 2264 5524 κατὰ
2300 5473 2394 5526 τοῦ
2428 5473 2557 5526 λαοῦ
2584 5476 2816 5546 πρῶτον,
2850 5477 3040 5530 ἔπειτα
3073 5478 3168 5530 καὶ
3201 5476 3343 5530 κατὰ
3366 5475 3466 5545 τῆς
3493 5475 3700 5538 πόλεως

2121 5564 2392 5630 διδάσκει,
2427 5567 2520 5620 καὶ
2561 5568 2810 5633 τοσοῦτός
2838 5585 2899 5637 γε
2937 5568 3011 5622 ὣν
3063 5568 3438 5622 ἀποδείκνυται
3473 5566 3581 5622 ἀπὸ
3600 5565 3702 5637 τῆς

2409 5723 2451 5754 ⁸⁵
2494 5723 2621 5778 ibid.
2667 5723 2747 5779 18.
2827 5725 2872 5758 ⁶⁸
2912 5724 3045 5779 ibid.
3081 5724 3166 5777 i9.
