4098 6452
445 393 545 450 σοι

1300 385 1952 445 DEMONSTRATIONIS
1989 384 2447 443 EVANGELIC‘E
2488 385 2617 443 LIB.
2657 385 2790 440 Vill.

3567 384 3672 442 602

446 507 797 571 ἀνανεώσεως
825 507 923 579 τῆς
958 503 1322 577 Ἰερουσαλήμ,
1344 502 1373 556 ὃ
1395 503 1614 572 γέγονεν
1644 504 1738 557 ἐπὶ
1783 502 2008 573 Δαρείου

2118 500 2206 556 sed
2236 518 2255 552 ι
2286 499 2381 557 Dei
2415 503 2694 558 civitatem
2716 542 2730 567 ,
2762 522 2782 556 ι
2817 502 3147 566 nominavit,
3177 509 3230 558 et
3259 504 3630 559 sanctuarium
3652 546 3670 573 ,

446 602 543 657 τοῦ
596 599 820 672 Περσῶν
856 596 1150 669 βασιλέως,
1182 594 1341 667 μέχρι
1379 595 1477 666 τῆς
1524 594 1830 663 Αὐγούστου
1883 594 2009 645 Ῥω-

453 694 627 767 μαίων
659 691 1099 762 ἐπικρατήσεως,
1150 687 1386 759 Ἡρώδου
1430 704 1490 740 τε
1538 686 1806 740 Ἰουδαίων
1858 685 2011 757 βασι-

449 784 608 851 λέως,
640 781 937 852 ἀλλοφύλου
968 780 1028 834 τὸ
1052 780 1228 850 γένος,
1261 779 1381 835 καθ’
1408 777 1501 843 οὒς
1529 777 1599 832 τὰ
1625 778 1725 849 τῆς
1748 778 2011 848 γενέσεως

452 877 742 948 ἱστορεῖται
783 874 876 927 τοῦ
919 872 1169 943 Σωτῆρος
1195 874 1227 942 ἡ
1238 870 1351 941 μῶν
1373 911 1387 935 ,
1438 870 1512 933 ὼς
1556 870 1585 921 6
1612 869 1767 937 λόγος
1808 866 2011 939 προῖὼν

451 967 721 1030 ἐπιδείξει.
768 965 924 1035 Ἑξῆς
967 963 1025 1017 δὲ
1074 963 1348 1031 ἐπιλέγειν
1403 980 1420 1014 ι
1461 960 1569 1014 Τοῦ
1605 959 2013 1028 συντελεσθῆναι

449 1058 758 1130 ἁμαρτίαν,
805 1056 900 1110 καὶ
943 1055 1037 1110 τοῦ
1089 1055 1382 1127 σφραγίσαι
1431 1052 1730 1125 ἁμαρτίαν,
1760 1053 1851 1106 καὶ
1902 1053 2011 1106 ἀπ-

448 1149 664 1218 αλεῖψαι
709 1147 968 1218 ἀνομίας,
1008 1146 1222 1200 καὶτοῦ
1246 1145 1591 1209 ἐξιλάσασθαι
1641 1144 1871 1208 ἀδικίας,
1918 1144 2014 1197 καὶ

451 1240 675 1307 ἀγαγεῖν
717 1237 1063 1306 δικαιοσύνην
1117 1235 1333 1290 αἰώνιον
1355 1274 1371 1299 ,
1421 1237 1516 1289 καὶ
1566 1233 1660 1288 τοῦ
1720 1235 2014 1305 σφραγίσαι

448 1327 659 1398 ὅρασιν,
691 1326 784 1380 καὶ
815 1326 1123 1397 προφήτην,
1157 1326 1251 1378 καὶ
1279 1323 1373 1378 τοῦ
1397 1326 1577 1395 χρῖσαι
1596 1323 1754 1401 ᾂγιον
1775 1325 1964 1393 ἁγίων.
1990 1343 2008 1375 ι

463 1418 608 1472 ’Δντὶ
643 1417 740 1489 μὲν
768 1413 862 1470 οῦν
891 1438 909 1469 ι
933 1416 1027 1469 τοῦ
1054 1415 1465 1486 συντελεσθῆναι
1492 1416 1783 1487 ἁμαρτίαν,
1814 1419 1904 1470 γα¹ι
1922 1415 2013 1469 τοῦ

453 1508 748 1581 σφραγίσαι
778 1508 1081 1579 ἁμαρτίαν,
1120 1526 1139 1559 ι
1174 1508 1203 1561 6
1240 1506 1465 1571 Ἀκύλας
1510 1508 1806 1579 πεποίηκε,
1860 1527 1875 1560 ι
1908 1506 2013 1560 Τοῦ

451 1600 762 1655 συντελέσαι
804 1599 903 1671 τὴν
952 1597 1203 1665 ἀθεσίαν,
1249 1597 1466 1651 καὶτοῦ
1512 1598 1792 1652 τελειῶσαι
1841 1599 2018 1670 ἁμαρ-

446 1695 585 1747 τίαν.
612 1711 629 1744 ι
660 1692 732 1745 Τὸ
756 1690 884 1762 γὰρ,
912 1708 931 1741 ι
954 1688 1283 1760 Πληρώσατε
1308 1689 1368 1743 τὸ
1406 1690 1599 1761 μέτρον
1626 1689 1732 1743 τῶν
1766 1690 2017 1760 πατέρων

448 1785 624 1857 ὑμῶν,
655 1803 676 1836 ι
708 1784 993 1856 εἰρημένον
1021 1784 1126 1838 ὑπὸ
1148 1782 1243 1836 τοῦ
1272 1782 1518 1854 Σωτῆρος
1544 1780 1698 1852 ήμῶν
1724 1780 1859 1853 πρὸς
1890 1781 2017 1844 τοὺς

449 1879 516 1930 ἐκ
548 1875 881 1947 ⁸ιπριτομῆς,
929 1875 1022 1928 καὶ
1065 1872 1154 1927 διὰ
1190 1873 1392 1927 τούτων
1435 1868 1588 1943 οἶμαι
1626 1871 2007 1943 παρίστασθαι.

461 1966 586 2020 Ἐπὶ
608 1965 718 2036 γὰρ
747 1966 845 2037 τῆς
874 1967 993 2019 κατ’
1028 1964 1190 2018 αὐτοῦ
1217 1963 1577 2036 τολμηθείσης
1615 1965 1709 2017 τοῦ
1746 1965 2014 2018 Ἰουδαίων

448 2057 633 2122 ἔθνους
651 2059 940 2131 ἐπιϐουλῆς
969 2060 1319 2130 συνετελέσθη
1351 2059 1529 2114 αὐτῶν
1568 2062 1601 2131 ἡ
1630 2060 1892 2133 ἁμαρτία,
1924 2059 2017 2113 καὶ⁹

446 2151 483 2221 ἡ
514 2151 650 2223 πρὸς
674 2151 766 2205 τὸν
810 2151 976 2216 Θεὸν,
1004 2152 1146 2206 κατά
1189 2152 1280 2205 τὸν
1319 2151 1581 2217 Ἀκύλαν,
1632 2152 1826 2206 ἀθεσία
1868 2150 2020 2215 τέλος

442 2243 655 2315 εἴληφε.
710 2244 885 2298 Πάλαι
931 2245 1029 2315 μὲν
1077 2244 1186 2316 γὰρ
1230 2245 1490 2316 πρότερον
1529 2245 1720 2315 ἔφερεν
1757 2244 2014 2313 αὑτοὺςή

442 2336 541 2389 τοῦ
561 2336 695 2390 Θεοῦ
725 2338 1093 2408 μακροθυμία,
1124 2337 1292 2408 μυρία
1315 2339 1417 2391 ὃσα
1442 2337 1889 2409 πλημμελοῦντας
1914 2340 2018 2407 πρὸ

448 2432 548 2501 τῆς
574 2429 668 2482 τοῦ
698 2430 950 2501 Σωτῆρος
973 2429 1130 2499 ήμῶν
1153 2428 1471 2500 παρουσίας,
1493 2429 1776 2501 ὡσπεροῦν
1798 2429 1887 2484 διὰ
1909 2429 2016 2483 τῶν

447 2520 802 2592 προφητικῶν
830 2521 1207 2575 ἀποδείκνυται
1238 2521 1438 2590 λόγων·
1492 2521 1630 2594 πλήν
1674 2522 1788 2576 ἀλλ’
1829 2522 2018 2594 ὥσπερ

449 2614 678 2667 ἐπὶτῶν
721 2613 889 2667 πάλαι
934 2613 1032 2684 τὴν
1073 2614 1173 2683 γῆν
1216 2612 1318 2683 τῆς
1354 2613 1684 2682 ἐπαγγελίας
1732 2611 2018 2667 οἰκούντων

447 2704 760 2774 ἀλλοφύλων
792 2703 977 2775 εἴρητο
999 2703 1076 2774 τῷ
1116 2703 1367 2774 ’Δϐραόιμ
1394 2718 1408 2732 ’
1441 2724 1460 2756 ι
1493 2702 1659 2758 Οὔπω
1684 2703 1794 2776 γὰρ
1818 2704 2020 2758 ἀναπε-

448 2794 762 2865 πλήρωνται
791 2795 846 2847 αί
886 2794 1149 2866 ἁμαρτίαι
1192 2794 1302 2848 τῶν
1341 2796 1680 2867 Ἀμορραίων
1700 2813 1714 2826 ο
1748 2816 1767 2847 ι
1795 2797 1889 2851 καὶ
1915 2796 2019 2860 ἕως

451 2884 673 2955 μηδέπω
697 2881 837 2956 ἦσαν
887 2886 1376 2958 ἐκπεπληρωμέναι
1399 2928 1414 2953 ,
1452 2888 1554 2940 οὐκ
1599 2886 1888 2957 ὴλαύνοντό
1932 2907 2020 2942 πω

444 2977 495 3027 οί
531 2975 845 3047 Ἀμοῤῥαῖοι
898 2980 998 3048 τῆς
1031 2977 1287 3048 πατρῴας
1322 2980 1443 3048 γῆς.
1499 2978 1650 3031 Ἐπεὶ
1682 2977 1738 3030 δὲ
1771 2976 2022 3048 ἐπληρώ-

448 3064 622 3135 θησαν
672 3067 729 3119 αί
789 3067 1057 3139 ἁμαρτίαι
1092 3066 1289 3131 αὐτῶν,
1344 3066 1643 3134 τηνικαῦτα
1692 3065 1892 3130 πάντες
1935 3066 2022 3134 ἐξ-

2117 614 2135 644 ι
2168 593 2261 650 Dei
2287 597 2655 651 sanctuarium
2677 636 2692 661 ,
2715 616 2733 649 ι
2752 606 2805 659 et
2830 597 3083 667 populum
3108 636 3123 661 ,
3156 615 3174 647 ι
3206 594 3300 649 Dei
3328 597 3620 667 populum,
3646 617 3666 650 ι

2112 684 2187 737 ita
2218 685 2471 740 videlicet
2500 686 2683 740 animo
2725 702 2854 757 erga
2898 688 3050 741 illum
3102 686 3356 757 populum
3403 687 3669 743 alTeetus:

2113 787 2166 829 at
2199 791 2328 830 vero
2357 775 2574 832 Gabriel
2604 794 2716 832 non
2753 778 2883 833 item
2916 785 2977 831 ut
3007 778 3125 847 ipse
3148 817 3162 842 ,
3201 793 3265 832 ea
3295 794 3415 848 qua!
3443 777 3555 849 jam
3587 779 3673 834 di-

2110 876 2198 920 cta
2229 875 2357 922 sunt
2383 878 2571 932 vocat,
2603 868 2698 924 sed
2728 884 2793 924 ex
2824 872 3133 933 contrario,
3162 889 3180 921 ι
3212 867 3388 940 Super
3414 873 3672 940 p0pulum

2112 968 2264 1014 tuum
2285 1001 2299 1022 ,
2334 963 2508 1030 inquit
2528 1001 2543 1024 ,
2576 971 2630 1016 et
2661 978 2824 1031 super
2856 962 3132 1017 civitatem
3166 971 3410 1017 sanctam
3442 971 3623 1030 tuam,
3649 984 3667 1018 ι

2115 1053 2205 1107 ubi
2236 1052 2626 1123 propemodum
2657 1063 2711 1107 et
2734 1053 3009 1107 civitatem
3032 1096 3046 1123 ,
3077 1064 3125 1108 et
3152 1056 3409 1126 populum
3431 1099 3445 1121 ,
3469 1065 3523 1109 et
3546 1072 3676 1111 san-

2114 1146 2382 1199 ctuarium
2416 1145 2507 1199 illa
2530 1144 2623 1199 Dei
2649 1146 3011 1215 appellatione
3042 1146 3267 1217 indigna
3298 1162 3421 1202 esse
3449 1147 3675 1202 demon-

2115 1245 2271 1293 strat.
2296 1235 2528 1290 Tantum
2553 1236 2719 1307 igitur
2740 1236 3001 1306 temporis
3022 1238 3253 1306 Spatium
3278 1238 3510 1307 primum
3542 1252 3676 1290 con-

2115 1333 2198 1378 tra
2237 1326 2528 1396 populum.
2568 1325 2764 1381 deinde
2797 1333 2989 1380 contra
3027 1328 3299 1382 civitatem
3346 1328 3673 1397 przeiinitum

2115 1431 2237 1472 esse
2265 1417 2423 1472 docet
2451 1435 2464 1471 :
2497 1425 2551 1471 et
2580 1415 2725 1486 quod
2761 1424 2973 1470 tantum
3008 1417 3108 1480 sit,
3141 1417 3379 1472 ostendit
3409 1434 3474 1473 ex
3506 1434 3671 1473 reno-

2118 1509 2332 1564 vatione
2378 1507 2700 1563 Jerusalem.
2759 1508 2818 1562 ld
2870 1524 3034 1577 porro
3087 1509 3399 1562 continetur
3439 1524 3467 1563 a
3511 1508 3675 1564 Dario

2118 1599 2406 1654 Persarum
2450 1614 2580 1668 rege
2626 1614 2799 1669 usque
2846 1598 2912 1652 ad
2957 1598 3186 1669 Augusti
3237 1600 3571 1654 dominatum
3618 1598 3676 1655 in

2117 1689 2413 1753 Romanos,
2439 1698 2493 1745 et
2517 1689 2781 1746 Herodem
2806 1689 3116 1745 Judazorum
3145 1706 3324 1760 regem
3344 1730 3359 1754 ,
3382 1691 3472 1761 qui
3500 1692 3680 1745 alieno

2117 1798 2316 1855 genere
2356 1789 2518 1836 natus
2552 1792 2666 1847 est,
2701 1798 2933 1852 quorum
2970 1784 3308 1854 temporibus
3349 1798 3412 1839 ea
3460 1800 3581 1854 qua:
3610 1781 3679 1838 ad

2116 1885 2294 1932 ortum
2315 1876 2402 1930 Sal
2412 1875 2610 1931 vatoris
2625 1876 2795 1930 nostri
2811 1876 3099 1945 pertinent,
3122 1885 3467 1940 enarrantur,
3492 1891 3682 1945 quem-

2117 1969 2406 2024 admodum
2439 1967 2655 2038 longius
2709 1981 2996 2037 progressa
3043 1966 3215 2020 oratio
3261 1965 3678 2022 demonstrabit.

2117 2058 2319 2115 Ordine
2352 2057 2609 2127 deinceps
2657 2056 2906 2126 sequitur
2934 2075 2947 2110 :
2980 2074 2996 2105 ι
3017 2053 3087 2109 Ut
3116 2064 3526 2113 consummetur
3556 2070 3684 2125 pec-

2117 2160 2298 2207 catum
2319 2190 2335 2215 ,
2365 2158 2422 2205 et
2458 2148 2615 2219 quasi
2656 2147 2860 2201 annulo
2904 2147 3191 2215 signentur
3222 2154 3441 2214 peccata
3462 2186 3477 2210 ,
3506 2153 3560 2200 et
3589 2145 3685 2200 de-

2118 2244 2334 2299 leantur
2370 2241 2722 2310 iniquitates,
2759 2245 2814 2293 et
2842 2238 3131 2306 explentur
3166 2236 3482 2305 injustitiae,
3514 2243 3569 2290 et
3598 2237 3684 2290 iu-

2119 2336 2352 2390 ducatur
2371 2332 2585 2403 justitia
2607 2330 2959 2399 sempiterna,
2977 2338 3031 2383 et
3052 2327 3209 2398 quasi
3231 2328 3387 2397 signo
3413 2327 3682 2396 impresso

2103 2426 2411 2482 'claudatur
2440 2424 2579 2479 visio
2609 2430 2662 2478 et
2705 2421 3024 2493 prophetia,
3070 2427 3124 2475 et
3166 2427 3404 2490 ungatur
3447 2417 3685 2474 Sanctus

2120 2526 2457 2576 sanctorum.
2485 2534 2504 2568 ι
2532 2514 2640 2569 Pro
2668 2530 2733 2570 eo
2764 2521 2942 2567 autem
2972 2511 3116 2582 quod
3147 2518 3265 2572 est.
3295 2528 3314 2560 ι
3338 2509 3407 2565 Ut
3435 2524 3685 2564 consum-

2120 2620 2298 2667 metur
2324 2616 2639 2681 peccatum,
2683 2613 2738 2661 et
2782 2605 2942 2676 quasi
2988 2604 3194 2658 annulo
3235 2603 3519 2673 signentur
3557 2616 3686 2672 pec-

2119 2714 2261 2769 cata,
2293 2723 2312 2756 ι
2341 2702 2536 2774 Aquila
2564 2701 2763 2762 vertit,
2794 2718 2813 2751 ι
2847 2698 2927 2754 Ad
2956 2696 3443 2753 consummandam
3478 2710 3689 2766 prazva~

2120 2795 2470 2858 ricatiouem,
2504 2799 2558 2847 et
2598 2792 2757 2847 ﬁnem
2800 2788 3191 2861 imponendum
3222 2792 3466 2857 peccato.
3498 2805 3519 2838 ι
3549 2784 3688 2840 Illud

2120 2889 2288 2952 enim,
2339 2904 2357 2938 ι
2386 2884 2613 2956 lmplete
2640 2897 2952 2939 mensuram
2983 2889 3198 2952 patrum
3225 2888 3532 2936 vestrorum
3564 2878 3630 2944 “,
3662 2897 3682 2930 ι

2114 2978 2265 3048 quod
2306 2994 2338 3031 ιι
2377 2975 2660 3031 Salvatore
2696 2983 2888 3030 nostro
2927 2972 2996 3027 ad
3040 2971 3258 3027 Judaeos
3309 2970 3515 3025 dictum
3558 2976 3685 3033 est,

2121 3073 2283 3127 etiam
2317 3071 2373 3126 in
2404 3071 2491 3126 his
2517 3069 2755 3123 arbitror
2785 3067 3054 3122 contineri
3085 3081 3150 3120 ac
3182 3063 3477 3136 signiﬁcari
3507 3082 3520 3118 :
3553 3078 3680 3117 nam

446 3156 853 3228 ωλοθρεύθησαν
884 3159 976 3211 ἐπὶ
1006 3157 1115 3213 τῶν
1156 3157 1326 3231 Ἰησοῦ
1368 3158 1462 3211 τοῦ
1502 3158 1745 3224 Μωσέως
1776 3158 2017 3230 διαδόχου

2120 3167 2252 3222 dum
2294 3165 2524 3220 insidias
2559 3163 2636 3218 illi
2666 3161 2894 3217 Judaica
2926 3175 3061 3232 gens
3093 3159 3319 3214 molitur
3347 3166 3402 3214 et
3431 3155 3685 3219 conﬁcit,

446 3248 653 3321 χρόνων
676 3264 689 3279 ·
722 3248 864 3302 οὕτω
891 3251 987 3303 καὶ
1030 3251 1124 3303 ἐπὶ
1156 3250 1251 3304 τοῦ
1299 3250 1563 3321 προτέρου
1611 3251 1826 3321 νοήσεις
1865 3249 2015 3303 λαοῦ.

450 3342 593 3404 Ἕως
617 3342 714 3412 μὲν
742 3340 852 3412 γὰρ
882 3341 983 3394 οὐκ
1010 3341 1345 3414 ἐπληροῦντο
1374 3340 1551 3394 αὐτῶν
1576 3345 1630 3396 αἱ
1658 3342 1944 3413 ἁμαρτίαι,
1983 3345 2016 3413 ή

446 3431 539 3485 τοῦ
564 3430 702 3485 Θεοῦ
735 3434 901 3502 ἀνοχὴ
929 3432 1024 3485 καὶ
1066 3433 1414 3505 μακροθυμία
1457 3433 1648 3505 ἔφερεν
1689 3436 1903 3501 αὐτοὺς,
1940 3435 2021 3499 εις

449 3520 781 3591 ἐπιστροφὴν
806 3521 1063 3574 ἑκάστοτε
1084 3521 1536 3592 προσκαλουμένη
1571 3518 1657 3574 διὰ
1680 3521 1785 3575 τῶν
1810 3539 2021 3594 προφη-

446 3610 576 3667 τῶν.
593 3610 745 3664 Ἐπεὶ
769 3610 825 3663 δὲ
843 3609 984 3664 κατά
1002 3611 1101 3682 τὴν
1123 3610 1391 3683 σωτηρίαν
1417 3611 1598 3683 φωνὴν
1621 3611 1942 3683 ἐπλήρωσαν
1960 3611 2020 3665 τὸ

453 3700 648 3773 μέτρον
692 3701 800 3756 τῶν
833 3701 1081 3773 πατέρων
1122 3701 1321 3767 αὐτῶν,
1357 3681 1499 3755 οὕτω
1523 3702 1567 3753 δ’
1593 3702 1658 3756 ἂν
1680 3703 1856 3756 πάντα
1894 3720 2018 3756 συν-

444 3793 683 3863 αχθέντα
711 3793 852 3847 κατά
877 3794 938 3846 τὸ
966 3794 1096 3848 αὐτὸ
1126 3794 1217 3846 τὸν
1260 3793 1484 3863 ἔσχατον
1511 3795 1695 3858 αὐτοῖς
1732 3794 2023 3866 κατειργά-

453 3903 581 3939 σατο
606 3885 842 3957 ὄλεθρον,
875 3884 1157 3957 ὡσπεροῦν
1189 3884 1349 3938 πάλιν
1377 3884 1537 3949 αὐτὸς
1570 3886 1599 3938 6
1629 3884 1833 3957 Κύριος
1866 3886 2021 3957 ήμῶν

450 3979 689 4033 διδάσκει
719 3978 919 4047 λέγων’
955 3997 974 4028 ι
1006 3978 1120 4031 Πᾶν
1158 3972 1296 4047 αἷμα
1327 3976 1552 4047 ἐκχυθὲν
1584 3976 1691 4030 ἀπὸ
1721 3976 2023 4049 καταϐολῆς

452 4071 679 4143 κόσμου,
710 4070 818 4124 ἀπὸ
843 4069 1072 4141 αἵματος
1099 4068 1265 4122 Ἀϐελ
1300 4067 1395 4121 τοῦ
1422 4068 1630 4122 δικαίου
1660 4069 1765 4135 ἕως
1796 4070 2021 4141 αἵματος

450 4161 737 4232 Ζαχαρίου,
769 4159 919 4230 ἥξειν
969 4159 1063 4212 ἐπί⁸
1109 4158 1207 4230 τὴν
1256 4156 1447 4227 γενεὰν
1477 4157 1696 4230 ταύτην.
1729 4177 1750 4211 ι
1787 4159 1861 4212 Τὸ
1890 4159 2021 4228 γοῦν

450 4253 673 4323 ἔσχατον
719 4251 973 4305 ἁπάντων
1008 4250 1107 4314 τὰς
1145 4251 1330 4321 χεῖρας
1361 4248 1636 4304 ἐπιϐαλεῖν
1675 4251 1755 4322 τῷ
1783 4251 1897 4323 Υίῷ
1929 4252 2020 4307 τοῦ

449 4345 583 4399 Θεοῦ
630 4344 1016 4416 τολμήσαντες,
1050 4341 1302 4396 ἐτέλεσαν
1350 4340 1448 4412 τήν
1499 4341 1742 4410 ἀθεσίαν,
1773 4346 1867 4398 καὶ
1913 4346 2024 4398 ἐτε-

449 4436 678 4489 λείωσαν
704 4435 800 4507 τὴν
833 4433 1038 4488 ἑαυτῶν
1062 4433 1352 4506 ἁμαρτίαν,
1378 4433 1518 4487 κατὰ
1544 4434 1643 4505 τὴν
1675 4434 1899 4490 Ἀκύλου
1933 4438 2022 4509 ἐρ-

2124 3266 2403 3328 peccatum
2459 3270 2620 3311 suum
2690 3252 3135 3309 consummavit:
3188 3259 3244 3305 et
3293 3249 3576 3320 ejusdem,
3624 3255 3689 3301 ut

2119 3349 2315 3419 Aquila
2353 3349 2550 3412 vertit,
2590 3344 2859 3401 adversus
2899 3343 3067 3398 Deum
3108 3340 3487 3412 praevaricatio
3527 3338 3688 3393 linem

2121 3437 2353 3508 accepit.
2384 3433 2716 3505 Jampridem
2746 3434 2889 3488 enim
2921 3434 3044 3487 illos
3086 3431 3336 3501 quamvis
3377 3430 3693 3483 innumera-

2120 3528 2252 3584 bilia
2308 3534 2533 3597 peccata
2581 3532 2961 3595 perpetrantcs
3000 3528 3127 3576 ante
3164 3519 3468 3574 Salvatoris
3512 3520 3687 3573 nostri

2121 3621 2411 3675 adventum
2433 3657 2449 3682 ,
2486 3616 2579 3671 Dei
2609 3626 2790 3671 tamen
2824 3616 3114 3670 clementia
3147 3611 3393 3675 ferebat,
3427 3609 3691 3681 quemad~

2121 3711 2342 3767 modum
2390 3708 2646 3763 videlicet
2694 3706 3015 3777 pr0phetica
3071 3704 3191 3773 ipsa
3239 3702 3406 3757 verba
3459 3701 3687 3756 demou-

2121 3811 2296 3862 strant
2331 3823 2344 3858 :
2395 3811 2769 3858 verumtamen
2818 3798 2963 3854 sicut
3014 3796 3082 3851 de
3126 3796 3236 3849 illis
3263 3795 3358 3863 qui
3389 3788 3585 3864 genere
3615 3794 3688 3848 ab

2120 3895 2365 3952 Hebraeis
2407 3892 2755 3952 differentes,
2819 3896 3021 3942 terram
3063 3884 3444 3956 promissionis
3484 3884 3690 3939 incolev

2119 3988 2252 4044 bant
2274 3985 2341 4039 ad
2370 3983 2640 4039 Abraham
2669 3979 2872 4034 dictum
2890 3984 2972 4031 est
3000 3994 3013 4029 :
3042 3994 3060 4026 ι
3088 3972 3338 4028 Nondum
3361 3974 3511 4028 enim
3533 3986 3688 4025 com-

2120 4080 2265 4152 pleta
2319 4083 2446 4133 sunt
2480 4079 2701 4145 peccata
2754 4067 3237 4153 :Amorrhzeorum:
3278 4085 3296 4113 ι
3328 4074 3382 4121 et
3431 4064 3689 4134 quamdiu

2121 4170 2391 4239 completa
2431 4182 2540 4222 non
2589 4164 2773 4229 fuere,
2801 4161 2869 4217 de
2906 4168 3051 4239 terra
3093 4161 3335 4229 ipsorum
3382 4156 3553 4227 patria
3590 4171 3690 4211 ex-

2120 4261 2260 4333 pulsi
2289 4276 2396 4314 non
2421 4265 2568 4314 sunt.
2593 4255 2697 4310 Ubi
2726 4262 2905 4308 autem
2933 4251 3201 4320 completa
3225 4255 3389 4312 sunt,
3416 4255 3531 4302 tum
3560 4261 3688 4303 vero

2121 4369 2310 4410 omnes
2350 4352 2404 4407 in
2450 4349 2729 4404 interitum
2776 4345 3115 4405 inciderunt,
3156 4357 3278 4411 qua:
3330 4356 3462 4396 sane
3505 4340 3689 4396 clades

2122 4449 2245 4503 illos
2281 4445 2492 4512 excepit
2522 4440 2857 4511 temporibus
2906 4438 3052 4493 illius
3100 4435 3226 4491 Jesu
3266 4435 3358 4505 qui
3393 4433 3527 4488 Mosi
3562 4448 3687 4489 suc-

454 4528 676 4597 μηνείαν
697 4545 711 4558 ⁶
760 4526 901 4581 κατὰ
947 4527 1003 4580 δὲ
1053 4528 1178 4589 τοὺς
1213 4526 1626 4598 Ἑϐδομήκοντα,
1656 4527 1811 4599 ἐδέθη
1844 4529 2017 4583 αὐτῶν

2127 4539 2336 4596 cessit:
2370 4538 2445 4591 ita
2481 4535 2648 4590 etiam
2690 4534 2757 4587 de
2798 4532 2982 4601 priore
3019 4529 3117 4583 tibi
3158 4526 3569 4598 intelligendum
3604 4534 3689 4581 est

452 4619 548 4672 καὶ
575 4618 909 4691 ἐσφραγίσθη
943 4618 1260 4691 ήὰμαρτία.
1279 4617 1437 4672 Ἀλλὰ
1477 4618 1599 4672 ἐπεὶ
1629 4620 1702 4691 μὴ
1734 4620 1892 4691 μόνον
1939 4623 2019 4685 είς

452 4708 680 4774 πτῶσιν,
709 4710 846 4764 ἀλλὰ
871 4713 966 4764 καὶ¹
996 4713 1076 4774 είς
1109 4712 1402 4766 ἀνάστασιν
1433 4710 1640 4765 πολλῶν
1673 4711 1927 4783 ἐλήλυθεν
1960 4714 2019 4765 ὲν

452 4799 531 4869 τῷ
565 4800 795 4873 Ἰσραήλ,
823 4801 965 4857 καθά
989 4819 1118 4873 φησι
1145 4805 1273 4875 περὶ
1311 4800 1496 4865 αὐτοῦ,
1532 4820 1551 4855 ι
1574 4803 1703 4857 Ἰδοὺ
1728 4796 1881 4867 οὗτος
1906 4808 2018 4857 κεῖο

450 4906 539 4944 ται
561 4893 643 4955 εἰς
663 4892 868 4946 πτῶσιν
893 4893 987 4946 καὶ
1005 4895 1298 4948 ἀνάστασιν
1324 4894 1532 4948 πολλῶν
1560 4895 1618 4948 ἐν
1639 4893 1715 4965 τῷ
1743 4895 1977 4968 Ἰσραὴλ,
1992 4917 2011 4949 ι

452 4982 675 5047 εἰκότως
719 4987 832 5048 τοῖς
877 4985 1184 5057 εἰρημένοις
1215 4984 1344 5056 ἑξῆς
1387 4984 1625 5053 ἐπιλέγει
1653 4987 1681 5039 6
1705 4986 1899 5058 Δανιὴλ
1937 4989 2018 5042 τό·

458 5092 476 5123 ι
505 5076 615 5127 Καὶ
649 5073 743 5127 τοῦ
773 5074 1064 5145 ἀπαλεῖψαι
1101 5075 1392 5148 ἁμαρτίας,
1423 5076 1517 5130 καὶ
1549 5074 1644 5128 τοῦ
1673 5075 2022 5140 ἐξιλάσασθαι

449 5164 681 5229 ἀδικίας.
713 5184 732 5216 ι
776 5165 875 5219 Διά
917 5166 1025 5237 γὰρ
1056 5167 1116 5220 τὸ
1148 5166 1406 5221 ἀδύνατον
1445 5163 1583 5221 εἶναι
1622 5162 1761 5239 αἷμα
1805 5168 2020 5241 ταύρων

450 5257 544 5310 καὶ
566 5258 783 5329 τράγων
803 5259 1054 5329 ἀφαιρεῖν
1081 5259 1373 5330 ἁμαρτίας,
1396 5260 1601 5315 δεῖσθαι
1624 5261 1680 5315 δὲ
1708 5264 1817 5316 πᾶν
1836 5262 1894 5316 τὸ
1913 5262 2020 5319 τῶν

449 5347 750 5421 ἀνθρώπων
781 5351 934 5418 γένος
969 5351 1194 5422 ἱλασμοῦ
1252 5352 1451 5416 ζῶντος
1496 5354 1589 5406 καὶ
1628 5354 1883 5427 ἀληθινοῦ
1918 5355 1938 5428 (
1957 5350 2018 5411 οὗ

447 5440 616 5496 τύπον
641 5441 800 5514 ἔφερε
826 5443 886 5496 τὸ
916 5444 1066 5515 παρά
1096 5446 1283 5497 Μωσεῖ
1308 5446 1747 5501 κατασκευασθὲν
1799 5449 2019 5522 ἱλαστήο

452 5534 606 5606 ριον),
625 5530 778 5599 οὗτος
801 5535 855 5588 δὲ
868 5532 939 5607 ἦν
956 5537 988 5588 6
1008 5535 1197 5608 Σωτὴρ
1222 5537 1313 5590 καὶ
1338 5537 1541 5608 Κύριος
1568 5539 1741 5610 ήμῶν,
1767 5542 1795 5593 6
1827 5542 2021 5613 Ἀμνὺς

448 5624 540 5679 τοῦ
570 5625 727 5691 Θεοῦ,
756 5628 881 5698 περὶ⁸
923 5622 983 5683 οὗ
1026 5628 1239 5699 εἴρηται
1260 5644 1274 5657 ·
1310 5645 1329 5679 ι
1351 5627 1448 5680 Ἱδὲ
1483 5628 1676 5701 Ἀμνὺς
1704 5631 1798 5687 τοῦ
1830 5632 1966 5688 Θεοῦ
1992 5636 2021 5688 ό

520 5805 565 5837 ⁸⁸
603 5804 789 5859 Matth.
827 5821 992 5869 nun,
1026 5805 1111 5859 52.
1192 5806 1234 5848 ’ἵ
1275 5804 1404 5861 ibid.
1443 5803 1531 5860 55.

2124 4633 2366 4703 populo:
2402 4626 2667 4700 quamdiu
2713 4625 2857 4681 enim
2904 4625 3122 4679 illorum
3161 4629 3383 4693 peccata
3420 4621 3687 4690 completa

2124 4737 2234 4778 non
2269 4729 2396 4775 sunt
2417 4758 2433 4780 ,
2468 4716 2563 4772 Dei
2594 4716 2715 4770 illos
2744 4713 3002 4784 patientia
3029 4718 3083 4766 et
3110 4710 3416 4780 benignitas
3446 4707 3601 4768 tulit,
3632 4712 3687 4760 et

2121 4830 2217 4885 per
2254 4810 2551 4883 prophetas
2590 4806 2832 4877 undique
2868 4803 2938 4858 ad
2965 4801 3377 4859 conversionem
3418 4797 3684 4852 invitavit.

2120 4901 2283 4974 385
2315 4899 2609 4970 Postquam
2640 4903 2848 4959 autem,
2883 4900 2940 4949 ut
2973 4891 3221 4948 Salvator
3246 4889 3314 4944 ad
3342 4889 3492 4958 ipsos
3526 4886 3683 4949 dixit,

2122 4994 2486 5064 impleverunt
2516 5002 2831 5045 mensuram
2871 4992 3085 5056 patrum
3116 4995 3372 5043 suorum,
3410 4986 3524 5032 tum
3559 4990 3687 5030 vero

2123 5086 2178 5140 in
2230 5083 2480 5139 eumdem
2526 5083 2706 5136 locum
2748 5087 2937 5135 coacta
2995 5074 3201 5141 omnia,
3230 5079 3531 5128 extremum
3576 5066 3685 5123 illis

2122 5181 2532 5232 maturaverunt
2569 5173 2873 5233 interitum.
2904 5184 3035 5225 sane
3072 5161 3525 5237 quemadmodum
3556 5158 3683 5213 item

2119 5266 2383 5321 Dominus
2414 5272 2597 5318 noster
2626 5276 2729 5316 nos
2758 5259 2936 5323 docet,
2968 5255 3058 5311 ubi
3094 5253 3166 5308 ait
3203 5271 3216 5307 :
3248 5268 3269 5303 ι
3295 5247 3520 5305 Omnem
3555 5258 3683 5299 san-

2119 5359 2337 5431 guinem
2364 5355 2596 5412 ell‘usum
2638 5367 2668 5406 a
2695 5348 3085 5407 constitutione
3115 5341 3326 5405 mundi,
3361 5355 3392 5394 a
3418 5336 3683 5408 sanguine

2121 5450 2256 5505 Abel
2296 5448 2434 5519 justi
2480 5459 2657 5516 usque
2703 5442 2770 5496 ad
2815 5440 3131 5511 sanguinem
3169 5432 3468 5495 Zachariae,
3493 5433 3686 5484 ventu-

2119 5555 2243 5595 rum
2293 5553 2458 5610 super
2500 5535 2906 5608 generationem
2947 5531 3106 5585 istam
3152 5526 3272 5582 ":1
3329 5522 3465 5578 Cum
3519 5519 3685 5590 igitur

2125 5634 2191 5691 ad
2221 5640 2522 5690 extremum
2579 5641 2775 5684 manus
2824 5624 3049 5696 injicere
3081 5619 3215 5677 Fili)
3255 5616 3350 5673 Dei
3381 5613 3500 5672 ausi
3527 5617 3680 5676 sunt,
