4098 6432
465 372 572 431 503
1136 369 1405 425 EUSEBII
1438 368 1912 427 CAESARIENSIS
1949 370 2099 428 OPP.
2140 372 2318 427 PARS
2358 374 2421 429 ll.
2466 404 2529 416 --
2559 370 3056 429 APOLOGETICA.
3588 376 3689 430 606

468 508 491 543 ι
525 495 1043 544 consummaverunt
1069 488 1595 558 praevaricationem,
1620 497 1673 544 et
1714 490 1873 544 ﬁnem
1905 505 2005 560 pec

2128 492 2298 564 αἴρων
2326 493 2421 564 τὴν
2448 493 2718 564 ἁμαρτίαν
2754 491 2846 544 τοῦ
2876 492 3078 561 κόσμου
3097 507 3111 521 ·
3138 508 3157 540 ι
3190 489 3280 542 καὶ
3308 489 3498 543 πάλιν·
3544 508 3562 541 ι
3593 492 3692 544 Αὑ-

463 588 590 635 cato
616 579 1136 645 suoimposuerunt,
1179 597 1197 628 ι
1237 578 1378 634 sicut
1415 580 1610 649 Aquila
1641 582 2005 651 interpretatu:

2126 584 2216 647 τὸς
2245 584 2468 654 ἱλασμός
2487 586 2600 636 ἐστι
2628 582 2755 653 περὶ
2781 582 2889 635 τῶν
2912 581 3191 653 ἁμαρτιῶν
3222 583 3254 651 ή
3265 581 3399 651 μῶν,
3427 601 3445 632 ι
3474 582 3535 634 οὐ
3564 584 3690 652 περὶ

462 680 568 734 est,
615 677 691 733 at,
740 670 881 724 sicut
934 668 1097 733 LXX,
1137 689 1155 720 ι
1191 686 1378 725 eorum
1410 680 1695 741 peccatum
1745 673 2005 742 alligatun

2126 675 2233 727 τῶν
2264 674 2545 747 ἡμετέρων
2568 674 2624 726 δὲ
2658 676 2834 744 μόνον,
2869 672 3003 727 ἀλλὰ
3034 673 3128 726 καὶ
3158 672 3286 744 περὶ
3318 672 3440 726 ὅλου
3470 672 3564 725 τοῦ
3594 672 3688 726 κό-

465 764 844 832 signatumque
876 768 977 815 est.
1017 780 1036 813 ι
1068 760 1172 816 Sed
1194 763 1448 831 quoniam
1480 779 1590 817 non
1621 765 1794 819 solum
1825 765 1879 818 in
1913 766 2005 819 ruit

2129 782 2284 836 σμου,
2319 765 2481 828 αὐτὸς
2504 764 2577 817 ὢν
2614 764 2705 816 καὶ
2731 762 3122 833 ἀπολύτρωσις,
3162 762 3301 816 κατά
3332 764 3421 816 τὸν
3454 762 3685 829 Παῦλον,

461 868 609 916 nam,
646 868 833 906 verum
863 854 1025 907 etiam
1060 854 1113 906 in
1138 855 1536 923 reparationem
1563 855 1857 909 multorum
1878 846 2005 911 senii

2126 857 2427 925 φάσκοντα·
2465 857 2596 918 ιὊς
2637 854 2866 925 ἐγενήθη
2908 853 3069 922 σοφία
3101 856 3229 924 ήμῖν
3270 854 3377 907 ἀπὸ
3414 853 3569 918 Θεοῦ,
3608 854 3689 909 δι-

460 942 513 1002 in
547 941 735 1007 Israel,
775 945 916 998 sicut
951 943 1017 998 de
1049 944 1169 1014 ipso
1234 945 1371 999 dixit
1422 944 1663 1011 Simeon,
1706 967 1723 999 ι
1764 947 1905 1004 Ecce
1933 948 2005 1002 hic

2125 948 2381 1017 καιοσύνη
2393 964 2449 999 τε
2472 948 2566 1000 καὶ
2579 946 2868 1016 ἁγιασμὸς,
2887 946 2981 998 καὶ
2996 945 3389 1017 ἀπολύτρωσις·
3420 965 3440 998 ι
3465 946 3688 1011 εἰκότως

460 1034 672 1102 positus
704 1042 787 1089 est
818 1034 872 1087 in
901 1035 1115 1087 ruinam
1142 1043 1196 1089 et
1236 1036 1293 1089 in
1336 1038 1793 1093 resurrectionem
1825 1041 2024 1093 multo-

457 1141 578 1180 rum
629 1126 683 1178 in
724 1124 890 1180 Israel
921 1126 989 1193 ⁸⁸,
1029 1145 1048 1178 ι
1090 1128 1285 1181 merito
1312 1128 1501 1183 Daniel
1537 1129 1604 1182 ad
1629 1145 1691 1183 ea
1719 1145 1839 1200 qua;
1877 1131 2020 1186 dicta

458 1220 606 1277 sunt,
630 1214 875 1286 adjungit
901 1234 914 1269 :
937 1234 955 1266 ι
985 1214 1048 1268 Et
1074 1224 1134 1269 ut
1164 1216 1447 1271 deleantur
1472 1227 1711 1288 peccata,
1730 1229 1782 1273 et
1802 1220 2020 1291 expien-

456 1313 547 1359 tur
603 1306 901 1375 injusritlze.
945 1327 962 1359 ι
996 1307 1130 1362 Cum
1187 1309 1330 1362 enim
1384 1310 1604 1380 sanguis
1657 1318 1934 1365 taurorum
1966 1320 2019 1366 et

456 1397 733 1450 hircorum
768 1396 985 1451 auferre
1016 1407 1236 1466 peccata
1267 1415 1375 1453 non
1414 1406 1617 1469 posset,
1650 1408 1703 1454 et
1732 1416 1891 1456 omne
1923 1402 2019 1455 ho-

456 1490 662 1543 minum
686 1505 858 1559 genus
886 1491 1191 1560 expiatione
1218 1492 1339 1545 viva
1371 1492 2018 1564 veraqueindigeret(cu-

451 1580 544 1649 jus
593 1579 821 1650 ﬁguram
878 1582 1099 1651 gerebat
1149 1582 1201 1635 id
1240 1582 1383 1651 quod
1440 1583 1580 1653 apud
1618 1581 1820 1637 Mosem
1882 1599 2015 1638 con-

456 1679 724 1725 structum
778 1680 1004 1726 vocatur
1071 1674 1571 1744 prepitiatorium),
1627 1675 1776 1728 nulla
1836 1683 2017 1729 autem

455 1761 773 1830 propitiatio
803 1761 922 1815 viva
952 1777 1185 1831 veraque
1222 1771 1386 1829 esset,
1417 1764 1522 1818 nisi
1551 1762 1799 1819 Salvator
1822 1773 1876 1821 et
1903 1764 2010 1820 Do-

454 1852 634 1906 minus
666 1860 870 1915 noster,
912 1854 1001 1906 ille
1046 1853 1230 1923 Agnus
1271 1853 1385 1916 Dei.
1418 1854 1484 1908 de
1506 1870 1615 1925 quo
1643 1857 1846 1912 dictum
1881 1865 1965 1913 est
1997 1877 2009 1912 :

457 1959 477 1990 ι
514 1939 652 1996 Ecce
699 1942 885 2011 Agnus
926 1941 1022 1996 Dei
1071 1945 1165 2013 qui
1221 1944 1360 1998 tollit
1417 1954 1640 2015 peccata
1677 1949 1945 2008 mundi”.
1989 1969 2009 2002 ι

452 2030 586 2084 Nam
623 2048 837 2095 rursus,
891 2052 911 2084 ‹
959 2033 1104 2087 ldem
1142 2036 1456 2104 prepitiatio
1488 2045 1572 2092 est
1625 2053 1725 2108 pro
1776 2041 2013 2108 peccatis

454 2124 674 2185 nostris,
714 2143 734 2175 ι
772 2138 871 2176 nec
903 2140 1001 2193 pro
1036 2126 1239 2180 nostris
1274 2132 1481 2179 tantum
1524 2128 1640 2197 ipse
1669 2137 1752 2185 est
1777 2131 2010 2199 pretium

451 2226 514 2265 ac
558 2210 874 2280 redemptio,
917 2214 1011 2267 sed
1057 2214 1217 2267 etiam
1266 2229 1363 2283 pro
1412 2216 1580 2270 totius
1610 2218 1817 2283 mundi,
1850 2228 1908 2273 ut
1938 2219 2013 2272 ait

448 2302 739 2371 Apostolus
768 2301 850 2333 “‘
884 2320 897 2355 :
934 2319 953 2353 ι
992 2302 1093 2368 Qui
1151 2302 1328 2357 factus
1375 2312 1480 2371 est,
1543 2304 1738 2374 inquit,
1797 2308 2014 2377 sapien-

446 2393 521 2447 tia
565 2393 723 2449 nobis
763 2408 793 2446 a
833 2391 964 2455 Deo,
993 2394 1315 2465 iustitiaque
1342 2402 1396 2450 et
1428 2396 1787 2452 sanctiﬁcatio
1835 2408 1887 2454 et
1924 2415 2013 2454 re-

446 2484 778 2555 demptio".
819 2506 837 2540 ι
892 2485 1084 2541 Merito
1132 2488 1252 2557 ejus
1304 2488 1613 2553 adventum,
1645 2489 1808 2544 simul
1862 2506 2008 2545 com.

446 2574 774 2644 plementum
803 2577 1302 2648 perfectionemque
1330 2579 1540 2649 peccati
1584 2595 1707 2635 esse
1736 2580 1894 2637 docet
1922 2598 2012 2637 eo-

446 2680 590 2731 rum,
620 2668 711 2736 qui
747 2679 935 2724 contra
956 2658 1138 2740 ipsum
1168 2671 1320 2741 impii
1344 2670 1582 2734 fuerunt,
1616 2672 1777 2727 simul
1811 2673 2011 2729 abster-

447 2756 655 2811 sionem
697 2767 748 2813 et
780 2762 1160 2829 purgationem
1211 2771 1559 2831 peccatorum
1610 2770 1664 2818 et
1713 2764 2008 2833 iniustitia-

446 2859 567 2898 rum
600 2849 962 2917 expiationem
1002 2864 1189 2904 eorum
1208 2850 1299 2919 qui
1323 2850 1374 2904 in
1410 2852 1586 2920 ipsum
1618 2852 2004 2909 crediderunt:

445 2950 570 2990 nam
609 2954 733 2993 cum
762 2940 974 3009 Aquila.
1010 2958 1029 2992 ι
1058 2941 1141 2995 Ad
1167 2943 1652 2998 consummandam
1684 2948 2006 3014 praevarica-

446 3033 668 3095 tionem,
717 3040 770 3087 et
802 3033 961 3087 finem
997 3041 1219 3103 peccato
1274 3035 1681 3105 imponendum,
1723 3057 1742 3090 ι
1781 3038 2002 3105 dixerit,

445 3131 560 3177 tum
597 3121 728 3177 illud
763 3123 980 3191 adjecit,
1021 3144 1038 3174 ι
1059 3123 1120 3179 Et
1153 3125 1219 3179 ad
1250 3126 1575 3195 expiandum
1605 3127 1997 3199 iniquitatem,»

446 3212 527 3267 sic
564 3212 725 3283 plane
780 3212 929 3266 illum
975 3215 1156 3269 omnis
1216 3214 1541 3286 iniquitatis,
1571 3234 1691 3288 quae
1731 3221 1860 3275 olim
1912 3238 2007 3294 per

446 3304 808 3374 ignorantiam
861 3305 1098 3360 admissa
1150 3306 1242 3373 sit,
1291 3308 1656 3378 expiationem
1710 3328 1854 3377 esse,
1909 3329 2008 3385 pro

445 3409 710 3451 concesso
747 3411 988 3451 sumens.
1044 3396 1173 3452 Post
1212 3399 1328 3469 ipsa
1380 3400 1516 3466 haec,
1542 3402 1675 3457 illud
1709 3405 1956 3475 sequitur
1991 3427 2004 3462 :

451 3506 471 3540 ι
514 3486 585 3541 Ut
614 3487 905 3542 inducatur
936 3488 1151 3558 justitia
1176 3491 1524 3560 sempiterna.
1551 3511 1570 3545 ι
1607 3492 1703 3549 Est
1734 3511 1866 3551 sane
1891 3497 2009 3567 ipse

446 3578 542 3633 Dei
570 3577 804 3635 Verbum
850 3581 1066 3649 justitia
1118 3583 1471 3652 sempiterna,
1503 3587 1645 3657 «qui
1702 3588 1877 3645 factus
1925 3599 2009 3646 est

446 3667 605 3724 nobis
635 3670 908 3752 sapientia
958 3685 989 3725 a
1040 3669 1172 3735 Deo,
1201 3672 1528 3743 justitiaque
1559 3683 1614 3731 et
1641 3678 2007 3734 sanctiﬁcatio

444 3767 499 3813 et
528 3758 848 3829 redemptio,
888 3779 908 3814 ι
937 3768 994 3813 ιιι
1031 3762 1107 3815 ait
1155 3763 1472 3832 Apostolus,
1500 3775 1875 3823 verumtamen
1908 3769 2006 3823 ad—

444 3858 606 3905 ventu
637 3865 738 3905 suo
756 3853 1012 3908 omnibus
1041 3853 1355 3910 hominibus
1372 3857 1687 3911 conciliavit
1709 3858 2004 3928 justitiam,

444 3942 624 4012 reipsa
661 3943 977 4007 ostendens,
1017 3945 1162 4014 quod
1196 3962 1214 3996 ι
1245 3960 1351 3999 non
1382 3946 1548 4019 386
1580 3949 1753 4003 solum
1791 3949 2002 4005 Iudaeo-

442 4050 562 4087 rum
590 4042 673 4089 est
707 4034 873 4100 Deus,
904 4036 997 4090 sed
1019 4036 1182 4090 etiam
1213 4038 1476 4105 gentium.
1501 4057 1519 4090 ι
1557 4038 2004 4112 Quandoquidem

442 4138 584 4178 unus
616 4132 700 4178 est
751 4123 895 4179 Deus
934 4127 1025 4194 qui
1053 4126 1379 4194 justiﬁcabit
1409 4129 1885 4186 circumcisionem
1936 4149 2003 4188 ex

445 4210 567 4281 (ide,
600 4222 653 4267 et
686 4215 1012 4283 praeputium
1043 4232 1142 4286 per
1170 4216 1423 4287 ﬁdem".
1460 4238 1475 4270 ι
1510 4218 1588 4273 Ex
1622 4236 1731 4289 quo
1776 4237 1870 4279 eos
1908 4225 2002 4294 qui

440 4317 567 4356 cum
597 4303 853 4359 Cornelio
906 4305 1154 4369 aderant,
1184 4310 1385 4379 quique
1431 4311 1544 4380 jam
1581 4310 1842 4382 Spiritum
1876 4331 2005 4369 sana

439 4401 587 4447 ctum
618 4396 865 4466 accipere
885 4405 1217 4465 meruerant,
1253 4399 1528 4457 admirans
1551 4400 1765 4469 Petrus,
1798 4421 1816 4455 ι
1840 4404 1998 4475 Vere,

439 4486 635 4556 inquit,
695 4489 819 4542 novi
862 4491 1005 4559 quod
1059 4506 1169 4545 non
1224 4500 1308 4547 est
1347 4502 1600 4565 acceptor
1640 4510 1993 4565 personarum

438 4578 603 4645 Deus,
634 4580 729 4634 sed
750 4581 806 4634 in
830 4583 978 4635 omni
1003 4591 1184 4653 gente,
1216 4585 1310 4653 qui
1339 4586 1490 4640 timet
1523 4586 1672 4641 illum
1695 4596 1750 4642 et
1779 4599 1995 4646 exercet

430 4670 722 4738 justitiam,
750 4681 1007 4743 acceptus
1039 4682 1125 4730 est
1172 4675 1250 4729 illi
1280 4676 1347 4733 ⁷⁸.
1382 4696 1401 4728 ι
1437 4676 1579 4743 Quin
1635 4676 1838 4735 Paulus
1867 4696 1998 4751 quo~

433 4777 541 4833 que
593 4761 947 4835 Evangelium
998 4767 1227 4836 justitia:
1264 4769 1492 4823 aﬂirmat
1542 4785 1685 4835 esse,
1717 4772 1810 4825 ubi
1862 4775 1989 4829 ait:

438 4873 459 4905 ι
496 4853 685 4912 Virtus
726 4860 871 4911 enim
929 4857 1023 4915 Dei
1073 4868 1157 4914 est
1189 4860 1257 4915 ad
1287 4862 1515 4916 salutem
1546 4864 1692 4917 omni
1724 4864 1991 4929 credenti,

429 4944 616 5001 Iudaeo
649 4949 884 5018 primum
927 4958 981 5005 et
1030 4949 1221 5007 Graeco
1251 4970 1266 5008 :
1305 4952 1513 5022 justitia
1544 4954 1686 5008 enim
1718 4954 1813 5010 Dei
1841 4957 1897 5010 in
1929 4972 1996 5012 eo

430 5040 701 5095 reveletur
726 5042 790 5095 ⁷³.
823 5061 842 5094 ι
869 5040 928 5096 ln
955 5040 1188 5098 Psalmis
1206 5060 1422 5115 quoque
1453 5045 1521 5100 de
1541 5044 1761 5103 Christo
1789 5048 1992 5103 dictum

428 5133 515 5180 est
546 5144 559 5179 :
587 5143 605 5177 ι
644 5123 862 5181 Orietur
884 5128 940 5181 in
962 5128 1155 5183 diebus
1181 5129 1301 5198 ejus
1327 5129 1543 5199 justitia
1574 5139 1629 5186 et
1657 5132 1990 5187 abundantia

432 5216 584 5284 pacis
609 5216 677 5272 ".
712 5236 732 5270 ι
767 5217 831 5271 Et
857 5233 989 5273 sane
1026 5219 1175 5274 illius
1204 5235 1341 5290 opus
1370 5236 1429 5275 re
1457 5236 1581 5276 vera
1610 5221 1704 5277 Dei
1721 5221 1991 5289 justitiam

430 5307 845 5377 demonstravit,
882 5319 1071 5380 utpote
1108 5312 1251 5381 quod
1280 5328 1440 5368 omne
1489 5329 1660 5383 genus
1709 5312 1991 5367 hominum

408 5398 548 5466 ‘pari
583 5401 870 5457 vocatione
899 5402 1122 5474 dignum
1154 5403 1468 5459 reddiderit.
1488 5406 1557 5459 At
1585 5420 1706 5473 quae
1742 5418 1837 5473 per
1887 5403 1995 5456 Mo-

431 5503 547 5545 sem
576 5491 721 5547 edita
754 5501 903 5563 sunt,
934 5511 1276 5567 nequaquam
1319 5497 1468 5561 talia,
1500 5495 1592 5551 sed
1635 5496 1727 5551 uni
1762 5495 1863 5551 soli
1893 5494 1990 5549 Ju-

502 5690 547 5723 ⁸⁸
587 5691 718 5747 Luc.
753 5710 786 5749 ιι
810 5735 824 5754 ,
860 5696 948 5750 5i.
1024 5697 1067 5728 ⁶⁹
1102 5695 1258 5750 Joan.
1297 5715 1346 5756 ι.
1381 5699 1468 5753 29.

430 5775 502 5827 Χ,
536 5761 625 5830 δι,
818 5766 862 5796 ⁷³
903 5766 1054 5821 Hom.
1093 5784 1130 5831 I,
1164 5768 1361 5830 16,17.
1442 5770 1483 5800 ⁷⁸
1523 5767 1665 5823 Psal.
1706 5786 1863 5837 Lxxt,
1897 5770 1950 5826 7.

1570 5700 1632 5729 θ’·
1678 5700 1694 5751 l
1728 5697 1884 5754 Joan.
1923 5716 1995 5768 ιι,
2024 5701 2078 5758 9..
2132 5688 2199 5736 Ἴτ’
2240 5702 2260 5759 Ι
2291 5703 2416 5759 Cor.
2450 5717 2504 5765 ι,
2538 5702 2626 5757 50-

2120 1038 2219 1109 τὴν
2244 1037 2540 1107 παρουσίαν
2568 1034 2733 1088 αὑτοῦ
2764 1033 2899 1104 ὁμοῦ
2931 1035 3028 1104 μὲν
3059 1034 3448 1105 συμπλήρωσιν
3472 1035 3566 1089 καὶ
3594 1052 3686 1088 τε·

2121 1127 2333 1180 λείωσιν
2366 1126 2635 1198 ἁμαρτίας
2661 1122 2795 1177 εἶναι
2823 1124 3060 1178 διδάσκει
3106 1124 3213 1177 τῶν
3253 1126 3332 1188 είς
3366 1125 3526 1177 αὐτὸν
3552 1126 3683 1194 ήσε-

2121 1216 2382 1286 ϐηκότων,
2414 1214 2549 1285 ὁμοῦ
2575 1215 2630 1267 δὲ
2663 1213 2950 1283 ἀπάλειψιν
2988 1215 3083 1267 καὶ
3129 1214 3462 1285 καθαρισμὸν
3507 1215 3684 1285 ἀμαρ-

2120 1307 2268 1373 τιῶν,
2302 1307 2397 1360 καὶ
2443 1306 2663 1359 ἀδικιῶν
2711 1306 2934 1376 ἱλασμὸν
2959 1304 3067 1357 τῶν
3092 1308 3171 1368 εἰς
3201 1306 3360 1359 αὑτὸν
3389 1322 3683 1359 πεπιστευ-

2119 1397 2308 1453 κότων.
2338 1398 2445 1451 Ka't
2472 1398 2500 1448 6
2537 1396 2763 1461 Ἀκύλας
2787 1396 2864 1463 δὲ,
2896 1414 2912 1448 ι
2943 1395 3047 1449 Τοῦ
3074 1396 3289 1449 τελέσαι
3317 1396 3413 1467 τὴν
3441 1395 3679 1461 ἀθεσίαν,

2119 1489 2209 1541 καὶ
2232 1485 2325 1540 τοῦ
2351 1486 2632 1540 τελειῶσαι
2654 1485 3052 1557 τὴνάμαρτίαν,
3084 1505 3102 1537 ›
3128 1485 3314 1548 εἰπὼν,
3337 1487 3583 1557 ἐπήγαγε
3603 1488 3680 1553 τὸ,

2125 1598 2143 1630 ι
2176 1562 2284 1631 Τοῦ
2324 1577 2667 1642 ἐξιλάσασθαι
2703 1577 2949 1648 ἀνομίαν,
2980 1595 2999 1627 ι
3038 1578 3223 1645 σαφῶς
3258 1578 3478 1647 ἱλασμὸν
3524 1579 3683 1631 αὑτὸν

2118 1666 2255 1722 εἶναι
2290 1670 2468 1739 πάσης
2501 1669 2726 1739 ἀνομίας
2758 1669 2859 1737 τῆς
2898 1668 3061 1737 πάλαι
3102 1669 3243 1722 κατὰ
3281 1670 3502 1737 ἄγνοιαν
3529 1687 3681 1738 γενο-

2124 1761 2288 1831 μένης
2336 1759 2731 1831 ύποτιθέμενος.
2767 1760 2922 1829 Ἑξῆς
2971 1760 3176 1825 τούτοις
3230 1760 3477 1831 εἴρηται,
3529 1781 3547 1813 ι
3576 1760 3681 1815 Τοῦ

2046 1833 2091 1891 Β
2118 1853 2343 1919 ἀγαγεῖν
2368 1850 2709 1921 δικαιοσύνην
2742 1852 2973 1905 αἰώνιον.
3009 1853 3193 1904 »Ἔστι
3229 1853 3326 1923 μὲν
3350 1848 3443 1906 οῦν
3467 1854 3627 1917 αὐτὸς
3653 1854 3683 1905 6

2116 1944 2209 1998 τοῦ
2237 1944 2371 1998 Θεοῦ
2404 1945 2573 2013 Λόγος
2599 1943 2812 2007 αἰώνιος
2834 1942 3165 2013 δικαιοσύνη,
3193 1960 3210 1992 ι
3246 1943 3302 2006 ὃς
3328 1944 3555 2015 ἐγενήθη
3594 1960 3682 1997 σο-

2117 2038 2214 2106 φία
2247 2038 2376 2107 ἡμῖν
2407 2037 2513 2090 ἀπὸ
2539 2036 2695 2099 Θεοῦ,
2722 2034 3033 2104 δικαιοσύνη
3060 2052 3117 2087 τε
3144 2036 3236 2087 καὶ
3269 2034 3553 2103 ἁγιασμὸς,
3587 2036 3682 2088 καὶ

2117 2129 2511 2197 ἀπολύτρωσις,
2542 2144 2564 2179 ιι
2593 2126 2733 2180 κατά
2757 2126 2849 2179 τὸν
2876 2124 3213 2179 Ἀπὸστολον.
3246 2124 3389 2195 Πλὴν
3421 2124 3554 2177 ἀλλά
3583 2125 3682 2179 σὺν

2115 2221 2180 2288 τῇ
2203 2216 2395 2270 ἑαυτοῦ
2419 2215 2691 2288 παρουοκι
2714 2216 2810 2269 καὶ
2841 2216 3005 2267 πᾶσιν
3026 2212 3327 2285 ἀνθρώποις
3347 2212 3680 2283 προὺξένῃσι

2115 2308 2477 2378 δικαιοσύνην,
2500 2306 2678 2378 ἔργοις
2692 2304 2977 2369 ἐπιδείξας,
2994 2304 3074 2356 ὅτι
3097 2322 3114 2353 ι
3139 2302 3211 2373 μὴ
3228 2302 3383 2373 μόνον
3414 2302 3680 2356 Ἰουδαίων

2115 2400 2261 2452 ἐστὶν
2292 2399 2321 2451 6
2354 2398 2504 2463 Θεὸς,
2529 2397 2662 2451 ἀλλά
2692 2397 2786 2451 καὶ
2814 2396 3002 2450 ἐθνῶν.
3031 2413 3048 2447 ι
3087 2394 3343 2463 Ἐπείπερ
3373 2388 3450 2456 εἷς
3473 2393 3502 2445 6
3525 2392 3675 2460 Θεὸς,

2114 2491 2172 2555 ὃς
2205 2490 2479 2544 δικαιώσει
2505 2488 2804 2561 περιτομὴν
2834 2490 2898 2540 ὲκ
2921 2489 3173 2550 πίστεως,
3197 2486 3290 2539 καὶ
3320 2484 3679 2557 ἀκροϐυστίαν

2113 2580 2199 2633 διὰ
2229 2580 2330 2649 τῆς
2381 2580 2632 2642 πίστεως.
2665 2578 2854 2631 »Ὅθεν
2885 2579 3011 2641 τοὺς
3058 2576 3201 2647 ἀμφὶ
3242 2575 3334 2629 τὸν
3383 2575 3680 2646 Κορνήλιον

2110 2671 2205 2724 τοῦ
2264 2671 2415 2740 ἁγίου
2470 2670 2784 2740 Πνεύματος
2836 2668 3166 2739 ἠξιωμένους
3214 2665 3606 2736 ἀποθαυμάσας
3650 2668 3680 2719 6

2112 2762 2333 2833 Πέτρος,
2375 2781 2392 2813 ι
2417 2763 2530 2815 Ἐπ’
2557 2761 2831 2833 ἀληθείας,
2865 2780 2884 2812 ι
2917 2763 3099 2832 φησὶν,
3129 2780 3147 2812 ι
3173 2755 3308 2821 οῖδα,
3332 2760 3412 2812 ὅτι
3436 2758 3537 2811 οὐκ
3561 2757 3676 2810 ἐστι

2111 2852 2579 2926 προσωπολήπτης
2603 2854 2630 2905 6
2667 2852 2817 2916 Θεὸς,
2852 2850 2965 2904 ἀλλ’
2999 2852 3056 2904 ὲν
3083 2850 3242 2904 παντὶ
3268 2850 3407 2903 έθνει
3427 2852 3455 2903 6
3483 2848 3676 2917 φοϐού-

2114 2962 2271 3016 μενος
2318 2944 2498 3008 αὐτὸν,
2529 2943 2889 3015 ἐργαζόμενος
2925 2942 3289 3013 δικαιοσύνην,
3316 2942 3502 3005 δεκτὸς
3530 2942 3675 3012 αὐτῷ

2108 3039 2244 3091 ἐστι.
2275 3056 2293 3088 ι
2323 3035 2432 3089 Καὶ
2475 3038 2504 3088 6
2543 3034 2754 3095 Παῦλος
2780 3033 2835 3087 δὲ
2869 3034 2927 3086 τὸ
2968 3033 3293 3102 Εὑαγγέλιον
3333 3033 3673 3104 δικαιοσύνης

2109 3126 2246 3184 εἷναί
2286 3146 2437 3200 φησι,
2468 3127 2638 3196 λέγων
2657 3144 2670 3157 ·
2696 3146 2714 3177 ι
2740 3126 2975 3197 Δύναμις
3000 3125 3108 3198 γὰρ
3129 3125 3262 3178 Θεοῦ
3292 3128 3435 3178 ἐστιν
3465 3127 3544 3189 είς
3571 3142 3673 3179 σω-

2108 3220 2302 3293 τηρίαν
2342 3218 2502 3273 παντὶ
2533 3217 2610 3288 τῷ
2641 3216 3217 3287 πιστεύοντι,Ἰουδαίῳ
3247 3234 3305 3270 τε
3339 3215 3551 3288 πρῶτον
3580 3217 3669 3270 καὶ

2110 3310 2360 3382 Ἕλληνι·
2394 3309 2701 3380 δικαιοσύνη
2731 3308 2838 3380 γὰρ
2876 3307 3009 3361 Θεοῦ
3040 3309 3097 3361 ὲν
3129 3306 3275 3378 αὐτῷ
3300 3307 3667 3361 ἀποκαλύπτε-

2108 3420 2215 3456 ται.
2249 3421 2269 3453 ›
2303 3402 2414 3454 Καὶ
2440 3403 2497 3455 ἐν
2535 3400 2781 3470 Ψαλμοῖς
2807 3399 2864 3452 δὲ
2894 3398 3106 3471 εἴρηται
3134 3399 3260 3471 περὶ
3284 3399 3378 3453 τοῦ
3413 3397 3663 3472 Χριστοῦ·

2113 3493 2423 3548 ιἈνατελεῖ
2463 3494 2521 3546 ὲν
2563 3495 2680 3556 ταῖς
2726 3492 2960 3563 ἡμέραις
3004 3492 3167 3545 αὐτοῦ
3200 3491 3533 3562 δικαιοσύνη,
3579 3491 3671 3544 καὶ

2108 3586 2309 3657 πλῆθος
2336 3587 2575 3656 εἰρήνης.
2606 3604 2625 3637 ι
2660 3586 2768 3637 Καὶ
2792 3586 2852 3636 τὸ
2880 3584 3037 3655 ἔργον
3067 3584 3122 3637 δὲ
3161 3583 3324 3637 αὑτοῦ
3358 3584 3432 3648 ὼς
3459 3582 3673 3655 ἀληθῶς

2106 3678 2240 3732 Θεοῦ
2263 3676 2606 3747 δικαιοσύνην
2631 3675 2945 3740 ἐνεδείξατο,
2967 3676 3029 3729 τὸ
3050 3677 3156 3729 πᾶν
3185 3676 3339 3745 γένος
3367 3668 3671 3746 ἀνθρώπων

2107 3770 2166 3835 ἐξ
2198 3771 2312 3823 ῐσου
2354 3769 2452 3839 τῆς
2494 3767 2641 3840 παρὰ
2670 3766 2748 3838 τῷ
2776 3766 2895 3837 Θεῷ
2927 3765 3358 3831 καταξιώσαντος
3402 3764 3665 3837 κλήσεως.

2120 3861 2276 3915 Ἀλλὰ
2299 3862 2358 3914 ού
2386 3860 2605 3915 τοιαῦτα
2628 3855 2696 3931 ἦν
2718 3858 2789 3912 τά
2810 3857 2897 3911 διὰ
2929 3858 3192 3924 Μωσέως,
3223 3857 3303 3910 ἑνὶ
3339 3857 3394 3910 δὲ
3420 3858 3565 3928 μόνῳ
3594 3855 3672 3926 τῷ

2119 3951 2380 4005 Ἰουδαίων
2422 3950 2561 4004 ἔθνει
2604 3949 2978 4021 δεδωρημένα·
3021 3948 3100 4001 διὸ
3146 3948 3237 4001 καὶ
3284 3946 3418 4017 πρὸς
3484 3946 3671 4015 καιρὸν

2106 4043 2339 4112 φανέντα
2385 4042 2772 4113 παρελήλυθεν.
2791 4042 2855 4094 Ἢ
2896 4040 2952 4094 δὲ
2994 4040 3081 4093 διὰ
3109 4039 3200 4092 τοῦ
3235 4038 3483 4109 Σωτῆρος
3513 4034 3670 4106 ήμῶν

2104 4131 2515 4204 κατηγγελμένη
2558 4131 2890 4202 δικαιοσύνη,
2930 4130 3253 4201 διαμένουσα
3298 4130 3375 4190 είς
3406 4127 3467 4183 τὸ
3496 4126 3681 4193 διηνει

2104 4224 2215 4287 κὲςν
2247 4223 2471 4287 εἰκότως
2499 4223 2713 4286 αἰώνιος
2740 4222 3183 4294 προσηγόρευται.
3203 4215 3533 4285 δικαιοσύνη,
3568 4230 3666 4266 κα-

2101 4313 2169 4367 τά
2200 4314 2292 4366 τὸν
2317 4311 2553 4385 Γαϐριὴλ
2590 4314 2855 4383 φήσαντα·
2893 4329 2910 4362 ι
2938 4310 3048 4363 Καὶ
3078 4309 3170 4367 τοῦ
3198 4308 3423 4376 ἀγαγεῖν
3466 4305 3664 4357 δικαιο-

2104 4403 2267 4476 σύνην
2296 4402 2527 4457 αἰώνιον·
2562 4422 2581 4455 ι
2605 4403 2726 4455 ἀντὶ
2750 4402 2827 4465 δὲ,
2859 4420 2877 4452 ι
2903 4402 3011 4457 Καὶ
3037 4399 3130 4452 τοῦ
3156 4399 3452 4467 σφραγῖσαι
3479 4398 3666 4467 ὅρασιν

2103 4496 2196 4549 καὶ
2222 4497 2520 4567 προφήτην,
2554 4513 2573 4545 ι
2602 4492 2930 4565 κυριώτερόν
2978 4508 3067 4562 μοι
3094 4490 3237 4542 δοκεῖ
3262 4488 3613 4558 πεποιηκέναι
3639 4490 3668 4540 6

2111 4586 2357 4650 Ἀκύλας,
2394 4584 2579 4639 εἰπών·
2622 4603 2640 4634 ι
2670 4586 2778 4637 Καὶ
2813 4582 2905 4635 τοῦ
2931 4581 3139 4635 τελέσαι
3171 4578 3543 4651 δραματισμὺν
3576 4575 3668 4629 καὶ

2101 4676 2405 4747 προφήτην.
2440 4693 2458 4724 ι
2491 4673 2565 4726 Ού
2593 4671 2699 4744 γὰρ
2720 4670 3056 4735 ἀποκλεῖσαι,
3089 4670 3182 4723 καὶ
3214 4668 3401 4739 ῶσπερ
3433 4667 3666 4737 σφραγί-

2103 4785 2189 4821 σαι
2239 4767 2336 4829 τάς
2378 4765 2722 4837 προφητικάς
2749 4764 2967 4837 ὁράσεις
3002 4762 3391 4832 ὲπιδεδήμηκεν
3416 4761 3444 4813 6
3476 4759 3668 4832 Σωτὴρ

2102 4860 2196 4912 καὶ¹
2222 4856 2424 4930 Κύριος
2451 4856 2628 4928 ἡμῶν,
2653 4858 2711 4921 ὃς
2738 4874 2801 4925 γε
2827 4857 2921 4909 καὶ
2949 4855 3114 4909 πάλαι
3136 4853 3298 4917 οὔσας
3318 4854 3545 4919 ἀσαφεῖς
3574 4852 3666 4905 καὶ

2103 4948 2645 5019 κατεσφραγισμέναζ
2674 4987 2687 5012 ,
2744 4946 2931 5016 ὥσπερ
2988 4945 3336 5016 ἐπικειμένας
3401 4942 3663 5014 περιελὼν

2099 5041 2417 5112 σφραγῖδας,
2457 5038 2655 5111 ἀνέῳξέ
2707 5057 2764 5092 τε
2813 5041 2904 5092 καὶ
2953 5038 3258 5109 ἀνήπλωσε,
3311 5037 3421 5099 τοῖς
3471 5033 3663 5087 ἑαυτοῦ

2101 5129 2364 5201 μαθηταῖς
2388 5130 2477 5183 τὸν
2501 5129 2621 5183 νοῦν
2645 5128 2751 5182 τῶν
2778 5129 2935 5182 θείων
2956 5127 3277 5200 παραδιδοὺς
3298 5125 3660 5197 γραμμάτων.

2099 5223 2284 5289 Ὅθεν,
2321 5242 2339 5273 ι
2364 5223 2517 5287 Ἰδοὺ,
2545 5242 2562 5273 ι
2602 5224 2784 5293 φησιν,
2808 5242 2825 5273 ι
2856 5223 3102 5293 ἐνίκησεν
3128 5224 3156 5274 6
3184 5221 3317 5273 λέων
3346 5221 3374 5272 6
3402 5221 3465 5271 ἐκ
3494 5216 3665 5286 φυλῆς

2108 5313 2296 5368 Ἰούδα·
2324 5332 2343 5367 ι
2376 5315 2471 5367 καὶ
2510 5314 2669 5377 αὐτὸς
2690 5313 2863 5384 ήνοιξε
2884 5313 2981 5376 τὰς
3014 5312 3309 5385 σφραγῖδας
3340 5309 3437 5373 τὰς
3460 5311 3666 5360 ἐπικει-

2104 5406 2265 5476 μένας
2292 5406 2367 5477 τῷ
2397 5404 2605 5477 βιϐλίῳ,
2656 5406 2793 5459 κατά
2817 5406 2916 5478 τὴν
2974 5402 3331 5472 Ἀποκάλυψιν
3393 5398 3660 5453 Ἰωάννου.

2100 5498 2264 5562 Ποίας
2292 5498 2348 5551 δὲ
2380 5499 2676 5570 σφραγῖδας
2713 5499 2747 5568 ἢ
2778 5498 2884 5552 τῶν
2918 5496 3206 5569 προφητῶν
3237 5494 3336 5556 τὰς
3360 5488 3662 5558 ἀσαφείαςῑ

2732 5702 2771 5733 τι
2817 5698 2971 5754 Rom.
3014 5715 3108 5762 Ill,
3141 5695 3341 5759 929,30.
3447 5694 3492 5725 τ’
3534 5691 3665 5749 Act.
