4098 6456
442 420 544 476 607
1111 420 1377 476 EUSEBII
1417 418 1897 476 CAESARIENSIS
1935 416 2086 473 OPP.
2130 414 2310 470 PARS
2349 414 2411 473 li.
2454 446 2526 459 —
2554 413 3050 471 APOLOGETICA.
3588 415 3692 471 603

442 538 536 608 qui
571 539 771 610 pepulo
807 547 1096 609 praeerant,
1119 537 1444 609 jampridem
1481 538 1656 593 honor
1679 538 1880 593 dilatus
1905 537 2015 592 fue-

2136 534 2402 599 Ἰουδαίοις
2439 534 2700 607 ἀρχιερέα
2731 534 2883 602 ἁγιον
2912 533 3082 602 ἀγίων
3113 532 3518 603 ὠνομασμένον,
3542 535 3699 605 ἡγοῦ-

445 637 555 697 rat,
583 628 774 684 ordine
804 628 1065 699 deinceps
1119 644 1322 692 sermo,
1350 629 1442 683 ubi
1479 630 1756 684 interitum
1780 628 2020 685 Judaicm

2136 645 2223 697 μαι
2259 629 2315 680 ὲν
2349 627 2560 689 τούτοις
2594 627 2752 698 μόνον
2780 624 2942 679 αὐτὸν
2990 624 3083 678 τὸν
3131 625 3389 696 μονογενῆ
3436 625 3531 679 τοῦ
3562 625 3698 681 Θεοῦ

450 720 628 790 gentis
651 719 849 773 ducum
900 729 947 773 et
997 719 1304 788 principum
1359 721 1462 777 sub
1495 721 1670 790 ipsum
1698 719 1899 776 Christi
1926 719 2021 772 ad-

451 821 694 874 ventum,
735 826 833 881 per
853 795 970 864 eam
999 826 1120 881 qua!
1150 812 1303 881 prius
1342 811 1617 865 citabatur
1653 810 2020 880 prophetiam,

451 904 722 976 praedixit,
753 919 849 972 per
900 918 1019 957 eam
1060 918 1182 973 qua:
1226 919 1371 957 nunc
1418 903 1470 956 in
1525 903 1777 957 manibus
1828 912 1931 966 est,
1967 910 2021 955 et

442 998 835 1070 prophetarum
895 1004 949 1049 et
996 996 1368 1059 sacerdotum,
1400 996 1492 1066 qui
1541 995 1671 1048 olim
1723 996 1864 1065 apud
1898 996 2022 1050 illos

442 1090 729 1151 ﬂorebant,
772 1087 1061 1142 defectum
1104 1088 1266 1158 plane
1323 1087 1615 1158 signiﬁcat,
1660 1088 1916 1158 tanquam
1965 1088 2019 1142 hi

444 1198 664 1254 quoque
690 1181 782 1235 ubi
814 1180 1072 1235 Christus
1121 1180 1436 1234 advenisset
1486 1179 1757 1234 defecturi
1815 1189 2018 1242 essent.

445 1275 590 1344 quod
620 1274 837 1345 quidem
854 1272 1199 1336 vaticinium,
1231 1270 1533 1325 SalvatOris
1561 1272 1736 1326 nostri
1759 1272 2023 1328 adventus

445 1383 503 1424 re
556 1367 674 1437 ipsa
722 1364 1120 1434 comprobavit.
1158 1362 1296 1428 Quia
1341 1379 1469 1419 vero
1495 1364 1714 1433 Aquila,
1755 1382 1773 1414 ι
1805 1363 1888 1419 Ad
1915 1380 2019 1418 un-

445 1459 682 1529 gendum
709 1455 1124 1511 Sanctiﬁcatum
1157 1453 1649 1516 sanctiﬁcatorum,
1696 1475 1713 1507 ι
1753 1455 2023 1524 interpre-

443 1559 593 1607 tatus
619 1558 722 1614 est,
749 1566 812 1604 ex
838 1564 904 1604 eo
929 1548 1128 1617 aliquis
1151 1548 1518 1617 suspicabitur
1546 1557 1777 1603 veterem
1807 1546 2024 1602 Iudaeo-

448 1659 569 1698 rum
593 1642 908 1713 pontiﬁcem
942 1642 1220 1712 designari
1255 1659 1268 1695 :
1301 1642 1502 1711 quippe.
1552 1655 1678 1694 cum
1715 1640 1869 1694 multi
1895 1641 2022 1710 qui-

447 1736 570 1791 dem
608 1736 701 1789 illo
734 1735 854 1804 ipso
888 1734 1175 1789 inferiores
1210 1733 1528 1788 sacerdotes
1560 1733 1738 1787 sancti
1783 1734 2024 1803 appella-

445 1834 661 1889 rentur,
692 1827 846 1881 solus
887 1834 1067 1879 autem
1110 1823 1378 1894 pontifex,
1411 1823 1503 1894 qui
1535 1839 1727 1879 omnes
1758 1823 2023 1896 dignitate

447 1917 711 1981 anteibat,
738 1914 973 1970 Sanctus
1002 1922 1336 1970 sanctorum.
1376 1913 1654 1984 Siquidem
1706 1914 1808 1970 hoc
1850 1915 1933 1969 vel
1959 1930 2025 1969 eo

449 2022 615 2062 sensu
644 2015 924 2076 acceptmn
957 2003 1100 2075 quod
1135 2005 1432 2074 unicuique
1472 2004 1526 2058 in
1550 2012 1802 2074 promptu
1828 2005 2027 2067 sit,ve~

450 2114 572 2153 rum
602 2105 708 2153 est.
742 2096 876 2150 Nam
909 2112 1082 2166 usque
1114 2095 1182 2150 ad
1212 2105 1456 2167 tempora
1493 2094 1797 2150 Salvatoris
1829 2095 2023 2158 nostri,

447 2191 541 2262 qui
565 2206 595 2243 a
627 2189 801 2259 prima
828 2188 1039 2258 origine
1064 2202 1163 2258 per
1188 2188 1597 2243 successionem
1625 2192 1780 2241 erant
1805 2186 2026 2255 pontiﬁ-

446 2297 561 2345 ces,
596 2280 759 2335 iidem
819 2281 982 2335 etiam
1034 2279 1134 2335 toti
1185 2279 1390 2350 pepulo
1445 2287 1732 2347 prmerant.
1767 2278 1936 2349 388
1973 2286 2028 2333 et

446 2386 567 2442 quae
598 2370 665 2424 ad
703 2370 910 2424 cultum
939 2368 1034 2423 Dei
1067 2368 1362 2438 pertinent,
1394 2367 1562 2421 ritum
1608 2367 1758 2420 illum
1808 2374 2030 2421 sectan-

447 2474 553 2528 tes,
582 2462 676 2533 qui
711 2462 764 2516 in
791 2462 909 2531 lege
941 2460 1108 2514 Mosis
1130 2460 1380 2514 sancitus
1411 2458 1609 2523 fuerat,
1642 2457 1859 2513 abunde
1891 2458 2027 2513 satis

447 2557 934 2612 administrabant.
972 2553 1048 2607 Ex
1084 2569 1193 2625 quo
1224 2561 1405 2609 autem
1435 2551 1689 2607 Salvator
1716 2559 1903 2607 noster
1933 2552 2031 2605 ad-

446 2650 617 2712 venit,
647 2649 884 2719 primum
918 2646 1135 2716 quidem
1185 2661 1374 2701 eorum
1406 2661 1626 2716 quoque
1670 2645 1806 2699 ordo
1836 2644 2029 2699 confu-

450 2757 547 2796 sus
575 2747 661 2796 est
686 2759 700 2795 :
730 2755 837 2795 non
875 2739 1047 2792 multo
1080 2745 1261 2792 autem
1298 2743 1444 2807 post,
1481 2738 1642 2791 etiam
1684 2737 1899 2807 penitus
1932 2751 2029 2791 ex-

449 2832 710 2888 stinctus.
743 2829 1039 2894 Caeterum,
1088 2843 1211 2883 cum
1262 2844 1364 2899 ego
1407 2828 1626 2898 quidem
1675 2842 1945 2897 nuSquam
1974 2827 2029 2881 in

451 2924 630 2979 sacris
688 2922 888 2977 litteris
936 2920 1276 2986 invenerim,
1327 2918 1639 2975 Judaeorum
1719 2920 2028 2991 pontiﬁcem

452 3014 717 3070 Sanctum
753 3023 1071 3067 sanctorum
1118 3011 1412 3076 nominari,
1437 3012 1676 3065 arbitror
1721 3011 1775 3065 in
1806 3011 2030 3065 unicum

451 3108 719 3162 duntaxat
743 3104 839 3158 Dei
881 3103 1078 3157 Filium
1111 3102 1346 3159 Verbum
1378 3111 1434 3158 et
1476 3102 1694 3175 preprie
1726 3103 2027 3172 designari,

2122 719 2293 787 Λόγον
2318 718 2630 789 δηλοῦσθαι,
2658 718 2864 789 κυρίως
2891 734 2948 769 τε
2970 717 3065 771 καὶ
3086 716 3301 788 ἀληθῶς
3328 717 3531 789 ταύτης
3551 717 3699 786 ἄξιον

2121 812 2219 882 τῆς
2245 810 2576 881 ἐπωνυμίας.
2616 809 2747 873 Τοῖς
2776 811 2871 880 μὲν
2892 809 3001 881 γάρ
3022 808 3080 876 ἑξ
3109 808 3409 881 ἀνθρώπων
3438 827 3701 881 προκεκο-

2123 902 2269 971 ιρόσι,
2301 902 2395 955 καὶ
2425 904 2503 965 εἰς
2539 901 2602 955 τὸ
2632 901 2851 971 ἐφικτὸν
2880 902 3080 973 ἀρετῆς
3126 904 3459 974 χωρήσασιν,
3487 904 3702 976 ἀγαπη-

2121 994 2212 1047 τὸν
2243 993 2417 1062 ἁγίοις
2448 993 2577 1046 ποτὲ
2604 994 2957 1065 χρηματίσαι,
2985 992 3120 1064 μετὰ
3145 996 3375 1065 μετοχὴν
3393 995 3487 1048 καὶ
3511 1011 3700 1065 μετου-

2125 1085 2244 1138 σίαν
2272 1084 2365 1137 τοῦ
2397 1086 2682 1156 φήσαντος
2706 1086 2915 1153 «Ἅγιοι
2948 1083 3157 1148 ἔσεσθε,
3180 1085 3260 1137 ὅτι
3289 1086 3441 1154 ἆγιος
3464 1083 3573 1154 ἑγὼ
3596 1085 3703 1139 Κύ-

2127 1193 2259 1248 ριος.
2293 1197 2310 1227 ι
2331 1176 2523 1245 Ἀγίων
2566 1177 2623 1230 δὲ
2664 1177 2815 1245 ἀγιος
2859 1177 2943 1240 τίς
2991 1176 3056 1230 ἂν
3086 1176 3285 1249 κυρίως
3312 1179 3368 1229 ἑν
3398 1177 3703 1248 ἀνθρώποις

2124 1267 2469 1338 όνομασθείη,
2499 1268 2531 1339 ἢ
2579 1268 2738 1339 μόνος
2781 1270 2810 1321 6
2849 1268 3203 1339 ἠγαπημένος
3232 1268 3326 1321 τοῦ
3358 1268 3513 1337 ἁγίου
3545 1269 3700 1334 Παῖς,

2123 1358 2311 1431 ὥσπερ
2348 1358 2601 1429 βασιλεὺς
2633 1359 2918 1430 βασιλέων,
2949 1362 3042 1416 καὶ
3086 1360 3286 1433 κυρίων
3313 1359 3537 1431 Κύριος,
3563 1358 3704 1413 οὕτω

2126 1452 2218 1504 καὶ
2249 1451 2417 1518 ἁγίων
2448 1450 2599 1520 ἅγιος
2628 1452 3123 1522 ἀναγορευόμενος;
3176 1452 3320 1522 μόνῳ
3361 1450 3491 1520 γοῦν
3535 1452 3703 1523 αὐτῷ,

2126 1545 2221 1597 ἅτε
2252 1543 2615 1615 διαφερόντως
2646 1543 2795 1615 παρὰ
2836 1544 2964 1607 τοὺς
3020 1542 3236 1597 πώποτε
3270 1544 3509 1607 Μωσέως
3542 1542 3706 1614 ἐλαίῳ

2126 1634 2314 1704 γεώδει
2337 1635 2432 1688 καὶ
2461 1635 2742 1705 σκευαστῷ
2761 1635 3170 1705 κεχρισμένους,
3194 1636 3394 1706 είρητο·
3420 1653 3438 1685 ι
3463 1634 3707 1706 Ἠγάῖῖη-

2128 1746 2225 1792 σας
2253 1727 2621 1799 δικαιοσύνην,
2653 1728 2747 1781 καὶ
2796 1728 3064 1798 ἐμίσησας
3114 1727 3342 1798 ἀνομίαν
3366 1742 3379 1756 ·
3420 1725 3510 1780 διά
3548 1726 3705 1782 τοῦτο

2126 1820 2308 1893 ἐχρισέ
2340 1838 2397 1874 σε
2429 1824 2457 1876 6
2484 1820 2636 1885 Θεὸς,
2655 1823 2683 1876 6
2701 1820 2833 1884 Θεός
2863 1837 2977 1883 σου,
2998 1819 3173 1874 ἑλαιον
3203 1819 3573 1889 ἀγαλλιάσεως
3600 1837 3706 1874 πα·-

2132 1913 2202 1984 ρά
2229 1915 2354 1977 τοὺς
2385 1913 2643 1985 μετόχους
2677 1931 2771 1968 σου
2796 1930 2809 1945 ·
2835 1932 2855 1965 ι
2889 1905 2933 1982 ᾧ
2964 1912 3227 1984 χρισθεὶς,
3259 1912 3319 1977 ἑξ
3365 1904 3495 1966 ἰδίου
3540 1928 3706 1985 προσ-

2127 2004 2277 2058 ὡπου
2322 2007 2416 2059 κα)⁵
2441 2006 2603 2070 αύτός
2642 2024 2804 2077 φησιν
2838 2006 2897 2060 ἑν
2932 2006 3130 2076 Ἡσαΐᾳ
3152 2022 3165 2037 ο
3205 2023 3224 2056 ι
3251 2005 3475 2075 Πνεῦμα
3502 2004 3706 2077 Κυρίου

2127 2098 2213 2149 ἐπ’
2241 2096 2362 2167 ἐμὲ,
2385 2089 2446 2150 οὗ
2486 2097 2691 2151 εἵνεκεν
2722 2097 2904 2169 ἑχρισέ
2944 2114 3032 2169 με.
3062 2116 3080 2150 ι
3102 2098 3253 2150 Ἐπεὶ
3284 2092 3377 2151 οὖν
3400 2097 3707 2169 διαφέροντι

2128 2188 2221 2242 καὶ
2256 2188 2625 2259 πνευματικῷ,
2662 2189 2859 2259 μᾶλλον
2891 2189 2948 2242 δὲ
2978 2187 3229 2260 θεότητος
3255 2189 3518 2261 χρίσματι
3551 2188 3711 2258 μόνος

2130 2280 2283 2351 παρὰ
2313 2282 2439 2345 τοὺς
2474 2280 2692 2335 πώποτε
2722 2285 2750 2336 6
2776 2282 3043 2353 ἡμέτερος
3067 2281 3256 2353 Σωτὴρ
3300 2280 3585 2353 κεκρίσθαι
3616 2297 3713 2352 με-

2133 2372 2498 2445 μαρτύρηται,
2526 2374 2752 2438 είκότως
2787 2393 2805 2425 ι
2833 2373 2987 2443 ἅγιος
3031 2372 3220 2442 ἁγίων,
3249 2393 3267 2425 ι
3298 2374 3373 2437 ὡς
3419 2373 3482 2428 ἄν
3521 2390 3605 2437 τις
3632 2373 3710 2427 εί-

2130 2480 2242 2526 ποι,
2282 2483 2300 2515 ι
2324 2465 2619 2537 ἀρχιερεὺς
2645 2466 2944 2537 ἀρχιερέων
2973 2484 2991 2517 ι
3025 2465 3355 2537 ὠνόμασται,
3391 2467 3483 2519 καὶ
3518 2484 3537 2517 ι
3566 2467 3715 2537 ἡγια-

2133 2555 2331 2627 σμένος
2383 2557 2751 2629 ἡγιασμένων,
2786 2578 2804 2610 ι
2841 2556 2982 2612 κατὰ
3030 2558 3122 2612 τὸν
3174 2558 3268 2611 τοῦ
3312 2558 3553 2631 Γαϐριὴλ
3582 2577 3714 2632 χρη-

2134 2647 2285 2716 σμόν.
2316 2647 2501 2702 Ταῦτα
2535 2648 2590 2701 δὲ
2624 2649 2822 2713 πάντα,
2850 2650 3370 2721 συμπεραιουμένων
3415 2650 3523 2704 τῶν
3565 2651 3714 2706 ἑϐδο-

2136 2739 2380 2809 μήκοντα
2424 2739 2752 2810 ἑϐδομάδων,
2785 2740 2939 2804 τέλος
2983 2740 3283 2813 ἑλάμϐανεν
3324 2742 3424 2795 οὐκ
3469 2741 3712 2817 ἄλλοτεῆ

2133 2831 2225 2884 ἐπὶ
2261 2831 2372 2884 τῶν
2400 2833 2606 2904 χρόνων
2632 2833 2733 2905 τῆς
2772 2832 2867 2886 τοῦ
2902 2831 3152 2904 Σωτῆρος
3193 2833 3347 2904 ἡμῶν
3377 2836 3713 2902 ἐπιφανείας.

2146 2922 2365 2994 Ἐπειδὴ
2413 2923 2591 2977 τοίνυν
2638 2923 2791 2977 ταῦθ’
2823 2922 2997 2987 οὕτως
3047 2923 3267 2978 ἔσεσθαι
3300 2927 3328 2978 6
3354 2924 3718 2998 προδηλωθεὶς

2135 3014 2364 3083 ἄγγελος
2417 3015 2806 3084 κεφαλαιωδῶς
2851 3016 3103 3081 ἐθέσπιζε
3146 3016 3225 3088 τῷ
3259 3019 3535 3092 προφήτῃ,
3567 3015 3719 3085 αὖθις

2136 3108 2578 3180 ἑπαναλαμϐἀνει
2604 3110 2699 3163 τὸν
2732 3112 2857 3182 περὶ
2881 3109 2989 3162 τῶν
3018 3108 3383 3180 ἑϐδομήκοντα
3414 3109 3718 3181 ἑϐδομάδων

452 3207 506 3256 et
518 3214 644 3254 vere
660 3198 881 3267 dignum
903 3197 995 3250 tali
1014 3196 1376 3266 appellatione
1391 3195 1671 3251 constitui.
1693 3195 1761 3251 lis
1775 3196 1920 3250 enim
1936 3196 2027 3266 qui

2136 3198 2311 3267 λόγον,
2342 3200 2609 3255 διδάσκων
2658 3201 2800 3255 κατὰ
2859 3200 3023 3273 μέρος
3067 3200 3272 3253 ἕκαστα
3306 3201 3566 3270 ἀκριϐῶς,
3598 3201 3715 3254 ὅθεν

452 3307 520 3346 ex
540 3289 854 3344 hominibus
884 3289 1114 3358 profecti
1155 3289 1286 3351 sint.
1322 3298 1375 3344 et
1402 3289 1467 3343 ad
1497 3304 1620 3343 eum
1650 3289 1872 3345 virtutis
1903 3304 2026 3360 gra-

455 3383 583 3436 dum
618 3380 988 3451 pervenerint,
1019 3395 1179 3450 quem
1210 3387 1405 3433 natura
1429 3379 1678 3434 mortalis
1711 3381 2029 3450 contingere

454 3477 656 3542 potest,
686 3469 820 3523 satis
851 3483 1124 3539 Superque
1157 3465 1342 3532 fuerit,
1376 3468 1421 3522 si
1453 3460 1774 3537 quando'in
1816 3474 2027 3537 partem

455 3570 510 3616 et
533 3561 1086 3617 communicationem
1137 3561 1429 3631 quamdam
1477 3560 1742 3629 assumpti
1785 3560 1905 3630 ejus
1936 3558 2029 3630 qui

457 3654 616 3719 dixit,
650 3670 673 3729 ε
705 3651 893 3708 Sancti
929 3651 1108 3715 eritis,
1142 3651 1402 3722 quoniam
1438 3661 1666 3707 sanctus
1716 3666 1816 3722 ego
1849 3650 2034 3706 Domi-

456 3762 563 3802 nus
593 3745 662 3810 ⁷⁸,
702 3764 720 3797 ι
758 3745 931 3800 sancti
964 3745 1327 3815 appellentur.
1351 3743 1587 3799 Sanctus
1615 3753 1795 3797 autem
1820 3751 2034 3799 sancto-

455 3853 601 3901 rum,
627 3837 750 3907 quis
779 3835 997 3890 taudem
1050 3836 1122 3890 sit
1168 3835 1311 3905 apud
1345 3834 1597 3889 homines
1643 3835 2030 3900 nominandus,

457 3940 656 4002 praeter
692 3946 856 3984 unum
899 3930 1076 3983 sancti
1106 3929 1362 3984 dilectum
1399 3927 1657 3991 Puerum,
1685 3928 1778 3998 qui
1829 3935 1888 3982 ut
1920 3927 2036 3984 ltex

459 4038 670 4091 regum,
710 4028 763 4076 et
793 4020 1139 4076 dominorum
1194 4018 1478 4083 Dominus,
1510 4018 1584 4071 ita
1614 4018 1779 4072 etiam
1814 4029 2034 4074 sancto-

459 4130 580 4169 rum
612 4113 846 4168 Sauctus
877 4122 961 4168 est
1001 4111 1350 4182 appellatus?
1396 4111 1488 4164 uni
1522 4110 1689 4180 igitur
1734 4113 1803 4177 ei,
1853 4121 2038 4184 utpote

459 4207 552 4277 qui
589 4204 954 4276 praestantiori
1009 4202 1244 4274 quodam
1290 4202 1452 4256 modo
1491 4203 1565 4256 sit
1614 4210 1833 4269 unctus,
1875 4222 2036 4273 quam

461 4309 653 4349 omnes
698 4295 790 4363 qui
846 4309 1086 4363 unquam
1138 4301 1358 4347 terreno
1403 4293 1497 4346 illo
1548 4305 1712 4366 atque
1760 4296 2040 4351 elaborato

466 4383 632 4439 Mosis
680 4386 800 4439 oleo
859 4384 1007 4438 uncti
1052 4383 1276 4448 fuerint,
1310 4383 1513 4439 dictum
1559 4396 1645 4442 est
1680 4388 1812 4443 illud
1846 4408 1858 4443 :
1894 4409 1911 4440 ι
1948 4388 2042 4443 Βί-

466 4475 652 4531 lexisti
684 4475 981 4546 justitiam,
1015 4484 1068 4530 et
1114 4476 1277 4531 odisti
1330 4477 1673 4548 iniquitatem
1708 4498 1720 4535 :
1753 4488 2040 4551 propterea

2135 3292 2484 3365 ἀπάρχεσθαι
2513 3293 2593 3346 δεῖ
2629 3292 2733 3364 τῆς
2765 3292 2872 3346 τῶν
2906 3291 3111 3363 χρόνων
3151 3290 3589 3364 ἀπαριθμήσεως,
3622 3291 3713 3344 καὶ

2133 3386 2253 3438 τίνα
2293 3385 2435 3439 κατὰ
2485 3387 2611 3449 τοὺς
2658 3386 3018 3459 δηλουμένους
3062 3386 3286 3458 καιροὺς
3327 3386 3711 3461 ἀπαντήσεται.

2135 3479 2296 3548 Λέγει
2323 3479 2366 3532 δ’
2392 3475 2515 3533 οὖν’
2557 3498 2575 3530 ι
2606 3480 2715 3533 Καὶ
2748 3478 2951 3553 γνώσῃ,
2988 3481 3081 3535 καὶ
3118 3483 3371 3552 συνήσεις
3406 3483 3515 3535 ἀπὸ
3540 3480 3715 3547 ἐξόδου

2137 3570 2318 3640 λόγου,
2338 3571 2433 3625 τοῦ
2461 3571 2847 3644 ἀποκριθῆναι,
2864 3573 3065 3626 καὶτοῦ
3091 3575 3438 3647 οἰκοδομῆσαι
3467 3576 3722 3647 ’ῐερουσαο

2137 3662 2251 3734 λήμ
2266 3679 2279 3693 ο
2329 3662 2620 3733 ἑϐδομάδες
2657 3663 2797 3717 ἑπτὰ
2818 3665 2911 3717 καὶ
2932 3664 3222 3736 ἑϐδομάδες
3241 3666 3611 3739 ἑξηκονταδύο,
3630 3666 3722 3721 καὶ

2139 3753 2475 3825 ἐπιστρέψει,
2492 3755 2585 3808 καὶ
2611 3755 3090 3828 οἰκοδομηθήσεται
3104 3757 3331 3812 πλατεῖα
3349 3759 3443 3812 καὶ
3469 3762 3666 3830 τεῖχος.
3697 3777 3718 3810 ι

2154 3846 2240 3898 Ἐν
2291 3842 2373 3910 οἷς
2421 3846 2568 3900 δοκεῖ
2621 3864 2712 3918 μοι
2766 3848 2943 3911 καλῶς
2987 3848 3129 3919 ἔχειν
3186 3851 3279 3904 καὶ
3323 3849 3418 3921 τὴν
3468 3851 3560 3904 τοῦ
3616 3846 3725 3921 πρὸ

2140 3937 2299 4008 ἡμῶν
2333 3941 2413 4002 είς
2464 3940 2590 4003 τοὺς
2641 3941 2837 4004 τόπους
2883 3941 3112 4011 θεωρίαν
3166 3942 3242 4014 μὴ
3285 3941 3721 4014 ἀποκρύψασθαι,

2145 4030 2465 4100 παραθεῖναι
2505 4029 2562 4083 δὲ
2612 4032 2704 4085 καὶ
2754 4030 2956 4103 ταύτην
3005 4033 3079 4096 ὼς
3125 4033 3331 4087 οἰκείαν
3378 4036 3489 4096 τοῖς
3545 4033 3724 4083 ἐντευ-

2146 4119 2408 4191 ξομένοις.
2465 4122 2635 4176 Κοινὰ
2699 4123 2871 4192 γοῦν,
2928 4124 3106 4186 καλῶς
3166 4123 3417 4195 εἴρηται,
3491 4120 3560 4173 τὰ
3614 4117 3720 4171 τῶν

2146 4212 2314 4281 φίλων
2340 4231 2353 4243 ο
2389 4213 2482 4268 καὶ
2517 4214 2702 4286 ἐπειδὴ
2729 4215 2996 4285 προσήκει
3031 4213 3364 4285 συγχρῆσθαι
3399 4211 3499 4281 μὲν
3520 4211 3721 4277 εὐγνω-

2151 4305 2445 4376 μονοῧντας
2516 4307 2631 4370 τοῖς
2708 4305 2889 4370 καλῶς
2951 4306 3040 4375 ὑφ’
3099 4305 3298 4375 ἑτέρων
3373 4300 3731 4377 είρημένοις..

2151 4396 2225 4467 μὴ
2286 4395 2389 4466 μὴν
2447 4396 2767 4467 ἀποστερεῖν
2825 4397 2951 4460 τοὺς
3006 4394 3247 4465 πατέρας
3302 4391 3409 4445 τῶν
3463 4392 3717 4461 ἐγγόνων,

2153 4485 2287 4556 μηδὲ
2319 4486 2442 4549 τοὺς
2479 4486 2727 4557 πρώτους
2761 4484 3126 4555 φυτεύσαντας
3158 4482 3265 4536 τῶν
3309 4482 3523 4537 οἰκείων
3557 4497 3723 4553 σπερ-

471 4568 629 4622 unxit
675 4575 729 4622 te
786 4566 929 4622 Deus
983 4566 1126 4624 Deus
1160 4581 1285 4624 tuus
1324 4570 1444 4624 oleo
1501 4573 1886 4645 exsultationis
1930 4588 2033 4643 prae

2154 4575 2338 4646 μάτων
2366 4616 2380 4641 ,
2432 4576 2530 4640 τὰς
2577 4576 2740 4629 αὑτοῦ
2794 4577 3177 4648 παραθήσομαι
3237 4575 3429 4642 λέξεις.
3468 4573 3733 4645 Φέρονται

470 4660 829 4731 participibus
858 4658 966 4714 tuis
994 4660 1061 4715 ⁷⁸.
1094 4679 1111 4713 ι
1152 4660 1271 4727 Quo
1291 4661 1510 4730 quidem
1560 4664 1680 4718 oleo
1725 4674 1924 4719 unctus
1977 4680 2033 4719 ex

2148 4666 2205 4720 δὲ
2260 4662 2420 4722 αὗται
2483 4668 2810 4740 Ἀφρικανοῦ
2856 4670 2913 4722 ἐν
2964 4668 3041 4739 τῷ
3070 4668 3303 4740 πέμπτῳ
3341 4666 3451 4721 τῶν
3499 4670 3722 4736 Χρονο-

468 4752 691 4824 propria
738 4766 969 4822 persona
1017 4752 1158 4822 apud
1204 4751 1400 4807 isaiam
1451 4752 1568 4824 ipse
1597 4753 1713 4808 ait:
1746 4773 1764 4805 ι
1804 4752 2044 4825 Spiritus

470 4843 686 4897 Domini
737 4858 902 4914 super
944 4859 1049 4910 me,
1114 4851 1336 4914 propter
1385 4846 1527 4915 quod
1578 4847 1734 4900 unxit
1782 4861 1868 4899 me
1895 4847 1960 4900 ⁸ο.
2020 4864 2037 4897 ι

470 4934 737 5001 Quoniam
770 4934 936 5004 igitur
983 4934 1272 4990 excellenti
1323 4943 1377 4989 et
1428 4936 1700 5006 spirituali
1746 4951 1811 4989 ac
1861 4935 2044 5006 potius

472 5028 646 5098 ipsius
674 5025 984 5082 divinitatis
1018 5035 1298 5098 unguento
1364 5029 1516 5085 solus
1578 5036 1774 5099 praeter
1828 5042 2042 5093 omnes,

471 5120 566 5188 qui
595 5133 834 5188 unquam
872 5117 1094 5181 fuerint,
1133 5116 1382 5174 Salvator
1439 5129 1629 5175 noster
1687 5126 1888 5173 unctus
1921 5134 2045 5175 esse

474 5209 811 5281 perhibetur,
848 5210 1043 5263 merito
1076 5209 1312 5266 Sanctus
1339 5220 1677 5275 sanctorum,
1702 5218 1963 5280 tanquam
1999 5212 2045 5267 si

474 5300 770 5368 diceretur,
799 5300 1051 5357 Pontifex
1090 5303 1429 5373 pontiﬁcum,
1474 5311 1558 5358 est
1589 5302 1926 5365 nominatus,
1953 5310 2048 5357 aut

475 5392 637 5445 etiam
674 5390 1061 5447 Sanctiﬁcatus
1107 5393 1593 5456 sanetiﬁcatorum,
1630 5399 1688 5445 ut
1718 5399 1804 5447 est
1850 5393 1904 5446 in
1936 5391 2047 5448 Ga-

475 5482 662 5539 brielis
696 5485 938 5540 oraculo.
988 5484 1114 5540 Haec
1172 5501 1336 5557 porro
1383 5485 1566 5540 omnia
1617 5484 1902 5555 completis
1952 5485 2043 5542 he-

476 5574 841 5631 bdomadibus
893 5578 1257 5649 septuaginta,
1310 5579 1468 5632 tinem
1528 5593 1687 5633 suum
1744 5580 2042 5651 contigere,

479 5679 587 5718 non
613 5665 749 5721 alias
781 5682 914 5724 sane
942 5684 1104 5739 quam
1138 5686 1246 5741 quo
1277 5677 1521 5741 tempore
1563 5669 1813 5726 Salvator
1859 5680 2047 5729 noster

553 5838 598 5870 "
635 5840 805 5896 Levit.
846 5860 910 5898 xx
937 5886 951 5911 ,
983 5844 1069 5900 26.
1147 5849 1191 5879 ⁷⁸
1233 5846 1373 5904 Psal.
1408 5865 1552 5913 xuv,
1590 5849 1641 5903 8.
1721 5850 1764 5880 ”
1806 5848 1910 5905 lsa.
1944 5866 2057 5919 ιτι,
2095 5852 2145 5905 Ι.

2149 4766 2411 4836 ιῃοαφιῶν
2433 4808 2449 4832 ,
2484 4767 2670 4822 τοῦτον
2692 4769 2911 4840 ἔχουσαι
2954 4769 3046 4822 τὸν
3074 4770 3303 4842 τρόπον·
3348 4787 3366 4821 ι
3390 4768 3453 4820 Ἡ
3504 4767 3600 4838 μὲν
3631 4760 3728 4820 οὗν

2149 4869 2419 4940 περικοπὴ
2465 4867 2609 4924 οὓτω
2649 4887 2765 4934 πως
2800 4870 2997 4941 ἔχουσα
3027 4869 3196 4924 πολλὰ
3226 4888 3288 4924 τε
3323 4870 3417 4924 καὶ
3448 4866 3724 4941 παράδοξα

2150 4969 2442 5041 σημαίνει·
2497 4970 2593 5027 νῦν
2629 4972 2686 5025 δὲ
2736 4964 2811 5026 ὧν
2843 4972 2998 5044 χρεία
3050 4974 3179 5045 περ).
3226 4975 3350 5035 τοὺς
3380 4970 3602 5044 χρόνους
3634 4971 3726 5024 καὶ

2145 5072 2215 5127 τὰ
2246 5071 2454 5138 τούτοις
2496 5072 2838 5129 συντείνοντα
2866 5076 2957 5131 τδν
3005 5075 3159 5146 λόγον
3194 5074 3548 5147 ποιησόμεθα.
3603 5072 3729 5126 ’Ότι

2151 5174 2250 5246 μὲν
2296 5169 2387 5229 οὖν
2422 5176 2551 5246 περὶ
2592 5175 2693 5247 τῆς
2741 5178 3110 5251 τοῦ,Χριστοῦ
3160 5177 3460 5250 παρουσίας
3509 5175 3724 5245 λέγεται

2146 5276 2321 5331 ταῦτα
2347 5318 2361 5340 ,
2398 5278 2534 5348 μετὰ
2570 5278 2866 5350 ἑϐδομάδας
2892 5280 3259 5352 ἑϐδομήκοντα
3292 5277 3575 5349 μέλλοντος
3608 5274 3729 5326 ἑπι-

2155 5381 2478 5450 φαίνεσθαι,
2536 5381 2710 5456 δῆλον.
2782 5385 2904 5439 Ἐπὶ
2958 5383 3068 5455 γὰρ
3097 5383 3191 5437 τοῦ
3223 5380 3474 5450 Σωτῆρος
3497 5418 3512 5442 ,
3555 5377 3588 5449 ἢ
3621 5371 3730 5430 ἀπὸ

2152 5483 2381 5548 τούτου,
2436 5483 2506 5537 τά
2550 5500 2610 5536 τε
2661 5483 3084 5556 παραπτώματα
3129 5480 3491 5543 παλαιοῦται,
3548 5474 3643 5531 καὶ
3674 5475 3731 5528 αἱ

2155 5579 2416 5651 ἁμαρτίαι
2476 5583 2867 5639 συντελοῦνται.
2955 5585 3052 5638 Διά
3142 5583 3198 5636 δὲ
3267 5580 3364 5652 τὴν
3423 5578 3617 5647 ἄφεσιν
3672 5570 3735 5628 αϊ

2152 5695 2212 5731 τε
2273 5679 2488 5751 ἀνομίαι
2560 5681 2832 5755 ὲξιλασμῷ
2889 5683 3027 5754 μετά
3087 5679 3197 5734 τῶν
3252 5677 3472 5734 ἀδικιῶν
3526 5670 3732 5739 ἑξαλείτ
