4098 6434
240 4494 269 4568 ,’
362 4505 642 4572 ἑξήκοντα.

370 381 478 439 809

372 512 562 567 φονται
589 535 605 561 ,

371 587 525 659 παρὰ
570 586 668 659 τὴν
720 588 785 639 ὲκ
832 584 1033 656 νόμου,
1091 581 1307 654 ὁράσεις
1361 598 1419 634 τε
1469 581 1563 634 καὶ⁹
1613 582 1938 651 προφητεῖαι

377 680 569 753 μέχρις
638 676 921 741 Ἰωάννου,
982 675 1190 747 χρίεται
1247 674 1303 727 δὲ
1358 674 1511 741 ἅγιος
1557 672 1750 741 ἁγίων.
1826 671 1940 743 Πρὸ

370 769 480 843 γὰρ
530 770 628 841 τῆς
675 766 769 821 τοῦ
819 765 1066 836 Σωτῆρος
1115 762 1270 835 ἡμῶν
1318 761 1619 832 παρουσίας
1665 762 1765 814 οὐκ
1813 760 1941 814 ὄντα

369 861 544 917 ταῦτα
626 857 988 931 προσεδοκᾶτο
1070 854 1245 926 μόνον.
1352 850 1650 924 ’Ἀρξασθαι
1709 851 1765 904 δὲ
1831 850 1941 902 τῶν

369 951 618 1027 ἀριθμῶν
640 992 655 1018 ,
724 949 964 1005 τουτέστι
1023 948 1131 1001 τῶν
1184 946 1553 1017 ἑϐδομήκοντα
1614 944 1939 1016 ἑϐδομάδων,

371 1043 411 1101 6.
469 1048 614 1099 ἑστιν
689 1042 785 1113 ἔτη
852 1039 1180 1113 τετρακόσια
1242 1039 1637 1108 ἐννενήκοντα,
1690 1039 1720 1091 6
1781 1037 1944 1106 ἄγγε-

370 1136 460 1201 λος
531 1134 842 1191 ὑποτίθεται
908 1132 1015 1186 ἀπὸ
1090 1130 1269 1197 ἐξόδου
1326 1129 1487 1198 λόγου
1558 1122 1653 1183 τοῦ
1712 1129 1942 1198 ἀποκρι-

372 1228 524 1299 θῆναι
578 1227 671 1281 καὶ
726 1225 824 1280 τοῦ
884 1223 1233 1294 οἰκοδομῆσαι
1301 1220 1670 1293 Ἰερουσαλήμ.
1734 1220 1938 1292 Συνέϐη

370 1318 427 1372 δὲ
493 1318 666 1372 ταῦτα
720 1318 814 1370 ἐπὶ
893 1312 1244 1387 Ἀρταξέρξου
1322 1312 1415 1366 τοῦ
1480 1311 1706 1384 Περσῶν
1785 1310 1941 1380 βασι-

370 1408 614 1473 λεύοντος
670 1407 900 1480 εἰκοστῷ
957 1409 1085 1462 ἔτει.
1210 1407 1450 1479 Νεεμίας
1504 1407 1612 1478 γὰρ
1669 1408 1697 1460 6
1751 1405 1941 1459 τούτου

371 1499 602 1570 οἰνοχόος
628 1539 643 1562 ,
700 1497 946 1567 δεηθεὶς,
1024 1487 1363 1571 ἀποκρίσεως
1418 1497 1605 1567 ἔτυχεν
1658 1496 1941 1567 οἰκοδομη-

372 1589 530 1660 θῆναι
600 1588 953 1661 Ἱερουσαλὴμ
979 1628 995 1652 ,
1074 1588 1167 1641 καὶ
1240 1587 1393 1656 λόγος
1450 1586 1639 1658 ἐξῆλθε
1708 1585 1941 1639 κελεύων

368 1680 562 1734 ταῦτα.
673 1680 849 1751 Μέχρι
909 1678 1007 1749 μὲν
1059 1678 1164 1750 γὰρ
1218 1677 1425 1730 ἑκείνου
1483 1676 1579 1730 τοῦ
1639 1675 1832 1749 χρόνου
1903 1677 1937 1746 ἡ

370 1771 523 1835 πόλις
581 1772 856 1843 ἠρήμωτο.
910 1770 1091 1842 Κύρου
1149 1769 1278 1840 γὰρ,
1342 1768 1477 1840 μετᾶ
1548 1769 1647 1837 τὴν
1706 1768 1937 1839 ἑϐδομη-

1190 370 1846 429 DEMONSTRATIONIS
1886 366 2348 427 EVANGELICE
2383 366 2510 422 LIB.
2552 365 2688 422 Vlll.

698 491 1006 564 δικαιοσύνη
1082 506 1142 543 τε
1226 489 1439 554 αἰώνιος
1514 487 1937 559 καταγγέλλεται

2046 486 2361 541 hominibus
2394 500 2455 541 se
2497 482 2793 538 videndum
2827 481 3097 539 exhibuit.
3151 481 3292 553 Ergo
3324 498 3450 539 cum
3502 484 3619 539 haec

3517 371 3621 425 610

2043 579 2123 633 sic
2155 577 2270 634 fore
2298 577 2526 648 angelus
2557 576 2626 638 is,
2653 574 2719 630 de
2770 589 2880 644 quo
2929 573 3134 629 dictum
3167 583 3271 640 est,
3302 576 3619 632 summatim

2043 671 2146 740 ipsi
2176 671 2456 741 prophetae
2475 667 2762 731 cecinerit,
2808 681 3004 722 rursus
3045 682 3352 723 sermonem
3401 671 3471 725 de
3510 684 3620 726 ιιι

2046 762 2479 816 hebdomadibus
2530 766 2793 823 renovat,
2848 759 3277 828 exquisitissime
3335 775 3433 831 per
3503 764 3618 818 sin-

2043 854 2199 924 gulas
2234 862 2418 923 partes
2451 851 2676 913 docens,
2727 850 2874 905 unde
2917 852 3158 920 incipere
3215 858 3461 920 oporteat
3513 869 3619 908 nuo.

2042 957 2257 996 merare
2274 951 2542 1010 tempora,
2557 948 2609 995 et
2627 938 2886 1010 quidnam
2902 941 3100 996 talibus
3114 942 3451 1009 temporibus
3462 957 3623 996 even-

2042 1039 2222 1086 turum
2239 1033 2329 1086 sit.
2344 1050 2361 1082 ι
2382 1031 2447 1084 Et
2472 1047 2774 1103 cognosces
2796 1040 2851 1086 et
2867 1032 3136 1101 intelliges
3159 1032 3228 1087 ab
3242 1032 3391 1086 exitu
3410 1049 3619 1089 sermo-

2040 1122 2175 1188 nis,
2228 1130 2287 1176 ut
2338 1125 2738 1194 respondeatur
2795 1131 2851 1178 et
2899 1123 3198 1178 aediﬁcetur
3253 1122 3555 1180 Jerusalem
3599 1144 3616 1183 :

2041 1213 2409 1269 hebdomades
2496 1224 2702 1287 septem
2731 1258 2747 1284 ,
2806 1225 2860 1270 et
2902 1214 3272 1271 hebdomades
3334 1219 3617 1287 sexaginta

2040 1304 2250 1367 duae,et
2278 1312 2585 1361 revertetur
2613 1306 3044 1362 etardilicabitur
3068 1306 3245 1375 platea
3272 1318 3322 1362 et
3356 1323 3568 1363 murus.
3591 1328 3612 1362 ο

2039 1392 2204 1463 389
2228 1391 2358 1459 Qua:
2388 1410 2521 1450 sane
2547 1396 2712 1451 verba
2742 1404 2805 1450 ut
2831 1396 3052 1450 reddam
3090 1396 3360 1465 planiora,
3387 1398 3618 1466 pulchre

2038 1486 2173 1540 mihi
2202 1486 2378 1541 cilicio
2407 1487 2633 1545 functus
2673 1504 2799 1546 esse
2829 1489 3077 1555 videbor,
3113 1490 3159 1545 si
3195 1493 3616 1547 commentatio-

2038 1592 2161 1632 nem
2192 1577 2246 1632 in
2273 1578 2545 1647 ejusmodi
2576 1581 2727 1637 locos
2756 1581 2876 1650 ejus
2907 1581 3034 1644 viri,
3059 1582 3152 1650 qui
3182 1589 3310 1637 ante
3345 1598 3447 1638 nos
3471 1583 3613 1639 idem

2040 1668 2280 1724 studium
2302 1671 2558 1735 coluerit,
2592 1688 2702 1727 non
2735 1674 3109 1738 occultavero,
3136 1674 3231 1729 sed
3259 1689 3379 1729 eam
3398 1691 3616 1745 quoque

2043 1770 2368 1827 apposuero,
2413 1768 2472 1813 ut
2517 1763 2932 1816 accommodata
2990 1762 3079 1826 iis,
3124 1762 3219 1832 qui
3268 1763 3461 1817 lecturi
3503 1764 3618 1820 sint

368 1864 683 1919 κονταετίαν
754 1863 853 1934 τῆς
938 1861 1330 1933 αἰχμαλωσίας,
1403 1860 1512 1915 τῶν
1600 1860 1937 1932 βουλομένων

2044 1848 2178 1903 haec.
2218 1847 2453 1904 Pulchre
2484 1849 2630 1905 enim
2666 1851 2800 1904 illud
2833 1850 2941 1904 dici
2975 1828 3287 1921 solea—qua:
3311 1853 3613 1908 amicorum

366 1955 596 2010 ἕκαστον
642 1956 951 2010 ἑκουσιαστὶ
1002 1953 1485 2024 καταπέμψαντος,
1538 1954 1588 2006 oi
1634 1952 1772 2024 μετὰ
1831 1954 1936 2025 Ἰη-

369 2042 465 2098 σοῦ
522 2045 615 2099 τοῦ
686 2045 923 2117 μεγάλου
994 2044 1182 2116 ίερέως
1236 2044 1330 2096 καὶ
1392 2043 1695 2115 Ζοροϐάϐελ
1747 2042 1940 2097 κατελ-

367 2134 587 2203 θόντες,
669 2140 762 2192 καὶ
822 2138 871 2193 οἱ
931 2138 1024 2191 ἑπὶ
1080 2137 1291 2201 τούτοις
1347 2136 1465 2209 ἆμα
1523 2139 1771 2209 Ἔσδρα,
1847 2136 1938 2189 τὸν

365 2229 502 2283 νεὼν
571 2229 869 2300 οἰκοδομεῖν
935 2229 1233 2284 ἐκωλύοντο
1283 2227 1353 2282 τὰ
1398 2228 1591 2299 πρῶτα
1615 2270 1630 2293 ,
1689 2229 1781 2281 καὶ
1832 2229 1941 2280 τεῖ-

364 2337 458 2391 χος
511 2323 578 2393 τῇ
630 2321 781 2374 πόλει
831 2320 1173 2393 περιϐάλλειν
1198 2357 1213 2381 ,
1280 2318 1356 2381 ὡς
1406 2320 1467 2372 ού
1516 2318 1938 2387 κεκελευσμένου

366 2411 577 2465 τούτου.
684 2413 937 2483 Ἔμεινεν
975 2406 1068 2465 οὖν
1102 2412 1206 2477 ἕως
1250 2412 1485 2481 Νεεμίου
1526 2410 1618 2463 καὶ
1667 2408 1940 2479 βασιλείας

381 2497 731 2572 Ἀρταξέρξου
760 2540 775 2565 ,
843 2502 936 2554 καὶ
1010 2502 1108 2572 τῆς
1167 2503 1391 2575 Περσῶν
1441 2500 1734 2572 ἡγεμονίας
1789 2498 1941 2562 ἔτους

371 2590 851 2645 πεντεκαιδεκάτου
885 2592 977 2645 καὶ
1024 2591 1315 2647 ἑκατοστοῦ
1338 2608 1354 2624 ·
1411 2591 1518 2645 ἀπὸ
1569 2591 1625 2645 δὲ
1673 2590 1771 2661 τῆς
1804 2586 1943 2643 ἁλώ-

373 2700 510 2748 σεως
571 2682 920 2754 Ἰερουσαλὴμ
978 2683 1168 2737 ἑκατὸν
1225 2684 1552 2755 ὁγδοήκοντα
1630 2682 1792 2734 πέντε
1845 2679 1939 2746 ἔτη

369 2771 596 2842 γίνεται.
687 2773 798 2825 Καὶ
856 2772 979 2825 τότε
1020 2772 1271 2843 βασιλεὺς
1311 2770 1668 2844 Ἀρταξέρξης
1725 2769 1942 2824 ἐκέλευ-

370 2880 462 2916 σεν
521 2862 935 2934 οἰκοδομηθῆναι
983 2863 1080 2936 τὴν
1134 2863 1309 2917 πόλιν.
1387 2863 1625 2933 Νεεμίας
1670 2861 1727 2915 δὲ
1777 2877 1941 2915 κατα-

368 2953 656 3025 πεμφθεὶς,
714 2954 809 3008 τοῦ
854 2954 1013 3027 ἔργου
1070 2955 1308 3027 προέστη
1332 2971 1347 2986 ο
1418 2956 1453 3025 ἡ
1507 2954 1563 3008 δὲ
1618 2951 1935 3024 ᾠκοδομήθη

368 3042 594 3098 πλατεῖα
647 3043 742 3097 καὶ
792 3043 1133 3115 περίτειχος,
1201 3042 1277 3107 ὡς
1333 3041 1733 3115 προεφητεύθη.
1819 3042 1937 3094 Κά-

366 3137 557 3229 κεῖθεν-
613 3135 936 3229 ἀριθμούσιν
1002 3138 1133 3208 ἡμῖν
1166 3135 1606 3229 ῌὲϐδομήκοντα-
1646 3135 1938 3229 ἑϐδομάδες
1965 3173 2008 3229 C

366 3227 446 3290 εἰς
503 3225 595 3280 τόν
651 3224 882 3298 Χριστόν
945 3225 1357 3281 συντελοῦνταισ
1420 3228 1469 3279 εἰ
1548 3224 1657 3298 γὰρ
1715 3225 1938 3280 ἄλλοθέν

366 3316 531 3372 ποθεν
590 3318 843 3391 ἀριθμεῖν
906 3317 1250 3390 ἁρξαίμεθα,
1333 3321 1428 3373 καὶ
1499 3319 1599 3372 οὐκ
1668 3317 1935 3380 ἐντεῦθεν,

365 3404 490 3460 οὔτε
546 3410 573 3461 6
616 3410 805 3479 χρόνος
854 3391 1238 3481 συνδραμεῖται
1261 3450 1276 3475 ,
1339 3411 1434 3463 καὶ
1484 3410 1708 3463 πλεῖστα
1760 3409 1936 3464 ἄτοπα

368 3500 687 3572 ἀπαντήσει.
781 3502 906 3554 Ἐάν
957 3519 1019 3555 τε
1075 3502 1184 3574 γὰρ
1262 3503 1368 3556 ἀπὸ
1438 3502 1621 3574 Κύρου
1685 3502 1780 3557 καὶ
1838 3503 1939 3574 τῆς

366 3591 590 3666 πρώτης
642 3594 1006 3666 καταπομπῆς
1060 3593 1158 3666 τὴν
1215 3593 1388 3665 ἀρχὴν
1438 3591 1794 3663 ποιησώμεθα
1839 3593 1936 3665 τῆς

367 3683 716 3758 ἀριθμήσεως
792 3685 900 3738 τῶν
977 3683 1346 3756 ἑϐδομήκοντα
1423 3682 1729 3755 ἑϐδομάδων
1754 3721 1769 3746 ,
1856 3686 1937 3747 εἰς

369 3775 463 3845 ἑτη
534 3775 726 3829 ἑκατὸν
775 3775 871 3828 καὶ
921 3774 1141 3846 προσέτι
1193 3773 1507 3846 περισσεύει
1535 3813 1550 3831 .
1623 3772 1823 3827 πλείων
1878 3772 1935 3826 δὲ

368 3865 596 3936 χρόνος,
665 3866 715 3919 εἰ
766 3864 860 3934 ἀφ’
909 3859 979 3938 ἦς
1017 3862 1227 3937 ἡμέρας
1301 3862 1380 3935 τῷ
1446 3863 1640 3933 Δανιὴλ
1688 3864 1717 3916 6
1769 3867 1933 3932 ἅγγε-

367 3956 456 4022 λος
498 3959 906 4028 προεφήτευσε,
963 3956 1140 4028 πολλῷ
1191 3956 1248 4009 δὲ
1296 3955 1495 4010 πλείων
1523 3997 1538 4020 ,
1585 3957 1633 4008 εἰ
1679 3956 1773 4010 ἀπ’
1834 3956 1935 4025 ἁρ-

365 4049 469 4121 χῆς
509 4049 609 4119 τῆς
651 4048 1042 4120 αἰχμαλωσίας.
1120 4047 1459 4119 Εὑρίσκομεν
1512 4044 1621 4116 γὰρ
1658 4044 1756 4116 τὴν
1800 4047 1935 4118 Περ-

367 4141 477 4195 σῶν
556 4139 832 4210 βασιλείαν
884 4137 1028 4192 ἔτεσι
1092 4136 1386 4199 διακοσίοις
1442 4134 1732 4207 τριάκοντα
1778 4150 1932 4205 περι-

363 4231 714 4304 γραφομένην
738 4270 753 4295 ,
811 4231 910 4302 τήν
978 4246 1037 4283 τε
1089 4228 1414 4283 Μακεδόνων
1478 4228 1558 4291 εἰς
1623 4226 1717 4297 ἔτη
1773 4244 1931 4298 τρια-

362 4326 522 4381 κόσια
569 4324 940 4396 ἑϐδομήκοντα
992 4320 1420 4395 παρατείνουσαν
1447 4360 1462 4386 ,
1531 4318 1786 4373 κάκεῖθεν
1840 4320 1932 4373 ἐπὶ

359 4414 423 4470 τὸ
470 4414 719 4488 Τιϐερίου
771 4414 1048 4486 Καίσαρος
1108 4410 1489 4467 ἑκκαιδέκατον
1542 4409 1659 4473 ἔτος
1713 4412 1794 4474 εἰς
1834 4409 1928 4480 ἐτη

361 4593 651 4665 ἑϐδομάδες
695 4596 774 4657 εἰς
829 4593 919 4648 τὸν
976 4595 1070 4647 ἐπὶ
1112 4592 1346 4663 Χριστὸν
1401 4592 1774 4646 συντελοῦνται
1813 4592 1933 4664 χρό-

364 4704 489 4752 νον,
563 4687 710 4742 κατὰ
774 4689 898 4751 τοὺς
959 4685 1226 4740 Ἰουδαίων
1273 4684 1560 4757 ἀριθμούς.
1630 4684 1763 4738 Ἀπὸ
1823 4683 1932 4755 γὰρ

363 4777 633 4848 Νεεμίου,
712 4775 772 4841 δς
857 4776 961 4830 ὑπὸ
1043 4775 1396 4849 Ἀρταξέρξου
1482 4776 1583 4847 τὴν
1660 4776 1931 4846 Ἰερουσα-

359 4868 471 4940 λὴμ
517 4867 952 4939 ἀνοικοδομήσων
1003 4866 1261 4938 ἐπέμφθη
1310 4866 1420 4920 ἔτει
1465 4863 1931 4933 πεντεκαιδεκάτῳ

360 4958 455 5012 καὶ
507 4957 780 5028 ἑκατοστῷ
829 4957 930 5028 τῆς
978 4957 1202 5030 Περσῶν
1261 4955 1533 5028 βασιλείας
1563 4995 1579 5020 ,
1654 4952 1820 5008 αὐτοῦ
1874 4953 1930 5007 δὲ

371 5046 724 5120 Ἀρταξέρξου
779 5046 1052 5118 βασιλείας
1097 5047 1327 5117 εἰκοστῷ
1374 5046 1482 5100 ἑτει
1509 5085 1525 5110 ,
1579 5046 1674 5099 καὶ
1730 5045 1928 5115 Ὀλυμ-

358 5136 547 5202 πιάδος
587 5137 947 5210 ὀγδοηκοστῆς
996 5139 1186 5208 τρίτης
1224 5138 1334 5192 ἔτει
1373 5139 1617 5208 τετάρτῳ
1639 5177 1653 5202 ,
1691 5136 1783 5190 ἐπὶ
1812 5136 1933 5189 τοῦο

355 5240 452 5287 τον
502 5230 595 5285 τὸν
645 5231 833 5304 χρόνον
855 5271 869 5296 ,
934 5230 993 5294 ὃς
1032 5227 1100 5302 ἦν
1156 5229 1511 5301 Ὀλυμπιάδος
1560 5228 1930 5299 διακοσιοστῆς

356 5321 610 5395 δευτέρας
679 5322 799 5387 ἑτος
869 5322 1158 5394 δεύτερον,
1237 5320 1486 5390 Τιϐερίου
1547 5319 1604 5372 δὲ
1655 5319 1930 5389 Καίσαρος

357 5411 650 5484 ἡγεμονίας
699 5411 819 5477 ἔτος
871 5411 1253 5466 ἑκκαιδέκατον
1277 5449 1292 5473 ,
1343 5410 1438 5481 ἔτη
1501 5409 1789 5477 συνάγεται
1841 5425 1930 5461 τεο

353 5505 619 5577 τρακόσια
692 5503 1063 5575 ἑϐδομήκοντα
1142 5501 1301 5556 πέντε
1326 5540 1342 5565 ,
1438 5501 1581 5573 άπερ
1666 5502 1927 5572 Ἐϐραῖκὰ

353 5595 682 5667 τετρακόσια
742 5596 1099 5667 ἐννενήκοντα
1160 5590 1389 5664 γίνεται,
1438 5592 1582 5648 κατὰ
1628 5593 1719 5647 τὸν
1769 5592 1927 5664 σελη-

356 5689 524 5742 νιαῖον
578 5687 774 5759 δρόμον
821 5688 951 5752 τοὺς
992 5685 1269 5750 ἐνιαυτοὺς
1323 5685 1547 5738 ἐκείνων
1604 5684 1929 5759 ἐξαριθμου-

361 5777 571 5847 μένων,
627 5780 703 5843 ὡς
751 5780 867 5834 ἑστι
923 5780 1211 5851 πρόχειρον
1244 5777 1447 5842 εἰπεῖν,
1500 5776 1725 5849 ἡμερῶν
1773 5794 1929 5849 τρια-

2040 1947 2187 2003 sunt,
2215 1954 2278 1995 ea
2301 1954 2425 1994 esse
2452 1940 2764 1997 communia
2792 1955 2805 1992 :
2839 1948 2895 1995 et
2914 1940 3044 2010 quia
3081 1941 3161 1996 uti
3194 1942 3415 2011 quidem
3453 1943 3614 2013 quasi

2039 2036 2424 2091 communibus
2451 2038 2706 2092 convenit
2736 2037 2826 2102 iis,
2870 2052 2991 2108 quae
3021 2037 3110 2091 alii
3146 2039 3316 2108 probe
3350 2039 3611 2107 dixerint,

2039 2127 2135 2183 sed
2168 2128 2242 2180 ita
2278 2134 2338 2181 ut
2363 2142 2732 2199 agnoscamus
2759 2137 3038 2193 auctores,
3075 2145 3253 2200 neque
3277 2141 3370 2185 aut
3398 2147 3498 2186 sua
3531 2148 3618 2189 so-

2038 2220 2159 2274 bole
2192 2229 2395 2290 patres,
2438 2229 2533 2275 aut
2562 2236 2678 2285 eos,
2708 2224 2802 2292 qui
2838 2222 3004 2291 primi
3044 2224 3452 2290 consueverint,
3483 2240 3614 2295 pro-

2038 2310 2175 2380 priis
2210 2310 2512 2367 seminibus
2542 2309 2953 2374 del‘raudemus,
2986 2312 3133 2366 illius
3164 2312 3328 2367 verba
3359 2328 3468 2367 non
3495 2328 3617 2384 gra-

2038 2403 2211 2457 vabor
2252 2417 2547 2473 apponere.
2590 2402 2665 2456 Ea
2709 2402 2965 2457 feruntur
3022 2402 3269 2458 Africani
3316 2406 3370 2458 in
3420 2406 3614 2474 quinto

2040 2506 2231 2546 eorum
2261 2508 2383 2562 qua:
2418 2493 2486 2550 de
2508 2494 2847 2562 temporibus
2878 2495 3119 2564 scripsit,
3161 2511 3281 2565 qua:
3309 2496 3527 2565 quidem
3558 2497 3615 2551 in

2042 2584 2188 2639 hunc
2214 2585 2433 2640 modum
2471 2600 2529 2641 se
2557 2585 2760 2640 habent
2793 2604 2807 2640 :
2852 2604 2870 2637 ι
2912 2584 3034 2655 Ipsa
3062 2585 3280 2656 quidem
3325 2587 3612 2658 particula,

2041 2674 2235 2745 inquit,
2274 2690 2395 2746 quae
2427 2675 2538 2730 fere
2596 2676 2677 2730 sic
2708 2690 2767 2729 se
2798 2675 2981 2739 habet,
3025 2684 3140 2730 tum
3181 2679 3348 2733 multa
3379 2689 3492 2733 tum
3522 2678 3618 2733 ad-

2039 2767 2310 2822 mirabilia
2338 2767 2611 2838 signiﬁcat
2639 2787 2652 2822 :
2685 2776 2925 2823 attamen
2967 2784 3116 2824 nunc
3150 2770 3220 2826 de
3247 2772 3317 2825 iis
3347 2772 3617 2829 duntaxat

2037 2873 2159 2929 quae
2208 2859 2367 2914 nobis
2393 2859 2458 2913 ad
2491 2859 2757 2914 rationem
2807 2869 3134 2929 temporum,
3166 2869 3220 2917 et
3261 2878 3453 2918 eorum
3494 2878 3621 2934 qua:

2038 2950 2104 3006 ad
2136 2957 2379 3020 tempora
2408 2950 2679 3021 pertinent
2710 2951 3051 3023 conductum
3084 2954 3216 3019 sint,
3255 2955 3416 3010 verba
3447 2954 3618 3012 facia-

2038 3056 2182 3096 mus.
2212 3039 2367 3106 Quod
2393 3040 2558 3111 igitur
2584 3041 2699 3096 haec
2730 3042 2799 3097 de
2827 3042 3065 3099 adventu
3097 3043 3303 3101 Christi
3338 3046 3614 3114 dicantur,

2040 3129 2135 3199 qui
2176 3139 2301 3198 post
2346 3129 2722 3186 hebdomadas
2756 3147 2861 3186 Lxx
2918 3133 2988 3187 ab
3017 3133 3333 3191 hominibus
3360 3145 3506 3192 esset
3532 3139 3617 3193 vi-

2045 3220 2277 3283 dendus,
2307 3221 2622 3289 neutiquam
2646 3220 2871 3276 dubium
2901 3228 2986 3277 est
3014 3242 3027 3277 :
3057 3230 3301 3294 tempore
3327 3226 3475 3281 enim
3506 3226 3618 3282 Sal-

2040 3312 2246 3367 vatoris
2275 3312 2452 3366 nostri
2496 3321 2590 3366 aut
2617 3327 2684 3368 ex
2714 3312 2808 3367 illo
2847 3314 2989 3382 ipso,
3022 3323 3075 3369 et
3119 3315 3480 3386 antiquantur
3517 3318 3617 3375 de-

2039 3403 2191 3467 licta,
2219 3410 2274 3458 et
2306 3410 2538 3473 peccata
2565 3414 3025 3460 consummantur
3056 3422 3071 3460 :
3106 3421 3206 3475 per
3233 3408 3613 3465 remissionem

2038 3505 2242 3560 autem,
2267 3495 2586 3565 iniquitates
2613 3510 2738 3549 cum
2768 3494 3057 3564 injustitiis
3098 3498 3406 3567 expiatione
3426 3500 3615 3556 delen-

2038 3592 2149 3650 tur,
2200 3586 2527 3659 justitiaque
2576 3586 2912 3655 sempiterna
2960 3586 3353 3654 denuntiatur,
3414 3600 3616 3660 praeter

2036 3690 2156 3730 eam
2184 3690 2306 3744 quae
2331 3690 2399 3730 ex
2447 3676 2565 3746 lege
2592 3676 3001 3745 acquirebatur.
3048 3675 3303 3734 Visiones
3344 3690 3523 3738 autem
3556 3691 3614 3739 et

2038 3766 2333 3836 prophetia:
2371 3781 2545 3836 usque
2594 3765 2662 3820 ad
2708 3765 2997 3832 Joannem,
3028 3777 3083 3824 et
3124 3767 3359 3826 Sanctus
3391 3781 3612 3830 sancto-

2034 3874 2156 3914 rum
2188 3859 2410 3930 ungitur
2442 3877 2456 3912 :
2494 3871 2621 3911 nam
2654 3872 2780 3912 cum
2810 3867 2938 3914 ante
2973 3859 3275 3916 Salvatoris
3306 3864 3483 3918 nostri
3511 3863 3611 3920 ad-
3646 3898 3655 3907 ι

2035 3958 2254 4006 ventum
2296 3951 2411 4005 haec
2450 3963 2563 4004 non
2607 3955 2834 4013 essent,
2881 3951 3344 4020 exspectabantur
3401 3963 3609 4011 tamen.

2032 4040 2256 4097 Numeri
2285 4056 2414 4097 vero
2448 4040 2665 4095 initium
2691 4040 2961 4110 accipere,
2993 4041 3099 4097 hoc
3130 4050 3215 4098 est
3254 4058 3361 4098 Lxx
3400 4043 3611 4100 hebdo-

2032 4131 2339 4196 madarum,
2383 4131 2477 4202 qui
2515 4137 2647 4186 sunt
2693 4130 2823 4184 anni
2863 4131 3249 4202 quadringenti
3285 4135 3606 4205 nonagitm,

2032 4223 2257 4294 angelus
2289 4223 2534 4294 praecipit
2574 4222 2644 4277 ab
2675 4221 2824 4276 exitu
2868 4224 3227 4278 sermonisut
3275 4227 3606 4296 respondea-

2031 4322 2163 4378 tur,~
2183 4324 2238 4369 et
2278 4314 2582 4370 aediﬁcetur
2628 4311 2955 4368 Jerusalem.
2996 4313 3168 4369 Porro
3213 4315 3332 4369 haec
3357 4317 3598 4388 contige-

2030 4418 2160 4462 runt
2181 4408 2333 4478 regni
2355 4407 2695 4472 Artaxerxis,
2719 4410 2812 4479 qui
2844 4408 3135 4463 Persarum
3168 4425 3262 4463 rex
3296 4408 3419 4474 fuit,
3459 4425 3606 4467 anno

741 4503 874 4557 Ἀπὸ
913 4502 971 4557 δὲ
1034 4501 1387 4574 Ἀρταξέρξου
1449 4501 1506 4554 αἰ
1560 4500 1928 4571 ἑϐδομήκοντα

2036 4498 2293 4555 vicesimo
2319 4517 2332 4553 :
2362 4498 2528 4567 hujus
2549 4499 2693 4552 enim
2720 4499 2977 4569 pincerna
3005 4497 3297 4556 Nebemias
3326 4516 3450 4569 cum
3478 4517 3604 4557 eum

2026 4589 2210 4658 ipsum
2236 4597 2503 4658 rogasset,
2541 4603 2863 4658 responsum
2899 4590 3128 4660 accepit,
3159 4601 3217 4645 ut
3243 4592 3606 4650 aediﬁcaretur

2027 4677 2352 4734 Jerusalem.
2404 4677 2470 4733 Et
2522 4693 2704 4734 sermo
2733 4680 2902 4735 exivit
2930 4695 3040 4750 quo
3091 4681 3270 4751 ipsum
3301 4683 3406 4738 hoc
3443 4685 3607 4753 jube-

2029 4771 2228 4825 batur:
2264 4784 2389 4823 nam
2426 4769 2494 4823 ad
2524 4768 2659 4825 illud
2690 4786 2867 4841 usque
2909 4779 3127 4843 tempus
3157 4773 3356 4828 civitas
3386 4774 3606 4829 deserta

2032 4865 2328 4914 manserat.
2375 4857 2512 4915 Cum
2557 4859 2704 4914 enim
2744 4859 2924 4931 Cyrus
2965 4868 3089 4931 post
3131 4863 3604 4932 septuagenariam

2032 4951 2348 5006 servitutem
2374 4950 2645 5007 volentem
2664 4968 3107 5024 unumquemque
3136 4954 3440 5009 voluntarie
3468 4957 3606 5010 emi-

2030 5048 2214 5110 sisset,
2248 5046 2341 5116 qui
2376 5061 2501 5101 cum
2543 5045 2673 5102 Jesu
2707 5063 2904 5118 magno
2938 5049 3224 5104 sacerdote
3250 5057 3306 5103 et
3355 5048 3603 5104 Zoroba-

2030 5138 2137 5204 bel,
2171 5138 2373 5209 quique
2399 5145 2522 5208 post
2549 5139 2651 5194 hos
2673 5140 2824 5210 ipsos
2844 5155 2969 5194 cum
2993 5139 3162 5194 Esdra
3185 5140 3603 5205 descenderant,

2029 5230 2297 5286 aediﬁcare
2347 5231 2609 5298 templum
2660 5240 2715 5286 et
2763 5246 2978 5286 murum
3020 5231 3227 5285 civitati
3264 5231 3607 5287 circumdare

2031 5321 2189 5375 initio
2224 5319 2676 5390 prohibebantur,
2703 5316 2966 5389 tanquam
2999 5320 3105 5375 hoc
3134 5319 3459 5390 imperatum
3492 5335 3605 5376 non

2030 5418 2196 5467 esset.
2228 5409 2429 5465 Mansit
2457 5410 2621 5480 igitur
2652 5425 2827 5479 usque
2855 5409 2925 5484 ad
2948 5408 3263 5463 Nehemiam
3301 5419 3355 5465 et
3376 5425 3607 5481 regnum
3706 5424 3715 5437 ‘

2031 5500 2371 5564 Artaxerxis,
2418 5515 2731 5570 annumque
2770 5499 2986 5569 imperii
3026 5497 3320 5554 Persarum
3367 5498 3608 5555 centesi-

2033 5606 2182 5647 mum
2216 5601 2271 5647 et
2306 5592 2558 5662 quintum
2583 5591 2861 5646 decimum
2896 5605 3061 5645 :cum
3096 5605 3226 5645 vero
3257 5604 3287 5643 a
3313 5597 3473 5662 capta
3517 5588 3608 5645 Je-

2034 5685 2273 5740 rusalem
2303 5699 2482 5740 annus
2510 5684 2841 5739 centesimus
2872 5689 3036 5753 atque
3073 5684 3445 5755 octogesimus
3474 5696 3602 5755 age-

2033 5784 2205 5843 retur,
2248 5775 2414 5846 390
2457 5782 2572 5829 tum
2617 5789 2712 5831 rex
2755 5775 3087 5833 Artaxerxes
3124 5775 3294 5847 jussit
3344 5774 3607 5831 aediﬁcari
