4098 6502
492 343 588 397 Gll

1128 342 1398 401 EUSEBil
1432 340 1907 399 CAESARIENSIS
1944 338 2093 395 OPP.
2134 337 2315 393 PARS
2355 338 2415 394 ll.
2456 370 2525 380 —-
2559 340 3057 399 APOLOCETICA.

3634 350 3739 406 612

488 459 786 521 civitatem,
818 464 872 510 et
901 456 1209 520 Nehemias,
1235 473 1380 512 unus
1394 472 1585 511 eorum
1614 456 1707 524 qui
1738 455 1924 511 emissi
1953 453 2007 507 fu

2115 458 2147 513 Α
2175 452 2373 521 κοσίων
2406 454 2738 525 πεντήκοντα
2784 460 3065 529 τεσσάρων
3087 496 3101 520 ,
3154 458 3246 511 τοῦ
3276 460 3500 529 ἡλιακοῦ
3538 464 3739 521 κύκλου

487 558 632 610 rant,
663 549 813 619 operi
839 547 1056 617 praefuit
1083 564 1094 598 :
1131 557 1184 602 et
1216 550 1391 618 platea
1427 556 1481 602 et
1507 549 1647 601 muri
1678 548 1916 602 ambitus
1936 546 2063 601 tedi-

486 639 646 694 {lcata
674 648 822 703 sunt,
856 640 999 695 sicut
1040 638 1284 693 futurum
1321 639 1606 710 prophetia
1636 640 2056 709 signiﬁcaverat.

483 725 614 784 Inde
646 731 811 799 igitur
837 730 997 783 nobis
1038 745 1332 784 numerare
1363 730 1751 799 incipientibus
1784 747 1889 784 Lxx
1928 729 2060 782 heb-

483 819 744 875 domades
772 822 827 874 in
854 820 1130 876 Christum
1170 822 1577 875 terminantur:
1610 837 1733 875 nam
1768 822 1815 876 si
1863 822 1932 874 ab
1964 820 2058 874 illo

482 914 673 983 quovis
705 921 946 982 tempore
988 914 1312 967 numerandi
1362 914 1577 967 initium
1620 913 1931 977 fecerimus,
1961 928 2059 967 ne-

478 1018 584 1072 que
606 1010 821 1072 tempus
848 1004 1025 1074 ipsum
1064 1004 1373 1070 conveniet,
1405 1012 1459 1058 et
1492 1004 1659 1065 multa
1708 1003 2054 1059 incommoda

477 1092 665 1148 subire
723 1108 952 1148 necesse
983 1095 1106 1148 erit.
1143 1093 1267 1148 Sive
1309 1097 1454 1148 enim
1491 1111 1519 1147 a
1562 1094 1726 1165 Cyro,
1773 1096 2053 1164 primaque

472 1185 786 1244 emissione.
819 1185 1160 1256 septuaginta
1194 1184 1564 1241 hebdomadas
1606 1202 1892 1241 numerare
1939 1200 2052 1240 ete-

471 1277 735 1346 perimus,
770 1278 897 1331 anni
924 1286 1145 1331 centum
1185 1287 1237 1333 et
1268 1280 1501 1348 amplius
1552 1290 1901 1348 supererunt,
1933 1281 2049 1336 sive

470 1366 539 1420 ab
565 1381 630 1421 eo
653 1367 741 1422 die
772 1383 880 1437 quo
919 1369 1144 1437 angelus
1197 1369 1302 1438 ipsi
1335 1368 1523 1423 Daniel
1552 1370 1829 1424 oraculum
1867 1369 2049 1423 reddi-

467 1459 567 1523 dit,
600 1460 761 1513 etiam
794 1460 968 1526 major
1013 1461 1102 1514 liet
1144 1475 1411 1513 annorum
1442 1477 1723 1514 numerus.
1755 1459 1926 1515 Multo
1946 1476 2043 1514 au-

466 1558 574 1604 tem
626 1554 820 1619 major,
848 1552 893 1606 si
948 1552 1017 1606 ab
1074 1553 1229 1605 initio
1274 1561 1446 1621 captae
1494 1554 1667 1607 urbis.
1731 1552 2043 1611 Invenimus

2164 543 2498 614 ὑπάρχοντος
2565 547 2788 618 ἡμερῶν
2847 550 3171 619 τριακοσίων
3237 551 3496 624 ἐξήκοντα
3576 558 3740 612 πέντε

2159 636 2437 705 τετάρτου.
2547 638 2656 708 Τὴν
2710 638 2817 710 γὰρ
2871 641 3011 695 κατά
3060 641 3285 714 σελήνην
3350 643 3731 720 δωδεκάμηνον

2160 725 2529 795 παραλλάσσει
2603 729 2839 800 ἡμέραις
2899 731 3086 785 ἕνδεκα
3155 734 3249 786 καὶ
3302 732 3563 808 τετάρτῳ.
3636 739 3736 793 Διὰ

2157 816 2318 869 τοῦτο
2382 819 2640 888 ’Έλληνες
2700 824 2793 874 καὶ
2874 823 3114 878 Ἰουδαῖοι
3185 828 3333 896 τρεῖς
3396 829 3571 900 μῆνας
3628 832 3733 903 ἐμ·-

2157 907 2410 979 ϐολίμους
2448 910 2624 965 ἐτεσιν
2648 911 2790 964 ὀκτὼ
2830 914 3321 985 παρεμϐάλλουσιν·
3362 920 3586 985 ὀκτάκις
3621 924 3729 997 γὰρ

2154 997 2224 1050 τά
2266 999 2454 1053 ἕνδεκα
2498 1000 2755 1072 τέταρτον
2804 1006 2949 1055 ποιεῖ
2976 1004 3253 1075 τρίμηνον.
3332 1007 3414 1061 Τὰ
3440 1009 3614 1065 τοίνυν
3646 1029 3733 1065 τε·

2152 1092 2413 1163 τρακόσια
2439 1092 2804 1164 ἐϐδομήκοντα
2825 1095 2986 1148 πέντε
3009 1096 3124 1168 ἐτη,
3152 1098 3526 1171 ὀκταετηρίδες
3555 1089 3735 1171 γίνονέ

2153 1201 2239 1236 ται
2294 1185 2629 1254 πεντήκοντα
2675 1186 2829 1238 ἐννέα
2882 1188 2974 1240 καὶ
3024 1189 3189 1259 μῆνες
3246 1193 3434 1260 τρεῖςο
3485 1193 3562 1257 ὡς
3611 1211 3729 1266 τρι-

2155 1272 2323 1342 μήνου
2384 1273 2441 1324 δέ
2495 1274 2787 1343 ἐμϐολίμου
2837 1277 2903 1345 τῇ
2955 1276 3208 1349 ὀκταετίᾳ
3239 1281 3565 1351 γινομένης,
3628 1284 3721 1355 ἐτη

2151 1364 2534 1417 πεντεκαίδεκα
2581 1364 2774 1432 ὀλίγων
2805 1367 3027 1438 ἡμερῶν
3066 1369 3398 1424 ἀποδεόντων
3426 1372 3717 1442 γίγνονται.

2149 1452 2332 1505 Ταῦτα
2358 1453 2413 1505 δὲ
2444 1453 2577 1524 πρὸς
2604 1456 2716 1518 τοῖς
2756 1456 3125 1525 τετρακοσίοις
3163 1459 3531 1531 ἐϐδομήκοντα
3559 1465 3719 1518 πέντε

2146 1542 2342 1607 ἐτεσιν,
2395 1547 2452 1597 αἱ
2499 1546 2867 1618 ἐϐδομήκοντα
2913 1548 3202 1619 ἐϐδομάδες
3254 1552 3644 1610 συντελοῦνται.
3694 1575 3713 1608 ι

463 1643 607 1694 enim
639 1657 867 1711 regnum
904 1640 1195 1696 Persarum
1249 1644 1391 1695 intra
1436 1658 1609 1696 annos
1649 1656 1711 1695 cc
1743 1651 1904 1713 atque
1931 1659 2012 1697 xx:

2145 1632 2329 1687 Ταῦτα
2360 1636 2458 1706 μὲν
2501 1634 2592 1690 οῦν
2633 1638 2974 1709 Ἀφρικανός.
3010 1641 3072 1693 Et
3113 1641 3171 1695 δὲ
3206 1645 3310 1714 χρὴ
3344 1646 3437 1698 καὶ
3474 1648 3617 1717 ἡμᾶς
3641 1651 3717 1701 ol-

463 1731 753 1785 contineri.
784 1731 987 1786 Deinde
1028 1732 1379 1785 Macedonum
1418 1734 1483 1785 ad
1538 1747 1808 1785 annorum
1846 1749 2012 1789 nume

2143 1727 2300 1780 κείαν
2332 1731 2410 1791 είς
2453 1732 2578 1793 τοὺς
2616 1732 2814 1795 τόπους
2857 1733 3109 1785 ἀπόδοσιν
3143 1735 3222 1798 είς
3264 1736 3427 1804 μέσον
3467 1739 3711 1808 ἀγαγεῖν,

462 1834 583 1873 rum
629 1822 937 1875 continuari
987 1830 1353 1876 trecentorum
1404 1831 1457 1877 et
1492 1825 1854 1893 septuaginta.
1905 1824 2012 1880 Indi

2142 1817 2285 1886 φημὶ
2329 1817 2402 1888 μὴ
2450 1819 2644 1891 μάτην,
2692 1822 2825 1892 μηδὲ
2874 1818 2949 1886 ὡς
2989 1822 3140 1893 ἔτυχε
3317 1798 3713 1899 διαίρεσιν-πεᾷ

460 1926 593 1965 vero
624 1914 688 1967 ad
727 1912 927 1967 Tiberii
976 1914 1210 1968 Caesaris
1243 1930 1444 1968 annum
1478 1924 1689 1970 sextum
1724 1915 2029 1982 decimum,

460 2020 634 2061 annos
671 2006 973 2075 sexaginta.
1006 2006 1088 2059 Ah
1133 2007 1435 2062 Artaxerxe
1473 2017 1655 2063 autem
1691 2012 2032 2081 septuaginta

458 2098 823 2153 hebdomades
870 2097 939 2151 ad
966 2096 1170 2152 Christi
1216 2108 1431 2169 tempus
1464 2103 1808 2166 perveniunt,
1845 2103 1891 2157 si
1930 2102 2029 2157 Ju-

455 2187 693 2241 dzeorum
728 2204 984 2244 numeros
1018 2191 1319 2258 sequimur.
1366 2189 1644 2262 Siquidem
1682 2208 1711 2246 a
1748 2192 2026 2259 Nehemia,

453 2281 545 2346 qui
578 2287 637 2334 ut
659 2280 953 2337 mdiﬁcaret
1002 2282 1308 2337 Jerusalem
1336 2292 1421 2339 est
1448 2285 1670 2348 missus,
1706 2301 1851 2340 anno
1874 2287 2027 2357 regni

451 2370 741 2427 Persarum
793 2374 1094 2428 centesimo
1126 2382 1180 2428 et
1211 2377 1402 2444 quinto
1422 2375 1656 2443 decimo,
1688 2378 1780 2446 qui
1811 2377 1912 2431 fuit
1942 2382 2026 2447 ip-

451 2465 566 2518 sius
613 2465 765 2534 regni
800 2465 1123 2521 Artaxerxis
1158 2466 1472 2531 vicesimus,
1505 2476 1667 2537 atque
1705 2469 1847 2522 idem
1871 2476 2025 2523 octo-

446 2554 664 2623 gesima:
699 2555 869 2609 tertize
906 2556 1229 2625 Olympiadis
1266 2569 1512 2625 quartus,
1540 2557 1605 2610 ad
1641 2558 1773 2611 illud
1809 2566 2022 2629 tempus

446 2643 541 2712 qui
578 2642 678 2696 fuit
726 2644 1054 2714 Olympiadis
1105 2644 1498 2699 ducentesima:
1550 2646 1806 2701 secunda:
1846 2661 2022 2703 annus

448 2734 741 2797 secundus,
773 2735 985 2804 imperii
1008 2743 1186 2788 autem
1220 2733 1423 2789 Tiberii
1448 2730 1681 2790 Caesaris
1715 2746 1904 2793 sextus
1927 2740 2022 2794 de-

444 2825 641 2889 cimus,
668 2826 796 2879 anni
845 2834 1203 2880 numerantur
1247 2826 1627 2896 quadringenti
1675 2831 2018 2900 septuaginta

442 2920 701 2989 quinque,
745 2918 837 2988 qui
882 2916 1148 2972 Hebraica
1192 2918 1405 2972 ratione
1453 2918 1587 2974 ﬁunt
1635 2921 2017 2994 quadringenti

441 3010 738 3076 nonaginta
767 3026 780 3060 :
809 3014 1016 3077 utpote,
1048 3022 1171 3060 cum
1214 3008 1290 3060 illi
1323 3007 1391 3061 ad
1414 3019 1635 3063 Cursum
1669 3011 1810 3066 lunae
1841 3027 2017 3071 annos

439 3108 758 3168 computare
780 3100 1188 3160 consueverint,
1226 3107 1287 3152 ut
1318 3099 1421 3154 hac
1454 3101 1667 3157 ratione
1707 3117 1883 3159 annus
1909 3108 2012 3169 sit,

438 3192 582 3261 quod
611 3191 759 3245 dictu
794 3190 951 3244 facile
978 3198 1084 3255 est,
1118 3178 1332 3245 dierum
1362 3199 1729 3247 trecentorum
1755 3195 2016 3265 quinqua—

437 3286 587 3354 ginta
617 3290 877 3352 quatuor,
924 3299 1046 3337 cum
1079 3290 1259 3337 tamen
1284 3284 1480 3337 solaris
1507 3299 1704 3340 cursus
1734 3285 1851 3341 dies
1877 3303 2014 3343 con-

438 3376 582 3429 ficiat
612 3382 885 3429 trecentos
930 3376 1209 3445 sexaginta
1250 3375 1494 3445 quinque
1523 3390 1648 3430 cum
1693 3377 1857 3433 unius
1900 3379 2009 3434 diei

434 3475 587 3537 parte
612 3475 827 3537 quarta.
860 3465 937 3519 Ex
977 3482 1085 3535 quo
1130 3475 1355 3537 apparet
1390 3468 1614 3523 lunares
1646 3484 1844 3524 cursus
1868 3470 2008 3525 duo»

432 3559 631 3623 decim,
687 3559 756 3613 ab
799 3574 910 3612 uno
960 3559 1130 3613 solari
1185 3574 1392 3623 cursu,
1427 3559 1682 3614 undecim
1720 3562 1913 3617 diebus
1953 3568 2009 3617 et

430 3660 627 3723 quarta
660 3652 823 3707 unius
840 3651 947 3705 diei
969 3651 1238 3721 superari.
1264 3650 1472 3705 Idcirco
1494 3659 1549 3706 et
1572 3650 1743 3707 Graeci
1768 3653 2006 3709 etJudaei

428 3751 613 3798 ternos
650 3744 1008 3798 intercalares
1036 3732 1251 3799 menses
1275 3752 1469 3798 octavo
1501 3746 1701 3814 cuique
1733 3759 1879 3800 anno
1906 3745 2005 3823 ad-

425 3834 637 3897 iiciunt.
680 3833 890 3888 Etenim
920 3835 964 3888 si
997 3833 1247 3889 undenos
1281 3850 1406 3889 cum
1428 3836 1591 3891 unius
1621 3844 1775 3905 parte
1807 3844 2002 3906 quarta

424 3926 596 3980 octies
644 3926 995 3995 repetiveris,
1044 3925 1211 3979 trium
1261 3926 1531 3981 mensium
1583 3928 1819 3997 spatium
1866 3943 2000 3982 con-

425 4016 594 4071 ﬁcies.
646 4016 1042 4086 Quadringenti
1102 4017 1266 4087 igitur
1338 4018 1682 4088 septuaginta
1757 4019 1998 4091 quinque

422 4113 587 4173 anni,
642 4113 895 4165 octennia
955 4110 1190 4165 reddunt
1240 4111 1635 4181 quinquaginta
1694 4127 1890 4167 novem
1944 4122 1998 4167 et

422 4218 597 4257 annos
657 4211 918 4270 praeterea
978 4208 1110 4254 tres.
1175 4201 1311 4255 Cum
1359 4217 1490 4255 vero
1545 4213 1740 4256 octavo
1799 4204 1996 4274 cuique

420 4308 568 4347 anno
612 4295 754 4347 terni
811 4294 1204 4348 intercalentur
1254 4308 1506 4355 menses,
1559 4293 1847 4348 conﬁcitur
1899 4310 1995 4350 au-

417 4401 614 4441 norum
654 4402 720 4439 xv
757 4402 993 4449 summa,
1039 4386 1229 4456 paucis
1271 4385 1528 4439 detractis
1573 4385 1784 4441 diebus.
1829 4386 1986 4457 391

2141 1910 2391 1981 ποιῆσθαι
2416 1913 2505 1965 τὸν
2530 1912 2683 1982 λόγον
2719 1914 2828 1968 τῶν
2866 1915 3228 1986 ἐϐδομήκοντα
3256 1916 3577 1989 ἑϐδομάδων.
3596 1916 3711 1975 Ais-4

2138 2000 2246 2054 λὼν
2274 2002 2381 2074 γὰρ
2407 2002 2577 2067 αὐτὰς
2605 2008 2685 2063 εἰς
2719 2004 2940 2076 πρώτας
2965 2005 3124 2067 ἑπτὰ,
3170 2006 3341 2060 ἔπειθ’
3371 2009 3563 2081 ἐτέρας
3586 2011 3708 2084 ἐξή-

2137 2109 2300 2145 κοντα
2323 2092 2436 2157 δύο,
2463 2096 2555 2148 καὶ
2585 2094 2723 2164 μετὰ
2752 2092 2979 2147 πλεῖστα
3006 2094 3075 2147 τά
3101 2096 3301 2166 μεταξὺ
3327 2098 3705 2171 ἐπιλεγόμενα,

2134 2182 2232 2253 τὴν
2265 2182 2390 2252 μίαν
2415 2185 2642 2249 ἐπιθεὶς,
2668 2183 2810 2238 οῦτω
2838 2184 2928 2238 τὸν
2955 2186 3183 2257 ἀριθμὸν
3205 2184 3311 2241 τῶν
3339 2189 3707 2263 ἐϐδομήκοντα

2136 2275 2436 2345 ἑϐδομάδων
2480 2277 2811 2347 ἀφωρίσατο.
2847 2276 3008 2344 Λέγει
3046 2277 3089 2330 δ’
3136 2275 3249 2331 οὖν·
3295 2299 3313 2330 ι
3349 2282 3458 2333 Καὶ
3496 2281 3700 2354 γνώσῃ,

2134 2367 2227 2419 καὶ
2258 2369 2505 2437 συνήσεις
2541 2367 2648 2421 ἀπὸ
2677 2367 2853 2434 ἐξόδου
2890 2366 3047 2436 λόγου
3078 2368 3171 2422 τοῦ
3212 2372 3566 2444 ἀποκριθῆναι
3607 2375 3701 2426 καὶ

2132 2454 2224 2506 τοῦ
2268 2456 2615 2528 οἰκοδομῆσαι
2658 2458 3003 2530 Ἰερουσαλὴμ
3047 2460 3150 2524 ἓως
3190 2462 3424 2531 Χριστοῦ
3464 2466 3699 2534 ἡγουμέ-

2131 2563 2242 2610 νου,
2275 2548 2563 2618 ὲϐδομάδες
2604 2548 2763 2612 ἑπτά,
2808 2550 2902 2603 καὶ
2947 2550 3235 2622 ἐϐδομάδες
3263 2554 3636 2623 ἑξηκονταδύο.
3674 2574 3691 2605 ι

2130 2635 2242 2692 Εἶθ’
2289 2641 2452 2713 ἐτερά
2486 2659 2606 2695 τινα
2657 2641 2858 2712 μεταξὺ
2903 2643 3217 2712 ἐπαγαγὼν,
3254 2645 3350 2716 τὴν
3388 2646 3698 2701 τελευταίαν

2128 2732 2468 2804 προστίθησι,
2484 2734 2678 2806 φήσας·
2705 2753 2722 2785 ι
2744 2736 2851 2788 Καὶ
2875 2734 3181 2806 δυναμὼσει
3204 2737 3464 2810 διαθήκην
3486 2738 3697 2803 πολλοῖς

2126 2822 2359 2892 ἑϐδομὰς
2403 2823 2519 2894 μία.
2566 2843 2583 2875 ι
2643 2826 2764 2877 Ὅτι
2789 2824 2835 2878 δ’
2868 2822 2926 2877 ού
2971 2826 3148 2896 μάτην
3185 2827 3374 2892 ταῦτα,
3420 2829 3528 2882 οὐδ’
3568 2831 3693 2884 ἄνευ

2123 2913 2223 2983 τῆς
2272 2914 2420 2977 Θείας
2467 2914 2752 2979 ἐπιπνοίας
2804 2916 3164 2986 ἐσχεδίασται,
3213 2919 3369 2973 πάνθ’
3420 2921 3691 2975 ὁντιναοῦν

2121 3004 2229 3058 τῶν
2254 3004 2329 3068 ὡς
2360 3004 2492 3058 Θεοῦ
2531 3008 2766 3077 ῥήμασιν
2804 3008 2987 3071 αὐτοῖς
3020 3008 3390 3080 προσεχόντων
3428 3011 3693 3083 ὁμολογή-

2122 3112 2235 3149 σειν
2283 3096 2539 3167 ὴγοῦμαι.
2585 3096 2753 3150 Τοῦτο
2802 3092 2901 3167 μὲν
2949 3094 3040 3151 οὖν
3091 3099 3302 3170 πρῶτον
3344 3103 3475 3171 ἡμῖν
3511 3102 3688 3168 καλῶς

2117 3188 2290 3254 ἔδοξεν
2322 3189 2780 3261 ἐπισημήνασθαι,
2821 3189 3139 3245 καταλιπεῖν
3176 3210 3235 3246 τε
3279 3196 3392 3257 τοῖς
3423 3195 3683 3266 ἐντυγχά-

2111 3296 2258 3333 νουσι
2280 3281 2376 3352 τὴν
2396 3280 2490 3333 τοῦ
2518 3281 2841 3353 ζητηθέντος
2864 3283 3065 3354 ἀκριϐῆ
3088 3283 3260 3339 λύσιν.
3288 3285 3350 3338 Et
3376 3285 3431 3338 δέ
3460 3288 3560 3358 χρὴ
3589 3286 3679 3340 καὶ

2111 3372 2257 3443 ἡμᾶς
2280 3370 2342 3424 τὸ
2383 3372 2621 3425 ἐπεισιὸν
2661 3368 2734 3445 μὴ
2780 3374 3385 3449 ἀποκρύψασθαι,ιφημὶ
3422 3378 3537 3431 καθ’
3563 3379 3677 3432 ἑτέ-

2109 3480 2210 3535 ραν
2231 3463 2465 3517 διάνοιαν
2491 3466 2608 3535 ἦτοι
2631 3465 2858 3537 ἐκδοχὴν
2881 3466 2971 3519 τὸν
2997 3469 3054 3520 ἐν
3079 3470 3145 3539 τῇ
3174 3470 3511 3544 προκειμένῃ
3546 3488 3678 3542 γρα-

2107 3560 2179 3626 φῇ
2205 3556 2529 3629 δηλούμενον
2556 3554 2792 3632 Χριστὸν
2832 3558 3154 3631 ἡγούμενον,
3188 3563 3329 3616 κατὰ
3365 3563 3452 3625 τὰ,
3487 3582 3507 3615 ι
3548 3565 3678 3618 Ἀπὸ

2105 3645 2284 3710 ἐξόδου
2320 3647 2477 3716 λόγου
2516 3649 2611 3702 τοῦ
2656 3650 3018 3723 ἀποκριθῆναι
3066 3653 3158 3706 καὶ
3198 3653 3291 3706 τοῦ
3325 3653 3677 3726 οἰκοδομῆσαι

2116 3736 2466 3810 Ἰερουσαλὴμ
2492 3738 2597 3803 ἕως
2628 3741 2863 3811 Χριστοῦ
2890 3743 3210 3813 ἡγουμένου,
3245 3764 3263 3796 ι
3292 3745 3391 3798 οὐκ
3414 3745 3572 3801 ἄλλον
3596 3743 3673 3800 εἷ-

2102 3845 2189 3882 ναι
2211 3829 2304 3883 τοῦ
2330 3831 2628 3901 καταλόγου
2655 3834 2762 3887 τῶν
2793 3834 2931 3904 μετὰ
2955 3836 3053 3907 τὴν
3079 3836 3435 3908 προφητείαν,
3461 3840 3555 3892 καὶ
3578 3839 3674 3911 τὴν

2100 3921 2206 3974 ἀπὸ
2237 3922 2550 3987 Βαϐυλῶνος
2576 3925 2853 3990 ἐπάνοδον,
2900 3928 3261 3999 ἡγησαμένων
3301 3922 3394 3981 τοῦ
3426 3929 3554 3983 λαοῦ
3583 3932 3676 4002 ἀρ-

2099 4014 2347 4085 χιερέων,
2390 4013 2479 4078 οὓς
2527 4017 2794 4087 Χριστοὺς
2848 4017 2968 4080 ἔθος
3014 4019 3306 4073 ἀποκαλεῖν
3347 4023 3411 4092 τῇ
3455 4021 3666 4092 Γραφῇ.

2098 4103 2305 4168 Μόνους
2327 4105 2435 4177 γὰρ
2458 4108 2681 4190 τούτους
2708 4109 3119 4180 καθηγήσασθαι
3153 4109 3246 4164 τοῦ
3273 4109 3475 4174 ἔθνους,
3502 4111 3670 4181 ἀρξα-

2100 4194 2292 4263 μένους
2319 4195 2426 4247 ἀπὸ
2461 4196 2635 4266 Ἰησοῦ
2673 4196 2768 4250 τοῦ
2804 4197 3066 4262 Ἰωσεδὲκ,
3103 4197 3197 4251 τοῦ
3224 4197 3414 4268 ίερέως
3441 4197 3531 4249 τοῦ
3565 4214 3663 4266 με-

2094 4283 2279 4352 γάλου,
2318 4285 2456 4355 μετὰ
2499 4285 2596 4358 τὴν
2641 4286 2748 4339 ἀπὸ
2787 4286 3105 4351 Βαϐυλῶνος
3134 4286 3405 4349 ἐπάνοδον,
3431 4286 3524 4339 καὶ
3569 4287 3663 4356 μὲ-

2095 4395 2184 4448 χρι
2214 4378 2321 4431 τῶν
2348 4380 2554 4450 χρόνων
2593 4381 2689 4451 τῆς
2717 4379 2808 4432 τοῦ
2850 4380 3098 4450 Σωτῆρος
3123 4378 3276 4451 ἡμῶν
3313 4378 3483 4451 Ἰησοῦ
3520 4383 3657 4451 Χρι-

417 4477 567 4542 Quos
598 4477 644 4531 si
676 4476 744 4529 ad
779 4477 1212 4547 quadringentos
1239 4478 1582 4546 septuaginta
1622 4478 1863 4546 quinque
1893 4478 1989 4533 ad-

2115 4471 2218 4523 ττοῦ
2259 4472 2558 4543 παρουσίας
2591 4472 3024 4543 παρειλήφαμεν.
3066 4468 3230 4542 Οἶμαι
3271 4470 3398 4540 γοῦν
3431 4474 3521 4527 τὸν
3564 4492 3658 4544 με-

414 4569 640 4630 dideris,
675 4569 1045 4623 hebdomadas
1066 4582 1171 4622 Lxx
1198 4568 1478 4623 conﬁcies.
1515 4587 1534 4619 ι
1568 4567 1842 4623 Hactenus
1864 4569 1989 4639 qui-

2115 4560 2219 4627 ἀξὺ
2260 4563 2449 4634 χρόνον
2491 4562 2587 4631 τῆς
2627 4560 2830 4614 τούτων
2869 4559 3220 4631 προστασίας,
3262 4561 3381 4614 καθ’
3417 4562 3474 4616 ὃν
3516 4565 3654 4635 ήγή-

413 4661 536 4716 dem
586 4660 896 4715 Africanus.
963 4660 1119 4726 Quod
1163 4662 1208 4715 si
1249 4676 1350 4716 nos
1406 4676 1625 4731 quoque
1666 4669 1881 4730 oportet
1929 4662 1983 4715 in

411 4751 684 4821 ejusmodi
745 4753 893 4805 locos
963 4751 1239 4820 propriam
1298 4752 1872 4807 commemorationem
1924 4751 1980 4804 in

316 4902 321 4907 ο
401 4836 640 4891 medium
695 4836 923 4902 aiferre,
965 4838 1088 4892 dico
1146 4852 1255 4891 non
1313 4840 1511 4894 frustra
1564 4857 1742 4911 neque
1784 4856 1988 4897 temere

399 4926 725 4982 divisionem
787 4929 857 4982 ab
918 4930 1140 4984 oraculo
1203 4946 1325 4986 esse
1385 4931 1586 4986 factam
1645 4933 1985 5004 septuaginta

402 5020 890 5075 hebdomadarum.
923 5020 1058 5076 Nam
1106 5041 1229 5078 cum
1278 5041 1371 5079 cas
1403 5026 1648 5080 diviserit
1681 5027 1733 5080 in
1776 5027 1982 5096 primas

400 5123 625 5183 septem,
664 5131 727 5168 ac
767 5115 959 5170 deinde
1008 5117 1060 5170 in
1095 5118 1232 5173 alias
1275 5121 1553 5190 sexaginta
1585 5122 1743 5182 duas,
1775 5130 1830 5174 et
1860 5128 1983 5188 post

398 5205 629 5273 plurima
654 5245 669 5268 ,
692 5222 815 5275 qua:
838 5207 1011 5261 media
1037 5194 1476 5278 interponuntur,
1516 5227 1678 5264 unam
1710 5210 1977 5279 reliquam

396 5296 679 5363 adiecerit,
725 5311 792 5351 eo
827 5299 986 5353 modo
1038 5316 1326 5355 numerum
1373 5301 1716 5371 septuaginta
1763 5299 1971 5355 hebdo-

395 5389 614 5442 madum
637 5390 948 5458 complevit.
1000 5390 1141 5457 Dicit
1178 5394 1345 5461 igitur
1379 5414 1390 5447 :
1431 5412 1449 5443 ι
1488 5392 1552 5446 Et
1586 5406 1887 5461 cognosces
1914 5402 1967 5447 et

394 5477 663 5550 intelliges
700 5482 768 5535 ab
812 5484 961 5537 exitu
1011 5486 1302 5546 sermonis,
1345 5492 1405 5537 ut
1445 5487 1876 5553 respondeatur,
1911 5492 1963 5539 et

391 5569 689 5625 mililicetur
735 5572 1038 5629 Jerusalem
1094 5592 1268 5644 usque
1306 5578 1370 5629 ad
1416 5575 1697 5630 Christum
1741 5575 1958 5641 ducem,

389 5657 756 5716 hebdomades
773 5673 1002 5732 septem,
1022 5674 1075 5719 et
1096 5666 1462 5720 hcbdomades
1483 5667 1763 5736 sexaginta
1780 5667 1920 5720 duae.
1937 5688 1956 5718 ι

387 5746 595 5804 Deinde
624 5751 747 5807 aliis
774 5755 1102 5825 quibusdam
1135 5757 1475 5829 interpositis
1504 5758 1689 5825 rebus,
1718 5757 1960 5815 novissi-

2090 4670 2269 4718 σαντο,
2304 4652 2594 4722 δηλοῦσθαι
2641 4652 2731 4704 διὰ
2770 4651 2885 4715 τοῦ,
2925 4670 2943 4703 ι
2991 4652 3121 4704 Ἀπὸ
3144 4652 3321 4716 ἐξόδου
3361 4653 3516 4721 λόγου
3555 4655 3650 4708 τοῦ

2085 4743 2446 4814 ἀποκριθῆναι
2483 4743 2577 4794 καὶ
2612 4744 2704 4795 τοῦ
2748 4741 3095 4812 οἰκοδομῆσαι
3155 4741 3501 4815 Ἰερουσαλὴμ
3546 4745 3651 4809 ἓως

2082 4834 2318 4906 Χριστοῦ
2350 4834 2671 4905 ἡγουμένου,
2707 4833 2997 4904 ἐϐδομάδες
3035 4832 3195 4897 ἑπτὰ,
3233 4835 3324 4887 καὶ
3359 4835 3649 4905 ἐϐδομάδες

2081 4929 2464 5000 ἑξηκονταδύο·
2500 4950 2519 4981 ι
2561 4930 2668 4982 τῶν
2692 4928 2826 4982 ἐτῶν
2851 4930 2908 4982 δὲ
2938 4931 3036 4995 τὰς
3064 4932 3381 5003 ἑϐδομάδας,
3422 4951 3651 5005 συναγο-

2081 5022 2245 5093 μένας
2271 5024 2350 5085 είς
2383 5021 2475 5092 ἔτη
2506 5020 2829 5092 τετρακόσια
2872 5022 3194 5093 ὀγδοήκοντα
3222 5026 3371 5094 τρία,
3416 5026 3523 5079 ἀπὸ
3549 5027 3648 5096 τῆς

2075 5112 2258 5185 Κύρου
2301 5112 2578 5184 βασιλείας
2620 5115 2710 5167 ἐπὶ
2742 5114 2839 5184 τὴν
2877 5113 3158 5185 Ῥωμαίων
3199 5116 3647 5186 παρεκτείνεσθαι

2073 5207 2265 5279 ἀρχὴν,
2299 5206 2418 5260 καθ’
2446 5207 2511 5277 ἢν
2554 5207 2831 5277 Πομπήϊος
2872 5207 3153 5277 Ῥωμαίων
3178 5208 3479 5278 στρατηγὸς
3520 5211 3643 5261 ἐπι-

2074 5297 2205 5359 στὰς
2229 5299 2340 5359 τοῖς
2382 5294 2789 5366 Ἱεροσολύμοις,
2815 5290 2930 5348 εἷλε
2965 5296 3062 5365 μὲν
3103 5294 3388 5367 πολιορκίᾳ
3415 5297 3513 5366 τὴν
3548 5296 3644 5349 πό-

2069 5389 2170 5453 λιν,
2204 5390 2264 5442 τὸ
2287 5389 2343 5442 δέ
2375 5391 2483 5442 πᾶν
2523 5388 2672 5452 ἔθνος
2708 5388 2891 5443 δοῦλον
2927 5388 3214 5458 Ῥωμαίοις
3246 5390 3637 5460 κατεστήσατο,

2067 5482 2142 5545 ὡς
2174 5483 2267 5534 καὶ
2299 5482 2495 5551 φόρους
2540 5480 2598 5544 ἐξ
2622 5479 2828 5534 ἐκείνου
2863 5479 3054 5544 τελεῖν,
3084 5481 3177 5532 καὶ
3204 5483 3315 5542 τοῖς
3354 5480 3639 5550 Ῥωμαίων

2066 5571 2378 5642 πειθαρχεῖν
2405 5571 2785 5640 ἐπιτάγμασιν.
2835 5570 2958 5621 Ἐπὶ
3002 5568 3191 5621 τοῦτον
3225 5568 3354 5637 γοῦν
3394 5569 3485 5621 τὸν
3512 5568 3640 5642 χρό-

2063 5683 2152 5719 νον
2175 5666 2203 5717 ό
2225 5664 2330 5716 τῶν
2357 5662 2716 5735 τετρακοσίων
2739 5663 3062 5733 ὀγδοήκοντα
3114 5660 3281 5732 τριῶν
3304 5660 3439 5713 ἐτῶν
3480 5677 3638 5732 περι-

2062 5755 2300 5829 ορίζεται
2326 5754 2577 5826 ἀριθμὸς,
2612 5755 2696 5823 ἐφ’
2741 5754 2799 5806 ὃν
2827 5754 2921 5806 καί
2949 5749 3244 5821 κατέληξαν
3278 5751 3326 5804 οἱ
3371 5750 3510 5805 κατὰ
3538 5750 3635 5808 τὸν
