4098 6434
404 359 504 414 615

1235 355 1882 412 DEMONSTRATIONIS
1920 357 2375 415 EVANGELICA‘Z
2417 359 2543 414 LIB.
2593 358 2722 413 Vill.

3538 360 3638 411 OH

405 475 644 539 Μωσέως
687 474 846 546 νόμον
900 475 963 526 ἐκ
1015 473 1262 542 πατέρων
1306 465 1562 542 διαδοχῆς
1595 472 1694 543 τὴν
1733 490 1958 543 προστα-

2071 489 2211 527 mam
2247 475 2516 545 adjungit,
2547 477 2631 530 his
2655 477 2832 530 verbis
2860 491 2872 526 :
2914 493 2932 525 ι
2971 475 3034 527 Et
3053 474 3390 529 conﬁrmabit
3420 482 3636 544 pactum

399 567 516 620 σίαν
537 567 630 621 τοῦ
658 567 858 630 ἔθνους,
895 566 988 618 καὶ
1015 566 1110 635 τὴν
1141 564 1436 635 ἱερωσύνην
1468 564 1800 634 διειληφότες
1823 582 1835 594 ⁸
1869 564 1961 628 οὓς

395 659 627 730 Χριστὸν
655 657 952 728 ἡγούμενον
977 657 1074 727 τὴν
1099 656 1244 709 θείαν
1281 657 1372 708 ἐπὶ
1402 655 1494 707 τοῦ
1527 657 1788 726 παρόντος
1821 657 1961 728 Γρα-

399 749 502 819 φὴν
526 749 804 819 ὀνομάζειν
830 746 1210 816 ὑπολαμϐάνω.
1247 747 1308 798 Εἰ
1334 747 1388 798 δὲ
1418 747 1521 816 χρὴ
1553 747 1644 798 καὶ
1673 746 1761 798 τὸν
1795 747 1962 800 κατά-

398 839 552 909 λογον
596 841 843 893 ἐκθέσθαι
880 839 976 909 τῆς
1004 838 1111 891 τῶν
1139 839 1436 908 ἀρχιερέων
1474 838 1744 908 διαδοχῆς,
1775 838 1883 892 τῶν
1907 841 1964 891 ἐν

398 932 476 1000 τῷ
504 930 810 1001 δηλουμένῳ
839 927 1037 1000 μεταξὺ
1065 929 1239 1000 χρόνῳ
1259 928 1670 998 διαγενομένων,
1695 929 1964 981 καὶτοῦτο

399 1022 570 1084 οὐδεὶς
612 1021 800 1091 φθόνος
842 1023 919 1082 είς
965 1021 1302 1090 παράστασιν
1354 1020 1450 1090 τῆς
1501 1019 1606 1072 τῶν
1661 1020 1966 1090 εἰρημένων

402 1113 652 1182 ἀληθείας
697 1115 819 1183 ποιή
828 1111 1041 1164 σασθαι.

2069 565 2254 618 multis
2301 565 2644 620 hebdomada
2693 581 2819 619 una.
2866 585 2884 616 ›
2919 564 3075 630 Quod
3122 573 3298 619 autem
3353 566 3469 620 haec
3528 581 3638 621 non

2065 653 2272 709 frustra
2305 671 2480 726 neque
2513 656 2718 725 absque
2761 656 2948 709 divino
2994 656 3174 709 aﬁlatu
3225 665 3426 712 temere
3467 657 3636 712 elIusa

2063 747 2195 806 sint,
2229 761 2419 800 eorum
2450 747 2540 815 qui
2562 747 2676 800 haec
2703 754 2963 816 tanquam
2993 746 3087 800 Dei
3116 746 3281 800 verba
3302 749 3637 817 acceperint,

2062 842 2384 904 negaturum
2441 837 2678 889 arbitror
2710 837 3000 891 neminem.
3035 837 3149 891 Hoc
3191 838 3358 907 igitur
3401 840 3637 908 primum

2063 931 2347 986 commode
2381 932 2538 986 nobis
2590 933 2769 985 visum
2809 942 2893 987 est
2938 933 3187 986 adnotari
3238 944 3512 1002 oportere,
3560 935 3638 988 le-

2064 1022 2425 1091 gentibusque
2457 1030 2514 1074 ut
2561 1023 2788 1091 hujusce
2820 1024 3139 1092 quaestionis
3171 1025 3500 1092 exquisitam
3547 1039 3637 1079 so-

2063 1113 2323 1166 lutionem
2368 1113 2666 1178 inveniant,
2716 1114 2894 1167 locum
2937 1115 3261 1182 relinquere.
3295 1114 3550 1171 Attamen
3588 1115 3636 1170 si

403 1219 470 1257 ne
513 1219 610 1258 nos
638 1205 852 1272 quidem
898 1203 1040 1272 quod
1083 1203 1137 1255 in
1183 1211 1419 1255 mentem
1468 1201 1636 1264 venit,
1679 1203 1956 1256 occultare
1996 1209 2227 1271 oportet,
2297 1203 2420 1256 dico
2483 1204 2589 1256 alio
2620 1203 2854 1272 quodam
2894 1219 3063 1259 sensu
3105 1205 3382 1258 Christum
3415 1205 3630 1266 ducem,

401 1294 492 1364 qui
532 1295 587 1348 in
613 1295 854 1364 proxime
879 1295 1124 1363 exposita
1159 1295 1427 1363 scriptura
1461 1293 1799 1363 signiﬁcatur
1859 1309 1980 1349 esse
2019 1295 2415 1363 accipiendum,
2450 1296 2504 1349 in
2550 1296 2658 1349 illis
2707 1297 2894 1364 utique
2924 1297 3102 1350 verbis
3132 1313 3143 1346 :
3185 1316 3202 1347 ¢
3228 1297 3310 1350 Ab
3337 1295 3634 1352 exitu'ser-

399 1386 578 1440 monis
632 1391 690 1438 ut
735 1385 1146 1453 respondeatur,
1178 1393 1228 1438 et
1289 1384 1586 1438 aediﬁcetur
1626 1382 1924 1438 Jerusalem
1964 1399 2136 1452 usque
2175 1384 2242 1437 ad
2292 1384 2568 1439 Christum
2608 1385 2824 1447 ducem,
2881 1405 2900 1436 ι
2942 1385 3186 1454 nihilque
3225 1387 3371 1440 aliud
3433 1386 3639 1442 intelli-

403 1477 634 1547 gendum
686 1491 847 1545 quam
905 1475 1134 1537 seriem,
1185 1477 1698 1544 successionemque
1745 1474 2081 1543 pontiﬁcum,
2144 1476 2235 1544 qui
2294 1484 2416 1545 post
2468 1476 2614 1529 illam
2665 1479 2837 1546 ipsam
2893 1477 3254 1546 prophetiam,
3292 1479 3636 1548 reditumque

404 1570 470 1624 de
501 1570 769 1640 Babylone
799 1569 994 1636 populo
1020 1567 1245 1621 Judaico
1276 1567 1607 1637 praefuerint,
1634 1583 1771 1637 quos
1794 1567 2046 1623 Christos
2094 1569 2375 1623 nominare
2429 1584 2598 1624 sacra:
2646 1568 2863 1624 Litterae
2904 1577 3326 1624 consueverunt.
3358 1569 3467 1625 Hos
3487 1571 3636 1626 enim

404 1666 664 1718 duntaxat
692 1663 838 1733 genti
864 1662 1144 1731 praetulisse
1207 1660 1360 1714 initio
1396 1661 1539 1714 facto
1581 1663 1649 1716 ab
1695 1660 1936 1718 Josedeo.
1971 1662 2252 1716 sacerdote
2303 1677 2520 1731 magno,
2565 1670 2688 1730 post
2753 1663 2985 1717 reditum
3029 1663 3096 1717 de
3140 1661 3415 1732 Babylone
3464 1679 3636 1733 usque

406 1756 470 1807 ad
503 1761 745 1822 tempora
779 1753 1040 1806 adventus
1083 1750 1381 1807 Salvatoris
1447 1753 1620 1807 nostri
1671 1753 2002 1821 accepimus.
2050 1753 2297 1806 Arbitror
2331 1753 2495 1821 igitur
2547 1753 2930 1807 intermedium
2981 1765 3192 1821 tempus
3237 1770 3345 1822 quo
3382 1755 3458 1807 illi
3496 1770 3635 1824 pra:-

405 1846 624 1898 fnerunt
687 1844 979 1913 signiﬁcari
1038 1844 1144 1898 illis
1207 1843 1446 1898 verbis:
1512 1862 1531 1894 ‹
1611 1843 1693 1898 Ab
1739 1845 1889 1898 exitu
1949 1843 2218 1900 sermonis
2277 1849 2335 1895 ut
2396 1841 2804 1910 respondeatur,
2841 1849 2896 1895 et
2971 1841 3266 1896 aediﬁcetur
3335 1841 3637 1898 Jerusalem

406 1951 578 2005 usque
629 1934 694 1988 ad
742 1935 1016 1993 Christum
1072 1935 1288 1998 ducem,
1349 1934 1712 1989 hebdomades
1750 1945 1952 2004 septem
1991 1942 2046 1989 et
2099 1933 2463 1988 hebdomades
2489 1933 2768 2003 sexaginta
2806 1931 2964 1997 duae;
2997 1951 3014 1982 ι
3047 1947 3313 1986 annorum
3343 1949 3470 1988 vero
3505 1934 3638 1990 heb~

403 2027 684 2091 domadas,
741 2028 784 2082 si
819 2028 1130 2098 redigantur
1177 2028 1233 2082 in
1283 2043 1489 2093 annos,
1541 2029 1966 2098 quadringentos
2005 2029 2278 2097 octoginta
2311 2037 2442 2092 tres,
2479 2041 2507 2079 a
2543 2041 2711 2094 regno
2739 2026 2864 2096 Cyri
2909 2041 3082 2094 usque
3153 2027 3219 2078 ad
3264 2025 3635 2081 Romanorum

404 2116 685 2184 imperium
706 2119 1010 2188 propagari,
1064 2134 1174 2189 quo
1230 2127 1475 2190 tempore
1531 2119 1822 2189 Pompeius
1875 2118 2241 2174 Romanorum
2272 2122 2568 2188 imperator
2597 2116 2968 2186 Hierosolyma
2998 2132 3313 2186 aggressus,
3335 2117 3624 2172 obsidione

403 2212 620 2280 quidem
644 2213 830 2267 urbem
856 2214 1024 2282 ipsam
1057 2215 1223 2284 cepit,
1286 2222 1454 2268 totam
1510 2230 1640 2269 vero
1693 2223 1905 2284 gentem
1941 2213 2202 2268 Romanis
2234 2213 2394 2282 392
2455 2211 2659 2266 servire
2707 2211 2905 2279 coegit,
2957 2225 3128 2278 usque
3168 2209 3322 2274 adeo,
3358 2217 3416 2262 ut
3449 2225 3513 2264 ex
3541 2210 3634 2262 illo

401 2310 644 2372 tempore
671 2313 724 2359 et
753 2306 950 2358 tributa
985 2307 1226 2375 pendens
1252 2315 1306 2360 et
1328 2306 1698 2360 Romanorum
1725 2307 1974 2376 jussibus
2013 2307 2397 2374 obtemperans
2423 2303 2604 2356 fuerit.
2633 2303 2714 2355 Ad
2763 2303 2866 2354 hoc
2902 2301 3068 2370 igitur
3109 2310 3343 2370 tempus,
3375 2300 3634 2370 quadrin-

407 2405 690 2463 gentorum
739 2398 1014 2466 octoginta
1078 2400 1241 2452 trium
1285 2414 1552 2452 annorum
1600 2415 1861 2453 numerus
1908 2399 2146 2461 ducitur,
2217 2399 2271 2450 in
2315 2411 2422 2466 quo
2492 2395 2810 2457 desierunt,
2857 2393 2949 2461 qui
2998 2392 3297 2446 secundum
3340 2392 3634 2447 Mosaicam

398 2483 571 2553 legem
632 2501 697 2539 ex
731 2486 998 2553 majorum
1051 2490 1401 2544 successione
1457 2506 1519 2544 ac
1577 2493 1736 2555 serie,
1766 2493 1933 2546 totius
1960 2493 2137 2562 gentis
2181 2489 2544 2562 principatum
2593 2495 2646 2540 et
2695 2485 3058 2539 sacerdotium
3111 2484 3432 2553 capiebant,
3487 2500 3630 2554 quos

400 2575 678 2629 Christum
718 2577 909 2631 ducem
955 2593 984 2630 a
1033 2577 1317 2649 Scriptura
1361 2581 1540 2636 divina
1582 2583 1774 2638 hocin
1823 2585 1943 2638 loco
2005 2582 2275 2637 nominari
2334 2578 2602 2648 suspicor.
2635 2576 2792 2641 Quod
2831 2577 2877 2631 si
2899 2592 3036 2645 opus
3071 2586 3154 2630 est
3215 2575 3628 2629 enumeratione

400 2683 616 2736 quoque
647 2669 745 2731 uti,
777 2676 830 2722 et
878 2669 1099 2738 quinam
1142 2672 1234 2726 illo
1263 2673 1586 2728 intermedio
1626 2682 1869 2745 tempore
1901 2677 1964 2728 de
1993 2689 2101 2744 quo
2159 2671 2449 2741 IOquimur,
2484 2669 2682 2738 quibus
2748 2668 3133 2730 successerint,
3169 2667 3454 2735 locumque
3481 2666 3633 2720 illum

401 2760 558 2812 tutati
601 2761 730 2824 sint,
767 2776 1056 2830 exponere,
1116 2779 1184 2818 ne
1231 2764 1332 2819 hoc
1373 2767 1589 2834 quidem
1641 2768 1818 2822 facere
1860 2766 2228 2838 gravabimur,
2274 2769 2334 2815 ut
2384 2776 2570 2815 eorum
2595 2775 2715 2830 qua:
2742 2760 2886 2813 dicta
2926 2767 3074 2822 sunt,
3121 2759 3404 2812 veritatem
3458 2764 3638 2811 osten-

402 2853 612 2906 daimts.

468 2942 687 3012 Πρῶτος
717 2944 891 2996 τοίνυν
933 2946 1067 3015 μετὰ
1112 2947 1209 3018 τὴν
1245 2949 1336 3001 τοῦ
1375 2951 1568 3022 Δανιὴλ
1620 2953 1952 3027 προφητείαν

2144 2945 2386 3002 Primum
2429 2943 2595 3014 igitur
2636 2947 2758 3010 post
2809 2937 2981 3008 ipsius
3027 2937 3216 2992 Daniel
3260 2938 3630 3007 prophetiam,

401 3036 493 3088 ἐπὶ
539 3035 718 3106 Κύρου
772 3035 864 3087 τοῦ
923 3035 1183 3106 βασιλέως
1227 3041 1471 3111 Περσῶν,
1531 3043 1666 3112 μετά
1710 3045 1807 3116 τὴν
1856 3045 1964 3097 ἀπὸ

401 3125 715 3190 Βαϐυλῶνος
759 3127 1033 3192 ἐπάνοδον,
1073 3129 1276 3201 Ἰησοῦς
1319 3136 1347 3187 ὁ
1385 3133 1477 3186 τοῦ
1530 3135 1792 3197 Ἰωσεδὲκ,
1827 3138 1855 3188 ὁ
1891 3137 1964 3188 ἱε-

402 3222 524 3291 ρεὺς
577 3222 606 3272 ὁ
670 3221 838 3292 μέγας
888 3226 1252 3295 χρηματίσας,
1303 3227 1417 3298 άμα
1468 3227 1770 3298 Ζοροϐάϐελ
1822 3229 1963 3283 ἄνει-

401 3329 484 3365 σιν
541 3312 648 3366 άπδ
705 3314 802 3383 τῆς
861 3317 1264 3386 αἰχμαλωσίας,
1317 3319 1407 3370 καὶ
1465 3318 1743 3389 θεμελίους
1801 3337 1963 3372 κατα-

400 3401 649 3455 ϐάλλεται
710 3405 802 3458 τοῦ
871 3408 1036 3478 ἱεροῦ.
1097 3406 1232 3459 Ἀλλ’
1292 3408 1664 3478 ἐπισχεθέντος
1729 3409 1822 3462 τοῦ
1869 3409 1962 3480 ἕρ-

399 3509 493 3560 γου
537 3493 642 3545 ὑπὸ
679 3493 784 3547 τῶν
816 3497 1127 3567 περιοίκων,
1160 3499 1214 3550 αἱ
1257 3499 1468 3569 πρῶται
1503 3499 1642 3552 ἑπτὰ
1675 3500 1962 3570 ἐϐδομάδες

398 3583 504 3636 τῶν
537 3585 671 3637 ἐτῶν
701 3587 757 3637 αἰ
803 3587 888 3640 διὰ
919 3588 1012 3641 τοῦ
1080 3591 1353 3659 προφήτου
1397 3591 1720 3662 δηλούμεναι
1754 3609 1960 3662 συμπε-

403 3674 694 3746 ραιοῦνται,
731 3679 850 3731 καθ’
885 3679 949 3741 ἃς
977 3680 1159 3743 άτελές
1189 3681 1400 3751 διέμενε
1441 3682 1500 3734 τὸ
1549 3682 1705 3754 ἔργον
1744 3683 1842 3751 τῆς
1867 3682 1960 3735 τοῦ

399 3765 526 3818 ναοῦ
556 3767 858 3838 οἰκοδομῆς.
890 3771 1088 3842 Διόπερ
1133 3775 1160 3825 ὁ
1209 3773 1349 3836 θεῖος
1389 3773 1544 3841 λόγος
1585 3775 1684 3839 τῆς
1719 3773 1962 3842 συναφῆς

397 3859 505 3912 τῶν
542 3861 739 3914 λοιπῶν
770 3863 1073 3934 ἑϐδομάδων
1116 3865 1360 3936 ἀφορίζει
1406 3866 1505 3929 τὰς
1542 3865 1759 3936 πρώτας
1799 3865 1956 3930 ἑπτά,

399 3954 617 4020 εἰπὼν,‹
639 3957 955 4028 Ἐϐδομάδες
973 3960 1129 4022 ἐπτά,
1146 3980 1162 4010 ι
1183 3958 1348 4012 ἔπειθ’
1375 3960 1500 4029 ἑξῆς
1527 3959 1662 4030 μετὰ
1683 3959 1960 4029 διαστολῆς

397 4045 710 4116 ἐπαγαγών,
755 4068 773 4099 ι
814 4051 922 4102 Καὶ
965 4049 1254 4120 ἑϐδομάδες
1299 4050 1667 4120 ἑξηκονταδύο.
1724 4069 1742 4102 ι
1792 4051 1960 4103 Ἑπτὰ

397 4136 527 4206 γοῦν
559 4138 666 4191 ἀπὸ
700 4138 880 4209 Κύρου
916 4140 1008 4192 καὶ
1041 4141 1131 4192 ἐπὶ
1176 4141 1273 4211 τὴν
1310 4141 1697 4212 συμπλήρωσιν
1728 4123 1828 4210 τῆς
1866 4140 1958 4192 τοῦ

399 4229 542 4300 ἰεροῦ
575 4230 861 4300 οἰκοδομῆς
895 4231 1185 4300 ἐϐδομάδες
1216 4231 1349 4284 ἐτῶν
1376 4232 1730 4303 εὑρίσκονται.
1772 4230 1959 4284 Ἔνθεν

2065 3040 2210 3110 Cyro
2246 3037 2387 3107 apud
2433 3034 2630 3088 Persas
2676 3037 2957 3100 regnante,
2991 3036 3115 3098 post
3161 3028 3392 3082 reditum
3437 3029 3503 3082 de
3534 3028 3637 3083 Ba-

2063 3133 2278 3204 bylone,
2309 3128 2470 3184 Jesus
2513 3127 2657 3180 ﬁlius
2685 3122 2934 3184 Josedec,
2969 3121 3061 3190 qui
3108 3120 3363 3175 sacerdos
3396 3136 3625 3190 magnus

2064 3232 2148 3278 est
2178 3223 2376 3286 dictus,
2409 3234 2516 3273 una
2550 3231 2672 3271 cum
2710 3211 3011 3266 Zorobahel
3057 3210 3123 3263 de
3162 3208 3489 3279 Babylonica
3518 3225 3635 3264 sei-

2061 3313 2234 3365 vitute
2263 3308 2580 3369 revertitur,
2620 3312 2674 3358 et
2705 3303 2784 3356 sic
2811 3299 3167 3354 fundamenta
3201 3299 3384 3368 templi
3413 3301 3633 3368 jaciuno

2061 3411 2174 3458 tur.
2222 3400 2326 3455 Sed
2374 3399 2503 3452 dum
2549 3412 2578 3450 a
2625 3393 2820 3448 vicinis
2871 3389 3164 3459 impeditur
3215 3404 3376 3458 opus,
3427 3400 3631 3460 septem

2062 3496 2249 3566 prima:
2276 3504 2542 3546 annorum
2573 3483 2961 3545 hebdomades,
2995 3496 3133 3550 quas
3171 3481 3437 3550 propheta
3475 3481 3632 3546 dicit,

2063 3587 2329 3646 abierunt,
2361 3581 2560 3651 quibus
2584 3577 2770 3646 templi
2801 3574 3086 3629 azdiﬁeatio
3128 3573 3380 3625 inchoata
3415 3586 3631 3627 reman-

2063 3679 2153 3732 sit.
2180 3676 2297 3740 Qua
2327 3673 2393 3726 de
2425 3684 2587 3724 causa
2616 3667 2858 3720 divinum
2889 3663 3168 3717 oraculum
3195 3662 3398 3730 primas
3423 3669 3630 3730 septem

2064 3765 2432 3822 hebdomadas
2461 3777 2492 3816 a
2523 3759 2733 3826 reliqua
2758 3768 2968 3810 summa
3007 3752 3294 3821 disjungit,
3325 3751 3451 3805 dum
3474 3752 3628 3814 dicit,

2077 3879 2094 3911 ι
2136 3855 2510 3912 Hebdomades
2557 3858 2798 3920 septem,
2834 3866 2852 3898 ι
2888 3862 2951 3900 ac
2985 3844 3182 3898 deinde
3231 3859 3296 3898 ex
3345 3844 3633 3899 intervallo

2062 3949 2306 4020 adjungit
2328 3968 2339 4002 :
2363 3966 2381 3998 ‹
2408 3947 2472 4000 Ει
2497 3939 2864 3999 hebdomades
2887 3937 3163 4006 sexaginta
3189 3935 3330 3989 duae.
3361 3953 3380 3985 ι
3412 3931 3630 4004 Septem

2062 4045 2226 4114 igitur
2255 4057 2284 4095 a
2325 4041 2467 4111 Cyro
2518 4037 2584 4090 ad
2634 4033 2816 4102 templi
2863 4029 3274 4084 aedificationem
3325 4027 3629 4082 absolutam

2062 4149 2328 4189 annorum
2395 4127 2760 4184 hebdomades
2819 4123 3188 4192 reperiuntur.
3241 4119 3370 4173 lnde
3417 4119 3629 4174 animos

2062 4233 2338 4283 sumentes
2367 4222 2534 4276 Judari
2574 4220 2640 4273 ad
2680 4217 3012 4270 Salvatorem
3048 4223 3295 4267 nostrum
3327 4211 3618 4265 dicebant:

396 4320 701 4392 ὁρμώμενοι
755 4321 833 4392 τῷ
886 4322 1096 4392 Σωτῆρι
1153 4323 1306 4393 ήμῶν
1351 4323 1532 4391 ἔλεγον
1587 4325 1633 4375 οἱ
1681 4323 1954 4376 Ἰουδαῖοι·

2065 4338 2082 4369 ί
2123 4315 2486 4384 Quadraginta
2516 4319 2569 4366 et
2599 4326 2690 4365 sex
2723 4308 2880 4361 annis
2907 4305 3230 4360 aediﬁcatum
3261 4310 3344 4359 est
3367 4303 3626 4388 teanlum

403 4431 420 4462 ι
451 4413 492 4463 Τ
496 4413 863 4484 εσσαράκοντα
887 4415 978 4466 καὶ
1011 4415 1067 4480 ἒξ
1094 4415 1266 4468 ἐτεσιν
1299 4415 1614 4486 ᾠκοδομήθη
1647 4416 1675 4466 ὁ
1712 4416 1834 4479 ναὸς
1867 4411 1954 4468 οὗ·

395 4518 506 4565 τος,
533 4505 626 4554 καὶ
657 4505 718 4557 σὺ
753 4506 810 4556 ἐν
835 4505 1010 4576 τρισὶν
1045 4505 1275 4575 ἡμέραις
1299 4507 1510 4577 ἐγερεῖς
1537 4506 1728 4569 αὐτόν;
1763 4526 1782 4556 ι
1820 4505 1954 4557 Ἀλλ’

397 4583 537 4644 οἴκοι
573 4592 672 4662 μὲν
708 4595 1111 4666 τεσσαράκοντα
1153 4597 1244 4648 καὶ
1276 4595 1334 4660 ἓξ
1375 4595 1548 4648 ἔτεσιν
1581 4594 1955 4665 ᾠκοδομῆσθαι

395 4681 484 4736 τὸν
527 4684 648 4736 ναὸν
700 4684 932 4754 ἔφασανο
969 4686 1204 4740 τοσαῦτα
1235 4686 1342 4758 γὰρ
1380 4687 1486 4740 ἀπὸ
1523 4684 1736 4757 πρώτου
1773 4684 1954 4754 Κύρου

399 4771 687 4841 βασιλείας,
711 4775 769 4838 ὃς
793 4775 1004 4844 πρῶτος
1027 4777 1194 4846 ἀνῆκε
1226 4777 1326 4846 τῆς
1358 4776 1672 4840 Βαϐυλῶνος
1693 4777 1819 4839 τοὺς
1845 4775 1956 4844 βου-

396 4862 651 4933 λομένους
689 4866 796 4918 τῶν
835 4868 1095 4921 Ἰουδαίων
1132 4871 1210 4932 εἰς
1245 4869 1342 4939 τὴν
1373 4869 1576 4920 οἰκείαν
1601 4867 1704 4936 γῆν
1744 4865 1957 4918 ἐπανιέ-

395 4970 503 5018 ναι,
539 4956 630 5008 ἐπὶ
653 4956 712 5008 τὸ
736 4957 888 5010 ἓκτον
914 4959 1029 5022 ἔτος
1064 4959 1286 5030 Δαρείου
1330 4958 1600 5028 βασιλείας
1643 4957 1952 5024 συνάγεται,

395 5045 518 5097 καθ’
543 5045 599 5098 ὃν
623 5047 682 5099 τὸ
715 5049 821 5100 πᾶν
853 5048 1009 5119 ἔργον
1033 5050 1132 5119 τῆς
1158 5050 1438 5119 οἰκοδομῆς
1470 5049 1619 5111 τέλος
1645 5047 1864 5117 εἴληφεν
1883 5063 1896 5074 ’
1927 5047 1956 5098 ὅ

396 5153 460 5205 γε
494 5138 598 5209 μὴν
625 5138 682 5204 ἐξ
720 5139 982 5210 Ἐϐραίων
1019 5140 1275 5210 Ἰώσηπος
1307 5142 1398 5194 καὶ
1435 5140 1591 5194 ἄλλον
1621 5139 1804 5209 τριετῆ
1839 5137 1956 5208 χρό-

395 5245 484 5281 νον
508 5231 585 5292 είς
606 5230 702 5301 τὴν
726 5230 832 5282 τῶν
860 5230 1055 5296 ἔξωθεν
1077 5231 1183 5284 τῶν
1205 5233 1345 5302 ἀμφὶ
1369 5232 1460 5284 τὸν
1483 5231 1604 5284 ναδν
1629 5245 1958 5283 κατασκευα-

398 5319 615 5388 σμάτων
668 5321 1056 5392 συμπλήρωσιν
1121 5322 1350 5392 ἔφησεν,
1411 5321 1538 5375 ὥστ’
1592 5320 1814 5382 εἰκότως
1868 5318 1956 5371 διὰ

393 5409 564 5462 ταῦτα
586 5410 682 5474 τὰς
705 5412 844 5464 ἑπτὰ
870 5411 1088 5483 πρώτας
1111 5413 1425 5483 ἑϐδομάδας.
1451 5414 1528 5478 εἰς
1562 5412 1655 5478 ἔτη
1683 5411 1836 5464 ἐννέα
1863 5410 1955 5462 καὶ¹

394 5502 794 5572 τεσσαράκοντα
849 5505 1239 5568 συντεινούσας,
1287 5504 1611 5576 ἀφωρίσθαι,
1669 5502 1809 5556 κατὰ
1863 5503 1954 5554 τὸν

391 5591 492 5664 τῆς
532 5595 860 5665 προφητείας
904 5597 1089 5666 λόγον·
1127 5597 1224 5661 τὰς
1267 5597 1323 5650 δέ
1366 5595 1556 5658 λοιπάς
1601 5592 1954 5665 ἑξηκονταδύο

461 5747 505 5778 ⁹¹
537 5745 690 5803 Joan.
725 5767 782 5814 ιι,
825 5751 878 5806 8.
1704 5757 1746 5786 ν

2057 4414 2179 4475 hoc,
2212 4419 2266 4465 et
2307 4417 2362 4461 tu
2389 4408 2443 4459 in
2487 4405 2662 4458 tribus
2696 4401 2890 4456 diebus
2926 4398 3187 4453 excitabis
3232 4395 3365 4449 illud
3385 4395 3470 4448 81?
3507 4395 3627 4447 1A!

2057 4501 2134 4553 illi
2173 4499 2390 4568 quidem
2438 4491 2795 4563 quadraginta
2844 4497 2897 4543 et
2946 4505 3041 4543 sex
3095 4487 3254 4542 annis
3300 4485 3623 4539 aediﬁcatum

2057 4607 2180 4644 esse
2209 4587 2464 4655 templum
2495 4584 2679 4636 dixere
2717 4597 2730 4634 :
2765 4588 2844 4634 tot
2883 4579 3027 4634 enim
3059 4593 3088 4630 a
3118 4592 3284 4647 regno
3327 4575 3453 4646 Cyri
3481 4575 3627 4644 prio-

2056 4681 2156 4743 ris,
2203 4679 2293 4748 qui
2345 4676 2554 4745 primus
2595 4671 2905 4726 Judmorum
2954 4669 3259 4737 quibusque
3314 4665 3624 4720 volentibus

2056 4770 2326 4827 concessit
2353 4769 2420 4821 de
2444 4766 2712 4835 Babylone
2741 4765 2793 4816 in
2826 4762 3057 4832 patriam
3090 4768 3290 4814 terram
3308 4757 3525 4819 reverti,
3554 4755 3618 4809 ad

2057 4871 2268 4920 sextum
2321 4858 2468 4912 Darii
2509 4856 2660 4925 regni
2703 4869 2928 4916 annum,
2975 4851 3341 4918 colliguntur:
3376 4847 3476 4902 sub
3511 4862 3620 4915 quo

2058 4954 2235 5009 omnis
2279 4948 2565 5004 aediﬁcatio
2595 4946 2753 5000 ﬁnem
2795 4942 3024 5010 accepit.
3059 4939 3164 4993 Sed
3201 4937 3495 5005 Josephus,
3526 4950 3622 4987 au-

2057 5052 2175 5098 ctor
2198 5041 2476 5100 Hebraeus,
2511 5036 2647 5091 alios
2671 5043 2783 5089 tres
2814 5047 2986 5086 annos
3007 5028 3255 5098 adjungit
3303 5027 3369 5080 ad
3393 5040 3477 5088 ea,
3501 5041 3622 5093 quae

2056 5132 2255 5202 templo
2281 5129 2620 5184 extrinsecus
2642 5123 2905 5178 accedunt
2925 5127 3245 5174 ornamenta
3265 5115 3618 5175 absolvenda,

2056 5231 2114 5276 ut
2129 5230 2411 5291 propterea
2430 5217 2626 5271 merito
2638 5221 2843 5284 septem
2864 5211 3071 5281 primas
3092 5205 3480 5268 hebdomadas,
3500 5219 3620 5273 qua:

2058 5325 2323 5370 summam
2351 5307 2710 5378 quadraginta
2743 5316 2934 5356 novem
2981 5313 3248 5352 annorum
3290 5295 3617 5359 conﬁciunt,

2057 5421 2086 5459 a
2114 5403 2323 5460 cmteris
2354 5399 2632 5455 oraculum
2662 5392 3038 5464 propheticum
3077 5389 3432 5458 separaverit,
3452 5394 3506 5442 et
3533 5402 3619 5442 re-

2057 5497 2232 5566 liquas
2289 5492 2564 5562 sexaginta
2615 5488 2752 5542 duas
2802 5500 2831 5537 a
2894 5483 3040 5536 Darii
3107 5496 3273 5551 regno
3333 5495 3620 5534 numerare

2057 5589 2332 5659 contingat
2381 5602 2393 5637 :
2445 5583 2548 5640 sub
2602 5593 2711 5650 quo
2766 5589 2986 5632 rursum
3051 5572 3210 5630 Jesus
3266 5573 3411 5628 ﬁlius
3459 5570 3624 5628 lose-
