  <div class='ocr_page' id='page_1' title='image "/cluster/home/n/w/nwhite01/storage/ocr_20150623/22:no.4/coo.31924054873025/321.png"; bbox 0 0 4098 6456; ppageno 0'>
   <div class='ocr_carea' id='block_1_1' title="bbox 448 342 555 397">
    <p class='ocr_par' dir='ltr' id='par_1_1' title="bbox 448 342 555 397">
     <span class='ocr_line' id='line_1_1' title="bbox 448 342 555 397; baseline 0 0"><span class='ocrx_word' id='word_1_1' title='bbox 448 342 555 397; x_wconf 71' lang='grc'><strong>615</strong></span> 
     </span>
    </p>
   </div>
   <div class='ocr_carea' id='block_1_2' title="bbox 1048 329 2990 393">
    <p class='ocr_par' dir='ltr' id='par_1_2' title="bbox 1048 329 2990 393">
     <span class='ocr_line' id='line_1_2' title="bbox 1048 329 2990 393; baseline 0 -1"><span class='ocrx_word' id='word_1_2' title='bbox 1048 333 1318 393; x_wconf 80' lang='lat' dir='ltr'><strong>EUSEBII</strong></span> <span class='ocrx_word' id='word_1_3' title='bbox 1356 331 1831 390; x_wconf 60' lang='lat' dir='ltr'><strong>CESARIENSIS</strong></span> <span class='ocrx_word' id='word_1_4' title='bbox 1867 332 2020 390; x_wconf 88' lang='lat' dir='ltr'><strong>OPP.</strong></span> <span class='ocrx_word' id='word_1_5' title='bbox 2060 330 2240 387; x_wconf 77' lang='lat' dir='ltr'><strong>PARS</strong></span> <span class='ocrx_word' id='word_1_6' title='bbox 2273 330 2341 388; x_wconf 85' lang='lat' dir='ltr'><strong>il.</strong></span> <span class='ocrx_word' id='word_1_7' title='bbox 2379 360 2450 374; x_wconf 89' lang='lat'><strong>—-</strong></span> <span class='ocrx_word' id='word_1_8' title='bbox 2487 329 2990 392; x_wconf 82' lang='lat' dir='ltr'><strong>APOLOGETICA.</strong></span> 
     </span>
    </p>
   </div>
   <div class='ocr_carea' id='block_1_3' title="bbox 3585 341 3692 400">
    <p class='ocr_par' dir='ltr' id='par_1_3' title="bbox 3585 341 3692 400">
     <span class='ocr_line' id='line_1_3' title="bbox 3585 341 3692 400; baseline 0 -1"><span class='ocrx_word' id='word_1_9' title='bbox 3585 341 3692 400; x_wconf 72' lang='lat'><em>616</em></span> 
     </span>
    </p>
   </div>
   <div class='ocr_carea' id='block_1_4' title="bbox 447 447 2021 526">
    <p class='ocr_par' dir='ltr' id='par_1_4' title="bbox 447 447 2016 522">
     <span class='ocr_line' id='line_1_4' title="bbox 447 447 2016 522; baseline -0.004 -9"><span class='ocrx_word' id='word_1_10' title='bbox 447 459 587 522; x_wconf 90' lang='lat' dir='ltr'><strong>dec,</strong></span> <span class='ocrx_word' id='word_1_11' title='bbox 631 462 686 511; x_wconf 89' lang='lat' dir='ltr'><strong>et</strong></span> <span class='ocrx_word' id='word_1_12' title='bbox 730 451 1032 509; x_wconf 84' lang='lat' dir='ltr'><strong>Zorohabel</strong></span> <span class='ocrx_word' id='word_1_13' title='bbox 1088 451 1233 506; x_wconf 87' lang='lat' dir='ltr'><strong>tilius</strong></span> <span class='ocrx_word' id='word_1_14' title='bbox 1299 447 1597 514; x_wconf 86' lang='lat' dir='ltr'><strong>Salathiel,</strong></span> <span class='ocrx_word' id='word_1_15' title='bbox 1657 464 1785 505; x_wconf 87' lang='lat' dir='ltr'><strong>cum</strong></span> <span class='ocrx_word' id='word_1_16' title='bbox 1835 449 2016 506; x_wconf 87' lang='lat' dir='ltr'><strong>adhuc</strong></span> 
     </span>
    </p>
   </div>
   <div class='ocr_carea' id='block_1_5' title="bbox 2123 447 3691 526">
    <p class='ocr_par' dir='ltr' id='par_1_5' title="bbox 2123 447 3691 526">
     <span class='ocr_line' id='line_1_5' title="bbox 2123 447 3691 526; baseline -0.001 -24"><span class='ocrx_word' id='word_1_17' title='bbox 2123 447 2223 502; x_wconf 69' lang='grc' dir='ltr'><strong>ἀπὸ</strong></span> <span class='ocrx_word' id='word_1_18' title='bbox 2259 449 2361 519; x_wconf 81' lang='grc' dir='ltr'>τῆς</span> <span class='ocrx_word' id='word_1_19' title='bbox 2399 447 2623 519; x_wconf 77' lang='grc' dir='ltr'>Δαρείου</span> <span class='ocrx_word' id='word_1_20' title='bbox 2666 447 3121 521; x_wconf 79' lang='grc' dir='ltr'><strong>καταριθμεῖσθαι</strong></span> <span class='ocrx_word' id='word_1_21' title='bbox 3153 449 3430 520; x_wconf 79' lang='grc' dir='ltr'><strong>βασιλείας</strong></span> <span class='ocrx_word' id='word_1_22' title='bbox 3464 455 3691 526; x_wconf 65' lang='grc' dir='ltr'>συμβαι-</span> 
     </span>
    </p>
   </div>
   <div class='ocr_carea' id='block_1_6' title="bbox 447 542 2016 620">
    <p class='ocr_par' dir='ltr' id='par_1_6' title="bbox 447 542 2016 620">
     <span class='ocr_line' id='line_1_6' title="bbox 447 542 2016 620; baseline -0.004 -18"><span class='ocrx_word' id='word_1_23' title='bbox 447 548 608 620; x_wconf 80' lang='lat'><strong>393</strong></span> <span class='ocrx_word' id='word_1_24' title='bbox 631 547 899 609; x_wconf 81' lang='lat' dir='ltr'><strong>viverent,</strong></span> <span class='ocrx_word' id='word_1_25' title='bbox 927 542 1088 597; x_wconf 78' lang='lat' dir='ltr'><strong>ambo</strong></span> <span class='ocrx_word' id='word_1_26' title='bbox 1116 542 1500 597; x_wconf 88' lang='lat' dir='ltr'><strong>instaurationi</strong></span> <span class='ocrx_word' id='word_1_27' title='bbox 1541 543 1728 613; x_wconf 79' lang='lat' dir='ltr'><strong>templi</strong></span> <span class='ocrx_word' id='word_1_28' title='bbox 1781 542 2016 612; x_wconf 72' lang='lat' dir='ltr'><strong>praefue-</strong></span> 
     </span>
    </p>
   </div>
   <div class='ocr_carea' id='block_1_7' title="bbox 448 632 2018 707">
    <p class='ocr_par' dir='ltr' id='par_1_7' title="bbox 448 632 2018 707">
     <span class='ocr_line' id='line_1_7' title="bbox 448 632 2018 707; baseline -0.005 -14"><span class='ocrx_word' id='word_1_29' title='bbox 448 645 599 704; x_wconf 82' lang='lat' dir='ltr'><strong>runt,</strong></span> <span class='ocrx_word' id='word_1_30' title='bbox 634 634 931 707; x_wconf 69' lang='lat' dir='ltr'><strong>prophetiae</strong></span> <span class='ocrx_word' id='word_1_31' title='bbox 982 647 1182 687; x_wconf 90' lang='lat' dir='ltr'><strong>munus</strong></span> <span class='ocrx_word' id='word_1_32' title='bbox 1215 632 1433 687; x_wconf 90' lang='lat' dir='ltr'><strong>interim</strong></span> <span class='ocrx_word' id='word_1_33' title='bbox 1483 634 1866 688; x_wconf 78' lang='lat' dir='ltr'><strong>exercentibus</strong></span> <span class='ocrx_word' id='word_1_34' title='bbox 1906 632 2018 702; x_wconf 85' lang='lat' dir='ltr'><strong>Ag-</strong></span> 
     </span>
    </p>
   </div>
   <div class='ocr_carea' id='block_1_8' title="bbox 448 723 2019 802">
    <p class='ocr_par' dir='ltr' id='par_1_8' title="bbox 448 723 2019 802">
     <span class='ocr_line' id='line_1_8' title="bbox 448 723 2019 802; baseline -0.004 -17"><span class='ocrx_word' id='word_1_35' title='bbox 448 745 564 802; x_wconf 67' lang='lat' dir='ltr'><strong>gaeo</strong></span> <span class='ocrx_word' id='word_1_36' title='bbox 590 736 645 784; x_wconf 92' lang='lat' dir='ltr'><strong>ct</strong></span> <span class='ocrx_word' id='word_1_37' title='bbox 671 725 957 791; x_wconf 84' lang='lat' dir='ltr'><strong>Zacharia,</strong></span> <span class='ocrx_word' id='word_1_38' title='bbox 986 736 1110 796; x_wconf 90' lang='lat' dir='ltr'><strong>post</strong></span> <span class='ocrx_word' id='word_1_39' title='bbox 1130 740 1268 795; x_wconf 85' lang='lat' dir='ltr'><strong>quos</strong></span> <span class='ocrx_word' id='word_1_40' title='bbox 1296 723 1499 781; x_wconf 86' lang='lat' dir='ltr'><strong>Esdras</strong></span> <span class='ocrx_word' id='word_1_41' title='bbox 1540 732 1594 779; x_wconf 89' lang='lat' dir='ltr'><strong>et</strong></span> <span class='ocrx_word' id='word_1_42' title='bbox 1630 724 1922 781; x_wconf 84' lang='lat' dir='ltr'><strong>Nehemias</strong></span> <span class='ocrx_word' id='word_1_43' title='bbox 1950 724 2019 779; x_wconf 89' lang='lat' dir='ltr'><strong>de</strong></span> 
     </span>
    </p>
   </div>
   <div class='ocr_carea' id='block_1_9' title="bbox 447 816 2019 894">
    <p class='ocr_par' dir='ltr' id='par_1_9' title="bbox 447 816 2019 894">
     <span class='ocr_line' id='line_1_9' title="bbox 447 816 2019 894; baseline -0.004 -17"><span class='ocrx_word' id='word_1_44' title='bbox 447 823 721 894; x_wconf 79' lang='lat' dir='ltr'><strong>Babylone</strong></span> <span class='ocrx_word' id='word_1_45' title='bbox 762 819 949 874; x_wconf 91' lang='lat' dir='ltr'><strong>itidem</strong></span> <span class='ocrx_word' id='word_1_46' title='bbox 997 816 1226 877; x_wconf 82' lang='lat' dir='ltr'><strong>reversi.</strong></span> <span class='ocrx_word' id='word_1_47' title='bbox 1261 832 1480 871; x_wconf 88' lang='lat' dir='ltr'><strong>murum</strong></span> <span class='ocrx_word' id='word_1_48' title='bbox 1541 816 2019 872; x_wconf 85' lang='lat' dir='ltr'><strong>circumdederunt</strong></span> 
     </span>
    </p>
   </div>
   <div class='ocr_carea' id='block_1_10' title="bbox 448 907 2020 977">
    <p class='ocr_par' dir='ltr' id='par_1_10' title="bbox 448 907 2020 977">
     <span class='ocr_line' id='line_1_10' title="bbox 448 907 2020 977; baseline -0.006 -8"><span class='ocrx_word' id='word_1_49' title='bbox 448 912 681 969; x_wconf 78' lang='lat' dir='ltr'><strong>civitati.</strong></span> <span class='ocrx_word' id='word_1_50' title='bbox 740 909 896 964; x_wconf 84' lang='lat' dir='ltr'><strong>Tunc</strong></span> <span class='ocrx_word' id='word_1_51' title='bbox 954 919 1136 962; x_wconf 89' lang='lat' dir='ltr'><strong>autem</strong></span> <span class='ocrx_word' id='word_1_52' title='bbox 1182 908 1557 977; x_wconf 78' lang='lat' dir='ltr'><strong>pontificatum</strong></span> <span class='ocrx_word' id='word_1_53' title='bbox 1604 907 2020 962; x_wconf 78' lang='lat' dir='ltr'><strong>administrabat</strong></span> 
     </span>
    </p>
   </div>
   <div class='ocr_carea' id='block_1_11' title="bbox 448 998 2020 1071">
    <p class='ocr_par' dir='ltr' id='par_1_11' title="bbox 448 998 2020 1071">
     <span class='ocr_line' id='line_1_11' title="bbox 448 998 2020 1071; baseline -0.001 -13"><span class='ocrx_word' id='word_1_54' title='bbox 448 1001 719 1067; x_wconf 83' lang='lat' dir='ltr'><strong>Joachim,</strong></span> <span class='ocrx_word' id='word_1_55' title='bbox 747 1000 841 1064; x_wconf 85' lang='lat' dir='ltr'><strong>qui</strong></span> <span class='ocrx_word' id='word_1_56' title='bbox 884 998 1013 1055; x_wconf 88' lang='lat' dir='ltr'><strong>Jesu</strong></span> <span class='ocrx_word' id='word_1_57' title='bbox 1040 999 1134 1054; x_wconf 85' lang='lat' dir='ltr'><strong>lilii</strong></span> <span class='ocrx_word' id='word_1_58' title='bbox 1181 999 1412 1055; x_wconf 84' lang='lat' dir='ltr'><strong>Jusedec</strong></span> <span class='ocrx_word' id='word_1_59' title='bbox 1468 998 1612 1055; x_wconf 82' lang='lat' dir='ltr'><strong>ﬁlius</strong></span> <span class='ocrx_word' id='word_1_60' title='bbox 1669 1000 1863 1063; x_wconf 88' lang='lat' dir='ltr'><strong>fuerat,</strong></span> <span class='ocrx_word' id='word_1_61' title='bbox 1895 1008 2020 1071; x_wconf 87' lang='lat' dir='ltr'><strong>post</strong></span> 
     </span>
    </p>
   </div>
   <div class='ocr_carea' id='block_1_12' title="bbox 448 1091 2022 1168">
    <p class='ocr_par' dir='ltr' id='par_1_12' title="bbox 448 1091 2022 1168">
     <span class='ocr_line' id='line_1_12' title="bbox 448 1091 2022 1168; baseline -0.004 -16"><span class='ocrx_word' id='word_1_62' title='bbox 448 1113 609 1168; x_wconf 85' lang='lat' dir='ltr'><strong>quem</strong></span> <span class='ocrx_word' id='word_1_63' title='bbox 643 1097 912 1151; x_wconf 88' lang='lat' dir='ltr'><strong>successit</strong></span> <span class='ocrx_word' id='word_1_64' title='bbox 942 1094 1184 1160; x_wconf 79' lang='lat' dir='ltr'><strong>Eliasib;</strong></span> <span class='ocrx_word' id='word_1_65' title='bbox 1223 1094 1419 1150; x_wconf 89' lang='lat' dir='ltr'><strong>deinde</strong></span> <span class='ocrx_word' id='word_1_66' title='bbox 1448 1091 1639 1157; x_wconf 81' lang='lat' dir='ltr'><strong>Jodae,</strong></span> <span class='ocrx_word' id='word_1_67' title='bbox 1671 1106 1831 1162; x_wconf 86' lang='lat' dir='ltr'><strong>quem</strong></span> <span class='ocrx_word' id='word_1_68' title='bbox 1861 1105 2022 1145; x_wconf 90' lang='lat' dir='ltr'><strong>secu-</strong></span> 
     </span>
    </p>
   </div>
   <div class='ocr_carea' id='block_1_13' title="bbox 449 1181 2018 1252">
    <p class='ocr_par' dir='ltr' id='par_1_13' title="bbox 449 1181 2018 1252">
     <span class='ocr_line' id='line_1_13' title="bbox 449 1181 2018 1252; baseline -0.003 -11"><span class='ocrx_word' id='word_1_69' title='bbox 449 1195 541 1243; x_wconf 89' lang='lat' dir='ltr'><strong>tus</strong></span> <span class='ocrx_word' id='word_1_70' title='bbox 586 1194 671 1243; x_wconf 76' lang='lat' dir='ltr'><strong>est</strong></span> <span class='ocrx_word' id='word_1_71' title='bbox 710 1184 1012 1252; x_wconf 78' lang='lat' dir='ltr'><strong>Jonathas;</strong></span> <span class='ocrx_word' id='word_1_72' title='bbox 1064 1185 1211 1239; x_wconf 89' lang='lat' dir='ltr'><strong>hunc</strong></span> <span class='ocrx_word' id='word_1_73' title='bbox 1270 1184 1483 1252; x_wconf 79' lang='lat' dir='ltr'><strong>excepit</strong></span> <span class='ocrx_word' id='word_1_74' title='bbox 1527 1181 1754 1238; x_wconf 85' lang='lat' dir='ltr'><strong>Jaddus.</strong></span> <span class='ocrx_word' id='word_1_75' title='bbox 1812 1182 2018 1237; x_wconf 86' lang='lat' dir='ltr'><strong>liorum</strong></span> 
     </span>
    </p>
   </div>
   <div class='ocr_carea' id='block_1_14' title="bbox 450 1271 2021 1348">
    <p class='ocr_par' dir='ltr' id='par_1_14' title="bbox 450 1271 2021 1348">
     <span class='ocr_line' id='line_1_14' title="bbox 450 1271 2021 1348; baseline -0.005 -13"><span class='ocrx_word' id='word_1_76' title='bbox 450 1280 614 1335; x_wconf 84' lang='lat' dir='ltr'><strong>ctiam</strong></span> <span class='ocrx_word' id='word_1_77' title='bbox 648 1278 791 1348; x_wconf 86' lang='lat' dir='ltr'><strong>apud</strong></span> <span class='ocrx_word' id='word_1_78' title='bbox 828 1276 1058 1331; x_wconf 81' lang='lat' dir='ltr'><strong>Esdram</strong></span> <span class='ocrx_word' id='word_1_79' title='bbox 1087 1277 1145 1330; x_wconf 89' lang='lat' dir='ltr'><strong>lit</strong></span> <span class='ocrx_word' id='word_1_80' title='bbox 1162 1276 1386 1336; x_wconf 90' lang='lat' dir='ltr'><strong>mentio,</strong></span> <span class='ocrx_word' id='word_1_81' title='bbox 1412 1274 1498 1329; x_wconf 92' lang='lat' dir='ltr'><strong>his</strong></span> <span class='ocrx_word' id='word_1_82' title='bbox 1524 1274 1744 1330; x_wconf 81' lang='lat' dir='ltr'><strong>verbis:</strong></span> <span class='ocrx_word' id='word_1_83' title='bbox 1782 1293 1801 1324; x_wconf 88' lang='grc' dir='ltr'><strong>ι</strong></span> <span class='ocrx_word' id='word_1_84' title='bbox 1838 1272 1903 1325; x_wconf 87' lang='grc' dir='ltr'>Ει</span> <span class='ocrx_word' id='word_1_85' title='bbox 1928 1271 2021 1327; x_wconf 82' lang='lat' dir='ltr'><strong>Je-</strong></span> 
     </span>
    </p>
   </div>
   <div class='ocr_carea' id='block_1_15' title="bbox 449 1363 2020 1437">
    <p class='ocr_par' dir='ltr' id='par_1_15' title="bbox 449 1363 2020 1437">
     <span class='ocr_line' id='line_1_15' title="bbox 449 1363 2020 1437; baseline -0.004 -14"><span class='ocrx_word' id='word_1_86' title='bbox 449 1383 545 1423; x_wconf 90' lang='lat' dir='ltr'><strong>sus</strong></span> <span class='ocrx_word' id='word_1_87' title='bbox 582 1369 771 1437; x_wconf 81' lang='lat' dir='ltr'><strong>genuit</strong></span> <span class='ocrx_word' id='word_1_88' title='bbox 794 1365 1065 1428; x_wconf 81' lang='lat' dir='ltr'><strong>Joachim,</strong></span> <span class='ocrx_word' id='word_1_89' title='bbox 1100 1374 1155 1419; x_wconf 91' lang='lat' dir='ltr'><strong>et</strong></span> <span class='ocrx_word' id='word_1_90' title='bbox 1206 1364 1453 1418; x_wconf 82' lang='lat' dir='ltr'><strong>Joarhim</strong></span> <span class='ocrx_word' id='word_1_91' title='bbox 1487 1364 1673 1435; x_wconf 81' lang='lat' dir='ltr'><strong>genuit</strong></span> <span class='ocrx_word' id='word_1_92' title='bbox 1703 1363 1926 1428; x_wconf 87' lang='lat' dir='ltr'><strong>Eliasib,</strong></span> <span class='ocrx_word' id='word_1_93' title='bbox 1965 1369 2020 1416; x_wconf 90' lang='lat' dir='ltr'><strong>et</strong></span> 
     </span>
    </p>
   </div>
   <div class='ocr_carea' id='block_1_16' title="bbox 449 1455 2020 1528">
    <p class='ocr_par' dir='ltr' id='par_1_16' title="bbox 449 1455 2020 1528">
     <span class='ocr_line' id='line_1_16' title="bbox 449 1455 2020 1528; baseline -0.003 -16"><span class='ocrx_word' id='word_1_94' title='bbox 449 1457 656 1513; x_wconf 85' lang='lat' dir='ltr'><strong>Eliasih</strong></span> <span class='ocrx_word' id='word_1_95' title='bbox 700 1458 887 1528; x_wconf 78' lang='lat' dir='ltr'><strong>genuit</strong></span> <span class='ocrx_word' id='word_1_96' title='bbox 925 1455 1116 1519; x_wconf 83' lang='lat' dir='ltr'><strong>Jodae,</strong></span> <span class='ocrx_word' id='word_1_97' title='bbox 1143 1466 1196 1511; x_wconf 87' lang='lat' dir='ltr'><strong>et</strong></span> <span class='ocrx_word' id='word_1_98' title='bbox 1219 1455 1388 1510; x_wconf 78' lang='lat' dir='ltr'><strong>Jodae</strong></span> <span class='ocrx_word' id='word_1_99' title='bbox 1431 1456 1617 1525; x_wconf 87' lang='lat' dir='ltr'><strong>genuit</strong></span> <span class='ocrx_word' id='word_1_100' title='bbox 1642 1455 1935 1518; x_wconf 83' lang='lat' dir='ltr'><strong>Jonathan,</strong></span> <span class='ocrx_word' id='word_1_101' title='bbox 1965 1461 2020 1508; x_wconf 89' lang='lat' dir='ltr'><strong>et</strong></span> 
     </span>
    </p>
   </div>
   <div class='ocr_carea' id='block_1_17' title="bbox 446 1546 2018 1620">
    <p class='ocr_par' dir='ltr' id='par_1_17' title="bbox 446 1546 2018 1620">
     <span class='ocr_line' id='line_1_17' title="bbox 446 1546 2018 1620; baseline -0.004 -13"><span class='ocrx_word' id='word_1_102' title='bbox 446 1550 725 1607; x_wconf 79' lang='lat' dir='ltr'><strong>Jonathan</strong></span> <span class='ocrx_word' id='word_1_103' title='bbox 748 1551 933 1620; x_wconf 81' lang='lat' dir='ltr'><strong>genuit</strong></span> <span class='ocrx_word' id='word_1_104' title='bbox 956 1548 1271 1603; x_wconf 75' lang='lat' dir='ltr'><strong>Jaddum”.</strong></span> <span class='ocrx_word' id='word_1_105' title='bbox 1305 1568 1324 1599; x_wconf 71' lang='grc' dir='ltr'><strong>ι</strong></span> <span class='ocrx_word' id='word_1_106' title='bbox 1358 1546 1625 1616; x_wconf 85' lang='lat' dir='ltr'><strong>Tempore</strong></span> <span class='ocrx_word' id='word_1_107' title='bbox 1644 1554 1823 1601; x_wconf 88' lang='lat' dir='ltr'><strong>autem</strong></span> <span class='ocrx_word' id='word_1_108' title='bbox 1855 1546 2018 1615; x_wconf 85' lang='lat' dir='ltr'><strong>hujus</strong></span> 
     </span>
    </p>
   </div>
   <div class='ocr_carea' id='block_1_18' title="bbox 446 1637 2019 1707">
    <p class='ocr_par' dir='ltr' id='par_1_18' title="bbox 446 1637 2019 1707">
     <span class='ocr_line' id='line_1_18' title="bbox 446 1637 2019 1707; baseline -0.005 -8"><span class='ocrx_word' id='word_1_109' title='bbox 446 1644 645 1707; x_wconf 81' lang='lat' dir='ltr'><strong>Jaddu,</strong></span> <span class='ocrx_word' id='word_1_110' title='bbox 679 1644 984 1698; x_wconf 78' lang='lat' dir='ltr'><strong>Alexander</strong></span> <span class='ocrx_word' id='word_1_111' title='bbox 1006 1641 1228 1696; x_wconf 80' lang='lat' dir='ltr'><strong>Macedo</strong></span> <span class='ocrx_word' id='word_1_112' title='bbox 1253 1640 1636 1695; x_wconf 79' lang='lat' dir='ltr'><strong>Alexandriam</strong></span> <span class='ocrx_word' id='word_1_113' title='bbox 1665 1637 1927 1705; x_wconf 86' lang='lat' dir='ltr'><strong>condidit,</strong></span> <span class='ocrx_word' id='word_1_114' title='bbox 1959 1645 2019 1692; x_wconf 90' lang='lat' dir='ltr'><strong>ut</strong></span> 
     </span>
    </p>
   </div>
   <div class='ocr_carea' id='block_1_19' title="bbox 446 1731 2018 1805">
    <p class='ocr_par' dir='ltr' id='par_1_19' title="bbox 446 1731 2018 1805">
     <span class='ocr_line' id='line_1_19' title="bbox 446 1731 2018 1805; baseline -0.003 -16"><span class='ocrx_word' id='word_1_115' title='bbox 446 1735 724 1805; x_wconf 83' lang='lat' dir='ltr'><strong>Josephus</strong></span> <span class='ocrx_word' id='word_1_116' title='bbox 750 1736 1014 1804; x_wconf 92' lang='lat' dir='ltr'><strong>scriptum</strong></span> <span class='ocrx_word' id='word_1_117' title='bbox 1055 1733 1296 1801; x_wconf 86' lang='lat' dir='ltr'><strong>reliquit,</strong></span> <span class='ocrx_word' id='word_1_118' title='bbox 1324 1738 1378 1785; x_wconf 90' lang='lat' dir='ltr'><strong>et</strong></span> <span class='ocrx_word' id='word_1_119' title='bbox 1410 1731 1783 1801; x_wconf 83' lang='lat' dir='ltr'><strong>Hierosolyma</strong></span> <span class='ocrx_word' id='word_1_120' title='bbox 1807 1731 2018 1800; x_wconf 86' lang='lat' dir='ltr'><strong>ingres—</strong></span> 
     </span>
    </p>
   </div>
   <div class='ocr_carea' id='block_1_20' title="bbox 2117 536 3691 618">
    <p class='ocr_par' dir='ltr' id='par_1_20' title="bbox 2117 536 3691 618">
     <span class='ocr_line' id='line_1_20' title="bbox 2117 536 3691 618; baseline 0.002 -24"><span class='ocrx_word' id='word_1_121' title='bbox 2117 556 2218 603; x_wconf 87' lang='grc' dir='ltr'>νει,</span> <span class='ocrx_word' id='word_1_122' title='bbox 2247 539 2367 594; x_wconf 71' lang='grc' dir='ltr'>καθ’</span> <span class='ocrx_word' id='word_1_123' title='bbox 2401 539 2461 593; x_wconf 81' lang='grc' dir='ltr'>ὃν</span> <span class='ocrx_word' id='word_1_124' title='bbox 2492 536 2647 602; x_wconf 81' lang='grc' dir='ltr'>αὖθις</span> <span class='ocrx_word' id='word_1_125' title='bbox 2679 538 2886 611; x_wconf 82' lang='grc' dir='ltr'>Ἰησοῦς</span> <span class='ocrx_word' id='word_1_126' title='bbox 2910 540 2938 592; x_wconf 98' lang='lat'><strong>6</strong></span> <span class='ocrx_word' id='word_1_127' title='bbox 2968 539 3063 592; x_wconf 91' lang='grc' dir='ltr'><strong>τοῦ</strong></span> <span class='ocrx_word' id='word_1_128' title='bbox 3103 539 3369 605; x_wconf 80' lang='grc' dir='ltr'><strong>Ἰωσεδὲκ,</strong></span> <span class='ocrx_word' id='word_1_129' title='bbox 3404 544 3499 597; x_wconf 76' lang='grc' dir='ltr'>καὶ</span> <span class='ocrx_word' id='word_1_130' title='bbox 3524 546 3691 618; x_wconf 76' lang='grc' dir='ltr'>Ζορο-</span> 
     </span>
    </p>
   </div>
   <div class='ocr_carea' id='block_1_21' title="bbox 2118 630 3693 708">
    <p class='ocr_par' dir='ltr' id='par_1_21' title="bbox 2118 630 3693 708">
     <span class='ocr_line' id='line_1_21' title="bbox 2118 630 3693 708; baseline -0.004 -22"><span class='ocrx_word' id='word_1_131' title='bbox 2118 630 2283 686; x_wconf 86' lang='grc' dir='ltr'>ϐάϐελ</span> <span class='ocrx_word' id='word_1_132' title='bbox 2323 634 2352 686; x_wconf 95' lang='lat'><strong>6</strong></span> <span class='ocrx_word' id='word_1_133' title='bbox 2375 631 2470 686; x_wconf 88' lang='grc' dir='ltr'><strong>τοῦ</strong></span> <span class='ocrx_word' id='word_1_134' title='bbox 2498 631 2767 703; x_wconf 80' lang='grc' dir='ltr'>Σαλαθιὴλ</span> <span class='ocrx_word' id='word_1_135' title='bbox 2795 632 2874 695; x_wconf 89' lang='grc' dir='ltr'><strong>είς</strong></span> <span class='ocrx_word' id='word_1_136' title='bbox 2897 633 3102 685; x_wconf 81' lang='grc' dir='ltr'>ἐκεῖνον</span> <span class='ocrx_word' id='word_1_137' title='bbox 3132 632 3232 703; x_wconf 82' lang='grc' dir='ltr'>τὴν</span> <span class='ocrx_word' id='word_1_138' title='bbox 3259 631 3403 705; x_wconf 80' lang='grc' dir='ltr'>ζωὴν</span> <span class='ocrx_word' id='word_1_139' title='bbox 3429 637 3693 708; x_wconf 73' lang='grc' dir='ltr'>παρατεί.</span> 
     </span>
    </p>
   </div>
   <div class='ocr_carea' id='block_1_22' title="bbox 2117 719 3688 794">
    <p class='ocr_par' dir='ltr' id='par_1_22' title="bbox 2117 719 3688 794">
     <span class='ocr_line' id='line_1_22' title="bbox 2117 719 3688 794; baseline 0.006 -23"><span class='ocrx_word' id='word_1_140' title='bbox 2117 735 2324 783; x_wconf 86' lang='grc' dir='ltr'>ναντες,</span> <span class='ocrx_word' id='word_1_141' title='bbox 2344 720 2511 791; x_wconf 78' lang='grc' dir='ltr'>ἄμφω</span> <span class='ocrx_word' id='word_1_142' title='bbox 2534 719 2873 792; x_wconf 80' lang='grc' dir='ltr'><strong>προέστησαν</strong></span> <span class='ocrx_word' id='word_1_143' title='bbox 2894 720 2992 791; x_wconf 84' lang='grc' dir='ltr'>τῆς</span> <span class='ocrx_word' id='word_1_144' title='bbox 3017 719 3111 773; x_wconf 90' lang='grc' dir='ltr'><strong>τοῦ</strong></span> <span class='ocrx_word' id='word_1_145' title='bbox 3145 721 3289 792; x_wconf 90' lang='grc' dir='ltr'>ίεροῦ</span> <span class='ocrx_word' id='word_1_146' title='bbox 3319 724 3688 794; x_wconf 79' lang='grc' dir='ltr'><strong>ἀνανεώσεως,</strong></span> 
     </span>
    </p>
   </div>
   <div class='ocr_carea' id='block_1_23' title="bbox 2117 808 3691 884">
    <p class='ocr_par' dir='ltr' id='par_1_23' title="bbox 2117 808 3691 884">
     <span class='ocr_line' id='line_1_23' title="bbox 2117 808 3691 884; baseline 0.004 -22"><span class='ocrx_word' id='word_1_147' title='bbox 2117 808 2564 880; x_wconf 81' lang='grc' dir='ltr'><strong>προφητευόντων</strong></span> <span class='ocrx_word' id='word_1_148' title='bbox 2610 808 2862 876; x_wconf 80' lang='grc' dir='ltr'><strong>Ἀγγαίου</strong></span> <span class='ocrx_word' id='word_1_149' title='bbox 2916 811 3009 861; x_wconf 80' lang='grc' dir='ltr'>καὶ</span> <span class='ocrx_word' id='word_1_150' title='bbox 3062 810 3330 882; x_wconf 83' lang='grc' dir='ltr'><strong>Ζαχαρίου</strong></span> <span class='ocrx_word' id='word_1_151' title='bbox 3355 828 3369 843; x_wconf 74' lang='grc' dir='ltr'><strong>ο</strong></span> <span class='ocrx_word' id='word_1_152' title='bbox 3424 813 3544 884; x_wconf 88' lang='grc' dir='ltr'>μεθ’</span> <span class='ocrx_word' id='word_1_153' title='bbox 3595 813 3691 881; x_wconf 78' lang='grc' dir='ltr'>οὓς</span> 
     </span>
    </p>
   </div>
   <div class='ocr_carea' id='block_1_24' title="bbox 2121 900 3690 973">
    <p class='ocr_par' dir='ltr' id='par_1_24' title="bbox 2121 900 3690 973">
     <span class='ocr_line' id='line_1_24' title="bbox 2121 900 3690 973; baseline 0.004 -20"><span class='ocrx_word' id='word_1_154' title='bbox 2121 901 2357 972; x_wconf 84' lang='grc' dir='ltr'>Ἔσδρας</span> <span class='ocrx_word' id='word_1_155' title='bbox 2398 900 2491 953; x_wconf 75' lang='grc' dir='ltr'>καὶ</span> <span class='ocrx_word' id='word_1_156' title='bbox 2539 900 2799 970; x_wconf 83' lang='grc' dir='ltr'><strong>Νεεμίας,</strong></span> <span class='ocrx_word' id='word_1_157' title='bbox 2831 900 3033 971; x_wconf 88' lang='grc' dir='ltr'>ὁμοίως</span> <span class='ocrx_word' id='word_1_158' title='bbox 3079 903 3144 955; x_wconf 82' lang='grc' dir='ltr'><strong>ἐκ</strong></span> <span class='ocrx_word' id='word_1_159' title='bbox 3176 901 3496 973; x_wconf 84' lang='grc' dir='ltr'>Βαϐυλῶνος</span> <span class='ocrx_word' id='word_1_160' title='bbox 3530 906 3690 959; x_wconf 86' lang='grc' dir='ltr'>άνελ-</span> 
     </span>
    </p>
   </div>
   <div class='ocr_carea' id='block_1_25' title="bbox 2119 992 3693 1068">
    <p class='ocr_par' dir='ltr' id='par_1_25' title="bbox 2119 992 3693 1068">
     <span class='ocr_line' id='line_1_25' title="bbox 2119 992 3693 1068; baseline 0.003 -22"><span class='ocrx_word' id='word_1_161' title='bbox 2119 993 2319 1057; x_wconf 83' lang='grc' dir='ltr'>θόντες,</span> <span class='ocrx_word' id='word_1_162' title='bbox 2352 992 2413 1046; x_wconf 82' lang='grc' dir='ltr'><strong>τὺ</strong></span> <span class='ocrx_word' id='word_1_163' title='bbox 2442 995 2616 1062; x_wconf 87' lang='grc' dir='ltr'>τεῖχος</span> <span class='ocrx_word' id='word_1_164' title='bbox 2647 992 2926 1063; x_wconf 82' lang='grc' dir='ltr'>ἐδείμαντο</span> <span class='ocrx_word' id='word_1_165' title='bbox 2958 996 3026 1064; x_wconf 73' lang='grc' dir='ltr'>τῇ</span> <span class='ocrx_word' id='word_1_166' title='bbox 3070 993 3243 1059; x_wconf 87' lang='grc' dir='ltr'>πόλει,</span> <span class='ocrx_word' id='word_1_167' title='bbox 3284 995 3383 1065; x_wconf 76' lang='grc' dir='ltr'>τὴν</span> <span class='ocrx_word' id='word_1_168' title='bbox 3423 996 3693 1068; x_wconf 84' lang='grc' dir='ltr'>ἀρχιερω-</span> 
     </span>
    </p>
   </div>
   <div class='ocr_carea' id='block_1_26' title="bbox 2121 1083 3690 1161">
    <p class='ocr_par' dir='ltr' id='par_1_26' title="bbox 2121 1083 3690 1161">
     <span class='ocr_line' id='line_1_26' title="bbox 2121 1083 3690 1161; baseline 0.003 -24"><span class='ocrx_word' id='word_1_169' title='bbox 2121 1084 2284 1156; x_wconf 84' lang='grc' dir='ltr'>σύνην</span> <span class='ocrx_word' id='word_1_170' title='bbox 2315 1083 2589 1147; x_wconf 80' lang='grc' dir='ltr'>διέποντος</span> <span class='ocrx_word' id='word_1_171' title='bbox 2631 1084 2946 1155; x_wconf 85' lang='grc' dir='ltr'><strong>Ἰωακείμου</strong></span> <span class='ocrx_word' id='word_1_172' title='bbox 2969 1102 2982 1114; x_wconf 91' lang='grc'><strong>·</strong></span> <span class='ocrx_word' id='word_1_173' title='bbox 3024 1088 3154 1148; x_wconf 83' lang='grc' dir='ltr'>παῖς</span> <span class='ocrx_word' id='word_1_174' title='bbox 3183 1085 3241 1139; x_wconf 88' lang='grc' dir='ltr'>δὲ</span> <span class='ocrx_word' id='word_1_175' title='bbox 3281 1083 3435 1151; x_wconf 73' lang='grc' dir='ltr'>οὗτος</span> <span class='ocrx_word' id='word_1_176' title='bbox 3474 1083 3545 1160; x_wconf 79' lang='grc' dir='ltr'>ἦν</span> <span class='ocrx_word' id='word_1_177' title='bbox 3582 1090 3690 1161; x_wconf 83' lang='grc' dir='ltr'>Ἰη-</span> 
     </span>
    </p>
   </div>
   <div class='ocr_carea' id='block_1_27' title="bbox 2120 1174 3690 1253">
    <p class='ocr_par' dir='ltr' id='par_1_27' title="bbox 2120 1174 3690 1253">
     <span class='ocr_line' id='line_1_27' title="bbox 2120 1174 3690 1253; baseline 0.004 -24"><span class='ocrx_word' id='word_1_178' title='bbox 2120 1176 2214 1230; x_wconf 87' lang='grc' dir='ltr'><strong>σοῦ</strong></span> <span class='ocrx_word' id='word_1_179' title='bbox 2244 1174 2338 1228; x_wconf 88' lang='grc' dir='ltr'><strong>τοῦ</strong></span> <span class='ocrx_word' id='word_1_180' title='bbox 2384 1174 2623 1230; x_wconf 83' lang='grc' dir='ltr'>Ἰωσεδέκ</span> <span class='ocrx_word' id='word_1_181' title='bbox 2645 1193 2658 1206; x_wconf 90' lang='grc'><strong>·</strong></span> <span class='ocrx_word' id='word_1_182' title='bbox 2700 1177 2816 1247; x_wconf 84' lang='grc' dir='ltr'>μεθ’</span> <span class='ocrx_word' id='word_1_183' title='bbox 2859 1177 2920 1230; x_wconf 79' lang='grc' dir='ltr'>ὃν</span> <span class='ocrx_word' id='word_1_184' title='bbox 2950 1176 3249 1246; x_wconf 79' lang='grc' dir='ltr'>διαδέχεται</span> <span class='ocrx_word' id='word_1_185' title='bbox 3281 1179 3380 1249; x_wconf 82' lang='grc' dir='ltr'>τὴν</span> <span class='ocrx_word' id='word_1_186' title='bbox 3420 1179 3690 1253; x_wconf 83' lang='grc' dir='ltr'>ἀρχιερω-</span> 
     </span>
    </p>
   </div>
   <div class='ocr_carea' id='block_1_28' title="bbox 2120 1264 3689 1338">
    <p class='ocr_par' dir='ltr' id='par_1_28' title="bbox 2120 1264 3689 1338">
     <span class='ocr_line' id='line_1_28' title="bbox 2120 1264 3689 1338; baseline 0.004 -20"><span class='ocrx_word' id='word_1_187' title='bbox 2120 1264 2283 1337; x_wconf 76' lang='grc' dir='ltr'>σύνην</span> <span class='ocrx_word' id='word_1_188' title='bbox 2328 1264 2701 1329; x_wconf 85' lang='grc' dir='ltr'>Ἐλιασοῦϐος·</span> <span class='ocrx_word' id='word_1_189' title='bbox 2743 1266 2933 1320; x_wconf 77' lang='grc' dir='ltr'>ἔπειτα</span> <span class='ocrx_word' id='word_1_190' title='bbox 2978 1267 3189 1320; x_wconf 86' lang='grc' dir='ltr'>Ἰωδαέ·</span> <span class='ocrx_word' id='word_1_191' title='bbox 3231 1268 3349 1338; x_wconf 86' lang='grc' dir='ltr'>μεθ’</span> <span class='ocrx_word' id='word_1_192' title='bbox 3389 1269 3449 1323; x_wconf 84' lang='grc' dir='ltr'>ὃν</span> <span class='ocrx_word' id='word_1_193' title='bbox 3503 1271 3689 1326; x_wconf 85' lang='grc' dir='ltr'>Ἰωνά-</span> 
     </span>
    </p>
   </div>
   <div class='ocr_carea' id='block_1_29' title="bbox 2117 1357 3685 1436">
    <p class='ocr_par' dir='ltr' id='par_1_29' title="bbox 2117 1357 3685 1436">
     <span class='ocr_line' id='line_1_29' title="bbox 2117 1357 3685 1436; baseline 0.004 -26"><span class='ocrx_word' id='word_1_194' title='bbox 2117 1358 2249 1411; x_wconf 81' lang='grc' dir='ltr'>θαν·</span> <span class='ocrx_word' id='word_1_195' title='bbox 2309 1357 2426 1429; x_wconf 80' lang='grc' dir='ltr'>μεθ’</span> <span class='ocrx_word' id='word_1_196' title='bbox 2485 1358 2544 1411; x_wconf 83' lang='grc' dir='ltr'>ὃν</span> <span class='ocrx_word' id='word_1_197' title='bbox 2593 1357 2835 1421; x_wconf 79' lang='grc' dir='ltr'>Ἰαδδοῦς.</span> <span class='ocrx_word' id='word_1_198' title='bbox 2894 1358 3109 1412; x_wconf 84' lang='grc' dir='ltr'>Τούτων</span> <span class='ocrx_word' id='word_1_199' title='bbox 3174 1360 3446 1432; x_wconf 82' lang='grc' dir='ltr'><strong>μέμνηται</strong></span> <span class='ocrx_word' id='word_1_200' title='bbox 3506 1364 3601 1416; x_wconf 78' lang='grc' dir='ltr'>καὶ</span> <span class='ocrx_word' id='word_1_201' title='bbox 3650 1366 3685 1436; x_wconf 79' lang='grc' dir='ltr'><strong>ἠ</strong></span> 
     </span>
    </p>
   </div>
   <div class='ocr_carea' id='block_1_30' title="bbox 2122 1450 3694 1525">
    <p class='ocr_par' dir='ltr' id='par_1_30' title="bbox 2122 1450 3694 1525">
     <span class='ocr_line' id='line_1_30' title="bbox 2122 1450 3694 1525; baseline 0.005 -23"><span class='ocrx_word' id='word_1_202' title='bbox 2122 1450 2326 1521; x_wconf 85' lang='grc' dir='ltr'>Ἔσδρα</span> <span class='ocrx_word' id='word_1_203' title='bbox 2352 1451 2561 1523; x_wconf 60' lang='grc' dir='ltr'>γραφὴ,</span> <span class='ocrx_word' id='word_1_204' title='bbox 2586 1450 2817 1519; x_wconf 78' lang='grc' dir='ltr'>λέγουσα</span> <span class='ocrx_word' id='word_1_205' title='bbox 2837 1466 2848 1478; x_wconf 92' lang='grc'><strong>·</strong></span> <span class='ocrx_word' id='word_1_206' title='bbox 2890 1469 2909 1501; x_wconf 79' lang='grc' dir='ltr'><strong>ι</strong></span> <span class='ocrx_word' id='word_1_207' title='bbox 2940 1451 3050 1503; x_wconf 76' lang='grc' dir='ltr'><strong>Καὶ</strong></span> <span class='ocrx_word' id='word_1_208' title='bbox 3088 1452 3291 1523; x_wconf 83' lang='grc' dir='ltr'>Ἰησοῦς</span> <span class='ocrx_word' id='word_1_209' title='bbox 3315 1454 3572 1525; x_wconf 81' lang='grc' dir='ltr'>ἐγέννησε</span> <span class='ocrx_word' id='word_1_210' title='bbox 3598 1456 3694 1510; x_wconf 80' lang='grc' dir='ltr'>τὸν</span> 
     </span>
    </p>
   </div>
   <div class='ocr_carea' id='block_1_31' title="bbox 2131 1541 3692 1619">
    <p class='ocr_par' dir='ltr' id='par_1_31' title="bbox 2131 1541 3692 1619">
     <span class='ocr_line' id='line_1_31' title="bbox 2131 1541 3692 1619; baseline 0.004 -24"><span class='ocrx_word' id='word_1_211' title='bbox 2131 1541 2405 1612; x_wconf 76' lang='grc' dir='ltr'>Ἰωακεὶμ,</span> <span class='ocrx_word' id='word_1_212' title='bbox 2444 1543 2537 1596; x_wconf 76' lang='grc' dir='ltr'>καὶ</span> <span class='ocrx_word' id='word_1_213' title='bbox 2577 1544 2829 1613; x_wconf 74' lang='grc' dir='ltr'>Ἰωακεὶμ</span> <span class='ocrx_word' id='word_1_214' title='bbox 2869 1544 3123 1615; x_wconf 76' lang='grc' dir='ltr'>ἐγέννησε</span> <span class='ocrx_word' id='word_1_215' title='bbox 3159 1544 3251 1598; x_wconf 82' lang='grc' dir='ltr'>τὸν</span> <span class='ocrx_word' id='word_1_216' title='bbox 3299 1546 3692 1619; x_wconf 31' lang='grc' dir='ltr'>Ἐλιασὶϐ,σκαὶ</span> 
     </span>
    </p>
   </div>
   <div class='ocr_carea' id='block_1_32' title="bbox 2131 1633 3688 1713">
    <p class='ocr_par' dir='ltr' id='par_1_32' title="bbox 2131 1633 3688 1713">
     <span class='ocr_line' id='line_1_32' title="bbox 2131 1633 3688 1713; baseline 0.005 -26"><span class='ocrx_word' id='word_1_217' title='bbox 2131 1633 2367 1699; x_wconf 74' lang='grc' dir='ltr'>Ἐλιασὶϐ</span> <span class='ocrx_word' id='word_1_218' title='bbox 2407 1635 2660 1705; x_wconf 76' lang='grc' dir='ltr'>ἐγέννησε</span> <span class='ocrx_word' id='word_1_219' title='bbox 2700 1634 2791 1687; x_wconf 83' lang='grc' dir='ltr'>τὸν</span> <span class='ocrx_word' id='word_1_220' title='bbox 2832 1635 3032 1701; x_wconf 85' lang='grc' dir='ltr'>Ἰωδαὲ,</span> <span class='ocrx_word' id='word_1_221' title='bbox 3064 1639 3158 1691; x_wconf 77' lang='grc' dir='ltr'>καὶ</span> <span class='ocrx_word' id='word_1_222' title='bbox 3203 1638 3383 1691; x_wconf 80' lang='grc' dir='ltr'>Ἰωδαὲ</span> <span class='ocrx_word' id='word_1_223' title='bbox 3431 1640 3688 1713; x_wconf 78' lang='grc' dir='ltr'>ἐγέννησε</span> 
     </span>
    </p>
   </div>
   <div class='ocr_carea' id='block_1_33' title="bbox 2117 1724 3684 1799">
    <p class='ocr_par' dir='ltr' id='par_1_33' title="bbox 2117 1724 3684 1799">
     <span class='ocr_line' id='line_1_33' title="bbox 2117 1724 3684 1799; baseline 0.004 -21"><span class='ocrx_word' id='word_1_224' title='bbox 2117 1724 2207 1778; x_wconf 83' lang='grc' dir='ltr'>τὸν</span> <span class='ocrx_word' id='word_1_225' title='bbox 2249 1725 2520 1791; x_wconf 87' lang='grc' dir='ltr'>Ἰωνάθαν,</span> <span class='ocrx_word' id='word_1_226' title='bbox 2556 1727 2650 1780; x_wconf 80' lang='grc' dir='ltr'>καὶ</span> <span class='ocrx_word' id='word_1_227' title='bbox 2690 1726 2944 1780; x_wconf 87' lang='grc' dir='ltr'>Ἰωνάθαν</span> <span class='ocrx_word' id='word_1_228' title='bbox 2985 1728 3240 1799; x_wconf 78' lang='grc' dir='ltr'>ἐγέννησε</span> <span class='ocrx_word' id='word_1_229' title='bbox 3284 1730 3377 1783; x_wconf 80' lang='grc' dir='ltr'>τὸν</span> <span class='ocrx_word' id='word_1_230' title='bbox 3409 1730 3626 1785; x_wconf 89' lang='grc' dir='ltr'>Ἰαδδοῦ.</span> <span class='ocrx_word' id='word_1_231' title='bbox 3663 1749 3684 1785; x_wconf 72' lang='grc' dir='ltr'><strong>ι</strong></span> 
     </span>
    </p>
   </div>
   <div class='ocr_carea' id='block_1_34' title="bbox 451 1808 2021 1894">
    <p class='ocr_par' dir='ltr' id='par_1_34' title="bbox 451 1821 2019 1881">
     <span class='ocr_line' id='line_1_34' title="bbox 451 1821 2019 1881; baseline -0.004 0"><span class='ocrx_word' id='word_1_232' title='bbox 451 1843 547 1881; x_wconf 89' lang='lat' dir='ltr'><strong>sus</strong></span> <span class='ocrx_word' id='word_1_233' title='bbox 575 1827 742 1880; x_wconf 81' lang='lat' dir='ltr'><strong>Deum</strong></span> <span class='ocrx_word' id='word_1_234' title='bbox 775 1826 1043 1880; x_wconf 73' lang='lat' dir='ltr'><strong>adoravit.</strong></span> <span class='ocrx_word' id='word_1_235' title='bbox 1077 1823 1322 1877; x_wconf 83' lang='lat' dir='ltr'><strong>Mortuus</strong></span> <span class='ocrx_word' id='word_1_236' title='bbox 1357 1829 1442 1877; x_wconf 88' lang='lat' dir='ltr'><strong>est</strong></span> <span class='ocrx_word' id='word_1_237' title='bbox 1480 1831 1661 1877; x_wconf 90' lang='lat' dir='ltr'><strong>autem</strong></span> <span class='ocrx_word' id='word_1_238' title='bbox 1713 1821 2019 1876; x_wconf 82' lang='lat' dir='ltr'><strong>Alexander</strong></span> 
     </span>
    </p>
   </div>
   <div class='ocr_carea' id='block_1_35' title="bbox 2123 1808 3691 1894">
    <p class='ocr_par' dir='ltr' id='par_1_35' title="bbox 2123 1818 3691 1894">
     <span class='ocr_line' id='line_1_35' title="bbox 2123 1818 3691 1894; baseline 0.004 -23"><span class='ocrx_word' id='word_1_239' title='bbox 2123 1818 2274 1872; x_wconf 81' lang='grc' dir='ltr'>Κατὰ</span> <span class='ocrx_word' id='word_1_240' title='bbox 2312 1818 2499 1872; x_wconf 88' lang='grc' dir='ltr'>τοῦτον</span> <span class='ocrx_word' id='word_1_241' title='bbox 2546 1818 2637 1872; x_wconf 82' lang='grc' dir='ltr'>τὸν</span> <span class='ocrx_word' id='word_1_242' title='bbox 2694 1818 2891 1873; x_wconf 78' lang='grc' dir='ltr'>Ἰαδδοῦ</span> <span class='ocrx_word' id='word_1_243' title='bbox 2941 1821 2969 1873; x_wconf 82' lang='lat'><strong>6</strong></span> <span class='ocrx_word' id='word_1_244' title='bbox 3013 1819 3277 1875; x_wconf 87' lang='grc' dir='ltr'>Μακεδὼν</span> <span class='ocrx_word' id='word_1_245' title='bbox 3346 1821 3691 1894; x_wconf 81' lang='grc' dir='ltr'>Ἀλέξανδρος</span> 
     </span>
    </p>
   </div>
   <div class='ocr_carea' id='block_1_36' title="bbox 449 1910 2015 1981">
    <p class='ocr_par' dir='ltr' id='par_1_36' title="bbox 449 1910 2015 1981">
     <span class='ocr_line' id='line_1_36' title="bbox 449 1910 2015 1981; baseline -0.003 -13"><span class='ocrx_word' id='word_1_246' title='bbox 449 1916 672 1970; x_wconf 88' lang='lat' dir='ltr'><strong>ineunte</strong></span> <span class='ocrx_word' id='word_1_247' title='bbox 720 1918 1018 1968; x_wconf 84' lang='lat' dir='ltr'><strong>centesima</strong></span> <span class='ocrx_word' id='word_1_248' title='bbox 1076 1921 1130 1967; x_wconf 90' lang='lat' dir='ltr'><strong>et</strong></span> <span class='ocrx_word' id='word_1_249' title='bbox 1174 1919 1370 1981; x_wconf 89' lang='lat' dir='ltr'><strong>quarta</strong></span> <span class='ocrx_word' id='word_1_250' title='bbox 1421 1911 1634 1965; x_wconf 85' lang='lat' dir='ltr'><strong>decima</strong></span> <span class='ocrx_word' id='word_1_251' title='bbox 1690 1910 2015 1980; x_wconf 81' lang='lat' dir='ltr'><strong>Olympiade,</strong></span> 
     </span>
    </p>
   </div>
   <div class='ocr_carea' id='block_1_37' title="bbox 449 1999 2019 2076">
    <p class='ocr_par' dir='ltr' id='par_1_37' title="bbox 449 1999 2019 2076">
     <span class='ocr_line' id='line_1_37' title="bbox 449 1999 2019 2076; baseline -0.005 -16"><span class='ocrx_word' id='word_1_252' title='bbox 449 2015 574 2076; x_wconf 91' lang='lat' dir='ltr'><strong>post</strong></span> <span class='ocrx_word' id='word_1_253' title='bbox 604 2006 806 2076; x_wconf 78' lang='lat' dir='ltr'><strong>Cyrum</strong></span> <span class='ocrx_word' id='word_1_254' title='bbox 837 2004 1089 2058; x_wconf 88' lang='lat' dir='ltr'><strong>ducentis</strong></span> <span class='ocrx_word' id='word_1_255' title='bbox 1148 2004 1368 2072; x_wconf 77' lang='lat' dir='ltr'><strong>triginta</strong></span> <span class='ocrx_word' id='word_1_256' title='bbox 1412 2017 1507 2056; x_wconf 82' lang='lat' dir='ltr'><strong>sex</strong></span> <span class='ocrx_word' id='word_1_257' title='bbox 1539 2002 1721 2064; x_wconf 86' lang='lat' dir='ltr'><strong>annis,</strong></span> <span class='ocrx_word' id='word_1_258' title='bbox 1752 2002 1844 2070; x_wconf 89' lang='lat' dir='ltr'><strong>qui</strong></span> <span class='ocrx_word' id='word_1_259' title='bbox 1876 1999 2019 2069; x_wconf 84' lang='lat' dir='ltr'><strong>apud</strong></span> 
     </span>
    </p>
   </div>
   <div class='ocr_carea' id='block_1_38' title="bbox 447 2092 2019 2166">
    <p class='ocr_par' dir='ltr' id='par_1_38' title="bbox 447 2092 2019 2166">
     <span class='ocr_line' id='line_1_38' title="bbox 447 2092 2019 2166; baseline -0.003 -16"><span class='ocrx_word' id='word_1_260' title='bbox 447 2096 646 2153; x_wconf 84' lang='lat' dir='ltr'><strong>Persas</strong></span> <span class='ocrx_word' id='word_1_261' title='bbox 687 2111 920 2166; x_wconf 90' lang='lat' dir='ltr'><strong>regnare</strong></span> <span class='ocrx_word' id='word_1_262' title='bbox 964 2096 1132 2165; x_wconf 78' lang='lat' dir='ltr'><strong>cmpit</strong></span> <span class='ocrx_word' id='word_1_263' title='bbox 1190 2097 1414 2150; x_wconf 90' lang='lat' dir='ltr'><strong>ineunte</strong></span> <span class='ocrx_word' id='word_1_264' title='bbox 1468 2092 1775 2164; x_wconf 83' lang='lat' dir='ltr'><strong>Olympiade</strong></span> <span class='ocrx_word' id='word_1_265' title='bbox 1828 2092 2019 2161; x_wconf 83' lang='lat' dir='ltr'><strong>quinta</strong></span> 
     </span>
    </p>
   </div>
   <div class='ocr_carea' id='block_1_39' title="bbox 448 2181 2019 2258">
    <p class='ocr_par' dir='ltr' id='par_1_39' title="bbox 448 2181 2019 2258">
     <span class='ocr_line' id='line_1_39' title="bbox 448 2181 2019 2258; baseline -0.004 -15"><span class='ocrx_word' id='word_1_266' title='bbox 448 2203 614 2258; x_wconf 81' lang='lat' dir='ltr'><strong>supra</strong></span> <span class='ocrx_word' id='word_1_267' title='bbox 643 2187 1137 2258; x_wconf 85' lang='lat' dir='ltr'><strong>quadragesimam.</strong></span> <span class='ocrx_word' id='word_1_268' title='bbox 1162 2186 1292 2242; x_wconf 85' lang='lat' dir='ltr'><strong>Post</strong></span> <span class='ocrx_word' id='word_1_269' title='bbox 1318 2193 1548 2241; x_wconf 89' lang='lat' dir='ltr'><strong>mortem</strong></span> <span class='ocrx_word' id='word_1_270' title='bbox 1580 2198 1706 2238; x_wconf 84' lang='lat' dir='ltr'><strong>vero</strong></span> <span class='ocrx_word' id='word_1_271' title='bbox 1727 2181 2019 2238; x_wconf 78' lang='lat' dir='ltr'><strong>Alexandri</strong></span> 
     </span>
    </p>
   </div>
   <div class='ocr_carea' id='block_1_40' title="bbox 448 2272 2020 2348">
    <p class='ocr_par' dir='ltr' id='par_1_40' title="bbox 448 2272 2020 2348">
     <span class='ocr_line' id='line_1_40' title="bbox 448 2272 2020 2348; baseline -0.004 -14"><span class='ocrx_word' id='word_1_272' title='bbox 448 2280 784 2341; x_wconf 82' lang='lat' dir='ltr'><strong>Macedonis,</strong></span> <span class='ocrx_word' id='word_1_273' title='bbox 804 2286 858 2333; x_wconf 90' lang='lat' dir='ltr'><strong>et</strong></span> <span class='ocrx_word' id='word_1_274' title='bbox 896 2285 1017 2347; x_wconf 89' lang='lat' dir='ltr'><strong>post</strong></span> <span class='ocrx_word' id='word_1_275' title='bbox 1057 2293 1223 2347; x_wconf 85' lang='lat' dir='ltr'><strong>quem</strong></span> <span class='ocrx_word' id='word_1_276' title='bbox 1252 2277 1496 2348; x_wconf 84' lang='lat' dir='ltr'><strong>proxime</strong></span> <span class='ocrx_word' id='word_1_277' title='bbox 1523 2275 1763 2330; x_wconf 80' lang='lat' dir='ltr'><strong>diximus</strong></span> <span class='ocrx_word' id='word_1_278' title='bbox 1801 2272 2020 2344; x_wconf 85' lang='lat' dir='ltr'><strong>pontifi-</strong></span> 
     </span>
    </p>
   </div>
   <div class='ocr_carea' id='block_1_41' title="bbox 447 2368 2018 2443">
    <p class='ocr_par' dir='ltr' id='par_1_41' title="bbox 447 2368 2018 2443">
     <span class='ocr_line' id='line_1_41' title="bbox 447 2368 2018 2443; baseline -0.004 -16"><span class='ocrx_word' id='word_1_279' title='bbox 447 2387 589 2436; x_wconf 87' lang='lat' dir='ltr'><strong>cem,</strong></span> <span class='ocrx_word' id='word_1_280' title='bbox 618 2372 787 2426; x_wconf 83' lang='lat' dir='ltr'><strong>t)nias</strong></span> <span class='ocrx_word' id='word_1_281' title='bbox 830 2371 946 2439; x_wconf 90' lang='lat' dir='ltr'><strong>ipse</strong></span> <span class='ocrx_word' id='word_1_282' title='bbox 970 2384 1188 2443; x_wconf 88' lang='lat' dir='ltr'><strong>quoque</strong></span> <span class='ocrx_word' id='word_1_283' title='bbox 1231 2369 1580 2440; x_wconf 81' lang='lat' dir='ltr'><strong>pontiﬁcatus</strong></span> <span class='ocrx_word' id='word_1_284' title='bbox 1601 2368 1806 2422; x_wconf 87' lang='lat' dir='ltr'><strong>honore</strong></span> <span class='ocrx_word' id='word_1_285' title='bbox 1828 2381 2018 2423; x_wconf 86' lang='lat' dir='ltr'><strong>susce-</strong></span> 
     </span>
    </p>
   </div>
   <div class='ocr_carea' id='block_1_42' title="bbox 447 2457 2018 2534">
    <p class='ocr_par' dir='ltr' id='par_1_42' title="bbox 447 2457 2018 2534">
     <span class='ocr_line' id='line_1_42' title="bbox 447 2457 2018 2534; baseline -0.003 -18"><span class='ocrx_word' id='word_1_286' title='bbox 447 2474 562 2534; x_wconf 78' lang='lat' dir='ltr'><strong>pto,</strong></span> <span class='ocrx_word' id='word_1_287' title='bbox 589 2463 735 2533; x_wconf 85' lang='lat' dir='ltr'><strong>genti</strong></span> <span class='ocrx_word' id='word_1_288' title='bbox 769 2461 987 2532; x_wconf 73' lang='lat' dir='ltr'><strong>praefuit</strong></span> <span class='ocrx_word' id='word_1_289' title='bbox 1015 2481 1028 2516; x_wconf 89' lang='lat'><strong>:</strong></span> <span class='ocrx_word' id='word_1_290' title='bbox 1053 2461 1214 2529; x_wconf 83' lang='lat' dir='ltr'><strong>cujus</strong></span> <span class='ocrx_word' id='word_1_291' title='bbox 1236 2459 1574 2529; x_wconf 87' lang='lat' dir='ltr'><strong>temporibus</strong></span> <span class='ocrx_word' id='word_1_292' title='bbox 1605 2467 1729 2513; x_wconf 88' lang='lat' dir='ltr'><strong>cum</strong></span> <span class='ocrx_word' id='word_1_293' title='bbox 1758 2457 2018 2513; x_wconf 87' lang='lat' dir='ltr'><strong>Seleucus</strong></span> 
     </span>
    </p>
   </div>
   <div class='ocr_carea' id='block_1_43' title="bbox 446 2536 2017 2626">
    <p class='ocr_par' dir='ltr' id='par_1_43' title="bbox 446 2536 2017 2626">
     <span class='ocr_line' id='line_1_43' title="bbox 446 2536 2017 2626; baseline -0.002 -18"><span class='ocrx_word' id='word_1_294' title='bbox 446 2555 776 2626; x_wconf 84' lang='lat' dir='ltr'><strong>Babylonem</strong></span> <span class='ocrx_word' id='word_1_295' title='bbox 804 2553 1062 2623; x_wconf 84' lang='lat' dir='ltr'><strong>cepisset,</strong></span> <span class='ocrx_word' id='word_1_296' title='bbox 1092 2553 1236 2608; x_wconf 64' lang='lat' dir='ltr'><strong>Asiae</strong></span> <span class='ocrx_word' id='word_1_297' title='bbox 1272 2552 1381 2606; x_wconf 90' lang='lat' dir='ltr'><strong>sibi</strong></span> <span class='ocrx_word' id='word_1_298' title='bbox 1429 2551 1678 2607; x_wconf 87' lang='lat' dir='ltr'><strong>diadema</strong></span> <span class='ocrx_word' id='word_1_299' title='bbox 1707 2536 2017 2606; x_wconf 83' lang='lat' dir='ltr'><strong>circumde-</strong></span> 
     </span>
    </p>
   </div>
   <div class='ocr_carea' id='block_1_44' title="bbox 446 2639 2017 2714">
    <p class='ocr_par' dir='ltr' id='par_1_44' title="bbox 446 2639 2017 2714">
     <span class='ocr_line' id='line_1_44' title="bbox 446 2639 2017 2714; baseline -0.004 -15"><span class='ocrx_word' id='word_1_300' title='bbox 446 2646 548 2707; x_wconf 89' lang='lat' dir='ltr'><strong>dit,</strong></span> <span class='ocrx_word' id='word_1_301' title='bbox 579 2660 722 2699; x_wconf 88' lang='lat' dir='ltr'><strong>anno</strong></span> <span class='ocrx_word' id='word_1_302' title='bbox 749 2651 873 2714; x_wconf 89' lang='lat' dir='ltr'><strong>post</strong></span> <span class='ocrx_word' id='word_1_303' title='bbox 913 2642 1212 2698; x_wconf 80' lang='lat' dir='ltr'><strong>Alexandri</strong></span> <span class='ocrx_word' id='word_1_304' title='bbox 1257 2650 1486 2697; x_wconf 88' lang='lat' dir='ltr'><strong>mortem</strong></span> <span class='ocrx_word' id='word_1_305' title='bbox 1535 2639 1880 2695; x_wconf 88' lang='lat' dir='ltr'><strong>duodecimo.</strong></span> <span class='ocrx_word' id='word_1_306' title='bbox 1908 2639 2017 2693; x_wconf 83' lang='lat' dir='ltr'><strong>&#39;Ad</strong></span> 
     </span>
    </p>
   </div>
   <div class='ocr_carea' id='block_1_45' title="bbox 447 2732 2019 2807">
    <p class='ocr_par' dir='ltr' id='par_1_45' title="bbox 447 2732 2019 2807">
     <span class='ocr_line' id='line_1_45' title="bbox 447 2732 2019 2807; baseline -0.003 -16"><span class='ocrx_word' id='word_1_307' title='bbox 447 2752 609 2807; x_wconf 89' lang='lat' dir='ltr'><strong>quem</strong></span> <span class='ocrx_word' id='word_1_308' title='bbox 637 2752 668 2790; x_wconf 91' lang='lat' dir='ltr'><strong>a</strong></span> <span class='ocrx_word' id='word_1_309' title='bbox 703 2736 847 2807; x_wconf 82' lang='lat' dir='ltr'><strong>Cyro</strong></span> <span class='ocrx_word' id='word_1_310' title='bbox 871 2734 1286 2805; x_wconf 88' lang='lat' dir='ltr'><strong>incipientibus,</strong></span> <span class='ocrx_word' id='word_1_311' title='bbox 1312 2734 1492 2788; x_wconf 88' lang='lat' dir='ltr'><strong>omnis</strong></span> <span class='ocrx_word' id='word_1_312' title='bbox 1520 2732 1782 2803; x_wconf 89' lang='lat' dir='ltr'><strong>temporis</strong></span> <span class='ocrx_word' id='word_1_313' title='bbox 1805 2746 2019 2786; x_wconf 83' lang='lat' dir='ltr'><strong>summa</strong></span> 
     </span>
    </p>
   </div>
   <div class='ocr_carea' id='block_1_46' title="bbox 449 2825 2015 2896">
    <p class='ocr_par' dir='ltr' id='par_1_46' title="bbox 449 2825 2015 2896">
     <span class='ocr_line' id='line_1_46' title="bbox 449 2825 2015 2896; baseline -0.001 -14"><span class='ocrx_word' id='word_1_314' title='bbox 449 2844 715 2884; x_wconf 82' lang='lat' dir='ltr'><strong>annorum</strong></span> <span class='ocrx_word' id='word_1_315' title='bbox 764 2829 1123 2883; x_wconf 90' lang='lat' dir='ltr'><strong>ducentorum</strong></span> <span class='ocrx_word' id='word_1_316' title='bbox 1167 2825 1528 2896; x_wconf 79' lang='lat' dir='ltr'><strong>quadraginta</strong></span> <span class='ocrx_word' id='word_1_317' title='bbox 1560 2832 1684 2879; x_wconf 91' lang='lat' dir='ltr'><strong>octo</strong></span> <span class='ocrx_word' id='word_1_318' title='bbox 1725 2825 2015 2894; x_wconf 80' lang='lat' dir='ltr'><strong>colligitur.</strong></span> 
     </span>
    </p>
   </div>
   <div class='ocr_carea' id='block_1_47' title="bbox 447 2916 2018 2990">
    <p class='ocr_par' dir='ltr' id='par_1_47' title="bbox 447 2916 2018 2990">
     <span class='ocr_line' id='line_1_47' title="bbox 447 2916 2018 2990; baseline -0.003 -17"><span class='ocrx_word' id='word_1_319' title='bbox 447 2920 532 2975; x_wconf 84' lang='lat' dir='ltr'><strong>Ab</strong></span> <span class='ocrx_word' id='word_1_320' title='bbox 563 2921 667 2976; x_wconf 90' lang='lat' dir='ltr'><strong>hoc</strong></span> <span class='ocrx_word' id='word_1_321' title='bbox 696 2921 817 2990; x_wconf 87' lang='lat' dir='ltr'><strong>ipso</strong></span> <span class='ocrx_word' id='word_1_322' title='bbox 846 2929 1090 2990; x_wconf 86' lang='lat' dir='ltr'><strong>tempore</strong></span> <span class='ocrx_word' id='word_1_323' title='bbox 1129 2916 1443 2972; x_wconf 65' lang='lat' dir='ltr'><strong>Crmcorum</strong></span> <span class='ocrx_word' id='word_1_324' title='bbox 1473 2931 1697 2986; x_wconf 81' lang='lat' dir='ltr'><strong>regnum</strong></span> <span class='ocrx_word' id='word_1_325' title='bbox 1730 2930 2018 2970; x_wconf 89' lang='lat' dir='ltr'><strong>numerare</strong></span> 
     </span>
    </p>
   </div>
   <div class='ocr_carea' id='block_1_48' title="bbox 448 3008 2020 3083">
    <p class='ocr_par' dir='ltr' id='par_1_48' title="bbox 448 3008 2020 3083">
     <span class='ocr_line' id='line_1_48' title="bbox 448 3008 2020 3083; baseline -0.004 -16"><span class='ocrx_word' id='word_1_326' title='bbox 448 3013 641 3083; x_wconf 82' lang='lat' dir='ltr'><strong>incipit</strong></span> <span class='ocrx_word' id='word_1_327' title='bbox 715 3010 1148 3065; x_wconf 67' lang='lat' dir='ltr'><strong>Machahaeorum</strong></span> <span class='ocrx_word' id='word_1_328' title='bbox 1223 3010 1470 3064; x_wconf 85' lang='lat' dir='ltr'><strong>historia.</strong></span> <span class='ocrx_word' id='word_1_329' title='bbox 1530 3008 1832 3074; x_wconf 65' lang='lat' dir='ltr'><strong>Creterum,</strong></span> <span class='ocrx_word' id='word_1_330' title='bbox 1897 3018 2020 3077; x_wconf 88' lang='lat' dir='ltr'><strong>post</strong></span> 
     </span>
    </p>
   </div>
   <div class='ocr_carea' id='block_1_49' title="bbox 449 3100 2020 3171">
    <p class='ocr_par' dir='ltr' id='par_1_49' title="bbox 449 3100 2020 3171">
     <span class='ocr_line' id='line_1_49' title="bbox 449 3100 2020 3171; baseline -0.002 -13"><span class='ocrx_word' id='word_1_331' title='bbox 449 3103 644 3159; x_wconf 92' lang='lat' dir='ltr'><strong>Oniam</strong></span> <span class='ocrx_word' id='word_1_332' title='bbox 692 3101 1005 3157; x_wconf 67' lang='lat' dir='ltr'><strong>Iudaeorum</strong></span> <span class='ocrx_word' id='word_1_333' title='bbox 1061 3101 1307 3170; x_wconf 88' lang='lat' dir='ltr'><strong>suscepit</strong></span> <span class='ocrx_word' id='word_1_334' title='bbox 1361 3100 1726 3171; x_wconf 90' lang='lat' dir='ltr'><strong>principatum</strong></span> <span class='ocrx_word' id='word_1_335' title='bbox 1777 3101 2020 3171; x_wconf 82' lang='lat' dir='ltr'><strong>pontifex</strong></span> 
     </span>
    </p>
   </div>
   <div class='ocr_carea' id='block_1_50' title="bbox 449 3191 2018 3263">
    <p class='ocr_par' dir='ltr' id='par_1_50' title="bbox 449 3191 2018 3263">
     <span class='ocr_line' id='line_1_50' title="bbox 449 3191 2018 3263; baseline -0.002 -13"><span class='ocrx_word' id='word_1_336' title='bbox 449 3195 765 3257; x_wconf 79' lang='lat' dir='ltr'><strong>Eleazarus,</strong></span> <span class='ocrx_word' id='word_1_337' title='bbox 798 3194 900 3248; x_wconf 88' lang='lat' dir='ltr'><strong>sub</strong></span> <span class='ocrx_word' id='word_1_338' title='bbox 930 3210 1039 3263; x_wconf 89' lang='lat' dir='ltr'><strong>quo</strong></span> <span class='ocrx_word' id='word_1_339' title='bbox 1081 3191 1224 3247; x_wconf 77' lang='lat' dir='ltr'><strong>LXX</strong></span> <span class='ocrx_word' id='word_1_340' title='bbox 1264 3192 1369 3246; x_wconf 80' lang='lat' dir='ltr'><strong>viri</strong></span> <span class='ocrx_word' id='word_1_341' title='bbox 1409 3192 1625 3247; x_wconf 85' lang='lat' dir='ltr'><strong>divinas</strong></span> <span class='ocrx_word' id='word_1_342' title='bbox 1675 3193 2018 3262; x_wconf 88' lang='lat' dir='ltr'><strong>interpretati</strong></span> 
     </span>
    </p>
   </div>
   <div class='ocr_carea' id='block_1_51' title="bbox 452 3283 2017 3356">
    <p class='ocr_par' dir='ltr' id='par_1_51' title="bbox 452 3283 2017 3356">
     <span class='ocr_line' id='line_1_51' title="bbox 452 3283 2017 3356; baseline -0.001 -15"><span class='ocrx_word' id='word_1_343' title='bbox 452 3286 799 3356; x_wconf 86' lang='lat' dir='ltr'><strong>Scripturas,</strong></span> <span class='ocrx_word' id='word_1_344' title='bbox 845 3284 1228 3341; x_wconf 85' lang='lat' dir='ltr'><strong>Alexandrinis</strong></span> <span class='ocrx_word' id='word_1_345' title='bbox 1278 3285 1625 3340; x_wconf 89' lang='lat' dir='ltr'><strong>bibliothecis</strong></span> <span class='ocrx_word' id='word_1_346' title='bbox 1674 3283 2017 3340; x_wconf 90' lang='lat' dir='ltr'><strong>dedicarunt.</strong></span> 
     </span>
    </p>
   </div>
   <div class='ocr_carea' id='block_1_52' title="bbox 449 3375 2022 3434">
    <p class='ocr_par' dir='ltr' id='par_1_52' title="bbox 449 3375 2022 3434">
     <span class='ocr_line' id='line_1_52' title="bbox 449 3375 2022 3434; baseline -0.003 0"><span class='ocrx_word' id='word_1_347' title='bbox 449 3379 581 3434; x_wconf 84' lang='lat' dir='ltr'><strong>Post</strong></span> <span class='ocrx_word' id='word_1_348' title='bbox 612 3380 757 3433; x_wconf 91' lang='lat' dir='ltr'><strong>hunc</strong></span> <span class='ocrx_word' id='word_1_349' title='bbox 809 3386 1033 3433; x_wconf 89' lang='lat' dir='ltr'><strong>secutus</strong></span> <span class='ocrx_word' id='word_1_350' title='bbox 1079 3386 1163 3433; x_wconf 91' lang='lat' dir='ltr'><strong>est</strong></span> <span class='ocrx_word' id='word_1_351' title='bbox 1215 3378 1352 3431; x_wconf 89' lang='lat' dir='ltr'><strong>alter</strong></span> <span class='ocrx_word' id='word_1_352' title='bbox 1382 3375 1586 3432; x_wconf 88' lang='lat' dir='ltr'><strong>Ouias:</strong></span> <span class='ocrx_word' id='word_1_353' title='bbox 1617 3377 1706 3431; x_wconf 89' lang='lat' dir='ltr'><strong>cui</strong></span> <span class='ocrx_word' id='word_1_354' title='bbox 1754 3377 2022 3433; x_wconf 86' lang='lat' dir='ltr'><strong>successit</strong></span> 
     </span>
    </p>
   </div>
   <div class='ocr_carea' id='block_1_53' title="bbox 452 3466 2023 3539">
    <p class='ocr_par' dir='ltr' id='par_1_53' title="bbox 452 3466 2023 3539">
     <span class='ocr_line' id='line_1_53' title="bbox 452 3466 2023 3539; baseline 0 -15"><span class='ocrx_word' id='word_1_355' title='bbox 452 3466 666 3535; x_wconf 83' lang='lat' dir='ltr'><strong>Simon,</strong></span> <span class='ocrx_word' id='word_1_356' title='bbox 691 3470 851 3539; x_wconf 88' lang='lat' dir='ltr'><strong>cujus</strong></span> <span class='ocrx_word' id='word_1_357' title='bbox 886 3478 1211 3539; x_wconf 84' lang='lat' dir='ltr'><strong>tempestate</strong></span> <span class='ocrx_word' id='word_1_358' title='bbox 1239 3468 1401 3524; x_wconf 85' lang='lat' dir='ltr'><strong>Jesus</strong></span> <span class='ocrx_word' id='word_1_359' title='bbox 1437 3469 1580 3525; x_wconf 83' lang='lat' dir='ltr'><strong>filius</strong></span> <span class='ocrx_word' id='word_1_360' title='bbox 1633 3468 1828 3524; x_wconf 89' lang='lat' dir='ltr'><strong>Sirach</strong></span> <span class='ocrx_word' id='word_1_361' title='bbox 1878 3469 2023 3524; x_wconf 85' lang='lat' dir='ltr'><strong>fama</strong></span> 
     </span>
    </p>
   </div>
   <div class='ocr_carea' id='block_1_54' title="bbox 449 3562 2023 3634">
    <p class='ocr_par' dir='ltr' id='par_1_54' title="bbox 449 3562 2023 3634">
     <span class='ocr_line' id='line_1_54' title="bbox 449 3562 2023 3634; baseline -0.001 -17"><span class='ocrx_word' id='word_1_362' title='bbox 449 3564 684 3620; x_wconf 84' lang='lat' dir='ltr'><strong>celebris</strong></span> <span class='ocrx_word' id='word_1_363' title='bbox 712 3563 835 3628; x_wconf 90' lang='lat' dir='ltr'><strong>fuit,</strong></span> <span class='ocrx_word' id='word_1_364' title='bbox 866 3564 960 3634; x_wconf 92' lang='lat' dir='ltr'><strong>qui</strong></span> <span class='ocrx_word' id='word_1_365' title='bbox 994 3563 1323 3632; x_wconf 81' lang='lat' dir='ltr'><strong>Sapientiam</strong></span> <span class='ocrx_word' id='word_1_366' title='bbox 1352 3562 1513 3617; x_wconf 92' lang='lat' dir='ltr'><strong>titulo</strong></span> <span class='ocrx_word' id='word_1_367' title='bbox 1545 3564 1727 3618; x_wconf 88' lang='lat' dir='ltr'><strong>omnia</strong></span> <span class='ocrx_word' id='word_1_368' title='bbox 1757 3565 2023 3619; x_wconf 82' lang='lat' dir='ltr'><strong>virtutum</strong></span> 
     </span>
    </p>
   </div>
   <div class='ocr_carea' id='block_1_55' title="bbox 446 3655 2025 3726">
    <p class='ocr_par' dir='ltr' id='par_1_55' title="bbox 446 3655 2025 3726">
     <span class='ocr_line' id='line_1_55' title="bbox 446 3655 2025 3726; baseline 0.001 -17"><span class='ocrx_word' id='word_1_369' title='bbox 446 3671 650 3726; x_wconf 87' lang='lat' dir='ltr'><strong>genera</strong></span> <span class='ocrx_word' id='word_1_370' title='bbox 683 3656 1023 3726; x_wconf 73' lang='lat' dir='ltr'><strong>profitentem</strong></span> <span class='ocrx_word' id='word_1_371' title='bbox 1048 3657 1379 3725; x_wconf 90' lang='lat' dir='ltr'><strong>composuit.</strong></span> <span class='ocrx_word' id='word_1_372' title='bbox 1413 3655 1544 3711; x_wconf 87' lang='lat' dir='ltr'><strong>Post</strong></span> <span class='ocrx_word' id='word_1_373' title='bbox 1573 3670 1734 3725; x_wconf 88' lang='lat' dir='ltr'><strong>quem</strong></span> <span class='ocrx_word' id='word_1_374' title='bbox 1766 3655 1907 3709; x_wconf 89' lang='lat' dir='ltr'><strong>alius</strong></span> <span class='ocrx_word' id='word_1_375' title='bbox 1932 3669 2025 3710; x_wconf 86' lang='lat' dir='ltr'><strong>eo-</strong></span> 
     </span>
    </p>
   </div>
   <div class='ocr_carea' id='block_1_56' title="bbox 448 3745 2024 3818">
    <p class='ocr_par' dir='ltr' id='par_1_56' title="bbox 448 3745 2024 3818">
     <span class='ocr_line' id='line_1_56' title="bbox 448 3745 2024 3818; baseline 0.001 -16"><span class='ocrx_word' id='word_1_376' title='bbox 448 3746 572 3802; x_wconf 88' lang='lat' dir='ltr'><strong>dem</strong></span> <span class='ocrx_word' id='word_1_377' title='bbox 605 3763 728 3803; x_wconf 91' lang='lat' dir='ltr'><strong>cum</strong></span> <span class='ocrx_word' id='word_1_378' title='bbox 777 3749 1057 3818; x_wconf 84' lang='lat' dir='ltr'><strong>prioribus</strong></span> <span class='ocrx_word' id='word_1_379' title='bbox 1102 3749 1323 3803; x_wconf 85' lang='lat' dir='ltr'><strong>nomine</strong></span> <span class='ocrx_word' id='word_1_380' title='bbox 1363 3745 1534 3802; x_wconf 87' lang='lat' dir='ltr'><strong>Onias</strong></span> <span class='ocrx_word' id='word_1_381' title='bbox 1574 3746 1812 3817; x_wconf 65' lang='lat' dir='ltr'><strong>praefuit.</strong></span> <span class='ocrx_word' id='word_1_382' title='bbox 1848 3746 2024 3816; x_wconf 84' lang='lat' dir='ltr'><strong>Hujus</strong></span> 
     </span>
    </p>
   </div>
   <div class='ocr_carea' id='block_1_57' title="bbox 450 3841 2021 3911">
    <p class='ocr_par' dir='ltr' id='par_1_57' title="bbox 450 3841 2021 3911">
     <span class='ocr_line' id='line_1_57' title="bbox 450 3841 2021 3911; baseline 0.001 -17"><span class='ocrx_word' id='word_1_383' title='bbox 450 3841 726 3910; x_wconf 83' lang='lat' dir='ltr'><strong>pontificis</strong></span> <span class='ocrx_word' id='word_1_384' title='bbox 751 3848 1001 3911; x_wconf 91' lang='lat' dir='ltr'><strong>tempore</strong></span> <span class='ocrx_word' id='word_1_385' title='bbox 1026 3841 1350 3901; x_wconf 81' lang='lat' dir='ltr'><strong>Antiochus.</strong></span> <span class='ocrx_word' id='word_1_386' title='bbox 1382 3856 1506 3896; x_wconf 91' lang='lat' dir='ltr'><strong>cum</strong></span> <span class='ocrx_word' id='word_1_387' title='bbox 1532 3841 1753 3897; x_wconf 81' lang='lat' dir='ltr'><strong>Judaeos</strong></span> <span class='ocrx_word' id='word_1_388' title='bbox 1783 3841 2021 3896; x_wconf 91' lang='lat' dir='ltr'><strong>obsidio-</strong></span> 
     </span>
    </p>
   </div>
   <div class='ocr_carea' id='block_1_58' title="bbox 450 3930 2025 4004">
    <p class='ocr_par' dir='ltr' id='par_1_58' title="bbox 450 3930 2025 4004">
     <span class='ocr_line' id='line_1_58' title="bbox 450 3930 2025 4004; baseline -0.001 -16"><span class='ocrx_word' id='word_1_389' title='bbox 450 3948 520 3988; x_wconf 89' lang='lat' dir='ltr'><strong>ne</strong></span> <span class='ocrx_word' id='word_1_390' title='bbox 549 3933 853 4004; x_wconf 75' lang='lat' dir='ltr'><strong>fatigasset,</strong></span> <span class='ocrx_word' id='word_1_391' title='bbox 882 3931 1200 3988; x_wconf 73' lang='lat' dir='ltr'><strong>Graacorum</strong></span> <span class='ocrx_word' id='word_1_392' title='bbox 1254 3933 1455 3988; x_wconf 83' lang='lat' dir='ltr'><strong>ritibus</strong></span> <span class='ocrx_word' id='word_1_393' title='bbox 1505 3933 1585 3987; x_wconf 91' lang='lat' dir='ltr'><strong>uti</strong></span> <span class='ocrx_word' id='word_1_394' title='bbox 1632 3933 1830 4003; x_wconf 84' lang='lat' dir='ltr'><strong>coegit.</strong></span> <span class='ocrx_word' id='word_1_395' title='bbox 1866 3930 2025 3986; x_wconf 83' lang='lat' dir='ltr'><strong>liunc</strong></span> 
     </span>
    </p>
   </div>
   <div class='ocr_carea' id='block_1_59' title="bbox 451 4021 2025 4090">
    <p class='ocr_par' dir='ltr' id='par_1_59' title="bbox 451 4021 2025 4090">
     <span class='ocr_line' id='line_1_59' title="bbox 451 4021 2025 4090; baseline -0.003 -11"><span class='ocrx_word' id='word_1_396' title='bbox 451 4033 673 4079; x_wconf 85' lang='lat' dir='ltr'><strong>secutus</strong></span> <span class='ocrx_word' id='word_1_397' title='bbox 702 4021 894 4085; x_wconf 66' lang='lat' dir='ltr'><strong>ludas,</strong></span> <span class='ocrx_word' id='word_1_398' title='bbox 924 4029 1286 4090; x_wconf 76' lang='lat' dir='ltr'><strong>cognomento</strong></span> <span class='ocrx_word' id='word_1_399' title='bbox 1316 4021 1679 4084; x_wconf 69' lang='lat' dir='ltr'><strong>Machabaaus,</strong></span> <span class='ocrx_word' id='word_1_400' title='bbox 1704 4022 1833 4076; x_wconf 88' lang='lat' dir='ltr'><strong>dum</strong></span> <span class='ocrx_word' id='word_1_401' title='bbox 1862 4021 2025 4075; x_wconf 89' lang='lat' dir='ltr'><strong>rebus</strong></span> 
     </span>
    </p>
   </div>
   <div class='ocr_carea' id='block_1_60' title="bbox 446 4111 2025 4184">
    <p class='ocr_par' dir='ltr' id='par_1_60' title="bbox 446 4111 2025 4184">
     <span class='ocr_line' id='line_1_60' title="bbox 446 4111 2025 4184; baseline -0.001 -14"><span class='ocrx_word' id='word_1_402' title='bbox 446 4112 764 4171; x_wconf 68' lang='lat' dir='ltr'><strong>Iudaeorum</strong></span> <span class='ocrx_word' id='word_1_403' title='bbox 812 4121 1033 4184; x_wconf 68' lang='lat' dir='ltr'><strong>praaest,</strong></span> <span class='ocrx_word' id='word_1_404' title='bbox 1072 4113 1348 4183; x_wconf 86' lang='lat' dir='ltr'><strong>regionem</strong></span> <span class='ocrx_word' id='word_1_405' title='bbox 1393 4115 1461 4167; x_wconf 87' lang='lat' dir='ltr'><strong>ab</strong></span> <span class='ocrx_word' id='word_1_406' title='bbox 1494 4113 1676 4184; x_wconf 85' lang='lat' dir='ltr'><strong>impiis</strong></span> <span class='ocrx_word' id='word_1_407' title='bbox 1703 4120 1757 4169; x_wconf 93' lang='lat' dir='ltr'><strong>et</strong></span> <span class='ocrx_word' id='word_1_408' title='bbox 1781 4111 2025 4183; x_wconf 81' lang='lat' dir='ltr'><strong>profanis</strong></span> 
     </span>
    </p>
   </div>
   <div class='ocr_carea' id='block_1_61' title="bbox 450 4204 2024 4276">
    <p class='ocr_par' dir='ltr' id='par_1_61' title="bbox 450 4204 2024 4276">
     <span class='ocr_line' id='line_1_61' title="bbox 450 4204 2024 4276; baseline 0.009 -23"><span class='ocrx_word' id='word_1_409' title='bbox 450 4217 803 4276; x_wconf 74' lang='lat' dir='ltr'><strong>expurgatam</strong></span> <span class='ocrx_word' id='word_1_410' title='bbox 845 4205 1113 4260; x_wconf 81' lang='lat' dir='ltr'><strong>liberavit.</strong></span> <span class='ocrx_word' id='word_1_411' title='bbox 1139 4204 1240 4258; x_wconf 90' lang='lat' dir='ltr'><strong>Cui</strong></span> <span class='ocrx_word' id='word_1_412' title='bbox 1272 4204 1515 4259; x_wconf 91' lang='lat' dir='ltr'><strong>succedit</strong></span> <span class='ocrx_word' id='word_1_413' title='bbox 1547 4204 1714 4262; x_wconf 89' lang='lat' dir='ltr'><strong>frater</strong></span> <span class='ocrx_word' id='word_1_414' title='bbox 1740 4206 2024 4273; x_wconf 83' lang='lat' dir='ltr'><strong>Jonathas,</strong></span> 
     </span>
    </p>
   </div>
   <div class='ocr_carea' id='block_1_62' title="bbox 451 4294 2026 4372">
    <p class='ocr_par' dir='ltr' id='par_1_62' title="bbox 451 4294 2026 4372">
     <span class='ocr_line' id='line_1_62' title="bbox 451 4294 2026 4372; baseline 0.001 -19"><span class='ocrx_word' id='word_1_415' title='bbox 451 4298 650 4353; x_wconf 85' lang='lat' dir='ltr'><strong>deinde</strong></span> <span class='ocrx_word' id='word_1_416' title='bbox 668 4294 876 4372; x_wconf 58' lang='lat' dir='ltr'><strong>Simon</strong></span> <span class='ocrx_word' id='word_1_417' title='bbox 906 4314 920 4350; x_wconf 88' lang='lat'><strong>:</strong></span> <span class='ocrx_word' id='word_1_418' title='bbox 959 4296 1064 4350; x_wconf 88' lang='lat' dir='ltr'><strong>sub</strong></span> <span class='ocrx_word' id='word_1_419' title='bbox 1092 4295 1254 4365; x_wconf 85' lang='lat' dir='ltr'><strong>cujus</strong></span> <span class='ocrx_word' id='word_1_420' title='bbox 1284 4302 1511 4350; x_wconf 88' lang='lat' dir='ltr'><strong>mortem</strong></span> <span class='ocrx_word' id='word_1_421' title='bbox 1543 4298 1695 4367; x_wconf 86' lang='lat' dir='ltr'><strong>regni</strong></span> <span class='ocrx_word' id='word_1_422' title='bbox 1715 4299 1862 4369; x_wconf 90' lang='lat' dir='ltr'><strong>quod</strong></span> <span class='ocrx_word' id='word_1_423' title='bbox 1883 4299 2026 4370; x_wconf 91' lang='lat' dir='ltr'><strong>apud</strong></span> 
     </span>
    </p>
   </div>
   <div class='ocr_carea' id='block_1_63' title="bbox 454 4388 2028 4464">
    <p class='ocr_par' dir='ltr' id='par_1_63' title="bbox 454 4388 2028 4464">
     <span class='ocr_line' id='line_1_63' title="bbox 454 4388 2028 4464; baseline 0.003 -21"><span class='ocrx_word' id='word_1_424' title='bbox 454 4390 624 4459; x_wconf 72' lang='lat' dir='ltr'><strong>Syros</strong></span> <span class='ocrx_word' id='word_1_425' title='bbox 638 4388 832 4458; x_wconf 83' lang='lat' dir='ltr'><strong>viguit,</strong></span> <span class='ocrx_word' id='word_1_426' title='bbox 861 4402 1043 4441; x_wconf 89' lang='lat' dir='ltr'><strong>annus</strong></span> <span class='ocrx_word' id='word_1_427' title='bbox 1076 4396 1403 4443; x_wconf 90' lang='lat' dir='ltr'><strong>numeratur</strong></span> <span class='ocrx_word' id='word_1_428' title='bbox 1431 4388 1699 4457; x_wconf 90' lang='lat' dir='ltr'><strong>septimus</strong></span> <span class='ocrx_word' id='word_1_429' title='bbox 1726 4397 1779 4445; x_wconf 92' lang='lat' dir='ltr'><strong>et</strong></span> <span class='ocrx_word' id='word_1_430' title='bbox 1803 4400 2028 4464; x_wconf 87' lang='lat' dir='ltr'><strong>septua-</strong></span> 
     </span>
    </p>
   </div>
   <div class='ocr_carea' id='block_1_64' title="bbox 2131 1908 3689 1984">
    <p class='ocr_par' dir='ltr' id='par_1_64' title="bbox 2131 1908 3689 1984">
     <span class='ocr_line' id='line_1_64' title="bbox 2131 1908 3689 1984; baseline 0.005 -22"><span class='ocrx_word' id='word_1_431' title='bbox 2131 1908 2535 1980; x_wconf 85' lang='grc' dir='ltr'>Ἀλεξάνδρειαν</span> <span class='ocrx_word' id='word_1_432' title='bbox 2569 1910 2762 1974; x_wconf 81' lang='grc' dir='ltr'>κτίζει,</span> <span class='ocrx_word' id='word_1_433' title='bbox 2797 1911 2873 1975; x_wconf 87' lang='grc' dir='ltr'>ὠς</span> <span class='ocrx_word' id='word_1_434' title='bbox 2916 1909 3175 1982; x_wconf 90' lang='grc' dir='ltr'>Ἰώσηπος</span> <span class='ocrx_word' id='word_1_435' title='bbox 3218 1913 3438 1984; x_wconf 77' lang='grc' dir='ltr'>ἱστορεῖ,</span> <span class='ocrx_word' id='word_1_436' title='bbox 3491 1914 3689 1983; x_wconf 77' lang='grc' dir='ltr'>ἀφικό-</span> 
     </span>
    </p>
   </div>
   <div class='ocr_carea' id='block_1_65' title="bbox 2121 2001 3686 2078">
    <p class='ocr_par' dir='ltr' id='par_1_65' title="bbox 2121 2001 3686 2078">
     <span class='ocr_line' id='line_1_65' title="bbox 2121 2001 3686 2078; baseline 0.005 -25"><span class='ocrx_word' id='word_1_437' title='bbox 2121 2001 2279 2071; x_wconf 84' lang='grc' dir='ltr'>μενός</span> <span class='ocrx_word' id='word_1_438' title='bbox 2327 2019 2387 2055; x_wconf 89' lang='grc' dir='ltr'><strong>τε</strong></span> <span class='ocrx_word' id='word_1_439' title='bbox 2429 2004 2508 2066; x_wconf 85' lang='grc' dir='ltr'><strong>είς</strong></span> <span class='ocrx_word' id='word_1_440' title='bbox 2544 2002 2613 2057; x_wconf 75' lang='grc' dir='ltr'><strong>τά</strong></span> <span class='ocrx_word' id='word_1_441' title='bbox 2666 2003 3030 2074; x_wconf 82' lang='grc' dir='ltr'>Ἰεροσόλυμα,</span> <span class='ocrx_word' id='word_1_442' title='bbox 3081 2001 3162 2073; x_wconf 83' lang='grc' dir='ltr'>τῷ</span> <span class='ocrx_word' id='word_1_443' title='bbox 3207 2003 3326 2075; x_wconf 83' lang='grc' dir='ltr'><strong>Θεῷ</strong></span> <span class='ocrx_word' id='word_1_444' title='bbox 3370 2009 3686 2078; x_wconf 77' lang='grc' dir='ltr'>προσκυνεῖ.</span> 
     </span>
    </p>
   </div>
   <div class='ocr_carea' id='block_1_66' title="bbox 2118 2094 3687 2169">
    <p class='ocr_par' dir='ltr' id='par_1_66' title="bbox 2118 2094 3687 2169">
     <span class='ocr_line' id='line_1_66' title="bbox 2118 2094 3687 2169; baseline 0.004 -22"><span class='ocrx_word' id='word_1_445' title='bbox 2118 2094 2356 2167; x_wconf 83' lang='grc' dir='ltr'>Τελευτᾷ</span> <span class='ocrx_word' id='word_1_446' title='bbox 2397 2096 2454 2150; x_wconf 80' lang='grc' dir='ltr'>δὲ</span> <span class='ocrx_word' id='word_1_447' title='bbox 2484 2096 2575 2149; x_wconf 86' lang='grc' dir='ltr'>τὸν</span> <span class='ocrx_word' id='word_1_448' title='bbox 2612 2095 2722 2166; x_wconf 85' lang='grc' dir='ltr'>βίον</span> <span class='ocrx_word' id='word_1_449' title='bbox 2767 2094 3112 2166; x_wconf 78' lang='grc' dir='ltr'>Ἀλέξανδρος</span> <span class='ocrx_word' id='word_1_450' title='bbox 3142 2097 3201 2148; x_wconf 83' lang='grc' dir='ltr'><strong>ἐν</strong></span> <span class='ocrx_word' id='word_1_451' title='bbox 3236 2096 3376 2168; x_wconf 83' lang='grc' dir='ltr'>ἀρχῇ</span> <span class='ocrx_word' id='word_1_452' title='bbox 3419 2098 3516 2169; x_wconf 87' lang='grc' dir='ltr'>τῆς</span> <span class='ocrx_word' id='word_1_453' title='bbox 3555 2100 3687 2153; x_wconf 84' lang='grc' dir='ltr'>ἐκα-</span> 
     </span>
    </p>
   </div>
   <div class='ocr_carea' id='block_1_67' title="bbox 2115 2182 3691 2259">
    <p class='ocr_par' dir='ltr' id='par_1_67' title="bbox 2115 2182 3691 2259">
     <span class='ocr_line' id='line_1_67' title="bbox 2115 2182 3691 2259; baseline 0.003 -23"><span class='ocrx_word' id='word_1_454' title='bbox 2115 2184 2311 2254; x_wconf 83' lang='grc' dir='ltr'>τοστῆς</span> <span class='ocrx_word' id='word_1_455' title='bbox 2354 2185 2448 2238; x_wconf 73' lang='grc' dir='ltr'>καὶ</span> <span class='ocrx_word' id='word_1_456' title='bbox 2489 2182 3088 2259; x_wconf 80' lang='grc' dir='ltr'>τεσσαρεσκαιδεκάτης</span> <span class='ocrx_word' id='word_1_457' title='bbox 3137 2183 3513 2255; x_wconf 77' lang='grc' dir='ltr'>Ὀλυμπιάδος,</span> <span class='ocrx_word' id='word_1_458' title='bbox 3550 2187 3691 2257; x_wconf 79' lang='grc' dir='ltr'>μετὰ</span> 
     </span>
    </p>
   </div>
   <div class='ocr_carea' id='block_1_68' title="bbox 2118 2274 3687 2349">
    <p class='ocr_par' dir='ltr' id='par_1_68' title="bbox 2118 2274 3687 2349">
     <span class='ocr_line' id='line_1_68' title="bbox 2118 2274 3687 2349; baseline 0.003 -20"><span class='ocrx_word' id='word_1_459' title='bbox 2118 2274 2210 2347; x_wconf 80' lang='grc' dir='ltr'>ἔτη</span> <span class='ocrx_word' id='word_1_460' title='bbox 2258 2276 2503 2330; x_wconf 85' lang='grc' dir='ltr'>διακόσια</span> <span class='ocrx_word' id='word_1_461' title='bbox 2550 2278 2840 2349; x_wconf 89' lang='grc' dir='ltr'>τριάκοντα</span> <span class='ocrx_word' id='word_1_462' title='bbox 2891 2278 2956 2332; x_wconf 81' lang='grc' dir='ltr'><strong>ἐκ</strong></span> <span class='ocrx_word' id='word_1_463' title='bbox 3008 2276 3210 2348; x_wconf 84' lang='grc' dir='ltr'>Κύρου,</span> <span class='ocrx_word' id='word_1_464' title='bbox 3258 2278 3318 2341; x_wconf 84' lang='grc' dir='ltr'>ὃς</span> <span class='ocrx_word' id='word_1_465' title='bbox 3372 2277 3687 2333; x_wconf 84' lang='grc' dir='ltr'>ἐϐασίλευσε</span> 
     </span>
    </p>
   </div>
   <div class='ocr_carea' id='block_1_69' title="bbox 2117 2366 3692 2442">
    <p class='ocr_par' dir='ltr' id='par_1_69' title="bbox 2117 2366 3692 2442">
     <span class='ocr_line' id='line_1_69' title="bbox 2117 2366 3692 2442; baseline 0.003 -23"><span class='ocrx_word' id='word_1_466' title='bbox 2117 2366 2343 2438; x_wconf 87' lang='grc' dir='ltr'>Περσῶν</span> <span class='ocrx_word' id='word_1_467' title='bbox 2369 2368 2509 2422; x_wconf 83' lang='grc' dir='ltr'>κατὰ</span> <span class='ocrx_word' id='word_1_468' title='bbox 2534 2370 2596 2423; x_wconf 84' lang='grc' dir='ltr'>τὸ</span> <span class='ocrx_word' id='word_1_469' title='bbox 2630 2370 2842 2441; x_wconf 83' lang='grc' dir='ltr'>πρῶτον</span> <span class='ocrx_word' id='word_1_470' title='bbox 2869 2368 2986 2434; x_wconf 77' lang='grc' dir='ltr'>ἔτος</span> <span class='ocrx_word' id='word_1_471' title='bbox 3016 2370 3271 2442; x_wconf 78' lang='grc' dir='ltr'>πέμπτης</span> <span class='ocrx_word' id='word_1_472' title='bbox 3299 2369 3394 2423; x_wconf 71' lang='grc' dir='ltr'>καὶ</span> <span class='ocrx_word' id='word_1_473' title='bbox 3426 2387 3692 2441; x_wconf 85' lang='grc' dir='ltr'>πεντηκο-</span> 
     </span>
    </p>
   </div>
   <div class='ocr_carea' id='block_1_70' title="bbox 2120 2459 3693 2533">
    <p class='ocr_par' dir='ltr' id='par_1_70' title="bbox 2120 2459 3693 2533">
     <span class='ocr_line' id='line_1_70' title="bbox 2120 2459 3693 2533; baseline 0.002 -20"><span class='ocrx_word' id='word_1_474' title='bbox 2120 2459 2251 2530; x_wconf 85' lang='grc' dir='ltr'>στῆς</span> <span class='ocrx_word' id='word_1_475' title='bbox 2293 2460 2670 2531; x_wconf 81' lang='grc' dir='ltr'>Ὀλυμπιάδος.</span> <span class='ocrx_word' id='word_1_476' title='bbox 2708 2461 2861 2516; x_wconf 75' lang='grc' dir='ltr'>Μετὰ</span> <span class='ocrx_word' id='word_1_477' title='bbox 2894 2462 2951 2515; x_wconf 85' lang='grc' dir='ltr'>δὲ</span> <span class='ocrx_word' id='word_1_478' title='bbox 2998 2460 3096 2533; x_wconf 84' lang='grc' dir='ltr'>τὴν</span> <span class='ocrx_word' id='word_1_479' title='bbox 3138 2460 3395 2532; x_wconf 79' lang='grc' dir='ltr'>τελευτὴν</span> <span class='ocrx_word' id='word_1_480' title='bbox 3443 2459 3693 2527; x_wconf 78' lang='grc' dir='ltr'>Ἀλεξάν-</span> 
     </span>
    </p>
   </div>
   <div class='ocr_carea' id='block_1_71' title="bbox 2118 2551 3694 2625">
    <p class='ocr_par' dir='ltr' id='par_1_71' title="bbox 2118 2551 3694 2625">
     <span class='ocr_line' id='line_1_71' title="bbox 2118 2551 3694 2625; baseline 0.001 -21"><span class='ocrx_word' id='word_1_481' title='bbox 2118 2552 2242 2623; x_wconf 87' lang='grc' dir='ltr'>δρου</span> <span class='ocrx_word' id='word_1_482' title='bbox 2273 2551 2367 2605; x_wconf 90' lang='grc' dir='ltr'><strong>τοῦ</strong></span> <span class='ocrx_word' id='word_1_483' title='bbox 2401 2553 2726 2619; x_wconf 84' lang='grc' dir='ltr'>Μακεδόνος,</span> <span class='ocrx_word' id='word_1_484' title='bbox 2789 2555 2881 2607; x_wconf 79' lang='grc' dir='ltr'>καὶ</span> <span class='ocrx_word' id='word_1_485' title='bbox 2920 2553 3057 2625; x_wconf 80' lang='grc' dir='ltr'>μετὰ</span> <span class='ocrx_word' id='word_1_486' title='bbox 3098 2552 3188 2606; x_wconf 86' lang='grc' dir='ltr'>τὸν</span> <span class='ocrx_word' id='word_1_487' title='bbox 3226 2552 3530 2624; x_wconf 82' lang='grc' dir='ltr'>δηλωθέντα</span> <span class='ocrx_word' id='word_1_488' title='bbox 3559 2554 3694 2624; x_wconf 83' lang='grc' dir='ltr'>ἀρχ-</span> 
     </span>
    </p>
   </div>
   <div class='ocr_carea' id='block_1_72' title="bbox 2123 2643 3693 2716">
    <p class='ocr_par' dir='ltr' id='par_1_72' title="bbox 2123 2643 3693 2716">
     <span class='ocr_line' id='line_1_72' title="bbox 2123 2643 3693 2716; baseline 0.001 -20"><span class='ocrx_word' id='word_1_489' title='bbox 2123 2644 2291 2714; x_wconf 89' lang='grc' dir='ltr'>ιερέα,</span> <span class='ocrx_word' id='word_1_490' title='bbox 2327 2644 2749 2716; x_wconf 74' lang='grc' dir='ltr'>’(ὶνίας,ήγεῖται</span> <span class='ocrx_word' id='word_1_491' title='bbox 2771 2645 2865 2699; x_wconf 89' lang='grc' dir='ltr'><strong>τοῦ</strong></span> <span class='ocrx_word' id='word_1_492' title='bbox 2896 2645 3098 2709; x_wconf 81' lang='grc' dir='ltr'>ἔθνους,</span> <span class='ocrx_word' id='word_1_493' title='bbox 3138 2645 3236 2715; x_wconf 83' lang='grc' dir='ltr'>τῆς</span> <span class='ocrx_word' id='word_1_494' title='bbox 3268 2643 3376 2697; x_wconf 85' lang='grc' dir='ltr'><strong>τῶν</strong></span> <span class='ocrx_word' id='word_1_495' title='bbox 3395 2644 3693 2715; x_wconf 82' lang='grc' dir='ltr'>ἀρχιερέων</span> 
     </span>
    </p>
   </div>
   <div class='ocr_carea' id='block_1_73' title="bbox 2119 2736 3690 2810">
    <p class='ocr_par' dir='ltr' id='par_1_73' title="bbox 2119 2736 3690 2810">
     <span class='ocr_line' id='line_1_73' title="bbox 2119 2736 3690 2810; baseline 0.001 -21"><span class='ocrx_word' id='word_1_496' title='bbox 2119 2736 2214 2789; x_wconf 76' lang='grc' dir='ltr'>καὶ</span> <span class='ocrx_word' id='word_1_497' title='bbox 2257 2736 2418 2801; x_wconf 77' lang='grc' dir='ltr'>αὐτὸς</span> <span class='ocrx_word' id='word_1_498' title='bbox 2464 2737 2859 2810; x_wconf 80' lang='grc' dir='ltr'>ἐπειλημμένος</span> <span class='ocrx_word' id='word_1_499' title='bbox 2905 2737 3104 2808; x_wconf 87' lang='grc' dir='ltr'>τιμῆς·</span> <span class='ocrx_word' id='word_1_500' title='bbox 3148 2736 3268 2790; x_wconf 80' lang='grc' dir='ltr'>καθ’</span> <span class='ocrx_word' id='word_1_501' title='bbox 3307 2736 3365 2789; x_wconf 85' lang='grc' dir='ltr'>ὃν</span> <span class='ocrx_word' id='word_1_502' title='bbox 3409 2737 3690 2802; x_wconf 83' lang='grc' dir='ltr'>Σέλευκος,</span> 
     </span>
    </p>
   </div>
   <div class='ocr_carea' id='block_1_74' title="bbox 2119 2826 3695 2900">
    <p class='ocr_par' dir='ltr' id='par_1_74' title="bbox 2119 2826 3695 2900">
     <span class='ocr_line' id='line_1_74' title="bbox 2119 2826 3695 2900; baseline 0.001 -21"><span class='ocrx_word' id='word_1_503' title='bbox 2119 2826 2413 2882; x_wconf 83' lang='grc' dir='ltr'>Βαϐυλῶνα</span> <span class='ocrx_word' id='word_1_504' title='bbox 2439 2830 2740 2900; x_wconf 86' lang='grc' dir='ltr'>κρατήσας,</span> <span class='ocrx_word' id='word_1_505' title='bbox 2770 2829 2831 2882; x_wconf 84' lang='grc' dir='ltr'>τὸ</span> <span class='ocrx_word' id='word_1_506' title='bbox 2856 2826 2953 2899; x_wconf 80' lang='grc' dir='ltr'>τῆς</span> <span class='ocrx_word' id='word_1_507' title='bbox 2999 2827 3182 2890; x_wconf 86' lang='grc' dir='ltr'>Ἀσίας</span> <span class='ocrx_word' id='word_1_508' title='bbox 3215 2827 3552 2900; x_wconf 87' lang='grc' dir='ltr'>περιτίθεται</span> <span class='ocrx_word' id='word_1_509' title='bbox 3577 2827 3695 2882; x_wconf 86' lang='grc' dir='ltr'>διά-</span> 
     </span>
    </p>
   </div>
   <div class='ocr_carea' id='block_1_75' title="bbox 2118 2916 3690 2991">
    <p class='ocr_par' dir='ltr' id='par_1_75' title="bbox 2118 2916 3690 2991">
     <span class='ocr_line' id='line_1_75' title="bbox 2118 2916 3690 2991; baseline -0.001 -17"><span class='ocrx_word' id='word_1_510' title='bbox 2118 2920 2265 2991; x_wconf 88' lang='grc' dir='ltr'>δημα</span> <span class='ocrx_word' id='word_1_511' title='bbox 2289 2920 2399 2973; x_wconf 80' lang='grc' dir='ltr'>ἔτει</span> <span class='ocrx_word' id='word_1_512' title='bbox 2426 2920 2710 2991; x_wconf 85' lang='grc' dir='ltr'>δωδεκάτῳ</span> <span class='ocrx_word' id='word_1_513' title='bbox 2734 2919 2870 2991; x_wconf 83' lang='grc' dir='ltr'>μετὰ</span> <span class='ocrx_word' id='word_1_514' title='bbox 2893 2919 2993 2990; x_wconf 85' lang='grc' dir='ltr'>τὴν</span> <span class='ocrx_word' id='word_1_515' title='bbox 3032 2916 3380 2991; x_wconf 79' lang='grc' dir='ltr'>Ἀλεξάνδρου</span> <span class='ocrx_word' id='word_1_516' title='bbox 3411 2918 3690 2990; x_wconf 82' lang='grc' dir='ltr'>τελευτὴν,</span> 
     </span>
    </p>
   </div>
   <div class='ocr_carea' id='block_1_76' title="bbox 2121 3009 3694 3082">
    <p class='ocr_par' dir='ltr' id='par_1_76' title="bbox 2121 3009 3694 3082">
     <span class='ocr_line' id='line_1_76' title="bbox 2121 3009 3694 3082; baseline -0.001 -17"><span class='ocrx_word' id='word_1_517' title='bbox 2121 3011 2241 3065; x_wconf 87' lang='grc' dir='ltr'>καθ’</span> <span class='ocrx_word' id='word_1_518' title='bbox 2272 3012 2330 3065; x_wconf 79' lang='grc' dir='ltr'>ὃν</span> <span class='ocrx_word' id='word_1_519' title='bbox 2360 3012 2647 3081; x_wconf 82' lang='grc' dir='ltr'>συνάγεται</span> <span class='ocrx_word' id='word_1_520' title='bbox 2675 3015 2703 3066; x_wconf 91' lang='lat'><strong>6</strong></span> <span class='ocrx_word' id='word_1_521' title='bbox 2727 3013 2835 3075; x_wconf 81' lang='grc' dir='ltr'>πᾶς</span> <span class='ocrx_word' id='word_1_522' title='bbox 2864 3010 3054 3081; x_wconf 87' lang='grc' dir='ltr'>χρόνος</span> <span class='ocrx_word' id='word_1_523' title='bbox 3076 3012 3104 3064; x_wconf 98' lang='lat'><strong>6</strong></span> <span class='ocrx_word' id='word_1_524' title='bbox 3133 3009 3240 3063; x_wconf 82' lang='grc' dir='ltr'>άπὸ</span> <span class='ocrx_word' id='word_1_525' title='bbox 3264 3009 3447 3082; x_wconf 80' lang='grc' dir='ltr'>Κύρου</span> <span class='ocrx_word' id='word_1_526' title='bbox 3478 3011 3557 3074; x_wconf 86' lang='grc' dir='ltr'><strong>είς</strong></span> <span class='ocrx_word' id='word_1_527' title='bbox 3595 3010 3694 3082; x_wconf 77' lang='grc' dir='ltr'><strong>ἐτη</strong></span> 
     </span>
    </p>
   </div>
   <div class='ocr_carea' id='block_1_77' title="bbox 2121 3102 3693 3175">
    <p class='ocr_par' dir='ltr' id='par_1_77' title="bbox 2121 3102 3693 3175">
     <span class='ocr_line' id='line_1_77' title="bbox 2121 3102 3693 3175; baseline -0.001 -17"><span class='ocrx_word' id='word_1_528' title='bbox 2121 3104 2365 3158; x_wconf 84' lang='grc' dir='ltr'>διακόσια</span> <span class='ocrx_word' id='word_1_529' title='bbox 2397 3103 2967 3175; x_wconf 86' lang='grc' dir='ltr'>τεσσαρακονταοκτώ.</span> <span class='ocrx_word' id='word_1_530' title='bbox 3020 3103 3299 3157; x_wconf 88' lang='grc' dir='ltr'>Ἐντεῦθεν</span> <span class='ocrx_word' id='word_1_531' title='bbox 3348 3102 3444 3175; x_wconf 79' lang='grc' dir='ltr'>τὴν</span> <span class='ocrx_word' id='word_1_532' title='bbox 3502 3102 3693 3175; x_wconf 80' lang='grc' dir='ltr'>Ἐλλή-</span> 
     </span>
    </p>
   </div>
   <div class='ocr_carea' id='block_1_78' title="bbox 2122 3193 3695 3267">
    <p class='ocr_par' dir='ltr' id='par_1_78' title="bbox 2122 3193 3695 3267">
     <span class='ocr_line' id='line_1_78' title="bbox 2122 3193 3695 3267; baseline -0.001 -18"><span class='ocrx_word' id='word_1_533' title='bbox 2122 3212 2228 3249; x_wconf 90' lang='grc' dir='ltr'><strong>νων</strong></span> <span class='ocrx_word' id='word_1_534' title='bbox 2261 3195 2534 3266; x_wconf 84' lang='grc' dir='ltr'>βασιλείαν</span> <span class='ocrx_word' id='word_1_535' title='bbox 2565 3198 2598 3266; x_wconf 79' lang='grc' dir='ltr'>ἡ</span> <span class='ocrx_word' id='word_1_536' title='bbox 2620 3195 2727 3249; x_wconf 85' lang='grc' dir='ltr'><strong>τῶν</strong></span> <span class='ocrx_word' id='word_1_537' title='bbox 2751 3194 3124 3249; x_wconf 83' lang='grc' dir='ltr'>Μακκαϐαἰων</span> <span class='ocrx_word' id='word_1_538' title='bbox 3146 3193 3332 3266; x_wconf 69' lang='grc' dir='ltr'>γραφὴ</span> <span class='ocrx_word' id='word_1_539' title='bbox 3352 3194 3695 3267; x_wconf 78' lang='grc' dir='ltr'>καταριθμεῖ-</span> 
     </span>
    </p>
   </div>
   <div class='ocr_carea' id='block_1_79' title="bbox 2124 3287 3693 3360">
    <p class='ocr_par' dir='ltr' id='par_1_79' title="bbox 2124 3287 3693 3360">
     <span class='ocr_line' id='line_1_79' title="bbox 2124 3287 3693 3360; baseline 0.001 -19"><span class='ocrx_word' id='word_1_540' title='bbox 2124 3287 2247 3341; x_wconf 88' lang='grc' dir='ltr'>σθαι</span> <span class='ocrx_word' id='word_1_541' title='bbox 2276 3288 2520 3360; x_wconf 83' lang='grc' dir='ltr'>ᾶρχεται.</span> <span class='ocrx_word' id='word_1_542' title='bbox 2565 3288 2718 3342; x_wconf 88' lang='grc' dir='ltr'>Μετὰ</span> <span class='ocrx_word' id='word_1_543' title='bbox 2750 3288 2806 3340; x_wconf 83' lang='grc' dir='ltr'>δὲ</span> <span class='ocrx_word' id='word_1_544' title='bbox 2839 3289 2930 3341; x_wconf 82' lang='grc' dir='ltr'>τὸν</span> <span class='ocrx_word' id='word_1_545' title='bbox 2973 3288 3149 3341; x_wconf 85' lang='grc' dir='ltr'>Ὀνίαν</span> <span class='ocrx_word' id='word_1_546' title='bbox 3179 3291 3393 3358; x_wconf 77' lang='grc' dir='ltr'>ἡγεῖται</span> <span class='ocrx_word' id='word_1_547' title='bbox 3416 3287 3527 3341; x_wconf 85' lang='grc' dir='ltr'>τῶν</span> <span class='ocrx_word' id='word_1_548' title='bbox 3565 3289 3693 3342; x_wconf 79' lang='grc' dir='ltr'>Ἰου-</span> 
     </span>
    </p>
   </div>
   <div class='ocr_carea' id='block_1_80' title="bbox 2120 3379 3686 3451">
    <p class='ocr_par' dir='ltr' id='par_1_80' title="bbox 2120 3379 3686 3451">
     <span class='ocr_line' id='line_1_80' title="bbox 2120 3379 3686 3451; baseline 0 -18"><span class='ocrx_word' id='word_1_549' title='bbox 2120 3379 2283 3434; x_wconf 88' lang='grc' dir='ltr'>δαίων</span> <span class='ocrx_word' id='word_1_550' title='bbox 2331 3380 2622 3451; x_wconf 79' lang='grc' dir='ltr'>ἀρχιερεὺς</span> <span class='ocrx_word' id='word_1_551' title='bbox 2673 3379 3012 3451; x_wconf 80' lang='grc' dir='ltr'>Ἐλεάζαρος,</span> <span class='ocrx_word' id='word_1_552' title='bbox 3057 3380 3178 3433; x_wconf 87' lang='grc' dir='ltr'>καθ’</span> <span class='ocrx_word' id='word_1_553' title='bbox 3221 3380 3280 3433; x_wconf 85' lang='grc' dir='ltr'>ὃν</span> <span class='ocrx_word' id='word_1_554' title='bbox 3326 3381 3377 3433; x_wconf 82' lang='lat' dir='ltr'><strong>oi.</strong></span> <span class='ocrx_word' id='word_1_555' title='bbox 3430 3380 3686 3451; x_wconf 67' lang='grc' dir='ltr'>Ἑϐδόμη-</span> 
     </span>
    </p>
   </div>
   <div class='ocr_carea' id='block_1_81' title="bbox 2122 3470 3691 3543">
    <p class='ocr_par' dir='ltr' id='par_1_81' title="bbox 2122 3470 3691 3543">
     <span class='ocr_line' id='line_1_81' title="bbox 2122 3470 3691 3543; baseline -0.001 -18"><span class='ocrx_word' id='word_1_556' title='bbox 2122 3488 2306 3535; x_wconf 88' lang='grc' dir='ltr'>κοντα,</span> <span class='ocrx_word' id='word_1_557' title='bbox 2352 3472 2449 3535; x_wconf 82' lang='grc' dir='ltr'>τὰς</span> <span class='ocrx_word' id='word_1_558' title='bbox 2487 3471 2635 3534; x_wconf 83' lang='grc' dir='ltr'>θείας</span> <span class='ocrx_word' id='word_1_559' title='bbox 2662 3470 3094 3543; x_wconf 74' lang='grc' dir='ltr'>έρμηνεύσαντες</span> <span class='ocrx_word' id='word_1_560' title='bbox 3126 3471 3364 3542; x_wconf 80' lang='grc' dir='ltr'>Γραφάς.</span> <span class='ocrx_word' id='word_1_561' title='bbox 3399 3475 3520 3535; x_wconf 83' lang='grc' dir='ltr'>ταῖς</span> <span class='ocrx_word' id='word_1_562' title='bbox 3553 3471 3691 3525; x_wconf 80' lang='grc' dir='ltr'>κατὰ</span> 
     </span>
    </p>
   </div>
   <div class='ocr_carea' id='block_1_82' title="bbox 2135 3561 3696 3634">
    <p class='ocr_par' dir='ltr' id='par_1_82' title="bbox 2135 3561 3696 3634">
     <span class='ocr_line' id='line_1_82' title="bbox 2135 3561 3696 3634; baseline 0.001 -19"><span class='ocrx_word' id='word_1_563' title='bbox 2135 3562 2536 3634; x_wconf 80' lang='grc' dir='ltr'>Ἀλεξάνδρειαν</span> <span class='ocrx_word' id='word_1_564' title='bbox 2586 3561 2951 3633; x_wconf 83' lang='grc' dir='ltr'>βιϐλιοθήκαις</span> <span class='ocrx_word' id='word_1_565' title='bbox 2998 3562 3408 3617; x_wconf 72' lang='grc' dir='ltr'><strong>ἀνα-τεθείκασι⁸</strong></span> <span class='ocrx_word' id='word_1_566' title='bbox 3469 3563 3587 3634; x_wconf 86' lang='grc' dir='ltr'>μεθ’</span> <span class='ocrx_word' id='word_1_567' title='bbox 3637 3562 3696 3617; x_wconf 82' lang='grc' dir='ltr'><strong>δν</strong></span> 
     </span>
    </p>
   </div>
   <div class='ocr_carea' id='block_1_83' title="bbox 2122 3653 3701 3727">
    <p class='ocr_par' dir='ltr' id='par_1_83' title="bbox 2122 3653 3701 3727">
     <span class='ocr_line' id='line_1_83' title="bbox 2122 3653 3701 3727; baseline 0.006 -22"><span class='ocrx_word' id='word_1_568' title='bbox 2122 3654 2308 3725; x_wconf 72' lang='grc' dir='ltr'>ἕτερος</span> <span class='ocrx_word' id='word_1_569' title='bbox 2349 3654 2544 3719; x_wconf 81' lang='grc' dir='ltr'>Ὀνίας,</span> <span class='ocrx_word' id='word_1_570' title='bbox 2579 3654 2638 3707; x_wconf 80' lang='grc' dir='ltr'>ὃν</span> <span class='ocrx_word' id='word_1_571' title='bbox 2670 3655 2971 3725; x_wconf 80' lang='grc' dir='ltr'>διαδέχεται</span> <span class='ocrx_word' id='word_1_572' title='bbox 3014 3655 3216 3727; x_wconf 83' lang='grc' dir='ltr'>Σίμων,</span> <span class='ocrx_word' id='word_1_573' title='bbox 3249 3656 3369 3710; x_wconf 84' lang='grc' dir='ltr'>καθ’</span> <span class='ocrx_word' id='word_1_574' title='bbox 3398 3655 3457 3710; x_wconf 80' lang='grc' dir='ltr'>ὃν</span> <span class='ocrx_word' id='word_1_575' title='bbox 3494 3653 3701 3726; x_wconf 73' lang='grc' dir='ltr'>Ἰησοῦς</span> 
     </span>
    </p>
   </div>
   <div class='ocr_carea' id='block_1_84' title="bbox 2122 3745 3702 3822">
    <p class='ocr_par' dir='ltr' id='par_1_84' title="bbox 2122 3745 3702 3822">
     <span class='ocr_line' id='line_1_84' title="bbox 2122 3745 3702 3822; baseline 0.003 -24"><span class='ocrx_word' id='word_1_576' title='bbox 2122 3747 2152 3798; x_wconf 87' lang='lat'><strong>6</strong></span> <span class='ocrx_word' id='word_1_577' title='bbox 2181 3745 2276 3798; x_wconf 91' lang='grc' dir='ltr'><strong>τοῦ</strong></span> <span class='ocrx_word' id='word_1_578' title='bbox 2326 3745 2493 3817; x_wconf 85' lang='grc' dir='ltr'>Σιρὰχ</span> <span class='ocrx_word' id='word_1_579' title='bbox 2526 3746 2870 3818; x_wconf 78' lang='grc' dir='ltr'>ἐγνωρίζετο,</span> <span class='ocrx_word' id='word_1_580' title='bbox 2901 3749 2929 3800; x_wconf 91' lang='lat'><strong>6</strong></span> <span class='ocrx_word' id='word_1_581' title='bbox 2958 3748 3058 3818; x_wconf 84' lang='grc' dir='ltr'>τὴν</span> <span class='ocrx_word' id='word_1_582' title='bbox 3088 3747 3426 3820; x_wconf 87' lang='grc' dir='ltr'>καλουμένην</span> <span class='ocrx_word' id='word_1_583' title='bbox 3458 3749 3702 3822; x_wconf 71' lang='grc' dir='ltr'>πανάρεο</span> 
     </span>
    </p>
   </div>
   <div class='ocr_carea' id='block_1_85' title="bbox 2122 3841 3705 3916">
    <p class='ocr_par' dir='ltr' id='par_1_85' title="bbox 2122 3841 3705 3916">
     <span class='ocr_line' id='line_1_85' title="bbox 2122 3841 3705 3916; baseline -0.001 -19"><span class='ocrx_word' id='word_1_584' title='bbox 2122 3861 2215 3897; x_wconf 88' lang='grc' dir='ltr'><strong>τον</strong></span> <span class='ocrx_word' id='word_1_585' title='bbox 2239 3843 2466 3912; x_wconf 62' lang='grc' dir='ltr'>Σοφίαν</span> <span class='ocrx_word' id='word_1_586' title='bbox 2498 3841 2761 3909; x_wconf 80' lang='grc' dir='ltr'>συντάξας</span> <span class='ocrx_word' id='word_1_587' title='bbox 2783 3861 2798 3875; x_wconf 75' lang='grc' dir='ltr'><strong><em>ο</em></strong></span> <span class='ocrx_word' id='word_1_588' title='bbox 2829 3843 2944 3915; x_wconf 79' lang='grc' dir='ltr'>μεθ’</span> <span class='ocrx_word' id='word_1_589' title='bbox 2969 3844 3027 3897; x_wconf 82' lang='grc' dir='ltr'>ὃν</span> <span class='ocrx_word' id='word_1_590' title='bbox 3059 3843 3247 3916; x_wconf 77' lang='grc' dir='ltr'>ἕτερος</span> <span class='ocrx_word' id='word_1_591' title='bbox 3271 3843 3558 3915; x_wconf 83' lang='grc' dir='ltr'>ὁμώνυμος</span> <span class='ocrx_word' id='word_1_592' title='bbox 3590 3847 3705 3907; x_wconf 89' lang='grc' dir='ltr'>τοῖς</span> 
     </span>
    </p>
   </div>
   <div class='ocr_carea' id='block_1_86' title="bbox 2125 3933 3702 4006">
    <p class='ocr_par' dir='ltr' id='par_1_86' title="bbox 2125 3933 3702 4006">
     <span class='ocr_line' id='line_1_86' title="bbox 2125 3933 3702 4006; baseline -0.001 -19"><span class='ocrx_word' id='word_1_593' title='bbox 2125 3934 2358 4006; x_wconf 80' lang='grc' dir='ltr'>πρόσθεν</span> <span class='ocrx_word' id='word_1_594' title='bbox 2396 3933 2573 3997; x_wconf 87' lang='grc' dir='ltr'>Ὀνίας</span> <span class='ocrx_word' id='word_1_595' title='bbox 2597 3936 2828 4006; x_wconf 82' lang='grc' dir='ltr'>ἡγεῖται,</span> <span class='ocrx_word' id='word_1_596' title='bbox 2864 3934 2983 3988; x_wconf 88' lang='grc' dir='ltr'>καθ’</span> <span class='ocrx_word' id='word_1_597' title='bbox 3008 3934 3067 3988; x_wconf 84' lang='grc' dir='ltr'>ὃν</span> <span class='ocrx_word' id='word_1_598' title='bbox 3102 3933 3389 4005; x_wconf 78' lang='grc' dir='ltr'>Ἀντίοχος,</span> <span class='ocrx_word' id='word_1_599' title='bbox 3414 3933 3541 3996; x_wconf 80' lang='grc' dir='ltr'>τοὺς</span> <span class='ocrx_word' id='word_1_600' title='bbox 3571 3934 3702 3986; x_wconf 85' lang='grc' dir='ltr'>Ἰου-</span> 
     </span>
    </p>
   </div>
   <div class='ocr_carea' id='block_1_87' title="bbox 2125 4021 3701 4098">
    <p class='ocr_par' dir='ltr' id='par_1_87' title="bbox 2125 4021 3701 4098">
     <span class='ocr_line' id='line_1_87' title="bbox 2125 4021 3701 4098; baseline -0.004 -18"><span class='ocrx_word' id='word_1_601' title='bbox 2125 4026 2307 4090; x_wconf 88' lang='grc' dir='ltr'>δαίους</span> <span class='ocrx_word' id='word_1_602' title='bbox 2360 4026 2741 4098; x_wconf 75' lang='grc' dir='ltr'>πολιορκήσας,</span> <span class='ocrx_word' id='word_1_603' title='bbox 2782 4024 3107 4098; x_wconf 80' lang='grc' dir='ltr'>Ἐλληνίζειν</span> <span class='ocrx_word' id='word_1_604' title='bbox 3136 4023 3539 4095; x_wconf 75' lang='grc' dir='ltr'>κατηνάγκαζεο</span> <span class='ocrx_word' id='word_1_605' title='bbox 3581 4021 3701 4091; x_wconf 85' lang='grc' dir='ltr'>μεθ’</span> 
     </span>
    </p>
   </div>
   <div class='ocr_carea' id='block_1_88' title="bbox 2123 4112 3702 4191">
    <p class='ocr_par' dir='ltr' id='par_1_88' title="bbox 2123 4112 3702 4191">
     <span class='ocr_line' id='line_1_88' title="bbox 2123 4112 3702 4191; baseline 0 -19"><span class='ocrx_word' id='word_1_606' title='bbox 2123 4117 2183 4173; x_wconf 82' lang='grc' dir='ltr'>ὃν</span> <span class='ocrx_word' id='word_1_607' title='bbox 2229 4117 2470 4191; x_wconf 84' lang='grc' dir='ltr'>προστὰς</span> <span class='ocrx_word' id='word_1_608' title='bbox 2517 4118 2626 4172; x_wconf 83' lang='grc' dir='ltr'><strong>τῶν</strong></span> <span class='ocrx_word' id='word_1_609' title='bbox 2673 4119 3014 4191; x_wconf 88' lang='grc' dir='ltr'>πραγμάτων</span> <span class='ocrx_word' id='word_1_610' title='bbox 3055 4117 3275 4180; x_wconf 79' lang='grc' dir='ltr'>Ἰούδας,</span> <span class='ocrx_word' id='word_1_611' title='bbox 3309 4117 3349 4176; x_wconf 73' lang='grc' dir='ltr'><strong>,ό</strong></span> <span class='ocrx_word' id='word_1_612' title='bbox 3390 4112 3702 4182; x_wconf 69' lang='grc' dir='ltr'>ἐπικληθεὶς</span> 
     </span>
    </p>
   </div>
   <div class='ocr_carea' id='block_1_89' title="bbox 2124 4202 3700 4281">
    <p class='ocr_par' dir='ltr' id='par_1_89' title="bbox 2124 4202 3700 4281">
     <span class='ocr_line' id='line_1_89' title="bbox 2124 4202 3700 4281; baseline -0.009 -15"><span class='ocrx_word' id='word_1_613' title='bbox 2124 4211 2500 4275; x_wconf 78' lang='grc' dir='ltr'>Μακκαϐαῖος,</span> <span class='ocrx_word' id='word_1_614' title='bbox 2532 4210 2827 4281; x_wconf 75' lang='grc' dir='ltr'>ἐξεκάθηρε</span> <span class='ocrx_word' id='word_1_615' title='bbox 2860 4208 2970 4262; x_wconf 85' lang='grc' dir='ltr'><strong>τῶν</strong></span> <span class='ocrx_word' id='word_1_616' title='bbox 3002 4208 3215 4261; x_wconf 82' lang='grc' dir='ltr'>ἀσεϐῶν</span> <span class='ocrx_word' id='word_1_617' title='bbox 3247 4205 3346 4276; x_wconf 79' lang='grc' dir='ltr'>τὴν</span> <span class='ocrx_word' id='word_1_618' title='bbox 3390 4203 3573 4274; x_wconf 89' lang='grc' dir='ltr'>χώραν</span> <span class='ocrx_word' id='word_1_619' title='bbox 3595 4218 3609 4231; x_wconf 76' lang='grc' dir='ltr'><strong>ο</strong></span> <span class='ocrx_word' id='word_1_620' title='bbox 3640 4202 3700 4254; x_wconf 86' lang='grc' dir='ltr'>ὃν</span> 
     </span>
    </p>
   </div>
   <div class='ocr_carea' id='block_1_90' title="bbox 2125 4285 3699 4371">
    <p class='ocr_par' dir='ltr' id='par_1_90' title="bbox 2125 4285 3699 4371">
     <span class='ocr_line' id='line_1_90' title="bbox 2125 4285 3699 4371; baseline -0.004 -19"><span class='ocrx_word' id='word_1_621' title='bbox 2125 4301 2155 4352; x_wconf 94' lang='lat'><strong>6</strong></span> <span class='ocrx_word' id='word_1_622' title='bbox 2186 4301 2412 4371; x_wconf 76' lang='grc' dir='ltr'>ἀδελφὸς</span> <span class='ocrx_word' id='word_1_623' title='bbox 2451 4300 2702 4371; x_wconf 82' lang='grc' dir='ltr'>Ἰωνάθης</span> <span class='ocrx_word' id='word_1_624' title='bbox 2725 4298 3061 4368; x_wconf 84' lang='grc' dir='ltr'>διαδέχεται·</span> <span class='ocrx_word' id='word_1_625' title='bbox 3096 4296 3189 4350; x_wconf 77' lang='grc' dir='ltr'>καὶ</span> <span class='ocrx_word' id='word_1_626' title='bbox 3221 4294 3381 4348; x_wconf 86' lang='grc' dir='ltr'>πάλιν</span> <span class='ocrx_word' id='word_1_627' title='bbox 3408 4292 3611 4362; x_wconf 79' lang='grc' dir='ltr'>Σίμων,</span> <span class='ocrx_word' id='word_1_628' title='bbox 3637 4285 3699 4345; x_wconf 76' lang='grc' dir='ltr'><strong>οὗ</strong></span> 
     </span>
    </p>
   </div>
   <div class='ocr_carea' id='block_1_91' title="bbox 2127 4383 3701 4463">
    <p class='ocr_par' dir='ltr' id='par_1_91' title="bbox 2127 4383 3701 4463">
     <span class='ocr_line' id='line_1_91' title="bbox 2127 4383 3701 4463; baseline -0.005 -17"><span class='ocrx_word' id='word_1_629' title='bbox 2127 4392 2269 4446; x_wconf 79' lang='grc' dir='ltr'>κατὰ</span> <span class='ocrx_word' id='word_1_630' title='bbox 2302 4393 2402 4463; x_wconf 81' lang='grc' dir='ltr'>τὴν</span> <span class='ocrx_word' id='word_1_631' title='bbox 2445 4390 2699 4462; x_wconf 83' lang='grc' dir='ltr'>τελευτὴν</span> <span class='ocrx_word' id='word_1_632' title='bbox 2750 4389 2978 4458; x_wconf 74' lang='grc' dir='ltr'>ἕϐδομον</span> <span class='ocrx_word' id='word_1_633' title='bbox 3021 4388 3115 4439; x_wconf 78' lang='grc' dir='ltr'>καὶ</span> <span class='ocrx_word' id='word_1_634' title='bbox 3166 4383 3561 4455; x_wconf 77' lang='grc' dir='ltr'>ἑϐδομηκοστὸν</span> <span class='ocrx_word' id='word_1_635' title='bbox 3607 4383 3701 4438; x_wconf 78' lang='grc' dir='ltr'>καὶ</span> 
     </span>
    </p>
   </div>
   <div class='ocr_carea' id='block_1_92' title="bbox 452 4475 2021 4558">
    <p class='ocr_par' dir='ltr' id='par_1_92' title="bbox 452 4479 2021 4558">
     <span class='ocr_line' id='line_1_92' title="bbox 452 4479 2021 4558; baseline 0.003 -24"><span class='ocrx_word' id='word_1_636' title='bbox 452 4480 692 4558; x_wconf 74' lang='lat' dir='ltr'><strong>gesimus</strong></span> <span class='ocrx_word' id='word_1_637' title='bbox 737 4491 904 4548; x_wconf 86' lang='lat' dir='ltr'><strong>supra</strong></span> <span class='ocrx_word' id='word_1_638' title='bbox 950 4479 1336 4541; x_wconf 87' lang='lat' dir='ltr'><strong>centesimum.</strong></span> <span class='ocrx_word' id='word_1_639' title='bbox 1364 4480 1430 4534; x_wconf 91' lang='lat' dir='ltr'><strong>ad</strong></span> <span class='ocrx_word' id='word_1_640' title='bbox 1461 4480 1606 4549; x_wconf 90' lang='lat' dir='ltr'><strong>quod</strong></span> <span class='ocrx_word' id='word_1_641' title='bbox 1656 4496 1790 4537; x_wconf 88' lang='lat' dir='ltr'><strong>sane</strong></span> <span class='ocrx_word' id='word_1_642' title='bbox 1813 4490 2021 4553; x_wconf 86' lang='lat' dir='ltr'><strong>tempus</strong></span> 
     </span>
    </p>
   </div>
   <div class='ocr_carea' id='block_1_93' title="bbox 2123 4475 3698 4558">
    <p class='ocr_par' dir='ltr' id='par_1_93' title="bbox 2129 4475 3698 4552">
     <span class='ocr_line' id='line_1_93' title="bbox 2129 4475 3698 4552; baseline -0.008 -13"><span class='ocrx_word' id='word_1_643' title='bbox 2129 4483 2415 4539; x_wconf 77' lang='grc' dir='ltr'>ἑκατοστὸν</span> <span class='ocrx_word' id='word_1_644' title='bbox 2441 4482 2559 4546; x_wconf 80' lang='grc' dir='ltr'>ἔτος</span> <span class='ocrx_word' id='word_1_645' title='bbox 2583 4481 2957 4552; x_wconf 76' lang='grc' dir='ltr'>ἐξαριθμεῖται</span> <span class='ocrx_word' id='word_1_646' title='bbox 2982 4479 3080 4548; x_wconf 80' lang='grc' dir='ltr'>τῆς</span> <span class='ocrx_word' id='word_1_647' title='bbox 3107 4477 3248 4530; x_wconf 78' lang='grc' dir='ltr'>κατὰ</span> <span class='ocrx_word' id='word_1_648' title='bbox 3276 4475 3473 4547; x_wconf 85' lang='grc' dir='ltr'>Συρίαν</span> <span class='ocrx_word' id='word_1_649' title='bbox 3504 4475 3698 4547; x_wconf 82' lang='grc' dir='ltr'>ἀρχῆς,</span> 
     </span>
    </p>
   </div>
   <div class='ocr_carea' id='block_1_94' title="bbox 453 4568 2026 4640">
    <p class='ocr_par' dir='ltr' id='par_1_94' title="bbox 453 4568 2026 4640">
     <span class='ocr_line' id='line_1_94' title="bbox 453 4568 2026 4640; baseline 0.003 -15"><span class='ocrx_word' id='word_1_650' title='bbox 453 4573 686 4640; x_wconf 81' lang='lat' dir='ltr'><strong>primus,</strong></span> <span class='ocrx_word' id='word_1_651' title='bbox 717 4572 809 4640; x_wconf 90' lang='lat' dir='ltr'><strong>qui</strong></span> <span class='ocrx_word' id='word_1_652' title='bbox 845 4568 1272 4625; x_wconf 74' lang='lat' dir='ltr'><strong>Machabazorum</strong></span> <span class='ocrx_word' id='word_1_653' title='bbox 1303 4579 1530 4627; x_wconf 85' lang='lat' dir='ltr'><strong>vocatur</strong></span> <span class='ocrx_word' id='word_1_654' title='bbox 1557 4573 1714 4635; x_wconf 78' lang='lat' dir='ltr'><strong>liber,</strong></span> <span class='ocrx_word' id='word_1_655' title='bbox 1740 4574 2026 4629; x_wconf 90' lang='lat' dir='ltr'><strong>historiam</strong></span> 
     </span>
    </p>
   </div>
   <div class='ocr_carea' id='block_1_95' title="bbox 454 4659 2026 4736">
    <p class='ocr_par' dir='ltr' id='par_1_95' title="bbox 454 4659 2026 4736">
     <span class='ocr_line' id='line_1_95' title="bbox 454 4659 2026 4736; baseline 0.003 -22"><span class='ocrx_word' id='word_1_656' title='bbox 454 4660 698 4725; x_wconf 90' lang='lat' dir='ltr'><strong>deducit,</strong></span> <span class='ocrx_word' id='word_1_657' title='bbox 760 4674 824 4714; x_wconf 91' lang='lat' dir='ltr'><strong>ac</strong></span> <span class='ocrx_word' id='word_1_658' title='bbox 885 4659 1171 4715; x_wconf 85' lang='lat' dir='ltr'><strong>deductam</strong></span> <span class='ocrx_word' id='word_1_659' title='bbox 1233 4661 1515 4731; x_wconf 87' lang='lat' dir='ltr'><strong>relinquit.</strong></span> <span class='ocrx_word' id='word_1_660' title='bbox 1552 4661 1716 4736; x_wconf 60' lang='lat' dir='ltr'><strong>39E</strong></span> <span class='ocrx_word' id='word_1_661' title='bbox 1763 4665 1950 4734; x_wconf 87' lang='lat' dir='ltr'><strong>Itaque</strong></span> <span class='ocrx_word' id='word_1_662' title='bbox 1995 4679 2026 4718; x_wconf 88' lang='lat' dir='ltr'><strong>a</strong></span> 
     </span>
    </p>
   </div>
   <div class='ocr_carea' id='block_1_96' title="bbox 455 4750 2023 4823">
    <p class='ocr_par' dir='ltr' id='par_1_96' title="bbox 455 4750 2023 4823">
     <span class='ocr_line' id='line_1_96' title="bbox 455 4750 2023 4823; baseline 0.003 -19"><span class='ocrx_word' id='word_1_663' title='bbox 455 4752 634 4822; x_wconf 88' lang='lat' dir='ltr'><strong>primo</strong></span> <span class='ocrx_word' id='word_1_664' title='bbox 653 4766 798 4805; x_wconf 89' lang='lat' dir='ltr'><strong>anno</strong></span> <span class='ocrx_word' id='word_1_665' title='bbox 820 4750 968 4823; x_wconf 86' lang='lat' dir='ltr'><strong>Cyri,</strong></span> <span class='ocrx_word' id='word_1_666' title='bbox 999 4751 1261 4821; x_wconf 87' lang='lat' dir='ltr'><strong>regnique</strong></span> <span class='ocrx_word' id='word_1_667' title='bbox 1281 4750 1598 4816; x_wconf 88' lang='lat' dir='ltr'><strong>Persarum,</strong></span> <span class='ocrx_word' id='word_1_668' title='bbox 1628 4757 1695 4809; x_wconf 86' lang='lat' dir='ltr'><strong>ad</strong></span> <span class='ocrx_word' id='word_1_669' title='bbox 1718 4764 2023 4811; x_wconf 80' lang='lat' dir='ltr'><strong>extremum</strong></span> 
     </span>
    </p>
   </div>
   <div class='ocr_carea' id='block_1_97' title="bbox 453 4840 2024 4916">
    <p class='ocr_par' dir='ltr' id='par_1_97' title="bbox 453 4840 2024 4916">
     <span class='ocr_line' id='line_1_97' title="bbox 453 4840 2024 4916; baseline 0.003 -20"><span class='ocrx_word' id='word_1_670' title='bbox 453 4844 695 4899; x_wconf 68' lang='lat' dir='ltr'><strong>historiae</strong></span> <span class='ocrx_word' id='word_1_671' title='bbox 724 4841 1159 4897; x_wconf 68' lang='lat' dir='ltr'><strong>Machahaeorum</strong></span> <span class='ocrx_word' id='word_1_672' title='bbox 1201 4841 1383 4905; x_wconf 82' lang='lat' dir='ltr'><strong>tinem,</strong></span> <span class='ocrx_word' id='word_1_673' title='bbox 1420 4840 1767 4915; x_wconf 88' lang='lat' dir='ltr'><strong>Simonisque</strong></span> <span class='ocrx_word' id='word_1_674' title='bbox 1806 4846 2024 4916; x_wconf 80' lang='lat' dir='ltr'><strong>pontifi-</strong></span> 
     </span>
    </p>
   </div>
   <div class='ocr_carea' id='block_1_98' title="bbox 454 4931 2023 5006">
    <p class='ocr_par' dir='ltr' id='par_1_98' title="bbox 454 4931 2023 5006">
     <span class='ocr_line' id='line_1_98' title="bbox 454 4931 2023 5006; baseline 0.003 -21"><span class='ocrx_word' id='word_1_675' title='bbox 454 4931 536 4987; x_wconf 76' lang='lat' dir='ltr'><strong>cis</strong></span> <span class='ocrx_word' id='word_1_676' title='bbox 578 4937 842 4994; x_wconf 86' lang='lat' dir='ltr'><strong>mortem,</strong></span> <span class='ocrx_word' id='word_1_677' title='bbox 892 4931 1022 4985; x_wconf 90' lang='lat' dir='ltr'><strong>anni</strong></span> <span class='ocrx_word' id='word_1_678' title='bbox 1048 4932 1380 5001; x_wconf 88' lang='lat' dir='ltr'><strong>colliguntur</strong></span> <span class='ocrx_word' id='word_1_679' title='bbox 1411 4933 1795 5005; x_wconf 87' lang='lat' dir='ltr'><strong>quadringenti</strong></span> <span class='ocrx_word' id='word_1_680' title='bbox 1828 4935 2023 5006; x_wconf 81' lang='lat' dir='ltr'><strong>viginti</strong></span> 
     </span>
    </p>
   </div>
   <div class='ocr_carea' id='block_1_99' title="bbox 455 5022 2023 5094">
    <p class='ocr_par' dir='ltr' id='par_1_99' title="bbox 455 5022 2023 5094">
     <span class='ocr_line' id='line_1_99' title="bbox 455 5022 2023 5094; baseline 0.004 -17"><span class='ocrx_word' id='word_1_681' title='bbox 455 5023 717 5094; x_wconf 89' lang='lat' dir='ltr'><strong>quinque.</strong></span> <span class='ocrx_word' id='word_1_682' title='bbox 747 5022 986 5079; x_wconf 86' lang='lat' dir='ltr'><strong>Posthac</strong></span> <span class='ocrx_word' id='word_1_683' title='bbox 1035 5038 1167 5079; x_wconf 84' lang='lat' dir='ltr'><strong>vero</strong></span> <span class='ocrx_word' id='word_1_684' title='bbox 1207 5022 1496 5089; x_wconf 82' lang='lat' dir='ltr'><strong>Jonathas,</strong></span> <span class='ocrx_word' id='word_1_685' title='bbox 1524 5034 1584 5081; x_wconf 92' lang='lat' dir='ltr'><strong>ut</strong></span> <span class='ocrx_word' id='word_1_686' title='bbox 1627 5028 1819 5083; x_wconf 90' lang='lat' dir='ltr'><strong>scribit</strong></span> <span class='ocrx_word' id='word_1_687' title='bbox 1864 5026 2023 5084; x_wconf 85' lang='lat' dir='ltr'><strong>Jose-</strong></span> 
     </span>
    </p>
   </div>
   <div class='ocr_carea' id='block_1_100' title="bbox 456 5115 2026 5186">
    <p class='ocr_par' dir='ltr' id='par_1_100' title="bbox 456 5115 2026 5186">
     <span class='ocr_line' id='line_1_100' title="bbox 456 5115 2026 5186; baseline 0.005 -19"><span class='ocrx_word' id='word_1_688' title='bbox 456 5115 620 5186; x_wconf 88' lang='lat' dir='ltr'><strong>phus,</strong></span> <span class='ocrx_word' id='word_1_689' title='bbox 647 5115 1022 5186; x_wconf 78' lang='lat' dir='ltr'><strong>pontiﬁcatum</strong></span> <span class='ocrx_word' id='word_1_690' title='bbox 1059 5123 1350 5186; x_wconf 82' lang='lat' dir='ltr'><strong>exceptum</strong></span> <span class='ocrx_word' id='word_1_691' title='bbox 1380 5131 1477 5186; x_wconf 90' lang='lat' dir='ltr'><strong>per</strong></span> <span class='ocrx_word' id='word_1_692' title='bbox 1506 5132 1680 5174; x_wconf 88' lang='lat' dir='ltr'><strong>annos</strong></span> <span class='ocrx_word' id='word_1_693' title='bbox 1709 5119 1900 5186; x_wconf 82' lang='lat' dir='ltr'><strong>viginti</strong></span> <span class='ocrx_word' id='word_1_694' title='bbox 1925 5135 2026 5175; x_wconf 90' lang='lat' dir='ltr'><strong>no-</strong></span> 
     </span>
    </p>
   </div>
   <div class='ocr_carea' id='block_1_101' title="bbox 455 5206 2024 5275">
    <p class='ocr_par' dir='ltr' id='par_1_101' title="bbox 455 5206 2024 5275">
     <span class='ocr_line' id='line_1_101' title="bbox 455 5206 2024 5275; baseline 0.003 -15"><span class='ocrx_word' id='word_1_695' title='bbox 455 5222 578 5261; x_wconf 80' lang='lat' dir='ltr'><strong>vem</strong></span> <span class='ocrx_word' id='word_1_696' title='bbox 613 5207 977 5263; x_wconf 82' lang='lat' dir='ltr'><strong>administrat.</strong></span> <span class='ocrx_word' id='word_1_697' title='bbox 1002 5206 1158 5262; x_wconf 83' lang='lat' dir='ltr'><strong>Hunc</strong></span> <span class='ocrx_word' id='word_1_698' title='bbox 1175 5220 1396 5265; x_wconf 89' lang='lat' dir='ltr'><strong>secutus</strong></span> <span class='ocrx_word' id='word_1_699' title='bbox 1423 5208 1792 5275; x_wconf 75' lang='lat' dir='ltr'><strong>Aristobulus,</strong></span> <span class='ocrx_word' id='word_1_700' title='bbox 1818 5225 2024 5266; x_wconf 88' lang='lat' dir='ltr'><strong>annum</strong></span> 
     </span>
    </p>
   </div>
   <div class='ocr_carea' id='block_1_102' title="bbox 458 5299 2026 5375">
    <p class='ocr_par' dir='ltr' id='par_1_102' title="bbox 458 5299 2026 5375">
     <span class='ocr_line' id='line_1_102' title="bbox 458 5299 2026 5375; baseline 0.002 -20"><span class='ocrx_word' id='word_1_701' title='bbox 458 5315 628 5355; x_wconf 88' lang='lat' dir='ltr'><strong>unum</strong></span> <span class='ocrx_word' id='word_1_702' title='bbox 654 5308 871 5370; x_wconf 61' lang='lat' dir='ltr'><strong>praest.</strong></span> <span class='ocrx_word' id='word_1_703' title='bbox 904 5299 1004 5355; x_wconf 88' lang='lat' dir='ltr'><strong>Hic</strong></span> <span class='ocrx_word' id='word_1_704' title='bbox 1037 5303 1249 5372; x_wconf 89' lang='lat' dir='ltr'><strong>primus</strong></span> <span class='ocrx_word' id='word_1_705' title='bbox 1282 5310 1404 5371; x_wconf 89' lang='lat' dir='ltr'><strong>post</strong></span> <span class='ocrx_word' id='word_1_706' title='bbox 1426 5302 1663 5357; x_wconf 88' lang='lat' dir='ltr'><strong>reditum</strong></span> <span class='ocrx_word' id='word_1_707' title='bbox 1694 5302 1761 5358; x_wconf 91' lang='lat' dir='ltr'><strong>de</strong></span> <span class='ocrx_word' id='word_1_708' title='bbox 1793 5302 2026 5375; x_wconf 84' lang='lat' dir='ltr'><strong>Babylo-</strong></span> 
     </span>
    </p>
   </div>
   <div class='ocr_carea' id='block_1_103' title="bbox 460 5390 2027 5463">
    <p class='ocr_par' dir='ltr' id='par_1_103' title="bbox 460 5390 2027 5463">
     <span class='ocr_line' id='line_1_103' title="bbox 460 5390 2027 5463; baseline 0.001 -17"><span class='ocrx_word' id='word_1_709' title='bbox 460 5406 531 5446; x_wconf 90' lang='lat' dir='ltr'><strong>ne</strong></span> <span class='ocrx_word' id='word_1_710' title='bbox 558 5391 626 5446; x_wconf 87' lang='lat' dir='ltr'><strong>ad</strong></span> <span class='ocrx_word' id='word_1_711' title='bbox 663 5390 997 5462; x_wconf 83' lang='lat' dir='ltr'><strong>pontificiam</strong></span> <span class='ocrx_word' id='word_1_712' title='bbox 1042 5392 1363 5463; x_wconf 87' lang='lat' dir='ltr'><strong>dignitatem</strong></span> <span class='ocrx_word' id='word_1_713' title='bbox 1407 5393 1641 5463; x_wconf 88' lang='lat' dir='ltr'><strong>amplius</strong></span> <span class='ocrx_word' id='word_1_714' title='bbox 1673 5393 1881 5463; x_wconf 87' lang='lat' dir='ltr'><strong>regium</strong></span> <span class='ocrx_word' id='word_1_715' title='bbox 1906 5394 2027 5448; x_wconf 86' lang='lat' dir='ltr'><strong>dia-</strong></span> 
     </span>
    </p>
   </div>
   <div class='ocr_carea' id='block_1_104' title="bbox 460 5483 2024 5559">
    <p class='ocr_par' dir='ltr' id='par_1_104' title="bbox 460 5483 2024 5559">
     <span class='ocr_line' id='line_1_104' title="bbox 460 5483 2024 5559; baseline 0.003 -22"><span class='ocrx_word' id='word_1_716' title='bbox 460 5483 617 5538; x_wconf 87' lang='lat' dir='ltr'><strong>dema</strong></span> <span class='ocrx_word' id='word_1_717' title='bbox 648 5484 892 5559; x_wconf 82' lang='lat' dir='ltr'><strong>additum</strong></span> <span class='ocrx_word' id='word_1_718' title='bbox 915 5483 1021 5539; x_wconf 84' lang='lat' dir='ltr'><strong>sibi</strong></span> <span class='ocrx_word' id='word_1_719' title='bbox 1062 5483 1341 5555; x_wconf 86' lang='lat' dir='ltr'><strong>imposuit.</strong></span> <span class='ocrx_word' id='word_1_720' title='bbox 1378 5483 1518 5539; x_wconf 88' lang='lat' dir='ltr'><strong>Huic</strong></span> <span class='ocrx_word' id='word_1_721' title='bbox 1557 5484 1802 5540; x_wconf 89' lang='lat' dir='ltr'><strong>succedit</strong></span> <span class='ocrx_word' id='word_1_722' title='bbox 1826 5494 1883 5540; x_wconf 91' lang='lat' dir='ltr'><strong>et</strong></span> <span class='ocrx_word' id='word_1_723' title='bbox 1927 5502 2024 5544; x_wconf 82' lang='lat' dir='ltr'><strong>rex</strong></span> 
     </span>
    </p>
   </div>
   <div class='ocr_carea' id='block_1_105' title="bbox 462 5573 2023 5649">
    <p class='ocr_par' dir='ltr' id='par_1_105' title="bbox 462 5573 2023 5649">
     <span class='ocr_line' id='line_1_105' title="bbox 462 5573 2023 5649; baseline 0.003 -19"><span class='ocrx_word' id='word_1_724' title='bbox 462 5573 605 5630; x_wconf 86' lang='lat' dir='ltr'><strong>idem</strong></span> <span class='ocrx_word' id='word_1_725' title='bbox 647 5583 702 5630; x_wconf 88' lang='lat' dir='ltr'><strong>et</strong></span> <span class='ocrx_word' id='word_1_726' title='bbox 741 5573 987 5643; x_wconf 84' lang='lat' dir='ltr'><strong>pontifex</strong></span> <span class='ocrx_word' id='word_1_727' title='bbox 1039 5574 1344 5633; x_wconf 84' lang='lat' dir='ltr'><strong>Alexander</strong></span> <span class='ocrx_word' id='word_1_728' title='bbox 1374 5616 1390 5645; x_wconf 86' lang='lat'><strong>,</strong></span> <span class='ocrx_word' id='word_1_729' title='bbox 1444 5577 1539 5649; x_wconf 90' lang='lat' dir='ltr'><strong>qui</strong></span> <span class='ocrx_word' id='word_1_730' title='bbox 1588 5584 1645 5634; x_wconf 86' lang='lat' dir='ltr'><strong>et</strong></span> <span class='ocrx_word' id='word_1_731' title='bbox 1688 5577 1807 5647; x_wconf 87' lang='lat' dir='ltr'><strong>ipse</strong></span> <span class='ocrx_word' id='word_1_732' title='bbox 1848 5593 2023 5635; x_wconf 84' lang='lat' dir='ltr'><strong>annos</strong></span> 
     </span>
    </p>
   </div>
   <div class='ocr_carea' id='block_1_106' title="bbox 542 5748 1229 5827">
    <p class='ocr_par' dir='ltr' id='par_1_106' title="bbox 542 5748 1229 5827">
     <span class='ocr_line' id='line_1_106' title="bbox 542 5748 1229 5827; baseline 0.017 -26"><span class='ocrx_word' id='word_1_733' title='bbox 542 5748 588 5780; x_wconf 69' lang='grc' dir='ltr'><strong>ν</strong></span> <span class='ocrx_word' id='word_1_734' title='bbox 624 5748 668 5803; x_wconf 88' lang='lat' dir='ltr'><strong>tl</strong></span> <span class='ocrx_word' id='word_1_735' title='bbox 701 5750 862 5810; x_wconf 82' lang='lat' dir='ltr'><strong>Esdr.</strong></span> <span class='ocrx_word' id='word_1_736' title='bbox 892 5770 992 5823; x_wconf 79' lang='grc' dir='ltr'>ιιι,</span> <span class='ocrx_word' id='word_1_737' title='bbox 1025 5755 1111 5827; x_wconf 77' lang='lat' dir='ltr'><strong>i0,</strong></span> <span class='ocrx_word' id='word_1_738' title='bbox 1143 5758 1229 5823; x_wconf 80' lang='lat' dir='ltr'><strong>ll,</strong></span> 
     </span>
    </p>
   </div>
   <div class='ocr_carea' id='block_1_107' title="bbox 2127 4564 3701 4649">
    <p class='ocr_par' dir='ltr' id='par_1_107' title="bbox 2127 4564 3701 4649">
     <span class='ocr_line' id='line_1_107' title="bbox 2127 4564 3701 4649; baseline -0.008 -20"><span class='ocrx_word' id='word_1_739' title='bbox 2127 4579 2163 4649; x_wconf 80' lang='grc' dir='ltr'>ἦ</span> <span class='ocrx_word' id='word_1_740' title='bbox 2189 4593 2249 4629; x_wconf 89' lang='grc' dir='ltr'><strong>τε</strong></span> <span class='ocrx_word' id='word_1_741' title='bbox 2276 4574 2465 4647; x_wconf 87' lang='grc' dir='ltr'>πρώτη</span> <span class='ocrx_word' id='word_1_742' title='bbox 2493 4574 2797 4645; x_wconf 83' lang='grc' dir='ltr'>καλουμένη</span> <span class='ocrx_word' id='word_1_743' title='bbox 2830 4570 2939 4625; x_wconf 83' lang='grc' dir='ltr'><strong>τῶν</strong></span> <span class='ocrx_word' id='word_1_744' title='bbox 2974 4568 3370 4635; x_wconf 17' lang='grc' dir='ltr'>Μακκαϐαμίων</span> <span class='ocrx_word' id='word_1_745' title='bbox 3403 4564 3582 4635; x_wconf 83' lang='grc' dir='ltr'>βίϐλος</span> <span class='ocrx_word' id='word_1_746' title='bbox 3619 4566 3701 4628; x_wconf 76' lang='grc' dir='ltr'>εἰς</span> 
     </span>
    </p>
   </div>
   <div class='ocr_carea' id='block_1_108' title="bbox 2125 4658 3701 4737">
    <p class='ocr_par' dir='ltr' id='par_1_108' title="bbox 2125 4658 3701 4737">
     <span class='ocr_line' id='line_1_108' title="bbox 2125 4658 3701 4737; baseline -0.008 -14"><span class='ocrx_word' id='word_1_747' title='bbox 2125 4667 2284 4723; x_wconf 90' lang='grc' dir='ltr'>τοῦτο</span> <span class='ocrx_word' id='word_1_748' title='bbox 2311 4666 2405 4719; x_wconf 91' lang='grc' dir='ltr'><strong>τοῦ</strong></span> <span class='ocrx_word' id='word_1_749' title='bbox 2437 4665 2628 4737; x_wconf 89' lang='grc' dir='ltr'>χρόνου</span> <span class='ocrx_word' id='word_1_750' title='bbox 2660 4663 2926 4719; x_wconf 88' lang='grc' dir='ltr'>κατέλυσε</span> <span class='ocrx_word' id='word_1_751' title='bbox 2957 4659 3056 4732; x_wconf 81' lang='grc' dir='ltr'>τὴν</span> <span class='ocrx_word' id='word_1_752' title='bbox 3085 4660 3343 4731; x_wconf 78' lang='grc' dir='ltr'>ἱστορίαν.</span> <span class='ocrx_word' id='word_1_753' title='bbox 3383 4658 3545 4710; x_wconf 83' lang='grc' dir='ltr'>Ὥστε</span> <span class='ocrx_word' id='word_1_754' title='bbox 3572 4674 3701 4711; x_wconf 92' lang='grc' dir='ltr'>συν-</span> 
     </span>
    </p>
   </div>
   <div class='ocr_carea' id='block_1_109' title="bbox 2129 4749 3699 4828">
    <p class='ocr_par' dir='ltr' id='par_1_109' title="bbox 2129 4749 3699 4828">
     <span class='ocr_line' id='line_1_109' title="bbox 2129 4749 3699 4828; baseline -0.007 -15"><span class='ocrx_word' id='word_1_755' title='bbox 2129 4758 2356 4827; x_wconf 87' lang='grc' dir='ltr'>άγεσθαι</span> <span class='ocrx_word' id='word_1_756' title='bbox 2380 4758 2487 4812; x_wconf 87' lang='grc' dir='ltr'>άπὸ</span> <span class='ocrx_word' id='word_1_757' title='bbox 2525 4755 2739 4828; x_wconf 79' lang='grc' dir='ltr'>πρώτου</span> <span class='ocrx_word' id='word_1_758' title='bbox 2769 4754 2920 4818; x_wconf 76' lang='grc' dir='ltr'>ἔτους</span> <span class='ocrx_word' id='word_1_759' title='bbox 2950 4753 3135 4825; x_wconf 83' lang='grc' dir='ltr'>Κύρου</span> <span class='ocrx_word' id='word_1_760' title='bbox 3158 4754 3252 4806; x_wconf 75' lang='grc' dir='ltr'>καὶ</span> <span class='ocrx_word' id='word_1_761' title='bbox 3292 4749 3514 4822; x_wconf 84' lang='grc' dir='ltr'>Περσῶν</span> <span class='ocrx_word' id='word_1_762' title='bbox 3545 4749 3699 4820; x_wconf 85' lang='grc' dir='ltr'>βασι-</span> 
     </span>
    </p>
   </div>
   <div class='ocr_carea' id='block_1_110' title="bbox 2128 4841 3702 4919">
    <p class='ocr_par' dir='ltr' id='par_1_110' title="bbox 2128 4841 3702 4919">
     <span class='ocr_line' id='line_1_110' title="bbox 2128 4841 3702 4919; baseline -0.007 -15"><span class='ocrx_word' id='word_1_763' title='bbox 2128 4850 2278 4914; x_wconf 88' lang='grc' dir='ltr'>λείας</span> <span class='ocrx_word' id='word_1_764' title='bbox 2303 4850 2395 4903; x_wconf 70' lang='grc' dir='ltr'><strong>ἐπὶ</strong></span> <span class='ocrx_word' id='word_1_765' title='bbox 2419 4850 2480 4903; x_wconf 85' lang='grc' dir='ltr'>τὸ</span> <span class='ocrx_word' id='word_1_766' title='bbox 2503 4849 2650 4912; x_wconf 88' lang='grc' dir='ltr'>τέλος</span> <span class='ocrx_word' id='word_1_767' title='bbox 2680 4849 2779 4919; x_wconf 82' lang='grc' dir='ltr'>τῆς</span> <span class='ocrx_word' id='word_1_768' title='bbox 2809 4847 2919 4901; x_wconf 84' lang='grc' dir='ltr'>τῶν</span> <span class='ocrx_word' id='word_1_769' title='bbox 2943 4844 3317 4901; x_wconf 87' lang='grc' dir='ltr'>Μακκαϐαίων</span> <span class='ocrx_word' id='word_1_770' title='bbox 3341 4842 3580 4914; x_wconf 79' lang='grc' dir='ltr'>γραφῆς,</span> <span class='ocrx_word' id='word_1_771' title='bbox 3608 4841 3702 4895; x_wconf 80' lang='grc' dir='ltr'>καὶ</span> 
     </span>
    </p>
   </div>
   <div class='ocr_carea' id='block_1_111' title="bbox 2129 4930 3704 5010">
    <p class='ocr_par' dir='ltr' id='par_1_111' title="bbox 2129 4930 3704 5010">
     <span class='ocr_line' id='line_1_111' title="bbox 2129 4930 3704 5010; baseline -0.009 -17"><span class='ocrx_word' id='word_1_772' title='bbox 2129 4939 2222 4994; x_wconf 72' lang='grc' dir='ltr'>ἐπὶ</span> <span class='ocrx_word' id='word_1_773' title='bbox 2241 4939 2340 5010; x_wconf 81' lang='grc' dir='ltr'>τὴν</span> <span class='ocrx_word' id='word_1_774' title='bbox 2368 4939 2608 5010; x_wconf 85' lang='grc' dir='ltr'>Σίμωνος</span> <span class='ocrx_word' id='word_1_775' title='bbox 2638 4936 2734 4992; x_wconf 88' lang='grc' dir='ltr'><strong>τοῦ</strong></span> <span class='ocrx_word' id='word_1_776' title='bbox 2759 4936 3058 5008; x_wconf 82' lang='grc' dir='ltr'>ἀρχιερέως</span> <span class='ocrx_word' id='word_1_777' title='bbox 3086 4931 3358 5004; x_wconf 79' lang='grc' dir='ltr'>τελευτὴν,</span> <span class='ocrx_word' id='word_1_778' title='bbox 3384 4930 3478 5002; x_wconf 74' lang='grc' dir='ltr'>ἔτη</span> <span class='ocrx_word' id='word_1_779' title='bbox 3510 4945 3704 5000; x_wconf 85' lang='grc' dir='ltr'>τετρα-</span> 
     </span>
    </p>
   </div>
   <div class='ocr_carea' id='block_1_112' title="bbox 2126 5019 3702 5101">
    <p class='ocr_par' dir='ltr' id='par_1_112' title="bbox 2126 5019 3702 5101">
     <span class='ocr_line' id='line_1_112' title="bbox 2126 5019 3702 5101; baseline -0.01 -14"><span class='ocrx_word' id='word_1_780' title='bbox 2126 5032 2284 5087; x_wconf 78' lang='grc' dir='ltr'>κόσια</span> <span class='ocrx_word' id='word_1_781' title='bbox 2326 5030 2660 5085; x_wconf 79' lang='grc' dir='ltr'>εἰκοσιπέντε</span> <span class='ocrx_word' id='word_1_782' title='bbox 2683 5046 2696 5060; x_wconf 86' lang='grc'><strong>·</strong></span> <span class='ocrx_word' id='word_1_783' title='bbox 2730 5029 2844 5101; x_wconf 89' lang='grc' dir='ltr'>μεθ’</span> <span class='ocrx_word' id='word_1_784' title='bbox 2873 5028 2911 5083; x_wconf 76' lang='grc' dir='ltr'>ἃ</span> <span class='ocrx_word' id='word_1_785' title='bbox 2945 5024 3200 5098; x_wconf 81' lang='grc' dir='ltr'>Ἰωνάθης</span> <span class='ocrx_word' id='word_1_786' title='bbox 3230 5025 3328 5096; x_wconf 83' lang='grc' dir='ltr'>τὴν</span> <span class='ocrx_word' id='word_1_787' title='bbox 3361 5019 3702 5094; x_wconf 81' lang='grc' dir='ltr'>ἀρχιερωσύ-</span> 
     </span>
    </p>
   </div>
   <div class='ocr_carea' id='block_1_113' title="bbox 2128 5113 3703 5199">
    <p class='ocr_par' dir='ltr' id='par_1_113' title="bbox 2128 5113 3703 5199">
     <span class='ocr_line' id='line_1_113' title="bbox 2128 5113 3703 5199; baseline -0.01 -19"><span class='ocrx_word' id='word_1_788' title='bbox 2128 5144 2248 5199; x_wconf 89' lang='grc' dir='ltr'>νην,</span> <span class='ocrx_word' id='word_1_789' title='bbox 2271 5124 2348 5188; x_wconf 86' lang='grc' dir='ltr'><strong>ώς</strong></span> <span class='ocrx_word' id='word_1_790' title='bbox 2368 5125 2397 5177; x_wconf 91' lang='lat'><strong>6</strong></span> <span class='ocrx_word' id='word_1_791' title='bbox 2430 5121 2688 5194; x_wconf 87' lang='grc' dir='ltr'>Ἰώσηπός</span> <span class='ocrx_word' id='word_1_792' title='bbox 2716 5139 2868 5193; x_wconf 76' lang='grc' dir='ltr'>φησι,</span> <span class='ocrx_word' id='word_1_793' title='bbox 2901 5119 3199 5189; x_wconf 84' lang='grc' dir='ltr'>διαδέχεται</span> <span class='ocrx_word' id='word_1_794' title='bbox 3221 5117 3314 5169; x_wconf 79' lang='grc' dir='ltr'><strong>ἐπὶ</strong></span> <span class='ocrx_word' id='word_1_795' title='bbox 3340 5115 3513 5169; x_wconf 77' lang='grc' dir='ltr'>ἔτεσιν</span> <span class='ocrx_word' id='word_1_796' title='bbox 3546 5113 3703 5167; x_wconf 88' lang='grc' dir='ltr'>ἐννέα</span> 
     </span>
    </p>
   </div>
   <div class='ocr_carea' id='block_1_114' title="bbox 2131 5207 3699 5286">
    <p class='ocr_par' dir='ltr' id='par_1_114' title="bbox 2131 5207 3699 5286">
     <span class='ocr_line' id='line_1_114' title="bbox 2131 5207 3699 5286; baseline -0.01 -13"><span class='ocrx_word' id='word_1_797' title='bbox 2131 5218 2226 5273; x_wconf 65' lang='grc' dir='ltr'><strong>καὶ¹</strong></span> <span class='ocrx_word' id='word_1_798' title='bbox 2250 5216 2422 5271; x_wconf 83' lang='grc' dir='ltr'>είκοσι</span> <span class='ocrx_word' id='word_1_799' title='bbox 2445 5232 2460 5247; x_wconf 76' lang='grc' dir='ltr'><strong><em>ο</em></strong></span> <span class='ocrx_word' id='word_1_800' title='bbox 2498 5213 2613 5286; x_wconf 82' lang='grc' dir='ltr'>μεθ’</span> <span class='ocrx_word' id='word_1_801' title='bbox 2646 5214 2705 5268; x_wconf 84' lang='grc' dir='ltr'><strong>δν</strong></span> <span class='ocrx_word' id='word_1_802' title='bbox 2740 5211 3145 5285; x_wconf 79' lang='grc' dir='ltr'>Ἀριστόϐουλος</span> <span class='ocrx_word' id='word_1_803' title='bbox 3183 5207 3427 5264; x_wconf 82' lang='grc' dir='ltr'>ἐνιαυτὸν</span> <span class='ocrx_word' id='word_1_804' title='bbox 3466 5207 3699 5278; x_wconf 84' lang='grc' dir='ltr'>ἡγεῖται,</span> 
     </span>
    </p>
   </div>
   <div class='ocr_carea' id='block_1_115' title="bbox 2129 5294 3703 5381">
    <p class='ocr_par' dir='ltr' id='par_1_115' title="bbox 2129 5294 3703 5381">
     <span class='ocr_line' id='line_1_115' title="bbox 2129 5294 3703 5381; baseline -0.009 -19"><span class='ocrx_word' id='word_1_805' title='bbox 2129 5309 2190 5374; x_wconf 80' lang='grc' dir='ltr'>ὃς</span> <span class='ocrx_word' id='word_1_806' title='bbox 2221 5307 2435 5381; x_wconf 85' lang='grc' dir='ltr'>πρῶτος</span> <span class='ocrx_word' id='word_1_807' title='bbox 2480 5305 2619 5378; x_wconf 82' lang='grc' dir='ltr'>μετὰ</span> <span class='ocrx_word' id='word_1_808' title='bbox 2654 5305 2751 5377; x_wconf 80' lang='grc' dir='ltr'>τὴν</span> <span class='ocrx_word' id='word_1_809' title='bbox 2789 5305 2898 5358; x_wconf 73' lang='grc' dir='ltr'><strong>ἀπὸ</strong></span> <span class='ocrx_word' id='word_1_810' title='bbox 2939 5302 3255 5365; x_wconf 78' lang='grc' dir='ltr'>Βαϐυλῶνος</span> <span class='ocrx_word' id='word_1_811' title='bbox 3296 5297 3552 5354; x_wconf 74' lang='grc' dir='ltr'>ἐπάνοδον</span> <span class='ocrx_word' id='word_1_812' title='bbox 3587 5294 3703 5351; x_wconf 85' lang='grc' dir='ltr'>διά-</span> 
     </span>
    </p>
   </div>
   <div class='ocr_carea' id='block_1_116' title="bbox 2131 5388 3700 5471">
    <p class='ocr_par' dir='ltr' id='par_1_116' title="bbox 2131 5388 3700 5471">
     <span class='ocr_line' id='line_1_116' title="bbox 2131 5388 3700 5471; baseline -0.008 -16"><span class='ocrx_word' id='word_1_813' title='bbox 2131 5402 2276 5471; x_wconf 88' lang='grc' dir='ltr'>δημα</span> <span class='ocrx_word' id='word_1_814' title='bbox 2324 5398 2598 5470; x_wconf 83' lang='grc' dir='ltr'>βασιλικὸν</span> <span class='ocrx_word' id='word_1_815' title='bbox 2643 5398 2980 5469; x_wconf 87' lang='grc' dir='ltr'>περιτίθεται</span> <span class='ocrx_word' id='word_1_816' title='bbox 3026 5396 3162 5468; x_wconf 80' lang='grc' dir='ltr'>πρὸς</span> <span class='ocrx_word' id='word_1_817' title='bbox 3203 5396 3269 5466; x_wconf 79' lang='grc' dir='ltr'>τῇ</span> <span class='ocrx_word' id='word_1_818' title='bbox 3300 5388 3700 5466; x_wconf 75' lang='grc' dir='ltr'>ἀρχιερωσύνη.</span> 
     </span>
    </p>
   </div>
   <div class='ocr_carea' id='block_1_117' title="bbox 2130 5479 3706 5561">
    <p class='ocr_par' dir='ltr' id='par_1_117' title="bbox 2130 5479 3706 5561">
     <span class='ocr_line' id='line_1_117' title="bbox 2130 5479 3706 5561; baseline -0.006 -17"><span class='ocrx_word' id='word_1_819' title='bbox 2130 5489 2329 5544; x_wconf 84' lang='grc' dir='ltr'>Τοῦτον</span> <span class='ocrx_word' id='word_1_820' title='bbox 2376 5489 2676 5561; x_wconf 85' lang='grc' dir='ltr'>διαδέχεται</span> <span class='ocrx_word' id='word_1_821' title='bbox 2720 5488 3087 5561; x_wconf 81' lang='grc' dir='ltr'>Ἀλέξανδρος,</span> <span class='ocrx_word' id='word_1_822' title='bbox 3140 5485 3390 5557; x_wconf 81' lang='grc' dir='ltr'>βασιλεὺς</span> <span class='ocrx_word' id='word_1_823' title='bbox 3444 5483 3560 5554; x_wconf 76' lang='grc' dir='ltr'>ἅμα</span> <span class='ocrx_word' id='word_1_824' title='bbox 3609 5479 3706 5535; x_wconf 71' lang='grc' dir='ltr'>καὶ</span> 
     </span>
    </p>
   </div>
   <div class='ocr_carea' id='block_1_118' title="bbox 2130 5569 3708 5651">
    <p class='ocr_par' dir='ltr' id='par_1_118' title="bbox 2130 5569 3708 5651">
     <span class='ocr_line' id='line_1_118' title="bbox 2130 5569 3708 5651; baseline -0.004 -18"><span class='ocrx_word' id='word_1_825' title='bbox 2130 5579 2437 5651; x_wconf 82' lang='grc' dir='ltr'>ἀρχιερεὺς,</span> <span class='ocrx_word' id='word_1_826' title='bbox 2471 5578 2614 5633; x_wconf 73' lang='grc' dir='ltr'>ἔτεσι</span> <span class='ocrx_word' id='word_1_827' title='bbox 2644 5579 2738 5633; x_wconf 76' lang='grc' dir='ltr'>καὶ</span> <span class='ocrx_word' id='word_1_828' title='bbox 2777 5578 2938 5642; x_wconf 76' lang='grc' dir='ltr'>αὐτὸς</span> <span class='ocrx_word' id='word_1_829' title='bbox 2970 5576 3112 5634; x_wconf 76' lang='grc' dir='ltr'>ἑπτὰ</span> <span class='ocrx_word' id='word_1_830' title='bbox 3142 5576 3236 5632; x_wconf 76' lang='grc' dir='ltr'>καὶ</span> <span class='ocrx_word' id='word_1_831' title='bbox 3259 5574 3433 5631; x_wconf 72' lang='grc' dir='ltr'>εἴκοσι</span> <span class='ocrx_word' id='word_1_832' title='bbox 3462 5569 3708 5647; x_wconf 72' lang='grc' dir='ltr'>προστὰς</span> 
     </span>
    </p>
   </div>
  </div>
