4098 6432
380 364 481 420 617

1253 359 1906 417 DEMONSTRATIONIS
1944 358 2399 417 EVANGELICJE
2439 359 2567 419 LIB.
2603 358 2741 419 VIII.

3510 363 3616 417 618

377 478 486 532 τῶν
533 478 899 551 πραγμάτων·
941 476 1021 539 είς
1066 475 1137 528 ὃν.
1169 475 1457 543 συνάγεται
1502 475 1572 528 τὰ
1618 475 1796 529 πάντα
1840 474 1947 528 ἀπὸ

2050 485 2255 545 septem
2281 484 2336 529 et
2352 474 2541 557 viginti
2563 475 2725 531 rebus
2752 473 3063 530 Iudaeorum
3097 482 3311 546 praeest.
3342 474 3426 530 Ad
3448 477 3615 545 cujus

379 570 597 644 πρώτου
626 570 778 633 ἔτους
799 569 1073 639 βασιλείας
1106 567 1286 639 Κύρου
1318 568 1410 621 καὶ
1433 568 1533 638 τῆς
1555 566 1664 620 ἀπὸ
1695 566 1948 621 Βαϐυλῶ-

377 680 466 726 νος
511 662 771 716 ἐπανόδου
815 661 909 714 τοῦ
958 660 1224 713 Ἰουδαίων
1264 659 1449 722 ἔθνους
1495 658 1588 731 ἔτη
1620 657 1947 730 τετρακόσια

377 752 815 825 ὸγδοηκονταδύο,
854 746 913 806 οῦ
958 750 1298 822 προέστησαν
1330 751 1622 822 ἀρχιερεξ,
1656 749 1749 813 οὒς
1779 749 1947 820 ήγοῦ-

381 863 479 916 μαι
505 844 735 917 Χριστὸν
760 840 1055 916 ἡγούμενον
1085 843 1189 895 ὑπὸ
1212 843 1311 913 τῆς
1336 842 1668 913 προφητείας
1688 840 1949 913 ὀνομάζε-

380 937 536 991 σθαι’
580 936 698 1008 μεθ’
744 933 855 999 οὒς,
890 935 1309 1004 τελευτήσαντος
1352 933 1448 988 τοῦ
1491 932 1719 988 ὑστάτου
1767 933 1947 989 αὐτῶν

379 1026 675 1099 ἀρχιερέως
731 1025 1099 1096 Ἀλεξάνδρου,
1146 1026 1357 1097 ἀναρχα
1410 1025 1505 1078 καὶ
1561 1026 1948 1098 ἀπροστάτητα

378 1118 446 1172 τά
471 1118 565 1172 τοῦ
601 1116 870 1171 Ἰουδαίων
907 1116 1092 1180 ἔθνους
1131 1116 1506 1183 ἀπολείπεται,
1544 1116 1684 1170 ὥστε
1724 1119 1805 1181 εἰς
1850 1134 1948 1186 γυ-

378 1212 538 1262 ναῖκα
572 1209 893 1280 περιστῆναι
923 1209 1022 1280 τὴν
1053 1208 1326 1279 βασιλείαν
1362 1210 1558 1263 αὐτῶν.
1600 1210 1720 1264 Τῶν
1763 1206 1821 1264 δὲ
1855 1209 1948 1265 δύο

379 1298 601 1361 παίδων,
638 1296 1046 1371 Ἀριστοϐούλου
1086 1300 1180 1352 καὶ
1220 1297 1508 1370 Ὑρκανοῦ,
1544 1301 1946 1356 στασιασάντων

378 1378 513 1461 πρὸς
538 1389 819 1460 ἀλλήλους,
844 1388 1069 1453 ἐπιστὰς
1090 1392 1201 1452 τοῖς
1234 1389 1493 1461 Ἱεροσολύ
1502 1407 1622 1460 μοις
1644 1392 1943 1465 Πομπήϊος,

389 1482 673 1553 Ῥωμαίων
708 1481 1011 1551 στρατηγὸς
1038 1479 1135 1543 ὢν,
1183 1482 1329 1552 αἱρεῖ
1379 1481 1477 1552 μὲν
1522 1481 1806 1555 πολιορκίᾳ
1847 1483 1948 1554 τὴν

377 1575 550 1641 πόλιν,
589 1575 788 1645 μιαίνει
808 1592 869 1626 τε
889 1573 959 1627 τὰ
994 1574 1143 1644 ἅγια,
1174 1575 1334 1646 μέχρι
1365 1574 1475 1628 τῶν
1501 1574 1708 1629 ἀδύτων
1728 1575 1835 1628 τῶν
1869 1576 1945 1629 ἱε-

380 1666 474 1739 ροῦ
510 1663 805 1736 προελθών.
850 1665 960 1718 Καὶ
998 1664 1166 1718 ταῦτα
1211 1665 1495 1736 συμϐαίνει
1539 1665 1693 1731 ἔτους
1730 1667 1946 1739 πρώτου

375 1760 475 1830 τῆς
519 1757 818 1827 ἑκατοστῆς
858 1756 1263 1829 ἑϐδομηκοστῆς
1301 1758 1527 1830 ἐννάτης
1564 1757 1942 1830 Ὀλυμπιάδος,

381 1848 516 1921 μετὰ
555 1849 883 1921 τετρακόσια
912 1850 1263 1921 ἐννενήκοντα
1302 1850 1464 1904 πέντε
1497 1852 1590 1924 ἔτη
1625 1852 1724 1924 τῆς
1764 1852 1947 1925 Κύρου
1979 1830 2020 1883 Β

379 1940 671 2011 βασιλείας,
704 1942 824 2013 ἥτις
871 1940 1073 2013 ἤρξατο
1110 1943 1204 1996 ἐπὶ
1250 1942 1350 2013 τῆς
1394 1946 1764 2017 πεντηκοστῆς
1810 1945 1948 2016 πέμ-

378 2051 519 2105 πτης
563 2034 939 2105 Ὀλυμπιάδος.
989 2035 1122 2089 Τότε
1170 2035 1215 2089 δ’
1256 2032 1348 2090 οὖν
1388 2038 1416 2090 ὁ
1460 2038 1760 2109 Πομπήϊος,
1814 2036 1949 2091 ἐλὼν

377 2123 516 2178 κατά
568 2124 768 2196 κράτος
824 2125 922 2197 τὴν
971 2125 1345 2199 Ἰερουσαλὴμ,
1402 2127 1492 2180 τὸν
1551 2128 1948 2200 προειρημένον

388 2214 790 2287 Ἀριπόὸουλον
842 2217 1132 2289 ἐκπέμψας
1174 2217 1393 2293 δέσμιον
1446 2218 1537 2271 ἐπὶ
1585 2216 1820 2289 Ῥώμης,
1871 2216 1950 2287 τῷ

372 2307 561 2361 τούτου
605 2308 820 2379 ἀδελφῷ
865 2309 1117 2381 ’Υρκανῷ
1157 2309 1255 2381 τὴν
1287 2307 1696 2381 ἀρχιερωσύνην
1731 2309 1951 2381 παραδί-

373 2398 525 2463 δωσι,
548 2400 610 2452 τὸ
636 2416 693 2451 τε
719 2400 825 2452 πᾶν
865 2398 1017 2461 ἔθνος
1042 2399 1100 2466 ἐξ
1123 2399 1330 2452 ἐκείνου
1365 2399 1620 2463 ὑποτελὲς
1664 2401 1951 2471 Ῥωμαίοις

376 2492 773 2560 κατεστήσατο·
802 2489 919 2560 μεθ’
957 2489 1016 2543 ὃν
1055 2489 1299 2562 Ἡρώδης
1336 2492 1365 2544 ό
1398 2490 1751 2562 Ἀντιπάτρου
1797 2494 1945 2555 παῖς,

389 2578 653 2650 Ὑρκανὸν
689 2580 914 2644 ἀνελὼν,
960 2580 1058 2652 τὴν
1089 2580 1198 2634 τῶν
1225 2582 1494 2636 Ἰουδαίων
1538 2583 1812 2654 βασιλείαν
1845 2581 1949 2637 ὑπὸ

375 2669 474 2740 τῆς
503 2669 787 2740 Ῥωμαίων
815 2669 1114 2741 συγκλήτου
1143 2670 1337 2742 βουλῆς
1368 2670 1755 2743 ἐγχειρίζεται,
1793 2673 1947 2745 πρῶ-

374 2760 468 2823 τός
515 2777 577 2813 τε
629 2760 790 2824 αὐτὸς
840 2760 899 2827 ἐξ
954 2761 1249 2832 ἀλλοφύλου
1300 2762 1487 2832 γένους
1543 2762 1809 2834 βασιλεύει
1853 2765 1947 2819 τοῦ

376 2852 581 2918 ἔθνους,
612 2852 709 2923 τήν
742 2852 850 2906 τῶν
882 2853 1185 2925 ἀρχιερέων
1229 2854 1368 2908 κατὰ
1413 2853 1504 2907 τὸν
1548 2856 1827 2920 Μωῦσέως
1857 2857 1945 2911 νό-

380 2962 479 3016 μον
509 2942 826 3015 διαφθείρας
853 2943 1025 3011 τάξιν.
1072 2946 1130 2998 ’0
1181 2944 1279 3015 μὲν
1325 2943 1433 3016 γὰρ
1479 2944 1621 3010 θεῖος
1663 2947 1825 3018 νόμος
1860 2942 1965 3005 διά’

378 3035 495 3107 βίου
554 3033 802 3106 ἱερᾶσθαι
858 3034 935 3107 τῷ
984 3034 1104 3106 Θεῷ
1153 3034 1243 3088 τὸν
1305 3036 1562 3090 ἀνωτάτω
1623 3040 1946 3110 προστάττει

376 3127 635 3200 ἀρχιερέα
671 3141 684 3156 ·
743 3129 772 3181 ό
835 3126 879 3180 δ’
948 3125 1193 3199 Ἡρώδης
1253 3129 1315 3182 ού
1377 3132 1487 3194 τοῖς
1549 3129 1656 3183 ἀπὸ
1714 3128 1903 3199 γένους
1927 3166 1942 3196 ,

375 3219 484 3274 οὐδ’
541 3214 623 3282 οἷς
679 3218 952 3290 προσῆκον
1007 3214 1077 3291 ἦν
1133 3220 1380 3274 ἀπεδίδου
1432 3221 1531 3294 τὴν
1582 3221 1942 3293 λειτουργίαν,

377 3305 807 3379 ἀπεξενωμένοις
860 3308 917 3362 δέ
976 3326 1117 3377 τισι,
1184 3312 1277 3364 καὶ
1331 3310 1631 3384 ἀλλοτρίοις
1679 3311 1781 3383 τῆς
1839 3312 1948 3366 τῶν

376 3399 675 3474 ἀρχιερέων
734 3400 984 3473 διαδοχῆς
1005 3440 1018 3464 ,
1075 3402 1167 3455 καὶ
1221 3402 1342 3456 οὐδὲ
1394 3403 1603 3468 τούτοις
1675 3404 1945 3477 διαρκῶς,

379 3491 514 3562 πρὸς
571 3490 775 3564 βραχὺν
828 3492 886 3545 δέ
914 3510 1054 3547 τινα
1111 3494 1205 3546 καὶ
1259 3493 1686 3566 περιωρισμένον
1737 3496 1945 3568 χρόνον,

378 3581 566 3640 ἄλλοτε
599 3581 776 3646 ἄλλοις
794 3583 893 3653 τὴν
908 3584 1074 3655 τιμὴν
1092 3584 1384 3658 ἀντιδωρού
1392 3603 1568 3657 μενος,
1584 3585 1724 3639 ὥστε
1739 3586 1836 3650 τάς
1851 3587 1950 3658 μὲν

380 3671 603 3746 πρώτας
629 3671 768 3727 ἑπτὰ
790 3672 1088 3744 ἑϐδομάδας
1115 3675 1224 3728 ἀπὸ
1248 3676 1430 3747 Κύρου
1458 3677 1552 3730 καὶ
1577 3677 1672 3730 ἐπὶ
1700 3680 1946 3749 Δαρεῖον,

375 3763 476 3828 τάς
527 3764 584 3818 δὲ
624 3765 818 3827 λοιπὰς
867 3765 1223 3839 ἑξηκονταδύο
1262 3768 1372 3821 ἀπὸ
1410 3768 1636 3840 Δαρείου
1706 3770 1800 3823 καὶ
1857 3770 1950 3822 ἐπὶ

378 3857 660 3928 Πομπήϊον
699 3858 789 3911 τὸν
842 3857 1123 3929 Ῥωμαίων
1173 3858 1474 3930 στρατηγὸν
1525 3858 1943 3932 περιορίζεσθαι.

378 3946 490 4000 Καὶ
541 3946 683 4000 κατὰ
718 3947 906 4019 τρίτην
940 3946 997 3999 δὲ
1029 3946 1260 4019 θεωρίαν
1286 3947 1466 4020 εὕροις
1499 3949 1566 4003 ἂν
1615 3948 1791 4013 ἄλλως
1849 3950 1949 4001 ἐπ·-

377 4036 504 4109 αριθ
512 4038 612 4109 μού
620 4054 778 4109 μενος
802 4040 928 4102 τοὺς
954 4038 1179 4111 χρόνους
1192 4038 1300 4094 τῶν
1323 4039 1464 4093 ὲπτά
1483 4040 1576 4094 καὶ
1593 4038 1948 4113 ἑξηκονταδύο

376 4129 707 4202 ἑϐδομάδων,
735 4132 791 4186 αἲ
814 4131 1174 4184 συντείνουσιν
1195 4135 1276 4195 εἰς
1295 4131 1389 4204 ἔτη
1414 4132 1738 4204 τετρακόσια
1753 4130 1945 4202 ὀγδοη-

376 4223 668 4294 κοντατρία
691 4263 706 4288 ,
747 4224 833 4275 ἐπ’
877 4223 1037 4279 αὺτὸν
1083 4221 1391 4291 Αὔγουστον
1428 4224 1520 4277 καὶ
1559 4223 1652 4277 ἐπὶ
1703 4223 1946 4295 Ἡρώδην

372 4315 501 4379 τοὺς
548 4312 796 4387 πρώτους
841 4313 901 4380 ἐξ
936 4314 1231 4384 ἀλλοφύλου
1272 4314 1461 4384 γένους
1505 4314 1942 4384 βασιλεύσαντας,

374 4402 495 4457 καθ’
531 4402 623 4467 οὓς
642 4405 676 4475 ἡ
704 4402 798 4458 τοῦ
822 4403 1070 4475 Σωτῆρος
1092 4405 1246 4475 ἡμῶν
1288 4399 1458 4474 Ἰησοῦ
1479 4403 1714 4475 Χριστοῦ
1735 4404 1946 4472 γένεσις

2049 568 2412 638 principatum
2445 583 2475 627 a
2505 568 2681 637 primo
2716 567 2858 638 regis
2886 568 3014 639 Cyri
3069 582 3236 634 anno,
3276 576 3331 623 et
3371 567 3616 624 Iudaicae

2047 660 2223 729 gentis
2249 660 2455 715 reditus
2487 661 2553 715 de
2574 646 2868 731 Babylone,
2898 660 3076 715 omnis
3101 676 3313 725 summa
3342 677 3613 718 annorum

2047 749 2326 821 colligitur
2355 750 2878 821 quadringentorum
2919 752 3190 822 octoginta
3214 752 3474 823 duorum,
3505 772 3615 826 quo

2049 847 2164 895 toto
2195 848 2439 911 tempore
2467 841 2752 910 pontiﬁces
2790 840 3157 912 prazfuerunt,
3188 859 3327 915 quos
3360 858 3460 917 ego
3489 846 3615 915 qui-

2047 932 2169 988 dem
2201 932 2404 988 Christi
2439 934 2596 988 ducis
2640 935 3022 1005 appellatione,
3050 949 3079 988 a
3130 937 3410 1007 prophetia
3443 938 3613 1009 signi-

2049 1022 2201 1078 ﬁcari
2253 1024 2494 1079 arbitror
2545 1044 2559 1079 :
2620 1032 2744 1094 post
2804 1040 2965 1094 quos,
3004 1025 3248 1095 ipsorum
3311 1027 3612 1083 novissimo

2047 1114 2360 1170 Alexandro
2385 1115 2702 1179 decedente,
2728 1130 2816 1170 res
2839 1113 3151 1170 Judeeorum
3192 1118 3311 1173 sine
3339 1118 3608 1189 principe,

2049 1207 2167 1262 sine
2196 1206 2355 1271 duce,
2380 1209 2655 1263 neminem
2693 1207 2784 1279 qui
2837 1216 3093 1279 praeesset
3140 1207 3425 1277 habentes,
3446 1212 3613 1267 relin-

2046 1307 2308 1368 quuntur.
2342 1297 2565 1353 Factum
2598 1300 2781 1369 itaque
2816 1305 2920 1361 est,
2948 1307 3008 1352 ut
3055 1312 3242 1353 eorum
3298 1315 3524 1366 regnum
3555 1301 3612 1355 in

2050 1388 2304 1443 feminam
2328 1390 2544 1445 tandem
2571 1389 2842 1445 reciderit.
2872 1388 3041 1458 Cujus
3071 1390 3165 1445 filii
3187 1391 3296 1446 duo
3327 1392 3613 1457 Aristobu-

2049 1476 2134 1531 lus
2166 1483 2328 1546 atque
2383 1477 2694 1548 Hyrcanus,
2729 1476 2859 1530 dum
2905 1476 3049 1530 inter
3088 1493 3147 1533 se
3195 1479 3263 1534 de
3299 1481 3611 1552 principatu

2047 1566 2406 1631 contendunt,
2438 1567 2729 1636 Pompeius
2752 1568 2956 1624 interea
2984 1567 3354 1639 Romanorum
3376 1572 3613 1642 impera-

2048 1666 2155 1723 tor,
2180 1657 2557 1729 Hierosolyma
2588 1672 2902 1728 aggressus,
2934 1673 3056 1712 cum
3087 1659 3371 1716 obsidione
3420 1662 3610 1716 urbem

2048 1752 2214 1823 capit,
2245 1758 2360 1806 tum
2396 1766 2571 1821 usque
2603 1751 2673 1805 ad
2705 1752 3001 1820 penetralia
3049 1754 3234 1824 templi
3262 1769 3610 1826 progressus,

2049 1857 2172 1912 quae
2200 1852 2387 1898 sancta
2440 1840 2496 1894 in
2538 1840 2646 1895 illis
2698 1840 3042 1904 dicebantur,
3076 1841 3350 1912 profanat.
3401 1842 3468 1897 Et
3498 1843 3614 1899 ham

2047 1933 2252 1989 Iudaeis
2326 1931 2936 1991 acciduntcentesimae
2988 1936 3398 2005 septuagesima
3458 1948 3616 1992 nomn

2048 2025 2372 2097 Olympiadis
2393 2039 2536 2077 anno
2558 2023 2756 2096 primo,
2782 2024 2873 2094 qui
2900 2023 3002 2079 fuit
3031 2040 3210 2079 annus
3237 2041 3266 2080 a
3287 2026 3414 2097 Cyri
3446 2042 3614 2097 regno

2049 2115 2616 2188 quadringentesimus
2676 2116 3062 2185 nonagesimus
3119 2116 3387 2187 quintus,
3453 2118 3613 2187 cujus

2048 2208 2198 2278 regni
2231 2207 2445 2261 initium
2477 2207 2931 2276 quinquagesima
2971 2207 3160 2278 quinta
3188 2207 3497 2277 Olympiade
3534 2208 3615 2262 fa-

2048 2307 2197 2352 ctum
2237 2303 2342 2352 est.
2395 2295 2499 2351 Per
2548 2297 2600 2351 id
2653 2298 2819 2368 igitur
2876 2297 3139 2366 temporis
3186 2296 3508 2368 Pompeius,
3558 2298 3610 2354 vi

2049 2388 2225 2457 captis
2258 2386 2669 2458 Hierosolymis,
2700 2398 2753 2442 et
2786 2388 3027 2443 vinctum
3090 2388 3463 2444 Aristobulum
3504 2389 3613 2444 Roa

2046 2494 2190 2532 mam
2239 2478 2422 2543 mittit,
2446 2487 2500 2533 et
2544 2479 2708 2548 hujus
2739 2478 2893 2534 fratri
2946 2478 3197 2551 Hyrcano
3248 2482 3612 2539 sacerdotium

2050 2572 2235 2631 tradit.
2260 2556 2433 2641 atque
2464 2587 2527 2627 ex
2572 2571 2668 2625 illo
2715 2580 2956 2641 tempore
3000 2572 3253 2629 universa
3300 2572 3613 2629 δυόωσι-ηιμ

2047 2664 2198 2720 natio
2225 2663 2487 2717 Romanis
2509 2663 2797 2718 tributaria
2827 2666 2969 2717 facta
3011 2672 3115 2720 est.
3148 2663 3278 2720 Post
3302 2664 3613 2738 Hyrcanum

2046 2754 2309 2817 Herodes,
2350 2752 2617 2824 Antipatri
2669 2752 2831 2818 (ilius,
2863 2753 2982 2823 ipso
3012 2752 3299 2809 interfecto
3341 2754 3612 2827 Hyrcano,

2046 2845 2311 2917 largiente
2360 2843 2609 2899 Romano
2663 2853 2880 2910 senatu,
2932 2842 3243 2900 Iudaeorum
3289 2846 3501 2903 obtinet
3528 2864 3616 2903 rc-

2047 2954 2233 3009 gnum.
2267 2936 2367 2992 llic
2410 2936 2623 3008 primus
2651 2937 2832 2992 alieno
2863 2946 3017 2993 ortus
3041 2953 3258 3009 genere,
3297 2940 3616 3009 perturbato

2044 3026 2361 3096 pontiﬁcum
2394 3024 2607 3090 ordine,
2646 3027 2741 3096 qui
2787 3025 3028 3082 Mosaica
3080 3028 3193 3098 lege
3228 3031 3474 3085 sancitns
3500 3029 3617 3085 fue-

2045 3124 2152 3183 rat,
2180 3119 2234 3172 in
2265 3117 2354 3171 illa
2376 3124 2535 3189 gente
2563 3125 2772 3188 regnat.
2798 3116 2905 3173 Lex
2952 3119 3095 3174 enim
3142 3117 3324 3174 divina
3366 3119 3614 3191 jubebat,

2048 3220 2107 3266 ut
2137 3211 2406 3268 maximus
2433 3213 2676 3282 pontifex
2710 3227 2875 3282 quam
2911 3214 3004 3269 diu
3054 3214 3261 3271 vireret
3309 3216 3617 3274 sacerdotio“

2049 3301 2387 3373 fungeretur.
2424 3303 2492 3357 At
2521 3304 2765 3361 Ilerodes
2799 3320 2908 3358 non
2940 3306 3008 3360 iis
3029 3307 3122 3376 qui
3152 3308 3394 3377 legitimo
3417 3325 3616 3379 genere

2047 3397 2153 3450 orti
2190 3404 2396 3458 essent,
2441 3412 2617 3467 neque
2664 3398 2731 3452 iis
2780 3398 2872 3467 qui
2925 3398 2979 3453 id
3010 3398 3153 3468 juris
3193 3400 3475 3467 haberent,
3517 3404 3612 3459 sed

2049 3488 2414 3558 supposititiis
2445 3489 2795 3558 quibusdam,
2833 3499 2997 3559 atque
3031 3506 3061 3543 a
3104 3491 3249 3546 serie
3295 3507 3360 3548 ac
3391 3509 3615 3550 succeso

2047 3576 2201 3632 sione
2225 3576 2543 3648 pontiﬁcum
2581 3580 2774 3635 alienis
2805 3579 2859 3634 id
2880 3581 3123 3635 muneris
3142 3582 3409 3649 attribuit,
3446 3599 3510 3639 ac
3544 3600 3614 3640 ne

2047 3668 2117 3724 iis
2150 3669 2368 3739 quidem
2419 3669 2475 3723 in
2526 3678 2872 3740 perpetuum,
2902 3671 2995 3726 sed
3046 3672 3113 3726 ad
3149 3672 3311 3728 breve
3339 3675 3613 3744 quoddam

2047 3760 2575 3832 determinatumque
2631 3771 2844 3832 tempus
2902 3763 3234 3833 gratiﬁcans,
3257 3765 3419 3836 395
3451 3774 3615 3837 atque

2047 3852 2153 3906 alio
2188 3860 2430 3921 tempore
2482 3852 2604 3908 aliis
2637 3852 2906 3923 ejusmodi
2961 3853 3221 3909 honorem
3273 3857 3610 3927 impertiens,

2048 3956 2108 4001 ut
2137 3947 2240 4002 hac
2275 3947 2504 4007 ratione,
2537 3949 2726 4017 prima?
2759 3947 2977 4018 quidem
3008 3948 3376 4006 hebdomades
3406 3959 3612 4020 septem

2047 4052 2078 4091 a
2100 4036 2244 4108 Cyro
2274 4038 2341 4092 ad
2386 4037 2633 4104 Darium,
2665 4039 2889 4109 reliqua:
2911 4054 3043 4095 vero
3079 4040 3360 4111 sexaginta
3405 4041 3547 4107 duae,
3581 4058 3610 4094 a

2048 4128 2210 4183 Dario
2237 4128 2305 4182 ad
2336 4129 2714 4198 imperatorem
2742 4127 3110 4185 Romanorum
3139 4129 3453 4202 Pompeium
3483 4148 3613 4187 con-

2048 4219 2345 4276 tineantur.
2373 4222 2441 4273 At
2471 4219 2517 4275 si
2542 4221 2757 4276 tertiam
2795 4229 3054 4291 praeterea
3095 4225 3612 4294 contemplationem

2047 4309 2183 4364 velis
2220 4309 2499 4372 insistere,
2531 4318 2694 4378 atque
2732 4309 2836 4361 alia
2863 4309 3097 4379 quadam
3136 4315 3344 4364 ratione
3368 4321 3614 4381 tempora

2046 4409 2250 4471 septem
2300 4407 2354 4454 ct
2385 4401 2661 4469 sexaginta
2709 4399 2939 4455 duarum
2984 4400 3380 4456 hebdomadam
3421 4419 3614 4459 nume-ﬁ

378 4496 668 4566 ίστορεῖται
702 4496 1170 4568 περιγραφομένη,
1213 4497 1291 4562 εἰ,
1338 4495 1639 4567 ἀρξάμενος
1682 4495 1789 4548 ἀπὸ
1839 4497 1943 4548 Δα-

2047 4494 2189 4556 rare,
2223 4505 2343 4562 quae
2370 4506 2544 4547 annos
2566 4492 2848 4547 continent
2880 4492 3307 4563 quadringentos
3336 4496 3613 4562 octoginta

378 4586 524 4658 ρείου
552 4588 647 4639 καὶ
677 4586 776 4656 τῆς
807 4585 1251 4658 συμπληρώσεως
1289 4586 1383 4639 τοῦ
1422 4586 1550 4640 ναοῦ
1571 4628 1585 4653 ,
1626 4586 1718 4641 τὸν
1756 4587 1949 4659 δη).ού-

382 4693 542 4746 μενον
595 4677 824 4749 ἀριθμὸν
878 4678 1190 4751 ἀναλογίσῃ.
1270 4680 1495 4751 Δαρείου
1538 4680 1647 4748 γὰρ
1702 4682 1843 4735 κατὰ
1888 4679 1950 4734 τὸ

375 4764 626 4836 δεύτερον
667 4767 786 4829 ἔτος
805 4806 820 4831 ,
847 4768 939 4821 τὸν
977 4767 1442 4840 ἑϐδομηκονταετῆ
1475 4769 1664 4841 χρόνον
1695 4769 1794 4840 τῆς
1823 4772 1950 4843 ὲρη-

380 4855 606 4930 μώσεως
659 4859 1011 4931 Ἰερουσαλὴμ
1069 4860 1521 4931 συμπεπεράσθαι
1574 4863 1603 4914 ό
1665 4862 1949 4933 προφήτης

373 4951 647 5021 Ζαχαρίας
673 4950 824 5022 δηλοῖ
852 4951 1022 5020 λέγων
1041 4968 1054 4982 ·
1110 4970 1128 5002 ι
1161 4950 1239 5023 Τῇ
1277 4953 1493 5025 τετράδι
1524 4953 1618 5005 καὶ
1649 4952 1852 5018 εἰκάδι,
1884 4954 1942 5006 ὲν

370 5040 450 5113 τῷ
475 5042 741 5115 ἑνδεκάτῳ
778 5044 925 5115 μηνὶ,
956 5045 1116 5110 αὑτός
1140 5047 1256 5099 ἐστι
1278 5044 1478 5111 Σαϐἀτ,
1515 5047 1574 5099 ὲν
1601 5045 1680 5117 τῷ
1707 5044 1944 5117 δευτέρῳ

371 5130 480 5184 ἔτει
518 5133 772 5202 Δαρείου,
804 5134 1019 5201 ἐγένετο
1063 5134 1220 5203 λόγος
1266 5135 1474 5207 Κυρίου
1504 5133 1641 5207 πρὸς
1668 5136 1946 5207 Ζαχαρίαν

367 5221 460 5275 τὸν
492 5220 585 5274 τοῦ
615 5222 905 5294 Βαραχίου.
940 5244 959 5276 ι
996 5221 1108 5279 Εἶθ’
1147 5225 1274 5296 ἑξῆς
1306 5224 1544 5295 ἐπιλέγει
1567 5242 1581 5256 ·
1620 5245 1639 5277 ι
1669 5227 1779 5280 Καὶ
1804 5228 1941 5281 ἀπε-

372 5315 530 5388 κρίθη
580 5317 608 5369 ό
640 5317 871 5386 ἄγγελος
936 5320 1165 5391 Κυρίου,
1209 5320 1305 5373 καὶ
1359 5316 1522 5373 εἷπε·
1579 5319 1752 5390 Κύριε
1803 5334 1941 5371 παν-

368 5409 673 5483 τοκράτωρ,
697 5409 802 5473 ἕως
832 5410 975 5476 τίνος
1000 5412 1060 5465 οὐ
1094 5412 1168 5483 μή
1184 5412 1413 5483 ἐλεήσῃς
1440 5411 1541 5483 τὴν
1567 5409 1938 5482 Ἰερουσαλὴμ,

369 5503 464 5554 καὶ
502 5502 602 5568 τὰς
646 5503 828 5568 πόλεις
868 5504 1034 5558 Ἰούδα
1054 5546 1068 5570 ,
1102 5504 1169 5568 ἃς
1208 5504 1486 5577 ὑπερεῖδες
1513 5503 1672 5557 τοῦτο
1713 5502 1941 5575 ἑϐδομη-

368 5590 561 5643 κοστὸν
602 5590 740 5656 ἔτος;
779 5609 799 5643 ι
835 5592 1035 5646 Τοῦτον
1075 5592 1139 5664 δὴ
1176 5588 1266 5647 οῦν
1302 5593 1462 5647 αὑτὸν
1491 5593 1569 5664 τῷ
1611 5592 1739 5665 Θείῳ
1768 5592 1939 5647 Πνεύ-

444 5773 490 5805 ⁸³
529 5771 777 5829 Zachar..
799 5788 815 5827 I
837 5814 853 5836 ,
888 5774 936 5830 7.

706 5870 969 5933 ΡΑτιιοι.
1019 5872 1134 5931 Gn.
1186 5869 1386 5930 XXII.

2049 4591 2179 4648 tres,
2200 4585 2446 4639 invenias
2469 4582 2612 4638 idem
2639 4584 2903 4654 temporis
2931 4584 3168 4656 spatium
3196 4586 3262 4641 ad
3304 4586 3610 4659 Augustum

2047 4690 2225 4745 usque
2257 4683 2420 4746 atque
2444 4673 2844 4747 Herodem,qni
2867 4676 3256 4747 primiexterni
3280 4680 3494 4751 generis
3526 4694 3613 4734 re.

2045 4775 2306 4839 gnarunt,
2328 4783 2675 4839 quorumque
2705 4770 3041 4840 temporibus
3091 4771 3391 4826 Salvatoris
3437 4773 3612 4826 nostri

2045 4858 2174 4915 Jesu
2204 4858 2408 4913 Christi
2466 4867 2622 4915 ortus
2676 4860 2847 4916 fuisse
2894 4870 3246 4929 memoratur,
3302 4864 3611 4934 propagari,

2049 4950 2097 5005 si
2125 4949 2285 5005 modo
2314 4952 2457 5004 hunc
2486 4965 2647 5021 quem
2692 4950 2807 5007 dixi
2859 4968 3145 5007 numerum
3204 4962 3421 5022 sumpto
3459 4954 3615 5009 initio

2050 5056 2082 5094 a
2104 5040 2267 5095 Dario
2294 5041 2589 5112 templique
2610 5043 2955 5100 absolutione
2984 5043 3291 5114 recolligas.
3316 5043 3399 5097 Ad
3422 5059 3617 5099 secun-

2052 5132 2181 5187 dum
2207 5133 2353 5187 enim
2414 5132 2559 5187 Darii
2614 5148 2839 5201 annum,
2875 5146 3089 5206 tempus
3117 5135 3433 5191 solitudinis
3463 5135 3616 5191 urbis

2044 5212 2346 5280 Jerusalem
2371 5266 2386 5287 ,
2417 5225 2562 5297 quod
2601 5228 3076 5297 septuagenarium
3127 5227 3250 5293 fuit,
3298 5229 3615 5299 pervenisse

2048 5318 2311 5387 propheta
2340 5316 2634 5373 Zacharias
2668 5316 2874 5374 indicat
2897 5320 2985 5378 his
3011 5320 3197 5377 verbis
3231 5336 3250 5373 :
3277 5339 3297 5372 ι
3327 5320 3385 5375 ln
3412 5320 3501 5376 die
3534 5321 3616 5374 vi-

2047 5410 2253 5464 cesimo
2280 5418 2478 5480 quarto
2510 5410 2787 5464 undecimi
2833 5413 3043 5469 mensis
3092 5412 3162 5480 (is
3202 5421 3287 5467 est
3332 5411 3517 5483 Sabat)
3557 5414 3613 5468 in

2048 5516 2192 5557 anno
2213 5500 2455 5557 secundo
2481 5499 2650 5565 Darii,
2687 5499 2891 5556 factum
2937 5512 3020 5559 est
3048 5504 3276 5559 verbum
3301 5500 3513 5559 Domini
3544 5504 3614 5559 ad

2047 5591 2366 5650 Zachariam
2394 5593 2562 5650 lilium
2584 5591 2859 5649 Barachiee
2889 5594 2961 5651 ".
2999 5611 3017 5649 ι
3057 5592 3261 5651 Deinde
3286 5611 3614 5668 progressus

3180 5868 3260 5929 20
