4098 6428
450 365 556 420 6l9

1088 365 1359 423 EUSEBil
1395 362 1875 421 CESARlENSlS
1911 361 2063 419 OPP.
2103 359 2287 417 PARS
2332 360 2399 416 ll.
2428 390 2500 401 —
2531 355 3033 415 APOLOGETICA.

3604 359 3709 413 (ῖἓο

450 483 703 555 adiungit
734 503 747 539 ε
785 502 804 535 «
832 468 910 537 Ἐι
931 483 1212 554 respondit
1238 483 1464 553 angelus
1495 482 1707 536 Domini
1750 489 1805 537 et
1842 482 2018 536 dixit:

2129 497 2258 551 ματι
2314 477 2596 548 θεωρήσας
2637 479 2665 530 ό
2716 475 2915 546 Δανιὴλ
2961 473 3052 528 τόν
3104 473 3294 545 χρόνον
3320 473 3709 542 ,σημειῶται

450 571 680 630 Domine
700 573 1069 643 omnipotens,
1096 586 1382 642 quousque
1410 571 1758 626 misereberis
1797 568 2018 627 Ierusa-

451 665 558 721 lem
580 673 633 720 et
662 664 879 719 urbium
908 662 1069 729 Juda,
1100 677 1239 733 quas
1265 662 1560 733 despexisti
1601 663 1749 718 hunc
1800 672 2021 734 septua-

451 759 719 827 gesimum
772 771 975 810 annum
1022 756 1108 810 “1'
1140 775 1158 806 ι
1209 754 1324 810 Hoc
1367 755 1533 825 igitur
1574 755 1752 825 ipsum
1806 763 2018 825 tempus

453 849 641 903 Daniel
669 864 793 903 cum
824 848 1009 902 divino
1036 846 1243 918 Spiritu
1272 848 1482 902 aﬂlatus
1515 848 1756 912 vidisset,
1789 848 1873 903 his
1900 863 2022 903 ver-

448 942 536 997 bis
574 941 817 996 notavit:
850 958 869 990 ‹
900 940 1012 1011 Ego
1044 939 1231 996 Daniel
1278 940 1517 994 intellexi
1545 940 1598 993 iu
1631 939 1789 996 libris
1817 956 2015 995 nume-

457 1049 577 1088 rum
613 1032 996 1098 annorum,'de
1022 1049 1131 1103 quo
1156 1032 1334 1088 factus
1373 1040 1457 1087 est
1491 1047 1671 1087 sermo
1703 1030 1915 1085 Domini
1953 1031 2020 1086 ad

453 1122 745 1178 .leremiam
770 1122 1118 1194 prophetam,
1151 1131 1210 1177 ut
1238 1124 1642 1193 complerentur
1667 1121 2022 1177 desolationis

451 1214 753 1270 Jerusalem
777 1215 1118 1287 septuaginta
1142 1216 1289 1278 anni,
1308 1223 1363 1271 et
1380 1215 1504 1270 dedi
1529 1214 1717 1269 faciem
1748 1230 1922 1270 meam
1953 1214 2020 1268 ad

452 1306 739 1361 Dominum
774 1304 940 1361 Deum
966 1322 1167 1375 meum,
1193 1316 1253 1361 ut
1278 1321 1467 1360 orarer
1489 1321 1551 1360 ac
1581 1305 1904 1376 deprecarer
1916 1304 1981 1359 ⁸⁸.
1998 1324 2016 1355 ι

451 1399 654 1455 Deinde
688 1406 811 1470 post
854 1398 1299 1470 deprecationem
1356 1399 1603 1469 angelus,
1655 1399 1748 1469 qui
1803 1397 1879 1451 illi
1929 1413 2023 1452 se-

452 1492 632 1563 ipsum
691 1484 954 1554 ostendit,
1008 1506 1071 1545 ea
1129 1491 1358 1553 divinat,
1398 1506 1519 1561 quae
1580 1490 1648 1544 ad
1678 1488 2021 1560 septuaginta

450 1582 822 1638 hebdomadas
854 1582 1145 1652 pertinent,
1172 1588 1225 1636 et
1267 1590 1486 1652 tempus
1528 1582 1672 1636 unde
1700 1579 2022 1635 numerandi

452 1672 666 1727 initium
691 1671 1016 1741 capiendum
1048 1679 1152 1735 est,
1180 1671 1462 1742 significat
1499 1671 1688 1727 dicens
1717 1690 1729 1726 :
1765 1689 1784 1722 ι
1834 1670 1899 1726 Ει
1927 1686 2021 1726 co-

452 1779 686 1835 gnosces
715 1772 768 1817 et
809 1763 1083 1827 intelliges
1125 1763 1193 1817 ab
1221 1763 1371 1817 exitu
1403 1763 1675 1818 sermonis
1706 1770 1766 1816 ut
1797 1776 2025 1832 respon-

2122 568 2329 637 λέγων·
2382 586 2400 618 ι
2455 566 2595 635 Ἐγὼ
2642 566 2841 636 Δανιὴλ
2888 567 3095 636 συνῆκα
3135 567 3193 616 ἐν
3224 566 3345 627 ταῖς
3384 562 3588 633 βίϐλοις
3617 564 3712 620 τὸν

2122 660 2354 734 ἀριθμὸν
2389 660 2499 713 τῶν
2536 658 2714 725 ἐτῶν,
2768 659 2897 729 περὶ
2938 654 2999 711 οὗ
3045 657 3277 728 ἐγενήθη
3317 655 3475 723 λόγος
3505 658 3710 729 Κυρίου

2124 755 2257 828 πρὸς
2288 753 2560 825 Ἱερεμίαν
2588 752 2679 803 τὸν
2714 751 3024 822 προφήτην,
3058 751 3139 813 εἰς
3165 748 3559 820 συμπλήρωσιν
3584 751 3714 823 ἐρη-

2126 846 2349 918 μώσεως
2393 844 2491 914 τῆς
2553 840 2916 912 Ἰερουσαλὴμ
2943 880 2958 905 ,
3013 838 3389 909 ἑϐδομήκοντα
3445 838 3541 908 ἔτη
3565 879 3580 904 ,
3620 840 3714 893 καί⁵

2123 939 2299 991 ἔδωκα
2328 936 2391 990 τὸ
2425 934 2715 1008 πρόσωπόν
2742 950 2846 1004 μου
2882 932 3019 1003 πρὸς
3050 931 3258 1003 Κύριον
3292 932 3381 985 τὸν
3410 931 3543 985 Θεόν
3584 948 3710 1003 μου,

2121 1026 2214 1080 τοῦ
2260 1026 2560 1096 ἐκζητῆσαι
2600 1022 2908 1094 προσευχὴν
2951 1023 3047 1075 καὶ
3081 1022 3285 1093 δέησιν.
3322 1041 3340 1074 ι
3392 1018 3525 1075 Εἶτα
3575 1023 3713 1093 μετὰ

2120 1120 2221 1192 τὴν
2272 1118 2434 1190 εὐχὴν
2482 1116 2770 1186 ἐπιφανεὶς
2831 1114 2979 1185 αὐτῷ
3032 1116 3061 1167 ό
3092 1114 3322 1183 ἄγγελος
3359 1114 3602 1173 θεσπίζει
3643 1114 3714 1170 τὰ

2124 1210 2251 1281 περὶ
2288 1209 2394 1262 τῶν
2433 1208 2818 1279 ’ἑϐδομήκοντα
2864 1206 3179 1277 ἑϐδομάδων
3199 1245 3213 1269 ,
3257 1207 3351 1260 καὶ
3394 1207 3486 1259 τὸν
3523 1206 3713 1279 χρόνον

2122 1301 2243 1356 ὅθεν
2276 1300 2357 1353 δεῖ
2380 1300 2644 1372 ἄρχεσθαι
2674 1300 2949 1372 ἀριθμεῖν,
2981 1301 3272 1371 σημαίνει,
3306 1302 3482 1371 λέγων
3504 1319 3519 1332 ⁸
3561 1319 3580 1353 ι
3602 1300 3713 1354 Καὶ

2122 1395 2307 1468 γνώσῃ
2340 1395 2434 1449 καὶ
2475 1394 2731 1465 συνήσεις
2769 1394 2880 1448 ἀπὸ
2919 1393 3098 1461 ἐξόδου
3137 1394 3297 1465 λόγου
3317 1435 3332 1460 ,
3363 1394 3456 1448 τοῦ
3485 1390 3723 1467 direxth

2124 1488 2278 1558 θῆναι
2310 1487 2403 1541 καὶ
2436 1487 2529 1541 τοῦ
2562 1487 2919 1559 οἰκοδομῆσαι
2941 1489 3316 1560 Ἰερουσαλὴμ,
3344 1490 3449 1554 ἕως
3476 1488 3713 1560 Χριστοῦ

2124 1578 2449 1649 ἡγουμένου.
2498 1596 2516 1630 ι
2584 1577 2781 1645 Γέγονε
2838 1578 2939 1650 μὲν
2996 1575 3089 1633 οὖν
3153 1581 3448 1651 ἀπόκρισις
3521 1579 3712 1653 πρώτη

2123 1671 2333 1744 Κύρου,
2378 1670 2799 1743 οἰκοδομηθῆναι
2829 1671 2930 1749 τὴν
2972 1671 3327 1743 Ἰερουσαλὴμ
3350 1714 3364 1735 ,
3400 1672 3459 1725 ού
3486 1672 3592 1744 μὴν
3625 1674 3708 1737 εἰς

2124 1763 2288 1836 ἔργον
2330 1763 2609 1835 ἐχώρησε,
2659 1765 2768 1821 τῶν
2810 1764 3104 1835 περιοίκων
3144 1764 3535 1818 κεκωλυκότων
3558 1781 3572 1796 ·
3612 1768 3713 1821 Δα-

452 1834 646 1909 deatur
674 1862 727 1910 et
754 1854 1051 1909 aediﬁcetur
1081 1850 1383 1909 Ierusalem
1420 1869 1595 1924 usque
1645 1854 1712 1907 ad
1744 1853 2022 1908 Christum

2127 1834 2275 1928 ρείου
2324 1856 2383 1910 δέ
2413 1834 2555 1927 μετὰ
2574 1856 2748 1911 ταῦτα
2761 1834 3146 1922 κελεύσαντος,
3179 1857 3274 1912 καὶ
3301 1857 3402 1930 τῆς
3427 1858 3717 1929 οἰκοδομῆς

450 1948 668 2004 ducem.
718 1967 736 1999 ι
764 1946 937 2002 Porro
971 1954 1155 2001 autem
1197 1962 1226 2001 a
1252 1945 1396 2018 Cyro
1421 1948 1660 2017 primum
1691 1962 2019 2016 responsum

451 2051 558 2107 est,
590 2049 648 2096 ut
674 2040 1038 2096 aediﬁcaretur
1073 2038 1401 2105 Jerusalem,
1451 2055 1552 2095 nec
1591 2047 1782 2095 tamen
1842 2041 2020 2110 ipsum

450 2149 591 2204 opus
616 2133 863 2188 ell‘ectum
890 2139 994 2199 est,
1030 2147 1153 2187 cum
1182 2131 1237 2187 id
1260 2132 1423 2187 vicini
1452 2132 1693 2202 undique
1724 2132 2021 2202 prohibue-

451 2226 586 2279 rint.
613 2222 808 2279 Postea
842 2238 971 2278 vero
1007 2238 1131 2278 cum
1181 2221 1379 2278 Darius
1425 2222 1677 2292 jusserit,
1711 2238 1887 2293 eoque
1936 2239 2025 2279 re-

449 2322 651 2385 gnante
681 2316 992 2371 absolutum
1025 2317 1097 2371 sit
1128 2316 1312 2385 templi
1339 2315 1653 2380 aedilicium,
1679 2314 1806 2371 inde
1832 2316 1900 2371 ab
1923 2317 2024 2372 hoc

451 2408 571 2477 ipso
599 2415 841 2476 tempore
869 2406 1147 2477 prophetae
1196 2404 1385 2462 Daniel
1416 2409 1703 2463 oraculum
1745 2411 1833 2466 sui
1861 2427 2023 2467 even-

449 2508 540 2555 tus
559 2498 773 2553 initium
800 2499 989 2564 sumit,
1011 2498 1168 2569 cujus
1193 2500 1359 2556 verba
1381 2500 1471 2555 illa
1498 2508 1648 2566 sunt,
1668 2521 1688 2554 ‹
1705 2512 1773 2556 'ut
1798 2519 2025 2574 respon-

448 2591 646 2645 deatur
668 2598 722 2646 et
760 2588 1060 2645 aediﬁcetur
1087 2589 1394 2647 Jerusalem
1417 2631 1432 2657 ,
1469 2612 1489 2646 ι
1524 2592 1577 2646 in
1610 2609 1720 2663 quo
1762 2595 1925 2649 etiam
1960 2596 2020 2649 il-

453 2682 545 2738 lud
584 2682 789 2737 dictum
819 2693 902 2739 est
933 2702 945 2737 :
985 2701 1004 2735 ι
1040 2682 1154 2754 Ego
1178 2682 1367 2741 Daniel
1398 2685 1716 2741 intellexi'in
1730 2687 1894 2744 libris
1918 2705 2025 2743 nu-

450 2788 659 2829 merum
696 2787 987 2838 annorum,
1018 2772 1183 2846 396
1213 2774 1284 2829 de
1322 2791 1432 2845 quo
1468 2773 1650 2831 factus
1705 2785 1790 2834 est
1847 2793 2027 2834 sermo

451 2863 682 2920 Domini
713 2864 779 2919 ad
806 2862 1097 2920 Jeremiam
1147 2865 1486 2937 prophetam,
1520 2874 1580 2922 ut
1623 2871 2027 2940 complerentur

449 2955 1125 3014 desolationisJerusalem
1149 2958 1495 3029 septuaginta
1518 2959 1666 3014 anni.
1698 2961 1887 3017 :Anno
1912 2961 2006 3033 igi-

449 3058 541 3106 tur
564 3049 711 3104 Darii
753 3049 995 3105 secundo
1017 3058 1243 3121 apparet
1276 3051 1577 3121 completos
1611 3067 1734 3108 esse
1760 3068 1935 3110 annos
1959 3055 2025 3109 il-

450 3141 534 3197 los
562 3141 931 3212 septuaginta,
958 3149 1015 3194 ut
1044 3156 1147 3196 nos
1197 3142 1343 3196 omni
1380 3143 1592 3196 ratione
1648 3149 1896 3213 oporteat
1939 3160 2026 3200 se—

453 3236 738 3307 ptuaginta
757 3233 1158 3291 hebdomadum
1192 3233 1408 3288 initium
1431 3232 1612 3290 facere
1639 3248 1668 3287 a
1691 3250 1814 3288 LXVI
1846 3235 2023 3307 olym-

451 3326 634 3399 piade.
662 3334 827 3397 atque
856 3341 887 3380 a
918 3325 1063 3380 Darii
1097 3340 1242 3381 anno
1283 3326 1546 3391 secundo,
1584 3327 1639 3381 in
1695 3342 1805 3397 quo
1848 3328 2027 3384 omnis

453 3418 546 3472 illa
579 3418 731 3476 urbis
757 3416 1063 3476 Jerusalem
1099 3417 1389 3474 aediﬁcatio
1440 3418 1692 3475 absoluta
1747 3426 1833 3475 est
1860 3438 1873 3473 :
1902 3419 2028 3476 inde

451 3509 621 3581 igitur
643 3512 689 3566 si
721 3517 970 3582 tempora
993 3526 1115 3582 qua:
1141 3517 1449 3583 sequuntur
1473 3525 1749 3575 numeres,
1781 3511 2028 3567 invenias

449 3600 520 3655 ad
547 3601 724 3672 ipsum
769 3618 942 3673 usque
972 3601 1239 3659 Herodem
1274 3609 1328 3658 et
1362 3602 1716 3658 monarcham
1752 3600 2028 3658 Romano-

450 3705 575 3745 rum
611 3690 941 3763 Augustum,
968 3693 1070 3747 sub
1108 3692 1309 3763 quibus
1334 3690 1639 3749 Salvatoris
1667 3692 1844 3749 nostri
1872 3699 2027 3750 ortus

449 3783 578 3836 vitae
603 3781 884 3838 hominum
911 3782 1110 3848 illuxit,
1146 3784 1574 3855 quadringentos
1606 3785 1885 3857 octoginta
1915 3792 2028 3841 tres

450 3889 628 3931 annos
660 3875 953 3941 contineri,
990 3876 1084 3946 qui
1115 3882 1322 3947 septem
1371 3883 1425 3931 et
1480 3878 1762 3948 sexaginta
1793 3878 2024 3934 duarum

448 3966 851 4023 hebdomadum
915 3981 1185 4022 summam
1253 3967 1556 4024 secundum
1613 3969 1786 4040 ipsius
1836 3969 2026 4027 Daniel

450 4057 793 4129 prophetiam
849 4058 1170 4115 coniiciunt.
1203 4057 1248 4113 A
1294 4061 1635 4131 sexagesima
1675 4064 1823 4118 enim
1873 4073 2025 4119 sexta

449 4145 760 4215 olympiade
788 4144 855 4199 ad
888 4147 1242 4203 centesimam
1280 4148 1670 4219 ootogesimam
1700 4159 1909 4207 sextam
1941 4154 2027 4209 in-

451 4233 729 4289 termedia:
757 4233 1095 4306 olympiades
1133 4236 1470 4307 colliguntur
1498 4245 1717 4294 centum
1741 4245 1796 4293 et
1832 4239 2024 4310 viginti

452 4340 561 4379 una
585 4342 601 4379 :
623 4326 715 4396 qui
738 4333 867 4381 sunt
890 4329 1019 4382 anni
1037 4328 1424 4401 quadringenti
1452 4329 1730 4400 octoginta
1756 4341 1992 4403 quatuor
2007 4375 2022 4398 ,

450 4418 683 4488 singulis
721 4418 908 4490 utique
934 4419 1336 4491 olympiadibus
1357 4428 1654 4492 quaternos
1685 4438 1859 4483 annos
1892 4441 2025 4482 con-

451 4509 774 4566 tinentibus.
841 4512 961 4579 Quo
1019 4520 1262 4585 tempore
1318 4514 1598 4586 Augustus
1648 4513 2018 4576 Romanorum

451 4617 547 4658 rex
579 4603 830 4673 quintum
864 4604 1137 4660 decimum
1172 4607 1257 4663 sui
1302 4610 1453 4680 regni
1500 4624 1706 4665 annum
1752 4626 1939 4684 agens,
1973 4622 2027 4670 et

451 4694 751 4769 Egyptum
785 4705 838 4754 et
868 4697 1139 4769 reliquum
1181 4699 1367 4755 orbem
1419 4709 1688 4758 terrarum
1734 4704 2026 4776 imperium

453 4787 695 4854 obtinet;
728 4788 831 4845 sub
858 4804 968 4859 quo
993 4790 1210 4863 primus
1235 4791 1396 4847 alieni
1420 4796 1637 4864 generis
1667 4795 1912 4855 Herodes
1940 4798 2029 4855 Ju-

451 4878 695 4935 daeorum
730 4881 933 4952 accipit
977 4896 1231 4953 regnum,
1269 4891 1325 4938 et
1368 4882 1621 4943 Salvator
1661 4887 2033 4961 Dominusque

451 4975 643 5027 noeter
674 4971 859 5035 Jesus.
896 4974 988 5045 qui
1025 4974 1283 5032 Christus
1311 4984 1396 5032 est
1435 4977 1553 5046 Dei,
1602 4981 1873 5047 nascitur,
1899 4982 2030 5037 dum

449 5064 707 5120 videlicet
736 5073 790 5121 et
815 5073 973 5121 ortus
997 5067 1144 5123 illius
1175 5076 1413 5140 tempus,
1454 5078 1510 5127 et
1548 5080 1752 5144 septem
1783 5087 1848 5128 ac
1874 5087 2033 5128 sexa-

446 5159 600 5231 ginta
640 5158 873 5214 duarum
907 5159 1308 5217 hebdomadum
1357 5161 1504 5227 ﬁnis,
1529 5163 1597 5219 de
1624 5165 1825 5236 quibus
1854 5164 2033 5238 loqui-

446 5257 541 5305 tur
572 5251 838 5322 pr0pheta
866 5249 1080 5317 Daniel,
1111 5254 1167 5309 in
1194 5255 1337 5311 idem
1364 5265 1724 5325 concurrunt,
1738 5265 1861 5329 post
1890 5274 2029 5329 quas

447 5357 573 5396 cum
600 5349 938 5414 segregetur,
966 5354 1020 5399 et
1042 5345 1262 5418 longius
1289 5354 1414 5416 post
1433 5345 1670 5417 plurima
1685 5362 1749 5402 ea
1774 5346 2030 5405 videlicet

448 5447 571 5501 qua;
617 5432 673 5487 in
722 5434 899 5489 medio
943 5435 1261 5508 prOphetice
1291 5434 1682 5507 praedicuntur,
1712 5439 2033 5493 amandetur

450 5539 581 5590 una,
617 5541 739 5597 quae
788 5529 1001 5599 reliqua
1034 5536 1148 5594 est,
1188 5525 1556 5591 hebdomada,
1605 5535 1799 5584 caatera
1848 5532 2034 5588 omnia

450 5627 795 5686 quaecunque
853 5620 999 5674 inter
1069 5617 1305 5675 mediam
1358 5619 1569 5674 oraculi
1620 5622 2031 5691 praedictionem

449 5705 597 5759 dicta
627 5719 778 5773 sunt,
814 5710 1175 5780 perﬁciuntur
1197 5751 1210 5778 ,
1245 5726 1367 5783 qua:
1399 5712 1456 5767 in
1487 5712 1637 5768 hunc
1666 5715 1889 5771 modum
1914 5717 2036 5789 ipsa

520 5799 567 5830 ”
603 5798 834 5856 Zarhar.
871 5819 908 5873 ι,
954 5803 1040 5860 12.
1115 5805 1161 5836 ⁸³
1199 5804 1337 5860 Dan.
1370 5820 1457 5869 ιι,
1489 5803 1599 5870 2,5

2122 1948 2217 2002 τοῦ
2248 1948 2403 2020 Δἱεροῦ
2436 1951 2562 2002 κατ’
2597 1948 2758 2002 αὐτὸν
2803 1948 3278 2021 συντελεσθείσης,
3314 1950 3349 2021 ή
3390 1948 3486 2003 τοῦ
3519 1950 3716 2022 Δανιὴλ

2124 2040 2374 2096 ἐντεῦθεν
2432 2041 2739 2113 προφητεία
2807 2040 2902 2113 τὴν
2954 2041 3236 2113 καταρχὴν
3288 2042 3391 2113 τῆς
3432 2043 3713 2109 ἐκϐάσεως

2124 2130 2430 2202 ἐλάμϐανεν
2452 2170 2466 2195 ,
2494 2131 2529 2202 ἦ
2558 2148 2618 2185 τε
2650 2133 2935 2202 φάσκουσα
2963 2148 2978 2164 ο
3041 2150 3060 2183 ‹
3108 2131 3242 2185 Ἀπὸ
3289 2132 3470 2197 ἐξόδου
3512 2134 3675 2204 λόγου
3696 2174 3712 2199 ,

2122 2226 2217 2280 τοῦ
2248 2226 2608 2298 ἀποκριθῆναι
2644 2228 2854 2283 καὶτοῦ
2888 2228 3236 2299 οἰκοδομῆσαι
3287 2227 3640 2299 Ἰερουσαλὴμ
3662 2248 3711 2292 ,ι

2124 2319 2219 2372 καὶ
2262 2318 2331 2372 δι’
2354 2315 2433 2392 ξῆς
2474 2319 2688 2392 εἴρηται
2730 2336 2750 2353 ο
2786 2340 2812 2373 1
2853 2319 2993 2391 Ἐγὼ
3026 2320 3224 2391 Δανιὴλ
3263 2321 3469 2393 συνῆκα
3497 2321 3554 2373 ἐν
3598 2322 3716 2385 ταῖς

2127 2412 2328 2485 βίϐλοις
2352 2414 2443 2468 τὸν
2469 2415 2701 2487 ἀριθμὸν
2719 2415 2825 2469 τῶν
2856 2415 3015 2480 ἐτῶν,
3043 2434 3109 2469 πε
3119 2416 3173 2487 ρί
3194 2407 3255 2468 οὗ
3292 2412 3532 2485 ἐγενήθη
3552 2413 3712 2482 λόγος

2131 2507 2338 2580 Κυρίου
2368 2507 2504 2581 πρὸς
2559 2508 2827 2581 Ἰερεμίαν
2865 2508 2957 2563 τὸν
3010 2508 3318 2581 προφήτην,
3360 2508 3439 2572 εἰς
3468 2504 3715 2576 συμπλή-

2130 2617 2297 2671 ρωσιν
2342 2599 2675 2672 ἐρημώσεως
2729 2599 3109 2671 Ἰερουσαλὴμ,
3159 2599 3528 2670 ἐϐδομήκοντα
3563 2596 3713 2667 ἐτη.»

2126 2690 2284 2746 Κατὰ
2326 2690 2456 2760 γοῦν
2498 2692 2561 2745 τὸ
2615 2691 2868 2764 δεύτερον
2923 2690 3047 2755 ἔτος
3094 2689 3319 2761 Δαρείου
3372 2692 3406 2761 ή
3463 2688 3716 2760 συμπλή-

2134 2800 2302 2855 ρωσις
2320 2783 2421 2854 τῆς
2454 2783 2919 2855 ἑϐδομηκονταετη
2931 2783 3070 2856 ρίδος
3085 2782 3459 2836 ἀποδέδεικται
3479 2799 3547 2835 πε
3556 2799 3721 2854 ραιω-

2128 2874 2316 2939 θεῖσα,
2356 2873 2495 2929 ὥστε
2546 2874 2605 2939 ἐξ
2655 2873 2893 2938 ἅπαντος
2938 2874 3201 2946 ἄρχεσθαι
3242 2874 3351 2927 δεῖν
3405 2875 3554 2947 ἡμᾶς
3609 2873 3722 2927 τῶν

2128 2965 2500 3037 ἑϐδομήκοντα
2520 2965 2835 3036 ἐϐδομάδων
2864 2964 2971 3018 ἀπὸ
2992 2966 3092 3036 τῆς
3113 2965 3412 3036 ἑξηκοστῆς
3438 2967 3534 3019 καὶ
3551 2966 3720 3040 ἕκτης

2144 3057 2504 3129 Ὀλυμπιάδος
2526 3097 2541 3121 ,
2582 3056 2677 3111 καὶ
2715 3056 2823 3129 ἀπὸ
2870 3056 3123 3128 δευτέρου
3168 3056 3320 3120 ἔτους
3358 3056 3621 3129 Δαρείου,
3661 3060 3718 3111 ἐν

2126 3141 2173 3218 ᾧ
2199 3149 2268 3203 τὰ
2301 3148 2402 3219 τῆς
2435 3147 2723 3220 οἰκοδομῆς
2763 3128 3104 3220 περαιοῦται.
3165 3128 3449 3202 Ἐντεῦθεν
3496 3148 3627 3217 γοῦν
3669 3151 3719 3203 εἰ

2127 3240 2255 3303 τοὺς
2297 3240 2597 3311 ἑπομένους
2645 3238 2873 3311 χρόνους
2914 3238 3277 3312 ἁριθμήσεις,
3312 3238 3492 3311 εὕροις
3529 3240 3593 3294 ἂν
3626 3240 3716 3293 ἐπ’

2128 3333 2291 3386 αὐτὸν
2331 3330 2575 3404 Ἡρώδην
2620 3329 2890 3403 μόναρχόν
2923 3347 2984 3382 τε
3045 3329 3333 3400 Ῥωμαίων
3382 3329 3710 3398 Αὔγουστον,

2128 3424 2250 3478 καθ’
2277 3421 2369 3487 οὒς
2398 3424 2432 3494 ὴ
2465 3421 2560 3475 τοῦ
2597 3422 2848 3494 Σωτῆρος
2882 3419 3039 3492 ήμῶν
3086 3420 3323 3489 ἐπέφανε
3358 3419 3438 3491 τῷ
3487 3420 3586 3492 βίῳ
3624 3419 3717 3488 γέ·-

2130 3533 2300 3579 νεσις,
2329 3514 2399 3569 τὰ
2435 3514 2762 3587 τετρακόσια
2799 3513 3130 3585 ὀγδοήκοντα
3158 3512 3284 3586 τρία
3320 3512 3413 3585 ἐτη
3434 3553 3448 3578 ,
3490 3513 3551 3565 αἴ
3582 3514 3719 3565 εἰσιν

2128 3606 2269 3662 ἑπτὰ
2341 3607 2437 3662 καὶ
2480 3603 2839 3678 ἑξηκονταδύο
2894 3605 3219 3677 ἑϐδομάδες,
3280 3604 3421 3658 κατὰ
3471 3604 3570 3676 τὴν
3624 3602 3720 3658 τοῦ

2127 3698 2325 3772 Δανιὴλ
2377 3698 2713 3772 προφητείαν
2760 3700 3205 3772 περιοριζόμενα.
3278 3698 3410 3752 ’Δπδ
3463 3698 3574 3768 γὰρ
3621 3699 3723 3769 τῆς

2127 3790 2428 3863 ἑξηκοστῆς
2465 3791 2559 3844 καὶ
2586 3790 2751 3864 ἕκτης
2789 3791 3149 3864 Ὀλυμπιάδος
3170 3791 3263 3845 ἐπὶ
3285 3789 3385 3861 τήν
3421 3791 3725 3862 ἑκατοστὴν

2128 3883 2494 3956 ὀγδοηκοστὴν
2555 3883 2723 3959 ἕκτην
2788 3885 3028 3956 γίνονται
3100 3886 3456 3957 Ὀλυμπιάδες
3517 3883 3725 3957 μεταξὺ

2129 3976 2327 4033 ἑκατὸν
2365 3977 2649 4051 εἰκοσιμία
2673 4017 2687 4044 ,
2730 3977 2824 4051 ἔτη
2859 3978 3186 4051 τετρακόσια
3235 3979 3564 4049 ὀγδοήκοντα
3601 3976 3726 4029 τέσ-

2127 4087 2303 4143 σαρα,
2335 4070 2650 4142 τετραετίαν
2687 4071 2787 4143 τῆς
2820 4069 3183 4143 Ὀλυμπιάδος
3221 4068 3549 4141 ἐπεχούσης,
3594 4063 3721 4117 καθ’

2130 4162 2190 4216 ὃν
2220 4161 2413 4236 καιρὸν
2449 4160 2758 4232 Αὔγουστος
2797 4160 3084 4234 Ῥωμαίων
3115 4158 3370 4232 βασιλεὺς
3389 4195 3404 4220 ,
3436 4168 3721 4207 πεντεκαι-

2125 4253 2353 4310 δέκατον
2419 4252 2539 4319 ἔτος
2602 4252 2706 4324 τῆς
2780 4250 3064 4323 βασιλείας
3129 4249 3342 4319 ἐπέχων
3370 4285 3385 4311 ,
3445 4242 3722 4313 Αἰγύπτου

2127 4354 2335 4422 κρατεῖ,
2367 4352 2461 4405 καὶ
2510 4350 2614 4422 τῆς
2653 4346 2847 4421 λοιπῆς
2901 4343 3269 4416 οἰκουμένης,
3295 4344 3384 4412 ὑφ’
3415 4332 3475 4393 οὗ
3508 4337 3721 4411 πρῶτος

2126 4440 2421 4511 ἀλλόφυλος
2470 4439 2713 4516 Ἡρώδης
2754 4439 2853 4510 τὴν
2904 4436 3013 4491 τῶν
3052 4433 3324 4490 Ἰουδαίων
3358 4428 3721 4504 ἐγχειρίζεται

2061 4551 2105 4607 ι)
2135 4532 2430 4604 βασιλείαν.
2468 4532 2727 4587 Γεννᾶται
2774 4530 2832 4584 δὲ
2880 4532 2911 4584 ὁ
2954 4527 3147 4599 Σωτὴρ
3196 4527 3289 4580 καὶ
3322 4524 3526 4597 Κύριος
3563 4520 3722 4593 ήμῶν

2147 4623 2352 4696 Ἰησοῦς
2388 4625 2418 4678 ό
2454 4621 2687 4696 Χριστὸς
2727 4620 2821 4676 τοῦ
2852 4619 2988 4674 Θεοῦ
3013 4659 3031 4683 ,
3065 4616 3209 4672 κατὰ
3243 4616 3303 4671 τὸ
3333 4615 3464 4670 αὐτὸ
3503 4630 3725 4684 συντρε-

2134 4713 2335 4791 χόντων
2383 4713 2493 4768 τῶν
2531 4713 2738 4787 χρόνων
2789 4712 2891 4783 τῆς
2947 4710 3213 4781 γενέσεως
3260 4705 3429 4761 αὑτοῦ
3477 4704 3572 4759 καὶ
3623 4703 3724 4791 τῆς

2136 4790 2581 4876 συμπληρώσεως
2606 4801 2715 4856 τῶν
2762 4801 2913 4874 παρὰ
2953 4799 3033 4871 τῷ
3075 4797 3273 4870 Δανιὴλ
3306 4795 3454 4849 ἑπτὰ,
3477 4794 3571 4849 καῖ
3600 4790 3725 4859 ἑξή-

2136 4913 2301 4950 κοντα
2322 4894 2414 4948 δύο
2437 4892 2925 4968 ἑϐδομάδων·,’μεθ’
2945 4892 3010 4957 ἃς
3029 4889 3363 4964 διῃρημένης
3384 4887 3486 4941 καὶ
3507 4882 3727 4957 μακρὰν

2136 4983 2654 5058 ἀπεσχοινισμένης,
2690 4985 2832 5058 μετὰ
2857 4984 3089 5038 πλεῖστα
3126 4982 3227 5035 ὅσα
3252 4979 3320 5033 τὰ
3354 4977 3556 5050 μεταξὺ
3593 4992 3727 5047 προ-

2134 5079 2498 5152 φητευόμενα,
2528 5078 2632 5149 τῆς
2666 5077 2961 5151 λειπούσης
2984 5076 3112 5149 μιᾶς
3138 5072 3453 5145 ἑϐδομάδος,
3476 5069 3547 5123 τὰ
3564 5065 3727 5121 λοιπὰ

2133 5171 2314 5226 πάντα
2367 5171 2457 5226 διὰ
2508 5171 2680 5242 μέσου
2736 5171 2839 5242 τῆς
2892 5168 2988 5224 τού
3052 5164 3305 5241 χρησμοῦ
3369 5161 3727 5249 προρρήσεως

2131 5262 2399 5336 εἰρημένα
2453 5260 2822 5326 ἐπιτελεῖται,
2870 5261 2906 5316 ἃ
2961 5261 3054 5315 καὶ
3085 5257 3226 5313 αὐτὰ
3256 5255 3446 5309 τοῦτον
3489 5247 3601 5324 ἔχει
3636 5247 3731 5303 τὸν

2128 5356 2330 5427 τρόπον
2358 5373 2374 5388 ο
2425 5377 2443 5409 ι
2468 5355 2626 5412 Μετὰ
2648 5355 2746 5420 τὰς
2772 5354 3072 5427 ἑϐδομάδας
3088 5350 3187 5416 τὰς
3216 5347 3355 5403 ἑπτὰ
3379 5347 3473 5402 καὶ
3509 5344 3734 5415 ἑξηκον-

2129 5447 2297 5502 ταδύο
2349 5447 2859 5522 ἐξολοθρευθήσεται
2882 5447 3111 5519 χρίσμα,
3134 5443 3226 5497 καὶ
3252 5443 3426 5513 κρῖμα
3464 5438 3565 5492 οὐκ
3585 5435 3734 5489 ἔστιν

2133 5541 2192 5593 ἐν
2214 5539 2364 5612 αύτῷ
2390 5557 2405 5571 ο
2428 5542 2522 5594 καὶ
2552 5541 2652 5612 τὴν
2695 5538 2846 5594 πόλιν
2888 5538 2983 5591 καὶ
3026 5536 3088 5590 τὸ
3125 5533 3280 5602 ἅγιον
3318 5529 3600 5604 διαφθερεῖ
3633 5525 3734 5580 σὺν

2134 5626 2213 5700 τῷ
2258 5627 2549 5700 ἡγουμένῳ
2600 5627 2682 5699 τῷ
2736 5626 3019 5700 ἐρχομένῳ
3044 5662 3057 5687 ,
3111 5621 3207 5676 καὶ
3242 5619 3641 5689 ἐκκοπήσονται
3673 5613 3737 5669 ἐν

2135 5718 2528 5791 κατακλυσμῷ,
2551 5719 2780 5793 καὶέέως
2806 5717 2993 5781 τέλους
3023 5714 3260 5785 πολέμου
3292 5705 3735 5782 συντετμημὲνου
