4098 6432
464 367 561 422 Gil

1292 361 1940 420 DEMONSTRATIONIS
1978 360 2439 418 EVANGELICE.
2475 363 2604 419 LIB.
2640 362 2784 420 Vlll.‘

3600 362 3706 419 622

463 481 804 551 ἀφανισμοῖς.
846 499 864 532 ι
921 480 1031 535 Καὶ⁹
1077 477 1250 534 ταῦτα
1295 479 1351 533 δὲ
1407 480 1608 552 ἐναργῆ
1658 480 1757 551 τὴν
1807 480 2027 534 ἑκϐασιν

2139 495 2348 551 quoque
2389 496 2450 536 se
2493 481 2694 538 habent
2731 499 2743 534 :
2787 498 2805 532 ι
2839 477 2970 535 Post
3018 479 3387 536 hebdomadas
3409 488 3613 551 septem
3652 491 3706 535 ιιι

462 571 650 643 εἴληφε
684 571 802 624 κατ’
833 571 995 625 αὐτὸν
1032 570 1335 640 Αὔγουστον
1371 572 1466 624 καὶ
1504 570 1748 642 Ἡρώδην
1771 611 1786 635 ,
1827 574 1906 636 είς
1943 571 2036 636 οὓς

461 663 560 726 τὰς
588 661 982 734 προειρημένας
1004 661 1141 714 ἑπτά
1167 660 1468 731 ἑϐδομάδας
1505 659 2036 729 συγκεφαλαιοῦσθαί

467 771 664 825 φαμεν.
702 753 834 824 ’0δῷ
867 752 997 821 γοῦν
1038 753 1130 806 καὶ
1157 752 1305 818 τάξει
1339 751 1433 804 τοῦ
1460 751 1601 805 κατά
1633 752 1732 822 τὴν
1771 753 2036 824 ἀρχιερω-

466 844 629 914 σύνην
647 844 962 914 χρίσματος,
1004 841 1164 914 μέχρι
1203 841 1310 894 τῶν
1342 841 1577 912 Ἡρώδου
1607 843 1701 895 καὶ
1720 843 2035 911 Αὐγούστου

465 935 666 1006 χρόνων
713 934 1134 1006 διαρκέσαντος,
1179 935 1277 1005 τῆς
1324 933 1382 987 δὲ
1427 933 1673 1005 διαδοχῆς
1722 934 1830 986 τῶν
1869 932 2035 985 πάλαι

464 1026 760 1099 ἀρχιερέων
816 1026 910 1078 ἐπὶ
964 1026 1307 1098 Ἀλέξανδρον
1365 1027 1457 1080 τὸν
1508 1024 1776 1097 Ὑρκανοῦ
1825 1023 2036 1095 πατέρα

399 1149 408 1158 -
465 1117 933 1189 περιγραφείσης,
1019 1116 1262 1187 Ἡρώδης
1313 1117 1404 1170 τὸν
1474 1116 1735 1188 Ὑρκανὸν
1799 1112 2034 1173 ἀνελὼν,

463 1210 644 1264 ούκέτι
689 1214 800 1274 τοῖς
833 1213 896 1264 ἑκ
935 1209 1186 1281 πατέρων
1224 1208 1488 1278 διαδόχοις
1517 1207 1801 1279 ἐπιτρέψαι
1821 1206 2037 1274 λέγεται

461 1302 558 1373 τὴν
605 1301 972 1374 λειτουργίαν,
1026 1301 1163 1354 ἀλλά
1197 1317 1337 1354 τισιν
1377 1300 1608 1370 ἀσήμοις
1647 1298 1740 1352 καὶ
1777 1297 2037 1366 ἀφανέσιν

464 1393 786 1466 ἀνθρώποις.
822 1394 992 1448 Τοῦτο
1021 1394 1077 1446 δὲ
1119 1393 1210 1446 καὶ
1249 1394 1277 1445 6
1316 1391 1560 1462 χρησμὸς
1594 1387 1881 1461 προλαϐὼν
1907 1390 2036 1441 ἑπε-

465 1485 742 1551 θέσπισεν,
795 1486 962 1539 εἰπών
990 1504 1002 1516 ·
1061 1504 1079 1536 ι
1117 1485 1226 1538 Καὶ
1279 1483 1415 1554 μετά
1449 1483 1546 1546 τὰς
1597 1482 1894 1553 ἑϐδομῶας
1941 1481 2038 1546 τὰς

465 1579 604 1633 ἑπτά
632 1579 726 1632 καὶ
755 1575 1112 1646 ἑξηκονταδύο
1145 1576 1654 1648 ἑξολοθρευθήσεται
1686 1575 1914 1646 χρίσμα,
1945 1576 2039 1628 καὶ

464 1675 637 1744 κρῖμα
663 1671 764 1723 οὐκ
799 1668 944 1722 ἐστιν
973 1669 1030 1721 ἑν
1056 1667 1203 1738 αύτῷ
1227 1683 1240 1697 ο
1283 1686 1302 1718 ι
1343 1668 1479 1738 ὅπερ
1518 1665 1702 1736 σαφῶς
1741 1667 1835 1718 καὶ
1865 1664 2039 1718 λοιποὶ

463 1761 770 1814 τεθείκασιν
801 1758 1128 1830 ἑρμηνευταί
1156 1775 1168 1788 ο
1196 1760 1223 1810 6
1251 1759 1347 1828 μὲν
1388 1757 1618 1822 Ἀκύλας
1638 1758 1812 1827 φήσας
1832 1773 1846 1786 ·
1881 1774 1899 1806 ι
1930 1756 2039 1809 Καὶ

469 1854 608 1924 μετά
629 1852 728 1916 τὰς
750 1853 889 1906 ἑπτά
911 1851 1209 1922 ἑϐδομάδας
1234 1851 1327 1903 καὶ
1358 1847 1714 1920 ἑξηκονταδύο
1735 1846 1913 1914 ἑξολοθ
1923 1863 2040 1916 ρευ-

466 1935 692 2015 θήσεται
734 1941 1093 2014 ⁴Ιγλειμμένος,
1147 1944 1240 1995 καὶ
1285 1943 1386 1995 ούκ
1434 1942 1579 1994 ἔστιν
1613 1938 1798 2009 αύτῷ·
1839 1957 1858 1990 ›
1914 1939 1942 1989 6
1984 1938 2039 1989 δὲ

468 2034 758 2105 Σύμμαχος
777 2049 792 2064 ·
832 2052 850 2086 ι
885 2035 996 2087 Καὶ
1021 2033 1158 2105 μετά
1189 2034 1284 2096 τὰς
1313 2032 1610 2103 ἑϐδομάδας
1631 2029 1769 2084 ἑπτά
1797 2030 1890 2083 καὶ
1920 2025 2041 2099 ἑξη-

465 2127 716 2181 κονταδύο
731 2128 1090 2198 ἑκκοπήσεται
1102 2128 1146 2179 Χ
1157 2125 1354 2196 ριστὺς,
1367 2125 1460 2177 καὶ
1475 2125 1575 2177 οὐκ
1590 2122 1817 2194 ὑπάρξει
1833 2121 1998 2191 αὐτῷ.
2014 2141 2033 2172 ι

469 2221 628 2274 Ὅθεν
660 2220 894 2292 μάλιστα
922 2217 1291 2290 παρίστασθαι
1325 2234 1415 2286 μοι
1447 2215 1591 2268 δοκεί
1621 2202 1852 2286 Χριστὸς
1879 2211 2041 2284 ἡγού-

467 2328 626 2384 μενος
655 2308 794 2365 εἶναι
816 2313 844 2364 6
877 2310 1016 2364 κατὰ
1041 2310 1139 2380 τὴν
1169 2307 1439 2379 ἡμετέραν
1460 2305 1712 2358 ἀπόδοσιν
1739 2303 2040 2373 δεδηλωμέ-

464 2423 568 2468 νος.
595 2403 750 2458 Μετά
768 2402 898 2471 γοῦν
915 2401 1012 2472 τὴν
1027 2399 1134 2452 τῶν
1151 2398 1456 2470 εἰρημένων
1469 2396 1774 2466 ἑϐδομάδων
1789 2412 1852 2448 συ
1862 2395 2038 2466 μπλή-

467 2512 652 2566 ρωσιν,
665 2513 682 2543 ί
705 2490 1211 2562 ἑξολοθρευθήσεται
1231 2488 1482 2560 Χριστὸς,
1498 2485 1675 2558 ιφησί.
1700 2486 1795 2548 Τίς
1811 2485 1867 2537 δὲ
1884 2478 2037 2549 οὗτος

464 2587 496 2658 ἦ
514 2588 542 2638 6
566 2584 885 2655 ἡγούμενος,
904 2582 994 2636 καὶ
1006 2584 1035 2634 6
1052 2582 1189 2635 κατά
1203 2580 1448 2650 διαδοχὴν
1467 2579 1523 2646 ἑξ
1540 2575 1808 2649 ἱερατικοῦ
1825 2579 2034 2645 γένους,

464 2674 555 2728 τοῦ
597 2674 780 2736 ἔθνους
807 2669 1121 2742 προεστώς;
1173 2668 1397 2739 Διέμενε
1432 2665 1564 2736 γοῦν
1604 2658 1757 2728 οὗτος
1801 2665 1879 2726 εἰς
1913 2664 2036 2715 ὅσον

463 2769 615 2824 οὔπω
635 2768 702 2821 τὰ
722 2767 831 2820 τῶν
859 2764 1166 2836 ἑϐδομάδων
1194 2760 1498 2834 ἐπληροῦτο
1525 2777 1538 2790 ·
1593 2758 1780 2828 ἐπειδὴ
1808 2756 1864 2809 δὲ
1887 2755 2037 2820 τέλος

463 2856 764 2927 ἑλάμϐανον
797 2849 956 2908 αὗται
979 2895 994 2918 ,
1035 2852 1340 2914 ἀκολούθως
1371 2853 1436 2920 τῇ
1467 2846 1770 2918 προφητείᾳ
1804 2843 2034 2916 ἐξεκόπη

461 2951 490 3002 6
518 2950 581 3001 ἑκ
612 2948 859 3018 διαδοχῆς
893 2945 1118 3015 γένους,
1157 2943 1248 2996 τοῦ
1295 2942 1476 3004 ἔθνους
1518 2937 1812 3012 προεστώς.
1868 2932 2036 2999 Οὗτος

461 3038 518 3092 δὲ
543 3034 610 3110 ἦν
653 3037 934 3108 Ὑρκανὸς,
957 3036 1014 3088 ὃν
1040 3035 1200 3098 αὐτὸς
1233 3030 1474 3104 Ἡρώδης
1499 3027 1702 3083 ἀνελὼν
1725 3067 1739 3090 ,
1767 3026 1865 3098 τὴν
1893 3025 2035 3079 κατὰ

461 3127 552 3180 τοῦ
579 3127 761 3189 ἔθνους
783 3125 1060 3196 βασιλείαν
1110 3123 1274 3195 μηδὲν
1313 3120 1460 3215 αύτῷ
1480 3119 1838 3215 διαφέρουσαν
1863 3116 2036 3215 vitea-p.—
2062 3160 2101 3215 C

461 3219 625 3284 πάξει
651 3258 667 3283 ,
727 3217 942 3290 πρῶτός
1000 3233 1059 3270 τε
1107 3215 1268 3276 αὐτὸς
1318 3209 1610 3281 ἀλλόφυλος
1663 3211 1896 3280 ἡγεῖται.
1957 3206 2032 3261 Οὐ

464 3315 626 3386 μόνος
656 3315 713 3368 δὲ
739 3315 848 3385 ἄρα
878 3314 907 3365 6
945 3311 1204 3383 Ὑρκανὸς
1235 3311 1468 3381 Χριστὸς
1500 3307 1596 3372 ὢν,
1620 3303 1842 3360 καὶτῶν
1869 3303 2036 3358 πάλαι

461 3406 762 3478 ἀρχιερέων
817 3405 1065 3469 ὖστατος,
1107 3403 1361 3473 ἐξεκόπη,
1394 3400 1529 3454 ἀλλά
1561 3400 1653 3452 καὶ
1681 3401 1714 3470 ή
1742 3399 1805 3450 ἑκ
1839 3396 2037 3468 προγό-

462 3513 568 3551 νων
630 3495 836 3549 ἀνωθεν
874 3494 1069 3547 ἐκτῶν
1113 3493 1388 3564 πρόπαλαι
1429 3489 1727 3562 ἀρχιερέων
1776 3487 2037 3541 κατιοῦσα

463 3585 717 3657 διαδοχὴ,
785 3585 916 3638 αὑτό
975 3601 1033 3637 τε
1097 3585 1160 3636 τὸ
1227 3581 1366 3636 κατὰ
1424 3581 1620 3652 νόμους
1675 3579 1884 3651 χρίσμα
1936 3579 2038 3634 οὐκ

465 3680 545 3733 ἔτι
573 3679 714 3731 κατά
780 3677 956 3749 κρίσιν
993 3676 1274 3746 γινόμενον
1293 3716 1307 3739 ,
1354 3673 1602 3736 ἀτάκτως
1638 3673 1695 3725 δὲ
1723 3673 1815 3726 καὶ
1840 3689 2039 3742 συγκε-

464 3771 745 3844 χυμένως,
807 3770 868 3822 ού
921 3768 1060 3822 κατὰ
1110 3768 1177 3820 τὰ
1211 3767 1360 3838 παρά
1406 3767 1627 3820 Μωῦσεῖ
1684 3766 2040 3839 νενομοθετη-

468 3862 917 3936 μένα,συνέτρεχε
955 3860 1011 3912 δὲ
1063 3859 1196 3930 ὁμοῦ
1232 3859 1409 3912 πάντα
1466 3857 1770 3922 ἀκολούθως
1813 3864 1877 3932 τῇ
1911 3878 2043 3933 προ-

467 3957 661 4030 φητείᾳ
715 3956 969 4027 φησὰσῃ·
1009 3973 1028 4005 ι
1063 3951 1601 4026 Ἐξολοθρευθήσεται
1652 3955 1862 4026 χρίσμα
1889 3995 1903 4018 ,
1950 3958 2042 4010 καὶ

466 4051 640 4121 κρῖμα
682 4048 782 4100 ούκ
838 4045 983 4099 ἐστιν
1044 4045 1102 4097 ἑν
1147 4043 1315 4114 αὐτῷ.
1345 4063 1364 4096 ι
1402 4043 1628 4116 Μάρτυς
1674 4046 1716 4098 δ’
1748 4047 2042 4118 ἀξιόχρεως

463 4139 668 4194 τούτων
708 4141 737 4192 6
792 4137 850 4202 ἑξ
895 4137 1072 4190 αὐτῶν
1127 4136 1390 4208 Ἐϐραίων
1441 4135 1736 4210 Ἰώσηπος,
1779 4131 1882 4192 ὧδέ
1925 4155 2042 4202 πως

467 4228 694 4301 ἱστορῶν
737 4227 806 4281 τά
855 4225 996 4280 κατὰ
1042 4227 1168 4290 τοὺς
1213 4227 1438 4299 χρόνους
1491 4228 1546 4280 ἑν
1595 4227 2043 4297 ὀκτωκαιδεκάτῳ

466 4325 566 4396 τῆς
613 4320 947 4389 Ἰουδαϊκῆς
991 4321 1467 4391 Ἀρχαιολογίας·
1499 4339 1517 4373 ι
1553 4309 1662 4392 Τὴν
1685 4321 1742 4376 δὲ
1768 4318 2042 4390 βασιλείαν

478 4415 723 4489 Ἡρώδης
755 4415 905 4486 παρά
945 4413 1227 4484 Ῥωμαίων
1251 4413 1608 4487 ἐγχειρισθεὶς
1629 4454 1644 4477 ,
1677 4415 1775 4467 οὐκ
1807 4412 1887 4464 ἔτι
1918 4412 2043 4475 τοὺς

2137 575 2419 643 sexaginta
2453 575 2592 630 duas
2619 573 2814 644 peribit
2834 573 3042 638 unctio,
3069 583 3122 628 et
3163 573 3432 639 judicium
3482 591 3590 629 non
3623 583 3709 629 est

2139 664 2195 718 in
2232 679 2325 730 ea;
2348 672 2402 719 et
2434 665 2710 719 civitatem
2742 672 2796 717 et
2835 671 3085 716 sanctum
3117 661 3394 731 disperdet
3417 678 3538 716 cum
3570 660 3709 716 dum

2135 762 2366 810 venturo
2391 775 2402 808 :
2424 765 2477 808 et
2510 754 2795 809 excidetur
2825 753 2879 806 in
2913 751 3138 818 diluvio,
3161 761 3214 806 et
3239 767 3412 822 usque
3449 751 3516 805 ad
3545 751 3705 806 ﬁnem

2136 846 2264 902 belli
2298 847 2353 900 in
2384 846 2764 916 compendium
2792 844 3024 907 redacti,
3068 843 3556 898 internecionibus.
3597 861 3615 893 ι
3643 841 3706 895 Et

2137 937 2252 992 haec
2284 938 2501 1008 quidem
2534 940 2881 1008 perspicuum
2911 937 3114 993 exitum
3142 943 3303 991 nacta
3325 942 3454 991 sunt
3474 935 3703 1006 Augusti

2136 1026 2475 1098 Herodisque
2525 1028 2865 1098 temporibus
2903 1046 2916 1083 :
2951 1028 3004 1082 in
3049 1044 3189 1097 quos
3222 1043 3339 1091 eas.
3391 1026 3459 1082 de
3507 1026 3705 1096 quibus

2137 1119 2475 1182 dicebamus,
2514 1126 2718 1186 septem
2761 1116 3131 1172 hebdomadas
3165 1116 3534 1173 consummari
3565 1115 3709 1170 allir-

2137 1223 2368 1263 mamus.
2394 1205 2530 1259 Nam
2554 1221 2678 1260 cum
2703 1221 2862 1260 suum
2894 1221 3243 1276 progressum
3274 1213 3438 1275 atque
3459 1205 3704 1259 ordinem

2137 1301 2412 1371 pontiﬁcia
2443 1300 2536 1354 illa
2574 1299 2764 1354 unctio
2799 1314 2974 1368 usque
3021 1298 3088 1352 ad
3118 1297 3387 1353 Herodem
3430 1309 3481 1353 et
3521 1298 3707 1369 Augu-

2139 1398 2282 1445 stum
2337 1398 2650 1446 constanter
2677 1391 2997 1452 servaverit,
3033 1398 3086 1445 et
3112 1400 3356 1445 veterum
3388 1389 3705 1460 pontiﬁcum

2140 1483 2418 1538 successio
2453 1483 2508 1536 in
2532 1482 2844 1537 Alexandro
2885 1480 3119 1552 Hyrcani
3159 1488 3310 1551 patre
3357 1481 3702 1541 terminetur.

2139 1571 2382 1628 Herodes
2410 1575 2528 1644 ipso
2553 1572 2806 1645 Hyrcano
2836 1571 3120 1628 interfecto
3148 1571 3308 1643 397
3339 1588 3447 1627 non
3471 1573 3706 1644 amplius

2140 1663 2231 1728 iis,
2257 1665 2350 1734 qui
2385 1680 2416 1718 a
2457 1666 2778 1734 parentibus
2801 1665 3132 1720 succedendi
3163 1666 3256 1734 jus
3294 1665 3579 1732 haberent,
3605 1666 3708 1719 mi-

2141 1755 2429 1811 nisterium
2465 1756 2598 1810 illud
2627 1756 2968 1811 conceSsisse
2993 1755 3214 1819 dicitur,
3247 1755 3340 1811 sed
3383 1757 3707 1826 ignobilibus

2143 1849 2472 1918 quibusdam
2499 1848 2861 1918 obscurisque
2892 1847 3227 1904 hominibus.
3265 1847 3368 1904 Sed
3403 1851 3566 1904 etiam
3587 1865 3709 1904 ora-

2142 1940 2326 1994 culum
2376 1939 2518 1993 lianc
2559 1939 2731 2009 ipsam
2781 1955 2894 1994 rem
2946 1941 3252 2011 anticipans
3301 1943 3590 2003 divinavit,
3620 1942 3706 1996 bis

2139 2030 2357 2086 verbis:
2389 2049 2407 2081 ι
2441 2030 2508 2083 Ει
2534 2037 2657 2100 post
2689 2029 3057 2085 hebdomadas
3107 2040 3310 2101 septem
3345 2040 3399 2086 et
3428 2033 3710 2104 sexaginta

2143 2123 2282 2178 duas
2329 2123 2530 2194 peribit
2559 2123 2764 2187 unctio,
2797 2129 2852 2175 et
2887 2121 3154 2192 judicium
3190 2137 3296 2177 non
3332 2131 3415 2178 est
3463 2125 3518 2178 in
3562 2140 3646 2180 ea.
3684 2145 3703 2177 ι

2140 2213 2295 2280 Quod
2332 2213 2550 2284 quidem
2581 2213 2868 2283 perspicue
2907 2215 3101 2285 reliqui
3157 2231 3372 2286 quoque
3409 2227 3710 2286 posuerunt

2140 2307 2506 2376 interpretes:
2541 2305 2741 2376 Aquila
2774 2306 2996 2376 quidem
3049 2309 3170 2363 sic:
3205 2326 3224 2359 ι
3261 2307 3326 2361 Et
3351 2319 3472 2377 post
3503 2318 3708 2380 septem

2138 2398 2510 2454 hebdomadas
2540 2407 2594 2454 et
2658 2399 2937 2469 sexaginta
2971 2400 3108 2454 duas
3150 2400 3348 2470 peribit
3399 2408 3620 2466 unctus,
3655 2409 3710 2456 et

2138 2505 2248 2546 non
2295 2499 2380 2545 est
2415 2490 2487 2544 ei.
2529 2507 2548 2542 ι
2603 2486 2964 2560 Symmachus
3018 2499 3197 2546 autem
3235 2491 3354 2546 sic:
3394 2509 3430 2544 ιΔ
3473 2491 3540 2545 Ει
3587 2505 3710 2563 post

2141 2580 2506 2636 hebdomadas
2555 2588 2761 2650 septem
2808 2589 2864 2636 et
2906 2583 3185 2652 sexaginta
3249 2582 3387 2638 duas
3431 2583 3710 2639 excidetur

2137 2670 2410 2734 Christus,
2447 2676 2502 2724 et
2530 2685 2640 2724 non
2664 2669 2838 2725 aderit
2889 2671 2961 2750 ei.
3011 2690 3030 2724 ι
3055 2670 3132 2726 Ex
3159 2687 3269 2743 quo
3296 2671 3532 2728 maxime
3577 2675 3709 2729 mihi

2137 2768 2394 2816 constare
2416 2759 2655 2828 videtur,
2683 2760 2964 2816 Christum
2995 2761 3190 2817 ducem
3224 2777 3348 2819 esse
3369 2777 3519 2828 eum,
3545 2767 3707 2833 quem

2136 2854 2410 2924 expositio
2451 2861 2643 2908 nostra
2668 2853 2990 2911 declaravit.
3016 2854 3149 2912 Post
3169 2864 3274 2912 'eas
3304 2855 3470 2927 igitur
3493 2856 3561 2912 de
3586 2857 3706 2926 qui-

2137 2945 2242 3002 bus
2275 2945 2516 3000 diximus
2538 2947 2841 3016 completas
2857 2946 3250 3012 hebdomadas,
3286 2965 3308 2999 ο
3339 2948 3537 3018 peribit
3559 2948 3688 3004 Chri

2138 3044 2276 3100 stus,
2320 3057 2340 3090 ›
2373 3038 2574 3110 inquit.
2620 3038 2727 3096 Sed
2765 3041 2888 3111 quis
2924 3040 3144 3096 tandem
3173 3040 3265 3094 hic
3285 3039 3562 3106 Christus,
3602 3043 3707 3096 nisi

2136 3127 2246 3182 dux
2279 3129 2372 3199 qui
2402 3130 2640 3202 legitime
2669 3119 2968 3187 succedens
2983 3147 3047 3186 ex
3070 3131 3346 3202 pontiﬁcio
3363 3148 3578 3203 genere,
3600 3149 3709 3189 sua:

2135 3221 2280 3290 genti
2308 3223 2603 3290 praeesset?
2625 3222 2823 3280 Mansit
2848 3223 3015 3294 igitur
3047 3223 3138 3278 hic
3166 3223 3438 3288 Christus,
3467 3224 3708 3294 quandiu

2139 3313 2507 3372 hebdomades
2550 3316 2656 3370 illa;
2702 3315 3073 3383 duraverunt;
3118 3315 3212 3370 ubi
3259 3323 3441 3372 autem
3492 3317 3710 3371 illarum

2137 3405 2263 3463 ﬁnis
2287 3409 2522 3475 advenit,
2553 3409 2772 3463 excisus
2803 3414 2908 3470 est,
2936 3407 3028 3477 qui
3061 3406 3129 3462 de
3153 3407 3372 3476 generis
3405 3408 3709 3465 suecessio-

2137 3512 2207 3554 ne
2264 3499 2408 3570 genti
2437 3506 2714 3568 praeesset.
2736 3496 2908 3552 Porro
2943 3497 3037 3550 hic
3079 3495 3182 3548 fuit
3213 3495 3519 3567 Hyrcanus,
3548 3515 3708 3567 quem

2141 3605 2263 3646 cum
2296 3589 2539 3645 Herodes
2588 3588 2980 3651 interfecisset,
3019 3602 3244 3656 regnum
3286 3590 3534 3658 protinus
3564 3591 3708 3659 quod

2141 3683 2210 3737 ad
2242 3682 2419 3750 ipsum
2452 3680 2588 3734 nihil
2628 3680 2929 3750 spectabat,
2954 3678 3206 3747 arripuit,
3242 3679 3560 3750 primusque
3593 3680 3709 3750 ipse

2142 3771 2356 3844 praefuit
2377 3786 2442 3826 ex
2473 3771 2648 3826 alieno
2685 3785 2902 3841 genere.
2954 3769 3221 3824 Caeterum
3248 3783 3356 3824 non
3389 3773 3541 3827 solus
3570 3771 3709 3844 Hyr-

2142 3880 2336 3927 canus,
2367 3864 2460 3934 qui
2499 3863 2751 3917 Christus
2785 3868 2924 3929 erat,
2956 3872 3010 3916 et
3036 3863 3342 3932 priscorum
3389 3862 3708 3932 pontiﬁcum

2143 3956 2498 4019 novissimus,
2530 3955 2750 4009 excisus
2801 3962 2901 4016 est,
2930 3953 3025 4010 sed
3051 3954 3214 4008 etiam
3242 3969 3306 4009 ea
3327 3970 3448 4024 quae
3481 3955 3644 4012 altius
3679 3975 3708 4011 a

2144 4049 2442 4118 majoribus
2465 4047 2734 4118 longeque
2767 4046 3145 4118 superioribus
3178 4048 3530 4116 pontiﬁcibus
3555 4065 3708 4120 repe-

2145 4141 2243 4194 tita
2313 4139 2489 4195 fuerat
2538 4139 2841 4204 successio,
2903 4140 3128 4210 ipsaque
3184 4139 3424 4209 legitima
3472 4142 3708 4199 unctio:

2142 4233 2346 4303 quippe
2391 4247 2515 4302 qua:
2541 4247 2650 4286 non
2685 4233 2827 4286 ultra
2853 4247 2918 4286 ex
2949 4229 3158 4300 judicio
3193 4229 3332 4286 facta
3374 4233 3465 4294 sit,
3499 4232 3592 4287 sed
3630 4236 3711 4288 in-

2143 4323 2391 4378 ordinate
2417 4331 2472 4378 et
2495 4322 2743 4387 confuse,
2781 4337 2888 4376 non
2935 4321 3235 4376 secundum
3258 4337 3343 4382 ea,
3371 4339 3492 4391 qua:
3531 4323 3711 4381 Moses

2145 4417 2199 4470 in
2234 4417 2350 4472 suis
2382 4417 2594 4486 legibus
2624 4424 2900 4481 sanxerat,
2928 4422 3437 4484 concurreruntque
3459 4416 3514 4472 in
3543 4433 3710 4473 unum

467 4508 532 4559 ἑκ
549 4506 642 4558 τοῦ
684 4505 1056 4577 Ἀσαμωναίου
1078 4507 1268 4574 γένους
1326 4503 1490 4573 (οὗτοι
1514 4505 1571 4560 δὲ
1601 4502 1739 4576 ἦσαν
1766 4505 1814 4557 οἱ
1847 4501 2038 4558 καλού-

2147 4511 2350 4572 omnia,
2376 4507 2830 4578 quemadmodum
2889 4507 3172 4576 praphetia
3223 4509 3568 4576 praedixerat,
3606 4511 3713 4565 illis

470 4614 620 4666 μενοι
683 4597 1064 4668 Μακκαϐαῖοι)
1091 4637 1106 4662 ,
1161 4596 1475 4668 καθίστησιν
1533 4598 1807 4667 ἀρχιερεῖς
1835 4635 1848 4658 ,
1903 4594 2041 4648 ἀλλά

465 4702 617 4748 τ.νας
650 4686 894 4756 ἀσήμους
926 4691 1019 4740 καὶ
1057 4687 1215 4758 μόνον
1258 4685 1318 4751 ἑξ
1367 4686 1630 4756 Ἑϐραίων
1671 4685 1827 4747 ὂντας
1850 4725 1865 4749 ,
1901 4684 2039 4755 πλὴν

468 4777 586 4842 ἑνὸς
626 4778 1058 4849 Ἀριστοϐούλου,
1091 4780 1150 4834 ὃν
1204 4778 1468 4851 Ὑρκανοῦ
1506 4778 1620 4834 υἱὸν
1653 4777 1804 4840 ὄντα,
1867 4794 2038 4830 κατα-

471 4870 674 4940 στήσας
686 4870 962 4942 ἀρχιερέα,
984 4874 1050 4943 τῇ
1071 4871 1272 4943 ἀδελφῇ
1288 4868 1457 4924 αὐτοῦ
1482 4869 1759 4942 συνῴκησε
1780 4869 2039 4940 Μαριάμ-

470 4977 576 5032 μη,
605 4959 702 5031 τὴν
730 4959 824 5014 τοῦ
857 4961 1092 5032 πλήθους
1124 4963 1258 5032 πρὸς
1287 4963 1446 5016 αὐτὸν
1477 4960 1789 5033 θηρώμενος
1831 4958 2037 5012 εὔνοιαν

465 5051 554 5106 διὰ
584 5051 682 5122 τὴν
725 5051 990 5122 Ὑρκανοῦ
1025 5055 1262 5124 μνήμην.
1297 5049 1428 5106 Εἶτα
1457 5050 1641 5115 δεδιὼς
1676 5051 1750 5122 μὴ
1784 5051 1918 5122 πρὸς
1947 5051 2036 5102 τὸν

478 5144 882 5215 Ἀριστόϐουλον
917 5145 1115 5206 πάντες
1145 5147 1526 5211 ἀποκλίνωσιν,
1549 5146 1756 5199 ἀνεῖλεν
1789 5145 1951 5198 αὑτὸν
1980 5147 2037 5198 ἑν

474 5235 706 5309 Ἱεριχοῖ,
728 5238 982 5308 πνιγῆναι
1020 5240 1466 5311 μηχανησάμενος
1498 5237 1870 5310 κολυμϐῶντα,
1907 5237 2039 5291 καθ-

463 5327 539 5391 ὼς
609 5329 711 5399 ήδη
761 5329 1158 5402 δεδηλώκαμεν,
1217 5331 1372 5384 Μετά
1417 5329 1602 5385 τοῦτον
1651 5330 1751 5383 ούκ
1797 5328 1874 5381 ἔτι
1923 5331 2036 5392 τοῖς

464 5417 706 5486 ἐκγόνοις
725 5418 831 5471 τῶν
877 5419 1251 5491 Ἀσαμωναίου
1277 5420 1482 5474 παίδων
1505 5419 1603 5491 τὴν
1624 5417 2034 5489 ἀρχιερωσύνην

462 5509 800 5565 ἐπίστευσεν.
845 5510 1086 5584 Ἔπραξε
1129 5509 1186 5562 δὲ
1222 5512 1383 5580 ὃμοια
1411 5510 1488 5583 τῷ
1532 5510 1744 5583 Ἡρώδῃ
1777 5510 1904 5580 περὶ
1935 5511 2034 5581 τῆς

461 5602 845 5665 καταστάσεως
892 5602 1000 5655 τῶν
1049 5602 1367 5674 ἀρχιερέων,
1417 5601 1700 5673 Ἀρχέλαός
1727 5617 1788 5652 τε
1836 5601 1864 5652 6
1908 5603 2036 5663 παῖς

463 5693 648 5756 αὑτοῦ,
682 5695 775 5746 καὶ
805 5693 942 5767 μετά
971 5693 1157 5748 τοῦτον
1203 5695 1462 5765 Ῥωμαῖοι
1495 5694 1592 5764 τὴν
1621 5693 1727 5745 τῶν
1769 5692 2034 5746 Ἰουδαίων

468 5783 739 5854 βασιλείαν
784 5785 1197 5858 παρειληφότες.
1245 5805 1260 5835 ι
1301 5786 1468 5840 Πάλιν
1497 5787 1552 5839 ὲν
1615 5784 1822 5857 ἑτέροις
1859 5783 2030 5838 ταῦτα

2140 4600 2367 4656 verbis:
2409 4617 2428 4650 ι
2467 4598 2673 4654 Peribit
2700 4597 2908 4661 unctio,
2941 4606 2995 4652 et
3033 4597 3301 4667 judicium
3357 4614 3466 4653 non
3514 4607 3600 4655 cst
3657 4602 3711 4656 in

2139 4707 2224 4746 ea.
2263 4711 2279 4742 ι
2309 4692 2485 4760 Atque
2511 4692 2750 4760 optimus
2771 4689 3000 4759 hujusce
3023 4691 3100 4744 rei
3132 4689 3290 4746 testis
3315 4699 3400 4745 est
3415 4690 3714 4748 Hebraicus

2139 4794 2328 4840 auctor
2363 4783 2654 4855 Iosephus,
2705 4784 2796 4854 qui
2827 4782 2880 4837 in
2911 4799 3044 4838 xvm
3075 4782 3316 4838 Iudaicae
3366 4784 3711 4853 Antiquitalis

2139 4878 2301 4942 libro,
2335 4894 2456 4948 qua:
2489 4878 2556 4932 ad
2581 4877 2672 4931 illa
2707 4886 2953 4946 tempora
2976 4877 3276 4947 pertinent,
3310 4877 3364 4930 in
3408 4877 3555 4931 hunc
3598 4894 3714 4931 mo-

2145 4965 2274 5020 dum
2302 4967 2554 5036 exponit:
2577 4985 2595 5018 ι
2618 4965 2860 5023 Herodes
2887 4967 3257 5036 autem,regni
3289 4965 3714 5022 administratio-

2144 5075 2212 5114 ne
2241 5075 2272 5113 a
2317 5058 2580 5114 Romanis
2606 5073 2848 5130 accepta,
2880 5059 3058 5114 nullos
3101 5058 3334 5126 amplius
3378 5073 3446 5112 ex
3479 5057 3714 5115 Asamo-

2144 5166 2262 5205 meo
2296 5166 2492 5220 genere
2521 5150 2599 5220 (hi
2641 5159 2821 5205 autem
2869 5157 3026 5204 erant
3054 5149 3143 5218 qui
3179 5147 3473 5214 Hachabzei
3515 5164 3714 5204 vocan-

2143 5244 2253 5313 tur)
2294 5241 2584 5312 pontiﬁces
2626 5243 2888 5304 declarat,
2921 5241 3018 5296 sed
3061 5241 3326 5310 ignobiles
3365 5241 3631 5311 quosdam
3658 5253 3711 5298 et

2142 5334 2210 5388 ab
2241 5333 2484 5390 Hebraeis
2537 5333 2916 5389 tantummodo
2973 5333 3260 5396 oriundos,
3290 5341 3488 5403 praeter
3541 5349 3708 5389 unum

2139 5423 2539 5486 Aristobulum,
2571 5423 2665 5494 qui
2697 5421 2933 5493 Hyrcani
2991 5421 3134 5476 ﬁlius
3186 5420 3308 5477 fuit.
3364 5421 3520 5477 Hunc
3561 5424 3709 5480 enim

2140 5527 2263 5566 cum
2293 5513 2600 5582 pontiﬁcem
2636 5511 2990 5572 declarasset,
3027 5527 3268 5566 sororem
3306 5511 3425 5580 ejus
3457 5512 3710 5567 Mariam-

2143 5619 2286 5657 mam
2320 5603 2476 5657 duxit
2507 5616 2752 5666 uxorem,
2808 5602 3008 5672 quippe
3041 5601 3134 5671 qui
3185 5603 3549 5660 multitudinis
3579 5619 3709 5668 ergo

2143 5694 2294 5748 illum
2324 5702 2567 5764 captaret
2591 5692 3044 5758 benevolentiam,
3076 5699 3299 5762 propter
3329 5693 3562 5765 Hyrcani
3597 5712 3708 5748 me-

2141 5784 2390 5838 moriam.
2414 5781 2580 5854 398
2603 5779 2801 5836 Deinde
2826 5782 3033 5836 veritus
3064 5796 3131 5836 ne
3164 5795 3357 5839 omnes
3399 5782 3463 5839 ad
3497 5782 3705 5837 Aristo-
