4098 6436
378 358 487 413 69.3

1049 348 1316 406 EL‘SEBH
1341 345 1823 405 CESARIENSIS
1859 345 2009 404 OPP.
2051 343 2231 399 PARS
2269 342 2333 400 ll.
2371 372 2446 388 -—
2483 341 2974 400 APOLOGETICA.

3507 343 3613 400 624

379 479 569 533 bulum
601 473 988 535 desciscerent,
1024 470 1297 524 hominem
1346 468 1414 521 de
1463 466 1644 522 medio
1695 465 1939 529 sustulit,

2046 462 2174 533 περὶ
2222 460 2404 514 αὐτῶν
2453 476 2614 531 φησιν
2641 478 2652 489 ·
2709 478 2727 510 ι
2776 457 3021 531 Ἡρώδης
3051 457 3107 511 δὲ
3142 457 3484 528 βασιλεύσας,
3514 463 3613 532 τὴν

378 573 509 626 dum
539 576 678 625 esset
714 566 767 621 in
797 563 996 635 oppido
1021 560 1395 617 Hierichunte.
1430 559 1508 613 Illi
1531 558 1676 614 enim
1702 556 1936 619 natanti,

377 663 539 733 vique
572 657 788 714 interim
819 655 922 710 sub
950 666 1091 723 aqua
1125 652 1366 709 detento.
1402 664 1591 704 necem
1622 658 1706 705 est
1733 648 1942 702 machi-

376 757 561 812 natus,
594 747 668 800 uti
698 746 808 813 jam
836 744 1053 814 planum
1092 739 1341 795 fecimus.
1368 738 1497 794 Post
1522 739 1663 793 hunc
1687 752 1794 793 non
1826 752 1942 791 am-

376 841 519 911 plius
566 854 633 897 ex
677 834 979 893 Asamonasi
1035 833 1186 902 prole
1242 831 1490 887 oriundis
1567 830 1940 901 pontificatum

374 931 670 987 commisit.
706 927 973 984 Herodem
1014 925 1259 980 imitatus
1306 933 1390 979 est
1442 924 1496 977 in
1552 924 1942 977 constitutione

373 1024 688 1096 pontificum
721 1022 842 1090 ejus
870 1019 1014 1075 filius
1034 1018 1353 1079 Archelaus,
1371 1025 1425 1072 et
1449 1022 1570 1087 post
1592 1015 1738 1068 hunc
1763 1015 1940 1083 ipsum

372 1114 624 1178 Romani,
683 1112 776 1183 qui
829 1110 1138 1165 Iudaeorum
1214 1122 1440 1179 regnum
1502 1112 1862 1176 occuparunt.
1915 1123 1935 1156 ι

371 1206 587 1263 Rursus
612 1206 680 1261 de
706 1205 775 1261 iis
806 1204 912 1258 alio
935 1203 989 1257 in
1021 1203 1141 1257 loco
1161 1201 1293 1256 dicit
1320 1201 1435 1255 haec
1472 1218 1485 1253 :
1523 1217 1542 1250 ι
1573 1198 1815 1253 Herodes
1843 1211 1942 1251 au-

373 1310 479 1356 tem
495 1315 587 1355 rex
613 1300 704 1353 ubi
733 1297 929 1352 turrim
955 1297 1094 1350 hanc
1119 1295 1173 1349 in
1194 1295 1391 1349 idoneo
1411 1294 1532 1347 loco
1560 1292 1721 1348 sitam
1743 1304 1942 1360 magno

373 1400 595 1463 sumptu
650 1389 932 1455 instruxit,
984 1388 1278 1442 Antoniam
1337 1386 1629 1457 appellavit
1674 1385 1935 1440 nomine:

373 1493 574 1539 vestem
601 1490 861 1553 praeterea
884 1478 1217 1550 pontificiam
1253 1478 1570 1548 assumpsit,
1594 1486 1648 1532 et
1669 1492 1787 1532 eam
1820 1491 1940 1547 quae

371 1576 620 1647 deposita
648 1582 767 1630 erat
800 1572 1043 1627 retinuit.
1090 1568 1290 1626 Herodi
1324 1568 1523 1625 similia
1561 1569 1815 1639 patravit,
1845 1568 1938 1639 qui

372 1667 441 1721 ab
467 1666 588 1737 ipso
607 1680 703 1720 rex
734 1663 1044 1719 declaratus
1070 1667 1155 1717 est
1184 1660 1486 1715 Archelaus
1514 1659 1686 1729 ipsius
1709 1659 1873 1724 illius,
1907 1675 1938 1715 a

371 1772 481 1827 quo
521 1753 757 1811 Romani
806 1761 1030 1824 accepto
1088 1752 1419 1824 principatu,
1466 1759 1615 1807 veste
1660 1751 1939 1822 pontificis

2040 571 2099 606 τε
2130 552 2285 625 βάριν
2314 554 2514 623 ταύτην
2540 553 2597 605 έν
2630 550 2920 621 ἐπιτηδείῳ
2952 549 3104 621 τόπῳ
3152 551 3410 620 κειμένην
3443 568 3600 605 κατα-

2043 645 2316 709 σκευάσας
2340 642 2681 708 πολυτελῶς,
2713 642 3000 696 Ἀντωνίαν
3041 642 3198 695 καλεῖ
3241 643 3441 712 δνομα.
3520 642 3615 697 καὶ⁸

2038 738 2139 810 τὴν
2169 737 2361 808 στολὴν
2387 737 2486 808 τὴν
2517 733 2904 807 ἀρχιερατικὴν
2930 733 3225 805 λαμδάνει,
3259 734 3361 806 τὴν
3398 736 3457 788 δὲ
3501 753 3615 789 κει-

2044 829 2210 900 μένην
2272 832 2489 897 κατεῗχε
2516 864 2532 882 .
2586 824 2855 879 πιστεύων
2904 826 3056 880 οὐδὲν
3116 827 3457 897 νεωτερίσειν
3524 827 3617 880 τὸν

2040 921 2169 974 λαὸν
2209 920 2274 973 δι’
2308 921 2498 991 αὺτὴν.
2543 920 2785 992 Ἔπραξε
2819 921 2867 974 δ’
2900 919 3061 990 ὅμοια
3092 918 3172 989 τῷ
3214 917 3427 991 Ἡρώδῃ
3464 919 3558 972 καὶ
3587 920 3618 972 ὁ

2041 1010 2495 1073 ἐπικατασταθεὶς
2532 1010 2680 1082 αὐτῷ
2721 1010 2971 1081 βασιλεὺς
3035 1008 3357 1081 Ἀρχέλαος,
3397 1008 3511 1071 υἱὸς
3541 1009 3619 1063 ὢν

2040 1106 2238 1169 αὐτοῦ,
2283 1104 2411 1174 παρ’
2449 1098 2511 1157 οῦ
2568 1103 2822 1173 Ῥωμαῖοι
2843 1100 3214 1172 διαδεξάμενοι
3257 1100 3358 1172 τὴν
3409 1101 3614 1172 ἀρχὴν,

2041 1197 2303 1268 ἐκράτουν
2328 1197 2428 1266 τῆς
2454 1194 2645 1265 στολῆς
2671 1193 2765 1247 τοῦ
2798 1193 3103 1267 ἀρχιερέως
3146 1194 3513 1265 ἀποκειμένης
3557 1195 3617 1248 ἐν

2040 1288 2172 1359 οἴκῳ
2188 1286 2334 1341 λίθου
2357 1286 2777 1358 οἰκοδομηθέντι,
2796 1286 2901 1339 ὑπὸ
2927 1284 3198 1357 σφραγῖδι.
3237 1303 3256 1336 ι
3284 1284 3384 1337 Διά
3414 1283 3617 1339 τούτων

2039 1379 2101 1431 τὸ
2126 1378 2472 1448 ἀποτέλεσμα
2504 1378 2665 1431 παντί
2693 1394 2771 1447 τῳ
2795 1375 2999 1447 νομίζω
3035 1376 3349 1445 καταφανὲς
3388 1377 3617 1447 γεγενῆ-

2043 1472 2161 1526 σθαι
2196 1471 2289 1524 τοῦ
2316 1472 2586 1541 φήσαντος
2618 1467 2867 1540 χρησμοῦ
2891 1484 2905 1497 ⁸
2945 1487 2963 1520 ι
3001 1468 3112 1520 Καὶ
3156 1467 3294 1539 μετά
3324 1467 3424 1530 τάς
3462 1466 3616 1520 ἐϐδο-

2043 1563 2215 1635 μάδας
2264 1562 2363 1626 τάς
2397 1560 2535 1615 ἐτιτά
2578 1561 2672 1615 καὶ¹
2711 1558 3068 1631 ἑξηκονταδύο
3108 1557 3619 1630 ἐξολοθρευθὴσεται

2040 1657 2269 1729 χρίσμα,
2290 1656 2385 1710 καὶ
2400 1657 2572 1726 κρῖμα
2603 1655 2705 1708 οὐκ
2728 1653 2873 1707 ἔστιν
2904 1653 2962 1706 ἐν
2993 1650 3166 1722 αὐτῷ.
3194 1671 3213 1704 ι
3245 1653 3366 1705 Ἔτι
3397 1652 3454 1705 δὲ
3485 1652 3620 1723 μᾶ).-

2040 1748 2129 1801 λον
2159 1748 2280 1820 ὄψει
2313 1746 2432 1811 πῶς
2456 1748 2671 1819 εἴρηται
2694 1744 2806 1809 τὸ,ι
2829 1732 3017 1816 Κρῖμα
3029 1745 3130 1798 οὐκ
3160 1743 3307 1797 ἐστιν
3330 1744 3388 1797 ἐν
3414 1744 3614 1817 αὐτῷ,›

371 1861 493 1918 quas
513 1846 752 1917 reposita
783 1852 900 1899 erat
925 1843 1028 1899 sub
1063 1842 1221 1911 signo
1253 1841 1307 1896 in
1324 1840 1486 1896 domo
1502 1854 1570 1894 et
1600 1838 1781 1909 lapide
1805 1854 1938 1894 con-

2043 1839 2100 1892 τὸ
2120 1840 2343 1911 ἄκριτον
2368 1839 2591 1894 συνιδὼν
2617 1839 2716 1909 τῆς
2734 1836 2843 1890 τῶν
2885 1835 3184 1909 ἀρχιερέων
3205 1837 3615 1913 καταστάσεως,

372 1946 582 1996 structa
620 1936 992 1993 obtinuerunt.
1052 1953 1070 1986 ι
1116 1932 1193 1986 Ex
1223 1933 1310 1987 his
1364 1932 1524 2003 plane
1557 1931 1735 1986 cuivis
1780 1930 1941 1986 intel-

371 2034 570 2088 lectum
598 2044 721 2086 esse
740 2027 994 2091 arbitror,
1013 2026 1266 2097 quisnam
1294 2024 1456 2079 fuerit
1477 2031 1705 2079 eventus
1732 2022 1938 2077 oraculi

372 2122 608 2179 dicentis
642 2139 661 2172 ι
693 2138 706 2173 :
740 2118 807 2173 Et
836 2123 961 2187 post
1002 2114 1370 2171 hebdomadas
1402 2129 1478 2168 vn
1528 2121 1583 2168 et
1612 2129 1719 2167 Lxu
1744 2114 1941 2184 peribit

370 2214 576 2275 unctio,
608 2218 662 2266 et
686 2208 958 2281 judicium
988 2222 1095 2261 non
1118 2214 1203 2261 est
1222 2207 1275 2261 in
1298 2221 1382 2261 ea.
1413 2225 1431 2256 ι
1466 2203 1634 2276 Magis
1661 2206 1825 2259 etiam
1857 2204 1941 2258 in-

371 2304 760 2374 tueberis,quo
784 2316 950 2359 sensu
980 2299 1186 2355 dictum
1211 2299 1285 2354 sit
1316 2298 1447 2354 illud
1479 2317 1492 2353 :
1531 2315 1549 2349 ι
1580 2297 1644 2352 Ει
1667 2297 1937 2367 judicium

370 2410 479 2452 non
502 2401 585 2451 est
609 2395 663 2448 in
681 2407 766 2456 ea,
780 2412 799 2446 ι
823 2392 869 2447 si
894 2390 1044 2444 nullo
1059 2389 1266 2459 judicio
1283 2396 1497 2445 creatos
1513 2388 1798 2458 pontifices
1819 2402 1936 2452 eos,

370 2486 462 2558 qui
498 2493 622 2556 post
666 2482 953 2546 Herodem,
998 2481 1201 2552 quique
1243 2479 1582 2551 temporibus
1638 2477 1940 2535 Salvatoris

372 2577 548 2635 nostri
577 2576 822 2637 fuerunt,
849 2573 1306 2629 consideraveris.
1331 2571 1469 2628 Cum
1493 2573 1639 2626 enim
1665 2587 1732 2626 ex
1756 2572 1939 2626 divina

370 2673 485 2742 lege
514 2665 757 2739 pontifex
780 2672 956 2720 totum
985 2666 1245 2725 suaen'ita:
1267 2671 1481 2735 tempus
1500 2678 1718 2719 sacrum
1739 2678 1941 2719 munus

369 2764 542 2822 obire,
576 2760 830 2829 idemque
854 2758 1095 2828 legitimo
1124 2755 1236 2811 filio
1268 2755 1580 2812 successori
1609 2756 1827 2810 tradere
1850 2754 1941 2825 ju-

371 2849 730 2917 beretur,per
755 2863 821 2902 ea
861 2855 1106 2918 tempora
1129 2861 1252 2916 quae
1287 2844 1447 2901 modo
1492 2844 1938 2916 explorabamus,

371 2948 495 3011 post
523 2940 806 2995 interitum
843 2953 1016 2992 sacra:
1049 2937 1344 3000 unctionis,
1373 2938 1517 2992 sicut
1550 2937 1834 3008 prophetia
1865 2937 1940 2993 si-

370 3030 745 3102 gnificaverat,
768 3030 978 3100 primus
999 3029 1218 3100 quidem
1242 3028 1504 3096 Herodes,
1533 3037 1657 3101 post
1674 3028 1941 3085 Herodem

370 3137 502 3178 vero
530 3122 699 3177 etiam
733 3120 990 3185 Romani,
1023 3121 1231 3191 absque
1272 3120 1504 3190 judicio,
1541 3123 1690 3176 nulla
1724 3129 1940 3177 servata

2039 1934 2149 1988 τῶν
2188 1932 2325 2005 μετά
2362 1931 2627 2004 Ἡρώδην,
2663 1931 2757 1984 καὶ
2783 1930 2927 1985 κατά
2960 1930 3086 1992 τοὺς
3115 1928 3341 2000 χρόνους
3372 1929 3468 1982 τοῦ
3502 1930 3619 1984 Σω-

2039 2026 2203 2098 τῆρος
2237 2025 2392 2097 ἡμῶν
2422 2023 2826 2095 γεγενημένων.
2868 2019 2976 2075 Τοῦ
3016 2020 3126 2093 γὰρ
3161 2020 3303 2074 κατά
3341 2021 3435 2075 τὸν
3476 2021 3619 2075 θεῖον

2040 2119 2202 2189 νόμον
2249 2118 2555 2190 ,ἀρχιερέως
2604 2115 2780 2169 πάντα
2823 2115 2913 2168 τὸν
2963 2114 3062 2184 τῆς
3110 2112 3256 2183 ζωῆς
3286 2113 3475 2185 χρόνον
3518 2114 3616 2185 τὴν

2040 2210 2379 2281 λειτουργίαν
2401 2208 2604 2262 διέπειν
2633 2208 3061 2279 κεκελευσμένον
3090 2206 3182 2261 ἐπὶ
3213 2206 3440 2279 διαδόχῳ
3466 2206 3618 2261 παιδὶ

2040 2302 2279 2374 γνησίῳ,
2315 2301 2457 2355 κατά
2485 2302 2613 2364 τοὺς
2642 2300 3062 2370 ἐξεταζομένους
3092 2299 3318 2370 καιροὺς
3339 2338 3353 2363 ,
3393 2298 3529 2369 μετά
3556 2297 3619 2351 τὸ

2041 2390 2485 2465 ἐξολοθρευθῆναι
2520 2392 2582 2447 τὸ
2607 2392 2832 2464 χρίσμα,
2862 2394 2928 2462 τῇ
2954 2390 3257 2463 προφητείᾳ
3293 2387 3616 2461 συμφώνως,

2042 2484 2255 2557 πρῶτος
2287 2485 2386 2557 μὲν
2425 2484 2695 2557 Ἡρώδης,
2731 2484 2920 2537 ἔπειτα
2953 2483 3009 2537 δέ
3037 2483 3132 2536 καὶ
3183 2484 3442 2552 Ῥωμαῖοι
3484 2480 3619 2552 μετά

2040 2578 2249 2644 τοῦτον,
2276 2578 2516 2650 ἀκρίτως
2543 2578 2637 2630 καὶ
2663 2577 2724 2630 οὐ
2758 2575 2899 2629 κατά
2929 2576 3022 2629 τὸν
3050 2576 3213 2645 νόμον
3236 2615 3251 2637 ,
3287 2576 3415 2637 τοὺς
3443 2573 3625 2645 ἀρχιεο

2045 2672 2157 2741 ρεῖς
2192 2670 2461 2723 καθίστων
2489 2668 2581 2731 οὓς
2612 2668 2784 2722 ἐδόκει
2811 2668 3024 2731 αὐτοῖς,
3047 2667 3361 2738 δημοτικοῖς
3387 2682 3501 2720 τισι
3525 2667 3621 2719 καὶ

2043 2762 2272 2833 ἀσήμοις
2297 2760 2520 2831 ἀνδράσι
2546 2761 2644 2833 τὴν
2675 2761 2840 2831 τιμὴν
2873 2759 3217 2831 χαριζόμενοι
3240 2800 3255 2824 ,
3280 2757 3623 2831 ἐπίπρασκόν

2042 2872 2101 2907 τε
2121 2855 2214 2908 καὶ
2234 2853 2572 2925 ἐκαπήλευον
2592 2852 2849 2924 τοῦνομα,
2875 2852 3066 2906 ἄλλοτε
3092 2853 3273 2917 ἀλλοις
3298 2852 3623 2906 ἐνιαυσιαῖον

2042 2946 2103 2999 τὸ
2129 2945 2342 3017 ἀξίωμα
2369 2942 2718 3017 δωρούμενοι.
2738 2944 2827 2997 Διό
2860 2962 2948 3015 μοι
2979 2944 3129 2998 δοκεῖ
3159 2947 3188 2997 ὁ
3220 2945 3363 3017 ἱερὸς
3388 2946 3621 3012 εὐαγγεο

2042 3039 2228 3109 λιστὴς
2260 3039 2474 3101 Λουκᾶς
2494 3078 2509 3101 ,
2535 3037 2632 3090 τὸν
2668 3036 2855 3108 χρόνον
2879 3035 2973 3089 τοῦ
3011 3037 3362 3108 κηρύγματος
3392 3035 3485 3089 τοῦ
3509 3036 3623 3088 Σω-

2043 3129 2209 3201 τῆρος
2232 3127 2390 3199 ἡμῶν
2423 3128 2775 3201 ὑπογράφων,
2814 3127 3175 3199 σημειοῦσθαι
3210 3126 3369 3181 τοῦτο
3392 3167 3406 3191 ,
3445 3126 3510 3180 δι’
3544 3118 3620 3180 ὧν

371 3213 511 3284 lege,
547 3227 685 3283 quos
706 3214 808 3283 ipsi
844 3190 1190 3283 probassent,
1220 3212 1509 3284 pontiﬁces
1549 3214 1832 3270 declarare
1859 3213 1939 3268 inv

2046 3190 2211 3292 φησιν
2237 3190 2320 3272 ’Νι
2373 3222 2461 3275 Ἐν
2508 3190 2619 3273 ἔτει
2654 3190 3139 3291 ’πεντεκαιδεκάτῳ
3184 3218 3286 3290 τῆς
3327 3218 3619 3290 ἡγεμονίας

372 3306 691 3367 stituerunt,
716 3305 944 3376 plebeiis
972 3304 1302 3377 quibusdam
1330 3306 1467 3362 viris
1500 3312 1665 3376 atque
1689 3306 1940 3377 ignobili-

2044 3312 2296 3384 Τιϐερίου
2336 3311 2632 3383 Καίσαρος,
2665 3309 3088 3384 ἡγεμονεύοντος
3116 3310 3341 3364 Ποντίου
3382 3308 3614 3363 Πιλάτου

372 3400 477 3454 bus
522 3397 668 3453 hunc
700 3398 963 3453 honorem
1013 3397 1333 3468 largientes,
1370 3396 1539 3467 idque
1579 3398 1818 3453 nominis
1849 3414 1940 3454 ve-

2043 3404 2142 3474 τῆς
2173 3403 2453 3468 Ἰουδαίας,
2478 3402 2917 3475 τετραρχούντων
2938 3402 2995 3457 δὲ
3028 3400 3290 3474 Ἡρώδου,
3317 3402 3412 3455 καὶ
3434 3399 3621 3453 Φιλίπ-

370 3488 495 3544 nale
523 3488 740 3551 habere,
774 3497 828 3544 et
861 3502 1167 3560 eauponum
1191 3502 1342 3541 more
1366 3501 1467 3556 pro
1490 3501 1558 3543 eo
1584 3487 1819 3558 pretium
1851 3502 1940 3542 ac-

2044 3511 2168 3558 που,
2187 3494 2581 3559 καὶΛυσανίου,
2605 3494 2698 3547 ἐπὶ
2716 3492 3016 3565 ἀρχιερέως
3036 3492 3203 3546 'Awa.
3222 3493 3319 3546 καὶ
3338 3491 3582 3560 Καῖάφα·
3596 3507 3614 3539 ι

373 3581 580 3650 cipere,
613 3574 776 3636 modo
824 3581 947 3645 hos,
990 3579 1154 3635 modo
1193 3580 1319 3636 illos
1340 3594 1523 3635 annua
1554 3580 1821 3651 dignitate
1845 3581 1940 3637 do-

2043 3584 2135 3639 δὺο
2156 3585 2263 3658 γὰρ
2284 3580 2428 3640 οὗτοι
2456 3583 2596 3639 κατὰ
2614 3583 2674 3638 τί,
2686 3584 2817 3638 αὐτὸ
2839 3584 3116 3655 ἀρχιερεῖς
3140 3585 3258 3645 πῶς
3281 3582 3347 3637 ἂν
3375 3581 3624 3651 ἐγένοντο

373 3678 588 3727 nantes.
627 3672 895 3738 Quocirca
950 3677 1176 3728 sanctus
1222 3671 1562 3742 evangelista
1582 3669 1778 3737 Lucas,
1812 3671 1940 3726 dum

2044 3678 2078 3748 ἢ
2107 3677 2503 3749 καταλυθείσης
2528 3677 2627 3748 τῆς
2652 3676 2777 3747 περὶ
2805 3674 2915 3728 τῶν
2935 3670 3236 3748 ἀρχιερέων
3263 3674 3583 3746 νομοθεσίας
3606 3693 3620 3740 ;

372 3764 734 3835 praedicanda:
764 3763 1074 3820 Salvatoris
1108 3765 1284 3819 nostri
1305 3763 1574 3819 doctrina-
1602 3772 1819 3834 tempus
1848 3763 1940 3819 de-

2045 3767 2265 3833 Ἰόύτοις
2293 3770 2422 3838 γοῦν
2446 3769 2539 3822 καὶ
2584 3766 2845 3840 Ἰώσηπος
2874 3765 3266 3839 ἐπιμαρτυρῶν
3290 3766 3464 3820 ταῦτα
3485 3767 3622 3836 γρά-

373 3856 703 3923 scribit,hoe
734 3857 912 3927 ipsum
943 3856 1079 3911 mihi
1108 3863 1303 3911 notare
1319 3854 1551 3919 videtur,
1570 3871 1695 3910 cum
1725 3858 1863 3910 aitzr
1890 3856 1940 3909 In

2048 3877 2138 3930 φει
2159 3877 2173 3891 ·
2206 3879 2225 3913 ι
2259 3861 2552 3931 Οὐαλέριος
2576 3861 2782 3933 Γράτος
2817 3862 3105 3933 Ῥωμαίων
3131 3861 3454 3933 στρατηγὸς,
3482 3863 3622 3916 παῦ-

376 3965 520 4006 anno
537 3950 728 4020 quinto
751 3947 1198 4019 decimoimperii
1229 3946 1436 4004 Tiberii
1459 3947 1718 4014 Caesaris,
1748 3963 1940 4019 procu-

2050 3968 2149 4016 σας
2183 3952 2540 4023 ἀρχιερᾶσθαι
2586 3953 2838 4019 Ἀνανον,
2878 3954 3163 4026 Ἰσμαῆλον
3193 3953 3455 4027 ἀρχιερέα
3488 3949 3623 4003 ἀπο-

374 4038 1546 4103 rantePontioPilatoJudaaam,tetrarchiam
1565 4054 1694 4095 vero
1705 4040 1940 4095 obtinen-

2050 4043 2232 4112 φαίνει
2259 4043 2352 4095 τὸν
2379 4042 2660 4113 Τουφὴϐα,
2684 4044 2779 4097 καὶ
2817 4043 3009 4099 τοῦτον
3037 4044 3153 4116 μετ’
3190 4046 3251 4097 οὐ
3280 4043 3413 4097 πολὺ
3451 4056 3619 4113 μεταο

373 4136 524 4191 tibus
536 4133 773 4197 Herode,
798 4139 852 4187 et
880 4129 1210 4201 Philippo,et
1231 4130 1465 4203 Lysania
1487 4131 1591 4187 sub
1607 4132 1940 4202 principibus

2050 4135 2274 4205 στήσας,
2321 4132 2645 4204 Ἐλεάζαρον
2672 4134 2765 4186 τὸν
2796 4133 2891 4186 τοῦ
2944 4134 3165 4187 Ἀνάνου
3195 4129 3292 4186 τοῦ
3322 4129 3623 4201 ἀρχιερέως

377 4224 726 4280 sacerdotum
762 4221 918 4275 Anna
931 4220 1260 4291 etCaipha.»
1291 4221 1539 4294 Namque
1558 4224 1604 4255 ⁸⁸
1634 4223 1689 4276 hi
1710 4222 1823 4277 duo
1838 4239 1940 4293 qua

2048 4224 2163 4278 υἱὸν
2192 4223 2570 4280 ἀποδείκνυσιν
2597 4224 2876 4296 ἀρχιερέα.
2921 4223 3197 4280 Ἐνιαυτοῦ
3226 4222 3284 4275 δὲ
3310 4217 3621 4288 διαγενομέ-

377 4313 597 4369 tandem
615 4320 775 4383 pacto
788 4312 978 4367 eodem
999 4319 1246 4384 tempore
1260 4313 1495 4368 fuissent
1513 4314 1820 4384 pontifices,
1841 4316 1940 4368 nisi

2050 4335 2143 4371 νου
2190 4318 2285 4371 καὶ⁵
2331 4317 2481 4370 τόνδε
2523 4317 2757 4382 παύσας,
2789 4317 2990 4388 Σίμωνι
3018 4314 3093 4386 τῷ
3120 4313 3369 4385 Καθίμου
3396 4313 3494 4383 τὴν
3520 4313 3619 4383 ἀρ-

376 4407 481 4478 legi
494 4420 615 4478 quae
629 4405 697 4461 de
721 4403 1072 4476 pontificibus
1090 4404 1301 4461 sancita
1326 4406 1524 4471 fuerat,
1544 4406 1625 4462 vis
1643 4405 1791 4461 illata
1816 4406 1940 4463 fuis-

2051 4412 2387 4487 χιερωσύνην
2435 4410 2819 4484 παραδίδωσιν.
2868 4409 2943 4464 Οὐ
3008 4407 3168 4463 πλέον
3223 4406 3279 4460 δέ
3332 4406 3427 4460 καὶ
3486 4403 3618 4474 τῷδε

378 4499 501 4555 set?
525 4497 691 4569 399
718 4495 844 4552 Hac
861 4495 1049 4552 eadem
1079 4495 1350 4567 Iosephus
1380 4512 1598 4568 quoque
1623 4498 1940 4563 testificaris,

2052 4503 2299 4558 ἐνιαυτοῦ
2326 4502 2425 4573 τὴν
2444 4501 2612 4573 τιμὴν
2636 4499 2819 4571 ἔχοντι
2842 4498 3112 4567 διεγένετο
3146 4497 3355 4569 χρόνος,
3379 4495 3472 4549 καὶ
3511 4494 3623 4547 Ἰώ-

377 4591 461 4646 sic
479 4592 669 4648 scribit
696 4609 709 4645 :
739 4609 757 4642 ι
794 4587 1277 4653 ValeriusGratns,
1307 4589 1678 4647 Romanorum
1708 4593 1940 4663 impera-

2054 4612 2244 4667 σηπος,
2278 4594 2307 4647 ὃ
2336 4609 2396 4646 τε
2429 4591 2705 4660 Καϊάφας,
2747 4589 2989 4660 διάδοχος
3031 4584 3100 4660 ἦν
3141 4587 3309 4659 αὐτῷ.
3370 4606 3389 4639 ι
3439 4584 3621 4640 Ταῦτα

378 4697 624 4748 tor,cum
649 4683 844 4737 Anano
867 4681 1114 4753 pontiﬁci
1136 4697 1354 4737 sacrum
1371 4698 1573 4739 munus
1601 4685 1940 4755 abrogasset,

2053 4687 2362 4757 ἀναγκαίως
2415 4683 2728 4756 παρεθέμην
2775 4682 2865 4736 διά
2903 4682 2986 4745 τὸ,
3022 4701 3041 4733 ι
3090 4680 3623 4753 Έξολοθρευθὴσεται

379 4776 665 4833 Ismaelum
709 4774 970 4845 Tupheba
999 4775 1316 4845 pontiﬁcem
1347 4776 1667 4841 declaravit,
1699 4779 1789 4834 cui
1815 4779 1940 4834 item

2054 4780 2282 4852 χρίσμα,
2318 4779 2411 4832 καὶ¹
2432 4779 2609 4848 κρῖμα
2630 4776 2729 4829 οὺκ
2753 4776 2900 4830 ἐστιν
2927 4778 2985 4830 ἐν
3009 4773 3178 4846 αὐτῷ,
3220 4794 3237 4826 ι
3275 4775 3311 4828 ἃ.
3338 4774 3432 4828 καὶ⁵
3457 4772 3622 4845 ἡγοῦσ

379 4867 487 4939 ipsi
542 4881 669 4922 cum
723 4867 869 4922 haud
922 4867 1093 4922 multo
1144 4875 1267 4938 post
1314 4868 1577 4923 honorem
1637 4869 1940 4933 ademisset,

2062 4891 2159 4944 μαι
2181 4870 2577 4942 ἀναμφίλεκτον
2602 4869 2699 4942 τὴν
2724 4869 2997 4938 ἀπόδειξιν
3029 4870 3193 4942 ἔχειν.
3237 4868 3391 4939 Ἑξῆς
3416 4866 3627 4930 τούτοις

380 4960 724 5026 Eleazarum,
740 4960 917 5016 Anani
934 4960 1213 5031 pontificis
1234 4961 1424 5026 filium,
1447 4962 1759 5032 pontificem
1775 4972 1940 5018 creat.

2058 4966 2223 5038 φησὶν
2265 4966 2299 5037 ἡ
2348 4964 2673 5036 προφητεία,
2714 4983 2732 5016 ι
2767 4965 2876 5018 Καὶ
2901 4964 2998 5035 τὴν
3040 4963 3215 5029 πόλιν,
3246 4962 3339 5017 καὶ
3370 4962 3431 5016 τὸ
3470 4961 3626 5031 ἀγιον

382 5054 588 5109 Deinde
639 5066 783 5108 anno
831 5061 1054 5124 peracto
1102 5053 1248 5107 hunc
1292 5068 1510 5123 quoque
1546 5056 1746 5125 rejicit,
1776 5063 1830 5111 et
1860 5053 1940 5110 Si-

2056 5058 2355 5130 διαφθερεῖ,
2391 5057 2487 5110 σὺν
2513 5055 2592 5128 τῷ
2622 5059 2910 5129 ἡγουμένῳ
2950 5055 3029 5129 τῷ
3058 5056 3354 5129 ἐρχομένῳ.
3400 5075 3418 5107 ι
3458 5054 3627 5109 Ἔνθα

2057 5150 2221 5203 πάλιν
2251 5150 2342 5202 τὸν
2381 5147 2626 5221 Ἡρώδην
2669 5150 2851 5213 αὐτὸν,
2874 5149 2969 5204 καὶ
3007 5150 3134 5213 τοὺς
3173 5148 3310 5221 μετά
3338 5148 3500 5201 αὐτὸν
3526 5148 3627 5220 ἀρ-

2059 5244 2257 5310 ξαντας
2288 5241 2347 5308 ἐξ
2366 5240 2661 5311 ἀλλοφύλου
2688 5241 2879 5309 γένους
2908 5240 3272 5311 ὑπολαμϐάνω
3303 5237 3625 5309 δηλοῦσθαι·

2061 5337 2137 5399 ώς
2156 5335 2266 5408 γὰρ
2289 5333 2543 5406 ἀνωτέρω
2564 5331 2812 5404 ὠνόμαζε
2838 5333 3105 5404 Χριστοὺς
3132 5331 3469 5403 ἡγουμένους
3504 5331 3631 5393 τοὺς

2062 5430 2355 5499 ἀρχιερεῖς,
2394 5426 2591 5495 λέγων,
2639 5445 2657 5478 ι
2706 5426 2810 5490 ἕως
2852 5425 3090 5499 Χριστοῦ
3113 5424 3448 5497 ἡγουμένουο
3489 5441 3509 5475 ι
3541 5423 3633 5477 τὸν

385 5530 405 5563 ι
448 5511 652 5568 Peribit
686 5514 895 5577 unctio,
932 5522 986 5570 et
1009 5514 1280 5585 judicium
1314 5531 1423 5570 non
1446 5524 1531 5571 est
1565 5518 1617 5569 in
1648 5531 1733 5578 ea,
1778 5533 1797 5566 ι
1830 5529 1940 5584 qua

2061 5520 2224 5573 αὐτὸν
2253 5516 2453 5587 τρόπον
2494 5515 2631 5587 μετὰ
2666 5515 2909 5580 ἐκείνους
2952 5516 3043 5569 καὶ
3069 5516 3169 5587 τὴν
3212 5514 3436 5568 ἐκείνων
3466 5512 3633 5566 κατά-

378 5619 483 5676 cgo
508 5604 727 5675 quidem
758 5607 997 5661 arbitror
1031 5608 1391 5663 indubitatam
1429 5608 1940 5664 demonstrationem

2061 5623 2260 5661 παυσιν
2283 5606 2383 5660 οὐκ
2414 5605 2568 5669 ἄλλος
2596 5606 2897 5678 ἡγούμενος
2926 5606 3217 5678 ἐρχόμενος
3247 5604 3280 5675 ἢ
3314 5605 3342 5658 ὁ
3373 5602 3632 5675 δηλωθεὶς

382 5698 603 5754 habere.
641 5694 735 5752 llis
773 5697 969 5753 deinde
998 5700 1146 5755 addit
1184 5699 1487 5770 prophetia,
1525 5718 1544 5749 ι
1582 5698 1646 5754 Et
1675 5699 1940 5755 civitatem

2058 5700 2119 5766 ἐξ
2143 5699 2437 5769 ἀλλοφύλου
2475 5698 2689 5767 γένους,
2715 5701 2806 5753 καὶ
2829 5701 2876 5752 οἱ
2907 5700 3085 5753 λοιποὶ
3110 5700 3222 5753 ὅσοι
3243 5696 3474 5769 καθεξῆς
3503 5713 3601 5769 μετ
3618 5698 3633 5718 '

488 5790 534 5822 "
558 5788 691 5845 Luc.
733 5805 814 5854 ιη,
857 5791 907 5843 Ι.

1980 4544 2029 4604 D

380 5143 554 5207 tnoni,
585 5142 823 5198 Cathimi
854 5141 985 5207 ﬁlio,
1016 5142 1393 5212 pontificatum
1419 5142 1588 5198 tradit
1621 5163 1636 5198 :
1669 5144 1795 5199 huic
1815 5159 1952 5215 quo-

378 5252 487 5307 que
516 5251 625 5291 non
680 5236 803 5307 plus
830 5249 1017 5291 annuo
1059 5235 1266 5291 honore
1320 5235 1609 5307 perfuncto
1649 5237 1783 5293 abiit
1812 5245 1951 5293 tem-

378 5343 503 5398 pus,
532 5336 588 5384 et
611 5329 666 5382 in
698 5329 875 5382 locum
896 5328 1018 5396 ejus
1046 5328 1338 5400 Iosephus,
1366 5330 1457 5400 qui
1493 5329 1657 5385 etiam
1691 5330 1951 5400 Caiphas,

379 5418 642 5476 suﬂeetus
669 5429 773 5477 est.
813 5440 833 5474 ι
861 5418 987 5476 Ηωο
1006 5423 1321 5477 necessario
1350 5422 1508 5492 posui
1535 5433 1755 5493 propter
1779 5421 1909 5475 illud
1935 5440 1950 5476 :
