  <div class='ocr_page' id='page_1' title='image "/cluster/home/n/w/nwhite01/storage/ocr_20150623/22:no.4/coo.31924054873025/326.png"; bbox 0 0 4098 6428; ppageno 0'>
   <div class='ocr_carea' id='block_1_1' title="bbox 455 425 560 480">
    <p class='ocr_par' dir='ltr' id='par_1_1' title="bbox 455 425 560 480">
     <span class='ocr_line' id='line_1_1' title="bbox 455 425 560 480; baseline 0.038 -4"><span class='ocrx_word' id='word_1_1' title='bbox 455 425 560 480; x_wconf 74' lang='lat'><strong>69.3</strong></span> 
     </span>
    </p>
   </div>
   <div class='ocr_carea' id='block_1_2' title="bbox 1272 420 2735 478">
    <p class='ocr_par' dir='ltr' id='par_1_2' title="bbox 1272 420 2735 478">
     <span class='ocr_line' id='line_1_2' title="bbox 1272 420 2735 478; baseline 0.003 -6"><span class='ocrx_word' id='word_1_2' title='bbox 1272 420 1924 477; x_wconf 74' lang='lat' dir='ltr'><strong>DEMONSTRATIONIS</strong></span> <span class='ocrx_word' id='word_1_3' title='bbox 1961 421 2415 478; x_wconf 59' lang='lat' dir='ltr'><strong>EVANGELICE</strong></span> <span class='ocrx_word' id='word_1_4' title='bbox 2451 423 2578 478; x_wconf 85' lang='lat' dir='ltr'><strong>LIB.</strong></span> <span class='ocrx_word' id='word_1_5' title='bbox 2604 422 2735 477; x_wconf 69' lang='lat' dir='ltr'><strong>VIII.</strong></span> 
     </span>
    </p>
   </div>
   <div class='ocr_carea' id='block_1_3' title="bbox 3586 424 3690 481">
    <p class='ocr_par' dir='ltr' id='par_1_3' title="bbox 3586 424 3690 481">
     <span class='ocr_line' id='line_1_3' title="bbox 3586 424 3690 481; baseline 0.019 -2"><span class='ocrx_word' id='word_1_6' title='bbox 3586 424 3690 481; x_wconf 73' lang='lat'><strong>620</strong></span> 
     </span>
    </p>
   </div>
   <div class='ocr_carea' id='block_1_4' title="bbox 451 527 2002 608">
    <p class='ocr_par' dir='ltr' id='par_1_4' title="bbox 451 527 1995 608">
     <span class='ocr_line' id='line_1_4' title="bbox 451 527 1995 608; baseline -0.005 -14"><span class='ocrx_word' id='word_1_7' title='bbox 451 540 693 601; x_wconf 69' lang='grc' dir='ltr'>ἐκείνους</span> <span class='ocrx_word' id='word_1_8' title='bbox 732 538 1004 608; x_wconf 76' lang='grc' dir='ltr'><strong>ἡγήσαντο</strong></span> <span class='ocrx_word' id='word_1_9' title='bbox 1043 534 1133 587; x_wconf 85' lang='grc' dir='ltr'><strong>τοῦ</strong></span> <span class='ocrx_word' id='word_1_10' title='bbox 1167 534 1371 598; x_wconf 85' lang='grc' dir='ltr'>ἕθνους,</span> <span class='ocrx_word' id='word_1_11' title='bbox 1399 535 1494 587; x_wconf 75' lang='grc' dir='ltr'><strong>σὺν</strong></span> <span class='ocrx_word' id='word_1_12' title='bbox 1530 527 1610 597; x_wconf 83' lang='grc' dir='ltr'>οἷς</span> <span class='ocrx_word' id='word_1_13' title='bbox 1636 533 1731 586; x_wconf 70' lang='grc' dir='ltr'><strong>καὶ</strong></span> <span class='ocrx_word' id='word_1_14' title='bbox 1772 533 1887 605; x_wconf 75' lang='grc' dir='ltr'>μεθ’</span> <span class='ocrx_word' id='word_1_15' title='bbox 1923 527 1995 587; x_wconf 83' lang='grc' dir='ltr'>ὧν</span> 
     </span>
    </p>
   </div>
   <div class='ocr_carea' id='block_1_5' title="bbox 2104 527 3688 608">
    <p class='ocr_par' dir='ltr' id='par_1_5' title="bbox 2122 532 3688 606">
     <span class='ocr_line' id='line_1_5' title="bbox 2122 532 3688 606; baseline 0.003 -19"><span class='ocrx_word' id='word_1_16' title='bbox 2122 542 2177 588; x_wconf 89' lang='lat' dir='ltr'><strong>et</strong></span> <span class='ocrx_word' id='word_1_17' title='bbox 2208 542 2456 591; x_wconf 87' lang='lat' dir='ltr'><strong>sanctum</strong></span> <span class='ocrx_word' id='word_1_18' title='bbox 2492 533 2769 604; x_wconf 85' lang='lat' dir='ltr'><strong>disperdet</strong></span> <span class='ocrx_word' id='word_1_19' title='bbox 2797 549 2921 588; x_wconf 88' lang='lat' dir='ltr'><strong>cum</strong></span> <span class='ocrx_word' id='word_1_20' title='bbox 2955 533 3094 588; x_wconf 83' lang='lat' dir='ltr'><strong>duce</strong></span> <span class='ocrx_word' id='word_1_21' title='bbox 3115 539 3362 587; x_wconf 88' lang='lat' dir='ltr'><strong>venturo.</strong></span> <span class='ocrx_word' id='word_1_22' title='bbox 3404 553 3420 584; x_wconf 75' lang='grc' dir='ltr'><strong>ι</strong></span> <span class='ocrx_word' id='word_1_23' title='bbox 3455 532 3560 589; x_wconf 85' lang='lat' dir='ltr'><strong>Ubi</strong></span> <span class='ocrx_word' id='word_1_24' title='bbox 3590 552 3688 606; x_wconf 84' lang='lat' dir='ltr'><strong>ego</strong></span> 
     </span>
    </p>
   </div>
   <div class='ocr_carea' id='block_1_6' title="bbox 448 623 2018 702">
    <p class='ocr_par' dir='ltr' id='par_1_6' title="bbox 448 623 2018 702">
     <span class='ocr_line' id='line_1_6' title="bbox 448 623 2018 702; baseline -0.008 -16"><span class='ocrx_word' id='word_1_25' title='bbox 448 630 688 702; x_wconf 79' lang='grc' dir='ltr'>ὡσπερεὶ</span> <span class='ocrx_word' id='word_1_26' title='bbox 727 629 1005 699; x_wconf 75' lang='grc' dir='ltr'>συνεργοῖς</span> <span class='ocrx_word' id='word_1_27' title='bbox 1048 625 1348 697; x_wconf 83' lang='grc' dir='ltr'>χρώμενος,</span> <span class='ocrx_word' id='word_1_28' title='bbox 1380 628 1410 682; x_wconf 87' lang='grc' dir='ltr'>ὁ</span> <span class='ocrx_word' id='word_1_29' title='bbox 1459 624 1745 696; x_wconf 85' lang='grc' dir='ltr'>μισόκαλος</span> <span class='ocrx_word' id='word_1_30' title='bbox 1792 623 1885 675; x_wconf 70' lang='grc' dir='ltr'><strong>καὶ</strong></span> <span class='ocrx_word' id='word_1_31' title='bbox 1914 623 2018 675; x_wconf 88' lang='grc' dir='ltr'><strong>τῶν</strong></span> 
     </span>
    </p>
   </div>
   <div class='ocr_carea' id='block_1_7' title="bbox 450 713 2016 793">
    <p class='ocr_par' dir='ltr' id='par_1_7' title="bbox 450 713 2016 793">
     <span class='ocr_line' id='line_1_7' title="bbox 450 713 2016 793; baseline -0.008 -15"><span class='ocrx_word' id='word_1_32' title='bbox 450 722 672 793; x_wconf 79' lang='grc' dir='ltr'>ἀγαθῶν</span> <span class='ocrx_word' id='word_1_33' title='bbox 711 719 964 791; x_wconf 80' lang='grc' dir='ltr'><strong>φθορεὺς,</strong></span> <span class='ocrx_word' id='word_1_34' title='bbox 991 719 1084 772; x_wconf 78' lang='grc' dir='ltr'>καὶ</span> <span class='ocrx_word' id='word_1_35' title='bbox 1106 716 1204 789; x_wconf 82' lang='grc' dir='ltr'>τὴν</span> <span class='ocrx_word' id='word_1_36' title='bbox 1234 716 1387 770; x_wconf 79' lang='grc' dir='ltr'>πόλιν</span> <span class='ocrx_word' id='word_1_37' title='bbox 1410 717 1504 770; x_wconf 78' lang='grc' dir='ltr'><strong>καὶ</strong></span> <span class='ocrx_word' id='word_1_38' title='bbox 1530 716 1591 769; x_wconf 81' lang='grc' dir='ltr'><strong>τὸ</strong></span> <span class='ocrx_word' id='word_1_39' title='bbox 1622 715 1775 783; x_wconf 75' lang='grc' dir='ltr'>ἅγιον</span> <span class='ocrx_word' id='word_1_40' title='bbox 1798 713 2016 783; x_wconf 84' lang='grc' dir='ltr'>διαφθε-</span> 
     </span>
    </p>
   </div>
   <div class='ocr_carea' id='block_1_8' title="bbox 453 804 2019 888">
    <p class='ocr_par' dir='ltr' id='par_1_8' title="bbox 453 804 2019 888">
     <span class='ocr_line' id='line_1_8' title="bbox 453 804 2019 888; baseline -0.008 -20"><span class='ocrx_word' id='word_1_41' title='bbox 453 816 565 888; x_wconf 71' lang='grc' dir='ltr'>ρεῖν</span> <span class='ocrx_word' id='word_1_42' title='bbox 608 814 843 884; x_wconf 76' lang='grc' dir='ltr'>εἴρηται.</span> <span class='ocrx_word' id='word_1_43' title='bbox 889 811 999 864; x_wconf 85' lang='lat' dir='ltr'><strong>Kal.</strong></span> <span class='ocrx_word' id='word_1_44' title='bbox 1038 808 1148 881; x_wconf 86' lang='grc' dir='ltr'>γὰρ</span> <span class='ocrx_word' id='word_1_45' title='bbox 1184 808 1484 879; x_wconf 84' lang='grc' dir='ltr'>διέφθειρεν</span> <span class='ocrx_word' id='word_1_46' title='bbox 1528 806 1743 878; x_wconf 91' lang='grc' dir='ltr'>ἀληθῶς</span> <span class='ocrx_word' id='word_1_47' title='bbox 1771 805 1914 860; x_wconf 79' lang='grc' dir='ltr'>ἅπαν</span> <span class='ocrx_word' id='word_1_48' title='bbox 1957 804 2019 857; x_wconf 78' lang='grc' dir='ltr'>τὺ</span> 
     </span>
    </p>
   </div>
   <div class='ocr_carea' id='block_1_9' title="bbox 449 898 2018 973">
    <p class='ocr_par' dir='ltr' id='par_1_9' title="bbox 449 898 2018 973">
     <span class='ocr_line' id='line_1_9' title="bbox 449 898 2018 973; baseline -0.007 -13"><span class='ocrx_word' id='word_1_49' title='bbox 449 906 621 968; x_wconf 76' lang='grc' dir='ltr'>ἔθνος,</span> <span class='ocrx_word' id='word_1_50' title='bbox 653 902 775 956; x_wconf 84' lang='grc' dir='ltr'>τοτὲ</span> <span class='ocrx_word' id='word_1_51' title='bbox 818 902 915 972; x_wconf 84' lang='grc' dir='ltr'><strong>μὲν</strong></span> <span class='ocrx_word' id='word_1_52' title='bbox 938 901 1035 972; x_wconf 86' lang='grc' dir='ltr'><strong>τὴν</strong></span> <span class='ocrx_word' id='word_1_53' title='bbox 1057 901 1156 971; x_wconf 81' lang='grc' dir='ltr'><strong>τῆς</strong></span> <span class='ocrx_word' id='word_1_54' title='bbox 1186 899 1484 973; x_wconf 82' lang='grc' dir='ltr'><strong>ἱερωσύνης</strong></span> <span class='ocrx_word' id='word_1_55' title='bbox 1506 898 1656 963; x_wconf 78' lang='grc' dir='ltr'>τάξιν</span> <span class='ocrx_word' id='word_1_56' title='bbox 1680 899 1760 961; x_wconf 82' lang='grc' dir='ltr'><strong>εἰς</strong></span> <span class='ocrx_word' id='word_1_57' title='bbox 1783 912 2018 966; x_wconf 86' lang='grc' dir='ltr'>παρανο-</span> 
     </span>
    </p>
   </div>
   <div class='ocr_carea' id='block_1_10' title="bbox 453 990 2017 1071">
    <p class='ocr_par' dir='ltr' id='par_1_10' title="bbox 453 990 2017 1071">
     <span class='ocr_line' id='line_1_10' title="bbox 453 990 2017 1071; baseline -0.008 -16"><span class='ocrx_word' id='word_1_58' title='bbox 453 1001 576 1071; x_wconf 84' lang='grc' dir='ltr'>μίαν</span> <span class='ocrx_word' id='word_1_59' title='bbox 615 998 783 1067; x_wconf 81' lang='grc' dir='ltr'>ἄγων,</span> <span class='ocrx_word' id='word_1_60' title='bbox 813 995 936 1049; x_wconf 88' lang='grc' dir='ltr'><strong>τοτὲ</strong></span> <span class='ocrx_word' id='word_1_61' title='bbox 959 995 1017 1048; x_wconf 83' lang='grc' dir='ltr'>δὲ</span> <span class='ocrx_word' id='word_1_62' title='bbox 1049 994 1141 1048; x_wconf 83' lang='grc' dir='ltr'><strong>τὸν</strong></span> <span class='ocrx_word' id='word_1_63' title='bbox 1183 992 1360 1047; x_wconf 89' lang='grc' dir='ltr'>πάντα</span> <span class='ocrx_word' id='word_1_64' title='bbox 1387 992 1513 1047; x_wconf 84' lang='grc' dir='ltr'>λαὸν</span> <span class='ocrx_word' id='word_1_65' title='bbox 1541 992 1897 1063; x_wconf 80' lang='grc' dir='ltr'><strong>διαστρέφων,</strong></span> <span class='ocrx_word' id='word_1_66' title='bbox 1924 990 2017 1044; x_wconf 77' lang='grc' dir='ltr'><strong>καὶ</strong></span> 
     </span>
    </p>
   </div>
   <div class='ocr_carea' id='block_1_11' title="bbox 446 1084 2019 1165">
    <p class='ocr_par' dir='ltr' id='par_1_11' title="bbox 446 1084 2019 1165">
     <span class='ocr_line' id='line_1_11' title="bbox 446 1084 2019 1165; baseline -0.006 -19"><span class='ocrx_word' id='word_1_67' title='bbox 446 1093 544 1165; x_wconf 83' lang='grc' dir='ltr'>τὴν</span> <span class='ocrx_word' id='word_1_68' title='bbox 569 1092 742 1153; x_wconf 90' lang='grc' dir='ltr'>πόλιν,</span> <span class='ocrx_word' id='word_1_69' title='bbox 777 1089 922 1143; x_wconf 76' lang='grc' dir='ltr'>οὕτω</span> <span class='ocrx_word' id='word_1_70' title='bbox 951 1089 1059 1142; x_wconf 87' lang='grc' dir='ltr'><strong>τῶν</strong></span> <span class='ocrx_word' id='word_1_71' title='bbox 1101 1087 1333 1142; x_wconf 86' lang='grc' dir='ltr'>πολιτῶν</span> <span class='ocrx_word' id='word_1_72' title='bbox 1387 1084 1768 1157; x_wconf 75' lang='grc' dir='ltr'><strong>μεταφορικῶς</strong></span> <span class='ocrx_word' id='word_1_73' title='bbox 1806 1084 2019 1154; x_wconf 87' lang='grc' dir='ltr'>ὠνομα-</span> 
     </span>
    </p>
   </div>
   <div class='ocr_carea' id='block_1_12' title="bbox 448 1175 2017 1256">
    <p class='ocr_par' dir='ltr' id='par_1_12' title="bbox 448 1175 2017 1256">
     <span class='ocr_line' id='line_1_12' title="bbox 448 1175 2017 1256; baseline -0.008 -17"><span class='ocrx_word' id='word_1_74' title='bbox 448 1185 678 1256; x_wconf 89' lang='grc' dir='ltr'>σμένων,</span> <span class='ocrx_word' id='word_1_75' title='bbox 704 1186 784 1246; x_wconf 76' lang='grc' dir='ltr'>εἰς</span> <span class='ocrx_word' id='word_1_76' title='bbox 811 1181 1063 1236; x_wconf 83' lang='grc' dir='ltr'>ἀσέϐειαν</span> <span class='ocrx_word' id='word_1_77' title='bbox 1097 1178 1740 1249; x_wconf 77' lang='grc' dir='ltr'>ἑκκαλούμενος.Συνᾲδει</span> <span class='ocrx_word' id='word_1_78' title='bbox 1773 1176 1828 1231; x_wconf 79' lang='grc' dir='ltr'>δὲ</span> <span class='ocrx_word' id='word_1_79' title='bbox 1858 1179 1890 1246; x_wconf 85' lang='grc' dir='ltr'>ἡ</span> <span class='ocrx_word' id='word_1_80' title='bbox 1901 1175 2017 1246; x_wconf 91' lang='grc' dir='ltr'><strong>μῶν</strong></span> 
     </span>
    </p>
   </div>
   <div class='ocr_carea' id='block_1_13' title="bbox 442 1268 2017 1348">
    <p class='ocr_par' dir='ltr' id='par_1_13' title="bbox 442 1268 2017 1348">
     <span class='ocr_line' id='line_1_13' title="bbox 442 1268 2017 1348; baseline -0.006 -18"><span class='ocrx_word' id='word_1_81' title='bbox 442 1279 507 1348; x_wconf 80' lang='grc' dir='ltr'><strong>τῇ</strong></span> <span class='ocrx_word' id='word_1_82' title='bbox 553 1274 804 1333; x_wconf 85' lang='grc' dir='ltr'><strong>ἀποδόσει</strong></span> <span class='ocrx_word' id='word_1_83' title='bbox 844 1273 940 1327; x_wconf 75' lang='grc' dir='ltr'><strong>καὶ</strong></span> <span class='ocrx_word' id='word_1_84' title='bbox 979 1273 1008 1324; x_wconf 98' lang='lat'><strong>6</strong></span> <span class='ocrx_word' id='word_1_85' title='bbox 1053 1271 1284 1334; x_wconf 82' lang='grc' dir='ltr'><strong>Ἀκύλας</strong></span> <span class='ocrx_word' id='word_1_86' title='bbox 1325 1269 1510 1323; x_wconf 88' lang='grc' dir='ltr'>τοῦτον</span> <span class='ocrx_word' id='word_1_87' title='bbox 1555 1268 1897 1341; x_wconf 80' lang='grc' dir='ltr'>ἑρμηνεύσας</span> <span class='ocrx_word' id='word_1_88' title='bbox 1925 1269 2017 1321; x_wconf 84' lang='grc' dir='ltr'><strong>τὸν</strong></span> 
     </span>
    </p>
   </div>
   <div class='ocr_carea' id='block_1_14' title="bbox 442 1356 2017 1435">
    <p class='ocr_par' dir='ltr' id='par_1_14' title="bbox 442 1356 2017 1435">
     <span class='ocr_line' id='line_1_14' title="bbox 442 1356 2017 1435; baseline -0.004 -19"><span class='ocrx_word' id='word_1_89' title='bbox 442 1363 660 1435; x_wconf 85' lang='grc' dir='ltr'>τρόπον·</span> <span class='ocrx_word' id='word_1_90' title='bbox 704 1381 721 1413; x_wconf 80' lang='grc' dir='ltr'><strong>ι</strong></span> <span class='ocrx_word' id='word_1_91' title='bbox 757 1362 867 1415; x_wconf 84' lang='lat' dir='ltr'><strong>Kal.</strong></span> <span class='ocrx_word' id='word_1_92' title='bbox 888 1361 987 1432; x_wconf 85' lang='grc' dir='ltr'>τὴν</span> <span class='ocrx_word' id='word_1_93' title='bbox 1003 1361 1157 1414; x_wconf 87' lang='grc' dir='ltr'>πόλιν</span> <span class='ocrx_word' id='word_1_94' title='bbox 1196 1361 1290 1414; x_wconf 73' lang='grc' dir='ltr'><strong>καὶ</strong></span> <span class='ocrx_word' id='word_1_95' title='bbox 1313 1359 1372 1412; x_wconf 87' lang='grc' dir='ltr'>τὸ</span> <span class='ocrx_word' id='word_1_96' title='bbox 1406 1359 1558 1429; x_wconf 73' lang='grc' dir='ltr'>ἅγιον</span> <span class='ocrx_word' id='word_1_97' title='bbox 1590 1358 1868 1429; x_wconf 80' lang='grc' dir='ltr'>διαφθερεῖ</span> <span class='ocrx_word' id='word_1_98' title='bbox 1890 1356 2017 1420; x_wconf 70' lang='grc' dir='ltr'>λαὸς</span> 
     </span>
    </p>
   </div>
   <div class='ocr_carea' id='block_1_15' title="bbox 438 1451 2013 1526">
    <p class='ocr_par' dir='ltr' id='par_1_15' title="bbox 438 1451 2013 1526">
     <span class='ocr_line' id='line_1_15' title="bbox 438 1451 2013 1526; baseline -0.003 -17"><span class='ocrx_word' id='word_1_99' title='bbox 438 1454 744 1526; x_wconf 77' lang='grc' dir='ltr'>ἡγουμένου</span> <span class='ocrx_word' id='word_1_100' title='bbox 787 1453 1106 1525; x_wconf 71' lang='grc' dir='ltr'>ἐρχομένου.</span> <span class='ocrx_word' id='word_1_101' title='bbox 1150 1473 1168 1505; x_wconf 74' lang='grc' dir='ltr'><strong>ι</strong></span> <span class='ocrx_word' id='word_1_102' title='bbox 1206 1452 1281 1505; x_wconf 84' lang='grc' dir='ltr'>Ού</span> <span class='ocrx_word' id='word_1_103' title='bbox 1311 1451 1470 1523; x_wconf 90' lang='grc' dir='ltr'>μόνον</span> <span class='ocrx_word' id='word_1_104' title='bbox 1500 1451 1609 1522; x_wconf 84' lang='grc' dir='ltr'>γὰρ</span> <span class='ocrx_word' id='word_1_105' title='bbox 1635 1452 1663 1502; x_wconf 90' lang='grc' dir='ltr'>ὁ</span> <span class='ocrx_word' id='word_1_106' title='bbox 1699 1452 2013 1523; x_wconf 79' lang='grc' dir='ltr'>ἐρχόμενος,</span> 
     </span>
    </p>
   </div>
   <div class='ocr_carea' id='block_1_16' title="bbox 439 1540 2014 1615">
    <p class='ocr_par' dir='ltr' id='par_1_16' title="bbox 439 1540 2014 1615">
     <span class='ocr_line' id='line_1_16' title="bbox 439 1540 2014 1615; baseline -0.006 -14"><span class='ocrx_word' id='word_1_107' title='bbox 439 1549 467 1600; x_wconf 90' lang='lat'><strong>6</strong></span> <span class='ocrx_word' id='word_1_108' title='bbox 491 1546 631 1601; x_wconf 84' lang='grc' dir='ltr'>κατὰ</span> <span class='ocrx_word' id='word_1_109' title='bbox 659 1544 730 1598; x_wconf 84' lang='grc' dir='ltr'>τὰ</span> <span class='ocrx_word' id='word_1_110' title='bbox 753 1543 1123 1615; x_wconf 79' lang='grc' dir='ltr'>ἀποδεδομένα</span> <span class='ocrx_word' id='word_1_111' title='bbox 1161 1546 1292 1615; x_wconf 78' lang='grc' dir='ltr'>ἡμῖν</span> <span class='ocrx_word' id='word_1_112' title='bbox 1333 1543 1591 1614; x_wconf 80' lang='grc' dir='ltr'>δηλωθεὶς</span> <span class='ocrx_word' id='word_1_113' title='bbox 1616 1542 1883 1612; x_wconf 87' lang='grc' dir='ltr'>διέφθειρε</span> <span class='ocrx_word' id='word_1_114' title='bbox 1916 1540 2014 1612; x_wconf 83' lang='grc' dir='ltr'><strong>τὴν</strong></span> 
     </span>
    </p>
   </div>
   <div class='ocr_carea' id='block_1_17' title="bbox 441 1634 2012 1704">
    <p class='ocr_par' dir='ltr' id='par_1_17' title="bbox 441 1634 2012 1704">
     <span class='ocr_line' id='line_1_17' title="bbox 441 1634 2012 1704; baseline -0.003 -12"><span class='ocrx_word' id='word_1_115' title='bbox 441 1638 593 1692; x_wconf 85' lang='grc' dir='ltr'>πόλιν</span> <span class='ocrx_word' id='word_1_116' title='bbox 634 1637 814 1697; x_wconf 77' lang='grc' dir='ltr'>καὶτὸ</span> <span class='ocrx_word' id='word_1_117' title='bbox 845 1636 1022 1704; x_wconf 74' lang='grc' dir='ltr'>ἅγιον,</span> <span class='ocrx_word' id='word_1_118' title='bbox 1048 1635 1184 1688; x_wconf 90' lang='grc' dir='ltr'><strong>ἀλλά</strong></span> <span class='ocrx_word' id='word_1_119' title='bbox 1214 1637 1307 1690; x_wconf 77' lang='grc' dir='ltr'><strong>καὶ</strong></span> <span class='ocrx_word' id='word_1_120' title='bbox 1328 1637 1355 1690; x_wconf 89' lang='grc' dir='ltr'><strong>ό</strong></span> <span class='ocrx_word' id='word_1_121' title='bbox 1383 1634 1575 1690; x_wconf 84' lang='grc' dir='ltr'>τούτου</span> <span class='ocrx_word' id='word_1_122' title='bbox 1604 1635 1750 1700; x_wconf 86' lang='grc' dir='ltr'>λαός.</span> <span class='ocrx_word' id='word_1_123' title='bbox 1777 1634 1934 1689; x_wconf 79' lang='grc' dir='ltr'>Εἴποι</span> <span class='ocrx_word' id='word_1_124' title='bbox 1967 1634 2012 1687; x_wconf 86' lang='grc' dir='ltr'>δ’</span> 
     </span>
    </p>
   </div>
   <div class='ocr_carea' id='block_1_18' title="bbox 438 1726 2012 1799">
    <p class='ocr_par' dir='ltr' id='par_1_18' title="bbox 438 1726 2012 1799">
     <span class='ocr_line' id='line_1_18' title="bbox 438 1726 2012 1799; baseline -0.001 -18"><span class='ocrx_word' id='word_1_125' title='bbox 438 1730 503 1787; x_wconf 82' lang='grc' dir='ltr'>ἄν</span> <span class='ocrx_word' id='word_1_126' title='bbox 541 1745 627 1792; x_wconf 87' lang='grc' dir='ltr'><strong>τις</strong></span> <span class='ocrx_word' id='word_1_127' title='bbox 670 1728 771 1785; x_wconf 83' lang='grc' dir='ltr'><strong>οὐκ</strong></span> <span class='ocrx_word' id='word_1_128' title='bbox 800 1726 910 1781; x_wconf 87' lang='grc' dir='ltr'>ἀπὸ</span> <span class='ocrx_word' id='word_1_129' title='bbox 952 1727 1155 1780; x_wconf 80' lang='grc' dir='ltr'>σκοποῦ</span> <span class='ocrx_word' id='word_1_130' title='bbox 1202 1727 1296 1780; x_wconf 73' lang='grc' dir='ltr'><strong>καὶ</strong></span> <span class='ocrx_word' id='word_1_131' title='bbox 1331 1727 1422 1781; x_wconf 74' lang='grc' dir='ltr'><strong>τὸν</strong></span> <span class='ocrx_word' id='word_1_132' title='bbox 1460 1726 1743 1799; x_wconf 87' lang='grc' dir='ltr'>Ῥωμαίων</span> <span class='ocrx_word' id='word_1_133' title='bbox 1771 1726 2012 1798; x_wconf 84' lang='grc' dir='ltr'>ἡγεμόνα</span> 
     </span>
    </p>
   </div>
   <div class='ocr_carea' id='block_1_19' title="bbox 437 1815 2009 1893">
    <p class='ocr_par' dir='ltr' id='par_1_19' title="bbox 437 1815 2009 1893">
     <span class='ocr_line' id='line_1_19' title="bbox 437 1815 2009 1893; baseline -0.004 -19"><span class='ocrx_word' id='word_1_134' title='bbox 437 1820 524 1874; x_wconf 80' lang='grc' dir='ltr'>διὰ</span> <span class='ocrx_word' id='word_1_135' title='bbox 553 1821 661 1874; x_wconf 86' lang='grc' dir='ltr'><strong>τῶν</strong></span> <span class='ocrx_word' id='word_1_136' title='bbox 690 1819 1064 1893; x_wconf 82' lang='grc' dir='ltr'>προκειμένων</span> <span class='ocrx_word' id='word_1_137' title='bbox 1093 1819 1403 1890; x_wconf 80' lang='grc' dir='ltr'>δηλοῦσθαι,</span> <span class='ocrx_word' id='word_1_138' title='bbox 1428 1820 1521 1874; x_wconf 89' lang='grc' dir='ltr'><strong>τόν</strong></span> <span class='ocrx_word' id='word_1_139' title='bbox 1548 1837 1607 1873; x_wconf 87' lang='grc' dir='ltr'><strong>τε</strong></span> <span class='ocrx_word' id='word_1_140' title='bbox 1635 1818 1826 1873; x_wconf 87' lang='grc' dir='ltr'>τούτου</span> <span class='ocrx_word' id='word_1_141' title='bbox 1849 1815 2009 1877; x_wconf 55' lang='lat' dir='ltr'><strong>labi,</strong></span> 
     </span>
    </p>
   </div>
   <div class='ocr_carea' id='block_1_20' title="bbox 2124 624 3688 697">
    <p class='ocr_par' dir='ltr' id='par_1_20' title="bbox 2124 624 3688 697">
     <span class='ocr_line' id='line_1_20' title="bbox 2124 624 3688 697; baseline 0.001 -18"><span class='ocrx_word' id='word_1_142' title='bbox 2124 642 2314 682; x_wconf 84' lang='lat' dir='ltr'><strong>rursus</strong></span> <span class='ocrx_word' id='word_1_143' title='bbox 2351 636 2405 682; x_wconf 88' lang='lat' dir='ltr'><strong>et</strong></span> <span class='ocrx_word' id='word_1_144' title='bbox 2443 628 2618 697; x_wconf 91' lang='lat' dir='ltr'><strong>ipsum</strong></span> <span class='ocrx_word' id='word_1_145' title='bbox 2651 624 2957 688; x_wconf 87' lang='lat' dir='ltr'><strong>Herodem,</strong></span> <span class='ocrx_word' id='word_1_146' title='bbox 2991 631 3044 679; x_wconf 83' lang='lat' dir='ltr'><strong>et</strong></span> <span class='ocrx_word' id='word_1_147' title='bbox 3074 640 3168 679; x_wconf 90' lang='lat' dir='ltr'><strong>eos</strong></span> <span class='ocrx_word' id='word_1_148' title='bbox 3221 625 3311 694; x_wconf 85' lang='lat' dir='ltr'><strong>qui</strong></span> <span class='ocrx_word' id='word_1_149' title='bbox 3361 633 3482 694; x_wconf 88' lang='lat' dir='ltr'><strong>post</strong></span> <span class='ocrx_word' id='word_1_150' title='bbox 3513 624 3688 682; x_wconf 82' lang='lat' dir='ltr'><strong>Hero—</strong></span> 
     </span>
    </p>
   </div>
   <div class='ocr_carea' id='block_1_21' title="bbox 2120 700 3689 789">
    <p class='ocr_par' dir='ltr' id='par_1_21' title="bbox 2120 700 3689 789">
     <span class='ocr_line' id='line_1_21' title="bbox 2120 700 3689 789; baseline 0.001 -18"><span class='ocrx_word' id='word_1_151' title='bbox 2120 718 2242 772; x_wconf 90' lang='lat' dir='ltr'><strong>dem</strong></span> <span class='ocrx_word' id='word_1_152' title='bbox 2271 734 2335 773; x_wconf 78' lang='lat' dir='ltr'><strong>ex</strong></span> <span class='ocrx_word' id='word_1_153' title='bbox 2367 720 2546 774; x_wconf 87' lang='lat' dir='ltr'><strong>alieno</strong></span> <span class='ocrx_word' id='word_1_154' title='bbox 2572 733 2771 788; x_wconf 82' lang='lat' dir='ltr'><strong>genere</strong></span> <span class='ocrx_word' id='word_1_155' title='bbox 2794 717 3199 787; x_wconf 79' lang='lat' dir='ltr'><strong>imperaverint,</strong></span> <span class='ocrx_word' id='word_1_156' title='bbox 3224 727 3352 786; x_wconf 89' lang='lat' dir='ltr'><strong>puto</strong></span> <span class='ocrx_word' id='word_1_157' title='bbox 3377 700 3689 789; x_wconf 78' lang='lat' dir='ltr'><strong>intelligen-</strong></span> 
     </span>
    </p>
   </div>
   <div class='ocr_carea' id='block_1_22' title="bbox 2120 809 3690 880">
    <p class='ocr_par' dir='ltr' id='par_1_22' title="bbox 2120 809 3690 880">
     <span class='ocr_line' id='line_1_22' title="bbox 2120 809 3690 880; baseline -0.001 -15"><span class='ocrx_word' id='word_1_158' title='bbox 2120 810 2220 865; x_wconf 93' lang='lat' dir='ltr'><strong>dos</strong></span> <span class='ocrx_word' id='word_1_159' title='bbox 2282 829 2296 865; x_wconf 89' lang='lat'>:</span> <span class='ocrx_word' id='word_1_160' title='bbox 2357 826 2482 864; x_wconf 91' lang='lat' dir='ltr'><strong>nam</strong></span> <span class='ocrx_word' id='word_1_161' title='bbox 2539 809 2995 880; x_wconf 84' lang='lat' dir='ltr'><strong>quemadmodum</strong></span> <span class='ocrx_word' id='word_1_162' title='bbox 3059 810 3312 879; x_wconf 87' lang='lat' dir='ltr'><strong>superius</strong></span> <span class='ocrx_word' id='word_1_163' title='bbox 3371 812 3690 864; x_wconf 90' lang='lat' dir='ltr'><strong>nominabat</strong></span> 
     </span>
    </p>
   </div>
   <div class='ocr_carea' id='block_1_23' title="bbox 2119 902 3689 971">
    <p class='ocr_par' dir='ltr' id='par_1_23' title="bbox 2119 902 3689 971">
     <span class='ocr_line' id='line_1_23' title="bbox 2119 902 3689 971; baseline 0.001 -16"><span class='ocrx_word' id='word_1_164' title='bbox 2119 902 2368 959; x_wconf 80' lang='lat' dir='ltr'><strong>Christos</strong></span> <span class='ocrx_word' id='word_1_165' title='bbox 2397 902 2587 966; x_wconf 87' lang='lat' dir='ltr'><strong>duces,</strong></span> <span class='ocrx_word' id='word_1_166' title='bbox 2622 917 2745 957; x_wconf 90' lang='lat' dir='ltr'><strong>cum</strong></span> <span class='ocrx_word' id='word_1_167' title='bbox 2778 902 2834 956; x_wconf 92' lang='lat' dir='ltr'><strong>in</strong></span> <span class='ocrx_word' id='word_1_168' title='bbox 2883 903 2990 958; x_wconf 87' lang='lat' dir='ltr'><strong>illis</strong></span> <span class='ocrx_word' id='word_1_169' title='bbox 3018 903 3201 960; x_wconf 78' lang='lat' dir='ltr'><strong>verbis</strong></span> <span class='ocrx_word' id='word_1_170' title='bbox 3230 903 3514 971; x_wconf 84' lang='lat' dir='ltr'><strong>pontiﬁces</strong></span> <span class='ocrx_word' id='word_1_171' title='bbox 3541 903 3689 958; x_wconf 83' lang='lat' dir='ltr'><strong>dice-</strong></span> 
     </span>
    </p>
   </div>
   <div class='ocr_carea' id='block_1_24' title="bbox 2118 993 3689 1064">
    <p class='ocr_par' dir='ltr' id='par_1_24' title="bbox 2118 993 3689 1064">
     <span class='ocr_line' id='line_1_24' title="bbox 2118 993 3689 1064; baseline 0 -17"><span class='ocrx_word' id='word_1_172' title='bbox 2118 1001 2251 1057; x_wconf 72' lang='lat' dir='ltr'><strong>ret,c</strong></span> <span class='ocrx_word' id='word_1_173' title='bbox 2273 1009 2445 1064; x_wconf 82' lang='lat' dir='ltr'><strong>usque</strong></span> <span class='ocrx_word' id='word_1_174' title='bbox 2461 994 2528 1048; x_wconf 90' lang='lat' dir='ltr'><strong>ad</strong></span> <span class='ocrx_word' id='word_1_175' title='bbox 2550 993 2828 1047; x_wconf 75' lang='lat' dir='ltr'><strong>Christum</strong></span> <span class='ocrx_word' id='word_1_176' title='bbox 2848 994 3061 1058; x_wconf 89' lang='lat' dir='ltr'><strong>ducem,</strong></span> <span class='ocrx_word' id='word_1_177' title='bbox 3090 1014 3108 1047; x_wconf 74' lang='grc' dir='ltr'><strong>ι</strong></span> <span class='ocrx_word' id='word_1_178' title='bbox 3129 996 3202 1050; x_wconf 92' lang='lat' dir='ltr'><strong>ita</strong></span> <span class='ocrx_word' id='word_1_179' title='bbox 3222 1002 3345 1064; x_wconf 88' lang='lat' dir='ltr'><strong>post</strong></span> <span class='ocrx_word' id='word_1_180' title='bbox 3359 1010 3476 1060; x_wconf 89' lang='lat' dir='ltr'><strong>eos,</strong></span> <span class='ocrx_word' id='word_1_181' title='bbox 3493 1003 3547 1050; x_wconf 89' lang='lat' dir='ltr'><strong>et</strong></span> <span class='ocrx_word' id='word_1_182' title='bbox 3565 1002 3689 1064; x_wconf 87' lang='lat' dir='ltr'><strong>post</strong></span> 
     </span>
    </p>
   </div>
   <div class='ocr_carea' id='block_1_25' title="bbox 2118 1088 3688 1157">
    <p class='ocr_par' dir='ltr' id='par_1_25' title="bbox 2118 1088 3688 1157">
     <span class='ocr_line' id='line_1_25' title="bbox 2118 1088 3688 1157; baseline 0.001 -16"><span class='ocrx_word' id='word_1_183' title='bbox 2118 1102 2307 1142; x_wconf 90' lang='lat' dir='ltr'><strong>eorum</strong></span> <span class='ocrx_word' id='word_1_184' title='bbox 2368 1088 2801 1157; x_wconf 86' lang='lat' dir='ltr'><strong>abrogationem,</strong></span> <span class='ocrx_word' id='word_1_185' title='bbox 2848 1104 2956 1143; x_wconf 90' lang='lat' dir='ltr'><strong>non</strong></span> <span class='ocrx_word' id='word_1_186' title='bbox 3016 1089 3157 1145; x_wconf 88' lang='lat' dir='ltr'><strong>alius</strong></span> <span class='ocrx_word' id='word_1_187' title='bbox 3205 1089 3368 1144; x_wconf 78' lang='lat' dir='ltr'><strong>fuerit</strong></span> <span class='ocrx_word' id='word_1_188' title='bbox 3424 1098 3688 1144; x_wconf 89' lang='lat' dir='ltr'><strong>venturus</strong></span> 
     </span>
    </p>
   </div>
   <div class='ocr_carea' id='block_1_26' title="bbox 2118 1183 3687 1255">
    <p class='ocr_par' dir='ltr' id='par_1_26' title="bbox 2118 1183 3687 1255">
     <span class='ocr_line' id='line_1_26' title="bbox 2118 1183 3687 1255; baseline 0.004 -21"><span class='ocrx_word' id='word_1_189' title='bbox 2118 1197 2281 1251; x_wconf 85' lang='lat' dir='ltr'><strong>quam</strong></span> <span class='ocrx_word' id='word_1_190' title='bbox 2319 1183 2367 1236; x_wconf 90' lang='lat' dir='ltr'><strong>is</strong></span> <span class='ocrx_word' id='word_1_191' title='bbox 2401 1184 2491 1252; x_wconf 90' lang='lat' dir='ltr'><strong>qui</strong></span> <span class='ocrx_word' id='word_1_192' title='bbox 2517 1183 2697 1239; x_wconf 88' lang='lat' dir='ltr'><strong>dictus</strong></span> <span class='ocrx_word' id='word_1_193' title='bbox 2737 1190 2825 1239; x_wconf 87' lang='lat' dir='ltr'><strong>est</strong></span> <span class='ocrx_word' id='word_1_194' title='bbox 2849 1198 2917 1237; x_wconf 78' lang='lat' dir='ltr'><strong>ex</strong></span> <span class='ocrx_word' id='word_1_195' title='bbox 2946 1183 3123 1237; x_wconf 87' lang='lat' dir='ltr'><strong>alieno</strong></span> <span class='ocrx_word' id='word_1_196' title='bbox 3151 1200 3368 1254; x_wconf 66' lang='lat' dir='ltr'><strong>genere,</strong></span> <span class='ocrx_word' id='word_1_197' title='bbox 3398 1186 3687 1255; x_wconf 79' lang='lat' dir='ltr'><strong>caeterique</strong></span> 
     </span>
    </p>
   </div>
   <div class='ocr_carea' id='block_1_27' title="bbox 2117 1273 3683 1345">
    <p class='ocr_par' dir='ltr' id='par_1_27' title="bbox 2117 1273 3683 1345">
     <span class='ocr_line' id='line_1_27' title="bbox 2117 1273 3683 1345; baseline 0.002 -18"><span class='ocrx_word' id='word_1_198' title='bbox 2117 1273 2429 1343; x_wconf 86' lang='lat' dir='ltr'><strong>quicunque</strong></span> <span class='ocrx_word' id='word_1_199' title='bbox 2476 1283 2600 1344; x_wconf 87' lang='lat' dir='ltr'><strong>post</strong></span> <span class='ocrx_word' id='word_1_200' title='bbox 2645 1275 2768 1329; x_wconf 90' lang='lat' dir='ltr'><strong>illos</strong></span> <span class='ocrx_word' id='word_1_201' title='bbox 2821 1274 3078 1344; x_wconf 88' lang='lat' dir='ltr'><strong>deinceps</strong></span> <span class='ocrx_word' id='word_1_202' title='bbox 3126 1276 3272 1344; x_wconf 82' lang='lat' dir='ltr'><strong>genti</strong></span> <span class='ocrx_word' id='word_1_203' title='bbox 3326 1275 3683 1345; x_wconf 68' lang='lat' dir='ltr'><strong>prmfuerunt,</strong></span> 
     </span>
    </p>
   </div>
   <div class='ocr_carea' id='block_1_28' title="bbox 2117 1363 3683 1436">
    <p class='ocr_par' dir='ltr' id='par_1_28' title="bbox 2117 1363 3683 1436">
     <span class='ocr_line' id='line_1_28' title="bbox 2117 1363 3683 1436; baseline 0.003 -19"><span class='ocrx_word' id='word_1_204' title='bbox 2117 1363 2315 1433; x_wconf 84' lang='lat' dir='ltr'><strong>quibus</strong></span> <span class='ocrx_word' id='word_1_205' title='bbox 2346 1372 2604 1435; x_wconf 85' lang='lat' dir='ltr'><strong>tanquam</strong></span> <span class='ocrx_word' id='word_1_206' title='bbox 2637 1366 2980 1436; x_wconf 88' lang='lat' dir='ltr'><strong>adjutoribus</strong></span> <span class='ocrx_word' id='word_1_207' title='bbox 3013 1373 3191 1430; x_wconf 89' lang='lat' dir='ltr'><strong>utens,</strong></span> <span class='ocrx_word' id='word_1_208' title='bbox 3219 1380 3323 1419; x_wconf 86' lang='lat' dir='ltr'><strong>una</strong></span> <span class='ocrx_word' id='word_1_209' title='bbox 3346 1380 3469 1421; x_wconf 90' lang='lat' dir='ltr'><strong>cum</strong></span> <span class='ocrx_word' id='word_1_210' title='bbox 3494 1367 3683 1423; x_wconf 89' lang='lat' dir='ltr'><strong>iisdem</strong></span> 
     </span>
    </p>
   </div>
   <div class='ocr_carea' id='block_1_29' title="bbox 2117 1458 3686 1530">
    <p class='ocr_par' dir='ltr' id='par_1_29' title="bbox 2117 1458 3686 1530">
     <span class='ocr_line' id='line_1_29' title="bbox 2117 1458 3686 1530; baseline 0.002 -19"><span class='ocrx_word' id='word_1_211' title='bbox 2117 1458 2234 1527; x_wconf 90' lang='lat' dir='ltr'><strong>ipse</strong></span> <span class='ocrx_word' id='word_1_212' title='bbox 2287 1458 2500 1514; x_wconf 91' lang='lat' dir='ltr'><strong>honesti</strong></span> <span class='ocrx_word' id='word_1_213' title='bbox 2552 1460 2807 1514; x_wconf 88' lang='lat' dir='ltr'><strong>inimicus</strong></span> <span class='ocrx_word' id='word_1_214' title='bbox 2854 1459 3231 1529; x_wconf 88' lang='lat' dir='ltr'><strong>bonorumque</strong></span> <span class='ocrx_word' id='word_1_215' title='bbox 3279 1467 3588 1530; x_wconf 84' lang='lat' dir='ltr'><strong>corruptor,</strong></span> <span class='ocrx_word' id='word_1_216' title='bbox 3634 1469 3686 1515; x_wconf 90' lang='lat' dir='ltr'><strong>et</strong></span> 
     </span>
    </p>
   </div>
   <div class='ocr_carea' id='block_1_30' title="bbox 2115 1550 3682 1621">
    <p class='ocr_par' dir='ltr' id='par_1_30' title="bbox 2115 1550 3682 1621">
     <span class='ocr_line' id='line_1_30' title="bbox 2115 1550 3682 1621; baseline 0 -18"><span class='ocrx_word' id='word_1_217' title='bbox 2115 1550 2386 1605; x_wconf 85' lang='lat' dir='ltr'><strong>civitatem</strong></span> <span class='ocrx_word' id='word_1_218' title='bbox 2434 1558 2488 1605; x_wconf 89' lang='lat' dir='ltr'><strong>et</strong></span> <span class='ocrx_word' id='word_1_219' title='bbox 2538 1561 2787 1606; x_wconf 87' lang='lat' dir='ltr'><strong>sanctum</strong></span> <span class='ocrx_word' id='word_1_220' title='bbox 2835 1550 3148 1621; x_wconf 86' lang='lat' dir='ltr'><strong>perditurus</strong></span> <span class='ocrx_word' id='word_1_221' title='bbox 3206 1550 3425 1605; x_wconf 90' lang='lat' dir='ltr'><strong>dicitur.</strong></span> <span class='ocrx_word' id='word_1_222' title='bbox 3472 1550 3682 1606; x_wconf 82' lang='lat' dir='ltr'><strong>Etenim</strong></span> 
     </span>
    </p>
   </div>
   <div class='ocr_carea' id='block_1_31' title="bbox 2115 1642 3682 1714">
    <p class='ocr_par' dir='ltr' id='par_1_31' title="bbox 2115 1642 3682 1714">
     <span class='ocr_line' id='line_1_31' title="bbox 2115 1642 3682 1714; baseline 0.001 -19"><span class='ocrx_word' id='word_1_223' title='bbox 2115 1658 2241 1697; x_wconf 89' lang='lat' dir='ltr'><strong>vere</strong></span> <span class='ocrx_word' id='word_1_224' title='bbox 2270 1642 2505 1713; x_wconf 80' lang='lat' dir='ltr'><strong>perdidit</strong></span> <span class='ocrx_word' id='word_1_225' title='bbox 2553 1651 2719 1697; x_wconf 90' lang='lat' dir='ltr'><strong>totam</strong></span> <span class='ocrx_word' id='word_1_226' title='bbox 2750 1653 2986 1714; x_wconf 83' lang='lat' dir='ltr'><strong>gentem,</strong></span> <span class='ocrx_word' id='word_1_227' title='bbox 3021 1642 3182 1697; x_wconf 90' lang='lat' dir='ltr'><strong>modo</strong></span> <span class='ocrx_word' id='word_1_228' title='bbox 3224 1642 3445 1711; x_wconf 87' lang='lat' dir='ltr'><strong>quidem</strong></span> <span class='ocrx_word' id='word_1_229' title='bbox 3498 1658 3682 1697; x_wconf 84' lang='lat' dir='ltr'><strong>sacer—</strong></span> 
     </span>
    </p>
   </div>
   <div class='ocr_carea' id='block_1_32' title="bbox 2114 1734 3756 1805">
    <p class='ocr_par' dir='ltr' id='par_1_32' title="bbox 2114 1734 3756 1805">
     <span class='ocr_line' id='line_1_32' title="bbox 2114 1734 3756 1805; baseline 0.001 -17"><span class='ocrx_word' id='word_1_230' title='bbox 2114 1734 2249 1788; x_wconf 91' lang='lat' dir='ltr'><strong>dotii</strong></span> <span class='ocrx_word' id='word_1_231' title='bbox 2283 1734 2528 1789; x_wconf 89' lang='lat' dir='ltr'><strong>ordinem</strong></span> <span class='ocrx_word' id='word_1_232' title='bbox 2564 1742 2761 1804; x_wconf 67' lang='lat' dir='ltr'><strong>praeter</strong></span> <span class='ocrx_word' id='word_1_233' title='bbox 2782 1737 2951 1805; x_wconf 86' lang='lat' dir='ltr'><strong>legem</strong></span> <span class='ocrx_word' id='word_1_234' title='bbox 2976 1735 3327 1805; x_wconf 81' lang='lat' dir='ltr'><strong>perturbans,</strong></span> <span class='ocrx_word' id='word_1_235' title='bbox 3363 1735 3523 1790; x_wconf 81' lang='lat' dir='ltr'><strong>modo</strong></span> <span class='ocrx_word' id='word_1_236' title='bbox 3555 1750 3685 1790; x_wconf 85' lang='lat' dir='ltr'><strong>vero</strong></span> <span class='ocrx_word' id='word_1_237' title='bbox 3746 1741 3756 1754; x_wconf 89' lang='lat'><strong><em>‘</em></strong></span> 
     </span>
    </p>
   </div>
   <div class='ocr_carea' id='block_1_33' title="bbox 2116 1824 3682 1898">
    <p class='ocr_par' dir='ltr' id='par_1_33' title="bbox 2116 1824 3682 1898">
     <span class='ocr_line' id='line_1_33' title="bbox 2116 1824 3682 1898; baseline -0.002 -17"><span class='ocrx_word' id='word_1_238' title='bbox 2116 1835 2372 1887; x_wconf 66' lang='lat' dir='ltr'><strong>cunctum</strong></span> <span class='ocrx_word' id='word_1_239' title='bbox 2401 1827 2657 1898; x_wconf 87' lang='lat' dir='ltr'><strong>populum</strong></span> <span class='ocrx_word' id='word_1_240' title='bbox 2682 1835 3016 1897; x_wconf 87' lang='lat' dir='ltr'><strong>pervertens,</strong></span> <span class='ocrx_word' id='word_1_241' title='bbox 3036 1835 3092 1881; x_wconf 93' lang='lat' dir='ltr'><strong>et</strong></span> <span class='ocrx_word' id='word_1_242' title='bbox 3112 1828 3384 1881; x_wconf 71' lang='lat' dir='ltr'><strong>civitatem</strong></span> <span class='ocrx_word' id='word_1_243' title='bbox 3406 1824 3509 1897; x_wconf 90' lang='lat' dir='ltr'><strong>(sic</strong></span> <span class='ocrx_word' id='word_1_244' title='bbox 3538 1826 3682 1882; x_wconf 89' lang='lat' dir='ltr'><strong>enim</strong></span> 
     </span>
    </p>
   </div>
   <div class='ocr_carea' id='block_1_34' title="bbox 438 1901 2002 1989">
    <p class='ocr_par' dir='ltr' id='par_1_34' title="bbox 438 1906 2002 1984">
     <span class='ocr_line' id='line_1_34' title="bbox 438 1906 2002 1984; baseline -0.003 -18"><span class='ocrx_word' id='word_1_245' title='bbox 438 1914 506 1966; x_wconf 84' lang='grc' dir='ltr'>δι’</span> <span class='ocrx_word' id='word_1_246' title='bbox 546 1906 608 1967; x_wconf 77' lang='grc' dir='ltr'>οὗ</span> <span class='ocrx_word' id='word_1_247' title='bbox 636 1913 843 1984; x_wconf 75' lang='grc' dir='ltr'>ναμίζω</span> <span class='ocrx_word' id='word_1_248' title='bbox 872 1911 1232 1982; x_wconf 82' lang='grc' dir='ltr'>σημαίνεσθαι</span> <span class='ocrx_word' id='word_1_249' title='bbox 1259 1912 1329 1967; x_wconf 86' lang='grc' dir='ltr'><strong>τά</strong></span> <span class='ocrx_word' id='word_1_250' title='bbox 1351 1913 1688 1983; x_wconf 87' lang='grc' dir='ltr'>στρατόπεδα</span> <span class='ocrx_word' id='word_1_251' title='bbox 1724 1910 1833 1964; x_wconf 87' lang='grc' dir='ltr'><strong>τῶν</strong></span> <span class='ocrx_word' id='word_1_252' title='bbox 1879 1910 2002 1962; x_wconf 84' lang='grc' dir='ltr'><strong>Ῥω-</strong></span> 
     </span>
    </p>
   </div>
   <div class='ocr_carea' id='block_1_35' title="bbox 2104 1901 3680 1989">
    <p class='ocr_par' dir='ltr' id='par_1_35' title="bbox 2116 1917 3680 1989">
     <span class='ocr_line' id='line_1_35' title="bbox 2116 1917 3680 1989; baseline -0.001 -16"><span class='ocrx_word' id='word_1_253' title='bbox 2116 1920 2263 1974; x_wconf 83' lang='lat' dir='ltr'><strong>cives</strong></span> <span class='ocrx_word' id='word_1_254' title='bbox 2312 1917 2539 1989; x_wconf 86' lang='lat' dir='ltr'><strong>ﬁgurate</strong></span> <span class='ocrx_word' id='word_1_255' title='bbox 2580 1918 2953 1987; x_wconf 77' lang='lat' dir='ltr'><strong>nominantur)</strong></span> <span class='ocrx_word' id='word_1_256' title='bbox 2981 1932 3217 1973; x_wconf 84' lang='lat' dir='ltr'><strong>evocans</strong></span> <span class='ocrx_word' id='word_1_257' title='bbox 3245 1917 3310 1971; x_wconf 89' lang='lat' dir='ltr'><strong>ad</strong></span> <span class='ocrx_word' id='word_1_258' title='bbox 3351 1918 3680 1988; x_wconf 78' lang='lat' dir='ltr'><strong>impietatem</strong></span> 
     </span>
    </p>
   </div>
   <div class='ocr_carea' id='block_1_36' title="bbox 443 2002 2004 2077">
    <p class='ocr_par' dir='ltr' id='par_1_36' title="bbox 443 2002 2004 2077">
     <span class='ocr_line' id='line_1_36' title="bbox 443 2002 2004 2077; baseline -0.003 -19"><span class='ocrx_word' id='word_1_259' title='bbox 443 2005 614 2077; x_wconf 80' lang='grc' dir='ltr'>μαίων</span> <span class='ocrx_word' id='word_1_260' title='bbox 642 2006 937 2077; x_wconf 77' lang='grc' dir='ltr'>ἀρχόντων.</span> <span class='ocrx_word' id='word_1_261' title='bbox 956 2005 1015 2069; x_wconf 80' lang='grc' dir='ltr'>ἐξ</span> <span class='ocrx_word' id='word_1_262' title='bbox 1042 2005 1252 2058; x_wconf 83' lang='grc' dir='ltr'>ἑκείνου</span> <span class='ocrx_word' id='word_1_263' title='bbox 1277 2005 1667 2076; x_wconf 81' lang='grc' dir='ltr'>κρατησάντων</span> <span class='ocrx_word' id='word_1_264' title='bbox 1686 2003 1780 2056; x_wconf 89' lang='grc' dir='ltr'><strong>τοῦ</strong></span> <span class='ocrx_word' id='word_1_265' title='bbox 1798 2002 2004 2064; x_wconf 75' lang='grc' dir='ltr'>ἔθνους,</span> 
     </span>
    </p>
   </div>
   <div class='ocr_carea' id='block_1_37' title="bbox 433 2092 2007 2168">
    <p class='ocr_par' dir='ltr' id='par_1_37' title="bbox 433 2092 2007 2168">
     <span class='ocr_line' id='line_1_37' title="bbox 433 2092 2007 2168; baseline -0.001 -20"><span class='ocrx_word' id='word_1_266' title='bbox 433 2095 483 2149; x_wconf 75' lang='grc' dir='ltr'>οἳ</span> <span class='ocrx_word' id='word_1_267' title='bbox 500 2093 593 2148; x_wconf 74' lang='grc' dir='ltr'>καὶ</span> <span class='ocrx_word' id='word_1_268' title='bbox 606 2093 703 2164; x_wconf 86' lang='grc' dir='ltr'>τὴν</span> <span class='ocrx_word' id='word_1_269' title='bbox 718 2092 867 2148; x_wconf 90' lang='grc' dir='ltr'>πολιν</span> <span class='ocrx_word' id='word_1_270' title='bbox 895 2092 1064 2164; x_wconf 79' lang='grc' dir='ltr'>αὐτὴν</span> <span class='ocrx_word' id='word_1_271' title='bbox 1082 2096 1457 2168; x_wconf 84' lang='grc' dir='ltr'>Ἰερουσαλὴμ,</span> <span class='ocrx_word' id='word_1_272' title='bbox 1487 2097 1580 2150; x_wconf 76' lang='grc' dir='ltr'><strong>καὶ</strong></span> <span class='ocrx_word' id='word_1_273' title='bbox 1610 2096 1702 2150; x_wconf 81' lang='grc' dir='ltr'><strong>τὸν</strong></span> <span class='ocrx_word' id='word_1_274' title='bbox 1742 2094 1908 2148; x_wconf 81' lang='grc' dir='ltr'>πάλαι</span> <span class='ocrx_word' id='word_1_275' title='bbox 1949 2096 2007 2146; x_wconf 83' lang='grc' dir='ltr'><strong>ἑν</strong></span> 
     </span>
    </p>
   </div>
   <div class='ocr_carea' id='block_1_38' title="bbox 435 2183 2007 2260">
    <p class='ocr_par' dir='ltr' id='par_1_38' title="bbox 435 2183 2007 2260">
     <span class='ocr_line' id='line_1_38' title="bbox 435 2183 2007 2260; baseline -0.002 -20"><span class='ocrx_word' id='word_1_276' title='bbox 435 2188 571 2258; x_wconf 76' lang='grc' dir='ltr'>αὐτῇ</span> <span class='ocrx_word' id='word_1_277' title='bbox 604 2189 799 2258; x_wconf 81' lang='grc' dir='ltr'>σεμνὸν</span> <span class='ocrx_word' id='word_1_278' title='bbox 826 2188 920 2242; x_wconf 75' lang='grc' dir='ltr'><strong>καὶ</strong></span> <span class='ocrx_word' id='word_1_279' title='bbox 943 2189 1102 2257; x_wconf 82' lang='grc' dir='ltr'>ἆγιον</span> <span class='ocrx_word' id='word_1_280' title='bbox 1126 2188 1262 2241; x_wconf 88' lang='grc' dir='ltr'>νεὼν</span> <span class='ocrx_word' id='word_1_281' title='bbox 1285 2187 1616 2260; x_wconf 84' lang='grc' dir='ltr'>διέφθειραν.</span> <span class='ocrx_word' id='word_1_282' title='bbox 1649 2185 1782 2239; x_wconf 83' lang='grc' dir='ltr'>’Υπὺ</span> <span class='ocrx_word' id='word_1_283' title='bbox 1805 2183 2007 2238; x_wconf 88' lang='grc' dir='ltr'>τούτων</span> 
     </span>
    </p>
   </div>
   <div class='ocr_carea' id='block_1_39' title="bbox 433 2275 2008 2350">
    <p class='ocr_par' dir='ltr' id='par_1_39' title="bbox 433 2275 2008 2350">
     <span class='ocr_line' id='line_1_39' title="bbox 433 2275 2008 2350; baseline -0.003 -18"><span class='ocrx_word' id='word_1_284' title='bbox 433 2279 564 2347; x_wconf 80' lang='grc' dir='ltr'>γοῦν</span> <span class='ocrx_word' id='word_1_285' title='bbox 612 2281 707 2333; x_wconf 74' lang='grc' dir='ltr'><strong>καὶ</strong></span> <span class='ocrx_word' id='word_1_286' title='bbox 738 2279 1077 2350; x_wconf 77' lang='grc' dir='ltr'>ὲξεκόπησαν</span> <span class='ocrx_word' id='word_1_287' title='bbox 1121 2279 1196 2344; x_wconf 86' lang='grc' dir='ltr'>ὡς</span> <span class='ocrx_word' id='word_1_288' title='bbox 1237 2281 1296 2333; x_wconf 88' lang='grc' dir='ltr'><strong>ἑν</strong></span> <span class='ocrx_word' id='word_1_289' title='bbox 1336 2275 1727 2348; x_wconf 79' lang='grc' dir='ltr'>κατακλυσμῷ,</span> <span class='ocrx_word' id='word_1_290' title='bbox 1766 2276 1861 2329; x_wconf 54' lang='grc' dir='ltr'><strong>καί¹</strong></span> <span class='ocrx_word' id='word_1_291' title='bbox 1904 2275 2008 2338; x_wconf 72' lang='grc' dir='ltr'>ἕως</span> 
     </span>
    </p>
   </div>
   <div class='ocr_carea' id='block_1_40' title="bbox 432 2368 2005 2444">
    <p class='ocr_par' dir='ltr' id='par_1_40' title="bbox 432 2368 2005 2444">
     <span class='ocr_line' id='line_1_40' title="bbox 432 2368 2005 2444; baseline -0.001 -20"><span class='ocrx_word' id='word_1_292' title='bbox 432 2371 618 2435; x_wconf 77' lang='grc' dir='ltr'>τέλους</span> <span class='ocrx_word' id='word_1_293' title='bbox 648 2370 888 2442; x_wconf 86' lang='grc' dir='ltr'>πολέμου</span> <span class='ocrx_word' id='word_1_294' title='bbox 922 2373 1360 2444; x_wconf 86' lang='grc' dir='ltr'>συντετμημένου</span> <span class='ocrx_word' id='word_1_295' title='bbox 1385 2372 1711 2440; x_wconf 78' lang='grc' dir='ltr'>ἀφανισμοῖς</span> <span class='ocrx_word' id='word_1_296' title='bbox 1742 2368 2005 2438; x_wconf 77' lang='grc' dir='ltr'>ἔφθασαν,</span> 
     </span>
    </p>
   </div>
   <div class='ocr_carea' id='block_1_41' title="bbox 432 2463 2006 2536">
    <p class='ocr_par' dir='ltr' id='par_1_41' title="bbox 432 2463 2006 2536">
     <span class='ocr_line' id='line_1_41' title="bbox 432 2463 2006 2536; baseline -0.002 -21"><span class='ocrx_word' id='word_1_297' title='bbox 432 2463 574 2518; x_wconf 78' lang='grc' dir='ltr'>ὥστε</span> <span class='ocrx_word' id='word_1_298' title='bbox 600 2463 723 2534; x_wconf 75' lang='grc' dir='ltr'>ήδη,</span> <span class='ocrx_word' id='word_1_299' title='bbox 751 2463 891 2517; x_wconf 84' lang='grc' dir='ltr'><strong>κατά</strong></span> <span class='ocrx_word' id='word_1_300' title='bbox 915 2464 1013 2535; x_wconf 76' lang='grc' dir='ltr'>τὴν</span> <span class='ocrx_word' id='word_1_301' title='bbox 1056 2464 1412 2536; x_wconf 70' lang='grc' dir='ltr'>προφητείαν,</span> <span class='ocrx_word' id='word_1_302' title='bbox 1451 2463 1687 2533; x_wconf 81' lang='grc' dir='ltr'>παντελῆ</span> <span class='ocrx_word' id='word_1_303' title='bbox 1718 2463 2006 2533; x_wconf 78' lang='grc' dir='ltr'>ὑπομεῖναι</span> 
     </span>
    </p>
   </div>
   <div class='ocr_carea' id='block_1_42' title="bbox 433 2552 2008 2628">
    <p class='ocr_par' dir='ltr' id='par_1_42' title="bbox 433 2552 2008 2628">
     <span class='ocr_line' id='line_1_42' title="bbox 433 2552 2008 2628; baseline -0.002 -20"><span class='ocrx_word' id='word_1_304' title='bbox 433 2557 667 2628; x_wconf 83' lang='grc' dir='ltr'>ἐρημίαν</span> <span class='ocrx_word' id='word_1_305' title='bbox 706 2556 846 2610; x_wconf 81' lang='grc' dir='ltr'>κατᾶ</span> <span class='ocrx_word' id='word_1_306' title='bbox 884 2556 983 2628; x_wconf 80' lang='grc' dir='ltr'>τὴν</span> <span class='ocrx_word' id='word_1_307' title='bbox 1022 2557 1162 2611; x_wconf 88' lang='grc' dir='ltr'><strong>κατὰ</strong></span> <span class='ocrx_word' id='word_1_308' title='bbox 1192 2556 1286 2609; x_wconf 89' lang='grc' dir='ltr'><strong>τοῦ</strong></span> <span class='ocrx_word' id='word_1_309' title='bbox 1328 2556 1577 2626; x_wconf 77' lang='grc' dir='ltr'>Σωτῆρος</span> <span class='ocrx_word' id='word_1_310' title='bbox 1602 2553 1759 2626; x_wconf 78' lang='grc' dir='ltr'>ἡμῶν</span> <span class='ocrx_word' id='word_1_311' title='bbox 1792 2552 2008 2606; x_wconf 75' lang='grc' dir='ltr'>επιϐου-</span> 
     </span>
    </p>
   </div>
   <div class='ocr_carea' id='block_1_43' title="bbox 433 2645 2005 2718">
    <p class='ocr_par' dir='ltr' id='par_1_43' title="bbox 433 2645 2005 2718">
     <span class='ocr_line' id='line_1_43' title="bbox 433 2645 2005 2718; baseline -0.001 -20"><span class='ocrx_word' id='word_1_312' title='bbox 433 2646 530 2717; x_wconf 86' lang='grc' dir='ltr'>λὴν</span> <span class='ocrx_word' id='word_1_313' title='bbox 554 2646 754 2710; x_wconf 85' lang='grc' dir='ltr'>αὐτῶν,</span> <span class='ocrx_word' id='word_1_314' title='bbox 784 2647 903 2718; x_wconf 86' lang='grc' dir='ltr'>μεθ’</span> <span class='ocrx_word' id='word_1_315' title='bbox 938 2647 1005 2718; x_wconf 78' lang='grc' dir='ltr'>ἧν</span> <span class='ocrx_word' id='word_1_316' title='bbox 1039 2648 1133 2701; x_wconf 74' lang='grc' dir='ltr'><strong>καὶ</strong></span> <span class='ocrx_word' id='word_1_317' title='bbox 1166 2647 1267 2718; x_wconf 80' lang='grc' dir='ltr'>τὴν</span> <span class='ocrx_word' id='word_1_318' title='bbox 1304 2646 1537 2716; x_wconf 78' lang='grc' dir='ltr'>ἐσχάτην</span> <span class='ocrx_word' id='word_1_319' title='bbox 1574 2645 1871 2716; x_wconf 84' lang='grc' dir='ltr'>ὑπέμειναν</span> <span class='ocrx_word' id='word_1_320' title='bbox 1909 2661 2005 2696; x_wconf 89' lang='grc' dir='ltr'>πο-</span> 
     </span>
    </p>
   </div>
   <div class='ocr_carea' id='block_1_44' title="bbox 430 2734 2006 2809">
    <p class='ocr_par' dir='ltr' id='par_1_44' title="bbox 430 2734 2006 2809">
     <span class='ocr_line' id='line_1_44' title="bbox 430 2734 2006 2809; baseline -0.002 -19"><span class='ocrx_word' id='word_1_321' title='bbox 430 2736 693 2809; x_wconf 89' lang='grc' dir='ltr'>λιορκίαν.</span> <span class='ocrx_word' id='word_1_322' title='bbox 736 2740 921 2808; x_wconf 83' lang='grc' dir='ltr'>Ἔχεις</span> <span class='ocrx_word' id='word_1_323' title='bbox 951 2739 1046 2792; x_wconf 74' lang='grc' dir='ltr'><strong>καὶ</strong></span> <span class='ocrx_word' id='word_1_324' title='bbox 1074 2739 1248 2792; x_wconf 86' lang='grc' dir='ltr'>ταῦτα</span> <span class='ocrx_word' id='word_1_325' title='bbox 1275 2737 1519 2809; x_wconf 86' lang='grc' dir='ltr'>ἀκριϐῶς</span> <span class='ocrx_word' id='word_1_326' title='bbox 1548 2739 1604 2789; x_wconf 79' lang='grc' dir='ltr'>ἐν</span> <span class='ocrx_word' id='word_1_327' title='bbox 1631 2739 1750 2800; x_wconf 84' lang='grc' dir='ltr'>ταῖς</span> <span class='ocrx_word' id='word_1_328' title='bbox 1776 2734 2006 2806; x_wconf 86' lang='grc' dir='ltr'>γραφεί-</span> 
     </span>
    </p>
   </div>
   <div class='ocr_carea' id='block_1_45' title="bbox 431 2826 2005 2901">
    <p class='ocr_par' dir='ltr' id='par_1_45' title="bbox 431 2826 2005 2901">
     <span class='ocr_line' id='line_1_45' title="bbox 431 2826 2005 2901; baseline -0.003 -18"><span class='ocrx_word' id='word_1_329' title='bbox 431 2846 553 2893; x_wconf 87' lang='grc' dir='ltr'>σαις</span> <span class='ocrx_word' id='word_1_330' title='bbox 594 2829 744 2901; x_wconf 85' lang='grc' dir='ltr'>αὐτῷ</span> <span class='ocrx_word' id='word_1_331' title='bbox 783 2831 1030 2901; x_wconf 82' lang='grc' dir='ltr'>Ἰωσήπῳ</span> <span class='ocrx_word' id='word_1_332' title='bbox 1074 2830 1349 2901; x_wconf 80' lang='grc' dir='ltr'>ἱστορίαις.</span> <span class='ocrx_word' id='word_1_333' title='bbox 1383 2828 1599 2882; x_wconf 81' lang='grc' dir='ltr'>Τούτων</span> <span class='ocrx_word' id='word_1_334' title='bbox 1629 2828 1686 2881; x_wconf 90' lang='grc' dir='ltr'><strong>δὲ</strong></span> <span class='ocrx_word' id='word_1_335' title='bbox 1730 2828 1858 2900; x_wconf 75' lang='grc' dir='ltr'>περὶ</span> <span class='ocrx_word' id='word_1_336' title='bbox 1898 2826 2005 2880; x_wconf 89' lang='grc' dir='ltr'><strong>τῶν</strong></span> 
     </span>
    </p>
   </div>
   <div class='ocr_carea' id='block_1_46' title="bbox 431 2918 2002 2992">
    <p class='ocr_par' dir='ltr' id='par_1_46' title="bbox 431 2918 2002 2992">
     <span class='ocr_line' id='line_1_46' title="bbox 431 2918 2002 2992; baseline -0.001 -19"><span class='ocrx_word' id='word_1_337' title='bbox 431 2920 858 2992; x_wconf 83' lang='grc' dir='ltr'>συμϐεϐηκότων</span> <span class='ocrx_word' id='word_1_338' title='bbox 909 2921 988 2992; x_wconf 77' lang='grc' dir='ltr'><strong>τῷ</strong></span> <span class='ocrx_word' id='word_1_339' title='bbox 1049 2921 1320 2974; x_wconf 84' lang='grc' dir='ltr'>Ἰουδαίων</span> <span class='ocrx_word' id='word_1_340' title='bbox 1369 2920 1511 2973; x_wconf 79' lang='grc' dir='ltr'>ἔθνει</span> <span class='ocrx_word' id='word_1_341' title='bbox 1557 2923 1615 2973; x_wconf 82' lang='grc' dir='ltr'><strong>ἑν</strong></span> <span class='ocrx_word' id='word_1_342' title='bbox 1667 2919 1744 2991; x_wconf 79' lang='grc' dir='ltr'>τῷ</span> <span class='ocrx_word' id='word_1_343' title='bbox 1799 2918 2002 2990; x_wconf 76' lang='grc' dir='ltr'>μεταξὺ</span> 
     </span>
    </p>
   </div>
   <div class='ocr_carea' id='block_1_47' title="bbox 426 3011 2004 3085">
    <p class='ocr_par' dir='ltr' id='par_1_47' title="bbox 426 3011 2004 3085">
     <span class='ocr_line' id='line_1_47' title="bbox 426 3011 2004 3085; baseline -0.004 -16"><span class='ocrx_word' id='word_1_344' title='bbox 426 3013 605 3085; x_wconf 86' lang='grc' dir='ltr'>χρόνῳ</span> <span class='ocrx_word' id='word_1_345' title='bbox 636 3013 744 3067; x_wconf 87' lang='grc' dir='ltr'><strong>τῶν</strong></span> <span class='ocrx_word' id='word_1_346' title='bbox 774 3012 913 3066; x_wconf 87' lang='grc' dir='ltr'><strong>έπτά</strong></span> <span class='ocrx_word' id='word_1_347' title='bbox 952 3013 1047 3066; x_wconf 70' lang='grc' dir='ltr'><strong>καὶ</strong></span> <span class='ocrx_word' id='word_1_348' title='bbox 1089 3011 1354 3084; x_wconf 79' lang='grc' dir='ltr'>ἐξήκοντα</span> <span class='ocrx_word' id='word_1_349' title='bbox 1393 3011 1486 3065; x_wconf 86' lang='grc' dir='ltr'><strong>δύο</strong></span> <span class='ocrx_word' id='word_1_350' title='bbox 1521 3011 1828 3082; x_wconf 82' lang='grc' dir='ltr'>ἑϐδομάδων</span> <span class='ocrx_word' id='word_1_351' title='bbox 1872 3028 2004 3081; x_wconf 92' lang='grc' dir='ltr'>προ-</span> 
     </span>
    </p>
   </div>
   <div class='ocr_carea' id='block_1_48' title="bbox 426 3104 2000 3181">
    <p class='ocr_par' dir='ltr' id='par_1_48' title="bbox 426 3104 2000 3181">
     <span class='ocr_line' id='line_1_48' title="bbox 426 3104 2000 3181; baseline -0.004 -18"><span class='ocrx_word' id='word_1_352' title='bbox 426 3109 880 3181; x_wconf 81' lang='grc' dir='ltr'>πεφητευμένων,</span> <span class='ocrx_word' id='word_1_353' title='bbox 921 3107 1231 3171; x_wconf 84' lang='grc' dir='ltr'>ἀκολούθως</span> <span class='ocrx_word' id='word_1_354' title='bbox 1273 3110 1305 3177; x_wconf 83' lang='grc' dir='ltr'><strong>ἡ</strong></span> <span class='ocrx_word' id='word_1_355' title='bbox 1359 3106 1589 3178; x_wconf 80' lang='grc' dir='ltr'>δήλωσις</span> <span class='ocrx_word' id='word_1_356' title='bbox 1628 3105 1728 3176; x_wconf 74' lang='grc' dir='ltr'>τῆς</span> <span class='ocrx_word' id='word_1_357' title='bbox 1774 3105 1878 3159; x_wconf 82' lang='grc' dir='ltr'>ὑπὸ</span> <span class='ocrx_word' id='word_1_358' title='bbox 1906 3104 2000 3158; x_wconf 90' lang='grc' dir='ltr'><strong>τοῦ</strong></span> 
     </span>
    </p>
   </div>
   <div class='ocr_carea' id='block_1_49' title="bbox 426 3194 2000 3271">
    <p class='ocr_par' dir='ltr' id='par_1_49' title="bbox 426 3194 2000 3271">
     <span class='ocr_line' id='line_1_49' title="bbox 426 3194 2000 3271; baseline -0.004 -18"><span class='ocrx_word' id='word_1_359' title='bbox 426 3200 680 3271; x_wconf 84' lang='grc' dir='ltr'>Σωτῆρος</span> <span class='ocrx_word' id='word_1_360' title='bbox 703 3199 857 3270; x_wconf 83' lang='grc' dir='ltr'>ἡμῶν</span> <span class='ocrx_word' id='word_1_361' title='bbox 880 3197 1343 3269; x_wconf 82' lang='grc' dir='ltr'>καταγγελθείσης</span> <span class='ocrx_word' id='word_1_362' title='bbox 1379 3195 1573 3266; x_wconf 79' lang='grc' dir='ltr'>καινῆς</span> <span class='ocrx_word' id='word_1_363' title='bbox 1601 3194 1876 3267; x_wconf 84' lang='grc' dir='ltr'>Διαθήκης</span> <span class='ocrx_word' id='word_1_364' title='bbox 1910 3194 2000 3248; x_wconf 87' lang='grc' dir='ltr'>θε-</span> 
     </span>
    </p>
   </div>
   <div class='ocr_carea' id='block_1_50' title="bbox 428 3286 2002 3359">
    <p class='ocr_par' dir='ltr' id='par_1_50' title="bbox 428 3286 2002 3359">
     <span class='ocr_line' id='line_1_50' title="bbox 428 3286 2002 3359; baseline -0.002 -16"><span class='ocrx_word' id='word_1_365' title='bbox 428 3291 699 3354; x_wconf 69' lang='grc' dir='ltr'>σπίζεται.</span> <span class='ocrx_word' id='word_1_366' title='bbox 731 3290 1013 3345; x_wconf 90' lang='grc' dir='ltr'>Τοσούτων</span> <span class='ocrx_word' id='word_1_367' title='bbox 1046 3290 1176 3359; x_wconf 87' lang='grc' dir='ltr'>γοῦν</span> <span class='ocrx_word' id='word_1_368' title='bbox 1201 3288 1288 3343; x_wconf 78' lang='grc' dir='ltr'>διὰ</span> <span class='ocrx_word' id='word_1_369' title='bbox 1319 3289 1482 3359; x_wconf 81' lang='grc' dir='ltr'>μέσου</span> <span class='ocrx_word' id='word_1_370' title='bbox 1512 3289 1606 3341; x_wconf 79' lang='grc' dir='ltr'><strong>καὶ</strong></span> <span class='ocrx_word' id='word_1_371' title='bbox 1651 3286 1853 3358; x_wconf 76' lang='grc' dir='ltr'>μεταξὺ</span> <span class='ocrx_word' id='word_1_372' title='bbox 1892 3286 2002 3340; x_wconf 87' lang='grc' dir='ltr'><strong>τῶν</strong></span> 
     </span>
    </p>
   </div>
   <div class='ocr_carea' id='block_1_51' title="bbox 426 3379 2005 3455">
    <p class='ocr_par' dir='ltr' id='par_1_51' title="bbox 426 3379 2005 3455">
     <span class='ocr_line' id='line_1_51' title="bbox 426 3379 2005 3455; baseline -0.003 -18"><span class='ocrx_word' id='word_1_373' title='bbox 426 3384 568 3437; x_wconf 82' lang='grc' dir='ltr'>ἑπτὰ</span> <span class='ocrx_word' id='word_1_374' title='bbox 596 3385 690 3438; x_wconf 75' lang='grc' dir='ltr'><strong>καὶ</strong></span> <span class='ocrx_word' id='word_1_375' title='bbox 716 3384 975 3455; x_wconf 77' lang='grc' dir='ltr'>ἑξήκοντα</span> <span class='ocrx_word' id='word_1_376' title='bbox 999 3383 1092 3437; x_wconf 86' lang='grc' dir='ltr'><strong>δύο</strong></span> <span class='ocrx_word' id='word_1_377' title='bbox 1124 3382 1433 3452; x_wconf 77' lang='grc' dir='ltr'>ἑϐδομάδων</span> <span class='ocrx_word' id='word_1_378' title='bbox 1469 3381 1793 3453; x_wconf 71' lang='grc' dir='ltr'>εἰρημένων,</span> <span class='ocrx_word' id='word_1_379' title='bbox 1819 3379 2005 3433; x_wconf 80' lang='grc' dir='ltr'>ἐπιλέ-</span> 
     </span>
    </p>
   </div>
   <div class='ocr_carea' id='block_1_52' title="bbox 426 3469 2002 3545">
    <p class='ocr_par' dir='ltr' id='par_1_52' title="bbox 426 3469 2002 3545">
     <span class='ocr_line' id='line_1_52' title="bbox 426 3469 2002 3545; baseline -0.004 -16"><span class='ocrx_word' id='word_1_380' title='bbox 426 3493 608 3543; x_wconf 89' lang='grc' dir='ltr'>γεται·</span> <span class='ocrx_word' id='word_1_381' title='bbox 646 3495 664 3528; x_wconf 74' lang='grc' dir='ltr'><strong>ι</strong></span> <span class='ocrx_word' id='word_1_382' title='bbox 697 3476 808 3528; x_wconf 84' lang='lat' dir='ltr'><strong>Kal.</strong></span> <span class='ocrx_word' id='word_1_383' title='bbox 852 3473 1160 3545; x_wconf 85' lang='grc' dir='ltr'>δυναμώσει</span> <span class='ocrx_word' id='word_1_384' title='bbox 1200 3474 1475 3544; x_wconf 83' lang='grc' dir='ltr'>Διαθήκην</span> <span class='ocrx_word' id='word_1_385' title='bbox 1511 3473 1727 3536; x_wconf 85' lang='grc' dir='ltr'>πολλοῖς</span> <span class='ocrx_word' id='word_1_386' title='bbox 1769 3469 2002 3542; x_wconf 78' lang='grc' dir='ltr'>ἑϐδομὰς</span> 
     </span>
    </p>
   </div>
   <div class='ocr_carea' id='block_1_53' title="bbox 430 3564 2001 3638">
    <p class='ocr_par' dir='ltr' id='par_1_53' title="bbox 430 3564 2001 3638">
     <span class='ocr_line' id='line_1_53' title="bbox 430 3564 2001 3638; baseline -0.003 -18"><span class='ocrx_word' id='word_1_387' title='bbox 430 3566 549 3638; x_wconf 88' lang='grc' dir='ltr'>μία,</span> <span class='ocrx_word' id='word_1_388' title='bbox 573 3567 667 3619; x_wconf 72' lang='grc' dir='ltr'>καὶ</span> <span class='ocrx_word' id='word_1_389' title='bbox 697 3570 754 3620; x_wconf 80' lang='grc' dir='ltr'>ὲν</span> <span class='ocrx_word' id='word_1_390' title='bbox 775 3566 852 3637; x_wconf 80' lang='grc' dir='ltr'>τῷ</span> <span class='ocrx_word' id='word_1_391' title='bbox 874 3567 1060 3637; x_wconf 80' lang='grc' dir='ltr'>ἡμίσει</span> <span class='ocrx_word' id='word_1_392' title='bbox 1083 3568 1182 3637; x_wconf 84' lang='grc' dir='ltr'><strong>τῆς</strong></span> <span class='ocrx_word' id='word_1_393' title='bbox 1204 3565 1494 3636; x_wconf 87' lang='grc' dir='ltr'>ἑϐδομάδος</span> <span class='ocrx_word' id='word_1_394' title='bbox 1522 3564 1820 3636; x_wconf 76' lang='grc' dir='ltr'>ἀρθήσεται</span> <span class='ocrx_word' id='word_1_395' title='bbox 1842 3564 2001 3617; x_wconf 89' lang='grc' dir='ltr'>θυσία</span> 
     </span>
    </p>
   </div>
   <div class='ocr_carea' id='block_1_54' title="bbox 426 3654 2000 3729">
    <p class='ocr_par' dir='ltr' id='par_1_54' title="bbox 426 3654 2000 3729">
     <span class='ocr_line' id='line_1_54' title="bbox 426 3654 2000 3729; baseline -0.003 -17"><span class='ocrx_word' id='word_1_396' title='bbox 426 3659 521 3713; x_wconf 79' lang='grc' dir='ltr'><strong>καὶ</strong></span> <span class='ocrx_word' id='word_1_397' title='bbox 552 3657 772 3725; x_wconf 78' lang='grc' dir='ltr'>σπονδὴ,</span> <span class='ocrx_word' id='word_1_398' title='bbox 807 3658 902 3712; x_wconf 86' lang='grc' dir='ltr'><strong>καί</strong></span> <span class='ocrx_word' id='word_1_399' title='bbox 935 3657 1028 3712; x_wconf 77' lang='grc' dir='ltr'><strong>ἑπὶ</strong></span> <span class='ocrx_word' id='word_1_400' title='bbox 1070 3658 1131 3711; x_wconf 80' lang='grc' dir='ltr'>τὸ</span> <span class='ocrx_word' id='word_1_401' title='bbox 1168 3658 1310 3729; x_wconf 82' lang='grc' dir='ltr'>ἱερὸν</span> <span class='ocrx_word' id='word_1_402' title='bbox 1341 3656 1613 3727; x_wconf 82' lang='grc' dir='ltr'>βδέλυγμα</span> <span class='ocrx_word' id='word_1_403' title='bbox 1644 3655 1754 3708; x_wconf 87' lang='grc' dir='ltr'><strong>τῶν</strong></span> <span class='ocrx_word' id='word_1_404' title='bbox 1780 3654 2000 3728; x_wconf 83' lang='grc' dir='ltr'>ἑρημώ-</span> 
     </span>
    </p>
   </div>
   <div class='ocr_carea' id='block_1_55' title="bbox 427 3746 2002 3819">
    <p class='ocr_par' dir='ltr' id='par_1_55' title="bbox 427 3746 2002 3819">
     <span class='ocr_line' id='line_1_55' title="bbox 427 3746 2002 3819; baseline -0.003 -15"><span class='ocrx_word' id='word_1_405' title='bbox 427 3768 565 3804; x_wconf 86' lang='grc' dir='ltr'>σεων</span> <span class='ocrx_word' id='word_1_406' title='bbox 592 3750 762 3814; x_wconf 72' lang='grc' dir='ltr'>ἔσται,</span> <span class='ocrx_word' id='word_1_407' title='bbox 780 3751 892 3804; x_wconf 77' lang='grc' dir='ltr'>’καὶ</span> <span class='ocrx_word' id='word_1_408' title='bbox 925 3750 1031 3813; x_wconf 70' lang='grc' dir='ltr'><strong>ἕως</strong></span> <span class='ocrx_word' id='word_1_409' title='bbox 1061 3749 1369 3813; x_wconf 84' lang='grc' dir='ltr'>συντελείας</span> <span class='ocrx_word' id='word_1_410' title='bbox 1399 3746 1592 3819; x_wconf 80' lang='grc' dir='ltr'>καιροῦ</span> <span class='ocrx_word' id='word_1_411' title='bbox 1629 3746 1904 3801; x_wconf 85' lang='grc' dir='ltr'>συντέλεια</span> <span class='ocrx_word' id='word_1_412' title='bbox 1924 3748 2002 3800; x_wconf 88' lang='grc' dir='ltr'>δο-</span> 
     </span>
    </p>
   </div>
   <div class='ocr_carea' id='block_1_56' title="bbox 426 3840 2001 3913">
    <p class='ocr_par' dir='ltr' id='par_1_56' title="bbox 426 3840 2001 3913">
     <span class='ocr_line' id='line_1_56' title="bbox 426 3840 2001 3913; baseline 0 -18"><span class='ocrx_word' id='word_1_413' title='bbox 426 3843 651 3913; x_wconf 81' lang='grc' dir='ltr'>θήσεται</span> <span class='ocrx_word' id='word_1_414' title='bbox 695 3843 790 3896; x_wconf 70' lang='grc' dir='ltr'>ἐπὶ</span> <span class='ocrx_word' id='word_1_415' title='bbox 833 3842 932 3912; x_wconf 84' lang='grc' dir='ltr'>τὴν</span> <span class='ocrx_word' id='word_1_416' title='bbox 981 3843 1278 3913; x_wconf 75' lang='grc' dir='ltr'>ἐρήμωσιν.</span> <span class='ocrx_word' id='word_1_417' title='bbox 1323 3861 1341 3894; x_wconf 75' lang='grc' dir='ltr'><strong>ι</strong></span> <span class='ocrx_word' id='word_1_418' title='bbox 1390 3841 1521 3894; x_wconf 84' lang='grc' dir='ltr'>Τίνα</span> <span class='ocrx_word' id='word_1_419' title='bbox 1561 3841 1617 3894; x_wconf 79' lang='grc' dir='ltr'>δὲ</span> <span class='ocrx_word' id='word_1_420' title='bbox 1658 3840 1861 3912; x_wconf 82' lang='grc' dir='ltr'>τρόπον</span> <span class='ocrx_word' id='word_1_421' title='bbox 1907 3841 2001 3895; x_wconf 78' lang='grc' dir='ltr'>καὶ</span> 
     </span>
    </p>
   </div>
   <div class='ocr_carea' id='block_1_57' title="bbox 422 3932 2001 4005">
    <p class='ocr_par' dir='ltr' id='par_1_57' title="bbox 422 3932 2001 4005">
     <span class='ocr_line' id='line_1_57' title="bbox 422 3932 2001 4005; baseline 0 -20"><span class='ocrx_word' id='word_1_422' title='bbox 422 3933 593 3986; x_wconf 78' lang='grc' dir='ltr'>ταῦτα</span> <span class='ocrx_word' id='word_1_423' title='bbox 644 3933 950 4005; x_wconf 80' lang='grc' dir='ltr'>ἐπληροῦτο</span> <span class='ocrx_word' id='word_1_424' title='bbox 999 3934 1441 4002; x_wconf 87' lang='grc' dir='ltr'>κατανοήσωμεν.</span> <span class='ocrx_word' id='word_1_425' title='bbox 1503 3932 1814 4003; x_wconf 73' lang='grc' dir='ltr'>Ἱστορεῖ-ται</span> <span class='ocrx_word' id='word_1_426' title='bbox 1866 3932 1922 3984; x_wconf 85' lang='grc' dir='ltr'><strong>δὲ</strong></span> <span class='ocrx_word' id='word_1_427' title='bbox 1972 3933 2001 3985; x_wconf 93' lang='lat'><strong>6</strong></span> 
     </span>
    </p>
   </div>
   <div class='ocr_carea' id='block_1_58' title="bbox 422 4023 2004 4096">
    <p class='ocr_par' dir='ltr' id='par_1_58' title="bbox 422 4023 2004 4096">
     <span class='ocr_line' id='line_1_58' title="bbox 422 4023 2004 4096; baseline 0.001 -20"><span class='ocrx_word' id='word_1_428' title='bbox 422 4025 530 4088; x_wconf 80' lang='grc' dir='ltr'>πᾶς</span> <span class='ocrx_word' id='word_1_429' title='bbox 555 4026 655 4096; x_wconf 81' lang='grc' dir='ltr'><strong>τῆς</strong></span> <span class='ocrx_word' id='word_1_430' title='bbox 678 4024 1024 4089; x_wconf 76' lang='grc' dir='ltr'>διδασκαλίας</span> <span class='ocrx_word' id='word_1_431' title='bbox 1047 4026 1139 4078; x_wconf 74' lang='grc' dir='ltr'>καὶ</span> <span class='ocrx_word' id='word_1_432' title='bbox 1154 4023 1606 4095; x_wconf 79' lang='grc' dir='ltr'>παραδοξοποιίας</span> <span class='ocrx_word' id='word_1_433' title='bbox 1622 4023 1757 4094; x_wconf 82' lang='grc' dir='ltr'>ὁμοῦ</span> <span class='ocrx_word' id='word_1_434' title='bbox 1786 4023 1877 4077; x_wconf 91' lang='grc' dir='ltr'><strong>τοῦ</strong></span> <span class='ocrx_word' id='word_1_435' title='bbox 1894 4024 2004 4077; x_wconf 89' lang='grc' dir='ltr'>Σω-</span> 
     </span>
    </p>
   </div>
   <div class='ocr_carea' id='block_1_59' title="bbox 388 4114 1999 4188">
    <p class='ocr_par' dir='ltr' id='par_1_59' title="bbox 388 4114 1999 4188">
     <span class='ocr_line' id='line_1_59' title="bbox 388 4114 1999 4188; baseline -0.001 -20"><span class='ocrx_word' id='word_1_436' title='bbox 388 4180 395 4183; x_wconf 98' lang='lat'>_</span> <span class='ocrx_word' id='word_1_437' title='bbox 421 4114 590 4186; x_wconf 81' lang='grc' dir='ltr'>τῆρος</span> <span class='ocrx_word' id='word_1_438' title='bbox 616 4117 772 4187; x_wconf 82' lang='grc' dir='ltr'>ήμῶν</span> <span class='ocrx_word' id='word_1_439' title='bbox 800 4116 989 4188; x_wconf 86' lang='grc' dir='ltr'>χρόνος</span> <span class='ocrx_word' id='word_1_440' title='bbox 1030 4116 1197 4188; x_wconf 87' lang='grc' dir='ltr'>τριῶν</span> <span class='ocrx_word' id='word_1_441' title='bbox 1222 4116 1392 4185; x_wconf 82' lang='grc' dir='ltr'>ἥμισυ</span> <span class='ocrx_word' id='word_1_442' title='bbox 1418 4114 1657 4183; x_wconf 84' lang='grc' dir='ltr'>γεγονὼς</span> <span class='ocrx_word' id='word_1_443' title='bbox 1682 4114 1838 4180; x_wconf 79' lang='grc' dir='ltr'>ἑτῶν,</span> <span class='ocrx_word' id='word_1_444' title='bbox 1862 4116 1999 4186; x_wconf 84' lang='grc' dir='ltr'>ὅπερ</span> 
     </span>
    </p>
   </div>
   <div class='ocr_carea' id='block_1_60' title="bbox 420 4207 2000 4280">
    <p class='ocr_par' dir='ltr' id='par_1_60' title="bbox 420 4207 2000 4280">
     <span class='ocr_line' id='line_1_60' title="bbox 420 4207 2000 4280; baseline -0.001 -18"><span class='ocrx_word' id='word_1_445' title='bbox 420 4209 570 4262; x_wconf 78' lang='grc' dir='ltr'>ἐστὶν</span> <span class='ocrx_word' id='word_1_446' title='bbox 644 4210 936 4280; x_wconf 86' lang='grc' dir='ltr'>ἑϐδομάδος</span> <span class='ocrx_word' id='word_1_447' title='bbox 991 4209 1183 4279; x_wconf 72' lang='grc' dir='ltr'>ἥμισυ.</span> <span class='ocrx_word' id='word_1_448' title='bbox 1245 4207 1415 4260; x_wconf 82' lang='grc' dir='ltr'>Τοῦτό</span> <span class='ocrx_word' id='word_1_449' title='bbox 1473 4226 1592 4271; x_wconf 88' lang='grc' dir='ltr'><strong>πως</strong></span> <span class='ocrx_word' id='word_1_450' title='bbox 1654 4207 1906 4277; x_wconf 79' lang='grc' dir='ltr'>Ἰωάννης</span> <span class='ocrx_word' id='word_1_451' title='bbox 1972 4209 2000 4261; x_wconf 90' lang='lat'><strong>6</strong></span> 
     </span>
    </p>
   </div>
   <div class='ocr_carea' id='block_1_61' title="bbox 419 4300 1997 4373">
    <p class='ocr_par' dir='ltr' id='par_1_61' title="bbox 419 4300 1997 4373">
     <span class='ocr_line' id='line_1_61' title="bbox 419 4300 1997 4373; baseline -0.001 -19"><span class='ocrx_word' id='word_1_452' title='bbox 419 4301 809 4373; x_wconf 81' lang='grc' dir='ltr'>εύαγγελιστὴς</span> <span class='ocrx_word' id='word_1_453' title='bbox 851 4300 1096 4371; x_wconf 82' lang='grc' dir='ltr'>ἀκριϐῶς</span> <span class='ocrx_word' id='word_1_454' title='bbox 1139 4301 1424 4369; x_wconf 76' lang='grc' dir='ltr'>ἐφιστᾶσιν</span> <span class='ocrx_word' id='word_1_455' title='bbox 1446 4300 1610 4353; x_wconf 81' lang='grc' dir='ltr'>αὐτοῦ</span> <span class='ocrx_word' id='word_1_456' title='bbox 1637 4300 1715 4371; x_wconf 82' lang='grc' dir='ltr'>τῷ</span> <span class='ocrx_word' id='word_1_457' title='bbox 1752 4301 1997 4369; x_wconf 76' lang='grc' dir='ltr'>Εὐαγγέ-</span> 
     </span>
    </p>
   </div>
   <div class='ocr_carea' id='block_1_62' title="bbox 419 4389 1998 4466">
    <p class='ocr_par' dir='ltr' id='par_1_62' title="bbox 419 4389 1998 4466">
     <span class='ocr_line' id='line_1_62' title="bbox 419 4389 1998 4466; baseline 0 -20"><span class='ocrx_word' id='word_1_458' title='bbox 419 4392 519 4464; x_wconf 86' lang='grc' dir='ltr'>λίῳ</span> <span class='ocrx_word' id='word_1_459' title='bbox 545 4395 902 4466; x_wconf 85' lang='grc' dir='ltr'>παραστήσει.</span> <span class='ocrx_word' id='word_1_460' title='bbox 932 4392 1033 4462; x_wconf 79' lang='grc' dir='ltr'><strong>Εἴη</strong></span> <span class='ocrx_word' id='word_1_461' title='bbox 1061 4392 1127 4447; x_wconf 85' lang='grc' dir='ltr'><strong>ἂν</strong></span> <span class='ocrx_word' id='word_1_462' title='bbox 1155 4389 1248 4447; x_wconf 82' lang='grc' dir='ltr'><strong>οῦν</strong></span> <span class='ocrx_word' id='word_1_463' title='bbox 1273 4392 1505 4463; x_wconf 74' lang='grc' dir='ltr'>ἑϐδομὰς</span> <span class='ocrx_word' id='word_1_464' title='bbox 1536 4393 1672 4446; x_wconf 79' lang='grc' dir='ltr'>ἐτῶν</span> <span class='ocrx_word' id='word_1_465' title='bbox 1702 4392 1805 4464; x_wconf 86' lang='grc' dir='ltr'>,μία</span> <span class='ocrx_word' id='word_1_466' title='bbox 1834 4395 1862 4445; x_wconf 89' lang='grc' dir='ltr'><strong>ὁ</strong></span> <span class='ocrx_word' id='word_1_467' title='bbox 1890 4394 1998 4456; x_wconf 78' lang='grc' dir='ltr'>πᾶς</span> 
     </span>
    </p>
   </div>
   <div class='ocr_carea' id='block_1_63' title="bbox 420 4484 1992 4558">
    <p class='ocr_par' dir='ltr' id='par_1_63' title="bbox 420 4484 1992 4558">
     <span class='ocr_line' id='line_1_63' title="bbox 420 4484 1992 4558; baseline 0.003 -23"><span class='ocrx_word' id='word_1_468' title='bbox 420 4485 608 4556; x_wconf 84' lang='grc' dir='ltr'>χρόνος</span> <span class='ocrx_word' id='word_1_469' title='bbox 629 4486 727 4556; x_wconf 82' lang='grc' dir='ltr'>τῆς</span> <span class='ocrx_word' id='word_1_470' title='bbox 756 4486 895 4557; x_wconf 87' lang='grc' dir='ltr'><strong>μετά</strong></span> <span class='ocrx_word' id='word_1_471' title='bbox 929 4486 1036 4540; x_wconf 89' lang='grc' dir='ltr'><strong>τῶν</strong></span> <span class='ocrx_word' id='word_1_472' title='bbox 1061 4484 1373 4539; x_wconf 83' lang='grc' dir='ltr'>ἀποστόλων</span> <span class='ocrx_word' id='word_1_473' title='bbox 1397 4485 1561 4538; x_wconf 84' lang='grc' dir='ltr'>αὐτοῦ</span> <span class='ocrx_word' id='word_1_474' title='bbox 1594 4486 1992 4558; x_wconf 81' lang='grc' dir='ltr'>συνδιατριϐῆς,</span> 
     </span>
    </p>
   </div>
   <div class='ocr_carea' id='block_1_64' title="bbox 2109 2008 3681 2081">
    <p class='ocr_par' dir='ltr' id='par_1_64' title="bbox 2109 2008 3681 2081">
     <span class='ocr_line' id='line_1_64' title="bbox 2109 2008 3681 2081; baseline -0.002 -15"><span class='ocrx_word' id='word_1_475' title='bbox 2109 2019 2165 2067; x_wconf 90' lang='lat' dir='ltr'><strong>et</strong></span> <span class='ocrx_word' id='word_1_476' title='bbox 2192 2011 2380 2078; x_wconf 75' lang='lat' dir='ltr'><strong>nefas;</strong></span> <span class='ocrx_word' id='word_1_477' title='bbox 2417 2011 2545 2066; x_wconf 89' lang='lat' dir='ltr'><strong>huic</strong></span> <span class='ocrx_word' id='word_1_478' title='bbox 2572 2018 2751 2066; x_wconf 88' lang='lat' dir='ltr'><strong>autem</strong></span> <span class='ocrx_word' id='word_1_479' title='bbox 2781 2009 3226 2065; x_wconf 88' lang='lat' dir='ltr'><strong>commentationi</strong></span> <span class='ocrx_word' id='word_1_480' title='bbox 3252 2017 3452 2066; x_wconf 75' lang='lat' dir='ltr'><strong>nostrae</strong></span> <span class='ocrx_word' id='word_1_481' title='bbox 3487 2008 3681 2081; x_wconf 80' lang='lat' dir='ltr'><strong>Aquila</strong></span> 
     </span>
    </p>
   </div>
   <div class='ocr_carea' id='block_1_65' title="bbox 2110 2101 3682 2174">
    <p class='ocr_par' dir='ltr' id='par_1_65' title="bbox 2110 2101 3682 2174">
     <span class='ocr_line' id='line_1_65' title="bbox 2110 2101 3682 2174; baseline 0 -18"><span class='ocrx_word' id='word_1_482' title='bbox 2110 2118 2329 2174; x_wconf 89' lang='lat' dir='ltr'><strong>quoque</strong></span> <span class='ocrx_word' id='word_1_483' title='bbox 2375 2103 2696 2166; x_wconf 87' lang='lat' dir='ltr'><strong>concordat,</strong></span> <span class='ocrx_word' id='word_1_484' title='bbox 2743 2105 2837 2174; x_wconf 91' lang='lat' dir='ltr'><strong>qui</strong></span> <span class='ocrx_word' id='word_1_485' title='bbox 2869 2104 3259 2173; x_wconf 84' lang='lat' dir='ltr'><strong>interpretatus</strong></span> <span class='ocrx_word' id='word_1_486' title='bbox 3301 2110 3385 2157; x_wconf 87' lang='lat' dir='ltr'><strong>est</strong></span> <span class='ocrx_word' id='word_1_487' title='bbox 3436 2103 3491 2155; x_wconf 91' lang='lat' dir='ltr'><strong>in</strong></span> <span class='ocrx_word' id='word_1_488' title='bbox 3536 2101 3682 2156; x_wconf 88' lang='lat' dir='ltr'><strong>hunc</strong></span> 
     </span>
    </p>
   </div>
   <div class='ocr_carea' id='block_1_66' title="bbox 2110 2193 3681 2264">
    <p class='ocr_par' dir='ltr' id='par_1_66' title="bbox 2110 2193 3681 2264">
     <span class='ocr_line' id='line_1_66' title="bbox 2110 2193 3681 2264; baseline 0 -16"><span class='ocrx_word' id='word_1_489' title='bbox 2110 2193 2368 2248; x_wconf 90' lang='lat' dir='ltr'><strong>modum:</strong></span> <span class='ocrx_word' id='word_1_490' title='bbox 2404 2212 2423 2245; x_wconf 73' lang='grc' dir='ltr'><strong>ι</strong></span> <span class='ocrx_word' id='word_1_491' title='bbox 2462 2194 2530 2248; x_wconf 89' lang='lat' dir='ltr'><strong>Et</strong></span> <span class='ocrx_word' id='word_1_492' title='bbox 2557 2195 2833 2250; x_wconf 66' lang='lat' dir='ltr'><strong>cititatem</strong></span> <span class='ocrx_word' id='word_1_493' title='bbox 2857 2203 2911 2249; x_wconf 87' lang='lat' dir='ltr'><strong>et</strong></span> <span class='ocrx_word' id='word_1_494' title='bbox 2933 2201 3185 2249; x_wconf 88' lang='lat' dir='ltr'><strong>sanctum</strong></span> <span class='ocrx_word' id='word_1_495' title='bbox 3211 2194 3488 2264; x_wconf 86' lang='lat' dir='ltr'><strong>disperdet</strong></span> <span class='ocrx_word' id='word_1_496' title='bbox 3508 2208 3681 2264; x_wconf 83' lang='lat' dir='ltr'><strong>popu-</strong></span> 
     </span>
    </p>
   </div>
   <div class='ocr_carea' id='block_1_67' title="bbox 2110 2284 3679 2355">
    <p class='ocr_par' dir='ltr' id='par_1_67' title="bbox 2110 2284 3679 2355">
     <span class='ocr_line' id='line_1_67' title="bbox 2110 2284 3679 2355; baseline 0.001 -17"><span class='ocrx_word' id='word_1_497' title='bbox 2110 2285 2196 2341; x_wconf 84' lang='lat' dir='ltr'><strong>lus</strong></span> <span class='ocrx_word' id='word_1_498' title='bbox 2225 2285 2382 2342; x_wconf 83' lang='lat' dir='ltr'><strong>ducis</strong></span> <span class='ocrx_word' id='word_1_499' title='bbox 2405 2286 2643 2341; x_wconf 88' lang='lat' dir='ltr'><strong>venturi.</strong></span> <span class='ocrx_word' id='word_1_500' title='bbox 2690 2305 2708 2336; x_wconf 71' lang='grc' dir='ltr'><strong>ι</strong></span> <span class='ocrx_word' id='word_1_501' title='bbox 2745 2284 2861 2339; x_wconf 85' lang='grc' dir='ltr'>Νοη</span> <span class='ocrx_word' id='word_1_502' title='bbox 2906 2285 3080 2341; x_wconf 90' lang='lat' dir='ltr'><strong>solum</strong></span> <span class='ocrx_word' id='word_1_503' title='bbox 3122 2287 3266 2341; x_wconf 91' lang='lat' dir='ltr'><strong>enim</strong></span> <span class='ocrx_word' id='word_1_504' title='bbox 3295 2285 3386 2355; x_wconf 90' lang='lat' dir='ltr'><strong>qui</strong></span> <span class='ocrx_word' id='word_1_505' title='bbox 3419 2294 3679 2340; x_wconf 89' lang='lat' dir='ltr'><strong>venturus</strong></span> 
     </span>
    </p>
   </div>
   <div class='ocr_carea' id='block_1_68' title="bbox 2109 2375 3677 2447">
    <p class='ocr_par' dir='ltr' id='par_1_68' title="bbox 2109 2375 3677 2447">
     <span class='ocr_line' id='line_1_68' title="bbox 2109 2375 3677 2447; baseline -0.001 -16"><span class='ocrx_word' id='word_1_506' title='bbox 2109 2377 2213 2431; x_wconf 78' lang='lat' dir='ltr'><strong>fuit</strong></span> <span class='ocrx_word' id='word_1_507' title='bbox 2240 2378 2374 2440; x_wconf 82' lang='lat' dir='ltr'><strong>dux,</strong></span> <span class='ocrx_word' id='word_1_508' title='bbox 2408 2392 2568 2446; x_wconf 67' lang='lat' dir='ltr'><strong>quem</strong></span> <span class='ocrx_word' id='word_1_509' title='bbox 2608 2393 2711 2432; x_wconf 90' lang='lat' dir='ltr'><strong>nos</strong></span> <span class='ocrx_word' id='word_1_510' title='bbox 2750 2376 3033 2447; x_wconf 88' lang='lat' dir='ltr'><strong>superiore</strong></span> <span class='ocrx_word' id='word_1_511' title='bbox 3058 2378 3399 2446; x_wconf 84' lang='lat' dir='ltr'><strong>expositione</strong></span> <span class='ocrx_word' id='word_1_512' title='bbox 3432 2375 3677 2446; x_wconf 88' lang='lat' dir='ltr'><strong>prodidi-</strong></span> 
     </span>
    </p>
   </div>
   <div class='ocr_carea' id='block_1_69' title="bbox 2110 2468 3678 2538">
    <p class='ocr_par' dir='ltr' id='par_1_69' title="bbox 2110 2468 3678 2538">
     <span class='ocr_line' id='line_1_69' title="bbox 2110 2468 3678 2538; baseline 0.001 -17"><span class='ocrx_word' id='word_1_513' title='bbox 2110 2485 2255 2531; x_wconf 88' lang='lat' dir='ltr'><strong>mus,</strong></span> <span class='ocrx_word' id='word_1_514' title='bbox 2278 2469 2522 2538; x_wconf 87' lang='lat' dir='ltr'><strong>corrupit</strong></span> <span class='ocrx_word' id='word_1_515' title='bbox 2541 2468 2818 2524; x_wconf 89' lang='lat' dir='ltr'><strong>civitatem</strong></span> <span class='ocrx_word' id='word_1_516' title='bbox 2843 2476 2895 2524; x_wconf 90' lang='lat' dir='ltr'><strong>et</strong></span> <span class='ocrx_word' id='word_1_517' title='bbox 2922 2479 3194 2534; x_wconf 86' lang='lat' dir='ltr'><strong>sanctum,</strong></span> <span class='ocrx_word' id='word_1_518' title='bbox 3219 2469 3313 2524; x_wconf 88' lang='lat' dir='ltr'><strong>sed</strong></span> <span class='ocrx_word' id='word_1_519' title='bbox 3336 2468 3500 2523; x_wconf 90' lang='lat' dir='ltr'><strong>etiam</strong></span> <span class='ocrx_word' id='word_1_520' title='bbox 3533 2468 3678 2523; x_wconf 89' lang='lat' dir='ltr'><strong>illius</strong></span> 
     </span>
    </p>
   </div>
   <div class='ocr_carea' id='block_1_70' title="bbox 2109 2561 3678 2633">
    <p class='ocr_par' dir='ltr' id='par_1_70' title="bbox 2109 2561 3678 2633">
     <span class='ocr_line' id='line_1_70' title="bbox 2109 2561 3678 2633; baseline -0.001 -19"><span class='ocrx_word' id='word_1_521' title='bbox 2109 2561 2343 2631; x_wconf 90' lang='lat' dir='ltr'><strong>populus</strong></span> <span class='ocrx_word' id='word_1_522' title='bbox 2377 2580 2392 2617; x_wconf 90' lang='lat'><strong>:</strong></span> <span class='ocrx_word' id='word_1_523' title='bbox 2430 2569 2690 2632; x_wconf 57' lang='lat' dir='ltr'><strong>praeterea</strong></span> <span class='ocrx_word' id='word_1_524' title='bbox 2722 2578 2831 2618; x_wconf 92' lang='lat' dir='ltr'><strong>non</strong></span> <span class='ocrx_word' id='word_1_525' title='bbox 2879 2561 3111 2618; x_wconf 84' lang='lat' dir='ltr'><strong>forsitan</strong></span> <span class='ocrx_word' id='word_1_526' title='bbox 3156 2561 3425 2633; x_wconf 87' lang='lat' dir='ltr'><strong>quispiam</strong></span> <span class='ocrx_word' id='word_1_527' title='bbox 3457 2577 3486 2615; x_wconf 94' lang='lat' dir='ltr'><strong>a</strong></span> <span class='ocrx_word' id='word_1_528' title='bbox 3527 2568 3678 2616; x_wconf 81' lang='lat' dir='ltr'><strong>recto</strong></span> 
     </span>
    </p>
   </div>
   <div class='ocr_carea' id='block_1_71' title="bbox 2109 2650 3678 2716">
    <p class='ocr_par' dir='ltr' id='par_1_71' title="bbox 2109 2650 3678 2716">
     <span class='ocr_line' id='line_1_71' title="bbox 2109 2650 3678 2716; baseline 0.003 -14"><span class='ocrx_word' id='word_1_529' title='bbox 2109 2650 2441 2706; x_wconf 87' lang='lat' dir='ltr'><strong>aberraverit</strong></span> <span class='ocrx_word' id='word_1_530' title='bbox 2477 2651 2523 2707; x_wconf 89' lang='lat' dir='ltr'><strong>si</strong></span> <span class='ocrx_word' id='word_1_531' title='bbox 2554 2651 2794 2716; x_wconf 86' lang='lat' dir='ltr'><strong>dixerit,</strong></span> <span class='ocrx_word' id='word_1_532' title='bbox 2821 2653 2984 2707; x_wconf 90' lang='lat' dir='ltr'><strong>etiam</strong></span> <span class='ocrx_word' id='word_1_533' title='bbox 3015 2651 3319 2706; x_wconf 75' lang='lat' dir='ltr'><strong>Romanum</strong></span> <span class='ocrx_word' id='word_1_534' title='bbox 3351 2652 3543 2707; x_wconf 87' lang='lat' dir='ltr'><strong>ducem</strong></span> <span class='ocrx_word' id='word_1_535' title='bbox 3581 2651 3678 2707; x_wconf 92' lang='lat' dir='ltr'><strong>iis-</strong></span> 
     </span>
    </p>
   </div>
   <div class='ocr_carea' id='block_1_72' title="bbox 2106 2740 3678 2815">
    <p class='ocr_par' dir='ltr' id='par_1_72' title="bbox 2106 2740 3678 2815">
     <span class='ocr_line' id='line_1_72' title="bbox 2106 2740 3678 2815; baseline 0.001 -20"><span class='ocrx_word' id='word_1_536' title='bbox 2106 2743 2227 2796; x_wconf 87' lang='lat' dir='ltr'><strong>dem</strong></span> <span class='ocrx_word' id='word_1_537' title='bbox 2265 2742 2446 2797; x_wconf 81' lang='lat' dir='ltr'><strong>verbis</strong></span> <span class='ocrx_word' id='word_1_538' title='bbox 2479 2743 2777 2813; x_wconf 82' lang='lat' dir='ltr'><strong>designari,</strong></span> <span class='ocrx_word' id='word_1_539' title='bbox 2808 2743 3037 2814; x_wconf 83' lang='lat' dir='ltr'><strong>ejusque</strong></span> <span class='ocrx_word' id='word_1_540' title='bbox 3066 2744 3224 2800; x_wconf 90' lang='lat' dir='ltr'><strong>ducis</strong></span> <span class='ocrx_word' id='word_1_541' title='bbox 3262 2742 3543 2815; x_wconf 78' lang='lat' dir='ltr'><strong>populum.</strong></span> <span class='ocrx_word' id='word_1_542' title='bbox 3574 2740 3678 2799; x_wconf 84' lang='lat' dir='ltr'><strong>Per</strong></span> 
     </span>
    </p>
   </div>
   <div class='ocr_carea' id='block_1_73' title="bbox 2105 2834 3680 2907">
    <p class='ocr_par' dir='ltr' id='par_1_73' title="bbox 2105 2834 3680 2907">
     <span class='ocr_line' id='line_1_73' title="bbox 2105 2834 3680 2907; baseline 0.002 -20"><span class='ocrx_word' id='word_1_543' title='bbox 2105 2850 2226 2903; x_wconf 71' lang='lat' dir='ltr'><strong>quae</strong></span> <span class='ocrx_word' id='word_1_544' title='bbox 2254 2836 2491 2891; x_wconf 79' lang='lat' dir='ltr'><strong>arbitror</strong></span> <span class='ocrx_word' id='word_1_545' title='bbox 2513 2836 2809 2907; x_wconf 86' lang='lat' dir='ltr'><strong>signiﬁcari</strong></span> <span class='ocrx_word' id='word_1_546' title='bbox 2836 2836 3115 2891; x_wconf 82' lang='lat' dir='ltr'><strong>exercitus</strong></span> <span class='ocrx_word' id='word_1_547' title='bbox 3140 2834 3509 2891; x_wconf 82' lang='lat' dir='ltr'><strong>Romanorum</strong></span> <span class='ocrx_word' id='word_1_548' title='bbox 3536 2836 3680 2906; x_wconf 82' lang='lat' dir='ltr'><strong>prin-</strong></span> 
     </span>
    </p>
   </div>
   <div class='ocr_carea' id='block_1_74' title="bbox 2106 2928 3676 2999">
    <p class='ocr_par' dir='ltr' id='par_1_74' title="bbox 2106 2928 3676 2999">
     <span class='ocr_line' id='line_1_74' title="bbox 2106 2928 3676 2999; baseline 0.001 -19"><span class='ocrx_word' id='word_1_549' title='bbox 2106 2928 2307 2997; x_wconf 89' lang='lat' dir='ltr'><strong>cipum,</strong></span> <span class='ocrx_word' id='word_1_550' title='bbox 2354 2928 2445 2998; x_wconf 91' lang='lat' dir='ltr'><strong>qui</strong></span> <span class='ocrx_word' id='word_1_551' title='bbox 2480 2944 2543 2984; x_wconf 78' lang='lat' dir='ltr'><strong>ex</strong></span> <span class='ocrx_word' id='word_1_552' title='bbox 2595 2928 2689 2983; x_wconf 95' lang='lat' dir='ltr'><strong>illo</strong></span> <span class='ocrx_word' id='word_1_553' title='bbox 2740 2935 2984 2997; x_wconf 89' lang='lat' dir='ltr'><strong>tempore</strong></span> <span class='ocrx_word' id='word_1_554' title='bbox 3032 2928 3211 2999; x_wconf 84' lang='lat' dir='ltr'><strong>gentis</strong></span> <span class='ocrx_word' id='word_1_555' title='bbox 3254 2928 3543 2998; x_wconf 86' lang='lat' dir='ltr'><strong>imperium</strong></span> <span class='ocrx_word' id='word_1_556' title='bbox 3593 2937 3676 2982; x_wconf 87' lang='lat' dir='ltr'><strong>te-</strong></span> 
     </span>
    </p>
   </div>
   <div class='ocr_carea' id='block_1_75' title="bbox 2103 3019 3678 3093">
    <p class='ocr_par' dir='ltr' id='par_1_75' title="bbox 2103 3019 3678 3093">
     <span class='ocr_line' id='line_1_75' title="bbox 2103 3019 3678 3093; baseline -0.001 -17"><span class='ocrx_word' id='word_1_557' title='bbox 2103 3038 2294 3085; x_wconf 87' lang='lat' dir='ltr'><strong>nuere,</strong></span> <span class='ocrx_word' id='word_1_558' title='bbox 2327 3022 2530 3092; x_wconf 83' lang='lat' dir='ltr'><strong>quique</strong></span> <span class='ocrx_word' id='word_1_559' title='bbox 2561 3021 2836 3078; x_wconf 82' lang='lat' dir='ltr'><strong>civitatem</strong></span> <span class='ocrx_word' id='word_1_560' title='bbox 2870 3023 3045 3093; x_wconf 84' lang='lat' dir='ltr'><strong>ipsam</strong></span> <span class='ocrx_word' id='word_1_561' title='bbox 3090 3019 3416 3083; x_wconf 83' lang='lat' dir='ltr'><strong>Jerusalem,</strong></span> <span class='ocrx_word' id='word_1_562' title='bbox 3449 3028 3503 3076; x_wconf 93' lang='lat' dir='ltr'><strong>et</strong></span> <span class='ocrx_word' id='word_1_563' title='bbox 3530 3022 3585 3075; x_wconf 89' lang='lat' dir='ltr'><strong>in</strong></span> <span class='ocrx_word' id='word_1_564' title='bbox 3614 3036 3678 3076; x_wconf 74' lang='lat' dir='ltr'><strong>ea.</strong></span> 
     </span>
    </p>
   </div>
   <div class='ocr_carea' id='block_1_76' title="bbox 2104 3111 3678 3184">
    <p class='ocr_par' dir='ltr' id='par_1_76' title="bbox 2104 3111 3678 3184">
     <span class='ocr_line' id='line_1_76' title="bbox 2104 3111 3678 3184; baseline -0.001 -17"><span class='ocrx_word' id='word_1_565' title='bbox 2104 3111 2380 3184; x_wconf 86' lang='lat' dir='ltr'><strong>quondam</strong></span> <span class='ocrx_word' id='word_1_566' title='bbox 2413 3112 2723 3167; x_wconf 83' lang='lat' dir='ltr'><strong>venerabile</strong></span> <span class='ocrx_word' id='word_1_567' title='bbox 2757 3120 2810 3167; x_wconf 85' lang='lat' dir='ltr'><strong>et</strong></span> <span class='ocrx_word' id='word_1_568' title='bbox 2833 3122 3083 3167; x_wconf 88' lang='lat' dir='ltr'><strong>sanctum</strong></span> <span class='ocrx_word' id='word_1_569' title='bbox 3123 3112 3382 3183; x_wconf 90' lang='lat' dir='ltr'><strong>templum</strong></span> <span class='ocrx_word' id='word_1_570' title='bbox 3417 3128 3678 3182; x_wconf 78' lang='lat' dir='ltr'><strong>corrupe-</strong></span> 
     </span>
    </p>
   </div>
   <div class='ocr_carea' id='block_1_77' title="bbox 2104 3206 3681 3277">
    <p class='ocr_par' dir='ltr' id='par_1_77' title="bbox 2104 3206 3681 3277">
     <span class='ocr_line' id='line_1_77' title="bbox 2104 3206 3681 3277; baseline 0.003 -16"><span class='ocrx_word' id='word_1_571' title='bbox 2104 3214 2253 3262; x_wconf 87' lang='lat' dir='ltr'><strong>runt.</strong></span> <span class='ocrx_word' id='word_1_572' title='bbox 2305 3206 2582 3275; x_wconf 87' lang='lat' dir='ltr'><strong>Siquidem</strong></span> <span class='ocrx_word' id='word_1_573' title='bbox 2614 3206 2682 3260; x_wconf 89' lang='lat' dir='ltr'><strong>ab</strong></span> <span class='ocrx_word' id='word_1_574' title='bbox 2727 3207 2793 3262; x_wconf 92' lang='lat' dir='ltr'><strong>iis</strong></span> <span class='ocrx_word' id='word_1_575' title='bbox 2818 3207 2981 3261; x_wconf 86' lang='lat' dir='ltr'><strong>etiam</strong></span> <span class='ocrx_word' id='word_1_576' title='bbox 3029 3206 3199 3262; x_wconf 81' lang='lat' dir='ltr'><strong>excisi</strong></span> <span class='ocrx_word' id='word_1_577' title='bbox 3231 3213 3361 3262; x_wconf 91' lang='lat' dir='ltr'><strong>sunt</strong></span> <span class='ocrx_word' id='word_1_578' title='bbox 3416 3214 3681 3277; x_wconf 81' lang='lat' dir='ltr'><strong>tanquam</strong></span> 
     </span>
    </p>
   </div>
   <div class='ocr_carea' id='block_1_78' title="bbox 2106 3297 3674 3367">
    <p class='ocr_par' dir='ltr' id='par_1_78' title="bbox 2106 3297 3674 3367">
     <span class='ocr_line' id='line_1_78' title="bbox 2106 3297 3674 3367; baseline 0.001 -18"><span class='ocrx_word' id='word_1_579' title='bbox 2106 3297 2161 3351; x_wconf 91' lang='lat' dir='ltr'><strong>in</strong></span> <span class='ocrx_word' id='word_1_580' title='bbox 2196 3297 2423 3362; x_wconf 89' lang='lat' dir='ltr'><strong>diluvio,</strong></span> <span class='ocrx_word' id='word_1_581' title='bbox 2454 3304 2509 3352; x_wconf 89' lang='lat' dir='ltr'><strong>et</strong></span> <span class='ocrx_word' id='word_1_582' title='bbox 2558 3312 2732 3367; x_wconf 90' lang='lat' dir='ltr'><strong>usque</strong></span> <span class='ocrx_word' id='word_1_583' title='bbox 2759 3297 2827 3351; x_wconf 88' lang='lat' dir='ltr'><strong>ad</strong></span> <span class='ocrx_word' id='word_1_584' title='bbox 2857 3297 3015 3351; x_wconf 82' lang='lat' dir='ltr'><strong>ﬁnem</strong></span> <span class='ocrx_word' id='word_1_585' title='bbox 3048 3297 3172 3353; x_wconf 88' lang='lat' dir='ltr'><strong>belli</strong></span> <span class='ocrx_word' id='word_1_586' title='bbox 3209 3297 3264 3351; x_wconf 90' lang='lat' dir='ltr'><strong>in</strong></span> <span class='ocrx_word' id='word_1_587' title='bbox 3292 3298 3674 3365; x_wconf 81' lang='lat' dir='ltr'><strong>compendium</strong></span> 
     </span>
    </p>
   </div>
   <div class='ocr_carea' id='block_1_79' title="bbox 2104 3387 3679 3460">
    <p class='ocr_par' dir='ltr' id='par_1_79' title="bbox 2104 3387 3679 3460">
     <span class='ocr_line' id='line_1_79' title="bbox 2104 3387 3679 3460; baseline 0.002 -19"><span class='ocrx_word' id='word_1_588' title='bbox 2104 3388 2210 3442; x_wconf 76' lang='lat' dir='ltr'><strong>arti</strong></span> <span class='ocrx_word' id='word_1_589' title='bbox 2247 3387 2534 3443; x_wconf 85' lang='lat' dir='ltr'><strong>itineribus</strong></span> <span class='ocrx_word' id='word_1_590' title='bbox 2558 3403 2852 3458; x_wconf 87' lang='lat' dir='ltr'><strong>pervenere</strong></span> <span class='ocrx_word' id='word_1_591' title='bbox 2876 3427 2890 3451; x_wconf 90' lang='lat'><strong>,</strong></span> <span class='ocrx_word' id='word_1_592' title='bbox 2923 3403 3098 3456; x_wconf 88' lang='lat' dir='ltr'><strong>usque</strong></span> <span class='ocrx_word' id='word_1_593' title='bbox 3126 3387 3260 3443; x_wconf 87' lang='lat' dir='ltr'><strong>adeo</strong></span> <span class='ocrx_word' id='word_1_594' title='bbox 3297 3395 3379 3453; x_wconf 91' lang='lat' dir='ltr'><strong>ut,</strong></span> <span class='ocrx_word' id='word_1_595' title='bbox 3415 3390 3679 3460; x_wconf 86' lang='lat' dir='ltr'><strong>quemad-</strong></span> 
     </span>
    </p>
   </div>
   <div class='ocr_carea' id='block_1_80' title="bbox 2104 3477 3677 3548">
    <p class='ocr_par' dir='ltr' id='par_1_80' title="bbox 2104 3477 3677 3548">
     <span class='ocr_line' id='line_1_80' title="bbox 2104 3477 3677 3548; baseline 0 -17"><span class='ocrx_word' id='word_1_596' title='bbox 2104 3479 2325 3532; x_wconf 85' lang='lat' dir='ltr'><strong>modum</strong></span> <span class='ocrx_word' id='word_1_597' title='bbox 2355 3478 2638 3548; x_wconf 85' lang='lat' dir='ltr'><strong>prophetia</strong></span> <span class='ocrx_word' id='word_1_598' title='bbox 2660 3477 2896 3541; x_wconf 79' lang='lat' dir='ltr'><strong>dixerat,</strong></span> <span class='ocrx_word' id='word_1_599' title='bbox 2921 3484 3221 3532; x_wconf 76' lang='lat' dir='ltr'><strong>extremam</strong></span> <span class='ocrx_word' id='word_1_600' title='bbox 3247 3486 3361 3531; x_wconf 91' lang='lat' dir='ltr'><strong>tum</strong></span> <span class='ocrx_word' id='word_1_601' title='bbox 3387 3478 3535 3547; x_wconf 86' lang='lat' dir='ltr'><strong>passi</strong></span> <span class='ocrx_word' id='word_1_602' title='bbox 3567 3479 3677 3533; x_wconf 87' lang='lat' dir='ltr'><strong>sint</strong></span> 
     </span>
    </p>
   </div>
   <div class='ocr_carea' id='block_1_81' title="bbox 2104 3567 3675 3641">
    <p class='ocr_par' dir='ltr' id='par_1_81' title="bbox 2104 3567 3675 3641">
     <span class='ocr_line' id='line_1_81' title="bbox 2104 3567 3675 3641; baseline -0.001 -18"><span class='ocrx_word' id='word_1_603' title='bbox 2104 3570 2473 3635; x_wconf 82' lang='lat' dir='ltr'><strong>solitudinem,</strong></span> <span class='ocrx_word' id='word_1_604' title='bbox 2537 3577 2660 3640; x_wconf 86' lang='lat' dir='ltr'><strong>post</strong></span> <span class='ocrx_word' id='word_1_605' title='bbox 2711 3569 2950 3640; x_wconf 88' lang='lat' dir='ltr'><strong>ipsorum</strong></span> <span class='ocrx_word' id='word_1_606' title='bbox 2996 3568 3237 3624; x_wconf 83' lang='lat' dir='ltr'><strong>nefarias</strong></span> <span class='ocrx_word' id='word_1_607' title='bbox 3282 3567 3447 3641; x_wconf 57' lang='lat'><strong>500</strong></span> <span class='ocrx_word' id='word_1_608' title='bbox 3487 3578 3675 3624; x_wconf 85' lang='lat' dir='ltr'><strong>contra</strong></span> 
     </span>
    </p>
   </div>
   <div class='ocr_carea' id='block_1_82' title="bbox 2106 3660 3673 3730">
    <p class='ocr_par' dir='ltr' id='par_1_82' title="bbox 2106 3660 3673 3730">
     <span class='ocr_line' id='line_1_82' title="bbox 2106 3660 3673 3730; baseline 0 -16"><span class='ocrx_word' id='word_1_609' title='bbox 2106 3660 2439 3716; x_wconf 82' lang='lat' dir='ltr'><strong>Salvatorem</strong></span> <span class='ocrx_word' id='word_1_610' title='bbox 2506 3669 2753 3716; x_wconf 81' lang='lat' dir='ltr'><strong>nostrum</strong></span> <span class='ocrx_word' id='word_1_611' title='bbox 2795 3661 3055 3728; x_wconf 88' lang='lat' dir='ltr'><strong>insidias;</strong></span> <span class='ocrx_word' id='word_1_612' title='bbox 3116 3675 3242 3715; x_wconf 90' lang='lat' dir='ltr'><strong>nam</strong></span> <span class='ocrx_word' id='word_1_613' title='bbox 3285 3667 3574 3730; x_wconf 89' lang='lat' dir='ltr'><strong>postquam</strong></span> <span class='ocrx_word' id='word_1_614' title='bbox 3622 3660 3673 3714; x_wconf 88' lang='lat' dir='ltr'><strong>id</strong></span> 
     </span>
    </p>
   </div>
   <div class='ocr_carea' id='block_1_83' title="bbox 2106 3751 3673 3822">
    <p class='ocr_par' dir='ltr' id='par_1_83' title="bbox 2106 3751 3673 3822">
     <span class='ocr_line' id='line_1_83' title="bbox 2106 3751 3673 3822; baseline 0.001 -17"><span class='ocrx_word' id='word_1_615' title='bbox 2106 3753 2280 3806; x_wconf 87' lang='lat' dir='ltr'><strong>moliti</strong></span> <span class='ocrx_word' id='word_1_616' title='bbox 2343 3761 2492 3817; x_wconf 91' lang='lat' dir='ltr'><strong>sunt,</strong></span> <span class='ocrx_word' id='word_1_617' title='bbox 2539 3762 2834 3808; x_wconf 75' lang='lat' dir='ltr'><strong>extremam</strong></span> <span class='ocrx_word' id='word_1_618' title='bbox 2859 3767 2990 3807; x_wconf 88' lang='lat' dir='ltr'><strong>sane</strong></span> <span class='ocrx_word' id='word_1_619' title='bbox 3014 3751 3353 3807; x_wconf 89' lang='lat' dir='ltr'><strong>obsidionem</strong></span> <span class='ocrx_word' id='word_1_620' title='bbox 3382 3753 3673 3822; x_wconf 82' lang='lat' dir='ltr'><strong>pertulere.</strong></span> 
     </span>
    </p>
   </div>
   <div class='ocr_carea' id='block_1_84' title="bbox 2103 3843 3676 3915">
    <p class='ocr_par' dir='ltr' id='par_1_84' title="bbox 2103 3843 3676 3915">
     <span class='ocr_line' id='line_1_84' title="bbox 2103 3843 3676 3915; baseline 0.001 -19"><span class='ocrx_word' id='word_1_621' title='bbox 2103 3843 2227 3898; x_wconf 66' lang='lat' dir='ltr'><strong>Haec</strong></span> <span class='ocrx_word' id='word_1_622' title='bbox 2256 3858 2475 3914; x_wconf 85' lang='lat' dir='ltr'><strong>quoque</strong></span> <span class='ocrx_word' id='word_1_623' title='bbox 2510 3845 2626 3914; x_wconf 83' lang='lat' dir='ltr'><strong>ipsa</strong></span> <span class='ocrx_word' id='word_1_624' title='bbox 2653 3844 2985 3900; x_wconf 88' lang='lat' dir='ltr'><strong>adamussim</strong></span> <span class='ocrx_word' id='word_1_625' title='bbox 3016 3845 3295 3915; x_wconf 86' lang='lat' dir='ltr'><strong>explorata</strong></span> <span class='ocrx_word' id='word_1_626' title='bbox 3326 3843 3493 3898; x_wconf 85' lang='lat' dir='ltr'><strong>habes</strong></span> <span class='ocrx_word' id='word_1_627' title='bbox 3522 3843 3578 3897; x_wconf 92' lang='lat' dir='ltr'><strong>in</strong></span> <span class='ocrx_word' id='word_1_628' title='bbox 3607 3844 3676 3898; x_wconf 90' lang='lat' dir='ltr'><strong>iis</strong></span> 
     </span>
    </p>
   </div>
   <div class='ocr_carea' id='block_1_85' title="bbox 2101 3933 3675 4004">
    <p class='ocr_par' dir='ltr' id='par_1_85' title="bbox 2101 3933 3675 4004">
     <span class='ocr_line' id='line_1_85' title="bbox 2101 3933 3675 4004; baseline 0.001 -17"><span class='ocrx_word' id='word_1_629' title='bbox 2101 3950 2239 4003; x_wconf 87' lang='lat' dir='ltr'><strong>quas</strong></span> <span class='ocrx_word' id='word_1_630' title='bbox 2258 3933 2532 4004; x_wconf 83' lang='lat' dir='ltr'><strong>Josephus</strong></span> <span class='ocrx_word' id='word_1_631' title='bbox 2563 3933 2785 4004; x_wconf 82' lang='lat' dir='ltr'><strong>scripsit</strong></span> <span class='ocrx_word' id='word_1_632' title='bbox 2812 3934 3077 3990; x_wconf 88' lang='lat' dir='ltr'><strong>historiis.</strong></span> <span class='ocrx_word' id='word_1_633' title='bbox 3106 3934 3373 3989; x_wconf 70' lang='lat' dir='ltr'><strong>Caeterum</strong></span> <span class='ocrx_word' id='word_1_634' title='bbox 3405 3947 3530 3986; x_wconf 90' lang='lat' dir='ltr'><strong>cum</strong></span> <span class='ocrx_word' id='word_1_635' title='bbox 3562 3933 3675 3988; x_wconf 67' lang='lat' dir='ltr'><strong>baac</strong></span> 
     </span>
    </p>
   </div>
   <div class='ocr_carea' id='block_1_86' title="bbox 2100 4024 3677 4096">
    <p class='ocr_par' dir='ltr' id='par_1_86' title="bbox 2100 4024 3677 4096">
     <span class='ocr_line' id='line_1_86' title="bbox 2100 4024 3677 4096; baseline -0.001 -17"><span class='ocrx_word' id='word_1_636' title='bbox 2100 4025 2168 4080; x_wconf 91' lang='lat' dir='ltr'><strong>de</strong></span> <span class='ocrx_word' id='word_1_637' title='bbox 2194 4026 2261 4082; x_wconf 92' lang='lat' dir='ltr'><strong>iis</strong></span> <span class='ocrx_word' id='word_1_638' title='bbox 2293 4043 2415 4096; x_wconf 62' lang='lat' dir='ltr'><strong>quae</strong></span> <span class='ocrx_word' id='word_1_639' title='bbox 2446 4028 2771 4083; x_wconf 89' lang='lat' dir='ltr'><strong>intermedio</strong></span> <span class='ocrx_word' id='word_1_640' title='bbox 2793 4043 2865 4081; x_wconf 83' lang='lat' dir='ltr'><strong>vn</strong></span> <span class='ocrx_word' id='word_1_641' title='bbox 2887 4035 2942 4081; x_wconf 90' lang='lat' dir='ltr'><strong>et</strong></span> <span class='ocrx_word' id='word_1_642' title='bbox 2971 4042 3082 4081; x_wconf 81' lang='lat' dir='ltr'><strong>Lxu</strong></span> <span class='ocrx_word' id='word_1_643' title='bbox 3109 4024 3509 4081; x_wconf 89' lang='lat' dir='ltr'><strong>hebdomadum</strong></span> <span class='ocrx_word' id='word_1_644' title='bbox 3534 4030 3677 4079; x_wconf 87' lang='lat' dir='ltr'><strong>tem-</strong></span> 
     </span>
    </p>
   </div>
   <div class='ocr_carea' id='block_1_87' title="bbox 2100 4118 3672 4190">
    <p class='ocr_par' dir='ltr' id='par_1_87' title="bbox 2100 4118 3672 4190">
     <span class='ocr_line' id='line_1_87' title="bbox 2100 4118 3672 4190; baseline 0.003 -21"><span class='ocrx_word' id='word_1_645' title='bbox 2100 4134 2231 4187; x_wconf 85' lang='lat' dir='ltr'><strong>pore</strong></span> <span class='ocrx_word' id='word_1_646' title='bbox 2271 4118 2513 4175; x_wconf 71' lang='lat' dir='ltr'><strong>Iudaica:</strong></span> <span class='ocrx_word' id='word_1_647' title='bbox 2567 4120 2717 4190; x_wconf 82' lang='lat' dir='ltr'><strong>genti</strong></span> <span class='ocrx_word' id='word_1_648' title='bbox 2770 4119 3127 4182; x_wconf 85' lang='lat' dir='ltr'><strong>acciderunt,</strong></span> <span class='ocrx_word' id='word_1_649' title='bbox 3186 4134 3283 4189; x_wconf 90' lang='lat' dir='ltr'><strong>per</strong></span> <span class='ocrx_word' id='word_1_650' title='bbox 3332 4118 3672 4189; x_wconf 89' lang='lat' dir='ltr'><strong>prophetiam</strong></span> 
     </span>
    </p>
   </div>
   <div class='ocr_carea' id='block_1_88' title="bbox 2100 4211 3673 4282">
    <p class='ocr_par' dir='ltr' id='par_1_88' title="bbox 2100 4211 3673 4282">
     <span class='ocr_line' id='line_1_88' title="bbox 2100 4211 3673 4282; baseline 0 -17"><span class='ocrx_word' id='word_1_651' title='bbox 2100 4212 2359 4281; x_wconf 74' lang='lat' dir='ltr'><strong>pnedicta</strong></span> <span class='ocrx_word' id='word_1_652' title='bbox 2382 4213 2513 4277; x_wconf 83' lang='lat' dir='ltr'><strong>sint,</strong></span> <span class='ocrx_word' id='word_1_653' title='bbox 2543 4212 2735 4268; x_wconf 90' lang='lat' dir='ltr'><strong>ordine</strong></span> <span class='ocrx_word' id='word_1_654' title='bbox 2756 4212 3016 4282; x_wconf 89' lang='lat' dir='ltr'><strong>deinceps</strong></span> <span class='ocrx_word' id='word_1_655' title='bbox 3038 4211 3172 4266; x_wconf 88' lang='lat' dir='ltr'><strong>Novi</strong></span> <span class='ocrx_word' id='word_1_656' title='bbox 3204 4226 3301 4282; x_wconf 89' lang='lat' dir='ltr'><strong>per</strong></span> <span class='ocrx_word' id='word_1_657' title='bbox 3333 4212 3673 4267; x_wconf 61' lang='lat' dir='ltr'><strong>Salvatorem</strong></span> 
     </span>
    </p>
   </div>
   <div class='ocr_carea' id='block_1_89' title="bbox 2100 4302 3673 4374">
    <p class='ocr_par' dir='ltr' id='par_1_89' title="bbox 2100 4302 3673 4374">
     <span class='ocr_line' id='line_1_89' title="bbox 2100 4302 3673 4374; baseline 0.001 -19"><span class='ocrx_word' id='word_1_658' title='bbox 2100 4312 2350 4356; x_wconf 87' lang='lat' dir='ltr'><strong>nostrum</strong></span> <span class='ocrx_word' id='word_1_659' title='bbox 2391 4303 2754 4359; x_wconf 89' lang='lat' dir='ltr'><strong>denuntiandi</strong></span> <span class='ocrx_word' id='word_1_660' title='bbox 2787 4302 3124 4359; x_wconf 86' lang='lat' dir='ltr'><strong>Testamemi</strong></span> <span class='ocrx_word' id='word_1_661' title='bbox 3158 4302 3487 4374; x_wconf 83' lang='lat' dir='ltr'><strong>signiﬁcatio</strong></span> <span class='ocrx_word' id='word_1_662' title='bbox 3515 4303 3673 4359; x_wconf 88' lang='lat' dir='ltr'><strong>cani-</strong></span> 
     </span>
    </p>
   </div>
   <div class='ocr_carea' id='block_1_90' title="bbox 2098 4393 3673 4467">
    <p class='ocr_par' dir='ltr' id='par_1_90' title="bbox 2098 4393 3673 4467">
     <span class='ocr_line' id='line_1_90' title="bbox 2098 4393 3673 4467; baseline 0.002 -21"><span class='ocrx_word' id='word_1_663' title='bbox 2098 4401 2206 4448; x_wconf 87' lang='lat' dir='ltr'><strong>tur.</strong></span> <span class='ocrx_word' id='word_1_664' title='bbox 2240 4393 2384 4465; x_wconf 89' lang='lat' dir='ltr'><strong>Ergo</strong></span> <span class='ocrx_word' id='word_1_665' title='bbox 2414 4395 2507 4450; x_wconf 93' lang='lat' dir='ltr'><strong>ubi</strong></span> <span class='ocrx_word' id='word_1_666' title='bbox 2555 4404 2660 4450; x_wconf 89' lang='lat' dir='ltr'><strong>tam</strong></span> <span class='ocrx_word' id='word_1_667' title='bbox 2700 4396 2872 4450; x_wconf 85' lang='lat' dir='ltr'><strong>multa</strong></span> <span class='ocrx_word' id='word_1_668' title='bbox 2917 4396 2971 4453; x_wconf 77' lang='lat' dir='ltr'><strong>in</strong></span> <span class='ocrx_word' id='word_1_669' title='bbox 3013 4396 3192 4451; x_wconf 88' lang='lat' dir='ltr'><strong>medio</strong></span> <span class='ocrx_word' id='word_1_670' title='bbox 3216 4397 3356 4451; x_wconf 87' lang='lat' dir='ltr'><strong>inter</strong></span> <span class='ocrx_word' id='word_1_671' title='bbox 3384 4404 3591 4467; x_wconf 81' lang='lat' dir='ltr'><strong>septem</strong></span> <span class='ocrx_word' id='word_1_672' title='bbox 3619 4405 3673 4451; x_wconf 89' lang='lat' dir='ltr'><strong>et</strong></span> 
     </span>
    </p>
   </div>
   <div class='ocr_carea' id='block_1_91' title="bbox 2098 4487 3673 4558">
    <p class='ocr_par' dir='ltr' id='par_1_91' title="bbox 2098 4487 3673 4558">
     <span class='ocr_line' id='line_1_91' title="bbox 2098 4487 3673 4558; baseline 0.001 -18"><span class='ocrx_word' id='word_1_673' title='bbox 2098 4487 2381 4557; x_wconf 81' lang='lat' dir='ltr'><strong>sexaginta</strong></span> <span class='ocrx_word' id='word_1_674' title='bbox 2413 4488 2551 4543; x_wconf 86' lang='lat' dir='ltr'><strong>duas</strong></span> <span class='ocrx_word' id='word_1_675' title='bbox 2587 4487 2957 4544; x_wconf 86' lang='lat' dir='ltr'><strong>hebdomadas</strong></span> <span class='ocrx_word' id='word_1_676' title='bbox 2982 4488 3127 4544; x_wconf 88' lang='lat' dir='ltr'><strong>dicta</strong></span> <span class='ocrx_word' id='word_1_677' title='bbox 3154 4496 3304 4554; x_wconf 91' lang='lat' dir='ltr'><strong>sunt,</strong></span> <span class='ocrx_word' id='word_1_678' title='bbox 3330 4495 3447 4542; x_wconf 89' lang='lat' dir='ltr'><strong>tum</strong></span> <span class='ocrx_word' id='word_1_679' title='bbox 3477 4488 3673 4558; x_wconf 82' lang='lat' dir='ltr'><strong>adjun-</strong></span> 
     </span>
    </p>
   </div>
   <div class='ocr_carea' id='block_1_92' title="bbox 418 4576 2002 4651">
    <p class='ocr_par' dir='ltr' id='par_1_92' title="bbox 418 4576 1991 4649">
     <span class='ocr_line' id='line_1_92' title="bbox 418 4576 1991 4649; baseline 0.002 -21"><span class='ocrx_word' id='word_1_680' title='bbox 418 4577 447 4628; x_wconf 84' lang='grc' dir='ltr'>ὅ</span> <span class='ocrx_word' id='word_1_681' title='bbox 471 4594 532 4629; x_wconf 89' lang='grc' dir='ltr'><strong>τε</strong></span> <span class='ocrx_word' id='word_1_682' title='bbox 558 4577 662 4647; x_wconf 71' lang='grc' dir='ltr'><strong>πρὸ</strong></span> <span class='ocrx_word' id='word_1_683' title='bbox 700 4577 795 4631; x_wconf 90' lang='grc' dir='ltr'><strong>τοῦ</strong></span> <span class='ocrx_word' id='word_1_684' title='bbox 834 4578 1040 4642; x_wconf 81' lang='grc' dir='ltr'>πάθους</span> <span class='ocrx_word' id='word_1_685' title='bbox 1063 4578 1156 4631; x_wconf 77' lang='lat' dir='ltr'><strong>xal.</strong></span> <span class='ocrx_word' id='word_1_686' title='bbox 1179 4579 1208 4630; x_wconf 89' lang='lat'><strong>6</strong></span> <span class='ocrx_word' id='word_1_687' title='bbox 1237 4576 1375 4648; x_wconf 87' lang='grc' dir='ltr'><strong>μετά</strong></span> <span class='ocrx_word' id='word_1_688' title='bbox 1402 4578 1500 4648; x_wconf 79' lang='grc' dir='ltr'>τὴν</span> <span class='ocrx_word' id='word_1_689' title='bbox 1529 4578 1593 4631; x_wconf 82' lang='grc' dir='ltr'><strong>ἐκ</strong></span> <span class='ocrx_word' id='word_1_690' title='bbox 1620 4578 1829 4649; x_wconf 89' lang='grc' dir='ltr'>νεκρῶν</span> <span class='ocrx_word' id='word_1_691' title='bbox 1863 4578 1991 4631; x_wconf 84' lang='grc' dir='ltr'>ἀνά-</span> 
     </span>
    </p>
   </div>
   <div class='ocr_carea' id='block_1_93' title="bbox 2104 4576 3671 4651">
    <p class='ocr_par' dir='ltr' id='par_1_93' title="bbox 2104 4579 3671 4651">
     <span class='ocr_line' id='line_1_93' title="bbox 2104 4579 3671 4651; baseline 0.002 -19"><span class='ocrx_word' id='word_1_692' title='bbox 2104 4580 2242 4649; x_wconf 75' lang='lat' dir='ltr'><strong>gitur</strong></span> <span class='ocrx_word' id='word_1_693' title='bbox 2276 4598 2291 4639; x_wconf 70' lang='grc' dir='ltr'><strong>ι</strong></span> <span class='ocrx_word' id='word_1_694' title='bbox 2325 4600 2349 4634; x_wconf 77' lang='grc' dir='ltr'><strong>ι</strong></span> <span class='ocrx_word' id='word_1_695' title='bbox 2389 4579 2452 4633; x_wconf 87' lang='grc' dir='ltr'>Ει</span> <span class='ocrx_word' id='word_1_696' title='bbox 2481 4580 2827 4639; x_wconf 77' lang='lat' dir='ltr'><strong>conﬁrmabit</strong></span> <span class='ocrx_word' id='word_1_697' title='bbox 2866 4590 3085 4651; x_wconf 90' lang='lat' dir='ltr'><strong>pactum</strong></span> <span class='ocrx_word' id='word_1_698' title='bbox 3118 4581 3306 4639; x_wconf 89' lang='lat' dir='ltr'><strong>multis</strong></span> <span class='ocrx_word' id='word_1_699' title='bbox 3334 4582 3671 4637; x_wconf 71' lang='lat' dir='ltr'><strong>hebdomade</strong></span> 
     </span>
    </p>
   </div>
   <div class='ocr_carea' id='block_1_94' title="bbox 421 4669 1994 4744">
    <p class='ocr_par' dir='ltr' id='par_1_94' title="bbox 421 4669 1994 4744">
     <span class='ocr_line' id='line_1_94' title="bbox 421 4669 1994 4744; baseline 0.003 -24"><span class='ocrx_word' id='word_1_700' title='bbox 421 4683 608 4721; x_wconf 83' lang='grc' dir='ltr'>στασιν</span> <span class='ocrx_word' id='word_1_701' title='bbox 654 4669 838 4722; x_wconf 80' lang='grc' dir='ltr'>αὑτοῦ.</span> <span class='ocrx_word' id='word_1_702' title='bbox 879 4670 993 4742; x_wconf 84' lang='grc' dir='ltr'>Πρὸ</span> <span class='ocrx_word' id='word_1_703' title='bbox 1022 4671 1119 4741; x_wconf 83' lang='grc' dir='ltr'><strong>μὲν</strong></span> <span class='ocrx_word' id='word_1_704' title='bbox 1145 4671 1252 4743; x_wconf 83' lang='grc' dir='ltr'><strong>γάρ</strong></span> <span class='ocrx_word' id='word_1_705' title='bbox 1277 4669 1371 4724; x_wconf 91' lang='grc' dir='ltr'><strong>τοῦ</strong></span> <span class='ocrx_word' id='word_1_706' title='bbox 1400 4670 1604 4735; x_wconf 83' lang='grc' dir='ltr'>πάθους</span> <span class='ocrx_word' id='word_1_707' title='bbox 1627 4671 1721 4725; x_wconf 72' lang='grc' dir='ltr'><strong>ἐπὶ</strong></span> <span class='ocrx_word' id='word_1_708' title='bbox 1743 4670 1870 4744; x_wconf 87' lang='grc' dir='ltr'>τρία</span> <span class='ocrx_word' id='word_1_709' title='bbox 1901 4673 1994 4726; x_wconf 74' lang='grc' dir='ltr'><strong>καὶ</strong></span> 
     </span>
    </p>
   </div>
   <div class='ocr_carea' id='block_1_95' title="bbox 416 4759 1993 4835">
    <p class='ocr_par' dir='ltr' id='par_1_95' title="bbox 416 4759 1993 4835">
     <span class='ocr_line' id='line_1_95' title="bbox 416 4759 1993 4835; baseline 0.005 -25"><span class='ocrx_word' id='word_1_710' title='bbox 416 4759 589 4829; x_wconf 74' lang='grc' dir='ltr'>ἥμισυ</span> <span class='ocrx_word' id='word_1_711' title='bbox 628 4759 724 4831; x_wconf 79' lang='grc' dir='ltr'><strong>ἔτη</strong></span> <span class='ocrx_word' id='word_1_712' title='bbox 761 4763 875 4824; x_wconf 85' lang='grc' dir='ltr'>τοῖς</span> <span class='ocrx_word' id='word_1_713' title='bbox 915 4763 1079 4816; x_wconf 80' lang='grc' dir='ltr'>πᾶσιν</span> <span class='ocrx_word' id='word_1_714' title='bbox 1119 4764 1310 4817; x_wconf 84' lang='grc' dir='ltr'>ἑαυτὸν</span> <span class='ocrx_word' id='word_1_715' title='bbox 1350 4762 1604 4835; x_wconf 85' lang='grc' dir='ltr'>παρέχων</span> <span class='ocrx_word' id='word_1_716' title='bbox 1639 4764 1905 4834; x_wconf 86' lang='grc' dir='ltr'>μαθηταῖς</span> <span class='ocrx_word' id='word_1_717' title='bbox 1931 4783 1993 4818; x_wconf 89' lang='grc' dir='ltr'><strong>τε</strong></span> 
     </span>
    </p>
   </div>
   <div class='ocr_carea' id='block_1_96' title="bbox 417 4848 2001 4926">
    <p class='ocr_par' dir='ltr' id='par_1_96' title="bbox 417 4848 2001 4926">
     <span class='ocr_line' id='line_1_96' title="bbox 417 4848 2001 4926; baseline 0.001 -20"><span class='ocrx_word' id='word_1_718' title='bbox 417 4848 513 4906; x_wconf 73' lang='grc' dir='ltr'><strong>καὶ</strong></span> <span class='ocrx_word' id='word_1_719' title='bbox 536 4851 649 4912; x_wconf 79' lang='grc' dir='ltr'>τοῖς</span> <span class='ocrx_word' id='word_1_720' title='bbox 680 4849 755 4921; x_wconf 81' lang='grc' dir='ltr'>μὴ</span> <span class='ocrx_word' id='word_1_721' title='bbox 781 4852 1040 4917; x_wconf 88' lang='grc' dir='ltr'>τοιούτοις</span> <span class='ocrx_word' id='word_1_722' title='bbox 1060 4855 1492 4926; x_wconf 85' lang='grc' dir='ltr'>ἀναγέγραπται·</span> <span class='ocrx_word' id='word_1_723' title='bbox 1523 4855 1643 4909; x_wconf 85' lang='grc' dir='ltr'>καθ’</span> <span class='ocrx_word' id='word_1_724' title='bbox 1669 4857 1728 4911; x_wconf 80' lang='grc' dir='ltr'>ὃν</span> <span class='ocrx_word' id='word_1_725' title='bbox 1748 4857 2001 4911; x_wconf 82' lang='grc' dir='ltr'>διδασκα-,</span> 
     </span>
    </p>
   </div>
   <div class='ocr_carea' id='block_1_97' title="bbox 415 4940 1990 5021">
    <p class='ocr_par' dir='ltr' id='par_1_97' title="bbox 415 4940 1990 5021">
     <span class='ocr_line' id='line_1_97' title="bbox 415 4940 1990 5021; baseline 0.008 -29"><span class='ocrx_word' id='word_1_726' title='bbox 415 4940 557 5005; x_wconf 85' lang='grc' dir='ltr'>λίαις</span> <span class='ocrx_word' id='word_1_727' title='bbox 595 4944 917 5016; x_wconf 81' lang='grc' dir='ltr'>παραδόξοις</span> <span class='ocrx_word' id='word_1_728' title='bbox 949 4964 1009 4999; x_wconf 91' lang='grc' dir='ltr'><strong>τε</strong></span> <span class='ocrx_word' id='word_1_729' title='bbox 1051 4946 1389 5019; x_wconf 77' lang='grc' dir='ltr'>θεραπείαις,</span> <span class='ocrx_word' id='word_1_730' title='bbox 1414 4951 1513 5019; x_wconf 82' lang='grc' dir='ltr'><strong>τῆς</strong></span> <span class='ocrx_word' id='word_1_731' title='bbox 1542 4950 1793 5021; x_wconf 84' lang='grc' dir='ltr'>θεότητος</span> <span class='ocrx_word' id='word_1_732' title='bbox 1827 4951 1990 5004; x_wconf 80' lang='grc' dir='ltr'>αὐτοῦ</span> 
     </span>
    </p>
   </div>
   <div class='ocr_carea' id='block_1_98' title="bbox 411 5033 1992 5115">
    <p class='ocr_par' dir='ltr' id='par_1_98' title="bbox 411 5033 1992 5115">
     <span class='ocr_line' id='line_1_98' title="bbox 411 5033 1992 5115; baseline 0.005 -28"><span class='ocrx_word' id='word_1_733' title='bbox 411 5033 514 5099; x_wconf 71' lang='grc' dir='ltr'>τὰς</span> <span class='ocrx_word' id='word_1_734' title='bbox 543 5036 802 5109; x_wconf 84' lang='grc' dir='ltr'>δυνάμεις</span> <span class='ocrx_word' id='word_1_735' title='bbox 830 5040 994 5093; x_wconf 80' lang='grc' dir='ltr'>πᾶσιν</span> <span class='ocrx_word' id='word_1_736' title='bbox 1030 5040 1220 5106; x_wconf 86' lang='grc' dir='ltr'>ἁπλῶς</span> <span class='ocrx_word' id='word_1_737' title='bbox 1248 5042 1471 5115; x_wconf 84' lang='grc' dir='ltr'>Ἕλλησί</span> <span class='ocrx_word' id='word_1_738' title='bbox 1496 5060 1557 5097; x_wconf 90' lang='grc' dir='ltr'><strong>τε</strong></span> <span class='ocrx_word' id='word_1_739' title='bbox 1587 5044 1680 5097; x_wconf 73' lang='grc' dir='ltr'><strong>καὶ</strong></span> <span class='ocrx_word' id='word_1_740' title='bbox 1719 5044 1992 5108; x_wconf 89' lang='grc' dir='ltr'>Ἰουδαίοις</span> 
     </span>
    </p>
   </div>
   <div class='ocr_carea' id='block_1_99' title="bbox 414 5127 1989 5205">
    <p class='ocr_par' dir='ltr' id='par_1_99' title="bbox 414 5127 1989 5205">
     <span class='ocr_line' id='line_1_99' title="bbox 414 5127 1989 5205; baseline 0.007 -27"><span class='ocrx_word' id='word_1_741' title='bbox 414 5127 738 5200; x_wconf 68' lang='grc' dir='ltr'><strong>παρείχετο⁸</strong></span> <span class='ocrx_word' id='word_1_742' title='bbox 771 5130 910 5200; x_wconf 82' lang='grc' dir='ltr'><strong>μετά</strong></span> <span class='ocrx_word' id='word_1_743' title='bbox 956 5131 1013 5183; x_wconf 84' lang='grc' dir='ltr'>δὲ</span> <span class='ocrx_word' id='word_1_744' title='bbox 1054 5131 1152 5202; x_wconf 79' lang='grc' dir='ltr'>τὴν</span> <span class='ocrx_word' id='word_1_745' title='bbox 1185 5134 1251 5187; x_wconf 86' lang='grc' dir='ltr'><strong>ἑκ</strong></span> <span class='ocrx_word' id='word_1_746' title='bbox 1298 5134 1509 5205; x_wconf 87' lang='grc' dir='ltr'>νεκρῶν</span> <span class='ocrx_word' id='word_1_747' title='bbox 1558 5134 1854 5191; x_wconf 86' lang='grc' dir='ltr'>ἀνάστασιν</span> <span class='ocrx_word' id='word_1_748' title='bbox 1897 5136 1989 5189; x_wconf 81' lang='grc' dir='ltr'><strong>τὸν</strong></span> 
     </span>
    </p>
   </div>
   <div class='ocr_carea' id='block_1_100' title="bbox 413 5218 1988 5298">
    <p class='ocr_par' dir='ltr' id='par_1_100' title="bbox 413 5218 1988 5298">
     <span class='ocr_line' id='line_1_100' title="bbox 413 5218 1988 5298; baseline 0.007 -28"><span class='ocrx_word' id='word_1_749' title='bbox 413 5218 547 5282; x_wconf 72' lang='grc' dir='ltr'>ἴσον,</span> <span class='ocrx_word' id='word_1_750' title='bbox 579 5220 656 5284; x_wconf 85' lang='grc' dir='ltr'><strong>ὡς</strong></span> <span class='ocrx_word' id='word_1_751' title='bbox 684 5222 852 5286; x_wconf 77' lang='grc' dir='ltr'>εἰκὸς,</span> <span class='ocrx_word' id='word_1_752' title='bbox 877 5223 985 5275; x_wconf 88' lang='grc' dir='ltr'><strong>τῶν</strong></span> <span class='ocrx_word' id='word_1_753' title='bbox 1007 5225 1146 5277; x_wconf 84' lang='grc' dir='ltr'>ἑτῶν</span> <span class='ocrx_word' id='word_1_754' title='bbox 1166 5226 1355 5296; x_wconf 89' lang='grc' dir='ltr'>χρόνον</span> <span class='ocrx_word' id='word_1_755' title='bbox 1375 5229 1488 5290; x_wconf 86' lang='grc' dir='ltr'>τοῖς</span> <span class='ocrx_word' id='word_1_756' title='bbox 1505 5227 1698 5280; x_wconf 86' lang='grc' dir='ltr'>ἑαυτοῦ</span> <span class='ocrx_word' id='word_1_757' title='bbox 1722 5227 1988 5298; x_wconf 84' lang='grc' dir='ltr'>μαθηταῖς</span> 
     </span>
    </p>
   </div>
   <div class='ocr_carea' id='block_1_101' title="bbox 411 5311 1990 5390">
    <p class='ocr_par' dir='ltr' id='par_1_101' title="bbox 411 5311 1990 5390">
     <span class='ocr_line' id='line_1_101' title="bbox 411 5311 1990 5390; baseline 0.007 -27"><span class='ocrx_word' id='word_1_758' title='bbox 411 5311 506 5364; x_wconf 71' lang='grc' dir='ltr'>καὶ</span> <span class='ocrx_word' id='word_1_759' title='bbox 533 5312 849 5378; x_wconf 85' lang='grc' dir='ltr'>ἀποστόλοις</span> <span class='ocrx_word' id='word_1_760' title='bbox 869 5314 1059 5384; x_wconf 79' lang='grc' dir='ltr'>συνῆν,</span> <span class='ocrx_word' id='word_1_761' title='bbox 1075 5316 1140 5368; x_wconf 83' lang='grc' dir='ltr'>δι’</span> <span class='ocrx_word' id='word_1_762' title='bbox 1162 5318 1382 5388; x_wconf 83' lang='grc' dir='ltr'>ἡμερῶν</span> <span class='ocrx_word' id='word_1_763' title='bbox 1395 5320 1803 5390; x_wconf 85' lang='grc' dir='ltr'>τεσσαράκοντα</span> <span class='ocrx_word' id='word_1_764' title='bbox 1820 5321 1990 5375; x_wconf 82' lang='grc' dir='ltr'>ὀπτα-</span> 
     </span>
    </p>
   </div>
   <div class='ocr_carea' id='block_1_102' title="bbox 410 5401 1986 5483">
    <p class='ocr_par' dir='ltr' id='par_1_102' title="bbox 410 5401 1986 5483">
     <span class='ocr_line' id='line_1_102' title="bbox 410 5401 1986 5483; baseline 0.007 -29"><span class='ocrx_word' id='word_1_765' title='bbox 410 5401 632 5472; x_wconf 86' lang='grc' dir='ltr'>νόμενος</span> <span class='ocrx_word' id='word_1_766' title='bbox 646 5405 850 5471; x_wconf 85' lang='grc' dir='ltr'>αὐτοῖς,</span> <span class='ocrx_word' id='word_1_767' title='bbox 870 5407 966 5459; x_wconf 73' lang='grc' dir='ltr'><strong>καὶ</strong></span> <span class='ocrx_word' id='word_1_768' title='bbox 991 5408 1272 5473; x_wconf 78' lang='grc' dir='ltr'>συναυλιξό</span> <span class='ocrx_word' id='word_1_769' title='bbox 1280 5412 1559 5479; x_wconf 76' lang='grc' dir='ltr'>μενος,καὶ</span> <span class='ocrx_word' id='word_1_770' title='bbox 1574 5410 1748 5480; x_wconf 82' lang='grc' dir='ltr'>λέγων</span> <span class='ocrx_word' id='word_1_771' title='bbox 1774 5411 1844 5464; x_wconf 78' lang='grc' dir='ltr'>τὰ</span> <span class='ocrx_word' id='word_1_772' title='bbox 1859 5429 1925 5465; x_wconf 83' lang='grc' dir='ltr'><strong>πε</strong></span> <span class='ocrx_word' id='word_1_773' title='bbox 1935 5414 1986 5483; x_wconf 82' lang='grc' dir='ltr'>ρὶ</span> 
     </span>
    </p>
   </div>
   <div class='ocr_carea' id='block_1_103' title="bbox 407 5494 1988 5573">
    <p class='ocr_par' dir='ltr' id='par_1_103' title="bbox 407 5494 1988 5573">
     <span class='ocr_line' id='line_1_103' title="bbox 407 5494 1988 5573; baseline 0.007 -26"><span class='ocrx_word' id='word_1_774' title='bbox 407 5494 510 5564; x_wconf 80' lang='grc' dir='ltr'>τῆς</span> <span class='ocrx_word' id='word_1_775' title='bbox 531 5494 807 5565; x_wconf 84' lang='grc' dir='ltr'>βασιλείας</span> <span class='ocrx_word' id='word_1_776' title='bbox 825 5498 920 5552; x_wconf 85' lang='grc' dir='ltr'><strong>τοῦ</strong></span> <span class='ocrx_word' id='word_1_777' title='bbox 945 5498 1103 5564; x_wconf 86' lang='grc' dir='ltr'>Θεοῦ,</span> <span class='ocrx_word' id='word_1_778' title='bbox 1122 5500 1198 5564; x_wconf 83' lang='grc' dir='ltr'>ὡς</span> <span class='ocrx_word' id='word_1_779' title='bbox 1224 5500 1355 5568; x_wconf 80' lang='grc' dir='ltr'>γοῦν</span> <span class='ocrx_word' id='word_1_780' title='bbox 1377 5504 1441 5555; x_wconf 70' lang='grc' dir='ltr'>αἱ</span> <span class='ocrx_word' id='word_1_781' title='bbox 1456 5502 1690 5573; x_wconf 81' lang='grc' dir='ltr'>Πράξεις</span> <span class='ocrx_word' id='word_1_782' title='bbox 1715 5504 1822 5557; x_wconf 87' lang='grc' dir='ltr'><strong>τῶν</strong></span> <span class='ocrx_word' id='word_1_783' title='bbox 1853 5505 1988 5558; x_wconf 87' lang='grc' dir='ltr'>ἁπο-</span> 
     </span>
    </p>
   </div>
   <div class='ocr_carea' id='block_1_104' title="bbox 410 5582 1985 5666">
    <p class='ocr_par' dir='ltr' id='par_1_104' title="bbox 410 5582 1985 5666">
     <span class='ocr_line' id='line_1_104' title="bbox 410 5582 1985 5666; baseline 0.007 -29"><span class='ocrx_word' id='word_1_784' title='bbox 410 5585 609 5639; x_wconf 75' lang='grc' dir='ltr'>στδ).ων</span> <span class='ocrx_word' id='word_1_785' title='bbox 637 5589 981 5660; x_wconf 76' lang='grc' dir='ltr'>περιέχουσιν</span> <span class='ocrx_word' id='word_1_786' title='bbox 997 5608 1011 5621; x_wconf 81' lang='lat'>&#39;</span> <span class='ocrx_word' id='word_1_787' title='bbox 1040 5591 1115 5655; x_wconf 82' lang='grc' dir='ltr'>ὡς</span> <span class='ocrx_word' id='word_1_788' title='bbox 1140 5586 1281 5644; x_wconf 82' lang='grc' dir='ltr'>εἶναι</span> <span class='ocrx_word' id='word_1_789' title='bbox 1306 5591 1510 5662; x_wconf 80' lang='grc' dir='ltr'>ταύτην</span> <span class='ocrx_word' id='word_1_790' title='bbox 1531 5592 1626 5665; x_wconf 81' lang='grc' dir='ltr'>τὴν</span> <span class='ocrx_word' id='word_1_791' title='bbox 1650 5582 1985 5666; x_wconf 80' lang='grc' dir='ltr'>δηλουμένην</span> 
     </span>
    </p>
   </div>
   <div class='ocr_carea' id='block_1_105' title="bbox 406 5677 1987 5757">
    <p class='ocr_par' dir='ltr' id='par_1_105' title="bbox 406 5677 1987 5757">
     <span class='ocr_line' id='line_1_105' title="bbox 406 5677 1987 5757; baseline 0.008 -29"><span class='ocrx_word' id='word_1_792' title='bbox 406 5677 506 5747; x_wconf 81' lang='grc' dir='ltr'><strong>τῆς</strong></span> <span class='ocrx_word' id='word_1_793' title='bbox 541 5681 877 5752; x_wconf 80' lang='grc' dir='ltr'>προφητείας</span> <span class='ocrx_word' id='word_1_794' title='bbox 913 5681 1023 5736; x_wconf 91' lang='grc' dir='ltr'><strong>τῶν</strong></span> <span class='ocrx_word' id='word_1_795' title='bbox 1061 5682 1197 5737; x_wconf 82' lang='grc' dir='ltr'>ἑτῶν</span> <span class='ocrx_word' id='word_1_796' title='bbox 1242 5683 1534 5755; x_wconf 84' lang='grc' dir='ltr'>ἑϐδομάδα,</span> <span class='ocrx_word' id='word_1_797' title='bbox 1560 5688 1682 5739; x_wconf 73' lang='grc' dir='ltr'>καθ’</span> <span class='ocrx_word' id='word_1_798' title='bbox 1713 5686 1777 5757; x_wconf 80' lang='grc' dir='ltr'>ἣν</span> <span class='ocrx_word' id='word_1_799' title='bbox 1810 5686 1987 5740; x_wconf 80' lang='grc' dir='ltr'>ἐνεδυ-</span> 
     </span>
    </p>
   </div>
   <div class='ocr_carea' id='block_1_106' title="bbox 405 5770 1986 5849">
    <p class='ocr_par' dir='ltr' id='par_1_106' title="bbox 405 5770 1986 5849">
     <span class='ocr_line' id='line_1_106' title="bbox 405 5770 1986 5849; baseline 0.007 -29"><span class='ocrx_word' id='word_1_800' title='bbox 405 5770 625 5839; x_wconf 77' lang='grc' dir='ltr'>νάμωσε</span> <span class='ocrx_word' id='word_1_801' title='bbox 654 5773 932 5848; x_wconf 31' lang='grc' dir='ltr'>Διαθήικην</span> <span class='ocrx_word' id='word_1_802' title='bbox 958 5774 1189 5840; x_wconf 79' lang='grc' dir='ltr'>πολλοῖς,</span> <span class='ocrx_word' id='word_1_803' title='bbox 1220 5776 1316 5847; x_wconf 80' lang='grc' dir='ltr'><strong>τὴν</strong></span> <span class='ocrx_word' id='word_1_804' title='bbox 1343 5777 1535 5849; x_wconf 80' lang='grc' dir='ltr'>καινὴν</span> <span class='ocrx_word' id='word_1_805' title='bbox 1563 5777 1759 5849; x_wconf 81' lang='grc' dir='ltr'>δηλαδὴ</span> <span class='ocrx_word' id='word_1_806' title='bbox 1789 5777 1986 5849; x_wconf 84' lang='grc' dir='ltr'>Διαθή-</span> 
     </span>
    </p>
   </div>
   <div class='ocr_carea' id='block_1_107' title="bbox 406 5861 1983 5940">
    <p class='ocr_par' dir='ltr' id='par_1_107' title="bbox 406 5861 1983 5940">
     <span class='ocr_line' id='line_1_107' title="bbox 406 5861 1983 5940; baseline 0.008 -30"><span class='ocrx_word' id='word_1_807' title='bbox 406 5874 510 5928; x_wconf 72' lang='grc' dir='ltr'><strong>κην</strong></span> <span class='ocrx_word' id='word_1_808' title='bbox 538 5861 628 5916; x_wconf 79' lang='grc' dir='ltr'><strong>τοῦ</strong></span> <span class='ocrx_word' id='word_1_809' title='bbox 669 5864 1023 5933; x_wconf 75' lang='grc' dir='ltr'>εὐαγγελικοῦ</span> <span class='ocrx_word' id='word_1_810' title='bbox 1056 5868 1411 5939; x_wconf 72' lang='grc' dir='ltr'>κηρύγματος</span> <span class='ocrx_word' id='word_1_811' title='bbox 1440 5868 1738 5940; x_wconf 79' lang='grc' dir='ltr'>κρατύνων.</span> <span class='ocrx_word' id='word_1_812' title='bbox 1769 5868 1890 5922; x_wconf 80' lang='grc' dir='ltr'>Τίσι</span> <span class='ocrx_word' id='word_1_813' title='bbox 1927 5869 1983 5923; x_wconf 80' lang='grc' dir='ltr'>δὲ</span> 
     </span>
    </p>
   </div>
   <div class='ocr_carea' id='block_1_108' title="bbox 2098 4671 3669 4733">
    <p class='ocr_par' dir='ltr' id='par_1_108' title="bbox 2098 4671 3669 4733">
     <span class='ocr_line' id='line_1_108' title="bbox 2098 4671 3669 4733; baseline 0.001 -9"><span class='ocrx_word' id='word_1_814' title='bbox 2098 4688 2227 4733; x_wconf 70' lang='lat' dir='ltr'><strong>una,</strong></span> <span class='ocrx_word' id='word_1_815' title='bbox 2258 4679 2321 4726; x_wconf 22' lang='lat' dir='ltr'><strong>et.</strong></span> <span class='ocrx_word' id='word_1_816' title='bbox 2344 4671 2396 4727; x_wconf 93' lang='lat' dir='ltr'><strong>in</strong></span> <span class='ocrx_word' id='word_1_817' title='bbox 2427 4671 2608 4729; x_wconf 80' lang='lat' dir='ltr'><strong>medio</strong></span> <span class='ocrx_word' id='word_1_818' title='bbox 2638 4671 2996 4727; x_wconf 89' lang='lat' dir='ltr'><strong>hebdomadis</strong></span> <span class='ocrx_word' id='word_1_819' title='bbox 3027 4672 3306 4729; x_wconf 81' lang='lat' dir='ltr'><strong>auferetur</strong></span> <span class='ocrx_word' id='word_1_820' title='bbox 3337 4673 3669 4728; x_wconf 86' lang='lat' dir='ltr'><strong>sacriﬁcium</strong></span> 
     </span>
    </p>
   </div>
   <div class='ocr_carea' id='block_1_109' title="bbox 2095 4763 3668 4833">
    <p class='ocr_par' dir='ltr' id='par_1_109' title="bbox 2095 4763 3668 4833">
     <span class='ocr_line' id='line_1_109' title="bbox 2095 4763 3668 4833; baseline -0.001 -15"><span class='ocrx_word' id='word_1_821' title='bbox 2095 4764 2386 4827; x_wconf 61' lang='lat' dir='ltr'><strong>etlihatio,</strong></span> <span class='ocrx_word' id='word_1_822' title='bbox 2433 4771 2489 4818; x_wconf 91' lang='lat' dir='ltr'><strong>et</strong></span> <span class='ocrx_word' id='word_1_823' title='bbox 2518 4763 2572 4817; x_wconf 91' lang='lat' dir='ltr'><strong>in</strong></span> <span class='ocrx_word' id='word_1_824' title='bbox 2622 4763 2825 4833; x_wconf 88' lang='lat' dir='ltr'><strong>templo</strong></span> <span class='ocrx_word' id='word_1_825' title='bbox 2881 4764 3215 4819; x_wconf 88' lang='lat' dir='ltr'><strong>abominatio</strong></span> <span class='ocrx_word' id='word_1_826' title='bbox 3275 4763 3668 4819; x_wconf 88' lang='lat' dir='ltr'><strong>desolationum</strong></span> 
     </span>
    </p>
   </div>
   <div class='ocr_carea' id='block_1_110' title="bbox 2094 4853 3672 4925">
    <p class='ocr_par' dir='ltr' id='par_1_110' title="bbox 2094 4853 3672 4925">
     <span class='ocr_line' id='line_1_110' title="bbox 2094 4853 3672 4925; baseline 0.001 -18"><span class='ocrx_word' id='word_1_827' title='bbox 2094 4854 2218 4917; x_wconf 79' lang='lat' dir='ltr'><strong>erit,</strong></span> <span class='ocrx_word' id='word_1_828' title='bbox 2249 4863 2305 4908; x_wconf 89' lang='lat' dir='ltr'><strong>et</strong></span> <span class='ocrx_word' id='word_1_829' title='bbox 2343 4869 2517 4916; x_wconf 80' lang='lat' dir='ltr'><strong>usque</strong></span> <span class='ocrx_word' id='word_1_830' title='bbox 2568 4853 2637 4908; x_wconf 88' lang='lat' dir='ltr'><strong>ad</strong></span> <span class='ocrx_word' id='word_1_831' title='bbox 2683 4856 3208 4910; x_wconf 79' lang='lat' dir='ltr'><strong>consummationem</strong></span> <span class='ocrx_word' id='word_1_832' title='bbox 3242 4854 3507 4925; x_wconf 79' lang='lat' dir='ltr'><strong>temporis</strong></span> <span class='ocrx_word' id='word_1_833' title='bbox 3537 4869 3672 4910; x_wconf 82' lang='lat' dir='ltr'><strong>con-</strong></span> 
     </span>
    </p>
   </div>
   <div class='ocr_carea' id='block_1_111' title="bbox 2092 4944 3671 5015">
    <p class='ocr_par' dir='ltr' id='par_1_111' title="bbox 2092 4944 3671 5015">
     <span class='ocr_line' id='line_1_111' title="bbox 2092 4944 3671 5015; baseline 0.002 -16"><span class='ocrx_word' id='word_1_834' title='bbox 2092 4944 2384 5005; x_wconf 81' lang='lat' dir='ltr'><strong>summatio</strong></span> <span class='ocrx_word' id='word_1_835' title='bbox 2409 4944 2627 5001; x_wconf 86' lang='lat' dir='ltr'><strong>dabitur</strong></span> <span class='ocrx_word' id='word_1_836' title='bbox 2657 4944 2711 4999; x_wconf 92' lang='lat' dir='ltr'><strong>in</strong></span> <span class='ocrx_word' id='word_1_837' title='bbox 2745 4945 3162 5002; x_wconf 88' lang='lat' dir='ltr'><strong>desolationem.</strong></span> <span class='ocrx_word' id='word_1_838' title='bbox 3201 4966 3220 4998; x_wconf 82' lang='grc' dir='ltr'><strong>ι</strong></span> <span class='ocrx_word' id='word_1_839' title='bbox 3259 4946 3365 5002; x_wconf 77' lang='lat' dir='ltr'><strong>Sed</strong></span> <span class='ocrx_word' id='word_1_840' title='bbox 3406 4946 3521 5015; x_wconf 89' lang='lat' dir='ltr'><strong>jam</strong></span> <span class='ocrx_word' id='word_1_841' title='bbox 3555 4946 3671 5002; x_wconf 68' lang='lat' dir='ltr'><strong>hmo</strong></span> 
     </span>
    </p>
   </div>
   <div class='ocr_carea' id='block_1_112' title="bbox 2092 5035 3670 5109">
    <p class='ocr_par' dir='ltr' id='par_1_112' title="bbox 2092 5035 3670 5109">
     <span class='ocr_line' id='line_1_112' title="bbox 2092 5035 3670 5109; baseline -0.001 -16"><span class='ocrx_word' id='word_1_842' title='bbox 2092 5053 2334 5109; x_wconf 87' lang='lat' dir='ltr'><strong>quonam</strong></span> <span class='ocrx_word' id='word_1_843' title='bbox 2388 5046 2547 5108; x_wconf 88' lang='lat' dir='ltr'><strong>pacto</strong></span> <span class='ocrx_word' id='word_1_844' title='bbox 2589 5038 2857 5107; x_wconf 89' lang='lat' dir='ltr'><strong>completa</strong></span> <span class='ocrx_word' id='word_1_845' title='bbox 2914 5038 3045 5103; x_wconf 89' lang='lat' dir='ltr'><strong>sint,</strong></span> <span class='ocrx_word' id='word_1_846' title='bbox 3107 5038 3477 5108; x_wconf 79' lang='lat' dir='ltr'><strong>exploremus.</strong></span> <span class='ocrx_word' id='word_1_847' title='bbox 3524 5035 3670 5091; x_wconf 83' lang='lat' dir='ltr'><strong>Sane</strong></span> 
     </span>
    </p>
   </div>
   <div class='ocr_carea' id='block_1_113' title="bbox 2091 5127 3671 5198">
    <p class='ocr_par' dir='ltr' id='par_1_113' title="bbox 2091 5127 3671 5198">
     <span class='ocr_line' id='line_1_113' title="bbox 2091 5127 3671 5198; baseline 0 -16"><span class='ocrx_word' id='word_1_848' title='bbox 2091 5129 2366 5198; x_wconf 87' lang='lat' dir='ltr'><strong>proditum</strong></span> <span class='ocrx_word' id='word_1_849' title='bbox 2394 5134 2479 5184; x_wconf 87' lang='lat' dir='ltr'><strong>est</strong></span> <span class='ocrx_word' id='word_1_850' title='bbox 2510 5130 2788 5185; x_wconf 69' lang='lat' dir='ltr'><strong>memoria:</strong></span> <span class='ocrx_word' id='word_1_851' title='bbox 2826 5143 2988 5182; x_wconf 89' lang='lat' dir='ltr'><strong>omne</strong></span> <span class='ocrx_word' id='word_1_852' title='bbox 3015 5130 3280 5182; x_wconf 75' lang='lat' dir='ltr'><strong>doctrina:</strong></span> <span class='ocrx_word' id='word_1_853' title='bbox 3318 5127 3671 5183; x_wconf 88' lang='lat' dir='ltr'><strong>eruditionis-</strong></span> 
     </span>
    </p>
   </div>
   <div class='ocr_carea' id='block_1_114' title="bbox 2091 5219 3666 5291">
    <p class='ocr_par' dir='ltr' id='par_1_114' title="bbox 2091 5219 3666 5291">
     <span class='ocr_line' id='line_1_114' title="bbox 2091 5219 3666 5291; baseline -0.001 -18"><span class='ocrx_word' id='word_1_854' title='bbox 2091 5237 2199 5291; x_wconf 89' lang='lat' dir='ltr'><strong>que</strong></span> <span class='ocrx_word' id='word_1_855' title='bbox 2245 5222 2633 5276; x_wconf 89' lang='lat' dir='ltr'><strong>miraculorum</strong></span> <span class='ocrx_word' id='word_1_856' title='bbox 2686 5221 2987 5276; x_wconf 88' lang='lat' dir='ltr'><strong>Salvatoris</strong></span> <span class='ocrx_word' id='word_1_857' title='bbox 3018 5220 3192 5277; x_wconf 88' lang='lat' dir='ltr'><strong>nostri</strong></span> <span class='ocrx_word' id='word_1_858' title='bbox 3228 5227 3463 5290; x_wconf 85' lang='lat' dir='ltr'><strong>tempus,</strong></span> <span class='ocrx_word' id='word_1_859' title='bbox 3498 5219 3666 5274; x_wconf 88' lang='lat' dir='ltr'><strong>trium</strong></span> 
     </span>
    </p>
   </div>
   <div class='ocr_carea' id='block_1_115' title="bbox 2091 5309 3664 5383">
    <p class='ocr_par' dir='ltr' id='par_1_115' title="bbox 2091 5309 3664 5383">
     <span class='ocr_line' id='line_1_115' title="bbox 2091 5309 3664 5383; baseline -0.001 -17"><span class='ocrx_word' id='word_1_860' title='bbox 2091 5327 2358 5366; x_wconf 89' lang='lat' dir='ltr'><strong>annorum</strong></span> <span class='ocrx_word' id='word_1_861' title='bbox 2391 5320 2446 5366; x_wconf 91' lang='lat' dir='ltr'><strong>ct</strong></span> <span class='ocrx_word' id='word_1_862' title='bbox 2480 5312 2647 5368; x_wconf 91' lang='lat' dir='ltr'><strong>semis</strong></span> <span class='ocrx_word' id='word_1_863' title='bbox 2683 5312 2856 5368; x_wconf 83' lang='lat' dir='ltr'><strong>fuisse</strong></span> <span class='ocrx_word' id='word_1_864' title='bbox 2883 5331 2895 5366; x_wconf 90' lang='lat'><strong>:</strong></span> <span class='ocrx_word' id='word_1_865' title='bbox 2928 5311 3075 5382; x_wconf 91' lang='lat' dir='ltr'><strong>quod</strong></span> <span class='ocrx_word' id='word_1_866' title='bbox 3101 5311 3318 5383; x_wconf 88' lang='lat' dir='ltr'><strong>quidem</strong></span> <span class='ocrx_word' id='word_1_867' title='bbox 3339 5320 3421 5367; x_wconf 89' lang='lat' dir='ltr'><strong>est</strong></span> <span class='ocrx_word' id='word_1_868' title='bbox 3458 5309 3664 5366; x_wconf 87' lang='lat' dir='ltr'><strong>hebdo-</strong></span> 
     </span>
    </p>
   </div>
   <div class='ocr_carea' id='block_1_116' title="bbox 2091 5404 3669 5476">
    <p class='ocr_par' dir='ltr' id='par_1_116' title="bbox 2091 5404 3669 5476">
     <span class='ocr_line' id='line_1_116' title="bbox 2091 5404 3669 5476; baseline 0.003 -20"><span class='ocrx_word' id='word_1_869' title='bbox 2091 5405 2266 5459; x_wconf 89' lang='lat' dir='ltr'><strong>madis</strong></span> <span class='ocrx_word' id='word_1_870' title='bbox 2302 5405 2465 5460; x_wconf 89' lang='lat' dir='ltr'><strong>unius</strong></span> <span class='ocrx_word' id='word_1_871' title='bbox 2498 5405 2807 5460; x_wconf 87' lang='lat' dir='ltr'><strong>dimidium.</strong></span> <span class='ocrx_word' id='word_1_872' title='bbox 2842 5404 2958 5460; x_wconf 81' lang='lat' dir='ltr'><strong>Hoc</strong></span> <span class='ocrx_word' id='word_1_873' title='bbox 3004 5406 3184 5476; x_wconf 88' lang='lat' dir='ltr'><strong>ipsum</strong></span> <span class='ocrx_word' id='word_1_874' title='bbox 3226 5405 3463 5476; x_wconf 87' lang='lat' dir='ltr'><strong>quodam</strong></span> <span class='ocrx_word' id='word_1_875' title='bbox 3507 5404 3669 5460; x_wconf 89' lang='lat' dir='ltr'><strong>modo</strong></span> 
     </span>
    </p>
   </div>
   <div class='ocr_carea' id='block_1_117' title="bbox 2087 5477 3666 5569">
    <p class='ocr_par' dir='ltr' id='par_1_117' title="bbox 2087 5477 3666 5569">
     <span class='ocr_line' id='line_1_117' title="bbox 2087 5477 3666 5569; baseline -0.001 -17"><span class='ocrx_word' id='word_1_876' title='bbox 2087 5497 2324 5554; x_wconf 84' lang='lat' dir='ltr'><strong>Joannes</strong></span> <span class='ocrx_word' id='word_1_877' title='bbox 2372 5499 2703 5569; x_wconf 79' lang='lat' dir='ltr'><strong>evangelista</strong></span> <span class='ocrx_word' id='word_1_878' title='bbox 2750 5497 3110 5554; x_wconf 88' lang='lat' dir='ltr'><strong>attentissime</strong></span> <span class='ocrx_word' id='word_1_879' title='bbox 3155 5497 3277 5568; x_wconf 85' lang='lat' dir='ltr'><strong>ejus</strong></span> <span class='ocrx_word' id='word_1_880' title='bbox 3310 5477 3666 5568; x_wconf 67' lang='lat' dir='ltr'><strong>Evangelium</strong></span> 
     </span>
    </p>
   </div>
   <div class='ocr_carea' id='block_1_118' title="bbox 2088 5587 3668 5660">
    <p class='ocr_par' dir='ltr' id='par_1_118' title="bbox 2088 5587 3668 5660">
     <span class='ocr_line' id='line_1_118' title="bbox 2088 5587 3668 5660; baseline 0.001 -19"><span class='ocrx_word' id='word_1_881' title='bbox 2088 5587 2509 5644; x_wconf 87' lang='lat' dir='ltr'><strong>observantibus</strong></span> <span class='ocrx_word' id='word_1_882' title='bbox 2545 5587 2866 5659; x_wconf 78' lang='lat' dir='ltr'><strong>declarabit.</strong></span> <span class='ocrx_word' id='word_1_883' title='bbox 2898 5587 3016 5643; x_wconf 87' lang='lat' dir='ltr'><strong>Erit</strong></span> <span class='ocrx_word' id='word_1_884' title='bbox 3045 5588 3210 5660; x_wconf 83' lang='lat' dir='ltr'><strong>igitur</strong></span> <span class='ocrx_word' id='word_1_885' title='bbox 3241 5588 3542 5645; x_wconf 85' lang='lat' dir='ltr'><strong>hebdomas</strong></span> <span class='ocrx_word' id='word_1_886' title='bbox 3569 5603 3668 5643; x_wconf 47' lang='lat' dir='ltr'><strong>an.-</strong></span> 
     </span>
    </p>
   </div>
   <div class='ocr_carea' id='block_1_119' title="bbox 2088 5681 3667 5752">
    <p class='ocr_par' dir='ltr' id='par_1_119' title="bbox 2088 5681 3667 5752">
     <span class='ocr_line' id='line_1_119' title="bbox 2088 5681 3667 5752; baseline 0.001 -16"><span class='ocrx_word' id='word_1_887' title='bbox 2088 5697 2283 5737; x_wconf 88' lang='lat' dir='ltr'><strong>norum</strong></span> <span class='ocrx_word' id='word_1_888' title='bbox 2320 5696 2429 5736; x_wconf 88' lang='lat' dir='ltr'><strong>una</strong></span> <span class='ocrx_word' id='word_1_889' title='bbox 2457 5696 2619 5736; x_wconf 88' lang='lat' dir='ltr'><strong>omne</strong></span> <span class='ocrx_word' id='word_1_890' title='bbox 2652 5689 2889 5751; x_wconf 89' lang='lat' dir='ltr'><strong>tempus,</strong></span> <span class='ocrx_word' id='word_1_891' title='bbox 2922 5681 3069 5752; x_wconf 90' lang='lat' dir='ltr'><strong>quod</strong></span> <span class='ocrx_word' id='word_1_892' title='bbox 3099 5697 3222 5736; x_wconf 91' lang='lat' dir='ltr'><strong>cum</strong></span> <span class='ocrx_word' id='word_1_893' title='bbox 3255 5681 3519 5752; x_wconf 86' lang='lat' dir='ltr'><strong>apostolis</strong></span> <span class='ocrx_word' id='word_1_894' title='bbox 3548 5686 3667 5738; x_wconf 80' lang='lat' dir='ltr'><strong>suis</strong></span> 
     </span>
    </p>
   </div>
   <div class='ocr_carea' id='block_1_120' title="bbox 2088 5781 3667 5846">
    <p class='ocr_par' dir='ltr' id='par_1_120' title="bbox 2088 5781 3667 5846">
     <span class='ocr_line' id='line_1_120' title="bbox 2088 5781 3667 5846; baseline 0 -18"><span class='ocrx_word' id='word_1_895' title='bbox 2088 5783 2339 5831; x_wconf 70' lang='lat' dir='ltr'><strong>versatus</strong></span> <span class='ocrx_word' id='word_1_896' title='bbox 2372 5781 2476 5837; x_wconf 88' lang='lat' dir='ltr'><strong>est,</strong></span> <span class='ocrx_word' id='word_1_897' title='bbox 2525 5781 2639 5828; x_wconf 91' lang='lat' dir='ltr'><strong>tum</strong></span> <span class='ocrx_word' id='word_1_898' title='bbox 2674 5783 2964 5845; x_wconf 88' lang='lat' dir='ltr'><strong>antequam</strong></span> <span class='ocrx_word' id='word_1_899' title='bbox 2993 5791 3193 5846; x_wconf 87' lang='lat' dir='ltr'><strong>passus</strong></span> <span class='ocrx_word' id='word_1_900' title='bbox 3221 5784 3326 5842; x_wconf 88' lang='lat' dir='ltr'><strong>est,</strong></span> <span class='ocrx_word' id='word_1_901' title='bbox 3357 5782 3472 5831; x_wconf 91' lang='lat' dir='ltr'><strong>tum</strong></span> <span class='ocrx_word' id='word_1_902' title='bbox 3514 5782 3667 5845; x_wconf 90' lang='lat' dir='ltr'><strong>post-</strong></span> 
     </span>
    </p>
   </div>
   <div class='ocr_carea' id='block_1_121' title="bbox 2085 5865 3665 5940">
    <p class='ocr_par' dir='ltr' id='par_1_121' title="bbox 2085 5865 3665 5940">
     <span class='ocr_line' id='line_1_121' title="bbox 2085 5865 3665 5940; baseline -0.004 -15"><span class='ocrx_word' id='word_1_903' title='bbox 2085 5886 2249 5940; x_wconf 89' lang='lat' dir='ltr'><strong>quam</strong></span> <span class='ocrx_word' id='word_1_904' title='bbox 2292 5868 2362 5924; x_wconf 88' lang='lat' dir='ltr'><strong>de</strong></span> <span class='ocrx_word' id='word_1_905' title='bbox 2389 5876 2565 5922; x_wconf 89' lang='lat' dir='ltr'><strong>morte</strong></span> <span class='ocrx_word' id='word_1_906' title='bbox 2595 5867 2661 5922; x_wconf 88' lang='lat' dir='ltr'><strong>ad</strong></span> <span class='ocrx_word' id='word_1_907' title='bbox 2695 5865 2864 5923; x_wconf 80' lang='lat' dir='ltr'><strong>vitam</strong></span> <span class='ocrx_word' id='word_1_908' title='bbox 2894 5869 3145 5939; x_wconf 88' lang='lat' dir='ltr'><strong>revenit;</strong></span> <span class='ocrx_word' id='word_1_909' title='bbox 3177 5886 3301 5925; x_wconf 90' lang='lat' dir='ltr'><strong>nam</strong></span> <span class='ocrx_word' id='word_1_910' title='bbox 3332 5868 3477 5939; x_wconf 87' lang='lat' dir='ltr'><strong>quod</strong></span> <span class='ocrx_word' id='word_1_911' title='bbox 3505 5873 3665 5921; x_wconf 85' lang='lat' dir='ltr'><strong>ante-</strong></span> 
     </span>
    </p>
   </div>
  </div>
