  <div class='ocr_page' id='page_1' title='image "/cluster/home/n/w/nwhite01/storage/ocr_20150623/22:no.4/coo.31924054873025/327.png"; bbox 0 0 4098 6436; ppageno 0'>
   <div class='ocr_carea' id='block_1_1' title="bbox 360 435 455 491">
    <p class='ocr_par' dir='ltr' id='par_1_1' title="bbox 360 435 455 491">
     <span class='ocr_line' id='line_1_1' title="bbox 360 435 455 491; baseline -0.011 0"><span class='ocrx_word' id='word_1_1' title='bbox 360 435 455 491; x_wconf 70' lang='grc'><strong>62⁸1</strong></span> 
     </span>
    </p>
   </div>
   <div class='ocr_carea' id='block_1_2' title="bbox 995 417 2898 490">
    <p class='ocr_par' dir='ltr' id='par_1_2' title="bbox 995 417 2898 490">
     <span class='ocr_line' id='line_1_2' title="bbox 995 417 2898 490; baseline -0.009 -2"><span class='ocrx_word' id='word_1_2' title='bbox 995 433 1262 490; x_wconf 82' lang='lat' dir='ltr'><strong>EUSEBII</strong></span> <span class='ocrx_word' id='word_1_3' title='bbox 1296 432 1774 490; x_wconf 60' lang='lat' dir='ltr'><strong>CJESARIENSIS</strong></span> <span class='ocrx_word' id='word_1_4' title='bbox 1810 432 1962 489; x_wconf 87' lang='lat' dir='ltr'><strong>OPP.</strong></span> <span class='ocrx_word' id='word_1_5' title='bbox 2000 428 2182 485; x_wconf 78' lang='lat' dir='ltr'><strong>PARS</strong></span> <span class='ocrx_word' id='word_1_6' title='bbox 2217 428 2282 485; x_wconf 85' lang='lat' dir='ltr'><strong>II.</strong></span> <span class='ocrx_word' id='word_1_7' title='bbox 2312 417 2898 481; x_wconf 76' lang='lat' dir='ltr'><strong>—APOLOGETICA.</strong></span> 
     </span>
    </p>
   </div>
   <div class='ocr_carea' id='block_1_3' title="bbox 3498 406 3606 465">
    <p class='ocr_par' dir='ltr' id='par_1_3' title="bbox 3498 406 3606 465">
     <span class='ocr_line' id='line_1_3' title="bbox 3498 406 3606 465; baseline -0.019 0"><span class='ocrx_word' id='word_1_8' title='bbox 3498 406 3606 465; x_wconf 73' lang='lat'><strong>628</strong></span> 
     </span>
    </p>
   </div>
   <div class='ocr_carea' id='block_1_4' title="bbox 362 518 1954 619">
    <p class='ocr_par' dir='ltr' id='par_1_4' title="bbox 362 545 1939 619">
     <span class='ocr_line' id='line_1_4' title="bbox 362 545 1939 619; baseline -0.001 -17"><span class='ocrx_word' id='word_1_9' title='bbox 362 566 526 619; x_wconf 86' lang='lat' dir='ltr'><strong>quam</strong></span> <span class='ocrx_word' id='word_1_10' title='bbox 561 550 630 604; x_wconf 90' lang='lat' dir='ltr'><strong>sit</strong></span> <span class='ocrx_word' id='word_1_11' title='bbox 662 564 856 619; x_wconf 85' lang='lat' dir='ltr'><strong>passus</strong></span> <span class='ocrx_word' id='word_1_12' title='bbox 885 564 981 618; x_wconf 81' lang='lat' dir='ltr'><strong>per</strong></span> <span class='ocrx_word' id='word_1_13' title='bbox 1021 556 1134 604; x_wconf 89' lang='lat' dir='ltr'><strong>tres</strong></span> <span class='ocrx_word' id='word_1_14' title='bbox 1168 564 1344 605; x_wconf 88' lang='lat' dir='ltr'><strong>annos</strong></span> <span class='ocrx_word' id='word_1_15' title='bbox 1370 560 1425 605; x_wconf 91' lang='lat' dir='ltr'><strong>et</strong></span> <span class='ocrx_word' id='word_1_16' title='bbox 1459 549 1645 612; x_wconf 88' lang='lat' dir='ltr'><strong>semis,</strong></span> <span class='ocrx_word' id='word_1_17' title='bbox 1686 545 1939 600; x_wconf 90' lang='lat' dir='ltr'><strong>omnibus</strong></span> 
     </span>
    </p>
   </div>
   <div class='ocr_carea' id='block_1_5' title="bbox 2056 518 3609 619">
    <p class='ocr_par' dir='ltr' id='par_1_5' title="bbox 2056 518 3609 619">
     <span class='ocr_line' id='line_1_5' title="bbox 2056 518 3609 619; baseline -0.016 -23"><span class='ocrx_word' id='word_1_18' title='bbox 2056 542 2258 605; x_wconf 76' lang='grc' dir='ltr'>πολλοῖς</span> <span class='ocrx_word' id='word_1_19' title='bbox 2282 539 2483 610; x_wconf 84' lang='grc' dir='ltr'>ταύτην</span> <span class='ocrx_word' id='word_1_20' title='bbox 2510 534 2932 604; x_wconf 86' lang='grc' dir='ltr'>ἐνεδυνάμωσεν,</span> <span class='ocrx_word' id='word_1_21' title='bbox 2959 526 2992 599; x_wconf 79' lang='grc' dir='ltr'>ἦ</span> <span class='ocrx_word' id='word_1_22' title='bbox 3015 524 3256 596; x_wconf 86' lang='grc' dir='ltr'>δηλονότι</span> <span class='ocrx_word' id='word_1_23' title='bbox 3277 518 3609 619; x_wconf 40' lang='grc' dir='ltr'>τοῖς-ἐαυτοῦ</span> 
     </span>
    </p>
   </div>
   <div class='ocr_carea' id='block_1_6' title="bbox 361 637 1928 712">
    <p class='ocr_par' dir='ltr' id='par_1_6' title="bbox 361 637 1928 712">
     <span class='ocr_line' id='line_1_6' title="bbox 361 637 1928 712; baseline -0.004 -15"><span class='ocrx_word' id='word_1_24' title='bbox 361 655 415 697; x_wconf 90' lang='lat' dir='ltr'><strong>et</strong></span> <span class='ocrx_word' id='word_1_25' title='bbox 440 642 725 710; x_wconf 82' lang='lat' dir='ltr'><strong>discipulis</strong></span> <span class='ocrx_word' id='word_1_26' title='bbox 758 649 813 695; x_wconf 89' lang='lat' dir='ltr'><strong>et</strong></span> <span class='ocrx_word' id='word_1_27' title='bbox 855 655 962 694; x_wconf 91' lang='lat' dir='ltr'><strong>non</strong></span> <span class='ocrx_word' id='word_1_28' title='bbox 1006 640 1288 711; x_wconf 87' lang='lat' dir='ltr'><strong>discipulis</strong></span> <span class='ocrx_word' id='word_1_29' title='bbox 1317 641 1558 712; x_wconf 86' lang='lat' dir='ltr'><strong>seipsum</strong></span> <span class='ocrx_word' id='word_1_30' title='bbox 1601 637 1928 701; x_wconf 74' lang='lat' dir='ltr'><strong>exhibuerit,</strong></span> 
     </span>
    </p>
   </div>
   <div class='ocr_carea' id='block_1_7' title="bbox 367 729 1931 801">
    <p class='ocr_par' dir='ltr' id='par_1_7' title="bbox 367 729 1931 801">
     <span class='ocr_line' id='line_1_7' title="bbox 367 729 1931 801; baseline -0.001 -18"><span class='ocrx_word' id='word_1_31' title='bbox 367 732 543 801; x_wconf 83' lang='lat' dir='ltr'><strong>palam</strong></span> <span class='ocrx_word' id='word_1_32' title='bbox 588 745 653 784; x_wconf 80' lang='lat' dir='ltr'><strong>ex</strong></span> <span class='ocrx_word' id='word_1_33' title='bbox 702 731 771 785; x_wconf 90' lang='lat' dir='ltr'><strong>iis</strong></span> <span class='ocrx_word' id='word_1_34' title='bbox 818 745 939 799; x_wconf 70' lang='lat' dir='ltr'><strong>quae</strong></span> <span class='ocrx_word' id='word_1_35' title='bbox 980 731 1183 799; x_wconf 89' lang='lat' dir='ltr'><strong>scripta</strong></span> <span class='ocrx_word' id='word_1_36' title='bbox 1223 739 1350 787; x_wconf 87' lang='lat' dir='ltr'><strong>sunt</strong></span> <span class='ocrx_word' id='word_1_37' title='bbox 1378 730 1445 784; x_wconf 92' lang='lat' dir='ltr'><strong>de</strong></span> <span class='ocrx_word' id='word_1_38' title='bbox 1474 732 1614 801; x_wconf 86' lang='lat' dir='ltr'><strong>ipso,</strong></span> <span class='ocrx_word' id='word_1_39' title='bbox 1656 729 1931 799; x_wconf 90' lang='lat' dir='ltr'><strong>proditum</strong></span> 
     </span>
    </p>
   </div>
   <div class='ocr_carea' id='block_1_8' title="bbox 2034 613 3611 706">
    <p class='ocr_par' dir='ltr' id='par_1_8' title="bbox 2034 613 3611 706">
     <span class='ocr_line' id='line_1_8' title="bbox 2034 613 3611 706; baseline -0.015 -18"><span class='ocrx_word' id='word_1_40' title='bbox 2034 633 2303 706; x_wconf 81' lang='grc' dir='ltr'><strong>μαθηταῖς</strong></span> <span class='ocrx_word' id='word_1_41' title='bbox 2341 631 2435 684; x_wconf 78' lang='grc' dir='ltr'>καὶ</span> <span class='ocrx_word' id='word_1_42' title='bbox 2470 627 2807 689; x_wconf 83' lang='grc' dir='ltr'>ἀποστόλοις,</span> <span class='ocrx_word' id='word_1_43' title='bbox 2834 622 2929 676; x_wconf 73' lang='grc' dir='ltr'>καὶ</span> <span class='ocrx_word' id='word_1_44' title='bbox 2974 623 3086 683; x_wconf 89' lang='grc' dir='ltr'>τοῖς</span> <span class='ocrx_word' id='word_1_45' title='bbox 3122 618 3181 683; x_wconf 78' lang='grc' dir='ltr'>ἐξ</span> <span class='ocrx_word' id='word_1_46' title='bbox 3220 614 3487 686; x_wconf 77' lang='grc' dir='ltr'>Ἐϐραίων</span> <span class='ocrx_word' id='word_1_47' title='bbox 3530 613 3611 706; x_wconf 80' lang='grc' dir='ltr'><strong>είς</strong></span> 
     </span>
    </p>
   </div>
   <div class='ocr_carea' id='block_1_9' title="bbox 2034 705 3614 782">
    <p class='ocr_par' dir='ltr' id='par_1_9' title="bbox 2034 705 3614 782">
     <span class='ocr_line' id='line_1_9' title="bbox 2034 705 3614 782; baseline -0.016 0"><span class='ocrx_word' id='word_1_48' title='bbox 2034 705 2196 782; x_wconf 82' lang='grc' dir='ltr'>αὐτὸν</span> <span class='ocrx_word' id='word_1_49' title='bbox 2245 721 2665 778; x_wconf 79' lang='grc' dir='ltr'><strong>πεπιστευκόσιν</strong></span> <span class='ocrx_word' id='word_1_50' title='bbox 2700 718 2906 780; x_wconf 74' lang='grc' dir='ltr'>ἆπασις</span> <span class='ocrx_word' id='word_1_51' title='bbox 2951 712 3099 782; x_wconf 83' lang='grc' dir='ltr'><strong>Πλὴν</strong></span> <span class='ocrx_word' id='word_1_52' title='bbox 3149 708 3285 763; x_wconf 81' lang='grc' dir='ltr'>ἀλλὰ</span> <span class='ocrx_word' id='word_1_53' title='bbox 3332 708 3431 777; x_wconf 87' lang='grc' dir='ltr'><strong>τῆς</strong></span> <span class='ocrx_word' id='word_1_54' title='bbox 3484 705 3614 776; x_wconf 85' lang='grc' dir='ltr'>μιᾶς</span> 
     </span>
    </p>
   </div>
   <div class='ocr_carea' id='block_1_10' title="bbox 364 797 1954 889">
    <p class='ocr_par' dir='ltr' id='par_1_10' title="bbox 364 797 1935 889">
     <span class='ocr_line' id='line_1_10' title="bbox 364 797 1935 889; baseline -0.004 -15"><span class='ocrx_word' id='word_1_55' title='bbox 364 797 499 875; x_wconf 64' lang='lat' dir='ltr'><strong>est:</strong></span> <span class='ocrx_word' id='word_1_56' title='bbox 550 835 659 889; x_wconf 81' lang='lat' dir='ltr'><strong>quo</strong></span> <span class='ocrx_word' id='word_1_57' title='bbox 689 797 935 888; x_wconf 87' lang='lat' dir='ltr'><strong>tempore</strong></span> <span class='ocrx_word' id='word_1_58' title='bbox 978 827 1032 874; x_wconf 91' lang='lat' dir='ltr'><strong>et</strong></span> <span class='ocrx_word' id='word_1_59' title='bbox 1083 797 1426 879; x_wconf 67' lang='lat' dir='ltr'><strong>documentis</strong></span> <span class='ocrx_word' id='word_1_60' title='bbox 1471 797 1526 873; x_wconf 70' lang='lat' dir='ltr'><strong>et</strong></span> <span class='ocrx_word' id='word_1_61' title='bbox 1574 797 1935 871; x_wconf 83' lang='lat' dir='ltr'><strong>admiratione</strong></span> 
     </span>
    </p>
   </div>
   <div class='ocr_carea' id='block_1_11' title="bbox 2056 797 3614 889">
    <p class='ocr_par' dir='ltr' id='par_1_11' title="bbox 2056 797 3614 889">
     <span class='ocr_line' id='line_1_11' title="bbox 2056 797 3614 889; baseline -0.015 -17"><span class='ocrx_word' id='word_1_62' title='bbox 2056 819 2233 889; x_wconf 74' lang='grc' dir='ltr'>ταύτης</span> <span class='ocrx_word' id='word_1_63' title='bbox 2260 815 2566 886; x_wconf 81' lang='grc' dir='ltr'>ἐὸδομάδος,</span> <span class='ocrx_word' id='word_1_64' title='bbox 2593 808 2711 865; x_wconf 88' lang='grc' dir='ltr'>καθ’</span> <span class='ocrx_word' id='word_1_65' title='bbox 2733 808 2800 880; x_wconf 69' lang='grc' dir='ltr'>ἢν</span> <span class='ocrx_word' id='word_1_66' title='bbox 2823 805 3191 874; x_wconf 81' lang='grc' dir='ltr'>ἐνεδυνάμωσε</span> <span class='ocrx_word' id='word_1_67' title='bbox 3216 801 3314 870; x_wconf 83' lang='grc' dir='ltr'>τὴν</span> <span class='ocrx_word' id='word_1_68' title='bbox 3337 797 3614 889; x_wconf 70' lang='grc' dir='ltr'><strong>δηλωθεῖσ-⁹</strong></span> 
     </span>
    </p>
   </div>
   <div class='ocr_carea' id='block_1_12' title="bbox 364 909 1936 982">
    <p class='ocr_par' dir='ltr' id='par_1_12' title="bbox 364 909 1936 982">
     <span class='ocr_line' id='line_1_12' title="bbox 364 909 1936 982; baseline -0.001 -15"><span class='ocrx_word' id='word_1_69' title='bbox 364 912 549 982; x_wconf 76' lang='lat' dir='ltr'><strong>dignis</strong></span> <span class='ocrx_word' id='word_1_70' title='bbox 575 911 977 974; x_wconf 89' lang='lat' dir='ltr'><strong>curationibus,</strong></span> <span class='ocrx_word' id='word_1_71' title='bbox 1012 910 1318 966; x_wconf 72' lang='lat' dir='ltr'><strong>divinitatis</strong></span> <span class='ocrx_word' id='word_1_72' title='bbox 1352 926 1464 966; x_wconf 74' lang='lat' dir='ltr'><strong>sua:</strong></span> <span class='ocrx_word' id='word_1_73' title='bbox 1495 910 1641 965; x_wconf 89' lang='lat' dir='ltr'><strong>vires</strong></span> <span class='ocrx_word' id='word_1_74' title='bbox 1679 909 1936 965; x_wconf 84' lang='lat' dir='ltr'><strong>omnibus</strong></span> 
     </span>
    </p>
   </div>
   <div class='ocr_carea' id='block_1_13' title="bbox 366 1001 1938 1074">
    <p class='ocr_par' dir='ltr' id='par_1_13' title="bbox 366 1001 1938 1074">
     <span class='ocr_line' id='line_1_13' title="bbox 366 1001 1938 1074; baseline -0.001 -16"><span class='ocrx_word' id='word_1_75' title='bbox 366 1005 690 1072; x_wconf 80' lang='lat' dir='ltr'><strong>simpliciter</strong></span> <span class='ocrx_word' id='word_1_76' title='bbox 737 1012 845 1059; x_wconf 90' lang='lat' dir='ltr'><strong>tam</strong></span> <span class='ocrx_word' id='word_1_77' title='bbox 879 1002 1083 1059; x_wconf 73' lang='lat' dir='ltr'><strong>Graecis</strong></span> <span class='ocrx_word' id='word_1_78' title='bbox 1114 1020 1276 1074; x_wconf 89' lang='lat' dir='ltr'><strong>quam</strong></span> <span class='ocrx_word' id='word_1_79' title='bbox 1305 1002 1506 1058; x_wconf 74' lang='lat' dir='ltr'><strong>Judazis</strong></span> <span class='ocrx_word' id='word_1_80' title='bbox 1539 1002 1796 1059; x_wconf 90' lang='lat' dir='ltr'><strong>ostendit.</strong></span> <span class='ocrx_word' id='word_1_81' title='bbox 1833 1001 1938 1056; x_wconf 89' lang='lat' dir='ltr'><strong>Ubi</strong></span> 
     </span>
    </p>
   </div>
   <div class='ocr_carea' id='block_1_14' title="bbox 369 1092 1939 1163">
    <p class='ocr_par' dir='ltr' id='par_1_14' title="bbox 369 1092 1939 1163">
     <span class='ocr_line' id='line_1_14' title="bbox 369 1092 1939 1163; baseline -0.002 -16"><span class='ocrx_word' id='word_1_82' title='bbox 369 1112 496 1151; x_wconf 89' lang='lat' dir='ltr'><strong>vero</strong></span> <span class='ocrx_word' id='word_1_83' title='bbox 529 1111 558 1149; x_wconf 92' lang='lat' dir='ltr'><strong>a</strong></span> <span class='ocrx_word' id='word_1_84' title='bbox 589 1102 765 1150; x_wconf 87' lang='lat' dir='ltr'><strong>morte</strong></span> <span class='ocrx_word' id='word_1_85' title='bbox 816 1095 883 1150; x_wconf 91' lang='lat' dir='ltr'><strong>ad</strong></span> <span class='ocrx_word' id='word_1_86' title='bbox 929 1095 1093 1150; x_wconf 85' lang='lat' dir='ltr'><strong>vitam</strong></span> <span class='ocrx_word' id='word_1_87' title='bbox 1131 1103 1216 1149; x_wconf 74' lang='lat' dir='ltr'><strong>est</strong></span> <span class='ocrx_word' id='word_1_88' title='bbox 1250 1097 1555 1159; x_wconf 87' lang='lat' dir='ltr'><strong>restitutus,</strong></span> <span class='ocrx_word' id='word_1_89' title='bbox 1603 1092 1751 1163; x_wconf 91' lang='lat' dir='ltr'><strong>quod</strong></span> <span class='ocrx_word' id='word_1_90' title='bbox 1795 1092 1939 1154; x_wconf 88' lang='lat' dir='ltr'><strong>idem</strong></span> 
     </span>
    </p>
   </div>
   <div class='ocr_carea' id='block_1_15' title="bbox 369 1180 1941 1257">
    <p class='ocr_par' dir='ltr' id='par_1_15' title="bbox 369 1180 1941 1257">
     <span class='ocr_line' id='line_1_15' title="bbox 369 1180 1941 1257; baseline 0.001 -18"><span class='ocrx_word' id='word_1_91' title='bbox 369 1187 649 1257; x_wconf 79' lang='lat' dir='ltr'><strong>temporis,</strong></span> <span class='ocrx_word' id='word_1_92' title='bbox 676 1180 1036 1256; x_wconf 82' lang='lat' dir='ltr'><strong>eumdemque</strong></span> <span class='ocrx_word' id='word_1_93' title='bbox 1064 1201 1334 1241; x_wconf 87' lang='lat' dir='ltr'><strong>annorum</strong></span> <span class='ocrx_word' id='word_1_94' title='bbox 1365 1200 1651 1240; x_wconf 86' lang='lat' dir='ltr'><strong>numerum</strong></span> <span class='ocrx_word' id='word_1_95' title='bbox 1676 1198 1801 1238; x_wconf 92' lang='lat' dir='ltr'><strong>cum</strong></span> <span class='ocrx_word' id='word_1_96' title='bbox 1823 1183 1941 1240; x_wconf 82' lang='lat' dir='ltr'><strong>suis</strong></span> 
     </span>
    </p>
   </div>
   <div class='ocr_carea' id='block_1_16' title="bbox 368 1274 1941 1349">
    <p class='ocr_par' dir='ltr' id='par_1_16' title="bbox 368 1274 1941 1349">
     <span class='ocr_line' id='line_1_16' title="bbox 368 1274 1941 1349; baseline -0.001 -17"><span class='ocrx_word' id='word_1_97' title='bbox 368 1286 619 1334; x_wconf 79' lang='lat' dir='ltr'><strong>versatus</strong></span> <span class='ocrx_word' id='word_1_98' title='bbox 656 1278 748 1341; x_wconf 88' lang='lat' dir='ltr'><strong>sit,</strong></span> <span class='ocrx_word' id='word_1_99' title='bbox 806 1277 1094 1349; x_wconf 87' lang='lat' dir='ltr'><strong>discipulis</strong></span> <span class='ocrx_word' id='word_1_100' title='bbox 1147 1286 1201 1333; x_wconf 87' lang='lat' dir='ltr'><strong>et</strong></span> <span class='ocrx_word' id='word_1_101' title='bbox 1259 1277 1542 1347; x_wconf 88' lang='lat' dir='ltr'><strong>apostolis,</strong></span> <span class='ocrx_word' id='word_1_102' title='bbox 1576 1274 1778 1330; x_wconf 75' lang='lat' dir='ltr'><strong>rationi</strong></span> <span class='ocrx_word' id='word_1_103' title='bbox 1807 1289 1941 1330; x_wconf 85' lang='lat' dir='ltr'><strong>sane</strong></span> 
     </span>
    </p>
   </div>
   <div class='ocr_carea' id='block_1_17' title="bbox 370 1365 1943 1438">
    <p class='ocr_par' dir='ltr' id='par_1_17' title="bbox 370 1365 1943 1438">
     <span class='ocr_line' id='line_1_17' title="bbox 370 1365 1943 1438; baseline -0.004 -16"><span class='ocrx_word' id='word_1_104' title='bbox 370 1374 797 1422; x_wconf 81' lang='lat' dir='ltr'><strong>consentaneum</strong></span> <span class='ocrx_word' id='word_1_105' title='bbox 844 1376 961 1429; x_wconf 87' lang='lat' dir='ltr'><strong>est,</strong></span> <span class='ocrx_word' id='word_1_106' title='bbox 1012 1381 1109 1436; x_wconf 90' lang='lat' dir='ltr'><strong>per</strong></span> <span class='ocrx_word' id='word_1_107' title='bbox 1152 1366 1271 1421; x_wconf 91' lang='lat' dir='ltr'><strong>dies</strong></span> <span class='ocrx_word' id='word_1_108' title='bbox 1319 1381 1388 1426; x_wconf 70' lang='lat' dir='ltr'><strong>xi.</strong></span> <span class='ocrx_word' id='word_1_109' title='bbox 1425 1380 1694 1438; x_wconf 82' lang='lat' dir='ltr'><strong>apparens</strong></span> <span class='ocrx_word' id='word_1_110' title='bbox 1727 1365 1847 1427; x_wconf 89' lang='lat' dir='ltr'><strong>eis,</strong></span> <span class='ocrx_word' id='word_1_111' title='bbox 1887 1370 1943 1418; x_wconf 89' lang='lat' dir='ltr'><strong>et</strong></span> 
     </span>
    </p>
   </div>
   <div class='ocr_carea' id='block_1_18' title="bbox 371 1454 1945 1527">
    <p class='ocr_par' dir='ltr' id='par_1_18' title="bbox 371 1454 1945 1527">
     <span class='ocr_line' id='line_1_18' title="bbox 371 1454 1945 1527; baseline -0.004 -14"><span class='ocrx_word' id='word_1_112' title='bbox 371 1472 760 1520; x_wconf 85' lang='lat' dir='ltr'><strong>consuescens,</strong></span> <span class='ocrx_word' id='word_1_113' title='bbox 790 1466 844 1511; x_wconf 92' lang='lat' dir='ltr'><strong>et</strong></span> <span class='ocrx_word' id='word_1_114' title='bbox 871 1457 939 1512; x_wconf 92' lang='lat' dir='ltr'><strong>de</strong></span> <span class='ocrx_word' id='word_1_115' title='bbox 969 1472 1137 1527; x_wconf 81' lang='lat' dir='ltr'><strong>regno</strong></span> <span class='ocrx_word' id='word_1_116' title='bbox 1171 1455 1264 1512; x_wconf 87' lang='lat' dir='ltr'><strong>Dei</strong></span> <span class='ocrx_word' id='word_1_117' title='bbox 1300 1458 1527 1527; x_wconf 88' lang='lat' dir='ltr'><strong>loquens</strong></span> <span class='ocrx_word' id='word_1_118' title='bbox 1547 1496 1562 1522; x_wconf 91' lang='lat'><strong>,</strong></span> <span class='ocrx_word' id='word_1_119' title='bbox 1590 1454 1945 1526; x_wconf 62' lang='lat' dir='ltr'><strong>quemadmo~</strong></span> 
     </span>
    </p>
   </div>
   <div class='ocr_carea' id='block_1_19' title="bbox 371 1547 1944 1620">
    <p class='ocr_par' dir='ltr' id='par_1_19' title="bbox 371 1547 1944 1620">
     <span class='ocr_line' id='line_1_19' title="bbox 371 1547 1944 1620; baseline -0.004 -15"><span class='ocrx_word' id='word_1_120' title='bbox 371 1552 502 1605; x_wconf 92' lang='lat' dir='ltr'><strong>dum</strong></span> <span class='ocrx_word' id='word_1_121' title='bbox 557 1550 775 1620; x_wconf 86' lang='lat' dir='ltr'><strong>quidem</strong></span> <span class='ocrx_word' id='word_1_122' title='bbox 817 1550 873 1602; x_wconf 89' lang='lat' dir='ltr'><strong>in</strong></span> <span class='ocrx_word' id='word_1_123' title='bbox 927 1549 1297 1618; x_wconf 82' lang='lat' dir='ltr'><strong>apostolorum</strong></span> <span class='ocrx_word' id='word_1_124' title='bbox 1330 1547 1484 1602; x_wconf 82' lang='lat' dir='ltr'><strong>Actis</strong></span> <span class='ocrx_word' id='word_1_125' title='bbox 1512 1547 1846 1609; x_wconf 85' lang='lat' dir='ltr'><strong>continetur,</strong></span> <span class='ocrx_word' id='word_1_126' title='bbox 1884 1551 1944 1598; x_wconf 93' lang='lat' dir='ltr'><strong>ut</strong></span> 
     </span>
    </p>
   </div>
   <div class='ocr_carea' id='block_1_20' title="bbox 372 1638 1942 1709">
    <p class='ocr_par' dir='ltr' id='par_1_20' title="bbox 372 1638 1942 1709">
     <span class='ocr_line' id='line_1_20' title="bbox 372 1638 1942 1709; baseline -0.005 -13"><span class='ocrx_word' id='word_1_127' title='bbox 372 1640 488 1696; x_wconf 75' lang='lat' dir='ltr'><strong>haec</strong></span> <span class='ocrx_word' id='word_1_128' title='bbox 521 1641 592 1696; x_wconf 90' lang='lat' dir='ltr'><strong>sit</strong></span> <span class='ocrx_word' id='word_1_129' title='bbox 638 1641 752 1703; x_wconf 88' lang='lat' dir='ltr'><strong>illa,</strong></span> <span class='ocrx_word' id='word_1_130' title='bbox 791 1638 859 1694; x_wconf 91' lang='lat' dir='ltr'><strong>de</strong></span> <span class='ocrx_word' id='word_1_131' title='bbox 892 1653 1001 1709; x_wconf 88' lang='lat' dir='ltr'><strong>qua</strong></span> <span class='ocrx_word' id='word_1_132' title='bbox 1051 1638 1333 1709; x_wconf 86' lang='lat' dir='ltr'><strong>prophetia</strong></span> <span class='ocrx_word' id='word_1_133' title='bbox 1376 1638 1637 1706; x_wconf 87' lang='lat' dir='ltr'><strong>loquitur,</strong></span> <span class='ocrx_word' id='word_1_134' title='bbox 1673 1649 1942 1689; x_wconf 88' lang='lat' dir='ltr'><strong>annorum</strong></span> 
     </span>
    </p>
   </div>
   <div class='ocr_carea' id='block_1_21' title="bbox 372 1726 1945 1801">
    <p class='ocr_par' dir='ltr' id='par_1_21' title="bbox 372 1726 1945 1801">
     <span class='ocr_line' id='line_1_21' title="bbox 372 1726 1945 1801; baseline -0.004 -14"><span class='ocrx_word' id='word_1_135' title='bbox 372 1732 693 1794; x_wconf 86' lang='lat' dir='ltr'><strong>hebdomas,</strong></span> <span class='ocrx_word' id='word_1_136' title='bbox 725 1732 781 1785; x_wconf 90' lang='lat' dir='ltr'><strong>in</strong></span> <span class='ocrx_word' id='word_1_137' title='bbox 808 1745 917 1801; x_wconf 86' lang='lat' dir='ltr'><strong>qua</strong></span> <span class='ocrx_word' id='word_1_138' title='bbox 958 1731 1299 1785; x_wconf 88' lang='lat' dir='ltr'><strong>conﬁrmavit</strong></span> <span class='ocrx_word' id='word_1_139' title='bbox 1331 1735 1549 1799; x_wconf 85' lang='lat' dir='ltr'><strong>pactum</strong></span> <span class='ocrx_word' id='word_1_140' title='bbox 1577 1726 1785 1793; x_wconf 91' lang='lat' dir='ltr'><strong>multis,</strong></span> <span class='ocrx_word' id='word_1_141' title='bbox 1818 1741 1945 1780; x_wconf 81' lang='lat' dir='ltr'><strong>mu-</strong></span> 
     </span>
    </p>
   </div>
   <div class='ocr_carea' id='block_1_22' title="bbox 372 1818 1946 1891">
    <p class='ocr_par' dir='ltr' id='par_1_22' title="bbox 372 1818 1946 1891">
     <span class='ocr_line' id='line_1_22' title="bbox 372 1818 1946 1891; baseline -0.004 -13"><span class='ocrx_word' id='word_1_142' title='bbox 372 1825 545 1879; x_wconf 87' lang='lat' dir='ltr'><strong>nitius</strong></span> <span class='ocrx_word' id='word_1_143' title='bbox 566 1822 816 1878; x_wconf 86' lang='lat' dir='ltr'><strong>videlicet</strong></span> <span class='ocrx_word' id='word_1_144' title='bbox 839 1821 1071 1877; x_wconf 85' lang='lat' dir='ltr'><strong>reddens</strong></span> <span class='ocrx_word' id='word_1_145' title='bbox 1097 1836 1296 1876; x_wconf 89' lang='lat' dir='ltr'><strong>novum</strong></span> <span class='ocrx_word' id='word_1_146' title='bbox 1326 1821 1653 1891; x_wconf 76' lang='lat' dir='ltr'><strong>evangelica:</strong></span> <span class='ocrx_word' id='word_1_147' title='bbox 1682 1818 1946 1889; x_wconf 70' lang='lat' dir='ltr'><strong>praedica-</strong></span> 
     </span>
    </p>
   </div>
   <div class='ocr_carea' id='block_1_23' title="bbox 2041 882 3608 976">
    <p class='ocr_par' dir='ltr' id='par_1_23' title="bbox 2041 882 3608 976">
     <span class='ocr_line' id='line_1_23' title="bbox 2041 882 3608 976; baseline -0.018 -13"><span class='ocrx_word' id='word_1_148' title='bbox 2041 925 2140 962; x_wconf 86' lang='grc' dir='ltr'><strong>σαν</strong></span> <span class='ocrx_word' id='word_1_149' title='bbox 2167 882 2444 976; x_wconf 72' lang='grc' dir='ltr'>Ᾰιαθήκην</span> <span class='ocrx_word' id='word_1_150' title='bbox 2470 904 2583 964; x_wconf 83' lang='grc' dir='ltr'>τοῖς</span> <span class='ocrx_word' id='word_1_151' title='bbox 2610 897 2844 959; x_wconf 84' lang='grc' dir='ltr'><strong>πολλοῖς,</strong></span> <span class='ocrx_word' id='word_1_152' title='bbox 2874 897 2932 948; x_wconf 86' lang='grc' dir='ltr'><strong>ἐν</strong></span> <span class='ocrx_word' id='word_1_153' title='bbox 2959 891 3038 963; x_wconf 82' lang='grc' dir='ltr'><strong>τῷ</strong></span> <span class='ocrx_word' id='word_1_154' title='bbox 3066 890 3254 961; x_wconf 78' lang='grc' dir='ltr'><strong>ἡμίσει</strong></span> <span class='ocrx_word' id='word_1_155' title='bbox 3276 886 3419 959; x_wconf 68' lang='grc' dir='ltr'>ἤρθη</span> <span class='ocrx_word' id='word_1_156' title='bbox 3445 882 3608 937; x_wconf 81' lang='grc' dir='ltr'><strong>θυσία</strong></span> 
     </span>
    </p>
   </div>
   <div class='ocr_carea' id='block_1_24' title="bbox 2042 975 3615 1068">
    <p class='ocr_par' dir='ltr' id='par_1_24' title="bbox 2042 975 3615 1068">
     <span class='ocr_line' id='line_1_24' title="bbox 2042 975 3615 1068; baseline -0.019 -14"><span class='ocrx_word' id='word_1_157' title='bbox 2042 1001 2136 1065; x_wconf 72' lang='grc' dir='ltr'>καὶ</span> <span class='ocrx_word' id='word_1_158' title='bbox 2164 975 2384 1068; x_wconf 69' lang='grc' dir='ltr'>σπονδή,</span> <span class='ocrx_word' id='word_1_159' title='bbox 2409 995 2472 1047; x_wconf 90' lang='grc' dir='ltr'><strong>τό</strong></span> <span class='ocrx_word' id='word_1_160' title='bbox 2496 1010 2555 1045; x_wconf 88' lang='grc' dir='ltr'><strong>τε</strong></span> <span class='ocrx_word' id='word_1_161' title='bbox 2585 989 2858 1062; x_wconf 79' lang='grc' dir='ltr'><strong>βδέλυγμα</strong></span> <span class='ocrx_word' id='word_1_162' title='bbox 2895 985 2995 1055; x_wconf 86' lang='grc' dir='ltr'><strong>τῆς</strong></span> <span class='ocrx_word' id='word_1_163' title='bbox 3021 979 3354 1054; x_wconf 78' lang='grc' dir='ltr'><strong>ἐρημώσεως</strong></span> <span class='ocrx_word' id='word_1_164' title='bbox 3380 975 3615 1068; x_wconf 38' lang='grc' dir='ltr'>ήρξατοῗ</span> 
     </span>
    </p>
   </div>
   <div class='ocr_carea' id='block_1_25' title="bbox 2040 1065 3622 1164">
    <p class='ocr_par' dir='ltr' id='par_1_25' title="bbox 2040 1065 3622 1164">
     <span class='ocr_line' id='line_1_25' title="bbox 2040 1065 3622 1164; baseline -0.018 -18"><span class='ocrx_word' id='word_1_165' title='bbox 2040 1065 2361 1164; x_wconf 22' lang='grc' dir='ltr'>ἐπειδήπερ*</span> <span class='ocrx_word' id='word_1_166' title='bbox 2383 1083 2723 1159; x_wconf 85' lang='grc' dir='ltr'>μεσαζούσης</span> <span class='ocrx_word' id='word_1_167' title='bbox 2761 1080 2861 1150; x_wconf 82' lang='grc' dir='ltr'><strong>τῆς</strong></span> <span class='ocrx_word' id='word_1_168' title='bbox 2904 1074 3197 1146; x_wconf 73' lang='grc' dir='ltr'>ἑϐδομάδος</span> <span class='ocrx_word' id='word_1_169' title='bbox 3232 1068 3435 1164; x_wconf 82' lang='grc' dir='ltr'>ταύτης</span> <span class='ocrx_word' id='word_1_170' title='bbox 3475 1065 3622 1164; x_wconf 60' lang='grc' dir='ltr'>μετ-ἀ</span> 
     </span>
    </p>
   </div>
   <div class='ocr_carea' id='block_1_26' title="bbox 2038 1156 3618 1254">
    <p class='ocr_par' dir='ltr' id='par_1_26' title="bbox 2038 1156 3618 1254">
     <span class='ocr_line' id='line_1_26' title="bbox 2038 1156 3618 1254; baseline -0.019 -16"><span class='ocrx_word' id='word_1_171' title='bbox 2038 1181 2130 1237; x_wconf 74' lang='grc' dir='ltr'>τὸν</span> <span class='ocrx_word' id='word_1_172' title='bbox 2156 1156 2327 1254; x_wconf 79' lang='grc' dir='ltr'>ἥμισυ</span> <span class='ocrx_word' id='word_1_173' title='bbox 2353 1156 2447 1233; x_wconf 76' lang='grc' dir='ltr'>καὶ</span> <span class='ocrx_word' id='word_1_174' title='bbox 2483 1176 2670 1249; x_wconf 84' lang='grc' dir='ltr'>τριετῆ</span> <span class='ocrx_word' id='word_1_175' title='bbox 2712 1172 2901 1244; x_wconf 89' lang='grc' dir='ltr'>χρόνον</span> <span class='ocrx_word' id='word_1_176' title='bbox 2930 1168 3025 1240; x_wconf 86' lang='grc' dir='ltr'><strong>τῆς</strong></span> <span class='ocrx_word' id='word_1_177' title='bbox 3056 1162 3404 1224; x_wconf 77' lang='grc' dir='ltr'><strong>διδασκαλίας</strong></span> <span class='ocrx_word' id='word_1_178' title='bbox 3425 1156 3618 1254; x_wconf 49' lang='grc' dir='ltr'>αὑτοῦ,</span> 
     </span>
    </p>
   </div>
   <div class='ocr_carea' id='block_1_27' title="bbox 2040 1245 3620 1340">
    <p class='ocr_par' dir='ltr' id='par_1_27' title="bbox 2040 1245 3620 1340">
     <span class='ocr_line' id='line_1_27' title="bbox 2040 1245 3620 1340; baseline -0.018 -13"><span class='ocrx_word' id='word_1_179' title='bbox 2040 1273 2162 1326; x_wconf 86' lang='grc' dir='ltr'>καθ’</span> <span class='ocrx_word' id='word_1_180' title='bbox 2195 1273 2253 1326; x_wconf 83' lang='grc' dir='ltr'>ὃν</span> <span class='ocrx_word' id='word_1_181' title='bbox 2297 1269 2485 1340; x_wconf 83' lang='grc' dir='ltr'>καιρὸν</span> <span class='ocrx_word' id='word_1_182' title='bbox 2529 1264 2785 1328; x_wconf 87' lang='grc' dir='ltr'>πέπονθε,</span> <span class='ocrx_word' id='word_1_183' title='bbox 2817 1261 2879 1315; x_wconf 83' lang='grc' dir='ltr'><strong>τὸ</strong></span> <span class='ocrx_word' id='word_1_184' title='bbox 2918 1257 3316 1326; x_wconf 81' lang='grc' dir='ltr'><strong>καταπέτασμα</strong></span> <span class='ocrx_word' id='word_1_185' title='bbox 3358 1250 3454 1306; x_wconf 91' lang='grc' dir='ltr'><strong>τοῦ</strong></span> <span class='ocrx_word' id='word_1_186' title='bbox 3489 1245 3620 1302; x_wconf 92' lang='grc' dir='ltr'>ναοῦ</span> 
     </span>
    </p>
   </div>
   <div class='ocr_carea' id='block_1_28' title="bbox 2040 1341 3622 1436">
    <p class='ocr_par' dir='ltr' id='par_1_28' title="bbox 2040 1341 3622 1436">
     <span class='ocr_line' id='line_1_28' title="bbox 2040 1341 3622 1436; baseline -0.016 -18"><span class='ocrx_word' id='word_1_187' title='bbox 2040 1363 2251 1436; x_wconf 73' lang='grc' dir='ltr'>ἐρράγη</span> <span class='ocrx_word' id='word_1_188' title='bbox 2280 1361 2386 1416; x_wconf 80' lang='grc' dir='ltr'>ἀπὸ</span> <span class='ocrx_word' id='word_1_189' title='bbox 2405 1359 2611 1414; x_wconf 80' lang='grc' dir='ltr'>ἀνωθεν</span> <span class='ocrx_word' id='word_1_190' title='bbox 2635 1357 2739 1420; x_wconf 79' lang='grc' dir='ltr'>ἕως</span> <span class='ocrx_word' id='word_1_191' title='bbox 2761 1354 2938 1408; x_wconf 89' lang='grc' dir='ltr'>κάτω·</span> <span class='ocrx_word' id='word_1_192' title='bbox 2967 1352 3042 1414; x_wconf 83' lang='grc' dir='ltr'>ὡς</span> <span class='ocrx_word' id='word_1_193' title='bbox 3075 1349 3132 1417; x_wconf 80' lang='grc' dir='ltr'>ἐξ</span> <span class='ocrx_word' id='word_1_194' title='bbox 3154 1348 3364 1402; x_wconf 81' lang='grc' dir='ltr'>ἐκείνου</span> <span class='ocrx_word' id='word_1_195' title='bbox 3395 1341 3622 1436; x_wconf 85' lang='grc' dir='ltr'>δυνάμει</span> 
     </span>
    </p>
   </div>
   <div class='ocr_carea' id='block_1_29' title="bbox 2042 1435 3623 1530">
    <p class='ocr_par' dir='ltr' id='par_1_29' title="bbox 2042 1435 3623 1530">
     <span class='ocr_line' id='line_1_29' title="bbox 2042 1435 3623 1530; baseline -0.016 -17"><span class='ocrx_word' id='word_1_196' title='bbox 2042 1435 2208 1530; x_wconf 72' lang='grc' dir='ltr'>ἦρθαι</span> <span class='ocrx_word' id='word_1_197' title='bbox 2240 1455 2298 1522; x_wconf 84' lang='grc' dir='ltr'>ἐξ</span> <span class='ocrx_word' id='word_1_198' title='bbox 2331 1454 2509 1508; x_wconf 78' lang='grc' dir='ltr'>αὐτῶν</span> <span class='ocrx_word' id='word_1_199' title='bbox 2540 1453 2640 1522; x_wconf 81' lang='grc' dir='ltr'>τὴν</span> <span class='ocrx_word' id='word_1_200' title='bbox 2672 1447 2923 1519; x_wconf 86' lang='grc' dir='ltr'>σπονδὴν,</span> <span class='ocrx_word' id='word_1_201' title='bbox 2954 1445 3050 1498; x_wconf 81' lang='grc' dir='ltr'>καὶ</span> <span class='ocrx_word' id='word_1_202' title='bbox 3075 1445 3174 1513; x_wconf 84' lang='grc' dir='ltr'>τὴν</span> <span class='ocrx_word' id='word_1_203' title='bbox 3200 1439 3410 1530; x_wconf 75' lang='grc' dir='ltr'>θυσίαν,</span> <span class='ocrx_word' id='word_1_204' title='bbox 3442 1438 3535 1490; x_wconf 61' lang='grc' dir='ltr'><strong>καὶ⁵</strong></span> <span class='ocrx_word' id='word_1_205' title='bbox 3560 1435 3623 1489; x_wconf 79' lang='grc' dir='ltr'>τὸ</span> 
     </span>
    </p>
   </div>
   <div class='ocr_carea' id='block_1_30' title="bbox 2046 1528 3624 1622">
    <p class='ocr_par' dir='ltr' id='par_1_30' title="bbox 2046 1528 3624 1622">
     <span class='ocr_line' id='line_1_30' title="bbox 2046 1528 3624 1622; baseline -0.017 -18"><span class='ocrx_word' id='word_1_206' title='bbox 2046 1528 2317 1622; x_wconf 85' lang='grc' dir='ltr'>βδέλυγμα</span> <span class='ocrx_word' id='word_1_207' title='bbox 2342 1546 2441 1617; x_wconf 86' lang='grc' dir='ltr'><strong>τῆς</strong></span> <span class='ocrx_word' id='word_1_208' title='bbox 2473 1541 2803 1615; x_wconf 73' lang='grc' dir='ltr'><strong>ἐρημώσεως</strong></span> <span class='ocrx_word' id='word_1_209' title='bbox 2827 1538 2920 1590; x_wconf 73' lang='grc' dir='ltr'>ἐπὶ</span> <span class='ocrx_word' id='word_1_210' title='bbox 2940 1536 3001 1589; x_wconf 83' lang='grc' dir='ltr'><strong>τὸ</strong></span> <span class='ocrx_word' id='word_1_211' title='bbox 3037 1533 3180 1606; x_wconf 76' lang='grc' dir='ltr'>ἱερὸν</span> <span class='ocrx_word' id='word_1_212' title='bbox 3205 1528 3428 1622; x_wconf 74' lang='grc' dir='ltr'>ἦρχθαι,</span> <span class='ocrx_word' id='word_1_213' title='bbox 3455 1543 3624 1622; x_wconf 70' lang='grc' dir='ltr'>κατα-</span> 
     </span>
    </p>
   </div>
   <div class='ocr_carea' id='block_1_31' title="bbox 2043 1619 3626 1709">
    <p class='ocr_par' dir='ltr' id='par_1_31' title="bbox 2043 1619 3626 1709">
     <span class='ocr_line' id='line_1_31' title="bbox 2043 1619 3626 1709; baseline -0.017 -15"><span class='ocrx_word' id='word_1_214' title='bbox 2043 1619 2304 1709; x_wconf 88' lang='grc' dir='ltr'>λιπούσης</span> <span class='ocrx_word' id='word_1_215' title='bbox 2356 1637 2552 1697; x_wconf 81' lang='grc' dir='ltr'>αὐτοὺς</span> <span class='ocrx_word' id='word_1_216' title='bbox 2603 1632 2842 1704; x_wconf 83' lang='grc' dir='ltr'>ἐρήμους</span> <span class='ocrx_word' id='word_1_217' title='bbox 2896 1626 2998 1696; x_wconf 84' lang='grc' dir='ltr'><strong>τῆς</strong></span> <span class='ocrx_word' id='word_1_218' title='bbox 3034 1621 3296 1678; x_wconf 86' lang='grc' dir='ltr'>ἀνέκαθεν</span> <span class='ocrx_word' id='word_1_219' title='bbox 3329 1620 3408 1682; x_wconf 86' lang='grc' dir='ltr'><strong>είς</strong></span> <span class='ocrx_word' id='word_1_220' title='bbox 3451 1619 3626 1709; x_wconf 78' lang='grc' dir='ltr'>ἐκεῖνο</span> 
     </span>
    </p>
   </div>
   <div class='ocr_carea' id='block_1_32' title="bbox 2045 1707 3626 1803">
    <p class='ocr_par' dir='ltr' id='par_1_32' title="bbox 2045 1707 3626 1803">
     <span class='ocr_line' id='line_1_32' title="bbox 2045 1707 3626 1803; baseline -0.018 -16"><span class='ocrx_word' id='word_1_221' title='bbox 2045 1730 2238 1803; x_wconf 76' lang='grc' dir='ltr'>καιροῦ</span> <span class='ocrx_word' id='word_1_222' title='bbox 2263 1707 2372 1782; x_wconf 76' lang='grc' dir='ltr'>τὸν</span> <span class='ocrx_word' id='word_1_223' title='bbox 2398 1726 2565 1779; x_wconf 85' lang='grc' dir='ltr'>τόπον</span> <span class='ocrx_word' id='word_1_224' title='bbox 2605 1721 2888 1795; x_wconf 83' lang='grc' dir='ltr'>ἐφορώσης</span> <span class='ocrx_word' id='word_1_225' title='bbox 2915 1718 3010 1773; x_wconf 76' lang='grc' dir='ltr'>καὶ</span> <span class='ocrx_word' id='word_1_226' title='bbox 3041 1711 3444 1803; x_wconf 62' lang='grc' dir='ltr'>ἐπισκοπούσης</span> <span class='ocrx_word' id='word_1_227' title='bbox 3466 1707 3626 1803; x_wconf 84' lang='grc' dir='ltr'>δυνά-</span> 
     </span>
    </p>
   </div>
   <div class='ocr_carea' id='block_1_33' title="bbox 2052 1799 3630 1896">
    <p class='ocr_par' dir='ltr' id='par_1_33' title="bbox 2052 1799 3630 1896">
     <span class='ocr_line' id='line_1_33' title="bbox 2052 1799 3630 1896; baseline -0.015 -19"><span class='ocrx_word' id='word_1_228' title='bbox 2052 1799 2215 1896; x_wconf 82' lang='grc' dir='ltr'>μεως.</span> <span class='ocrx_word' id='word_1_229' title='bbox 2250 1820 2427 1891; x_wconf 86' lang='grc' dir='ltr'>Μέχρι</span> <span class='ocrx_word' id='word_1_230' title='bbox 2471 1814 2602 1886; x_wconf 89' lang='grc' dir='ltr'>γοῦν</span> <span class='ocrx_word' id='word_1_231' title='bbox 2648 1814 2743 1868; x_wconf 92' lang='grc' dir='ltr'><strong>τοῦ</strong></span> <span class='ocrx_word' id='word_1_232' title='bbox 2788 1810 3058 1883; x_wconf 82' lang='grc' dir='ltr'>σωτηρίου</span> <span class='ocrx_word' id='word_1_233' title='bbox 3091 1806 3296 1896; x_wconf 79' lang='grc' dir='ltr'><strong>πάθους</strong></span> <span class='ocrx_word' id='word_1_234' title='bbox 3339 1799 3630 1896; x_wconf 29' lang='grc' dir='ltr'>εῖναι-τινα</span> 
     </span>
    </p>
   </div>
   <div class='ocr_carea' id='block_1_34' title="bbox 374 1894 1954 1984">
    <p class='ocr_par' dir='ltr' id='par_1_34' title="bbox 374 1910 1951 1984">
     <span class='ocr_line' id='line_1_34' title="bbox 374 1910 1951 1984; baseline -0.005 -13"><span class='ocrx_word' id='word_1_235' title='bbox 374 1917 540 1971; x_wconf 89' lang='lat' dir='ltr'><strong>tionis</strong></span> <span class='ocrx_word' id='word_1_236' title='bbox 572 1922 979 1971; x_wconf 85' lang='lat' dir='ltr'><strong>testamentum.</strong></span> <span class='ocrx_word' id='word_1_237' title='bbox 1017 1913 1123 1969; x_wconf 88' lang='lat' dir='ltr'><strong>Sed</strong></span> <span class='ocrx_word' id='word_1_238' title='bbox 1173 1913 1374 1984; x_wconf 89' lang='lat' dir='ltr'><strong>quibus</strong></span> <span class='ocrx_word' id='word_1_239' title='bbox 1418 1913 1606 1968; x_wconf 76' lang='lat' dir='ltr'><strong>multis</strong></span> <span class='ocrx_word' id='word_1_240' title='bbox 1645 1912 1700 1967; x_wconf 88' lang='lat' dir='ltr'><strong>id</strong></span> <span class='ocrx_word' id='word_1_241' title='bbox 1749 1910 1951 1967; x_wconf 84' lang='lat' dir='ltr'><strong>conﬁr—</strong></span> 
     </span>
    </p>
   </div>
   <div class='ocr_carea' id='block_1_35' title="bbox 2056 1894 3633 1984">
    <p class='ocr_par' dir='ltr' id='par_1_35' title="bbox 2056 1894 3633 1982">
     <span class='ocr_line' id='line_1_35' title="bbox 2056 1894 3633 1982; baseline -0.016 -14"><span class='ocrx_word' id='word_1_242' title='bbox 2056 1894 2183 1967; x_wconf 67' lang='grc' dir='ltr'>Θεοῦ</span> <span class='ocrx_word' id='word_1_243' title='bbox 2214 1912 2442 1982; x_wconf 89' lang='grc' dir='ltr'>δύναμιν</span> <span class='ocrx_word' id='word_1_244' title='bbox 2474 1903 2879 1961; x_wconf 77' lang='grc' dir='ltr'><strong>ἐπισκοποῦσαν</strong></span> <span class='ocrx_word' id='word_1_245' title='bbox 2918 1901 2981 1955; x_wconf 82' lang='grc' dir='ltr'>τὸ</span> <span class='ocrx_word' id='word_1_246' title='bbox 3029 1899 3173 1970; x_wconf 78' lang='grc' dir='ltr'>ἱερὸν</span> <span class='ocrx_word' id='word_1_247' title='bbox 3219 1895 3314 1950; x_wconf 73' lang='grc' dir='ltr'>καὶ</span> <span class='ocrx_word' id='word_1_248' title='bbox 3338 1894 3400 1947; x_wconf 85' lang='grc' dir='ltr'>τὸ</span> <span class='ocrx_word' id='word_1_249' title='bbox 3441 1894 3633 1962; x_wconf 76' lang='grc' dir='ltr'>Ἀγιον.</span> 
     </span>
    </p>
   </div>
   <div class='ocr_carea' id='block_1_36' title="bbox 375 2005 1983 2077">
    <p class='ocr_par' dir='ltr' id='par_1_36' title="bbox 375 2005 1983 2077">
     <span class='ocr_line' id='line_1_36' title="bbox 375 2005 1983 2077; baseline -0.002 -14"><span class='ocrx_word' id='word_1_250' title='bbox 375 2008 585 2063; x_wconf 76' lang='lat' dir='ltr'><strong>mavit?</strong></span> <span class='ocrx_word' id='word_1_251' title='bbox 614 2007 819 2077; x_wconf 84' lang='lat' dir='ltr'><strong>Nempe</strong></span> <span class='ocrx_word' id='word_1_252' title='bbox 855 2007 971 2063; x_wconf 91' lang='lat' dir='ltr'><strong>suis</strong></span> <span class='ocrx_word' id='word_1_253' title='bbox 1017 2006 1302 2076; x_wconf 86' lang='lat' dir='ltr'><strong>discipulis</strong></span> <span class='ocrx_word' id='word_1_254' title='bbox 1341 2013 1396 2060; x_wconf 90' lang='lat' dir='ltr'><strong>et</strong></span> <span class='ocrx_word' id='word_1_255' title='bbox 1436 2005 1724 2076; x_wconf 84' lang='lat' dir='ltr'><strong>apostolis,</strong></span> <span class='ocrx_word' id='word_1_256' title='bbox 1777 2005 1983 2075; x_wconf 87' lang='lat' dir='ltr'><strong>iisque&#39;</strong></span> 
     </span>
    </p>
   </div>
   <div class='ocr_carea' id='block_1_37' title="bbox 373 2095 1951 2169">
    <p class='ocr_par' dir='ltr' id='par_1_37' title="bbox 373 2095 1951 2169">
     <span class='ocr_line' id='line_1_37' title="bbox 373 2095 1951 2169; baseline -0.005 -11"><span class='ocrx_word' id='word_1_257' title='bbox 373 2100 629 2158; x_wconf 87' lang='lat' dir='ltr'><strong>omnibus</strong></span> <span class='ocrx_word' id='word_1_258' title='bbox 659 2098 972 2169; x_wconf 82' lang='lat' dir='ltr'><strong>quicunque</strong></span> <span class='ocrx_word' id='word_1_259' title='bbox 1005 2114 1070 2153; x_wconf 81' lang='lat' dir='ltr'><strong>ex</strong></span> <span class='ocrx_word' id='word_1_260' title='bbox 1092 2095 1335 2153; x_wconf 63' lang='lat' dir='ltr'><strong>Hebrasis</strong></span> <span class='ocrx_word' id='word_1_261' title='bbox 1365 2097 1421 2152; x_wconf 93' lang='lat' dir='ltr'><strong>in</strong></span> <span class='ocrx_word' id='word_1_262' title='bbox 1451 2096 1609 2153; x_wconf 92' lang='lat' dir='ltr'><strong>ﬁdem</strong></span> <span class='ocrx_word' id='word_1_263' title='bbox 1632 2097 1753 2167; x_wconf 83' lang='lat' dir='ltr'><strong>ejus</strong></span> <span class='ocrx_word' id='word_1_264' title='bbox 1783 2110 1951 2150; x_wconf 88' lang='lat' dir='ltr'><strong>vene-</strong></span> 
     </span>
    </p>
   </div>
   <div class='ocr_carea' id='block_1_38' title="bbox 375 2190 1952 2264">
    <p class='ocr_par' dir='ltr' id='par_1_38' title="bbox 375 2190 1952 2264">
     <span class='ocr_line' id='line_1_38' title="bbox 375 2190 1952 2264; baseline -0.005 -14"><span class='ocrx_word' id='word_1_265' title='bbox 375 2200 523 2250; x_wconf 91' lang='lat' dir='ltr'><strong>runt.</strong></span> <span class='ocrx_word' id='word_1_266' title='bbox 547 2192 814 2248; x_wconf 73' lang='lat' dir='ltr'><strong>Cmterum</strong></span> <span class='ocrx_word' id='word_1_267' title='bbox 846 2193 901 2247; x_wconf 91' lang='lat' dir='ltr'><strong>in</strong></span> <span class='ocrx_word' id='word_1_268' title='bbox 934 2193 1161 2264; x_wconf 84' lang='lat' dir='ltr'><strong>hujusce</strong></span> <span class='ocrx_word' id='word_1_269' title='bbox 1182 2193 1346 2249; x_wconf 90' lang='lat' dir='ltr'><strong>unius</strong></span> <span class='ocrx_word' id='word_1_270' title='bbox 1370 2191 1727 2248; x_wconf 88' lang='lat' dir='ltr'><strong>hebdomadis</strong></span> <span class='ocrx_word' id='word_1_271' title='bbox 1751 2190 1952 2251; x_wconf 90' lang='lat' dir='ltr'><strong>medio,</strong></span> 
     </span>
    </p>
   </div>
   <div class='ocr_carea' id='block_1_39' title="bbox 376 2284 1953 2357">
    <p class='ocr_par' dir='ltr' id='par_1_39' title="bbox 376 2284 1953 2357">
     <span class='ocr_line' id='line_1_39' title="bbox 376 2284 1953 2357; baseline -0.001 -15"><span class='ocrx_word' id='word_1_272' title='bbox 376 2286 431 2342; x_wconf 91' lang='lat' dir='ltr'><strong>in</strong></span> <span class='ocrx_word' id='word_1_273' title='bbox 464 2299 572 2357; x_wconf 89' lang='lat' dir='ltr'><strong>qua</strong></span> <span class='ocrx_word' id='word_1_274' title='bbox 626 2284 760 2340; x_wconf 89' lang='lat' dir='ltr'><strong>illud</strong></span> <span class='ocrx_word' id='word_1_275' title='bbox 810 2285 991 2355; x_wconf 91' lang='lat' dir='ltr'><strong>ipsum</strong></span> <span class='ocrx_word' id='word_1_276' title='bbox 1036 2284 1106 2339; x_wconf 89' lang='lat' dir='ltr'><strong>de</strong></span> <span class='ocrx_word' id='word_1_277' title='bbox 1132 2299 1241 2355; x_wconf 88' lang='lat' dir='ltr'><strong>quo</strong></span> <span class='ocrx_word' id='word_1_278' title='bbox 1283 2284 1523 2341; x_wconf 81' lang='lat' dir='ltr'><strong>diximus</strong></span> <span class='ocrx_word' id='word_1_279' title='bbox 1566 2292 1953 2341; x_wconf 83' lang='lat' dir='ltr'><strong>testamentum</strong></span> 
     </span>
    </p>
   </div>
   <div class='ocr_carea' id='block_1_40' title="bbox 375 2372 1949 2447">
    <p class='ocr_par' dir='ltr' id='par_1_40' title="bbox 375 2372 1949 2447">
     <span class='ocr_line' id='line_1_40' title="bbox 375 2372 1949 2447; baseline -0.001 -18"><span class='ocrx_word' id='word_1_280' title='bbox 375 2375 562 2430; x_wconf 86' lang='lat' dir='ltr'><strong>multis</strong></span> <span class='ocrx_word' id='word_1_281' title='bbox 596 2374 965 2439; x_wconf 86' lang='lat' dir='ltr'><strong>conﬁrmavit,</strong></span> <span class='ocrx_word' id='word_1_282' title='bbox 996 2374 1271 2429; x_wconf 88' lang='lat' dir='ltr'><strong>sublatum</strong></span> <span class='ocrx_word' id='word_1_283' title='bbox 1297 2382 1384 2429; x_wconf 91' lang='lat' dir='ltr'><strong>est</strong></span> <span class='ocrx_word' id='word_1_284' title='bbox 1413 2372 1765 2439; x_wconf 85' lang='lat' dir='ltr'><strong>sacriﬁcium,</strong></span> <span class='ocrx_word' id='word_1_285' title='bbox 1791 2373 1949 2447; x_wconf 56' lang='grc' dir='ltr'><strong>θοι</strong></span> 
     </span>
    </p>
   </div>
   <div class='ocr_carea' id='block_1_41' title="bbox 373 2465 1953 2535">
    <p class='ocr_par' dir='ltr' id='par_1_41' title="bbox 373 2465 1953 2535">
     <span class='ocr_line' id='line_1_41' title="bbox 373 2465 1953 2535; baseline 0.001 -14"><span class='ocrx_word' id='word_1_286' title='bbox 373 2476 428 2521; x_wconf 86' lang='lat' dir='ltr'><strong>et</strong></span> <span class='ocrx_word' id='word_1_287' title='bbox 455 2466 668 2529; x_wconf 88' lang='lat' dir='ltr'><strong>libatio,</strong></span> <span class='ocrx_word' id='word_1_288' title='bbox 702 2465 1152 2535; x_wconf 86' lang='lat' dir='ltr'><strong>abominatioque</strong></span> <span class='ocrx_word' id='word_1_289' title='bbox 1180 2465 1542 2522; x_wconf 84' lang='lat' dir='ltr'><strong>desolationis</strong></span> <span class='ocrx_word' id='word_1_290' title='bbox 1571 2467 1825 2525; x_wconf 87' lang='lat' dir='ltr'><strong>inchoata</strong></span> <span class='ocrx_word' id='word_1_291' title='bbox 1846 2477 1953 2533; x_wconf 91' lang='lat' dir='ltr'><strong>est,</strong></span> 
     </span>
    </p>
   </div>
   <div class='ocr_carea' id='block_1_42' title="bbox 374 2556 1954 2629">
    <p class='ocr_par' dir='ltr' id='par_1_42' title="bbox 374 2556 1954 2629">
     <span class='ocr_line' id='line_1_42' title="bbox 374 2556 1954 2629; baseline 0.003 -19"><span class='ocrx_word' id='word_1_292' title='bbox 374 2556 817 2629; x_wconf 84' lang='lat' dir='ltr'><strong>quandoquidem</strong></span> <span class='ocrx_word' id='word_1_293' title='bbox 853 2557 952 2613; x_wconf 88' lang='lat' dir='ltr'><strong>bac</strong></span> <span class='ocrx_word' id='word_1_294' title='bbox 979 2557 1097 2627; x_wconf 88' lang='lat' dir='ltr'><strong>ipsa</strong></span> <span class='ocrx_word' id='word_1_295' title='bbox 1125 2558 1463 2625; x_wconf 85' lang='lat' dir='ltr'><strong>hebdomade</strong></span> <span class='ocrx_word' id='word_1_296' title='bbox 1489 2558 1601 2628; x_wconf 86' lang='lat' dir='ltr'><strong>jam</strong></span> <span class='ocrx_word' id='word_1_297' title='bbox 1627 2559 1692 2613; x_wconf 93' lang='lat' dir='ltr'><strong>ad</strong></span> <span class='ocrx_word' id='word_1_298' title='bbox 1716 2559 1954 2615; x_wconf 90' lang='lat' dir='ltr'><strong>medium</strong></span> 
     </span>
    </p>
   </div>
   <div class='ocr_carea' id='block_1_43' title="bbox 375 2648 1956 2720">
    <p class='ocr_par' dir='ltr' id='par_1_43' title="bbox 375 2648 1956 2720">
     <span class='ocr_line' id='line_1_43' title="bbox 375 2648 1956 2720; baseline 0.001 -17"><span class='ocrx_word' id='word_1_299' title='bbox 375 2649 463 2704; x_wconf 87' lang='lat' dir='ltr'><strong>sui</strong></span> <span class='ocrx_word' id='word_1_300' title='bbox 492 2649 727 2718; x_wconf 86' lang='lat' dir='ltr'><strong>spatium</strong></span> <span class='ocrx_word' id='word_1_301' title='bbox 778 2648 967 2713; x_wconf 90' lang='lat' dir='ltr'><strong>ducta,</strong></span> <span class='ocrx_word' id='word_1_302' title='bbox 999 2657 1123 2719; x_wconf 89' lang='lat' dir='ltr'><strong>post</strong></span> <span class='ocrx_word' id='word_1_303' title='bbox 1148 2649 1313 2702; x_wconf 89' lang='lat' dir='ltr'><strong>trium</strong></span> <span class='ocrx_word' id='word_1_304' title='bbox 1345 2664 1614 2715; x_wconf 77' lang='lat' dir='ltr'><strong>annorum</strong></span> <span class='ocrx_word' id='word_1_305' title='bbox 1652 2656 1870 2720; x_wconf 90' lang='lat' dir='ltr'><strong>tempus</strong></span> <span class='ocrx_word' id='word_1_306' title='bbox 1901 2658 1956 2705; x_wconf 89' lang='lat' dir='ltr'><strong>et</strong></span> 
     </span>
    </p>
   </div>
   <div class='ocr_carea' id='block_1_44' title="bbox 376 2736 1953 2809">
    <p class='ocr_par' dir='ltr' id='par_1_44' title="bbox 376 2736 1953 2809">
     <span class='ocr_line' id='line_1_44' title="bbox 376 2736 1953 2809; baseline -0.001 -15"><span class='ocrx_word' id='word_1_307' title='bbox 376 2739 545 2794; x_wconf 82' lang='lat' dir='ltr'><strong>semis</strong></span> <span class='ocrx_word' id='word_1_308' title='bbox 572 2736 837 2793; x_wconf 63' lang='lat' dir='ltr'><strong>doctrinae</strong></span> <span class='ocrx_word' id='word_1_309' title='bbox 868 2737 1035 2799; x_wconf 88' lang='lat' dir='ltr'><strong>illius,</strong></span> <span class='ocrx_word' id='word_1_310' title='bbox 1064 2752 1174 2809; x_wconf 87' lang='lat' dir='ltr'><strong>quo</strong></span> <span class='ocrx_word' id='word_1_311' title='bbox 1208 2745 1454 2808; x_wconf 88' lang='lat' dir='ltr'><strong>tempore</strong></span> <span class='ocrx_word' id='word_1_312' title='bbox 1492 2752 1689 2809; x_wconf 90' lang='lat' dir='ltr'><strong>passus</strong></span> <span class='ocrx_word' id='word_1_313' title='bbox 1720 2749 1826 2804; x_wconf 88' lang='lat' dir='ltr'><strong>est,</strong></span> <span class='ocrx_word' id='word_1_314' title='bbox 1859 2752 1953 2793; x_wconf 81' lang='lat' dir='ltr'><strong>ve-.</strong></span> 
     </span>
    </p>
   </div>
   <div class='ocr_carea' id='block_1_45' title="bbox 377 2830 1951 2901">
    <p class='ocr_par' dir='ltr' id='par_1_45' title="bbox 377 2830 1951 2901">
     <span class='ocr_line' id='line_1_45' title="bbox 377 2830 1951 2901; baseline 0 -17"><span class='ocrx_word' id='word_1_315' title='bbox 377 2830 492 2884; x_wconf 90' lang='lat' dir='ltr'><strong>lum</strong></span> <span class='ocrx_word' id='word_1_316' title='bbox 525 2831 711 2901; x_wconf 89' lang='lat' dir='ltr'><strong>templi</strong></span> <span class='ocrx_word' id='word_1_317' title='bbox 748 2831 985 2887; x_wconf 78' lang='lat' dir='ltr'><strong>scissum</strong></span> <span class='ocrx_word' id='word_1_318' title='bbox 1013 2838 1097 2887; x_wconf 86' lang='lat' dir='ltr'><strong>est</strong></span> <span class='ocrx_word' id='word_1_319' title='bbox 1135 2846 1167 2884; x_wconf 88' lang='lat' dir='ltr'><strong>a</strong></span> <span class='ocrx_word' id='word_1_320' title='bbox 1197 2845 1413 2886; x_wconf 90' lang='lat' dir='ltr'><strong>summo</strong></span> <span class='ocrx_word' id='word_1_321' title='bbox 1444 2845 1619 2900; x_wconf 89' lang='lat' dir='ltr'><strong>usque</strong></span> <span class='ocrx_word' id='word_1_322' title='bbox 1643 2830 1900 2886; x_wconf 90' lang='lat' dir='ltr'><strong>deorsum</strong></span> <span class='ocrx_word' id='word_1_323' title='bbox 1936 2846 1951 2884; x_wconf 83' lang='grc' dir='ltr'><strong>ι</strong></span> 
     </span>
    </p>
   </div>
   <div class='ocr_carea' id='block_1_46' title="bbox 379 2920 1953 2993">
    <p class='ocr_par' dir='ltr' id='par_1_46' title="bbox 379 2920 1953 2993">
     <span class='ocr_line' id='line_1_46' title="bbox 379 2920 1953 2993; baseline -0.003 -15"><span class='ocrx_word' id='word_1_324' title='bbox 379 2935 438 2978; x_wconf 88' lang='lat' dir='ltr'><strong>ut</strong></span> <span class='ocrx_word' id='word_1_325' title='bbox 469 2938 537 2978; x_wconf 80' lang='lat' dir='ltr'><strong>ex</strong></span> <span class='ocrx_word' id='word_1_326' title='bbox 568 2924 663 2979; x_wconf 90' lang='lat' dir='ltr'><strong>illo</strong></span> <span class='ocrx_word' id='word_1_327' title='bbox 689 2922 802 2993; x_wconf 85' lang='lat' dir='ltr'><strong>jam</strong></span> <span class='ocrx_word' id='word_1_328' title='bbox 831 2925 880 2977; x_wconf 90' lang='lat' dir='ltr'><strong>vi</strong></span> <span class='ocrx_word' id='word_1_329' title='bbox 909 2921 1144 2993; x_wconf 90' lang='lat' dir='ltr'><strong>quadam</strong></span> <span class='ocrx_word' id='word_1_330' title='bbox 1181 2922 1393 2976; x_wconf 86' lang='lat' dir='ltr'><strong>sublata</strong></span> <span class='ocrx_word' id='word_1_331' title='bbox 1427 2920 1592 2976; x_wconf 80' lang='lat' dir='ltr'><strong>fuerit</strong></span> <span class='ocrx_word' id='word_1_332' title='bbox 1619 2921 1688 2987; x_wconf 88' lang='lat' dir='ltr'><strong>ab</strong></span> <span class='ocrx_word' id='word_1_333' title='bbox 1709 2922 1788 2977; x_wconf 87' lang='lat' dir='ltr'><strong>eis</strong></span> <span class='ocrx_word' id='word_1_334' title='bbox 1814 2920 1953 2977; x_wconf 58' lang='lat' dir='ltr'><strong>libas-</strong></span> 
     </span>
    </p>
   </div>
   <div class='ocr_carea' id='block_1_47' title="bbox 376 3013 1957 3071">
    <p class='ocr_par' dir='ltr' id='par_1_47' title="bbox 376 3013 1957 3071">
     <span class='ocr_line' id='line_1_47' title="bbox 376 3013 1957 3071; baseline -0.003 -1"><span class='ocrx_word' id='word_1_335' title='bbox 376 3019 454 3071; x_wconf 89' lang='lat' dir='ltr'><strong>tio</strong></span> <span class='ocrx_word' id='word_1_336' title='bbox 481 3023 535 3070; x_wconf 89' lang='lat' dir='ltr'><strong>et</strong></span> <span class='ocrx_word' id='word_1_337' title='bbox 560 3015 888 3071; x_wconf 88' lang='lat' dir='ltr'><strong>sacriﬁcium</strong></span> <span class='ocrx_word' id='word_1_338' title='bbox 913 3022 968 3069; x_wconf 85' lang='lat' dir='ltr'><strong>et</strong></span> <span class='ocrx_word' id='word_1_339' title='bbox 995 3014 1331 3069; x_wconf 88' lang='lat' dir='ltr'><strong>abominatio</strong></span> <span class='ocrx_word' id='word_1_340' title='bbox 1351 3013 1707 3069; x_wconf 87' lang='lat' dir='ltr'><strong>dcsolationis</strong></span> <span class='ocrx_word' id='word_1_341' title='bbox 1740 3013 1795 3067; x_wconf 92' lang='lat' dir='ltr'><strong>in</strong></span> <span class='ocrx_word' id='word_1_342' title='bbox 1824 3020 1957 3068; x_wconf 85' lang='lat' dir='ltr'><strong>tem-</strong></span> 
     </span>
    </p>
   </div>
   <div class='ocr_carea' id='block_1_48' title="bbox 377 3103 1954 3177">
    <p class='ocr_par' dir='ltr' id='par_1_48' title="bbox 377 3103 1954 3177">
     <span class='ocr_line' id='line_1_48' title="bbox 377 3103 1954 3177; baseline -0.001 -17"><span class='ocrx_word' id='word_1_343' title='bbox 377 3108 468 3177; x_wconf 79' lang='lat' dir='ltr'><strong>plo</strong></span> <span class='ocrx_word' id='word_1_344' title='bbox 500 3107 725 3170; x_wconf 89' lang='lat' dir='ltr'><strong>sederit,</strong></span> <span class='ocrx_word' id='word_1_345' title='bbox 759 3112 945 3176; x_wconf 79' lang='lat' dir='ltr'><strong>utpOte</strong></span> <span class='ocrx_word' id='word_1_346' title='bbox 978 3119 1104 3159; x_wconf 92' lang='lat' dir='ltr'><strong>cum</strong></span> <span class='ocrx_word' id='word_1_347' title='bbox 1147 3120 1244 3159; x_wconf 89' lang='lat' dir='ltr'><strong>eos</strong></span> <span class='ocrx_word' id='word_1_348' title='bbox 1301 3105 1479 3160; x_wconf 87' lang='lat' dir='ltr'><strong>virtus</strong></span> <span class='ocrx_word' id='word_1_349' title='bbox 1525 3104 1617 3158; x_wconf 91' lang='lat' dir='ltr'><strong>illa</strong></span> <span class='ocrx_word' id='word_1_350' title='bbox 1673 3103 1954 3174; x_wconf 87' lang='lat' dir='ltr'><strong>reliquerit</strong></span> 
     </span>
    </p>
   </div>
   <div class='ocr_carea' id='block_1_49' title="bbox 377 3198 1950 3270">
    <p class='ocr_par' dir='ltr' id='par_1_49' title="bbox 377 3198 1950 3270">
     <span class='ocr_line' id='line_1_49' title="bbox 377 3198 1950 3270; baseline -0.002 -16"><span class='ocrx_word' id='word_1_351' title='bbox 377 3198 550 3263; x_wconf 84' lang='lat' dir='ltr'><strong>solos,</strong></span> <span class='ocrx_word' id='word_1_352' title='bbox 581 3213 703 3268; x_wconf 63' lang='lat' dir='ltr'><strong>quae</strong></span> <span class='ocrx_word' id='word_1_353' title='bbox 740 3198 811 3253; x_wconf 90' lang='lat' dir='ltr'><strong>ab</strong></span> <span class='ocrx_word' id='word_1_354' title='bbox 851 3198 1006 3253; x_wconf 89' lang='lat' dir='ltr'><strong>initio</strong></span> <span class='ocrx_word' id='word_1_355' title='bbox 1034 3198 1103 3252; x_wconf 86' lang='lat' dir='ltr'><strong>ad</strong></span> <span class='ocrx_word' id='word_1_356' title='bbox 1136 3198 1270 3253; x_wconf 91' lang='lat' dir='ltr'><strong>illud</strong></span> <span class='ocrx_word' id='word_1_357' title='bbox 1300 3214 1476 3269; x_wconf 88' lang='lat' dir='ltr'><strong>usque</strong></span> <span class='ocrx_word' id='word_1_358' title='bbox 1507 3207 1744 3270; x_wconf 88' lang='lat' dir='ltr'><strong>tempus,</strong></span> <span class='ocrx_word' id='word_1_359' title='bbox 1777 3209 1829 3255; x_wconf 90' lang='lat' dir='ltr'><strong>et</strong></span> <span class='ocrx_word' id='word_1_360' title='bbox 1858 3204 1950 3252; x_wconf 87' lang='lat' dir='ltr'><strong>tu-</strong></span> 
     </span>
    </p>
   </div>
   <div class='ocr_carea' id='block_1_50' title="bbox 2053 1986 3632 2078">
    <p class='ocr_par' dir='ltr' id='par_1_50' title="bbox 2053 1986 3632 2078">
     <span class='ocr_line' id='line_1_50' title="bbox 2053 1986 3632 2078; baseline -0.016 -13"><span class='ocrx_word' id='word_1_361' title='bbox 2053 2012 2161 2064; x_wconf 85' lang='grc' dir='ltr'><strong>τῶν</strong></span> <span class='ocrx_word' id='word_1_362' title='bbox 2194 2008 2363 2078; x_wconf 80' lang='grc' dir='ltr'>ἁγίων</span> <span class='ocrx_word' id='word_1_363' title='bbox 2387 2004 2635 2077; x_wconf 83' lang='grc' dir='ltr'>ἡγεῖσθαι</span> <span class='ocrx_word' id='word_1_364' title='bbox 2665 2002 2953 2074; x_wconf 83' lang='grc' dir='ltr'>προσήκει.</span> <span class='ocrx_word' id='word_1_365' title='bbox 2991 1996 3065 2049; x_wconf 85' lang='grc' dir='ltr'><strong>Οὐ</strong></span> <span class='ocrx_word' id='word_1_366' title='bbox 3100 1992 3212 2065; x_wconf 86' lang='grc' dir='ltr'>γὰρ</span> <span class='ocrx_word' id='word_1_367' title='bbox 3232 1991 3300 2046; x_wconf 83' lang='grc' dir='ltr'>ἂν</span> <span class='ocrx_word' id='word_1_368' title='bbox 3330 1988 3504 2051; x_wconf 83' lang='grc' dir='ltr'>άλλως</span> <span class='ocrx_word' id='word_1_369' title='bbox 3535 1986 3632 2078; x_wconf 71' lang='grc' dir='ltr'>καὶ</span> 
     </span>
    </p>
   </div>
   <div class='ocr_carea' id='block_1_51' title="bbox 2053 2077 3632 2171">
    <p class='ocr_par' dir='ltr' id='par_1_51' title="bbox 2053 2077 3632 2171">
     <span class='ocr_line' id='line_1_51' title="bbox 2053 2077 3632 2171; baseline -0.018 -14"><span class='ocrx_word' id='word_1_370' title='bbox 2053 2103 2214 2165; x_wconf 80' lang='grc' dir='ltr'>αὐτὸς</span> <span class='ocrx_word' id='word_1_371' title='bbox 2246 2077 2362 2171; x_wconf 74' lang='grc' dir='ltr'>ἀμα</span> <span class='ocrx_word' id='word_1_372' title='bbox 2390 2101 2503 2161; x_wconf 88' lang='grc' dir='ltr'>τοῖς</span> <span class='ocrx_word' id='word_1_373' title='bbox 2543 2094 2759 2156; x_wconf 84' lang='grc' dir='ltr'>πολλοῖς</span> <span class='ocrx_word' id='word_1_374' title='bbox 2778 2089 3115 2161; x_wconf 80' lang='grc' dir='ltr'>συνήδρευεν</span> <span class='ocrx_word' id='word_1_375' title='bbox 3141 2086 3199 2138; x_wconf 90' lang='grc' dir='ltr'><strong>ἐν</strong></span> <span class='ocrx_word' id='word_1_376' title='bbox 3237 2081 3316 2153; x_wconf 81' lang='grc' dir='ltr'>τῷ</span> <span class='ocrx_word' id='word_1_377' title='bbox 3345 2077 3632 2171; x_wconf 35' lang='grc' dir='ltr'>ἱερῷζτάς</span> 
     </span>
    </p>
   </div>
   <div class='ocr_carea' id='block_1_52' title="bbox 2054 2167 3632 2264">
    <p class='ocr_par' dir='ltr' id='par_1_52' title="bbox 2054 2167 3632 2264">
     <span class='ocr_line' id='line_1_52' title="bbox 2054 2167 3632 2264; baseline -0.019 -15"><span class='ocrx_word' id='word_1_378' title='bbox 2054 2192 2194 2249; x_wconf 87' lang='grc' dir='ltr'><strong>κατά</strong></span> <span class='ocrx_word' id='word_1_379' title='bbox 2220 2167 2415 2264; x_wconf 84' lang='grc' dir='ltr'>νόμους</span> <span class='ocrx_word' id='word_1_380' title='bbox 2437 2185 2630 2260; x_wconf 85' lang='grc' dir='ltr'>ἐορτάς</span> <span class='ocrx_word' id='word_1_381' title='bbox 2657 2181 2941 2243; x_wconf 73' lang='grc' dir='ltr'>ἐπιτελῶν,</span> <span class='ocrx_word' id='word_1_382' title='bbox 2959 2178 3032 2250; x_wconf 84' lang='grc' dir='ltr'><strong>μὴ</strong></span> <span class='ocrx_word' id='word_1_383' title='bbox 3053 2175 3175 2247; x_wconf 74' lang='grc' dir='ltr'><strong>οὐχὶ</strong></span> <span class='ocrx_word' id='word_1_384' title='bbox 3193 2174 3274 2264; x_wconf 65' lang='grc' dir='ltr'><strong>ἔτι</strong></span> <span class='ocrx_word' id='word_1_385' title='bbox 3298 2167 3632 2264; x_wconf 50' lang='lat' dir='ltr'><strong>sweet-(ina,</strong></span> 
     </span>
    </p>
   </div>
   <div class='ocr_carea' id='block_1_53' title="bbox 2054 2255 3640 2343">
    <p class='ocr_par' dir='ltr' id='par_1_53' title="bbox 2054 2255 3640 2343">
     <span class='ocr_line' id='line_1_53' title="bbox 2054 2255 3640 2343; baseline -0.02 -2"><span class='ocrx_word' id='word_1_386' title='bbox 2054 2286 2146 2343; x_wconf 78' lang='grc' dir='ltr'>καὶ</span> <span class='ocrx_word' id='word_1_387' title='bbox 2186 2255 2321 2337; x_wconf 78' lang='grc' dir='ltr'>Θεοῦ</span> <span class='ocrx_word' id='word_1_388' title='bbox 2348 2255 2668 2342; x_wconf 35' lang='grc' dir='ltr'>εῖναι-ἀξιον</span> <span class='ocrx_word' id='word_1_389' title='bbox 2698 2274 2790 2328; x_wconf 82' lang='grc' dir='ltr'><strong>τὸν</strong></span> <span class='ocrx_word' id='word_1_390' title='bbox 2834 2272 2996 2325; x_wconf 86' lang='grc' dir='ltr'>τόπον</span> <span class='ocrx_word' id='word_1_391' title='bbox 3038 2266 3214 2330; x_wconf 81' lang='grc' dir='ltr'>εἰδώς.</span> <span class='ocrx_word' id='word_1_392' title='bbox 3244 2260 3423 2317; x_wconf 67' lang='grc' dir='ltr'>*Ησαν</span> <span class='ocrx_word' id='word_1_393' title='bbox 3448 2255 3542 2313; x_wconf 74' lang='grc' dir='ltr'>οὖν</span> <span class='ocrx_word' id='word_1_394' title='bbox 3574 2260 3640 2319; x_wconf 54' lang='grc' dir='ltr'><strong>ἐν</strong></span> 
     </span>
    </p>
   </div>
   <div class='ocr_carea' id='block_1_54' title="bbox 2051 2349 3638 2453">
    <p class='ocr_par' dir='ltr' id='par_1_54' title="bbox 2051 2349 3638 2453">
     <span class='ocr_line' id='line_1_54' title="bbox 2051 2349 3638 2453; baseline -0.022 -18"><span class='ocrx_word' id='word_1_395' title='bbox 2051 2380 2130 2453; x_wconf 83' lang='grc' dir='ltr'>τῷ</span> <span class='ocrx_word' id='word_1_396' title='bbox 2164 2377 2294 2450; x_wconf 84' lang='grc' dir='ltr'>ἱερῷ</span> <span class='ocrx_word' id='word_1_397' title='bbox 2322 2376 2417 2430; x_wconf 73' lang='grc' dir='ltr'>καὶ</span> <span class='ocrx_word' id='word_1_398' title='bbox 2450 2365 2882 2444; x_wconf 75' lang='grc' dir='ltr'>προφητεύοντες</span> <span class='ocrx_word' id='word_1_399' title='bbox 2906 2378 3051 2425; x_wconf 87' lang='grc' dir='ltr'>τινες</span> <span class='ocrx_word' id='word_1_400' title='bbox 3076 2360 3157 2422; x_wconf 85' lang='grc' dir='ltr'><strong>είς</strong></span> <span class='ocrx_word' id='word_1_401' title='bbox 3180 2357 3364 2453; x_wconf 66' lang='grc' dir='ltr'>ἐκεῖνο</span> <span class='ocrx_word' id='word_1_402' title='bbox 3385 2349 3480 2453; x_wconf 76' lang='grc' dir='ltr'><strong>τοῦ</strong></span> <span class='ocrx_word' id='word_1_403' title='bbox 3511 2366 3638 2453; x_wconf 45' lang='lat' dir='ltr'><strong>ut?</strong></span> 
     </span>
    </p>
   </div>
   <div class='ocr_carea' id='block_1_55' title="bbox 2056 2439 3641 2545">
    <p class='ocr_par' dir='ltr' id='par_1_55' title="bbox 2056 2439 3641 2545">
     <span class='ocr_line' id='line_1_55' title="bbox 2056 2439 3641 2545; baseline -0.02 -20"><span class='ocrx_word' id='word_1_404' title='bbox 2056 2439 2169 2545; x_wconf 74' lang='grc' dir='ltr'>ρόῦ,</span> <span class='ocrx_word' id='word_1_405' title='bbox 2214 2439 2402 2540; x_wconf 62' lang='grc' dir='ltr'>ωσπερ</span> <span class='ocrx_word' id='word_1_406' title='bbox 2442 2439 2673 2533; x_wconf 21' lang='grc' dir='ltr'>’Ᾰννανή</span> <span class='ocrx_word' id='word_1_407' title='bbox 2717 2456 2987 2531; x_wconf 80' lang='grc' dir='ltr'>προφῆτις</span> <span class='ocrx_word' id='word_1_408' title='bbox 3030 2455 3065 2524; x_wconf 82' lang='grc' dir='ltr'>ἡ</span> <span class='ocrx_word' id='word_1_409' title='bbox 3112 2444 3505 2545; x_wconf 22' lang='grc' dir='ltr'>τοῦῌΦανουὴλί</span> <span class='ocrx_word' id='word_1_410' title='bbox 3538 2439 3641 2507; x_wconf 51' lang='grc' dir='ltr'>καὶ</span> 
     </span>
    </p>
   </div>
   <div class='ocr_carea' id='block_1_56' title="bbox 2052 2535 3630 2634">
    <p class='ocr_par' dir='ltr' id='par_1_56' title="bbox 2052 2535 3630 2634">
     <span class='ocr_line' id='line_1_56' title="bbox 2052 2535 3630 2634; baseline -0.021 -16"><span class='ocrx_word' id='word_1_411' title='bbox 2052 2535 2273 2634; x_wconf 59' lang='grc' dir='ltr'>ὲυμεὼν</span> <span class='ocrx_word' id='word_1_412' title='bbox 2319 2563 2347 2613; x_wconf 85' lang='grc' dir='ltr'>ὁ</span> <span class='ocrx_word' id='word_1_413' title='bbox 2374 2535 2469 2613; x_wconf 70' lang='grc' dir='ltr'>ἐπὶ</span> <span class='ocrx_word' id='word_1_414' title='bbox 2497 2557 2597 2621; x_wconf 90' lang='grc' dir='ltr'><strong>τάς</strong></span> <span class='ocrx_word' id='word_1_415' title='bbox 2639 2551 2884 2623; x_wconf 80' lang='grc' dir='ltr'><strong>ἀγκάλας</strong></span> <span class='ocrx_word' id='word_1_416' title='bbox 2921 2546 3103 2610; x_wconf 79' lang='grc' dir='ltr'>αὐτὸν,</span> <span class='ocrx_word' id='word_1_417' title='bbox 3133 2541 3329 2615; x_wconf 82' lang='grc' dir='ltr'>βρέφος</span> <span class='ocrx_word' id='word_1_418' title='bbox 3365 2537 3446 2634; x_wconf 63' lang='grc' dir='ltr'><strong>ἐτι</strong></span> 
     </span>
    </p>
   </div>
   <div class='ocr_carea' id='block_1_57' title="bbox 2053 2623 3631 2719">
    <p class='ocr_par' dir='ltr' id='par_1_57' title="bbox 2053 2623 3631 2719">
     <span class='ocr_line' id='line_1_57' title="bbox 2053 2623 3631 2719; baseline -0.02 -12"><span class='ocrx_word' id='word_1_419' title='bbox 2053 2623 2252 2715; x_wconf 73' lang='grc' dir='ltr'>λαδὼν,</span> <span class='ocrx_word' id='word_1_420' title='bbox 2277 2650 2326 2704; x_wconf 88' lang='grc' dir='ltr'>οἳ</span> <span class='ocrx_word' id='word_1_421' title='bbox 2360 2650 2454 2703; x_wconf 75' lang='grc' dir='ltr'>καὶ</span> <span class='ocrx_word' id='word_1_422' title='bbox 2481 2643 2884 2719; x_wconf 89' lang='grc' dir='ltr'>προφητεύουσι</span> <span class='ocrx_word' id='word_1_423' title='bbox 2907 2638 2977 2692; x_wconf 87' lang='grc' dir='ltr'><strong>τά</strong></span> <span class='ocrx_word' id='word_1_424' title='bbox 2998 2629 3463 2706; x_wconf 81' lang='grc' dir='ltr'>ἀναγεγραμμένα</span> <span class='ocrx_word' id='word_1_425' title='bbox 3479 2643 3494 2657; x_wconf 89' lang='grc'><strong>·</strong></span> <span class='ocrx_word' id='word_1_426' title='bbox 3519 2623 3631 2678; x_wconf 78' lang='grc' dir='ltr'>οὐδ’</span> 
     </span>
    </p>
   </div>
   <div class='ocr_carea' id='block_1_58' title="bbox 2054 2721 3637 2811">
    <p class='ocr_par' dir='ltr' id='par_1_58' title="bbox 2054 2721 3637 2811">
     <span class='ocr_line' id='line_1_58' title="bbox 2054 2721 3637 2811; baseline -0.019 -11"><span class='ocrx_word' id='word_1_427' title='bbox 2054 2746 2120 2800; x_wconf 82' lang='grc' dir='ltr'>ἂν</span> <span class='ocrx_word' id='word_1_428' title='bbox 2146 2745 2304 2807; x_wconf 82' lang='grc' dir='ltr'>αὐτὸς</span> <span class='ocrx_word' id='word_1_429' title='bbox 2328 2745 2356 2796; x_wconf 84' lang='grc' dir='ltr'><strong>ό</strong></span> <span class='ocrx_word' id='word_1_430' title='bbox 2378 2740 2582 2811; x_wconf 82' lang='grc' dir='ltr'>Κύριος</span> <span class='ocrx_word' id='word_1_431' title='bbox 2603 2736 2758 2809; x_wconf 85' lang='grc' dir='ltr'>ήμῶν</span> <span class='ocrx_word' id='word_1_432' title='bbox 2790 2733 3002 2807; x_wconf 74' lang='grc' dir='ltr'>εἰρήκει</span> <span class='ocrx_word' id='word_1_433' title='bbox 3026 2729 3106 2801; x_wconf 80' lang='grc' dir='ltr'>τῷ</span> <span class='ocrx_word' id='word_1_434' title='bbox 3136 2723 3340 2798; x_wconf 75' lang='grc' dir='ltr'>λεπρῷο</span> <span class='ocrx_word' id='word_1_435' title='bbox 3362 2742 3380 2775; x_wconf 83' lang='grc' dir='ltr'><strong>ι</strong></span> <span class='ocrx_word' id='word_1_436' title='bbox 3395 2721 3637 2786; x_wconf 81' lang='grc' dir='ltr'>’Ύπαγε,</span> 
     </span>
    </p>
   </div>
   <div class='ocr_carea' id='block_1_59' title="bbox 2051 2814 3634 2905">
    <p class='ocr_par' dir='ltr' id='par_1_59' title="bbox 2051 2814 3634 2905">
     <span class='ocr_line' id='line_1_59' title="bbox 2051 2814 3634 2905; baseline -0.016 -14"><span class='ocrx_word' id='word_1_437' title='bbox 2051 2836 2221 2905; x_wconf 76' lang='grc' dir='ltr'>δεῖξον</span> <span class='ocrx_word' id='word_1_438' title='bbox 2253 2834 2473 2890; x_wconf 81' lang='grc' dir='ltr'>σεαυτὸν</span> <span class='ocrx_word' id='word_1_439' title='bbox 2503 2831 2581 2903; x_wconf 79' lang='grc' dir='ltr'>τῷ</span> <span class='ocrx_word' id='word_1_440' title='bbox 2614 2832 2768 2903; x_wconf 83' lang='grc' dir='ltr'>ἱερεῖ,</span> <span class='ocrx_word' id='word_1_441' title='bbox 2799 2829 2893 2882; x_wconf 73' lang='grc' dir='ltr'>καὶ</span> <span class='ocrx_word' id='word_1_442' title='bbox 2919 2826 3262 2898; x_wconf 88' lang='grc' dir='ltr'>προσήνεγκε</span> <span class='ocrx_word' id='word_1_443' title='bbox 3291 2820 3390 2891; x_wconf 82' lang='grc' dir='ltr'><strong>τὴν</strong></span> <span class='ocrx_word' id='word_1_444' title='bbox 3424 2814 3634 2875; x_wconf 86' lang='grc' dir='ltr'>θυσίαν.</span> 
     </span>
    </p>
   </div>
   <div class='ocr_carea' id='block_1_60' title="bbox 2053 2906 3640 3003">
    <p class='ocr_par' dir='ltr' id='par_1_60' title="bbox 2053 2906 3640 3003">
     <span class='ocr_line' id='line_1_60' title="bbox 2053 2906 3640 3003; baseline -0.017 -17"><span class='ocrx_word' id='word_1_445' title='bbox 2053 2931 2118 3003; x_wconf 79' lang='grc' dir='ltr'>ἢν</span> <span class='ocrx_word' id='word_1_446' title='bbox 2139 2927 2434 3001; x_wconf 74' lang='grc' dir='ltr'>προσέταξε</span> <span class='ocrx_word' id='word_1_447' title='bbox 2468 2925 2672 2996; x_wconf 82' lang='grc' dir='ltr'>Μωσῆς</span> <span class='ocrx_word' id='word_1_448' title='bbox 2698 2925 2779 2985; x_wconf 76' lang='grc' dir='ltr'>εἰς</span> <span class='ocrx_word' id='word_1_449' title='bbox 2816 2918 3107 2992; x_wconf 67' lang='grc' dir='ltr'>μαρτύριον</span> <span class='ocrx_word' id='word_1_450' title='bbox 3139 2916 3342 2977; x_wconf 82' lang='grc' dir='ltr'>αὐτοῖς,</span> <span class='ocrx_word' id='word_1_451' title='bbox 3377 2930 3396 2964; x_wconf 76' lang='grc' dir='ltr'><strong>ι</strong></span> <span class='ocrx_word' id='word_1_452' title='bbox 3421 2909 3493 3003; x_wconf 72' lang='grc' dir='ltr'><strong>μή</strong></span> <span class='ocrx_word' id='word_1_453' title='bbox 3519 2906 3640 3003; x_wconf 62' lang='grc' dir='ltr'>ούχὶ</span> 
     </span>
    </p>
   </div>
   <div class='ocr_carea' id='block_1_61' title="bbox 2057 2998 3635 3090">
    <p class='ocr_par' dir='ltr' id='par_1_61' title="bbox 2057 2998 3635 3090">
     <span class='ocr_line' id='line_1_61' title="bbox 2057 2998 3635 3090; baseline -0.016 -14"><span class='ocrx_word' id='word_1_454' title='bbox 2057 2998 2138 3078; x_wconf 68' lang='grc' dir='ltr'><strong>ἐτι</strong></span> <span class='ocrx_word' id='word_1_455' title='bbox 2151 2998 2263 3076; x_wconf 82' lang='grc' dir='ltr'>δεῖν</span> <span class='ocrx_word' id='word_1_456' title='bbox 2284 3018 2584 3090; x_wconf 85' lang='grc' dir='ltr'>ἡγούμενος</span> <span class='ocrx_word' id='word_1_457' title='bbox 2603 3014 2671 3068; x_wconf 85' lang='grc' dir='ltr'>τὰ</span> <span class='ocrx_word' id='word_1_458' title='bbox 2686 3012 2827 3067; x_wconf 83' lang='grc' dir='ltr'><strong>κατά</strong></span> <span class='ocrx_word' id='word_1_459' title='bbox 2837 3011 3031 3082; x_wconf 89' lang='grc' dir='ltr'>νόμους</span> <span class='ocrx_word' id='word_1_460' title='bbox 3050 3003 3411 3061; x_wconf 74' lang='grc' dir='ltr'>ἐπιτελεῖσθαι</span> <span class='ocrx_word' id='word_1_461' title='bbox 3429 2998 3635 3061; x_wconf 80' lang='grc' dir='ltr'>αὐτόθι,</span> 
     </span>
    </p>
   </div>
   <div class='ocr_carea' id='block_1_62' title="bbox 2053 3091 3638 3182">
    <p class='ocr_par' dir='ltr' id='par_1_62' title="bbox 2053 3091 3638 3182">
     <span class='ocr_line' id='line_1_62' title="bbox 2053 3091 3638 3182; baseline -0.016 -13"><span class='ocrx_word' id='word_1_462' title='bbox 2053 3116 2130 3178; x_wconf 84' lang='grc' dir='ltr'>ὡς</span> <span class='ocrx_word' id='word_1_463' title='bbox 2146 3116 2203 3167; x_wconf 89' lang='grc' dir='ltr'><strong>ἐν</strong></span> <span class='ocrx_word' id='word_1_464' title='bbox 2232 3112 2373 3182; x_wconf 86' lang='grc' dir='ltr'>ἀγίῳ</span> <span class='ocrx_word' id='word_1_465' title='bbox 2397 3110 2493 3164; x_wconf 67' lang='grc' dir='ltr'><strong>κα)⁸</strong></span> <span class='ocrx_word' id='word_1_466' title='bbox 2528 3106 2663 3161; x_wconf 82' lang='grc' dir='ltr'>Θεοῦ</span> <span class='ocrx_word' id='word_1_467' title='bbox 2702 3105 2836 3176; x_wconf 83' lang='grc' dir='ltr'>ἀξίῳ</span> <span class='ocrx_word' id='word_1_468' title='bbox 2871 3104 3039 3171; x_wconf 83' lang='grc' dir='ltr'>τόπῳ·</span> <span class='ocrx_word' id='word_1_469' title='bbox 3065 3100 3171 3153; x_wconf 80' lang='grc' dir='ltr'>οὐδ’</span> <span class='ocrx_word' id='word_1_470' title='bbox 3192 3099 3257 3153; x_wconf 83' lang='grc' dir='ltr'>ἂν</span> <span class='ocrx_word' id='word_1_471' title='bbox 3276 3097 3409 3158; x_wconf 76' lang='grc' dir='ltr'>τοὺς</span> <span class='ocrx_word' id='word_1_472' title='bbox 3435 3091 3638 3162; x_wconf 85' lang='grc' dir='ltr'>ἀγορά-</span> 
     </span>
    </p>
   </div>
   <div class='ocr_carea' id='block_1_63' title="bbox 2064 3187 3635 3274">
    <p class='ocr_par' dir='ltr' id='par_1_63' title="bbox 2064 3187 3635 3274">
     <span class='ocr_line' id='line_1_63' title="bbox 2064 3187 3635 3274; baseline -0.015 -14"><span class='ocrx_word' id='word_1_473' title='bbox 2064 3206 2254 3272; x_wconf 83' lang='grc' dir='ltr'>ζοντας</span> <span class='ocrx_word' id='word_1_474' title='bbox 2273 3204 2367 3257; x_wconf 74' lang='grc' dir='ltr'>καὶ</span> <span class='ocrx_word' id='word_1_475' title='bbox 2389 3200 2799 3274; x_wconf 84' lang='grc' dir='ltr'>πιπράσκοντας</span> <span class='ocrx_word' id='word_1_476' title='bbox 2823 3193 3039 3262; x_wconf 79' lang='grc' dir='ltr'>ἐξωθῶν</span> <span class='ocrx_word' id='word_1_477' title='bbox 3056 3191 3225 3261; x_wconf 80' lang='grc' dir='ltr'>ἔλεγε·</span> <span class='ocrx_word' id='word_1_478' title='bbox 3251 3208 3269 3241; x_wconf 75' lang='grc' dir='ltr'><strong>ι</strong></span> <span class='ocrx_word' id='word_1_479' title='bbox 3301 3187 3635 3259; x_wconf 79' lang='grc' dir='ltr'>Γέγραπται,</span> 
     </span>
    </p>
   </div>
   <div class='ocr_carea' id='block_1_64' title="bbox 378 3275 1954 3365">
    <p class='ocr_par' dir='ltr' id='par_1_64' title="bbox 378 3290 1954 3362">
     <span class='ocr_line' id='line_1_64' title="bbox 378 3290 1954 3362; baseline 0.001 -19"><span class='ocrx_word' id='word_1_480' title='bbox 378 3291 543 3346; x_wconf 86' lang='lat' dir='ltr'><strong>telam</strong></span> <span class='ocrx_word' id='word_1_481' title='bbox 588 3299 644 3346; x_wconf 91' lang='lat' dir='ltr'><strong>et</strong></span> <span class='ocrx_word' id='word_1_482' title='bbox 681 3290 1077 3360; x_wconf 86' lang='lat' dir='ltr'><strong>providentiam</strong></span> <span class='ocrx_word' id='word_1_483' title='bbox 1131 3292 1252 3360; x_wconf 91' lang='lat' dir='ltr'><strong>ejus</strong></span> <span class='ocrx_word' id='word_1_484' title='bbox 1283 3292 1385 3345; x_wconf 92' lang='lat' dir='ltr'><strong>loci</strong></span> <span class='ocrx_word' id='word_1_485' title='bbox 1429 3291 1651 3362; x_wconf 78' lang='lat' dir='ltr'><strong>gerebat</strong></span> <span class='ocrx_word' id='word_1_486' title='bbox 1683 3310 1697 3348; x_wconf 87' lang='lat'><strong>:</strong></span> <span class='ocrx_word' id='word_1_487' title='bbox 1728 3306 1854 3359; x_wconf 86' lang='lat' dir='ltr'><strong>nam</strong></span> <span class='ocrx_word' id='word_1_488' title='bbox 1891 3290 1954 3345; x_wconf 89' lang='lat' dir='ltr'><strong>ad</strong></span> 
     </span>
    </p>
   </div>
   <div class='ocr_carea' id='block_1_65' title="bbox 2056 3275 3637 3365">
    <p class='ocr_par' dir='ltr' id='par_1_65' title="bbox 2061 3275 3637 3365">
     <span class='ocr_line' id='line_1_65' title="bbox 2061 3275 3637 3365; baseline -0.017 -13"><span class='ocrx_word' id='word_1_489' title='bbox 2061 3298 2143 3351; x_wconf 85' lang='grc' dir='ltr'><strong>ὅτι</strong></span> <span class='ocrx_word' id='word_1_490' title='bbox 2176 3298 2205 3351; x_wconf 80' lang='grc' dir='ltr'>ὁ</span> <span class='ocrx_word' id='word_1_491' title='bbox 2244 3292 2392 3357; x_wconf 77' lang='grc' dir='ltr'>οἶκός</span> <span class='ocrx_word' id='word_1_492' title='bbox 2423 3309 2524 3365; x_wconf 87' lang='grc' dir='ltr'><strong>μου</strong></span> <span class='ocrx_word' id='word_1_493' title='bbox 2567 3286 2715 3353; x_wconf 79' lang='grc' dir='ltr'>οἶκος</span> <span class='ocrx_word' id='word_1_494' title='bbox 2761 3284 3072 3358; x_wconf 79' lang='grc' dir='ltr'>προσευχῆς</span> <span class='ocrx_word' id='word_1_495' title='bbox 3102 3279 3450 3353; x_wconf 86' lang='grc' dir='ltr'>κληθήσεται,</span> <span class='ocrx_word' id='word_1_496' title='bbox 3485 3275 3637 3346; x_wconf 81' lang='grc' dir='ltr'>ὑμεῖς</span> 
     </span>
    </p>
   </div>
   <div class='ocr_carea' id='block_1_66' title="bbox 377 3381 1959 3456">
    <p class='ocr_par' dir='ltr' id='par_1_66' title="bbox 377 3381 1959 3456">
     <span class='ocr_line' id='line_1_66' title="bbox 377 3381 1959 3456; baseline 0.003 -20"><span class='ocrx_word' id='word_1_497' title='bbox 377 3381 512 3436; x_wconf 85' lang='lat' dir='ltr'><strong>illud</strong></span> <span class='ocrx_word' id='word_1_498' title='bbox 549 3397 724 3451; x_wconf 89' lang='lat' dir='ltr'><strong>usque</strong></span> <span class='ocrx_word' id='word_1_499' title='bbox 749 3390 966 3452; x_wconf 89' lang='lat' dir='ltr'><strong>tempus</strong></span> <span class='ocrx_word' id='word_1_500' title='bbox 1000 3398 1110 3453; x_wconf 92' lang='lat' dir='ltr'><strong>quo</strong></span> <span class='ocrx_word' id='word_1_501' title='bbox 1139 3384 1230 3438; x_wconf 91' lang='lat' dir='ltr'><strong>ille</strong></span> <span class='ocrx_word' id='word_1_502' title='bbox 1257 3399 1357 3454; x_wconf 89' lang='lat' dir='ltr'><strong>pro</strong></span> <span class='ocrx_word' id='word_1_503' title='bbox 1402 3384 1580 3439; x_wconf 90' lang='lat' dir='ltr'><strong>salute</strong></span> <span class='ocrx_word' id='word_1_504' title='bbox 1608 3392 1797 3442; x_wconf 90' lang='lat' dir='ltr'><strong>nostra</strong></span> <span class='ocrx_word' id='word_1_505' title='bbox 1831 3400 1959 3456; x_wconf 83' lang='lat' dir='ltr'><strong>pas-</strong></span> 
     </span>
    </p>
   </div>
   <div class='ocr_carea' id='block_1_67' title="bbox 379 3466 1957 3547">
    <p class='ocr_par' dir='ltr' id='par_1_67' title="bbox 379 3466 1957 3547">
     <span class='ocr_line' id='line_1_67' title="bbox 379 3466 1957 3547; baseline 0.001 -18"><span class='ocrx_word' id='word_1_506' title='bbox 379 3489 476 3529; x_wconf 88' lang='lat' dir='ltr'><strong>sus</strong></span> <span class='ocrx_word' id='word_1_507' title='bbox 508 3481 612 3538; x_wconf 89' lang='lat' dir='ltr'><strong>est,</strong></span> <span class='ocrx_word' id='word_1_508' title='bbox 644 3473 883 3529; x_wconf 87' lang='lat' dir='ltr'><strong>divinam</strong></span> <span class='ocrx_word' id='word_1_509' title='bbox 915 3474 1208 3545; x_wconf 86' lang='lat' dir='ltr'><strong>quamdam</strong></span> <span class='ocrx_word' id='word_1_510' title='bbox 1232 3466 1342 3530; x_wconf 88' lang='lat' dir='ltr'><strong>vim</strong></span> <span class='ocrx_word' id='word_1_511' title='bbox 1380 3475 1553 3533; x_wconf 82' lang='lat' dir='ltr'><strong>fuisse</strong></span> <span class='ocrx_word' id='word_1_512' title='bbox 1585 3492 1706 3547; x_wconf 72' lang='lat' dir='ltr'><strong>quae</strong></span> <span class='ocrx_word' id='word_1_513' title='bbox 1733 3484 1788 3533; x_wconf 88' lang='lat' dir='ltr'><strong>et</strong></span> <span class='ocrx_word' id='word_1_514' title='bbox 1816 3484 1957 3532; x_wconf 91' lang='lat' dir='ltr'><strong>tem-</strong></span> 
     </span>
    </p>
   </div>
   <div class='ocr_carea' id='block_1_68' title="bbox 380 3566 1961 3637">
    <p class='ocr_par' dir='ltr' id='par_1_68' title="bbox 380 3566 1961 3637">
     <span class='ocr_line' id='line_1_68' title="bbox 380 3566 1961 3637; baseline 0.001 -17"><span class='ocrx_word' id='word_1_515' title='bbox 380 3569 531 3637; x_wconf 86' lang='lat' dir='ltr'><strong>plum</strong></span> <span class='ocrx_word' id='word_1_516' title='bbox 584 3575 639 3621; x_wconf 91' lang='lat' dir='ltr'><strong>et</strong></span> <span class='ocrx_word' id='word_1_517' title='bbox 667 3566 930 3622; x_wconf 89' lang='lat' dir='ltr'><strong>Sanctum</strong></span> <span class='ocrx_word' id='word_1_518' title='bbox 984 3576 1301 3623; x_wconf 90' lang='lat' dir='ltr'><strong>sanctorum</strong></span> <span class='ocrx_word' id='word_1_519' title='bbox 1348 3576 1615 3632; x_wconf 87' lang='lat' dir='ltr'><strong>lueretur,</strong></span> <span class='ocrx_word' id='word_1_520' title='bbox 1644 3567 1961 3622; x_wconf 80' lang='lat' dir='ltr'><strong>existimare</strong></span> 
     </span>
    </p>
   </div>
   <div class='ocr_carea' id='block_1_69' title="bbox 274 3658 1960 3733">
    <p class='ocr_par' dir='ltr' id='par_1_69' title="bbox 274 3658 1960 3733">
     <span class='ocr_line' id='line_1_69' title="bbox 274 3658 1960 3733; baseline 0 -20"><span class='ocrx_word' id='word_1_521' title='bbox 274 3724 281 3733; x_wconf 32' lang='grc' dir='ltr'>ν</span> <span class='ocrx_word' id='word_1_522' title='bbox 379 3675 479 3730; x_wconf 88' lang='lat' dir='ltr'><strong>par</strong></span> <span class='ocrx_word' id='word_1_523' title='bbox 500 3666 604 3715; x_wconf 90' lang='lat' dir='ltr'><strong>est.</strong></span> <span class='ocrx_word' id='word_1_524' title='bbox 635 3659 849 3729; x_wconf 85' lang='lat' dir='ltr'><strong>Alioqui</strong></span> <span class='ocrx_word' id='word_1_525' title='bbox 875 3659 1005 3729; x_wconf 91' lang='lat' dir='ltr'><strong>quid</strong></span> <span class='ocrx_word' id='word_1_526' title='bbox 1037 3660 1348 3729; x_wconf 88' lang='lat' dir='ltr'><strong>oportebat,</strong></span> <span class='ocrx_word' id='word_1_527' title='bbox 1371 3660 1522 3713; x_wconf 92' lang='lat' dir='ltr'><strong>illum</strong></span> <span class='ocrx_word' id='word_1_528' title='bbox 1545 3674 1654 3714; x_wconf 89' lang='lat' dir='ltr'><strong>una</strong></span> <span class='ocrx_word' id='word_1_529' title='bbox 1678 3673 1802 3712; x_wconf 90' lang='lat' dir='ltr'><strong>cum</strong></span> <span class='ocrx_word' id='word_1_530' title='bbox 1836 3658 1960 3713; x_wconf 87' lang='lat' dir='ltr'><strong>aliis</strong></span> 
     </span>
    </p>
   </div>
   <div class='ocr_carea' id='block_1_70' title="bbox 381 3750 1959 3821">
    <p class='ocr_par' dir='ltr' id='par_1_70' title="bbox 381 3750 1959 3821">
     <span class='ocr_line' id='line_1_70' title="bbox 381 3750 1959 3821; baseline 0.001 -17"><span class='ocrx_word' id='word_1_531' title='bbox 381 3752 568 3807; x_wconf 88' lang='lat' dir='ltr'><strong>multis</strong></span> <span class='ocrx_word' id='word_1_532' title='bbox 602 3752 795 3809; x_wconf 89' lang='lat' dir='ltr'><strong>sedere</strong></span> <span class='ocrx_word' id='word_1_533' title='bbox 829 3751 882 3805; x_wconf 90' lang='lat' dir='ltr'><strong>in</strong></span> <span class='ocrx_word' id='word_1_534' title='bbox 935 3753 1137 3821; x_wconf 85' lang='lat' dir='ltr'><strong>templo</strong></span> <span class='ocrx_word' id='word_1_535' title='bbox 1177 3759 1231 3805; x_wconf 93' lang='lat' dir='ltr'><strong>et</strong></span> <span class='ocrx_word' id='word_1_536' title='bbox 1263 3764 1331 3809; x_wconf 80' lang='lat' dir='ltr'><strong>ex</strong></span> <span class='ocrx_word' id='word_1_537' title='bbox 1378 3751 1590 3820; x_wconf 76' lang='lat' dir='ltr'><strong>legibus</strong></span> <span class='ocrx_word' id='word_1_538' title='bbox 1640 3750 1808 3805; x_wconf 82' lang='lat' dir='ltr'><strong>festos</strong></span> <span class='ocrx_word' id='word_1_539' title='bbox 1840 3750 1959 3806; x_wconf 90' lang='lat' dir='ltr'><strong>dies</strong></span> 
     </span>
    </p>
   </div>
   <div class='ocr_carea' id='block_1_71' title="bbox 378 3843 1960 3914">
    <p class='ocr_par' dir='ltr' id='par_1_71' title="bbox 378 3843 1960 3914">
     <span class='ocr_line' id='line_1_71' title="bbox 378 3843 1960 3914; baseline 0.001 -17"><span class='ocrx_word' id='word_1_540' title='bbox 378 3845 689 3908; x_wconf 83' lang='lat' dir='ltr'><strong>celebrare,</strong></span> <span class='ocrx_word' id='word_1_541' title='bbox 721 3845 767 3899; x_wconf 90' lang='lat' dir='ltr'><strong>si</strong></span> <span class='ocrx_word' id='word_1_542' title='bbox 808 3844 1052 3899; x_wconf 88' lang='lat' dir='ltr'><strong>novisset</strong></span> <span class='ocrx_word' id='word_1_543' title='bbox 1090 3858 1199 3898; x_wconf 89' lang='lat' dir='ltr'><strong>non</strong></span> <span class='ocrx_word' id='word_1_544' title='bbox 1249 3843 1484 3914; x_wconf 89' lang='lat' dir='ltr'><strong>amplius</strong></span> <span class='ocrx_word' id='word_1_545' title='bbox 1525 3844 1829 3899; x_wconf 83' lang='lat' dir='ltr'><strong>consistere</strong></span> <span class='ocrx_word' id='word_1_546' title='bbox 1877 3844 1960 3898; x_wconf 85' lang='lat' dir='ltr'><strong>lo-</strong></span> 
     </span>
    </p>
   </div>
   <div class='ocr_carea' id='block_1_72' title="bbox 378 3931 1954 4006">
    <p class='ocr_par' dir='ltr' id='par_1_72' title="bbox 378 3931 1954 4006">
     <span class='ocr_line' id='line_1_72' title="bbox 378 3931 1954 4006; baseline -0.001 -15"><span class='ocrx_word' id='word_1_547' title='bbox 378 3951 504 3991; x_wconf 85' lang='lat' dir='ltr'><strong>cum</strong></span> <span class='ocrx_word' id='word_1_548' title='bbox 533 3937 707 4000; x_wconf 89' lang='lat' dir='ltr'><strong>illum,</strong></span> <span class='ocrx_word' id='word_1_549' title='bbox 736 3952 915 4006; x_wconf 90' lang='lat' dir='ltr'><strong>neque</strong></span> <span class='ocrx_word' id='word_1_550' title='bbox 944 3935 1039 3991; x_wconf 89' lang='lat' dir='ltr'><strong>Dei</strong></span> <span class='ocrx_word' id='word_1_551' title='bbox 1072 3936 1364 4005; x_wconf 67' lang='lat' dir='ltr'><strong>praesentia</strong></span> <span class='ocrx_word' id='word_1_552' title='bbox 1389 3935 1613 4006; x_wconf 85' lang='lat' dir='ltr'><strong>dignum</strong></span> <span class='ocrx_word' id='word_1_553' title='bbox 1641 3935 1795 3990; x_wconf 89' lang='lat' dir='ltr'><strong>esse?</strong></span> <span class='ocrx_word' id='word_1_554' title='bbox 1813 3931 1954 3989; x_wconf 83' lang='lat' dir='ltr'><strong>Fue-</strong></span> 
     </span>
    </p>
   </div>
   <div class='ocr_carea' id='block_1_73' title="bbox 379 4026 1961 4099">
    <p class='ocr_par' dir='ltr' id='par_1_73' title="bbox 379 4026 1961 4099">
     <span class='ocr_line' id='line_1_73' title="bbox 379 4026 1961 4099; baseline -0.002 -17"><span class='ocrx_word' id='word_1_555' title='bbox 379 4033 510 4082; x_wconf 88' lang='lat' dir='ltr'><strong>runt</strong></span> <span class='ocrx_word' id='word_1_556' title='bbox 532 4027 697 4099; x_wconf 77' lang='lat' dir='ltr'><strong>igitur</strong></span> <span class='ocrx_word' id='word_1_557' title='bbox 728 4028 795 4082; x_wconf 91' lang='lat' dir='ltr'><strong>ad</strong></span> <span class='ocrx_word' id='word_1_558' title='bbox 821 4028 954 4081; x_wconf 90' lang='lat' dir='ltr'><strong>illud</strong></span> <span class='ocrx_word' id='word_1_559' title='bbox 979 4042 1154 4098; x_wconf 89' lang='lat' dir='ltr'><strong>usque</strong></span> <span class='ocrx_word' id='word_1_560' title='bbox 1184 4027 1445 4097; x_wconf 90' lang='lat' dir='ltr'><strong>temporis</strong></span> <span class='ocrx_word' id='word_1_561' title='bbox 1475 4026 1726 4083; x_wconf 89' lang='lat' dir='ltr'><strong>nonnulli</strong></span> <span class='ocrx_word' id='word_1_562' title='bbox 1749 4028 1802 4081; x_wconf 89' lang='lat' dir='ltr'><strong>in</strong></span> <span class='ocrx_word' id='word_1_563' title='bbox 1829 4033 1961 4080; x_wconf 84' lang='lat' dir='ltr'><strong>tem-</strong></span> 
     </span>
    </p>
   </div>
   <div class='ocr_carea' id='block_1_74' title="bbox 378 4116 1961 4189">
    <p class='ocr_par' dir='ltr' id='par_1_74' title="bbox 378 4116 1961 4189">
     <span class='ocr_line' id='line_1_74' title="bbox 378 4116 1961 4189; baseline 0.001 -18"><span class='ocrx_word' id='word_1_564' title='bbox 378 4118 472 4188; x_wconf 84' lang='lat' dir='ltr'><strong>pio</strong></span> <span class='ocrx_word' id='word_1_565' title='bbox 503 4118 835 4183; x_wconf 86' lang='lat' dir='ltr'><strong>divinantes,</strong></span> <span class='ocrx_word' id='word_1_566' title='bbox 868 4119 1047 4189; x_wconf 81' lang='lat' dir='ltr'><strong>qualis</strong></span> <span class='ocrx_word' id='word_1_567' title='bbox 1082 4117 1236 4172; x_wconf 83' lang='lat' dir='ltr'><strong>Anna</strong></span> <span class='ocrx_word' id='word_1_568' title='bbox 1278 4117 1597 4188; x_wconf 86' lang='lat' dir='ltr'><strong>prophetica</strong></span> <span class='ocrx_word' id='word_1_569' title='bbox 1634 4117 1827 4171; x_wconf 88' lang='lat' dir='ltr'><strong>mulier</strong></span> <span class='ocrx_word' id='word_1_570' title='bbox 1851 4116 1961 4172; x_wconf 86' lang='lat' dir='ltr'><strong>ﬁlia</strong></span> 
     </span>
    </p>
   </div>
   <div class='ocr_carea' id='block_1_75' title="bbox 379 4208 1960 4280">
    <p class='ocr_par' dir='ltr' id='par_1_75' title="bbox 379 4208 1960 4280">
     <span class='ocr_line' id='line_1_75' title="bbox 379 4208 1960 4280; baseline 0 -18"><span class='ocrx_word' id='word_1_571' title='bbox 379 4208 646 4274; x_wconf 76' lang='lat' dir='ltr'><strong>Phanuel,</strong></span> <span class='ocrx_word' id='word_1_572' title='bbox 681 4217 735 4265; x_wconf 90' lang='lat' dir='ltr'><strong>ct</strong></span> <span class='ocrx_word' id='word_1_573' title='bbox 778 4209 999 4265; x_wconf 85' lang='lat' dir='ltr'><strong>Simeon</strong></span> <span class='ocrx_word' id='word_1_574' title='bbox 1045 4211 1139 4279; x_wconf 91' lang='lat' dir='ltr'><strong>qui</strong></span> <span class='ocrx_word' id='word_1_575' title='bbox 1173 4209 1229 4264; x_wconf 90' lang='lat' dir='ltr'><strong>in</strong></span> <span class='ocrx_word' id='word_1_576' title='bbox 1261 4210 1420 4265; x_wconf 89' lang='lat' dir='ltr'><strong>ulnas</strong></span> <span class='ocrx_word' id='word_1_577' title='bbox 1454 4210 1633 4280; x_wconf 89' lang='lat' dir='ltr'><strong>ipsum</strong></span> <span class='ocrx_word' id='word_1_578' title='bbox 1662 4209 1840 4264; x_wconf 88' lang='lat' dir='ltr'><strong>adhuc</strong></span> <span class='ocrx_word' id='word_1_579' title='bbox 1874 4210 1960 4262; x_wconf 91' lang='lat' dir='ltr'><strong>in-</strong></span> 
     </span>
    </p>
   </div>
   <div class='ocr_carea' id='block_1_76' title="bbox 382 4300 1963 4372">
    <p class='ocr_par' dir='ltr' id='par_1_76' title="bbox 382 4300 1963 4372">
     <span class='ocr_line' id='line_1_76' title="bbox 382 4300 1963 4372; baseline -0.001 -18"><span class='ocrx_word' id='word_1_580' title='bbox 382 4301 586 4357; x_wconf 72' lang='lat' dir='ltr'><strong>fantem</strong></span> <span class='ocrx_word' id='word_1_581' title='bbox 611 4303 842 4372; x_wconf 87' lang='lat' dir='ltr'><strong>accepit,</strong></span> <span class='ocrx_word' id='word_1_582' title='bbox 880 4304 972 4372; x_wconf 87' lang='lat' dir='ltr'><strong>qui</strong></span> <span class='ocrx_word' id='word_1_583' title='bbox 994 4305 1159 4357; x_wconf 92' lang='lat' dir='ltr'><strong>etiam</strong></span> <span class='ocrx_word' id='word_1_584' title='bbox 1192 4303 1511 4357; x_wconf 80' lang='lat' dir='ltr'><strong>cecinerunt</strong></span> <span class='ocrx_word' id='word_1_585' title='bbox 1542 4315 1605 4356; x_wconf 90' lang='lat' dir='ltr'><strong>ea</strong></span> <span class='ocrx_word' id='word_1_586' title='bbox 1635 4317 1756 4371; x_wconf 71' lang='lat' dir='ltr'><strong>qua:</strong></span> <span class='ocrx_word' id='word_1_587' title='bbox 1785 4300 1963 4371; x_wconf 88' lang='lat' dir='ltr'><strong>publi-</strong></span> 
     </span>
    </p>
   </div>
   <div class='ocr_carea' id='block_1_77' title="bbox 377 4392 1961 4465">
    <p class='ocr_par' dir='ltr' id='par_1_77' title="bbox 377 4392 1961 4465">
     <span class='ocr_line' id='line_1_77' title="bbox 377 4392 1961 4465; baseline -0.001 -18"><span class='ocrx_word' id='word_1_588' title='bbox 377 4408 460 4448; x_wconf 72' lang='lat' dir='ltr'><strong>ca:</strong></span> <span class='ocrx_word' id='word_1_589' title='bbox 489 4394 765 4449; x_wconf 62' lang='lat' dir='ltr'><strong>memoriae</strong></span> <span class='ocrx_word' id='word_1_590' title='bbox 787 4395 1004 4465; x_wconf 85' lang='lat' dir='ltr'><strong>prodita</strong></span> <span class='ocrx_word' id='word_1_591' title='bbox 1035 4403 1185 4459; x_wconf 89' lang='lat' dir='ltr'><strong>sunt,</strong></span> <span class='ocrx_word' id='word_1_592' title='bbox 1208 4395 1304 4449; x_wconf 90' lang='lat' dir='ltr'><strong>sed</strong></span> <span class='ocrx_word' id='word_1_593' title='bbox 1334 4409 1511 4464; x_wconf 91' lang='lat' dir='ltr'><strong>neque</strong></span> <span class='ocrx_word' id='word_1_594' title='bbox 1542 4394 1657 4463; x_wconf 91' lang='lat' dir='ltr'><strong>ipse</strong></span> <span class='ocrx_word' id='word_1_595' title='bbox 1697 4392 1961 4446; x_wconf 89' lang='lat' dir='ltr'><strong>Dominus</strong></span> 
     </span>
    </p>
   </div>
   <div class='ocr_carea' id='block_1_78' title="bbox 381 4483 1981 4556">
    <p class='ocr_par' dir='ltr' id='par_1_78' title="bbox 381 4483 1981 4556">
     <span class='ocr_line' id='line_1_78' title="bbox 381 4483 1981 4556; baseline -0.002 -17"><span class='ocrx_word' id='word_1_596' title='bbox 381 4492 572 4539; x_wconf 88' lang='lat' dir='ltr'><strong>noster</strong></span> <span class='ocrx_word' id='word_1_597' title='bbox 590 4484 821 4541; x_wconf 78' lang='lat' dir='ltr'><strong>dixisset</strong></span> <span class='ocrx_word' id='word_1_598' title='bbox 846 4486 1063 4556; x_wconf 83' lang='lat' dir='ltr'><strong>leproso</strong></span> <span class='ocrx_word' id='word_1_599' title='bbox 1096 4505 1110 4541; x_wconf 90' lang='lat'><strong>:</strong></span> <span class='ocrx_word' id='word_1_600' title='bbox 1148 4505 1166 4536; x_wconf 76' lang='grc' dir='ltr'><strong>ι</strong></span> <span class='ocrx_word' id='word_1_601' title='bbox 1196 4485 1322 4552; x_wconf 87' lang='lat' dir='ltr'><strong>Abi,</strong></span> <span class='ocrx_word' id='word_1_602' title='bbox 1357 4486 1589 4541; x_wconf 85' lang='lat' dir='ltr'><strong>ostende</strong></span> <span class='ocrx_word' id='word_1_603' title='bbox 1612 4493 1665 4540; x_wconf 89' lang='lat' dir='ltr'><strong>te</strong></span> <span class='ocrx_word' id='word_1_604' title='bbox 1688 4483 1981 4548; x_wconf 88' lang='lat' dir='ltr'><strong>sacerdoti,</strong></span> 
     </span>
    </p>
   </div>
   <div class='ocr_carea' id='block_1_79' title="bbox 379 4576 1963 4649">
    <p class='ocr_par' dir='ltr' id='par_1_79' title="bbox 379 4576 1963 4649">
     <span class='ocr_line' id='line_1_79' title="bbox 379 4576 1963 4649; baseline 0 -19"><span class='ocrx_word' id='word_1_605' title='bbox 379 4582 436 4631; x_wconf 84' lang='lat' dir='ltr'><strong>et</strong></span> <span class='ocrx_word' id='word_1_606' title='bbox 483 4576 617 4632; x_wconf 79' lang='lat' dir='ltr'><strong>oﬂ‘er</strong></span> <span class='ocrx_word' id='word_1_607' title='bbox 644 4578 996 4643; x_wconf 87' lang='lat' dir='ltr'><strong>sacriﬁcium,</strong></span> <span class='ocrx_word' id='word_1_608' title='bbox 1021 4579 1166 4648; x_wconf 90' lang='lat' dir='ltr'><strong>quod</strong></span> <span class='ocrx_word' id='word_1_609' title='bbox 1212 4578 1471 4649; x_wconf 66' lang='lat' dir='ltr'><strong>praecepit</strong></span> <span class='ocrx_word' id='word_1_610' title='bbox 1501 4576 1678 4633; x_wconf 79' lang='lat' dir='ltr'><strong>Moses</strong></span> <span class='ocrx_word' id='word_1_611' title='bbox 1715 4578 1769 4631; x_wconf 91' lang='lat' dir='ltr'><strong>in</strong></span> <span class='ocrx_word' id='word_1_612' title='bbox 1810 4577 1963 4632; x_wconf 85' lang='lat' dir='ltr'><strong>testi-</strong></span> 
     </span>
    </p>
   </div>
   <div class='ocr_carea' id='block_1_80' title="bbox 379 4669 1963 4737">
    <p class='ocr_par' dir='ltr' id='par_1_80' title="bbox 379 4669 1963 4737">
     <span class='ocr_line' id='line_1_80' title="bbox 379 4669 1963 4737; baseline 0 -12"><span class='ocrx_word' id='word_1_613' title='bbox 379 4672 623 4726; x_wconf 87' lang='lat' dir='ltr'><strong>monium</strong></span> <span class='ocrx_word' id='word_1_614' title='bbox 654 4673 734 4727; x_wconf 90' lang='lat' dir='ltr'><strong>eis</strong></span> <span class='ocrx_word' id='word_1_615' title='bbox 761 4671 830 4737; x_wconf 82' lang='grc'><strong>⁸⁷,</strong></span> <span class='ocrx_word' id='word_1_616' title='bbox 867 4690 886 4725; x_wconf 70' lang='grc' dir='ltr'><strong>ι</strong></span> <span class='ocrx_word' id='word_1_617' title='bbox 916 4671 961 4727; x_wconf 90' lang='lat' dir='ltr'><strong>si</strong></span> <span class='ocrx_word' id='word_1_618' title='bbox 989 4671 1083 4725; x_wconf 89' lang='lat' dir='ltr'><strong>illo</strong></span> <span class='ocrx_word' id='word_1_619' title='bbox 1112 4673 1165 4725; x_wconf 84' lang='lat' dir='ltr'><strong>in</strong></span> <span class='ocrx_word' id='word_1_620' title='bbox 1196 4673 1316 4726; x_wconf 89' lang='lat' dir='ltr'><strong>loco</strong></span> <span class='ocrx_word' id='word_1_621' title='bbox 1337 4688 1447 4725; x_wconf 85' lang='lat' dir='ltr'><strong>non</strong></span> <span class='ocrx_word' id='word_1_622' title='bbox 1481 4671 1622 4725; x_wconf 87' lang='lat' dir='ltr'><strong>ultra</strong></span> <span class='ocrx_word' id='word_1_623' title='bbox 1649 4669 1963 4725; x_wconf 83' lang='lat' dir='ltr'><strong>existimas-</strong></span> 
     </span>
    </p>
   </div>
   <div class='ocr_carea' id='block_1_81' title="bbox 379 4758 1961 4833">
    <p class='ocr_par' dir='ltr' id='par_1_81' title="bbox 379 4758 1961 4833">
     <span class='ocr_line' id='line_1_81' title="bbox 379 4758 1961 4833; baseline -0.003 -16"><span class='ocrx_word' id='word_1_624' title='bbox 379 4771 608 4831; x_wconf 69' lang='lat' dir='ltr'><strong>setquaa</strong></span> <span class='ocrx_word' id='word_1_625' title='bbox 653 4763 721 4816; x_wconf 88' lang='lat' dir='ltr'><strong>ad</strong></span> <span class='ocrx_word' id='word_1_626' title='bbox 783 4764 922 4818; x_wconf 90' lang='lat' dir='ltr'><strong>ritus</strong></span> <span class='ocrx_word' id='word_1_627' title='bbox 974 4765 1230 4833; x_wconf 86' lang='lat' dir='ltr'><strong>legesque</strong></span> <span class='ocrx_word' id='word_1_628' title='bbox 1276 4761 1547 4831; x_wconf 82' lang='lat' dir='ltr'><strong>pertinent</strong></span> <span class='ocrx_word' id='word_1_629' title='bbox 1602 4768 1860 4828; x_wconf 85' lang='lat' dir='ltr'><strong>tanquam</strong></span> <span class='ocrx_word' id='word_1_630' title='bbox 1904 4758 1961 4813; x_wconf 90' lang='lat' dir='ltr'><strong>in</strong></span> 
     </span>
    </p>
   </div>
   <div class='ocr_carea' id='block_1_82' title="bbox 378 4852 1962 4926">
    <p class='ocr_par' dir='ltr' id='par_1_82' title="bbox 378 4852 1962 4926">
     <span class='ocr_line' id='line_1_82' title="bbox 378 4852 1962 4926; baseline -0.003 -17"><span class='ocrx_word' id='word_1_631' title='bbox 378 4863 575 4910; x_wconf 87' lang='lat' dir='ltr'><strong>sancto</strong></span> <span class='ocrx_word' id='word_1_632' title='bbox 615 4863 670 4910; x_wconf 93' lang='lat' dir='ltr'><strong>et</strong></span> <span class='ocrx_word' id='word_1_633' title='bbox 714 4853 809 4909; x_wconf 89' lang='lat' dir='ltr'><strong>Dei</strong></span> <span class='ocrx_word' id='word_1_634' title='bbox 844 4856 1135 4926; x_wconf 64' lang='lat' dir='ltr'><strong>praesentia</strong></span> <span class='ocrx_word' id='word_1_635' title='bbox 1174 4854 1339 4925; x_wconf 78' lang='lat' dir='ltr'><strong>digno</strong></span> <span class='ocrx_word' id='word_1_636' title='bbox 1361 4855 1481 4907; x_wconf 91' lang='lat' dir='ltr'><strong>loco</strong></span> <span class='ocrx_word' id='word_1_637' title='bbox 1508 4852 1771 4907; x_wconf 80' lang='lat' dir='ltr'><strong>celebrari</strong></span> <span class='ocrx_word' id='word_1_638' title='bbox 1797 4866 1962 4920; x_wconf 91' lang='lat' dir='ltr'><strong>opor-</strong></span> 
     </span>
    </p>
   </div>
   <div class='ocr_carea' id='block_1_83' title="bbox 377 4943 1962 5017">
    <p class='ocr_par' dir='ltr' id='par_1_83' title="bbox 377 4943 1962 5017">
     <span class='ocr_line' id='line_1_83' title="bbox 377 4943 1962 5017; baseline -0.002 -17"><span class='ocrx_word' id='word_1_639' title='bbox 377 4955 515 5007; x_wconf 86' lang='lat' dir='ltr'><strong>tere,</strong></span> <span class='ocrx_word' id='word_1_640' title='bbox 548 4962 725 5017; x_wconf 88' lang='lat' dir='ltr'><strong>neque</strong></span> <span class='ocrx_word' id='word_1_641' title='bbox 774 4948 1075 5003; x_wconf 84' lang='lat' dir='ltr'><strong>vendentes</strong></span> <span class='ocrx_word' id='word_1_642' title='bbox 1107 4953 1162 5003; x_wconf 90' lang='lat' dir='ltr'><strong>et</strong></span> <span class='ocrx_word' id='word_1_643' title='bbox 1204 4953 1448 5002; x_wconf 89' lang='lat' dir='ltr'><strong>ementes</strong></span> <span class='ocrx_word' id='word_1_644' title='bbox 1479 4945 1707 5015; x_wconf 90' lang='lat' dir='ltr'><strong>ejiciens</strong></span> <span class='ocrx_word' id='word_1_645' title='bbox 1733 4943 1962 4999; x_wconf 83' lang='lat' dir='ltr'><strong>dixisset</strong></span> 
     </span>
    </p>
   </div>
   <div class='ocr_carea' id='block_1_84' title="bbox 377 5032 1959 5109">
    <p class='ocr_par' dir='ltr' id='par_1_84' title="bbox 377 5032 1959 5109">
     <span class='ocr_line' id='line_1_84' title="bbox 377 5032 1959 5109; baseline 0 -20"><span class='ocrx_word' id='word_1_646' title='bbox 377 5032 555 5094; x_wconf 84' lang='lat' dir='ltr'><strong>verba</strong></span> <span class='ocrx_word' id='word_1_647' title='bbox 573 5039 662 5092; x_wconf 86' lang='lat' dir='ltr'><strong>illa</strong></span> <span class='ocrx_word' id='word_1_648' title='bbox 700 5059 712 5093; x_wconf 92' lang='lat'>:</span> <span class='ocrx_word' id='word_1_649' title='bbox 745 5056 765 5089; x_wconf 78' lang='grc' dir='ltr'><strong>ι</strong></span> <span class='ocrx_word' id='word_1_650' title='bbox 802 5038 1076 5109; x_wconf 90' lang='lat' dir='ltr'><strong>Scriptum</strong></span> <span class='ocrx_word' id='word_1_651' title='bbox 1101 5045 1206 5101; x_wconf 90' lang='lat' dir='ltr'><strong>est,</strong></span> <span class='ocrx_word' id='word_1_652' title='bbox 1231 5036 1426 5091; x_wconf 86' lang='lat' dir='ltr'><strong>domus</strong></span> <span class='ocrx_word' id='word_1_653' title='bbox 1448 5051 1568 5092; x_wconf 84' lang='lat' dir='ltr'><strong>mea</strong></span> <span class='ocrx_word' id='word_1_654' title='bbox 1594 5036 1791 5091; x_wconf 89' lang='lat' dir='ltr'><strong>domus</strong></span> <span class='ocrx_word' id='word_1_655' title='bbox 1833 5050 1959 5090; x_wconf 88' lang='lat' dir='ltr'><strong>ora-</strong></span> 
     </span>
    </p>
   </div>
   <div class='ocr_carea' id='block_1_85' title="bbox 377 5128 1957 5199">
    <p class='ocr_par' dir='ltr' id='par_1_85' title="bbox 377 5128 1957 5199">
     <span class='ocr_line' id='line_1_85' title="bbox 377 5128 1957 5199; baseline -0.001 -16"><span class='ocrx_word' id='word_1_656' title='bbox 377 5130 548 5185; x_wconf 87' lang='lat' dir='ltr'><strong>tionis</strong></span> <span class='ocrx_word' id='word_1_657' title='bbox 577 5131 888 5198; x_wconf 88' lang='lat' dir='ltr'><strong>vocabitnr,</strong></span> <span class='ocrx_word' id='word_1_658' title='bbox 924 5145 1024 5186; x_wconf 92' lang='lat' dir='ltr'><strong>vos</strong></span> <span class='ocrx_word' id='word_1_659' title='bbox 1058 5140 1239 5185; x_wconf 89' lang='lat' dir='ltr'><strong>autem</strong></span> <span class='ocrx_word' id='word_1_660' title='bbox 1269 5145 1387 5185; x_wconf 88' lang='lat' dir='ltr'><strong>eam</strong></span> <span class='ocrx_word' id='word_1_661' title='bbox 1425 5128 1608 5184; x_wconf 79' lang='lat' dir='ltr'><strong>facitis</strong></span> <span class='ocrx_word' id='word_1_662' title='bbox 1639 5128 1957 5199; x_wconf 87' lang='lat' dir='ltr'><strong>speluncam</strong></span> 
     </span>
    </p>
   </div>
   <div class='ocr_carea' id='block_1_86' title="bbox 380 5221 1960 5283">
    <p class='ocr_par' dir='ltr' id='par_1_86' title="bbox 380 5221 1960 5283">
     <span class='ocr_line' id='line_1_86' title="bbox 380 5221 1960 5283; baseline -0.003 -7"><span class='ocrx_word' id='word_1_663' title='bbox 380 5224 658 5277; x_wconf 81' lang='lat' dir='ltr'><strong>latronum</strong></span> <span class='ocrx_word' id='word_1_664' title='bbox 689 5224 758 5279; x_wconf 77' lang='lat'><strong>“.</strong></span> <span class='ocrx_word' id='word_1_665' title='bbox 800 5243 817 5274; x_wconf 70' lang='grc' dir='ltr'><strong>ι</strong></span> <span class='ocrx_word' id='word_1_666' title='bbox 852 5223 918 5278; x_wconf 87' lang='lat' dir='ltr'><strong>Et</strong></span> <span class='ocrx_word' id='word_1_667' title='bbox 965 5239 1199 5279; x_wconf 82' lang='lat' dir='ltr'><strong>rursus:</strong></span> <span class='ocrx_word' id='word_1_668' title='bbox 1257 5241 1276 5274; x_wconf 73' lang='grc' dir='ltr'><strong>ι</strong></span> <span class='ocrx_word' id='word_1_669' title='bbox 1314 5221 1538 5277; x_wconf 83' lang='lat' dir='ltr'><strong>Auferte</strong></span> <span class='ocrx_word' id='word_1_670' title='bbox 1584 5221 1690 5276; x_wconf 87' lang='lat' dir='ltr'><strong>ista</strong></span> <span class='ocrx_word' id='word_1_671' title='bbox 1720 5221 1870 5283; x_wconf 88' lang='lat' dir='ltr'><strong>hinc,</strong></span> <span class='ocrx_word' id='word_1_672' title='bbox 1904 5226 1960 5273; x_wconf 93' lang='lat' dir='ltr'><strong>et</strong></span> 
     </span>
    </p>
   </div>
   <div class='ocr_carea' id='block_1_87' title="bbox 379 5308 1962 5379">
    <p class='ocr_par' dir='ltr' id='par_1_87' title="bbox 379 5308 1962 5379">
     <span class='ocr_line' id='line_1_87' title="bbox 379 5308 1962 5379; baseline -0.004 -12"><span class='ocrx_word' id='word_1_673' title='bbox 379 5314 551 5369; x_wconf 84' lang='lat' dir='ltr'><strong>nolite</strong></span> <span class='ocrx_word' id='word_1_674' title='bbox 582 5312 763 5369; x_wconf 68' lang='lat' dir='ltr'><strong>facere</strong></span> <span class='ocrx_word' id='word_1_675' title='bbox 791 5313 1015 5368; x_wconf 90' lang='lat' dir='ltr'><strong>domum</strong></span> <span class='ocrx_word' id='word_1_676' title='bbox 1044 5313 1231 5368; x_wconf 88' lang='lat' dir='ltr'><strong>Patris</strong></span> <span class='ocrx_word' id='word_1_677' title='bbox 1253 5312 1359 5366; x_wconf 91' lang='lat' dir='ltr'><strong>mei</strong></span> <span class='ocrx_word' id='word_1_678' title='bbox 1382 5312 1603 5365; x_wconf 91' lang='lat' dir='ltr'><strong>domum</strong></span> <span class='ocrx_word' id='word_1_679' title='bbox 1639 5308 1962 5379; x_wconf 81' lang='lat' dir='ltr'><strong>negotiatio-</strong></span> 
     </span>
    </p>
   </div>
   <div class='ocr_carea' id='block_1_88' title="bbox 378 5399 1958 5474">
    <p class='ocr_par' dir='ltr' id='par_1_88' title="bbox 378 5399 1958 5474">
     <span class='ocr_line' id='line_1_88' title="bbox 378 5399 1958 5474; baseline -0.005 -15"><span class='ocrx_word' id='word_1_680' title='bbox 378 5405 556 5471; x_wconf 78' lang='lat' dir='ltr'><strong>nis”,</strong></span> <span class='ocrx_word' id='word_1_681' title='bbox 587 5425 606 5457; x_wconf 74' lang='grc' dir='ltr'><strong>ι</strong></span> <span class='ocrx_word' id='word_1_682' title='bbox 642 5406 763 5460; x_wconf 82' lang='grc' dir='ltr'>ἰιἰεί</span> <span class='ocrx_word' id='word_1_683' title='bbox 807 5405 989 5460; x_wconf 86' lang='lat' dir='ltr'><strong>adhuc</strong></span> <span class='ocrx_word' id='word_1_684' title='bbox 1031 5405 1190 5474; x_wconf 89' lang='lat' dir='ltr'><strong>plane</strong></span> <span class='ocrx_word' id='word_1_685' title='bbox 1245 5405 1552 5459; x_wconf 88' lang='lat' dir='ltr'><strong>censuisset</strong></span> <span class='ocrx_word' id='word_1_686' title='bbox 1596 5399 1958 5456; x_wconf 88' lang='lat' dir='ltr'><strong>venerabilem</strong></span> 
     </span>
    </p>
   </div>
   <div class='ocr_carea' id='block_1_89' title="bbox 378 5492 1958 5567">
    <p class='ocr_par' dir='ltr' id='par_1_89' title="bbox 378 5492 1958 5567">
     <span class='ocr_line' id='line_1_89' title="bbox 378 5492 1958 5567; baseline -0.006 -16"><span class='ocrx_word' id='word_1_687' title='bbox 378 5511 505 5552; x_wconf 80' lang='lat' dir='ltr'><strong>esse</strong></span> <span class='ocrx_word' id='word_1_688' title='bbox 544 5499 725 5551; x_wconf 90' lang='lat' dir='ltr'><strong>locum</strong></span> <span class='ocrx_word' id='word_1_689' title='bbox 754 5504 949 5567; x_wconf 88' lang='lat' dir='ltr'><strong>putare</strong></span> <span class='ocrx_word' id='word_1_690' title='bbox 992 5508 1262 5565; x_wconf 88' lang='lat' dir='ltr'><strong>oportere.</strong></span> <span class='ocrx_word' id='word_1_691' title='bbox 1314 5497 1384 5549; x_wconf 83' lang='lat' dir='ltr'><strong>At</strong></span> <span class='ocrx_word' id='word_1_692' title='bbox 1431 5496 1576 5551; x_wconf 90' lang='lat' dir='ltr'><strong>enim</strong></span> <span class='ocrx_word' id='word_1_693' title='bbox 1607 5493 1702 5548; x_wconf 87' lang='lat' dir='ltr'><strong>ubi</strong></span> <span class='ocrx_word' id='word_1_694' title='bbox 1743 5492 1958 5545; x_wconf 89' lang='lat' dir='ltr'><strong>illorum</strong></span> 
     </span>
    </p>
   </div>
   <div class='ocr_carea' id='block_1_90' title="bbox 381 5582 1954 5659">
    <p class='ocr_par' dir='ltr' id='par_1_90' title="bbox 381 5582 1954 5659">
     <span class='ocr_line' id='line_1_90' title="bbox 381 5582 1954 5659; baseline -0.004 -18"><span class='ocrx_word' id='word_1_695' title='bbox 381 5598 687 5641; x_wconf 64' lang='lat' dir='ltr'><strong>extremum</strong></span> <span class='ocrx_word' id='word_1_696' title='bbox 723 5588 907 5643; x_wconf 87' lang='lat' dir='ltr'><strong>scelus</strong></span> <span class='ocrx_word' id='word_1_697' title='bbox 938 5586 1415 5659; x_wconf 81' lang='lat' dir='ltr'><strong>apprOpinquavit,</strong></span> <span class='ocrx_word' id='word_1_698' title='bbox 1457 5595 1571 5642; x_wconf 90' lang='lat' dir='ltr'><strong>tum</strong></span> <span class='ocrx_word' id='word_1_699' title='bbox 1601 5584 1787 5638; x_wconf 90' lang='lat' dir='ltr'><strong>omnia</strong></span> <span class='ocrx_word' id='word_1_700' title='bbox 1816 5582 1954 5637; x_wconf 85' lang='lat' dir='ltr'><strong>indi-</strong></span> 
     </span>
    </p>
   </div>
   <div class='ocr_carea' id='block_1_91' title="bbox 380 5675 1960 5749">
    <p class='ocr_par' dir='ltr' id='par_1_91' title="bbox 380 5675 1960 5749">
     <span class='ocr_line' id='line_1_91' title="bbox 380 5675 1960 5749; baseline -0.004 -14"><span class='ocrx_word' id='word_1_701' title='bbox 380 5680 529 5735; x_wconf 81' lang='lat' dir='ltr'><strong>cavit</strong></span> <span class='ocrx_word' id='word_1_702' title='bbox 566 5678 758 5733; x_wconf 86' lang='lat' dir='ltr'><strong>dicens</strong></span> <span class='ocrx_word' id='word_1_703' title='bbox 796 5698 811 5733; x_wconf 87' lang='lat'><strong>:</strong></span> <span class='ocrx_word' id='word_1_704' title='bbox 854 5698 873 5731; x_wconf 83' lang='grc' dir='ltr'><strong>ι</strong></span> <span class='ocrx_word' id='word_1_705' title='bbox 913 5680 1053 5735; x_wconf 88' lang='lat' dir='ltr'><strong>Ecce</strong></span> <span class='ocrx_word' id='word_1_706' title='bbox 1086 5678 1416 5749; x_wconf 86' lang='lat' dir='ltr'><strong>relinquitur</strong></span> <span class='ocrx_word' id='word_1_707' title='bbox 1450 5675 1608 5731; x_wconf 88' lang='lat' dir='ltr'><strong>vobis</strong></span> <span class='ocrx_word' id='word_1_708' title='bbox 1637 5675 1834 5730; x_wconf 87' lang='lat' dir='ltr'><strong>domus</strong></span> <span class='ocrx_word' id='word_1_709' title='bbox 1867 5689 1960 5729; x_wconf 89' lang='lat' dir='ltr'><strong>ve-</strong></span> 
     </span>
    </p>
   </div>
   <div class='ocr_carea' id='block_1_92' title="bbox 1998 4594 2098 4679">
    <p class='ocr_par' dir='ltr' id='par_1_92' title="bbox 1998 4594 2098 4679">
     <span class='ocr_line' id='line_1_92' title="bbox 1998 4594 2098 4679; baseline 0 -33"><span class='ocrx_word' id='word_1_710' title='bbox 1998 4594 2098 4679; x_wconf 62' lang='lat' dir='ltr'>nx</span> 
     </span>
    </p>
   </div>
   <div class='ocr_carea' id='block_1_93' title="bbox 2058 3365 3633 3452">
    <p class='ocr_par' dir='ltr' id='par_1_93' title="bbox 2058 3365 3633 3452">
     <span class='ocr_line' id='line_1_93' title="bbox 2058 3365 3633 3452; baseline -0.015 -9"><span class='ocrx_word' id='word_1_711' title='bbox 2058 3389 2115 3443; x_wconf 82' lang='grc' dir='ltr'>δὲ</span> <span class='ocrx_word' id='word_1_712' title='bbox 2158 3388 2320 3441; x_wconf 85' lang='grc' dir='ltr'>αὑτὸν</span> <span class='ocrx_word' id='word_1_713' title='bbox 2366 3387 2565 3439; x_wconf 87' lang='grc' dir='ltr'>ποιεῖτε</span> <span class='ocrx_word' id='word_1_714' title='bbox 2618 3380 2877 3452; x_wconf 79' lang='grc' dir='ltr'>σπήλαιον</span> <span class='ocrx_word' id='word_1_715' title='bbox 2928 3373 3180 3448; x_wconf 53' lang='grc' dir='ltr'>λῃστῶν</span> <span class='ocrx_word' id='word_1_716' title='bbox 3223 3392 3242 3423; x_wconf 73' lang='grc' dir='ltr'><strong>ι</strong></span> <span class='ocrx_word' id='word_1_717' title='bbox 3305 3371 3404 3425; x_wconf 74' lang='grc' dir='ltr'><strong>καὶ</strong></span> <span class='ocrx_word' id='word_1_718' title='bbox 3447 3365 3633 3430; x_wconf 79' lang='grc' dir='ltr'>αὖθις·</span> 
     </span>
    </p>
   </div>
   <div class='ocr_carea' id='block_1_94' title="bbox 2066 3454 3667 3550">
    <p class='ocr_par' dir='ltr' id='par_1_94' title="bbox 2066 3454 3667 3550">
     <span class='ocr_line' id='line_1_94' title="bbox 2066 3454 3667 3550; baseline -0.015 -16"><span class='ocrx_word' id='word_1_719' title='bbox 2066 3481 2303 3550; x_wconf 68' lang='grc' dir='ltr'>«Ἄρατε</span> <span class='ocrx_word' id='word_1_720' title='bbox 2332 3476 2505 3531; x_wconf 89' lang='grc' dir='ltr'>ταῦτα</span> <span class='ocrx_word' id='word_1_721' title='bbox 2533 3471 2911 3535; x_wconf 78' lang='grc' dir='ltr'>ἐντεῦθεν,καὶ</span> <span class='ocrx_word' id='word_1_722' title='bbox 2926 3469 2999 3540; x_wconf 80' lang='grc' dir='ltr'><strong>μὴ</strong></span> <span class='ocrx_word' id='word_1_723' title='bbox 3024 3467 3228 3520; x_wconf 88' lang='grc' dir='ltr'>ποιεῖτε</span> <span class='ocrx_word' id='word_1_724' title='bbox 3256 3463 3349 3517; x_wconf 80' lang='grc' dir='ltr'>τὸν</span> <span class='ocrx_word' id='word_1_725' title='bbox 3376 3457 3525 3514; x_wconf 78' lang='grc' dir='ltr'>οἷκον</span> <span class='ocrx_word' id='word_1_726' title='bbox 3545 3454 3667 3511; x_wconf 81' lang='grc' dir='ltr'>τοῦ·</span> 
     </span>
    </p>
   </div>
   <div class='ocr_carea' id='block_1_95' title="bbox 2059 3553 3645 3644">
    <p class='ocr_par' dir='ltr' id='par_1_95' title="bbox 2059 3553 3645 3644">
     <span class='ocr_line' id='line_1_95' title="bbox 2059 3553 3645 3644; baseline -0.015 -18"><span class='ocrx_word' id='word_1_727' title='bbox 2059 3571 2273 3644; x_wconf 85' lang='grc' dir='ltr'>Πατρός</span> <span class='ocrx_word' id='word_1_728' title='bbox 2306 3586 2408 3641; x_wconf 90' lang='grc' dir='ltr'><strong>μου</strong></span> <span class='ocrx_word' id='word_1_729' title='bbox 2433 3564 2580 3621; x_wconf 78' lang='grc' dir='ltr'>οἶκον</span> <span class='ocrx_word' id='word_1_730' title='bbox 2614 3564 2909 3638; x_wconf 85' lang='grc' dir='ltr'>ἐμπορείου</span> <span class='ocrx_word' id='word_1_731' title='bbox 2933 3578 2946 3592; x_wconf 89' lang='grc'><strong>·</strong></span> <span class='ocrx_word' id='word_1_732' title='bbox 2994 3580 3012 3612; x_wconf 70' lang='grc' dir='ltr'><strong>ι</strong></span> <span class='ocrx_word' id='word_1_733' title='bbox 3052 3560 3100 3612; x_wconf 83' lang='grc' dir='ltr'><strong>εί</strong></span> <span class='ocrx_word' id='word_1_734' title='bbox 3133 3557 3208 3629; x_wconf 80' lang='grc' dir='ltr'><strong>μὴ</strong></span> <span class='ocrx_word' id='word_1_735' title='bbox 3239 3555 3321 3609; x_wconf 76' lang='grc' dir='ltr'>ἔτι</span> <span class='ocrx_word' id='word_1_736' title='bbox 3345 3553 3526 3644; x_wconf 81' lang='grc' dir='ltr'>τίμιον</span> <span class='ocrx_word' id='word_1_737' title='bbox 3554 3567 3645 3605; x_wconf 91' lang='grc' dir='ltr'>σα-</span> 
     </span>
    </p>
   </div>
   <div class='ocr_carea' id='block_1_96' title="bbox 2061 3642 3643 3733">
    <p class='ocr_par' dir='ltr' id='par_1_96' title="bbox 2061 3642 3643 3733">
     <span class='ocr_line' id='line_1_96' title="bbox 2061 3642 3643 3733; baseline -0.014 -17"><span class='ocrx_word' id='word_1_738' title='bbox 2061 3642 2194 3733; x_wconf 77' lang='grc' dir='ltr'><strong>φῶς</strong></span> <span class='ocrx_word' id='word_1_739' title='bbox 2221 3662 2332 3716; x_wconf 88' lang='grc' dir='ltr'>δεῖν</span> <span class='ocrx_word' id='word_1_740' title='bbox 2381 3659 2628 3730; x_wconf 76' lang='grc' dir='ltr'>ἐνόμιζεν</span> <span class='ocrx_word' id='word_1_741' title='bbox 2675 3651 3077 3725; x_wconf 80' lang='grc' dir='ltr'>ὑπολαμϐάνειν</span> <span class='ocrx_word' id='word_1_742' title='bbox 3124 3644 3262 3701; x_wconf 80' lang='grc' dir='ltr'>εἶναι</span> <span class='ocrx_word' id='word_1_743' title='bbox 3314 3645 3407 3699; x_wconf 82' lang='grc' dir='ltr'>τὸν</span> <span class='ocrx_word' id='word_1_744' title='bbox 3459 3642 3643 3696; x_wconf 85' lang='grc' dir='ltr'>τόπον.</span> 
     </span>
    </p>
   </div>
   <div class='ocr_carea' id='block_1_97' title="bbox 2073 3734 3644 3825">
    <p class='ocr_par' dir='ltr' id='par_1_97' title="bbox 2073 3734 3644 3825">
     <span class='ocr_line' id='line_1_97' title="bbox 2073 3734 3644 3825; baseline -0.015 -18"><span class='ocrx_word' id='word_1_745' title='bbox 2073 3751 2232 3807; x_wconf 78' lang='grc' dir='ltr'>Ἀλλά</span> <span class='ocrx_word' id='word_1_746' title='bbox 2269 3751 2379 3825; x_wconf 87' lang='grc' dir='ltr'><strong>γὰρ</strong></span> <span class='ocrx_word' id='word_1_747' title='bbox 2414 3747 2820 3821; x_wconf 75' lang='grc' dir='ltr'>πλησιαζούσης</span> <span class='ocrx_word' id='word_1_748' title='bbox 2844 3742 3025 3797; x_wconf 76' lang='grc' dir='ltr'>αὐτῶν</span> <span class='ocrx_word' id='word_1_749' title='bbox 3053 3740 3154 3808; x_wconf 80' lang='grc' dir='ltr'><strong>τῆς</strong></span> <span class='ocrx_word' id='word_1_750' title='bbox 3185 3736 3420 3807; x_wconf 75' lang='grc' dir='ltr'>ἐσχάτης</span> <span class='ocrx_word' id='word_1_751' title='bbox 3451 3734 3644 3825; x_wconf 47' lang='grc' dir='ltr'>δυσσεξ</span> 
     </span>
    </p>
   </div>
   <div class='ocr_carea' id='block_1_98' title="bbox 2060 3823 3644 3915">
    <p class='ocr_par' dir='ltr' id='par_1_98' title="bbox 2060 3823 3644 3915">
     <span class='ocr_line' id='line_1_98' title="bbox 2060 3823 3644 3915; baseline -0.015 -16"><span class='ocrx_word' id='word_1_752' title='bbox 2060 3846 2231 3909; x_wconf 77' lang='grc' dir='ltr'>δείας,</span> <span class='ocrx_word' id='word_1_753' title='bbox 2272 3823 2410 3915; x_wconf 88' lang='grc' dir='ltr'>μετὰ</span> <span class='ocrx_word' id='word_1_754' title='bbox 2442 3840 2615 3895; x_wconf 89' lang='grc' dir='ltr'>ταῦτα</span> <span class='ocrx_word' id='word_1_755' title='bbox 2650 3839 2828 3893; x_wconf 87' lang='grc' dir='ltr'>πάντα</span> <span class='ocrx_word' id='word_1_756' title='bbox 2859 3834 3179 3904; x_wconf 88' lang='grc' dir='ltr'>ἀπεφήνατο</span> <span class='ocrx_word' id='word_1_757' title='bbox 3211 3825 3409 3882; x_wconf 76' lang='grc' dir='ltr'>εἰπών’</span> <span class='ocrx_word' id='word_1_758' title='bbox 3452 3844 3471 3877; x_wconf 81' lang='grc' dir='ltr'><strong>ι</strong></span> <span class='ocrx_word' id='word_1_759' title='bbox 3514 3823 3644 3915; x_wconf 70' lang='grc' dir='ltr'>’ἰδοῦ</span> 
     </span>
    </p>
   </div>
   <div class='ocr_carea' id='block_1_99' title="bbox 2059 3914 3647 4007">
    <p class='ocr_par' dir='ltr' id='par_1_99' title="bbox 2059 3914 3647 4007">
     <span class='ocr_line' id='line_1_99' title="bbox 2059 3914 3647 4007; baseline -0.015 -15"><span class='ocrx_word' id='word_1_760' title='bbox 2059 3914 2282 4007; x_wconf 82' lang='grc' dir='ltr'>ἀφίεται</span> <span class='ocrx_word' id='word_1_761' title='bbox 2325 3936 2453 4006; x_wconf 82' lang='grc' dir='ltr'>ὑμῖν</span> <span class='ocrx_word' id='word_1_762' title='bbox 2489 3936 2517 3988; x_wconf 89' lang='grc' dir='ltr'><strong>ό</strong></span> <span class='ocrx_word' id='word_1_763' title='bbox 2565 3928 2714 3996; x_wconf 77' lang='grc' dir='ltr'>οἶκος</span> <span class='ocrx_word' id='word_1_764' title='bbox 2767 3927 2920 4001; x_wconf 77' lang='grc' dir='ltr'>ὑμῶν</span> <span class='ocrx_word' id='word_1_765' title='bbox 2970 3925 3210 3998; x_wconf 75' lang='grc' dir='ltr'>ἐρημοςτ</span> <span class='ocrx_word' id='word_1_766' title='bbox 3256 3940 3275 3973; x_wconf 75' lang='grc' dir='ltr'><strong>ι</strong></span> <span class='ocrx_word' id='word_1_767' title='bbox 3313 3920 3341 3973; x_wconf 82' lang='grc' dir='ltr'><strong>ὃ</strong></span> <span class='ocrx_word' id='word_1_768' title='bbox 3374 3919 3468 3973; x_wconf 71' lang='grc' dir='ltr'>καὶ</span> <span class='ocrx_word' id='word_1_769' title='bbox 3514 3914 3647 4007; x_wconf 57' lang='grc' dir='ltr'>αὐτό</span> 
     </span>
    </p>
   </div>
   <div class='ocr_carea' id='block_1_100' title="bbox 2061 4004 3645 4099">
    <p class='ocr_par' dir='ltr' id='par_1_100' title="bbox 2061 4004 3645 4099">
     <span class='ocr_line' id='line_1_100' title="bbox 2061 4004 3645 4099; baseline -0.015 -17"><span class='ocrx_word' id='word_1_770' title='bbox 2061 4004 2375 4099; x_wconf 80' lang='grc' dir='ltr'>ἐπληροῦτο</span> <span class='ocrx_word' id='word_1_771' title='bbox 2390 4026 2499 4089; x_wconf 79' lang='grc' dir='ltr'>ὅτε,</span> <span class='ocrx_word' id='word_1_772' title='bbox 2532 4024 2795 4087; x_wconf 87' lang='grc' dir='ltr'>παθόντος</span> <span class='ocrx_word' id='word_1_773' title='bbox 2827 4017 3013 4080; x_wconf 77' lang='grc' dir='ltr'>αὐτοῦ,</span> <span class='ocrx_word' id='word_1_774' title='bbox 3034 4017 3096 4070; x_wconf 78' lang='grc' dir='ltr'>τὸ</span> <span class='ocrx_word' id='word_1_775' title='bbox 3127 4012 3520 4080; x_wconf 81' lang='grc' dir='ltr'>καταπέτασμα</span> <span class='ocrx_word' id='word_1_776' title='bbox 3550 4004 3645 4099; x_wconf 81' lang='grc' dir='ltr'><strong>τοῦ</strong></span> 
     </span>
    </p>
   </div>
   <div class='ocr_carea' id='block_1_101' title="bbox 2061 4096 3645 4185">
    <p class='ocr_par' dir='ltr' id='par_1_101' title="bbox 2061 4096 3645 4185">
     <span class='ocr_line' id='line_1_101' title="bbox 2061 4096 3645 4185; baseline -0.015 -12"><span class='ocrx_word' id='word_1_777' title='bbox 2061 4096 2216 4173; x_wconf 33' lang='grc' dir='ltr'>ναοῦ-</span> <span class='ocrx_word' id='word_1_778' title='bbox 2240 4118 2359 4172; x_wconf 84' lang='grc' dir='ltr'>ὅλον</span> <span class='ocrx_word' id='word_1_779' title='bbox 2409 4117 2476 4170; x_wconf 85' lang='grc' dir='ltr'><strong>δι’</strong></span> <span class='ocrx_word' id='word_1_780' title='bbox 2521 4116 2643 4169; x_wconf 83' lang='grc' dir='ltr'>ὅλου</span> <span class='ocrx_word' id='word_1_781' title='bbox 2693 4115 2858 4185; x_wconf 84' lang='grc' dir='ltr'>μέσον</span> <span class='ocrx_word' id='word_1_782' title='bbox 2910 4109 3144 4182; x_wconf 74' lang='grc' dir='ltr'>ἐρράγη,</span> <span class='ocrx_word' id='word_1_783' title='bbox 3178 4102 3454 4174; x_wconf 89' lang='grc' dir='ltr'>καθῄρητό</span> <span class='ocrx_word' id='word_1_784' title='bbox 3492 4117 3551 4151; x_wconf 90' lang='grc' dir='ltr'><strong>τε</strong></span> <span class='ocrx_word' id='word_1_785' title='bbox 3586 4096 3645 4185; x_wconf 72' lang='grc' dir='ltr'>ἐξ</span> 
     </span>
    </p>
   </div>
   <div class='ocr_carea' id='block_1_102' title="bbox 2063 4184 3644 4280">
    <p class='ocr_par' dir='ltr' id='par_1_102' title="bbox 2063 4184 3644 4280">
     <span class='ocr_line' id='line_1_102' title="bbox 2063 4184 3644 4280; baseline -0.017 -15"><span class='ocrx_word' id='word_1_786' title='bbox 2063 4211 2271 4265; x_wconf 82' lang='grc' dir='ltr'>ἐκείνου</span> <span class='ocrx_word' id='word_1_787' title='bbox 2301 4208 2527 4280; x_wconf 84' lang='grc' dir='ltr'>δυνάμει</span> <span class='ocrx_word' id='word_1_788' title='bbox 2559 4211 2590 4280; x_wconf 83' lang='grc' dir='ltr'>ἡ</span> <span class='ocrx_word' id='word_1_789' title='bbox 2627 4205 2905 4279; x_wconf 85' lang='grc' dir='ltr'>προσηνὴς</span> <span class='ocrx_word' id='word_1_790' title='bbox 2941 4200 3021 4272; x_wconf 83' lang='grc' dir='ltr'>τῷ</span> <span class='ocrx_word' id='word_1_791' title='bbox 3063 4198 3183 4269; x_wconf 82' lang='grc' dir='ltr'><strong>Θεῷ</strong></span> <span class='ocrx_word' id='word_1_792' title='bbox 3227 4193 3369 4251; x_wconf 84' lang='grc' dir='ltr'><strong>κατά</strong></span> <span class='ocrx_word' id='word_1_793' title='bbox 3407 4191 3506 4261; x_wconf 81' lang='grc' dir='ltr'>τὴν</span> <span class='ocrx_word' id='word_1_794' title='bbox 3548 4184 3644 4280; x_wconf 85' lang='grc' dir='ltr'><strong>τοῦ</strong></span> 
     </span>
    </p>
   </div>
   <div class='ocr_carea' id='block_1_103' title="bbox 2062 4278 3647 4373">
    <p class='ocr_par' dir='ltr' id='par_1_103' title="bbox 2062 4278 3647 4373">
     <span class='ocr_line' id='line_1_103' title="bbox 2062 4278 3647 4373; baseline -0.016 -18"><span class='ocrx_word' id='word_1_795' title='bbox 2062 4302 2226 4373; x_wconf 90' lang='grc' dir='ltr'>νόμου</span> <span class='ocrx_word' id='word_1_796' title='bbox 2259 4278 2502 4364; x_wconf 77' lang='grc' dir='ltr'>διάταξιν</span> <span class='ocrx_word' id='word_1_797' title='bbox 2545 4278 2707 4353; x_wconf 81' lang='grc' dir='ltr'>θυσία</span> <span class='ocrx_word' id='word_1_798' title='bbox 2743 4298 2834 4351; x_wconf 65' lang='grc' dir='ltr'><strong>κα)⁸</strong></span> <span class='ocrx_word' id='word_1_799' title='bbox 2882 4291 3104 4361; x_wconf 82' lang='grc' dir='ltr'>σπονδὴ.</span> <span class='ocrx_word' id='word_1_800' title='bbox 3138 4284 3207 4361; x_wconf 78' lang='grc' dir='ltr'>ἧς</span> <span class='ocrx_word' id='word_1_801' title='bbox 3237 4284 3517 4358; x_wconf 88' lang='grc' dir='ltr'>ἀρθείσης,</span> <span class='ocrx_word' id='word_1_802' title='bbox 3551 4278 3647 4332; x_wconf 70' lang='grc' dir='ltr'>καὶ</span> 
     </span>
    </p>
   </div>
   <div class='ocr_carea' id='block_1_104' title="bbox 2062 4376 3648 4464">
    <p class='ocr_par' dir='ltr' id='par_1_104' title="bbox 2062 4376 3648 4464">
     <span class='ocr_line' id='line_1_104' title="bbox 2062 4376 3648 4464; baseline -0.015 -16"><span class='ocrx_word' id='word_1_803' title='bbox 2062 4395 2123 4447; x_wconf 80' lang='grc' dir='ltr'>τὸ</span> <span class='ocrx_word' id='word_1_804' title='bbox 2154 4393 2429 4464; x_wconf 79' lang='grc' dir='ltr'>βδέλυγμα</span> <span class='ocrx_word' id='word_1_805' title='bbox 2451 4392 2552 4463; x_wconf 89' lang='grc' dir='ltr'><strong>τῆς</strong></span> <span class='ocrx_word' id='word_1_806' title='bbox 2576 4388 2929 4462; x_wconf 79' lang='grc' dir='ltr'>ἐρημώσεως,</span> <span class='ocrx_word' id='word_1_807' title='bbox 2962 4382 3105 4437; x_wconf 87' lang='grc' dir='ltr'><strong>κατά</strong></span> <span class='ocrx_word' id='word_1_808' title='bbox 3131 4382 3227 4451; x_wconf 81' lang='grc' dir='ltr'>τὴν</span> <span class='ocrx_word' id='word_1_809' title='bbox 3253 4380 3311 4432; x_wconf 84' lang='grc' dir='ltr'><strong>ἐν</strong></span> <span class='ocrx_word' id='word_1_810' title='bbox 3337 4376 3495 4447; x_wconf 69' lang='grc' dir='ltr'>χερσὶ</span> <span class='ocrx_word' id='word_1_811' title='bbox 3515 4388 3648 4445; x_wconf 90' lang='grc' dir='ltr'>προ-</span> 
     </span>
    </p>
   </div>
   <div class='ocr_carea' id='block_1_105' title="bbox 2064 4464 3644 4555">
    <p class='ocr_par' dir='ltr' id='par_1_105' title="bbox 2064 4464 3644 4555">
     <span class='ocr_line' id='line_1_105' title="bbox 2064 4464 3644 4555; baseline -0.016 -15"><span class='ocrx_word' id='word_1_812' title='bbox 2064 4484 2311 4555; x_wconf 82' lang='grc' dir='ltr'>φητείαν,</span> <span class='ocrx_word' id='word_1_813' title='bbox 2342 4478 2746 4551; x_wconf 74' lang='grc' dir='ltr'>ἐπηκολούθησε</span> <span class='ocrx_word' id='word_1_814' title='bbox 2776 4475 2854 4545; x_wconf 85' lang='grc' dir='ltr'>τῷ</span> <span class='ocrx_word' id='word_1_815' title='bbox 2880 4473 3051 4543; x_wconf 85' lang='grc' dir='ltr'>τόπῳ.</span> <span class='ocrx_word' id='word_1_816' title='bbox 3080 4471 3144 4524; x_wconf 75' lang='lat' dir='ltr'><strong>Et</strong></span> <span class='ocrx_word' id='word_1_817' title='bbox 3173 4470 3229 4522; x_wconf 86' lang='grc' dir='ltr'>δὲ</span> <span class='ocrx_word' id='word_1_818' title='bbox 3266 4468 3360 4521; x_wconf 77' lang='grc' dir='ltr'>καὶ</span> <span class='ocrx_word' id='word_1_819' title='bbox 3393 4464 3482 4518; x_wconf 89' lang='grc' dir='ltr'><strong>ἐπί</strong></span> <span class='ocrx_word' id='word_1_820' title='bbox 3522 4479 3644 4516; x_wconf 90' lang='grc' dir='ltr'>τινα</span> 
     </span>
    </p>
   </div>
   <div class='ocr_carea' id='block_1_106' title="bbox 2103 4558 3650 4648">
    <p class='ocr_par' dir='ltr' id='par_1_106' title="bbox 2103 4558 3650 4648">
     <span class='ocr_line' id='line_1_106' title="bbox 2103 4558 3650 4648; baseline -0.016 -17"><span class='ocrx_word' id='word_1_821' title='bbox 2103 4577 2252 4648; x_wconf 90' lang='grc' dir='ltr'>ρόνον</span> <span class='ocrx_word' id='word_1_822' title='bbox 2285 4573 2617 4646; x_wconf 87' lang='grc' dir='ltr'>παραμένειν</span> <span class='ocrx_word' id='word_1_823' title='bbox 2640 4567 2787 4633; x_wconf 76' lang='grc' dir='ltr'>ἔδοξε</span> <span class='ocrx_word' id='word_1_824' title='bbox 2810 4565 2880 4620; x_wconf 89' lang='grc' dir='ltr'><strong>τά</strong></span> <span class='ocrx_word' id='word_1_825' title='bbox 2902 4565 3003 4636; x_wconf 82' lang='grc' dir='ltr'><strong>τῆς</strong></span> <span class='ocrx_word' id='word_1_826' title='bbox 3026 4565 3087 4616; x_wconf 91' lang='grc' dir='ltr'><strong>ἐν</strong></span> <span class='ocrx_word' id='word_1_827' title='bbox 3113 4561 3193 4633; x_wconf 85' lang='grc' dir='ltr'>τῷ</span> <span class='ocrx_word' id='word_1_828' title='bbox 3223 4561 3374 4631; x_wconf 80' lang='grc' dir='ltr'>τόπῳ</span> <span class='ocrx_word' id='word_1_829' title='bbox 3406 4558 3650 4648; x_wconf 72' lang='grc' dir='ltr'>λειτουρ-</span> 
     </span>
    </p>
   </div>
   <div class='ocr_carea' id='block_1_107' title="bbox 2065 4646 3650 4737">
    <p class='ocr_par' dir='ltr' id='par_1_107' title="bbox 2065 4646 3650 4737">
     <span class='ocr_line' id='line_1_107' title="bbox 2065 4646 3650 4737; baseline -0.013 -16"><span class='ocrx_word' id='word_1_830' title='bbox 2065 4646 2209 4737; x_wconf 72' lang='grc' dir='ltr'>γίας,</span> <span class='ocrx_word' id='word_1_831' title='bbox 2243 4667 2357 4720; x_wconf 80' lang='grc' dir='ltr'>ἀλλ’</span> <span class='ocrx_word' id='word_1_832' title='bbox 2391 4662 2577 4717; x_wconf 83' lang='grc' dir='ltr'>οὐκέτι</span> <span class='ocrx_word' id='word_1_833' title='bbox 2607 4679 2671 4731; x_wconf 91' lang='grc' dir='ltr'><strong>γε</strong></span> <span class='ocrx_word' id='word_1_834' title='bbox 2704 4659 2877 4713; x_wconf 89' lang='grc' dir='ltr'>ταῦτα</span> <span class='ocrx_word' id='word_1_835' title='bbox 2906 4656 3115 4729; x_wconf 85' lang='grc' dir='ltr'>ἀρεστά</span> <span class='ocrx_word' id='word_1_836' title='bbox 3138 4655 3217 4726; x_wconf 83' lang='grc' dir='ltr'>τῷ</span> <span class='ocrx_word' id='word_1_837' title='bbox 3241 4651 3359 4723; x_wconf 78' lang='grc' dir='ltr'><strong>Θεῷ</strong></span> <span class='ocrx_word' id='word_1_838' title='bbox 3381 4648 3469 4722; x_wconf 75' lang='grc' dir='ltr'>ἦν,</span> <span class='ocrx_word' id='word_1_839' title='bbox 3497 4646 3650 4719; x_wconf 88' lang='grc' dir='ltr'>ἀκρί-</span> 
     </span>
    </p>
   </div>
   <div class='ocr_carea' id='block_1_108' title="bbox 2065 4738 3647 4822">
    <p class='ocr_par' dir='ltr' id='par_1_108' title="bbox 2065 4738 3647 4822">
     <span class='ocr_line' id='line_1_108' title="bbox 2065 4738 3647 4822; baseline -0.012 -11"><span class='ocrx_word' id='word_1_840' title='bbox 2065 4776 2175 4821; x_wconf 87' lang='grc' dir='ltr'><strong>τως</strong></span> <span class='ocrx_word' id='word_1_841' title='bbox 2227 4758 2321 4810; x_wconf 73' lang='grc' dir='ltr'>καὶ</span> <span class='ocrx_word' id='word_1_842' title='bbox 2363 4754 2425 4807; x_wconf 84' lang='grc' dir='ltr'>οὐ</span> <span class='ocrx_word' id='word_1_843' title='bbox 2471 4752 2612 4806; x_wconf 86' lang='grc' dir='ltr'><strong>κατά</strong></span> <span class='ocrx_word' id='word_1_844' title='bbox 2637 4751 2799 4822; x_wconf 89' lang='grc' dir='ltr'>νόμον</span> <span class='ocrx_word' id='word_1_845' title='bbox 2844 4747 3258 4817; x_wconf 85' lang='grc' dir='ltr'>ἐπιτελούμενα.</span> <span class='ocrx_word' id='word_1_846' title='bbox 3297 4744 3507 4812; x_wconf 85' lang='grc' dir='ltr'>Ὥσπερ</span> <span class='ocrx_word' id='word_1_847' title='bbox 3536 4738 3647 4809; x_wconf 81' lang='grc' dir='ltr'><strong>γὰρ</strong></span> 
     </span>
    </p>
   </div>
   <div class='ocr_carea' id='block_1_109' title="bbox 2068 4831 3651 4920">
    <p class='ocr_par' dir='ltr' id='par_1_109' title="bbox 2068 4831 3651 4920">
     <span class='ocr_line' id='line_1_109' title="bbox 2068 4831 3651 4920; baseline -0.012 -17"><span class='ocrx_word' id='word_1_848' title='bbox 2068 4848 2342 4920; x_wconf 89' lang='grc' dir='ltr'>πρόπαλαι</span> <span class='ocrx_word' id='word_1_849' title='bbox 2385 4842 2853 4915; x_wconf 79' lang='grc' dir='ltr'>ἐξολοθρευθέντος</span> <span class='ocrx_word' id='word_1_850' title='bbox 2898 4837 2993 4892; x_wconf 88' lang='grc' dir='ltr'><strong>τοῦ</strong></span> <span class='ocrx_word' id='word_1_851' title='bbox 3044 4838 3365 4910; x_wconf 86' lang='grc' dir='ltr'>χρίσματος,</span> <span class='ocrx_word' id='word_1_852' title='bbox 3413 4831 3651 4920; x_wconf 77' lang='grc' dir='ltr'>καὶτῶν</span> 
     </span>
    </p>
   </div>
   <div class='ocr_carea' id='block_1_110' title="bbox 2067 4919 3652 5007">
    <p class='ocr_par' dir='ltr' id='par_1_110' title="bbox 2067 4919 3652 5007">
     <span class='ocr_line' id='line_1_110' title="bbox 2067 4919 3652 5007; baseline -0.013 -13"><span class='ocrx_word' id='word_1_853' title='bbox 2067 4919 2206 4994; x_wconf 88' lang='grc' dir='ltr'><strong>κατά</strong></span> <span class='ocrx_word' id='word_1_854' title='bbox 2237 4936 2485 5007; x_wconf 81' lang='grc' dir='ltr'>διαδοχὴν</span> <span class='ocrx_word' id='word_1_855' title='bbox 2512 4933 2757 5004; x_wconf 78' lang='grc' dir='ltr'>νομίμων</span> <span class='ocrx_word' id='word_1_856' title='bbox 2784 4929 3088 5003; x_wconf 85' lang='grc' dir='ltr'>ἀρχιερέων</span> <span class='ocrx_word' id='word_1_857' title='bbox 3128 4924 3515 4996; x_wconf 89' lang='grc' dir='ltr'>πεπαυμένων,</span> <span class='ocrx_word' id='word_1_858' title='bbox 3543 4919 3652 4975; x_wconf 65' lang='grc' dir='ltr'>ἀπὸ</span> 
     </span>
    </p>
   </div>
   <div class='ocr_carea' id='block_1_111' title="bbox 2070 5016 3653 5103">
    <p class='ocr_par' dir='ltr' id='par_1_111' title="bbox 2070 5016 3653 5103">
     <span class='ocr_line' id='line_1_111' title="bbox 2070 5016 3653 5103; baseline -0.013 -17"><span class='ocrx_word' id='word_1_859' title='bbox 2070 5033 2171 5103; x_wconf 88' lang='grc' dir='ltr'><strong>τῆς</strong></span> <span class='ocrx_word' id='word_1_860' title='bbox 2224 5028 2490 5102; x_wconf 82' lang='grc' dir='ltr'>Ὑρκανοῦ</span> <span class='ocrx_word' id='word_1_861' title='bbox 2533 5025 2808 5096; x_wconf 84' lang='grc' dir='ltr'>τελευτῆς,</span> <span class='ocrx_word' id='word_1_862' title='bbox 2855 5026 2903 5077; x_wconf 74' lang='grc' dir='ltr'>οἱ</span> <span class='ocrx_word' id='word_1_863' title='bbox 2955 5021 3093 5093; x_wconf 85' lang='grc' dir='ltr'>μετὰ</span> <span class='ocrx_word' id='word_1_864' title='bbox 3141 5020 3315 5073; x_wconf 90' lang='grc' dir='ltr'>ταῦτα</span> <span class='ocrx_word' id='word_1_865' title='bbox 3360 5016 3653 5087; x_wconf 79' lang='grc' dir='ltr'>παριόντες</span> 
     </span>
    </p>
   </div>
   <div class='ocr_carea' id='block_1_112' title="bbox 2065 5107 3651 5189">
    <p class='ocr_par' dir='ltr' id='par_1_112' title="bbox 2065 5107 3651 5189">
     <span class='ocr_line' id='line_1_112' title="bbox 2065 5107 3651 5189; baseline -0.011 -12"><span class='ocrx_word' id='word_1_866' title='bbox 2065 5123 2316 5185; x_wconf 78' lang='grc' dir='ltr'>ἀτάκτως</span> <span class='ocrx_word' id='word_1_867' title='bbox 2360 5121 2455 5175; x_wconf 69' lang='grc' dir='ltr'>καὶ</span> <span class='ocrx_word' id='word_1_868' title='bbox 2496 5117 2846 5189; x_wconf 87' lang='grc' dir='ltr'>παρανόμως,</span> <span class='ocrx_word' id='word_1_869' title='bbox 2884 5114 3103 5168; x_wconf 86' lang='grc' dir='ltr'>ἐδόκουν</span> <span class='ocrx_word' id='word_1_870' title='bbox 3143 5112 3241 5183; x_wconf 85' lang='grc' dir='ltr'><strong>μέν</strong></span> <span class='ocrx_word' id='word_1_871' title='bbox 3272 5128 3327 5163; x_wconf 87' lang='grc' dir='ltr'><strong>τι</strong></span> <span class='ocrx_word' id='word_1_872' title='bbox 3355 5110 3550 5170; x_wconf 85' lang='grc' dir='ltr'>ποιεῖν,</span> <span class='ocrx_word' id='word_1_873' title='bbox 3585 5107 3651 5160; x_wconf 66' lang='grc' dir='ltr'>οὐ</span> 
     </span>
    </p>
   </div>
   <div class='ocr_carea' id='block_1_113' title="bbox 2071 5197 3652 5287">
    <p class='ocr_par' dir='ltr' id='par_1_113' title="bbox 2071 5197 3652 5287">
     <span class='ocr_line' id='line_1_113' title="bbox 2071 5197 3652 5287; baseline -0.013 -17"><span class='ocrx_word' id='word_1_874' title='bbox 2071 5216 2176 5287; x_wconf 79' lang='grc' dir='ltr'>μὴν</span> <span class='ocrx_word' id='word_1_875' title='bbox 2205 5213 2347 5268; x_wconf 89' lang='grc' dir='ltr'><strong>κατά</strong></span> <span class='ocrx_word' id='word_1_876' title='bbox 2377 5212 2504 5274; x_wconf 80' lang='grc' dir='ltr'>τοὺς</span> <span class='ocrx_word' id='word_1_877' title='bbox 2530 5210 2840 5281; x_wconf 85' lang='grc' dir='ltr'>πρέποντας</span> <span class='ocrx_word' id='word_1_878' title='bbox 2873 5207 3139 5278; x_wconf 77' lang='grc' dir='ltr'>ἔπραττον</span> <span class='ocrx_word' id='word_1_879' title='bbox 3172 5202 3428 5274; x_wconf 81' lang='grc' dir='ltr'>θεσμοὺς,</span> <span class='ocrx_word' id='word_1_880' title='bbox 3460 5199 3527 5253; x_wconf 78' lang='grc' dir='ltr'>δι’</span> <span class='ocrx_word' id='word_1_881' title='bbox 3557 5197 3652 5261; x_wconf 81' lang='grc' dir='ltr'>οὒς</span> 
     </span>
    </p>
   </div>
   <div class='ocr_carea' id='block_1_114' title="bbox 2068 5293 3652 5375">
    <p class='ocr_par' dir='ltr' id='par_1_114' title="bbox 2068 5293 3652 5375">
     <span class='ocr_line' id='line_1_114' title="bbox 2068 5293 3652 5375; baseline -0.011 -13"><span class='ocrx_word' id='word_1_882' title='bbox 2068 5310 2161 5361; x_wconf 67' lang='grc' dir='ltr'>καὶ</span> <span class='ocrx_word' id='word_1_883' title='bbox 2217 5307 2452 5375; x_wconf 73' lang='grc' dir='ltr'>ἔφασκεν</span> <span class='ocrx_word' id='word_1_884' title='bbox 2514 5305 2546 5374; x_wconf 83' lang='grc' dir='ltr'>ἡ</span> <span class='ocrx_word' id='word_1_885' title='bbox 2612 5301 2951 5373; x_wconf 86' lang='grc' dir='ltr'>προφητεία·</span> <span class='ocrx_word' id='word_1_886' title='bbox 3011 5317 3029 5350; x_wconf 82' lang='grc' dir='ltr'><strong>ι</strong></span> <span class='ocrx_word' id='word_1_887' title='bbox 3111 5293 3652 5366; x_wconf 77' lang='grc' dir='ltr'>Ἑξολοθρευθήσεται</span> 
     </span>
    </p>
   </div>
   <div class='ocr_carea' id='block_1_115' title="bbox 2068 5383 3656 5478">
    <p class='ocr_par' dir='ltr' id='par_1_115' title="bbox 2068 5383 3656 5478">
     <span class='ocr_line' id='line_1_115' title="bbox 2068 5383 3656 5478; baseline -0.011 -26"><span class='ocrx_word' id='word_1_888' title='bbox 2068 5400 2296 5478; x_wconf 75' lang='grc' dir='ltr'>χρίσμα,</span> <span class='ocrx_word' id='word_1_889' title='bbox 2319 5398 2412 5451; x_wconf 72' lang='grc' dir='ltr'><strong>καὶ</strong></span> <span class='ocrx_word' id='word_1_890' title='bbox 2438 5400 2612 5468; x_wconf 89' lang='grc' dir='ltr'>κρῖμα</span> <span class='ocrx_word' id='word_1_891' title='bbox 2657 5395 2757 5447; x_wconf 81' lang='grc' dir='ltr'>οὐκ</span> <span class='ocrx_word' id='word_1_892' title='bbox 2797 5393 2944 5445; x_wconf 78' lang='grc' dir='ltr'>ἔστιν</span> <span class='ocrx_word' id='word_1_893' title='bbox 2989 5394 3045 5444; x_wconf 93' lang='grc' dir='ltr'><strong>ἐν</strong></span> <span class='ocrx_word' id='word_1_894' title='bbox 3077 5388 3248 5459; x_wconf 81' lang='grc' dir='ltr'>αὐτῷ,</span> <span class='ocrx_word' id='word_1_895' title='bbox 3287 5407 3305 5439; x_wconf 74' lang='grc' dir='ltr'><strong>ι</strong></span> <span class='ocrx_word' id='word_1_896' title='bbox 3330 5386 3392 5439; x_wconf 84' lang='grc' dir='ltr'><strong>τὸ</strong></span> <span class='ocrx_word' id='word_1_897' title='bbox 3424 5383 3656 5478; x_wconf 73' lang='grc' dir='ltr'>ἄκριτον</span> 
     </span>
    </p>
   </div>
   <div class='ocr_carea' id='block_1_116' title="bbox 2068 5472 3652 5560">
    <p class='ocr_par' dir='ltr' id='par_1_116' title="bbox 2068 5472 3652 5560">
     <span class='ocr_line' id='line_1_116' title="bbox 2068 5472 3652 5560; baseline -0.011 -16"><span class='ocrx_word' id='word_1_898' title='bbox 2068 5472 2161 5544; x_wconf 72' lang='grc' dir='ltr'><strong>καὶ</strong></span> <span class='ocrx_word' id='word_1_899' title='bbox 2182 5490 2495 5560; x_wconf 88' lang='grc' dir='ltr'>παράνομον</span> <span class='ocrx_word' id='word_1_900' title='bbox 2532 5485 2710 5541; x_wconf 76' lang='grc' dir='ltr'>αὐτῶν</span> <span class='ocrx_word' id='word_1_901' title='bbox 2736 5483 3093 5538; x_wconf 81' lang='grc' dir='ltr'>διαϐάλλουσα</span> <span class='ocrx_word' id='word_1_902' title='bbox 3116 5498 3129 5511; x_wconf 93' lang='grc'><strong>·</strong></span> <span class='ocrx_word' id='word_1_903' title='bbox 3166 5478 3309 5532; x_wconf 79' lang='grc' dir='ltr'>οὓτω</span> <span class='ocrx_word' id='word_1_904' title='bbox 3438 5474 3530 5528; x_wconf 73' lang='grc' dir='ltr'>καὶ</span> <span class='ocrx_word' id='word_1_905' title='bbox 3558 5472 3652 5526; x_wconf 71' lang='grc' dir='ltr'><strong>ἐπὶ</strong></span> 
     </span>
    </p>
   </div>
   <div class='ocr_carea' id='block_1_117' title="bbox 2065 5564 3650 5654">
    <p class='ocr_par' dir='ltr' id='par_1_117' title="bbox 2065 5564 3650 5654">
     <span class='ocr_line' id='line_1_117' title="bbox 2065 5564 3650 5654; baseline -0.012 -19"><span class='ocrx_word' id='word_1_906' title='bbox 2065 5583 2165 5654; x_wconf 81' lang='grc' dir='ltr'><strong>τῆς</strong></span> <span class='ocrx_word' id='word_1_907' title='bbox 2199 5564 2390 5644; x_wconf 71' lang='grc' dir='ltr'>θυσίας</span> <span class='ocrx_word' id='word_1_908' title='bbox 2421 5580 2516 5633; x_wconf 78' lang='grc' dir='ltr'><strong>καὶ</strong></span> <span class='ocrx_word' id='word_1_909' title='bbox 2562 5578 2663 5648; x_wconf 85' lang='grc' dir='ltr'><strong>τῆς</strong></span> <span class='ocrx_word' id='word_1_910' title='bbox 2697 5576 2929 5646; x_wconf 84' lang='grc' dir='ltr'>σπονδῆς</span> <span class='ocrx_word' id='word_1_911' title='bbox 2983 5570 3385 5644; x_wconf 71' lang='grc' dir='ltr'>συμϐεϐηκέναι</span> <span class='ocrx_word' id='word_1_912' title='bbox 3433 5567 3650 5638; x_wconf 64' lang='grc' dir='ltr'>φήσεις,</span> 
     </span>
    </p>
   </div>
   <div class='ocr_carea' id='block_1_118' title="bbox 2067 5658 3650 5746">
    <p class='ocr_par' dir='ltr' id='par_1_118' title="bbox 2067 5658 3650 5746">
     <span class='ocr_line' id='line_1_118' title="bbox 2067 5658 3650 5746; baseline -0.009 -18"><span class='ocrx_word' id='word_1_913' title='bbox 2067 5673 2241 5746; x_wconf 80' lang='grc' dir='ltr'>ὀρθῶς</span> <span class='ocrx_word' id='word_1_914' title='bbox 2279 5672 2377 5744; x_wconf 78' lang='grc' dir='ltr'>μὲν</span> <span class='ocrx_word' id='word_1_915' title='bbox 2411 5674 2504 5727; x_wconf 68' lang='grc' dir='ltr'>καὶ</span> <span class='ocrx_word' id='word_1_916' title='bbox 2549 5669 2694 5725; x_wconf 80' lang='grc' dir='ltr'><strong>κατά</strong></span> <span class='ocrx_word' id='word_1_917' title='bbox 2718 5669 2877 5741; x_wconf 84' lang='grc' dir='ltr'>νόμον</span> <span class='ocrx_word' id='word_1_918' title='bbox 2897 5666 3004 5739; x_wconf 79' lang='grc' dir='ltr'><strong>πρὸ</strong></span> <span class='ocrx_word' id='word_1_919' title='bbox 3036 5665 3129 5719; x_wconf 85' lang='grc' dir='ltr'><strong>τοῦ</strong></span> <span class='ocrx_word' id='word_1_920' title='bbox 3164 5662 3369 5725; x_wconf 85' lang='grc' dir='ltr'>πάθους</span> <span class='ocrx_word' id='word_1_921' title='bbox 3406 5659 3502 5714; x_wconf 85' lang='grc' dir='ltr'><strong>τοῦ</strong></span> <span class='ocrx_word' id='word_1_922' title='bbox 3534 5658 3650 5714; x_wconf 82' lang='grc' dir='ltr'><strong>Σω·</strong></span> 
     </span>
    </p>
   </div>
   <div class='ocr_carea' id='block_1_119' title="bbox 453 5856 2167 5928">
    <p class='ocr_par' dir='ltr' id='par_1_119' title="bbox 453 5856 2167 5928">
     <span class='ocr_line' id='line_1_119' title="bbox 453 5856 2167 5928; baseline 0.001 -15"><span class='ocrx_word' id='word_1_923' title='bbox 453 5859 500 5892; x_wconf 83' lang='lat'>&quot;</span> <span class='ocrx_word' id='word_1_924' title='bbox 532 5858 725 5914; x_wconf 73' lang='lat' dir='ltr'><strong>Matth.</strong></span> <span class='ocrx_word' id='word_1_925' title='bbox 763 5877 889 5927; x_wconf 76' lang='lat' dir='ltr'><strong>vin,</strong></span> <span class='ocrx_word' id='word_1_926' title='bbox 926 5863 977 5917; x_wconf 74' lang='grc'><strong>4.</strong></span> <span class='ocrx_word' id='word_1_927' title='bbox 1056 5864 1100 5902; x_wconf 70' lang='grc' dir='ltr'>θ’</span> <span class='ocrx_word' id='word_1_928' title='bbox 1138 5863 1327 5919; x_wconf 70' lang='lat' dir='ltr'><strong>Matth.</strong></span> <span class='ocrx_word' id='word_1_929' title='bbox 1367 5876 1454 5917; x_wconf 72' lang='lat' dir='ltr'><strong>ut</strong></span> <span class='ocrx_word' id='word_1_930' title='bbox 1478 5899 1494 5928; x_wconf 88' lang='lat'><strong>,</strong></span> <span class='ocrx_word' id='word_1_931' title='bbox 1536 5860 1621 5915; x_wconf 74' lang='lat' dir='ltr'><strong>i5.</strong></span> <span class='ocrx_word' id='word_1_932' title='bbox 1699 5859 1744 5890; x_wconf 81' lang='lat'><strong>&quot;</strong></span> <span class='ocrx_word' id='word_1_933' title='bbox 1777 5856 1934 5915; x_wconf 80' lang='lat' dir='ltr'><strong>Joan.</strong></span> <span class='ocrx_word' id='word_1_934' title='bbox 1969 5872 2046 5926; x_wconf 86' lang='lat' dir='ltr'><strong>tt,</strong></span> <span class='ocrx_word' id='word_1_935' title='bbox 2080 5858 2167 5915; x_wconf 76' lang='lat' dir='ltr'><strong>l6.</strong></span> 
     </span>
    </p>
   </div>
  </div>
