4098 6426
420 406 524 462 69.0

1323 407 1976 466 DEMONSTRATIONIS
2014 405 2475 464 EVANGELICAS
2527 404 2636 459 LIB
2698 403 2830 460 VIII.

3559 401 3664 454 650

419 527 586 595 τῆρος
630 523 788 595 ήμῶν
823 523 1262 596 ἐπιτελουμένης,
1303 527 1389 579 διὰ
1419 528 1518 598 τὴν
1559 529 1726 582 εἰσέτι
1765 530 1885 582 τότε
1928 530 1993 583 τὰ

2099 538 2212 584 stra
2255 529 2470 584 deserta
2508 528 2577 593 ’°,
2615 547 2632 578 ι
2675 525 2819 596 quod
2855 523 3073 594 quidem
3123 523 3299 593 ipsum
3334 521 3663 592 completum

419 614 530 668 τῶν
561 615 730 684 ἁγίων
756 617 935 670 τόπων
961 616 1242 687 ἐφορῶσαν
1267 617 1515 689 δύναμιν,
1551 620 1993 691 περιαιρεθείσης

420 705 476 757 δὲ
503 707 700 759 αὐτίκα
740 707 876 778 μετὰ
904 707 1002 778 τὴν
1028 707 1190 760 αὑτοῦ
1224 709 1432 763 τελείαν
1465 710 1559 763 καὶ
1593 711 1868 782 θεοπρεπῆ
1901 710 1994 764 θυ-

423 795 562 860 σίαν,
597 799 662 868 ἣν
697 800 1064 869 προσήνεγκεν
1106 799 1268 863 αὐτὸς
1291 800 1482 854 ἑαυτὸν
1515 801 1655 871 ὑπὲρ
1686 800 1794 853 τῶν
1815 802 1995 871 ἁμαρ-

419 890 551 943 τιῶν
575 891 750 961 ήμῶν,
781 891 939 955 αὐτὸς
971 892 1046 945 ὢν
1087 895 1116 946 6
1148 894 1318 964 ἀμνὸς
1348 893 1441 947 τοῦ
1475 893 1630 955 Θεοῦ,
1653 896 1682 946 ό
1707 895 1874 964 αἴρων
1898 895 1996 965 τὴν

421 983 691 1052 ἁμαρτίαν
703 981 795 1036 τοῦ
813 984 1040 1054 κόσμου,
1068 979 1136 1056 ἦς
1153 985 1342 1048 θυσίας
1357 987 1520 1038 πᾶσιν
1537 984 1842 1057 ἀνθρώποις
1858 984 1998 1038 κατὰ

420 1073 489 1126 τὰ
519 1073 682 1127 καινὰ
713 1076 983 1146 μυστήρια
1008 1079 1108 1148 τῆς
1135 1080 1326 1147 καινῆς
1371 1077 1644 1147 Διαθήκης
1686 1074 2001 1146 παραδοθεί-

425 1183 541 1238 σης,
563 1166 632 1220 τὰ
661 1169 760 1238 τῆς
793 1167 1027 1230 παλαιᾶς
1061 1167 1379 1239 περιῄρητο.
1419 1167 1584 1238 Ὁμοῦ
1622 1166 1731 1238 γὰρ
1762 1165 1840 1236 τῷ
1863 1167 1992 1238 πλη-

423 1257 643 1329 ροῦσθαι
677 1260 738 1312 τὸ
760 1259 969 1329 φάσκον
997 1259 1194 1329 λόγιον,
1235 1280 1253 1312 ‹
1285 1260 1392 1313 Καὶ
1412 1259 1999 1330 δυναμώσειΔιαθήκην

420 1352 632 1416 πολλοῖς
652 1353 886 1424 ἑϐδομὰς
907 1354 1020 1424 μία,
1035 1351 1128 1405 ’τὰ
1149 1353 1249 1422 τῆς
1270 1351 1502 1414 παλαιᾶς
1521 1351 1793 1422 Διαθήκης
1809 1351 1999 1421 περιῄ-

421 1459 572 1512 ρητο.
587 1462 607 1495 ι
627 1443 763 1496 Πότε
778 1444 834 1497 δέ
850 1445 918 1498 τὰ
932 1446 1030 1515 τῆς
1045 1443 1315 1516 Διαθήκης
1327 1443 1427 1513 τῆς
1441 1443 1634 1512 καινῆς
1653 1440 1998 1512 ἐδυναμοῦτο,

419 1534 452 1607 ἢ
486 1537 574 1589 ὅτε
603 1539 630 1590 6
669 1537 861 1609 Σωτὴρ
887 1537 982 1590 καὶ
1023 1537 1227 1609 Κύριος
1259 1536 1436 1607 ἡμῶν,
1482 1534 1689 1606 μέλλων
1726 1533 1898 1586 τελεῖν
1939 1531 2000 1584 τὺ

423 1628 565 1698 μέγα
609 1631 904 1701 μυστήριον
935 1631 1036 1700 τῆς
1060 1632 1139 1693 είς
1169 1629 1261 1683 τὸν
1295 1627 1520 1682 θάνατον
1547 1625 1713 1682 αὐτοῦ
1743 1626 1996 1698 παρόδου,

420 1713 454 1790 ᾗ
505 1719 659 1771 νυκτὶ
719 1719 1048 1790 παρεδίδοτο,
1083 1720 1152 1772 τὰ
1206 1717 1450 1790 σύμϐολα
1505 1717 1614 1770 τῶν
1658 1720 1779 1771 κατ’
1836 1715 1998 1769 αὑτὸν

420 1809 748 1880 ἀπορρήτων
791 1811 891 1879 τῆς
940 1811 1135 1880 καινῆς
1180 1811 1454 1881 Διαθήκης
1484 1809 1657 1878 λόγων
1691 1812 1803 1873 τοῖς
1835 1808 1998 1862 αὑτοῦ

421 1899 706 1970 παρεδίδου
745 1901 849 1968 μαθ
861 1904 1046 1972 ηταῖς;
1078 1902 1214 1973 όμοῦ
1235 1901 1344 1972 γὰρ
1374 1901 1526 1955 ταῦτ’
1558 1902 1811 1965 ἐτελεῖτο,
1848 1902 1998 1972 καὶὴ
2033 1940 2074 1994 Β

421 1991 824 2048 κατὰ-Μωῦσὲα
857 1994 1059 2048 παλαιὰ
1087 1995 1328 2066 Διαθήκη
1358 1994 1678 2067 περιῄρητο,
1713 1995 1850 2066 ὅπερ
1875 1995 1996 2066 ἐδή-

419 2081 510 2136 λου
541 2083 601 2136 τὸ
643 2086 1036 2158 καταπέτασμα
1080 2087 1173 2140 τοῦ
1200 2086 1351 2151 ναοῦ,
1391 2086 1534 2140 κατὰ
1567 2086 1659 2139 τὸν
1707 2087 1867 2140 αὑτὸν
1899 2089 1996 2158 ρη-

417 2174 680 2246 γνύμενον
725 2178 934 2249 χρόνον.
997 2177 1281 2250 Ἀρθείσης
1328 2179 1460 2248 γοῦν
1506 2178 1566 2243 ἐξ
1609 2178 1855 2241 ἐκείνου,
1900 2180 1996 2230 καὶ

413 2267 643 2337 δυνάμει
669 2269 766 2321 καὶ
806 2270 1032 2342 ἀληθείᾳ
1063 2270 1460 2340 καταλυθείσης
1486 2270 1678 2333 θυσίας
1704 2271 1798 2323 καὶ
1835 2287 1998 2324 σπον-

411 2356 531 2426 δῆς,
561 2359 616 2410 αί
655 2358 795 2428 μετὰ
821 2360 994 2413 ταῦτα
1020 2359 1369 2430 νομιζόμεναι
1397 2361 1585 2414 αὐτόθι
1620 2361 1996 2428 ἐπιτελεῖσθαι

418 2444 603 2498 θυσίαι
629 2448 882 2502 ἄσπονδοι
909 2451 1004 2502 καὶ
1035 2450 1239 2521 ἀνίεροι
1274 2452 1330 2503 ἐν
1365 2449 1576 2522 βεϐήλῳ
1601 2451 1752 2521 τόπῳ
1778 2451 1870 2505 καὶ
1893 2452 1998 2505 ὑπὸ

418 2536 662 2608 βεϐήλων
696 2540 790 2592 κα)⁸
827 2541 1057 2612 ἀνιέρων
1091 2542 1463 2596 ἐπετελοῦντο.
1499 2544 1663 2614 Δέχου
1691 2544 1749 2596 δέ
1783 2543 1998 2608 καὶτὰς

418 2631 546 2701 περὶ
585 2631 789 2686 τούτων
839 2634 1100 2705 Ἰωσήπου
1157 2636 1490 2707 μαρτυρίαςο
1531 2635 1734 2689 «Κατὰ
1787 2636 1844 2688 δέ
1897 2637 1996 2707 τὴν

415 2720 629 2794 ἡμέραν
660 2723 761 2793 τῆς
792 2725 1171 2797 Πεντήκοστῆς
1195 2726 1412 2798 νύκτωρ
1439 2728 1488 2780 οί
1513 2729 1678 2799 ἱερεῖς
1705 2727 1997 2799 παρελθόν-

414 2834 508 2881 τες
554 2818 634 2880 είς
675 2818 736 2870 τὸ
777 2818 940 2889 ἱερὸν,
975 2819 1164 2890 ὥσπερ
1208 2820 1398 2884 αὐτοῖς
1437 2819 1558 2883 ἔθος
1602 2817 1692 2891 ἦν,
1725 2822 1860 2891 πρὸς
1897 2821 1997 2885 τὰς

413 2909 777 2979 λειτουργίας,
806 2910 1020 2981 πρῶτον
1058 2912 1154 2983 μέν
1183 2915 1451 2984 κινήσεως
1483 2914 1688 2983 ἔφασαν
1733 2915 1994 2985 ἀντιλαμ-

410 2999 674 3053 ϐάνεσθαι
707 3001 803 3054 καὶ
838 3001 1048 3055 κτύπου
1069 3019 1082 3033 '
1119 3003 1256 3074 μετὰ
1293 3003 1351 3057 δέ
1374 3002 1548 3057 ταῦτα
1580 3007 1764 3076 φωνῆς
1791 3003 1996 3076 ἁθρόας

415 3089 695 3161 λεγούσης·
724 3092 1178 3161 Μεταϐαίνωμεν
1201 3092 1496 3149 ἐντεῦθεν.
1512 3113 1530 3146 ι
1554 3093 1740 3147 Ταῦτα
1771 3094 1828 3147 δὲ
1854 3096 1996 3148 ἱστο-

419 3183 501 3252 ρεῖ
529 3181 668 3251 μετὰ
685 3181 747 3235 τὺ
768 3183 939 3247 πάθος
971 3184 1063 3238 τοῦ
1097 3185 1348 3257 Σωτῆρος
1373 3184 1530 3257 ἡμῶν
1557 3185 1859 3256 γεγονέναι.
1882 3188 1992 3240 Καὶ

2097 629 2182 675 est
2211 635 2319 690 quo
2353 629 2595 688 tempore
2625 617 2752 670 dum
2802 617 2890 669 ille
2921 615 3071 668 cruci
3124 613 3313 667 alﬁxus
3346 620 3450 676 cst,
3485 611 3663 666 velum

2097 713 2283 782 templi
2318 712 2554 766 medium
2591 717 2706 763 toto
2734 709 2949 778 penitus
2993 708 3296 761 altitudinis
3334 721 3446 759 sua:
3490 707 3665 774 spatio

2098 803 2332 857 scissum
2381 810 2486 867 est,
2522 802 2904 868 sublatumque
2947 807 3030 855 est
3077 815 3142 854 ex
3176 801 3288 861 illo,
3323 797 3375 852 vi
3408 797 3664 867 quadam,

2099 893 2209 949 Deo
2246 904 2460 965 gratum
2488 909 2554 948 ex
2603 893 2943 947 institutione
2992 892 3129 961 legis
3162 888 3490 945 sacriﬁcium
3520 897 3573 962 et
3603 887 3666 939 li-

2097 986 2270 1050 batio,
2304 1001 2412 1056 qua
2465 985 2716 1046 sublata,
2779 983 3113 1038 abominatio
3161 980 3547 1040 desolationis,
3581 994 3667 1031 sc-

2098 1075 2336 1131 cundum
2359 1092 2477 1131 eam
2506 1091 2627 1146 qua:
2652 1091 2797 1129 nunc
2827 1075 2884 1128 in
2914 1075 3170 1130 manibus
3193 1084 3298 1138 est,
3327 1071 3668 1143 prephetiam

2099 1166 2156 1220 in
2187 1167 2308 1223 loco
2334 1167 2428 1220 illo
2456 1175 2642 1221 secuta
2673 1174 2776 1221 est.
2809 1165 2968 1231 Quod
3001 1165 3044 1219 si
3077 1181 3173 1234 pcr
3205 1165 3424 1233 aliquod
3452 1174 3666 1232 tempus

2101 1274 2422 1328 permanere
2457 1260 2575 1314 visa
2610 1268 2737 1314 sunt
2766 1273 2850 1314 ea.
2892 1274 3013 1326 quae
3042 1257 3106 1311 ad
3152 1257 3485 1313 iunctionem
3515 1257 3661 1309 illam

2111 1351 2169 1404 in
2205 1349 2298 1403 tali
2346 1349 2466 1404 loco
2499 1349 2792 1420 pertinent,
2827 1366 2938 1404 non
2990 1356 3170 1404 tamen
3203 1350 3389 1404 eadem
3435 1348 3668 1419 amplius

2101 1448 2255 1511 grata
2285 1440 2396 1497 Deo
2427 1442 2671 1505 fuerunt,
2706 1445 2908 1512 quippe
2955 1459 3079 1497 cum
3133 1454 3185 1498 ct
3216 1443 3334 1497 sine
3379 1442 3587 1511 judicio
3616 1451 3670 1494 et

2099 1540 2295 1602 praeter
2351 1535 2498 1601 leges
2552 1535 2978 1590 celebrarentur.
3011 1533 3171 1606 402
3215 1533 3368 1587 Sicut
3401 1533 3544 1587 enim
3571 1548 3668 1586 an-

2101 1633 2220 1690 tea,
2253 1627 2508 1681 unctione
2553 1627 2774 1691 abolita,
2821 1635 2875 1681 et
2924 1627 3178 1697 legitimis
3220 1643 3284 1680 es
3341 1625 3667 1682 succedendi

2101 1717 2242 1771 serie
2271 1717 2619 1786 pontiﬁcibus
2647 1726 2772 1787 post
2802 1716 3038 1789 Hyrcani
3066 1719 3341 1772 interitum
3365 1716 3665 1786 abrogatis.

2103 1807 2194 1876 qui
2227 1808 2450 1878 posthac
2479 1808 2597 1863 sine
2617 1808 2809 1864 ordine
2835 1817 2888 1864 et
2911 1820 3107 1878 praeter
3136 1811 3277 1879 luges
3299 1809 3364 1863 ad
3392 1808 3521 1862 illud
3555 1824 3672 1860 mu-

2102 1913 2206 1952 nus
2249 1897 2602 1960 accedebant,
2636 1897 2958 1952 videbantur
2990 1897 3064 1950 illi
3099 1897 3316 1966 quidem
3359 1895 3565 1966 aliqnid
3596 1895 3672 1947 fa-

2103 2005 2246 2052 cere,
2281 1997 2335 2044 et
2373 1998 2553 2044 tamen
2590 1989 2644 2043 id
2675 1990 2827 2043 nullo
2859 1989 3117 2043 laudabili
3160 1989 3410 2043 instituto
3441 1994 3672 2058 praesta-

2099 2080 2258 2146 bant,
2290 2089 2513 2152 propter
2534 2097 2672 2151 quos
2694 2083 2858 2137 etiam
2890 2081 3029 2135 dixit
3058 2080 3380 2151 prophetia:
3412 2098 3428 2130 ι
3467 2078 3673 2134 Pet-ibit

2098 2173 2304 2237 unctio,
2327 2172 2663 2242 etjudicium
2698 2187 2806 2228 non
2827 2179 2911 2226 est
2940 2172 2993 2225 in
3034 2186 3095 2226 ea
3115 2212 3130 2236 ,
3165 2191 3181 2222 ι
3219 2171 3421 2225 talibus
3451 2169 3670 2224 interim

2097 2266 2280 2320 verbis
2319 2265 2657 2335 iudiciorum
2700 2266 2988 2335 legumque
3049 2264 3102 2317 in
3134 2264 3243 2319 illis
3294 2269 3665 2331 contemptum

2099 2372 2366 2412 accusans
2398 2377 2412 2412 :
2446 2358 2520 2412 ita
2548 2359 2714 2413 etiam
2744 2361 2890 2412 circa
2927 2355 3238 2411 libationem
3267 2365 3320 2410 et
3345 2353 3669 2410 sacriﬁcium

2097 2449 2395 2520 contigisse
2433 2448 2746 2515 alﬁrmabis,
2777 2465 2898 2520 quae
2917 2456 3064 2504 recte
3092 2448 3308 2518 quidem
3337 2463 3402 2502 ex
3429 2448 3544 2517 lege
3571 2462 3671 2499 au-

2097 2553 2316 2614 tequam
2359 2542 2612 2597 Salvator
2656 2551 2846 2597 noster
2880 2544 2952 2597 sit
2998 2553 3216 2611 passus.
3251 2540 3673 2595 celebrabantur

2098 2646 2320 2710 propter
2349 2637 2606 2693 virtutem
2653 2637 2803 2692 illam
2834 2653 2955 2706 quze
2993 2637 3060 2691 ad
3089 2634 3222 2691 illud
3255 2651 3430 2706 usque
3458 2643 3672 2704 tempus

2099 2733 2202 2786 loci
2235 2731 2581 2786 sanctitatem
2622 2731 2896 2786 tuebatur.
2928 2730 3196 2785 Caeterum
3243 2739 3298 2785 et
3326 2729 3540 2786 sublata
3590 2740 3673 2784 est

2097 2821 2244 2876 illico
2265 2828 2400 2892 post
2432 2821 2582 2876 illius
2613 2822 2913 2892 perfectum
2948 2821 3165 2892 Deoque
3213 2822 3544 2878 conveniens
3583 2837 3675 2876 sa-

2097 2913 2385 2976 criﬁcium,
2424 2912 2568 2983 quod
2603 2913 2720 2983 ipse
2762 2927 2822 2967 se
2848 2911 3026 2980 ipsum
3061 2929 3158 2982 pro
3191 2910 3432 2982 peccatis
3467 2910 3674 2966 nostris

2103 3004 2321 3066 obtulit,
2352 3018 2477 3058 cum
2519 3003 2637 3072 ipse
2665 3011 2812 3058 esset
2839 3003 2930 3057 ille
2973 3021 2990 3052 ι
3031 3003 3219 3074 Agnus
3251 3003 3344 3056 Dei
3385 3000 3478 3072 qui
3533 3003 3674 3056 tollit

2095 3101 2318 3166 peccata
2353 3093 2541 3150 mundi
2569 3095 2612 3127 ”
2651 3114 2662 3148 :
2723 3113 2741 3146 ι
2769 3110 2878 3164 quo
2911 3093 3130 3165 quidem
3163 3095 3435 3151 sacriﬁcio
3456 3093 3672 3148 cunctis

2099 3185 2414 3240 hominibus
2443 3185 2743 3240 secundum
2774 3201 2914 3240 nova
2939 3185 3073 3242 Novi
3107 3185 3442 3242 Tettamenti
3477 3193 3676 3257 myste-

414 3271 576 3325 πάλιν
598 3275 626 3326 6
645 3274 804 3338 αὐτός
818 3293 972 3345 φησι,
999 3295 1017 3326 ι
1047 3275 1282 3330 Πιλᾶτον
1302 3275 1394 3330 τὸν
1413 3277 1679 3347 ἡγεμόνα,
1705 3296 1724 3329 ›
1750 3277 1910 3330 αὑτὸν
1929 3278 1992 3350 δὴ

2099 3276 2182 3330 ria
2209 3275 2430 3340 tradita,
2459 3291 2581 3346 quze
2607 3275 2823 3332 Veteris
2848 3277 3070 3348 prepria
3091 3284 3250 3333 erant
3271 3277 3486 3332 sublata
3521 3284 3670 3331 sunt.

414 3367 621 3418 ἐκεῖνον
677 3365 767 3418 τὸν
819 3367 912 3418 ἐπὶ
943 3366 1038 3419 τοῦ
1069 3368 1321 3439 Σωτῆρος
1343 3367 1521 3438 ἡμῶν,
1547 3386 1567 3419 ‹
1592 3367 1691 3430 τὰς
1717 3367 1993 3438 Καίσαρος

415 3456 627 3520 εἰκόνας
651 3457 866 3528 νύκτωρ
901 3460 980 3522 εἰς
994 3460 1055 3512 τὸ
1075 3460 1386 3530 ίερὸν,ὅπερ
1400 3461 1499 3512 οὐκ
1517 3455 1585 3531 ἦν
1606 3459 1783 3530 θέμις,
1821 3460 1994 3513 εἰσκο-

420 3549 595 3620 μίσαι,
621 3551 881 3620 μεγίστην
907 3568 964 3604 τε
985 3553 1230 3623 ταραχὴν
1247 3593 1262 3617 ,
1292 3551 1522 3623 θορύϐου
1547 3569 1608 3604 τε
1637 3552 1731 3605 καὶ
1751 3552 1993 3615 στάσεως

416 3641 782 3712 ἐμϐεϐλῆσθαι
826 3645 939 3706 τοῖς
972 3643 1264 3705 Ἰουδαίοις.
1298 3661 1316 3694 ι
1352 3643 1502 3697 Ᾱὺτὰ
1529 3643 1594 3715 δὴ
1625 3642 1799 3697 ταῦτα
1827 3643 1922 3697 καὶ
1963 3643 1993 3695 6

413 3735 585 3788 Φίλων
639 3737 1048 3807 συμμαρτυρεῖ,
1091 3736 1250 3798 (Τὰς
1307 3735 1548 3806 σημαίας
1596 3736 1822 3805 φάσκων
1893 3735 1992 3799 τὰς

418 3825 698 3896 βασιλικὰς
720 3826 813 3878 τὸν
834 3825 1062 3880 Πιλάτον
1089 3825 1304 3896 νύκτωρ
1333 3827 1390 3877 ἐν
1416 3823 1496 3894 τῷ
1531 3825 1661 3896 ἱερῷ
1690 3823 1988 3888 ἀναθεῖναι,

413 3918 587 3989 ἀρχήν
618 3935 676 3970 τε
704 3917 943 3970 στάσεων
973 3917 1066 3970 καὶ
1093 3916 1386 3988 συμφορῶν
1412 3915 1727 3986 ἐπαλλήλων
1756 3914 1814 3980 ἐξ
1847 3915 1990 3969 ἐκεί-

415 4026 507 4062 νου
555 4011 664 4072 τοῖς
721 4009 993 4072 Ἰουδαίοις
1036 4011 1353 4079 συμπεσεῖν.
1388 4028 1408 4060 )
1435 4009 1508 4062 Οὐ
1592 4008 1832 4062 διέλιπον
1899 4003 1991 4062 οὖν

414 4102 598 4155 ἔκτοτε
644 4102 704 4154 τὸ
758 4103 866 4155 πᾶν
919 4101 1070 4164 ἔθνος
1123 4103 1216 4155 καὶ
1267 4101 1366 4173 τὴν
1428 4101 1758 4173 μητρόπολιν
1811 4101 1992 4154 αὐτῶν

414 4191 683 4245 παντοίων
740 4192 925 4245 κακῶν
991 4191 1389 4256 ἐπαναστάσεις
1447 4192 1552 4256 ἕως
1603 4192 1695 4245 τοῦ
1758 4173 1990 4248 ὑστάτου

413 4286 531 4336 κατ’
573 4284 751 4338 αὐτῶν
794 4283 1052 4355 πολέμου.
1097 4285 1192 4338 καὶ
1233 4285 1334 4354 τῆς
1371 4285 1606 4355 ἐσχάτης
1650 4284 1988 4356 πολιορκίας,

414 4376 533 4430 καθ’
569 4379 636 4448 ἢν
663 4377 937 4442 παντοίοις
968 4378 1296 4447 ἀφανισμοῖς
1316 4418 1331 4442 ,
1378 4377 1538 4448 λιμοῦ
1571 4395 1629 4430 τε
1672 4378 1765 4431 καὶ
1801 4376 1988 4448 λοιμοῦ

413 4470 506 4521 καὶ
548 4469 842 4540 μαχαίρας,
873 4468 1314 4540 καταποπισμοῦ
1355 4469 1509 4540 δίκην
1535 4468 1628 4522 τοῦ
1655 4471 1774 4524 κατ’
1809 4469 1990 4522 αὐτῶν

411 4560 631 4630 ὀλέθρου
658 4561 1074 4634 ωρῤεύσαντος,
1109 4562 1308 4625 πάντες
1339 4563 1389 4615 οί
1420 4563 1858 4625 κατασυστάντες
1893 4561 1988 4615 τοῦ

2100 3367 2301 3423 Eodem
2325 3367 2470 3424 enim
2492 3375 2736 3437 tempore
2766 3377 2822 3422 et
2851 3369 3138 3423 oraculum
3169 3367 3306 3422 illud
3340 3369 3672 3439 completum

2099 3467 2228 3516 est:
2268 3479 2286 3512 ι
2335 3459 2401 3514 Ει
2453 3457 2802 3513 conﬁrmabit
2859 3467 3078 3530 pactum
3137 3460 3326 3514 multis
3373 3459 3674 3514 liebdomas

2100 3567 2230 3616 una,
2263 3560 2318 3606 et
2369 3567 2490 3622 quae
2540 3552 2607 3606 ad
2639 3550 2804 3606 Vetus
2828 3550 3238 3606 Testamentum
3271 3558 3519 3621 spectant
3542 3552 3666 3607 sub-

2099 3643 2206 3697 lata
2238 3651 2386 3700 sunt.
2423 3664 2441 3697 ι
2475 3645 2743 3699 Caeterum
2768 3644 2989 3714 quando
3027 3643 3246 3698 tandem
3293 3659 3415 3713 qua:
3461 3644 3529 3698 ad
3563 3642 3676 3698 No-

2098 3751 2224 3789 vum
2284 3737 2555 3805 pertinent
2579 3735 2993 3791 Testamentum
3028 3743 3158 3791 sunt
3187 3734 3530 3799 conﬁrmata,
3563 3737 3670 3792 nisi

2097 3839 2222 3880 cum
2255 3823 2505 3879 Salvator
2534 3839 2597 3880 ac
2623 3823 2887 3879 Dominus
2922 3833 3109 3880 noster
3141 3840 3339 3895 magno
3373 3825 3466 3879 illo
3496 3827 3580 3881 sui
3604 3827 3670 3879 ad

2099 3928 2325 3972 mortem
2375 3933 2632 3973 accessus
2688 3917 2950 3988 mysterio
2997 3917 3307 3982 iuncturus,
3359 3932 3468 3988 qua
3514 3929 3673 3972 nocte

2098 4011 2440 4075 tradebatur,
2482 4011 2824 4066 occultarum
2876 4017 2931 4065 et
2960 4010 3028 4064 ad
3077 4011 3256 4080 ipsum
3307 4009 3670 4080 spectantium

2097 4099 2233 4156 Novi
2276 4101 2610 4157 Testamenti
2642 4102 2916 4155 rationum
2950 4101 3381 4172 signactnotas
3428 4101 3545 4156 suis
3587 4100 3672 4153 di-

2098 4193 2326 4262 scipulis
2362 4193 2623 4248 tradidit?
2654 4194 2844 4249 eodem
2878 4193 3024 4246 enim
3058 4203 3301 4262 tempore
3329 4199 3384 4247 et
3414 4191 3527 4246 haec
3556 4207 3674 4262 per.

2100 4284 2236 4340 fectu
2267 4293 2419 4349 sunt,
2463 4293 2518 4340 et
2553 4301 2582 4339 a
2615 4285 2766 4342 Mose
2796 4285 3132 4355 descriptum
3165 4283 3331 4339 Vetus
3362 4283 3678 4340 Testamen-

2098 4386 2210 4430 tum
2240 4377 2515 4432 sublatum
2558 4387 2659 4440 est,
2692 4393 2854 4448 quam
2907 4395 3020 4434 rem
3052 4379 3212 4448 plane
3241 4377 3540 4432 declaravit
3580 4393 3674 4432 ve-

2096 4468 2207 4521 lum
2243 4470 2426 4537 templi
2448 4469 2590 4539 quod
2614 4485 2710 4539 per
2737 4470 2879 4525 idem
2907 4480 3119 4540 tempus
3146 4469 3378 4525 scissum
3402 4477 3505 4525 est.
3529 4467 3674 4524 Sub-

2097 4560 2208 4613 lato
2261 4559 2427 4630 igitur
2461 4577 2530 4615 ex
2578 4562 2672 4615 illo
2705 4563 2986 4634 deinceps,
3016 4573 3071 4618 ct
3104 4579 3213 4618 non
3243 4563 3428 4618 minus
3457 4578 3516 4617 re
3544 4577 3670 4617 vera

413 4650 664 4721 Σωτῆρος
698 4650 855 4722 ήμῶν
893 4651 1092 4723 ἡϐηδὸν
1118 4652 1490 4720 ἐξεκόπησαν·
1526 4655 1615 4707 ὅτε
1643 4655 1738 4708 καὶ
1770 4654 1830 4706 τὸ
1868 4652 1990 4722 βδέ-

2098 4667 2262 4722 quam
2295 4655 2385 4713 vi,
2425 4654 2607 4708 soluto
2649 4655 2922 4710 sacriﬁcio
2957 4672 3020 4712 ac
3049 4657 3330 4720 libatione,
3367 4671 3488 4726 quae
3515 4661 3671 4725 post-

408 4739 593 4811 λυγμα
631 4742 732 4812 τῆς
763 4743 1098 4815 ἐρημώσεως
1128 4745 1220 4798 ἐπὶ
1252 4744 1312 4798 τὸ
1348 4745 1490 4816 ἱερὸν
1530 4745 1682 4815 ἔστη,
1720 4744 1748 4797 ὃ
1773 4744 1868 4798 καὶ
1907 4745 1986 4807 είς

403 4831 567 4902 δεῦρο
613 4833 907 4903 διέμεινεν,
963 4836 1232 4908 ὁσημέραι
1291 4837 1383 4889 ἐπὶ
1425 4837 1487 4890 τὺ
1527 4839 1708 4907 χεῖρον
1750 4837 1986 4907 ἐρημίας

405 4923 648 4977 ἐλαῦνον.
691 4925 850 4990 Εἰκὸς
880 4927 936 4979 δέ
969 4929 1064 4980 καὶ
1103 4927 1389 4982 ἐπιτείνειν
1418 4928 1552 4980 αὐτὸ
1576 4928 1736 4998 μέχρι
1763 4927 1862 4998 τῆς
1890 4927 1983 4980 τοῦ

407 5016 524 5086 βίου
550 5017 875 5082 συντελείας,
908 5018 1052 5072 κατὰ
1079 5020 1170 5073 τὸν
1203 5019 1307 5073 ὑπὸ
1343 5019 1443 5089 τῆς
1482 5020 1816 5092 προφητείας
1857 5020 1987 5073 ἀπο-

403 5107 679 5177 φανθέντα
703 5110 862 5181 ὅρον,
934 5111 1221 5181 φήσαντα·
1297 5131 1315 5163 ι
1351 5113 1463 5166 Καὶ
1514 5111 1619 5175 ἕως
1676 5112 1984 5175 συντελείας

403 5200 598 5271 καιροῦ
652 5201 929 5255 συντέλεια
987 5202 1273 5274 δοθήσεται
1327 5204 1419 5256 ἐπὶ
1449 5203 1546 5275 τὴν
1611 5205 1922 5274 ἐρήμωσιν·
1959 5225 1979 5258 ›

399 5293 594 5362 ¹ἥντινα
639 5293 822 5364 φωνὴν
876 5296 904 5347 ὁ
949 5293 1140 5364 Σωτὴρ
1192 5294 1284 5347 καὶ
1321 5294 1526 5366 Κύριος
1579 5295 1734 5366 ἡμῶν
1776 5294 1982 5366 Ἰησοῦς

399 5384 688 5455 όΧριστὸς
733 5384 1176 5455 ἐπεσφραγίσατο
1205 5384 1405 5438 εἰπών’
1467 5386 1615 5437 ‹“Οτ’
1654 5385 1718 5438 ἂν
1745 5385 1800 5438 δὲ
1837 5384 1982 5455 ἴδητε

402 5473 464 5530 τὸ
507 5475 780 5546 βδέλυγμα
818 5477 917 5546 τῆς
969 5473 1333 5547 ἐρημώσεως,
1368 5476 1428 5529 τὸ
1472 5477 1641 5548 ῥηθὲν.
1670 5477 1759 5530 διὰ
1787 5476 1983 5548 Δανιὴλ

400 5566 495 5620 τοῦ
523 5569 825 5640 προφήτου,
855 5566 1026 5631 ἐστὼς
1061 5569 1120 5622 ἐν
1140 5566 1290 5637 τόπῳ
1319 5568 1479 5638 ἁγίῳ,
1513 5569 1632 5622 τότε
1661 5566 1977 5638 γινώσκετε,

399 5659 484 5714 ὃτι
527 5660 754 5731 ῆγγικεν
798 5663 830 5732 ή
875 5661 1154 5733 ἐρήμωσις
1197 5660 1386 5730 αὐτῆς.
1427 5679 1444 5711 ι
1476 5662 1538 5714 ΕΞ
1585 5660 1640 5714 δὲ
1677 5660 1981 5725 δυσπίστως

474 5836 536 5910 “V
563 5836 752 5894 Matth.
785 5856 966 5910 mu,
995 5839 1085 5898 58.
1145 5841 1187 5874 ⁹¹
1227 5838 1388 5897 Joan.
1423 5857 1441 5894 ι
1461 5880 1478 5910 ,
1503 5839 1597 5896 29.

2097 4741 2200 4796 hac
2251 4745 2708 4800 existimabantur
2764 4748 2874 4802 illic
2936 4749 3122 4819 perﬁci
3187 4748 3500 4811 sacriﬁcia,
3553 4746 3672 4801 sine

2093 4834 2289 4904 gratia,
2322 4836 2488 4890 rebus
2517 4839 2693 4894 sacris
2725 4839 2902 4894 aliena
2923 4879 2938 4904 ,
2973 4839 3026 4894 in
3061 4841 3293 4910 profmo
3329 4840 3446 4894 loco
3478 4853 3508 4891 a
3545 4853 3673 4907 pro-

2094 4924 2239 4980 fanis
2266 4934 2321 4981 et
2342 4943 2372 4981 a
2407 4944 2467 4982 re
2504 4945 2661 4985 sacra
2690 4931 2886 4986 alienis
2916 4931 3362 5002 perﬁciebantur.
3399 4930 3668 4986 Caeterum

2094 5013 2179 5069 his
2208 5013 2276 5070 de
2324 5017 2488 5074 rebus
2532 5021 2696 5074 etiam
2750 5019 2970 5091 Josephi
3020 5021 3394 5076 testimonium
3429 5019 3615 5087 accipe
3649 5039 3665 5072 -:

2097 5127 2115 5158 ‹
2154 5107 2274 5178 Ipso
2328 5119 2508 5166 autem
2557 5113 2643 5168 die
2677 5113 3033 5170 Pentecostes
3076 5122 3241 5171 noctu
3273 5113 3584 5170 sacerdotes
3612 5115 3666 5168 iu

2092 5204 2351 5273 templum
2388 5205 2643 5276 ingressi,
2681 5209 2823 5263 sicut
2868 5209 2949 5264 eis
2997 5223 3115 5264 mos
3146 5214 3288 5272 erat,
3317 5207 3385 5262 ad
3439 5222 3666 5260 munera

2089 5294 2362 5364 obeunda,
2385 5298 2617 5366 primum
2640 5300 2858 5369 quidem
2889 5316 2948 5356 se
2976 5308 3183 5355 motum
3209 5299 3500 5370 quemdam
3531 5306 3666 5354 stre-

2092 5384 2374 5457 pitumque
2419 5389 2661 5445 sensisse
2708 5391 2984 5453 dixerunt,
3021 5390 3217 5444 deinde
3269 5403 3398 5443 vero
3429 5389 3666 5466 subitam

2091 5492 2279 5532 vocem
2324 5481 2521 5536 crebro
2561 5489 2924 5552 repetentem,
2961 5481 3248 5553 Migremus
3290 5481 3430 5534 hinc.
3484 5499 3502 5532 ι
3543 5479 3667 5535 Haec

2089 5577 2270 5624 autem
2301 5569 2392 5627 ille
2439 5574 2631 5628 scribit
2673 5573 2812 5627 facta
2847 5591 2970 5630 esse
2998 5583 3121 5644 post
3148 5574 3455 5628 Salvatoris
3487 5580 3664 5626 nostra

2092 5671 2341 5718 mortem.
2371 5662 2585 5720 Rursus
2617 5665 2757 5721 idem
2779 5667 2850 5720 ait
2879 5687 2930 5721 ει
2961 5665 3195 5723 Pilatum
3226 5667 3568 5738 prtcsidem.»
3594 5665 3670 5735 ip-
