4098 6488
466 398 566 457 631

467 537 591 575 sum
624 522 811 591 utique
833 521 981 575 illum
1001 521 1092 592 qui
1118 531 1362 593 tempore
1384 522 1686 579 Salvatoris
1708 523 1881 578 nostri
1906 537 2045 592 praa-
2073 556 2117 612 Α

467 612 600 691 fuit,
624 629 641 663 ι
667 619 829 667 noctu
847 612 902 666 in
925 612 1179 682 templum
1210 621 1398 667 contra
1414 612 1496 669 fas
1526 614 1791 683 imagines
1811 613 2043 670 Caesaris

467 704 740 768 intulisse,
763 703 924 776 M3
948 720 1310 775 magnamque
1333 706 1796 777 perturbationem
1818 708 2043 763 seditio-

466 796 552 850 nis
596 792 758 866 atque
784 797 1051 851 tumultus
1079 794 1283 852 Judaeis
1317 797 1597 866 injecisse.
1633 818 1652 851 ι
1685 798 1887 854 Eadem
1929 799 2042 855 haec

462 890 626 942 etiam
676 887 833 945 Philo
879 888 1188 952 confirmat,
1225 891 1317 961 qui
1367 894 1491 947 ait:
1543 891 1742 963 Regias
1777 894 2041 965 imagines

465 979 701 1036 Pilatum
733 990 904 1037 noctu
938 983 991 1036 in
1035 983 1237 1054 templo
1272 984 1508 1048 dicasse,
1537 984 1862 1054 initiumque
1890 986 2039 1041 sedi-

462 1075 671 1131 tionum
715 1083 770 1131 et
806 1085 1116 1131 mutuarum
1175 1077 1315 1131 inter
1366 1076 1515 1147 ipsos
1549 1078 1941 1143 calamitatum,
1970 1094 2037 1134 ex

462 1165 554 1220 illo
585 1164 789 1222 Iudaeis
820 1166 1111 1223 accidisse.
1146 1166 1265 1221 Non
1301 1166 1586 1222 desierunt
1636 1183 1766 1238 ergo
1811 1170 2039 1239 posthac

457 1271 580 1326 quae
605 1257 913 1311 universam
943 1264 1155 1328 gentem
1184 1255 1610 1327 eorumdemque
1632 1260 1927 1329 principem
1958 1261 2036 1313 ci-

460 1349 681 1405 vitatem
733 1349 1054 1404 invaderent
1090 1350 1270 1405 omnis
1303 1351 1522 1421 generis
1554 1352 1717 1413 mala,
1755 1368 1925 1421 usque
1967 1352 2033 1406 ad

465 1439 719 1494 ultimum
754 1440 886 1493 illud
912 1438 1057 1509 quod
1090 1449 1280 1493 contra
1312 1440 1435 1495 illus
1458 1447 1668 1509 gestum
1696 1448 1781 1494 est
1809 1441 2029 1500 bellum,

456 1530 1028 1598 extremamqueillatn
1045 1528 1402 1591 obsidionem,
1421 1530 1472 1583 in
1495 1545 1599 1599 qua
1614 1528 1793 1582 omnis
1815 1529 2032 1598 generis

455 1619 928 1674 internecionibus
953 1659 969 1683 ,
1004 1630 1057 1675 et
1090 1620 1249 1677 famis
1295 1630 1347 1675 et
1387 1621 1732 1692 pestilentiae,
1758 1627 1812 1675 et
1843 1620 2027 1690 gladii,

455 1726 577 1763 cum
602 1711 872 1783 pernicies
894 1712 1157 1768 adversus
1173 1727 1267 1768 eos
1281 1712 1470 1767 diluvii
1491 1712 1664 1769 instar
1696 1710 1992 1768 conflueret
2012 1752 2025 1775 ,

455 1819 648 1859 omnes
665 1805 977 1875 quicunque
988 1804 1251 1861 adversus
1266 1803 1601 1859 Salvatorem
1628 1813 1874 1859 nostrum
1895 1820 2027 1859 cou-

1110 402 1379 459 EUSEBlI
1412 402 1897 459 CzESARlENSlS
1936 403 2087 458 OPP.
2132 403 2315 459 PARS
2355 402 2416 458 ll.
2451 436 2521 445 —
2558 360 3058 462 AP'OLOGETICA.

3617 406 3721 463 639

2145 523 2286 599 πρὸς
2310 521 2485 577 ταῦτα
2506 522 2679 595 ἔχοιεν
2700 524 2750 577 oi
2780 525 2843 577 ἐκ
2869 523 3188 597 περιτομῆς,
3218 520 3500 591 ἐλεγκτέον
3525 520 3717 584 αὐτοὺς

2150 615 2224 687 μὴ
2264 615 2424 686 μόνον
2451 615 2685 679 ἀναιδῶς
2722 616 2859 688 πρὸς
2892 614 2960 669 τὰ
2991 615 3165 688 ἀληθῆ
3202 613 3298 670 καὶ
3333 614 3538 685 ἐναργῆ
3572 614 3722 669 ἱστα-

2147 706 2376 777 μένους,
2427 706 2565 761 ἁλλὰ
2609 708 2704 761 καὶ
2755 706 2856 770 τὰς
2904 708 3236 780 προρρήσεις
3273 705 3348 768 ὡς
3369 705 3616 776 ψευδεῖς,
3657 704 3719 761 τὸ

2141 799 2264 852 ὅσον
2313 799 2400 852 ἐπ’
2447 800 2660 862 αὐτοῖς,
2724 797 3142 862 διαϐάλλοντας,
3206 798 3320 866 εί¹γε
3367 797 3424 850 αἱ
3483 798 3580 867 μὲν
3637 798 3718 862 είς

2141 891 2509 962 ἐϐδομήκοντα
2547 890 2844 962 ἑϐδομάδας
2869 890 3004 944 ἐτῶν
3026 891 3119 944 τὸν
3147 891 3325 945 πάντα
3347 888 3718 961 περιορίζουσς.

2139 983 2350 1054 χρόνον,
2383 982 2450 1037 τὰ
2478 985 2535 1036 ὲν
2565 982 2645 1054 τῷ
2677 982 2880 1054 μεταξῦ
2920 981 3309 1054 συμϐησόμενα
3341 981 3713 1046 θεσπίζουσαν

2140 1076 2195 1127 αἱ
2237 1074 2314 1137 δὲ,
2359 1075 2539 1145 σχεδὸν
2571 1074 2671 1146 ἤδη
2705 1072 2976 1145 χιλιοστοῦ
3023 1073 3175 1139 ἔτους
3217 1072 3324 1127 ἀπὸ
3364 1072 3466 1142 τῆς
3500 1087 3716 1143 προφη-
3797 1148 3801 1152 ρ

2137 1164 2286 1229 τείας
2327 1164 2422 1219 καὶ
2460 1166 2539 1228 εἰς
2569 1167 2717 1236 ἡμᾶς
2756 1164 3096 1228 ἐλαύνοντος,
3141 1164 3293 1216 οὐδὲν
3325 1162 3432 1215 τῶν
3463 1177 3717 1232 γεγραμ-

2140 1254 2316 1324 μένων
2346 1255 2567 1329 γεγονὸς
2599 1253 3022 1317 ἐπιδείκνυνται,
3054 1254 3229 1307 καίτοι
3249 1250 3716 1324 ἐξολοθρευθέντθς

2136 1330 2454 1399 αύτῷτι⁹τοῦ
2491 1347 2826 1418 χρίσματος,
2867 1344 3009 1402 κατὰ
3060 1344 3156 1416 τὴν
3199 1344 3347 1401 Θείαν
3387 1343 3711 1415 πρόρρησιν,

2135 1436 2229 1488 καὶ
2250 1435 2343 1488 τοῦ
2373 1437 2715 1506 ἁγιάσματος
2753 1436 2951 1499 αὐτῶν,
2979 1436 3075 1488 καὶ
3118 1434 3224 1488 τῶν
3252 1433 3379 1504 πρὶν
3413 1431 3714 1503 οἰκητόρων

2132 1527 2538 1599 διαφθαρέντων
2586 1530 2682 1582 καὶ
2719 1528 3059 1583 ἐκκοπέντων
3095 1529 3152 1580 ἐν
3193 1523 3564 1595 κατακλυσμῷ
3612 1541 3713 1577 πο,

2133 1619 2298 1690 λέμου
2329 1638 2598 1692 συντετμη
2609 1621 2768 1691 μένου
2797 1622 3141 1692 ἀερανισμοῖς,
3172 1619 3264 1675 καὶ
3288 1618 3382 1671 τοῦ
3406 1634 3471 1687 γε
3498 1618 3711 1671 πάντων

2133 1712 2566 1784 παραδοξοτάτου
2618 1712 2784 1766 είσέτι
2833 1710 2927 1767 νῦν
2977 1710 3166 1768 αὐτόθι
3216 1709 3522 1783 ὁρωμένου·
3570 1708 3713 1775 λέγω

2131 1801 2193 1874 δὴ
2223 1802 2317 1857 τοῦ
2349 1803 2713 1875 βδελύγματος
2746 1804 2845 1874 τῆς
2884 1802 3218 1875 ἐρημώσεως
3247 1803 3326 1864 εἰς
3353 1798 3512 1871 δεῦρο
3545 1797 3712 1856 ἑστῶ-

455 1893 816 1961 spiraverant,
847 1895 1225 1967 cujuscunque
1244 1896 1641 1962 essentaetatis,
1666 1897 1832 1952 excisi
1857 1908 1984 1951 sunt
2011 1917 2022 1953 :

2129 1911 2220 1958 τος
2248 1895 2305 1947 ἐν
2333 1893 2413 1966 τῷ
2442 1895 2571 1967 πρὶν
2601 1895 2745 1967 ἁγίῳ
2767 1895 2945 1967 τόπῳ,
2976 1894 3108 1967 περὶ
3128 1889 3189 1948 οὗ
3220 1893 3317 1947 καὶ
3342 1895 3370 1957 ὁ
3396 1889 3587 1963 Σωτὴρ
3616 1889 3712 1945 καὶ

453 2000 561 2056 quo
586 1999 717 2041 sane
742 1994 985 2057 tempore
1007 1986 1170 2042 etiam
1200 1987 1558 2044 desolationis
1575 1988 1719 2044 illius
1745 1989 2025 2044 abomina-

2128 1985 2332 2058 Κύριος
2367 1985 2525 2057 ἡμῶν
2550 1985 2649 2050 τὰς
2684 1984 3001 2052 ἐκτεθείσας
3043 1985 3327 2057 προήκατο
3366 1982 3570 2055 φωνάς,
3608 1975 3709 2036 Ὧν

453 2078 528 2133 tiu
550 2078 602 2139 in
636 2079 838 2149 templo
858 2079 1166 2143 constituit,
1186 2096 1307 2150 quae
1340 2080 1560 2151 quidem
1586 2081 1652 2135 ad
1676 2082 1824 2136 hunc
1853 2096 2025 2151 usque

2126 2076 2313 2146 σαφῶς
2352 2078 2449 2130 ὑπ’
2490 2077 2792 2149 ὀφθαλμοῖς
2846 2076 3138 2149 ὁρωμένων
3197 2078 3328 2148 ἡμῖν
3373 2074 3541 2128 εἰσέτι
3588 2072 3705 2141 νῦν,

451 2167 592 2229 diem
629 2171 931 2244 permansit
970 2171 1201 2241 singulis
1228 2172 1422 2228 diebus
1455 2173 1510 2226 in
1540 2171 1866 2227 deteriorem
1892 2172 2025 2226 soli-

2126 2169 2404 2241 θαυμάσαι
2432 2169 2547 2224 ἔστι
2583 2171 2712 2234 τοὺς
2744 2172 2809 2224 ἐκ
2851 2169 3152 2241 περιτομῆς
3171 2209 3186 2233 ,
3217 2168 3316 2240 οὐχ
3346 2166 3520 2230 οὕτως
3561 2167 3707 2223 αντιφ

452 2262 695 2326 tudinem
723 2278 1010 2320 corruens.
1058 2263 1166 2318 Par
1203 2273 1384 2320 autem
1417 2274 1502 2320 est
1532 2279 1653 2319 eam
1702 2263 1886 2319 itidem
1930 2281 2021 2321 us-

2125 2261 2346 2318 ὀλέπειν
2376 2264 2491 2326 τοῖς
2514 2263 2764 2334 ἐναργέσι
2791 2261 3125 2333 τολμῶντας,
3155 2262 3278 2319 ὅσον
3304 2258 3705 2323 ἁϐλεπτοῦντας

448 2370 553 2423 que
600 2353 666 2407 ad
714 2354 839 2411 vitae
888 2355 1416 2412 consummationem
1472 2356 1815 2418 duraturam,
1865 2354 2020 2425 juxta

2125 2357 2217 2409 καὶ
2254 2355 2353 2427 τὴν
2389 2355 2627 2427 διάνοιαν
2683 2354 3123 2425 ὲσκοτωμένους,
3175 2352 3311 2423 πρὸς
3344 2351 3405 2405 τὸ
3456 2352 3531 2422 μὴ
3572 2351 3705 2422 ὁρᾷν

446 2442 736 2498 terminum
767 2460 928 2515 quem
961 2445 1251 2519 prophetia
1284 2446 1640 2509 indicaverat,
1664 2446 1772 2500 illis
1795 2446 2016 2501 verbis:

448 2551 469 2587 ι
508 2534 570 2589 Et
600 2551 773 2606 usque
801 2536 868 2592 ad
903 2538 1435 2594 consummationem
1471 2539 1734 2609 temporis
1758 2553 2021 2594 consum-

444 2625 611 2684 matio
642 2625 862 2682 dabitur
900 2628 955 2682 in
1005 2628 1381 2693 solitudinem,
1421 2647 1441 2681 ι
1473 2643 1637 2698 quam
1671 2643 1860 2683 vocem
1898 2628 2021 2683 Sal-

439 2726 601 2774 vator
626 2732 692 2774 ac
734 2717 998 2776 Dominus
1029 2727 1217 2776 noster
1260 2718 1421 2777 Jesus
1452 2719 1704 2775 Christus
1734 2721 1892 2790 quasi
1937 2721 2017 2775 si-

438 2825 547 2881 gno
604 2810 871 2882 impresso
920 2811 1265 2866 conﬁrmavit
1318 2811 1510 2867 dicens
1547 2829 1560 2865 :
1600 2829 1620 2863 ι
1663 2810 1800 2866 Cum
1833 2819 2014 2866 autem

444 2902 685 2959 videritis
714 2904 1179 2961 alzominationem
1206 2903 1583 2968 desolationis,
1610 2919 1733 2974 qua:
1761 2903 1908 2958 dicta
1932 2911 2017 2959 est

438 3010 535 3065 per
566 2995 841 3051 Danielem
880 2995 1197 3065 prophetam
1239 3003 1473 3050 stantem
1516 2995 1569 3050 in
1618 2996 1739 3051 loco
1771 3004 1964 3051 sancto
1996 3015 2010 3051 :

437 3094 570 3142 tunc
591 3086 785 3141 scitote
808 3086 954 3155 quod
980 3086 1440 3156 apprOpinquavit
1463 3085 1730 3142 desolatio
1753 3087 1872 3157 ejus
1895 3088 1960 3142 °’.
1987 3106 2005 3140 ι

436 3177 593 3244 Quod
623 3180 669 3235 si
696 3176 870 3232 Judaei
900 3193 1008 3233 non
1035 3180 1257 3235 credere
1285 3195 1344 3235 se
1368 3178 1474 3235 ista
1502 3179 1890 3250 respondeant,
1922 3194 2013 3234 ar-

2122 2449 2188 2501 τὰ
2223 2446 2367 2501 οὕτω
2412 2447 2559 2519 σαφῆ
2598 2448 2693 2501 καὶ
2728 2447 2931 2518 ἐναργῆ
2972 2446 3080 2500 τῶν
3115 2445 3277 2498 θείων
3304 2442 3537 2516 Γραφῶν
3571 2444 3707 2513 ᾁπο-

2117 2540 2453 2611 τελέσματα·
2504 2539 2548 2596 ὃ.
2577 2540 2673 2593 καὶ
2721 2538 3021 2593 πεπόνθασι
3068 2536 3210 2592 κατὰ
3248 2535 3346 2607 τὴν
3395 2537 3476 2598 εἰς
3505 2534 3703 2597 αὐτοὺς

2121 2631 2225 2703 πλη
2237 2631 2498 2704 ρωθεῖσαν
2532 2634 2635 2686 κὰν
2673 2631 2850 2702 τούτῳ
2887 2629 2981 2685 τοῦ
3020 2629 3240 2683 Ἡσαΐου
3291 2627 3497 2698 φωνὴν,
3528 2624 3594 2678 δι’
3634 2621 3703 2698 ἦς

2118 2724 2403 2779 ἐθέσπισεν
2441 2727 2643 2788 αὐτοῖς,
2692 2724 2892 2779 εἰπών·
2938 2725 3132 2794 «Ἀκοῇ
3177 2721 3475 2783 ἀκούσετε,
3511 2718 3607 2773 καὶ
3637 2720 3699 2772 οὐ
3786 2739 3793 2747 ·

2121 2816 2196 2889 μὴ
2228 2816 2447 2888 συνῆτε,
2472 2818 2568 2872 καὶ
2601 2816 2889 2887 βλέποντες
2916 2815 3161 2886 βλέψετε,
3192 2814 3285 2867 καὶ
3323 2815 3382 2866 οὐ
3416 2812 3490 2883 μὴ
3521 2811 3695 2883 ίδητεο

2116 2908 2394 2980 ἐπαχύνθη
2431 2908 2541 2980 γὰρ
2580 2909 2614 2979 ἡ
2647 2907 2844 2979 καρδία
2883 2906 2978 2960 τοῦ
3009 2906 3139 2959 λαοῦ
3178 2904 3403 2959 τούτου·
3451 2904 3546 2957 καὶ
3588 2905 3698 2966 τοῖς

2115 3000 2250 3053 ὠσὶν
2305 3000 2483 3055 αὐτῶν
2528 3000 2740 3071 βαρέως
2785 3002 3044 3071 ἥκουσαν,
3085 2999 3178 3051 καὶ
3222 2998 3348 3061 τοὺς
3387 2995 3695 3064 ὀφθαλμοὺς

2115 3092 2294 3147 αὐτῶν
2344 3093 2699 3164 ἐκάμμυσαν,
2751 3094 2961 3164 μήποτε
3011 3091 3161 3145 ἴδωσι
3213 3092 3325 3153 τοῖς
3375 3087 3690 3160 ὀφθαλμοῖς.

2114 3186 2209 3240 καὶ
2236 3185 2368 3239 ὠσὶν
2394 3185 2814 3252 ἀκούσωσι,νκαὶ
2847 3188 2914 3256 τῇ
2947 3183 3144 3256 καρδίᾳ
3175 3183 3398 3246 συνῶσι,
3438 3183 3533 3244 καὶ
3567 3182 3690 3236 ἔπι-

435 3268 635 3339 guendi
682 3278 810 3325 sunt
846 3278 1106 3341 tanquam
1137 3271 1195 3336 ii,
1225 3271 1319 3342 qui
1360 3286 1469 3325 non
1502 3274 1677 3328 solum
1724 3273 2011 3344 impuden-

2125 3275 2410 3348 στρέψωσι,
2465 3275 2561 3330 καὶ
2607 3275 2843 3346 ίὰσωμαι
2896 3274 3115 3337 αὐτούς.
3165 3292 3184 3325 ι
3252 3270 3391 3325 Ἀλλ’
3433 3270 3556 3325 ἐπεὶ
3599 3271 3687 3325 καὶ

436 3370 520 3416 ter
563 3363 727 3420 rebus
756 3364 900 3420 veris
928 3379 992 3419 ac
1015 3364 1323 3423 manifestis
1352 3374 1678 3437 repugnent,
1715 3366 1810 3422 sed
1839 3367 2005 3421 etiam

432 3455 690 3510 vaticinia
722 3471 821 3510 sua
846 3463 904 3510 ut
929 3456 1085 3523 falsa,
1111 3467 1375 3528 quantum
1402 3459 1457 3512 in
1483 3459 1619 3528 ipsis
1641 3464 1747 3524 est,
1796 3458 2007 3514 calum-

432 3547 674 3611 nientur,
728 3547 775 3603 si
821 3549 910 3603 illa
954 3548 1173 3619 quidem
1205 3550 1257 3604 in
1289 3566 1393 3604 Lxx
1413 3565 1680 3604 annorum
1712 3550 2007 3605 hebdoma-

430 3640 530 3698 das
569 3642 884 3698 univcrsum
917 3651 1130 3713 tempus
1177 3642 1486 3704 includunt,
1516 3643 1647 3698 dum
1681 3656 1803 3712 qua:
1837 3642 2006 3698 inter—

429 3734 614 3790 medio
642 3742 887 3804 tempore
933 3742 1194 3789 eventura
1244 3742 1373 3790 sunt
1410 3735 1703 3791 divinant:
1735 3736 1836 3806 ipsi
1878 3750 2008 3791 vero

431 3839 558 3883 Cum
585 3824 696 3897 jam
725 3826 796 3882 ab
828 3826 944 3897 ipsa
965 3826 1247 3897 prophetia
1274 3842 1448 3897 usque
1470 3827 1535 3881 ad
1559 3842 1662 3884 nos
1692 3842 1860 3898 prope
1887 3827 2009 3881 mil-

425 3916 653 3981 lesimus
679 3926 873 3987 agatur
892 3933 1092 3981 annus,
1123 3919 1260 3988 nihil
1285 3934 1476 3974 eorum
1508 3935 1630 3989 qtue
1654 3920 1858 3990 scripta
1881 3928 2008 3975 sunt

427 4009 631 4066 factum
655 4026 776 4066 esse
809 4011 1211 4077 demonstrant,
1250 4013 1470 4067 tametsi
1515 4014 1759 4082 ipsorum
1795 4012 2004 4076 unctio,

422 4109 486 4159 ut
545 4102 790 4157 divinum
847 4103 1173 4173 praedixerat
1222 4104 1529 4169 oraculum,
1573 4103 1751 4158 deleta
1808 4112 1912 4168 est,
1955 4114 2009 4159 et

2114 3370 2242 3441 περὶ
2272 3368 2378 3421 τῶν
2421 3367 2860 3422 πεπιστευκότων
2903 3366 3073 3420 ἐθνῶν
3106 3368 3187 3430 είς
3219 3364 3309 3419 τὸν
3342 3361 3573 3436 Χριστὸν
3594 3360 3682 3416 τοῦ

2112 3459 2247 3514 Θεοῦ
2293 3460 2460 3515 πάλαι
2498 3460 2764 3532 πρότερον
2806 3458 3013 3532 εἴρητο⁹
3070 3477 3088 3509 ι
3125 3453 3220 3522 Οἷς
3273 3457 3373 3516 οὐκ
3414 3453 3687 3528 ἀνηγγέλη

2114 3552 2246 3623 περὶ
2301 3549 2468 3605 αὐτοῦ
2493 3591 2508 3615 ,
2558 3549 2811 3620 ὄψονται,
2866 3550 2959 3603 καὶ
3001 3550 3051 3603 οἳ
3095 3549 3195 3602 οὐκ
3233 3547 3524 3618 ἀκηκόασι,
3571 3562 3693 3598 συν-

2111 3646 2327 3717 ήσουσι,
2359 3648 2424 3718 τῇ
2458 3644 2622 3698 αὐτοῦ
2653 3646 2834 3717 χάριτι
2860 3645 3033 3715 καὶτῇ
3062 3643 3156 3696 τοῦ
3181 3642 3497 3713 πέμψαντος
3531 3637 3693 3693 αὑτὸν

2108 3740 2381 3811 Πατέρος,
2410 3757 2430 3791 ι
2466 3741 2629 3810 ἡμεῖς
2656 3757 2714 3791 τε
2748 3738 2891 3793 κατὰ
2917 3738 2976 3792 τὸ
2999 3736 3222 3790 δυνατὸν
3253 3737 3322 3790 τὰ
3342 3736 3581 3803 φανέντα
3612 3734 3695 3794 εἰς

2106 3832 2232 3895 τοὺς
2262 3832 2460 3895 τόπους
2494 3832 2816 3903 εἰρήκαμεν,
2847 3830 2942 3885 καὶ
2968 3829 3038 3883 τὰ
3064 3828 3142 3900 τῷ
3178 3828 3283 3899 πρὸ
3311 3827 3468 3898 ἡμῶν
3506 3827 3694 3896 Ἀφρι-

2108 3922 2256 3994 κανῷ
2299 3924 2657 3995 εὐγνωμόνως
2699 3924 2925 3991 δόξαντα
2975 3920 3404 3993 παρεθήκαμεν,
3457 3918 3692 3989 ἐχόμενα

2105 4016 2199 4068 καὶ
2259 4014 2399 4070 αὐτὰ
2447 4014 2732 4086 ἀκριϐείας
2757 4031 2770 4045 ⁸
2830 4013 2951 4067 ὅθεν
3002 4013 3099 4067 καὶ
3144 4013 3331 4075 αὐτοῖς
3378 4011 3454 4074 ὡς
3508 4008 3689 4070 καλῶς

2106 4104 2287 4175 ἔχουσι
2324 4106 2611 4178 χρηστέον.

424 4205 675 4251 sanctum
706 4199 1021 4253 eorunnlem
1047 4214 1157 4253 una
1177 4213 1301 4253 cum
1330 4176 1610 4270 prioribus
1674 4199 1871 4255 incolis
1926 4199 2284 4271 disperditum
2316 4211 2481 4272 atque
2513 4202 2760 4258 excisum
2801 4189 2857 4256 in
2895 4200 3103 4255 diluvio
3130 4199 3256 4255 belli
3295 4191 3562 4252 contracti
3600 4191 3685 4242 in-

421 4291 852 4357 ternecionibus,
875 4298 930 4346 et
958 4291 1014 4346 in
1037 4306 1102 4347 eo
1129 4292 1249 4348 loco
1278 4293 1456 4347 adhuc
1475 4294 1742 4359 cernitur,
1770 4293 1824 4348 id
1852 4294 1997 4365 quod
2057 4295 2302 4350 omnium
2367 4297 2785 4351 admirationem
2818 4302 3077 4365 superat:
3105 4293 3229 4348 dico
3260 4298 3440 4345 autem
3476 4285 3685 4342 abomi-

421 4382 699 4438 nationem
717 4383 1071 4441 desolationis
1093 4383 1272 4439 adhuc
1294 4391 1440 4441 stare
1465 4399 1532 4440 eo
1556 4384 1611 4439 in
1638 4385 1760 4440 loco
1787 4386 1882 4456 qui
1911 4394 2071 4442 antea
2093 4395 2321 4444 sanctus
2339 4396 2480 4455 erat,
2500 4403 2609 4459 qua
2639 4389 2706 4444 de
2722 4403 2781 4443 re
2801 4387 2966 4443 etiam
3022 4385 3273 4439 Salvator
3297 4399 3362 4439 ac
3418 4381 3682 4438 Dominus

419 4482 611 4530 noster
646 4475 892 4546 exposita
940 4492 1116 4548 nuper
1173 4477 1337 4533 verba
1383 4477 1709 4535 enuntiavit.
1740 4477 1871 4544 Qua
1899 4479 2117 4550 quidem
2146 4495 2236 4537 res
2260 4496 2384 4535 cum
2445 4480 2766 4550 planissime
2797 4480 2901 4536 sub
2929 4480 3120 4534 oculos
3143 4478 3300 4533 nobis
3355 4476 3519 4549 404
3548 4476 3683 4532 sub-

415 4568 575 4641 jectae
595 4568 727 4633 sint,
756 4576 920 4640 atque
948 4571 1112 4629 etiam
1139 4586 1288 4627 nunc
1313 4579 1628 4637 cernantur,
1658 4569 1875 4627 Iudaeos
1904 4571 2164 4628 admirari
2189 4588 2368 4644 opera:
2399 4574 2634 4643 pretium
2662 4581 2768 4637 est,
2802 4588 2911 4627 non
2946 4581 3054 4626 tam
3115 4571 3262 4642 quod
3325 4572 3591 4627 adversus
3618 4586 3683 4625 ea

419 4680 542 4739 qua:
561 4665 636 4720 ita
652 4667 941 4738 perspicua
963 4675 1091 4723 sunt
1110 4667 1392 4731 intendere
1417 4668 1606 4725 Oculos
1627 4669 1883 4734 audeant,
1937 4685 2100 4741 quam
2131 4672 2278 4742 quod
2338 4672 2411 4725 ita
2434 4672 2690 4741 caligent,
2726 4684 3026 4740 eorumque
3063 4685 3221 4725 mens
3258 4669 3333 4724 ita
3374 4670 3684 4724 involvatur

417 4761 683 4827 tenebris,
710 4768 770 4818 ut
797 4778 908 4818 non
936 4763 1159 4821 videant
1186 4780 1272 4830 ea,
1297 4779 1416 4835 quae
1441 4775 1549 4818 tam
1580 4767 1727 4820 clara
1755 4777 1976 4838 tamque
2012 4768 2283 4824 evidentia
2314 4776 2443 4824 sunt
2492 4768 2800 4831 divinarum
2860 4765 3273 4837 Scripturarum
3299 4777 3512 4832 eventa,
3535 4763 3682 4836 quod

418 4857 639 4930 quidem
687 4857 770 4913 eis
818 4859 1118 4917 secundum
1164 4859 1312 4915 illam
1345 4859 1500 4923 Isaiae
1530 4875 1743 4929 vocem,
1773 4877 1896 4933 qua:
1934 4862 1989 4917 in
2028 4863 2131 4917 hoc
2154 4877 2371 4932 quoque
2400 4862 2666 4917 adversus
2695 4861 2819 4915 illos
2873 4860 3143 4929 completa
3204 4870 3308 4921 est,
3337 4859 3557 4923 accidit,
3586 4856 3679 4913 ubi

416 4951 591 5005 utitur
627 4950 735 5006 illis
760 4952 941 5009 verbis
975 4972 988 5004 :
1027 4971 1046 5004 ι
1088 4952 1293 5008 Auditu
1322 4952 1592 5023 audietis,
1624 4963 1678 5008 et
1747 4970 1855 5010 non
1897 4955 2210 5025 intelligetis
2247 4974 2259 5009 :
2293 4962 2348 5009 et
2383 4954 2658 5018 intuentes
2727 4952 3097 5016 intuebimini,
3146 4958 3201 5006 et
3231 4965 3340 5005 non
3383 4950 3679 5015 videbitis;

414 5061 665 5104 crassum
700 5050 845 5104 enim
880 5049 1083 5105 factum
1113 5059 1197 5106 est
1231 5066 1329 5106 cor
1362 5050 1548 5121 populi
1576 5050 1741 5120 hujus
1775 5070 1787 5106 :
1837 5058 1892 5107 et
1936 5052 2166 5108 auribus
2213 5051 2330 5105 suis
2369 5050 2608 5121 graviter
2670 5050 2985 5111 audierunt,
3017 5055 3072 5103 et
3102 5047 3294 5102 oculos
3361 5060 3494 5101 suos
3530 5046 3686 5099 clau-

413 5148 627 5205 serunt,
660 5158 729 5198 ne
773 5142 994 5214 quando
1040 5142 1260 5199 videant
1298 5144 1497 5210 oculis,
1532 5153 1588 5201 et
1632 5145 1861 5201 auribus
1893 5144 2140 5210 audiant,
2170 5153 2225 5199 et
2254 5145 2421 5200 corde
2484 5142 2814 5214 intelligant,
2848 5148 2904 5197 et
2964 5147 3377 5204 convertantur,
3413 5149 3468 5195 et
3490 5152 3679 5197 senem

413 5252 508 5292 eos
538 5236 641 5293 η.»
688 5236 793 5294 Sed
828 5239 1084 5311 quoniam
1115 5238 1183 5295 de
1212 5241 1466 5311 gentibus
1493 5256 1615 5311 qum
1644 5241 1699 5296 in
1731 5240 1891 5296 ﬁdem
1929 5238 2137 5296 Christi
2162 5240 2257 5296 Dei
2287 5227 2558 5296 venerunt
2591 5239 2721 5294 olim
2785 5238 2940 5308 prius
2970 5236 3176 5291 dictum
3241 5235 3456 5292 fuerat:
3491 5253 3511 5293 ι
3548 5233 3684 5301 Qui-

413 5331 518 5387 bus
552 5333 865 5388 nuntiatum
900 5350 1007 5388 non
1036 5342 1120 5389 est
1154 5333 1221 5388 de
1249 5334 1364 5398 illo,
1397 5336 1434 5390 ii
1461 5335 1747 5394 videbunt.
1783 5340 1838 5402 et
1859 5333 1953 5403 qui
1979 5347 2089 5387 non
2145 5332 2458 5397 audierunt,
2484 5332 2519 5386 ii
2563 5331 2865 5403 intelligent
2884 5332 2953 5397 ⁸⁸,
2993 5351 3012 5384 ι
3057 5348 3158 5389 nos
3188 5332 3317 5388 item
3343 5329 3492 5385 illius
3518 5337 3683 5397 atque

412 5420 555 5490 ejus,
588 5425 680 5492 qui
710 5424 860 5480 misit
891 5423 1067 5489 illum,
1094 5423 1273 5481 Patris
1298 5425 1591 5489 beneﬁcio,
1624 5440 1722 5496 pro
1757 5424 1987 5487 viribus,
2027 5437 2150 5493 quae
2188 5424 2304 5487 visa
2347 5430 2477 5479 sunt
2541 5423 2771 5480 dicenda
2801 5424 2859 5480 in
2925 5423 3026 5479 hos
3068 5423 3220 5479 locos
3258 5423 3371 5494 jam
3419 5420 3681 5485 diximus,

415 5526 628 5568 necnon
671 5528 793 5583 quze
836 5513 1095 5569 Africano
1157 5515 1458 5585 superioris
1484 5516 1664 5571 aetatis
1712 5515 1833 5568 viro
1900 5521 2031 5583 sunt
2066 5515 2203 5578 visa,
2245 5514 2323 5568 illi
2366 5514 2470 5594 ipsi
2501 5526 2723 5588 accepta
2772 5515 3074 5572 referentes
3142 5514 3521 5586 apposuimus,
3562 5525 3687 5585 qua

412 5609 532 5678 ipsa
583 5621 801 5676 quoque
846 5606 1132 5678 diligenter
1183 5615 1346 5679 atque
1390 5615 1645 5664 accurate
1687 5606 1990 5678 excogitata
2032 5616 2161 5663 sunt
2197 5624 2209 5659 :
2244 5624 2413 5682 quare
2436 5611 2544 5668 illis
2574 5618 2631 5666 ut
2665 5611 2802 5667 bene
2836 5609 3074 5667 inventis
3096 5608 3505 5666 eritutendum.

488 5795 534 5827 "
569 5793 703 5853 Luc.
738 5814 826 5854 XXI
852 5839 866 5863 ,
901 5800 990 5855 9.0.
1067 5803 1111 5836 9³
1153 5802 1254 5858 lsa.
1293 5820 1378 5870 vr,
1419 5805 1502 5861 10.
1583 5804 1627 5837 ³³
1667 5801 1826 5860 Rom.
1862 5820 1963 5874 xv,
1993 5805 2085 5864 21.
