4098 6426
371 428 475 483 655

1272 405 1927 469 DEMONSTRATIONIS
1957 401 2418 460 EVANGELICIE
2456 399 2587 456 LIB.
2628 399 2766 454 Vlll.

3518 394 3621 448 1554

380 542 518 599 Ἀπὸ
580 536 684 594 τοῦ
737 528 1317 605 Μιχαία-Σημεῖα
1364 527 1618 651 ἐφόνων
1674 521 1782 591 τῆς
1834 520 1940 575 τοῦ

447 612 661 651 κυρίην
697 611 786 651 ειη
827 602 1174 651 ἀνθρώπουο
1215 599 1364 651 acadd
1402 616 1473 651 ου
1516 593 1657 648 τάδε
1697 593 1945 647 ἔσεσθαι

2059 516 2088 570 Δ
2111 514 2167 569 Μ
2173 514 2359 569 ichwa.
2378 543 2444 554 —
2465 511 2633 582 Signa
2655 513 2764 564 Iure
2794 520 3083 579 temporum
3106 505 3385 561 descensus
3410 502 3624 560 Domini

2119 586 2187 639 ad
2216 586 2449 639 homines
2500 583 2685 651 futura
2713 582 2855 634 canit
2911 577 3185 651 propheta,
3205 584 3504 651 _ex_tre_mum
3545 578 3623 631 ri-

444 593 661 682 Κορέου
683 611 786 682 ἐις
818 593 1193 682 ’ἂνθρώρξουξ
1215 593 1473 682 καθόδου
1516 593 1657 682 τάδε
1697 593 1945 682 ἕςξσθμι

443 660 810 752 δ’ξῷοςρήτῆς
843 660 1507 752 ’θεᾶπίζειίκαθᾳίρξσιν
1531 661 1800 752 παντελῆ
1829 660 1947 741 τῶς

442 736 944 823 παρὰ”1ορδῖιίοις
973 740 1230 823 (ξε-μνῶν,
1264 736 1813 823 ἐθνῶνιέἰπίτγωσιζ
1837 736 1946 810 τοῦ

819 800 1151 892 πρόφήίαις
1169 800 1744 892 ,καταηςλλρέὶέῖου
1771 800 1941 865 Θεοῦ,

722 874 1072 955 βαθῦτᾶτήν
1100 874 1485 935 ,πάντωντῶν
1515 874 1725 933 ἐθνῶν.

450 1029 470 1062 ι
492 1005 804 1066 ’Δκούσατε,
849 997 969 1053 λαοὶ
1016 995 1217 1058 πάντες
1240 1034 1255 1059 ,
1307 993 1401 1046 καὶ
1439 989 1752 1064 προσεχέτω
1783 990 1818 1059 ἡ
1848 986 1945 1057 γῆ.

374 1101 468 1156 καὶ
510 1097 711 1157 πάντες
758 1092 809 1144 οἱ
844 1090 902 1142 ὲν
936 1088 1098 1157 αὑτῇ,
1132 1083 1227 1138 καὶ
1270 1082 1420 1136 ἔσται
1446 1079 1649 1152 Κύριος
1700 1079 1828 1147 ὑμῖν
1870 1077 1948 1139 εἰς

377 1188 695 1265 μαρτύριον,
725 1183 929 1254 Κύριος
962 1177 1021 1245 ἐξ
1052 1178 1207 1231 οἴκου
1235 1173 1390 1243 ἁγίου
1434 1169 1598 1226 αὑτοῦ
1618 1188 1631 1201 ·
1669 1168 1801 1223 δίοτι
1841 1166 1948 1221 ἰδοὺ

375 1260 576 1354 Κύριος
615 1273 1006 1347 ὲκπορεύσεται
1052 1271 1118 1322 ἐκ
1163 1266 1254 1321 τοῦ
1294 1265 1461 1318 τόπου
1495 1262 1683 1329 αὑτοῦ,
1717 1260 1812 1354 καὶ
1849 1276 1938 1312 κα-

370 1333 685 1448 ταθήσεται,
736 1333 831 1422 καὶ
884 1362 1215 1420 ὲπικείσεται
1270 1360 1362 1412 ἐπὶ
1403 1356 1472 1410 τὰ
1527 1354 1633 1426 ὕψη
1825 1351 1944 1421 γῆς,

372 1446 918 1534 Καὶήσαλευθήσεται
969 1446 1046 1511 τά’
1077 1455 1176 1526 ὅρη
1218 1449 1565 1507 ὑποκάτωθεν
1632 1446 1820 1508 αὑτοῦ,
1858 1447 1954 1500 καὶ

371 1565 427 1618 αἱ
484 1557 729 1620 κοιλάδες
777 1553 1105 1624 τακήσονται
1159 1547 1236 1611 ὡς
1288 1545 1459 1617 κηρὸς
1507 1542 1615 1597 ἀπὸ
1657 1538 1947 1613 προσώπου

375 1654 571 1724 πυρὸς,
616 1648 711 1704 καὶ
751 1646 826 1711 ὡς
868 1645 1011 1716 ὕδωρ
1054 1638 1499 1710 καταφερόμενον
1541 1636 1598 1688 ὲν
1631 1631 1949 1687 καταϐάσει.

374 1722 469 1800 Διί
490 1742 743 1799 ἀσέϐειαν
790 1734 993 1809 Ἰακὼϐ,
1014 1733 1191 1788 πάντα
1225 1728 1417 1792 ταῦτα,
1449 1728 1543 1780 καὶ
1581 1726 1647 1779 δι’
1682 1722 1954 1796 ἁμαρτίαν

373 1843 522 1897 οἴκου
555 1837 789 1911 Ἰσραήλ.
816 1856 835 1888 ι
856 1829 987 1888 Εἶτα
1022 1829 1139 1902 μεθ’
1167 1828 1331 1898 ἕτερα
1358 1824 1582 1878 πλεῖστα
1613 1820 1813 1893 μεταξὺ
1836 1821 1954 1874 ἐπι·

378 1934 635 1988 συνάπτει
669 1931 841 1999 λέγων
861 1945 874 1958 ·
904 1945 923 1977 ι
946 1919 1321 1990 ’Δκούσατεεδὴ
1354 1917 1525 1971 ταῦτα
1544 1955 1557 1977 ,
1585 1918 1634 1969 οἱ
1664 1913 1954 1986 ⁴ἡγούμενοι

375 2028 524 2080 οἴκου
583 2020 796 2086 Ἰακὼϐ,
844 2018 939 2073 καὶ
981 2018 1030 2069 οἱ
1073 2012 1389 2068 κατάλοιποι
1432 2009 1581 2062 οἴκου
1632 2004 1864 2077 Ἰσραὴλ,
1905 2006 1954 2057 οἱ

379 2114 790 2190 βδελυσσόμενοι
833 2114 1030 2182 κρῖμα,
1075 2107 1168 2162 καὶ
1214 2106 1391 2158 πάντα
1428 2101 1497 2155 τὰ
1537 2100 1672 2173 ὀρθὰ
1708 2096 1958 2169 διαστρέ-

375 2227 585 2281 φοντες,
626 2208 675 2261 οἱ
703 2202 1111 2276 οἰκοδομοῦντες
1136 2197 1275 2252 Σιὼν
1307 2200 1364 2251 ὲν
1392 2195 1609 2265 αἵμασι,
1634 2192 1730 2245 κα)⁸
1762 2192 1957 2260 Ἰερου-

377 2279 558 2375 σαλὴμ
579 2303 637 2356 ὲν
676 2298 929 2361 ἀδικίαις.
965 2296 1029 2349 Οἱ
1067 2291 1362 2364 ἡγούμενοι
1393 2288 1563 2357 αὐτῆς
1595 2279 1956 2375 δώρων

377 2369 611 2466 ἔκρινον,
665 2388 761 2442 καὶ
796 2387 845 2440 οἱ
888 2386 1048 2455 ἱερεῖς
1090 2381 1263 2450 αὐτῆς
1310 2376 1449 2449 μετὰ
1490 2372 1679 2447 μισθοῦ
1731 2369 1931 2442 ἀπεκρί

376 2501 548 2548 νοντο,
590 2481 683 2534 καὶ
729 2480 776 2532 οἱ
808 2475 1088 2547 προφῆται
1125 2471 1295 2542 αὑτῆς
1330 2468 1468 2540 μετὰ
1493 2465 1754 2539 ἀργυρίου
1791 2465 1959 2534 ὲμανυ

376 2566 615 2637 τεύόντο,
645 2571 738 2625 καὶ
760 2570 853 2623 ἐπὶ
876 2569 966 2622 τὸν
1000 2567 1203 2638 Κύριον
1226 2559 1656 2622 ὲπανεπαύοντο,
1672 2557 1922 2626 λέγοντες
1940 2571 1953 2585 ·

377 2668 512 2738 υὺχὶ
549 2663 755 2736 Κύριος
786 2664 843 2715 ὲν
878 2662 1012 2731 ἡμῖν
1043 2660 1225 2724 ὲστινς
1259 2654 1318 2707 οὑ
1354 2651 1428 2723 μὴ
1462 2649 1663 2723 ἐπέλθῃ
1698 2648 1784 2717 ἐφ’
1812 2647 1960 2738 ἠμᾷς

379 2734 543 2820 κακά.
573 2734 671 2806 Διά
701 2750 859 2805 τοῦτο
887 2748 954 2802 δι’
985 2749 1130 2819 ὑμᾶς
1161 2744 1305 2800 Σιὼν
1340 2742 1416 2807 ὡς
1446 2740 1612 2812 ἀγρὸς
1636 2734 1960 2811 ἀροτριαθή-

380 2865 550 2918 σεται,
580 2844 676 2907 καὶ⁸
719 2840 1072 2916 Ἰερουσαλὴμ
1086 2839 1163 2903 ὡς
1185 2834 1631 2908 ὀπωροφυλάκιον
1663 2830 1836 2891 ἔσται,
1865 2826 1959 2880 καὶ

379 2940 437 2993 τὸ
467 2939 592 3014 ὅρος
622 2935 717 2994 τοῦ
748 2935 897 2989 οἴκου
918 2933 1123 3005 Κυρίου
1150 2932 1230 2994 είς
1254 2929 1413 2991 ἄλσος
1438 2923 1643 2999 δρυμοῦ
1660 2940 1673 2953 ·
1693 2922 1786 2977 καὶ
1805 2920 1957 2972 ἔσται

380 3034 466 3086 ἐπ’
505 3030 749 3100 ἐσχάτων
780 3027 888 3082 τῶν
923 3023 1147 3097 ἡμερῶν
1186 3021 1427 3095 ἐμφανὲς
1461 3019 1521 3072 τὸ
1559 3018 1684 3089 ὅρος
1725 3014 1954 3086 Κυρίου,

376 3121 592 3193 ἕτοιμον
624 3118 715 3172 ἐπὶ
741 3116 838 3181 τὰς
860 3113 1106 3188 κορυφὰς
1127 3111 1233 3166 τῶν
1256 3111 1448 3182 ὀρέων,
1472 3107 1566 3160 καὶ
1592 3101 1959 3193 μετεωρισθή-

380 3229 532 3265 σεται
564 3206 818 3280 ὑπεράνω
840 3204 946 3259 τῶν
980 3202 1206 3275 βουνῶν,
1231 3201 1326 3261 καὶ
1351 3196 1677 3252 σπεύσουσιν
1712 3194 1803 3247 ἐπὶ
1824 3191 1958 3245 αὑτὸ
1983 3234 2027 3293 c

376 3302 497 3357 λαοὶ
523 3342 539 3368 ,
588 3302 683 3355 καὶ
739 3297 1099 3369 πορεύσονται
1154 3293 1279 3368 ἔθνη
1335 3289 1541 3354 πολλὰ,
1592 3287 1688 3341 καὶ
1732 3283 1951 3357 ὲροῦσιο

379 3395 560 3459 Δεῦτε,
580 3392 669 3447 καὶ
705 3390 994 3462 ἀναὸὦμεν
1023 3390 1101 3451 εἰς
1136 3387 1195 3440 τὸ
1225 3385 1350 3457 ὅρος
1383 3382 1611 3455 Κυρίου,
1634 3378 1726 3433 καὶ
1759 3379 1837 3440 είς
1866 3376 1957 3429 τὸν

380 3483 525 3541 οἷκον
554 3484 648 3539 τοῦ
687 3482 822 3538 Θεοῦ
862 3479 1053 3536 Ἰακώϐ
1075 3496 1087 3512 ·
1123 3480 1217 3533 καὶ
1249 3476 1513 3541 δείξουσιν
1543 3474 1678 3544 ἡμῖν
1708 3471 1806 3541 τὴν
1839 3468 1958 3522 όδὺν

381 3576 575 3643 αὑτοῦ,
613 3577 708 3630 καὶ
750 3571 1128 3646 πορευσόμεθα
1164 3572 1221 3623 ὲν
1259 3572 1379 3633 ταῖς
1410 3566 1616 3639 τρίϐοις
1654 3561 1817 3617 αὑτοῦ
1843 3578 1856 3591 ·
1893 3562 1957 3612 ὲκ

379 3671 489 3743 γὰρ
546 3668 684 3724 Σιὼν
724 3667 1067 3732 ἐξελεύσεται
1119 3664 1320 3735 νόμος,
1376 3662 1470 3716 καὶ
1520 3660 1691 3726 Λόγος
1752 3654 1956 3725 Κυρίου

381 3763 441 3830 ἐξ
464 3760 838 3835 Ἰερουσαλήμ.
869 3757 981 3812 Καὶ
1007 3758 1184 3829 κρινεῖ
1213 3753 1317 3809 ἀνὰ
1342 3752 1504 3825 μέσον
1536 3748 1745 3804 πολλῶν
1768 3745 1955 3807 ἐθνῶν,

381 3857 475 3910 καὶ
520 3852 727 3924 ἐλέγξει
767 3851 895 3922 ἔθνη
928 3848 1122 3921 ἰσχυρὰ
1157 3848 1262 3909 ἓως
1300 3847 1379 3908 είς
1422 3844 1527 3914 γῆν
1568 3839 1804 3913 μακράν.
1850 3837 1959 3890 Καὶ

383 3948 710 4017 συγκόφουσι
741 3943 840 4008 τάς
869 3940 1140 4013 μαχαίρας
1173 3936 1353 3992 αὑτῶν
1385 3938 1463 3998 εἰς
1493 3935 1698 4005 ἄροτρα
1719 3973 1735 3997 ,
1765 3930 1858 3984 καὶ
1889 3928 1958 3981 τά
2025 3999 2027 4002 γ

378 4039 578 4111 δόρατα
605 4033 783 4090 αὐτῶν
817 4035 898 4095 είς
935 4032 1206 4105 δρέπανα·
1230 4028 1324 4083 καὶ
1348 4028 1409 4082 οὑ
1449 4025 1677 4097 λήψεται
1709 4022 1790 4075 ἔτι
1811 4020 1958 4083 ἔθνος

381 4132 467 4185 ἐπ’
493 4128 644 4193 ἔθνος
673 4127 969 4200 μάχαιραν,
1001 4124 1097 4178 καὶ
1129 4123 1190 4176 οὑ
1219 4121 1293 4194 μὴ
1323 4119 1564 4191 μάθωσιν
1585 4116 1665 4169 ἔτι
1682 4114 1954 4184 πολεμεῖν.

379 4222 489 4278 Καὶ
514 4219 890 4277 ἀναπαύσεται
915 4215 1145 4278 ἕκαστος
1176 4212 1433 4267 ὑποκάτω
1467 4209 1567 4279 τῆς
1593 4205 1837 4277 ἀμπέλου
1862 4203 1960 4255 αὑ-

379 4314 497 4379 τοῦ,
539 4315 633 4369 καὶ
687 4309 946 4367 ὑποκάτω
991 4307 1164 4377 συκῆς
1212 4302 1398 4359 αὑτοῦ.
1437 4300 1549 4353 Καὶ
1596 4297 1697 4351 οὐκ
1748 4294 1897 4348 ἔσται
1930 4293 1959 4344 ό

381 4406 629 4477 ἐκφοϐῶν
656 4401 851 4467 αὐτούς
866 4419 880 4435 ο
910 4401 992 4455 ὅτι
1013 4399 1073 4454 τὸ
1100 4398 1274 4470 στόμα
1298 4392 1503 4466 Κυρίου
1521 4386 1960 4459 παντοκράτορος

383 4498 614 4570 ἐλάλησε
645 4496 835 4552 ταῦτα.
874 4514 894 4545 ι
931 4492 1071 4563 Ἤδη
1103 4488 1485 4561 καὶπρότερον
1515 4481 1688 4537 ταῦτα
1717 4480 1850 4551 ἡμῖν
1880 4477 1959 4570 είς

2119 586 2187 639 ad
2216 586 2449 639 homines
2500 577 2685 652 futura
2713 582 2855 634 canit
2899 577 3185 652 propheta,
3204 584 3504 652 _ex_tre_mum
3545 578 3623 631 ri-

2120 665 2267 709 tuum
2299 664 2455 724 atque
2481 644 2870 724 institutorum,
2905 644 3055 724 gms
3073 646 3213 717 apud
3250 644 3470 724 Iudices
3501 662 3622 724 cum

2119 716 2451 781 veneratione
2503 722 2868 787 servabantur,
2898 716 3170 773 interitum
3217 717 3483 785 agnitione
3504 716 3619 783 ejus

2121 797 2221 851 Dei
2243 797 2333 867 qui
2364 812 2396 847 a
2416 794 2683 867 prophetis
2704 805 2959 867 venturus
2979 787 3412 853 denuntiabatur,
3440 801 3621 848 pacem

2119 861 2352 921 omnium
2373 865 2605 935 gentium
2632 861 3122 932 profundissimam.

2126 1003 2147 1037 ι
2186 983 2400 1047 Audite,
2434 982 2619 1052 populi
2642 996 2852 1043 omnes,
2886 989 2940 1034 et
2965 978 3210 1033 attendat
3234 983 3401 1041 terra,
3429 981 3483 1031 et
3505 990 3623 1030 om-

2050 1092 2151 1133 nes
2178 1076 2272 1146 qui
2301 1075 2359 1129 in
2387 1088 2454 1129 ea
2488 1080 2638 1137 sunt,
2673 1080 2728 1125 et
2762 1071 2867 1126 erit
2899 1069 3165 1125 Dominus
3187 1068 3343 1124 vobis
3374 1068 3622 1123 testimo-

2049 1170 2224 1232 nium,
2254 1166 2518 1222 Dominus
2542 1166 2609 1221 de
2637 1165 2800 1219 domo
2830 1169 3020 1218 sancta
3043 1177 3142 1218 sua
3169 1180 3182 1215 :
3212 1161 3469 1231 quoniam
3496 1172 3624 1214 ecce

2050 1257 2657 1328 Dominusegredietur
2691 1255 2759 1309 de
2793 1254 2914 1307 loco
2950 1268 3071 1308 suo.
3102 1251 3167 1306 Et
3208 1249 3523 1313 descendet,
3569 1256 3623 1303 et

2051 1352 2273 1407 insistet
2303 1364 2470 1419 super
2490 1346 2809 1402 altitudines
2832 1355 3009 1400 terrae.
3040 1343 3108 1396 Et
3136 1342 3625 1397 commovebuntur

2054 1452 2265 1499 montes
2290 1442 2480 1497 subter
2507 1455 2573 1494 eo
2607 1458 2618 1492 :
2651 1447 2707 1494 et
2728 1437 2901 1493 valles
2940 1436 3243 1505 liquescent
3264 1435 3406 1489 sicut
3434 1447 3561 1487 cera
3592 1445 3624 1485 a

2054 1530 2193 1587 facie
2226 1531 2390 1602 ignis,
2447 1539 2501 1586 et
2525 1530 2669 1584 sicut
2694 1544 2834 1598 aqua
2862 1542 2983 1598 quae
3014 1526 3255 1582 defertur
3283 1525 3338 1580 in
3362 1540 3622 1595 praeceps.

2053 1623 2218 1697 5.05
2243 1623 2474 1693 Propter
2500 1622 2831 1691 impietatem
2857 1618 3026 1674 Jacob
3055 1617 3241 1673 omnia
3262 1618 3397 1679 base,
3423 1624 3477 1672 et
3508 1630 3629 1686 pro-

2055 1727 2175 1789 pter
2204 1726 2488 1788 peccatum
2536 1715 2732 1771 domus
2782 1713 2948 1769 Israel
2973 1713 3042 1768 ”.
3086 1732 3105 1765 ι
3139 1711 3344 1767 Deinde
3368 1721 3491 1781 post
3523 1710 3628 1764 alia

2057 1813 2292 1882 plurima
2318 1825 2438 1880 qua:
2470 1809 2525 1863 in
2556 1806 2736 1862 medio
2773 1807 3024 1870 collocat,
3058 1808 3223 1862 verba
3266 1805 3383 1861 haec
3432 1804 3630 1875 adjun-

2056 1904 2133 1975 git
2168 1921 2182 1957 :
2222 1920 2241 1953 ι
2278 1901 2477 1956 Audite
2500 1901 2614 1969 jam
2645 1899 2967 1963 haec,duces
2987 1899 3183 1955 domus
3202 1898 3395 1963 Jacob,
3419 1897 3513 1968 qui
3542 1912 3631 1953 re-

2056 1997 2191 2069 liqui
2212 1998 2348 2054 estis
2367 1998 2561 2052 domus
2594 1996 2781 2057 Israel,
2803 1995 2896 2065 qui
2922 1995 3316 2049 abominamini
3339 1994 3627 2063 judicium,

2057 2100 2111 2149 et
2153 2093 2339 2147 omnia
2383 2101 2530 2145 recta
2586 2089 2920 2158 pervertitis,
2951 2087 3046 2157 qui
3074 2087 3354 2142 aediﬁcetis
3390 2086 3521 2142 Sion
3573 2088 3629 2142 in

2056 2183 2441 2255 sanguinibus,
2466 2189 2521 2235 et
2546 2177 2851 2234 Jerusalem
2877 2179 2931 2233 in
2961 2177 3268 2245 injustitiis.
3308 2175 3483 2233 Duces
3510 2178 3631 2248 ejus

2057 2291 2182 2330 cum
2216 2273 2536 2329 muneribus
2563 2270 2905 2340 judicabant,
2939 2279 2992 2325 et
3013 2269 3326 2325 sacerdotes
3356 2269 3475 2338 ejus
3505 2282 3631 2324 cum

2056 2368 2307 2424 mercede
2338 2364 2762 2435 respondebant,
2804 2370 2860 2417 et
2897 2362 3176 2432 praphetas
3212 2363 3334 2431 ejus
3369 2378 3492 2417 cum
3543 2379 3636 2418 ar-

2055 2466 2219 2530 gento
2237 2457 2574 2517 divinabant,
2600 2465 2654 2509 et
2681 2470 2848 2524 super
2873 2453 3163 2511 Dominum
3192 2455 3628 2525 requiescebant,

2057 2551 2337 2606 dicentes:
2372 2546 2563 2601 Nonne
2589 2545 2848 2601 Dominus
2875 2546 2928 2599 in
2953 2545 3115 2601 nobis
3136 2546 3256 2601 est?
3281 2561 3389 2600 non
3413 2546 3632 2601 venient

2059 2657 2224 2711 super
2255 2655 2357 2696 nos
2392 2639 2554 2692 mala.
2600 2635 2811 2691 Idcirco
2842 2644 3065 2706 propter
3102 2652 3201 2693 vos
3245 2637 3374 2691 Sion
3406 2645 3464 2691 ut
3505 2652 3634 2709 ager

2057 2730 2326 2793 arabitur,
2356 2735 2411 2783 et
2437 2725 2739 2782 Jerusalem
2787 2734 2848 2780 ut
2892 2740 3172 2789 pomorum
3222 2728 3473 2782 custodia
3503 2729 3631 2793 erit,

2056 2831 2112 2879 et
2140 2838 2301 2877 mons
2329 2820 2525 2874 domus
2550 2817 2759 2871 Domini
2793 2818 2847 2870 in
2883 2818 3066 2872 lucum
3099 2819 3265 2890 sylvas
3306 2837 3321 2875 :
3357 2826 3412 2874 et
3438 2821 3544 2875 erit
3578 2820 3634 2875 in

2057 2912 2371 2970 novissimis
2414 2911 2607 2966 diebus
2644 2907 2966 2963 manifestus
3001 2923 3161 2964 mons
3202 2907 3439 2975 Domini,
3474 2926 3634 2981 para-

2055 3013 2147 3061 tus
2199 3018 2364 3074 super
2407 3001 2642 3057 vertices
2682 2999 2985 3064 montium,
3027 3009 3082 3055 et
3129 3001 3424 3057 extolletur
3473 3018 3635 3073 super

2057 3097 2249 3162 colles,
2282 3104 2336 3151 et
2369 3094 2706 3150 festinabunt
2739 3094 2807 3147 ad
2836 3107 2960 3148 eum
2990 3094 3197 3163 populi,
3228 3104 3281 3149 et
3311 3094 3468 3150 ibunt
3498 3112 3634 3166 gen-

2057 3198 2143 3247 tes
2172 3190 2359 3245 multae
2386 3195 2441 3243 et
2467 3187 2649 3264 dicent
2673 3185 2907 3250 :Venite,
2934 3184 3296 3240 ascendamus
3321 3185 3375 3239 in
3394 3193 3633 3242 montem

2059 3282 2275 3338 Domini
2301 3288 2357 3336 et
2380 3281 2433 3334 in
2463 3280 2685 3335 domum
2718 3278 2810 3333 Dei
2835 3277 3007 3334 Jacob
3032 3299 3046 3335 :
3082 3287 3138 3333 et
3162 3279 3455 3335 ostendent
3479 3282 3636 3339 nobis

2059 3375 2201 3430 viam
2249 3373 2391 3443 ejus,
2427 3385 2482 3426 et
2527 3371 2930 3427 ambulabimus
2969 3370 3025 3424 in
3066 3370 3279 3426 semitis
3303 3371 3426 3440 ejus
3460 3391 3474 3426 :
3506 3388 3634 3427 nam

2058 3484 2125 3525 ex
2170 3467 2302 3523 Sion
2337 3467 2509 3523 exibit
2537 3466 2646 3532 lex,
2679 3475 2735 3521 et
2760 3464 3003 3522 Verbum
3053 3465 3272 3522 Domini
3313 3466 3383 3522 de
3407 3465 3635 3524 Jerusa-

2060 3562 2186 3617 lem.
2215 3560 2574 3630 Etjudicabit
2599 3560 2740 3614 inter
2774 3560 2978 3615 multas
3017 3569 3230 3631 gentes,
3256 3567 3310 3614 et
3346 3561 3637 3632 redarguet

2060 3663 2249 3726 gentes
2279 3653 2449 3709 fortes
2477 3667 2651 3722 usque
2679 3653 2743 3706 ad
2771 3659 2973 3707 terram
3002 3653 3379 3722 longinquam.
3406 3652 3473 3708 Et
3501 3670 3634 3709 cono

2059 3748 2243 3801 cident
2291 3746 2502 3815 gladios
2539 3760 2673 3800 suos
2699 3744 2755 3797 in
2785 3758 3069 3811 vomeres,
3115 3752 3167 3800 et
3198 3745 3385 3801 hastas
3418 3760 3547 3800 suas
3580 3762 3636 3801 m

2060 3838 2266 3893 falces:
2305 3846 2360 3892 et
2414 3852 2523 3891 non
2553 3835 2777 3904 arripiet
2809 3835 2953 3889 ultra
2999 3852 3135 3905 gens
3173 3844 3369 3891 contra
3422 3844 3633 3907 gentem

2060 3930 2298 3999 gladium
2332 3969 2347 3990 .
2407 3936 2463 3984 et
2508 3943 2620 3982 non
2664 3926 2880 3982 discent
2935 3928 3171 3998 amplius
3223 3928 3364 3984 bella
3426 3943 3633 3999 gerere.

2060 4019 2127 4074 Et
2171 4021 2415 4090 quiescet
2440 4020 2788 4091 unusquique
2826 4019 2928 4075 sub
2963 4019 3070 4076 vite
3102 4036 3224 4086 sua,
3272 4028 3327 4075 et
3373 4021 3477 4075 sub
3528 4020 3635 4076 ticu

2061 4127 2181 4168 sua.
2218 4112 2285 4167 Et
2323 4128 2433 4168 non
2477 4115 2581 4167 erit
2607 4113 2699 4182 qui
2743 4111 3015 4167 deterreat
3067 4127 3205 4168 eos:
3255 4114 3514 4183 quoniam
3571 4130 3635 4170 os

2061 4201 2275 4258 Domini
2305 4201 2697 4279 omnipotentis
2729 4201 2974 4256 locutum
3003 4209 3088 4256 est
3107 4201 3223 4256 haec
3248 4200 3313 4254 ⁸⁸.
3355 4221 3374 4254 ι
3406 4200 3524 4257 Jam
3546 4218 3636 4257 an-

2060 4304 2145 4351 tea
2196 4296 2311 4350 haec
2360 4310 2462 4351 suo
2511 4296 2634 4351 loco
2677 4310 2781 4351 nos
2829 4293 3200 4364 comtemplati
3248 4309 3490 4350 sumus:
3543 4295 3635 4349 ubi

2061 4388 2401 4442 ostendimus
2427 4387 2886 4458 quemadmodum
2917 4401 3027 4439 non
3041 4386 3181 4441 alias
3209 4401 3374 4455 quam
3397 4395 3520 4457 post
3548 4387 3638 4441 ad-

2061 4488 2283 4536 ventum
2321 4477 2624 4535 Salvatoris
2665 4479 2843 4535 nostri
2864 4476 2996 4534 Jesu
3026 4478 3232 4534 Christi
3257 4479 3325 4534 ad
3363 4479 3633 4543 homines,

383 4592 511 4654 τοὺς
539 4567 736 4652 τόπους
770 4584 1134 4657 τεθεώρηται·
1168 4581 1434 4635 δέδεικται
1475 4575 1533 4629 δὲ
1560 4576 1709 4637 ὅπως
1727 4570 1834 4625 οὐδ’
1868 4567 1959 4622 άλ-

2071 4584 2192 4640 qua:
2229 4570 2359 4624 olim
2408 4571 2552 4640 apud
2600 4569 2820 4625 Iudaeos
2849 4570 3166 4640 dignitatem
3202 4571 3637 4626 venerationem-

385 4682 506 4736 λοτέ
523 4699 652 4735 ποτε
682 4680 717 4752 ἢ
740 4677 848 4734 ἀπὸ
871 4656 977 4731 τῶν
994 4675 1201 4749 χρόνων
1223 4673 1315 4728 τοῦ
1343 4670 1595 4742 Σωτῆρος
1625 4665 1781 4738 ἡμῶν
1796 4659 1959 4752 Ἰησος

2065 4677 2170 4732 que
2216 4661 2509 4725 habebant,
2547 4670 2870 4732 montesque
2900 4660 3033 4717 Sion
3063 4669 3116 4717 et
3137 4659 3436 4718 Jerusalem
3474 4676 3638 4716 voca-

384 4772 619 4844 Χριστοῦ
664 4750 742 4837 είς
781 4768 1100 4843 ἀνθρώπους
1137 4764 1459 4837 ἐπιφανείας
1492 4762 1561 4816 τὰ
1595 4760 1763 4814 πάλαι
1789 4750 1965 4826 σεμνά

386 4864 495 4918 τῶν
525 4865 816 4927 Ἰουδαίων,
844 4862 946 4933 όρη
968 4860 1105 4916 Σιὼν
1124 4857 1530 4929 ὲπικαλούμενα
1559 4854 1654 4908 καὶ
1689 4852 1961 4923 Ἰερουσα-

385 4956 497 5029 λὴμ
519 4997 535 5023 ,
568 4955 640 5010 τά
682 4973 742 5009 τε
780 4955 875 5007 ἐπὶ
913 4954 1117 5008 τούτων
1154 4951 1596 5022 οἰκοδομήματα,
1628 4947 1657 5000 ό
1688 4942 1825 5006 νεὼς
1862 4940 1959 5011 δη-

385 5047 539 5117 λαδὴ,
568 5046 662 5100 καὶ
680 5045 742 5098 τὸ
765 5046 953 5113 Ἂγιον
975 5043 1083 5097 τῶν
1106 5043 1297 5112 ἁγίων,
1324 5040 1419 5094 καὶ
1452 5038 1516 5091 τὸ
1555 5034 1957 5104 θυσιαστήριον,

385 5142 479 5196 καὶ
511 5140 611 5192 ὅσα
643 5138 776 5193 ἄλλα
806 5136 991 5191 αὑτόθι
1021 5137 1100 5199 εἰς
1120 5133 1285 5207 τιμὴν
1325 5133 1574 5188 ἀνέκειτο
1603 5127 1696 5183 τοῦ
1730 5126 1862 5181 Θεοῦ
1897 5128 1964 5178 ὲκ

387 5233 552 5302 μέσου
574 5230 810 5302 ἀρθέντα
840 5229 1183 5291 σεσάλευται,
1200 5224 1507 5287 ἀκολούθως
1540 5221 1616 5292 τῷ
1631 5220 1772 5290 λόγῳ
1792 5219 1970 5289 φήσα-

381 5337 469 5377 ντι
490 5338 505 5352 ·
529 5339 549 5373 ι
597 5321 728 5374 ’1δοὺ
751 5319 954 5392 Κύριος
970 5317 1177 5390 Κύριος
1199 5316 1551 5388 ἐκπορεύεται
1583 5314 1649 5367 ὲκ
1680 5311 1772 5365 τοῦ
1807 5310 1971 5363 τόπου

381 5411 577 5476 αὑτοῦ,
610 5411 704 5465 καὶ
739 5408 1216 5482 κατοιϐίγσετιιιιὲπ)¹
1228 5407 1299 5461 τὰ
1325 5406 1435 5477 ὑψη
1457 5406 1557 5476 τῆς
1591 5404 1715 5476 γῆς,
1753 5402 1847 5456 καὶ
1878 5417 1973 5454 σα-

384 5495 738 5569 λευθήσονται
761 5498 831 5552 τὰ
861 5498 959 5570 ὅρη
983 5495 1333 5551 ὑποκάτωθεν
1369 5495 1531 5549 αὑτοῦ
1556 5535 1572 5559 ,
1606 5513 1624 5546 ι
1662 5487 1737 5549 ὧν
1770 5491 1960 5545 σαλευ-

387 5587 609 5654 θέντων,
634 5590 742 5646 τῶν
782 5592 848 5644 ἐκ
891 5588 1194 5662 περιτομῆς
1232 5589 1290 5641 αἱ
1330 5587 1533 5658 ψυχαὶ,
1570 5583 1812 5646 κοιλάδες
1849 5582 1963 5633 ὀνο-

392 5678 695 5752 μαζόμεναι
743 5680 831 5737 διὰ
874 5681 936 5736 τὸ
979 5680 1228 5736 ταπεινὸν
1277 5678 1477 5745 αὐτῶν,
1507 5676 1804 5748 παραθέσει
1855 5673 1961 5728 τῶν

463 5860 511 5893 ’⁸
550 5861 711 5919 Μίοιι.
747 5878 802 5930 ι,
831 5862 947 5917 2-5.
1025 5864 1071 5897 ⁹⁶
1112 5861 1272 5917 Mich.
1308 5875 1407 5927 ut,
1444 5857 1621 5927 9-42;
1664 5876 1745 5926 tv,
1783 5859 1892 5915 1-4.

2066 4753 2287 4816 bantur,
2319 4768 2548 4823 quaeque
2583 4754 2640 4809 in
2681 4754 2750 4810 iis
2776 4754 3008 4810 aediﬁcia
3051 4763 3227 4819 erant,
3269 4753 3528 4823 templum
3556 4754 3637 4807 vi-

2065 4843 2265 4899 delicet
2297 4842 2670 4916 Sanctumque
2691 4856 3031 4910 sanctorum,
3062 4853 3227 4916 atque
3247 4846 3440 4909 altare,
3473 4852 3636 4914 atque

2063 4937 2169 4990 alia
2187 4952 2526 5009 quascunque
2552 4938 2753 4994 ibidem
2785 4939 2841 4994 in
2857 4939 2951 4996 Dei
2973 4941 3233 4995 honorem
3252 4938 3498 4995 dedicata
3517 4937 3635 4991 fue-

2062 5036 2206 5091 rant.
2225 5028 2294 5085 de
2308 5028 2485 5085 medio
2499 5030 2712 5085 sublata
2730 5044 3104 5100 concussaque
3120 5035 3265 5090 sunt.
3286 5029 3429 5086 sicut
3450 5042 3639 5085 oracu-

2076 5125 2188 5178 lum
2236 5124 2368 5179 illud
2418 5125 2785 5194 pradixerat:
2832 5142 2853 5176 ι
2905 5123 3043 5178 Ecce
3075 5121 3338 5177 Dominus
3371 5119 3640 5178 Dominus

2072 5217 2380 5287 egredietur
2416 5217 2485 5270 de
2518 5217 2636 5270 loco
2674 5230 2796 5277 suo,
2826 5223 2880 5268 et
2924 5213 3216 5268 descendet
3242 5227 3407 5281 super
3449 5212 3638 5266 altitu-

2074 5307 2230 5362 dines
2268 5315 2456 5372 terrae,
2485 5313 2540 5360 et
2566 5305 2952 5360 concutientur
3002 5309 3215 5354 montes
3264 5301 3452 5355 subter
3487 5313 3575 5363 eo,
3614 5317 3636 5351 ›

2072 5399 2273 5469 quibus
2305 5397 2593 5452 concussis
2619 5394 2931 5450 Iudaeorum
2957 5392 3172 5456 animae,
3194 5405 3315 5459 quae
3339 5389 3510 5444 valles
3540 5404 3641 5442 no.

2074 5489 2352 5543 minantur
2380 5490 2451 5543 ob
2484 5488 2725 5559 ipsarum
2760 5483 3142 5548 humilitatem,
3172 5482 3303 5534 dum
3334 5478 3532 5550 priscis
3560 5480 3638 5535 al.

2069 5580 2395 5636 titudinibus
2439 5579 2825 5639 conferuntur,
2856 5587 3046 5629 eorum
3098 5587 3220 5644 qua:
3267 5586 3444 5642 nuper
3492 5570 3641 5628 dicta

2071 5679 2218 5736 sunt,
2252 5670 2530 5729 interitum
2561 5667 2908 5738 deplorantes
2938 5682 2957 5715 I
2999 5672 3257 5736 tanquam
3282 5679 3403 5720 cera
3434 5679 3462 5717 a
3496 5662 3638 5721 faeie
