4098 6424
408 5883 443 5935 ,Β

518 394 628 450 635

1217 393 1486 450 EUSEBII
1522 390 1999 450 CASSARIENSIS
2037 393 2187 451 OPP.
2225 391 2406 448 PARS
2441 391 2506 448 ll.
2546 422 2617 434 --
2650 390 3149 449 APOLOGETICA.

3671 391 3778 446 656

516 506 661 579 ignis
688 506 852 577 406
875 507 1203 576 liquescent,
1232 513 1285 561 et
1313 507 1471 577 quasi
1502 521 1642 578 aqua
1679 522 1800 577 quae
1841 506 2065 562 defertut

2190 505 2433 560 παλαιῶν
2488 504 2795 575 ὑψωμάτων
2845 506 2936 559 τὸν
2997 505 3106 560 τῶν
3163 502 3576 575 προειρημένων
3630 504 3779 573 ἀφα-

513 600 569 654 in
601 613 863 667 praeceps,
903 617 921 649 ι
960 609 1178 668 propter
1212 598 1616 654 multitudinem
1662 615 1850 654 eorum
1881 599 1972 670 qui
2024 601 2079 653 in

515 691 623 743 illis
652 688 894 758 quotidie
922 703 953 740 a
986 688 1303 743 melioribus
1348 690 1417 743 ad
1447 690 1718 745 deteriora
1769 690 2029 744 labuntur
2064 709 2080 746 :

511 789 565 835 et
598 780 781 834 omnia
820 780 933 833 bazc
964 780 1040 833 ait
1085 778 1266 834 futura
1297 798 1317 831 ι
1357 788 1577 851 propter
1618 780 1952 851 impietatem
1986 783 2084 837 do-

512 886 635 926 mus
681 868 871 935 Jacob,
914 878 969 925 et
1014 878 1233 940 propter
1264 882 1545 942 peccatum
1594 872 1790 928 domus
1833 871 2022 928 Israel.
2060 892 2078 925 ι

502 961 772 1027 Quasnam
812 976 943 1016 vero
977 962 1049 1015 sit
1076 960 1192 1015 haec
1234 962 1484 1031 impietas
1512 970 1567 1017 et
1601 962 1748 1033 quod
1778 971 2081 1033 peccatum,

504 1069 837 1125 progressus
885 1054 1101 1124 longius
1131 1055 1380 1126 adjungit
1414 1074 1427 1111 :
1466 1074 1485 1107 ι
1535 1055 1640 1122 Qui
1671 1056 2081 1119 abominamini,

501 1148 711 1216 inquit,
740 1147 1040 1211 judicium,
1081 1155 1137 1203 et
1178 1148 1363 1202 omnia
1409 1154 1555 1203 recta
1602 1150 1931 1218 pervertitis.
1976 1148 2082 1214 Qui

499 1239 790 1294 aediﬁcatis
851 1238 982 1293 Sion
1034 1239 1089 1293 in
1137 1238 1498 1308 sanguinibus
1536 1277 1552 1303 ,
1611 1247 1663 1294 ct
1690 1238 1991 1295 Jerusalem
2027 1239 2084 1294 in

504 1330 817 1398 injustitiis,
856 1349 875 1382 ι
913 1331 969 1384 in
998 1331 1199 1399 quibus
1237 1331 1592 1401 sunguinibus
1639 1333 1802 1386 etiam
1847 1333 1937 1385 ille
1959 1330 2081 1400 fuit,

510 1423 604 1492 qui
639 1422 748 1476 illis
786 1428 1155 1476 extremorum
1186 1422 1456 1476 malorum
1500 1421 1713 1476 initium
1749 1438 2084 1492 causamque

506 1514 774 1583 praebuit,
805 1521 1027 1582 propter
1053 1528 1214 1582 quem
1242 1513 1465 1583 impiam
1505 1514 1650 1566 illam
1676 1528 1862 1567 vocem
1892 1522 2083 1568 contra

508 1605 719 1673 seipsos
747 1602 1067 1666 emiserunt,
1102 1603 1345 1658 dicentes
1382 1622 1396 1657 :
1441 1621 1459 1653 ι
1500 1601 1735 1673 Sanguis
1764 1603 1887 1673 ejus
1917 1617 2084 1674 super

507 1711 609 1749 nos
639 1702 693 1749 et
724 1709 888 1763 super
912 1693 1052 1749 ﬁlios
1082 1702 1300 1749 nostros
1333 1694 1401 1749 ".
1442 1712 1462 1745 ι
1502 1694 1689 1763 Itaque
1718 1704 1939 1766 propter
1964 1696 2085 1766 ipSa

498 1785 642 1849 haec,
670 1784 865 1854 inquit,
902 1802 922 1835 ι
961 1784 1091 1838 Sion
1128 1785 1288 1853 quasi
1318 1799 1447 1853 ager
1472 1785 1747 1851 arabitur,
1779 1794 1834 1839 et
1861 1783 2084 1840 Jerusa-

2182 597 2371 669 νισμὸν
2410 596 2911 667 ἁπολοφυρόμεναι,
2946 615 2967 648 ι
2995 597 3072 661 ὼς
3114 596 3282 667 κηρὸς
3315 595 3423 649 ἀπὸ
3475 594 3769 667 προσώπου

2182 690 2352 761 πυρὸς
2392 689 2802 759 ὲκτακήσονται,
2831 689 2923 742 καὶ
2956 689 3031 752 ὡς
3074 687 3218 760 ὕδωρ
3243 688 3683 759 καταφερόμενον
3710 691 3770 742 ὲν

2184 782 2501 844 καταϐάσει,
2516 801 2534 832 ι
2556 781 2644 834 διὰ
2655 781 2715 833 τὸ
2737 780 2941 850 πλῆθος
2952 780 3059 832 τῶν
3072 781 3127 833 εν
3144 780 3333 843 αὑταῖς
3353 780 3461 833 ἀπὸ
3476 780 3583 833 τῶν
3599 798 3773 851 κρειτν

2182 874 2349 927 τόνων
2374 875 2467 926 ἐπὶ
2492 872 2563 926 τά
2585 873 2751 944 χείρω
2780 872 3232 926 καταπιπτόντων
3260 873 3552 944 ὁσημέραι.
3580 874 3771 928 Πάντα

2182 965 2241 1019 δὲ
2270 964 2444 1019 ταῦτά
2475 981 2637 1036 φησιν
2676 963 2894 1019 ἔσεσθαι
2928 982 2948 1014 ί
2973 964 3041 1017 δι’
3067 964 3319 1020 ἀσέϐειαν
3347 968 3496 1020 οἴκου
3537 963 3729 1020 Ἰακὼϐ
3749 1003 3766 1029 ,

2184 1057 2278 1110 καὶ
2305 1057 2372 1110 δι’
2398 1056 2670 1127 ἁμαρτίαν
2689 1055 2839 1109 οἴκου
2883 1057 3118 1129 Ἰσραήλ.
3150 1077 3169 1110 ι
3207 1055 3301 1121 Τίς
3320 1058 3364 1111 δ’
3383 1053 3450 1130 ἦν
3477 1060 3508 1128 ὴ
3543 1057 3769 1111 ἀσέϐεια

2184 1147 2275 1200 καὶ
2300 1147 2332 1216 ή
2359 1146 2620 1216 ἁμαρτία,
2650 1144 2854 1216 προῖὼν
2888 1145 3013 1216 ἑξῆς
3037 1147 3307 1217 ὲπιλέγεν
3342 1167 3362 1199 ‹
3393 1150 3455 1202 Οἱ
3486 1147 3765 1218 βδελυσσόο

2187 1254 2337 1307 μενοι
2369 1240 2542 1308 κρῖμα
2567 1277 2582 1301 ,
2616 1237 2710 1290 καὶ
2740 1238 2918 1292 πάντα
2950 1239 3018 1292 τὰ
3050 1238 3184 1310 ὀρθὰ
3219 1239 3630 1312 διαστρέφοντες
3657 1255 3671 1269 ⁸
3712 1241 3762 1293 οἱ

2183 1328 2586 1400 οἰκοδομοῦντες
2629 1329 2769 1383 Σιὼν
2792 1331 2852 1382 ἐν
2883 1331 3108 1400 αἵμασιν
3133 1372 3147 1395 ,
3179 1333 3274 1384 καὶ
3310 1331 3666 1403 Ἰερουσαλὴμ
3696 1334 3755 1385 ἐν

2183 1419 2445 1484 ἀδικίαις·
2481 1440 2500 1472 ι
2531 1423 2589 1473 ὲν
2619 1414 2701 1483 οἷς
2732 1420 2926 1490 αἵμασι
2955 1422 3173 1477 κάκεῖνο
3203 1418 3271 1493 ἦν
3291 1422 3351 1475 τὸ
3377 1422 3483 1476 τῶν
3516 1423 3762 1476 ὑστάτων

2183 1511 2369 1566 κακῶν
2401 1511 2687 1583 παραίτιον
2717 1512 2901 1575 absab;
2929 1513 3218 1582 γενόμενον
3239 1554 3253 1579 ,
3284 1514 3368 1583 ἐφ’
3397 1508 3442 1581 ᾧ
3462 1515 3558 1586 τὴν
3590 1515 3759 1586 ἀσεϐῆ

2185 1604 2369 1673 φωνὴν
2412 1605 2494 1667 εἰς
2543 1605 2769 1668 ἑαυτοὺς
2818 1606 3233 1671 ἐπεσπάσαντο,
3278 1608 3577 1677 φήσαντες”
3625 1625 3644 1658 ι
3687 1606 3762 1660 Tb

2181 1687 2318 1761 αἷμα
2347 1691 2513 1745 αὑτοῦ
2546 1693 2630 1761 ἐφ’
2656 1695 2803 1765 ἡμᾶς
2821 1732 2835 1757 ,
2859 1695 2958 1747 ,καὶ
2986 1695 3077 1747 ἐπὶ
3115 1695 3183 1748 τὰ
3215 1697 3378 1749 τέκνα
3407 1696 3584 1768 ἡμῶν.
3613 1716 3631 1747 ι
3659 1696 3752 1749 Διὸ

2183 1783 2335 1852 γοῦν,
2370 1784 2523 1854 φησὶ,
2549 1785 2688 1839 αὑτὰ
2711 1784 2901 1850 ταῦτα,
2933 1803 2957 1837 ι
2979 1786 3055 1850 ὡς
3077 1786 3244 1858 ἀγρὸς
3271 1786 3407 1841 Σιὼν
3432 1787 3760 1861 ἀροτριαθή-

502 1878 611 1932 lem
658 1877 812 1947 quasi
856 1891 1141 1946 pomorum
1175 1875 1425 1931 custodia
1474 1878 1616 1932 erit:
1658 1895 1677 1928 ι
1702 1894 1823 1948 quae
1852 1877 2065 1948 quidem

2176 1892 2347 1941 σεται,
2383 1878 2477 1930 καὶ
2521 1878 2876 1949 Ἰερουσαλὴμ
2908 1877 3470 1950 ὡςξόπωροφυλάκιον
3505 1880 3656 1934 ἔσται
3678 1898 3694 1913 ⁸
3729 1901 3750 1934 ι

498 1971 656 2023 nullo
677 1983 916 2038 unquam
940 1968 1049 2021 alio
1075 1976 1338 2038 tempore,
1359 1984 1519 2038 quam
1546 1977 1667 2039 post
1687 1970 1778 2023 illa
1803 1985 1924 2040 quae
1945 1984 2078 2024 con-

498 2069 589 2114 tra
616 2058 950 2114 Salvatorem
982 2066 1233 2114 nostrum
1289 2061 1409 2115 ausi
1442 2069 1591 2125 sunt,
1629 2076 1820 2116 verum
1858 2062 2067 2116 exitum

498 2168 780 2224 accepere.
815 2151 892 2207 Ex
924 2153 1019 2206 illo
1052 2152 1195 2207 enim
1236 2153 1303 2207 ad
1339 2154 1485 2208 hunc
1541 2168 1714 2220 usque
1758 2153 1903 2208 diem
1937 2154 2073 2209 locis

499 2246 612 2300 illis
649 2251 892 2299 extrema
937 2243 1234 2300 solitudine
1281 2245 1584 2315 occupatis,
1626 2261 1784 2299 mons
1818 2243 1950 2299 Sion
1981 2246 2073 2316 qui

490 2336 641 2405 apud
690 2336 811 2390 illos
857 2343 1016 2390 antea
1070 2335 1461 2390 celeberrimus
1491 2343 1648 2399 erat,
1677 2335 1798 2389 loco
1837 2335 2074 2405 antiquae

500 2427 648 2482 illius
682 2426 1053 2483 meditationis
1085 2435 1250 2497 atque
1285 2427 1715 2492 exercitationis,
1747 2443 1867 2497 quae
1896 2429 1951 2482 in
1979 2428 2072 2481 illo

488 2515 735 2588 vigebat,
752 2517 1207 2586 .propbeticorum
1236 2517 1657 2587 divinorumque
1690 2520 2061 2584 oraculorum,

490 2625 619 2680 quae
647 2620 806 2663 antea
839 2609 940 2664 viri
983 2608 1195 2664 Hebraei
1234 2608 1441 2681 Deique
1473 2609 1770 2666 familiares
1793 2611 2070 2682 prophetae

498 2704 921 2773 sacerdotesque
963 2712 1020 2758 et
1048 2702 1293 2773 magistri
1337 2703 1727 2772 totiusgentis
1776 2704 1833 2757 in
1878 2703 2067 2760 eodem

496 2809 694 2864 magno
720 2811 844 2850 cum
872 2794 1055 2849 studio
1069 2793 1390 2859 reddebant,
1418 2808 1515 2862 per
1540 2776 1688 2849 viros
1711 2793 1987 2852 Romanos
2012 2797 2068 2852 in

492 2889 644 2943 nulla
678 2903 739 2943 re
768 2903 800 2941 a
832 2887 1044 2957 reliqua
1086 2887 1308 2957 regione
1340 2886 1596 2941 diﬁ‘erens
1635 2895 1824 2940 aratur
1848 2895 1903 2942 ct
1932 2889 2068 2942 coli-

488 2990 604 3042 tur,
635 2988 695 3033 ut
725 2993 828 3034 nos
858 2994 1076 3048 quoque
1116 2979 1228 3049 ipsi
1262 2977 1663 3047 inspexerimus
1696 2978 1858 3033 boum
1902 2994 2066 3049 opera

494 3072 673 3126 locum
725 3079 780 3125 et
822 3070 966 3124 arari
1009 3078 1064 3125 et
1095 3070 1379 3125 seminari.
1440 3068 1561 3140 Ipsa
1590 3084 1721 3125 vero
1759 3069 2063 3127 Jerusalem

2176 1968 2319 2040 ἅπερ
2354 1970 2462 2022 οὐδ’
2497 1970 2681 2025 ἄλλοτε
2714 1969 2933 2024 πώποτε
2971 1972 3005 2043 ἦ
3045 1972 3183 2042 μετά
3235 1972 3303 2025 τά
3344 1972 3493 2026 κατὰ
3520 1972 3612 2027 τοῦ
3645 1974 3757 2027 Σω-

2171 2063 2337 2130 τῆρος
2362 2063 2394 2131 ή
2404 2059 2516 2131 μῶν
2544 2061 2923 2133 τετολμημένα
2953 2063 3128 2134 ἀληθῆ
3153 2064 3251 2135 τὴν
3275 2064 3497 2119 ἔκϐασιν
3517 2064 3749 2137 εἴληχεν.

2186 2149 2274 2213 Ἐξ
2302 2151 2509 2204 ἐκείνου
2549 2151 2657 2224 γάρ
2693 2169 2786 2205 τοι
2823 2153 2916 2206 καὶ
2939 2154 3019 2217 εἰς
3055 2152 3215 2225 δεῦρο
3254 2155 3493 2227 ἐσχάτης
3515 2156 3753 2227 ἐρημίας

2173 2241 2585 2314 καταλαϐούσης
2622 2244 2748 2307 τοὺς
2784 2244 2981 2308 τόπους
3002 2285 3016 2310 ,
3051 2245 3126 2298 τὸ.
3152 2245 3251 2315 μὲν
3299 2247 3428 2316 πρὶν
3467 2247 3750 2321 διαϐόητον

2170 2330 2349 2383 αὑτῶν
2378 2331 2514 2385 Σιὼν
2540 2332 2665 2405 ὅρος
2685 2372 2699 2399 ,
2734 2334 2854 2389 ἀντί
2884 2335 2987 2404 τῆς
3029 2335 3209 2389 πάλαιη
3239 2338 3295 2390 ἐν
3328 2337 3474 2408 αὑτῷ
3522 2338 3750 2410 μελέτης

2170 2424 2264 2476 καὶ
2292 2424 2581 2495 ἀσκήσεως
2610 2425 2720 2480 τῶν
2746 2427 3097 2498 προφητικῶν
3126 2430 3220 2482 καὶ
3254 2428 3411 2482 θείων
3444 2430 3617 2498 λόγων
3640 2472 3655 2495 ,
3676 2426 3751 2484 ὧν

2168 2518 2356 2581 παῖδες
2396 2519 2458 2571 τὺ
2505 2521 2634 2589 πρὶν
2679 2519 2948 2590 Ἐϐραίων
3004 2522 3098 2574 καὶ
3132 2521 3398 2592 Θεοφιλεῖς
3441 2524 3747 2595 προφῆται,

2169 2609 2334 2679 ἱερεῖς
2363 2627 2422 2662 τε
2456 2610 2551 2664 καὶ
2587 2609 2893 2665 διδάσκαλοι
2928 2611 3021 2665 τοῦ
3058 2612 3259 2677 παντὸς
3294 2612 3479 2677 ἔθνους
3519 2616 3577 2667 ὲν
3607 2615 3744 2685 αᾶτῇ

2166 2696 2252 2750 διὰ
2298 2699 2538 2771 σπουδῆς
2577 2698 2887 2764 ἐποιοῦντο,
2914 2700 3008 2756 διὰ
3050 2702 3336 2774 Ῥωμαίων
3377 2703 3590 2770 ἀνδρῶν
3627 2707 3745 2758 κατ’

2166 2788 2319 2842 οὐδὲν
2357 2790 2456 2861 τῆς
2489 2789 2681 2861 λοιπῆς
2706 2791 3036 2862 διαφέρουσα
3065 2792 3248 2865 χώρας
3275 2799 3597 2867 γεωργεῖται
3621 2837 3637 2861 ,
3673 2797 3752 2862 ὥς

2166 2879 2261 2935 καὶ
2294 2883 2441 2952 ἡμᾶς
2463 2882 2658 2946 αὐτοὺς
2675 2883 2973 2956 ὀφθαλμοῖς
3008 2885 3341 2958 παραλαϐεῖν
3372 2887 3552 2958 βουσὶν
3581 2891 3747 2964 ἀρούι-

2169 2989 2326 3043 μενον
2345 3013 2361 3038 ,
2392 2974 2485 3026 καὶ
2522 2976 3023 3048 κατασπειρόμενον
3051 2978 3140 3033 τὸν
3168 2978 3330 3035 τόπον
3353 2997 3368 3010 ·
3395 2983 3427 3051 ἠ
3453 2981 3511 3035 δὲ
3552 2983 3749 3054 Ἰερου-

2167 3063 2348 3135 σαλὴμ
2386 3065 2524 3137 αὑτὴ
2553 3067 2628 3131 ὡς
2662 3067 3111 3139 όπωροφυλάκιον
3138 3069 3237 3139 τῆς
3268 3072 3324 3124 ὲν
3356 3072 3492 3144 αὐτῇ
3516 3074 3746 3139 παλαιᾶς

497 3175 756 3235 tanquam
782 3180 1065 3236 pomorum
1089 3165 1359 3233 custodia,
1395 3174 1656 3236 corrupto
1682 3172 1866 3221 vetere
1890 3166 1982 3236 qui
2006 3166 2060 3219 in

2168 3155 2386 3228 ὀπώρας
2420 3157 2811 3231 διαφθαρείσης
2843 3159 3053 3228 γέγονε,
3093 3161 3291 3231 μᾶλλον
3327 3164 3384 3216 δὲ
3429 3167 3509 3228 είς
3539 3166 3742 3221 λιθολο-

494 3258 611 3325 ipsa
631 3266 749 3311 erat
778 3256 980 3321 fructu,
1011 3257 1203 3313 ell'ecta
1240 3266 1346 3321 est,
1380 3272 1444 3312 ac
1470 3258 1650 3327 potius
1676 3257 1916 3328 lapidum
1946 3258 2064 3311 col-

495 3348 677 3412 lectio,
713 3348 857 3403 sicut
879 3349 934 3403 in
964 3357 1222 3405 contextu
1251 3348 1523 3404 Hebraico
1551 3349 1766 3419 legitur.
1800 3347 1891 3403 Sic
1916 3348 2061 3404 enim

494 3433 688 3502 Aquila
719 3437 987 3490 convertit
1016 3457 1029 3491 :
1063 3456 1081 3488 ‹
1125 3435 1334 3492 Idcirco
1365 3447 1584 3508 prepter
1607 3453 1726 3503 vos,
1760 3436 1892 3492 Sion
1914 3445 2061 3493 terra

491 3524 759 3587 arabitur,
784 3534 838 3581 et
899 3528 967 3582 de
1011 3527 1313 3584 Jerusalem
1361 3530 1569 3599 lapides
1629 3532 1972 3602 colligentur.
2036 3551 2056 3585 ι

490 3617 576 3672 Ab
596 3620 835 3676 externis
871 3621 1016 3675 enim
1061 3620 1378 3677 hominibus
1416 3622 1682 3688 habitata,
1729 3623 1892 3679 hodie
1919 3640 2059 3694 quo-

482 3726 596 3781 que
631 3710 835 3781 lapides
862 3712 1166 3783 legentibus
1211 3715 1434 3784 praebet,
1464 3730 1591 3770 cum
1625 3731 1817 3771 omnes
1838 3716 1930 3788 qui
1956 3732 2059 3771 no-

491 3801 622 3856 stris
653 3800 988 3870 temporibus
1032 3816 1151 3857 eam
1183 3802 1375 3858 urbem
1416 3804 1683 3869 incolunt,
1712 3807 1887 3860 ruina:
1912 3807 2060 3863 illius

488 3888 697 3958 lapides
725 3890 981 3959 colligant
1014 3897 1122 3944 tam
1158 3890 1226 3945 de
1254 3893 1502 3961 privatis,
1534 3909 1697 3964 quam
1720 3895 1789 3950 de
1816 3911 2062 3951 commu-

487 3980 650 4035 nibus
680 3987 733 4036 et
759 3981 992 4051 publicis
1018 3983 1263 4039 aediﬁciis
1307 4003 1320 4039 :
1353 3994 1408 4039 et
1433 3985 1563 4041 licet
1595 3988 1772 4043 oculis
1802 3988 2059 4044 tristissi-

485 4088 637 4126 mum
694 4074 1068 4142 spectaculum
1128 4075 1349 4139 intueri,
1381 4092 1448 4131 ex
1491 4076 1612 4147 ipso
1658 4078 1859 4148 templo
1885 4090 1940 4134 et
1992 4095 2059 4135 ex

487 4163 622 4231 ipsis
648 4164 924 4233 quondam
945 4165 1144 4238 adytis,
1166 4182 1234 4222 ex
1260 4166 1330 4222 iis
1355 4183 1477 4237 quae
1500 4179 1687 4224 sancta
1702 4170 2059 4233 vocabantur,

485 4252 694 4324 lapides
710 4271 809 4325 pro
837 4255 1259 4313 simulacrorum
1287 4258 1447 4326 fanis,
1478 4276 1686 4331 proque
1712 4263 2059 4332 spectaculis,

478 4361 594 4415 quo
613 4362 800 4403 omnes
832 4349 1015 4418 papuli
1047 4358 1422 4420 concurrant,
1460 4351 1794 4409 aediﬁcandis
1827 4356 2058 4424 assumi,

477 4451 604 4506 quae
645 4452 770 4491 cum
806 4438 942 4494 adeo
990 4440 1267 4496 evidenter
1314 4441 1383 4496 ab
1434 4443 1689 4497 omnibus
1744 4452 2059 4514 cernantur,

2163 3249 2286 3317 γὶαν
2312 3251 2453 3303 κατὰ
2471 3252 2569 3321 τὴν
2602 3250 2897 3323 Ἐϐραικὴν
2925 3252 3245 3321 ἀνάγνωσιν.
3281 3257 3337 3309 '0
3366 3257 3494 3325 γοῦν
3519 3259 3738 3324 ’Δκύλας

2163 3341 2331 3413 φησί·
2373 3361 2392 3393 ι
2415 3343 2514 3397 Διά
2548 3343 2705 3398 τοῦτο
2748 3343 2911 3414 χάριν
2942 3344 3094 3415 ὑμῶν
3138 3346 3295 3400 Σιὼν⁴
3318 3348 3469 3420 χώρα
3499 3352 3737 3423 ἀροτρια-

2163 3432 2421 3503 θήσεται,
2455 3438 2551 3489 καὶ
2594 3438 2953 3512 Ἰερουσαλὴμ
2995 3439 3495 3513 λιθολογηθήσεται.
3549 3464 3567 3496 ι
3604 3445 3735 3498 Ὑπὸ

2160 3526 2270 3597 γὰρ
2316 3526 2626 3596 ἀλλοφύλων
2684 3530 2892 3601 ἀνδρῶν
2945 3533 3373 3600 κατοικισθεῖσα,
3430 3537 3596 3594 εἰσέτι
3646 3540 3759 3592 καῖ’

2162 3621 2398 3692 σήμερον
2423 3620 2775 3691 λιθολογεϊται
2798 3663 2812 3687 ,
2845 3624 3062 3680 πάντων
3094 3626 3218 3680 καθ’
3243 3628 3388 3699 ἡμᾶς
3418 3631 3742 3694 αὑτοὺςτῶν
3770 3664 3773 3669 -

2159 3710 2257 3782 τῆν
2297 3712 2448 3766 πόλιν
2482 3713 2773 3769 οἰκούντων
2812 3716 2937 3780 τοὺς
2979 3717 3087 3770 ἀπὸ
3135 3719 3233 3789 τῆς
3279 3718 3545 3785 πτώσεως.
3573 3723 3743 3794 αὐτῆς

2158 3802 2337 3867 λίθους
2386 3804 2790 3875 ἀναλεγομένων
2818 3807 2896 3872 εἰς
2919 3826 2977 3862 τε
2998 3808 3066 3862 τὰ
3090 3808 3196 3864 ἴδια
3223 3813 3316 3865 καὶ
3364 3814 3516 3867 κοινά
3538 3815 3643 3868 καὶ
3655 3814 3775 3885 δην

2163 3893 2324 3963 μόσια
2364 3896 2799 3969 οἰκοδομήματα·
2840 3902 2932 3954 καὶ
2968 3900 3113 3955 ἔστιν
3154 3903 3449 3976 ὀφθαλμοῖς
3497 3907 3771 3979 παραλα-ι

2161 3985 2274 4038 ϐεῖν
2309 3986 2624 4060 σκυθρωπὸν
2655 3989 2855 4062 θέαμα,
2895 3994 3021 4058 τοὺς
3051 3995 3108 4061 ἐξ
3140 3996 3305 4050 αὑτοῦ
3343 3998 3437 4051 τοῦ
3470 3998 3612 4070 ἱεροῦ
3646 4000 3769 4053 καὶτ

2159 4077 2468 4131 αὐτῶντῶν
2493 4081 2656 4136 πάλαι
2680 4082 2888 4139 ἀδύτων
2918 4086 3013 4139 καὶ
3038 4086 3210 4155 ἀγίων
3231 4087 3414 4152 λίθους
3439 4091 3518 4151 εἰς
3536 4088 3606 4139 τὰ
3628 4088 3761 4139 τῶνν

2161 4167 2390 4223 εἰδώλων
2418 4173 2617 4245 τεμένη
2638 4211 2652 4230 τ
2677 4174 2757 4237 εἰς
2790 4193 2848 4228 τε
2884 4176 2955 4230 τὰ
2984 4176 3093 4230 τῶν
3123 4178 3419 4248 πανδήμων
3451 4178 3737 4247 θεαμάτων

2161 4264 2651 4337 κατασκευάσματα
2679 4266 3116 4340 ἀπειλημμένους
3134 4287 3148 4300 ο
3177 4262 3254 4323 ὧν
3282 4268 3455 4331 οὑτως
3489 4269 3733 4340 ἐναργῶς

2160 4356 2272 4419 τοῖς
2306 4357 2470 4410 πᾶσιν
2502 4358 2811 4429 ὁρωμένων,
2841 4359 2934 4415 καὶ
2952 4362 2982 4413 ό
3007 4359 3189 4423 καινὸς
3210 4358 3372 4427 νόμος
3406 4362 3497 4413 καὶ
3521 4359 3674 4429 λόγος
3706 4364 3734 4413 ὁ

2160 4446 2261 4518 τῆς
2306 4447 2499 4519 καινῆς
2539 4448 2633 4503 τοῦ
2677 4450 2925 4522 Σωτῆρος
2954 4448 3111 4523 ἡμῶν
3163 4450 3319 4523 Ιησοῦ
3365 4452 3734 4529 τοῦιΧριστοῦ

476 4528 626 4598 quod
660 4544 798 4583 nova
822 4530 949 4585 item
982 4531 1088 4598 lex,
1122 4532 1377 4603 quodque
1400 4549 1599 4589 novum
1629 4533 1826 4595 Novi,a
1859 4535 2052 4591 Salva—

2168 4539 2432 4611 Maﬁﬁx'q;
2476 4540 2687 4595 ἐκεῖθέν
2746 4540 2910 4595 ποθεν
2967 4542 3245 4613 προελθὼν
3297 4543 3453 4613 δῆλος
3484 4528 3570 4599 δᾶν
3622 4545 3729 4616 εἴη.

476 4629 597 4677 tore
625 4631 817 4678 nostro
865 4620 996 4679 Iesu
1046 4623 1288 4689 Christo,
1323 4625 1529 4681 conditi
1571 4626 1904 4684 Testamenti
1929 4646 2054 4687 ver-

476 4714 607 4770 bum
660 4715 809 4770 illinc
866 4716 1090 4771 omnino
1143 4716 1447 4787 profectum
1473 4719 1565 4784 sit,
1616 4734 1749 4777 sane
1799 4725 2058 4780 constite-

478 4807 568 4862 rit.
597 4806 759 4879 407
790 4807 1243 4879 Quandoquidem
1280 4809 1705 4867 innumerabiles
1728 4815 2052 4885 populorum

469 4907 802 4966 conventus,
831 4901 1119 4971 omnisque
1148 4901 1364 4972 generis
1398 4905 1668 4969 nationes,
1702 4906 1909 4963 relictis
1947 4907 2054 4964 diis

470 4992 720 5062 ipsorum
771 4992 1004 5063 patriis,
1060 4994 1361 5065 relictoque
1421 5003 1602 5051 vetere
1646 4999 2053 5069 superstitionis

471 5099 679 5151 errore,
723 5101 893 5139 unum
946 5101 1259 5156 supremum
1304 5085 1472 5142 Deum
1521 5090 1777 5146 invocant
1814 5112 1826 5147 :
1878 5107 2048 5162 quare

468 5172 632 5226 etiam
649 5174 1087 5242 profundissima:
1104 5178 1251 5246 pacis
1267 5190 1547 5249 compotes
1559 5189 2042 5252 evaserunt,quan—

467 5262 541 5318 do
572 5281 675 5319 non
703 5267 936 5337 amplius
958 5268 1283 5338 multiplices
1303 5271 1664 5341 principatus,
1704 5292 1722 5324 ‹
1748 5288 1924 5343 neque
1953 5287 2039 5328 re-

466 5369 577 5424 gna
608 5370 704 5425 per
729 5356 848 5412 loca
893 5370 1215 5427 cernuntur,
1256 5379 1433 5434 neque
1468 5380 1601 5435 gens
1630 5366 1892 5420 adversus
1912 5380 2041 5434 gen-

2167 4631 2282 4699 ‘Ecp‘
2310 4624 2355 4699 ᾧ
2384 4631 2553 4703 μυρία
2583 4631 2761 4704 πλήθη
2786 4631 2952 4696 λαῶν,
2989 4634 3115 4705 ἔθνη
3147 4652 3206 4688 τε
3238 4640 3462 4690 παντοῖα
3490 4638 3596 4691 τῶν
3624 4655 3731 4691 πα-

2154 4723 2320 4795 τρίων
2346 4723 2658 4791 ἀποστάντα
2689 4723 2847 4788 θεῶν,
2879 4727 2972 4780 καὶ
2999 4727 3099 4796 τῆς
3132 4728 3366 4792 παλαιᾶς
3406 4731 3732 4803 δεισιδαίμο-

2155 4830 2242 4876 νος
2271 4811 2497 4885 πλάνης,
2524 4813 2615 4868 τὸν
2637 4814 2728 4867 ἐπὶ
2751 4814 2965 4868 πάντων
2992 4815 3124 4869 Θεὸν
3145 4818 3509 4871 ἀνακαλεῖταιο
3528 4817 3609 4872 διὸ
3644 4823 3738 4874 καὶ

2155 4901 2481 4973 κατηξίωται
2514 4903 2613 4975 τῆς
2649 4904 2952 4979 βαθυτάτης
2999 4909 3240 4979 εἰρήνης,
3279 4908 3353 4970 ὼς
3390 4909 3588 4979 μηκέτι
3642 4927 3740 4962 πο-

2154 4996 2416 5067 λυαρχίας
2447 4991 2603 5062 εἶναι,
2640 5018 2658 5048 ‹
2701 4998 2833 5070 μηδὲ
2861 4998 3135 5069 βασιλείας
3166 4999 3308 5055 κατὰ
3345 5000 3560 5064 τόπους,
3607 5001 3740 5072 μηδὲ

2154 5088 2302 5152 ἔθνος
2331 5089 2417 5142 ἐπ’
2450 5089 2599 5154 ἔθνος
2635 5091 2905 5162 ῥομφαίαν
2933 5093 3139 5165 αἱρεῖν,
3165 5093 3306 5163 μηδ’,
3352 5092 3428 5155 ὡς
3473 5092 3533 5145 τὸ
3587 5093 3737 5157 πρὶν,

2153 5180 2407 5251 πολέμοις
2437 5186 2546 5246 τοῖς
2588 5184 2706 5237 κατ’
2743 5184 2986 5257 ἀλλήλων
3024 5185 3324 5256 σχολάζειν,
3358 5183 3739 5238 ἀναπαύεσθαι

2150 5271 2207 5325 δὲ
2258 5272 2362 5326 τῶν
2414 5273 2670 5345 γεωργῶν
2725 5274 2951 5328 ἕκαστον
3005 5274 3262 5331 ὑποκάτω
3316 5275 3583 5346 ἀμπέλου,
3644 5273 3738 5326 καὶ

2151 5365 2408 5419 ὑποκάτω
2432 5366 2599 5437 συκῆς
2623 5367 2807 5430 αὑτοῦ,
2835 5367 3059 5438 μηδενὸς
3081 5366 3437 5436 ἐκφοϐοῦντος
3458 5366 3682 5429 αὑτοὺς,
3714 5382 3734 5414 ι

452 5460 576 5500 tem
607 5447 844 5517 gladium
875 5452 1066 5518 sumit,
1099 5470 1277 5525 neque
1307 5464 1366 5509 ut
1397 5467 1555 5513 antea
1580 5457 1786 5512 mutuis
1810 5456 1954 5511 inter
1982 5472 2042 5512 se

2168 5457 2290 5511 ιατά
2319 5459 2418 5529 τὴν
2455 5460 2809 5530 προφητείαν.
2843 5454 2941 5513 Ὧν
2974 5460 3145 5522 οὕτως
3175 5460 3282 5513 οὐδ’
3321 5459 3507 5513 ἄλλοτέ
3552 5476 3639 5512 πω
3675 5454 3738 5521 ἐξ

472 5535 626 5590 bellis
658 5540 898 5606 student,
935 5544 1033 5599 sed
1071 5547 1314 5618 agricola
1354 5549 1534 5604 omnis
1566 5549 1670 5604 sub
1715 5551 1821 5603 vite
1857 5555 1910 5603 et
1938 5550 2041 5603 sub

2168 5548 2340 5614 ιίῶνος
2375 5550 2656 5623 πρότερον,
2683 5551 2715 5622 ἢ
2749 5550 2890 5605 κατά
2919 5551 3011 5622 τὴν
3045 5551 3151 5603 τῶν
3184 5550 3469 5621 Ῥωμαίων
3505 5547 3733 5621 ἐπικρά-

465 5623 573 5680 ﬁcu
591 5643 689 5681 sua
710 5631 959 5700 quiescit,
973 5637 1189 5693 nemine
1211 5637 1334 5694 illos
1347 5645 1674 5706 exterrente,
1687 5657 1708 5694 ι
1738 5639 1881 5697 sicut
1907 5655 2037 5710 pro"

497 5805 585 5894 ﬂ"
624 5806 814 5867 Matth.
851 5828 1036 5884 xxvn,
1067 5817 1155 5874 25.

2146 5658 2301 5712 τησιν
2334 5641 2440 5695 ἀπὸ
2470 5643 2575 5697 τῶν
2606 5642 2812 5713 χρόνων
2859 5643 2957 5713 τῆς
2999 5640 3315 5711 ἐπιφανείας
3342 5640 3433 5694 τοῦ
3473 5640 3726 5713 Σωτῆρος
