4098 6464
331 443 428 495 675‘!

1203 436 1855 494 DEMONSTRATIONIS
1893 431 2351 490 EVANGELICAE
2384 432 2516 490 LIB.
2559 431 2699 489 Vill.

3472 433 3574 488 658

324 553 480 626 ήμῶν
529 554 621 607 καὶ
676 554 756 617 εἰς
795 550 957 623 δεῦρο
1005 549 1459 620 συντελουμένων,
1507 548 1904 620 ἀναμφίλεκτον

2014 546 2188 617 phetia
2218 546 2563 616 praedixerat.
2588 543 2719 611 Quae
2746 556 2870 597 cum
2895 542 2976 597 sic
2998 558 3275 612 nunquam
3297 542 3433 598 alias
3451 551 3575 598 ante

326 645 560 717 ἠγοῦμαι
590 645 689 717 τὴν
717 641 984 707 ἀπόδειξιν
1016 640 1294 713 εἰληφέναι
1325 642 1419 694 τὸν
1463 643 1654 713 χρόνον
1692 644 1788 713 τῆς
1813 640 1901 694 θε-

328 737 657 809 σπιξομένης
684 738 764 799 εἰς
793 732 1111 806 ἀνθρώπους
1133 732 1224 787 τοῦ
1252 735 1460 807 Κυρίου
1489 736 1810 808 παρουσίας.

2005 652 2035 689 a
2064 635 2284 690 condito
2328 651 2463 701 aevo,
2502 636 2605 691 nisi
2652 643 2774 705 post
2804 636 3093 691 adventum
3142 634 3443 695 Salvatoris
3477 650 3576 688 no-

2006 729 2129 789 stri,
2196 726 2457 783 Romanis
2519 727 2807 797 imperium
2864 725 3269 792 obtinentibus,
3311 725 3379 782 ad
3431 725 3576 780 hunc

336 843 510 898 usque
547 828 690 882 diem
718 823 1067 894 contigerint,
1101 824 1406 879 indubitata
1460 825 1928 882 demonstratione
1962 829 2246 876 OStensum
2290 833 2414 873 esse
2449 818 2684 873 arbitror
2714 818 2854 888 ejus,
2894 833 3056 888 quem
3108 816 3393 888 prophetae
3418 830 3578 871 cane-

324 921 479 985 bant,
516 919 730 975 Domini
766 918 1034 973 adventus
1057 916 1125 971 ad
1157 916 1428 987 homines,
1464 928 1701 990 tempus.

338 1079 481 1153 Ἀπό
492 1079 595 1134 τοῦ
609 1079 998 1153 Ζαχαρίουέ
1013 1077 1232 1153 Σημεῖα
1252 1080 1485 1153 χρόνων
1497 1080 1613 1149 τῆς
1622 1080 1729 1153 τοῦ
1754 1082 1901 1137 Θεοῦ

394 1151 589 1221 Λόγου
658 1151 745 1215 εἰς
772 1147 1131 1221 *ἀνθρώπούς
1157 1151 1529 1221 παρουσίας,
1560 1147 1798 1221 κλῆσις
1838 1171 1903 1207 τε

394 1217 604 1283 ἐθνῶν,
629 1217 857 1287 ὑστάτη
886 1235 951 1273 τε
988 1219 1333 1286 καθαίρεσις
1361 1218 1467 1289 τῆς
1500 1217 1898 1293 Ἰερουσαλήμ.

399 1351 419 1388 ι
460 1334 673 1406 Τέρπου
705 1332 800 1386 καὶ
830 1330 1145 1403 εὐφραίνου,
1166 1330 1414 1405 ,θύγατερ
1443 1332 1600 1398 Σιὼν,
1629 1333 1760 1388 διότι
1797 1335 1904 1388 ἰδοὺ

327 1426 437 1495 ἐγὼ
469 1426 722 1498 ἔρχομαι,
763 1425 857 1477 καὶ
887 1422 1298 1494 κατασκηνώσω
1340 1427 1397 1478 ἐν
1436 1425 1585 1497 μέσῳ
1614 1444 1729 1491 σου,
1758 1427 1906 1496 λέγει

328 1517 549 1588 Κύριος.
586 1517 698 1570 Καὶ
726 1512 1153 1585 καταφεύξονται
1190 1513 1315 1587 έθνη
1348 1516 1518 1571 πολλὰ
1553 1520 1646 1572 ἐπὶ
1671 1519 1763 1571 τόν
1796 1520 1910 1574 Κύ-

329 1627 444 1681 ριον
473 1610 531 1662 ἐν
558 1610 625 1680 τῇ
655 1607 838 1680 ἡμέρᾳ
880 1607 1085 1679 ἐκείνῃ,
1110 1606 1206 1660 καὶ
1234 1606 1447 1663 ἔσονται
1478 1611 1625 1681 αύτῷ
1648 1612 1726 1675 εἰς
1756 1611 1904 1679 λαὸν,

328 1698 420 1751 καὶ
446 1695 955 1769 κατασκηνώσουσιν
981 1698 1039 1749 ἐν
1070 1696 1217 1768 μέσῳ
1244 1714 1357 1763 σου,
1381 1702 1475 1754 καὶ
1517 1702 1794 1775 ἐπιγνώσῃ
1823 1706 1906 1758 ὅτι

328 1787 531 1860 Κύριος
557 1790 950 1861 παντοκράτωρ
973 1787 1341 1852 ἐξαπέσταλκέ
1370 1808 1437 1861 με
1470 1793 1607 1864 πρὸς
1634 1794 1715 1847 σέ.
1745 1814 1765 1846 ι
1796 1796 1906 1848 Καὶ

330 1879 450 1950 μεθ’
476 1879 638 1952 ἓτερα
664 1880 887 1933 πλεῖστα
908 1880 1107 1950 μεταξὺ
1130 1881 1368 1952 ἐπιλέγει
1391 1902 1403 1913 ·
1433 1901 1453 1936 ι
1488 1886 1655 1959 Χαῖρε
1680 1887 1904 1959 σφόδρα,

2009 1071 2053 1125 Α
2109 1067 2393 1123 Zacharia.
2425 1097 2496 1108 ——
2527 1066 2691 1137 Signa
2742 1075 3031 1134 temporum
3071 1066 3170 1123 Dei
3219 1066 3288 1129 ad
3339 1068 3576 1123 homines

2083 1140 2375 1200 adventus,
2416 1147 2465 1192 et
2505 1137 2707 1190 vacatio
2745 1138 3014 1207 gentium,
3053 1146 3385 1208 extremaque
3430 1138 3575 1194 urbis

2082 1210 2383 1265 Jerusalem
2411 1208 2632 1261 eversio.
3321 1210 3327 1217 '

2088 1338 2106 1371 ι
2138 1317 2323 1374 Gaude
2363 1323 2416 1371 et
2453 1315 2671 1378 laetare,
2713 1312 2821 1366 ﬁlia
2858 1310 3015 1378 Sion,
3049 1314 3175 1384 quia
3210 1329 3338 1370 ecce
3370 1329 3470 1387 ego
3487 1330 3580 1370 ve-

2014 1413 2102 1466 nio
2127 1453 2141 1474 ,
2174 1421 2228 1467 et
2258 1408 2518 1464 habitabo
2552 1408 2609 1461 in
2642 1405 2825 1461 medio
2865 1406 2974 1469 tui,
3015 1406 3150 1461 dicit
3187 1406 3471 1463 Dominus.
3513 1406 3581 1460 Et

2011 1507 2331 1576 confugient
2362 1511 2552 1574 gentes
2586 1501 2771 1556 multae
2805 1500 2872 1554 ad
2909 1499 3285 1564 Dominumin
3324 1499 3415 1555 die
3450 1500 3539 1554 illa
3563 1540 3578 1563 ,

2011 1610 2066 1657 et
2102 1604 2267 1655 erunt
2300 1597 2349 1652 ei
2390 1595 2445 1649 in
2486 1596 2767 1664 populum.
2824 1592 2889 1647 Et
2940 1592 3267 1653 habitabunt
3307 1591 3362 1649 in
3400 1591 3581 1646 medio

2013 1697 2094 1751 tui
2128 1713 2141 1750 :
2183 1701 2238 1749 et
2278 1704 2582 1762 cognosces
2620 1689 2769 1759 quod
2806 1687 3071 1743 Dominus
3104 1686 3450 1756 omnipotens
3482 1685 3584 1740 mi-

2012 1788 2085 1844 sit
2112 1802 2201 1841 me
2231 1783 2300 1839 ad
2333 1790 2385 1838 te
2417 1781 2484 1836 ³⁸.
2526 1800 2546 1834 ι
2576 1779 2642 1834 Et
2675 1786 2801 1850 post
2831 1778 2938 1832 alia
2968 1778 3203 1848 plurima
3235 1792 3356 1847 quae
3385 1776 3439 1829 in
3466 1791 3584 1830 me-

2014 1878 2105 1932 dio
2130 1876 2302 1949 ponit,
2324 1872 2570 1943 adjungit
2594 1891 2606 1926 :
2631 1890 2650 1922 ι
2679 1870 2867 1926 Gaude
2890 1867 3397 1939 vellementerklilia
3424 1866 3581 1920 Sion.

327 1970 564 2043 θύγατερ
602 1970 760 2035 Σιὼν,
794 1972 1054 2043 κήρυσσε,
1092 1971 1328 2045 θύγατερ
1373 1957 1726 2050 Ἰερουσαλήμ
1748 1996 1761 2009 ·
1798 1957 1905 2033 ἰδοὺ

2017 1968 2256 2025 Praedica
2278 2007 2292 2032 ,
2330 1965 2438 2020 lilia
2470 1962 2772 2019 Jerusalem
2800 1976 2815 2014 :
2853 1976 2982 2017 ecce
3012 1957 3128 2015 Rex
3155 1967 3284 2015 tuus
3311 1959 3459 2014 venit
3485 1957 3584 2011 tibi

325 2067 355 2116 6
384 2063 632 2135 βασιλεύς
666 2082 758 2117 σου
790 2063 1006 2137 ἔρχεταί
1032 2082 1113 2119 σοι
1140 2067 1346 2132 δίκαιος
1384 2071 1478 2123 καὶ⁵
1511 2070 1719 2136 σώζων,
1750 2073 1910 2136 αὐτὸς

329 2155 507 2227 πραῢς
533 2157 627 2209 καὶ
650 2157 995 2227 ἐπιϐεϐηκὼς
1014 2160 1107 2213 ἐπὶ
1135 2161 1426 2230 ὑποζύγιον
1453 2163 1546 2216 καὶ
1573 2163 1749 2218 πῶλον
1768 2165 1907 2219 νέον.

326 2246 437 2300 Kal
466 2246 835 2320 ἐξολοθρεύσει
864 2249 1087 2321 ἅρματα
1134 2251 1193 2316 ἐξ
1233 2253 1492 2323 Ἐφραῖμ,
1527 2254 1621 2307 καὶ
1656 2255 1821 2308 ἵππον
1853 2255 1914 2319 ἐξ

336 2340 695 2411 Ἰερουσαλήμ
713 2357 727 2371 ο
762 2341 856 2395 καὶ
883 2341 1064 2406 ἐξολοθ
1074 2343 1394 2414 ρευθήσεται
1415 2345 1566 2412 τόξον
1594 2345 1911 2417 πολεμικὸν,

325 2430 421 2484 καὶ
448 2431 649 2501 πλῆθος
687 2432 909 2501 εἰρήνης
936 2431 998 2495 ἐξ
1029 2431 1221 2488 ἐθνῶν.
1246 2435 1357 2488 Kal
1390 2435 1646 2507 κατάρξει
1678 2437 1785 2490 ἀπὸ
1815 2437 1911 2491 θα-

327 2517 533 2589 λάσσης
555 2517 660 2581 ἕως
686 2518 982 2589 θαλάσσης,
1024 2520 1118 2573 καὶ
1159 2522 1269 2576 ἀπὸ
1295 2524 1556 2594 ποταμῶν
1592 2525 1657 2578 δι’
1685 2525 1913 2592 ἐκϐολὰς

326 2606 450 2677 γῆς.
490 2626 508 2659 ι
536 2606 720 2661 Ταῦτα
749 2609 874 2679 περὶ
898 2610 997 2682 τῆς
1018 2612 1112 2664 τοῦ
1149 2612 1401 2684 Σωτῆρος
1425 2613 1582 2685 ἡμῶν
1614 2617 1914 2687 παρουσίας

329 2697 595 2765 θεσπίσας
629 2700 721 2752 καὶ
744 2699 837 2753 νῦν
865 2702 893 2753 6
917 2700 1092 2770 λόγος,
1130 2702 1248 2773 μεθ’
1281 2703 1443 2777 ἐτερα
1480 2707 1608 2777 περὶ
1634 2707 1732 2778 τῆς
1754 2709 1915 2779 ἐσχά-

326 2806 425 2860 της
472 2789 806 2862 ἐρημώσεως
847 2794 948 2864 τῆς
1000 2794 1371 2867 Ἰερουσαλὴμ,
1420 2796 1541 2850 τοτὲ
1597 2798 1694 2869 μὲν
1732 2801 1914 2853 ἐπικε-

327 2881 662 2953 κρυμμένως
704 2885 799 2939 καὶ
834 2884 901 2940 δι’
938 2887 1297 2958 αἰνιγμάτων,
1344 2889 1464 2942 τοτὲ
1494 2887 1550 2942 δὲ
1588 2889 1914 2956 ἁκαλύπτως

327 2976 707 3044 ᾀναφωνεῖ·δι’
742 2978 1080 3048 αἰνιγμάτων
1116 2978 1215 3049 μὲν
1238 2980 1296 3033 ἐν
1342 2973 1422 3043 οἷς
1452 2997 1614 3050 φησι·
1651 3000 1669 3032 ι
1706 2982 1915 3035 Διάνοιο

325 3064 437 3132 ξον,
462 3067 491 3119 6
518 3066 768 3137 Λίϐανος,
795 3068 895 3132 τὰς
931 3068 1107 3132 πύλας
1129 3086 1245 3135 σου,
1292 3069 1388 3122 καὶ
1416 3072 1778 3141 καταφαγέτω
1802 3072 1913 3144 πῦρ

325 3158 425 3225 τὰς
454 3158 678 3231 κέδρους
722 3177 835 3213 σου.
881 3160 1213 3228 Ὁλολυξάτω
1256 3162 1433 3229 πίτυς,
1482 3163 1614 3216 διότι
1657 3163 1912 3219 πέπτωκε

324 3249 536 3321 κέδρος,
584 3251 717 3305 διότι
766 3253 1017 3323 μεγάλως
1072 3256 1393 3325 μεγιστᾶνες
1441 3256 1910 3330 ἐταλαιπώρησαν.

2013 2059 2201 2131 justus
2238 2063 2293 2112 et
2334 2053 2603 2120 Salvator,
2659 2053 2775 2122 ipse
2822 2058 3142 2106 mansuetus
3191 2056 3247 2103 et
3292 2047 3582 2128 impositus

2016 2166 2184 2221 super
2206 2150 2517 2220 jumcntum
2550 2154 2603 2201 et
2630 2145 2835 2215 pullum
2864 2142 3284 2199 adolescentem.
3312 2140 3375 2194 Et
3401 2141 3586 2210 perdet

2014 2257 2212 2298 currus
2248 2256 2315 2295 ex
2354 2238 2627 2309 Ephrem,
2668 2243 2724 2291 et
2759 2250 2959 2306 equum
3020 2250 3088 2289 ex
3139 2231 3483 2289 Jerusalem:
3532 2238 3587 2286 et

2013 2334 2275 2406 perdetur
2311 2346 2475 2387 arcus
2513 2330 2785 2390 bellicus,
2827 2335 2882 2383 et
2929 2325 3265 2383 abundantia
3318 2325 3471 2395 pacis
3519 2340 3583 2380 ex

2014 2426 2287 2497 gentibus.
2330 2421 2397 2476 Et
2435 2421 2806 2493 principatum
2845 2417 3117 2474 obtinebit
3162 2432 3191 2471 a
3240 2416 3378 2478 mari
3414 2431 3587 2485 usque

2015 2516 2081 2570 ad
2113 2530 2298 2578 mare,
2331 2519 2385 2568 et
2411 2527 2442 2565 a
2467 2510 2789 2566 ﬂuminibus
2821 2524 2918 2579 per
2946 2506 3250 2576 ejectiones
3281 2512 3446 2565 terra:
3469 2505 3535 2558 ”.
3562 2522 3581 2555 ι

2016 2608 2140 2663 Haec
2194 2607 2285 2661 ubi
2336 2606 2404 2660 de
2452 2603 2758 2660 Salvatoris
2810 2600 2984 2656 nostri
3034 2599 3272 2654 adventu
3313 2597 3417 2651 hoc
3457 2596 3586 2657 item

2015 2702 2136 2756 loco
2170 2699 2454 2754 oraculum
2494 2695 2736 2761 cecinit;
2779 2702 2894 2748 tum
2937 2700 3060 2763 post
3092 2692 3208 2746 alia.
3236 2706 3367 2761 quae,
3410 2690 3586 2744 inter-

2016 2787 2212 2859 ponit,
2257 2787 2422 2842 etiam
2466 2784 2535 2840 de
2581 2791 2823 2839 extrema
2876 2780 3178 2837 Jerusalem
3221 2780 3586 2847 desolatione,

2014 2896 2162 2936 nunc
2210 2878 2429 2934 occulte
2480 2891 2545 2931 ac
2599 2891 2697 2947 per
2751 2875 3022 2931 obscuros
3071 2889 3404 2940 sermones,
3442 2888 3589 2927 nunc

2014 2970 2270 3042 explicite
2298 2976 2463 3040 atque
2495 2974 2683 3038 aperte
2709 2967 2876 3022 verba
2912 2965 3073 3030 facit,
3103 2967 3339 3027 obscure
3368 2964 3585 3036 quidem

2015 3077 2080 3118 ac
2113 3062 2362 3135 ﬁgurate,
2395 3061 2485 3116 ubi
2518 3061 2631 3114 ait:
2663 3057 2831 3130 ωε
2862 3076 2881 3109 ι
2912 3058 3114 3129 Aperi,
3139 3057 3374 3125 Libane,
3401 3066 3589 3130 portas

2014 3164 2138 3213 tuas
2158 3197 2173 3223 ,
2205 3163 2259 3212 et
2290 3156 2541 3211 comedat
2579 3155 2720 3225 ignis
2757 3153 2952 3210 cedros
2993 3163 3139 3212 tuas.
3168 3152 3361 3213 Ululet.
3388 3154 3550 3224 pinus
3572 3193 3587 3218 ,

2015 3250 2273 3321 quoniam
2307 3248 2504 3303 cecidit
2535 3246 2734 3302 cedrus
2758 3286 2773 3311 ,
2806 3248 3062 3316 quoniam
3107 3262 3436 3318 magnopere
3475 3262 3592 3305 ma-

340 3339 678 3406 Ὀλολύξατε,
720 3341 880 3414 δρύες
922 3345 1023 3416 τῆς
1060 3345 1425 3411 Βασανίτιδος,
1461 3349 1911 3421 ὅτικαιεεσπάσθη

2015 3344 2198 3417 guiﬁci
2231 3343 2413 3398 amicti
2453 3348 2603 3397 sunt.
2642 3339 2897 3404 Ululate,
2939 3357 3176 3412 quercus
3214 3340 3586 3409 Basanitidis,

327 3431 357 3482 6
385 3430 589 3502 δρυμὸς
631 3433 660 3483 ὁ
693 3431 1003 3502 σύμφυτος’
1046 3434 1198 3506 φωνὴ
1236 3436 1575 3509 θρηνούντων
1614 3440 1906 3511 ποιμένων,

328 3518 411 3585 ὅτι
460 3517 937 3591 τεταλαιπώρηκεν
987 3523 1021 3592 ή
1085 3524 1438 3597 μεγαλωσύνη
1499 3527 1709 3582 αὐτῶν⁹
1758 3529 1908 3599 φωνὴ

328 3608 657 3681 ὠρυομένων
684 3609 932 3676 λεόντων,
960 3614 1043 3666 ὅτι
1074 3616 1517 3691 τεταλαιτιὼρηκε
1548 3619 1610 3673 τὸ
1647 3620 1911 3691 φρύαγμα

328 3698 423 3753 τοῦ
458 3699 743 3770 Ἰορδάνου.
779 3720 796 3752 ι
835 3702 1021 3787 ταῦτα
1069 3705 1165 3776 μὲν
1197 3708 1265 3760 δι’
1305 3710 1670 3781 αἰνιγμάτων·
1719 3712 1817 3782 τὴν
1854 3712 1911 3774 δζε

326 3788 533 3843 τούτων
580 3791 874 3862 ἑρμηνείαν
919 3794 1314 3867 ἀνακαλύπτως
1353 3801 1381 3852 ὁ
1418 3800 1579 3865 αὐτὸς
1630 3803 1912 3873 προφήτης

329 3884 579 3956 ἐπιφέρει
632 3885 841 3954 λέγων’
888 3907 907 3939 ι
949 3889 1083 3945 Ἰδοὺ
1121 3889 1233 3960 ἐγὼ
1271 3891 1461 3963 τίθημι
1501 3893 1603 3963 τὴν
1646 3894 1912 3964 Ἰερουσα-

327 3974 440 4047 λὴμ
467 3975 543 4039 ὡς
574 3977 833 4050 πρόπυλα
865 3979 1201 4050 σαλευόμενα
1248 3981 1421 4052 ἅπασι
1472 3986 1587 4046 τοῖς
1631 3983 1778 4047 λαοῖς
1819 3984 1915 4037 κύ-

326 4067 461 4139 κλῳ,
498 4068 593 4121 καὶ
625 4069 684 4120 ἐν
712 4071 779 4141 τῇ
819 4070 1079 4143 Ἰουδαίᾳ⁸
1120 4072 1214 4125 καὶ¹
1245 4071 1394 4126 ἔσται
1426 4073 1654 4147 περιοχὴ
1690 4075 1783 4128 ἐπὶ
1815 4076 1913 4128 Ἰε-

329 4157 629 4229 ρουσαλήμ.
662 4158 773 4211 Καὶ
809 4158 961 4213 ἔσται
1004 4162 1061 4213 ὲν
1109 4162 1177 4233 τῇ
1229 4160 1414 4232 ἡμέρᾳ
1439 4161 1642 4234 ἐκείνῃ,
1677 4161 1914 4233 θήσομαι

325 4249 426 4321 τὴν
477 4251 831 4324 Ἰερουσαλὴμ
885 4252 1031 4306 λίθον
1087 4252 1568 4325 καταπατούμενον
1621 4256 1756 4308 πᾶσι
1802 4258 1915 4320 τοῖς

326 4339 522 4394 ἔθνεσι.
560 4342 676 4406 Πᾶς
703 4344 732 4396 6
764 4342 1095 4398 καταπατῶν
1127 4343 1297 4416 αὐτὴν
1325 4344 1609 4414 ἐμπαίξων
1655 4346 1917 4417 ἐμπαίξε-

325 4447 436 4496 ται,
467 4431 561 4485 καὶ
588 4433 1122 4507 ἐπισυναχθήσονται
1151 4436 1237 4489 ἐπ’
1265 4436 1434 4507 αὐτὴν
1476 4437 1654 4495 πάντα
1686 4438 1754 4491 τὰ
1786 4437 1912 4509 έθνη

326 4520 427 4592 τῆς
467 4524 590 4594 γῆς.
635 4544 654 4576 ι
688 4525 792 4579 Καὶ
831 4524 970 4595 μετὰ
1020 4524 1226 4598 βραχέα
1259 4527 1535 4595 ἐπιλέγειο
1573 4547 1593 4580 ι
1635 4529 1746 4582 Kal
1797 4531 1917 4581 ἐπι-

328 4610 613 4680 ϐλέψονται
641 4615 779 4684 πρὸς
811 4617 900 4686 μὲ,
933 4617 1049 4671 ἀνθ’
1097 4612 1172 4677 ὧν
1214 4621 1636 4691 κατωρχήσαντο
1656 4637 1670 4650 ⁸
1704 4621 1797 4673 καὶ
1825 4620 1916 4673 κό-

329 4702 522 4773 ψονται
550 4706 636 4757 ἐπ’
670 4707 831 4760 αὑτὸν
862 4708 1089 4762 κοπετὸν
1114 4710 1189 4774 ὡς
1217 4710 1304 4764 ἐπ’
1333 4709 1623 4781 ἀγαπητῷ,
1670 4711 1762 4765 καὶ
1795 4710 1916 4763 ὀδύ-
1945 4691 1989 4745 D

326 4811 426 4866 νην
455 4795 530 4860 ὡς
557 4796 650 4851 ἐπὶ
684 4800 1032 4870 πρωτοτόκῳ.
1076 4802 1162 4855 Ἐν
1193 4804 1259 4874 τῇ
1304 4802 1486 4874 ἡμέρᾳ
1510 4802 1692 4875 ἐκείνῃ
1746 4820 1914 4873 μεγα-

325 4887 649 4961 λυνθήσεται
717 4894 745 4945 ό
803 4895 1032 4957 κοπετδς
1090 4893 1447 4966 Ἰερουσαλὴμ
1467 4934 1482 4957 ,
1548 4895 1625 4958 ὡς
1683 4894 1913 4959 κοπετὸς

337 4981 567 5045 Ῥοῶνος
608 4985 667 5035 ἐν
700 4982 867 5053 πεδίῳ
902 4984 1325 5056 ἐκκοπτομένου.
1366 4986 1478 5038 Kal
1520 4985 1742 5054 κόψεται
1773 4988 1806 5056 ἡ
1839 4987 1908 5057 γῆ

327 5070 469 5123 κατὰ
504 5071 694 5141 φυλὰς,
731 5071 870 5144 φυλὴ
914 5071 1063 5138 οἴκου
1094 5074 1260 5133 Δασὶδ
1307 5074 1427 5127 καθ’
1478 5073 1694 5143 ἑαυτὴν,
1727 5075 1822 5127 καὶ
1854 5075 1911 5128 al

328 5164 581 5228 γυναῖκες
609 5163 789 5217 αὐτῶν
819 5163 942 5217 καθ’
968 5165 1197 5229 ἑαυτάς·
1226 5165 1366 5237 φυλὴ
1398 5164 1548 5219 οἴκου
1574 5164 1760 5220 Νάθαν
1792 5165 1913 5219 καθ’

326 5254 546 5325 ἐαυτὴν,
574 5255 668 5308 καὶ
716 5255 773 5307 αἰ
821 5258 1078 5324 γυναῖκες
1119 5256 1297 5310 αὐτῶν
1339 5257 1462 5311 καθ’
1506 5256 1736 5319 ἑαυτάς·
1773 5256 1913 5328 φυλὴ

326 5344 473 5400 οἴκου
508 5344 642 5399 Λευῒ
675 5346 798 5399 καθ’
830 5345 1049 5417 ἑαυτὴν,
1085 5346 1180 5400 καὶ
1215 5349 1272 5400 αἱ
1301 5351 1559 5416 γυναῖκες
1590 5348 1769 5401 αὐτῶν
1793 5348 1914 5402 καθ’

325 5435 522 5500 ἑαυτάς
544 5454 558 5468 ·
602 5435 744 5508 φυλὴ
785 5436 879 5490 τοῦ
928 5436 1152 5508 Συμεὼν
1192 5438 1315 5492 καθ’
1347 5438 1565 5509 ἑαυτὴν,
1593 5439 1687 5493 καὶ
1727 5441 1782 5493 αἰ
1813 5457 1913 5509 γυ-

325 5528 510 5591 ναῖκες
536 5528 718 5581 αὐτῶν
748 5527 870 5582 καθ’
901 5528 1130 5592 ἑαυτάς·
1166 5530 1336 5583 πᾶσαι
1376 5532 1431 5583 αἱ
1460 5530 1911 5602 ὑπολελειμμέναι

324 5619 513 5688 φυλαὶ,
542 5619 684 5693 φυλὴ
715 5620 836 5673 καθ’
863 5618 1084 5691 ἑαυτὴν,
1112 5619 1204 5673 καὶ
1226 5621 1282 5673 αἱ
1301 5622 1555 5690 γυναῖκες
1583 5620 1762 5676 αὐτῶν
1786 5621 1909 5676 καθ’

324 5710 543 5774 ἑαυτάς.
572 5704 612 5761 ἰ
664 5710 776 5764 Καὶ
823 5709 986 5764 πάλιν
1027 5710 1145 5782 μεθ’
1194 5709 1356 5784 ἕτερα
1406 5710 1502 5782 τὴν
1533 5711 1768 5783 ἐσχάτην
1812 5714 1913 5785 τῆς

340 5802 690 5874 Ἰερουσαλὴμ
719 5802 1036 5875 πολιορκίαν
1054 5802 1388 5877 σαφέστερον
1408 5804 1685 5877 κηρύττει,
1713 5805 1905 5875 λέγων’

400 5957 445 5988 ’⁸
485 5954 648 6012 Ζειςὶι.
680 5972 747 6026 ιι,
793 5958 969 6026 10,Η.
1049 5960 1093 5992 ’⁸
1133 5955 1362 6014 Zachar.
1397 5976 1451 6019 ix
1476 6002 1491 6030 ,

2011 3437 2269 3508 quoniam
2296 3435 2591 3490 convulsus
2616 3440 2700 3488 est
2724 3433 2898 3488 saltus
2924 3433 3196 3489 consitus.
3229 3432 3584 3489 Yoxlameur

2011 3529 2247 3584 tantium
2272 3534 2552 3596 pastorum
2573 3566 2587 3589 ,
2613 3526 2875 3595 quoniam
2901 3524 3099 3580 amicta
3123 3531 3208 3580 est
3239 3524 3592 3595 magniﬁcen-

2011 3620 2089 3674 tia
2118 3634 2328 3675 eorum.
2360 3616 2475 3672 Vox
2511 3617 2842 3687 rugientium
2888 3617 3138 3680 leonum,
3171 3617 3428 3686 quoniam
3459 3617 3592 3677 amt.

2012 3720 2101 3766 cta
2138 3718 2222 3766 est
2261 3709 2518 3780 superbia
2554 3707 2812 3764 Jordanis
2854 3709 2894 3762 ί.
2927 3727 2946 3760 ι
2976 3706 3039 3760 Et
3079 3708 3196 3761 hzec
3234 3707 3452 3778 quidem
3494 3724 3599 3779 per.

2011 3804 2333 3874 aenigmata:
2362 3800 2460 3855 sed
2486 3815 2676 3856 eorum
2703 3799 3210 3869 interpretationem
3235 3808 3423 3869 aperte
3446 3799 3588 3854 idem

2015 3892 2279 3963 propheta
2313 3889 2595 3961 adjungit,
2636 3888 2827 3944 dicens
2856 3906 2869 3943 :
2907 3906 2925 3940 ι
2957 3887 3098 3943 Ecce
3129 3903 3228 3958 ego
3259 3903 3404 3957 pono
3431 3885 3592 3943 Jeru-

2015 3984 2184 4039 salem
2214 3992 2272 4036 ut
2299 3981 2568 4037 vestibula
2591 3995 2712 4050 quae
2740 3979 3064 4049 quatiuntur
3089 3979 3359 4033 omnibus.
3375 3977 3591 4048 populis

2014 4074 2069 4128 in
2102 4071 2374 4135 circuitu,
2406 4077 2462 4126 et
2498 4070 2551 4123 in
2587 4067 2772 4124 Judaea
2802 4087 2815 4123 :
2857 4074 2912 4123 et
2956 4067 3061 4123 erit
3106 4067 3363 4123 ambitus.
3382 4069 3441 4121 in
3479 4067 3591 4126 cir-

2014 4165 2163 4219 cuitu
2197 4171 2391 4219 contra
2421 4161 2750 4218 Jerusalem.
2780 4162 2846 4214 Et
2875 4161 2981 4216 erit
3010 4160 3066 4215 in
3100 4160 3189 4216 die
3217 4160 3308 4216 illa
3332 4175 3586 4231 ,,ponam

2012 4256 2313 4312 Jerusalem
2368 4253 2638 4325 lapidem,
2689 4253 2785 4324 qui
2825 4252 3185 4309 conculcetur
3223 4253 3293 4308 ab
3330 4252 3609 4313 omnibus.

2015 4350 2288 4420 gentibus.
2323 4348 2516 4405 Omnis
2547 4347 2641 4418 qui
2672 4346 2960 4402 conculcet
2998 4361 3152 4409 eam,
3195 4346 3430 4403 illudens
3463 4346 3590 4401 illib-

2014 4441 2171 4496 detur
2197 4459 2212 4495 :
2244 4446 2298 4494 et
2328 4437 2812 4509 congregabuntur
2841 4451 3007 4504 super
3030 4450 3149 4491 eam
3179 4450 3373 4493 omnes
3399 4443 3589 4504 gentes

2014 4539 2175 4587 terrae
2211 4534 2253 4587 ¹.
2294 4550 2312 4581 ι
2340 4529 2405 4585 Ει
2437 4535 2561 4600 post
2594 4543 2769 4598 pauca
2808 4528 3096 4598 adjungit:
3139 4544 3158 4576 ι
3192 4524 3257 4579 Ει
3292 4526 3603 4596 ιοερὶοἰεηι,

2017 4622 2084 4676 ad
2116 4636 2202 4676 me
2226 4660 2242 4685 ,
2281 4634 2444 4690 quem
2485 4618 2864 4683 conﬁxerunt,
2907 4624 3194 4687 propterea
3234 4614 3589 4686 quodinsul-
3688 4622 3693 4631 '

2020 4720 2270 4766 taverunt
2304 4728 2318 4766 :
2351 4718 2406 4767 et
2445 4711 2703 4780 plangent
2741 4723 2908 4778 super
2945 4723 3012 4762 eo
3074 4708 3352 4778 planctum
3398 4714 3460 4760 ut
3490 4723 3589 4767 su-

2019 4819 2115 4873 per
2143 4802 2359 4863 dilecto.
2378 4810 2430 4857 et
2458 4800 2701 4855 dolorem
2718 4806 2777 4854 ut
2803 4814 2968 4869 super
2999 4799 3379 4870 primogenita.
3413 4797 3472 4859 In
3504 4798 3593 4854 die

2019 4893 2110 4949 illa
2138 4891 2582 4964 magniﬁcabitur
2608 4893 2865 4963 planctus
2888 4889 3189 4948 Jerusalem
3212 4930 3226 4956 ,
3252 4897 3313 4944 ut
3340 4889 3590 4959 planctus

2017 4986 2278 5043 Rlioonos
2321 4986 2375 5039 in
2414 5000 2608 5055 campo
2642 4985 2764 5055 ejus
2801 4985 2894 5055 qui
2933 4983 3223 5040 exciditur.
3269 4981 3338 5034 Et
3369 4981 3588 5051 planget

2017 5087 2164 5135 terra
2205 5078 2493 5132 tributim:
2536 5076 2716 5132 tribus
2755 5076 2954 5132 domus
2993 5073 3164 5129 David
3204 5088 3452 5133 seorsum
3478 5112 3493 5137 ,
3534 5079 3588 5131 et

2017 5170 2276 5225 mulieres
2299 5184 2491 5224 eorum
2519 5184 2769 5225 seorsum
2796 5187 2809 5224 :
2835 5168 3015 5223 tribus
3043 5166 3238 5221 domus
3262 5163 3477 5220 Nathau
3503 5179 3590 5219 se-

2016 5277 2205 5319 orsum
2225 5301 2240 5325 ,
2275 5270 2332 5317 et
2361 5261 2621 5317 mulieres
2649 5275 2839 5316 eorum
2870 5273 3121 5316 seorsum
3150 5275 3164 5311 :
3193 5256 3377 5311 tribus
3392 5255 3587 5314 domus

2016 5353 2147 5415 Levi
2197 5368 2480 5419 seorsum,
2532 5362 2587 5409 et
2638 5353 2902 5408 mulieres
2950 5364 3140 5406 eorum
3171 5362 3455 5404 seorsum:
3488 5346 3591 5408 tri,-

2017 5444 2122 5499 bus
2149 5442 2369 5498 Simeon
2398 5458 2648 5498 seorsum
2668 5483 2685 5507 ,
2714 5453 2767 5497 et
2789 5442 3048 5495 mulieres
3078 5454 3266 5493 eorum
3295 5452 3541 5494 seorsum
3569 5454 3587 5497 :

2015 5551 2207 5591 omnes
2238 5536 2462 5605 reliquae
2491 5535 2688 5596 tribus,
2719 5533 2897 5588 tribus
2927 5546 3177 5586 seorsum
3198 5569 3215 5594 ,
3244 5537 3299 5584 et
3329 5528 3589 5584 mulieres

2017 5640 2208 5680 eorum
2260 5640 2509 5680 seorsum
2538 5625 2579 5677 ³.
2609 5642 2630 5676 ι
2658 5622 2872 5678 Rursus
2919 5630 3045 5692 post
3094 5620 3237 5682 alia,
3285 5625 3587 5675 extremam

2016 5716 2168 5773 urbis
2205 5714 2508 5772 Jerusalem
2548 5714 2890 5770 obsidionem
2930 5712 3149 5784 planius
3175 5712 3444 5774 enuntiat,
3498 5708 3588 5764 di~

2024 5823 2196 5864 cens:
2234 5827 2253 5860 ι
2284 5807 2424 5864 Ecce
2460 5807 2579 5863 dies
2615 5807 2843 5864 veniunt
2881 5791 3099 5864 Domini
3121 5844 3139 5872 ,
3177 5811 3231 5861 et
3268 5803 3583 5861 dividentur

1580 5961 1742 6029 9,10.
1823 5965 1836 5996 ¹
1879 5961 1912 6018 Ζ

2014 5978 2105 6019 lar.
2146 5978 2235 6031 xi,
2275 5963 2392 6021 1-5.
2471 5964 2493 5997 ¹
2533 5960 2763 6019 Zachar.
2798 5976 2910 6032 xu,
2947 5964 3002 6030 2,
3031 5963 3086 6019 '5.
3163 5964 3183 5998 ⁸
3220 5963 3356 6020 ibid.
3392 5961 3557 6021 ιοοιε
