4098 6454
522 419 626 475 659

1151 410 1418 467 EUSEBII
1451 405 1932 464 CASSARIENSIS
1963 402 2114 458 OPP.
2144 401 2325 458 PARS
2362 403 2426 460 ll.
2461 437 2530 446 ——
2566 403 3061 460 APOLOGETICA.

3644 404 3748 459 640

521 531 691 600 spolia
731 537 822 582 tua
864 530 919 583 in
958 537 1042 591 te,
1077 535 1132 582 et
1170 525 1518 596 congregabo
1557 540 1747 580 omnes
1786 532 1977 595 gentes
2011 521 2072 575 ad

2189 536 2206 569 ι
2258 521 2388 576 Ἰδοὺ
2433 525 2633 593 ἡμέραι
2675 522 2920 593 ἔρχονται
2959 521 3053 574 τοῦ
3092 520 3317 592 Κυρίου,
3368 522 3462 573 καὶ
3504 521 3748 594 διαμερι-

519 620 817 675 Jerusalem
848 619 905 673 in
936 619 1134 672 bellum
1156 656 1171 679 ,
1199 624 1255 672 et
1291 615 1537 685 capietur
1576 615 1772 669 civitas
1797 653 1813 677 ,
1852 620 1909 668 et
1942 611 2080 665 diri-

520 711 735 779 pientnr
761 709 991 773 domus,
1028 717 1082 762 et
1115 708 1371 762 mulieres
1402 708 1732 776 polluentur,
1767 713 1821 760 et
1848 703 2083 774 egredie-

521 809 610 853 tur
658 798 947 853 dimidium
995 798 1234 853 civitatis
1289 797 1346 850 in
1405 796 1827 866 captivitatem:
1881 793 2081 863 reliqui

519 902 701 947 autem
736 892 803 947 de
831 893 1033 962 populo
1065 906 1187 946 meo
1217 906 1328 944 non
1361 890 1615 959 peribunt
1646 890 1713 943 de
1744 889 1964 943 civitate
1983 927 1999 951 ,
2027 893 2082 940 et

517 983 828 1053 egredietur
868 982 1163 1045 Dominus,
1204 988 1260 1036 et
1290 981 1694 1049 comparabitur
1731 979 1798 1033 ad
1835 978 2078 1049 praelium

518 1075 575 1129 in
625 1075 878 1143 gentibus
926 1074 1064 1137 illis,
1112 1073 1259 1127 sicut
1308 1071 1425 1127 dies
1470 1071 1642 1140 praelii
1692 1071 1814 1139 ejus
1842 1111 1856 1134 ,
1898 1071 1954 1123 in
1992 1068 2082 1123 die

520 1166 686 1231 belli,
728 1174 783 1221 et
821 1166 1047 1220 stabunt
1087 1164 1251 1234 pedes
1289 1163 1411 1232 ejus
1450 1165 1505 1217 in
1544 1163 1633 1218 die
1672 1163 1761 1216 illa
1803 1163 1858 1217 in
1899 1172 2080 1217 monte

517 1257 795 1314 Olivarum
845 1257 991 1327 quod
1039 1264 1123 1311 est
1173 1263 1364 1311 contra
1415 1255 1717 1311 Jerusalem
1750 1255 1793 1308 ’⁵.
1829 1274 1846 1306 ι
1875 1254 2078 1310 Deinde

518 1359 641 1419 post
679 1350 784 1403 alia
823 1364 945 1418 qua}
985 1349 1040 1401 in
1080 1347 1259 1401 medio
1297 1346 1483 1417 ponit,
1525 1346 1639 1401 haec
1674 1347 1748 1401 ait
1780 1366 1792 1401 :
1824 1366 1841 1397 ι
1879 1345 1943 1400 Ει
1975 1346 2080 1400 erit

520 1439 781 1495 Dominus
824 1455 1000 1500 unus,
1038 1446 1092 1493 et
1129 1453 1328 1493 nomen
1357 1437 1478 1505 ejus
1512 1454 1676 1491 unum
1713 1438 2078 1506 complectens

515 1546 729 1585 omnem
763 1539 964 1584 terram
997 1538 1052 1584 et
1081 1529 1353 1584 desertum
1386 1529 1429 1583 ⁸.
1463 1548 1482 1581 ι
1519 1527 1683 1600 409
1714 1528 1925 1583 Rursus
1954 1537 2078 1599 post

518 1622 623 1675 alia
664 1621 794 1673 dum
833 1620 1133 1690 prOphetia:
1173 1620 1311 1674 libro
1347 1618 1642 1673 terminum
1683 1620 1870 1689 ponit,
1908 1637 2076 1675 voca-

516 1711 715 1763 tionem
753 1709 992 1779 gentium
1029 1709 1113 1764 his
1142 1709 1324 1764 verbis
1356 1709 1602 1763 divinat:
1635 1729 1652 1760 ‹
1687 1708 1752 1762 Et
1786 1710 1889 1764 erit
1911 1752 1924 1774 ,
1956 1712 2077 1781 qui-

515 1815 732 1869 cunque
782 1800 958 1855 relicti
1002 1799 1207 1854 fuerint
1237 1815 1305 1855 ex
1343 1800 1598 1855 omnibus
1636 1801 1921 1869 gentibus.
1955 1817 2075 1871 quae

2184 610 2470 682 σθήσονται
2496 614 2565 667 τὰ
2593 613 2765 668 σκῦλά
2793 630 2885 666 σου
2908 613 2965 666 ἐν
2989 613 3089 677 σοὶ,
3113 611 3205 666 καὶ
3234 611 3542 676 ἐπισυνάξω
3573 614 3747 668 πάντα

2179 702 2248 754 τά
2280 703 2406 774 ἔθνη
2434 705 2526 759 ἐπὶ
2559 705 2908 776 Ἰερουσαλὴμ
2954 706 3032 767 είς
3065 702 3319 773 πόλεμον,
3359 702 3452 756 καὶ
3481 703 3747 759 ἁλώσεται

2180 794 2213 864 ἡ
2245 794 2418 858 πόλις,
2450 796 2542 849 καὶ
2569 796 3030 867 διαρπαγήσονται
3068 796 3123 847 αἱ
3155 794 3343 859 οίκίαι,
3366 795 3461 848 καὶ
3492 798 3747 863 γυναῖκες

2182 884 2621 958 μολυνθήσονται,
2655 887 2750 940 καὶ
2780 886 3112 951 ἐξελεύσεται
3139 885 3199 938 τὸ
3215 887 3385 956 ἣμισυ
3416 886 3513 956 τῆς
3543 885 3747 950 πόλεως

2179 981 2236 1032 ὲν
2283 980 2658 1049 αἰχμαλωσίᾳ·
2699 981 2746 1031 οί
2776 968 2841 1032 ’δὲ
2883 977 3196 1031 κατάλοιποι
3237 976 3331 1031 τοῦ
3376 976 3504 1031 λαοῦ
3544 996 3643 1049 μου
3681 981 3741 1031 οὐ

2183 1072 2255 1143 μὴ
2291 1071 2737 1140 ὲξολοθρευθῶσιν
2773 1074 2835 1124 ἐκ
2868 1072 2962 1141 τῆς
2998 1071 3221 1136 πόλεως.
3258 1072 3367 1126 Καὶ
3410 1071 3745 1138 ἐξελεύσεται

2178 1164 2400 1236 Κύριος,
2442 1165 2533 1216 καὶ
2576 1162 2941 1234 παρατάξεται
2984 1165 3042 1216 ἐν
3083 1166 3194 1227 τοῖς
3244 1163 3450 1216 ἔθνεσιν
3498 1163 3743 1228 ἐκείνοις,

2179 1253 2361 1316 καθὼς
2406 1256 2589 1326 ἡμέρα
2636 1253 2988 1323 παρατάξεως
3045 1254 3205 1307 αὐτοῦ
3246 1255 3303 1307 έν
3360 1254 3541 1325 ἡμέρᾳ
3592 1254 3748 1307 πολέ-

2182 1366 2316 1419 μου,
2368 1347 2463 1401 καὶ
2515 1346 2802 1415 στήσονται
2844 1344 2893 1397 oi
2942 1344 3103 1407 πόδες
3141 1342 3302 1397 αὐτοῦ
3352 1346 3409 1396 ἐν
3458 1346 3523 1414 τῇ
3562 1343 3744 1415 ἡμέρᾳ

2178 1438 2361 1511 ἐκείνῃ
2414 1438 2507 1490 ἐπὶ
2571 1436 2633 1489 τὸ
2694 1434 2816 1506 ὅρος
2879 1434 2987 1487 τῶν
3059 1434 3282 1487 Ἐλαιῶν
3339 1434 3397 1489 τὸ
3462 1434 3745 1487 κατέναντι

2188 1531 2562 1602 Ἰερουσαλήμ.
2612 1548 2630 1580 ι
2671 1526 2802 1582 Εἶτα
2853 1527 2968 1598 μεθ’
3030 1529 3191 1599 ἕτερα
3250 1525 3320 1580 τὰ
3379 1525 3578 1597 μεταξύ
3639 1544 3738 1597 φη-

2179 1640 2290 1676 σιν’
2339 1641 2358 1673 ι
2406 1623 2515 1676 Kal
2555 1621 2706 1675 ἔσται
2750 1621 2955 1692 Κύριος
2994 1614 3094 1684 εἷς,
3130 1620 3222 1673 καὶ
3261 1618 3322 1671 τὸ
3369 1618 3536 1689 ὄνομα
3582 1617 3744 1672 αὐτοῦ

2180 1712 2257 1775 ἓν,
2302 1710 2532 1766 κυκλοῢν
2575 1712 2751 1764 πᾶσαν
2777 1711 2876 1782 τὴν
2900 1710 3023 1781 γῆν,
3052 1710 3146 1763 καὶ
3187 1706 3284 1779 τὴν
3331 1704 3552 1777 ἔρημον.
3589 1726 3608 1758 ι
3636 1706 3746 1759 Καὶ

2176 1800 2329 1867 αὖθις
2377 1803 2496 1876 μεθ’
2535 1804 2696 1877 ἔτερα
2746 1803 3094 1874 περιγράφων
3136 1801 3232 1872 τὴν
3273 1798 3450 1869 βίϐλον
3480 1799 3581 1869 τῆς
3613 1814 3737 1869 προ-

516 1889 762 1945 venerint
789 1890 843 1945 in
868 1889 1202 1955 Jerusalem,
1233 1897 1288 1945 et
1312 1891 1607 1946 ascenderit
1636 1892 1866 1963 singulis
1893 1895 2072 1959 annis,

2178 1895 2422 1968 φητείας,
2448 1896 2548 1968 τὴν
2570 1895 2758 1965 κλῆσιν
2780 1895 2890 1947 τῶν
2912 1895 3079 1948 ἐθνῶν
3097 1892 3187 1945 διὰ
3210 1892 3414 1946 τούτων
3465 1890 3734 1953 θεσπίζει·

517 1989 574 2036 ut
604 1981 830 2036 adorent
856 1979 1057 2052 Regem
1088 1982 1376 2037 Dominum
1412 1984 1839 2055 omnipotentem
1859 2027 1875 2049 ,
1905 1997 1959 2042 et
1987 2004 2077 2043 ce-

515 2075 721 2129 lebrent
746 2074 886 2129 diem
922 2073 1119 2129 festum
1149 2073 1669 2133 Tabernaculorum.
1699 2077 1762 2132 Et
1790 2080 1922 2145 erit,
1950 2081 2074 2151 qui-

513 2179 726 2234 cunque
760 2179 871 2217 non
912 2164 1257 2220 ascenderint
1277 2182 1341 2221 ex
1366 2168 1619 2224 omnibus
1644 2170 1893 2226 tribubus
1917 2179 2077 2226 terra:

513 2258 568 2307 in
614 2251 917 2308 Jerusalem
969 2262 1028 2308 ut
1085 2255 1313 2310 adorent
1341 2256 1540 2328 Regem
1577 2259 1865 2315 Dominum
1898 2263 2076 2316 omni-

514 2352 820 2413 potentem,
852 2347 1013 2401 etiam
1044 2347 1099 2401 bi
1130 2348 1237 2404 i'llis
1277 2349 1565 2406 addentur.
1601 2350 1655 2405 Si
1683 2361 1863 2406 autem
1901 2353 2077 2409 tribus

515 2433 728 2505 Egypti
761 2450 869 2490 non
902 2437 1213 2494 ascenderit
1239 2479 1254 2502 ,
1282 2456 1458 2511 neque
1486 2444 1695 2497 venerit
1721 2444 1850 2498 illuc
1869 2491 1884 2510 ,
1909 2445 2073 2500 etiam

512 2538 676 2593 super
708 2524 793 2580 his
823 2526 930 2580 erit
955 2527 1115 2581 ruina
1137 2568 1151 2591 ,
1176 2544 1282 2598 qua
1310 2530 1580 2598 percutiet
1601 2530 1865 2586 Dominus
1886 2548 2079 2589 omnes

511 2622 698 2682 gentes
732 2624 918 2681 terrae,
948 2634 1287 2690 quarcunque
1317 2635 1424 2674 non
1449 2622 1796 2676 ascenderint
1832 2623 1900 2676 ad
1931 2624 2068 2679 cele-

511 2708 776 2764 brandum
801 2710 1042 2767 solemne
1067 2709 1591 2769 Tabernaculorum.
1619 2713 1730 2769 Hoc
1755 2716 1858 2770 erit
1882 2731 2075 2786 pecca-

510 2812 622 2855 tum
652 2798 870 2872 Egypti
895 2843 910 2866 ,
942 2810 996 2857 et
1026 2812 1305 2872 peccatum
1339 2804 1582 2859 omnium
1615 2808 1853 2875 gentium
1880 2849 1895 2869 .
1929 2824 2075 2877 quae-

508 2910 723 2964 cunque
767 2911 872 2950 non
903 2895 1248 2950 ascenderint
1273 2898 1337 2949 all
1374 2898 1758 2963 celebrandum
1789 2899 1929 2953 diem
1965 2900 2078 2954 fes-

508 2992 621 3039 tum
660 2983 1159 3039 Tabernaculorum
1189 2987 1229 3040 °.
1268 3006 1285 3038 ›
1317 2985 1440 3042 Haec
1477 3002 1606 3043 sane
1630 2987 1926 3044 Zacharias
1952 2998 2076 3059 post

506 3075 740 3130 reditum
773 3075 839 3129 de
871 3073 1176 3145 Babylone,
1201 3075 1364 3131 Dario
1394 3078 1535 3147 apud
1566 3077 1762 3134 Persas
1793 3088 2072 3151 regnante,

505 3166 852 3231 vaticinatur,
885 3180 993 3234 quo
1033 3173 1273 3236 tempore
1307 3169 1437 3224 urbs
1475 3168 1774 3226 Jerusalem
1815 3188 1845 3225 a
1887 3173 2070 3243 priore

506 3254 841 3310 desolatione
861 3256 1093 3309 excitata
1116 3256 1524 3328 instaurataque
1544 3275 1716 3329 nuper
1733 3261 1929 3325 fuerat,
1949 3279 2069 3334 quae

508 3342 769 3402 desolatio
793 3347 864 3400 illi
889 3362 920 3400 a
941 3346 1250 3420 Babyloniis
1275 3349 1449 3405 fuerat
1471 3350 1866 3421 illata.Colligit
1888 3363 2068 3408 autem

507 3449 669 3488 omne
693 3444 904 3504 tempus
933 3449 963 3488 a
991 3435 1151 3490 Dario
1170 3435 1458 3491 Persarum
1478 3477 1492 3501 ,
1518 3438 1622 3492 sub
1644 3453 1752 3506 quo
1775 3437 2069 3494 Zacharias

506 3528 801 3597 prophetia:
839 3542 1066 3583 munere
1112 3527 1376 3599 fungitur,
1420 3530 1489 3583 ad
1528 3531 1830 3601 Augustum
1870 3530 2070 3585 Roma-

507 3635 700 3674 norum
753 3635 970 3690 regem,
1022 3636 1288 3676 annorum
1337 3622 1705 3679 hebdomadas
1755 3637 1960 3693 septem
2016 3635 2069 3680 et

506 3711 783 3779 sexaginta
812 3710 979 3774 duas,
1010 3726 1129 3780 qum
1158 3711 1301 3780 apud
1328 3710 1601 3766 Danielem
1631 3712 1882 3767 feruntur
1906 3734 1917 3768 :
1948 3732 2068 3785 qua:

505 3816 717 3856 summa
751 3816 1021 3855 annorum
1075 3801 1308 3857 eilicitur
1350 3804 1874 3873 quadringentorum
1915 3814 2069 3861 octo-

502 3892 646 3961 ginta
692 3892 855 3945 trium
881 3933 897 3958 ,
940 3900 1000 3946 ut
1033 3892 1374 3947 ostendimus
1408 3893 1461 3946 in
1494 3894 1561 3947 iis
1596 3910 1716 3963 qua:
1751 3898 1912 3964 paulo
1944 3905 2068 3951 ante

504 3999 534 4036 a
582 3983 742 4037 nobis
791 3990 1023 4036 tractata
1082 3992 1235 4036 sunt.
1282 3982 1550 4039 Caeterum
1606 3995 1728 4055 post
1779 3988 2064 4057 imperium

503 4074 856 4129 Macedonum
906 4075 973 4128 ab
1023 4075 1333 4129 Alexandro
1383 4092 1557 4146 usque
1608 4080 1676 4132 ad
1724 4080 2063 4151 Angustum,

500 4166 661 4220 etiam
692 4167 737 4221 si
763 4166 939 4236 ipsius
967 4166 1194 4237 Augusti
1227 4183 1449 4239 regnum
1489 4172 1856 4241 complectare
1877 4212 1891 4237 ,
1932 4175 2065 4228 nihil

501 4272 635 4311 sane
686 4257 829 4325 quod
869 4258 1143 4328 prophetae
1182 4260 1361 4315 verbis
1396 4264 1693 4318 concordet
1743 4273 1837 4317 aut
1887 4266 2066 4321 simile

502 4350 605 4413 sit,
655 4348 903 4405 invenias
948 4364 1071 4405 esse
1109 4351 1458 4421 completum.
1501 4352 1732 4419 Quando
1775 4356 1918 4410 enim
1970 4373 2066 4427 per

502 4440 591 4493 illa
624 4446 868 4509 tempora
904 4441 952 4495 is
986 4440 1278 4507 Dominus,
1311 4459 1470 4513 quem
1501 4446 1778 4514 prophetae
1807 4456 1867 4501 ut
1896 4447 2063 4503 Deum

500 4530 811 4594 celebrant,
842 4547 967 4586 cum
1003 4533 1319 4590 hominibus
1348 4544 1602 4591 versatus
1631 4539 1757 4591 est?
1791 4548 1846 4593 et
1877 4547 2065 4608 gentes

504 4621 686 4676 multae
714 4622 862 4677 illum
881 4627 1265 4694 agnoverunt?
1294 4629 1654 4698 eumdemque
1689 4630 1863 4683 solum
1895 4630 2062 4686 Deum

500 4714 766 4770 confessa:
808 4718 980 4772 sunt?
1030 4726 1083 4773 et
1134 4721 1200 4775 ad
1251 4720 1430 4789 ipsum
1477 4719 1856 4791 confugientes
1911 4724 2063 4781 factm

500 4816 629 4863 sunt
653 4809 701 4861 ei
739 4808 792 4862 in
828 4810 1084 4879 populum
1107 4810 1133 4864 ?
1164 4811 1247 4866 vel
1277 4811 1500 4880 quando
1530 4812 1747 4868 tandem
1779 4823 1894 4871 toto
1929 4816 2061 4873 Per—

498 4912 682 4951 sarum
727 4905 820 4952 aut
862 4898 1216 4956 Macedonum
1252 4909 1529 4971 tempore,
1580 4903 1626 4960 is
1674 4902 1789 4961 Rex
1836 4907 1904 4962 dc
1952 4923 2061 4977 quo

498 4987 767 5058 Propheta
816 4991 1080 5062 loquitur,
1113 5010 1132 5043 ι
1165 4993 1312 5047 venit
1369 4994 1659 5065 impositus
1709 4997 1961 5065 jnmento
2005 5007 2059 5053 et

499 5083 646 5154 pullo
700 5083 1081 5141 adolescenti?
1118 5104 1135 5135 ι
1171 5093 1226 5140 et
1276 5090 1502 5144 veniens
1550 5088 1792 5146 Judairae
1842 5094 2057 5162 gentis,

497 5188 618 5241 quae
650 5172 884 5244 Ephrem
917 5175 1018 5227 hoc
1050 5175 1170 5229 loco
1205 5173 1427 5241 dicitur,
1465 5187 1518 5233 et
1552 5181 1724 5249 ipsius
1755 5180 2056 5238 Jerusalem

496 5266 703 5334 regiam
736 5266 909 5321 aciem
933 5305 948 5328 ,
986 5280 1106 5334 quae
1140 5283 1398 5322 curruum
1434 5280 1597 5340 atque
1634 5275 1759 5343 equi
1794 5277 2061 5329 vocabulo

498 5360 834 5423 nominatur,
861 5359 1132 5428 perdidit?
1158 5369 1212 5415 et
1235 5371 1475 5418 armatas
1498 5363 1736 5420 Judaicae
1761 5367 1936 5436 gentis
1963 5383 2059 5422 co-

496 5452 616 5521 pias
646 5450 888 5506 delevit?
916 5450 1031 5506 Hoc
1062 5452 1206 5506 enim
1238 5453 1579 5523 signiﬁcabat
1610 5458 1890 5511 oraculum
1930 5459 2059 5513 illud

499 5540 686 5596 dicens
713 5561 727 5596 :
762 5560 780 5594 ι
810 5541 950 5597 Ecce
979 5542 1093 5599 Rex
1126 5552 1253 5601 tuus
1284 5546 1430 5599 venit
1461 5547 1557 5600 tibi
1581 5554 1766 5617 justus
1796 5558 1849 5604 et
1883 5549 2063 5604 Salva—

497 5641 611 5698 tor,
643 5635 758 5704 ipse
792 5646 1111 5691 mansuetus
1145 5646 1199 5691 ct
1232 5639 1525 5709 impositus
1560 5656 1724 5709 super
1750 5641 2056 5711 jumentnm

2181 2005 2199 2038 ι
2226 1987 2336 2040 Καὶ
2368 1986 2542 2049 ἔσται,
2573 1986 2686 2039 ὅσοι
2715 1983 2810 2038 ἐὰν
2843 1982 3271 2053 καταλειφθῶσιν
3302 1983 3367 2036 ἐκ
3397 1982 3613 2036 πάντων
3635 1980 3743 2036 τῶν

2175 2074 2344 2130 ἐθνῶν
2364 2075 2472 2128 τῶν
2502 2072 2758 2128 ἐλθόντων
2795 2073 2887 2125 ἐπὶ
2922 2071 3291 2143 Ἰερουσαλὴμ,
3328 2071 3420 2123 καὶ
3450 2070 3745 2142 ἀναϐήσον-

2174 2182 2263 2218 ται
2301 2164 2422 2218 κατ’
2456 2163 2719 2229 ἐνιαυτὸν,
2748 2162 2842 2216 τοῦ
2872 2164 3243 2234 προσκυνῆσαι
3281 2161 3357 2232 τῷ
3392 2160 3601 2231 βασιλεῖ
3627 2162 3743 2217 Κυ-

2179 2256 2279 2328 ρίῳ
2307 2254 2725 2327 παντοκράτορι,
2758 2252 2965 2307 καὶτοῦ
3005 2251 3282 2325 ἑορτάζειν
3306 2252 3402 2323 τὴν
3428 2251 3618 2321 ἑορτὴν
3643 2253 3746 2321 τῆς

2177 2348 2569 2421 Σκηνοπηγίας.
2620 2347 2729 2400 Καὶ
2768 2345 2938 2410 ἔσται,
2973 2345 3086 2399 ὅσοι
3129 2342 3221 2397 ἐὰν
3263 2341 3336 2414 μὴ
3366 2341 3635 2396 ἀναϐῶσιν
3678 2343 3743 2396 ἐκ

2177 2442 2364 2497 πασῶν
2410 2441 2518 2495 τῶν
2552 2439 2736 2510 φυλῶν
2773 2441 2873 2511 τῆς
2922 2440 3023 2509 γῆς
3070 2438 3151 2500 είς
3208 2434 3593 2506 Ἰερουσαλὴμ,
3648 2433 3741 2486 τοῦ

2178 2535 2551 2605 προσκυνῆσαι
2584 2531 2661 2603 τῷ
2709 2530 2916 2601 βασιλεῖ
2946 2528 3135 2601 Κυρίῳ
3170 2525 3602 2598 παντοκράτορι,
3650 2525 3736 2578 καὶ

2174 2620 2316 2678 οὗτοι
2338 2623 2564 2686 ἐκείνοις
2587 2620 3054 2695 προστεθήσονται.
3088 2617 3212 2673 Ἐὰν
3231 2617 3290 2671 δὲ
3309 2616 3448 2689 φυλὴ
3466 2615 3739 2684 Αἰγύπτου

2179 2716 2253 2786 μὴ
2292 2716 2486 2786 ἀναϐῇ,
2523 2715 2658 2787 μηδὲ
2704 2712 2832 2786 ἔλθῃ
2872 2714 2986 2766 ἐκεῖ
3008 2751 3022 2775 ,
3068 2710 3161 2764 καὶ
3205 2710 3297 2763 ἐπὶ
3340 2708 3543 2762 τούτων
3590 2707 3739 2761 ἔσται

2174 2806 2204 2875 ή
2234 2804 2457 2868 πτῶσις,
2479 2806 2545 2875 ἣν
2573 2802 2800 2869 πατάξει
2827 2802 3028 2873 Κύριος
3051 2800 3227 2853 πάντα
3249 2797 3320 2851 τὰ
3341 2796 3467 2867 ἔθνη
3492 2797 3592 2869 τῆς
3612 2799 3732 2867 γῆς,

2174 2894 2272 2947 ὅσα
2299 2895 2392 2948 ἐὰν
2421 2894 2493 2965 μὴ
2521 2893 2691 2964 ἀναϐῇ
2725 2891 2818 2945 τοῦ
2849 2890 3105 2961 ἑορτάσαι
3133 2889 3231 2961 τὴν
3258 2889 3448 2960 ἑορτὴν
3474 2890 3572 2957 τῆς
3600 2888 3740 2956 Σκη-

2173 2986 2456 3055 νοπηγίας,
2504 2983 2651 3056 Αὕτη
2680 2983 2829 3036 ἔσται
2856 2984 2890 3053 ἡ
2937 2979 3178 3051 ἁμαρτία
3216 2979 3514 3047 Αἰγύπτου,
3563 2978 3656 3031 καὶ
3703 2980 3737 3048 ἡ

2172 3076 2416 3148 ἁμαρτία
2448 3076 2663 3130 πάντων
2683 3074 2791 3127 τῶν
2845 3071 3046 3135 ἐθνῶν,
3073 3072 3172 3124 ὅσα
3206 3070 3271 3124 ἂν
3306 3070 3380 3142 μὴ
3426 3069 3597 3140 ἀναϐῇ
3643 3069 3737 3122 τοῦ

2173 3165 2426 3236 ἑορτάσαι
2461 3163 2557 3236 τὴν
2592 3163 2780 3235 ἑορτὴν
2807 3165 2906 3233 τῆς
2939 3161 3317 3232 Σκηνοπηγίας
3377 3180 3395 3211 ›
3428 3158 3611 3213 Ταῦτα
3644 3160 3736 3213 καὶ

2172 3258 2203 3309 6
2226 3255 2498 3326 Ζαχαρίας
2532 3254 2669 3326 μετὰ
2704 3254 2804 3325 τὴν
2835 3254 2942 3307 ἀπὸ
2968 3252 3284 3316 Βαϐυλῶνος
3317 3252 3590 3315 ἐπάνοδον,
3628 3254 3728 3305 Δα-

2177 3349 2322 3419 ρείου
2350 3347 2572 3418 Περσῶν
2601 3345 2990 3416 βασιλεύοντος,
3028 3345 3374 3417 προφητεύει,
3407 3348 3506 3417 τῆς
3539 3345 3725 3417 Ἰερουσ·

2176 3440 2355 3512 σαλὴμ
2397 3439 2519 3510 ἄρτι
2568 3439 2689 3491 τότε
2738 3439 3180 3510 ἀνεγηγερμένης
3224 3439 3288 3493 ἐκ
3335 3440 3435 3509 τῆς
3472 3436 3732 3509 προτέρας

2173 3532 2427 3603 ἐρημίας,
2453 3531 2517 3602 ἣν
2542 3528 2645 3583 ὑπὸ
2670 3528 3020 3583 Βαϐυλωνίων
3059 3529 3311 3583 πέπονθε.
3354 3528 3648 3597 Συνάγεται
3677 3528 3734 3582 δὲ

2171 3626 2201 3678 6
2226 3626 2333 3687 πᾶς
2353 3624 2542 3695 χρόνος
2574 3623 2681 3677 ἀπὸ
2705 3626 2801 3695 τῆς
2829 3623 3051 3695 Δαρείου
3076 3622 3170 3675 τοῦ
3199 3623 3429 3693 Πέρσου,
3454 3621 3577 3676 καθ’
3616 3621 3681 3692 ἢν
3708 3624 3737 3674 6

2172 3714 2444 3785 Ζαχαρίας
2481 3714 2825 3785 προφητεύει,
2861 3714 2952 3766 καὶ
2975 3711 3066 3766 ἐπὶ
3109 3711 3412 3780 Αύγουστον
3458 3712 3736 3783 Ῥωμαίων

2175 3808 2398 3880 βασιλέα
2426 3810 2505 3871 είς
2534 3807 2671 3861 ἐτῶν
2727 3806 3024 3877 ἑϐδομάδας
3051 3807 3190 3859 ἑπτὰ
3225 3808 3318 3859 καὶ
3361 3805 3733 3877 ἑξηκονταδύο,

2171 3900 2270 3964 τὰς
2295 3902 2352 3952 ἐν
2386 3900 2463 3972 τῷ
2494 3898 2692 3972 Δανιὴλ
2731 3898 3053 3969 φερομένας,
3084 3896 3119 3951 ἃ
3161 3898 3365 3965 γίνεται
3409 3897 3503 3967 ἔτη
3547 3914 3738 3968 τετρα-

2173 3993 2330 4047 κόσια
2354 3992 2677 4062 ὀγδοήκοντα
2705 3991 2860 4062 τρία,
2904 3990 2980 4053 ὡς
3010 3988 3371 4059 ἀπεδείξαμεν
3407 3989 3464 4039 ἐν
3496 3991 3608 4050 τοῖς
3646 4005 3736 4057 μι-

2172 4085 2289 4157 κρῷ
2322 4085 2553 4158 πρόσθεν
2588 4083 3073 4154 γεγυμνασμένοις.
3103 4080 3237 4134 Οὔτε
3281 4080 3339 4133 δὲ
3372 4080 3461 4131 ἐπὶ
3488 4081 3587 4147 τῆς
3612 4079 3723 4128 Μα-

2171 4177 2398 4231 κεδόνων
2423 4178 2531 4231 ἀπὸ
2563 4174 2907 4247 Ἀλεξάνδρου
2954 4176 3047 4228 καὶ
3079 4174 3269 4245 μέχρις
3295 4170 3600 4237 Αὐγούστου
3633 4184 3736 4219 πα-

2173 4268 2530 4342 ραταθείσης,
2587 4268 2693 4321 τῶν
2725 4266 3110 4338 ἐμφερομένων
3154 4266 3266 4326 τοῖς
3311 4260 3404 4313 τοῦ
3458 4260 3733 4331 προφήτου

2170 4362 2347 4431 λόγοις
2379 4359 2689 4415 συνίσταται
2726 4377 2778 4411 τι
2816 4354 3260 4427 πεπληρωμένον.
3308 4353 3443 4407 Πότε
3466 4352 3574 4423 γὰρ
3616 4352 3733 4404 κατ’

2168 4455 2409 4517 ἐκείνους
2443 4454 2569 4516 τοὺς
2591 4452 2812 4523 χρόνους
2843 4449 2937 4502 τοῦ
2971 4447 3119 4520 παρὰ
3147 4450 3259 4510 τοῖς
3286 4446 3589 4518 προφήταις
3614 4444 3731 4497 θεο-

2099 4577 2141 4631 D
2171 4543 2499 4613 λογουμένου
2513 4542 2717 4610 Κυρίου
2744 4539 3047 4611 ἀνθρώποις
3068 4537 3403 4600 ἐπιστάντος,
3418 4535 3543 4606 έθνη
3566 4534 3735 4587 πολλὰ

2171 4635 2460 4704 ἐπιγνόντα
2484 4634 2665 4698 αὑτὸν,
2684 4634 2777 4685 καὶ
2795 4631 2950 4703 μόνον
2974 4626 3105 4683 Θεὸν
3125 4628 3283 4682 αὐτὸν
3304 4626 3731 4698 ὁμολογήσαντα,

2168 4728 2256 4782 ἐπ’
2290 4726 2452 4787 αὐτὸν
2479 4726 2879 4793 καταπέφευγε,
2920 4724 3015 4776 καὶ⁹
3038 4722 3257 4791 γέγονεν
3282 4718 3427 4789 αὑτῴ
3457 4719 3537 4781 εἰς
3566 4717 3693 4769 λαόν
3718 4733 3731 4779 ;

2168 4822 2296 4875 πότε
2331 4819 2470 4878 κατά
2490 4821 2614 4882 τοὺς
2640 4817 2860 4890 Περσῶν
2886 4817 2918 4888 ἢ
2942 4814 3263 4870 Μακεδόνων
3288 4812 3509 4883 χρόνους
3539 4810 3568 4862 6
3601 4826 3733 4878 προ-

2168 4906 2532 4979 φητευὸμενος
2565 4905 2816 4976 βασιλεὺς
2855 4904 3110 4975 ἐλήλυθεν
3130 4943 3144 4966 ,
3177 4921 3196 4955 ι
3234 4897 3609 4970 Ἐπιϐεϐηκὼς
3640 4899 3734 4949 ἐπὶ

2167 4998 2478 5068 ὑποζύγιον,
2509 5000 2603 5052 καὶ
2630 4998 2807 5051 πῶλον
2834 4997 2983 5062 νέον;
3009 5018 3026 5049 ι
3059 4993 3225 5049 ἐλθών
3253 5012 3311 5047 τε
3337 4993 3428 5046 τοῦ
3466 4991 3733 5045 Ἰουδαίων

2166 5092 2349 5156 ἔθνους
2386 5091 2622 5163 Ἐφραῗίμ
2666 5089 3086 5161 ὀνομαζομένου,
3122 5088 3341 5156 καὶτῆς
3384 5083 3734 5154 Ἰερουσαλὴμ

2167 5187 2337 5256 αὐτῆς
2370 5183 2468 5256 τὴν
2507 5182 2788 5254 βασιλικὴν
2819 5181 3143 5254 παράταξιν,
3177 5179 3398 5251 ἅρματα
3429 5176 3522 5235 καὶ
3569 5176 3735 5228 ἵππον

2165 5276 2595 5347 ἐπικαλουμένην
2643 5274 3042 5345 ἐξωλόθρευσεθ,
3100 5271 3161 5324 τό
3196 5288 3255 5322 τε
3301 5267 3576 5322 ὁπλιτικὸν
3638 5264 3733 5317 τοῦ

2177 5368 2442 5421 Ἰουδαίων
2464 5368 2647 5429 ἔθνους
2672 5364 2913 5428 καθεῖλες
2939 5363 3106 5416 Τοῦτο
3122 5361 3230 5433 γὰρ
3258 5360 3443 5432 ἐδήλου
3468 5357 3528 5417 τὸ
3553 5355 3735 5423 λόγιον

2164 5463 2401 5532 φάσκονο
2438 5481 2456 5512 ε
2493 5461 2620 5514 Ἰδοὺ
2650 5462 2678 5512 6
2714 5459 2973 5521 Βασιλεύς
3023 5475 3115 5510 σου
3150 5455 3367 5527 ἔρχεταί
3419 5469 3500 5505 σοι
3528 5451 3733 5510 δίκαιος

2168 5554 2264 5607 καὶ
2299 5551 2502 5616 σώζων,
2529 5552 2690 5615 αὐτὸς
2731 5549 2927 5620 πραῢς,
2968 5550 3061 5602 καὶ
3089 5544 3430 5615 ἐπιϐεϐηκὼς
3468 5542 3562 5595 ἐπὶ
3600 5541 3732 5593 ὑπο·-

2167 5645 2349 5716 ζύγιον
2382 5647 2474 5699 καὶ
2508 5645 2680 5698 πῶλον
2714 5643 2829 5697 νέον
2855 5683 2867 5707 ,
2906 5643 2998 5697 καὶ
3034 5639 3535 5711 ἐξολοθρευθήσεται
3579 5633 3730 5700 τόξον

575 5811 595 5841 ⁸
634 5809 864 5865 Zachar.
901 5829 987 5866 xxv
1013 5853 1026 5875 ,
1066 5815 1177 5870 1-4.
1254 5815 1274 5848 ⁵
1316 5815 1446 5871 ibid.
1480 5817 1534 5881 9,
1574 5818 1652 5872 ιο.
1738 5820 1758 5849 ⁸
1794 5820 1924 5876 ibid.
1967 5819 2164 5874 lC-l9.
