4098 6426
303 376 400 432 641

1179 366 1825 426 ΒΕΜΟΝΒΤΒἈΤΙΟΝΙΞ
1862 365 2321 421 ΕἼΑΝΟΕῘΔΕΛΕ
2349 364 2478 422 LIB.
2511 365 2648 423 Vlll.

3430 370 3532 424 6ίὲ

306 489 616 562 πολεμικόν.
644 507 663 542 ι
696 489 881 543 Ταῦτα
911 488 1019 559 γὰρ
1054 487 1182 558 περὶ
1229 488 1328 556 τῆς
1369 484 1738 556 καθαιρέσεως
1770 486 1867 554 τῆς

1970 487 2025 535 et
2056 481 2263 551 pullum
2310 480 2717 539 adolescentem
2747 500 2761 536 :
2789 487 2843 536 et
2874 482 3131 552 perdetur
3177 499 3339 541 arcus
3371 485 3531 540 belli-

303 580 586 653 βασιλικῆς
633 578 788 644 ἀξίας
838 577 932 631 τού
977 577 1243 630 Ἰουδαίων
1284 574 1469 638 ἔθνους
1519 574 1863 637 ἐθεσπίςετο,

301 672 387 742 ἐφ’
413 667 447 747 ᾗ
477 671 637 726 πάλιν
655 669 725 724 τὰ
743 672 842 741 τῆς
863 668 971 723 τῶν
996 667 1164 722 ἐθνῶν
1189 668 1410 739 εἰρήνης
1436 664 1860 736 συμφώνωςτοῖς

302 764 534 836 πρόσθεν
579 762 983 833 ἀποδεδομένοις
1032 759 1339 829 ἐπιλέγεται
1383 757 1470 811 διὰ
1509 755 1635 813 τοῦ·
1696 776 1710 808 ι
1757 757 1867 810 Καὶ

301 857 503 928 πλῆθος
525 858 742 928 εἰρήνης
773 854 832 919 ἐξ
859 853 1027 909 ἐθνῶν
1044 893 1060 918 ,
1091 872 1110 905 ι
1134 851 1248 907 ἀνθ’
1272 846 1333 906 οὗ
1369 852 1399 904 ὁ
1436 849 1664 913 Ἀκύλας
1696 849 1789 903 καὶ
1815 849 1865 901 οί

301 949 475 1003 λοιποί¹
517 947 845 1021 ἑρμηνευταί
880 945 1238 999 ἐκδεδώκασιο
1277 964 1295 994 ι
1318 943 1428 997 Καὶ
1464 943 1684 1013 λαλήσει
1715 942 1868 1013 εἰρή-

299 1054 397 1110 νην
425 1042 538 1103 τοῖς
558 1039 817 1104 ἐθνεσιν,›
855 1039 884 1091 ὃ
911 1038 1006 1091 καὶ
1040 1037 1273 1108 μάλιστα
1287 1035 1395 1088 ἀπὸ
1428 1037 1529 1105 τῆς
1555 1033 1865 1102 Αὐγούστου

300 1130 576 1202 βασιλείας
600 1131 938 1194 συνίσταται,
961 1130 1057 1182 καί
1084 1129 1221 1199 πρὸς
1246 1127 1390 1193 λέξιν
1413 1124 1864 1196 πεπληρωμένον,

301 1225 479 1296 πάσης
525 1224 623 1292 μὲν
674 1222 732 1290 ἐξ
787 1223 995 1276 ἐκείνου
1047 1218 1440 1288 καταλυθείσης
1495 1216 1863 1288 πολυαρχίας,

297 1317 517 1387 εἰρήνης
545 1315 602 1367 δέ
636 1313 706 1368 τὰ
737 1313 962 1367 πλεῖστα
993 1315 1093 1383 τῆς
1141 1309 1462 1381 οἰκουμένης
1507 1308 1630 1381 ἔθνη
1678 1309 1865 1364 διαλα-

298 1407 515 1477 ϐούσης.
541 1405 637 1470 Τίς
663 1405 718 1458 δὲ
751 1392 857 1476 πρὸ
876 1403 984 1457 τῶν
1031 1400 1348 1474 Ῥωμαϊκῶν
1380 1399 1606 1473 χρόνων,
1639 1402 1731 1455 ἐπ)⁸
1758 1401 1866 1455 τῶν

295 1497 610 1570 Περσικῶν,
667 1496 700 1567 ἢ
759 1495 866 1548 τῶν
923 1492 1306 1548 Μακεδονικῶν
1362 1492 1600 1558 τοιοῦτος
1645 1493 1865 1562 γέγονεν

306 1591 571 1644 Ἰουδαίων
617 1589 867 1660 βασιλεὺς
887 1627 902 1649 ,
936 1588 1011 1650 ὡς
1049 1586 1208 1659 ἄρξαι
1262 1585 1424 1641 αὐτὸν
1456 1586 1565 1641 ἀπὸ
1593 1586 1867 1658 (ididem;

295 1682 399 1745 ἕως
431 1681 726 1753 θαλάσσης,
762 1680 855 1734 καὶ
897 1680 1004 1734 ἀπὸ
1046 1677 1303 1750 ποταμῶν
1338 1677 1444 1742 ἕως
1489 1679 1741 1750 περάτων
1765 1681 1866 1750 τῆς

296 1772 650 1844 οἰκουμένης;
679 1771 848 1824 Τοῦτο
869 1771 997 1840 γοῦν
1027 1770 1297 1841 ἐδήλωσαν
1327 1770 1378 1822 οἰ
1403 1768 1580 1823 λοιποὶ
1601 1770 1865 1842 ἑρμηνευ-

1966 587 2086 628 cus.
2122 592 2142 624 ι
2176 572 2343 644 410
2368 571 2496 629 Haec
2528 573 2597 629 de
2626 572 2913 629 eversione
2940 576 3098 645 regiae
3129 575 3409 645 dignitatis
3435 577 3526 632 Ju-

1965 663 2136 719 daicae
2161 666 2343 735 gentis
2374 665 2632 736 praedicta
2662 672 2828 731 sunt,
2861 680 2971 736 qua
3002 667 3261 736 praedicta
3289 656 3533 725 eversio-

1966 770 2034 810 ne
2054 794 2069 819 ,
2107 770 2303 812 rursus
2335 771 2399 811 ea
2428 773 2549 827 qua:
2580 756 2648 812 ad
2682 772 2872 827 paceni
2920 758 3164 827 gentium
3209 759 3524 829 pertinent,

1964 854 2339 904 consentanea
2370 848 2437 905 iis
2478 864 2600 919 quae
2642 848 2799 919 prius
2836 848 3085 919 exposita
3128 857 3292 915 sunt,
3328 850 3529 920 adjun-

1967 944 2170 1006 guntur
2202 937 2309 992 hoc
2338 939 2501 993 modo
2532 957 2546 993 :
2587 956 2606 990 ‹
2644 938 2708 991 Ει
2752 938 3088 994 abundantia
3122 940 3273 1010 pacis
3304 955 3371 995 ex
3400 956 3534 1011 gen-

1964 1028 2113 1084 tibus
2135 1069 2151 1095 ,
2186 1048 2205 1081 ι
2239 1043 2339 1099 pro
2367 1043 2477 1099 quo
2504 1029 2701 1099 Aquila
2734 1039 2788 1084 et
2820 1031 3019 1100 reliqui
3054 1031 3380 1099 interpretes
3408 1032 3533 1088 red-

1964 1119 2262 1175 diderunt:
2301 1138 2320 1172 ι
2351 1119 2420 1174 Et
2479 1121 2733 1191 loquetur
2788 1136 2977 1191 pacem
3023 1123 3306 1193 gentibus,
3340 1143 3358 1176 ι
3388 1123 3533 1195 quod

1964 1210 2182 1282 quidem
2213 1212 2451 1268 maxime
2474 1212 2543 1268 ab
2577 1211 2810 1283 Augusti
2844 1212 3071 1283 imperio
3103 1223 3319 1270 constat
3349 1217 3431 1272 vel
3463 1217 3530 1272 ad

1974 1306 2203 1362 verbum
2243 1320 2368 1362 esse
2402 1307 2728 1378 completum
2750 1346 2766 1372 ,
2797 1322 2920 1361 cum
2960 1321 3027 1360 ex
3068 1307 3160 1361 illo
3195 1309 3376 1365 omnis
3406 1310 3531 1379 qui-

1964 1394 2085 1450 dem
2140 1394 2447 1465 principum
2488 1395 2784 1450 multitudo
2832 1394 3176 1466 disperierit,
3214 1412 3319 1466 pax
3351 1406 3531 1453 autem

1965 1486 2232 1556 plurimas
2279 1487 2431 1543 orbis
2476 1495 2670 1558 gentes
2708 1486 2987 1556 complexa
3035 1487 3125 1541 sit.
3179 1486 3316 1554 Quis
3368 1506 3532 1560 porro

1966 1584 2093 1633 ante
2125 1575 2374 1632 Romana
2416 1587 2660 1648 tempora
2692 1578 2775 1632 vel
2816 1576 3039 1633 Persico
3070 1580 3153 1635 vel
3185 1579 3532 1638 Macedonico

1967 1676 2148 1725 stante
2170 1670 2431 1739 imperio,
2460 1670 2584 1725 talis
2605 1670 2817 1725 exstitit
2841 1685 2939 1725 rex
2967 1668 3275 1725 Judazorum
3297 1711 3313 1736 ,
3346 1681 3405 1726 ut
3435 1673 3533 1727 do—

1966 1762 2207 1818 minatus
2238 1762 2310 1817 sit
2338 1777 2368 1817 a
2397 1763 2535 1816 mari
2566 1778 2738 1833 usque
2767 1762 2834 1816 ad
2862 1777 3044 1829 mare,
3077 1772 3132 1819 et
3159 1780 3186 1817 a
3218 1763 3533 1821 ﬂuminibus

296 1864 405 1917 ταί.
433 1835 491 1917 ’ὸ
544 1835 673 1932 γοῦν
724 1835 951 1926 Ἀκύλας
983 1835 1116 1932 φησί
1133 1879 1146 1892 ·
1186 1880 1204 1912 ι
1242 1862 1352 1915 Καὶ
1381 1861 1602 1933 λαλήσει
1633 1835 1865 1934 ἐἰρήνην

1970 1868 2147 1922 usque
2179 1853 2247 1908 ad
2280 1855 2544 1910 terminos
2573 1856 2724 1910 orbis
2758 1856 2965 1911 terrae?
3000 1857 3184 1928 itaque
3215 1856 3319 1912 hoc
3355 1858 3533 1929 signi.

297 1958 409 2019 τοῖς
432 1955 626 2020 ἔθνεσι,
660 1955 803 2025 καὶὴ
834 1954 1051 2021 ἐξουσία
1081 1953 1242 2007 αὑτοῦ
1283 1952 1391 2007 ἀπὸ
1427 1953 1701 2025 θαλάσσης
1721 1994 1736 2019 ,
1773 1955 1866 2008 καὶ

299 2048 406 2102 ἀπὸ
438 2045 679 2118 ποταμοῦ
706 2046 810 2110 ἓως
832 2047 1081 2118 περάτων
1112 2049 1211 2118 τῆς
1232 2046 1585 2119 οἰκουμένης
1617 2065 1636 2098 ι
1667 2040 1712 2115 ᾧ
1746 2063 1867 2100 συν-

298 2141 411 2210 ᾴδει
434 2142 526 2193 καὶ
552 2139 613 2193 τὸ
644 2140 701 2191 ἐν
729 2138 1108 2210 ἑϐδομηκοπῷ
1157 2137 1358 2210 πρώτῳ
1385 2137 1582 2210 ψαλμῷ
1615 2140 1744 2209 περί
1768 2140 1862 2211 τοῦ
1926 2198 1931 2201 _

296 2234 359 2286 ἐκ
382 2233 692 2304 σπέρματος
724 2231 1031 2303 Σολομῶνος
1051 2231 1444 2302 γεννησομένου
1473 2220 1731 2303 Χριστοῦ,
1763 2226 1866 2285 ὧδέ

297 2340 374 2394 πη
389 2325 510 2396 εἰρη
517 2325 693 2395 μένονο
716 2343 734 2375 ι
756 2322 1028 2378 ’Λνατελεῖ
1044 2325 1100 2376 ἐν
1113 2325 1232 2385 ταῖς
1250 2321 1482 2394 ἡμέραις
1495 2322 1658 2376 αὐτοῦ
1673 2322 1868 2377 δικαιορ

298 2416 452 2485 σύνη,
473 2416 566 2469 καὶ
582 2415 787 2485 πλῆθος
799 2417 1041 2486 εἰρήνης,
1056 2413 1163 2477 ἐως
1178 2410 1240 2467 οὗ
1258 2416 1615 2487 ἀνταναιρεθῇ
1644 2417 1677 2486 ἡ
1710 2416 1868 2489 σελήυ

295 2525 384 2577 νη,
398 2507 492 2559 καὶ
506 2506 923 2578 κατακυριεύσει
939 2504 1046 2558 ἀπὸ
1066 2504 1341 2576 θαλάσσης
1356 2504 1461 2569 ἕως
1477 2506 1867 2577 θαλάσσης,καὶ

296 2597 404 2650 ἀπὸ
430 2594 676 2668 ποταμοῦ
715 2596 819 2660 ἓως
850 2596 1098 2668 περάτων
1118 2599 1218 2667 τῆς
1240 2591 1602 2668 οἰκουμένης·
1641 2617 1660 2650 ι
1693 2597 1867 2653 ταῦτα

297 2688 405 2760 γὰρ
426 2687 661 2762 περὶτοῦ
680 2688 796 2742 υἰοῦ
812 2687 1125 2759 Σολομῶνος
1153 2688 1387 2757 ἐλέγετο,
1402 2690 1555 2744 οὐδὲν
1570 2689 1866 2762 λειπόμενα

297 2781 403 2835 τῶν
433 2783 491 2835 ἐν
521 2781 599 2853 τῷ
631 2782 881 2853 προφήτῃ
920 2780 1244 2852 εἰρημένων.
1279 2781 1406 2834 Πότ⁸
1432 2778 1526 2835 οὖν
1568 2782 1740 2836 ταῦτα
1771 2783 1866 2836 καὶ

299 2873 435 2937 πῶς,
463 2872 496 2945 ἦ
528 2873 666 2927 κατὰ
716 2873 902 2935 ποίους
940 2872 1163 2943 χρόνους
1194 2873 1434 2941 γέγονεν,
1467 2874 1496 2924 6
1548 2871 1866 2942 βουλόμενος

298 2962 742 3039 ἐρμηνευέτωοῆ
790 2963 919 3017 πότε
964 2963 1153 3017 ἄλλοτε
1206 2963 1342 3035 μετά
1396 2963 1494 3035 τὴν
1541 2961 1648 3016 ὑπὸ
1691 2964 1867 3017 Βαϐυο

295 3055 506 3119 λωνίοις
560 3054 870 3126 πολιορκίαν
911 3053 1160 3126 δεύτερον
1198 3054 1524 3127 ἐμπρησμὸν
1577 3054 1866 3126 ὑπέμεινεν

1968 1944 2200 1998 licarunt
2240 1945 2437 2015 reliqui
2482 1945 2826 2017 interpretes.
2873 1947 3072 2018 Aquila
3116 1949 3260 2003 enim
3296 1949 3377 2004 sic
3408 1950 3530 2007 ait:

1972 2053 1992 2086 ι
2031 2037 2095 2089 Et
2135 2037 2389 2106 loquetur
2425 2052 2613 2107 pacem
2643 2040 2931 2110 gentibus,
2961 2047 3018 2094 et
3063 2048 3308 2110 potestas
3337 2042 3457 2111 ejus
3502 2058 3533 2096 a

1965 2126 2104 2180 mari
2150 2142 2326 2198 usque
2363 2129 2433 2183 ad
2478 2144 2661 2194 mare,
2710 2137 2765 2186 et
2806 2145 2838 2185 a
2881 2129 3201 2187 ﬂuminibus
3243 2149 3420 2204 usque
3465 2134 3533 2188 ad

1966 2218 2233 2275 terminos
2262 2218 2415 2273 orbis
2455 2227 2633 2275 terra.
2665 2240 2685 2273 ι
2716 2221 2818 2277 Cui
2861 2224 3160 2278 concordat
3203 2226 3367 2279 etiam
3401 2224 3533 2280 illud

1965 2309 2111 2378 quod
2150 2309 2206 2363 in
2249 2323 2377 2363 Lm
2419 2310 2629 2379 psalmo
2662 2310 2729 2366 de
2756 2309 2977 2368 Christo
3006 2313 3241 2378 canitur,
3275 2314 3370 2386 qui
3417 2326 3535 2370 erat

1965 2399 2034 2457 de
2069 2400 2279 2456 semine
2321 2399 2633 2458 Salomonis
2683 2402 2964 2469 oriturus,
3015 2406 3158 2476 quod
3209 2407 3430 2477 quidem
3478 2412 3533 2466 in

1966 2492 2114 2547 hunc
2143 2491 2366 2547 modum
2413 2507 2474 2548 se
2504 2492 2712 2550 habet:
2748 2513 2767 2547 ι
2811 2494 3031 2551 Orietur
3075 2497 3129 2551 in
3168 2498 3361 2556 diebus
3416 2502 3537 2572 ejus

1961 2585 2210 2654 justitia,
2240 2593 2295 2640 et
2320 2585 2654 2640 abundantia
2682 2586 3031 2657 pacisdonec
3063 2589 3348 2646 auferatur
3383 2593 3537 2659 luna,

1966 2684 2021 2732 et
2049 2674 2425 2731 dominabitur
2452 2691 2484 2731 a
2518 2678 2658 2741 mari
2694 2694 2869 2748 usque
2916 2680 2986 2734 ad
3032 2696 3216 2745 mare,
3263 2692 3317 2738 et
3360 2699 3390 2738 a
3435 2685 3537 2740 llu-

1967 2771 2117 2826 mine
2145 2786 2322 2841 usque
2349 2771 2419 2827 ad
2445 2773 2713 2829 terminos
2737 2774 2889 2832 orbis
2920 2782 3081 2832 terrae
3106 2778 3147 2834 ".
3188 2795 3208 2828 ι
3236 2778 3361 2833 limo
3388 2780 3534 2835 enim

1966 2862 2035 2919 de
2078 2864 2190 2919 lilio
2236 2863 2547 2921 Salomonis
2587 2866 2735 2921 dicta
2779 2876 2910 2924 sunt
2950 2884 3072 2940 quae
3104 2870 3239 2924 nihil
3275 2870 3538 2927 dilferunt

1966 2957 2036 3012 ab
2087 2958 2192 3023 iis,
2241 2973 2365 3029 quae
2412 2959 2558 3030 apud
2610 2958 2940 3031 Prophetam
2989 2963 3264 3034 leguntur.
3301 2963 3532 3030 Quando

1967 3047 2134 3119 igitur
2162 3049 2306 3114 haec,
2339 3050 2424 3105 vel
2448 3050 2753 3120 quomodo,
2785 3058 2879 3107 aut
2911 3054 3112 3123 quibus
3145 3055 3369 3111 tandem
3399 3063 3538 3111 tem-

306 3144 679 3217 Ἰερουσαλὴμ,
705 3144 798 3198 καὶ
829 3146 857 3197 6
891 3144 950 3196 ἐν
982 3144 1120 3214 αὐτῇ
1150 3144 1457 3216 κατερῤίφη
1493 3143 1644 3208 νεώς.
1680 3148 1745 3198 Ὀ
1772 3148 1865 3201 καὶ

1966 3140 2194 3209 poribus
2223 3141 2570 3206 exstiterint,
2607 3142 2654 3197 si
2693 3142 2817 3213 quis
2856 3153 2943 3199 est
2982 3144 3074 3215 qui
3116 3147 3321 3215 possit,
3363 3147 3537 3203 inter-

295 3237 428 3291 αὐτὸ
448 3236 629 3308 θαῦμα
663 3236 804 3308 μέγα
832 3234 965 3306 ἔχει,
985 3234 1061 3298 ὡς
1079 3234 1295 3306 ᾐνίξατο
1320 3236 1350 3287 6
1371 3238 1654 3309 προφήτης
1673 3236 1863 3291 εἰπών’

298 3346 320 3383 ι
345 3328 632 3394 Διάνοιξον,
649 3330 677 3381 6
696 3327 946 3393 Λίϐανος,
967 3326 1067 3391 τάς
1083 3326 1250 3397 θύρας
1270 3344 1385 3392 σου,
1401 3329 1494 3381 καὶ
1508 3330 1867 3399 καταφαγέτω

297 3421 409 3493 πῦρ
431 3421 529 3484 τὰς
561 3420 786 3491 κέδρους
814 3436 925 3473 σου.
966 3437 985 3471 ι
1024 3419 1254 3475 Λίϐανον
1279 3419 1389 3492 γὰρ
1418 3420 1477 3474 ἐν
1505 3421 1714 3484 τούτοις
1741 3438 1866 3475 συν-

297 3512 443 3585 ήθως
477 3512 607 3565 αὐτὸ
636 3512 697 3564 τὸ
747 3512 891 3581 ἱερὸν
937 3511 1224 3582 ὀνομάζει’
1265 3513 1388 3566 ἐπεὶ
1429 3514 1524 3566 καὶ
1568 3513 1633 3566 δι’
1667 3515 1867 3585 ἐτέρων

298 3602 640 3675 προφητειῶν
672 3601 1045 3655 ἀποδέδεικται
1069 3600 1298 3666 Λίϐανος
1325 3602 1485 3666 αὐτὸς
1513 3604 1542 3655 6
1582 3602 1718 3666 νεὼς
1747 3605 1869 3657 ἐπι-

297 3694 649 3765 κεκλημένος.
701 3691 872 3745 Τοῦτο
915 3691 972 3745 δὲ
1010 3692 1105 3745 καὶ
1147 3692 1304 3745 αὐτοὶ
1357 3693 1545 3756 παῖδες
1602 3692 1867 3747 Ἰουδαίων

297 3785 466 3840 εἰσέτι
512 3783 607 3837 νῦν
656 3780 1008 3855 ὁμολογοῦσιν
1026 3794 1045 3813 ’λ
1076 3783 1201 3835 ἐπεὶ
1244 3782 1609 3845 καιἮσατας
1652 3783 1866 3854 ἐμφερῆ

297 3877 376 3949 τῷ
407 3877 543 3948 μετά
583 3878 771 3946 χεῖρας
816 3876 1071 3947 προφήτῃ
1099 3873 1366 3937 θεσπίζων
1409 3873 1639 3945 ἔφησεν·
1672 3892 1690 3925 ι
1738 3874 1866 3927 Ἰδοὺ

297 3966 503 4037 Κύριος
560 3964 782 4018 Σαϐαὼθ
842 3963 1198 4034 συνταράσσει
1245 3962 1372 4026 τοὺς
1432 3961 1674 4029 ἐνδόξους
1730 3963 1869 4034 μετά

302 4059 515 4129 ἰσχύος,
557 4059 651 4111 καὶ
683 4059 731 4110 οἰ
764 4056 956 4128 ὑψηλοὶ
983 4059 1050 4127 τῇ
1106 4054 1260 4127 ὕϐρει
1295 4054 1756 4127 συντριϐήσονται.
1810 4056 1867 4107 '0

297 4150 355 4203 δὲ
382 4149 610 4213 Λίϐανος
632 4150 727 4203 σὺν
750 4150 864 4211 τοῖς
895 4146 1117 4217 ὑψηλοῖς
1137 4149 1402 4212 πεσεῖται,
1422 4146 1515 4199 καὶ
1531 4146 1869 4211 ἐξελεύσεται

303 4242 495 4315 ῥάϐδος
525 4243 594 4296 ἐκ
617 4244 717 4313 τῆς
738 4240 892 4313 ῥίζης
935 4238 1150 4302 Ἰεσσαὶ,
1177 4239 1269 4291 καὶ
1312 4237 1471 4303 ἄνθος
1497 4241 1560 4293 ἐκ
1584 4240 1685 4309 τῆς
1714 4238 1868 4311 ῥίζης

299 4335 650 4407 ἀναϐήσεται,
674 4334 769 4388 καὶ
790 4331 1235 4386 ἐπαναπαύσεται
1253 4332 1339 4383 ἐπ’
1357 4330 1516 4384 αὐτὸν
1539 4331 1756 4402 πνεῦμα
1772 4330 1866 4384 τοῦ

300 4428 437 4482 Θεοῦ
460 4445 507 4480 ἰ
534 4422 613 4491 οἷς
626 4426 862 4496 ἐπιλέγει
880 4443 894 4456 ·
933 4446 952 4476 ‹
979 4426 1089 4480 Καὶ
1116 4424 1264 4478 ἔσται
1289 4426 1323 4494 ἡ
1367 4424 1491 4495 ῥίζα
1518 4423 1614 4477 τοῦ
1649 4423 1865 4488 Ἰεσσαὶ,

301 4519 396 4572 καὶ
439 4521 467 4572 6
521 4519 875 4590 ἀνιστάμενος
906 4517 1092 4590 ἄρχειν
1143 4516 1351 4583 ἐθνῶν,
1411 4518 1496 4569 ἐπ’
1542 4515 1688 4586 αὐτῷ
1739 4515 1864 4587 ἔθνη

301 4608 565 4663 ἓλπιοῦσι.
590 4629 609 4660 ι
642 4611 752 4664 Καὶ
783 4610 1013 4663 ἐνταῦθα
1051 4610 1160 4682 γὰρ
1194 4608 1330 4681 ὁμοῦ
1357 4610 1424 4680 τῇ
1458 4609 1521 4661 ἐκ
1556 4609 1870 4679 σπέρματος

313 4700 508 4754 Ἰεσσαὶ
532 4700 625 4753 καὶ
642 4700 801 4753 Δαϐἰδ
826 4702 1035 4769 γενέσει
1052 4700 1144 4755 τοῦ
1177 4698 1437 4772 Χριστοῦ,
1473 4697 1706 4751 Λιϐάνου
1734 4696 1868 4751 καθ-

301 4793 510 4862 αίρεσις
552 4792 645 4845 καὶ
677 4790 845 4846 ἐθνῶν
874 4792 1067 4864 κλῆσις
1100 4790 1384 4862 συνῆπται.
1418 4789 1647 4843 Λίϐανον
1671 4788 1730 4841 δὲ
1759 4788 1857 4859 τὴν

313 4879 670 4951 Ἰερουσαλὴμ
719 4879 1009 4952 διαρρήδην
1058 4883 1086 4934 6
1138 4881 1233 4934 καὶ
1293 4879 1552 4951 Ἰεζεκιὴλ
1618 4880 1870 4950 σημαίνει

298 4972 473 5041 λέγων
492 4988 507 5002 ⁸
553 4990 573 5024 ‹
618 4973 676 5025 Ὁ
716 4972 873 5035 ἀετὸς
902 4975 930 5026 6
965 4972 1164 5043 μέγας,
1205 4974 1234 5025 6
1284 4971 1759 5043 μεγαλοπτέρυγος
1781 5010 1796 5034 ,
1842 4972 1872 5023 6

301 5063 440 5136 ἔχων
468 5063 528 5117 τὸ
554 5064 748 5135 ἦγημα
785 5062 1045 5117 εἰσελθεῖν
1081 5064 1162 5126 εἰς
1196 5064 1288 5117 τὸν
1328 5063 1592 5126 Λίϐανον,
1629 5061 1721 5114 καί
1763 5063 1870 5116 ἀπ-

304 5157 493 5229 έκρισε
524 5156 593 5210 τὰ
625 5153 809 5210 ἁπαλὰ
840 5156 937 5227 τῆς
965 5156 1177 5229 κέδρου.
1219 5175 1237 5207 ι
1265 5154 1453 5209 Ταῦτα
1486 5153 1617 5224 γοῦν
1648 5155 1677 5206 6
1709 5150 1870 5214 αὐτὸς

300 5248 430 5319 ἑξῆς
465 5248 742 5317 διασαφῶν
770 5246 1010 5316 ἐπιλέγει
1028 5263 1041 5277 ·
1075 5267 1093 5298 ι
1120 5248 1234 5300 “Οτ’
1267 5246 1334 5300 ἂν
1376 5246 1504 5318 ἔλθῃ
1533 5243 1868 5314 Ναϐουχοδο-

300 5342 460 5414 νόσορ
507 5340 600 5393 ἐπὶ
655 5338 1008 5411 Ἰερουσαλὴμ
1029 5377 1044 5402 ,
1100 5338 1192 5391 καί
1254 5337 1395 5410 λάϐῃ
1419 5337 1544 5400 τοὺς
1603 5336 1868 5407 ἄρχοντας

301 5433 491 5504 αὐτῆς,
517 5451 536 5484 ι
579 5431 671 5485 καὶ
701 5430 771 5484 τά
813 5427 959 5501 ἐξῆς.
1008 5428 1168 5483 Ἀλλά
1201 5426 1373 5481 ταῦτα
1409 5430 1509 5499 μὲν
1542 5430 1570 5482 6
1612 5427 1868 5499 Ἰεζεκιὴλ

302 5523 432 5596 περὶ
460 5523 559 5595 τῆς
594 5520 815 5595 πρώτης
847 5519 1036 5592 ἐδήλου
1071 5517 1403 5589 πολιορκίας,
1442 5518 1559 5588 μεθ’
1588 5518 1654 5588 ἣν
1692 5518 1721 5570 6
1758 5520 1865 5572 Ζα-

300 5614 492 5688 χαρίας
528 5606 774 5686 περὶτῆς
802 5613 1057 5684 δευτέρας
1092 5608 1356 5675 θεσπίζει.
1380 5609 1516 5662 Πότε
1548 5610 1701 5673 οὗτος
1731 5610 1866 5680 μετά

373 5795 392 5825 ⁷
432 5792 577 5849 Psal.
613 5810 773 5861 ιιιι,
807 5792 862 5857 7,
901 5794 957 5849 8.
1037 5793 1060 5825 ⁸
1100 5790 1205 5848 lsa.
1237 5806 1326 5857 ιι,
1364 5790 1415 5858 1,
1445 5790 1500 5844 2.
1576 5792 1597 5823 ⁹
1640 5788 1767 5844 ibid.
1807 5788 1890 5844 l0.

1966 3239 2232 3301 pretetur.
2271 3237 2381 3286 Aut
2413 3247 2652 3303 quonam
2705 3235 2813 3289 alio
2858 3244 3101 3306 tempore
3136 3246 3261 3308 post
3304 3239 3537 3311 Babylo-

1965 3324 2146 3378 nicam
2175 3324 2517 3381 obsidionem
2534 3365 2549 3390 ,
2577 3326 2809 3385 alterum
2836 3343 3096 3398 perpessa
3123 3331 3196 3386 sit
3218 3331 3534 3389 incendium

1964 3411 2304 3479 Jerusalem,
2350 3422 2406 3470 et
2448 3417 2595 3487 quod
2638 3416 2694 3472 in
2737 3417 2853 3488 ipsa
2891 3421 3157 3491 templum
3200 3432 3353 3492 erat,
3385 3420 3538 3495 dejeé-

1966 3515 2114 3561 ctum
2147 3507 2241 3563 sit.
2268 3506 2424 3574 Quod
2453 3510 2617 3564 etiam
2643 3510 2819 3581 ipsum
2847 3527 3099 3582 magnam
3125 3513 3281 3570 all'ert
3302 3517 3540 3573 admira-

1966 3598 2169 3654 tionem
2190 3641 2206 3667 ,
2241 3602 2700 3671 quemadmodum
2730 3603 2990 3673 propheta
3026 3606 3081 3660 id
3109 3606 3495 3677 signiﬁcaverit
3516 3651 3534 3675 ,

1966 3691 2157 3757 dicens
2186 3709 2200 3745 :
2230 3709 2250 3743 ι
2273 3692 2473 3763 Aperi,
2504 3691 2708 3749 Libane
2728 3732 2744 3759 ,
2780 3701 2967 3764 portas
2999 3703 3122 3752 tuas
3142 3737 3158 3761 ,
3194 3704 3263 3754 et“
3290 3701 3537 3757 comedat

1966 3781 2109 3852 ignis
2136 3781 2332 3836 cedros
2382 3789 2525 3837 tuas.
2563 3801 2583 3835 ι
2614 3782 2748 3838 Nam
2800 3782 3066 3841 Libanum
3118 3787 3173 3845 in
3221 3788 3308 3846 bis
3357 3792 3537 3849 verbis

1967 3888 2122 3928 more
2143 3888 2246 3929 suo
2268 3873 2527 3943 templum
2549 3875 2727 3945 ipsum
2750 3875 3031 3932 nominat:
3058 3880 3313 3948 quoniam
3336 3880 3389 3935 in
3414 3883 3536 3939 aliis

1967 3977 2190 4034 quoque
2237 3963 2542 4034 prophetiis
2586 3972 2867 4021 ostensum
2900 3973 3019 4030 est,
3056 3967 3322 4023 Libanum
3358 3972 3535 4042 ipsum

1968 4055 2234 4125 templum
2256 4055 2468 4110 vocari.
2498 4054 2555 4110 ld
2585 4064 2766 4111 autem
2790 4057 2895 4127 ipsi
2923 4073 3139 4129 quoque
3160 4058 3330 4115 Judaei
3359 4062 3537 4118 adhuc

1969 4147 2322 4209 conﬁtentur,
2373 4146 2814 4217 quandoquidem
2845 4148 3017 4206 Isaias
3047 4151 3176 4206 huic
3219 4154 3533 4224 prophetae,

1966 4238 2062 4310 qui
2092 4253 2239 4293 nunc
2255 4247 2546 4301 tractatur,
2578 4238 2781 4293 similia
2793 4255 2996 4296 canens
3024 4241 3162 4296 dixit
3186 4262 3199 4297 :
3224 4262 3242 4295 ι
3265 4242 3405 4299 Ecce
3429 4243 3537 4299 Do-

1966 4332 2151 4391 minus
2184 4329 2425 4387 Sabaoth
2454 4332 2805 4387 conturbabit
2831 4332 3102 4404 gloriosos
3134 4349 3258 4389 cum
3302 4336 3500 4393 robore
3519 4376 3534 4402 ,

1967 4429 2023 4480 et
2063 4421 2264 4479 excelsi
2318 4423 2648 4478 contumelia
2682 4429 3054 4480 conterentur.
3090 4423 3329 4480 Libanus
3355 4434 3534 4482 autem

1899 4502 1941 4556 θ
1970 4530 2094 4570 cum
2133 4515 2365 4571 excelsis
2404 4515 2595 4579 cadet,
2641 4521 2696 4569 et
2735 4515 3041 4585 egredietur
3074 4517 3224 4587 virga
3257 4516 3323 4572 de
3352 4518 3537 4574 radice

1961 4605 2138 4673 Jesse,
2160 4615 2215 4662 et
2237 4607 2338 4662 llos
2363 4605 2431 4661 de
2459 4606 2645 4660 radice
2666 4608 2946 4672 ascendet,
2971 4617 3024 4664 et
3045 4611 3354 4679 requiescet
3375 4624 3537 4679 super

1963 4714 2088 4754 eum
2112 4698 2341 4769 spiritus
2370 4696 2465 4752 Dei
2487 4696 2531 4763 ⁸;
2556 4716 2575 4748 ι
2597 4695 2800 4766 quibus
2817 4697 3062 4769 adiungit
3088 4718 3100 4753 :
3123 4717 3141 4749 ι
3166 4697 3227 4752 Et
3248 4699 3352 4755 erit
3379 4699 3535 4752 radix

1961 4789 2158 4854 Jesse,
2201 4796 2258 4844 et
2297 4788 2391 4858 qui
2439 4790 2616 4859 surgit
2657 4797 2716 4845 ut
2758 4790 2984 4859 imperet
3013 4790 3296 4861 gentibus,
3327 4789 3381 4843 in
3416 4789 3535 4859 ipso

1963 4882 2125 4956 41],
2149 4889 2339 4953 gentes
2367 4883 2724 4951 sperabunt’.
2757 4900 2778 4935 ι
2814 4881 3026 4937 Etenim
3060 4883 3149 4937 hic
3177 4896 3394 4952 quoque
3428 4898 3535 4936 una

1964 4988 2090 5026 cum
2122 4977 2246 5025 ortu
2272 4968 2478 5026 Christi
2504 4969 2573 5026 de
2610 4971 2819 5025 semine
2845 4968 3003 5026 Jesse
3030 4978 3085 5025 et
3115 4968 3307 5035 David,
3345 4967 3532 5023 Libani

1972 5063 2184 5119 eversio
2214 5066 2269 5117 et
2299 5062 2784 5132 gentium-vocatio
2808 5060 3103 5131 conjuncta
3130 5068 3234 5116 est.
3268 5059 3532 5115 Libanum

1972 5162 2153 5208 autem
2196 5153 2368 5223 ipsam
2414 5149 2718 5208 Jerusalem
2764 5150 3035 5221 intelligi,
3082 5149 3334 5206 Ezechiel
3375 5150 3535 5221 plane

1971 5244 2244 5315 signiﬁcat
2270 5242 2358 5298 his
2401 5243 2622 5299 verbis:
2658 5262 2677 5294 ι
2707 5241 2907 5313 Aquila
2943 5241 3168 5312 grandis
3214 5254 3533 5310 magnarum

1971 5338 2202 5404 alarum,
2226 5350 2348 5406 quae
2369 5335 2534 5391 habet
2569 5338 2954 5390 auctoritatem
2988 5332 3329 5405 ingrediendi
3363 5332 3418 5385 in
3446 5330 3534 5386 Li-

1966 5425 2192 5489 banum,
2231 5432 2287 5480 et
2324 5424 2521 5480 evulsit
2570 5431 2757 5480 tenera
2801 5423 2947 5480 cedri
2978 5423 3041 5477 ¹⁰.
3080 5440 3099 5474 ι
3138 5421 3205 5475 Et
3252 5421 3366 5476 haec
3416 5422 3533 5490 ipsa

1956 5516 2224 5587 deinceps
2245 5515 2544 5587 explanans
2566 5513 2706 5570 idem
2732 5514 3016 5585 propheta,
3043 5512 3290 5585 adjungit
3312 5530 3327 5567 :
3349 5530 3371 5565 ι
3397 5511 3539 5567 Cum

1972 5611 2187 5665 venerit
2216 5607 2727 5663 Nabuchodonosor
2778 5605 2833 5660 in
2867 5603 3194 5672 Jerusalem,
3225 5612 3280 5661 et
3311 5620 3538 5676 accepe-

1970 5789 2012 5821 ¹⁰
2053 5787 2247 5842 Exech.
2283 5800 2429 5851 xvn,
2460 5782 2517 5839 5.
