2049 3218
290 183 342 211 6ιῶ

605 181 740 210 EUSEBH
758 181 1000 210 CAESARIENSIS
1017 181 1093 210 OPP.
1114 180 1205 209 PARS
1223 180 1256 208 Il.
1276 196 1311 201 —
1327 180 1577 209 APOLOGETICA.

1864 181 1918 209 6H

289 242 326 269 rit
340 241 467 276 princeps
486 240 587 275 ejus",
604 249 614 266 ι
630 245 657 268 et
668 248 728 275 qua:
746 245 908 276 sequuntur.
930 241 1063 269 Caeterum

1128 240 1190 273 τοὺς
1200 240 1334 276 Ζαχαρίου
1346 241 1458 276 χρόνους
1470 239 1516 266 ἐπὶ
1531 239 1581 275 τῆς
1594 239 1758 266 Μακεδόνων
1777 238 1915 274 βασιλείας

289 286 528 321 Ezechielquidem
540 285 596 312 haec
607 285 640 312 de
647 286 735 320 prima
747 285 902 313 Jerusalem
930 286 1075 314 obsidione

285 332 412 368 praedixit
427 342 434 359 :
451 335 512 368 post
531 332 610 366 cujus
630 331 782 360 obsidionis
804 337 910 368 tempus
928 333 1076 360 Zacharias

283 379 322 406 'de
346 378 464 405 secunda
484 378 598 405 divinat.
620 378 734 411 Quando
758 380 840 414 igitur
861 383 922 414 post
938 378 1076 406 Zachariae

283 429 419 459 rtempora,
437 424 487 451 sub
506 425 619 460 imperio
633 424 810 452 Macedonum
826 425 958 460 templum
981 425 1075 452 incen-

282 477 347 497 sum
367 470 427 497 est?
443 474 518 497 certe
540 477 691 505 nunquam.
716 470 856 505 Siquidem
873 475 936 505 post
959 470 1074 506 Babylo-

286 516 394 543 niorum
412 516 651 551 depopulationem
675 520 756 552 atque
781 517 947 549 incendium,
971 517 1073 544 nullam

286 562 357 597 ignis
366 565 478 589 alteram
489 563 667 590 vastationem
675 570 795 597 unquam
808 570 936 597 perpessa
948 563 1073 595 esturbs,

285 607 338 634 nisi
352 607 404 634 sub
419 606 589 642 Vespasiano
601 615 633 634 ac
648 607 710 634 Tito
723 607 909 635 Romanorum
925 609 1073 643 imperato—

284 653 369 683 ribus.
388 653 423 680 ob
446 661 527 688 quam
546 661 612 681 sane
633 655 817 681 vastationem
841 662 940 682 rursus
955 655 1072 682 obscure

283 702 310 725 et
327 706 375 733 per
392 699 492 733 ﬁguras
512 707 570 729 eos.
587 700 634 734 qui
657 700 722 726 olim
744 700 817 734 genti
840 700 1022 734 imperabant,
1038 700 1072 727 ad

283 744 485 779 deplorationes
498 749 525 772 et
536 745 657 772 lamenta
672 746 769 772 invitat
783 746 936 779 oraculum,
955 746 1050 773 dicens
1063 754 1070 772 :

285 800 295 815 ‹
313 789 403 817 Ululet
426 791 523 825 pinus,
540 791 669 825 quoniam
688 791 787 818 cecidit
806 791 923 824 cedrus,
941 792 1070 826 quoniam

281 843 447 871 magnopere
466 836 601 870 magnifici
622 836 712 863 alliicti
726 841 789 864 sunt
805 845 811 862 :
830 837 942 869 ululate,
953 845 1071 872 quercus

281 882 458 915 Basanitidis,
469 883 599 917 quoniam
615 883 765 911 convulsus
779 887 821 911 est
830 884 916 911 saltus
932 885 1066 915 consitus,

1127 287 1291 324 ἐμπρησμὸν
1304 287 1448 324 ὑπέμεινεν
1467 287 1480 313 ὁ
1494 285 1577 318 νεώς;
1594 285 1651 312 ἀλλ’
1664 285 1713 312 οὐκ
1730 285 1802 312 ἐστιν
1817 282 1924 312 είπεῖν.¹

1125 332 1204 360 Μετὰ
1222 333 1277 368 γὰρ
1302 332 1350 368 τὴν
1373 332 1426 359 ὑπὸ
1452 332 1630 358 Βαῆυλωνίων
1656 331 1836 367 πυρπόλησιν,
1859 330 1914 357 οὐδ’

1125 377 1218 404 ἄλλοτε
1242 377 1369 413 δευτέραν
1396 377 1412 413 ἣ
1433 377 1504 404 κατὰ
1535 377 1612 403 Τῖτον
1636 378 1682 403 καὶ
1712 376 1913 403 Οὐεσπασιανὸν

1131 424 1273 459 Ῥωμαίων
1301 424 1518 459 αὐτοκράτορας,
1540 423 1590 458 τὴν
1609 423 1652 450 διὰ
1676 424 1762 458 πυρὸς
1784 423 1913 459 ὑπέμεινε

1125 468 1237 504 φθορὰν,
1247 468 1289 502 ἐφ’
1329 469 1410 495 πάλιν
1424 468 1467 495 διὰ
1479 468 1638 503 αἰνίγματος
1651 469 1715 499 τοὺς
1726 468 1810 494 πάλαι
1822 469 1914 503 ἄρχον-

1123 522 1172 545 τας
1185 513 1231 540 τοῦ
1248 513 1340 545 ἔθνους
1355 514 1401 540 ἐπὶ
1415 513 1528 549 θρήνους
1542 514 1588 540 καὶ
1601 513 1771 549 ὀλοφυρμοὺς
1783 514 1913 542 ἀνακαλεῖ

1124 560 1235 594 φάσκων
1253 560 1267 586 ό
1278 559 1372 594 λόγος·
1391 569 1399 585 ι
1419 560 1585 593 Ὀλολυξάτω
1599 560 1690 592 πίτυς,
1701 560 1767 587 διότι
1784 561 1913 588 πέπτωκε

1123 606 1236 642 κέδρος,
1267 606 1307 632 ὄτι
1335 606 1459 641 μεγάλως
1488 607 1649 641 μεγιστᾶνες
1676 606 1911 643 ἐταλαιπώρησαν.

1129 652 1296 685 Ὀλολύξατε,
1314 652 1393 687 δρύες
1404 652 1453 688 τῆς
1469 652 1651 685 Βασανίτιδος,
1672 653 1713 679 ("ﬁt
1733 653 1910 690 κατεσπάσθη

1123 698 1137 724 ὁ
1148 698 1248 733 δρυμὸς
1262 698 1276 724 ὀ
1297 698 1435 733 σύμφυτος
1445 707 1452 712 ·
1465 698 1540 733 φωνὴ
1561 698 1732 734 θρηνούντων
1757 699 1912 734 ποιμένων,

1122 743 1163 770 ὅτι
1186 743 1426 779 τεταλαιπώρηκεν
1451 744 1468 779 ἡ
1492 743 1669 778 μεγαλωσύνη
1694 744 1792 770 αὐτῶν.
1815 753 1823 769 ι
1845 744 1911 770 Τότε

1122 789 1186 824 γοῦν
1200 790 1247 816 καὶ
1264 789 1403 824 γέγονενή
1420 789 1598 825 Ἰερουσαλὴμ
1608 789 1645 821 ὡς
1662 789 1786 825 πρόθυρα
1802 789 1912 815 σαλευό-

1123 845 1191 872 μενα
1208 837 1274 863 πᾶσι
1291 837 1345 867 τοῖς
1362 835 1436 868 λαοῖς
1448 836 1550 871 κύκλῳ,
1568 836 1615 862 καὶ
1630 836 1658 861 ἐν
1673 837 1705 870 τῇ
1733 834 1847 870 Ἰουδαίᾳ
1865 835 1913 869 γέ-

1121 891 1183 917 γονε
1207 882 1330 918 περιοχὴ,
1349 882 1362 908 ὃ
1385 891 1414 908 τε
1437 881 1629 917 νενομισμένας
1649 881 1739 912 αὐτοῖς
1763 881 1840 915 ἆγιος
1863 881 1910 907 καὶ

281 937 332 956 vox
353 927 558 956 lamentantium
582 931 735 963 pastorum,
759 929 888 964 quoniam
904 929 1008 964 amicta
1024 934 1063 958 est

1120 929 1190 964 ἱερὸς
1203 928 1294 961 τόπος,
1305 927 1389 954 εἰσέτι
1403 927 1451 954 καὶ
1462 928 1582 963 σήμερον
1599 927 1671 958 λίθος
1683 926 1811 961 τυγχάνει
1824 935 1910 952 κατα-

281 974 487 1009 magniﬂcentia
502 982 608 1002 eorum.
631 984 640 1000 ι
660 974 738 1002 Tunc
753 983 820 1002 sane
843 974 916 1002 facta
931 981 973 1003 est
989 976 1069 1003 Jeru-

280 1019 363 1046 salem
379 1019 458 1054 quasi
475 1020 608 1047 vestibula
624 1028 685 1055 quae
701 1021 863 1055 quatiuntur
877 1021 1005 1049 omnibus
1019 1030 1067 1057 po-

280 1064 350 1098 pulis
362 1064 389 1090 in
404 1065 532 1096 circuitu,
548 1068 575 1091 et
590 1064 618 1091 in
633 1064 726 1092 Judaea
739 1065 811 1092 facta
827 1069 869 1093 est
883 1067 998 1093 munitio
1012 1075 1069 1093 am-

279 1110 366 1142 biens,
382 1113 409 1137 et
430 1110 464 1137 ab
488 1110 531 1137 eis
554 1115 749 1139 sacrosanctus
773 1106 945 1139 existimatus
972 1112 1067 1145 locus,

277 1164 364 1191 usque
393 1156 420 1183 in
435 1156 598 1184 hodiernum
616 1158 689 1185 diem
713 1157 784 1192 lapis
801 1158 920 1189 exsistit,
939 1159 986 1193 qui
1002 1166 1068 1186 con-

277 1202 403 1228 culcatur
417 1202 451 1229 ab
475 1203 605 1230 omnibus
621 1203 763 1238 gentibus,
777 1206 805 1230 et
818 1203 977 1238 quicunque
991 1203 1067 1230 illum

277 1247 421 1274 conculcat
436 1247 555 1275 illudens
566 1248 706 1282 illudetur,
722 1249 793 1276 sicut
813 1248 954 1283 prophetia
969 1249 1069 1283 praedi-

277 1297 362 1320 xerat.
380 1292 450 1325 Quin
469 1293 551 1320 etiam
570 1297 715 1328 propterea
730 1293 804 1329 quod
819 1294 859 1320 illi
874 1294 1001 1326 Domino,
1020 1295 1067 1329 qui

276 1338 334 1364 haec
350 1338 498 1371 cecinerat,
509 1339 721 1371 insultaverunt,
737 1336 792 1366 non
808 1339 907 1366 defecit
918 1347 965 1367 eos
979 1348 1068 1375 neque

276 1384 412 1419 planctus,
426 1392 514 1418 neque
524 1384 625 1416 luctus,
641 1392 729 1419 neque
741 1384 910 1412 lamentatio.
922 1384 1065 1420 Nunquam

276 1429 360 1464 igitur
381 1429 449 1456 alias
470 1429 524 1456 nisi
546 1433 608 1465 post
634 1429 786 1457 Salvatoris
808 1431 895 1458 nostri
920 1431 1065 1458 adventum

276 1483 364 1510 usque
384 1475 420 1502 ad
434 1476 505 1502 hanc
521 1479 722 1512 tempestatem,
740 1484 836 1504 omnes
858 1477 946 1505 tribus
959 1477 1066 1505 Iudaeo-

275 1529 337 1548 rum
372 1522 520 1557 quidquam
549 1522 743 1550 lamentatione
773 1524 919 1558 planctuve
951 1523 1064 1559 dignum

275 1574 364 1602 passae
379 1571 454 1598 sunt,
471 1571 580 1602 propter
594 1568 701 1603 plagam
716 1576 778 1603 quae
795 1568 870 1603 ipsos
882 1568 936 1596 Deo
949 1568 1064 1597 feriente

275 1613 494 1647 deprehenderit,
506 1621 538 1640 ex
554 1621 607 1648 qua
622 1614 704 1641 etiam
718 1614 839 1649 ipsorum
855 1619 943 1642 mater
963 1615 1062 1643 civitas

275 1659 396 1686 externis
410 1659 536 1694 gentibus
552 1659 652 1686 tradita
664 1665 715 1691 est,
734 1665 761 1687 et
775 1661 906 1696 templum
923 1669 1050 1689 eversum

276 1705 476 1740 suﬂ‘ossumque
499 1708 551 1736 est,
574 1704 682 1740 ipsique
706 1705 739 1733 de
761 1706 872 1741 propria
892 1706 1002 1741 regione
1019 1714 1064 1734 ex-

275 1750 347 1784 pulsi
358 1753 432 1782 sunt,
447 1750 473 1776 in
485 1753 558 1776 terra
574 1749 666 1777 hostili
678 1750 798 1778 inimicis
814 1752 975 1780 servientes.
988 1751 1062 1785 Quas

274 1796 310 1823 ob
326 1804 381 1829 res,
404 1796 494 1823 omnis
514 1796 635 1830 ipsorum
651 1796 759 1828 domus,
776 1798 920 1833 omnisque
939 1798 1062 1833 ipsorum

275 1841 366 1868 anima
381 1837 497 1868 in‘bunc
513 1849 601 1876 usque
615 1841 687 1869 diem
703 1842 947 1871 lamentationibus
963 1843 1061 1870 aliiicta

273 1891 324 1913 est.
344 1887 516 1921 Quapropter
542 1886 673 1922 propheta
697 1888 738 1915 sie
758 1888 797 1914 ait
816 1896 823 1914 :
848 1898 858 1914 ί
877 1888 912 1915 Ει
933 1889 1061 1924 plangent

273 1933 387 1967 singulae
398 1932 488 1960 tribus
498 1940 546 1967 per
552 1932 671 1967 seipsas:
681 1932 762 1969 412
771 1934 859 1962 tribus
867 1934 965 1962 domus
975 1935 1060 1962 David

273 1984 408 2009 seorsum,
423 1982 451 2004 et
472 1977 601 2004 mulieres
620 1985 715 2004 eorum
739 1986 864 2006 seorsum
875 1980 907 2012 “,
925 1990 935 2006 ι
954 1985 980 2008 et
999 1989 1061 2016 qua:

272 2026 434 2057 sequuntur.
451 2022 505 2050 Sed
526 2023 572 2057 qui
587 2023 696 2050 tandem
711 2028 773 2058 post
788 2024 926 2053 Zacharias
936 2029 1059 2061 tempora

272 2068 359 2096 secuti
372 2072 437 2095 sunt
447 2068 518 2102 dies,
532 2069 561 2095 in
574 2069 675 2104 quibus
690 2070 778 2104 spolia
799 2069 951 2098 Jerusalem
971 2073 1059 2100 divisa

272 2114 355 2141 sunt?
374 2119 401 2141 et
421 2119 516 2150 gentes
538 2116 673 2143 universa:
697 2115 731 2142 ad
755 2116 856 2143 bellum
881 2122 977 2144 contra
998 2126 1057 2146 eam

270 2160 422 2187 coiverint?
445 2165 471 2188 et
487 2162 586 2189 civitas
603 2165 681 2196 capta
701 2161 747 2193 sit.
765 2166 792 2189 et
814 2162 911 2191 domus
934 2163 1056 2199 direptae,

270 2210 297 2232 et
314 2207 441 2234 mulieres
455 2208 567 2242 pollutae
582 2212 665 2242 atque
680 2207 707 2235 in
723 2207 882 2235 servitutem
898 2209 1018 2237 abactae?
1030 2215 1057 2238 et

1120 974 1288 1010 πατούμενος
1302 975 1368 1001 πᾶσι
1383 975 1439 1005 τοῖς
1455 973 1553 1005 ἔθνεσι,
1575 973 1621 999 καὶ
1635 974 1689 1004 πᾶς
1711 973 1725 999 ό
1744 972 1909 999 κατα-πατῶν

1119 1021 1203 1056 αὐτὴν
1218 1020 1359 1056 ὲμπαίζων
1383 1019 1564 1055 ὲμπαίξεται,
1586 1018 1741 1051 ἀκολούθως
1753 1020 1786 1054 τῇ
1804 1027 1909 1054 προφη-

1118 1068 1188 1103 τεία.
1210 1065 1291 1094 Ἀλλὰ
1313 1067 1360 1093 καὶ
1376 1066 1435 1093 ἀνθ’
1457 1063 1494 1092 ὧν
1518 1066 1730 1101 κατωρχήσαντο
1750 1064 1797 1091 τοῦ
1821 1064 1910 1091 ταῦτα

1119 1110 1303 1145 θεσπίσαντος“
1314 1113 1428 1148 Κυρίου,
1443 1112 1473 1139 οὺ
1488 1112 1656 1138 διαλέλοιπεν
1676 1111 1775 1142 αὐτοὺς
1793 1110 1909 1142 κοπετὺς

1119 1160 1166 1186 καὶ
1179 1159 1295 1195 ὀδυρμὸς
1311 1160 1358 1185 καὶ
1374 1158 1481 1194 θρῆνος.
1506 1158 1543 1184 Οὐ
1569 1157 1678 1184 πώποτε
1698 1157 1762 1192 γοῦν
1782 1156 1874 1183 ἄλλοτε
1890 1156 1907 1191 ἢ

1120 1205 1188 1240 μετὰ
1204 1205 1253 1241 τὴν
1265 1204 1312 1231 τοῦ
1329 1204 1455 1240 Σωτῆρος
1468 1204 1546 1240 ἡμῶν
1557 1203 1719 1239 παρουσίαν,
1736 1203 1782 1229 καὶ
1801 1203 1841 1234 εἰς
1860 1202 1907 1229 τὸν

1118 1250 1178 1277 καθ’
1200 1251 1274 1286 ἡμᾶς
1297 1250 1410 1286 χρόνον,
1435 1250 1521 1276 πᾶσαι
1541 1250 1570 1276 αἰ
1593 1249 1674 1283 φυλαὶ
1693 1248 1741 1275 τοῦ
1773 1248 1908 1274 Ἰουδαίων

1117 1296 1210 1328 ἔθνους
1225 1296 1331 1332 θρήνων
1348 1296 1395 1322 καὶ
1412 1295 1534 1322 κοπετῶν
1551 1289 1614 1328 ἄξια
1630 1294 1780 1321 πεπόνθασι
1799 1293 1842 1320 διὰ
1857 1293 1906 1329 τὴν

1117 1342 1322 1369 καταλαϐοῦσαν
1340 1342 1438 1373 αὐτοὺς
1454 1342 1487 1368 ὲκ
1500 1341 1567 1367 Θεοῦ
1583 1340 1698 1376 πληγὴν,
1715 1340 1759 1374 ὑφ’
1775 1337 1808 1376 ἦς
1827 1340 1874 1366 καὶ
1888 1341 1906 1375 ἡ

1119 1388 1281 1424 μητρόπολις
1296 1387 1384 1414 αὐτῶν
1396 1386 1554 1421 ἀλλοφύλοις
1567 1385 1671 1412 ἔθνεσιν
1679 1385 1798 1421 ἐξεδόθη,
1812 1385 1860 1411 καὶ
1874 1385 1906 1411 τὸ

1118 1432 1189 1468 ἱερὸν
1206 1432 1376 1467 κατεσκάφη,
1394 1431 1470 1457 αὐτοί
1483 1439 1513 1457 τε
1527 1431 1577 1465 τῆς
1602 1429 1669 1462 ίδίας
1691 1430 1782 1465 χώρας
1801 1429 1906 1465 ἀπελή-

1115 1478 1205 1509 λαντο,
1217 1478 1246 1504 ὲν
1261 1478 1294 1513 τῇ
1314 1476 1432 1512 πολεμίᾳ
1446 1475 1552 1511 ἐχθροῖς
1565 1474 1735 1507 δουλεύοντες
1747 1483 1753 1489 ·
1771 1472 1807 1501 ὧν
1823 1475 1905 1501 ἕνεκα

1116 1525 1170 1556 πᾶς
1184 1524 1198 1550 ό
1211 1521 1284 1555 οἶκος
1294 1523 1394 1554 αὐτῶν,
1409 1523 1457 1549 καὶ
1475 1523 1549 1548 πᾶσα
1559 1521 1632 1557 ψυχὴ
1649 1520 1738 1547 αὐτῶν
1753 1520 1836 1547 εἰσέτι
1856 1519 1905 1547 καὶ

1076 1591 1097 1620 c
1116 1571 1235 1606 σήμερον
1255 1569 1362 1605 θρήνοις
1381 1568 1574 1604 ὑποϐέϐληται.
1596 1567 1642 1594 Διό
1661 1575 1742 1602 φησιν
1765 1568 1903 1620 illum-Imb

1113 1617 1190 1643 τεία·
1211 1626 1220 1642 ι
1242 1616 1297 1642 Καὶ
1312 1616 1423 1650 κόψεται
1438 1614 1508 1650 φυλὴ
1527 1613 1597 1641 κατὰ
1617 1613 1715 1649 φυλὴν,
1736 1613 1805 1649 φυλὴ
1827 1613 1901 1640 οἴκου

1113 1663 1194 1690 Δαὸὶδ
1205 1662 1265 1689 καθ’
1278 1662 1387 1697 ἑαυτὴν,
1399 1661 1446 1688 καὶ
1458 1662 1588 1695 γυναῖκες
1599 1660 1688 1688 αὐτῶν
1702 1660 1763 1686 καθ’
1774 1659 1894 1690 ἑαυτάς-ι

1113 1708 1160 1735 καὶ
1185 1708 1220 1734 τὰ
1248 1707 1353 1738 τούτοις
1373 1707 1504 1741 ἑπόμενα.
1521 1706 1603 1733 Ποίαι
1626 1705 1655 1732 δὲ
1678 1705 1747 1741 μετὰ
1772 1705 1831 1736 τοὺς
1851 1704 1898 1731 τοῦ

1113 1750 1248 1786 Ζαχαρίου
1269 1750 1380 1786 χρόνους
1397 1750 1540 1784 γεγόνασιν
1560 1749 1673 1787 ἡμέραι,
1699 1750 1728 1776 ἐν
1746 1746 1790 1781 αῖς
1811 1749 1900 1785 διεμε-

1114 1795 1191 1832 ρίσθη
1211 1796 1245 1821 τὰ
1269 1795 1354 1822 σκῦλα
1377 1796 1426 1831 τῆς
1454 1795 1640 1831 Ἰερουσαλὴμ,
1659 1795 1707 1821 καὶ
1734 1795 1900 1830 ὲπισυνήχθη

1113 1841 1201 1868 πάντα
1223 1840 1258 1867 τὰ
1278 1841 1340 1877 ἕθνη
1358 1841 1401 1867 ἐπ’
1421 1840 1505 1877 αὐτὴν
1525 1841 1566 1872 εἰς
1592 1841 1724 1876 πόλεμον,
1749 1840 1807 1875 ἥλω
1830 1849 1859 1867 τε
1884 1841 1901 1876 ἡ

1112 1886 1199 1919 πόλις,
1220 1888 1268 1914 καὶ
1287 1887 1478 1923 διηρπάγησαν
1494 1887 1522 1914 αἰ
1538 1887 1639 1919 οἰκίαι,
1658 1888 1704 1914 καὶ
1724 1887 1752 1913 αἰ
1774 1888 1902 1921 γυναῖκες

1111 1933 1306 1969 ἐμολύνθησαν,
1329 1932 1493 1968 ἀπήχθησάν
1506 1942 1536 1959 τε
1558 1934 1598 1965 εἰς
1613 1933 1800 1968 αἰχμαλωσίαν
1812 1952 1819 1965 ,
1833 1932 1901 1968 ὁμοῦ

1110 1989 1140 2006 τε
1148 1980 1195 2006 καὶ
1208 1980 1279 2006 κατὰ
1294 1980 1323 2006 τὸ
1337 1980 1402 2006 αὐτὸ
1416 1981 1429 2006 ό
1446 1980 1557 2015 Κύριος,
1573 1980 1723 2014 συμμαχῶν
1743 1980 1799 2010 τοῖς
1811 1979 1902 2005 ἔθνεσι

1109 2027 1166 2057 τοῖς
1195 2025 1244 2061 τὴν
1275 2025 1451 2060 Ἰερουσαλὴμ
1482 2026 1647 2060 πολεμοῦσι,
1676 2024 1845 2060 παρετάξατο
1869 2025 1901 2050 ὲν

1110 2071 1218 2103 αὐτοῖς
1235 2072 1251 2107 ἢ
1269 2071 1332 2098 πότε
1349 2071 1465 2107 ἔστησαν
1482 2071 1506 2096 οἱ
1527 2072 1605 2102 πόδες
1627 2071 1708 2097 αὐτοῦ
1728 2070 1772 2095 ἐπὶ
1789 2069 1819 2095 τὺ
1835 2070 1900 2103 ὅρος

1108 2117 1161 2143 τῶν
1180 2117 1312 2149 Ἑλαιῶν;
1330 2117 1346 2152 ἢ
1361 2118 1425 2143 πότε
1439 2117 1533 2150 γέγονε
1550 2118 1654 2152 Κύριος
1670 2116 1709 2145 εἰς
1727 2113 1836 2148 βασιλέα
1849 2114 1900 2140 ἐπὶ

1109 2164 1198 2191 πᾶσαν
1225 2163 1275 2199 τὴν
1291 2163 1352 2198 γῆν,
1376 2162 1457 2193 αὐτός
1478 2171 1508 2188 τε
1535 2161 1574 2193 εἷς
1600 2162 1700 2195 Κύριος
1722 2159 1768 2187 ἐπὶ
1791 2159 1900 2191 πάντας

1108 2208 1277 2245 ἀνθρώπους,
1294 2210 1341 2235 καὶ
1362 2208 1392 2234 τὸ
1415 2209 1501 2242 ὅνομα
1527 2207 1609 2233 αὑτοῦ
1639 2205 1787 2239 ἐγκυκλοῦν
1805 2206 1898 2231 πᾶσαν

270 2251 379 2285 quando
399 2252 481 2279 simul
502 2253 554 2280 sub
569 2252 640 2281 idem
661 2257 768 2288 tempus
783 2252 913 2281 Dominus
930 2255 1055 2290 gentibus

1113 2255 1157 2290 τὴν
1173 2256 1224 2290 γῆν
1241 2255 1287 2280 καὶ
1300 2254 1350 2289 τὴν
1370 2253 1472 2289 ἔρημον
1483 2261 1489 2284 ;
1502 2253 1588 2279 ταῦτα
1599 2252 1653 2287 γὰρ
1666 2252 1719 2277 οὐδ’
1738 2250 1831 2277 ἄλλοτέ
1851 2259 1897 2277 πω

267 2295 418 2323 Jerusalem
433 2298 660 2333 oppugnantibus
690 2298 867 2331 subveniens,
887 2302 1057 2335 comparavit

269 2349 299 2368 se
313 2341 345 2368 aii
362 2343 483 2377 praelium
503 2351 566 2370 cum
582 2343 654 2371 illis?
671 2347 718 2369 aut
732 2344 842 2378 quando
857 2349 990 2374 steterunt
1007 2354 1057 2381 pe-

267 2387 316 2415 des
331 2389 391 2422 ejus
417 2389 444 2415 in
461 2393 554 2417 monte
571 2390 730 2418 Ulivarum?
752 2393 801 2417 aut
824 2391 934 2426 quando
951 2393 1057 2420 exstitit

268 2433 399 2462 Dominus
410 2434 437 2461 in
457 2434 558 2471 Regem
574 2443 622 2470 per
639 2437 796 2465 universam
811 2437 1055 2473 terram?ipseque

266 2487 337 2506 unus
360 2479 493 2508 Dominus
519 2481 591 2516 apud
617 2490 712 2511 onmes
738 2482 883 2511 homines?
905 2486 932 2510 et
954 2491 1054 2510 nomen

265 2525 325 2559 ejus
341 2526 465 2554 ambiens
475 2528 630 2555 universam
641 2533 743 2556 terram
753 2532 781 2558 et
793 2529 967 2557 solitudinem
976 2530 987 2556 ?
996 2530 1052 2557 haec

264 2570 336 2596 enim
351 2578 490 2605 nunquam
506 2573 649 2608 quisquam
665 2578 743 2601 antea
759 2574 791 2601 ad
810 2580 889 2600 suum
902 2573 981 2600 ﬁnem
995 2579 1054 2607 per-ﬁ

264 2615 346 2642 ducta
360 2614 547 2645 demonstrare
570 2619 681 2653 poterit,
698 2619 750 2646 nisi
772 2619 958 2646 Romanorum
983 2622 1053 2644 tem-

263 2661 386 2695 poribus,
407 2662 507 2697 quibus
528 2669 590 2698 post
614 2662 810 2700 Babylonicum
825 2664 993 2696 incendium,
1013 2665 1052 2691 al-

263 2710 323 2735 tero
348 2715 444 2736 rursus
465 2709 591 2737 incendio
609 2710 731 2745 ipsorum
758 2711 888 2746 templum
911 2713 1049 2736 vastatum

263 2757 315 2787 est,
335 2759 361 2782 et
374 2755 470 2783 civitas
484 2763 517 2783 ex
528 2756 574 2783 illo
590 2757 624 2783 ad
641 2757 713 2784 hunc
729 2764 816 2792 usque
832 2758 902 2784 diem
914 2756 951 2783 ab
961 2760 1051 2783 ener-

263 2797 306 2825 nis
321 2801 445 2833 gentibus
455 2801 571 2829 habitari
584 2803 746 2830 ostenditur.
760 2801 819 2835 Quo
833 2806 957 2839 tempore
967 2802 1048 2829 etiam

299 2887 320 2903 “
348 2887 447 2916 Ezecb.
468 2897 533 2922 xvn,
551 2889 593 2918 1‘2.
635 2890 656 2906 "
678 2890 792 2917 Zachar.
811 2898 869 2923 xu,
890 2888 985 2919 1244.

1107 2301 1238 2336 πρότερον
1250 2299 1307 2335 ἔχοι
1318 2299 1351 2326 ἄν
1360 2307 1403 2330 τις
1413 2299 1453 2329 εἰς
1464 2298 1550 2334 πέρας
1560 2298 1643 2331 δεῖξαι
1655 2297 1779 2332 ἀχθέντα,
1793 2296 1809 2331 ἢ
1823 2295 1899 2322 κατὰ.

1104 2346 1167 2377 τοὺς
1191 2345 1332 2380 Ῥωμαίων
1353 2344 1476 2380 χρόνους,
1498 2343 1558 2369 καθ’
1584 2342 1631 2374 οὓς
1655 2340 1819 2377 ἐμπρησμὸν
1844 2340 1899 2367 ὑπ-

1104 2392 1195 2427 έμεινε
1211 2390 1348 2426 δεύτερον,
1364 2389 1433 2425 μετὰ
1448 2390 1494 2416 τὸν
1516 2389 1568 2415 ὑπὸ
1582 2387 1759 2414 Βαΰυλωνίων
1771 2406 1778 2418 ,
1793 2386 1807 2412 ό
1825 2387 1897 2418 νεὼς

1103 2437 1202 2468 αὐτῶν,
1211 2437 1228 2472 ἦ
1245 2445 1274 2462 τε
1290 2435 1366 2467 πόλις
1381 2435 1411 2467 ἐξ
1421 2436 1527 2462 ἐκείνου
1539 2435 1586 2461 καὶ
1597 2435 1637 2465 εἰς
1649 2433 1729 2469 δεῦρο
1749 2431 1801 2458 ὑπὸ
1816 2431 1896 2459 ἁλλο-

1103 2482 1194 2517 φύλων
1211 2483 1295 2510 ἐθνῶν
1321 2482 1534 2509 κατοικισθεῖσαι
1559 2481 1713 2507 δείκνυται⁸
1738 2479 1781 2505 ὅτε
1807 2478 1858 2506 καὶ⁴
1876 2477 1895 2503 ὁ

1104 2528 1204 2563 Κύριος
1218 2527 1297 2563 ἡμῶν
1316 2527 1419 2563 Ἰησοῦς
1432 2529 1446 2554 ό
1459 2526 1576 2563 Χριστὸς
1588 2526 1635 2552 τοῦ
1647 2524 1713 2552 Θεοῦ
1727 2524 1775 2556 τὰς
1789 2523 1895 2553 οἰκείας

1103 2575 1218 2601 ἐποιεῖτο
1241 2573 1380 2609 διατριϐὰς
1404 2574 1451 2600 ἐπὶ
1471 2573 1518 2599 τοῦ
1541 2572 1669 2603 ὲλαιῶνος
1692 2569 1740 2597 τοῦ
1765 2569 1896 2603 ἄντικρυς

1102 2619 1153 2653 τῆς
1170 2619 1346 2655 Ἰερουσαλὴμ
1360 2619 1450 2655 ὅρους,
1471 2618 1658 2654 πληρουμένου
1680 2615 1728 2643 τοῦ
1744 2615 1895 2649 φάσκοντας

1102 2665 1181 2699 λόγου
1193 2674 1199 2680 ·
1217 2674 1226 2690 ε
1237 2665 1291 2692 Καὶ
1307 2666 1451 2698 στήσονται
1466 2665 1491 2691 οἰ
1510 2665 1589 2695 πόδες
1607 2662 1692 2690 αὐτοῦ
1710 2662 1757 2688 ἐπὶ
1776 2660 1807 2685 τὸ
1830 2659 1895 2694 ὅρος

1102 2710 1156 2737 τῶν
1177 2709 1290 2736 Ἐλαιῶν
1301 2710 1331 2735 τὸ
1341 2709 1484 2736 κατέναντι
1502 2707 1679 2743 Ἰερουσαλήμ
1689 2714 1695 2720 -
1717 2715 1725 2730 ι
1749 2703 1820 2730 τοῦτ’
1834 2702 1901 2730 ἔστι

1102 2755 1149 2782 τοῦ
1164 2755 1305 2787 θεοσεϐοῦς
1317 2755 1513 2790 πολιτεύματος
1524 2753 1583 2781 καθ’
1601 2753 1664 2787 ὅλης
1678 2752 1727 2786 τῆς
1741 2748 1896 2785 ἀνθρώπων

1102 2801 1263 2837 οἰκουμένης
1275 2801 1541 2836 ἀνοικοδομηθέντος,
1556 2798 1644 2826 πάντα
1667 2796 1701 2823 τὰ
1725 2795 1799 2830 ἔθνη,
1821 2791 1897 2821 κατὰ
