4098 6422
343 367 447 423 645

1266 363 1917 422 DEMONSTBATIONIS
1955 364 2414 423 EVANGELICE
2452 362 2583 421 LIB.
2625 363 2763 420 VIII.

3501 366 3608 425 6-16

345 487 443 557 τήν
498 485 865 560 προφητείαν,
895 486 995 557 τὴν
1043 482 1234 556 ἑορτὴν
1284 485 1381 555 τῆς
1434 484 1814 556 Σκηνοπηγίας
1864 485 1922 539 ὲν

2025 485 2291 543 Dominus
2346 493 2538 542 noster
2607 484 2771 542 Jesus
2829 484 3084 542 Christus
3132 484 3229 543 Dei
3285 487 3495 543 versari
3547 489 3607 544 in

348 578 507 632 παντὶ
540 577 690 650 τόπῳ
736 579 814 650 τῷ
868 577 987 649 Θεῷ
1027 576 1135 630 τῶν
1191 570 1485 647 προφητῶν
1525 576 1919 648 πανηγυρίζει,

345 670 632 739 Αἰγύπτιοί
662 689 741 737 τε,
772 671 830 738 ἐξ
855 670 1064 724 ἐκείνου
1091 669 1182 723 τὸν
1210 668 1319 721 τῶν
1350 668 1484 721 ὅλων
1513 668 1646 722 Θεὸν
1669 669 1923 736 ὲπιγνῦν-

343 777 470 826 τες,
517 762 618 825 τὰς
651 762 855 832 σκηνὰς
908 756 1094 815 αὐτῶν
1141 761 1227 829 ἐφ’
1276 759 1514 827 ἑκάστης
1566 758 1773 824 πόλεως
1826 761 1923 815 καὶ

340 853 530 924 χώρας
558 852 948 923 κατεπήξαντο.
978 847 1106 904 Εἶεν
1136 850 1182 903 δ’
1220 849 1285 903 ἂν
1311 844 1470 903 αὗται
1495 850 1550 904 αἰ
1583 849 1725 903 κατὰ
1758 850 1923 904 τόπον

357 944 670 1017 Ἐκκλησίαι
698 943 792 996 τοῦ
820 942 1077 1014 Χριστοῦ.
1105 942 1320 1006 Ταύτας
1349 941 1459 1013 γὰρ
1485 942 1618 996 πολὺ
1642 942 1925 1012 κρείττους

344 1035 454 1089 τῶν
502 1033 653 1106 παρὰ
709 1036 935 1088 Μωῦσεί
981 1033 1196 1103 σκηνῶν
1247 1036 1280 1104 ἡ
1327 1034 1420 1086 τοῦ
1471 1034 1723 1104 Σωτῆρος
1767 1033 1923 1104 ἡμῶν

357 1124 532 1196 Ἰησοῦ
574 1123 810 1195 Χριστοῦ
851 1123 1077 1194 δύναμις
1114 1122 1237 1176 καθ’
1276 1122 1405 1194 ὅλης
1446 1123 1784 1195 συνεπήξατο
1821 1123 1924 1193 τῆς

345 1216 646 1289 ἀνθρώπων
690 1216 1041 1287 οἰκουμένης,
1084 1216 1165 1277 εἰς
1191 1212 1252 1266 τὸ
1284 1216 1392 1267 πᾶν
1435 1216 1591 1283 γένος
1622 1214 1923 1287 ἀνθρώπων

346 1308 440 1361 καὶ
487 1307 666 1362 πάντα
706 1307 777 1360 τά
832 1307 959 1377 έθνη
980 1348 994 1371 ,
1033 1307 1416 1379 Σκηνοπηγίας
1468 1306 1658 1378 ἑορτὴν
1701 1307 1779 1378 τῷ
1830 1306 1924 1359 ἐπὶ

345 1402 562 1455 πάντων
583 1399 702 1472 Θεῷ
733 1399 1020 1453 ἐπιτελεῖν.
1042 1401 1171 1452 Ὅτε
1189 1399 1367 1452 τοίνυν
1394 1398 1489 1452 καὶ
1509 1398 1682 1452 ταῦτα
1700 1398 1769 1452 τά
1789 1399 1923 1472 πρό-

347 1494 513 1549 παλαι
540 1496 649 1556 τοῖς
682 1493 857 1547 ἔθνεσι
881 1493 1401 1564 προαναφωνηθέντα
1424 1491 1545 1546 καθ’
1562 1494 1709 1563 ἡμᾶς
1729 1492 1924 1556 αὐτοὺς

344 1583 561 1655 ὁρῶμεν
598 1584 699 1655 τὴν
724 1582 947 1637 ἔκϐασιν
982 1583 1343 1657 ἀπειληφότα,
1386 1584 1456 1637 τά
1499 1599 1559 1636 τε
1599 1582 1692 1635 τοῦ
1727 1583 1922 1655 θρήνου

345 1677 442 1729 καὶ
489 1675 584 1728 τοῦ
620 1675 852 1729 κοπετοῦ
890 1674 1012 1739 ταῖς
1051 1676 1244 1746 φυλαῖς
1280 1674 1375 1729 τοῦ
1422 1675 1695 1729 Ἰουδαίων
1741 1675 1925 1739 ἔθνους

345 1768 860 1839 προκεκηρυγμένα,
889 1768 957 1822 τά
980 1786 1039 1821 τε
1069 1768 1171 1839 τῆς
1199 1768 1593 1840 πυρπολήσεως
1616 1767 1710 1821 τοῦ
1748 1767 1919 1836 ίεροῦ,

347 1861 441 1914 καὶ
472 1859 571 1931 τῆς
600 1860 834 1931 ἐσχάτης
876 1859 1056 1914 αὐτῶν
1082 1860 1318 1932 ἐρημίας
1342 1899 1357 1923 ,
1392 1858 1596 1931 ὁμοίως
1629 1860 1721 1913 καὶ⁹
1751 1858 1924 1913 ταῦτα

346 1954 466 2015 ταῖς
492 1953 857 2026 προρρήσεσιν
879 1952 1046 2006 εἰσέτι
1084 1953 1177 2006 καὶ
1200 1953 1438 2023 σήμερον
1460 1950 1758 2022 ὀφθαλμοῖς
1791 1950 1926 2004 θεω-

347 2046 523 2119 ρεῖται
541 2060 555 2074 ·
589 2044 642 2096 τί
663 2044 905 2097 λείπεται
939 2044 1032 2096 ἐπὶ
1052 2043 1263 2107 τούτοις
1288 2044 1321 2114 ἢ
1349 2044 1441 2097 καὶ
1464 2045 1556 2097 τὸν
1589 2044 1926 2114 προφητευό-

349 2151 509 2206 μενον
529 2132 762 2188 Βασιλέα
794 2135 884 2188 τὸν
916 2134 1146 2207 Χριστὸν
1171 2132 1265 2186 τοῦ
1299 2133 1434 2187 Θεοῦ
1457 2134 1771 2204 ἐληλυθέναι
1794 2137 1925 2219 ὁμο-

345 2226 559 2297 λογεῖν,
613 2227 723 2283 τῶν
780 2229 922 2283 κατὰ
971 2230 1071 2300 τὴν
1121 2228 1424 2299 παρουσίαν
1473 2226 1636 2279 αὑτοῦ
1688 2226 1926 2297 σημείων

345 2316 431 2386 ὶφ’
492 2317 707 2388 ἑκάστῳ
754 2318 862 2371 τῶν
924 2317 1229 2389 εἰρημένων
1281 2316 1487 2388 ἐναργῆ
1546 2316 1647 2388 τὴν
1704 2316 1927 2370 ἔκϐασιν

345 2404 626 2476 εἰληφέναι
658 2407 1159 2478 ἁποδεδειγμένων;

2024 578 2224 633 oliveto
2247 580 2554 646 consuevit,
2579 577 2727 648 quod
2755 585 2841 634 est
2895 578 2951 633 iu
3003 585 3188 634 monte
3218 584 3411 632 contra
3441 577 3605 636 Jeru-

2026 669 2219 732 salem,
2247 671 2688 741 completumque
2718 675 2804 724 est
2836 670 3122 724 oraculum
3153 668 3304 740 quod
3334 670 3445 724 ait:
3480 687 3500 721 ι
3538 668 3606 723 Et

2023 761 2245 816 stabunt
2264 761 2428 831 pedes
2460 761 2581 830 ejus
2609 762 2666 815 in
2696 769 2880 815 monte
2907 758 3211 826 Olivarum,
3244 761 3339 831 qui
3367 767 3452 817 est
3472 777 3600 816 con-

2022 855 2107 902 tra
2142 847 2472 916 Jerusalem,
2509 870 2529 903 D
2564 851 2670 906 hoc
2707 858 2796 907 est
2845 853 3108 924 religioso
3141 851 3344 922 pioque
3387 852 3604 909 vivendi

2024 940 2276 997 instituto
2321 958 2418 1012 per
2466 942 2657 998 orbem
2711 950 2988 999 terrarum
3042 943 3266 999 condito
3306 953 3361 999 et
3397 952 3604 1012 erecto,

2023 1048 2216 1089 omnes
2258 1034 2563 1090 secundum
2593 1036 2958 1105 prapbetiam,
2988 1036 3134 1092 diem
3167 1036 3365 1113 festum
3398 1036 3603 1093 Taber-

2026 1127 2355 1181 naculorum
2433 1126 2794 1181 celebrabunt
2871 1126 2985 1183 Deo
3053 1128 3478 1199 prophetarum,
3550 1137 3608 1185 et

2025 1219 2267 1291 [Egyptii
2289 1235 2357 1275 ex
2387 1219 2482 1274 illo
2505 1218 2674 1274 Deum
2702 1219 2947 1275 universi
2967 1228 3331 1290 agnoscentes
3359 1221 3607 1275 taberna-

2024 1312 2147 1365 cula
2170 1325 2269 1366 sua
2297 1311 2354 1365 in
2377 1310 2610 1381 singulis
2643 1310 2962 1365 civitatibus
2985 1321 3040 1365 et
3068 1310 3392 1381 regionibus
3410 1310 3602 1380 ﬁgent.

2024 1400 2120 1456 Hae
2150 1416 2316 1471 porro
2348 1403 2462 1458 sint
2482 1401 2690 1457 Christi
2722 1401 2776 1455 in
2813 1402 2965 1457 omni
2999 1402 3123 1457 loco
3153 1404 3391 1459 conditae
3413 1403 3607 1459 Eccle-

2025 1494 2140 1548 siae.
2177 1491 2287 1548 Has
2315 1493 2459 1548 enim
2484 1494 2656 1548 multo
2690 1494 3098 1562 praestantiores
3142 1493 3398 1551 Mosaicis
3420 1495 3606 1552 taber—

2024 1585 2239 1639 naculis
2273 1584 2573 1641 Salvatoris
2598 1587 2773 1640 nostri
2817 1584 2946 1641 Jesu
2990 1585 3195 1641 Christi
3251 1588 3512 1656 potentia,
3544 1585 3605 1643 in

2024 1676 2172 1731 omni
2208 1675 2279 1729 ab
2310 1675 2623 1732 hominibus
2659 1677 2904 1734 habitata
2932 1678 3065 1733 orbe
3106 1693 3206 1749 per
3230 1694 3393 1735 omne
3425 1680 3607 1735 homi-

2026 1783 2156 1822 num
2190 1782 2382 1837 genus,
2413 1782 2510 1837 per
2538 1782 2730 1823 omnes
2758 1777 2949 1838 gentes
2979 1769 3116 1832 ﬁxit,
3161 1777 3221 1824 ut
3266 1768 3378 1824 Deo
3417 1770 3604 1826 omnia

1956 1835 1998 1890 Β
2026 1859 2130 1916 sub
2153 1835 2214 1914 se
2242 1835 2462 1914 habenti
2512 1835 2791 1914 celebrent
2813 1859 2961 1915 diem
3007 1859 3204 1916 festum
3254 1860 3602 1919 Tabernacu-

2032 1953 2233 2007 lorum.
2260 1950 2490 2018 Quando
2513 1952 2679 2021 igitur
2697 1952 2811 2008 haec
2834 1953 3079 2023 quaejam
3110 1954 3202 2009 diu
3235 1955 3491 2025 gentibus
3515 1954 3607 2010 de-

2026 2044 2278 2098 nuntiata
2299 2043 2543 2107 fuerunt,
2565 2043 2770 2099 nostris
2787 2044 3122 2115 temporibus
3135 2045 3383 2101 videmus
3398 2047 3604 2101 exitum

2026 2138 2220 2193 sortita
2252 2151 2399 2201 esse,
2443 2145 2497 2192 et
2538 2152 2659 2208 qua:
2704 2137 2772 2193 de
2811 2138 3052 2193 lamento
3089 2145 3144 2194 et
3193 2137 3414 2207 planctu
3452 2145 3610 2193 tanto

2028 2236 2156 2282 ante
2189 2227 2257 2282 ad
2300 2227 2559 2284 Judaicas
2610 2230 2790 2284 tribus
2817 2228 3084 2285 divinitus
3128 2229 3425 2284 inclamata
3452 2237 3606 2295 sunt,

2032 2334 2262 2390 quaeque
2300 2320 2370 2375 de
2413 2321 2724 2377 vastatione
2764 2320 3133 2391 incendioque
3188 2320 3396 2391 templi,
3426 2330 3602 2378 extre-

2032 2422 2230 2478 maque
2244 2407 2487 2478 ipsorum
2504 2409 2799 2465 solitudine
2820 2408 3100 2479 praedicta,
3120 2423 3184 2465 ea
3198 2410 3316 2479 ipsa
3334 2425 3609 2480 nusquam

348 2500 419 2554 ab
446 2500 683 2556 oraculis
715 2501 1083 2571 discrepantia
1112 2516 1285 2571 usque
1312 2501 1383 2556 ad
1410 2501 1736 2557 hodiernum
1768 2501 1912 2556 diem
1949 2502 2033 2557 vel
2077 2501 2253 2559 oculis
2308 2517 2606 2572 possumus
2646 2502 2847 2559 intueri
2872 2519 2888 2570 ;
2914 2501 3075 2575 413
3101 2500 3233 2572 quid
3256 2502 3489 2572 amplius
3516 2516 3615 2558 su-

347 2599 550 2663 perest,
576 2593 681 2649 nisi
708 2601 767 2647 ut
787 2592 1010 2665 Regem,
1042 2594 1110 2649 de
1134 2610 1243 2665 quo
1272 2596 1551 2665 pr0phetaa
1589 2594 1908 2666 loquuntur,
1949 2610 2079 2650 eum
2144 2594 2239 2666 qui
2290 2595 2545 2651 Christus
2585 2594 2682 2651 Dei
2723 2604 2830 2659 est,
2884 2597 3102 2651 venisse
3152 2593 3610 2651 fateamuricum

346 2688 533 2757 utique
576 2686 723 2741 illius
761 2684 1025 2742 adventus
1073 2688 1231 2758 signa
1277 2687 1332 2743 in
1375 2688 1627 2759 singulis,
1672 2704 1794 2758 quae
1838 2687 1905 2742 de
1942 2688 2036 2743 illo
2086 2687 2230 2743 dicta
2259 2695 2411 2754 sunt,
2457 2689 2764 2745 evidentem
2800 2689 3011 2745 exitum
3046 2690 3332 2762 accepisse
3367 2689 3485 2761 jam
3514 2688 3612 2745 de-

347 2781 859 2837 monstraverimus.

358 2889 492 2962 Ἀπὸ
523 2890 631 2944 τοῦ
668 2890 929 2946 Ἡσαΐου.
947 2924 1016 2940 -ν-
1035 2892 1255 2961 Σημεῖα
1291 2896 1525 2962 χρόνων
1551 2893 1660 2962 τῆς
1682 2894 1787 2947 τοῦ
1820 2896 1931 2947 Κυ-

405 2961 543 3029 ρίου
570 2963 938 3041 παρουσίας
957 2961 1298 3033 Αἰγυπτίων-⁷
1316 2961 1643 3034 ἐπίγνωσις
1678 2964 1783 3018 τοῦ
1810 2964 1928 3018 τῶν

415 3034 735 3099 προφητῶν
758 3034 1004 3101 Κυρίου.

422 3165 441 3196 ι
483 3146 611 3200 Ἰδοὺ
642 3145 847 3218 Κύριος
893 3146 1125 3219 κάθηται
1159 3148 1253 3201 ἐπὶ
1285 3148 1514 3220 νεφέλης
1542 3151 1751 3221 κούφης
1771 3189 1786 3214 ,
1826 3149 1921 3203 καὶ

2036 2893 2116 2948 Ab
2152 2891 2327 2963 Isaia.
2370 2923 2441 2932 -—-
2488 2890 2652 2963 Signa
2709 2900 3000 2960 temporum
3041 2891 3292 2949 adventus
3339 2893 3553 2952 Domini
3584 2913 3609 2955 :

2177 2962 2559 3035 zEgyptiorum'
2582 2964 2782 3034 agnitio
2815 2963 3032 3018 Domini
3072 2966 3461 3034 prophetarum.

2102 3158 2123 3192 ι
2153 3139 2294 3196 Ecce
2326 3138 2587 3196 Dominus
2619 3139 2769 3196 sedet
2815 3152 2981 3209 super
3007 3138 3155 3194 nube
3184 3140 3313 3205 levi,
3343 3148 3400 3197 et
3427 3142 3609 3199 veniet

345 3235 465 3306 ἣξει
499 3238 578 3300 εἰς
600 3217 873 3306 Αἴγυπτον
891 3278 909 3306 ,
936 3217 1031 3292 καί
1060 3217 1406 3312 σεισθήσεται
1449 3217 1799 3312 χειροποίητα
1825 3242 1922 3295 Αἰ-

2028 3232 2081 3286 in
2112 3230 2429 3303 Egyptum,
2458 3238 2513 3287 et
2543 3231 3033 3286 commovebuntur
3050 3231 3368 3287 manufacta
3387 3233 3608 3308 Egypti

348 3328 555 3397 γύπτου
584 3328 692 3380 ἀπὸ
728 3327 1021 3400 προσώπου
1063 3330 1261 3396 αὐτοῦ,
1297 3332 1394 3385 καὶ
1438 3334 1471 3403 ἡ
1518 3333 1715 3405 καρδία
1746 3332 1926 3386 αὐτῶν

348 3417 711 3490 ήττηθήσεται
761 3421 819 3472 ὲν
862 3420 1076 3486 αὐτοῖς,
1121 3421 1216 3475 καὶ
1256 3422 1718 3495 ὲπεγερθήσονται
1761 3423 1927 3493 Αἰγύ-

348 3525 497 3563 πτιοι
526 3510 612 3563 ἐπ’
639 3511 964 3578 Αἰγυπτίους
983 3550 999 3575 ,
1045 3512 1139 3565 καὶ
1181 3513 1479 3585 πολεμήσει
1520 3514 1803 3586 ἄνθρωπος
1834 3515 1926 3569 τὸν

348 3600 575 3671 ἀδελφὸν
605 3600 800 3665 αὐτοῦ,
845 3602 940 3654 καὶ
980 3601 1267 3675 ἄνθρωπος
1311 3605 1404 3658 τὸν
1455 3604 1682 3677 πλησίον
1723 3606 1888 3660 αὑτοῦ
1908 3622 1924 3637 ο

350 3693 811 3766 ὲπεγερθήσονται
839 3693 992 3759 πόλις
1028 3696 1122 3748 ἐπὶ
1164 3696 1347 3761 πόλιν,
1382 3698 1477 3750 καὶ
1514 3699 1678 3768 νόμος
1712 3700 1806 3752 ἐπὶ
1840 3699 1929 3752 νό-

352 3802 473 3855 μον,
498 3785 592 3839 καί
613 3784 1017 3856 ταραχθήσεται
1046 3785 1106 3838 τὸ
1140 3786 1357 3857 πνεῦμα
1386 3786 1495 3840 τῶν
1531 3788 1844 3858 Αἰγυπτίων
1868 3789 1929 3843 ὲν

348 3877 532 3940 αὐτοῖς
552 3917 567 3942 ,
596 3876 690 3930 καὶ
716 3878 815 3949 τὴν
847 3876 1041 3947 βουλὴν
1076 3877 1257 3931 αὐτῶν
1296 3878 1657 3942 διασκεδάσω,
1693 3879 1786 3933 καὶ
1826 3881 1927 3933 ἐπ-

346 3969 683 4040 ιρωτήσουσι
710 3970 838 4033 τοὺς
852 3969 1007 4035 θεοὺς
1030 3969 1209 4024 αὐτῶν
1230 4010 1246 4035 ,
1282 3971 1377 4024 καί
1404 3971 1473 4024 τά
1499 3972 1791 4042 ἀγάλματα
1831 3973 1927 4025 αύ-

345 4059 488 4126 τῶν,
517 4061 608 4115 καὶ
642 4063 767 4125 τοὺς
806 4063 1297 4136 ἐγγαστριμύθους,
1330 4066 1425 4118 καὶ
1455 4065 1583 4130 τοὺς
1610 4067 1674 4118 ἐκ
1700 4066 1799 4137 τῆς
1824 4066 1928 4137 γῆς

350 4154 660 4223 φωνοῦντας
679 4171 692 4185 ⁶
735 4173 755 4207 ›
787 4156 881 4209 καὶ
906 4155 1034 4227 ἑξῆς
1063 4156 1204 4232 μετὰ
1250 4157 1477 4211 πλεῖστα
1497 4158 1563 4211 δι’
1592 4159 1928 4228 αἰνιγμάτων

348 4244 645 4316 εἰρημένα,
676 4245 1021 4316 ὲπιλέγεται·
1057 4267 1075 4301 ι
1118 4249 1208 4302 Ἐν
1238 4251 1305 4320 τῇ
1342 4249 1525 4321 ἡμέρᾳ
1560 4248 1746 4324 ἐκείνῃ
1772 4249 1926 4304 ἔσται

349 4338 731 4411 θυσιαστήριον
751 4337 829 4409 τῷ
855 4338 1046 4411 Κυρίῳ
1066 4341 1124 4393 ὲν
1146 4338 1299 4412 χώρᾳ
1324 4334 1731 4409 Αἰγύπτου,καὶ
1756 4342 1926 4414 στήλη

348 4427 484 4497 πρὸς
513 4428 575 4481 τὸ
601 4430 747 4501 ὅριον
772 4431 942 4504 αὐτῆς
966 4431 1045 4503 τῷ
1064 4432 1275 4504 Κυρίῳ,
1295 4433 1391 4486 καὶ
1422 4432 1573 4487 ἔσται
1597 4436 1678 4498 εἰς
1700 4436 1925 4505 σημεῖον

2030 3340 2062 3379 a
2096 3324 2237 3381 facie
2262 3325 2406 3394 ejus,
2439 3331 2493 3378 et
2522 3338 2620 3379 eor
2647 3339 2838 3379 eorum
2865 3325 3119 3378 vincetur
3148 3325 3204 3378 in
3238 3326 3394 3395 ipsis,
3426 3334 3482 3381 et
3515 3342 3612 3385 ex-

2028 3415 2351 3471 citabuntur
2392 3413 2636 3485 Egyptii
2685 3423 2879 3468 contra
2930 3413 3258 3484 Egyptios,
3301 3423 3357 3470 et
3404 3417 3608 3472 bellum

2028 3514 2181 3578 geret
2214 3507 2377 3562 homo
2421 3512 2615 3560 contra
2645 3503 2868 3559 fratrem
2925 3520 3108 3567 suum,
3140 3514 3195 3559 et
3225 3505 3387 3560 homo
3415 3513 3608 3561 contra

2029 3599 2337 3669 proximum
2369 3613 2529 3653 suum
2561 3616 2574 3653 :
2610 3598 2943 3653 excitabitur
2986 3599 3181 3654 civitas
3223 3599 3279 3653 in
3309 3598 3607 3669 civitatem,

2028 3700 2083 3750 et
2114 3693 2200 3747 lex
2223 3693 2277 3745 in
2319 3691 2514 3760 legem,
2547 3696 2603 3745 et
2631 3689 2944 3744 turbabitur
2974 3690 3199 3759 spiritus
3223 3690 3605 3761 Egyptiorum

2028 3786 2083 3841 in
2117 3784 2276 3853 ipsis,
2306 3789 2361 3835 et
2395 3781 2685 3835 consilium
2715 3795 2906 3835 eorum
2940 3780 3243 3852 dissipabo,
3289 3789 3344 3836 et
3373 3781 3609 3837 interm-

2026 3874 2232 3947 gabunt
2264 3872 2396 3926 deos
2427 3887 2559 3926 suos
2583 3881 2637 3927 et
2670 3871 2967 3927 simulacra
3000 3885 3119 3931 sua,
3147 3881 3201 3928 et
3225 3872 3523 3946 Pythones,
3554 3882 3611 3928 et

2028 3983 2124 4024 eos
2150 3968 2243 4039 qui
2287 3968 2355 4022 de
2398 3974 2545 4020 terra
2588 3979 2778 4018 vocem
2822 3962 3169 4021 emittunt".
3201 3984 3220 4017 ι
3254 3964 3320 4018 Et
3349 3964 3608 4034 deinceps

2031 4068 2154 4132 post
2183 4061 2414 4129 plurima
2465 4073 2588 4128 qua:
2615 4057 2846 4127 ﬁgurate
2892 4064 2946 4111 et
2986 4057 3226 4113 obscure
3265 4057 3409 4113 dicta
3454 4065 3606 4123 sunt,

2027 4151 2381 4223 adjungitur:
2419 4167 2438 4200 ι
2471 4148 2528 4203 In
2559 4148 2647 4203 die
2678 4148 2770 4201 illa
2796 4146 2902 4202 erit
2931 4148 3105 4204 altare
3135 4146 3363 4203 Domino
3385 4148 3441 4201 in
3461 4159 3609 4203 terra

2027 4243 2270 4317 Egypti,
2300 4250 2355 4299 et
2394 4242 2584 4298 titulus
2626 4240 2786 4309 juxta
2834 4241 3135 4295 terminum
3177 4242 3300 4312 ejus
3324 4240 3556 4296 Domino
3588 4256 3603 4296 :

2028 4349 2084 4394 ct
2128 4339 2233 4394 erit
2278 4338 2335 4392 in
2386 4337 2605 4407 signum
2656 4337 2713 4389 in
2770 4344 3033 4389 aeternum
3089 4333 3319 4390 Domino
3364 4334 3421 4388 in
3461 4342 3609 4389 terra

2027 4432 2271 4504 Egypti,
2312 4430 2571 4502 quoniam
2615 4428 2934 4484 clamabunt
2963 4427 3033 4483 ad
3067 4426 3356 4482 Dominum
3386 4434 3609 4497 propter

348 4521 428 4583 εἰς
459 4520 549 4572 τὸν
574 4522 746 4576 αἰῶνα
778 4524 855 4595 τῷ
878 4526 1070 4597 Κυρίῳ
1097 4526 1154 4579 ὲν
1182 4526 1336 4600 χώρᾳ
1362 4528 1640 4598 Αἰγύπτου
1659 4567 1674 4592 ,
1724 4530 1805 4583 ὅτι
1836 4546 1924 4583 κε-

2031 4524 2438 4595 amigentes'se,
2472 4528 2526 4576 et
2551 4520 2732 4575 mittet
2758 4521 2841 4574 eis
2874 4519 3134 4574 Dominus
3180 4518 3479 4579 hominem.
3511 4518 3606 4588 qui

350 4610 637 4682 κράξονται
685 4616 820 4688 πρὸς
846 4617 1049 4690 Κύριον
1075 4619 1166 4674 διὰ
1194 4622 1322 4684 τοὺς
1372 4620 1653 4685 θλίϐοντας
1690 4621 1919 4686 αὐτοὺς,

349 4703 444 4758 καὶ
475 4705 761 4760 ἀποστελεί
807 4709 992 4774 αὐτοῖς
1034 4709 1241 4783 Κύριος
1281 4712 1568 4785 ἄνθρωπον
1590 4753 1605 4779 ,
1648 4712 1707 4776 ὃς
1760 4712 1922 4766 σώσει

348 4796 582 4864 αὐτοὺς,
616 4799 816 4872 κρίνων
866 4800 1027 4857 σώσει
1072 4804 1301 4871 αὐτοὺς,
1354 4806 1450 4859 καὶ
1487 4804 1729 4875 γνωστὸς
1768 4803 1921 4858 ἔσται

348 4889 551 4963 Κύριος
589 4894 701 4955 τοῖς
725 4894 1071 4962 Αἰγυπτίοις,
1103 4896 1200 4951 καὶ
1230 4895 1530 4967 γνώσονται
1556 4898 1606 4952 οἰ
1633 4896 1922 4966 Αἰγύπτιοι

345 4980 550 5053 Κύριον
571 4982 662 5036 τὸν
689 4984 820 5039 Θεὸν
848 4988 905 5040 ὲν
940 4990 1007 5059 τῇ
1040 4988 1223 5061 ἡμέρα
1256 4988 1457 5063 ἐκείνῃ,
1488 4989 1582 5043 καὶ
1608 4990 1923 5060 ποιήσονται

345 5069 536 5138 θυσίας
561 5114 575 5138 ,
603 5075 697 5129 καὶ
728 5075 974 5141 εὔξονται
1001 5080 1166 5151 εὐχὰς
1199 5079 1278 5152 τῷ
1316 5081 1506 5153 Κυρίῳ
1525 5122 1541 5147 ,
1576 5081 1671 5134 καὶ
1710 5078 1921 5136 ἀποδώ-

347 5182 520 5219 σουσι.
555 5185 573 5218 ι
605 5169 723 5225 Καὶ,
742 5168 914 5222 ταῦτα
949 5170 1309 5242 προλαϐόντες
1342 5174 1408 5226 ἐκ
1434 5172 1635 5244 μέρους
1664 5170 1924 5243 διεσαφή-

347 5272 541 5325 σαμεν.
569 5259 632 5312 Εἰ
671 5260 768 5329 μὲν
799 5254 891 5314 οὖν
929 5261 1026 5332 μὴ,
1056 5262 1185 5325 τοὺς
1209 5262 1493 5334 πατρῴους
1519 5261 1673 5325 θεοὺς
1698 5260 1922 5315 καταλι-

345 5350 539 5414 πόντες
558 5350 865 5419 Αἰγύπτιοι,
891 5352 1013 5406 καθ’
1040 5354 1187 5424 ἡμᾶς
1216 5355 1413 5419 αὐτοὺς
1434 5351 1666 5426 ὁρῶνται
1687 5352 1780 5406 τὸν
1809 5351 1920 5406 τῶν

345 5441 640 5512 προφητῶν
679 5442 811 5496 Θεὸν
843 5443 1293 5515 ἐπικαλούμενοι·
1329 5447 1377 5497 εἰ
1412 5443 1487 5516 μὴ
1516 5443 1638 5498 καθ’
1665 5444 1792 5515 ὅλης
1819 5446 1919 5515 τῆς

351 5533 651 5604 Αἰγύπτου,
680 5535 824 5591 κατὰ
851 5537 1029 5592 πάντα
1060 5537 1225 5591 τόπον
1273 5538 1369 5592 καὶ
1396 5538 1551 5592 πόλιν
1598 5538 1693 5591 καὶ
1738 5537 1922 5610 χώραν

348 5627 710 5701 ἁνεγήγερται
739 5630 1122 5702 θυσιαστήριον
1150 5629 1229 5684 τῶ
1253 5630 1402 5699 παρὰ
1434 5630 1615 5699 μόνοις
1651 5628 1921 5703 Ἑϐραίοις

419 5802 465 5838 ⁸³
508 5804 614 5860 lsa.
652 5821 779 5873 ιιι,
815 5806 932 5863 1ο5.
1009 5808 1055 5840 ⁸³
1093 5807 1225 5866 ibid.
1266 5811 1451 5869 19-2l.

2030 4614 2263 4670 salvabit
2292 4627 2411 4675 eos,
2446 4610 2703 4680 judicans
2736 4608 2970 4664 salvabit
2994 4623 3112 4673 eos,
3145 4613 3199 4662 et
3221 4607 3475 4677 cognitus
3500 4607 3608 4661 erit

2030 4706 2295 4777 Dominus
2333 4703 2628 4774 Egyptiis,
2670 4710 2725 4758 et
2773 4708 3106 4772 cognoscent
3142 4699 3383 4771 Ᾱῖεγριίί
3430 4696 3609 4752 υοωί·

2030 4814 2161 4855 num
2197 4797 2367 4853 Deum
2397 4797 2451 4849 in
2473 4796 2561 4851 die
2590 4794 2704 4859 illa,
2733 4801 2789 4849 et
2818 4792 3021 4848 facient
3049 4790 3338 4855 sacriﬁcia,
3368 4798 3423 4844 et
3442 4802 3607 4844 vove-

2028 4893 2165 4948 bunt
2192 4897 2317 4944 vota
2349 4888 2599 4955 Domino,
2631 4895 2686 4943 et
2715 4887 3020 4944 reddent“.
3055 4907 3074 4940 ι
3106 4885 3232 4940 Haec
3258 4897 3360 4939 nos
3386 4880 3605 4951 quidem

2029 4993 2188 5039 antea
2218 4996 2436 5053 quoque
2463 4980 2773 5045 citavimus,
2805 4980 2936 5035 etin
2963 4985 3117 5049 parte
3139 4976 3333 5033 saltem
3357 4971 3604 5042 planiora

2028 5076 2367 5133 reddidimus
2397 5095 2410 5131 :
2445 5074 2593 5145 quod
2629 5075 2675 5130 si
2701 5090 2811 5129 non
2841 5073 3035 5146 patriis
3063 5070 3170 5127 diis
3208 5066 3413 5123 relictis
3442 5062 3606 5136 Egy-

2027 5168 2174 5239 ptios
2202 5167 2307 5221 hoc
2325 5167 2444 5237 ipso
2470 5173 2716 5237 tempore
2748 5166 2997 5221 videmus
3019 5160 3408 5232 prophetarum
3434 5155 3609 5211 Deum

2027 5259 2377 5324 invocantes;
2414 5258 2459 5312 si
2506 5273 2604 5328 per
2651 5257 2964 5313 universam
3015 5253 3309 5324 Egyptum
3357 5249 3412 5304 in
3452 5248 3611 5302 omni

2024 5351 2169 5415 loco,
2205 5360 2259 5404 et
2286 5349 2527 5414 civitate,
2569 5356 2623 5403 et
2647 5348 2890 5420 regione,
2923 5347 3094 5401 altare
3124 5344 3199 5399 illi
3224 5342 3334 5398 Deo
3360 5348 3610 5397 erectum

2028 5457 2139 5496 non
2164 5448 2269 5507 est,
2302 5442 2394 5511 qui
2424 5439 2567 5511 apud
2618 5440 2766 5495 solos
2792 5436 3047 5493 Hebraeos
3080 5435 3338 5491 laudibus
3365 5432 3613 5488 celebra-

2028 5541 2139 5601 tur,
2169 5533 2217 5589 si
2252 5531 2558 5588 manui‘acta
2595 5529 2813 5603 Egypti
2841 5537 3110 5585 commota
3130 5542 3238 5583 non
3263 5531 3412 5591 sunt,
3442 5518 3616 5594 414

2030 5637 2084 5685 et
2105 5626 2401 5683 dzemonica
2439 5627 2522 5682 vis
2551 5640 2672 5697 qua:
2716 5625 2923 5680 circum
2968 5623 3058 5678 illa
3103 5620 3455 5686 versabatur,
3495 5631 3606 5675 non
