4098 6438
482 367 584 424 641

1113 363 1379 419 EUSEBII
1417 358 1897 420 CESARIENSIS
1935 358 2085 414 OPP.
2119 356 2298 410 PARS
2336 356 2467 410 lI.-—
2497 355 2999 414 APOLOGETICA.

3603 354 3708 410 6&8

482 485 702 547 defecit,
733 493 994 552 vetusque
1043 481 1418 552 Aigyptiorum
1473 479 1787 549 superstitio
1830 494 1895 533 ex
1924 478 2043 531 ani-

2144 471 2540 543 θεολογουμένῳ
2570 471 2720 543 Θεῷ·
2772 474 2821 525 εἰ
2858 471 2932 544 μὴ
2959 470 3228 524 σέσεισται
3256 469 3324 522 τά
3361 468 3710 541 χειροποίητα

483 592 590 631 mis
616 589 804 630 eorum
836 582 1050 629 sublata
1089 586 1196 625 non
1227 581 1355 637 est;
1395 577 1673 640 praeterea,
1705 569 1751 624 si
1791 583 1887 638 per
1929 569 2044 622 sin-

484 667 639 737 gulas
662 669 908 720 civitates
935 671 988 717 et
1017 678 1112 732 per
1140 663 1383 732 singulas
1419 662 1631 723 domos,
1666 660 1860 714 bellum
1906 659 2044 713 inle-

485 759 686 812 stinum
733 757 872 825 apud
923 754 1207 826 Egyptios
1252 770 1361 808 non
1414 760 1727 823 grassatur,
1773 751 1902 804 dum
1952 749 2041 803 alii

484 850 701 919 quidem
732 846 1016 901 Dominum
1045 853 1099 901 et
1121 845 1326 899 cultum
1363 842 1455 897 Dei
1483 842 1864 911 prophetarum
1898 839 2043 894 acci-

483 942 661 1010 piunt,
691 952 1043 1007 erroremque
1069 951 1178 1006 quo
1207 936 1276 990 ab
1313 934 1471 989 initio
1504 930 1640 988 deos
1669 932 1870 987 mullos
1893 931 2042 987 cole-

482 1033 634 1095 bant,
670 1037 1012 1096 aversantur,
1045 1029 1136 1083 alii
1185 1042 1314 1082 vero
1347 1035 1633 1096 propterea
1662 1025 1807 1095 quod
1848 1025 2042 1095 patriis

483 1124 660 1177 adhuc
688 1121 845 1175 malis
874 1120 1054 1177 all‘ecti
1084 1120 1149 1175 iis
1179 1119 1477 1182 adhaerent,
1502 1133 1598 1173 eos
1636 1118 1727 1187 qui
1756 1117 2042 1173 Dominum

482 1215 809 1285 acceperint,
840 1220 1184 1283 oppugnant,
1217 1211 1263 1265 si
1315 1224 1423 1264 non
1466 1210 1625 1264 hodie
1656 1223 1870 1279 quoque
1913 1207 2041 1262 dum

481 1322 610 1362 suos
641 1306 772 1361 deos
811 1319 1017 1374 suaque
1077 1303 1391 1365 simulacra,
1429 1317 1637 1372 eosque
1673 1301 1766 1372 qui
1801 1301 1869 1356 de
1895 1309 2041 1355 terra

480 1413 643 1454 voces
678 1398 953 1461 emittunt,
984 1403 1039 1450 et
1091 1395 1367 1465 Pythones
1403 1410 1599 1465 rogare
1630 1401 1919 1457 conantur,
1951 1391 2040 1445 in-

482 1486 684 1541 fectum
716 1493 878 1555 atque
907 1484 1069 1538 inane
1114 1484 1180 1537 ad
1223 1490 1421 1538 cuncta
1467 1482 1583 1536 haec
1614 1479 1919 1551 perfugium
1947 1494 2044 1534 ex-

483 1577 790 1647 periuntur,
836 1582 1123 1646 propterea
1169 1575 1314 1644 quod
1354 1587 1463 1627 non
1507 1571 1740 1640 amplius
1772 1577 1832 1625 ut
1884 1574 2042 1624 antea

483 1666 668 1720 itidem
690 1664 799 1719 vim
822 1678 975 1719 suam
1007 1677 1259 1717 exercere
1286 1660 1559 1714 daemones
1578 1663 1827 1728 possunt;
1855 1655 1903 1710 si
1932 1670 2041 1708 non

484 1754 737 1808 universa
769 1754 880 1808 hate
918 1754 1093 1821 reipsa
1140 1752 1299 1806 linem
1349 1765 1509 1806 suum
1564 1748 1837 1804 invenisse
1857 1756 2043 1804 osten-

2143 561 2439 631 Αἰγύπτου,
2462 562 2562 631 τῆς
2595 562 2723 633 περί
2744 562 2881 616 αύτά
2908 562 3225 633 δαιμονικῆς
3256 560 3539 630 δυνάμεως
3565 561 3712 615 ἐκλε-

2142 652 2389 715 λοιπυίας
2405 693 2420 713 .
2447 652 2542 706 καὶ
2567 653 2664 723 τῆς
2691 648 2925 716 παλαιᾶς
2946 651 3359 723 δεισιδαιμονίας
3379 652 3446 704 ἐκ
3469 652 3569 722 τῆς
3602 652 3710 705 τῶν

2143 744 2449 813 Αἰγυπτίων
2477 742 2656 814 ψυχῆς
2696 743 2954 814 ἀρθείσης
2973 760 2987 774 ·
3017 745 3111 797 καὶ
3139 744 3218 797 ἔτι
3247 743 3383 815 πρὸς
3422 743 3632 807 τούτοις
3661 745 3712 798 εί

2147 835 2220 907 μὴ
2253 835 2372 891 καθ’
2404 835 2637 905 ἑκάστην
2669 835 2822 889 πόλιν
2853 834 3090 888 καί·καθ’
3124 836 3354 889 ἕκαστον
3378 831 3525 887 οἷκον
3553 836 3712 888 πόλε-

2147 945 2245 999 μος
2278 927 2539 998 ἐμφύλιος
2580 929 2693 990 τοῖς
2734 925 3053 994 Αἰγυπτίοις
3085 926 3433 992 συνίσταται,
3470 925 3578 979 τῶν
3612 927 3710 997 μὲν

2142 1021 2232 1075 τὸν
2277 1020 2480 1092 Κύριον
2522 1021 2616 1073 καὶ
2657 1014 2718 1072 τὸ
2761 1019 2924 1082 σέϐας
2952 1017 3047 1071 τοῦ
3089 1018 3223 1072 Θεοῦ
3264 1018 3374 1071 τῶν
3415 1018 3710 1090 προφητῶν

2142 1108 2557 1180 ἀποδεξαμένων
2579 1150 2595 1174 ,
2650 1109 2745 1162 καὶ
2785 1109 3239 1180 ἀποστραφέντων
3282 1110 3382 1182 τὴν
3415 1107 3475 1173 ἐξ
3515 1109 3710 1172 αἰῶνος

2144 1201 2399 1255 πολύθεον
2432 1200 2639 1273 πλάνην
2665 1237 2680 1264 ,
2728 1199 2837 1253 τῶν
2869 1200 2926 1252 δὲ
2950 1240 2964 1258 .
3007 1200 3096 1253 διά
3119 1200 3179 1253 τὸ
3209 1203 3321 1264 τοῖς
3352 1200 3598 1271 πατρίοις
3627 1200 3709 1253 ἔτι

2144 1292 2571 1364 προστετηκέναι
2620 1294 2838 1354 κακοῖς,
2877 1292 3001 1354 τοὺς
3033 1286 3123 1345 τὸν
3155 1291 3357 1362 Κύριον
3404 1290 3710 1362 παραδεξα-

2146 1383 2337 1453 μένους
2358 1384 2733 1455 πολεμούντων
2753 1401 2767 1415 ⁶
2802 1387 2850 1437 εἰ
2886 1384 2960 1455 μὴ
2990 1384 3158 1437 εἰσέτι
3191 1382 3286 1436 καὶ
3313 1383 3471 1455 δεῦρο
3500 1385 3710 1455 ἐπερω-

2140 1474 2239 1544 τᾷν
2273 1474 2601 1546 πειρώμενοι
2627 1477 2751 1539 τοὺς
2780 1475 2985 1528 ἑαυτῶν
3010 1474 3165 1540 θεοὺς
3188 1475 3281 1528 καί
3303 1474 3371 1528 τά
3397 1475 3705 1546 ἀγάλματα,

2143 1566 2235 1618 καί
2260 1567 2386 1629 τοὺς
2417 1568 2482 1620 ὲκ
2510 1566 2611 1637 τῆς
2637 1568 2740 1637 γῆς
2769 1566 3078 1637 φωνοῦντας
3097 1606 3113 1630 ,
3148 1565 3242 1620 καὶ⁵
3271 1567 3393 1630 τοὺς
3422 1567 3710 1637 ἐγγαστριο

2147 1654 2365 1726 μύθους,
2388 1657 2549 1726 ἁτελῆ
2572 1654 2667 1711 καί
2693 1658 2968 1726 ἄπρακτον
2993 1659 3091 1729 τὴν
3118 1657 3210 1711 ὲπί
3237 1656 3360 1709 τάδε
3392 1656 3709 1728 καταφυγὴν

2144 1746 2417 1800 ποιοῦνται
2440 1787 2455 1811 ,
2481 1747 2571 1800 διὰ
2603 1746 2663 1801 τὸ
2692 1748 2884 1819 μηκέθ’
2911 1748 3113 1819 ὁμοίως
3144 1748 3384 1818 ἐνεργεῖν
3410 1745 3666 1800 δύνασθαι
3692 1786 3706 1809 ,

481 1845 732 1900 duntur:
766 1860 898 1901 sane
946 1844 1186 1899 nondum
1234 1844 1522 1913 quisquam
1572 1841 1702 1895 mihi
1751 1841 2045 1895 arbitretur

2144 1835 2330 1907 ὥσπερ
2361 1836 2420 1889 τὸ
2445 1838 2572 1906 πρὶν
2598 1876 2613 1900 ,
2642 1839 2769 1901 τοὺς
2796 1838 3056 1909 δαίμονας
3074 1853 3087 1868 ·
3123 1839 3171 1890 εἰ
3217 1836 3291 1908 μὴ
3331 1835 3509 1889 πάντα
3538 1835 3710 1888 ταῦτα

482 1936 857 2008 propheticum
909 1950 1031 1991 esse
1092 1935 1424 2005 completum
1480 1932 1761 1987 oraculum
1782 1971 1798 1996 ,
1868 1946 2045 2001 neque

484 2028 769 2083 Dominum
816 2028 965 2081 illum
1012 2027 1220 2096 ipsum,
1269 2039 1430 2094 quem
1479 2025 1757 2094 prophetae
1805 2032 2041 2087 canunt,

483 2118 624 2188 apud
653 2116 905 2172 homines
933 2117 1153 2171 vixisse.
1186 2116 1243 2169 Si
1275 2130 1403 2169 vero
1445 2130 1505 2169 re
1542 2114 1682 2185 ipsa,
1706 2129 1828 2184 quae
1862 2113 2044 2169 verbis

482 2210 642 2280 longe
679 2217 764 2264 est
806 2208 1132 2272 evidentior,
1167 2207 1262 2272 qui
1305 2207 1596 2277 Egyptum
1645 2204 1891 2259 incolunt
1925 2219 2046 2258 cer-

482 2308 687 2356 nuntur
733 2301 974 2363 interim,
1009 2313 1138 2369 pars
1177 2297 1397 2368 quidem
1438 2295 1824 2367 prophetarum
1875 2294 2042 2350 Deum

481 2392 791 2466 agnovisse,
817 2398 872 2446 et
899 2397 1123 2460 propter
1144 2390 1296 2443 illum
1328 2389 1534 2458 patrios
1560 2388 1693 2443 deos
1733 2387 2042 2457 reliquisse,

481 2485 573 2538 alii
606 2498 736 2539 vero
781 2488 975 2536 contra
1020 2482 1121 2535 hos
1164 2480 1462 2537 seditiones
1493 2479 1715 2534 assidue
1742 2478 2041 2541 concitare,

482 2581 537 2630 et
566 2573 659 2628 alii
686 2571 818 2628 deos
845 2587 998 2634 suos,
1040 2584 1247 2639 suaque
1276 2569 1590 2635 simulacra,
1623 2583 1828 2638 eosque
1852 2567 1948 2638 qui
1979 2566 2047 2624 de

483 2676 629 2720 terra
658 2678 820 2718 voces
846 2662 1123 2724 emittunt,
1153 2660 1473 2715 invocantes
1514 2659 1651 2713 nihil
1679 2674 1842 2730 posse
1877 2657 2046 2728 proli-

482 2769 629 2817 cere,
655 2752 744 2806 alii
787 2751 1018 2805 Domino
1065 2749 1453 2820 prophetarum
1497 2749 1553 2803 in
1605 2748 1752 2801 omni
1791 2746 2046 2818 zEgyplia

484 2846 722 2918 regione,
754 2844 923 2898 altare
951 2856 1047 2911 per
1079 2840 1323 2911 singulas
1354 2840 1615 2895 ecclesias
1658 2841 1919 2902 erexisse,
1960 2839 2045 2892 in-

483 2952 588 3008 que
633 2935 1017 2993 aﬂlictionibus
1060 2943 1115 2988 et
1151 2932 1255 2989 sibi
1297 2931 1513 2987 infestis
1554 2932 2042 2995 insectationibus,

485 3046 593 3084 non
627 3027 860 3097 amplius
884 3026 1096 3081 belluas
1124 3039 1301 3093 neque
1330 3023 1543 3093 reptilia
1583 3031 1743 3077 terra:
1770 3022 1923 3088 deos,
1951 3038 2047 3079 ne-

482 3138 590 3193 que
617 3126 856 3192 agrestes
878 3119 1023 3174 feras
1049 3126 1103 3173 et
1125 3118 1285 3172 bruta
1310 3116 1586 3178 animalia,
1616 3125 1896 3186 parentum
1919 3131 2049 3170 suo-
2072 3151 2114 3208 C

483 3229 603 3268 rum
636 3212 833 3278 instar,
863 3210 958 3266 sed
985 3224 1296 3280 supremum
1337 3207 1505 3262 Deum
1536 3207 1809 3271 invocare,
1835 3208 2044 3263 solum-

482 3320 590 3375 que
616 3318 762 3367 eum,
792 3302 1021 3372 ejusque
1075 3301 1322 3355 timorem
1370 3299 1426 3353 in
1458 3298 1574 3353 suis
1608 3298 1884 3355 mentibus
1914 3313 2046 3353 con-

482 3403 698 3467 ceptum
733 3403 937 3457 tenere,
986 3406 1290 3461 vovereque
1330 3390 1506 3445 eidem
1540 3395 1688 3451 vota,
1718 3405 1829 3444 non
1864 3396 2044 3443 autem

483 3489 818 3545 dmnonibus
860 3494 920 3541 ut
953 3485 1127 3556 prius,
1160 3492 1214 3539 et
1259 3498 1379 3553 quae
1423 3482 1524 3551 ipsi
1568 3480 1678 3537 Deo
1722 3481 2047 3535 conveniant

483 3577 753 3649 promissa
781 3576 1009 3632 reddere
1038 3594 1054 3630 :
1086 3588 1184 3629 cur
1221 3587 1333 3626 non
1378 3572 1645 3640 sequitur,
1688 3578 1749 3624 ut
1780 3571 2048 3625 fateamur

483 3670 647 3726 etiam
675 3684 759 3732 ea,
790 3682 915 3737 qua:
944 3667 1095 3737 ipsos
1118 3674 1346 3721 eventus
1376 3672 1785 3718 antecesserunt
1821 3662 1876 3716 in
1908 3677 2047 3732 opus

480 3763 592 3832 jam
637 3760 995 3832 processisse,
1037 3773 1138 3813 nec
1178 3756 1360 3811 futura
1402 3757 1633 3827 amplius
1662 3756 1717 3809 in
1743 3764 2043 3825 posterum,

483 3853 580 3911 sed
625 3852 681 3907 in
728 3852 1060 3923 praeteritum
1107 3847 1347 3903 abiisse?
1384 3846 1556 3902 Porro
1611 3847 1728 3917 ipsa
1768 3846 1882 3902 hazc
1919 3853 2047 3900 sunt

482 3945 657 4015 ipsius
693 3943 903 3997 Domini
932 3940 1001 3994 ad
1029 3938 1315 4010 Egyptios
1339 3938 1467 3992 olim
1503 3938 1742 4000 futurus,
1786 3953 1895 3991 non
1930 3937 2047 3991 sine

481 4050 710 4107 corpore
744 4034 1030 4096 adventus,
1058 4030 1156 4086 sed
1183 4046 1278 4100 per
1306 4028 1506 4083 nubem
1546 4029 1739 4092 levem,
1770 4042 1835 4082 ac
1864 4027 2047 4098 potius

483 4143 580 4199 per
609 4123 1029 4182 crassitudinem
1062 4122 1277 4191 agilem.
1312 4118 1404 4173 Sic
1437 4119 1581 4174 enim
1617 4116 1916 4174 Hebraicus
1949 4118 2049 4172 ba-

483 4220 573 4275 bet
597 4223 909 4281 contextus,
941 4214 1069 4269 dum
1105 4212 1251 4267 illius
1285 4226 1606 4281 corporeum
1636 4210 1926 4265 adventum
1948 4211 2047 4266 ob-

485 4324 645 4365 scure
695 4305 986 4379 significat.
1041 4301 1278 4358 Proinde
1329 4301 1475 4355 hunc
1529 4302 1705 4371 ipsum
1760 4316 2045 4371 progressa

484 4400 700 4471 longius
766 4397 974 4460 oratio,
1038 4394 1313 4450 hominem
1392 4392 1729 4447 Salvatorem
1796 4396 2041 4458 vocavit,

2144 1925 2323 1998 ἔργοις
2350 1924 2529 1992 αὐτοῖς
2555 1927 2708 1990 τέλος
2749 1928 3008 1999 εἰληφότα
3034 1926 3339 1991 δείκνυται,
3376 1925 3448 1996 μή
3490 1924 3577 1977 πώ
3621 1942 3709 1995 μοι

2143 2018 2412 2087 νομίζοιτο
2452 2023 2513 2072 τὸ
2553 2018 2885 2091 προφητικὸν
2917 2018 3305 2091 πεπληρῶσθαι
3338 2017 3512 2085 λόγιον
3532 2057 3545 2082 ,
3578 2017 3711 2086 μηδὲ,
3740 2046 3747 2053 ο

2142 2107 2234 2163 τὸν
2260 2110 2643 2183 θεσπιξόμενον
2671 2111 2873 2182 Κύριον
2897 2110 3348 2181 ἐπιδεδημηκέναι
3377 2108 3456 2179 τῷ
3485 2108 3583 2179 βίῳ
3602 2108 3710 2160 τῶν

2143 2185 2459 2274 ἀνθρῖὓπων.
2489 2204 2552 2256 Εἰ
2575 2204 2631 2257 δὲ
2656 2204 2839 2266 αὐτοῖς
2862 2202 3041 2274 ἔργοις
3072 2202 3210 2254 κατὰ
3242 2202 3374 2255 πολὺ
3398 2201 3507 2254 τῶν
3533 2200 3708 2268 λόγων

2145 2295 2554 2367 έναργεστέροις
2584 2294 2749 2349 εἰσέτι
2784 2295 2942 2366 δεῦρο
2976 2294 3303 2365 θεωροῦνται
3331 2294 3379 2346 οἱ
3411 2293 3510 2364 τὴν
3545 2292 3711 2360 Λίγυ-

2145 2403 2276 2439 πτον
2309 2385 2602 2450 οἰκοῦντες,
2629 2387 2678 2439 οἱ
2715 2387 2814 2457 μὲν
2844 2385 2936 2439 τὸν
2968 2382 3100 2439 Θεὸν
3138 2384 3246 2438 τῶν
3277 2383 3570 2456 προφητῶν
3614 2384 3712 2436 ἑπ-

2145 2481 2460 2549 εγνωκότες,
2490 2480 2584 2534 καὶ
2604 2480 2672 2533 δι’
2695 2480 2854 2533 αὐτὸν
2882 2481 3007 2543 τοὺς
3042 2477 3301 2550 πατρίους
3330 2476 3711 2532 καταλελοιπό-

2143 2588 2235 2635 τες
2261 2569 2435 2636 θεοὺς,
2457 2573 2506 2625 οἱ
2533 2572 2590 2624 δὲ
2623 2570 2758 2641 πρὸς
2779 2570 3006 2635 τούτους
3042 2568 3437 2632 στασιαστικῶς
3464 2568 3707 2639 ἐχοντεςδ

2146 2662 2241 2715 καί
2265 2663 2314 2715 οἰ
2355 2661 2452 2733 μὲν
2477 2664 2601 2726 τοὺς
2638 2661 2793 2725 θεοὺς
2825 2660 3003 2715 αὐτῶν
3034 2662 3198 2714 εἰσέτι
3231 2661 3325 2714 νῦν
3352 2660 3711 2732 ἐπικαλούμε-

2145 2769 2225 2805 νοι
2248 2753 2340 2806 καὶ
2365 2752 2432 2806 τά
2451 2753 2761 2824 ἀγάλματα,
2784 2753 2877 2807 καὶ
2900 2754 3026 2816 τοὺς
3045 2755 3109 2806 ὲκ
3132 2752 3231 2823 τῆς
3256 2751 3360 2822 γῆς
3381 2752 3708 2821 φωνοῦντας,

2150 2844 2314 2914 μηδέν
2341 2862 2401 2897 τε
2431 2846 2670 2917 ἐνεργεῖν
2701 2844 3029 2915 δυναμένους
3052 2885 3067 2905 ,
3096 2846 3147 2897 οἰ
3175 2845 3232 2898 δὲ
3272 2843 3349 2914 τῷ
3380 2844 3570 2916 Κυρίῳ
3601 2844 3711 2897 τῶν

2147 2937 2435 3007 προφητῶν
2459 2938 2517 2990 ὲν
2542 2936 2690 3008 πάσῃ
2722 2939 2787 3007 τῇ
2810 2935 3121 3004 Αἰγυπτίων
3145 2934 3297 3008 χώρᾳ
3330 2934 3712 3008 θυσιαστήριον

2146 3026 2268 3079 καθ’
2314 3027 2547 3100 ἑκάστην
2590 3028 2883 3099 ἐκκλησίαν
2949 3029 3381 3100 συστησάμενοι,
3410 3028 3466 3083 έν
3507 3046 3567 3082 τε
3591 3029 3711 3092 ταές

2148 3117 2356 3187 θλίψεσι
2406 3121 2501 3173 καὶ
2541 3124 2653 3184 τοῖς
2701 3122 2821 3174 κατ’
2870 3121 3048 3174 αὐτῶν
3097 3121 3356 3191 διωγμοῖς
3405 3119 3589 3174 ούκίτι
3643 3121 3712 3174 τά

2148 3208 2390 3264 κνώδαλα
2407 3253 2421 3275 ,
2456 3211 2577 3264 οὐδὲ
2604 3211 2673 3265 τὰ
2710 3210 2917 3283 ἑρπετά
2943 3212 3043 3282 τῆς
3070 3214 3174 3283 γῆς
3194 3251 3208 3273 ,
3255 3208 3331 3275 ὡς
3374 3211 3528 3275 θεοὺς
3550 3253 3564 3278 ,
3593 3211 3706 3265 οὐδὲ

2145 3301 2269 3364 τοὺς
2305 3304 2528 3372 ἀγρίους
2555 3303 2728 3375 θῆρας
2760 3305 2854 3358 καὶ
2880 3303 2949 3357 τά
2980 3305 3150 3373 ἄλογα
3187 3303 3301 3368 ζῶα
3325 3343 3340 3369 ,
3370 3304 3570 3376 ὁμοίως
3596 3306 3703 3366 τοῖς

2145 3392 2323 3446 αὐτῶν
2357 3394 2623 3465 πατράσι,
2650 3393 2785 3448 ἀλλὰ
2827 3394 2917 3447 τὸν
2960 3395 3051 3447 ἐπὶ
3083 3394 3299 3448 πάντων
3342 3392 3472 3447 Θεὸν
3517 3395 3705 3448 ἐπικα-

2144 3484 2429 3556 λούμενοι,
2468 3486 2562 3539 καὶ
2609 3486 2767 3557 μόνον
2801 3485 2961 3539 αὑτὸν
2994 3486 3089 3539 καὶ
3121 3486 3211 3538 τὸν
3257 3484 3423 3539 αὐτοῦ
3457 3485 3619 3555 φόϐον
3654 3488 3709 3538 ὲν

2143 3579 2264 3640 ταῖς
2300 3577 2477 3631 αὐτῶν
2509 3577 2768 3642 διανοίαις
2791 3577 3196 3648 κατειληφότες,
3218 3577 3502 3649 εὐχόμενοι
3525 3594 3586 3630 τε
3615 3578 3710 3631 αύ-

2143 3666 2222 3739 τῷ
2255 3667 2438 3739 εὐχὰς,
2465 3668 2579 3721 ἀλλ’
2611 3669 2793 3723 ούκέτι
2820 3671 2931 3733 τοῖς
2955 3669 3201 3740 δαίμοσι,
3248 3670 3342 3723 καὶ
3377 3668 3714 3733 ἀποδιδόντες

2144 3759 2243 3823 τὰς
2276 3759 2596 3831 θεοπρεπεῖς
2625 3758 2976 3829 ἐπαγγελίας,
3000 3759 3117 3826 πῶς
3143 3760 3241 3831 οὐχ
3271 3759 3459 3813 ἕπεται
3489 3777 3715 3830 συνομο-

2143 3851 2321 3920 λογεῑν
2372 3851 2464 3904 καὶ
2512 3850 2581 3904 τά
2628 3850 2734 3922 πρὸ
2777 3850 2885 3904 τῶν
2927 3850 3378 3923 ἀποτελεσμάτων
3428 3853 3508 3915 εἰς
3555 3850 3714 3924 ἔργον

2145 3942 2245 4014 ἤδη
2276 3943 2651 4014 κεχωρηκέναι
2675 3959 2689 4008 ;
2716 3938 2784 4014 ἦν
2811 3942 2870 3997 δὲ
2903 3941 3072 4009 ταῦτα
3091 3983 3105 4009 ,
3138 3942 3232 3997 τοῦ
3270 3944 3476 4016 Κυρίου
3507 3959 3712 4014 παρου-

2148 4032 2236 4086 σία
2274 4034 2353 4096 εἰς
2384 4031 2658 4102 Αἴγυπτον
2688 4033 2787 4086 οὐκ
2818 4031 3108 4103 ἀσώματος
3138 4031 3544 4104 ἀποϐησομένη,
3576 4029 3712 4084 ἀλλὰ

2144 4122 2233 4177 διὰ
2273 4124 2502 4195 νεφέλης
2538 4122 2778 4196 κούφης,
2804 4123 2839 4195 ἢ
2868 4125 2962 4177 καὶ⁴
2993 4123 3193 4195 μᾶλλον
3229 4123 3317 4177 διὰ
3347 4123 3552 4193 πάχους
3588 4118 3712 4170 ἐλα-

2147 4215 2303 4286 φροῦ.
2327 4217 2481 4270 Οὕτω
2505 4217 2612 4288 γὰρ
2644 4217 2705 4269 τὸ
2732 4210 3016 4288 Ἑϐραῖκὸν
3045 4215 3305 4288 περιέχει,
3325 4214 3424 4284 τὴν
3451 4211 3709 4280 ἔνσαρκον

2147 4306 2311 4361 αὐτοῦ
2358 4309 2663 4379 παρουσίαν
2691 4305 3078 4378 αἰνιττόμενον.
3113 4304 3314 4359 Τοῦτον
3346 4294 3404 4357 δὲ
3430 4299 3521 4358 οῦν
3548 4301 3709 4356 αὑτὸν

2146 4399 2350 4472 προῖὼν
2381 4400 2508 4472 ἑξῆς
2545 4402 2575 4455 ὁ
2608 4399 2765 4468 λόγος
2792 4397 3074 4470 ἄνθρωπον
3114 4396 3342 4467 Σωτῆρα
3367 4395 3670 4449 ἀπεκάλεσε
3693 4435 3706 4455 ,

483 4489 645 4563 5.15
661 4489 747 4544 his
766 4488 945 4544 verbis
972 4506 985 4542 :
1022 4506 1039 4539 ι
1075 4486 1141 4540 Et
1166 4486 1343 4541 mittet
1358 4485 1439 4541 eis
1456 4483 1717 4539 Dominus
1732 4485 2040 4549 hominem,

2149 4494 2358 4564 φήσας·
2399 4512 2418 4545 ι
2457 4491 2567 4547 Καὶ
2594 4491 2885 4546 ἀποστελεῖ
2919 4491 3102 4552 αὐτοῖς
3146 4488 3349 4560 Κύριος
3402 4487 3707 4558 ἄνθρωπον,

483 4582 577 4653 qui
605 4580 835 4637 salvabit
869 4594 985 4635 eos.
1016 4596 1036 4631 ι
1064 4576 1200 4631 Nam
1232 4576 1323 4631 hic
1351 4591 1540 4631 rursus
1583 4576 1634 4629 in
1668 4575 1935 4632 Hebraico
1963 4578 2044 4633 si:

482 4681 568 4730 est
603 4691 616 4728 :
655 4690 673 4724 ί
711 4671 779 4725 Et
814 4677 991 4726 mittet
1020 4671 1099 4725 eis
1133 4669 1394 4724 Dominus
1420 4667 1777 4731 Salvatorem,
1805 4670 1900 4738 qui
1933 4670 2043 4725 sal-

485 4763 632 4818 vabit
659 4777 774 4817 eos.
807 4782 826 4813 ι
860 4760 991 4826 Qum
1039 4776 1161 4815 cum
1201 4760 1335 4814 adeo
1364 4758 1667 4814 evidentem
1702 4758 2043 4815 demonstra-

483 4855 684 4910 tionem
714 4854 1025 4916 exhibeant,
1053 4852 1285 4906 arbitror
1304 4851 1464 4905 etiam
1491 4851 1821 4915 constitisse,
1846 4853 2043 4921 quibus

485 4946 820 5015 temporibus
865 4960 928 4999 ea
964 4944 1146 4998 futura
1172 4953 1518 5006 canerentur,
1552 4958 1672 5013 qua:
1721 4944 1788 4997 ad
1829 4943 2044 4998 Domini

482 5038 773 5093 adventum
797 5037 864 5091 ad
888 5037 1132 5090 homines
1161 5035 1518 5103 pertinebant.
1549 5033 1675 5090 Hazc
1700 5051 1832 5090 sane
1853 5037 2043 5105 paucis

483 5133 693 5187 anobis
712 5131 938 5187 collecta
974 5137 1121 5194 sunt,
1147 5131 1214 5186 de
1247 5129 1583 5200 temporibus
1618 5130 1816 5198 quibus
1854 5127 2041 5182 Domi—

483 5234 589 5273 nus
619 5217 722 5273 fuit
752 5220 820 5273 ad
868 5219 1115 5275 homines
1165 5227 1446 5273 venturus.
1497 5219 1660 5270 Plura
1714 5227 1894 5272 autem
1946 5232 2044 5286 per

482 5311 656 5366 otium
687 5311 959 5382 quispiam
984 5312 1219 5367 inveniet
1239 5352 1254 5375 ,
1280 5312 1326 5366 si
1357 5311 1596 5381 reliquas
1625 5311 1752 5365 item
1789 5309 2043 5379 Scriptu-

483 5417 576 5456 ras
598 5405 946 5471 percurrerit.
975 5402 1082 5458 Nos
1113 5411 1292 5458 autem
1333 5405 1419 5460 his
1441 5402 1681 5459 contenti
1711 5415 1831 5471 qua:
1856 5400 2045 5455 hacte-

484 5509 589 5549 nus
615 5493 758 5549 dicta
786 5501 933 5557 sunt,
947 5495 1060 5565 jam
1082 5511 1227 5550 nunc
1248 5496 1485 5565 reliquas
1514 5508 1728 5564 quoque
1759 5491 2042 5562 aggredia-

485 5603 607 5642 mur
642 5589 970 5657 prophetias.
1004 5589 1186 5653 Quare
1216 5602 1336 5655 quae
1368 5587 1436 5640 ab
1477 5585 1568 5639 illo
1613 5583 1753 5637 inter
1791 5584 2041 5641 homines

487 5693 588 5731 suo
625 5679 814 5733 ordine
852 5686 979 5732 sunt
1019 5677 1392 5731 administrata
1417 5714 1432 5739 ,
1467 5691 1529 5729 ex
1573 5673 1771 5728 divinis
1802 5676 2039 5731 oraculis

487 5757 825 5839 colligamus.

2144 4584 2204 4648 ὃς
2230 4581 2393 4638 σώσει
2421 4581 2638 4646 αὐτούς.
2669 4601 2689 4634 ι
2730 4580 2897 4635 Πάλιν
2926 4579 3057 4648 γοῦν
3091 4579 3366 4633 κάνταῦθα
3399 4579 3459 4632 τὸ
3502 4578 3713 4650 Ἐὅραῖο

2147 4673 2262 4739 κὸν,
2295 4693 2315 4725 ι
2342 4672 2456 4728 Καὶ
2486 4671 2778 4727 ἀποστελεῖ
2802 4670 2982 4734 αὐτοῖς
3012 4670 3213 4742 Κύριος
3246 4670 3501 4740 Σωτῆρα,
3524 4669 3582 4732 ὃς
3616 4667 3712 4720 σώ-

2149 4784 2230 4820 σει
2258 4766 2454 4831 αύτοὺς
2471 4804 2488 4830 ,
2516 4785 2536 4818 ι
2574 4764 2707 4836 ἔχει.
2737 4754 2836 4818 Ὧν
2862 4763 3036 4826 οὕτως
3062 4762 3266 4834 ἐναργῆ
3303 4763 3403 4835 τὴν
3439 4759 3710 4825 ἀπόδειξιν

2147 4858 2555 4930 παρεχομένων,
2587 4858 2824 4929 ἡγοῦμαι
2854 4858 2950 4911 καὶ
2978 4858 3103 4919 τοὺς
3131 4854 3357 4928 χρόνους
3387 4856 3578 4925 σαφεῖς
3618 4869 3710 4921 γε-

2144 4946 2378 5022 γονέναι,
2413 4952 2534 5006 καθ’
2560 4951 2653 5015 οὓς
2684 4952 2754 5004 τὰ
2781 4951 2880 5021 τῆς
2915 4950 2994 5012 είς
3027 4947 3347 5020 ἀνθρώπους
3374 4947 3468 5001 τοῦ
3502 4940 3708 5017 Κυρίου

2147 5043 2449 5113 παρουσίας
2479 5040 2813 5106 ὲθεσπίζετο.
2847 5040 3094 5094 Τοσαῦτα
3118 5038 3204 5093 διὰ
3239 5038 3485 5110 βραχέων
3517 5040 3610 5093 καί⁵
3643 5036 3711 5090 τὰ

2147 5132 2274 5201 περὶ
2319 5133 2426 5187 τῶν
2475 5133 2682 5203 χρόνων
2732 5132 2831 5201 τῆς
2879 5130 2974 5184 τοῦ
3016 5130 3220 5202 Κυρίου
3265 5132 3344 5193 εἰς
3390 5128 3711 5200 ἀνθρώπους

2147 5223 2370 5293 φανείας
2396 5223 2657 5293 συνῆκται
2675 5240 2686 5251 ·
2706 5222 2923 5275 πλείονα
2944 5221 2987 5274 δ’
3015 5220 3078 5275 ἀν
3100 5238 3183 5284 τις
3202 5221 3293 5272 ἐπὶ
3323 5218 3515 5290 σχολῆς
3538 5218 3707 5289 εὖροι,

2145 5315 2239 5368 καὶ
2281 5313 2382 5376 τὰς
2423 5313 2615 5376 λοιπὰς
2657 5312 2949 5385 ἐκπεριιών
2976 5311 3217 5383 Γραφάς.
3255 5311 3446 5381 Ἡμεῖς
3475 5327 3538 5380 γε
3570 5309 3706 5379 μὴν,

2145 5406 2255 5466 τοῖς
2297 5404 2603 5475 εἰρημένοις
2643 5403 3032 5475 ἀρκεσθέντες,
3069 5402 3294 5473 μέτιμεν
3333 5401 3432 5472 ήδη
3484 5400 3579 5453 καὶ
3617 5399 3712 5451 ἐπὶ

2143 5494 2242 5559 τὰς
2281 5494 2472 5560 λοιπὰς
2501 5497 2833 5568 προφητείας
2854 5536 2868 5560 ,
2901 5495 2967 5548 δι’
3000 5488 3075 5549 ὧν
3105 5495 3175 5548 τά
3203 5492 3622 5565 οἰκονομηθέντα
3651 5494 3712 5545 ὲν

2146 5586 2450 5659 ἀνθρώποις
2487 5587 2793 5652 ἀκολούθως
2830 5585 2980 5657 αὐτῷ
3020 5588 3082 5640 ὲκ
3112 5586 3218 5640 τῶν
3259 5586 3419 5640 θείων
3461 5585 3713 5658 προρρή-

2149 5696 2283 5733 σεων
2316 5680 2699 5752 ἀναλεξόμεϐα.
