  <div class='ocr_page' id='page_1' title='image "/cluster/home/n/w/nwhite01/storage/ocr_20150623/22:no.4/coo.31924054873025/338.png"; bbox 0 0 4098 6454; ppageno 0'>
   <div class='ocr_carea' id='block_1_1' title="bbox 350 375 453 434">
    <p class='ocr_par' dir='ltr' id='par_1_1' title="bbox 350 375 453 434">
     <span class='ocr_line' id='line_1_1' title="bbox 350 375 453 434; baseline -0.019 0"><span class='ocrx_word' id='word_1_1' title='bbox 350 375 453 434; x_wconf 64' lang='grc'><strong><em>649</em></strong></span> 
     </span>
    </p>
   </div>
   <div class='ocr_carea' id='block_1_2' title="bbox 1244 370 2685 432">
    <p class='ocr_par' dir='ltr' id='par_1_2' title="bbox 1244 370 2685 432">
     <span class='ocr_line' id='line_1_2' title="bbox 1244 370 2685 432; baseline 0 -3"><span class='ocrx_word' id='word_1_2' title='bbox 1244 370 1901 432; x_wconf 76' lang='lat' dir='ltr'><strong><em>DEMONSTRATIONIS</em></strong></span> <span class='ocrx_word' id='word_1_3' title='bbox 1941 372 2399 430; x_wconf 65' lang='lat' dir='ltr'><strong><em>EVANGELICIE</em></strong></span> <span class='ocrx_word' id='word_1_4' title='bbox 2433 373 2560 432; x_wconf 85' lang='lat' dir='ltr'><strong><em>LIB.</em></strong></span> <span class='ocrx_word' id='word_1_5' title='bbox 2596 375 2685 430; x_wconf 71' lang='grc' dir='ltr'><em>ιχ.</em></span> 
     </span>
    </p>
   </div>
   <div class='ocr_carea' id='block_1_3' title="bbox 3490 380 3595 437">
    <p class='ocr_par' dir='ltr' id='par_1_3' title="bbox 3490 380 3595 437">
     <span class='ocr_line' id='line_1_3' title="bbox 3490 380 3595 437; baseline 0.057 -6"><span class='ocrx_word' id='word_1_6' title='bbox 3490 380 3595 437; x_wconf 71' lang='lat'><strong><em>650</em></strong></span> 
     </span>
    </p>
   </div>
   <div class='ocr_carea' id='block_1_4' title="bbox 1210 628 2512 866">
    <p class='ocr_par' dir='ltr' id='par_1_4' title="bbox 1210 628 2512 866">
     <span class='ocr_line' id='line_1_4' title="bbox 1210 628 2512 866; baseline 0.002 -2"><span class='ocrx_word' id='word_1_7' title='bbox 1422 691 2512 866; x_wconf 80' lang='grc' dir='ltr'><strong><em>ΕΥΣΕΒΙΟΥ</em></strong></span> 
     </span>
    </p>
   </div>
   <div class='ocr_carea' id='block_1_5' title="bbox 860 972 2660 1137">
    <p class='ocr_par' dir='ltr' id='par_1_5' title="bbox 1513 972 2660 1118">
     <span class='ocr_line' id='line_1_5' title="bbox 1513 972 2660 1118; baseline 0.001 -55"><span class='ocrx_word' id='word_1_8' title='bbox 1513 979 1740 1066; x_wconf 86' lang='grc' dir='ltr'><strong><em>ΤΟΥ</em></strong></span> <span class='ocrx_word' id='word_1_9' title='bbox 1810 972 2415 1068; x_wconf 84' lang='grc' dir='ltr'><strong><em>ΠΑΜΦΙΛΟΥ</em></strong></span> <span class='ocrx_word' id='word_1_10' title='bbox 2657 1114 2660 1118; x_wconf 13' lang='grc' dir='ltr'><strong>Ι</strong></span> 
     </span>
    </p>
   </div>
   <div class='ocr_carea' id='block_1_6' title="bbox 794 1158 3145 1307">
    <p class='ocr_par' dir='ltr' id='par_1_6' title="bbox 794 1158 3145 1307">
     <span class='ocr_line' id='line_1_6' title="bbox 794 1158 3145 1307; baseline -0.003 0"><span class='ocrx_word' id='word_1_11' title='bbox 794 1167 1973 1307; x_wconf 81' lang='grc' dir='ltr'><strong><em>ΕΥΑΓΓΕΛΙΚΗΣ</em></strong></span> <span class='ocrx_word' id='word_1_12' title='bbox 2054 1158 3145 1304; x_wconf 83' lang='grc' dir='ltr'><strong><em>ΑΠΟΔΕΙΞΕΩΣ</em></strong></span> 
     </span>
    </p>
   </div>
   <div class='ocr_carea' id='block_1_7' title="bbox 1471 1408 2479 1499">
    <p class='ocr_par' dir='ltr' id='par_1_7' title="bbox 1471 1408 2479 1499">
     <span class='ocr_line' id='line_1_7' title="bbox 1471 1408 2479 1499; baseline -0.002 0"><span class='ocrx_word' id='word_1_13' title='bbox 1471 1410 1911 1499; x_wconf 84' lang='grc' dir='ltr'><strong><em>ΒΙΒΔΙΟΝ</em></strong></span> <span class='ocrx_word' id='word_1_14' title='bbox 1960 1408 2479 1497; x_wconf 83' lang='grc' dir='ltr'><strong><em>ΕΝΝΑΤΟΝ</em></strong></span> 
     </span>
    </p>
   </div>
   <div class='ocr_carea' id='block_1_8' title="bbox 1084 1767 2863 1937">
    <p class='ocr_par' dir='ltr' id='par_1_8' title="bbox 1084 1767 2863 1937">
     <span class='ocr_line' id='line_1_8' title="bbox 1084 1767 2863 1937; baseline -0.006 -6"><span class='ocrx_word' id='word_1_15' title='bbox 1084 1773 1844 1937; x_wconf 84' lang='lat' dir='ltr'><strong><em>EUSEBII</em></strong></span> <span class='ocrx_word' id='word_1_16' title='bbox 1924 1767 2435 1928; x_wconf 87' lang='lat' dir='ltr'><strong><em>PAMP</em></strong></span> <span class='ocrx_word' id='word_1_17' title='bbox 2461 1768 2863 1923; x_wconf 91' lang='lat' dir='ltr'><strong><em>HILI</em></strong></span> 
     </span>
    </p>
   </div>
   <div class='ocr_carea' id='block_1_9' title="bbox 643 2059 3282 2202">
    <p class='ocr_par' dir='ltr' id='par_1_9' title="bbox 643 2059 3282 2202">
     <span class='ocr_line' id='line_1_9' title="bbox 643 2059 3282 2202; baseline -0.003 -4"><span class='ocrx_word' id='word_1_18' title='bbox 643 2064 2138 2202; x_wconf 81' lang='lat' dir='ltr'><strong><em>DEMONSTRATIONIS</em></strong></span> <span class='ocrx_word' id='word_1_19' title='bbox 2215 2059 3282 2197; x_wconf 67' lang='lat' dir='ltr'><strong><em>EVANGELICAE</em></strong></span> 
     </span>
    </p>
   </div>
   <div class='ocr_carea' id='block_1_10' title="bbox 1538 2317 2409 2413">
    <p class='ocr_par' dir='ltr' id='par_1_10' title="bbox 1538 2317 2409 2413">
     <span class='ocr_line' id='line_1_10' title="bbox 1538 2317 2409 2413; baseline 0 -4"><span class='ocrx_word' id='word_1_20' title='bbox 1538 2320 1897 2411; x_wconf 82' lang='lat' dir='ltr'><strong>LIBER</strong></span> <span class='ocrx_word' id='word_1_21' title='bbox 1965 2317 2409 2413; x_wconf 90' lang='lat' dir='ltr'><strong>NONUS.</strong></span> 
     </span>
    </p>
   </div>
   <div class='ocr_carea' id='block_1_11' title="bbox 365 2663 1046 2719">
    <p class='ocr_par' dir='ltr' id='par_1_11' title="bbox 365 2663 1046 2719">
     <span class='ocr_line' id='line_1_11' title="bbox 365 2663 1046 2719; baseline -0.003 0"><span class='ocrx_word' id='word_1_22' title='bbox 365 2666 542 2719; x_wconf 81' lang='lat' dir='ltr'><strong><em>TAAE</em></strong></span> <span class='ocrx_word' id='word_1_23' title='bbox 572 2663 898 2718; x_wconf 84' lang='grc' dir='ltr'><strong><em>ΕΝΕΣΤΙΝ</em></strong></span> <span class='ocrx_word' id='word_1_24' title='bbox 944 2663 1046 2717; x_wconf 80' lang='grc' dir='ltr'><strong><em>ΕΝ</em></strong></span> 
     </span>
    </p>
   </div>
   <div class='ocr_carea' id='block_1_12' title="bbox 419 2804 1371 2860">
    <p class='ocr_par' dir='ltr' id='par_1_12' title="bbox 419 2804 1371 2860">
     <span class='ocr_line' id='line_1_12' title="bbox 419 2804 1371 2860; baseline 0.001 -3"><span class='ocrx_word' id='word_1_25' title='bbox 419 2805 853 2858; x_wconf 82' lang='grc' dir='ltr'><strong><em>ΑΓΓΕΛΙΚΗΣ</em></strong></span> <span class='ocrx_word' id='word_1_26' title='bbox 890 2804 1371 2860; x_wconf 83' lang='grc' dir='ltr'><strong><em>ΑΠΟΔΕΙΞΕΩΣ.</em></strong></span> 
     </span>
    </p>
   </div>
   <div class='ocr_carea' id='block_1_13' title="bbox 357 2912 1933 2995">
    <p class='ocr_par' dir='ltr' id='par_1_13' title="bbox 357 2912 1933 2995">
     <span class='ocr_line' id='line_1_13' title="bbox 357 2912 1933 2995; baseline -0.001 -23"><span class='ocrx_word' id='word_1_27' title='bbox 357 2916 497 2985; x_wconf 74' lang='grc' dir='ltr'>Περὶ</span> <span class='ocrx_word' id='word_1_28' title='bbox 526 2913 647 2995; x_wconf 76' lang='grc' dir='ltr'><em>τῷν</em></span> <span class='ocrx_word' id='word_1_29' title='bbox 671 2914 820 2995; x_wconf 72' lang='grc' dir='ltr'><em>κατζι</em></span> <span class='ocrx_word' id='word_1_30' title='bbox 838 2912 1425 2995; x_wconf 56' lang='grc' dir='ltr'><strong><em>τήηὲναγθρώπησιν</em></strong></span> <span class='ocrx_word' id='word_1_31' title='bbox 1460 2914 1647 2995; x_wconf 57' lang='grc' dir='ltr'><em>αὑτοῦ</em></span> <span class='ocrx_word' id='word_1_32' title='bbox 1669 2917 1933 2995; x_wconf 69' lang='grc' dir='ltr'><em>πραχθη;</em></span> 
     </span>
    </p>
   </div>
   <div class='ocr_carea' id='block_1_14' title="bbox 427 2984 1931 3064">
    <p class='ocr_par' dir='ltr' id='par_1_14' title="bbox 427 2984 1931 3064">
     <span class='ocr_line' id='line_1_14' title="bbox 427 2984 1931 3064; baseline -0.001 -23"><span class='ocrx_word' id='word_1_33' title='bbox 427 2984 730 3064; x_wconf 58' lang='grc' dir='ltr'><strong><em>ςομὲνων·</em></strong></span> <span class='ocrx_word' id='word_1_34' title='bbox 777 2985 847 3040; x_wconf 83' lang='grc' dir='ltr'><strong><em>ὲκ</em></strong></span> <span class='ocrx_word' id='word_1_35' title='bbox 901 2984 1020 3039; x_wconf 77' lang='grc' dir='ltr'><strong><em>τῶν</em></strong></span> <span class='ocrx_word' id='word_1_36' title='bbox 1066 2985 1689 3055; x_wconf 74' lang='grc' dir='ltr'>ὑποσεσημειωμένων</span> <span class='ocrx_word' id='word_1_37' title='bbox 1714 2984 1717 2985; x_wconf 55' lang='grc'><strong><em>⁷</em></strong></span> <span class='ocrx_word' id='word_1_38' title='bbox 1740 2984 1931 3041; x_wconf 77' lang='grc' dir='ltr'><em>αὐτοῦ</em></span> 
     </span>
    </p>
   </div>
   <div class='ocr_carea' id='block_1_15' title="bbox 427 3059 705 3127">
    <p class='ocr_par' dir='ltr' id='par_1_15' title="bbox 427 3059 705 3127">
     <span class='ocr_line' id='line_1_15' title="bbox 427 3059 705 3127; baseline -0.011 -15"><span class='ocrx_word' id='word_1_39' title='bbox 427 3059 705 3127; x_wconf 65' lang='grc' dir='ltr'><em>Γραφῶν.</em></span> 
     </span>
    </p>
   </div>
   <div class='ocr_carea' id='block_1_16' title="bbox 496 3146 1253 3217">
    <p class='ocr_par' dir='ltr' id='par_1_16' title="bbox 496 3146 1253 3217">
     <span class='ocr_line' id='line_1_16' title="bbox 496 3146 1253 3217; baseline -0.004 -14"><span class='ocrx_word' id='word_1_40' title='bbox 496 3156 565 3203; x_wconf 81' lang='grc' dir='ltr'><em>α’.</em></span> <span class='ocrx_word' id='word_1_41' title='bbox 620 3146 767 3202; x_wconf 86' lang='grc' dir='ltr'><strong><em>Ἀπὸ</em></strong></span> <span class='ocrx_word' id='word_1_42' title='bbox 796 3146 915 3201; x_wconf 74' lang='grc' dir='ltr'><strong><em>τῶν</em></strong></span> <span class='ocrx_word' id='word_1_43' title='bbox 952 3146 1253 3217; x_wconf 81' lang='grc' dir='ltr'><strong><em>Ἀριθμῶν.</em></strong></span> 
     </span>
    </p>
   </div>
   <div class='ocr_carea' id='block_1_17' title="bbox 500 3218 1196 3289">
    <p class='ocr_par' dir='ltr' id='par_1_17' title="bbox 500 3218 1196 3289">
     <span class='ocr_line' id='line_1_17' title="bbox 500 3218 1196 3289; baseline 0.001 -15"><span class='ocrx_word' id='word_1_44' title='bbox 500 3220 563 3289; x_wconf 82' lang='grc' dir='ltr'><strong><em>β’.</em></strong></span> <span class='ocrx_word' id='word_1_45' title='bbox 618 3218 761 3273; x_wconf 75' lang='grc' dir='ltr'><strong><em>Ἀπὸ</em></strong></span> <span class='ocrx_word' id='word_1_46' title='bbox 790 3219 894 3289; x_wconf 78' lang='grc' dir='ltr'><strong><em>τοῦ</em></strong></span> <span class='ocrx_word' id='word_1_47' title='bbox 934 3218 1196 3289; x_wconf 80' lang='grc' dir='ltr'><em>Ἡσαΐου.</em></span> 
     </span>
    </p>
   </div>
   <div class='ocr_carea' id='block_1_18' title="bbox 498 3287 1256 3359">
    <p class='ocr_par' dir='ltr' id='par_1_18' title="bbox 498 3287 1256 3359">
     <span class='ocr_line' id='line_1_18' title="bbox 498 3287 1256 3359; baseline -0.001 -16"><span class='ocrx_word' id='word_1_48' title='bbox 498 3287 568 3359; x_wconf 82' lang='grc' dir='ltr'><strong><em>γ’.</em></strong></span> <span class='ocrx_word' id='word_1_49' title='bbox 622 3289 766 3343; x_wconf 84' lang='grc' dir='ltr'><strong><em>Ἀπὸ</em></strong></span> <span class='ocrx_word' id='word_1_50' title='bbox 794 3287 914 3341; x_wconf 78' lang='grc' dir='ltr'><em>τῶν</em></span> <span class='ocrx_word' id='word_1_51' title='bbox 951 3288 1256 3358; x_wconf 74' lang='grc' dir='ltr'><em>Ἀριθμῶν.</em></span> 
     </span>
    </p>
   </div>
   <div class='ocr_carea' id='block_1_19' title="bbox 498 3359 1123 3426">
    <p class='ocr_par' dir='ltr' id='par_1_19' title="bbox 498 3359 1123 3426">
     <span class='ocr_line' id='line_1_19' title="bbox 498 3359 1123 3426; baseline -0.006 -11"><span class='ocrx_word' id='word_1_52' title='bbox 498 3361 562 3415; x_wconf 67' lang='grc' dir='ltr'><strong><em>δ’.</em></strong></span> <span class='ocrx_word' id='word_1_53' title='bbox 612 3359 754 3413; x_wconf 87' lang='grc' dir='ltr'><strong><em>Ἀπὸ</em></strong></span> <span class='ocrx_word' id='word_1_54' title='bbox 783 3359 891 3413; x_wconf 85' lang='grc' dir='ltr'><strong><em>τοῦ</em></strong></span> <span class='ocrx_word' id='word_1_55' title='bbox 931 3359 1123 3426; x_wconf 84' lang='grc' dir='ltr'><strong><em>Ὠσηέ.</em></strong></span> 
     </span>
    </p>
   </div>
   <div class='ocr_carea' id='block_1_20' title="bbox 502 3428 1190 3483">
    <p class='ocr_par' dir='ltr' id='par_1_20' title="bbox 502 3428 1190 3483">
     <span class='ocr_line' id='line_1_20' title="bbox 502 3428 1190 3483; baseline -0.001 0"><span class='ocrx_word' id='word_1_56' title='bbox 502 3437 563 3483; x_wconf 84' lang='grc' dir='ltr'><strong><em>ε’.</em></strong></span> <span class='ocrx_word' id='word_1_57' title='bbox 618 3429 762 3483; x_wconf 88' lang='grc' dir='ltr'><strong><em>Ἀπὸ</em></strong></span> <span class='ocrx_word' id='word_1_58' title='bbox 793 3428 898 3482; x_wconf 85' lang='grc' dir='ltr'><strong><em>τοῦ</em></strong></span> <span class='ocrx_word' id='word_1_59' title='bbox 930 3429 1190 3483; x_wconf 82' lang='grc' dir='ltr'><strong><em>Ἡσαΐου.</em></strong></span> 
     </span>
    </p>
   </div>
   <div class='ocr_carea' id='block_1_21' title="bbox 507 3496 1154 3566">
    <p class='ocr_par' dir='ltr' id='par_1_21' title="bbox 507 3496 1154 3566">
     <span class='ocr_line' id='line_1_21' title="bbox 507 3496 1154 3566; baseline -0.003 -13"><span class='ocrx_word' id='word_1_60' title='bbox 507 3505 582 3566; x_wconf 81' lang='grc' dir='ltr'><strong><em>ς’.</em></strong></span> <span class='ocrx_word' id='word_1_61' title='bbox 636 3498 779 3552; x_wconf 85' lang='grc' dir='ltr'><strong><em>Ἀπὸ</em></strong></span> <span class='ocrx_word' id='word_1_62' title='bbox 810 3496 917 3551; x_wconf 85' lang='grc' dir='ltr'><strong><em>τοῦ</em></strong></span> <span class='ocrx_word' id='word_1_63' title='bbox 948 3497 1154 3552; x_wconf 86' lang='grc' dir='ltr'><em>αὐτοῦ.</em></span> 
     </span>
    </p>
   </div>
   <div class='ocr_carea' id='block_1_22' title="bbox 501 3567 1117 3637">
    <p class='ocr_par' dir='ltr' id='par_1_22' title="bbox 501 3567 1117 3637">
     <span class='ocr_line' id='line_1_22' title="bbox 501 3567 1117 3637; baseline -0.003 -13"><span class='ocrx_word' id='word_1_64' title='bbox 501 3568 565 3634; x_wconf 78' lang='grc' dir='ltr'><strong><em>ζ’.</em></strong></span> <span class='ocrx_word' id='word_1_65' title='bbox 618 3568 760 3623; x_wconf 85' lang='grc' dir='ltr'><strong><em>Ἀπὸ</em></strong></span> <span class='ocrx_word' id='word_1_66' title='bbox 786 3567 1034 3637; x_wconf 69' lang='grc' dir='ltr'><em>ψαλμοῦ</em></span> <span class='ocrx_word' id='word_1_67' title='bbox 1060 3571 1117 3635; x_wconf 74' lang='grc' dir='ltr'><strong><em>ιι.</em></strong></span> 
     </span>
    </p>
   </div>
   <div class='ocr_carea' id='block_1_23' title="bbox 506 3638 1214 3712">
    <p class='ocr_par' dir='ltr' id='par_1_23' title="bbox 506 3638 1214 3712">
     <span class='ocr_line' id='line_1_23' title="bbox 506 3638 1214 3712; baseline 0.001 -21"><span class='ocrx_word' id='word_1_68' title='bbox 506 3658 541 3712; x_wconf 79' lang='grc' dir='ltr'>ῃ</span> <span class='ocrx_word' id='word_1_69' title='bbox 561 3677 575 3691; x_wconf 94' lang='grc'><strong><em>.</em></strong></span> <span class='ocrx_word' id='word_1_70' title='bbox 625 3639 774 3712; x_wconf 80' lang='grc' dir='ltr'><strong><em>Ἀπὸ</em></strong></span> <span class='ocrx_word' id='word_1_71' title='bbox 806 3638 919 3712; x_wconf 80' lang='grc' dir='ltr'><strong><em>τοῦ</em></strong></span> <span class='ocrx_word' id='word_1_72' title='bbox 954 3638 1214 3712; x_wconf 53' lang='grc' dir='ltr'><em>Ἡσαΐου.</em></span> 
     </span>
    </p>
   </div>
   <div class='ocr_carea' id='block_1_24' title="bbox 503 3707 1169 3776">
    <p class='ocr_par' dir='ltr' id='par_1_24' title="bbox 503 3707 1169 3776">
     <span class='ocr_line' id='line_1_24' title="bbox 503 3707 1169 3776; baseline 0.002 -14"><span class='ocrx_word' id='word_1_73' title='bbox 503 3707 583 3765; x_wconf 59' lang='grc'><strong><em>6³.-</em></strong></span> <span class='ocrx_word' id='word_1_74' title='bbox 623 3709 765 3767; x_wconf 74' lang='grc' dir='ltr'><strong><em>Ἀπὸ</em></strong></span> <span class='ocrx_word' id='word_1_75' title='bbox 796 3708 1043 3776; x_wconf 70' lang='grc' dir='ltr'><em>ψαλμοῦ</em></span> <span class='ocrx_word' id='word_1_76' title='bbox 1075 3707 1169 3773; x_wconf 75' lang='grc' dir='ltr'><strong><em>ξζν.</em></strong></span> 
     </span>
    </p>
   </div>
   <div class='ocr_carea' id='block_1_25' title="bbox 506 3777 1197 3833">
    <p class='ocr_par' dir='ltr' id='par_1_25' title="bbox 506 3777 1197 3833">
     <span class='ocr_line' id='line_1_25' title="bbox 506 3777 1197 3833; baseline 0 0"><span class='ocrx_word' id='word_1_77' title='bbox 506 3787 557 3833; x_wconf 82' lang='grc' dir='ltr'><strong><em>ι’.</em></strong></span> <span class='ocrx_word' id='word_1_78' title='bbox 612 3778 754 3833; x_wconf 86' lang='grc' dir='ltr'><strong><em>Ἀπὸ</em></strong></span> <span class='ocrx_word' id='word_1_79' title='bbox 790 3777 894 3832; x_wconf 86' lang='grc' dir='ltr'><strong><em>τοῦ</em></strong></span> <span class='ocrx_word' id='word_1_80' title='bbox 936 3779 1197 3833; x_wconf 81' lang='grc' dir='ltr'><strong><em>Ἡσαΐου.</em></strong></span> 
     </span>
    </p>
   </div>
   <div class='ocr_carea' id='block_1_26' title="bbox 507 3847 1434 3918">
    <p class='ocr_par' dir='ltr' id='par_1_26' title="bbox 507 3847 1434 3918">
     <span class='ocr_line' id='line_1_26' title="bbox 507 3847 1434 3918; baseline -0.002 -15"><span class='ocrx_word' id='word_1_81' title='bbox 507 3850 594 3904; x_wconf 82' lang='grc' dir='ltr'><em>ια’.</em></span> <span class='ocrx_word' id='word_1_82' title='bbox 647 3850 789 3903; x_wconf 84' lang='grc' dir='ltr'><strong><em>Ἀπὸ</em></strong></span> <span class='ocrx_word' id='word_1_83' title='bbox 824 3847 928 3901; x_wconf 85' lang='grc' dir='ltr'><em>τοῦ</em></span> <span class='ocrx_word' id='word_1_84' title='bbox 954 3847 1434 3918; x_wconf 76' lang='grc' dir='ltr'><strong><em>Δευτερονομίου.</em></strong></span> 
     </span>
    </p>
   </div>
   <div class='ocr_carea' id='block_1_27' title="bbox 507 3918 1105 4006">
    <p class='ocr_par' dir='ltr' id='par_1_27' title="bbox 507 3918 1105 4006">
     <span class='ocr_line' id='line_1_27' title="bbox 507 3918 1105 4006; baseline -0.002 -32"><span class='ocrx_word' id='word_1_85' title='bbox 507 3921 596 4006; x_wconf 62' lang='grc' dir='ltr'><strong><em>ιός.</em></strong></span> <span class='ocrx_word' id='word_1_86' title='bbox 825 3918 932 4000; x_wconf 64' lang='grc' dir='ltr'><em>τοιξ</em></span> 
     </span>
    </p>
   </div>
   <div class='ocr_carea' id='block_1_28' title="bbox 507 3989 1227 4140">
    <p class='ocr_par' dir='ltr' id='par_1_28' title="bbox 507 3989 1227 4140">
     <span class='ocr_line' id='line_1_28' title="bbox 507 3989 1227 4059; baseline -0.004 -15"><span class='ocrx_word' id='word_1_87' title='bbox 507 3992 596 4059; x_wconf 85' lang='grc' dir='ltr'>ιγ’.</span> <span class='ocrx_word' id='word_1_88' title='bbox 651 3990 795 4044; x_wconf 86' lang='grc' dir='ltr'><strong><em>Ἀπὸ</em></strong></span> <span class='ocrx_word' id='word_1_89' title='bbox 826 3989 932 4042; x_wconf 84' lang='grc' dir='ltr'><strong><em>τοῦ</em></strong></span> <span class='ocrx_word' id='word_1_90' title='bbox 968 3989 1227 4043; x_wconf 83' lang='grc' dir='ltr'><em>Ἡσαΐου.</em></span> 
     </span>
     <span class='ocr_line' id='line_1_29' title="bbox 508 4058 1174 4140; baseline -0.005 -25"><span class='ocrx_word' id='word_1_91' title='bbox 508 4063 593 4140; x_wconf 58' lang='grc' dir='ltr'><em>ιδξ.</em></span> <span class='ocrx_word' id='word_1_92' title='bbox 823 4059 931 4140; x_wconf 58' lang='lat' dir='ltr'><strong><em>to?</em></strong></span> <span class='ocrx_word' id='word_1_93' title='bbox 966 4058 1174 4140; x_wconf 64' lang='grc' dir='ltr'><em>αυτοῇ.</em></span> 
     </span>
    </p>
   </div>
   <div class='ocr_carea' id='block_1_29' title="bbox 509 4130 1161 4186">
    <p class='ocr_par' dir='ltr' id='par_1_29' title="bbox 509 4130 1161 4186">
     <span class='ocr_line' id='line_1_30' title="bbox 509 4130 1161 4186; baseline -0.005 0"><span class='ocrx_word' id='word_1_94' title='bbox 509 4139 590 4186; x_wconf 85' lang='grc' dir='ltr'>ιε’.</span> <span class='ocrx_word' id='word_1_95' title='bbox 644 4131 783 4186; x_wconf 85' lang='grc' dir='ltr'><strong><em>Ἀπὸ</em></strong></span> <span class='ocrx_word' id='word_1_96' title='bbox 814 4130 922 4183; x_wconf 84' lang='grc' dir='ltr'><strong><em>τοῦ</em></strong></span> <span class='ocrx_word' id='word_1_97' title='bbox 952 4130 1161 4183; x_wconf 86' lang='grc' dir='ltr'><em>αὐτοῦ.</em></span> 
     </span>
    </p>
   </div>
   <div class='ocr_carea' id='block_1_30' title="bbox 510 4199 1177 4269">
    <p class='ocr_par' dir='ltr' id='par_1_30' title="bbox 510 4199 1177 4269">
     <span class='ocr_line' id='line_1_31' title="bbox 510 4199 1177 4269; baseline -0.001 -14"><span class='ocrx_word' id='word_1_98' title='bbox 510 4210 605 4269; x_wconf 79' lang='grc' dir='ltr'><em>ις’.</em></span> <span class='ocrx_word' id='word_1_99' title='bbox 658 4199 802 4255; x_wconf 84' lang='grc' dir='ltr'><strong><em>Ἀπὸ</em></strong></span> <span class='ocrx_word' id='word_1_100' title='bbox 828 4199 936 4253; x_wconf 86' lang='grc' dir='ltr'><em>τοῦ</em></span> <span class='ocrx_word' id='word_1_101' title='bbox 969 4199 1177 4254; x_wconf 85' lang='grc' dir='ltr'><em>αὐτοῦ.</em></span> 
     </span>
    </p>
   </div>
   <div class='ocr_carea' id='block_1_31' title="bbox 510 4269 1272 4339">
    <p class='ocr_par' dir='ltr' id='par_1_31' title="bbox 510 4269 1272 4339">
     <span class='ocr_line' id='line_1_32' title="bbox 510 4269 1272 4339; baseline -0.003 -11"><span class='ocrx_word' id='word_1_102' title='bbox 510 4274 595 4336; x_wconf 82' lang='grc' dir='ltr'><em>ιζ’.</em></span> <span class='ocrx_word' id='word_1_103' title='bbox 647 4271 789 4324; x_wconf 86' lang='grc' dir='ltr'><strong><em>Ἀπὸ</em></strong></span> <span class='ocrx_word' id='word_1_104' title='bbox 819 4269 927 4323; x_wconf 85' lang='grc' dir='ltr'><strong><em>τοῦ</em></strong></span> <span class='ocrx_word' id='word_1_105' title='bbox 957 4272 1272 4339; x_wconf 80' lang='grc' dir='ltr'><strong><em>Ζαχαρίου.</em></strong></span> 
     </span>
    </p>
   </div>
   <div class='ocr_carea' id='block_1_32' title="bbox 509 4340 1234 4416">
    <p class='ocr_par' dir='ltr' id='par_1_32' title="bbox 509 4340 1234 4416">
     <span class='ocr_line' id='line_1_33' title="bbox 509 4340 1234 4416; baseline -0.004 -18"><span class='ocrx_word' id='word_1_106' title='bbox 509 4350 603 4416; x_wconf 86' lang='grc' dir='ltr'><em>ιη’.</em></span> <span class='ocrx_word' id='word_1_107' title='bbox 654 4340 799 4397; x_wconf 77' lang='grc' dir='ltr'><em>’Ᾱπὸ</em></span> <span class='ocrx_word' id='word_1_108' title='bbox 826 4340 1076 4411; x_wconf 70' lang='grc' dir='ltr'><em>ψαλμοῦ</em></span> <span class='ocrx_word' id='word_1_109' title='bbox 1109 4342 1234 4413; x_wconf 85' lang='grc' dir='ltr'><em>ριζ’.</em></span> 
     </span>
    </p>
   </div>
   <div class='ocr_carea' id='block_1_33' title="bbox 970 4454 1375 4512">
    <p class='ocr_par' dir='ltr' id='par_1_33' title="bbox 970 4454 1375 4512">
     <span class='ocr_line' id='line_1_34' title="bbox 970 4454 1375 4512; baseline 0.012 -5"><span class='ocrx_word' id='word_1_110' title='bbox 970 4454 1375 4512; x_wconf 79' lang='grc' dir='ltr'><strong><em>ΠΡΟΟΙΜΙΟΝ.</em></strong></span> 
     </span>
    </p>
   </div>
   <div class='ocr_carea' id='block_1_34' title="bbox 440 4566 1942 4641">
    <p class='ocr_par' dir='ltr' id='par_1_34' title="bbox 440 4566 1942 4641">
     <span class='ocr_line' id='line_1_35' title="bbox 440 4566 1942 4641; baseline 0.002 -20"><span class='ocrx_word' id='word_1_111' title='bbox 440 4569 506 4621; x_wconf 83' lang='grc' dir='ltr'><strong><em>Τί</em></strong></span> <span class='ocrx_word' id='word_1_112' title='bbox 529 4567 592 4639; x_wconf 85' lang='grc' dir='ltr'><strong><em>δὴ</em></strong></span> <span class='ocrx_word' id='word_1_113' title='bbox 610 4567 855 4622; x_wconf 80' lang='grc' dir='ltr'>λείπεται</span> <span class='ocrx_word' id='word_1_114' title='bbox 877 4568 971 4621; x_wconf 73' lang='grc' dir='ltr'><strong><em>ἐπὶ</em></strong></span> <span class='ocrx_word' id='word_1_115' title='bbox 994 4566 1204 4632; x_wconf 83' lang='grc' dir='ltr'><strong><em>τούτοις</em></strong></span> <span class='ocrx_word' id='word_1_116' title='bbox 1230 4568 1345 4623; x_wconf 81' lang='grc' dir='ltr'>ἀλλ’</span> <span class='ocrx_word' id='word_1_117' title='bbox 1374 4568 1408 4641; x_wconf 85' lang='grc' dir='ltr'>ἢ</span> <span class='ocrx_word' id='word_1_118' title='bbox 1436 4570 1556 4634; x_wconf 85' lang='grc' dir='ltr'><strong><em>ταῖς</em></strong></span> <span class='ocrx_word' id='word_1_119' title='bbox 1586 4568 1942 4641; x_wconf 81' lang='grc' dir='ltr'><strong><em>ὑποσχέσεσιν</em></strong></span> 
     </span>
    </p>
   </div>
   <div class='ocr_carea' id='block_1_35' title="bbox 374 4658 1942 4734">
    <p class='ocr_par' dir='ltr' id='par_1_35' title="bbox 374 4658 1942 4734">
     <span class='ocr_line' id='line_1_36' title="bbox 374 4658 1942 4734; baseline 0 -19"><span class='ocrx_word' id='word_1_120' title='bbox 374 4659 680 4724; x_wconf 82' lang='grc' dir='ltr'><strong><em>ἀκολούθως</em></strong></span> <span class='ocrx_word' id='word_1_121' title='bbox 711 4659 812 4713; x_wconf 82' lang='grc' dir='ltr'><strong><em>διε)</em></strong></span> <span class='ocrx_word' id='word_1_122' title='bbox 825 4660 937 4713; x_wconf 84' lang='grc' dir='ltr'><strong><em>Θεῖν</em></strong></span> <span class='ocrx_word' id='word_1_123' title='bbox 971 4658 1042 4713; x_wconf 80' lang='grc' dir='ltr'><strong><em>τὰ</em></strong></span> <span class='ocrx_word' id='word_1_124' title='bbox 1072 4660 1497 4732; x_wconf 83' lang='grc' dir='ltr'><strong><em>οῑκονομηθέντα</em></strong></span> <span class='ocrx_word' id='word_1_125' title='bbox 1529 4663 1621 4716; x_wconf 72' lang='grc' dir='ltr'>ἐπὶ</span> <span class='ocrx_word' id='word_1_126' title='bbox 1652 4663 1749 4734; x_wconf 83' lang='grc' dir='ltr'><strong><em>τῆς</em></strong></span> <span class='ocrx_word' id='word_1_127' title='bbox 1789 4665 1942 4717; x_wconf 75' lang='grc' dir='ltr'><em>ἐναν-</em></span> 
     </span>
    </p>
   </div>
   <div class='ocr_carea' id='block_1_36' title="bbox 376 4750 1944 4826">
    <p class='ocr_par' dir='ltr' id='par_1_36' title="bbox 376 4750 1944 4826">
     <span class='ocr_line' id='line_1_37' title="bbox 376 4750 1944 4826; baseline 0.001 -19"><span class='ocrx_word' id='word_1_128' title='bbox 376 4752 706 4826; x_wconf 84' lang='grc' dir='ltr'>θρωπήσεως</span> <span class='ocrx_word' id='word_1_129' title='bbox 747 4750 911 4805; x_wconf 79' lang='grc' dir='ltr'>αὑτοῦ</span> <span class='ocrx_word' id='word_1_130' title='bbox 957 4752 1021 4825; x_wconf 80' lang='grc' dir='ltr'><strong><em>δὴ</em></strong></span> <span class='ocrx_word' id='word_1_131' title='bbox 1069 4752 1163 4806; x_wconf 84' lang='grc' dir='ltr'><strong><em>τοῦ</em></strong></span> <span class='ocrx_word' id='word_1_132' title='bbox 1202 4753 1336 4808; x_wconf 81' lang='grc' dir='ltr'>Θεοῦ</span> <span class='ocrx_word' id='word_1_133' title='bbox 1375 4755 1583 4825; x_wconf 74' lang='grc' dir='ltr'>Λόγους</span> <span class='ocrx_word' id='word_1_134' title='bbox 1629 4756 1755 4826; x_wconf 78' lang='grc' dir='ltr'>περὶ</span> <span class='ocrx_word' id='word_1_135' title='bbox 1784 4751 1845 4810; x_wconf 75' lang='grc' dir='ltr'><strong><em>οὗ</em></strong></span> <span class='ocrx_word' id='word_1_136' title='bbox 1874 4754 1944 4809; x_wconf 80' lang='grc' dir='ltr'><strong><em>τὰ</em></strong></span> 
     </span>
    </p>
   </div>
   <div class='ocr_carea' id='block_1_37' title="bbox 374 4842 1946 4918">
    <p class='ocr_par' dir='ltr' id='par_1_37' title="bbox 374 4842 1946 4918">
     <span class='ocr_line' id='line_1_38' title="bbox 374 4842 1946 4918; baseline 0.002 -22"><span class='ocrx_word' id='word_1_137' title='bbox 374 4842 834 4916; x_wconf 73' lang='grc' dir='ltr'><strong><em>προπεπονημένα</em></strong></span> <span class='ocrx_word' id='word_1_138' title='bbox 878 4844 937 4897; x_wconf 78' lang='grc' dir='ltr'>ἐν</span> <span class='ocrx_word' id='word_1_139' title='bbox 964 4843 1110 4897; x_wconf 82' lang='grc' dir='ltr'><strong><em>ὀκτὼ</em></strong></span> <span class='ocrx_word' id='word_1_140' title='bbox 1147 4848 1262 4910; x_wconf 85' lang='grc' dir='ltr'>τοῖς</span> <span class='ocrx_word' id='word_1_141' title='bbox 1297 4846 1402 4918; x_wconf 79' lang='grc' dir='ltr'>πρὸ</span> <span class='ocrx_word' id='word_1_142' title='bbox 1433 4846 1620 4900; x_wconf 85' lang='grc' dir='ltr'><strong><em>τούτου</em></strong></span> <span class='ocrx_word' id='word_1_143' title='bbox 1664 4846 1946 4917; x_wconf 84' lang='grc' dir='ltr'>συγγράμ-</span> 
     </span>
    </p>
   </div>
   <div class='ocr_carea' id='block_1_38' title="bbox 379 4933 1947 5012">
    <p class='ocr_par' dir='ltr' id='par_1_38' title="bbox 379 4933 1947 5012">
     <span class='ocr_line' id='line_1_39' title="bbox 379 4933 1947 5012; baseline 0.004 -24"><span class='ocrx_word' id='word_1_144' title='bbox 379 4954 510 5007; x_wconf 77' lang='grc' dir='ltr'>μασι</span> <span class='ocrx_word' id='word_1_145' title='bbox 535 4933 925 5007; x_wconf 74' lang='grc' dir='ltr'><strong><em>διεληλύθαμεν</em></strong></span> <span class='ocrx_word' id='word_1_146' title='bbox 944 4976 959 5001; x_wconf 85' lang='grc'><strong><em>,</em></strong></span> <span class='ocrx_word' id='word_1_147' title='bbox 988 4938 1108 4992; x_wconf 79' lang='grc' dir='ltr'><strong><em>τοτὲ</em></strong></span> <span class='ocrx_word' id='word_1_148' title='bbox 1155 4938 1253 5010; x_wconf 76' lang='grc' dir='ltr'>μὲν</span> <span class='ocrx_word' id='word_1_149' title='bbox 1296 4938 1394 5012; x_wconf 79' lang='grc' dir='ltr'><strong><em>τὴν</em></strong></span> <span class='ocrx_word' id='word_1_150' title='bbox 1430 4940 1548 4994; x_wconf 82' lang='grc' dir='ltr'><strong><em>κατ’</em></strong></span> <span class='ocrx_word' id='word_1_151' title='bbox 1580 4938 1741 4994; x_wconf 68' lang='grc' dir='ltr'><em>αὐτὸν</em></span> <span class='ocrx_word' id='word_1_152' title='bbox 1772 4938 1947 4994; x_wconf 83' lang='grc' dir='ltr'>θεολο-</span> 
     </span>
    </p>
   </div>
   <div class='ocr_carea' id='block_1_39' title="bbox 376 5026 1948 5105">
    <p class='ocr_par' dir='ltr' id='par_1_39' title="bbox 376 5026 1948 5105">
     <span class='ocr_line' id='line_1_40' title="bbox 376 5026 1948 5105; baseline 0.004 -26"><span class='ocrx_word' id='word_1_153' title='bbox 376 5027 500 5097; x_wconf 80' lang='grc' dir='ltr'><em>γίαν</em></span> <span class='ocrx_word' id='word_1_154' title='bbox 526 5026 960 5102; x_wconf 76' lang='grc' dir='ltr'>διερευνώμενοι,</span> <span class='ocrx_word' id='word_1_155' title='bbox 997 5030 1120 5084; x_wconf 79' lang='grc' dir='ltr'>τοτὲ</span> <span class='ocrx_word' id='word_1_156' title='bbox 1153 5030 1211 5085; x_wconf 81' lang='grc' dir='ltr'><strong><em>δὲ</em></strong></span> <span class='ocrx_word' id='word_1_157' title='bbox 1244 5031 1344 5104; x_wconf 81' lang='grc' dir='ltr'><strong><em>τὴν</em></strong></span> <span class='ocrx_word' id='word_1_158' title='bbox 1375 5031 1667 5105; x_wconf 80' lang='grc' dir='ltr'>οὐρανόθεν</span> <span class='ocrx_word' id='word_1_159' title='bbox 1697 5032 1778 5095; x_wconf 75' lang='grc' dir='ltr'>εἰς</span> <span class='ocrx_word' id='word_1_160' title='bbox 1801 5032 1948 5102; x_wconf 79' lang='grc' dir='ltr'>ἡμᾶς</span> 
     </span>
    </p>
   </div>
   <div class='ocr_carea' id='block_1_40' title="bbox 376 5121 1950 5196">
    <p class='ocr_par' dir='ltr' id='par_1_40' title="bbox 376 5121 1950 5196">
     <span class='ocr_line' id='line_1_41' title="bbox 376 5121 1950 5196; baseline 0.001 -21"><span class='ocrx_word' id='word_1_161' title='bbox 376 5121 620 5188; x_wconf 80' lang='grc' dir='ltr'>κάθοδον,</span> <span class='ocrx_word' id='word_1_162' title='bbox 645 5122 740 5175; x_wconf 73' lang='grc' dir='ltr'><strong><em>καὶ</em></strong></span> <span class='ocrx_word' id='word_1_163' title='bbox 768 5122 859 5175; x_wconf 87' lang='grc' dir='ltr'>τόν</span> <span class='ocrx_word' id='word_1_164' title='bbox 897 5139 958 5176; x_wconf 80' lang='grc' dir='ltr'>τε</span> <span class='ocrx_word' id='word_1_165' title='bbox 996 5122 1197 5195; x_wconf 82' lang='grc' dir='ltr'>τρόπον</span> <span class='ocrx_word' id='word_1_166' title='bbox 1234 5122 1369 5194; x_wconf 81' lang='grc' dir='ltr'>ὁμοῦ</span> <span class='ocrx_word' id='word_1_167' title='bbox 1408 5123 1502 5179; x_wconf 74' lang='grc' dir='ltr'><strong><em>καὶ</em></strong></span> <span class='ocrx_word' id='word_1_168' title='bbox 1539 5123 1638 5196; x_wconf 79' lang='grc' dir='ltr'><strong><em>τὴν</em></strong></span> <span class='ocrx_word' id='word_1_169' title='bbox 1685 5140 1950 5196; x_wconf 83' lang='grc' dir='ltr'>προσηγο-</span> 
     </span>
    </p>
   </div>
   <div class='ocr_carea' id='block_1_41' title="bbox 382 5209 1950 5285">
    <p class='ocr_par' dir='ltr' id='par_1_41' title="bbox 382 5209 1950 5285">
     <span class='ocr_line' id='line_1_42' title="bbox 382 5209 1950 5285; baseline 0.002 -21"><span class='ocrx_word' id='word_1_170' title='bbox 382 5213 504 5285; x_wconf 79' lang='grc' dir='ltr'>ρίαν</span> <span class='ocrx_word' id='word_1_171' title='bbox 522 5251 537 5276; x_wconf 91' lang='grc'><strong><em>,</em></strong></span> <span class='ocrx_word' id='word_1_172' title='bbox 570 5212 665 5266; x_wconf 76' lang='grc' dir='ltr'><strong><em>καὶ</em></strong></span> <span class='ocrx_word' id='word_1_173' title='bbox 696 5211 788 5266; x_wconf 77' lang='grc' dir='ltr'><strong><em>τὸν</em></strong></span> <span class='ocrx_word' id='word_1_174' title='bbox 817 5212 1005 5283; x_wconf 84' lang='grc' dir='ltr'>χρόνον</span> <span class='ocrx_word' id='word_1_175' title='bbox 1029 5212 1128 5283; x_wconf 83' lang='grc' dir='ltr'><strong><em>τῆς</em></strong></span> <span class='ocrx_word' id='word_1_176' title='bbox 1157 5213 1231 5283; x_wconf 79' lang='grc' dir='ltr'><strong><em>ἀφ</em></strong></span> <span class='ocrx_word' id='word_1_177' title='bbox 1256 5209 1392 5280; x_wconf 71' lang='grc' dir='ltr'>ξβως</span> <span class='ocrx_word' id='word_1_178' title='bbox 1434 5211 1600 5268; x_wconf 76' lang='grc' dir='ltr'><strong><em>αὐτοῦ</em></strong></span> <span class='ocrx_word' id='word_1_179' title='bbox 1627 5213 1950 5268; x_wconf 79' lang='grc' dir='ltr'>διασκοπού-</span> 
     </span>
    </p>
   </div>
   <div class='ocr_carea' id='block_1_42' title="bbox 382 5300 1950 5378">
    <p class='ocr_par' dir='ltr' id='par_1_42' title="bbox 382 5300 1950 5378">
     <span class='ocr_line' id='line_1_43' title="bbox 382 5300 1950 5378; baseline -0.001 -20"><span class='ocrx_word' id='word_1_180' title='bbox 382 5323 554 5377; x_wconf 85' lang='grc' dir='ltr'>μενοι.</span> <span class='ocrx_word' id='word_1_181' title='bbox 586 5300 687 5360; x_wconf 79' lang='grc' dir='ltr'><strong><em>Ὧν</em></strong></span> <span class='ocrx_word' id='word_1_182' title='bbox 714 5304 1202 5376; x_wconf 80' lang='grc' dir='ltr'><strong><em>ἀποδεδειγμένων,</em></strong></span> <span class='ocrx_word' id='word_1_183' title='bbox 1230 5304 1419 5378; x_wconf 77' lang='grc' dir='ltr'>καιρὸς</span> <span class='ocrx_word' id='word_1_184' title='bbox 1454 5305 1555 5376; x_wconf 71' lang='grc' dir='ltr'><strong>ἤδη</strong></span> <span class='ocrx_word' id='word_1_185' title='bbox 1584 5304 1651 5360; x_wconf 82' lang='grc' dir='ltr'><strong><em>τὰ</em></strong></span> <span class='ocrx_word' id='word_1_186' title='bbox 1682 5303 1823 5359; x_wconf 81' lang='grc' dir='ltr'><strong><em>κατὰ</em></strong></span> <span class='ocrx_word' id='word_1_187' title='bbox 1852 5303 1950 5376; x_wconf 75' lang='grc' dir='ltr'><strong><em>τὴν</em></strong></span> 
     </span>
    </p>
   </div>
   <div class='ocr_carea' id='block_1_43' title="bbox 1227 2634 3607 2734">
    <p class='ocr_par' dir='ltr' id='par_1_43' title="bbox 1227 2634 3607 2734">
     <span class='ocr_line' id='line_1_44' title="bbox 1227 2634 3607 2734; baseline 0.002 -18"><span class='ocrx_word' id='word_1_188' title='bbox 1227 2664 1515 2734; x_wconf 82' lang='grc' dir='ltr'><strong><em>ΕΝΝΑΤῼ</em></strong></span> <span class='ocrx_word' id='word_1_189' title='bbox 1546 2665 1933 2719; x_wconf 72' lang='grc' dir='ltr'><strong><em>ΣΥΓΓΡΑΜ-</em></strong></span> <span class='ocrx_word' id='word_1_190' title='bbox 1958 2669 2007 2727; x_wconf 74' lang='grc' dir='ltr'><strong>Α</strong></span> <span class='ocrx_word' id='word_1_191' title='bbox 2034 2662 2214 2734; x_wconf 64' lang='grc' dir='ltr'>πλεο</span> <span class='ocrx_word' id='word_1_192' title='bbox 2257 2660 2555 2734; x_wconf 59' lang='lat' dir='ltr'><strong><em>INSUNT</em></strong></span> <span class='ocrx_word' id='word_1_193' title='bbox 2585 2661 2675 2734; x_wconf 61' lang='grc' dir='ltr'><strong><em>ην</em></strong></span> <span class='ocrx_word' id='word_1_194' title='bbox 2720 2661 2935 2734; x_wconf 56' lang='lat' dir='ltr'><strong><em>nono</em></strong></span> <span class='ocrx_word' id='word_1_195' title='bbox 2964 2661 3205 2734; x_wconf 68' lang='grc' dir='ltr'><strong><em>μβηο</em></strong></span> <span class='ocrx_word' id='word_1_196' title='bbox 3270 2660 3607 2734; x_wconf 75' lang='lat' dir='ltr'><strong><em>EVANGE~</em></strong></span> 
     </span>
    </p>
   </div>
   <div class='ocr_carea' id='block_1_44' title="bbox 426 2736 1931 2792">
    <p class='ocr_par' dir='ltr' id='par_1_44' title="bbox 426 2736 1931 2792">
     <span class='ocr_line' id='line_1_45' title="bbox 426 2736 1931 2792; baseline 0.001 -6"><span class='ocrx_word' id='word_1_197' title='bbox 426 2738 526 2787; x_wconf 85' lang='lat' dir='ltr'><strong><em>MA</em></strong></span> <span class='ocrx_word' id='word_1_198' title='bbox 539 2736 609 2786; x_wconf 91' lang='lat' dir='ltr'><strong><em>TI</em></strong></span> <span class='ocrx_word' id='word_1_199' title='bbox 637 2736 775 2787; x_wconf 80' lang='grc' dir='ltr'><strong><em>ΤΗΣ</em></strong></span> <span class='ocrx_word' id='word_1_200' title='bbox 804 2736 983 2788; x_wconf 83' lang='grc' dir='ltr'><strong><em>ΠΕΡΙ</em></strong></span> <span class='ocrx_word' id='word_1_201' title='bbox 1018 2736 1162 2787; x_wconf 86' lang='grc' dir='ltr'><strong><em>ΤΟΥ</em></strong></span> <span class='ocrx_word' id='word_1_202' title='bbox 1192 2737 1524 2789; x_wconf 83' lang='grc' dir='ltr'><strong><em>ΣΩΤΗΡΟΣ</em></strong></span> <span class='ocrx_word' id='word_1_203' title='bbox 1560 2737 1775 2792; x_wconf 81' lang='grc' dir='ltr'><strong><em>ΗΜΩΝ</em></strong></span> <span class='ocrx_word' id='word_1_204' title='bbox 1800 2737 1931 2788; x_wconf 82' lang='grc' dir='ltr'><strong><em>ΕΥ-</em></strong></span> 
     </span>
    </p>
   </div>
   <div class='ocr_carea' id='block_1_45' title="bbox 2102 2731 3602 2792">
    <p class='ocr_par' dir='ltr' id='par_1_45' title="bbox 2102 2731 3602 2792">
     <span class='ocr_line' id='line_1_46' title="bbox 2102 2731 3602 2792; baseline 0.003 -4"><span class='ocrx_word' id='word_1_205' title='bbox 2102 2732 2302 2789; x_wconf 66' lang='grc' dir='ltr'><strong><em>ιΙοΑἰ</em></strong></span> <span class='ocrx_word' id='word_1_206' title='bbox 2339 2733 2439 2787; x_wconf 88' lang='lat' dir='ltr'><strong><em>DE</em></strong></span> <span class='ocrx_word' id='word_1_207' title='bbox 2487 2732 2923 2789; x_wconf 82' lang='lat' dir='ltr'><strong><em>SALVATORE</em></strong></span> <span class='ocrx_word' id='word_1_208' title='bbox 2954 2731 3249 2791; x_wconf 83' lang='lat' dir='ltr'><strong><em>NOSTRO</em></strong></span> <span class='ocrx_word' id='word_1_209' title='bbox 3300 2733 3602 2792; x_wconf 78' lang='lat' dir='ltr'><strong><em>DEMON-</em></strong></span> 
     </span>
    </p>
   </div>
   <div class='ocr_carea' id='block_1_46' title="bbox 2104 2803 2575 2861">
    <p class='ocr_par' dir='ltr' id='par_1_46' title="bbox 2104 2803 2575 2861">
     <span class='ocr_line' id='line_1_47' title="bbox 2104 2803 2575 2861; baseline 0.004 -1"><span class='ocrx_word' id='word_1_210' title='bbox 2104 2803 2575 2861; x_wconf 83' lang='lat' dir='ltr'><strong><em>STRATIONIS.</em></strong></span> 
     </span>
    </p>
   </div>
   <div class='ocr_carea' id='block_1_47' title="bbox 2032 2915 3606 2989">
    <p class='ocr_par' dir='ltr' id='par_1_47' title="bbox 2032 2915 3606 2989">
     <span class='ocr_line' id='line_1_48' title="bbox 2032 2915 3606 2989; baseline 0.001 -16"><span class='ocrx_word' id='word_1_211' title='bbox 2032 2917 2110 2973; x_wconf 82' lang='lat' dir='ltr'><strong><em>De</em></strong></span> <span class='ocrx_word' id='word_1_212' title='bbox 2137 2919 2203 2973; x_wconf 89' lang='lat' dir='ltr'><strong><em>iis</em></strong></span> <span class='ocrx_word' id='word_1_213' title='bbox 2234 2935 2350 2989; x_wconf 80' lang='lat' dir='ltr'><strong><em>qua:</em></strong></span> <span class='ocrx_word' id='word_1_214' title='bbox 2385 2917 2669 2973; x_wconf 76' lang='lat' dir='ltr'><strong><em>secundum</em></strong></span> <span class='ocrx_word' id='word_1_215' title='bbox 2721 2918 3011 2989; x_wconf 85' lang='lat' dir='ltr'><strong><em>humanam</em></strong></span> <span class='ocrx_word' id='word_1_216' title='bbox 3063 2915 3129 2971; x_wconf 91' lang='lat' dir='ltr'><strong><em>ab</em></strong></span> <span class='ocrx_word' id='word_1_217' title='bbox 3178 2934 3237 2972; x_wconf 86' lang='lat' dir='ltr'><strong><em>eo</em></strong></span> <span class='ocrx_word' id='word_1_218' title='bbox 3280 2928 3606 2989; x_wconf 78' lang='lat' dir='ltr'><strong><em>assumptum</em></strong></span> 
     </span>
    </p>
   </div>
   <div class='ocr_carea' id='block_1_48' title="bbox 2104 2988 3604 3057">
    <p class='ocr_par' dir='ltr' id='par_1_48' title="bbox 2104 2988 3604 3057">
     <span class='ocr_line' id='line_1_49' title="bbox 2104 2988 3604 3057; baseline 0.001 -14"><span class='ocrx_word' id='word_1_219' title='bbox 2104 2988 2353 3043; x_wconf 74' lang='lat' dir='ltr'><strong><em>naturam</em></strong></span> <span class='ocrx_word' id='word_1_220' title='bbox 2399 2988 2829 3043; x_wconf 80' lang='lat' dir='ltr'><strong><em>administranda</em></strong></span> <span class='ocrx_word' id='word_1_221' title='bbox 2875 2989 3136 3057; x_wconf 81' lang='lat' dir='ltr'><strong><em>fuerunt:</em></strong></span> <span class='ocrx_word' id='word_1_222' title='bbox 3195 3004 3262 3045; x_wconf 73' lang='lat' dir='ltr'><strong><em>ea:</em></strong></span> <span class='ocrx_word' id='word_1_223' title='bbox 3308 2988 3604 3045; x_wconf 75' lang='lat' dir='ltr'><strong><em>subnatalis</em></strong></span> 
     </span>
    </p>
   </div>
   <div class='ocr_carea' id='block_1_49' title="bbox 2101 3059 2788 3129">
    <p class='ocr_par' dir='ltr' id='par_1_49' title="bbox 2101 3059 2788 3129">
     <span class='ocr_line' id='line_1_50' title="bbox 2101 3059 2788 3129; baseline 0.001 -16"><span class='ocrx_word' id='word_1_224' title='bbox 2101 3060 2293 3115; x_wconf 69' lang='lat' dir='ltr'><strong><em>divina:</em></strong></span> <span class='ocrx_word' id='word_1_225' title='bbox 2325 3059 2618 3129; x_wconf 73' lang='lat' dir='ltr'><strong><em>Scriptum</em></strong></span> <span class='ocrx_word' id='word_1_226' title='bbox 2638 3060 2788 3114; x_wconf 81' lang='lat' dir='ltr'><strong><em>locis.</em></strong></span> 
     </span>
    </p>
   </div>
   <div class='ocr_carea' id='block_1_50' title="bbox 2112 3151 2552 3208">
    <p class='ocr_par' dir='ltr' id='par_1_50' title="bbox 2112 3151 2552 3208">
     <span class='ocr_line' id='line_1_51' title="bbox 2112 3151 2552 3208; baseline -0.002 0"><span class='ocrx_word' id='word_1_227' title='bbox 2112 3154 2166 3208; x_wconf 90' lang='grc'><strong><em>1.</em></strong></span> <span class='ocrx_word' id='word_1_228' title='bbox 2208 3151 2251 3205; x_wconf 84' lang='grc' dir='ltr'><em>Α</em></span> <span class='ocrx_word' id='word_1_229' title='bbox 2278 3151 2552 3207; x_wconf 82' lang='lat' dir='ltr'><strong><em>Numeris.</em></strong></span> 
     </span>
    </p>
   </div>
   <div class='ocr_carea' id='block_1_51' title="bbox 2105 3222 2481 3284">
    <p class='ocr_par' dir='ltr' id='par_1_51' title="bbox 2105 3222 2481 3284">
     <span class='ocr_line' id='line_1_52' title="bbox 2105 3222 2481 3284; baseline -0.013 -4"><span class='ocrx_word' id='word_1_230' title='bbox 2105 3228 2164 3284; x_wconf 69' lang='lat'><strong><em>2.</em></strong></span> <span class='ocrx_word' id='word_1_231' title='bbox 2194 3222 2272 3275; x_wconf 85' lang='lat' dir='ltr'><strong><em>Ab</em></strong></span> <span class='ocrx_word' id='word_1_232' title='bbox 2308 3223 2481 3276; x_wconf 85' lang='lat' dir='ltr'><strong><em>Isaia.</em></strong></span> 
     </span>
    </p>
   </div>
   <div class='ocr_carea' id='block_1_52' title="bbox 2104 3291 2552 3355">
    <p class='ocr_par' dir='ltr' id='par_1_52' title="bbox 2104 3291 2552 3355">
     <span class='ocr_line' id='line_1_53' title="bbox 2104 3291 2552 3355; baseline 0.004 -11"><span class='ocrx_word' id='word_1_233' title='bbox 2104 3300 2159 3355; x_wconf 70' lang='lat'><strong><em>5,</em></strong></span> <span class='ocrx_word' id='word_1_234' title='bbox 2196 3293 2241 3345; x_wconf 89' lang='lat' dir='ltr'><strong><em>A</em></strong></span> <span class='ocrx_word' id='word_1_235' title='bbox 2276 3291 2328 3345; x_wconf 89' lang='grc' dir='ltr'><strong><em>Ν</em></strong></span> <span class='ocrx_word' id='word_1_236' title='bbox 2334 3292 2552 3347; x_wconf 81' lang='lat' dir='ltr'><strong><em>umeris.</em></strong></span> 
     </span>
    </p>
   </div>
   <div class='ocr_carea' id='block_1_53' title="bbox 2105 3362 2467 3424">
    <p class='ocr_par' dir='ltr' id='par_1_53' title="bbox 2105 3362 2467 3424">
     <span class='ocr_line' id='line_1_54' title="bbox 2105 3362 2467 3424; baseline 0.006 -9"><span class='ocrx_word' id='word_1_237' title='bbox 2105 3370 2160 3424; x_wconf 66' lang='grc' dir='ltr'>ι,</span> <span class='ocrx_word' id='word_1_238' title='bbox 2201 3363 2282 3416; x_wconf 94' lang='lat' dir='ltr'><strong><em>Ab</em></strong></span> <span class='ocrx_word' id='word_1_239' title='bbox 2315 3362 2467 3418; x_wconf 86' lang='lat' dir='ltr'><strong><em>Osee.</em></strong></span> 
     </span>
    </p>
   </div>
   <div class='ocr_carea' id='block_1_54' title="bbox 2107 3433 2493 3494">
    <p class='ocr_par' dir='ltr' id='par_1_54' title="bbox 2107 3433 2493 3494">
     <span class='ocr_line' id='line_1_55' title="bbox 2107 3433 2493 3494; baseline -0.003 -8"><span class='ocrx_word' id='word_1_240' title='bbox 2107 3440 2159 3494; x_wconf 81' lang='lat'><strong><em>5.</em></strong></span> <span class='ocrx_word' id='word_1_241' title='bbox 2201 3433 2280 3486; x_wconf 86' lang='lat' dir='ltr'><strong><em>Ab</em></strong></span> <span class='ocrx_word' id='word_1_242' title='bbox 2320 3433 2493 3488; x_wconf 89' lang='lat' dir='ltr'><strong><em>Isaia.</em></strong></span> 
     </span>
    </p>
   </div>
   <div class='ocr_carea' id='block_1_55' title="bbox 2104 3503 2514 3565">
    <p class='ocr_par' dir='ltr' id='par_1_55' title="bbox 2104 3503 2514 3565">
     <span class='ocr_line' id='line_1_56' title="bbox 2104 3503 2514 3565; baseline 0.01 -10"><span class='ocrx_word' id='word_1_243' title='bbox 2104 3510 2160 3565; x_wconf 83' lang='grc'>6,</span> <span class='ocrx_word' id='word_1_244' title='bbox 2202 3503 2282 3556; x_wconf 88' lang='lat' dir='ltr'><strong><em>Ab</em></strong></span> <span class='ocrx_word' id='word_1_245' title='bbox 2313 3503 2514 3559; x_wconf 85' lang='lat' dir='ltr'><strong><em>eodem.</em></strong></span> 
     </span>
    </p>
   </div>
   <div class='ocr_carea' id='block_1_56' title="bbox 2107 3574 2618 3632">
    <p class='ocr_par' dir='ltr' id='par_1_56' title="bbox 2107 3574 2618 3632">
     <span class='ocr_line' id='line_1_57' title="bbox 2107 3574 2618 3632; baseline -0.014 0"><span class='ocrx_word' id='word_1_246' title='bbox 2107 3579 2159 3632; x_wconf 86' lang='lat'><strong><em>7.</em></strong></span> <span class='ocrx_word' id='word_1_247' title='bbox 2200 3574 2243 3626; x_wconf 88' lang='lat' dir='ltr'><strong><em>A</em></strong></span> <span class='ocrx_word' id='word_1_248' title='bbox 2282 3574 2503 3629; x_wconf 85' lang='lat' dir='ltr'><strong><em>Psalmo</em></strong></span> <span class='ocrx_word' id='word_1_249' title='bbox 2532 3587 2618 3626; x_wconf 81' lang='lat' dir='ltr'><strong><em>xc.</em></strong></span> 
     </span>
    </p>
   </div>
   <div class='ocr_carea' id='block_1_57' title="bbox 2108 3644 2493 3704">
    <p class='ocr_par' dir='ltr' id='par_1_57' title="bbox 2108 3644 2493 3704">
     <span class='ocr_line' id='line_1_58' title="bbox 2108 3644 2493 3704; baseline 0 -8"><span class='ocrx_word' id='word_1_250' title='bbox 2108 3651 2162 3704; x_wconf 83' lang='lat'><strong><em>8,</em></strong></span> <span class='ocrx_word' id='word_1_251' title='bbox 2210 3644 2290 3697; x_wconf 88' lang='lat' dir='ltr'><strong><em>Ab</em></strong></span> <span class='ocrx_word' id='word_1_252' title='bbox 2319 3645 2493 3698; x_wconf 89' lang='lat' dir='ltr'><strong><em>Isaia.</em></strong></span> 
     </span>
    </p>
   </div>
   <div class='ocr_carea' id='block_1_58' title="bbox 2109 3714 2701 3774">
    <p class='ocr_par' dir='ltr' id='par_1_58' title="bbox 2109 3714 2701 3774">
     <span class='ocr_line' id='line_1_59' title="bbox 2109 3714 2701 3774; baseline 0.002 -7"><span class='ocrx_word' id='word_1_253' title='bbox 2109 3720 2164 3774; x_wconf 86' lang='lat'><strong><em>9.</em></strong></span> <span class='ocrx_word' id='word_1_254' title='bbox 2206 3717 2245 3767; x_wconf 90' lang='lat' dir='ltr'><strong><em>A</em></strong></span> <span class='ocrx_word' id='word_1_255' title='bbox 2288 3714 2503 3768; x_wconf 82' lang='lat' dir='ltr'><strong><em>Psalmo</em></strong></span> <span class='ocrx_word' id='word_1_256' title='bbox 2531 3728 2701 3768; x_wconf 75' lang='lat' dir='ltr'><strong><em>um.</em></strong></span> 
     </span>
    </p>
   </div>
   <div class='ocr_carea' id='block_1_59' title="bbox 2109 3783 2518 3844">
    <p class='ocr_par' dir='ltr' id='par_1_59' title="bbox 2109 3783 2518 3844">
     <span class='ocr_line' id='line_1_60' title="bbox 2109 3783 2518 3844; baseline -0.007 -4"><span class='ocrx_word' id='word_1_257' title='bbox 2109 3789 2197 3844; x_wconf 85' lang='grc'><em>10.</em></span> <span class='ocrx_word' id='word_1_258' title='bbox 2240 3785 2320 3838; x_wconf 84' lang='lat' dir='ltr'><strong><em>Ab</em></strong></span> <span class='ocrx_word' id='word_1_259' title='bbox 2348 3783 2518 3839; x_wconf 83' lang='lat' dir='ltr'><strong><em>Isaia.</em></strong></span> 
     </span>
    </p>
   </div>
   <div class='ocr_carea' id='block_1_60' title="bbox 2109 3852 2740 3913">
    <p class='ocr_par' dir='ltr' id='par_1_60' title="bbox 2109 3852 2740 3913">
     <span class='ocr_line' id='line_1_61' title="bbox 2109 3852 2740 3913; baseline -0.014 0"><span class='ocrx_word' id='word_1_260' title='bbox 2109 3859 2198 3913; x_wconf 88' lang='grc'><strong><em>11.</em></strong></span> <span class='ocrx_word' id='word_1_261' title='bbox 2238 3855 2282 3909; x_wconf 81' lang='grc' dir='ltr'><em>Α</em></span> <span class='ocrx_word' id='word_1_262' title='bbox 2319 3852 2740 3909; x_wconf 79' lang='lat' dir='ltr'><strong><em>Deuteranomio.</em></strong></span> 
     </span>
    </p>
   </div>
   <div class='ocr_carea' id='block_1_61' title="bbox 2111 3924 2473 3983">
    <p class='ocr_par' dir='ltr' id='par_1_61' title="bbox 2111 3924 2473 3983">
     <span class='ocr_line' id='line_1_62' title="bbox 2111 3924 2473 3983; baseline -0.019 0"><span class='ocrx_word' id='word_1_263' title='bbox 2111 3929 2199 3983; x_wconf 62' lang='grc' dir='ltr'><em>ιο.</em></span> <span class='ocrx_word' id='word_1_264' title='bbox 2244 3926 2321 3979; x_wconf 89' lang='lat' dir='ltr'><strong><em>Ab</em></strong></span> <span class='ocrx_word' id='word_1_265' title='bbox 2351 3924 2473 3977; x_wconf 82' lang='lat' dir='ltr'><strong><em>Job.</em></strong></span> 
     </span>
    </p>
   </div>
   <div class='ocr_carea' id='block_1_62' title="bbox 2111 3993 2521 4054">
    <p class='ocr_par' dir='ltr' id='par_1_62' title="bbox 2111 3993 2521 4054">
     <span class='ocr_line' id='line_1_63' title="bbox 2111 3993 2521 4054; baseline -0.015 0"><span class='ocrx_word' id='word_1_266' title='bbox 2111 4000 2198 4054; x_wconf 79' lang='grc'><em>15.</em></span> <span class='ocrx_word' id='word_1_267' title='bbox 2241 3998 2278 4050; x_wconf 87' lang='grc' dir='ltr'><em>Α</em></span> <span class='ocrx_word' id='word_1_268' title='bbox 2291 3996 2319 4048; x_wconf 94' lang='lat' dir='ltr'><strong><em>b</em></strong></span> <span class='ocrx_word' id='word_1_269' title='bbox 2353 3993 2521 4049; x_wconf 87' lang='lat' dir='ltr'><strong><em>Isaia.</em></strong></span> 
     </span>
    </p>
   </div>
   <div class='ocr_carea' id='block_1_63' title="bbox 2109 4066 2550 4123">
    <p class='ocr_par' dir='ltr' id='par_1_63' title="bbox 2109 4066 2550 4123">
     <span class='ocr_line' id='line_1_64' title="bbox 2109 4066 2550 4123; baseline -0.009 0"><span class='ocrx_word' id='word_1_270' title='bbox 2109 4070 2198 4123; x_wconf 74' lang='lat' dir='ltr'><strong><em>H.</em></strong></span> <span class='ocrx_word' id='word_1_271' title='bbox 2238 4069 2319 4121; x_wconf 90' lang='lat' dir='ltr'><strong><em>Ab</em></strong></span> <span class='ocrx_word' id='word_1_272' title='bbox 2348 4066 2550 4120; x_wconf 82' lang='lat' dir='ltr'><strong><em>eodem.</em></strong></span> 
     </span>
    </p>
   </div>
   <div class='ocr_carea' id='block_1_64' title="bbox 2113 4136 2555 4194">
    <p class='ocr_par' dir='ltr' id='par_1_64' title="bbox 2113 4136 2555 4194">
     <span class='ocr_line' id='line_1_65' title="bbox 2113 4136 2555 4194; baseline -0.011 0"><span class='ocrx_word' id='word_1_273' title='bbox 2113 4140 2199 4194; x_wconf 83' lang='grc'><em>15.</em></span> <span class='ocrx_word' id='word_1_274' title='bbox 2242 4137 2323 4191; x_wconf 87' lang='lat' dir='ltr'><strong><em>Ab</em></strong></span> <span class='ocrx_word' id='word_1_275' title='bbox 2356 4136 2555 4191; x_wconf 88' lang='lat' dir='ltr'><strong><em>eodem.</em></strong></span> 
     </span>
    </p>
   </div>
   <div class='ocr_carea' id='block_1_65' title="bbox 2113 4206 2551 4265">
    <p class='ocr_par' dir='ltr' id='par_1_65' title="bbox 2113 4206 2551 4265">
     <span class='ocr_line' id='line_1_66' title="bbox 2113 4206 2551 4265; baseline -0.014 0"><span class='ocrx_word' id='word_1_276' title='bbox 2113 4209 2200 4265; x_wconf 89' lang='grc'><em>16.</em></span> <span class='ocrx_word' id='word_1_277' title='bbox 2240 4206 2320 4261; x_wconf 89' lang='lat' dir='ltr'><strong><em>Ab</em></strong></span> <span class='ocrx_word' id='word_1_278' title='bbox 2349 4206 2551 4263; x_wconf 83' lang='lat' dir='ltr'><strong><em>eodem.</em></strong></span> 
     </span>
    </p>
   </div>
   <div class='ocr_carea' id='block_1_66' title="bbox 2114 4277 2599 4335">
    <p class='ocr_par' dir='ltr' id='par_1_66' title="bbox 2114 4277 2599 4335">
     <span class='ocr_line' id='line_1_67' title="bbox 2114 4277 2599 4335; baseline -0.004 -1"><span class='ocrx_word' id='word_1_279' title='bbox 2114 4281 2201 4335; x_wconf 87' lang='grc'><em>17.</em></span> <span class='ocrx_word' id='word_1_280' title='bbox 2241 4280 2287 4333; x_wconf 82' lang='grc' dir='ltr'><em>Α</em></span> <span class='ocrx_word' id='word_1_281' title='bbox 2311 4277 2599 4332; x_wconf 84' lang='lat' dir='ltr'><strong><em>Zacharia.</em></strong></span> 
     </span>
    </p>
   </div>
   <div class='ocr_carea' id='block_1_67' title="bbox 2113 4348 2735 4406">
    <p class='ocr_par' dir='ltr' id='par_1_67' title="bbox 2113 4348 2735 4406">
     <span class='ocr_line' id='line_1_68' title="bbox 2113 4348 2735 4406; baseline -0.008 0"><span class='ocrx_word' id='word_1_282' title='bbox 2113 4351 2199 4406; x_wconf 88' lang='grc'><em>18.</em></span> <span class='ocrx_word' id='word_1_283' title='bbox 2240 4351 2283 4404; x_wconf 83' lang='grc' dir='ltr'><em>Α</em></span> <span class='ocrx_word' id='word_1_284' title='bbox 2318 4348 2535 4404; x_wconf 80' lang='lat' dir='ltr'><strong><em>Psalmo</em></strong></span> <span class='ocrx_word' id='word_1_285' title='bbox 2567 4360 2735 4403; x_wconf 78' lang='lat' dir='ltr'><strong><em>cxvxl.</em></strong></span> 
     </span>
    </p>
   </div>
   <div class='ocr_carea' id='block_1_68' title="bbox 2615 4452 3036 4515">
    <p class='ocr_par' dir='ltr' id='par_1_68' title="bbox 2615 4452 3036 4515">
     <span class='ocr_line' id='line_1_69' title="bbox 2615 4452 3036 4515; baseline -0.012 -2"><span class='ocrx_word' id='word_1_286' title='bbox 2615 4452 3036 4515; x_wconf 63' lang='lat' dir='ltr'><strong><em>PBOIEMIUM.</em></strong></span> 
     </span>
    </p>
   </div>
   <div class='ocr_carea' id='block_1_69' title="bbox 2112 4568 3619 4640">
    <p class='ocr_par' dir='ltr' id='par_1_69' title="bbox 2112 4568 3619 4640">
     <span class='ocr_line' id='line_1_70' title="bbox 2112 4568 3619 4640; baseline 0.003 -16"><span class='ocrx_word' id='word_1_287' title='bbox 2112 4569 2258 4625; x_wconf 81' lang='lat' dir='ltr'><strong><em>Nihil</em></strong></span> <span class='ocrx_word' id='word_1_288' title='bbox 2284 4585 2417 4626; x_wconf 86' lang='lat' dir='ltr'><strong><em>sane</em></strong></span> <span class='ocrx_word' id='word_1_289' title='bbox 2447 4578 2677 4639; x_wconf 85' lang='lat' dir='ltr'><strong><em>postnac</em></strong></span> <span class='ocrx_word' id='word_1_290' title='bbox 2716 4568 2989 4637; x_wconf 89' lang='lat' dir='ltr'><strong><em>reliquum</em></strong></span> <span class='ocrx_word' id='word_1_291' title='bbox 3037 4583 3160 4626; x_wconf 88' lang='lat' dir='ltr'><strong><em>esse</em></strong></span> <span class='ocrx_word' id='word_1_292' title='bbox 3203 4569 3384 4640; x_wconf 85' lang='lat' dir='ltr'><strong><em>video,</em></strong></span> <span class='ocrx_word' id='word_1_293' title='bbox 3419 4570 3529 4628; x_wconf 82' lang='lat' dir='ltr'><strong><em>nisi</em></strong></span> <span class='ocrx_word' id='word_1_294' title='bbox 3558 4581 3619 4628; x_wconf 89' lang='lat' dir='ltr'><strong><em>ut</em></strong></span> 
     </span>
    </p>
   </div>
   <div class='ocr_carea' id='block_1_70' title="bbox 2043 4661 3619 4734">
    <p class='ocr_par' dir='ltr' id='par_1_70' title="bbox 2043 4661 3619 4734">
     <span class='ocr_line' id='line_1_71' title="bbox 2043 4661 3619 4734; baseline 0 -16"><span class='ocrx_word' id='word_1_295' title='bbox 2043 4677 2107 4719; x_wconf 86' lang='lat' dir='ltr'><strong><em>ea</em></strong></span> <span class='ocrx_word' id='word_1_296' title='bbox 2140 4678 2262 4733; x_wconf 78' lang='lat' dir='ltr'><strong><em>quae</em></strong></span> <span class='ocrx_word' id='word_1_297' title='bbox 2289 4661 2519 4733; x_wconf 78' lang='lat' dir='ltr'><strong><em>polliciti</em></strong></span> <span class='ocrx_word' id='word_1_298' title='bbox 2549 4676 2741 4716; x_wconf 88' lang='lat' dir='ltr'><strong><em>sumus</em></strong></span> <span class='ocrx_word' id='word_1_299' title='bbox 2772 4667 3084 4730; x_wconf 89' lang='lat' dir='ltr'><strong><em>sequentes,</em></strong></span> <span class='ocrx_word' id='word_1_300' title='bbox 3108 4676 3227 4717; x_wconf 84' lang='lat' dir='ltr'><strong><em>eam</em></strong></span> <span class='ocrx_word' id='word_1_301' title='bbox 3254 4662 3619 4734; x_wconf 86' lang='lat' dir='ltr'><strong><em>dispensatio-</em></strong></span> 
     </span>
    </p>
   </div>
   <div class='ocr_carea' id='block_1_71' title="bbox 2045 4752 3620 4825">
    <p class='ocr_par' dir='ltr' id='par_1_71' title="bbox 2045 4752 3620 4825">
     <span class='ocr_line' id='line_1_72' title="bbox 2045 4752 3620 4825; baseline 0.001 -16"><span class='ocrx_word' id='word_1_302' title='bbox 2045 4755 2131 4810; x_wconf 87' lang='lat' dir='ltr'><strong><em>nis</em></strong></span> <span class='ocrx_word' id='word_1_303' title='bbox 2154 4759 2362 4825; x_wconf 84' lang='lat' dir='ltr'><strong><em>partem</em></strong></span> <span class='ocrx_word' id='word_1_304' title='bbox 2386 4767 2799 4823; x_wconf 82' lang='lat' dir='ltr'><strong><em>persequamur,</em></strong></span> <span class='ocrx_word' id='word_1_305' title='bbox 2819 4768 2939 4823; x_wconf 70' lang='lat' dir='ltr'><strong><em>quae</em></strong></span> <span class='ocrx_word' id='word_1_306' title='bbox 2968 4752 3219 4808; x_wconf 64' lang='lat' dir='ltr'><strong><em>humanae</em></strong></span> <span class='ocrx_word' id='word_1_307' title='bbox 3245 4767 3278 4808; x_wconf 73' lang='grc' dir='ltr'>ι</span> <span class='ocrx_word' id='word_1_308' title='bbox 3311 4753 3419 4810; x_wconf 91' lang='lat' dir='ltr'><strong><em>Deo</em></strong></span> <span class='ocrx_word' id='word_1_309' title='bbox 3442 4754 3620 4811; x_wconf 72' lang='lat' dir='ltr'><strong><em>Verbo</em></strong></span> 
     </span>
    </p>
   </div>
   <div class='ocr_carea' id='block_1_72' title="bbox 2046 4845 3622 4918">
    <p class='ocr_par' dir='ltr' id='par_1_72' title="bbox 2046 4845 3622 4918">
     <span class='ocr_line' id='line_1_73' title="bbox 2046 4845 3622 4918; baseline 0.002 -17"><span class='ocrx_word' id='word_1_310' title='bbox 2046 4851 2340 4917; x_wconf 79' lang='lat' dir='ltr'><strong><em>assumptse</em></strong></span> <span class='ocrx_word' id='word_1_311' title='bbox 2369 4852 2579 4900; x_wconf 63' lang='lat' dir='ltr'><strong><em>natura;</em></strong></span> <span class='ocrx_word' id='word_1_312' title='bbox 2627 4845 2850 4917; x_wconf 87' lang='lat' dir='ltr'><strong><em>propria</em></strong></span> <span class='ocrx_word' id='word_1_313' title='bbox 2898 4853 3002 4902; x_wconf 84' lang='lat' dir='ltr'><strong><em>est.</em></strong></span> <span class='ocrx_word' id='word_1_314' title='bbox 3036 4846 3153 4909; x_wconf 81' lang='lat' dir='ltr'><strong><em>Qua</em></strong></span> <span class='ocrx_word' id='word_1_315' title='bbox 3184 4846 3253 4902; x_wconf 91' lang='lat' dir='ltr'><strong><em>de</em></strong></span> <span class='ocrx_word' id='word_1_316' title='bbox 3292 4862 3351 4903; x_wconf 86' lang='lat' dir='ltr'><strong><em>re</em></strong></span> <span class='ocrx_word' id='word_1_317' title='bbox 3382 4861 3467 4911; x_wconf 83' lang='lat' dir='ltr'><strong><em>ea,</em></strong></span> <span class='ocrx_word' id='word_1_318' title='bbox 3501 4864 3622 4918; x_wconf 65' lang='lat' dir='ltr'><strong><em>quae</em></strong></span> 
     </span>
    </p>
   </div>
   <div class='ocr_carea' id='block_1_73' title="bbox 2046 4938 3621 5013">
    <p class='ocr_par' dir='ltr' id='par_1_73' title="bbox 2046 4938 3621 5013">
     <span class='ocr_line' id='line_1_74' title="bbox 2046 4938 3621 5013; baseline 0.001 -18"><span class='ocrx_word' id='word_1_319' title='bbox 2046 4938 2423 5013; x_wconf 79' lang='lat' dir='ltr'><strong><em>superioribus</em></strong></span> <span class='ocrx_word' id='word_1_320' title='bbox 2455 4944 2582 4994; x_wconf 89' lang='lat' dir='ltr'><strong><em>octo</em></strong></span> <span class='ocrx_word' id='word_1_321' title='bbox 2612 4938 2769 4994; x_wconf 86' lang='lat' dir='ltr'><strong><em>libris</em></strong></span> <span class='ocrx_word' id='word_1_322' title='bbox 2803 4940 3174 5005; x_wconf 78' lang='lat' dir='ltr'><strong><em>continentur,</em></strong></span> <span class='ocrx_word' id='word_1_323' title='bbox 3203 4955 3234 4993; x_wconf 85' lang='lat' dir='ltr'><strong><em>a</em></strong></span> <span class='ocrx_word' id='word_1_324' title='bbox 3269 4941 3429 4997; x_wconf 89' lang='lat' dir='ltr'><strong><em>nobis</em></strong></span> <span class='ocrx_word' id='word_1_325' title='bbox 3456 4940 3621 5013; x_wconf 68' lang='grc'><strong><em>417</em></strong></span> 
     </span>
    </p>
   </div>
   <div class='ocr_carea' id='block_1_74' title="bbox 2046 5032 3619 5105">
    <p class='ocr_par' dir='ltr' id='par_1_74' title="bbox 2046 5032 3619 5105">
     <span class='ocr_line' id='line_1_75' title="bbox 2046 5032 3619 5105; baseline 0.001 -18"><span class='ocrx_word' id='word_1_326' title='bbox 2046 5039 2277 5087; x_wconf 81' lang='lat' dir='ltr'><strong><em>tractata</em></strong></span> <span class='ocrx_word' id='word_1_327' title='bbox 2322 5039 2472 5097; x_wconf 84' lang='lat' dir='ltr'><strong><em>sunt,</em></strong></span> <span class='ocrx_word' id='word_1_328' title='bbox 2508 5032 2672 5087; x_wconf 91' lang='lat' dir='ltr'><strong><em>modo</em></strong></span> <span class='ocrx_word' id='word_1_329' title='bbox 2728 5046 2852 5104; x_wconf 71' lang='lat' dir='ltr'><strong><em>qua:</em></strong></span> <span class='ocrx_word' id='word_1_330' title='bbox 2900 5032 2970 5089; x_wconf 87' lang='lat' dir='ltr'><strong><em>ad</em></strong></span> <span class='ocrx_word' id='word_1_331' title='bbox 3023 5032 3144 5103; x_wconf 89' lang='lat' dir='ltr'><strong><em>ejus</em></strong></span> <span class='ocrx_word' id='word_1_332' title='bbox 3177 5033 3254 5088; x_wconf 85' lang='lat' dir='ltr'><strong><em>rei</em></strong></span> <span class='ocrx_word' id='word_1_333' title='bbox 3297 5033 3619 5105; x_wconf 78' lang='lat' dir='ltr'><strong><em>theologiam</em></strong></span> 
     </span>
    </p>
   </div>
   <div class='ocr_carea' id='block_1_75' title="bbox 2048 5122 3624 5193">
    <p class='ocr_par' dir='ltr' id='par_1_75' title="bbox 2048 5122 3624 5193">
     <span class='ocr_line' id='line_1_76' title="bbox 2048 5122 3624 5193; baseline 0.002 -17"><span class='ocrx_word' id='word_1_334' title='bbox 2048 5123 2325 5193; x_wconf 84' lang='lat' dir='ltr'><strong><em>pertinent</em></strong></span> <span class='ocrx_word' id='word_1_335' title='bbox 2354 5122 2757 5187; x_wconf 82' lang='lat' dir='ltr'><strong><em>scrutantibus,</em></strong></span> <span class='ocrx_word' id='word_1_336' title='bbox 2780 5123 2944 5178; x_wconf 88' lang='lat' dir='ltr'><strong><em>modo</em></strong></span> <span class='ocrx_word' id='word_1_337' title='bbox 2977 5123 3127 5177; x_wconf 91' lang='lat' dir='ltr'><strong><em>illius</em></strong></span> <span class='ocrx_word' id='word_1_338' title='bbox 3154 5122 3223 5177; x_wconf 81' lang='lat' dir='ltr'><strong><em>ad</em></strong></span> <span class='ocrx_word' id='word_1_339' title='bbox 3254 5139 3356 5180; x_wconf 89' lang='lat' dir='ltr'><strong><em>nos</em></strong></span> <span class='ocrx_word' id='word_1_340' title='bbox 3384 5125 3453 5180; x_wconf 84' lang='lat' dir='ltr'><strong><em>de</em></strong></span> <span class='ocrx_word' id='word_1_341' title='bbox 3480 5126 3624 5180; x_wconf 70' lang='lat' dir='ltr'><strong><em>caelo</em></strong></span> 
     </span>
    </p>
   </div>
   <div class='ocr_carea' id='block_1_76' title="bbox 2049 5215 3622 5285">
    <p class='ocr_par' dir='ltr' id='par_1_76' title="bbox 2049 5215 3622 5285">
     <span class='ocr_line' id='line_1_77' title="bbox 2049 5215 3622 5285; baseline 0.002 -15"><span class='ocrx_word' id='word_1_342' title='bbox 2049 5215 2396 5279; x_wconf 84' lang='lat' dir='ltr'><strong><em>descensum,</em></strong></span> <span class='ocrx_word' id='word_1_343' title='bbox 2430 5215 2700 5285; x_wconf 87' lang='lat' dir='ltr'><strong><em>simulque</em></strong></span> <span class='ocrx_word' id='word_1_344' title='bbox 2744 5222 2799 5271; x_wconf 87' lang='lat' dir='ltr'><strong><em>et</em></strong></span> <span class='ocrx_word' id='word_1_345' title='bbox 2828 5215 3049 5270; x_wconf 87' lang='lat' dir='ltr'><strong><em>modum</em></strong></span> <span class='ocrx_word' id='word_1_346' title='bbox 3097 5221 3154 5269; x_wconf 86' lang='lat' dir='ltr'><strong><em>et</em></strong></span> <span class='ocrx_word' id='word_1_347' title='bbox 3204 5215 3622 5285; x_wconf 86' lang='lat' dir='ltr'><strong><em>appellationem</em></strong></span> 
     </span>
    </p>
   </div>
   <div class='ocr_carea' id='block_1_77' title="bbox 2049 5306 3625 5379">
    <p class='ocr_par' dir='ltr' id='par_1_77' title="bbox 2049 5306 3625 5379">
     <span class='ocr_line' id='line_1_78' title="bbox 2049 5306 3625 5379; baseline 0 -15"><span class='ocrx_word' id='word_1_348' title='bbox 2049 5315 2104 5364; x_wconf 89' lang='lat' dir='ltr'><strong><em>et</em></strong></span> <span class='ocrx_word' id='word_1_349' title='bbox 2143 5315 2362 5379; x_wconf 87' lang='lat' dir='ltr'><strong><em>tempus</em></strong></span> <span class='ocrx_word' id='word_1_350' title='bbox 2408 5306 2557 5363; x_wconf 85' lang='lat' dir='ltr'><strong><em>illius</em></strong></span> <span class='ocrx_word' id='word_1_351' title='bbox 2599 5306 2869 5363; x_wconf 86' lang='lat' dir='ltr'><strong><em>adventus</em></strong></span> <span class='ocrx_word' id='word_1_352' title='bbox 2931 5306 3366 5379; x_wconf 80' lang='lat' dir='ltr'><strong><em>explorantibus.</em></strong></span> <span class='ocrx_word' id='word_1_353' title='bbox 3412 5307 3625 5375; x_wconf 82' lang='lat' dir='ltr'><strong><em>Quibus</em></strong></span> 
     </span>
    </p>
   </div>
   <div class='ocr_carea' id='block_1_78' title="bbox 380 5396 1947 5475">
    <p class='ocr_par' dir='ltr' id='par_1_78' title="bbox 380 5396 1947 5471">
     <span class='ocr_line' id='line_1_79' title="bbox 380 5396 1947 5471; baseline -0.001 -20"><span class='ocrx_word' id='word_1_354' title='bbox 380 5399 696 5469; x_wconf 65' lang='grc' dir='ltr'><strong><em>ἐπιφάνειαν</em></strong></span> <span class='ocrx_word' id='word_1_355' title='bbox 727 5396 893 5453; x_wconf 82' lang='grc' dir='ltr'>αὑτοῦ</span> <span class='ocrx_word' id='word_1_356' title='bbox 923 5397 1174 5462; x_wconf 83' lang='grc' dir='ltr'><strong><em>συνιδεῖν,</em></strong></span> <span class='ocrx_word' id='word_1_357' title='bbox 1213 5396 1561 5471; x_wconf 72' lang='grc' dir='ltr'>παραστῆσαι</span> <span class='ocrx_word' id='word_1_358' title='bbox 1598 5415 1657 5451; x_wconf 91' lang='grc' dir='ltr'>τε</span> <span class='ocrx_word' id='word_1_359' title='bbox 1689 5398 1836 5461; x_wconf 83' lang='grc' dir='ltr'>ὅπως</span> <span class='ocrx_word' id='word_1_360' title='bbox 1860 5396 1947 5450; x_wconf 68' lang='grc' dir='ltr'><strong><em>καὶ</em></strong></span> 
     </span>
    </p>
   </div>
   <div class='ocr_carea' id='block_1_79' title="bbox 2049 5396 3623 5475">
    <p class='ocr_par' dir='ltr' id='par_1_79' title="bbox 2055 5396 3623 5467">
     <span class='ocr_line' id='line_1_80' title="bbox 2055 5396 3623 5467; baseline 0.001 -15"><span class='ocrx_word' id='word_1_361' title='bbox 2055 5397 2451 5454; x_wconf 87' lang='lat' dir='ltr'><strong><em>demonstratis</em></strong></span> <span class='ocrx_word' id='word_1_362' title='bbox 2478 5396 2669 5457; x_wconf 88' lang='lat' dir='ltr'><strong><em>rebus.</em></strong></span> <span class='ocrx_word' id='word_1_363' title='bbox 2692 5405 2908 5467; x_wconf 82' lang='lat' dir='ltr'><strong><em>tempus</em></strong></span> <span class='ocrx_word' id='word_1_364' title='bbox 2940 5397 3055 5466; x_wconf 84' lang='lat' dir='ltr'><strong><em>jam</em></strong></span> <span class='ocrx_word' id='word_1_365' title='bbox 3084 5396 3250 5452; x_wconf 79' lang='lat' dir='ltr'><strong><em>fuerit</em></strong></span> <span class='ocrx_word' id='word_1_366' title='bbox 3277 5410 3343 5452; x_wconf 82' lang='lat' dir='ltr'><strong><em>ea</em></strong></span> <span class='ocrx_word' id='word_1_367' title='bbox 3375 5407 3623 5457; x_wconf 77' lang='lat' dir='ltr'><strong><em>contem-</em></strong></span> 
     </span>
    </p>
   </div>
   <div class='ocr_carea' id='block_1_80' title="bbox 382 5488 1948 5564">
    <p class='ocr_par' dir='ltr' id='par_1_80' title="bbox 382 5488 1948 5564">
     <span class='ocr_line' id='line_1_81' title="bbox 382 5488 1948 5564; baseline -0.001 -20"><span class='ocrx_word' id='word_1_368' title='bbox 382 5491 585 5546; x_wconf 81' lang='grc' dir='ltr'>τούτων</span> <span class='ocrx_word' id='word_1_369' title='bbox 614 5491 828 5547; x_wconf 74' lang='grc' dir='ltr'><strong><em>ἕκαστα</em></strong></span> <span class='ocrx_word' id='word_1_370' title='bbox 855 5492 983 5563; x_wconf 81' lang='grc' dir='ltr'>παρ’</span> <span class='ocrx_word' id='word_1_371' title='bbox 1017 5490 1287 5564; x_wconf 75' lang='grc' dir='ltr'>Ἐὗραίοις</span> <span class='ocrx_word' id='word_1_372' title='bbox 1324 5488 1841 5562; x_wconf 82' lang='grc' dir='ltr'><strong><em>προαναπεφὼνητο.</em></strong></span> <span class='ocrx_word' id='word_1_373' title='bbox 1875 5489 1948 5543; x_wconf 89' lang='grc' dir='ltr'>Τό</span> 
     </span>
    </p>
   </div>
   <div class='ocr_carea' id='block_1_81' title="bbox 384 5578 1949 5657">
    <p class='ocr_par' dir='ltr' id='par_1_81' title="bbox 384 5578 1949 5657">
     <span class='ocr_line' id='line_1_82' title="bbox 384 5578 1949 5657; baseline -0.001 -21"><span class='ocrx_word' id='word_1_374' title='bbox 384 5600 447 5651; x_wconf 76' lang='grc' dir='ltr'><strong><em>γε</em></strong></span> <span class='ocrx_word' id='word_1_375' title='bbox 488 5585 594 5657; x_wconf 81' lang='grc' dir='ltr'><strong><em>μὴν</em></strong></span> <span class='ocrx_word' id='word_1_376' title='bbox 630 5583 733 5656; x_wconf 81' lang='grc' dir='ltr'><strong><em>τῆς</em></strong></span> <span class='ocrx_word' id='word_1_377' title='bbox 774 5584 1132 5657; x_wconf 75' lang='grc' dir='ltr'>προρρήσεως</span> <span class='ocrx_word' id='word_1_378' title='bbox 1174 5582 1520 5654; x_wconf 78' lang='grc' dir='ltr'><strong><em>ἀποτέλεσμα</em></strong></span> <span class='ocrx_word' id='word_1_379' title='bbox 1566 5581 1653 5638; x_wconf 82' lang='grc' dir='ltr'><strong><em>διὰ</em></strong></span> <span class='ocrx_word' id='word_1_380' title='bbox 1698 5581 1795 5654; x_wconf 83' lang='grc' dir='ltr'><strong><em>τῆς</em></strong></span> <span class='ocrx_word' id='word_1_381' title='bbox 1841 5578 1949 5636; x_wconf 84' lang='grc' dir='ltr'><strong><em>τῶν</em></strong></span> 
     </span>
    </p>
   </div>
   <div class='ocr_carea' id='block_1_82' title="bbox 385 5673 1951 5748">
    <p class='ocr_par' dir='ltr' id='par_1_82' title="bbox 385 5673 1951 5748">
     <span class='ocr_line' id='line_1_83' title="bbox 385 5673 1951 5748; baseline -0.002 -19"><span class='ocrx_word' id='word_1_382' title='bbox 385 5677 545 5748; x_wconf 82' lang='grc' dir='ltr'>ἱερῶν</span> <span class='ocrx_word' id='word_1_383' title='bbox 589 5675 990 5748; x_wconf 81' lang='grc' dir='ltr'>εὐαγγελιστῶν</span> <span class='ocrx_word' id='word_1_384' title='bbox 1023 5676 1361 5748; x_wconf 76' lang='grc' dir='ltr'>μαρτυρίας,</span> <span class='ocrx_word' id='word_1_385' title='bbox 1405 5675 1498 5728; x_wconf 75' lang='grc' dir='ltr'><strong><em>καὶ</em></strong></span> <span class='ocrx_word' id='word_1_386' title='bbox 1528 5675 1626 5745; x_wconf 82' lang='grc' dir='ltr'><strong><em>τῆς</em></strong></span> <span class='ocrx_word' id='word_1_387' title='bbox 1668 5674 1736 5728; x_wconf 85' lang='grc' dir='ltr'><strong><em>δι’</em></strong></span> <span class='ocrx_word' id='word_1_388' title='bbox 1769 5673 1951 5729; x_wconf 79' lang='grc' dir='ltr'><em>αὐτῶν</em></span> 
     </span>
    </p>
   </div>
   <div class='ocr_carea' id='block_1_83' title="bbox 388 5765 1954 5841">
    <p class='ocr_par' dir='ltr' id='par_1_83' title="bbox 388 5765 1954 5841">
     <span class='ocr_line' id='line_1_84' title="bbox 388 5765 1954 5841; baseline -0.001 -20"><span class='ocrx_word' id='word_1_389' title='bbox 388 5768 763 5841; x_wconf 69' lang='grc' dir='ltr'>ἱστορηθείσης</span> <span class='ocrx_word' id='word_1_390' title='bbox 799 5770 908 5824; x_wconf 84' lang='grc' dir='ltr'><strong><em>τῶν</em></strong></span> <span class='ocrx_word' id='word_1_391' title='bbox 937 5769 1273 5840; x_wconf 83' lang='grc' dir='ltr'>πραγμάτων</span> <span class='ocrx_word' id='word_1_392' title='bbox 1308 5765 1661 5832; x_wconf 73' lang='grc' dir='ltr'>ἀποϐάσεως,</span> <span class='ocrx_word' id='word_1_393' title='bbox 1687 5767 1954 5839; x_wconf 75' lang='grc' dir='ltr'><strong><em>ἐπισφρα-</em></strong></span> 
     </span>
    </p>
   </div>
   <div class='ocr_carea' id='block_1_84' title="bbox 387 5857 1955 5934">
    <p class='ocr_par' dir='ltr' id='par_1_84' title="bbox 387 5857 1955 5934">
     <span class='ocr_line' id='line_1_85' title="bbox 387 5857 1955 5934; baseline 0 -21"><span class='ocrx_word' id='word_1_394' title='bbox 387 5860 724 5933; x_wconf 79' lang='grc' dir='ltr'>γισθήσεται.</span> <span class='ocrx_word' id='word_1_395' title='bbox 767 5862 989 5934; x_wconf 73' lang='grc' dir='ltr'><strong><em>Πρῶτω</em></strong></span> <span class='ocrx_word' id='word_1_396' title='bbox 1019 5857 1111 5916; x_wconf 79' lang='grc' dir='ltr'><strong><em>οὖν</em></strong></span> <span class='ocrx_word' id='word_1_397' title='bbox 1151 5862 1425 5920; x_wconf 74' lang='grc' dir='ltr'>ἁπάντων.</span> <span class='ocrx_word' id='word_1_398' title='bbox 1474 5858 1659 5931; x_wconf 74' lang='grc' dir='ltr'>ἐπειδὴ</span> <span class='ocrx_word' id='word_1_399' title='bbox 1707 5859 1776 5914; x_wconf 79' lang='grc' dir='ltr'><strong><em>τὰ</em></strong></span> <span class='ocrx_word' id='word_1_400' title='bbox 1824 5861 1955 5930; x_wconf 70' lang='grc' dir='ltr'>περὶ</span> 
     </span>
    </p>
   </div>
   <div class='ocr_carea' id='block_1_85' title="bbox 705 5953 1361 6019">
    <p class='ocr_par' dir='ltr' id='par_1_85' title="bbox 705 5953 1361 6019">
     <span class='ocr_line' id='line_1_86' title="bbox 705 5953 1361 6019; baseline 0 -5"><span class='ocrx_word' id='word_1_401' title='bbox 705 5955 977 6017; x_wconf 70' lang='grc' dir='ltr'><strong><em>Ρλτιιοι.</em></strong></span> <span class='ocrx_word' id='word_1_402' title='bbox 1010 5955 1126 6019; x_wconf 80' lang='lat' dir='ltr'><strong><em>Gn.</em></strong></span> <span class='ocrx_word' id='word_1_403' title='bbox 1159 5953 1361 6015; x_wconf 83' lang='lat' dir='ltr'><strong><em>XXII.</em></strong></span> 
     </span>
    </p>
   </div>
   <div class='ocr_carea' id='block_1_86' title="bbox 2054 5489 3619 5563">
    <p class='ocr_par' dir='ltr' id='par_1_86' title="bbox 2054 5489 3619 5563">
     <span class='ocr_line' id='line_1_87' title="bbox 2054 5489 3619 5563; baseline 0 -18"><span class='ocrx_word' id='word_1_404' title='bbox 2054 5490 2213 5563; x_wconf 89' lang='lat' dir='ltr'><strong><em>plari,</em></strong></span> <span class='ocrx_word' id='word_1_405' title='bbox 2242 5504 2364 5563; x_wconf 65' lang='lat' dir='ltr'><strong><em>qua</em></strong></span> <span class='ocrx_word' id='word_1_406' title='bbox 2394 5504 2504 5560; x_wconf 90' lang='lat' dir='ltr'><strong><em>quo</em></strong></span> <span class='ocrx_word' id='word_1_407' title='bbox 2545 5497 2791 5559; x_wconf 86' lang='lat' dir='ltr'><strong><em>tempore</em></strong></span> <span class='ocrx_word' id='word_1_408' title='bbox 2839 5489 2930 5545; x_wconf 88' lang='lat' dir='ltr'><strong><em>ille</em></strong></span> <span class='ocrx_word' id='word_1_409' title='bbox 2991 5490 3047 5545; x_wconf 85' lang='lat' dir='ltr'><strong><em>in</em></strong></span> <span class='ocrx_word' id='word_1_410' title='bbox 3100 5498 3347 5561; x_wconf 84' lang='lat' dir='ltr'><strong><em>apertum</em></strong></span> <span class='ocrx_word' id='word_1_411' title='bbox 3395 5490 3619 5562; x_wconf 87' lang='lat' dir='ltr'><strong><em>prodiit,</em></strong></span> 
     </span>
    </p>
   </div>
   <div class='ocr_carea' id='block_1_87' title="bbox 2056 5580 3623 5655">
    <p class='ocr_par' dir='ltr' id='par_1_87' title="bbox 2056 5580 3623 5655">
     <span class='ocr_line' id='line_1_88' title="bbox 2056 5580 3623 5655; baseline 0.003 -20"><span class='ocrx_word' id='word_1_412' title='bbox 2056 5590 2204 5655; x_wconf 76' lang='lat' dir='ltr'><strong><em>gesta</em></strong></span> <span class='ocrx_word' id='word_1_413' title='bbox 2233 5588 2382 5646; x_wconf 85' lang='lat' dir='ltr'><strong><em>sunt,</em></strong></span> <span class='ocrx_word' id='word_1_414' title='bbox 2408 5595 2627 5653; x_wconf 89' lang='lat' dir='ltr'><strong><em>quoque</em></strong></span> <span class='ocrx_word' id='word_1_415' title='bbox 2654 5580 2816 5636; x_wconf 90' lang='lat' dir='ltr'><strong><em>modo</em></strong></span> <span class='ocrx_word' id='word_1_416' title='bbox 2844 5596 2907 5635; x_wconf 82' lang='lat' dir='ltr'><strong><em>ea</em></strong></span> <span class='ocrx_word' id='word_1_417' title='bbox 2949 5582 3165 5653; x_wconf 79' lang='lat' dir='ltr'><strong><em>singula</em></strong></span> <span class='ocrx_word' id='word_1_418' title='bbox 3195 5583 3337 5655; x_wconf 79' lang='lat' dir='ltr'><strong><em>apud</em></strong></span> <span class='ocrx_word' id='word_1_419' title='bbox 3364 5582 3623 5640; x_wconf 71' lang='lat' dir='ltr'><strong><em>Hebraeos</em></strong></span> 
     </span>
    </p>
   </div>
   <div class='ocr_carea' id='block_1_88' title="bbox 2056 5671 3625 5741">
    <p class='ocr_par' dir='ltr' id='par_1_88' title="bbox 2056 5671 3625 5741">
     <span class='ocr_line' id='line_1_89' title="bbox 2056 5671 3625 5741; baseline 0.003 -16"><span class='ocrx_word' id='word_1_420' title='bbox 2056 5671 2315 5741; x_wconf 64' lang='lat' dir='ltr'><strong><em>praedicta</em></strong></span> <span class='ocrx_word' id='word_1_421' title='bbox 2351 5671 2481 5736; x_wconf 88' lang='lat' dir='ltr'><strong><em>sint,</em></strong></span> <span class='ocrx_word' id='word_1_422' title='bbox 2514 5672 2822 5728; x_wconf 87' lang='lat' dir='ltr'><strong><em>ostendere.</em></strong></span> <span class='ocrx_word' id='word_1_423' title='bbox 2846 5671 3205 5728; x_wconf 84' lang='lat' dir='ltr'><strong><em>Oraculorum</em></strong></span> <span class='ocrx_word' id='word_1_424' title='bbox 3234 5685 3414 5730; x_wconf 84' lang='lat' dir='ltr'><strong><em>tamen</em></strong></span> <span class='ocrx_word' id='word_1_425' title='bbox 3446 5674 3625 5730; x_wconf 74' lang='lat' dir='ltr'><strong><em>emcn-</em></strong></span> 
     </span>
    </p>
   </div>
   <div class='ocr_carea' id='block_1_89' title="bbox 2059 5766 3626 5839">
    <p class='ocr_par' dir='ltr' id='par_1_89' title="bbox 2059 5766 3626 5839">
     <span class='ocr_line' id='line_1_90' title="bbox 2059 5766 3626 5839; baseline -0.001 -16"><span class='ocrx_word' id='word_1_426' title='bbox 2059 5766 2497 5837; x_wconf 78' lang='lat' dir='ltr'><strong><em>cia,veritasque</em></strong></span> <span class='ocrx_word' id='word_1_427' title='bbox 2518 5774 2572 5822; x_wconf 89' lang='lat' dir='ltr'><strong><em>et</em></strong></span> <span class='ocrx_word' id='word_1_428' title='bbox 2594 5776 2911 5823; x_wconf 84' lang='lat' dir='ltr'><strong><em>sanctorum</em></strong></span> <span class='ocrx_word' id='word_1_429' title='bbox 2957 5768 3415 5839; x_wconf 78' lang='lat' dir='ltr'><strong><em>evangelistarum</em></strong></span> <span class='ocrx_word' id='word_1_430' title='bbox 3466 5768 3626 5824; x_wconf 86' lang='lat' dir='ltr'><strong><em>testi-</em></strong></span> 
     </span>
    </p>
   </div>
   <div class='ocr_carea' id='block_1_90' title="bbox 2062 5858 3631 5933">
    <p class='ocr_par' dir='ltr' id='par_1_90' title="bbox 2062 5858 3631 5933">
     <span class='ocr_line' id='line_1_91' title="bbox 2062 5858 3631 5933; baseline -0.001 -20"><span class='ocrx_word' id='word_1_431' title='bbox 2062 5859 2267 5928; x_wconf 85' lang='lat' dir='ltr'><strong><em>monio,</em></strong></span> <span class='ocrx_word' id='word_1_432' title='bbox 2297 5867 2351 5915; x_wconf 86' lang='lat' dir='ltr'><strong><em>et</em></strong></span> <span class='ocrx_word' id='word_1_433' title='bbox 2388 5858 2510 5929; x_wconf 87' lang='lat' dir='ltr'><strong><em>ipso</em></strong></span> <span class='ocrx_word' id='word_1_434' title='bbox 2565 5874 2749 5916; x_wconf 85' lang='lat' dir='ltr'><strong><em>rerum</em></strong></span> <span class='ocrx_word' id='word_1_435' title='bbox 2812 5876 2933 5932; x_wconf 73' lang='lat' dir='ltr'><strong><em>quae</em></strong></span> <span class='ocrx_word' id='word_1_436' title='bbox 2976 5862 3044 5916; x_wconf 82' lang='lat' dir='ltr'><strong><em>ab</em></strong></span> <span class='ocrx_word' id='word_1_437' title='bbox 3091 5860 3198 5917; x_wconf 89' lang='lat' dir='ltr'><strong><em>illis</em></strong></span> <span class='ocrx_word' id='word_1_438' title='bbox 3240 5860 3470 5933; x_wconf 61' lang='lat' dir='ltr'><strong><em>proditae</em></strong></span> <span class='ocrx_word' id='word_1_439' title='bbox 3504 5867 3631 5915; x_wconf 88' lang='lat' dir='ltr'><strong><em>sunt</em></strong></span> 
     </span>
    </p>
   </div>
  </div>
