4098 6492
472 387 577 444 τξςι

1112 385 1379 443 EUSEBll
1416 378 1893 440 CESARIENSIS
1931 377 2085 435 OPP.
2115 376 2315 434 PARS.
2344 377 2416 434 ll.
2442 400 2511 421 -δ
2550 375 3053 436 APOLOGETICA.

3618 389 3726 445 633

479 517 701 573 eventu,
726 507 1108 565 declarabitur.
1144 508 1280 563 Cum
1324 506 1489 577 igitur
1524 502 1760 574 primum
1796 499 2027 555 omnium

2142 499 2240 569 τῆς
2259 498 2527 567 γενέσεως
2556 496 2721 551 αὑτοῦ
2744 537 2759 562 ,
2789 498 2978 566 γένους
3000 515 3060 552 τε
3087 499 3179 553 καὶ⁵
3205 503 3395 573 φυλῆς,
3429 501 3523 555 καὶ
3556 504 3724 574 σπέρ-

478 615 567 663 ca,
602 614 725 670 qua:
754 601 821 655 ad
851 601 997 655 illius
1040 610 1094 655 et
1129 605 1330 663 ortum,
1363 604 1419 651 et
1441 610 1634 666 genus.
1658 602 1713 648 et
1734 593 1958 656 tribum,
1991 599 2048 646 et

478 707 662 747 semen
699 692 994 762 pertinent,
1023 690 1397 747 demonstrata
1443 688 1574 750 sint,
1602 701 1752 741 nunc
1774 685 1885 755 jam
1915 683 2047 755 quid

476 783 544 838 de
577 781 754 838 sidere
783 783 875 836 illo
905 784 975 837 sit
1004 781 1317 846 dicendum,
1347 778 1494 851 quod
1524 793 1724 833 novum
1771 785 1825 831 et
1858 776 2049 832 insoli-

474 883 590 930 tum
617 884 815 946 praiter
842 883 1104 931 consueta
1138 885 1192 930 et
1223 875 1383 930 nobis
1411 873 1627 943 cognita
1660 871 1839 925 sidera
1870 871 1924 924 in
1959 885 2050 923 or-

475 976 533 1023 tu
566 968 713 1025 illius
741 969 989 1034 emicuit,
1018 984 1207 1039 quaeso
1269 967 1724 1037 contemplemur.
1776 962 1912 1017 Nam
1942 962 2047 1019 hoc

2152 607 2318 662 ματος
2341 588 2716 645 ἀποδέδεικται
2747 630 2761 655 ,
2790 590 2921 662 φέρε
2952 590 3019 645 τά
3061 593 3189 665 περὶ
3216 593 3310 648 τοῦ
3342 596 3601 663 φανέντος
3634 598 3726 650 ἐπὶ

2147 687 2212 756 τῇ
2239 684 2449 753 γενέσει
2474 682 2641 738 αὑτοῦ
2669 684 2788 738 νέου
2812 684 2958 749 τινος
2981 687 3074 739 καὶ
3102 686 3401 753 ξενίζοντος
3423 689 3573 762 παρά
3598 690 3726 755 τοὺς

2150 778 2405 850 συνήθεις
2447 777 2676 849 ἀστέρος
2702 776 3024 847 θεασώμεθα
3047 795 3061 810 ο
3092 781 3213 834 ἐπεὶ
3245 781 3340 834 καὶ
3369 781 3526 836 τοῦτο
3557 783 3724 837 πάλαι

2147 872 2410 943 πρότερον
2443 872 2506 923 ὲκ
2555 870 2779 942 μακρῶν
2827 870 3034 926 ἄνωθεν
3068 874 3274 943 χρόνων
3317 876 3470 947 παρά
3503 878 3728 931 Μωῦσετ

2151 961 2422 1033 βοώμενον
2450 959 2637 1014 τοῦτον
2670 960 2947 1033 ἱστόρηται
2973 962 3066 1016 τὸν
3094 964 3313 1034 τρόπον.

473 1064 1229 1136 ipsumquoquejampridem
1264 1063 1333 1118 ab
1360 1061 1603 1131 antiquis
1625 1074 1799 1130 usque
1819 1066 1873 1115 et
1896 1058 2087 1129 primis
2109 1058 2450 1130 temporibus
2481 1056 2623 1127 apud
2646 1055 2847 1113 Mosem
2873 1057 3208 1114 celebratum
3243 1059 3540 1127 invenitur,
3566 1068 3727 1132 atque

472 1159 529 1212 in
559 1157 706 1213 hunc
732 1158 951 1213 modum
986 1156 1317 1228 expositum.

462 1280 512 1333 -Α
554 1278 825 1335 Numeris.
848 1308 918 1319 —
937 1277 1014 1332 De
1042 1278 1196 1332 rebus
1225 1275 1509 1330 serundum
1539 1273 1828 1329 humanam
1853 1272 1918 1328 ab
1949 1272 2043 1326 illo

543 1360 867 1416 assumptum
907 1361 1159 1401 naturam
1191 1348 1451 1417 gerendis,
1492 1356 1541 1400 et
1572 1346 1636 1401 de
1661 1346 1818 1400 stella
1847 1360 1963 1415 qua:
1986 1344 2043 1395 in

543 1433 664 1482 orm
692 1420 995 1475 Saluatoris
1021 1422 1191 1472 nostri
1225 1419 1490 1487 apparuit.

539 1590 718 1647 Moses
745 1593 800 1647 in
834 1590 1087 1648 Numeris
1112 1592 1180 1647 de
1207 1594 1384 1656 stella,
1415 1607 1536 1663 quae
1555 1594 1609 1647 in
1640 1600 1761 1647 ortu
1795 1590 2043 1647 Salvato-

453 1683 546 1740 'ris
575 1684 748 1739 nostri
782 1685 899 1739 visa
932 1692 1037 1750 est,
1062 1684 1177 1739 haec
1230 1684 1305 1739 ait
1340 1702 1354 1738 :
1398 1703 1416 1736 ι
1457 1682 1601 1738 Dixit
1631 1682 1854 1737 Balaam
1891 1684 2037 1740 filius

2164 1269 2296 1323 Ἀπὸ
2317 1267 2434 1322 τῶν
2446 1265 2739 1348 Ἆριιθμεῦνι
2760 1292 2830 1307 -—
2843 1266 2980 1348 Ιζερὶ
2995 1267 3113 1348 τῶις
3128 1271 3277 1326 κατὰ
3298 1272 3413 1348 τὴν
3434 1276 3714 1348 ἐνανθρώ-

2221 1356 2414 1418 amatr
2476 1339 2662 1418 αὐτοῦ
2713 1339 3245 1418 εξραχθησομένωζ,
3307 1339 3405 1399 καὶ
3450 1351 3581 1418 ,περὶ
3610 1339 3724 1405 τοῦ

2219 1408 2512 1479 φανέντος
2541 1409 2638 1462 ἐπὶ
2675 1407 2750 1477 τῇ
2785 1407 3038 1480 γενέσει
3060 1410 3329 1481 Σωτῆρος
3364 1407 3723 1487 ἡμῶιέἀστέ-

2210 1498 2341 1549 ρος·

2217 1594 2483 1665 Μωῦσῆς,
2519 1595 2577 1647 ἐν
2620 1591 2923 1662 Ἀριθμοῖς.
2958 1594 3196 1665 περὶτοῦ
3248 1596 3505 1666 φανέντος
3526 1602 3619 1655 ἐπὶ
3652 1605 3718 1675 τῇ

2143 1685 2465 1757 γενέσειτοῦ
2495 1684 2747 1756 Σωτῆρος
2779 1683 2934 1755 ἡμῶν
2956 1685 3183 1758 ἀστέρος
3198 1690 3329 1758 φησί
3349 1706 3363 1720 ο
3403 1710 3421 1741 ‹
3452 1693 3589 1763 Φησὶ
3616 1694 3721 1748 Ba-

464 1775 627 1841 Beor,
657 1776 797 1831 dixit
852 1777 1014 1831 homo
1052 1778 1145 1847 qui
1198 1791 1326 1832 vere
1373 1774 1540 1841 videt,
1571 1776 1665 1846 qui
1689 1775 1842 1830 audit
1869 1776 2027 1831 verba

2143 1780 2292 1851 λαάμ
2321 1779 2434 1843 υἱὸς
2457 1776 2630 1849 Βεὼρ,
2651 1775 2814 1848 φησὶν
2845 1777 2873 1829 ὁ
2902 1775 3186 1848 ἄνθρωπος
3214 1779 3523 1852 όάληθινῶς
3553 1786 3715 1857 ὁρῶν,

463 1867 582 1932 Dei,
609 1868 704 1939 qui
735 1868 887 1922 novit
934 1867 1217 1923 scientiam
1256 1866 1546 1933 Altissimi,
1570 1877 1625 1924 et
1646 1867 1740 1938 qui
1770 1868 2038 1924 visionem

465 1959 562 2016 Dei
594 1961 748 2025 vidit,
778 1960 834 2014 in
888 1975 1081 2015 somno
1133 1961 1309 2030 aperti
1365 1960 1508 2015 oeuli
1555 1960 1677 2029 ejus
1714 1960 2038 2017 :ostendam

464 2051 565 2116 illi,
593 2050 690 2106 sed
718 2066 828 2107 non
861 2066 1009 2106 nunc
1047 2069 1060 2105 :
1099 2051 1317 2107 beatum
1347 2050 1495 2115 dico,
1532 2050 1628 2106 sed
1664 2066 1786 2106 non
1842 2067 2038 2123 appro-

462 2145 691 2215 pinquat
724 2161 738 2197 :
769 2144 981 2198 orietur
1022 2144 1180 2199 stella
1208 2159 1276 2198 ex
1308 2140 1499 2207 Jacoh,
1532 2150 1587 2197 et
1631 2150 1819 2214 surget
1874 2144 2038 2198 homo

460 2249 528 2289 cx
559 2235 816 2297 lsrael,et
840 2233 1052 2304 franget
1077 2234 1335 2290 ductores
1369 2233 1551 2299 Moab,
1580 2243 1634 2291 et
1660 2236 1906 2305 captivos
1935 2236 2035 2291 du-

456 2331 547 2379 cet
578 2340 769 2380 omnes
805 2324 947 2380 ﬁlios
979 2325 1132 2389 Seth,
1156 2334 1210 2381 et
1264 2327 1369 2382 erit
1421 2325 1594 2381 Edoni
1652 2326 1960 2392 hazreditas,
1983 2336 2037 2383 et

458 2417 562 2471 erit
582 2416 872 2473 hmreditas
910 2416 1053 2474 Esau
1085 2419 1342 2475 inimicus
1365 2420 1506 2489 ejus,
1531 2429 1584 2475 et
1617 2416 1783 2476 lsrael
1813 2418 1946 2475 fecit
1980 2421 2035 2476 in

458 2509 675 2575 robore,
707 2521 762 2566 et
782 2511 1116 2565 excitabitur
1143 2526 1211 2567 ex
1246 2509 1438 2576 Jacoh,
1477 2519 1531 2566 et
1558 2511 1750 2583 perdet
1768 2527 1916 2576 eum,
1940 2513 2034 2584 qui

458 2609 720 2656 servatur
757 2600 826 2657 de
852 2603 1075 2658 civitate
1099 2603 1165 2660 “.
1212 2620 1230 2655 ι
1270 2600 1384 2658 Hoc
1425 2604 1686 2658 vaticinio
1734 2616 2037 2662 commotos

458 2693 536 2748 ait
569 2708 920 2750 successores
952 2693 1172 2749 Balaam
1210 2692 1284 2765 (id
1311 2696 1455 2749 enim
1484 2695 1757 2751 incolume
1792 2697 2035 2754 exstitis-

457 2799 519 2839 se
562 2784 763 2847 adhuc,
799 2793 858 2839 ut
913 2801 1013 2856 par
1072 2792 1179 2846 est,
1237 2783 1379 2855 apud
1434 2784 1581 2851 illos,
1612 2801 1738 2840 cum
1784 2785 1839 2840 in
1896 2776 2035 2842 ccelo

452 2874 702 2949 ignotum
760 2876 1033 2949 quoddam
1086 2875 1242 2932 sidus
1292 2886 1490 2947 praeter
1541 2877 1758 2948 cognita
1795 2878 1954 2934 nobis
1982 2885 2037 2935 et

455 2978 742 3035 consueta,
781 2984 949 3040 supra
997 2970 1291 3037 verticem,
1324 2977 1383 3024 ut
1434 2970 1514 3027 sic
1560 2970 1813 3034 dixerim.
1859 2980 1914 3027 et
1967 2971 2035 3028 ad

456 3062 909 3133 perpendiculum
955 3067 1116 3117 terrae
1142 3060 1343 3119 Iudaeae
1385 3064 1742 3120 constitutum
1784 3066 2038 3137 inspexe-

2141 1870 2353 1926 ἀκούων
2371 1870 2526 1941 λόγια
2543 1869 2698 1935 Θεοῦ,
2716 1872 3076 1942 ἐπιστάμενος
3096 1874 3405 1948 ἐπιστήμην
3439 1878 3718 1948 ’1⁵4ίστου,

2139 1965 2234 2018 καὶ
2257 1965 2445 2036 ὅρασιν
2473 1963 2568 2018 τοῦ
2596 1965 2731 2018 Θεοῦ
2770 1963 2912 2029 ίδὼν,
2936 1967 2992 2018 ἐν
3024 1964 3176 2037 ῦπνῳ
3205 1969 3719 2043 ἁποκεκαλυμμένοι

2139 2056 2188 2109 οί
2216 2055 2483 2126 ὀφθαλμοὶ
2519 2053 2684 2108 αὐτοῦ
2702 2070 2713 2083 ·
2740 2053 2898 2121 δείξω
2929 2054 3098 2127 αὐτῷ,
3127 2057 3220 2110 καλ⁵
3249 2058 3369 2130 οὐχὶ
3399 2059 3514 2124 νῦν,
3542 2079 3720 2132 μακα-

2141 2147 2293 2218 ρίζω,
2326 2149 2420 2201 καὶ
2448 2146 2548 2200 οὐκ
2596 2146 2827 2216 ἐγγίζει.
2876 2146 3147 2201 Ἀνατελεῖ
3183 2149 3381 2221 ἄστρον
3405 2151 3463 2217 ἐξ
3502 2153 3717 2220 Ἰακὼϐ,

2138 2240 2233 2293 καὶ
2258 2240 2623 2307 ἀναστήσεται
2668 2238 2951 2312 ἄνθρωπος
2996 2238 3056 2306 ἐξ
3099 2239 3333 2314 Ἰσραὴλ,
3371 2244 3464 2296 καὶ
3490 2243 3717 2316 θραύσει

2136 2330 2263 2394 τοὺς
2292 2329 2567 2401 ἀρχηγοὺς
2596 2326 2791 2392 Μωάϐ,
2815 2328 2909 2382 καὶ
2938 2328 3296 2399 προνομεύσει
3321 2329 3531 2394 πάντας
3564 2331 3717 2396 υἱοὺς

2137 2421 2265 2493 Σήθ.
2298 2422 2409 2475 Καὶ
2443 2419 2592 2474 ἔσται
2633 2418 2808 2490 Ἐδὼμ
2828 2418 3181 2491 κληρονομία,
3215 2419 3307 2473 καὶ
3330 2420 3482 2474 ἔσται
3520 2421 3718 2494 κληρο-

2137 2512 2299 2584 νομία
2370 2508 2539 2564 Ἠσαῦ
2582 2512 2611 2564 ὁ
2651 2508 2844 2582 ἐχθρὸς
2869 2508 3058 2573 αὐτοῦ,
3090 2511 3186 2562 καὶ
3223 2510 3439 2582 Ἰσραὴλ
3462 2512 3717 2582 ἐποίησεν

2137 2605 2194 2657 ἐν
2226 2603 2389 2676 ἰσχύϊ,
2442 2604 2537 2659 καὶ
2583 2604 3002 2678 ἐξεγερθήσεται
3042 2606 3102 2670 ἐξ
3147 2605 3361 2669 Ἰακὼϐ,
3405 2609 3498 2661 καὶ
3526 2607 3718 2661 ἀπολεῖ

2138 2697 2441 2768 σωζόμενον
2475 2698 2539 2751 ὲκ
2564 2696 2789 2759 πόλεως.
2836 2717 2854 2751 ι
2905 2697 3027 2751 Ἐπὶ
3059 2696 3229 2769 ταύτῃ
3255 2697 3387 2769 φησι
3409 2701 3475 2769 τῇ
3506 2715 3718 2771 προτηυ

2135 2789 2254 2860 τείᾳ
2301 2789 2620 2860 κινηθέντας
2667 2790 2793 2853 τοὺς
2839 2788 3110 2862 διαδόχους
3153 2789 3399 2861 Βαλαάμ.
3435 2790 3715 2846 Σεσῶσθαι

2135 2878 2244 2949 γάρ
2270 2878 2457 2950 αὐτὴν,
2489 2879 2566 2944 ὡς
2605 2880 2697 2933 καὶ
2738 2875 2807 2949 ἦν
2842 2880 3006 2947 εἰκὸς,
3043 2883 3175 2952 παρ’
3208 2882 3411 2945 αὐτοῖς.
3450 2882 3713 2952 Ὀπηνίκα

2140 2971 2374 3025 συνεῖδον
2400 2972 2458 3025 ἐν
2474 2970 2686 3044 ούρανῷ
2714 2969 2992 3036 ξενίζοντά
3004 2988 3124 3025 τινα
3148 2974 3298 3045 παρά
3318 2972 3444 3038 τοὺς
3465 2973 3713 3046 συνήθεις

2135 3064 2360 3136 ἀστέρα,
2405 3063 2548 3118 κατά
2595 3063 2859 3136 κορυφῆς,
2908 3065 2983 3129 ὠς
3024 3065 3091 3119 ἂν
3139 3065 3283 3119 εἴποι
3309 3079 3413 3130 τις,
3445 3067 3540 3120 καὶ
3571 3067 3711 3122 κατά

448 3156 607 3224 runt)
659 3154 955 3210 festinasse
1006 3163 1066 3209 ut
1114 3155 1171 3209 in
1221 3153 1565 3212 Palaestinam
1613 3166 1815 3213 terram
1865 3156 2027 3230 418

2134 3152 2360 3208 κάθετον
2415 3155 2513 3225 τῆς
2573 3154 2832 3219 Ἰουδαίας
2863 3155 3277 3228 ὲστηριγμένον,
3331 3157 3567 3229 σπουδὴν
3614 3177 3711 3213 πε-

453 3245 828 3316 pervenirent,
858 3254 1025 3316 utque
1079 3246 1498 3303 sciscitarentur
1529 3248 1598 3303 de
1654 3263 1778 3319 rege
1808 3250 1902 3319 qui
1935 3263 2033 3319 per

454 3353 574 3393 eam
601 3338 815 3394 stellam
845 3355 1006 3410 quam
1045 3339 1148 3411 ipsi
1172 3339 1441 3404 viderant,
1476 3339 1906 3412 signiﬁcabatur.
1941 3339 2031 3395 Fi-

455 3430 580 3487 dem
621 3431 705 3488 his
745 3431 876 3488 facit
919 3433 1254 3504 evangelista
1304 3432 1613 3498 Matthaaus,
1650 3434 1737 3490 his
1794 3432 2023 3488 verbis:

452 3545 477 3576 ac
509 3524 647 3581 Cum
694 3534 874 3582 autem
915 3525 1077 3582 Jesus
1113 3537 1278 3582 natus
1312 3535 1457 3583 esset
1485 3529 1541 3583 in
1591 3527 1904 3583 Bethlehem
1930 3524 2029 3580 Ju-

449 3621 579 3675 daea:
612 3619 666 3674 in
692 3618 887 3675 diebus
931 3618 1163 3676 Herodis
1199 3621 1517 3692 regis,ecce
1552 3614 1690 3691 Magi
1716 3621 1784 3675 ab
1806 3618 2028 3674 Oriente

452 3722 717 3769 venerunt
750 3712 806 3767 in
838 3711 1163 3780 Jerusalem,
1208 3712 1453 3769 dicentes
1482 3731 1496 3767 :
1534 3710 1637 3767 Ubi
1671 3719 1775 3781 est,
1805 3712 1899 3782 qui
1928 3728 2028 3767 na-

450 3816 539 3863 tus
578 3816 664 3863 est
695 3822 790 3862 rex
819 3804 1174 3861 Judazorum?
1213 3804 1460 3861 Vidimus
1488 3806 1632 3861 enim
1665 3804 1876 3859 stellam
1902 3803 2025 3874 ejus

449 3901 504 3954 in
545 3897 790 3963 Oriente,
822 3906 877 3954 et
910 3898 1161 3953 venimus
1186 3897 1416 3952 adorare
1447 3912 1573 3952 eum
1608 3896 1671 3961 ⁸⁷,
1708 3915 1727 3948 ι
1761 3911 1869 3967 quo
1890 3905 2022 3950 tem-

447 4007 577 4062 pore
609 3990 772 4046 iidem
809 3989 964 4045 missi
1012 3989 1067 4043 in
1097 3988 1413 4045 Bethlchem
1461 3988 1732 4055 abierunt,
1762 4006 1782 4039 ε
1812 3994 1867 4043 et
1894 4002 2023 4043 ecce

444 4098 642 4139 rursus
673 4083 864 4139 eadem
900 4081 1057 4138 stella
1101 4095 1265 4151 quam
1296 4082 1546 4136 viderant
1577 4080 1632 4134 in
1653 4079 1897 4144 Oriente,
1922 4094 2019 4133 an-

442 4176 730 4232 tecedebat
749 4190 867 4241 eos,
888 4174 1063 4230 donec
1093 4172 1319 4229 veniens
1362 4178 1531 4229 staret
1574 4186 1739 4242 supra
1770 4170 1863 4226 ubi
1899 4178 2020 4227 erat

435 4281 599 4337 puer.
630 4264 892 4322 Videntes
939 4274 1120 4320 autem
1150 4263 1365 4319 stellam
1417 4261 1594 4333 gavisi
1636 4267 1766 4316 sunt
1819 4258 2019 4331 gaudio

432 4376 640 4432 magno
667 4360 848 4428 valde,
877 4369 931 4417 et
967 4360 1200 4431 ingressi
1231 4358 1476 4421 domum,
1517 4354 2016 4425 viderunt.pueru-

438 4457 552 4510 lum
595 4469 721 4510 cum
754 4452 925 4509 Maria
982 4462 1159 4509 matre
1189 4452 1333 4523 ejus,
1364 4458 1418 4506 et
1445 4449 1870 4522 procumbentes
1916 4447 2016 4503 ad-

2133 3246 2388 3318 ποιῆσθαι
2413 3248 2505 3301 ἐπὶ
2540 3246 2638 3318 τὴν
2668 3247 3036 3302 Παλαιπινῶν
3078 3248 3377 3318 ἀφικέσθαι
3410 3248 3538 3319 γῆν,
3564 3251 3703 3304 ἱστο-

2131 3337 2253 3408 ρίας
2311 3336 2475 3391 ἓνεκα
2518 3336 2613 3390 τοῦ
2640 3336 2729 3390 διὰ
2768 3337 3025 3406 φανέντος
3054 3338 3282 3411 ἀστέρος
3311 3340 3697 3414 σημαινομένου

2130 3428 2411 3499 βασιλέως.
2429 3430 2715 3501 Μαρτυρεῖ
2742 3428 2947 3495 τούτοις
2971 3432 2999 3484 ὀ
3023 3431 3414 3504 εὐαγγελιστὴς
3435 3435 3700 3503 Ματθαῖος

2126 3522 2299 3591 λέγων
2323 3540 2337 3554 ’
2384 3543 2403 3576 ι
2431 3516 2538 3578 Τοῦ
2565 3523 2622 3577 δὲ
2662 3522 2835 3596 Ἰησοῦ
2866 3524 3214 3596 γεννηθέντος
3243 3528 3301 3580 ἐν
3330 3525 3579 3599 Βηθλεὲμ
3605 3527 3705 3599 τῆς

2139 3616 2396 3681 Ἰουδαίας
2441 3617 2499 3670 ἐν
2556 3617 2793 3688 ἡμέραις
2855 3616 3094 3688 Ἡρώδου
3141 3618 3236 3673 τοῦ
3272 3619 3557 3691 βασιλέως,
3595 3622 3703 3678 ἰδοὺ

2129 3711 2291 3781 μάγοι
2337 3711 2447 3765 ἀπὸ
2504 3709 2777 3765 ἀνατολῶν
2802 3710 3164 3781 παρεγένοντο
3206 3713 3285 3777 είς
3329 3714 3703 3790 Ἰερουσαλὴμ,

2123 3801 2370 3872 λέγοντες
2393 3820 2407 3835 ·
2442 3802 2553 3856 Ποῦ
2590 3805 2738 3860 ἐστιν
2789 3807 2819 3859 ό
2861 3805 3073 3876 τεχθεὶς
3119 3805 3367 3877 βασιλεὺς
3407 3807 3518 3862 τῶν
3568 3810 3702 3864 Ἰου-

2121 3894 2321 3960 δαίων;
2350 3895 2559 3966 εἴδομεν
2585 3893 2695 3968 γὰρ
2720 3896 2883 3950 αὑτοῦ
2912 3896 3003 3951 τὸν
3031 3897 3234 3971 ἀστέρα
3266 3900 3324 3952 ὲν
3350 3901 3415 3972 τῇ
3443 3900 3699 3974 ἀνατολῇ,

2122 3987 2216 4042 καί¹
2242 3987 2476 4060 ἤλθομεν
2504 3988 2877 4061 προσκυνῆσαι
2900 3989 3047 4060 αύτῷ
3065 4007 3078 4021 ·
3120 4010 3137 4042 ι
3158 3993 3247 4045 ὅτε
3290 3993 3384 4046 καὶ
3403 4009 3700 4065 παραπεμ-

2122 4078 2347 4149 φθέντες
2362 4084 2442 4145 είς
2465 4081 2714 4153 Βηθλεὲμ
2741 4083 3136 4155 ἐπορεύθησαν,
3165 4104 3183 4134 ί
3209 4084 3304 4138 καὶ
3333 4084 3440 4139 ἰδοὺ
3476 4083 3638 4138 πάλιν
3665 4086 3697 4138 ό

2119 4171 2279 4235 αὐτὸς
2296 4172 2491 4245 ἀστὴρ,
2516 4173 2573 4227 ὃν
2600 4169 2738 4227 εἶδον
2756 4175 2814 4227 ἐν
2840 4177 2906 4245 τῇ
2930 4173 3185 4245 ἀνατολῇ,
3207 4169 3447 4244 προῆγεν
3471 4172 3689 4234 αὐτοὺς,

2117 4264 2222 4328 ἕως
2253 4263 2422 4319 ἐλθὼν
2460 4265 2661 4338 ἐστάθη
2692 4266 2875 4320 ἐπάνω
2904 4260 2964 4319 οῦ
3003 4261 3071 4336 ἦν
3101 4265 3162 4319 τὸ
3193 4262 3423 4319 παιδίον.
3472 4260 3691 4327 Ἰδόντες

2115 4357 2172 4411 δὲ
2195 4358 2286 4412 τὸν
2311 4357 2516 4429 ἀστέρα
2547 4358 2822 4428 ἐχάρησαν
2864 4356 3036 4429 χαρὰν
3072 4353 3312 4426 μεγάλην
3338 4353 3564 4426 σφόδρα,
3595 4354 3691 4408 καὶ

2117 4446 2447 4511 εἰσελθόντες
2473 4448 2552 4512 είς
2572 4449 2670 4518 τὴν
2691 4445 2886 4509 οἰκίαν,
2912 4441 3050 4498 εἶδον
3078 4442 3139 4498 τὸ
3162 4442 3369 4498 παιδίον
3406 4444 3541 4516 μετά
3570 4444 3690 4498 Μα-

420 4556 731 4604 -oraverunt
774 4563 899 4603 cum
931 4546 998 4602 ιθ.
1042 4544 1360 4602 illactenus
1407 4543 1625 4615 quidem
1660 4540 2012 4614 Evangelium

2128 4538 2240 4609 ρίας
2263 4538 2362 4609 τῆς
2402 4510 2604 4609 μητρὸς
2627 4510 2836 4593 ἀύτοῦ,
2872 4536 2966 4590 καὶ
2993 4536 3248 4599 πεσόντες
3274 4510 3689 4605 προσεκύνησαν

436 4649 710 4698 sanctum.
736 4646 806 4695 At
836 4656 965 4697 vero
1006 4639 1182 4711 ipsius
1213 4638 1513 4710 prophetia:
1558 4636 1843 4692 oraculum
1878 4632 2010 4705 quid

433 4735 517 4793 ait,
542 4733 762 4789 tandem
794 4731 911 4788 fore
932 4739 1027 4786 aut
1054 4732 1109 4786 in
1142 4732 1290 4786 illius
1321 4731 1445 4784 novi
1476 4727 1675 4786 sideris
1697 4726 2010 4797 eruptione,

427 4834 527 4881 aut
564 4827 620 4881 in
652 4823 957 4881 Salvatoris
986 4826 1162 4880 nostri
1184 4822 1317 4880 Jesu
1343 4821 1552 4879 Christi
1598 4827 1748 4884 ortu,
1784 4819 2008 4888 dignum
2044 4806 2047 4809 ’

428 4916 575 4989 quod
627 4914 1035 4989 cognoscatur?
1087 4931 1282 4986 nempe
1332 4912 1656 4968 fractionem
1718 4908 2006 4964 ductorum

428 5008 607 5076 Moab,
641 5018 695 5065 et
720 5008 1079 5080 direptionem
1112 5008 1347 5063 ﬁliorum
1401 5002 1555 5069 Seth,
1591 5009 1852 5073 praeterea
1880 4999 2006 5055 reli-

423 5117 662 5172 quorum
708 5100 948 5157 Judaicze
985 5100 1164 5171 gentis
1196 5100 1439 5156 hostium
1489 5095 1881 5158 lncreditatem,
1912 5092 2007 5162 qui

423 5196 645 5267 quidem
678 5196 867 5251 hostes
896 5202 1055 5250 erant
1076 5193 1248 5248 Edom
1280 5200 1335 5248 et
1370 5189 1535 5247 Esau.
1566 5184 2005 5256 Caeterum,quid

424 5287 572 5341 aliud
626 5288 845 5341 tandem
897 5284 1227 5356 significavit
1273 5283 1361 5338 his
1414 5280 1627 5343 verbis,
1677 5293 1841 5348 quam
1907 5293 2005 5348 per

422 5378 681 5433 ductores
733 5375 909 5443 Moab,
956 5373 1314 5430 invisibilium
1349 5371 1587 5427 hostium
1637 5367 2002 5430 eversionem,

424 5471 688 5538 ipsorum,
715 5471 964 5541 inquam,
990 5469 1323 5529 daemonum,
1349 5465 1441 5535 qui
1467 5462 1597 5519 olim
1630 5460 1774 5532 apud
1800 5459 2003 5515 Moabi-

424 5569 509 5617 tas
540 5561 767 5616 deorum
809 5563 930 5618 loco
956 5558 1314 5616 ferebantur?
1356 5556 1519 5629 Atqui
1574 5555 1806 5610 aliorum
1844 5567 2003 5607 men-

423 5655 626 5708 tionem
650 5669 758 5709 non
778 5655 920 5719 fecit,
946 5661 1170 5725 pr0pter
1186 5652 1608 5710 simulacrorum
1626 5646 1805 5718 ipsius
1835 5642 2002 5701 Israel

2116 4629 2283 4701 αὐτῷ.
2314 4649 2332 4680 ι
2365 4629 2550 4683 Ταῦτα
2583 4629 2677 4701 μὲν
2706 4629 2767 4682 τὸ
2800 4629 2940 4702 ἱερὸν
2974 4627 3301 4698 Εὐαγγέλιον
3321 4643 3336 4658 '
3358 4628 3386 4680 ὁ
3410 4626 3467 4680 δέ
3490 4643 3553 4697 γε
3586 4626 3689 4696 τῆς

2116 4721 2450 4792 προφητείας
2505 4719 2658 4790 λόγος
2713 4719 2806 4772 ἐπὶ
2834 4723 2899 4793 τῇ
2938 4719 3032 4774 τοῦ
3061 4718 3285 4792 ἀστέρος
3321 4717 3560 4790 ἐπιτολῇ,
3592 4717 3693 4771 καὶ

2114 4815 2180 4883 τῇ
2232 4809 2326 4864 τοῦ
2386 4810 2634 4882 Σωτῆρος
2657 4809 2814 4881 ἡμῶν
2852 4808 3028 4881 Ἰησοῦ
3059 4808 3295 4880 Χριστοῦ
3325 4809 3538 4879 γενέσει
3564 4808 3689 4863 τίνα

2115 4901 2279 4974 φησιν
2327 4899 2568 4967 ἔσεσθαι,
2616 4901 2846 4954 συνιδεῖν
2908 4899 3096 4968 ἀξιον·
3140 4897 3379 4971 Θραῦσιν
3428 4898 3689 4970 ἀρχηγῶν

2111 4989 2308 5051 Μωάϐ.
2330 4990 2424 5044 καὶ
2457 4992 2734 5062 προνομὴν
2787 4989 2917 5044 υἱῶν
2954 4987 3085 5058 Σὴθ,
3115 4989 3210 5042 καὶ
3237 4988 3345 5041 τῶν
3377 5004 3441 5058 γε
3485 4988 3694 5043 λοιπῶν

2109 5083 2202 5137 τοῦ
2275 5083 2541 5137 Ἰουδαίων
2591 5083 2775 5146 ἔθνους
2812 5080 3086 5152 πολεμίων
3112 5079 3508 5151 κληρονομίαν·
3542 5074 3688 5134 οὗτοι

2109 5175 2165 5229 δὲ
2192 5171 2331 5247 ἦσαν
2369 5173 2549 5247 Ἐδὼμ
2578 5176 2673 5229 καὶ
2712 5172 2903 5228 Ἡσαῦ.
2936 5172 3001 5225 Τί
3030 5171 3086 5225 δὲ
3104 5171 3323 5244 ᾐνίξατο
3344 5170 3435 5225 διὰ
3459 5170 3686 5236 τούτων,

2110 5270 2142 5341 ἥ
2167 5268 2255 5323 διά
2287 5268 2384 5340 μὲν
2414 5268 2522 5322 τῶν
2549 5268 2805 5340 ἀρχηγῶν
2844 5265 3018 5321 Μωάϐ
3041 5266 3140 5338 τὴν
3171 5263 3278 5318 τῶν
3317 5265 3562 5336 ἀοράτων
3587 5264 3690 5333 ἀρ-

2108 5372 2310 5433 χόντων
2357 5361 2693 5434 καθαίρεσιν,
2742 5358 2919 5414 αὐτῶν
2965 5357 3026 5429 δὴ
3057 5355 3165 5410 τῶν
3199 5356 3365 5411 πάλαι
3393 5357 3543 5427 παρὰ
3575 5359 3690 5419 τοῖς

2112 5453 2423 5516 Μωαϐίταις
2450 5450 2878 5523 θεολογουμένων
2898 5449 3166 5520 δαιμόνων
3185 5464 3200 5513 ;
3234 5447 3350 5501 ἀλλ’
3366 5448 3464 5517 οὐχ
3484 5444 3687 5516 ἐτέρων

2108 5545 2354 5619 ἐμνήσθη
2375 5544 2463 5599 διὰ
2492 5544 2588 5617 τὴν
2625 5541 3068 5613 είδωλολατρείαν
3097 5539 3188 5594 τοῦ
3224 5537 3441 5610 Ἰσραὴλ
3472 5536 3570 5606 τὴν
3598 5535 3695 5590 ἐπὶ

2106 5639 2205 5708 τῆς
2224 5638 2430 5709 ἐρήμου
2445 5636 2767 5707 γενομένην,
2806 5635 2894 5687 ὅτε
2935 5629 3192 5701 ἐτελέσθη
3214 5630 3243 5681 ὁ
3269 5628 3397 5693 λαὸς
3421 5627 3500 5702 τῷ
3530 5625 3696 5681 Beel-

496 5812 539 5843 "
578 5808 736 5868 Num.
779 5825 923 5873 xxiv,
948 5809 1130 5864 15-19.
1215 5811 1254 5841 ”
1298 5807 1486 5863 Matth.
1523 5823 1585 5873 tt,
1620 5805 1671 5869 1,
1702 5802 1759 5861 2.
1841 5800 1883 5833 ’⁸
1924 5798 2055 5854 ibid.
2086 5792 2274 5851 941.
