4098 6424
374 397 478 454 653

1269 383 1920 442 DEMONSTRATIONIS
1971 377 2425 436 EVANGELICA'I
2478 374 2722 435 LlBJX.

3514 377 3621 433 654

376 508 578 580 φεγώρ·
602 507 810 577 δαίμων
838 505 894 558 δὲ
913 498 981 576 ἦν
1018 496 1170 566 οὗτος
1199 501 1274 560 ὼς
1299 501 1420 562 θεὸς
1449 500 1600 571 παρά
1634 498 1712 569 τῷ
1742 498 1941 569 βασιλεῖ

2046 495 2276 559 cultum,
2298 510 2409 564 quo
2434 493 2491 549 in
2511 492 2731 547 deserto
2758 505 2891 547 usus
2915 498 3144 560 est,quo
3176 500 3417 562 tempore
3448 507 3623 563 pepu-

372 600 547 657 Μωάϐ
599 598 678 670 τῷ
724 597 906 651 Βαλὰκ
957 593 1286 665 τιμώμενος.
1332 593 1484 647 Ἐπεὶ
1524 586 1617 644 οὖν
1646 590 1894 657 νενίκητο
1922 590 1951 641 6

386 692 600 765 Ἰσραὴλ
656 690 798 745 κατὰ
845 688 1004 741 τοῦτο
1046 684 1139 739 τοῦ
1171 682 1367 756 καιροῦ
1406 682 1541 753 πρὸς
1563 681 1669 734 τῶν
1704 680 1950 750 ἀοράτων

373 785 650 857 ἀρχόντων
680 781 772 836 τοῦ
796 779 990 841 Μωὲιὸ,
1021 778 1162 847 λέγω
1186 777 1241 831 δὲ
1269 777 1377 829 τῶν
1420 774 1573 848 παρά
1592 777 1705 838 τοῖς
1735 772 1953 827 Μωαϐί-

373 891 495 936 ταις
516 870 915 942 νενομισμένων
961 869 1098 923 θεῶν
1122 885 1136 899 ο
1179 867 1660 939 (εἰδωλολάτρησαν
1696 864 1825 934 γοῦν
1854 863 1951 917 καὶ

377 964 787 1039 προσεκύνησαν
829 964 942 1026 τοῖς
985 961 1275 1031 γλυπτοῖς,
1319 960 1395 1023 ὣς
1454 960 1680 1031 φησινή
1724 958 1946 1029 Γραφή-

380 1077 401 1109 ‹
432 1059 540 1112 Καὶ
563 1055 918 1126 ὲτελέσθησαν
945 1054 1022 1126 τῷ
1054 1052 1395 1125 Βεελφεγὼρ,
1425 1072 1445 1105 ι
1486 1052 1691 1122 δαίμων
1713 1051 1770 1104 δὲ
1796 1045 1952 1113 οὗτος

373 1149 483 1203 τῶν
524 1147 829 1203 Μωαϐιτῶν
885 1143 987 1217 ἦν,
1024 1146 1113 1199 ὅτε
1160 1135 1256 1197 καὶ
1301 1143 1693 1213 ὲξεπόρνευσαν
1731 1143 1811 1205 είς
1851 1140 1950 1203 τὰς

374 1240 773 1309 Μωαϐίτιδας·)
824 1239 1047 1302 εἰκότως
1105 1237 1165 1291 τὸ
1206 1235 1394 1307 μέλλον
1416 1234 1634 1288 ἔσεσθαί
1669 1248 1819 1297 ποτε,
1855 1232 1948 1286 καὶ

375 1330 472 1402 τὴν
504 1333 583 1393 εἰς
610 1328 916 1383 τούναντίον
949 1326 1058 1379 τῶν
1087 1325 1425 1397 πραγμάτων
1479 1322 1780 1394 μεταϐολὴν
1808 1318 1952 1374 κατὰ

375 1421 565 1493 καιρὸν
585 1422 613 1473 6
640 1418 817 1476 Βαλαὰ
826 1436 864 1489 μ
886 1414 1157 1480 θεσπίζει,
1176 1414 1348 1483 λέγων
1369 1431 1383 1444 ·
1406 1432 1424 1464 ι
1467 1411 1738 1466 Ἀνατελεῖ
1754 1411 1950 1482 ἄστρον

374 1512 433 1579 ἐξ
483 1510 693 1576 Ἰακὼϐ,
729 1511 823 1564 καὶ
873 1508 1234 1581 ἀναστήσεται
1265 1505 1547 1578 ἄνθρωπος
1590 1502 1651 1567 ἐξ
1698 1500 1944 1574 Ἰσραήλ·

375 1603 469 1656 καὶ⁵
519 1601 741 1674 θραύσει
789 1600 1065 1673 ἡγεμόνας
1125 1596 1319 1653 Μωὰὃ.
1362 1616 1381 1649 ι
1426 1595 1572 1650 Ὠσεὶ
1615 1594 1946 1665 σαφέστερον

375 1693 549 1761 ἔλεγε,
574 1694 699 1757 τοὺς
739 1690 1257 1764 μεγαλαυχήσαντας
1283 1687 1421 1742 κατά
1454 1686 1547 1741 τοῦ
1593 1685 1807 1758 Ἰσραὴλ
1836 1685 1951 1738 δαί-

378 1804 543 1860 μονας
563 1785 670 1839 τῶν
697 1783 1001 1839 Μωαϐιτῶν
1024 1783 1115 1836 ἐπὶ
1143 1784 1209 1852 τῇ
1243 1780 1452 1848 γενέσει
1483 1776 1577 1832 τοῦ
1614 1793 1949 1848 προφητευσ-

378 1858 560 1948 μένου,
603 1872 826 1945 θραῦσίν
880 1888 1009 1926 ποτε
1055 1869 1147 1923 καὶ
1172 1866 1377 1921 πτῶσιν
1406 1864 1599 1919 παθεῖν
1619 1880 1633 1894 ·
1665 1858 1739 1917 ὦν
1777 1862 1947 1933 θραυ-

376 1964 629 2026 σθέντων,
655 1963 780 2026 τοὺς
807 1961 955 2025 υἱοὺς
985 1958 1114 2031 Σὴθ,
1141 1958 1237 2012 καὶ
1275 1955 1473 2026 Ἐδὼμ,
1502 1953 1596 2009 καὶ
1637 1950 1827 2016 Ἠσαῦ,
1852 1950 1947 2005 καὶ

374 2055 444 2110 τὰ
476 2054 637 2109 λοιπά
661 2052 810 2125 ἔθνη,
842 2052 879 2107 ἃ
921 2051 1008 2105 διὰ
1054 2048 1257 2104 τούτων
1298 2044 1658 2117 σημαίνεσθαι
1681 2042 1943 2114 ἡγοῦμαι,

374 2148 443 2202 τὰ
471 2146 637 2202 πάλαι
671 2141 1179 2211 καταδεδουλωμένα
1205 2142 1274 2210 τῇ
1303 2137 1587 2207 δαιμονικῇ
1616 2135 1813 2206 πλάνῃ,
1848 2150 1944 2203 με-

375 2236 673 2292 ταϐαλόντα
722 2235 824 2306 τῆς
865 2231 1281 2303 δεισιδαιμονίας
1303 2270 1318 2294 ,
1366 2230 1540 2283 οἰκεῖα
1564 2226 1659 2281 τοῦ
1690 2224 1943 2288 θεσπιζο-

380 2326 539 2399 μένου
587 2324 928 2394 γενήσεσθαι.
963 2342 982 2373 ι
1033 2322 1142 2376 Καὶ
1182 2320 1355 2386 ἔσται,
1392 2319 1500 2390 γάρ
1545 2334 1730 2389 φησιν,
1768 2314 1946 2386 Ἐδὼμ

375 2413 724 2488 κληρονομία,
776 2413 871 2466 καὶ
917 2410 1068 2464 ἔσται
1124 2409 1456 2481 κληρονομία
1492 2407 1660 2463 Ἠσαῦ
1690 2409 1719 2462 6
1752 2406 1944 2479 ἐχθρὸς

375 2506 564 2561 αὐτοῦ.
617 2524 637 2559 ι
687 2507 749 2559 Οἱ
795 2504 904 2576 γὰρ
960 2503 1121 2556 πάλαι
1168 2502 1352 2574 ἐχθροὶ
1383 2500 1478 2555 τοῦ
1533 2499 1667 2555 Θεοῦ
1712 2500 1806 2555 καὶ
1849 2498 1942 2553 τοῦ

388 2595 638 2668 Ἰσραὴλ,
682 2594 843 2664 φησὶ,
920 2594 1240 2665 γενήσονται
1286 2592 1619 2663 κληρονομία
1667 2590 1760 2646 τοῦ
1813 2609 1947 2663 προσ

375 2688 757 2761 φητευομένου.
808 2686 981 2749 Αὐτὸς
1006 2685 1115 2757 γὰρ
1145 2681 1213 2756 ἦν
1251 2678 1295 2753 ᾧ
1323 2684 1508 2756 εἴρητο
1530 2684 1666 2757 πρὸς
1692 2684 1785 2738 τοῦ
1811 2684 1943 2738 Θεοῦ

373 2777 469 2833 καὶ
492 2777 705 2849 Πατρδς
754 2775 918 2831 αὐτοῦ
940 2793 954 2807 ·
996 2795 1015 2828 ι
1063 2776 1294 2846 Αἴτησαι
1331 2775 1459 2845 παρ’
1482 2773 1639 2845 ἐμοῦ,
1662 2774 1759 2828 καὶ
1788 2774 1943 2828 δώσω

374 2873 456 2926 σοί
486 2869 610 2941 ἔθνη
655 2868 752 2941 τὴν
796 2866 1158 2940 κληρονομίαν
1180 2882 1294 2920 σου·
1336 2884 1356 2917 ι
1402 2859 1476 2919 ὧν
1501 2867 1579 2929 εἰς
1624 2865 1716 2919 τὸν
1745 2865 1945 2937 κλῆρον

370 2962 478 3017 τῶν
505 2960 674 3031 ἁγίων
710 2959 1113 3031 μεταστάντων,
1155 2958 1415 3012 τάναντία
1458 2957 1537 3028 τῷ
1582 2957 1796 3030 Ἰσραὴλ
1822 2958 1942 3011 ἔσε-

374 3053 496 3107 σθαι
522 3050 786 3116 θεσπίζει.
831 3053 969 3124 Φησὶ
1007 3050 1164 3121 γοῦν·
1219 3068 1238 3101 ι
1274 3052 1382 3105 Καὶ
1432 3049 1649 3122 Ἰσραὴλ
1691 3050 1944 3123 ἐποίησεν

371 3147 429 3200 ὲν
463 3144 625 3237 ίσχύῖγ.
665 3145 791 3237 [Τὸ
822 3143 901 3208 δὲ,
932 3143 1185 3237 εποίησεν
1215 3141 1450 3237 ἐν-ίσχύῖ
1475 3142 1589 3237 τῂν*
1601 3141 1816 3237 πάντων
1850 3159 1947 3237 μεῖ-
1971 3179 2013 3237 C

369 3236 562 3308 γίστην
594 3234 844 3289 ἀσέϐειαν
864 3252 876 3267 ο
928 3234 1010 3287 διὸ
1050 3232 1464 3306 ἐξεγερθήσεται
1497 3232 1591 3286 ἀπ’
1637 3232 1816 3287 αὐτῶν
1846 3234 1941 3287 καὶ

370 3328 809 3399 ὲξαναστήσεται.
867 3326 959 3390 Τίς
1011 3321 1221 3397 οὗτοςῆ
1253 3326 1281 3379 6
1331 3323 1802 3398 προφητευόμενος
1845 3324 1939 3378 τοῦ

371 3419 506 3473 Θεοῦ
538 3420 731 3488 Λόγος,
756 3419 815 3482 ὃς
842 3419 937 3471 καὶ
983 3417 1231 3472 ἀπώλεσε
1270 3417 1569 3488 σωζόμενον
1602 3418 1668 3470 ὲκ
1700 3416 1938 3485 πόλεω;;

370 3506 523 3581 οἶμαι
569 3510 629 3564 δὲ
686 3510 785 3582 τὴν
828 3508 1181 3581 Ἰερουσαλὴμ
1209 3507 1559 3573 αἰνίττεσθαι,
1590 3508 1649 3575 ἐξ
1681 3502 1747 3580 ἦς
1775 3506 1941 3561 ὤλετο

375 3603 481 3666 πᾶς
513 3600 835 3671 σωζόμενος,
865 3600 1016 3672 ἢκαὶ
1047 3600 1109 3653 τὸ
1153 3601 1262 3654 πᾶν
1292 3600 1387 3654 τοῦ
1416 3599 1600 3663 ἔθνους
1628 3599 1807 3653 αὐτῶν
1840 3616 1940 3653 πο-

370 3692 618 3764 λίτευμα.
651 3692 837 3746 Ταῦτα
879 3692 935 3745 δὲ
969 3693 1092 3745 ὅποι
1130 3691 1317 3756 τέλους
1348 3691 1556 3762 ἔτυχεν,
1586 3690 1720 3762 ὁμοῦ
1748 3694 1814 3764 τῇ
1843 3691 1937 3745 τοῦ

371 3784 620 3856 Σιιπῆρος
647 3782 806 3855 ἡμῶν
824 3783 905 3846 είς
928 3781 1246 3855 ἀνθρώπους
1276 3782 1543 3854 ὲκλάμψει
1556 3784 1662 3837 τῶν
1685 3783 1784 3854 μὲν
1811 3785 1937 3854 πρὶν

369 3873 767 3946 είδωὶολατρῶν
785 3872 955 3927 ὲθνῶν
977 3875 1058 3937 εἰς
1084 3874 1175 3927 τὸν
1208 3872 1388 3927 αὐτῶν
1414 3874 1792 3945 μεταστάντων
1803 3874 1938 3946 κλῆ-

370 3983 485 4039 ρον,
512 3965 607 4020 τοῦ
637 3966 693 4020 δὲ
756 3965 1022 4019 Ἰουδαίων
1071 3964 1256 4030 ἔθνους
1288 3966 1383 4019 καὶ
1421 3966 1521 4037 τῆς
1558 3966 1939 4038 μητροπόλεως

369 4059 547 4114 αὐτῶν
601 4057 941 4112 πεπονθότων
995 4059 1152 4111 ὁποῖα
1208 4054 1572 4121 οὐδεπώποτε,
1604 4057 1666 4111 ού
1710 4058 1934 4129 μακρῶν

365 4148 473 4204 δεῖν
502 4144 655 4220 οἶμαι
682 4147 872 4217 λόγων.
921 4146 1080 4200 Ἀλλά
1106 4145 1175 4200 τὰ
1208 4146 1305 4219 μὲν
1331 4147 1431 4216 τῆς
1473 4145 1808 4218 συμφωνίας,
1836 4149 1936 4219 τῆς

364 4256 430 4294 τε
481 4240 822 4312 πῳφητικῆς
872 4240 1246 4310 προρρήσεως,
1293 4238 1388 4291 καὶ
1433 4237 1533 4308 τῆς
1574 4237 1935 4311 εὐαηελικῆς

368 4331 814 4404 συμπεράνσεως,
876 4324 979 4384 ὧδέ
1026 4346 1141 4393 πως
1200 4329 1370 4399 ἐχέτω
1401 4328 1574 4392 τέλος.
1612 4330 1676 4383 Τί
1706 4330 1749 4383 δ’
1778 4326 1845 4402 ἦν
1872 4330 1934 4383 τὸ

367 4423 535 4479 αἴτιον
577 4424 678 4495 τῆς
713 4423 1061 4495 ὲπιλάμψεως
1100 4422 1193 4476 τοῦ
1222 4422 1480 4492 φανέντος
1506 4423 1752 4494 ἀστέρος,
1807 4440 1935 4477 συν-

2037 591 2139 645 .lus
2188 588 2434 643 initiatus
2486 594 2571 642 est
2620 585 2973 656 Beelpbegor.
3014 582 3145 638 Erat
3199 598 3360 654 porro
3388 583 3478 639 hic
3509 584 3620 639 dte-

2055 697 2201 746 mon,
2249 680 2341 750 qui
2379 688 2438 733 ut
2486 679 2621 733 deus
2658 692 2689 730 a
2717 692 2844 747 rege
2884 675 3042 731 Moab
3072 675 3190 744 ipso
3222 675 3381 730 Balac
3401 677 3624 732 coleba-

2053 779 2164 827 tur.
2197 772 2460 837 Quoniam
2494 769 2660 841 igitur
2680 769 2857 824 victus
2880 777 2963 823 est
2990 764 3156 823 lsrael
3188 768 3279 822 illo
3306 774 3552 839 tempore
3588 786 3620 823 a

2052 861 2396 931 principibus
2444 859 2602 915 Moab
2631 860 2808 913 visum
2841 857 3247 930 eil‘ugieutibus,
3279 858 3402 913 dico
3435 867 3622 915 autem

2052 953 2120 1005 ab
2169 951 2238 1007 iis
2279 950 2371 1020 qui
2400 950 2545 1019 apud
2574 947 2838 1003 Moabitas
2865 964 2962 1018 pro
2985 949 3091 1003 diis
3117 949 3439 1003 colebantur
3468 948 3625 1019 (sane

2051 1044 2258 1098 idcirco
2315 1050 2369 1098 et
2418 1042 2711 1097 simulacra
2777 1042 3099 1106 coluerunt,
3152 1051 3207 1096 et
3258 1042 3624 1098 adoraveruut

2053 1133 2350 1205 sculptilia,
2374 1143 2431 1187 ut
2461 1132 2536 1186 ait
2565 1131 2845 1201 Sariptura
2879 1151 2892 1187 :
2926 1152 2943 1183 ι
2982 1133 3048 1186 Et
3084 1134 3281 1188 initiati
3307 1142 3436 1190 sunt
3466 1134 3624 1190 Beel-

2049 1225 2342 1295 phegor",
2394 1242 2413 1276 ι
2470 1224 2561 1293 qui
2632 1222 2970 1294 Beelpliegor
3024 1223 3234 1279 daemon
3304 1236 3422 1282 erat
3480 1228 3624 1299 apud

2053 1314 2339 1381 Moabitas,
2374 1328 2482 1383 quo
2517 1321 2762 1383 tempore
2798 1313 2963 1368 iidem
3004 1329 3126 1368 cum
3175 1315 3393 1372 feminis
3426 1317 3625 1372 Moabi-

2053 1415 2228 1460 tarum
2266 1405 2516 1461 fornicati
2545 1406 2719 1473 sunt),
2752 1405 2947 1460 merito
2983 1407 3127 1476 quod
3157 1406 3287 1462 olim
3329 1418 3446 1464 erat
3474 1410 3624 1465 futu-

2049 1512 2195 1561 rum,
2229 1513 2410 1551 rerum
2444 1498 2633 1567 utique
2688 1497 2743 1550 in
2793 1497 3128 1551 contrarium
3175 1499 3531 1555 mutationem
3565 1503 3622 1555 in

2049 1595 2294 1657 tempore
2325 1587 2533 1642 divinat
2582 1587 2825 1653 Balaam,
2856 1586 3091 1643 dicens:
3137 1608 3155 1640 ι
3197 1588 3417 1645 Orietur
3464 1594 3622 1648 stella

2050 1695 2114 1734 ex
2144 1678 2334 1742 Jacob,
2361 1686 2415 1733 et
2447 1686 2634 1749 surget
2668 1680 2830 1734 homo
2862 1695 2928 1736 ex
2960 1678 3146 1736 Israel.
3178 1679 3245 1735 Et
3274 1680 3489 1753 franget
3521 1686 3624 1738 du—

2051 1785 2144 1825 ces
2172 1770 2350 1824 Moab.
2375 1789 2394 1820 ι
2417 1769 2700 1840 Tanquam
2733 1771 2780 1824 si
2800 1770 3144 1828 manifestius
3162 1772 3389 1837 diceret,
3416 1773 3623 1830 Moabi-

2049 1870 2225 1917 tarum
2244 1863 2520 1917 daemonas
2535 1861 2629 1932 qui
2642 1876 2786 1917 nunc
2803 1861 3067 1918 adversus
3080 1864 3243 1918 lsrael
3257 1865 3474 1934 gloriati
3493 1876 3622 1922 sunt

2048 1954 2102 2009 in
2124 1964 2246 2010 ortu
2278 1955 2398 2025 ejus
2425 1954 2492 2009 de
2509 1968 2618 2024 quo
2643 1954 2760 2025 ipse
2778 1953 3128 2015 vaticinatur.
3154 1955 3474 2013 fractionem
3500 1969 3624 2014 tan-

2047 2046 2168 2100 dem
2216 2056 2268 2100 et
2310 2047 2524 2101 ruinam
2570 2060 2829 2114 passuros
2879 2064 2894 2101 :
2959 2046 3160 2117 quibus
3206 2046 3418 2118 fractis,
3480 2052 3621 2107 filios

2044 2135 2209 2209 419
2239 2136 2391 2203 Setb,
2420 2144 2474 2193 et
2512 2136 2703 2203 Edom,
2735 2147 2790 2193 et
2822 2137 2991 2201 Esau,
3021 2147 3076 2193 et
3125 2139 3366 2210 reliquas
3405 2151 3619 2212 gentes,

2046 2245 2184 2299 quas
2234 2229 2319 2284 his
2365 2228 2679 2284 nominibus
2723 2228 3020 2299 significari
3068 2231 3341 2297 arbitror,
3389 2241 3450 2287 ut
3487 2236 3620 2289 olim

2049 2321 2349 2376 dtemonico
2377 2321 2551 2375 errori
2597 2320 2829 2375 addicta:
2857 2329 3035 2388 erant,
3069 2324 3151 2379 sic
3190 2325 3392 2394 reiecta
3423 2342 3619 2396 super-

2048 2412 2289 2477 stitione,
2327 2412 2620 2469 familiares
2651 2414 2796 2470 illius
2828 2413 3066 2480 futuras,
3106 2418 3199 2487 qui
3234 2426 3499 2475 venturus
3522 2435 3619 2476 ca-

2045 2505 2213 2559 nitur.
2256 2523 2275 2555 ι
2313 2503 2380 2558 Et
2429 2506 2554 2568 erit,
2604 2504 2804 2576 inquit,
2844 2505 3013 2561 Edom
3056 2507 3383 2576 baereditas,
3422 2521 3477 2567 et
3514 2514 3622 2567 erit

2046 2595 2336 2651 bmrcditas
2380 2594 2525 2652 Esau
2574 2596 2830 2652 inimicus
2881 2598 3022 2667 ejus;
3064 2618 3083 2649 ι
3125 2607 3357 2665 veteres,
3413 2603 3614 2673 inquit,

2043 2685 2231 2740 hostes
2265 2682 2362 2739 Dei
2406 2693 2568 2754 atque
2618 2684 2785 2740 lsrael
2816 2694 2978 2741 erunt
3016 2688 3309 2746 haereditas
3349 2690 3490 2761 ejus,
3520 2693 3616 2763 qui

2044 2779 2260 2833 canitur
2286 2777 2525 2843 futurus;
2557 2779 2673 2847 ipse
2698 2779 2842 2833 enim
2871 2789 2956 2835 est
2979 2781 3069 2835 cui
3099 2781 3305 2837 dictum
3326 2791 3413 2839 est
3445 2799 3476 2838 a
3508 2784 3619 2841 Deo

2044 2877 2097 2925 et
2127 2869 2287 2924 Patre
2324 2884 2425 2926 suo
2458 2889 2470 2924 :
2510 2887 2528 2920 ι
2562 2868 2788 2925 Postula
2817 2883 2849 2924 a
2883 2886 2988 2937 me,
3024 2880 3075 2927 et
3105 2872 3246 2928 dabo
3293 2874 3392 2930 tibi
3427 2884 3616 2946 gentes

2046 2961 2414 3017 luereditatem
2446 2968 2595 3016 tuam
2613 2963 2679 3016 '°.
2724 2982 2745 3015 ›
2775 2962 2907 3028 Quae
2928 2979 3053 3018 cum
3079 2964 3135 3019 in
3158 2974 3359 3021 sortem
3394 2978 3617 3024 sancto-

2045 3069 2165 3110 rum
2202 3053 2538 3117 transierint,
2572 3056 2847 3111 contraria
2888 3054 2994 3126 ipsi
3027 3054 3191 3112 lsrael
3227 3055 3343 3113 fore
3383 3059 3614 3118 divinat.

2044 3147 2136 3200 Ait
2166 3146 2334 3216 igitur
2359 3164 2373 3200 :
2414 3164 2432 3197 ι
2472 3143 2541 3199 Ει
2565 3146 2735 3201 lsrael
2765 3144 2893 3200 fecit
2913 3145 2968 3200 in
2991 3147 3210 3213 robore,
3240 3166 3260 3199 ι
3286 3147 3415 3204 fecit
3434 3160 3615 3206 autem

2046 3238 2102 3292 in
2150 3238 2345 3293 robore
2391 3237 2635 3292 omnium
2688 3237 2985 3295 maximum
3034 3240 3247 3307 scelus;
3286 3250 3619 3314 quapropter

2065 3330 2393 3385 excitabitur
2453 3339 2508 3386 et
2555 3337 2830 3400 exsurget.
2898 3329 3033 3397 Quis
3104 3334 3323 3389 tandem
3366 3335 3472 3392 iste
3508 3336 3619 3393 nisi

2046 3420 2096 3475 is
2122 3420 2270 3491 quia
2303 3420 2583 3490 prophetis
2637 3422 2852 3475 canitur
2910 3421 3003 3478 Dei
3042 3422 3303 3488 Verbum,
3331 3427 3422 3497 qui
3451 3429 3617 3483 etiam

2046 3512 2279 3581 perdidit
2305 3527 2428 3566 eum
2463 3513 2554 3582 qui
2584 3520 2834 3568 servatur
2866 3529 2933 3567 ex
2963 3513 3220 3570 civitate?
3253 3515 3464 3582 Quibus
3493 3536 3616 3574 ver-

2044 3601 2130 3657 bis
2184 3601 2357 3671 ipsam
2417 3600 2718 3657 Jerusalem
2766 3602 3068 3673 signilicari
3121 3604 3376 3669 arbitror,
3411 3624 3476 3662 ex
3505 3626 3612 3678 qua

2043 3689 2201 3759 periit
2215 3689 2392 3746 omnis
2419 3689 2731 3760 quicunque
2759 3699 3037 3760 superstes
3065 3693 3265 3749 mansit
3296 3710 3310 3747 :
3334 3703 3426 3750 aut
3450 3698 3612 3753 etiam

2042 3792 2203 3834 omne
2247 3778 2368 3847 ejus
2423 3779 2600 3849 gentis
2661 3778 2817 3835 civile
2877 3780 3208 3837 institutum.
3258 3782 3385 3839 Haec
3430 3795 3613 3841 autem

2043 3883 2330 3941 quemnam
2363 3871 2568 3924 exitum
2600 3870 2793 3923 sortita
2820 3869 2953 3932 sint.
2985 3886 3109 3926 cum
3143 3880 3332 3943 gentes
3359 3876 3513 3945 prius
3536 3878 3617 3934 si-

2041 3962 2285 4016 mulacra
2316 3961 2556 4016 colentes
2593 3976 2704 4015 una
2742 3975 2868 4015 cum
2918 3961 3220 4020 Salvatoris
3263 3976 3436 4021 nostri
3472 3969 3616 4024 inter

2040 4054 2292 4110 homines
2319 4061 2535 4117 exortu,
2569 4054 2625 4108 in
2664 4054 2882 4109 illorum
2916 4063 3119 4111 sortem
3155 4059 3437 4116 translata:
3475 4061 3610 4127 sint,

2037 4144 2266 4201 Judaica
2295 4160 2424 4201 vero
2458 4160 2610 4216 gens,
2642 4156 2696 4201 et
2737 4144 3050 4201 Judzeorum
3095 4156 3270 4204 mater
3310 4149 3504 4206 civitas
3545 4168 3611 4207 ea

2038 4251 2310 4310 perpessa:
2348 4238 2458 4293 sint
2503 4252 2624 4307 quae
2662 4253 2941 4307 nunquam
2991 4246 3171 4307 antea,
3220 4257 3328 4297 non
3379 4244 3615 4314 longiori

2038 4331 2276 4384 arbitror
2326 4330 2571 4383 oratione
2609 4330 2852 4401 indigere
2900 4336 2960 4383 ut
2989 4334 3232 4401 apertius
3265 4336 3612 4392 ostendatur.

2036 4423 2288 4476 Attamen
2317 4436 2440 4490 qua:
2471 4420 2536 4476 ad
2572 4436 2899 4476 consensum
2931 4423 3205 4491 pertinent
3230 4432 3343 4479 tum
3370 4428 3611 4498 prophe-

369 4516 498 4571 ιδεῖν
517 4517 681 4582 ἀξιον.
699 4519 794 4581 Εἰς
828 4516 1032 4587 σημεῖά
1062 4532 1224 4587 φησιν
1245 4518 1274 4569 6
1296 4516 1555 4587 Μωῦσῆς,
1584 4517 1679 4571 καὶ
1712 4518 1792 4579 είς
1813 4534 1932 4570 και-

2043 4513 2157 4569 ιίοεε
2179 4514 2565 4583 praedictionis,
2590 4522 2705 4568 tum
2741 4519 3066 4588 evangelicae
3094 4522 3609 4589 consummationis,

369 4608 495 4678 ροὺς
519 4607 782 4661 τεθεῖσθαι
826 4609 950 4671 τοὺς
1004 4607 1211 4670 πάντας
1241 4607 1298 4660 ἐν
1334 4605 1414 4678 τῷ
1457 4606 1795 4679 στερεώματι
1825 4608 1928 4661 ὑπὸ

364 4692 459 4751 τοῦ
481 4697 615 4752 Θεοῦ
643 4698 903 4769 ἀστέρας·
936 4697 1083 4763 ξένος
1107 4698 1165 4751 δὲ
1191 4694 1284 4752 οὖν
1315 4700 1407 4753 καί⁸
1429 4699 1492 4753 ού
1526 4699 1780 4772 συνήθης,
1808 4700 1929 4754 οὐδὲ

364 4787 473 4842 τῶν
512 4788 720 4843 πολλῶν
754 4789 849 4842 καὶ
885 4790 1175 4861 γνωρίμων
1206 4785 1305 4855 εἷς,
1337 4790 1474 4845 ἀλλά
1502 4782 1600 4855 τις
1624 4790 1807 4854 καινὸς
1838 4790 1931 4844 καὶ

363 4880 479 4943 νέος
506 4879 682 4951 ἀστὴρ
716 4881 997 4949 ἐπιφανεὶς
1027 4879 1106 4951 τῷ
1142 4881 1261 4954 βίῳ,
1286 4885 1508 4952 σημεῖον
1536 4880 1685 4948 ξένου
1712 4882 1929 4953 φωστῆη

365 4988 455 5043 ρος
479 4969 668 5040 ὲδῆλου
713 4970 1162 5042 καταλάμψαντος
1197 4971 1275 5042 τῷ
1313 4973 1472 5026 παντὶ
1532 4973 1742 5044 κόσμῳ,
1776 4973 1835 5037 ὃς
1860 4968 1929 5045 ἦν

358 5065 390 5119 6
420 5064 654 5136 Χριστὸς
704 5062 801 5117 τοῦ
836 5063 995 5127 Θεοῦ,
1040 5064 1214 5134 μέγας
1242 5063 1337 5118 καὶ
1369 5063 1490 5127 νέος
1514 5065 1713 5136 ἀστὴρ,
1741 5058 1802 5117 οῦ
1828 5064 1928 5136 τὴν

358 5155 545 5209 εἰκόνα
583 5153 920 5225 συμϐολικῶς
962 5156 992 5209 6
1029 5155 1216 5222 φανεὶς
1251 5155 1371 5209 τότε
1412 5158 1522 5220 τοῖς
1585 5157 1781 5227 μάγοις
1826 5159 1927 5211 ἐπ-

357 5247 601 5317 εφέρετο.
646 5245 862 5316 Ἐπειδὴ
883 5245 992 5318 γὰρ
1023 5245 1144 5300 καθ’
1185 5247 1315 5318 ὅλης
1353 5247 1453 5318 τῆς
1502 5248 1653 5319 ἱερᾶς
1681 5247 1775 5301 καὶ
1808 5248 1925 5302 θεο-

357 5338 620 5392 πνεύστου
644 5337 867 5410 Γραφῆς
901 5340 931 5393 6
966 5338 1371 5411 προηγούμενος
1399 5340 1500 5410 τῆς
1529 5340 1767 5406 διανοίας
1799 5358 1927 5394 σκοσ

356 5430 457 5493 πὸς
491 5428 868 5502 μυστικώτερα
905 5430 1000 5483 καὶ
1030 5430 1151 5484 θεῖα
1183 5429 1430 5501 βούλεται
1464 5431 1758 5497 παιδεύειν,
1786 5430 1925 5503 μετά

352 5517 447 5573 τοῦ
494 5522 589 5575 καὶ
636 5522 736 5593 τὴν
785 5521 1076 5593 πρόχειρον
1117 5520 1357 5576 διάνοιαν
1382 5519 1649 5585 σώζεσθαι
1669 5524 1727 5577 ἐν
1768 5523 1922 5596 μέρει

354 5613 639 5683 ἱστορικῶς
669 5613 1092 5684 πεπραγμένων,
1133 5614 1354 5677 εἰκότως
1386 5613 1480 5668 καὶ
1507 5617 1541 5686 ὴ
1568 5613 1702 5686 μετὰ
1731 5617 1919 5686 χεῖρας

426 5790 471 5821 η
506 5764 649 5846 Psal.
680 5806 776 5861 ev,
808 5793 900 5851 98.
978 5796 1023 5827 ¹⁶
1062 5793 1206 5852 Psal.
1242 5809 1318 5861 ιι,
1349 5793 1404 5852 8.

2034 4605 2197 4659 talem
2239 4621 2370 4660 sane
2405 4606 2886 4663 babeantexitum.
2922 4608 3191 4665 Catterum
3237 4628 3357 4683 qum
3389 4613 3609 4668 tandem

2036 4711 2202 4750 causa
2230 4697 2440 4751 exstitit
2467 4708 2690 4767 propter
2712 4715 2874 4769 quam
2900 4702 3055 4756 stella
3084 4718 3204 4773 quae
3227 4711 3339 4758 tum
3362 4706 3478 4759 visa
3502 4715 3605 4770 est,

2035 4786 2297 4853 illuxerit,
2328 4804 2448 4858 quae
2480 4789 2697 4859 quidem
2722 4806 2889 4849 causa
2922 4796 3290 4865 contemplatu
3324 4795 3486 4866 digna
3511 4797 3609 4852 sit?

2034 4879 2214 4936 Moses
2236 4880 2453 4950 quidem
2477 4884 2530 4935 in
2562 4883 2713 4954 signa
2741 4887 2815 4940 ait
2837 4895 2891 4942 et
2916 4896 3159 4958 tempora
3177 4888 3231 4942 in
3261 4887 3605 4945 firmamento

2037 4987 2068 5026 a
2101 4971 2209 5027 Deo
2236 4973 2415 5042 posita
2442 4973 2610 5030 fuisse
2646 4977 2825 5033 sidera
2850 4980 3140 5045 universa;
3176 4989 3231 5034 at
3254 4996 3384 5035 vero
3417 4979 3520 5035 hoc
3550 4990 3606 5036 et

2031 5064 2378 5135 peregrinum
2429 5074 2484 5121 et
2511 5068 2818 5133 insolitum,
2848 5086 3027 5139 neque
3052 5069 3192 5125 idem
3229 5086 3296 5124 ex
3332 5071 3516 5126 multis
3549 5079 3604 5126 et

2031 5156 2265 5226 cognitis
2298 5172 2488 5221 unum,
2527 5159 2621 5215 sed
2655 5176 2854 5215 novum
2907 5164 3089 5232 potius
3124 5161 3395 5232 quoddam
3426 5178 3605 5233 neque

2030 5255 2189 5303 antea
2214 5249 2389 5304 visum
2422 5250 2598 5311 sidus.
2629 5250 2775 5322 quod
2805 5252 2927 5306 vita:
2961 5251 3242 5305 hominum
3285 5252 3483 5314 illuxit,
3512 5268 3600 5308 νει

2029 5342 2204 5397 centis
2247 5342 2530 5412 cujusdam
2571 5338 2858 5415 luminaris
2908 5345 3157 5415 signum,
3189 5347 3334 5414 quod
3381 5347 3599 5401 univer-

2030 5445 2151 5486 sum
2190 5432 2451 5486 mundum
2484 5433 2803 5496 illustraret,
2848 5432 3123 5487 indicabat
3150 5447 3163 5482 :
3196 5430 3343 5501 quod
3374 5430 3597 5501 quidem

2027 5524 2297 5581 luminare
2338 5524 2593 5580 Christus
2632 5523 2728 5578 Dei
2783 5532 2923 5588 erat,
2956 5524 3152 5594 ingens
3196 5523 3328 5578 illud
3362 5538 3599 5579 novum-

2023 5632 2130 5689 que
2157 5617 2331 5684 sidus,
2380 5616 2536 5687 cujus
2566 5616 2853 5691 imaginem
2884 5631 2949 5675 ex
2985 5616 3392 5687 comparatione
3421 5628 3487 5672 ac
3516 5613 3602 5672 sic
