4098 6428
430 395 544 454 655

1076 388 1346 448 EUSEBll
1381 382 1868 445 CESARIENSIS
1907 380 2060 439 OPP.
2105 379 2314 438 PARS.
2356 378 2423 437 ll.
2445 409 2517 423 —
2546 378 3046 438 APOLOGETICA.

3614 379 3717 438 6‘16

436 511 747 570 militudine
773 510 1033 582 quadam,
1055 510 1186 563 illud
1208 507 1355 580 quod
1387 515 1518 559 tunc
1542 502 1716 574 magis
1742 500 2017 572 apparuit,

2146 498 2439 571 πρόρρησις
2463 494 2766 569 ἐπληροῦτο
2802 494 2939 568 πρὸς
2956 493 3104 562 λέξιν
3135 492 3231 547 ἐπὶ
3257 494 3323 565 τῇ
3348 491 3444 547 τοῦ
3479 510 3717 567 προανα-

438 605 729 661 referebat.
769 601 905 658 Cum
957 600 1101 656 enim
1147 614 1243 669 per
1297 605 1467 652 totam
1514 599 1922 651 sacrosanctam
1968 599 2059 646 et-

420 713 469 751 ιε
491 698 677 752 divino
716 693 924 765 Spiritu
950 691 1211 747 traditam
1243 688 1614 761 Seripturam,
1653 686 1700 742 si
1744 685 1870 755 quis
1901 695 2026 738 eam

441 789 506 843 ad
537 801 759 843 sensum
794 785 1202 853 interpretetur,
1248 781 1487 853 primum
1533 780 1605 834 sit
1652 775 2021 847 propositum,

440 884 501 931 ut
530 875 758 947 mystica
784 870 1034 943 quaedam
1077 870 1375 940 divinaque
1419 867 1637 932 doceat,
1689 870 1909 920 servato
1938 869 2027 914 ιιι⁴

440 984 565 1024 men
592 968 786 1023 saltem
809 965 867 1019 in
896 972 1053 1036 parte
1082 965 1248 1019 etiam
1280 960 1492 1032 vulgari
1516 966 1814 1030 apertoque
1861 969 2028 1010 sensu

425 1074 631 1116 eorum
661 1073 785 1130 quae
825 1056 1090 1112 historice
1121 1061 1275 1126 gesta
1308 1059 1440 1108 sunt
1468 1069 1480 1104 :
1510 1050 1713 1105 merito
1752 1047 1858 1101 hoc
1892 1060 2031 1116 quo-

439 1168 548 1225 que
571 1152 717 1223 quod
748 1166 896 1206 nunc
930 1156 1200 1204 tractatur
1233 1144 1540 1211 oraculum,
1572 1145 1631 1196 in
1658 1141 1778 1212 ejus
1808 1139 2026 1201 sideris,

442 1244 729 1316 prephetia
768 1241 916 1313 quod
952 1242 1007 1295 in
1039 1238 1162 1295 ortu
1203 1235 1506 1292 Salvatoris
1538 1233 1714 1289 nostri
1759 1232 2029 1286 oriturum

445 1333 906 1397 denuntiabatur,
953 1331 1117 1387 etiam
1164 1329 1231 1383 ad
1271 1327 1497 1382 verbum
1545 1325 1872 1395 completum
1923 1327 2027 1375 est.

443 1427 607 1500 5.20
635 1424 922 1482 Exsistunt
967 1420 1191 1494 quidem
1239 1419 1363 1473 aliis
1410 1432 1629 1488 quoque
1680 1412 1938 1485 gloriosis
1976 1417 2032 1464 et

443 1520 755 1576 illustribus
783 1518 918 1573 viris
947 1514 1292 1569 insolitarum
1324 1510 1604 1565 stellarum
1638 1506 1813 1576 ignes,
1849 1510 1907 1557 ut
1938 1516 2034 1556 ea-

446 1629 567 1669 rum
601 1627 722 1683 qua:
768 1625 798 1666 a
829 1608 1160 1681 quibusdam
1194 1604 1408 1660 crinita
1430 1608 1719 1662 vocantur,
1753 1598 1881 1652 item
1912 1610 2034 1666 quae

448 1705 640 1763 trabis.
686 1711 778 1757 aut
813 1716 935 1772 qua:
962 1699 1143 1753 barbae
1181 1692 1594 1751 similitudinem
1630 1689 1892 1753 ferentes,
1926 1686 2036 1741 uti-

2129 589 2470 662 queévro;
2523 588 2754 660 ἀστέρος
2797 588 2892 641 ἐπὶ
2939 590 3007 659 τῇ
3058 585 3268 655 γενέσει
3313 584 3411 640 τοῦ
3463 586 3715 659 Σωτῆρος

2127 682 2286 755 ήμῶν
2324 681 2654 754 προφητείᾳ.
2706 678 2990 748 Γίγνονται
3036 678 3135 750 μὲν
3161 673 3256 732 οὖν
3276 678 3373 732 καὶ
3402 678 3490 748 ἐφ’
3518 678 3720 753 ἐτέρων

2127 774 2385 840 ἐπιδόξων
2421 774 2516 827 καὶ
2564 769 2843 841 ἐπιφανῶν
2874 769 3083 842 ἀνδρῶν
3122 768 3435 836 ξενιξόντων
3472 769 3722 842 ἀστέρων

2128 865 2448 937 ἐκλάμψεις,
2476 858 2587 917 οἷον
2610 861 2720 915 τῶν
2734 859 3084 931 καλουμένων
3114 859 3266 931 παρά
3297 876 3409 913 τισι
3438 859 3718 932 κομητῶν,

2128 958 2163 1030 ἢ
2224 955 2468 1021 δοκίδων,
2521 955 2556 1027 ἢ
2607 950 2929 1023 πωγωνιῶν,
2974 953 3008 1022 ἡ
3057 967 3220 1005 τινων
3255 950 3461 1023 ἐτέρων
3509 951 3723 1018 τούτοις

2132 1047 2553 1120 παραπλησίων,
2603 1043 2699 1098 ἐπὶ
2762 1042 3018 1115 μεγάλοις
3077 1043 3398 1113 πράγμασιν
3456 1042 3517 1108 ἐξ
3566 1042 3723 1108 ἐθους

2130 1138 2602 1211 ἀναιραινομένων.
2670 1135 2832 1189 Ἀλλὰ
2877 1135 2931 1189 τί
2960 1135 3073 1207 γὰρ
3105 1135 3406 1207 κρεῖττονῆ
3432 1134 3614 1207 μεῖζον
3644 1132 3724 1206 τῷ

2131 1228 2296 1281 παντὶ
2328 1226 2519 1297 κόσμῳ
2562 1225 2760 1295 γένοιτ’
2788 1225 2855 1279 ἄν
2898 1240 3029 1277 ποτε
3054 1224 3088 1296 ἢ
3110 1224 3170 1278 τὺ
3193 1225 3281 1279 διὰ
3315 1225 3586 1298 σωτηρίου
3612 1226 3727 1279 ἐπι-

2134 1319 2359 1389 φανείας
2378 1320 2544 1372 πᾶσιν
2573 1317 2823 1391 ὑπάρξαν
2862 1316 3172 1389 ἀνθρώποις
3192 1316 3378 1391 νοερὸν
3413 1318 3549 1389 φῶς,
3571 1317 3725 1371 εὐσε-

2134 1411 2285 1475 6είας
2341 1410 2437 1465 καλ⁵
2483 1409 2813 1479 θεογνωσίας
2864 1408 3098 1481 ἀληθοῦς
3129 1408 3433 1481 κατάληψιν
3478 1408 3723 1478 λογικαϊς

2131 1500 2332 1572 ψυχαῖς
2356 1499 2711 1572 νομιζόμενον
2735 1515 2749 1565 ;
2792 1488 2854 1551 οὗ
2890 1499 2956 1569 δὴ
2986 1499 3147 1572 χάριν
3175 1498 3237 1552 τὸ
3263 1498 3405 1570 μέγα
3436 1500 3661 1569 σημεῖον
3693 1500 3724 1553 ό

2137 1593 2421 1665 προφανὴς
2461 1591 2650 1664 ἐδήλου
2711 1590 2907 1663 ἀστὴρ,
2955 1591 3127 1661 μέγαν
3178 1593 3274 1644 καὶ
3312 1590 3431 1644 νέον
3463 1588 3727 1661 φωστῆρα

2136 1686 2522 1757 ἐπιλάμψαντα
2548 1682 2627 1755 τῷ
2655 1684 2819 1737 παντὶ
2869 1683 3062 1754 κόσμῳ
3096 1680 3189 1736 τὸν
3210 1680 3443 1754 Χριστὸν
3462 1681 3557 1734 τοῦ
3589 1678 3725 1734 Θεοῦ

445 1814 555 1869 que
587 1796 749 1851 etiam
783 1790 1146 1864 quarumdam
1188 1786 1422 1840 aliarum
1464 1784 1551 1840 bis
1592 1780 1878 1844 similium,
1914 1792 2035 1848 quae

2146 1780 2304 1832 πᾶσιν
2361 1777 2752 1848 αἰνιττόμενος.
2795 1774 2956 1827 Κατὰ
3016 1773 3078 1826 τὸ
3107 1772 3239 1827 αὐτὸ
3269 1773 3384 1845 δέἡ
3420 1772 3727 1844 προφητεία

446 1857 659 1960 magnis
702 1857 1119 1939 imminentibus
1166 1877 1333 1934 rebus
1374 1876 1551 1931 Solent
1599 1873 1889 1930 exsistere.
1950 1871 2021 1923 At

2146 1867 2422 1939 Ξνθρωπον
2463 1864 2600 1937 ὁμοῦ
2635 1865 2732 1919 καὶ
2776 1864 2983 1936 ἀστέρα
3027 1862 3273 1929 θεσπίζει
3303 1862 3370 1916 δι’
3405 1857 3483 1916 ὧν
3520 1879 3685 1934 φησιν
3706 1879 3721 1893 '

451 1959 600 2036 enim
631 1976 761 2049 quid
802 1973 1019 2030 tandem
1069 1981 1162 2026 aut
1181 1966 1538 2024 excellentius
1578 1971 1672 2019 aut
1715 1961 1895 2032 majus
1934 1959 2034 2013 toti

447 2071 653 2127 mundo
686 2081 928 2138 unquam
971 2061 1285 2133 contigerit,
1336 2073 1499 2129 quam
1529 2057 1674 2127 quod
1710 2070 1807 2126 per
1837 2054 2038 2108 saluta-

447 2177 565 2217 rem
601 2160 891 2215 adventum
925 2155 1184 2211 omnibus
1229 2150 1410 2205 illuxit
1454 2147 1782 2203 mortalibus
1835 2144 2039 2200 intelli-

450 2253 645 2324 gentiae
673 2251 881 2315 lumen,
912 2244 1061 2318 quod
1099 2253 1155 2300 et
1197 2241 1420 2313 pictatis
1454 2246 1509 2296 et
1549 2253 1690 2293 vera:
1740 2234 2038 2307 agnitionis

449 2344 545 2399 Dei
574 2341 977 2414 perceptionem
1012 2335 1210 2392 animis
1250 2331 1612 2387 rationalibus
1636 2328 1848 2392 attulit,
1873 2327 2039 2397 cujus

448 2434 648 2503 gratia,
672 2432 868 2502 ingens
898 2428 1118 2499 signum
1150 2424 1225 2489 id,
1258 2425 1328 2479 de
1355 2438 1467 2495 quo
1500 2426 1660 2475 antea
1693 2419 1900 2474 dictum
1929 2423 2038 2481 est,

449 2523 729 2579 indicabat
771 2521 949 2586 sidus,
995 2520 1125 2575 dum
1174 2519 1369 2589 ingens
1422 2520 1475 2571 et
1514 2526 1716 2568 novum
1767 2510 2045 2564 luminare

452 2615 601 2686 quod
632 2623 811 2669 totum
851 2610 1151 2667 illustravit
1197 2608 1484 2670 mundum,
1523 2603 1806 2659 Christum
1853 2600 2043 2671 utique

451 2708 550 2763 Dei
571 2705 827 2763 omnibus
851 2701 1147 2775 significat?
1175 2699 1382 2756 Eodem
1416 2712 1545 2752 vero
1582 2695 1702 2750 loco
1732 2693 2040 2764 prophetia,

449 2806 507 2855 et
536 2796 811 2853 hominem
848 2804 903 2851 et
952 2794 1108 2851 sidus
1137 2792 1381 2847 futurum
1428 2788 1660 2851 divinat,
1692 2785 1781 2839 his
1803 2783 1989 2839 verbis
2024 2801 2038 2839 :

460 2902 480 2938 ι
526 2883 821 2940 Exorietur
855 2882 1015 2938 stella
1040 2896 1111 2936 ex
1144 2878 1338 2945 Jacob,
1364 2886 1419 2933 et
1450 2882 1640 2946 surget
1674 2875 1840 2929 homo
1864 2884 1931 2929 ex
1962 2872 2046 2929 ls-

452 2981 591 3049 rael,
623 2999 642 3033 ι
678 2987 866 3051 utpote
903 2992 1025 3049 quae
1055 2982 1111 3031 et
1152 2974 1379 3029 cmleste
1416 2969 1689 3025 luminare
1710 2967 1882 3024 Deum
1905 2964 2040 3022 Ver-

456 3075 588 3130 bum
611 3088 734 3129 esse
762 3070 1056 3143 signiticet,
1081 3076 1136 3124 et
1167 3074 1352 3120 tamen
1374 3062 1625 3120 eumdem
1655 3061 1932 3117 hominem
1955 3073 2047 3132 ap-

453 3169 640 3240 pellet.
671 3164 836 3220 Varie
880 3176 1048 3237 porro
1098 3160 1255 3216 illum
1294 3157 1419 3213 aliis
1469 3170 1688 3228 quoque
1727 3155 1785 3209 in
1824 3153 1962 3210 locis
1992 3161 2046 3207 et

2142 1979 2160 2012 ι
2198 1958 2468 2013 Ἀνατελεῖ
2488 1958 2686 2029 ἄστρον
2703 1954 2763 2022 ἐξ
2789 1955 3007 2023 Ἰακὼϐ,
3024 1957 3118 2010 καὶ
3139 1956 3504 2027 ἀναστήσεται
3524 1956 3729 2028 ἄνθρω-

2136 2070 2237 2117 πος
2278 2051 2337 2119 ἐξ
2391 2050 2643 2123 Ἰσραήλο
2686 2068 2705 2101 ι
2754 2049 2847 2102 τὸν
2898 2049 2997 2121 μὲν
3050 2046 3301 2120 οὐράνιον
3331 2046 3595 2122 φωστῆρα
3634 2048 3728 2103 τὸν

2136 2145 2268 2198 Θεὸν
2330 2143 2505 2211 Λόγον
2563 2138 2731 2207 εἶναι,
2775 2142 2870 2196 τὸν
2914 2140 3080 2195 αὐτὸν
3108 2140 3165 2193 δὲ
3207 2139 3493 2213 ἄνθρωπον
3532 2141 3731 2214 ὀνομά-

2139 2238 2325 2303 ζουσα.
2363 2236 2647 2308 Διαφόρως
2681 2236 2741 2290 δὲ
2785 2234 2949 2289 αὐτὸν
2990 2234 3084 2288 καὶ
3129 2236 3187 2287 ἐν
3230 2235 3438 2307 ἑτέροις
3464 2234 3731 2308 ἀνατολὴν

2138 2329 2295 2402 ὁμοῦ,
2324 2330 2419 2383 καὶ
2450 2328 2586 2399 φῶς,
2631 2329 2727 2401 καί
2758 2326 2907 2397 ἥλιον
2959 2325 3307 2397 δικαιοσύνης
3334 2325 3620 2391 ἀποκαλεῖ,
3653 2326 3732 2392 ὡς

2140 2424 2197 2476 ἐν
2225 2425 2338 2487 τοῖς
2360 2420 2597 2495 πρώτοις
2632 2418 3016 2491 ἀπεδείξαμεν.
3066 2414 3203 2472 Εἶτα
3239 2418 3300 2471 τὸ
3333 2418 3434 2489 μὲν
3461 2418 3731 2491 θειότερον

2142 2512 2326 2581 αὑτοῦ,
2357 2512 2452 2567 ἆτε
2491 2510 2725 2582 φωτίζον
2769 2510 2953 2565 πάντα
2997 2508 3288 2581 ἄνθρωπον
3328 2509 3621 2581 ἐρχόμενον
3652 2512 3733 2575 εἰς

2140 2607 2232 2661 τὸν
2260 2604 2484 2676 κόσμον,
2517 2602 2597 2673 τῷ
2617 2603 2716 2674 τῆς
2743 2600 3009 2671 ἀνατολῆς
3030 2601 3341 2672 ἐπεφήμισε
3374 2603 3732 2673 προσρήματι

2144 2700 2348 2770 φήσαςο
2381 2714 2401 2747 ι
2451 2693 2726 2749 Ἀνατελεῖ
2766 2692 2967 2766 ἄστρον
3015 2690 3076 2756 ἐξ
3119 2691 3347 2745 Ἰακώϐ·
3386 2709 3404 2742 ι
3435 2691 3526 2746 τὸν
3550 2691 3607 2745 δὲ
3637 2692 3734 2747 άν-

2144 2788 2360 2860 θρωπον
2415 2785 2504 2840 διὰ
2551 2785 2613 2838 τὸ
2664 2783 2878 2856 συμϐὰν
2944 2782 3073 2852 περὶ
3118 2783 3283 2836 αὑτὸν
3332 2782 3524 2847 πάθος,
3559 2782 3637 2847 ὡς
3667 2782 3736 2839 ἂν

2144 2878 2494 2944 πεπτωκότα,
2546 2875 2947 2949 ἀναστήσεσθαι
2997 2873 3263 2938 θεσπίζει,
3303 2874 3501 2946 ὁμοίως
3527 2868 3611 2938 οἷς
3639 2875 3736 2928 καὶ

2155 2972 2388 3037 Ἡσαΐας
2436 2972 2567 3044 περὶ
2613 2968 2779 3024 αὑτοῦ
2833 2984 2966 3040 φησι
2989 2981 3006 3000 °
3043 2985 3064 3020 ι
3102 2968 3213 3021 Καὶ
3241 2966 3393 3020 ἔσται
3428 2965 3613 3039 ήρίζα
3636 2964 3732 3020 τοῦ

2158 3064 2377 3129 Ἰεσσαὶ,
2414 3062 2510 3117 καὶ
2558 3063 2587 3116 6
2620 3059 2979 3131 ἀνιστάμενος
3024 3058 3213 3130 ἄρχειν
3249 3055 3440 3121 ἐθνῶν,
3473 3056 3560 3111 ἐπ’
3584 3055 3730 3129 αὑτῷ

2146 3153 2274 3226 ἔθνη
2322 3152 2591 3207 ἐλπιοῦσι.
2630 3170 2650 3204 ι
2683 3150 2797 3205 Καὶ
2838 3149 3007 3218 σαφές
3042 3164 3107 3217 γε
3148 3148 3270 3201 τίνα
3296 3146 3499 3219 τρόπον
3523 3147 3584 3201 τὸ
3614 3145 3728 3218 φῶς

450 3238 638 3315 ortum
670 3257 855 3325 simul,
892 3263 947 3310 et
984 3255 1169 3309 lumen
1214 3258 1269 3307 et
1312 3249 1482 3307 solem
1509 3246 1740 3318 justitite
1768 3253 1949 3310 vocat,
1980 3251 2043 3299 ut

2146 3246 2237 3300 τοῦ
2267 3245 2520 3316 Σωτῆρος
2574 3243 2730 3315 ήμῶν
2783 3244 2848 3296 ἐκ
2869 3241 2964 3295 τοῦ
3009 3238 3204 3295 Ἰακὼϐ
3250 3238 3556 3306 ἀνατεῖλαι),
3585 3238 3725 3294 τοῦτ’

457 3358 515 3409 iu
548 3350 827 3424 prioribus
850 3347 1010 3403 libris
1041 3344 1407 3401 ostendimus.
1440 3340 1713 3396 Caeterum
1737 3336 1887 3408 quod
1922 3335 2047 3407 qui-

453 3448 582 3503 dem
614 3446 671 3500 in
701 3442 795 3498 illo
823 3440 1066 3498 divinius
1099 3445 1207 3504 est,
1238 3443 1502 3507 tanquam
1522 3433 1577 3488 id
1605 3429 1752 3504 quod
1778 3429 2048 3484 illuminet

457 3551 676 3593 omnem
708 3534 985 3590 hominem
1014 3531 1323 3587 venientem
1376 3528 1433 3583 in
1463 3527 1610 3581 hunc
1642 3521 1931 3588 mundum,
1957 3534 2043 3576 or-

461 3642 552 3686 tus
580 3627 850 3684 vocabulo
880 3623 1199 3688 celebravit,
1233 3622 1289 3677 in
1319 3621 1470 3675 hunc
1518 3615 1743 3673 modum
1781 3635 1793 3669 :
1831 3631 1849 3666 ι
1890 3611 2049 3669 Orie-

463 3734 554 3777 tur
572 3719 729 3776 stella
755 3734 819 3774 ex
840 3715 1029 3774 Iacob.
1054 3735 1073 3769 ι
1091 3713 1378 3770 Hominem
1401 3725 1532 3766 vero
1555 3708 1803 3765 eumdem
1827 3713 2050 3777 propter

464 3814 811 3870 alliictionem
855 3824 921 3867 ac
974 3818 1207 3866 mortem
1262 3818 1427 3878 quam
1485 3801 1732 3875 pertulit,
1783 3807 2049 3869 tanquam

458 3922 585 3962 eum
612 3905 707 3977 qui
736 3904 1037 3966 ceciderat,
1069 3909 1451 3957 surrecturum
1486 3894 1718 3956 divinat,
1746 3890 1949 3963 quibus
1973 3887 2051 3944 si-

461 3998 610 4052 milia
634 3976 710 4052 de
739 3993 932 4051 eodem
963 3992 1132 4049 Isaias
1163 3989 1312 4046 canit
1341 4006 1355 4042 :
1395 4003 1413 4037 ι
1447 3982 1517 4037 Ει
1548 3982 1655 4039 erit
1685 3981 1840 4037 radix
1871 3976 2048 4043 Iesse,

460 4098 516 4143 et
554 4089 648 4161 qui
692 4087 871 4157 surgit
909 4093 971 4139 ut
1020 4083 1253 4153 imperet
1298 4075 1555 4148 gentibus
1590 4089 1604 4126 :
1640 4072 1698 4126 in
1746 4087 1812 4127 eo
1861 4077 2051 4141 gentes

458 4180 841 4252 sperabunt“.
883 4195 903 4229 ι
940 4175 1004 4229 Ει
1028 4174 1382 4229 manifestum
1415 4168 1637 4240 quidem
1670 4173 1775 4229 est,
1811 4176 2051 4234 quonam

462 4272 629 4328 modo
668 4267 973 4326 Salvatoris
1002 4265 1177 4322 nostri
1233 4263 1419 4317 lumen
1454 4259 1524 4315 de
1565 4256 1735 4314 Jacob
1777 4262 2050 4318 exortum,

465 4364 571 4419 hoc
638 4369 725 4418 est
761 4360 828 4417 de
878 4358 1109 4416 Judaico
1159 4355 1383 4428 populo,
1415 4366 1528 4409 non
1574 4350 1681 4422 ipsi
1710 4346 1881 4405 Iacob
1909 4347 2054 4404 unde

461 4454 773 4527 profectum
824 4461 939 4519 est,
1004 4450 1101 4508 sed
1152 4447 1411 4506 omnibus
1477 4443 1733 4518 gentibus
1787 4441 2050 4497 illuxerit.

462 4549 583 4604 lloe
607 4563 741 4603 vero
775 4562 901 4603 cum
940 4561 1009 4603 ex
1040 4543 1163 4600 aliis
1194 4540 1452 4613 plurimis
1492 4535 1793 4609 prophetiis
1840 4534 2055 4591 discere

462 4658 782 4719 possumus,
813 4651 1074 4711 tanquam
1101 4636 1171 4692 ad
1194 4636 1372 4707 ipsum
1397 4632 1678 4689 Christum
1702 4627 2049 4684 dicentibus:

466 4760 488 4791 ι
531 4737 671 4794 Ecce
706 4735 867 4810 posui
897 4744 949 4790 te
977 4734 1036 4788 in
1067 4731 1481 4788 Testamentum
1515 4723 1755 4796 generis,
1782 4722 1838 4777 in
1870 4722 2055 4777 lumen

460 4830 795 4902 gentium";
827 4846 844 4880 ι
874 4837 987 4884 tum
1012 4823 1177 4880 etiam
1195 4836 1259 4876 ex
1279 4818 1454 4889 ipsius
1475 4814 1695 4870 Balaam
1707 4814 1910 4882 verbis,
1935 4826 2057 4885 quae

464 4925 550 4980 sic
577 4921 781 4978 habent
814 4941 828 4975 :
866 4939 885 4970 ι
924 4915 1249 4989 Egredietur
1275 4911 1345 4967 de
1373 4908 1582 4967 semine
1620 4907 1741 4979 ejus
1780 4905 1968 4970 homo,
1999 4909 2056 4959 et

462 5014 838 5071 dominabitur
868 5011 1121 5084 gentibus
1154 5003 1340 5060 multis
1362 5003 1427 5055 ”.
1467 5021 1487 5055 ι
1523 4999 1690 5071 Atqui
1720 4997 1788 5054 de
1815 5010 2051 5068 quonam

468 5108 576 5163 alio
630 5105 840 5162 semine
891 5116 1053 5173 quam
1091 5099 1160 5154 de
1194 5097 1382 5161 Israel,
1434 5101 1494 5149 ut
1540 5091 1700 5148 facile
1728 5094 1948 5145 constat
1988 5101 2055 5142 ex

468 5200 647 5271 ipsius
704 5195 972 5253 orationis
1024 5189 1321 5249 contextu?
1372 5184 1612 5242 Proinde
1655 5184 1769 5253 jam
1809 5179 2052 5253 gentium

469 5292 756 5348 dominatu
787 5294 1014 5358 accepto
1065 5283 1367 5340 Salvatoris
1419 5276 1596 5335 nostri
1623 5273 1888 5338 Verbum,
1928 5286 2052 5326 cum

469 5385 589 5453 ipsa
615 5381 902 5454 prophetia
928 5376 1300 5436 concordans.
1342 5386 1533 5427 omnes
1563 5360 1908 5442 quaecunque
1945 5362 2055 5417 illis

470 5474 745 5545 quondam
779 5470 1145 5543 imperabant,
1172 5464 1477 5523 invisibiles
1507 5470 1563 5517 et
1586 5457 1925 5533 perniciosas
1953 5468 2051 5524 po-

473 5574 698 5622 testates
724 5565 944 5627 delevit,
996 5576 1212 5617 necnon
1245 5555 1551 5629 spiritualia
1601 5549 1821 5606 malitiae
1871 5553 2054 5601 cater-

2147 3339 2295 3394 ἕστιν
2319 3337 2429 3393 άπὸ
2455 3335 2550 3391 τοῦ
2581 3339 2647 3390 ἐκ
2685 3335 2989 3410 περιτομῆς
3010 3333 3165 3399 λαοῦ,
3200 3336 3333 3388 πᾶσι
3365 3336 3477 3399 τοῖς
3508 3332 3727 3397 ἔθνεσιν,

2146 3433 2258 3487 ἀλλ’
2287 3431 2408 3505 οὐχὶ
2429 3429 2510 3502 τῷ
2571 3427 2791 3493 Ἰακὼϐ,
2825 3427 2948 3482 ὅθεν
2994 3427 3088 3481 καὶ
3111 3426 3406 3501 προῆλθεν,
3438 3425 3728 3497 ἐξέλαμψε.

2148 3523 2318 3578 Τοῦτο
2365 3523 2425 3578 δέ
2463 3522 2561 3577 καὶ
2597 3522 2704 3576 ἀπὸ
2732 3520 3001 3575 πλείστων
3046 3520 3249 3593 ἐτέρων
3284 3519 3545 3592 πάρεστιν
3586 3518 3740 3573 ἐκλα-

2150 3617 2264 3670 σεῖν
2297 3615 2663 3689 προφητειῶν,
2683 3614 2759 3678 ὼς
2782 3612 2916 3685 πρὸς
2948 3612 3110 3667 αὐτὸν
3135 3612 3460 3682 φασκουσῶν
3488 3610 3580 3665 τὸν
3609 3612 3743 3682 Χρι-

2151 3709 2303 3763 στόν·
2351 3728 2369 3761 ι
2416 3709 2548 3763 Ἰδοὺ
2606 3706 2829 3762 τέθεικά
2878 3722 2937 3759 σε
2986 3707 3068 3770 είς
3102 3704 3381 3778 Διαθήκην
3420 3706 3630 3774 γένους,
3660 3706 3741 3767 είς

2152 3801 2269 3872 φῶς
2314 3799 2487 3855 ἐθνῶν
2507 3816 2522 3830 ε
2564 3819 2583 3853 ι
2620 3800 2681 3854 οὐ
2711 3799 2816 3872 μὴν
2861 3797 2996 3853 ἀλλὰ
3028 3797 3123 3852 καὶ
3149 3798 3213 3851 ἐκ
3252 3796 3361 3851 τῶν
3387 3797 3480 3851 τοῦ
3511 3795 3742 3867 Βαλαάμ

2150 3894 2346 3963 λόγων,
2368 3892 2434 3946 δι’
2465 3885 2540 3946 ὧν
2563 3908 2759 3965 φησιν’
2802 3910 2820 3944 ι
2868 3888 3240 3959 Ἐξελεύσεται
3274 3890 3339 3943 ἐκ
3370 3887 3464 3942 τοῦ
3491 3889 3743 3960 σπέρμα-

2150 4001 2241 4048 τος
2269 3981 2431 4037 αὐτοῦ
2465 3981 2773 4054 ἄνθρωπος,
2801 3979 2898 4035 καὶ
2924 3977 3205 4052 κυριεύσει
3234 3977 3404 4031 ἐθνῶν
3444 3976 3675 4031 πολλῶν.
3715 3993 3737 4028 ι

2152 4071 2308 4135 Τίνος
2335 4070 2393 4125 δὲ
2417 4072 2482 4123 ἐκ
2516 4070 2832 4141 σπέρματος
2856 4071 2890 4139 ἢ
2918 4067 3012 4122 τοῦ
3055 4067 3291 4140 Ἰσραὴλ,
3318 4067 3397 4131 ὡς
3414 4069 3449 4138 ἡ
3480 4065 3729 4137 σύμφραο

2155 4179 2238 4227 σις
2267 4160 2612 4234 παρέστησε;
2645 4159 2740 4214 καὶ
2763 4159 2829 4230 δὴ
2858 4156 3154 4231 κυριεύσας
3182 4153 3354 4210 ἐθνῶν
3376 4156 3406 4208 ὁ
3432 4153 3526 4206 τοῦ
3553 4149 3741 4219 Σωτῆ-

2157 4272 2245 4328 ρος
2267 4253 2423 4325 ήμῶν
2466 4252 2659 4321 Λόγος,
2700 4248 2977 4323 ἀρχούσας
3020 4247 3291 4320 ἁοράτους
3330 4244 3425 4297 καὶ
3463 4238 3742 4313 μοχθηρὰς

2151 4348 2409 4419 δυνάμεις
2430 4346 2669 4411 καθεῖλε,
2682 4345 2780 4401 καὶ
2799 4343 2867 4399 τὰ
2886 4338 3233 4414 πνευματικὰ
3249 4339 3349 4409 τῆς
3372 4338 3659 4409 πονηρίας,
3680 4335 3742 4388 τό

2153 4456 2214 4493 τε
2249 4443 2439 4510 στῖφος
2471 4438 2532 4491 τὺ
2571 4435 2903 4509 δαιμονικὸν,
2945 4430 3223 4507 ἀρχηγοὺς
3258 4427 3457 4492 Μωὰϐ,
3493 4428 3587 4481 καὶ
3609 4427 3740 4499 Σὴθ,

2155 4532 2250 4586 καὶ
2318 4529 2515 4601 Ἐδὼμ,
2554 4528 2651 4582 καὶ
2712 4525 2887 4583 Ἠσαῦ
2937 4521 3342 4598 τροπικώτερον
3368 4523 3425 4575 ἐν
3451 4522 3565 4584 τοῖς
3605 4518 3745 4591 μετὰ

2158 4626 2347 4696 χεῖρας
2374 4619 2757 4692 ὼνομασμένα.
2811 4615 3064 4687 Ἀσαφῶς
3093 4614 3150 4668 δὲ
3182 4615 3438 4686 κείμενον
3460 4610 3613 4684 παρὰ
3630 4612 3745 4673 τοῖς

2173 4715 2572 4787 Ἐϐδομήκοντα
2626 4712 2710 4777 τὸ,
2750 4730 2770 4763 ι
2809 4708 2979 4774 Δείξω
3002 4705 3174 4777 αὐτῷ,
3209 4706 3302 4760 καὶ
3334 4705 3455 4775 οὐχὶ
3478 4703 3593 4765 νῦν,
3633 4718 3741 4774 μα-

2162 4805 2397 4878 καρίζω,
2432 4804 2528 4859 καὶ
2550 4803 2652 4858 ούκ
2680 4799 2910 4873 ἐγγίζει,
2948 4820 2967 4853 ι
3006 4800 3341 4870 σαφέστερον
3380 4798 3409 4849 ό
3441 4796 3538 4866 μὲν
3583 4793 3746 4847 Ἀκύ-

2158 4901 2255 4965 λας
2300 4899 2561 4967 ἐξέδωκεν
2588 4914 2603 4929 ο
2631 4916 2650 4949 ι
2689 4894 2928 4967 Ὄψομαι
2965 4893 3130 4948 αὐτὸν
3157 4930 3174 4957 ,
3223 4892 3319 4946 καὶ
3353 4891 3415 4945 οὐ
3458 4888 3575 4954 νῦν,
3612 4903 3748 4960 προ-

2164 4990 2370 5057 σκοπῶ,
2404 4988 2520 5044 ἀλλ’
2550 4988 2650 5042 οὐκ
2675 4986 2840 5057 ἐγγύς
2864 5003 2879 5017 ·
2911 5005 2928 5038 ι
2958 4987 2988 5039 ό
3007 4985 3062 5038 δέ
3088 4983 3384 5055 Σύμμαχος
3404 4980 3747 5051 λευκότερον,

2163 5087 2373 5160 φήσας·
2412 5103 2431 5136 ι
2484 5082 2625 5156 Ὀρῶ
2668 5080 2853 5145 αὑτὸν,
2902 5078 3016 5134 ἀλλ’
3041 5079 3142 5131 οὐκ
3182 5076 3368 5147 ἐγγύς.
3405 5094 3423 5127 ι
3456 5069 3750 5142 Λέγοιτοδ⁹

2163 5181 2229 5235 ἂν
2255 5176 2427 5232 ταῦτα
2456 5176 2562 5230 ὑπὸ
2606 5174 2701 5229 τοῦ
2729 5173 2982 5244 Βαλαὰμ,
3006 5172 3083 5235 ὼς
3115 5173 3346 5244 μακροῖς
3372 5169 3598 5241 ὕστερον
3632 5165 3748 5237 μετ’

2162 5270 2326 5325 αὑτὸν
2354 5269 2566 5341 χρόνοις
2615 5264 2918 5338 μελλόντων
2964 5260 3480 5334 ἐπιτελεσθήσεσθαι
3517 5257 3625 5311 τῶν
3654 5257 3752 5329 δη-

2162 5360 2469 5432 λουμένων·
2495 5355 2632 5428 μετὰ
2668 5354 2797 5424 γοῦν
2826 5351 3183 5425 δισχιλιοστὸν
3224 5349 3343 5411 ἐτός
3373 5347 3475 5417 τῆς
3503 5344 3753 5417 προβιρή-

2164 5468 2302 5514 σεως
2330 5447 2637 5519 ἐπληροῦτο
2691 5445 2885 5510 ταῦτα,
2933 5443 3028 5497 ἐπὶ
3051 5442 3153 5513 τῆς
3180 5441 3274 5494 τοῦ
3314 5439 3568 5510 Σωτῆρος
3595 5433 3756 5507 ἡμῶν

2162 5545 2241 5608 εἰς
2266 5539 2587 5614 ἀνθρώπους
2605 5537 2917 5609 ἐπιδημίας.

472 5675 707 5729 vamque
743 5623 1124 5718 (laenionicam,
1161 5623 1292 5724 quae
1341 5651 1600 5706 ductores
1641 5642 1907 5709 Moab,,et
1952 5637 2108 5705 Seth,
2131 5647 2185 5693 et
2220 5636 2413 5700 Edom,
2444 5641 2497 5690 et
2534 5631 2693 5703 5.21
2734 5630 2902 5695 Esau,
2927 5628 3214 5700 ﬁguratius
3248 5626 3303 5680 in
3344 5623 3411 5678 iis
3439 5634 3561 5692 quae
3607 5631 3758 5673 nunc

476 5709 802 5815 tractamus,
846 5709 1200 5804 denominata
1245 5753 1395 5801 sunt.
1424 5742 1562 5797 Cum
1597 5748 1778 5792 autem
1834 5733 1975 5805 apud
2016 5731 2156 5785 LXX
2179 5730 2471 5787 obscurius
2522 5728 2760 5796 positum
2805 5725 2877 5781 sit
2915 5723 3097 5779 illud:
3139 5739 3157 5773 ι
3184 5716 3482 5775 Ostendam
3531 5711 3633 5779 illi,
3655 5709 3758 5767 sed

545 5869 589 5900 ἰ
628 5863 733 5922 lsa.
772 5882 857 5927 χι.
899 5865 984 5918 10.
1064 5864 1105 5897 ³³
1148 5863 1229 5917 lsa
1292 5876 1433 5924 χιιι,
1470 5858 1523 5915 6.

1599 5856 1644 5889 "
1682 5852 1843 5909 Num.
1882 5869 2042 5909 xxiv.
2075 5848 2163 5905 19.
