4098 6450
412 380 516 438 857
1291 363 1948 423 DEMONSTBATIONIS
1982 357 2443 447 EVANGELICIE
2497 355 2624 411 LIB.
2666 353 2760 411 rx.
3576 347 3693 400 658‘

413 514 525 554 non
568 509 738 562 nunc,
776 494 998 552 beatum
1033 489 1180 555 dico,
1214 487 1308 545 sed
1354 500 1465 541 non
1509 485 1932 557 appropinquat,
1982 480 2175 538 tidem
2217 479 2353 535 illud
2407 477 2655 549 apertius
2704 472 2899 544 Aquila
2967 468 3175 525 edidit:
3206 486 3223 519 ι
3262 465 3468 537 Videbo
3526 464 3682 518 illum

419 594 518 652 sed
576 609 689 650 non
731 606 905 656 nunc,
940 586 1217 660 prospicio
1268 584 1445 649 illum,
1499 583 1596 640 sed
1643 598 1754 639 non
1804 596 1997 654 prope.
2028 598 2047 633 ι
2087 576 2452 651 Symmachus
2504 582 2712 639 autem,
2769 570 3059 628 candidius
3098 587 3111 622 :
3154 584 3174 618 ι
3214 564 3404 625 Video,
3460 562 3682 633 inquit,

412 688 591 753 illum,
622 686 718 744 sed
761 700 872 741 non
903 698 1093 757 pr0pe.
1123 701 1144 735 ι
1181 680 1299 736 Dici
1348 694 1477 736 vero
1514 678 1631 734 haec
1679 678 1935 734 videntur
1968 689 1999 730 a
2029 670 2274 741 Balaam,
2303 684 2564 744 tanquam
2612 667 2792 741 longis
2838 667 3097 734 deinceps
3142 669 3267 733 post
3310 660 3491 731 ipsum
3540 666 3681 757 tem-

412 751 638 851 poribus
688 751 1024 849 perﬁcienda
1064 780 1251 830 essent
1300 787 1387 837 ea,
1426 788 1549 844 quae
1600 773 1671 828 ab
1728 771 1852 844 ipso
1900 771 2283 827 canebantur:
2315 782 2444 822 nam
2484 763 2701 819 duobus
2752 760 2996 816 millibus
3059 770 3333 812 annorum
3376 759 3501 825 post
3546 751 3683 808 illud

410 867 730 931 vaticinium
756 872 1027 943 completa
1076 869 1373 935 sunthaec,
1421 883 1531 940 quo
1581 867 1839 923 videlicet
1876 874 2127 937 tempore
2186 861 2440 919 Salvator
2496 868 2686 915 noster
2729 871 2857 911 cum
2909 852 3225 910 hominibus
3266 857 3519 908 versatus
3579 858 3681 906 est.

420 995 565 1050 Ἀπὸ
593 993 701 1048 τοῦ
743 993 1004 1049 Ἡσαΐου.
1035 1022 1105 1032 -
1149 991 1246 1057 Ὠς
1298 993 1332 1045 ὀ
1378 991 1613 1059 Κύριος,
1668 988 1876 1055 ἐπιϐὰς
1928 986 2000 1042 οὗ
2031 993 2078 1051 Α

478 1065 810 1132 ἀνείληφεν
846 1062 915 1127 ἐξ
955 1063 1128 1132 ἁγίας
1154 1058 1472 1130 Παρθένου
1492 1061 1790 1132 σώματος,
1824 1058 1994 1132 ἥξειν

475 1137 564 1200 είς
586 1130 893 1204 ᾼῑγὺπτον
925 1130 1223 1204 ῥητῶς-,τε
1261 1132 1359 1204 καί
1391 1131 1541 1185 κατὰ
1566 1130 1839 1204 διάῂοιαν
1862 1130 1992 1204 etis:

476 1198 736 1268 σπίζείὲο,
789 1198 958 1257 πᾶσᾶ
995 1198 1075 1256 τε
1126 1201 1227 1254 ἐπὶ
1267 1200 1380 1269 τῆς
1439 1201 1777 1269 παρουσίας
1807 1198 1994 1253 αὑτοῦ

476 1273 1011 1344 καθαιρεθήσεσθαι
1037 1270 1156 1324 τῶν
1177 1270 1369 1328 ἐθνῶν
1398 1270 1853 1340 δεισιδαιμονία.

482 1406 504 1440 ι
550 1382 686 1441 Ἰδοῦ
723 1384 929 1459 Κύριος
967 1383 1205 1455 κάθηται
1249 1384 1342 1436 ἐπὶ
1375 1382 1605 1453 νεφέλης
1643 1381 1873 1453 κούφης,
1902 1380 1997 1434 καὶ

402 1474 523 1548 ἥξει
551 1477 632 1539 εἰς
662 1474 938 1544 Αἴγυπτον
960 1490 972 1503 ·
1008 1474 1104 1527 καὶ
1140 1473 1483 1545 σεισθήσεται
1525 1471 1596 1525 τὰ
1638 1471 1997 1544 χειροποίητα

403 1567 680 1639 Αἰγύπτου
706 1566 816 1622 ἀπὸ
848 1564 1140 1639 προσώπου
1173 1564 1360 1630 αὐτοῦ,
1390 1564 1485 1618 καί¹
1519 1566 1552 1636 ἡ
1586 1563 1782 1636 καρδία
1817 1561 1996 1616 αὐτῶν

403 1659 770 1732 ήττηθήσεται
793 1661 852 1712 ὲν
886 1659 1089 1722 αὐτοῖς.
1123 1677 1142 1710 ι
1174 1657 1249 1711 Τὸ
1271 1657 1316 1711 δ’
1353 1656 1526 1711 αἴτιον
1552 1655 1647 1710 τοῦ
1675 1655 1767 1711 τὸν
1788 1655 1995 1725 Κύριον

402 1752 554 1825 ἥξειν
584 1754 664 1816 εἰς
686 1751 956 1821 Αἴγυπτον
991 1750 1362 1816 θετπίζεσθαι,
1387 1750 1507 1804 τόδε
1549 1751 1639 1821 μοὶ
1665 1745 1805 1804 εἶναι
1828 1747 1990 1802 δοκεῖ.

403 1845 619 1917 Πρῶτοι
646 1846 745 1917 μὲν
779 1845 997 1899 πάντων
1023 1842 1310 1913 Αἰγύπτιοι
1340 1843 1440 1915 τῆς
1466 1842 1730 1897 πολυθέου
1756 1844 1852 1898 καὶ
1882 1842 1997 1897 δαι-

406 1938 634 2010 μονικῆς
675 1936 884 2007 πλάνης
935 1934 1283 2007 ἀπάρξασθαι
1321 1934 1593 2004 λέγονται,
1617 1936 1712 1989 καὶ
1742 1938 1856 2000 τοῖς
1883 1934 1994 1989 λοι-

403 2030 528 2092 ποῖς
562 2029 728 2082 πᾶσιν
766 2025 1075 2099 ἀνθρώποις
1104 2026 1268 2080 αἴτιοι
1307 2028 1638 2099 καταστῆναι
1669 2027 1997 2100 δεισιδαιμο-

403 2119 544 2184 νίας,
575 2118 714 2173 ἀλλὰ
745 2119 842 2173 καὶ
884 2117 1103 2172 πάντων
1148 2117 1349 2189 μᾶλλον
1381 2118 1511 2190 περὶ
1549 2118 1647 2183 τὰς
1679 2118 1997 2190 δαιμονικὰς

403 2210 688 2282 ἐνεργείας
745 2227 808 2264 τε
859 2210 954 2264 καὶ
1000 2210 1352 2281 περιεργείας
1420 2210 1791 2281 ὴσχολῆσθαι·
1850 2207 1995 2266 οὗτοι

398 2302 462 2357 δὲ
516 2303 615 2357 καὶ
672 2301 781 2356 ὑπὸ
824 2301 928 2372 τῆς
979 2301 1165 2356 ἐνθέου
1224 2300 1451 2373 Γραφῆς
1491 2302 1676 2373 ἐχθροὶ
1723 2301 1819 2355 τοῦ
1865 2302 1995 2356 λαοῦ

399 2395 497 2448 τοῦ
564 2394 702 2448 Θεοῦ
754 2393 959 2449 ἄνωθεν
1028 2393 1123 2447 καὶ
1184 2393 1246 2459 ἐξ
1313 2392 1492 2465 ἀρχῆς
1556 2394 1833 2463 γεγονέναι
1892 2411 1992 2466 με-

404 2484 812 2557 μαρτύρηνται·
862 2484 959 2538 καὶ
1005 2484 1035 2539 ὅ
1072 2501 1137 2554 γε
1182 2484 1414 2549 παλαιὸς
1490 2484 1670 2539 αὐτῶν
1741 2485 1993 2556 βασιλεὺς

398 2574 680 2647 ὁμολογῶν
719 2573 795 2646 μὴ
832 2573 1030 2628 εἰδέναι
1073 2575 1167 2629 τὸν
1207 2574 1415 2646 Κύριον
1438 2574 1873 2647 ἀναγέγραπται,
1900 2576 1991 2629 ὅτε

398 2663 467 2738 δὴ
490 2664 762 2736 ἔφασκεν·
800 2684 820 2717 ι
859 2665 975 2721 Οὐκ
997 2661 1112 2718 οἶδα
1143 2663 1237 2720 τὸν
1268 2663 1497 2736 Κύριον,
1528 2663 1739 2719 καὶτὸν
1775 2664 1992 2737 Ἰσραὴλ

398 2757 503 2815 οὐκ
536 2757 898 2826 ἐξαποστελῶ.
921 2776 941 2809 t
961 2758 1034 2811 Τὸ
1060 2757 1125 2830 δὴ
1159 2753 1252 2812 οὖν
1283 2757 1428 2829 μέγα
1454 2755 1636 2830 θαῦμα
1674 2757 1774 2830 τῆς
1804 2757 1989 2815 ἐνθέου

397 2847 497 2906 τοῦ
541 2850 779 2923 Χριστοῦ
822 2849 1108 2921 δυνάμεως
1159 2849 1517 2920 παραστῆσαι
1579 2848 1905 2921 βουλόμενος
1959 2850 1989 2907 ὁ

396 2942 578 3014 λόγος,
615 2940 862 3008 θεσπίζει
888 2941 983 2996 τοῦ
1012 2941 1220 3015 Κυρίου
1243 2941 1344 3014 τὴν
1374 2944 1456 3006 εἰς
1479 2941 1753 3011 Αἴγυπτον
1785 2941 1986 3012 ἄφιξιν,

394 3037 485 3108 ἐφ’
520 3030 555 3112 ᾖ
591 3035 891 3108 μεταϐολὴν
936 3037 998 3090 οὐ
1057 3036 1158 3108 τὴν
1209 3034 1481 3106 τυχοῦσαν
1524 3034 1636 3089 τῶν
1682 3035 1989 3105 Αἰγυπτίων

399 3126 618 3183 ἔσεσθαι
648 3125 1000 3199 προφητεύει,
1034 3126 1209 3197 λέγων
1257 3125 1417 3198 ἑξῆς·
1460 3143 1479 3177 ι
1534 3124 1988 3195 Καὶ·γνώσονται

396 3220 452 3273 oi
477 3219 765 3289 Αἰγύπτιοι
801 3219 894 3274 τὸν
930 3219 1157 3293 Κύριον,
1188 3239 1208 3273 ι
1240 3220 1438 3292 οἰπρὶν
1477 3219 1554 3291 μὴ
1578 3220 1780 3284 εἰδότες
1800 3221 1985 3286 αὐτὸν,

404 3328 426 3362 ι
457 3310 554 3369 καὶ
569 3309 812 3375 εὔξονται
834 3309 915 3381 τῷ
934 3309 1124 3381 Κυρίῳ
1138 3307 1358 3379 εύχὰςρ
1386 3308 1479 3362 καὶ
1496 3306 1568 3362 τὰ
1579 3307 1787 3372 τούτοις
1811 3326 1989 3381 παρα-

398 3400 622 3472 πλήσια.
697 3401 977 3473 ’Δνωτέρω
1009 3401 1108 3472 μὲν
1140 3394 1232 3455 οὗν
1262 3402 1320 3454 ἓν
1368 3400 1447 3471 τῷ
1478 3399 1587 3471 πρὸ
1636 3401 1827 3455 τούτου
1890 3416 1985 3454 κε-

400 3491 614 3564 φαλαίῳ
672 3492 1005 3565 κληρονομία
1056 3491 1152 3546 τοῦ
1204 3491 1599 3563 θεσπιζομένου
1663 3491 1843 3563 Ἐδὼμ
1892 3492 1986 3546 καὶ

411 3581 582 3643 Ἠσαῦ
608 3584 845 3653 ἐλέγετο,
873 3583 982 3638 τῶν
1013 3583 1307 3657 ἀλλοτρίων
1351 3585 1569 3657 Ἰσραὴλ
1599 3584 1742 3639 οὓτω
1785 3602 1987 3656 σημαι-

2103 983 2185 1040 Ab
2239 982 2426 1040 Esaia.
2483 1009 2555 1021 —-
2613 976 3069 1046 Quemadmodum
3121 974 3380 1030 Dominus
3409 973 3684 1046 insistens

2174 1053 2311 1109 illud
2359 1051 2499 1124 quod
2549 1045 2847 1124 defuncta
2895 1047 3107 1119 Virgine
3154 1045 3442 1124 assumpsit
3473 1057 3682 1124 corpus,

2169 1113 2416 1180 venturtis
2466 1123 2522 1177 in
2580 1120 2873 1190 Egyptum
2928 1113 3010 1172 ρι’
3037 1113 3354 1190 secundum;
3385 1113 3542 1190 verbo
3561 1152 3576 1175 ,
3607 1122 3686 1190 _et

2168 1193 2454 1250 secundum
2470 1182 2783 1247 sententiam
2800 1191 3086 1259 praedictus
3101 1197 3197 1259 est,
3212 1185 3481 1259 omnisque
3497 1185 3552 1240 in
3570 1182 3686 1253 ejus

2170 1266 2396 1320 aduentu
2419 1261 2694 1318 evertenda
2714 1258 2947 1332 gentium
2967 1258 3288 1327 superstitio.

2175 1398 2193 1431 ι
2220 1379 2361 1434 Ecce
2399 1376 2662 1433 Dominus
2693 1375 2847 1430 sedet
2884 1389 3052 1444 super
3080 1373 3225 1428 nube
3259 1372 3386 1435 levi,
3425 1378 3480 1431 et
3505 1369 3685 1426 veniet

2096 1471 2154 1526 in
2173 1468 2468 1541 Egyptum
2492 1486 2505 1522 :
2528 1475 2584 1521 et
2613 1461 3109 1520 commovebuntur
3130 1458 3439 1515 manufacta
3461 1455 3683 1527 Egypti

2097 1577 2130 1617 a
2181 1561 2324 1618 facie
2373 1559 2516 1630 ejus,
2569 1565 2625 1613 et
2648 1571 2749 1612 cor
2776 1570 2970 1611 eorum
3008 1553 3260 1608 vincetur
3290 1552 3346 1606 in
3378 1551 3513 1621 ipsis
3545 1548 3615 1603 ⁸⁸.
3659 1567 3678 1600 ι

2096 1653 2277 1710 Causa
2316 1667 2485 1725 porro
2537 1663 2638 1706 cur
2666 1647 2931 1704 Dominus
2969 1646 3045 1700 ita
3098 1645 3152 1699 in
3183 1642 3479 1715 Egyptum
3513 1640 3685 1697 desti-

2096 1750 2260 1800 netur
2286 1750 2575 1805 venturus,
2623 1741 2741 1795 haec
2787 1737 2922 1793 mihi
2965 1751 3088 1792 esse
3128 1735 3363 1791 videtur.
3405 1733 3570 1789 Primi
3610 1734 3687 1788 si-

2097 1835 2315 1907 quidem
2343 1833 2588 1890 omnium
2604 1830 2845 1903 (Egyptii
2864 1827 3042 1884 errori
3070 1827 3285 1883 colendi
3317 1826 3519 1881 mullos
3548 1825 3685 1880 deos

2097 1943 2163 1984 ac
2188 1927 2468 1983 dmmonas
2497 1924 2717 1980 initium
2754 1921 2974 1978 dedisse
3019 1920 3299 1985 dicuntur,
3355 1925 3412 1975 et
3460 1918 3684 1989 reliquis

2098 2017 2371 2075 universis
2402 2015 2730 2071 mortalibus
2764 2012 3172 2086 superstitionis
3215 2021 3469 2068 auctores
3513 2011 3684 2067 exsti-

2097 2112 2254 2177 tisse,
2278 2109 2414 2183 quin
2448 2108 2616 2166 etiam
2654 2108 2902 2164 omnium
2932 2107 3165 2162 aliorum
3203 2105 3458 2168 maxime,
3483 2103 3682 2158 daemo-

2097 2204 2241 2259 nicis
2297 2200 2715 2273 operationibus
2768 2207 2820 2257 et
2882 2197 3299 2255 euriositatibus
3350 2195 3677 2251 studuisse:

2097 2293 2260 2354 iidem
2298 2302 2563 2364 praeterea
2598 2292 2667 2348 ab
2723 2293 2843 2362 ipsa
2898 2290 3184 2363 Scriptura
3233 2288 3417 2343 divina
3493 2286 3682 2344 hostes

2098 2386 2285 2458 populi
2324 2385 2420 2442 Dei
2453 2383 2625 2440 fuisse
2651 2383 3025 2454 perhibentur.
3047 2380 3155 2438 Sed
3181 2379 3441 2451 antiquus
3460 2393 3680 2449 quoque

2096 2479 2342 2551 ipsorum
2376 2493 2473 2535 rex
2506 2476 2664 2533 fateri
2711 2492 2772 2532 se
2804 2491 2913 2531 non
2945 2490 3107 2531 nosse
3131 2472 3448 2540 Dominum,
3497 2472 3676 2543 palam

2096 2571 2408 2642 descriptus
2431 2577 2537 2636 est,
2558 2569 2687 2627 dum
2716 2569 2798 2626 sic
2829 2568 2907 2624 ait
2948 2587 2961 2623 :
2999 2586 3018 2620 ι
3065 2566 3184 2622 Non
3207 2569 3331 2624 novi
3359 2566 3673 2631 Dominum,

2095 2672 2152 2721 et
2198 2663 2367 2721 Israel
2413 2679 2523 2723 non
2570 2663 2817 2720 emittam
2861 2664 2928 2718 ³⁸.
2962 2681 2981 2714 ι
3017 2660 3159 2733 Ergo
3187 2660 3379 2731 ingens
3406 2659 3678 2730 quoddam

2096 2756 2295 2813 divinae
2330 2755 2539 2811 Christi
2579 2753 3179 2810 virtutismiraculum
3226 2751 3484 2807 exhibere
3522 2750 3681 2807 nobis

2094 2849 2288 2909 volens
2322 2845 2642 2919 prophetica
2669 2847 2868 2911 oratio,
2895 2843 3111 2900 Domini
3134 2844 3190 2900 in
3215 2842 3510 2915 Egyptum
3533 2842 3681 2897 canit

2095 2941 2414 3006 adventum,
2429 2938 2594 3012 422
2607 2937 2714 2994 sub
2739 2952 2905 3010 quem
2926 2951 3035 2992 non
3059 2934 3228 2991 levem
3259 2932 3496 2990 futuram
3510 2932 3681 3005 Egy-

2093 3034 2337 3105 ptiorum
2371 3033 2754 3096 mutationem,
2780 3029 2990 3085 divinat
3020 3028 3278 3099 deinceps
3311 3027 3392 3084 sic
3434 3026 3623 3084 dicens
3660 3044 3676 3081 :

2099 3145 2121 3181 ι
2159 3126 2225 3182 Εἰ
2252 3134 2590 3198 cognoscent
2613 3124 2858 3197 IEgyptii
2889 3122 3204 3187 Dominum,
3250 3139 3270 3175 ι
3303 3121 3397 3192 qui
3424 3119 3680 3175 videlicet

2094 3235 2204 3276 non
2251 3220 2656 3291 cognoscebant
2697 3217 2848 3271 illum
2880 3216 3057 3286 prius,
3099 3233 3117 3267 ι
3163 3221 3216 3270 et
3270 3213 3539 3269 vovebunt
3568 3210 3677 3267 Do-

2093 3312 2242 3367 mino
2272 3319 2399 3368 vota
2421 3311 2491 3377 ",
2525 3330 2544 3364 ι
2579 3319 2634 3366 et
2671 3326 2795 3381 quae
2837 3309 2925 3365 his
2956 3308 3158 3365 similia
3205 3313 3531 3377 sequuntur.
3569 3302 3677 3359 Su-

2094 3403 2295 3474 periori
2325 3403 2545 3475 quidem
2590 3402 2843 3473 proximo
2870 3401 3049 3472 capite
3080 3397 3368 3456 haereditas
3396 3398 3548 3469 ejus,
3580 3398 3676 3468 qui

2094 3504 2357 3552 venturus
2386 3495 2625 3558 canitur,
2658 3493 2829 3549 Edom
2855 3500 2909 3548 et
2938 3491 3084 3546 Esau
3111 3490 3418 3554 dicebatur,
3471 3489 3676 3561 quippe

2090 3601 2216 3642 cum
2244 3586 2405 3640 alieni
2445 3589 2513 3643 ab
2545 3584 2713 3640 Israel
2743 3599 2809 3638 eo
2857 3583 3019 3640 modo
3061 3583 3502 3653 signiﬁcarentur
3534 3598 3549 3636 :
3583 3580 3675 3634 hic

398 3672 642 3745 νομένων
662 3690 677 3705 ’
709 3671 945 3728 ἐνταῦθα
980 3673 1038 3729 δὲ
1066 3675 1100 3746 ἡ
1136 3673 1428 3742 Αἴγυπτος,
1459 3673 1588 3738 λαὸς
1613 3675 1715 3727 οὐκ
1742 3673 1846 3739 ἔτι,
1875 3673 1985 3730 τῶν

2094 3694 2221 3735 vero
2265 3686 2321 3734 et
2373 3676 2642 3750 Egyptus
2669 3684 2725 3732 et
2774 3675 2994 3748 [Egypti
3022 3676 3278 3746 populus,
3303 3691 3415 3731 non
3448 3675 3677 3729 simula—

397 3764 653 3829 εἰδώλων,
679 3763 793 3819 ἀλλ’
819 3763 986 3819 αὐτοῦ
1012 3764 1107 3818 τοῦ
1137 3764 1288 3837 παρὰ
1313 3767 1426 3829 τοῖς
1470 3761 1741 3819 Ἰουδαίων
1773 3767 1986 3837 προφή-

395 3873 519 3921 ταις
575 3855 994 3929 θεολογουμένου
1051 3858 1258 3929 Κυρίου
1310 3856 1651 3922 θεσπίζεται.
1713 3858 1890 3930 ’Ἂπερ
1934 3860 1984 3912 εἰ

400 3949 500 4021 μὲν
555 3950 629 4020 μὴ
674 3949 795 4021 ὄψει
844 3948 1246 4020 συντελούμενα
1269 3948 1576 4021 θεωρεῖται,
1604 3950 1704 4003 οὐκ
1734 3948 1880 4004 ἔστιν
1909 3951 1986 4004 εἰ·

397 4043 520 4096 πεῖν
567 4040 666 4114 τὴν
715 4040 1110 4113 θεσπιζομένην
1161 4041 1344 4110 ἄφιξιν
1379 4041 1475 4095 τοῦ
1524 4040 1729 4115 Κυρίου
1768 4043 1848 4105 εἰς
1885 4042 1983 4113 τὴν

394 4132 671 4202 Αἴγυπτον
714 4133 994 4203 γεγονέναι
1013 4150 1029 4164 ο
1057 4134 1106 4186 εἰ
1145 4132 1203 4186 δὲ
1229 4133 1369 4205 ὑπὲρ
1398 4133 1575 4187 πάντα
1611 4133 1767 4202 λόγον
1793 4136 1825 4205 ή
1851 4133 1983 4205 ἀλή-

395 4226 517 4280 θεια
536 4227 804 4297 μαρτυρεῖ
826 4227 938 4290 τοῖς
962 4225 1272 4297 πράγμασι,
1301 4226 1395 4279 καὶ
1420 4229 1533 4290 τοῖς
1566 4225 1984 4298 ἀγνωμονεστά-

393 4336 507 4382 τοις
532 4316 781 4391 ἐναργῶς
810 4317 1081 4372 δείκνυσιν
1124 4319 1323 4382 αὐτοὺς
1361 4319 1710 4389 Αἰγυπτίους,
1742 4319 1841 4390 τῆς
1883 4319 1982 4390 μὲν

396 4408 456 4476 ὲξ
487 4411 680 4474 αἰῶνος
725 4409 1207 4480 πατροπαραδότου
1248 4409 1670 4482 δεισιδαιμονίας
1703 4410 1982 4481 ἀνακεχω-

400 4502 652 4573 ρηκότας,
675 4500 1052 4566 οἰκειωθέντας
1076 4503 1134 4557 δὲ
1156 4502 1235 4574 τῷ
1258 4502 1377 4573 Θεῷ
1400 4502 1510 4557 τῶν
1535 4500 1710 4557 ταῦτα
1738 4518 1981 4575 προανα-

396 4590 758 4660 φωνησάντων
797 4591 1112 4664 προφητῶν,
1151 4593 1248 4647 καὶ
1277 4592 1464 4647 τοῦτον
1504 4592 1661 4664 μόνον
1705 4592 1977 4658 σέϐοντας,

394 4682 491 4737 καὶ
528 4681 707 4736 πάντα
758 4681 986 4738 θάνατον
1031 4683 1447 4756 ἀσπαζομένους
1472 4684 1613 4757 ὑπὲρ
1643 4683 1745 4755 τῆς
1773 4685 1855 4747 εἰς
1882 4683 1979 4738 αὐ·-

393 4773 485 4829 τδν
510 4775 818 4839 εὐσεϐείας·
850 4775 967 4847 ὥρα
1003 4776 1077 4849 μὴ
1104 4776 1279 4843 ἄλλως
1305 4777 1480 4833 ταῦτα
1510 4777 1794 4847 γεγονέναι
1848 4794 1974 4830 συν-

393 4863 674 4934 ομολογεῖν
699 4864 733 4936 ἢ
757 4863 851 4918 τοῦ
877 4866 1081 4939 Κυρίου
1108 4867 1430 4940 ἐληλυθότος
1450 4871 1531 4932 εἰς
1554 4867 1828 4938 Αἴγυπτον
1841 4869 1972 4923 ἀκο-

393 4953 599 5020 λούθως
629 4958 695 5029 τῇ
729 4958 1064 5032 προκειμένῃ
1097 4962 1419 5034 προρρήσει.
1453 4961 1609 5015 Ἔστι
1633 4961 1733 5033 μὲν
1763 4956 1856 5016 οὗν
1881 4962 1975 5017 καὶ

2089 3785 2309 3827 crorum
2347 3770 2582 3840 amplius
2636 3768 2856 3824 futurus
2910 3768 3147 3835 canitur,
3184 3768 3280 3823 sed
3307 3769 3426 3839 ejus
3450 3767 3673 3825 Domini

2087 3862 2183 3931 qui
2222 3859 2366 3930 apud
2399 3857 2715 3914 Iudaeorum
2744 3856 3041 3929 prophetas
3066 3872 3166 3929 pro
3193 3856 3304 3914 Deo
3332 3857 3667 3914 celebratur.

2088 3951 2219 4018 Quae
2243 3951 2289 4005 si
2311 3950 2487 4006 oculis
2517 3951 2784 4021 completa
2814 3965 2925 4007 non
2958 3957 3283 4018 cernuntur,
3318 3965 3386 4006 ne
3420 3949 3670 4007 dicamus

2087 4060 2220 4100 sane
2245 4042 2536 4099 adventum
2578 4043 2730 4098 illum
2767 4042 3004 4107 Domini,
3033 4043 3127 4114 qui
3172 4042 3229 4097 in
3262 4040 3556 4114 Egyptqu
3583 4041 3671 4098 fu-

2088 4147 2245 4195 turus
2301 4138 2639 4210 prazdicitur,
2701 4136 2873 4193 fuisse
2938 4136 3140 4193 adhuc.
3213 4133 3320 4190 Sed
3385 4135 3431 4191 si
3501 4150 3671 4206 supra

2086 4245 2304 4286 omnem
2353 4229 2644 4294 rationem,
2701 4228 2866 4284 rebus
2919 4226 3076 4282 ﬁdem
3112 4226 3232 4296 ipsa
3265 4226 3470 4281 veritas
3516 4224 3666 4289 facit.

2084 4328 2249 4391 atque
2277 4320 2442 4376 etiam
2482 4319 2795 4375 rudissimis
2833 4326 2887 4373 et
2936 4333 3103 4374 sensu
3148 4318 3297 4373 omni
3351 4318 3668 4374 carentibus

2083 4412 2365 4470 evidenter
2390 4412 2653 4477 ostendit,
2709 4411 2860 4481 ipsos
2894 4409 3183 4481 Egyptios
3211 4410 3280 4465 ab
3308 4425 3372 4466 ea
3397 4412 3667 4481 supersti-

2083 4506 2234 4561 tione
2272 4505 2591 4568 recessisse,
2627 4519 2792 4577 quam
2820 4519 2997 4574 usque
3034 4504 3103 4559 ab
3144 4503 3305 4559 initio
3348 4518 3380 4558 a
3414 4504 3667 4574 patribus

2085 4596 2202 4652 suis
2256 4603 2618 4667 acceperant,
2680 4596 2869 4668 illique
2925 4595 3037 4653 Deo
3098 4595 3416 4660 adhaesisse,
3474 4596 3566 4668 qui
3634 4613 3667 4653 a

2083 4686 2367 4758 prophetis
2397 4687 2513 4745 haec
2539 4686 2661 4758 ipsa
2689 4686 3063 4743 divinantibus
3091 4687 3465 4751 eolebatur,et
3496 4702 3667 4741 unum

2083 4778 2231 4834 hunc
2258 4779 2478 4837 interim
2507 4780 2708 4845 colere,
2735 4796 2912 4851 neque
2948 4780 3113 4835 ullam
3146 4787 3376 4836 mortem
3407 4793 3666 4835 recusare

2082 4887 2184 4944 pro
2215 4872 2366 4928 cultu
2418 4880 2474 4929 et
2511 4876 2714 4944 pietate
2768 4889 2899 4946 erga
2928 4873 3121 4929 illum:
3168 4872 3301 4944 quid
3352 4872 3503 4930 aliud
3549 4872 3663 4944 jam

2084 4973 2356 5035 superest,
2383 4965 2495 5021 nisi
2546 4973 2606 5022 ut
2658 4965 2931 5023 fateamur
2976 4982 3086 5023 non
3121 4967 3278 5023 aliter
3332 4966 3438 5023 ista
3485 4966 3665 5022 conti-

393 5044 568 5110 ἄλλως
590 5045 682 5101 τὸν
708 5047 866 5118 λόγον
893 5049 1224 5107 αἰνίττεσθαι
1255 5052 1535 5125 τροπικῶς
1560 5053 1653 5107 τὸν
1695 5052 1975 5126 περίγειον

2092 5056 2248 5127 gisse,
2284 5070 2448 5129 quam
2479 5072 2578 5128 per
2620 5056 2840 5115 Domini
2891 5058 2950 5113 in
3002 5054 3298 5128 Egyptum
3342 5048 3685 5121 adventum,”

392 5138 619 5210 κόσμον,
657 5142 738 5205 εἰς
779 5140 837 5195 ὃν
878 5142 907 5194 ὁ
950 5142 1109 5212 λόγος
1151 5144 1486 5217 προφητεύει
1513 5144 1608 5200 τὸν
1638 5144 1843 5217 Κύριον
1886 5146 1980 5199 ἐπὶ

2092 5146 2227 5203 sicut
2257 5147 2577 5207 vaticinium
2609 5149 2859 5221 proxime
2910 5150 3221 5221 expositum
3278 5145 3667 5219 signiﬁcabat?

394 5231 623 5303 νεφέλης
669 5233 877 5305 κούφης
922 5235 1095 5304 ἥξειν,
1140 5236 1287 5292 οὕτω
1332 5238 1422 5292 τὸν
1464 5239 1528 5291 ὲκ
1572 5236 1854 5310 Παρθένου
1885 5237 1980 5291 καὶ

2092 5237 2148 5293 Et
2170 5238 2307 5293 nihil
2324 5240 2544 5312 quidem
2567 5240 2796 5313 impedit
2815 5241 2976 5297 aliter
2995 5256 3214 5314 quoque
3241 5239 3384 5296 idem
3413 5240 3665 5311 accipere

386 5321 711 5397 Πνεύματος
747 5327 902 5395 ἁγίου
942 5327 1214 5401 ληφθέντα
1236 5329 1386 5401 αὐτῷ
1422 5330 1708 5402 ἄνθρωπον
1746 5328 1979 5384 αἰνιττό-

2092 5330 2383 5395 πιιευίυηι,
2402 5341 2461 5386 ιιι
2489 5331 2743 5388 videlicet
2772 5331 3000 5402 ﬁgurate
3025 5339 3303 5388 terrenum
3331 5329 3479 5384 hunc
3508 5344 3664 5385 mun-

396 5427 553 5484 μενος
573 5431 588 5449 ο
617 5418 969 5490 χειροποίητα
993 5419 1050 5473 δὲ
1075 5419 1351 5489 Αἰγύπτου
1374 5421 1753 5493 σεισθήσεσθαι
1774 5420 1844 5475 τὰ
1861 5421 1973 5476 τῶν

2092 5421 2207 5478 ium
2233 5422 2507 5495 signiﬁcet
2533 5442 2548 5480 :
2571 5423 2628 5478 in
2651 5439 2813 5495 quem
2836 5422 2999 5479 verba
3039 5423 3158 5495 ipsa
3178 5420 3471 5479 Dominum
3496 5436 3664 5493 super

388 5504 558 5562 ἐθνῶν
605 5505 790 5574 ξόανα,
820 5512 915 5565 καὶ
958 5511 1089 5576 τοὺς
1136 5513 1194 5566 ἐν
1233 5513 1419 5577 αὐτοῖς
1459 5513 1741 5585 δαίμονας,
1787 5515 1864 5580 ὡς
1901 5510 1971 5570 αὖ

2092 5515 2225 5571 nube
2243 5515 2346 5571 levi
2378 5525 2667 5571 venturum
2700 5515 3066 5570 vaticiuentur
3099 5532 3112 5570 :
3145 5514 3349 5587 quippe
3395 5528 3519 5585 quae
3555 5510 3660 5569 hoc

390 5598 553 5653 πάλιν
603 5602 937 5671 Αἰγυπτίους
988 5604 1337 5676 ἡττωμένους
1387 5604 1595 5672 πάντας
1641 5609 1768 5672 τοὺς
1806 5607 1974 5663 πάλαι

2092 5608 2244 5664 modo
2269 5608 2544 5665 hominem
2579 5609 2648 5663 ab
2678 5608 2773 5662 illo
2805 5608 2873 5663 de
2907 5606 3128 5681 Virgine
3156 5616 3212 5665 et
3243 5607 3449 5680 Spiritu
3467 5615 3661 5663 saneto

386 5689 652 5762 πρότερον
719 5695 850 5767 περὶ
910 5696 1011 5769 τὴν
1083 5697 1525 5772 εἰδωλολατρείαν
1579 5701 1970 5772 ἐπτοημένους-

2092 5709 2449 5775 assumptum,
2503 5700 2730 5774 intelligi
2794 5700 2982 5761 velint.
3044 5698 3208 5759 Manu
3275 5708 3457 5758 autem
3510 5699 3656 5755 facta

459 5843 503 5878 ”
540 5844 646 5905 ιω.
680 5865 770 5904 ιιι
794 5891 809 5918 ,
852 5851 902 5908 l.
964 5854 1027 5888 4'
1067 5853 1237 5913 Exod.
1273 5871 1299 5911 γ
1324 5898 1339 5924 ,
1370 5857 1421 5911 ‘2.
1500 5857 1544 5891 “
1585 5856 1720 5915 ibid.
1752 5857 1844 5914 21.
