4098 6432
450 386 559 447 659

1088 384 1360 444 EUSEBII
1392 379 1874 440 CAESARIENSIS
1912 380 2064 437 OPP.
2107 377 2308 435 PARS.
2348 376 2503 433 ll.—
2539 373 3042 432 APOLOGE’I‘ICA.

3611 371 3716 427 660

449 503 672 576 Egypti
705 507 1117 566 commovenda,
1171 505 1285 572 ipsa
1320 500 1561 572 gentium
1614 497 1909 553 simulacra
1932 535 1947 560 ,
1977 512 2011 551 e‘

2133 493 2280 565 Πλὴν
2311 492 2447 547 ἀλλὰ
2466 492 2560 546 καὶ
2592 490 2920 562 σωματικῶς
2939 492 3033 546 τοῦ
3067 492 3322 563 Σωτῆρος
3352 493 3509 564 ήμῶν
3541 495 3700 546 ἐπεισ

449 595 505 649 in
541 596 646 650 illis
675 595 982 650 habitantes
1004 594 1303 658 daemonas,
1339 593 1480 648 sicut
1508 606 1704 645 rursus
1739 588 2024 663 Egyptios

446 689 645 751 victos,
681 702 873 743 omnes
922 686 1200 757 prioribus
1229 685 1357 741 ohm
1393 684 1731 754 temporibus
1780 680 2026 735 colendis

448 776 759 832 simulacris
788 775 1056 832 addictos.
1096 776 1348 830 Attamen
1378 790 1500 830 cum
1553 774 1717 829 etiam
1754 773 1871 842 ipso
1901 785 2026 834 cor—

445 884 578 939 pore
611 866 862 922 Salvator
890 876 1078 924 noster
1124 872 1177 922 in
1235 876 1438 922 terram
1470 864 1783 936 [Egyptian]
1835 871 2024 919 vectus

445 961 536 1017 sit.
567 975 676 1029 quo
702 967 947 1031 tempore
972 960 1200 1014 oraculo
1236 959 1474 1014 monitus
1523 956 1725 1026 Joseph
1760 954 2021 1017 surrexit,

444 1051 781 1122 Mariamque
810 1068 916 1107 una
962 1069 1085 1108 cum
1138 1053 1367 1123 puerulo
1406 1050 1647 1120 accepit‘,
1683 1056 1737 1103 et
1766 1062 1888 1101 cum
1923 1060 2021 1100 oc-

442 1144 589 1199 culta
637 1161 737 1199 sua
763 1144 965 1200 virtute
992 1153 1155 1214 atque
1183 1141 1419 1199 eliicacia
1469 1143 1525 1196 in
1559 1140 1852 1210 Egyptnm
1900 1152 2025 1208 per-

439 1236 612 1299 venit,
664 1237 935 1306 malignas
986 1236 1063 1291 ibi
1120 1234 1275 1304 prius
1329 1233 1645 1287 habitantes
1702 1236 2021 1299 potestates,

439 1345 550 1384 non
572 1329 922 1385 mediocriter
946 1335 1250 1387 commotas
1268 1325 1437 1381 fuisse
1463 1339 1562 1394 par
1584 1329 1757 1385 est,et
1784 1322 2024 1375 maxime

439 1437 564 1476 cun
615 1430 804 1492 postea
861 1436 959 1490 per
1011 1420 1160 1475 illius
1220 1418 1526 1473 doctrinam
1588 1412 2019 1469 innumerabiles

2133 588 2483 659 κομισθέντος
2553 589 2616 657 τῇ
2668 586 2980 655 Αίγυπτίων
3038 584 3213 659 χώρᾳ,
3258 587 3369 648 ὅτε,
3417 587 3559 641 κατὰ
3623 586 3717 640 τὸν

2133 680 2397 751 χρησμὸν,
2439 678 2673 741 ἀναστὰς
2718 680 2746 731 ὁ
2797 677 2993 749 Ἰωσὴφ
3039 677 3313 749 παρέλαϐε
3342 677 3439 755 τὴν
3477 678 3716 751 ,Μαριὰμ

2131 775 2227 827 καὶ
2259 773 2320 825 τὸ
2360 771 2591 834 παιδίον,
2626 771 2718 824 καὶ
2763 765 2927 841 ἦλθεν
2976 772 3055 834 εἰς
3092 770 3387 840 Αἴγυπτον,
3417 772 3715 844 ἁποῤῥήτῳ

2128 866 2353 937 δυνάμει
2409 864 2504 918 καὶ
2553 863 2799 935 ἐνεργείᾳ
2842 861 2941 926 τὰς
2966 861 3154 916 αὐτόθι
3196 862 3258 915 τὸ
3298 862 3429 935 πρὶν
3459 862 3715 928 οἰκούσας

2129 957 2371 1027 πονηρὰς
2413 956 2673 1027 δυνάμεις
2705 956 2852 1019 εἰκὸς
2894 957 2956 1008 ού
2992 956 3205 1027 μικρῶς
3240 955 3583 1026 κεκινῆσθαι,
3617 956 3714 1009 καὶ

2127 1049 2362 1119 μάλιστα
2414 1048 2502 1101 ὅτε
2535 1048 2623 1101 διὰ
2650 1048 2748 1119 τῆς
2801 1047 3095 1118 μετέπειτα
3139 1046 3488 1108 διδασκαλίας
3544 1044 3712 1100 αὑτοῦ

2127 1139 2298 1211 μυρία,
2330 1139 2508 1210 πλήθη
2535 1140 2644 1192 τῶν
2694 1139 2790 1210 τήν
2828 1139 3102 1208 Αἴγυπτον
3131 1138 3442 1200 οἰκούντων,
3476 1138 3576 1208 τῆς
3602 1136 3712 1190 τῶν

2122 1231 2392 1304 δαιμόνων
2445 1232 2793 1301 ἀποφυγόντα
2843 1233 3185 1303 πλανήσεως,
3219 1232 3299 1285 ἐτι
3344 1233 3439 1291 καὶ
3482 1231 3577 1284 νῦν
3615 1231 3712 1284 τδν

2124 1321 2233 1374 τῶν
2256 1321 2393 1376 ὅλων
2434 1322 2686 1393 ὁμολογεῖ
2719 1322 2878 1394 μόνον
2923 1324 3119 1385 εἰδέναι
3145 1322 3298 1378 Θεόν.
3327 1322 3410 1376 Τὰ
3441 1322 3486 1377 δ’
3514 1324 3571 1375 ἐν
3597 1324 3713 1385 τοῖς

2126 1414 2254 1483 ἐξῆς
2301 1415 2682 1487 ἐπιλεγόμενα,
2736 1416 3109 1488 αἰνιγματώδη
3162 1418 3312 1479 ὄντα,
3355 1415 3599 1480 πλείονός
3645 1433 3708 1471 τε

438 1529 651 1577 eorum,
685 1513 778 1584 qui.
822 1512 1116 1583 [Egyptum
1152 1511 1399 1566 incolunt
1448 1515 1784 1569 conventus,
1833 1505 1901 1560 ab
1929 1519 2011 1559 er-

2123 1505 2353 1578 δεόμενα
2406 1511 2809 1582 πραγματείας,
2851 1511 2939 1564 ἐπ’
2962 1510 3170 1576 οἰκείας
3201 1509 3393 1583 σχολῆς
3439 1509 3708 1583 ἑρμηνεύ-

439 1620 566 1659 rore
598 1619 663 1660 ac
700 1604 893 1659 fraude
936 1604 1245 1659 daemonum
1286 1602 1643 1663 recedentes,
1677 1598 1843 1653 etiam
1872 1612 2019 1651 nunc
2127 1616 2327 1679 eopsv._

438 1711 609 1749 unum
641 1696 881 1751 universi
914 1694 1083 1750 Deum
1129 1710 1191 1751 se
1225 1708 1391 1750 nosse
1421 1688 1914 1763 fateantur.j523
1963 1687 2095 1755 Qua:
2134 1708 2263 1749 vero
2320 1694 2580 1768 deinceps
2626 1706 2950 1770 sequuntur,
2993 1713 3118 1754 cum
3161 1695 3579 1755 obscurioribus
3643 1689 3710 1745 ﬂ-

439 1787 592 1856 guris
631 1787 891 1857 implicita
914 1789 1045 1851 sint,
1086 1802 1340 1858 curaeque
1374 1801 1440 1849 ac
1484 1785 1779 1856 diligentiae
1838 1781 2067 1857 majoris
2106 1784 2409 1859 indigeant,
2468 1792 2608 1847 alias
2650 1808 2936 1857 seorsum,
2985 1807 3113 1848 cum
3151 1808 3249 1865 per
3283 1791 3453 1847 otium
3499 1787 3704 1860 licebit,

437 1879 940 1948 interpretabimur.

439 2016 480 2070 Λ
524 2015 797 2071 Numeris.
843 2048 912 2058 —
956 2016 1416 2091 Quemadmodum
1463 2017 1709 2074 Christus
1752 2018 1806 2071 in
1846 2013 2011 2091 4'39!!-

2137 2016 2277 2070 Ἀπὸ
2312 2016 2856 2091 τῶῃἈριθμῶντ-
2882 2020 2979 2087 Ὠς
3019 2023 3055 2075 ὁ
3100 2019 3355 2088 Χριστὸς
3397 2023 3487 2087 εἰς
3529 2021 3709 2091 Αιγυ-

504 2098 654 2161 ῃιειηι
684 2096 955 2152 venturus,
995 2098 1151 2160 atque
1194 2090 1344 2143 illinc
1383 2105 1688 2145 reversurus
1732 2087 2011 2159 prwdt'ctut

2192 2106 2347 2143 πῖον
2392 2088 2583 2157 ἥξειν,
2629 2087 2915 2145 ’κάκεῖθεν
2956 2087 3472 2147 ἐπανελεύσεσθαι
3502 2087 3703 2161 πρόει-

508 2157 690 2225 Iuert't.
1065 2157 1073 2160 ⁷
1734 2157 1741 2159 “
2183 2178 2352 2228 ρητο.

516 2288 536 2323 ι
568 2270 717 2326 Dixit
750 2271 969 2327 Balaam
1020 2273 1162 2329 lilius
1193 2272 1333 2329 Beor
1367 2292 1381 2327 :
1416 2273 1553 2328 dixit
1581 2273 1744 2330 homo
1775 2273 1869 2344 qui
1895 2287 2021 2328 vere

435 2363 606 2428 videt,
641 2363 778 2417 dixit
822 2364 916 2434 qui
948 2364 1101 2419 audit
1128 2366 1352 2421 oracula
1387 2365 1566 2430 fortis,
1613 2366 1708 2437 qui
1753 2364 2019 2421 visionem

437 2454 533 2509 Dei
599 2455 772 2523 vidit,
829 2457 884 2512 in
943 2472 1139 2514 somno
1204 2459 1379 2530 aperti
1430 2460 1574 2514 oculi
1638 2458 1794 2530 ejus,
1854 2472 2017 2529 quam

436 2548 678 2618 pulchrae
699 2549 896 2605 domus
928 2557 1034 2606 tuas
1056 2549 1227 2607 Jacob
1247 2592 1263 2616 ,
1296 2553 1646 2608 tabernacula
1689 2561 1783 2606 tua
1826 2549 2016 2616 Israel,

434 2646 496 2694 ut
526 2639 698 2695 saltus
722 2641 989 2706 umbrosi,
1015 2649 1071 2699 et
1097 2645 1258 2714 quasi
1289 2644 1482 2699 hortus
1511 2644 1670 2713 juxta
1692 2632 1939 2708 ﬂumina,
1964 2648 2020 2699 et

434 2733 594 2800 quasi
631 2732 981 2788 tabernacula
1011 2750 1134 2805 qute
1174 2735 1289 2789 ﬁxit
1320 2734 1605 2802 Dominus,
1631 2737 1790 2807 quasi
1818 2735 2018 2791 cedrus

428 2823 585 2893 juxta
620 2838 812 2895 aquas.
845 2824 1170 2897 Egredietur
1209 2828 1375 2885 homo
1424 2830 1492 2887 de
1540 2831 1749 2886 semine
1795 2830 2019 2902 ejus.et

432 2914 807 2972 dominabitur
856 2918 1111 2987 gentibus
1172 2921 1393 2988 multis,
1447 2929 1504 2977 ct
1548 2923 1847 2978 extolletur
1900 2921 2018 2994 Gog

432 3023 683 3079 regnum,
737 3016 793 3065 et
822 3012 1126 3081 'augebitur
1171 3028 1397 3085 regnum
1447 3014 1589 3084 ejus.
1661 3015 1805 3074 Deus
1858 3017 2017 3073 duxit

431 3100 588 3155 itlnm
638 3116 703 3157 ex
756 3100 1015 3173 Egypto.
1069 3106 1227 3174 quasi
1283 3106 1455 3176 gloria
1488 3109 1855 3165 rhinocerotis
1911 3111 2012 3167 illi.

441 3189 738 3246 Devorabit
763 3200 955 3263 gentes
980 3193 1328 3251 inimicorum
1364 3212 1613 3265 suorum,
1658 3207 1714 3255 et
1746 3201 2015 3256 crassitu-

2192 2295 2220 2325 α
2252 2277 2389 2347 Φησὶ
2435 2276 2666 2348 Βαλαὰμ
2714 2275 2828 2341 υἱὸς
2859 2274 3038 2347 Βεὼρ·
3086 2275 3249 2345 φησὶν
3291 2274 3327 2327 ὁ
3352 2273 3638 2347 ἄνθρωπος
3676 2275 3706 2328 6

2121 2366 2392 2438 ἀληθινῶς
2437 2367 2597 2439 ὁρῶν,
2636 2368 2800 2438 φησιν
2839 2367 3052 2425 ἀκούων
3094 2366 3249 2435 λόγια
3286 2364 3531 2436 ἰσχυροῦ,
3556 2365 3706 2429 ὅστις

2119 2460 2310 2532 ὅρασιν
2365 2460 2501 2514 Θεοῦ
2550 2457 2724 2526 εἶδεν,
2770 2463 2826 2514 ἐν
2885 2460 3038 2526 ὕπνῳ
3085 2457 3603 2529 ἀποκεκαλυμμένοι
3652 2458 3704 2511 οἱ

2118 2552 2387 2623 ὀφθαλμοὶ
2438 2554 2625 2619 αὑτοῦ,
2665 2555 2742 2618 ὼς
2789 2553 2943 2608 καλοὶ
2971 2555 3021 2606 οἱ
3066 2548 3204 2607 οἶκοί
3235 2570 3351 2617 σου,
3392 2549 3610 2616 Ἰακὼϐ,
3645 2551 3703 2606 αἱ

2122 2645 2318 2717 σκηναί
2364 2663 2480 2711 σου,
2528 2646 2764 2720 Ἰσραὴλ,
2811 2646 2943 2700 ὡσεὶ
2991 2646 3159 2701 νάπαι
3216 2642 3561 2710 αιάζουσαι,
3608 2644 3704 2700 καὶ

2117 2740 2195 2804 ὡς
2242 2739 2570 2811 παράδεισος
2624 2741 2718 2794 ἐπὶ
2770 2738 3052 2811 ποταμῶν,
3082 2739 3175 2793 καὶ
3208 2738 3341 2792 ὡσεὶ
3391 2738 3608 2810 σκηναὶ,
3637 2736 3706 2803 ἃς

2117 2831 2287 2904 ἔπηξε
2322 2833 2543 2905 Κύριος,
2569 2834 2701 2887 ὡσεὶ
2723 2833 2904 2906 κέδροι
2937 2835 3066 2905 παρ’
3102 2832 3289 2887 ὕδατα.
3335 2831 3704 2898 Ἐξελεύσεται

2115 2924 2404 2996 ἄνθρωπος
2459 2926 2523 2979 ἐκ
2573 2924 2668 2978 τοῦ
2718 2926 3030 2996 σπέρματος
3060 2925 3251 2989 αὐτοῦ,
3288 2926 3383 2979 καὶ
3420 2924 3705 2998 κυριεύσει

2116 3018 2286 3072 ἐθνῶν
2319 3018 2554 3083 πολλῶν,
2586 3019 2681 3073 καὶ
2725 3019 3072 3091 ὑψωθήσεται
3102 3020 3136 3091 ἡ
3166 3017 3287 3089 Γὼγ
3321 3018 3587 3089 βασιλεία,
3606 3019 3706 3073 καὶ

2115 3111 2542 3184 αὐξηθήσεταιή
2580 3110 2824 3183 βασιλεία
2865 3111 3052 3166 αὐτοῦ.
3087 3112 3220 3175 Θεὸς
3271 3112 3554 3182 ὡδήγησεν
3603 3112 3701 3165 αύ-

2112 3204 2205 3259 τδν
2239 3204 2298 3269 ἐξ
2328 3205 2628 3273 Αἰγύπτου,
2658 3205 2734 3268 ὡς
2762 3204 2892 3270 δόξα
2928 3204 3300 3274 μονοκὲρωτος
3346 3202 3514 3275 αὐτῷ.
3547 3203 3697 3257 Ἔδε-

429 3283 590 3339 dines
619 3298 809 3339 eorum
835 3287 1163 3352 attenuabit,
1193 3295 1248 3343 et
1294 3289 1495 3357 jaculis
1542 3292 1659 3349 suis
1694 3292 1852 3350 feriet
1901 3296 2011 3350 ini-

2115 3315 2204 3351 ται
2238 3296 2362 3368 ἔθνη
2397 3295 2606 3368 ἐχθρῶν
2639 3295 2826 3359 αὑτοῦ,
2863 3296 2958 3349 καὶ
2994 3296 3061 3349 τὰ
3105 3296 3254 3367 πάχη
3303 3295 3484 3349 αὐτῶν
3526 3297 3689 3366 ἐκμυ-

429 3374 658 3429 micum.
685 3374 976 3434 Aceubans
1003 3379 1210 3450 quievit
1234 3387 1291 3435 ut
1317 3382 1421 3446 leo,
1446 3390 1499 3438 et
1527 3390 1587 3437 ut
1617 3386 1856 3451 catulus,
1889 3386 2011 3456 quis

2117 3387 2239 3452 λιεῖ,
2275 3388 2369 3441 καὶ
2415 3390 2535 3450 ταῖς
2585 3386 2786 3458 βολίσιν
2819 3386 2985 3442 αὑτοῦ
3044 3385 3431 3452 κατατοξεύσει
3480 3385 3693 3458 ἐχθρόν.

430 3464 693 3521 excitabit
744 3467 938 3524 illum?
977 3470 1067 3540 qui
1114 3470 1443 3528 benedicunt
1490 3474 1614 3540 tibi,
1667 3474 1803 3546 ipsis
1844 3476 2011 3534 bene-

2116 3477 2483 3543 Κατακλιθεὶς
2525 3478 2870 3533 ἀνεπαύσατο
2908 3478 2984 3544 ὡς
3008 3477 3165 3542 λέων,
3197 3481 3292 3533 καὶ
3319 3479 3395 3543 ὡς
3426 3478 3697 3550 σκύμνοςο

429 3555 636 3611 dictum
658 3567 764 3623 est,
789 3568 839 3615 et
869 3562 961 3632 qui
985 3563 1319 3620 maledicunt
1350 3567 1465 3635 tibi,
1498 3568 1634 3639 ipsis
1662 3570 2010 3626 maledictum

428 3655 516 3704 est
550 3651 619 3704 ".
641 3669 660 3702 ι
685 3650 951 3723 Superius
984 3671 1082 3727 per
1106 3672 1226 3712 eam
1251 3659 1594 3730 prophetiam
1622 3676 1743 3731 quas
1763 3662 2011 3732 proxime

427 3747 676 3816 exposita
728 3756 835 3810 est,
889 3748 1017 3803 dum
1068 3751 1374 3816 oraculum,
1407 3761 1700 3808 venturum
1747 3755 1804 3809 in
1839 3753 2013 3827 [Egyo

426 3846 582 3909 ptum
638 3837 928 3894 Dominum
977 3839 1239 3905 aﬂirmat,
1296 3841 1598 3899 Salvatoris
1653 3845 1829 3901 nostri
1878 3844 2008 3901 Jesn

427 3931 629 3987 Christi
681 3933 1063 4004 migrationem
1113 3949 1220 3989 una
1250 3951 1373 3991 cum
1419 3936 1737 4006 parentibus
1789 3938 1906 3993 suis
1955 3938 2009 3993 in

426 4020 725 4094 Egyptum
783 4024 857 4078 illi
897 4024 1003 4094 ipsi
1063 4026 1304 4082 futuram
1350 4028 1647 4086 indicabat.
1682 4028 1783 4084 Hic
1824 4039 2007 4087 autem

425 4113 663 4169 reditum
696 4114 764 4170 ab
787 4113 1044 4187 Egypto,
1068 4127 1128 4171 ut
1151 4117 1287 4172 ordo
1306 4120 1567 4188 postulat,
1596 4135 1706 4190 quo
1731 4120 1786 4174 in
1807 4129 2006 4174 terram

426 4203 595 4261 Israel
624 4220 734 4260 una
766 4221 893 4261 cum
956 4209 1277 4289 parentibus
1302 4224 1559 4267 reversus
1583 4220 1690 4274 est,
1724 4213 1873 4267 canit
1921 4212 2008 4269 his

424 4299 610 4354 verbis
636 4318 648 4353 :
691 4317 711 4349 ι
743 4298 887 4356 Deus
913 4300 1068 4356 duxit
1090 4302 1241 4357 illum
1268 4303 1338 4358 ab
1368 4302 1624 4377 Egypto.
1668 4324 1686 4358 ι
1720 4305 1885 4363 Solus
1911 4323 2009 4362 au-

422 4394 536 4442 tem
566 4388 774 4444 exstitit
815 4388 1067 4447 Salvator
1101 4400 1155 4449 et
1192 4392 1453 4451 Dominus
1486 4409 1672 4453 noster
1701 4396 1881 4462 Jesus,
1913 4399 2007 4470 qui

422 4477 681 4536 Christus
717 4489 804 4537 est
832 4481 948 4547 Dei,
986 4499 1165 4556 neque
1204 4486 1346 4543 alius
1398 4495 1659 4559 praeterea
1686 4491 2002 4562 quisquam,

420 4590 489 4632 ex
535 4577 743 4632 semine
776 4577 965 4645 israei,
1000 4589 1054 4635 et
1101 4578 1327 4637 Judaiea
1356 4592 1517 4654 gente
1551 4587 1864 4656 profectus,
1911 4590 2004 4660 qui

2113 3574 2199 3638 τίς
2232 3575 2416 3646 ἐγερεῖ
2460 3573 2658 3640 αύτόν;
2687 3575 2737 3627 οἱ
2764 3572 3111 3643 εὐλογοῦντες
3136 3590 3195 3626 σε
3229 3572 3568 3645 εὐλόγηνται,
3603 3572 3698 3628 καὶ

2113 3668 2164 3721 οἱ
2192 3664 2573 3738 καταρώμενοι
2601 3682 2661 3718 σε
2698 3667 3118 3738 κεκατήρανται.
3150 3683 3169 3717 ι
3190 3665 3472 3737 Ἀνωτέρω
3496 3663 3699 3733 ama;

2113 3760 2564 3834 προτεταγμένης
2614 3759 2951 3832 προφητείας
3007 3760 3186 3831 φήσας
3236 3759 3266 3811 ὁ
3311 3758 3558 3830 χρησμὸς
3605 3757 3698 3812 τὸν

2113 3854 2319 3927 Κύριον
2345 3854 2496 3925 ἥξειν
2528 3854 2610 3917 είς
2650 3853 2945 3921 Αἴγυπτον,
2976 3851 3167 3922 ἐδήλου
3197 3850 3294 3920 τὴν
3316 3850 3410 3905 τοῦ
3446 3850 3698 3921 Σωτῆρος

2113 3947 2271 4020 ήμῶν
2317 3946 2492 4018 Ἰησοῦ
2528 3946 2766 4019 Χριστοῦ
2798 3945 3139 4018 διακυμιδὴν,
3166 3944 3265 4015 τὴν
3304 3943 3421 4016 ἅμα
3465 3946 3576 4007 τοῖς
3609 3958 3698 4010 γο-

2112 4040 2297 4094 νεῦσιν
2343 4042 2424 4103 είς
2449 4039 2727 4107 Αἴγυπτον
2769 4038 2917 4111 αύτῷ
2946 4038 3349 4111 γενησομένην
3383 4039 3443 4089 ἐν
3486 4034 3696 4095 τούτοις

2110 4133 2169 4187 δέ
2200 4135 2299 4207 τήν
2333 4135 2589 4189 ἐπάνοδον
2622 4133 2750 4205 ἑξῆς
2793 4136 2888 4189 καὶ
2919 4132 3227 4195 ἀκολούθως
3264 4129 3362 4199 τὴν
3407 4129 3501 4185 ἀπ’
3526 4123 3694 4192 Αίγύ-

2112 4243 2269 4289 πτουν
2296 4227 2361 4299 ἣν
2390 4226 2506 4298 ἅμα
2547 4227 2660 4289 τοῖς
2698 4224 2947 4295 γονεῦσιν
2979 4226 3060 4286 εἰς
3084 4223 3182 4292 τὴν
3209 4221 3312 4289 γῆν
3340 4216 3435 4271 τοῦ
3476 4213 3692 4287 Ἰσραὴλ

2111 4321 2424 4392 ἐποιήσατο,
2455 4317 2700 4383 θεσπίζει
2733 4317 2938 4386 λέγων’
2981 4335 3001 4367 ι
3053 4315 3184 4376 Θεὸς
3220 4312 3501 4382 ὡδήγησεν
3529 4307 3693 4363 αὐτὸν

2111 4413 2170 4478 ἐξ
2212 4411 2509 4481 Αἰγύπτου.
2553 4429 2572 4462 ι
2610 4409 2788 4472 Μόνος
2836 4407 2893 4461 δὲ
2938 4401 3005 4476 ἦν
3063 4405 3091 4456 ὁ
3127 4400 3318 4473 Σωτὴρ
3360 4403 3455 4454 καὶ
3489 4400 3695 4472 Κύριος

2108 4506 2268 4577 ήμῶν
2308 4502 2518 4573 Ἰησοῦς
2555 4503 2584 4555 ὁ
2623 4500 2859 4573 Χριστὸς
2890 4496 2985 4551 τοῦ
3028 4495 3185 4559 Θεοῦ,
3215 4497 3307 4549 καὶ
3346 4494 3466 4548 οὐδὲ
3511 4493 3691 4557 ἄλλος,

2109 4602 2137 4652 ὁ
2165 4600 2229 4651 ἐκ
2257 4595 2351 4650 τοῦ
2382 4593 2696 4665 σπέρματος
2725 4588 2962 4662 Ἰσραὴλ,
2980 4588 3074 4641 καὶ
3088 4585 3180 4640 τοῦ
3220 4585 3486 4639 Ἰουδαίων
3507 4584 3696 4647 ἔθνους

421 4664 610 4721 multis
641 4666 957 4725 dominatus
1013 4671 1085 4725 sit
1120 4673 1404 4741 gentibus,
1437 4682 1496 4729 ut
1544 4676 1751 4747 absque
1784 4678 2003 4733 haesita-

2115 4687 2410 4764 προελθὼν,
2462 4685 2555 4740 καὶ
2588 4682 2800 4737 πολλῶν
2843 4678 3279 4754 κατακυριεύσας
3314 4678 3500 4739 ἐθνῶν,
3550 4676 3693 4731 ὥστε

419 4756 570 4812 tione
605 4756 763 4813 fateri
798 4775 1024 4816 necesse
1056 4763 1148 4831 sit,
1181 4779 1424 4835 przesens
1455 4766 1771 4825 vaticinium
1807 4771 1863 4825 in
1910 4772 2006 4827 illo

418 4849 626 4904 exitmn
687 4867 848 4907 suum
878 4852 1177 4921 invenisse,
1206 4865 1394 4929 utpote
1423 4860 1567 4929 quod
1615 4862 1794 4933 palam
1822 4879 2002 4919 enun-

417 4942 539 5007 tiet,
566 4942 634 4998 de
659 4941 890 5001 Judaiea
916 4958 1074 5018 gente
1104 4965 1456 5023 egressurum
1489 4955 1779 5023 quemdam
1819 4955 2001 5011 homi-

416 5052 542 5094 nem
577 5037 744 5111 424
776 5047 829 5097 et
872 5040 1280 5100 dominaturum
1314 5046 1569 5117 gentibus
1625 5048 1813 5106 multis
1849 5068 1862 5104 :
1907 5056 2002 5104 aut

416 5131 600 5201 quivis
649 5132 782 5187 mihi
813 5133 983 5204 dicat,
1037 5143 1221 5192 utrum
1270 5137 1562 5195 babeatex
1594 5140 1663 5198 iis
1704 5143 1796 5213 qui
1850 5144 1997 5216 apud

381 5222 677 5280 -Hebraeos
736 5241 977 5298 unquam
1044 5228 1287 5287 illustres
1350 5230 1556 5287 fuerint
1611 5235 1776 5292 alium
1835 5253 1997 5308 quem

413 5315 677 5385 proferat,
731 5318 824 5388 qui
876 5320 1174 5377 multarum
1224 5324 1468 5395 gentium
1517 5326 1856 5382 dominatum
1907 5343 2002 5384 ac-

414 5409 640 5475 ceperit.
674 5408 838 5482 Atqui
858 5428 1019 5470 nemo
1048 5431 1289 5486 unquam
1313 5417 1458 5473 istud
1480 5419 1701 5486 dixerit,
1742 5421 1999 5490 quoniam

412 5513 485 5554 ne
525 5501 730 5556 factum
771 5504 992 5574 quidem
1032 5515 1136 5563 est.
1173 5510 1243 5563 At
1293 5525 1423 5566 vero
1463 5513 1519 5567 in
1568 5512 1853 5568 Salvatore
1899 5530 1996 5571 no-

416 5600 556 5660 stro.
580 5596 796 5654 etiamsi
819 5616 922 5658 nos
949 5604 1084 5658 nihil
1114 5602 1389 5669 dicamus,
1441 5607 1557 5677 ipsa
1592 5614 1773 5661 tamen
1799 5607 2001 5664 nihilo-

414 5686 597 5745 minus
629 5693 828 5749 veritas
867 5694 1144 5762 clamabit,
1179 5706 1231 5753 et
1278 5699 1628 5757 vehementer
1676 5697 2000 5759 vociferatu-

479 5847 525 5884 "
561 5844 731 5910 Num.
804 5863 963 5917 sxw,
997 5851 1118 5909 5-9.

2102 4780 2489 4855 ἀναμφιλόγως
2512 4773 2890 4848 ὁμολογεῖσθαι
2922 4773 3097 4844 πέρας
3129 4772 3272 4843 ἔχειν
3305 4772 3390 4825 ἐπ’
3414 4768 3565 4838 αὐτῷ
3600 4770 3695 4823 καὶ

2101 4880 2198 4952 τὴν
2257 4870 2541 4945 παροῦσαν
2591 4868 2899 4941 πρόρρησιν
2967 4866 3263 4939 διαρρήδην
3318 4862 3694 4935 ὲκφωνοῦσαν,

2100 4970 2184 5024 ὅτι
2214 4967 2280 5039 δὴ
2315 4967 2381 5019 ἐκ
2406 4962 2501 5018 τοῦ
2518 4961 2783 5017 Ἰουδαίων
2802 4960 2990 5025 ἔθνους
3021 4956 3360 5024 ἐξελεύσεταί
3384 4974 3466 5021 τις
3487 4954 3696 5027 ἄνθρω-

2100 5079 2221 5126 πος,
2272 5059 2368 5112 καὶ
2409 5054 2687 5128 κυριεύσει
2723 5052 2894 5106 ἐθνῶν
2929 5052 3171 5106 πολλῶνι
3211 5052 3244 5123 ἢ
3274 5051 3480 5118 λεγέτω
3508 5051 3538 5104 ό
3564 5049 3693 5120 βου-

2105 5151 2351 5223 λόμενος,
2379 5151 2429 5202 εί
2481 5148 2594 5219 ἐχοι
2657 5145 2813 5202 ἄλλον
2864 5145 3129 5215 συστῆσαι
3163 5143 3274 5198 τῶν
3312 5140 3527 5196 πώποτε
3562 5141 3693 5213 παρ’

2119 5244 2389 5315 Ἑϐραίοις
2449 5240 2696 5307 ἐνδόξων,
2755 5239 2963 5294 πολλῶν
3016 5238 3185 5292 ἐθνῶν
3239 5235 3479 5308 ἄρξαντα
3498 5249 3512 5264 °
3578 5231 3693 5285 ἀλλ’

2105 5336 2206 5389 οὐκ
2253 5335 2320 5388 ἂν
2388 5331 2534 5386 εἴποι
2588 5348 2694 5394 τις,
2756 5330 2838 5384 ὅτι
2895 5329 3030 5402 μηδὲ
3075 5329 3318 5399 γέγονεν.
3367 5328 3490 5381 Ἐπὶ
3528 5327 3586 5381 δέ
3630 5344 3698 5397 γε

2108 5424 2201 5480 τοῦ
2235 5425 2488 5498 Σωτῆρος
2518 5423 2676 5495 ήμῶν
2702 5424 2768 5478 ἂν
2802 5425 2896 5478 καὶ
2940 5425 3101 5494 ἡμεῖς
3136 5422 3211 5494 μὴ
3259 5420 3526 5491 λέγωμεν,
3554 5420 3692 5492 αύτή

2107 5534 2173 5587 γε
2205 5521 2238 5591 ἡ
2266 5517 2493 5587 ἀλήθεια
2526 5517 2710 5589 βοήσει
2739 5517 2835 5572 καὶ
2881 5516 3022 5587 μέγα
3054 5515 3401 5588 κεκράξεται,
3435 5513 3697 5585 ἄντικρυς

2107 5608 2449 5680 παριστῶσα,
2482 5609 2629 5674 ὅπως
2678 5612 2712 5680 ή
2759 5608 2942 5674 ἔνθεος
2981 5607 3147 5663 αὑτοῦ
3195 5606 3447 5677 δύναμις,
3478 5604 3566 5660 διὰ
3596 5601 3694 5658 τοῦ

2107 5703 2503 5777 ἀναληφθέντος
2536 5703 2685 5777 αὐτῷ
2723 5706 2791 5760 ἐκ
2832 5703 3147 5775 σπέρματος
3190 5701 3404 5773 Ἰσραὴλ
3432 5700 3527 5755 τοῦ
3552 5697 3696 5754 κατὰ
