4098 6468
455 372 553 429 661

1338 364 1992 422 DEMONSTRATIONIS
2032 361 2489 420 ΕἾΔΝΕΕῌΟΑΞ
2559 359 2687 417 LIB.
2728 361 2819 416 IX.

3562 357 3666 413 663

441 483 617 552 σάρκα
649 479 931 554 ἀνθρώπου
955 481 1259 553 ἐκυρίευσε,
1287 493 1379 535 και
1411 481 1578 535 είσέτι
1605 480 1699 535 νῦν
1728 480 2001 551 κυριεύσει

2116 489 2213 544 tur,
2262 479 2577 549 planissime
2644 477 2925 537 indicans,
2982 472 3433 546 quemadmodum
3482 474 3664 528 dmua

437 577 606 631 ἐθνῶν
660 574 889 630 πολλῶν.
948 574 1115 638 Αὐτὸς
1162 575 1269 645 ἄρα
1316 566 1471 638 οὗτος
1527 575 1730 639 ἐκεῖνος
1781 571 1868 645 ἦν,
1911 576 2005 628 καὶ

437 668 544 722 οὐδ’
573 668 749 732 ἄλλος,
778 667 836 721 ὃν
864 670 896 739 ἡ
927 666 1227 738 προφητεία
1252 666 1643 740 προηγόρευσε,
1677 665 1797 722 καθ’
1826 667 1884 720 ὃν
1914 668 2007 721 καὶ

439 765 472 834 ἡ
496 761 617 831 Γὼγ
641 760 825 832 ὑψώθη
850 759 1110 831 βασιλεία,
1131 759 1230 829 τῆς
1253 759 1487 831 Χριστοῦ
1506 760 1779 831 δυνάμεως
1810 778 2005 816 συναυ-

440 852 652 922 εούσης.
706 851 905 906 Τοῦτον
951 851 995 905 δ’
1042 851 1276 906 ἐνταῦθὰ
1319 868 1481 921 φησιν
1529 852 1858 906 αἰνίττεσθαι
1886 853 2006 907 καθ’

452 945 730 1017 Ἐϐραίους
764 943 854 998 τὸν
887 944 1085 1015 τρόπον
1111 944 1209 1015 τὴν
1237 943 1347 997 τῶν
1389 944 1671 1014 Ῥωμαίων
1712 943 2005 1013 βασιλείαν,

436 1029 472 1110 ᾗ
516 1036 609 1088 καὶ
653 1035 1052 1106 συνήκμασενὴ
1085 1034 1321 1106 Χριστοῦ
1359 1034 1687 1089 διδασκαλία.
1721 1035 2007 1107 Μέμνηται

434 1124 491 1178 δὲ
517 1122 611 1177 τοῦ
643 1122 766 1193 Γὼγ
790 1124 883 1177 καὶ⁹
906 1126 935 1179 ό
963 1128 1245 1196 προφήτης
1273 1124 1549 1198 Ἰεζεκιῆλ,
1576 1125 1813 1197 ἄρχοντα
1850 1124 2006 1189 Ῥὼς,

434 1213 620 1286 Μοτὸχ
666 1214 759 1267 καὶ
799 1213 968 1267 Θοϐὲλ
1012 1213 1324 1285 ὀνομάζων·
1368 1213 1455 1267 διὰ
1496 1214 1597 1284 μὲν
1633 1212 1877 1278 τοῦῬὼς
1909 1212 2009 1284 τὴν

447 1304 754 1376 Ῥωμαίων,
784 1304 861 1370 ὼς
912 1304 1078 1371 ἔοικε,
1119 1303 1273 1357 πόλιν
1318 1304 1711 1375 αἰνιττόμενος,
1744 1305 1866 1357 ἐπεὶ
1915 1305 2010 1358 καὶ

435 1396 577 1469 ἀρχὴ
628 1398 722 1451 καὶ
766 1397 975 1469 κεφαλὴ
1000 1397 1142 1452 κατὰ
1170 1396 1268 1468 τὴν
1310 1396 1574 1467 Ἐϐραίων
1603 1395 1782 1468 φωνὴν
1805 1394 1893 1449 διὰ
1915 1394 2009 1448 τοῦ

445 1486 581 1552 Ῥὼς
609 1487 888 1559 δηλοῦται⁸
920 1488 1008 1542 διὰ
1040 1487 1096 1541 δὲ
1125 1486 1217 1541 τοῦ
1249 1486 1432 1557 Μοσὸχ
1455 1488 1553 1557 τὴν
1575 1487 1809 1551 Μυσίαν,
1831 1487 1924 1540 καὶ
1943 1484 2012 1538 τὰ

435 1577 594 1651 πέριξ
640 1579 843 1649 ταύτης
881 1578 1029 1650 ἔθνη,
1057 1579 1157 1632 ὅσα
1185 1576 1279 1632 νῦν
1316 1580 1491 1631 οίκεῖα
1533 1578 1817 1649 Ῥωμαίων
1862 1577 2006 1630 ἐστί·

432 1671 522 1726 διὰ
572 1670 628 1725 δὲ
661 1670 755 1724 τοῦ
796 1670 964 1724 Θοϐὲλ
1006 1671 1104 1742 τὴν
1162 1670 1420 1743 Ἰϐηρίαν,
1448 1668 1589 1723 οὕτω
1624 1688 1740 1734 πως
1774 1669 1883 1723 ἀπὸ
1921 1668 2011 1722 τοῦ

434 1762 604 1816 Θοϐὲλ
635 1762 916 1831 γεγονέναι
967 1763 1191 1832 φάσκων
1236 1761 1535 1833 Θοϐεήλους
1582 1762 1708 1824 τοὺς
1758 1760 2007 1832 Ἴϐηραςο

431 1849 509 1910 ὧν
560 1857 815 1910 ἁπάντων
857 1855 1092 1926 ἄρχοντα
1127 1853 1218 1906 τὸν
1268 1853 1393 1922 Γὼγ.
1422 1852 1801 1923 ὑψωθήσεσθαί
1846 1868 2011 1924 φησιν
2043 1841 2084 1899 Β

432 1945 526 2000 ἐπὶ
553 1945 652 2015 τῆς
679 1944 772 1997 τοῦ
804 1945 1279 2016 προφητειιομένου
1328 1944 1563 2015 Χριστοῦ
1608 1944 1928 2017 παρουσίας,
1950 1944 2008 1997 ὃν

429 2041 460 2096 ὁ
492 2039 623 2104 Θεδς
664 2037 943 2109 ὡδήγησεν
993 2036 1052 2104 ἐξ
1094 2037 1389 2106 Αἰγύπτου,
1418 2039 1507 2091 ὅτε
1555 2037 1697 2092 κατὰ
1732 2037 1821 2090 τὸν
1855 2038 2010 2092 Mar-

433 2130 603 2196 θαῖον,
632 2127 1076 2193 ἐπιϐουλεύοντος
1107 2129 1200 2183 τοῦ
1245 2130 1483 2201 Ἡρώδου
1518 2130 1668 2183 παιδὶ
1700 2129 1812 2183 ὄντι
1838 2128 2006 2201 αὐτῷ,

430 2221 824 2297 χρηματισθεὶς
853 2222 881 2274 ὁ
920 2220 1118 2293 Ἰωσὴφ
1152 2220 1425 2291 παρέλαϐε
1462 2221 1524 2274 τὸ
1549 2220 1758 2274 παιδίον
1802 2221 1895 2274 καὶ
1913 2220 2010 2293 τὴν

435 2314 647 2385 μητέρα
682 2311 868 2379 αὑτοῦ,
898 2313 993 2367 καὶ
1020 2310 1320 2382 ἐπανῆλθεν
1348 2312 1428 2374 είς
1461 2311 1565 2381 γῆν
1604 2311 1843 2384 Ἰσραήλ.
1873 2312 2010 2378 Δόξα

431 2406 491 2461 δὲ
544 2407 918 2477 μονοκέρωτος
964 2404 1112 2475 αὐτῷ
1140 2403 1218 2474 τῷ
1247 2402 1467 2474 Χριστῷ
1510 2406 1712 2477 παρῆν,
1742 2406 1829 2459 διὰ
1863 2408 1925 2460 τὸ
1951 2411 2010 2462 ὲν

432 2498 583 2570 αὐτῷ
630 2496 981 2567 εύδοκηκέναι
1023 2497 1347 2568 κατοικῆσαι
1382 2498 1488 2550 πᾶν
1522 2498 1583 2552 τὸ
1616 2498 1887 2572 πλήρωμα
1911 2500 2012 2571 τῆς

432 2589 705 2662 θεότητος,
746 2589 888 2643 κατὰ
914 2589 1006 2644 τὸν
1051 2589 1195 2661 ἱερὸν
1235 2589 1575 2645 ’Λπόστολον.
1600 2591 1801 2665 Διόπερ
1824 2593 1900 2658 ὡς
1928 2594 2015 2648 κέ-

436 2699 536 2755 ρας
576 2681 1013 2754 ἐπιγραφόμενος
1058 2681 1148 2737 τὺν
1177 2682 1286 2736 τῶν
1335 2683 1471 2736 ὅλων
1508 2683 1640 2737 Θεὸν
1668 2687 1760 2739 καὶ
1793 2685 2010 2758 Πατέρα

432 2772 618 2838 αὑτοῦ,
659 2772 965 2844 μονόκερως
992 2774 1086 2828 καὶ
1114 2775 1171 2826 ὲν
1202 2774 1414 2845 ἑτέραις
1434 2776 1673 2847 Γραφαῖς
1696 2776 2009 2851 ὠνομάσθη.

444 2866 502 2921 '0
530 2865 575 2919 δ’
604 2864 766 2929 αὐτὸς
792 2866 888 2920 τοῦ
914 2865 1049 2919 Θεοῦ
1075 2866 1246 2933 Λόγος
1272 2868 1385 2929 τοῖς
1414 2870 1624 2938 νοητοῖς
1657 2869 1749 2922 καὶ
1777 2868 2012 2938 λογικοῖς

431 2956 597 3012 αὑτοῦ
624 2957 801 3029 βέλεσι
819 2957 910 3011 τὸν
935 2957 1128 3029 ἐχθρὸν
1158 2958 1251 3010 καὶ
1271 2957 1645 3030 ἀντικείμενον
1674 2960 1823 3031 αὐτῷ
1843 2961 2014 3015 διάϐο-

432 3048 543 3115 λον,
562 3048 741 3113 πάσας
762 3065 822 3101 τε
852 3048 950 3112 τὰς
975 3049 1109 3118 ἀμφ’
1140 3048 1302 3102 αὑτὸν
1328 3049 1592 3119 ἀοράτους
1636 3052 1729 3106 καὶ
1771 3051 2012 3124 πονηρὰς

432 3142 707 3215 δυνάμεις,
743 3142 831 3197 διὰ
867 3142 1172 3214 κρείττονος
1201 3142 1294 3197 καὶ
1342 3143 1699 3215 ἁκαταμάχου
1731 3143 2012 3216 δυνάμεως

2107 573 2252 627 illius
2280 574 2453 627 virtus
2483 588 2579 642 per
2606 571 2779 633 illum,
2807 571 2898 641 qui
2922 571 2992 625 ab
3020 570 3136 640 ipso
3174 569 3240 624 de
3269 570 3474 625 semine
3501 568 3666 624 lsrael

2105 664 2317 719 ratione
2351 665 2595 733 corporis
2626 673 2939 733 assumptus
2962 672 3066 727 est,
3099 662 3369 715 hominem
3394 660 3669 715 dominata

2105 764 2208 817 est,
2232 763 2393 825 atque
2418 756 2581 809 etiam
2626 769 2774 809 nunc
2817 753 3130 808 dominatur
3168 752 3420 823 gentibus
3462 752 3668 807 multis.

2106 846 2207 900 Hic
2236 847 2400 916 igitur
2429 847 2517 900 ille
2548 849 2663 917 ipse
2685 856 2822 913 erat,
2851 862 2959 900 non
2983 847 3122 901 alius
3166 846 3457 916 quispiam,
3510 860 3671 915 quem

2107 939 2388 1009 prophetia
2439 939 2799 1007 prazdixerat,
2841 940 3000 1006 cujus
3053 947 3295 1009 tempore
3341 938 3504 994 etiam
3559 936 3673 1005 Gog

2109 1046 2333 1102 regnum
2367 1030 2419 1083 in
2453 1030 2685 1085 sublime
2742 1031 3034 1086 adauctum
3077 1041 3194 1089 est.
3230 1046 3353 1085 cum
3396 1045 3462 1084 eo
3512 1029 3673 1084 simul

2107 1120 2312 1175 Christi
2350 1120 2549 1175 virtute
2596 1134 2658 1174 ac
2707 1120 2948 1191 potentia
2997 1130 3301 1177 crescente.
3335 1120 3447 1175 Hoc
3495 1129 3673 1174 autem

2109 1212 2270 1267 modo
2289 1213 2440 1266 aiunt
2454 1209 2822 1266 Romanorum
2847 1227 3070 1281 regnum
3103 1214 3399 1275 secundum
3419 1212 3676 1269 Hebraeos

2110 1304 2431 1375 signiﬁcari,
2462 1319 2586 1359 cum
2632 1319 2742 1374 quo
2773 1304 2936 1359 simul
2963 1304 3167 1360 Christi
3216 1305 3465 1368 doctrina
3507 1306 3677 1361 robur

2110 1404 2272 1467 atque
2325 1398 2721 1453 incrementum
2765 1397 2997 1467 accepit.
3047 1396 3287 1453 Meminit
3340 1407 3518 1453 autem
3562 1398 3678 1471 Cog

2109 1496 2277 1549 etiam
2341 1491 2604 1563 prephcta
2660 1488 2946 1553 Ezechiel,
2995 1489 3124 1544 dum
3177 1491 3477 1562 principem
3544 1490 3677 1558 Ros,

2112 1584 2333 1639 Mosoch
2363 1590 2416 1637 ει
2443 1582 2650 1637 Thobcl
2677 1581 2952 1645 nominat,
3003 1581 3097 1636 ubi
3141 1598 3236 1652 per
3277 1582 3410 1638 illud
3457 1584 3677 1653 quidem

2110 1677 2243 1741 Ros,
2276 1675 2674 1740 Romanorum,
2706 1681 2764 1729 ut
2792 1689 2892 1744 par
2916 1680 3023 1738 est,
3059 1673 3333 1729 civitatem
3368 1675 3676 1744 signiﬁcat:

2113 1768 2557 1840 quandoquidem
2604 1766 2940 1837 principatus
2991 1776 3046 1822 et
3077 1774 3239 1837 caput
3265 1781 3329 1822 ea
3374 1782 3506 1821 voce
3535 1766 3680 1836 apud

2112 1861 2371 1916 Hebraeos
2402 1858 2743 1926 intelligitur;
2796 1872 2892 1926 per
2924 1855 3145 1911 Mosoch
3204 1865 3383 1911 autem
3428 1856 3678 1926 Mysiam,

2109 1953 2233 2009 etei
2266 1952 2526 2007 ﬁnitimas
2557 1957 2767 2020 gentes,
2792 1964 3132 2019 quaecunque
3160 1964 3306 2002 nunc
3350 1948 3452 2003 sub
3479 1946 3682 2007 Roma.-

2110 2062 2303 2102 norum
2346 2046 2574 2117 imperio
2616 2051 2766 2109 sunt,
2811 2056 2867 2101 et
2906 2058 3004 2114 per
3033 2041 3263 2104 Thobel,
3297 2042 3523 2099 lberiam
3585 2041 3682 2099 Jo-

2111 2140 2314 2210 sephus
2362 2138 2654 2208 intelligit,
2695 2137 2788 2207 qui
2838 2151 2869 2189 a
2922 2135 3128 2192 Thobel
3156 2134 3289 2189 dicit
3335 2135 3509 2190 factos
3557 2149 3682 2193 esse

2110 2229 2436 2294 Thobeelos,
2464 2228 2559 2301 qui
2618 2228 2801 2283 Iberos
2875 2225 3155 2290 dicuntur,
3192 2225 3395 2296 quibus
3424 2223 3681 2281 omnibus

2112 2322 2467 2393 imperantem
2512 2319 2628 2392 Gcg
2660 2319 2715 2374 in
2760 2318 2993 2373 sublime
3038 2317 3412 2388 adaugendum
3446 2318 3541 2379 ait,
3578 2317 3682 2372 sub

2110 2414 2230 2483 ejus
2258 2412 2462 2469 Christi
2492 2411 2561 2467 de
2587 2428 2696 2481 quo
2720 2410 2999 2481 propheta:
3038 2410 3338 2480 loquuntur
3367 2409 3679 2476 adventum,

2111 2520 2272 2574 quem
2304 2503 2447 2559 Deus
2482 2503 2638 2558 duxit
2658 2518 2723 2557 ex
2759 2499 3140 2573 Egypto,quo
3169 2507 3432 2570 tempore,
3459 2508 3517 2553 ut
3539 2500 3680 2571 apud

2112 2592 2421 2648 Matthmum
2452 2591 2810 2663 legitur,dum
2836 2591 2940 2663 ipsi
2974 2590 3155 2644 adhuc
3183 2605 3353 2660 puero
3393 2588 3685 2646 insidiatur

2112 2685 2374 2746 Herodes,
2398 2674 2616 2753 'Josepb
2649 2690 2874 2751 accepto
2907 2681 3166 2745 cracuio,
3194 2682 3405 2750 accepit
3456 2696 3684 2750 puerum

2112 2788 2165 2834 et
2212 2787 2436 2832 matrem
2469 2776 2609 2845 ejus,
2634 2782 2688 2830 et
2720 2790 2975 2830 reversus
3024 2782 3109 2829 est
3163 2774 3217 2827 in
3248 2781 3449 2827 terram
3496 2771 3683 2827 lsrael.

2113 2869 2499 2925 Rhinocerotis
2566 2883 2697 2923 vero
2768 2867 2944 2938 gloria
3010 2865 3112 2936 ipsi
3194 2865 3412 2921 Christo
3468 2864 3685 2929 adfuit,

2112 2970 2396 3035 prepterea
2443 2960 2588 3032 quod
2645 2959 2913 3030 placuerit
2964 2959 3020 3012 in
3058 2974 3124 3013 eo
3170 2958 3414 3012 habitare
3470 2972 3687 3012 onmem

2113 3055 2503 3128 plenitudinem
2549 3051 2876 3119 divinitatis,
2909 3058 2966 3105 ut
2997 3051 3074 3104 ait
3116 3058 3339 3105 sanctus
3370 3048 3687 3118 Apostolus.

2116 3147 2459 3217 Quapmpter
2495 3142 2626 3198 dum
2656 3142 2823 3198 veluti
2869 3156 3041 3197 cornu
3086 3141 3192 3196 sibi
3242 3138 3482 3197 universi
3518 3136 3687 3191 Deum

434 3234 865 3305 ἦλαυνεν,είσέτι
893 3251 953 3287 τε
987 3232 1082 3286 νῦν
1119 3232 1360 3306 κυριεύει
1398 3233 1568 3288 ἐθνῶν
1598 3235 1826 3301 πολλῶν,
1847 3228 1920 3289 ὧν
1942 3236 2010 3289 τὰ

2116 3238 2332 3293 Patrem
2366 3236 2613 3300 ascribit,
2639 3235 2803 3290 etiam
2832 3233 3112 3288 unicornis
3142 3232 3196 3286 in
3221 3231 3340 3285 aliis
3362 3228 3688 3300 quibusdam

436 3327 585 3396 πάχη
601 3327 692 3379 καὶ
707 3324 766 3378 τὸ
781 3326 1034 3397 φρόνημα
1044 3326 1142 3397 τῆς
1159 3324 1360 3397 σαρκὸς
1375 3324 1669 3391 λεπτύνων,
1685 3327 1776 3380 ἐπὶ
1788 3327 1886 3399 τὴν
1904 3345 2014 3384 στε-

436 3415 533 3484 νὴν
549 3415 668 3467 ὁδὸν
687 3415 787 3484 τεῆς
815 3414 1033 3468 αἰωνίου
1062 3415 1208 3485 ζωῆς
1231 3414 1566 3486 ἐπιτηδείους
1591 3415 2011 3481 κατασκευάζει.

450 3504 610 3559 Ἀλλὰ
638 3506 733 3559 καὶ
756 3507 1100 3571 κατακλιθεὶς
1129 3507 1287 3571 αὐτὸς
1315 3500 1469 3572 οὗτος
1499 3508 1527 3560 ό
1552 3507 1608 3575 ἐξ
1647 3509 1860 3582 Ἰσραὴλ
1890 3527 2017 3582 προ.

438 3596 607 3650 ελθὼν
656 3596 958 3669 ἄνθρωπος,
1009 3601 1038 3652 ό
1084 3599 1518 3668 κατακυριεύσας
1570 3600 1736 3654 ἐθνῶν
1783 3602 2014 3668 πολλῶν,

444 3709 463 3740 «ι
493 3689 854 3757 ἀνεπαύσατο,
926 3694 1110 3762 φησὶν,
1150 3693 1227 3757 ὡς
1288 3693 1446 3757 λέων,
1477 3715 1495 3745 ι
1523 3692 1665 3747 οὕτω
1717 3694 1891 3767 δηλῶν
1947 3695 2015 3766 ἣν

437 3780 721 3847 ἀνεδέξατο
751 3784 1080 3853 οἰκονομίαν,
1116 3784 1236 3838 καθ’
1264 3785 1331 3857 ἢν
1378 3785 1568 3856 ὥσπερ
1612 3803 1695 3849 τις
1743 3784 2015 3856 βασιλικὸς

437 3873 533 3925 καὶ
562 3872 861 3945 θαρραλέος
903 3873 1007 3946 θὴρ
1055 3876 1418 3941 ἀνεπαύσατο,
1460 3877 1684 3947 μηδενὸς
1718 3878 1882 3931 αύτοῦ
1914 3880 2014 3952 τὴν

439 3967 613 4038 ἀρχὴν
641 3969 735 4021 καὶ
764 3966 864 4039 τὴν
898 3966 1172 4036 βασιλείαν
1213 3969 1649 4040 μεταστήσασθαι
1675 3971 1972 4042 δυναμένου
1999 3989 2014 4004 ο

441 4059 642 4121 πάντες
674 4076 732 4112 τε
773 4060 824 4111 οἱ
858 4058 947 4112 τὸν
990 4059 1224 4131 Χριστὸν
1257 4059 1623 4128 εὐλογοῦντες,
1658 4062 1800 4135 λόγῳ
1831 4081 1890 4116 τε
1924 4064 2018 4118 καὶ

442 4149 542 4222 βίῳ
569 4151 922 4222 σεμνύνοντες
954 4151 1052 4224 τὴν
1083 4152 1281 4224 ἀρετὴν
1326 4152 1419 4206 τοῦ
1456 4152 1796 4223 διδασκάλου,
1824 4157 1923 4227 τῆς
1953 4158 2018 4210 ἐκ

438 4242 575 4296 Θεοῦ
612 4241 996 4314 μετειλήφασιν
1024 4241 1294 4311 εὐλογίας,
1330 4241 1584 4308 αὔξοντες
1621 4246 1890 4319 ὁσημέραι
1922 4249 2017 4301 καὶ

440 4334 821 4406 πληθύνοντες,
857 4331 999 4386 κατὰ
1020 4332 1101 4398 τὸ,
1138 4352 1156 4384 ι
1180 4333 1504 4401 Αύξάνεσθε,
1532 4336 1626 4389 καὶ
1660 4336 2016 4408 πληθύνεσθε,

442 4425 536 4479 καὶ
589 4421 911 4495 πληρώσατε
965 4421 1061 4495 τὴν
1110 4424 1235 4494 γῆν,
1269 4443 1287 4475 ›
1322 4425 1682 4499 ἀληθέστερον
1729 4429 2016 4482 ὲπ⁶αύτῶν

2120 3329 2423 3400 Scripturis
2451 3335 2535 3384 est
2563 3326 2895 3382 nominatus.
2940 3324 3087 3379 Idem
3119 3338 3284 3394 porro
3324 3321 3419 3376 Dei
3456 3317 3689 3376 Verbum

2116 3421 2546 3493 intelligibilibus
2593 3418 3063 3488 rationalibusque
3122 3416 3238 3471 suis
3280 3416 3526 3486 sagittis.
3586 3413 3695 3466 iui-

2119 3514 2322 3568 micum
2371 3512 2585 3582 sibique
2631 3511 3009 3565 adversantem
3060 3507 3360 3571 diabolum,
3395 3521 3695 3574 onmcsque

2118 3604 2267 3660 circa
2313 3603 2466 3658 illum
2510 3611 2794 3657 versantes
2832 3600 3140 3655 invisrbiles
3182 3606 3237 3653 et
3286 3598 3553 3668 malignas
3597 3613 3695 3667 pc-

2119 3704 2367 3761 testates,
2398 3695 2767 3767 praestantiori
2818 3710 2917 3750 sua
2960 3702 3016 3749 et
3054 3691 3465 3763 inexpugnabili
3496 3692 3696 3745 virtute

2120 3790 2379 3856 conﬁxit,
2435 3799 2598 3860 atque
2656 3789 2818 3844 etiam
2873 3802 3024 3843 nunc
3081 3786 3334 3857 gentibus
3379 3785 3566 3845 multis
3596 3784 3696 3838 do-

2119 3879 2396 3945 minatur,
2451 3894 2685 3950 quarum
2735 3877 3131 3933 crassitudines
3186 3885 3241 3930 et
3310 3873 3510 3928 fastum
3571 3889 3695 3930 cor.

2121 3987 2300 4042 porcae
2375 3986 2570 4026 massa:
2646 3977 2950 4025 extenuans
3021 3967 3090 4022 ad
3140 3973 3459 4043 angustam
3532 3974 3692 4020 acter-

2120 4081 2204 4120 na:
2240 4066 2363 4120 vitae
2428 4065 2570 4119 viam
2632 4061 3043 4133 ingrediendam
3112 4060 3336 4116 idoneas
3392 4066 3692 4128 comparat.

2120 4156 2282 4231 425
2324 4156 2430 4211 Sed
2461 4156 2622 4210 etiam
2655 4154 2981 4211 recumbens
3025 4152 3168 4208 idem
3200 4152 3290 4207 hic
3326 4151 3488 4204 homo
3511 4165 3579 4204 ex
3618 4147 3696 4204 ls-

2120 4251 2234 4305 rael
2269 4248 2568 4321 profectus,
2604 4246 2696 4317 qui
2729 4246 2914 4300 multis
2947 4244 3262 4299 dominatus
3300 4249 3386 4297 est
3417 4240 3692 4312 gentibus.

2129 4360 2149 4392 ι
2185 4340 2409 4411 quievit,
2448 4339 2646 4409 inquit,
2681 4343 2741 4390 ut
2768 4336 2874 4400 leo,
2915 4355 2933 4388 ι
2971 4333 3172 4406 quibus
3196 4331 3377 4388 verbis
3410 4345 3573 4401 quam
3609 4330 3698 4385 ille

2126 4432 2425 4503 assumpsit
2474 4431 2979 4503 dispensationem,
3043 4430 3335 4500 significat,
3397 4424 3698 4484 secundum

442 4517 535 4569 καὶ
566 4517 1027 4593 θεοπρεπέστερον
1058 4524 1156 4595 τῆς
1181 4524 1331 4589 θείας
1392 4524 1786 4599 ἐπιτελουμένης
1817 4527 2014 4599 φωνῆς.

2127 4539 2290 4593 quam
2319 4522 2475 4593 quasi
2503 4523 2725 4593 quidam
2759 4523 3004 4593 regulus,
3028 4530 3082 4577 ct
3110 4521 3269 4593 quasi
3303 4520 3416 4575 fera
3451 4520 3698 4591 quaedam

453 4609 540 4674 Ὠς
565 4611 794 4682 ἔμπαλιν
819 4618 866 4669 οί
892 4616 1002 4671 ἀπὸ
1026 4617 1247 4689 πρώτης
1270 4620 1369 4691 τῆς
1398 4619 1518 4673 κατ’
1542 4619 1706 4673 αὐτοῦ
1728 4620 2017 4693 ἐπιϐουλῆς

441 4701 605 4755 εἰσέτι
632 4705 725 4757 καὶ
745 4705 840 4759 νῦν
865 4707 1024 4761 αὐτὸν
1051 4711 1108 4762 ὲν
1134 4714 1246 4774 τοῖς
1272 4710 1451 4764 αὐτῶν
1480 4712 1777 4785 συνεδρίοις
1801 4711 2020 4787 ἀρώμε-

441 4808 541 4854 νοι,
570 4794 668 4864 τὴν
694 4797 757 4850 ἐκ
794 4797 929 4851 Θεοῦ
954 4803 1196 4872 κατάραν
1228 4803 1285 4869 ἐξ
1318 4803 1524 4857 ἐκείνου
1549 4806 1643 4858 καὶ
1674 4806 1837 4859 εἰσέτι
1863 4805 2020 4878 δεῦρο

442 4883 562 4936 καθ’
589 4885 798 4940 ἑαυτῶν
847 4890 1247 4949 ἐπεσπάσαντο.
1280 4893 1372 4947 Διὺ
1415 4895 1509 4949 καὶ
1549 4896 1648 4966 τὴν
1695 4896 1927 4970 ἐσχάτην
1957 4898 2017 4951 οὐ

445 4974 605 5044 μόνον
640 4977 739 5047 τῆς
766 4977 1059 5048 βασιλείας,
1095 4983 1231 5038 ἀλλὰ
1253 4986 1346 5038 καὶ
1378 4984 1470 5039 τοῦ
1499 4986 1665 5040 πάλαι
1690 4988 2019 5058 σεμνοτάτου

442 5067 621 5123 αὐτῶν
647 5071 987 5143 άγιάσματος
1018 5077 1253 5148 ἐρημίαν
1285 5095 1345 5131 τε
1376 5079 1472 5132 καὶ
1501 5080 1705 5150 φθορὰν
1728 5081 1789 5134 οὐ
1820 5082 2022 5135 παύον-

440 5175 531 5212 ται
563 5162 858 5233 ὀφθαλμοῖς
884 5166 1333 5238 όρῶντες.”Αξιον
1353 5171 1410 5225 δὲ
1430 5171 1754 5243 παραθεῖναι
1783 5176 1892 5236 τοῖς
1925 5190 2023 5243 με·

438 5250 507 5304 τὰ
540 5256 726 5323 χεῖρας
768 5256 867 5326 τὴν
916 5259 1051 5329 πρὸς
1090 5260 1181 5316 τὸν
1220 5262 1418 5317 Ἰούδαν
1453 5263 1547 5317 τοῦ
1591 5262 1783 5317 Ἰακὼϐ
1817 5281 2026 5335 προφη-

438 5344 610 5410 τείαν,
642 5347 707 5418 ἣν
753 5348 845 5402 καὶ
891 5350 1059 5422 αὐτὴν
1104 5353 1471 5423 ἐναργέστατα
1510 5358 1590 5420 είς
1631 5356 1722 5411 τὸν
1753 5357 2019 5429 ἡμέτερον

440 5436 668 5509 Σωτῆρα
716 5440 1047 5513 ἐφαρμόζειν
1094 5448 1649 5519 προπαρεστὴσαμεν,
1687 5447 1914 5502 συνιδεῖν
1960 5467 2021 5503 τε

437 5528 538 5598 τὴν
568 5530 627 5586 ἐν
656 5532 936 5604 ἑκατέροις
979 5537 1316 5607 συμφωνίαν.
1335 5540 1422 5603 Ὠς
1456 5540 1566 5612 γὰρ
1593 5540 1829 5595 ἐνταῦθα
1870 5543 2021 5615 εἴρη-

440 5634 530 5677 ται
551 5637 565 5652 ο
605 5640 623 5674 ι
647 5622 1012 5692 Ἑξελεύσεται
1038 5627 1322 5704 ἄνθρωπος
1360 5630 1424 5684 ἐκ
1455 5630 1549 5685 τοῦ
1584 5632 1896 5705 σπέρματος
1925 5633 2022 5688 αύ-

515 5804 560 5841 ⁸¹¹
599 5802 734 5865 Gen.
769 5823 824 5875 ι,
853 5808 945 5869 28.

2125 4615 2390 4670 audacior
2417 4615 2785 4685 quievit,dum
2815 4616 2960 4670 illius
2982 4616 3342 4685 principatum
3377 4628 3442 4667 ac
3472 4628 3697 4683 regnum

2127 4724 2346 4763 movere
2371 4708 2493 4763 loco
2517 4724 2677 4763 nemo
2699 4717 2785 4763 est
2813 4708 2904 4779 qui
2937 4708 3133 4777 possit.
3167 4706 3373 4762 Omnes
3399 4712 3580 4760 autem
3604 4704 3696 4774 qui

2126 4803 2349 4858 Christo
2397 4801 2580 4856 favent
2633 4817 2698 4856 ac
2759 4801 3129 4863 benedicunt,
3177 4806 3231 4853 et
3283 4806 3398 4871 tmn
3453 4795 3702 4850 oratione

2127 4905 2240 4950 tum
2275 4896 2383 4948 vita
2420 4895 2606 4949 virtuti
2641 4894 2993 4964 prmceptoris
3031 4890 3237 4946 addunt
3264 4890 3469 4942 cultum
3515 4894 3568 4941 et
3614 4901 3698 4940 rc.

2124 4989 2443 5051 vereutiam,
2471 4986 2671 5040 favoris
2703 4983 3208 5051 benedictionisque
3239 4980 3437 5033 divinae
3454 4976 3698 5030 vicissim

2126 5078 2421 5148 participes
2473 5076 2621 5141 facti,
2684 5081 2986 5147 augescunt
3033 5070 3276 5143 quotidie
3325 5084 3387 5123 ac
3440 5067 3702 5135 multipli-

2127 5182 2345 5233 cantur,
2373 5177 2561 5238 utpote
2582 5185 2705 5223 cum
2745 5171 2801 5223 in
2836 5166 2971 5238 ipsis
2996 5164 3182 5220 divina
3207 5163 3297 5216 illa
3326 5175 3429 5213 vox
3460 5177 3474 5213 :
3513 5176 3532 5208 ι
3563 5157 3703 5212 Cre-

2129 5262 2263 5318 scite
2295 5271 2349 5317 ct
2377 5259 2813 5330 multiplicamini
2846 5265 2899 5313 et
2919 5257 3122 5327 replete
3141 5262 3340 5308 terram
3372 5251 3439 5312 ”‘,
3471 5268 3490 5302 ›
3522 5258 3574 5303 ει
3611 5263 3704 5305 ve-

2126 5355 2241 5411 rius
2271 5363 2324 5410 et
2344 5349 2456 5408 Ι)εο
2488 5351 2902 5408 convcnientius
2930 5348 3088 5403 ﬁnem
3113 5361 3273 5402 suum
3298 5348 3697 5414 consequatur:

2128 5447 2272 5501 sicut
2318 5445 2654 5511 econtrario,
2697 5445 2791 5513 qui
2824 5457 2854 5497 a
2882 5441 3059 5512 prima
3086 5440 3352 5495 adversus
3387 5438 3537 5492 illum
3562 5452 3699 5491 con-

2129 5540 2429 5610 spiratione
2455 5540 2621 5594 etiam
2654 5553 2801 5592 nunc
2830 5536 2910 5603 in
2939 5535 3055 5590 suis
3086 5535 3239 5590 illum
3272 5532 3518 5588 consiliis
3544 5545 3704 5587 exse-

2130 5638 2379 5700 crantur,
2414 5630 2509 5688 Dei
2541 5630 2596 5686 in
2656 5629 2867 5699 seipsos
2916 5627 3352 5684 exsecrationem
3396 5639 3467 5691 ex
3523 5622 3616 5689 illo
3643 5620 3702 5676 in
