4098 6500
417 411 524 466 663

1053 393 1318 451 EUSEBII
1358 387 1838 448 CESARIENSIS
1875 388 2020 445 OPP.
2068 387 2264 445 PARS.
2306 385 2370 442 11.
2397 387 2981 446 —APOLOGETICA.

3542 393 3645 451 664

421 529 564 583 hunc
607 538 781 596 usque
829 519 970 576 diem
1010 523 1414 571 contraxerunt.
1475 511 1817 581 Quapropter
1870 523 2011 570 non,

2081 508 2195 572 τοῦ,
2227 527 2247 561 ›
2281 507 2473 580 (δῆλον
2515 506 2561 560 δ’
2585 507 2666 560 ὅτι
2711 507 2804 563 τοῦ
2838 506 3071 577 Ἰακὼϐ,)
3108 507 3249 562 οὕτω
3288 508 3477 562 κάκεῖ·
3509 529 3527 562 ι
3550 510 3646 565 Ἐκ

419 617 574 689 regni
597 615 795 674 solum,
822 609 916 666 sed
940 606 1100 661 etiam
1134 603 1218 658 sui
1247 603 1416 665 illius,
1449 600 1590 670 quod
1610 600 1834 662 honore
1869 614 1981 653 om-

419 711 475 764 ni
496 724 560 763 ac
585 702 890 761 reverentia
918 698 1191 756 colebant.
1223 693 1541 758 sanctuarii,
1569 700 1867 747 extremam
1889 705 1980 746 so-

419 801 706 857 litudinem
739 803 900 864 atque
947 788 1227 844 interitum
1262 787 1316 840 in
1349 786 1524 838 oculis
1561 784 1780 847 habere,
1819 792 1980 852 atque

417 891 616 947 intueri
636 903 744 943 non
776 885 1055 940 desinunt.
1081 877 1200 933 Non
1228 877 1326 932 abs
1347 891 1406 931 re
1431 884 1608 930 autem
1643 874 1806 929 fuerit
1831 874 1980 929 hisce

415 998 537 1051 quae
564 993 712 1034 nunc
743 983 1060 1036 tractamus,
1093 969 1269 1040 ipsius
1315 965 1484 1020 Jacob
1510 964 1578 1019 ad
1620 962 1815 1020 Judam
1851 980 1979 1034 pro-

419 1070 655 1142 phetiam
691 1061 1008 1138 adlungere,
1037 1072 1202 1129 quam
1226 1056 1389 1111 etiam
1422 1054 1598 1124 ipsam
1627 1053 1979 1110 evidentissi-

417 1174 505 1213 me
541 1155 809 1210 Salvatori
832 1157 1020 1206 nostro
1041 1143 1440 1202 accommodari
1449 1144 1562 1212 jam
1579 1142 1978 1198 demonstravi-

414 1265 556 1313 mus,
608 1241 1071 1314 contemplarique
1121 1252 1263 1301 eam,
1297 1246 1417 1306 quae
1467 1234 1522 1289 in
1575 1234 1824 1304 utrisque
1871 1235 1975 1289 est,

412 1340 779 1396 concordiam.
811 1329 1276 1402 Quemadmodum
1308 1327 1452 1383 enim
1475 1325 1565 1380 hic
1610 1325 1814 1379 dictum
1847 1330 1931 1379 est
1959 1342 1973 1378 :

419 1451 437 1482 ‹
484 1429 805 1500 Egredietur
828 1426 993 1479 homo
1021 1422 1089 1477 de
1130 1420 1338 1476 semine
1359 1417 1477 1488 ejus
1504 1416 1700 1488 (ipsius
1731 1415 1978 1470 videlicet

413 1520 635 1592 Jac-ob),
659 1540 678 1572 ι
707 1520 782 1573 ita
807 1517 970 1572 etiam
1011 1513 1354 1581 illicjdictum
1385 1518 1468 1566 est
1506 1528 1520 1565 :
1551 1527 1571 1562 ι
1609 1508 1686 1563 De
1711 1508 1974 1580 germine,

414 1613 489 1668 fili
522 1612 621 1675 mi,
665 1605 960 1666 ascendisti
993 1605 1061 1672 ",
1099 1623 1119 1657 ι
1152 1603 1222 1658 ab
1251 1602 1372 1674 ipso
1401 1599 1590 1664 Jacob,
1641 1599 1710 1654 ad
1736 1614 1860 1655 eum
1909 1598 1980 1655 de

413 1718 522 1774 quo
558 1703 674 1773 ipse
701 1699 1046 1754 vaticinatur.
1085 1695 1260 1766 thue
1295 1695 1350 1748 in
1384 1693 1635 1764 praesenti
1678 1692 1880 1747 dicitur
1911 1692 1980 1745 il-

2079 600 2332 672 βλαστοῦ,
2383 600 2468 655 υἰέ
2521 619 2642 672 μου,
2687 599 2904 669 ἀνέϐης,
2937 618 2956 649 ι
2993 600 3176 671 εἴρητο
3221 599 3312 652 ὑπ’
3342 601 3502 655 αὐτοῦ
3550 603 3644 659 τοῦ

2092 691 2281 746 Ἰακὼϐ
2314 692 2450 765 πρὸς
2481 693 2570 744 τὸν
2612 690 3102 762 προφητευόμενον.
3147 692 3256 744 Kal
3299 691 3375 756 ὡς
3416 694 3508 748 ἐπὶ
3548 695 3643 748 τοῦ

2080 788 2346 859 παρόντος
2368 786 2579 855 λέγεται
2601 785 2682 849 τὸ,
2707 804 2724 836 ι
2747 786 2856 838 Καὶ
2874 784 3153 856 κυριεύσει
3181 785 3353 838 ἐθνῶν
3377 786 3638 849 πολλῶν.»

2076 879 2274 950 ὁμοίως
2303 877 2395 931 καὶ
2424 878 2481 930 ἐν
2506 875 2729 940 ἐκείνοις
2757 876 2837 941 τὸ,
2873 895 2891 928 ι
2919 877 3028 930 Kal
3055 876 3214 940 αὐτὸς
3244 875 3392 930 ἔσται
3425 879 3646 949 προσδο-

2077 972 2171 1024 κία
2215 969 2402 1025 ἐθνῶν.
2451 989 2470 1022 ›
2527 969 2638 1023 Καὶ
2686 968 2846 1022 πάλιν
2898 965 3126 1021 ἐνταῦθα
3175 968 3292 1040 μὲν,
3344 988 3364 1022 ι
3410 970 3642 1034 Ἐδεται,

2079 1063 2261 1132 φησὶν,
2308 1081 2325 1113 t
2352 1061 2478 1133 ἔθνη
2519 1060 2727 1132 ἐχθρῶν
2753 1059 2939 1126 αὑτοῦ,
2973 1060 3066 1114 καὶ
3097 1062 3216 1124 ταῖς
3253 1060 3452 1130 βολίσιν
3481 1061 3643 1114 αὑτοῦ

2077 1152 2458 1220 κατατοξεύσει
2486 1152 2704 1223 ἐχθρόν·
2734 1171 2753 1205 t
2773 1152 3042 1216 Ὡσαύτως
3068 1152 3124 1205 δὲ
3151 1153 3244 1205 καὶ
3291 1153 3348 1205 ἐν
3393 1153 3645 1216 ἐκείνοις,

2083 1264 2101 1296 ι
2135 1245 2200 1296 Αἰ
2227 1245 2406 1316 χεῖρές
2429 1261 2521 1298 σου
2545 1243 2638 1298 ἐπὶ
2662 1241 2831 1298 νώτου
2854 1241 2959 1296 τῶν
2989 1242 3198 1313 ἐχθρῶν
3230 1259 3344 1308 σου,
3365 1261 3382 1294 t
3409 1242 3644 1311 ἐλέγετο.

2076 1336 2188 1390 Καὶ
2236 1337 2317 1402 τὸ,
2353 1354 2372 1387 ι
2403 1335 2646 1406 Σκύμνος
2687 1335 2900 1406 λέοντος
2933 1333 3118 1398 Ἰούδα,
3147 1354 3167 1387 t
3199 1333 3291 1387 ml
3334 1333 3414 1397 τὸ,
3447 1353 3464 1384 ι
3490 1335 3646 1387 Ἀνα-

2077 1429 2256 1483 πεσὼν
2280 1428 2574 1500 ἐκοιμήθης
2596 1428 2670 1492 ὡς
2689 1429 2842 1492 λέων,
2859 1430 2952 1482 καὶ
2969 1429 3044 1492 ὡς
3073 1427 3308 1498 σκύμνος
3323 1443 3336 1456 ο
3356 1427 3438 1490 τίς
3469 1427 3652 1499 ἐγερεῖ

2076 1521 2272 1586 αύτόν;
2310 1540 2328 1573 t
2362 1522 2420 1572 ἐν
2449 1519 2677 1582 ἐκείνοις
2703 1519 3006 1591 εἰρημένον,
3037 1519 3187 1572 οὐδέν
3224 1536 3312 1588 μοι
3357 1518 3503 1571 δοκεῖ
3537 1518 3649 1571 δια-

2077 1613 2265 1684 φέρειν
2295 1611 2394 1683 τῆς
2431 1611 2566 1683 μετά
2595 1615 2783 1682 χεῖρας
2807 1611 3004 1676 λέξεως
3033 1610 3377 1680 φασκούσης“
3415 1629 3433 1660 ι
3463 1611 3648 1665 Κατα-

2078 1703 2280 1767 κλιθείς
2329 1703 2673 1756 ἀνεπαύσατο
2718 1702 2811 1777 ὡς
2840 1702 2996 1767 λέων,
3026 1703 3120 1756 καὶ
3160 1699 3235 1766 ὡς
3263 1702 3530 1774 σκύμνος·
3565 1703 3651 1766 τίς

411 1793 505 1848 iud
535 1810 550 1848 :
584 1810 604 1843 ι
638 1789 703 1842 Et
732 1788 1103 1848 dominabitur
1130 1784 1380 1856 gentibus
1404 1783 1611 1848 multis,
1639 1801 1658 1834 ι
1680 1783 1761 1838 sic
1786 1784 1841 1837 in
1865 1782 1974 1838 illis

2083 1795 2376 1865 ἀναστήσει
2423 1793 2616 1859 αὐτόν;
2655 1812 2674 1844 ›
2719 1793 2906 1850 Ταῦτα
2954 1795 3012 1849 δὲ
3059 1795 3284 1858 εἰκότως
3331 1797 3410 1858 εἰς
3459 1795 3649 1848 ταύτὸν

413 1900 633 1959 quoque
660 1883 792 1938 illud
827 1901 840 1938 :
870 1900 888 1933 ι
914 1881 981 1936 Ει
1007 1881 1122 1951 ipse
1136 1853 1593 1948 eritexspectatio
1612 1875 1854 1946 gentium
1872 1874 1973 1928 ³ο.»
2010 1904 2011 1910 η

2084 1853 2482 1958 συνηγάγομεν,
2513 1886 2582 1938 ἵν’
2604 1853 2802 1958 ’ῶσπερ
2830 1885 2922 1939 ἐπί
2944 1886 3208 1958 στόματος
3238 1853 3330 1940 δύο
3362 1853 3650 1956 μαρτύρων

412 1982 479 2036 Et
512 1992 708 2032 rursus
739 1974 831 2029 ltie
861 1972 1080 2043 quidem
1116 1989 1135 2033 ι
1167 1989 1185 2022 ι
1221 1969 1532 2032 Devorabit,
1556 1968 1753 2038 inquit,
1789 1975 1979 2038 gentes

2079 1979 2178 2049 τῆς
2222 1981 2280 2031 ἐν
2310 1981 2430 2042 ταῖς
2460 1976 2816 2048 προφητείαις
2859 1978 3232 2050 συμφωνίαςή
3265 1979 3392 2049 περὶ
3419 1977 3508 2030 τοῦ
3541 1977 3650 2031 Σω-

411 2071 757 2126 inimicorum
789 2080 1037 2128 suorum,
1073 2072 1128 2119 et
1177 2062 1376 2132 jaculis
1418 2059 1536 2116 suis
1584 2059 1744 2114 feriet
1794 2059 1971 2114 inimi-

2079 2068 2242 2140 τῆρος
2269 2070 2300 2139 ἡ
2310 2069 2422 2140 μῶν
2445 2069 2712 2135 ἀπόδειξις
2734 2068 3080 2141 βεϐαιοτέραν
3099 2069 3250 2124 λάϐοι
3268 2069 3366 2141 τὴν
3389 2069 3647 2140 κύρωσιν.

409 2177 564 2227 cum;
594 2179 611 2212 ι
654 2160 709 2213 in
740 2157 850 2213 illis
895 2165 1078 2211 autem
1112 2154 1277 2210 simili
1326 2151 1538 2207 ratione
1587 2149 1722 2204 illud
1767 2150 1973 2205 dictum

2079 2159 2264 2213 Πάντα
2287 2161 2332 2212 δ’
2355 2155 2448 2214 οῦν
2476 2160 2544 2214 τὰ
2567 2162 2645 2223 εἰς
2669 2162 2766 2233 τὴν
2792 2159 2888 2214 τοῦ
2922 2159 3111 2215 Ἰακὼϐ
3136 2161 3438 2233 πρόρρησιν
3463 2159 3652 2213 τεθεω-

407 2265 492 2310 est
525 2272 538 2308 :
575 2269 594 2304 ι
639 2250 832 2306 Manus
853 2257 960 2304 tuae
987 2249 1042 2303 in
1073 2255 1224 2317 tergo
1251 2245 1600 2299 inimicorum
1631 2251 1851 2297 tuorum
1873 2242 1972 2296 ἰ.»

2079 2251 2288 2326 ρημένα
2322 2252 2609 2323 ἁρμόσειεν
2650 2251 2717 2306 ἂν
2758 2253 2851 2306 καὶ
2897 2255 2979 2316 εἰς
3016 2251 3112 2323 τὴν
3156 2251 3249 2305 τοῦ
3301 2251 3527 2321 Βαλαὰμ
3553 2251 3649 2322 τῆς

408 2345 542 2401 item
571 2344 701 2399 illud
731 2362 743 2397 :
771 2361 790 2395 ι
829 2341 1056 2398 Catulus
1085 2339 1257 2394 leonis
1285 2335 1446 2402 Iuda,
1485 2353 1507 2388 ι
1527 2343 1582 2391 et
1610 2334 1743 2390 illud
1776 2354 1789 2390 :
1825 2354 1845 2385 ι
1871 2333 1978 2390 Re-

2079 2339 2392 2410 δμοιότητος
2434 2340 2540 2402 τῶν
2586 2341 2888 2412 λεγομένων
2925 2342 3105 2395 ἓνεκα.
3139 2342 3202 2394 Εἰ
3250 2341 3314 2412 δὴ
3352 2343 3536 2396 ἐκεῖνα
3565 2341 3650 2394 διὰ

405 2437 672 2490 cumhens
695 2431 1002 2489 dormivisti
1035 2436 1096 2485 ut
1122 2431 1226 2494 leo,
1278 2436 1333 2484 et
1367 2436 1427 2482 ut
1455 2427 1694 2493 catulus,
1725 2426 1850 2498 quis
1875 2442 1974 2482 ex-

2079 2430 2276 2502 πολλῆς
2297 2432 2622 2499 ἀποδείξεως
2647 2435 2739 2486 ἐπὶ
2770 2433 2861 2487 τὸν
2895 2435 3159 2506 ἡμέτερον
3186 2433 3411 2504 Σωτῆρα
3439 2432 3648 2505 πεπλη-

405 2527 599 2580 citabit
627 2526 780 2579 illum
809 2525 895 2578 "?
934 2543 954 2576 ι
1009 2521 1156 2594 quod
1184 2523 1240 2577 in
1287 2520 1396 2576 illis
1443 2519 1650 2574 dictum
1702 2527 1808 2586 est,
1839 2519 1978 2574 nihil

2079 2524 2299 2593 ρωμένα
2328 2525 2578 2597 συνέστη,
2613 2525 2903 2580 ἀκόλουθον
2948 2526 3014 2580 ἂν
3061 2528 3144 2597 εἴη
3183 2527 3276 2579 καὶ
3305 2525 3374 2580 τὰ
3408 2526 3650 2598 παρόντα

408 2617 542 2670 mihi
579 2614 800 2673 diﬁerre
851 2614 1064 2669 videtur
1095 2613 1164 2667 ab
1193 2627 1279 2677 eo,
1330 2609 1478 2682 quod
1505 2624 1652 2666 nunc
1679 2617 1979 2667 tractamus
2073 2613 2377 2684 ὁμολογεῖν.

404 2710 650 2774 oraculo,
683 2708 842 2779 cujus
866 2707 958 2762 illa
984 2715 1114 2763 sunt
1135 2705 1299 2760 verba
1331 2723 1344 2760 :
1382 2722 1401 2756 ι
1438 2702 1785 2760 Recumbens
1815 2705 2020 2776 quievit
2043 2707 2125 2762 'ut
2177 2708 2283 2773 leo,
2317 2717 2370 2764 et
2418 2717 2478 2764 ut
2519 2715 2754 2775 catulus,
2785 2713 2909 2784 quis
2963 2714 3222 2769 excitabit
3268 2713 3458 2768 illum?
3483 2732 3504 2764 ι
3526 2711 3653 2767 Ηιοα

407 2811 588 2858 autem
618 2817 729 2857 non
761 2802 859 2857 abs
879 2816 940 2857 re
967 2816 1135 2857 unum
1166 2801 1222 2854 in
1244 2800 1422 2854 locum
1445 2799 1745 2870 coegimus,
1789 2808 1849 2855 ut
1899 2803 2054 2872 quasi
2089 2803 2146 2858 in
2196 2820 2294 2861 ore
2342 2806 2574 2862 duorum
2626 2809 2870 2874 testium,
2917 2810 3038 2880 ejus
3088 2825 3208 2880 quae
3263 2810 3317 2865 in
3353 2806 3653 2880 pr0phet'ris

405 2901 686 2964 spectatur
745 2891 1074 2956 concordia,
1121 2891 1190 2948 de
1235 2889 1519 2946 Salvatore
1564 2899 1754 2950 nostro
1797 2893 2190 2952 demonstratio
2247 2897 2542 2956 firmiorem
2595 2902 2830 2972 accipiat
2863 2901 3265 2957 auctoritatem.
3311 2900 3417 2956 Sed
3468 2902 3650 2954 omnia

403 3001 742 3058 quacunque
762 2986 818 3040 in
833 2983 1152 3044 vaticinium
1186 2982 1356 3040 Jacob
1397 2985 1816 3057 contemplanda
1863 2990 2219 3060 contulimus,
2255 2991 2383 3048 huic
2413 2994 2542 3050 item
2590 2995 2734 3066 quod
2781 3011 2811 3050 a
2841 2995 3058 3050 Balaam
3093 2996 3297 3050 dictum
3333 3003 3437 3057 est,
3488 2992 3654 3066 426

407 3080 806 3139 accommodari
854 3087 1130 3152 poterunt,
1161 3088 1388 3152 propter
1435 3097 1625 3138 eorum
1679 3098 1800 3154 que
1830 3084 1980 3140 dicta
2010 3094 2138 3142 sunt
2193 3089 2631 3148 similitudinem.
2661 3092 2816 3160 Quod
2871 3094 2916 3149 si
2952 3095 3041 3147 illa
3076 3093 3132 3148 in
3166 3101 3356 3149 nostro
3405 3091 3651 3146 Salvato-

405 3189 466 3234 η
513 3175 782 3247 completa
830 3189 955 3232 esse
982 3173 1234 3245 ampliori
1282 3175 1754 3232 demonstratione
1804 3185 1921 3231 tum
1979 3181 2246 3247 constitit,
2301 3184 2552 3255 sequitur
2601 3185 2713 3256 jam
2760 3192 2822 3239 ut
2879 3188 3167 3256 praesentia
3223 3200 3440 3257 quoque
3487 3183 3652 3238 fatea-

405 3284 550 3324 mur.

404 3400 486 3456 Ab
508 3401 674 3480 ρεεε.
707 3430 778 3442 —-
822 3399 1050 3480 Ite_n3__de
1081 3403 1174 3456 illo
1219 3403 1357 3469 quod
1413 3401 1730 3480 dictumue“
1762 3419 1787 3480 ί
1817 3421 1835 3454 ι
1894 3403 2011 3464 Exi

2096 3408 2228 3480 Ἀπὸ
2248 3427 2365 3480 του
2405 3407 2597 3476 Ὠσηὲ.
2628 3410 2827 3461 -Ἕτι
2856 3408 2988 3478 περί
3014 3409 3140 3471 τοῦ,
3173 3428 3191 3460 ι
3225 3409 3324 3474 Ἐξ
3352 3411 3647 3480 Αἰγύπτου

478 3471 1127 3548 EgyptovocaviFilium
1163 3489 1352 3535 meum,
1387 3492 1406 3525 ι
1439 3486 1487 3528 et
1514 3473 1579 3527 de
1610 3472 1816 3529 Herode
1842 3491 1978 3548 rege,

476 3552 528 3597 et
556 3543 818 3600 eversione
845 3548 992 3613 regni
1013 3543 1340 3598 Judworam.

484 3765 505 3801 ι
533 3746 600 3802 Et
631 3756 886 3818 exsurget
924 3748 1159 3819 perditio
1189 3751 1246 3802 in
1295 3749 1497 3820 populo
1527 3755 1643 3813 tuo,
1685 3756 1740 3803 et
1786 3763 1976 3803 omnia

409 3841 623 3895 munita
647 3850 737 3895 tua
767 3841 1040 3911 peribunt,
1075 3853 1136 3893 ut
1164 3841 1420 3911 princeps
1446 3839 1700 3895 Salaman
1729 3840 1796 3895 de
1817 3839 1978 3895 domo

404 3929 713 3989 Jeroboam.
742 3929 801 3985 ιιι
830 3932 1022 3988 diebus
1069 3931 1197 3986 belli
1238 3940 1466 3987 matrem
1512 3948 1676 4003 super
1700 3933 1826 3988 filiis
1860 3933 1980 3986 alli-

406 4031 615 4078 serunt.
646 4021 738 4078 Sic
767 4021 1154 4087 faciam,vobis
1178 4021 1374 4078 domus
1403 4021 1591 4088 Israel,
1618 4039 1646 4077 a
1671 4023 1806 4078 facie
1832 4023 1978 4092 inju-

405 4111 613 4167 riarum
648 4119 976 4172 vestrarum.
1029 4112 1186 4168 Mane
1217 4113 1375 4183 ejecti
1429 4123 1558 4169 sunt
1591 4135 1603 4170 :
1639 4115 1848 4185 ejectus
1893 4125 1977 4171 est

407 4220 504 4261 rex
535 4202 722 4271 lsrael,
753 4204 1013 4275 quoniam
1063 4202 1248 4260 infans
1305 4203 1492 4261 lsrael.
1553 4205 1618 4260 Et
1671 4222 1770 4277 ego
1809 4207 1974 4262 dilexi

403 4309 530 4350 eum
559 4311 574 4350 :
607 4304 662 4350 et
708 4310 775 4350 ex
807 4293 1045 4366 Egypto
1091 4295 1314 4352 evocavi
1365 4296 1506 4351 filios
1545 4297 1664 4366 ejus
1704 4298 1766 4351 ³³.
1810 4317 1828 4350 ι
1870 4296 1975 4352 Sed

404 4386 603 4457 Aquila
636 4425 653 4450 ,
711 4384 996 4442 Hebraicae
1049 4387 1343 4442 elocutioni
1415 4388 1750 4454 inserviens,
1808 4408 1828 4441 ι
1899 4389 1976 4443 Ex

407 4477 641 4550 Aﬁgypto
681 4479 871 4535 vocavi
928 4479 1100 4535 filium
1159 4496 1360 4545 meum,
1395 4500 1414 4534 ι
1450 4483 1836 4552 interpretatus
1867 4491 1971 4538 est.

405 4568 522 4640 Ego
556 4579 735 4626 autem
788 4572 1100 4627 necessario
1150 4573 1216 4627 ad
1267 4574 1492 4629 verbum
1543 4574 1727 4628 notavi
1772 4575 1971 4640 locum,

2150 3479 2417 3532 ἐκάλεσα
2448 3481 2552 3532 τὸν
2579 3481 2716 3532 Υἰόν
2737 3497 2876 3547 μου,
2908 3500 2925 3531 ι
2958 3481 3055 3533 καὶ
3081 3481 3211 3548 περὶ
3260 3479 3508 3548 Ἡρώδου
3548 3480 3652 3535 τοῦ

2144 3549 2473 3619 βασιλέως,
2505 3551 2603 3603 καὶ
2649 3551 2779 3617 περὶ
2818 3550 2929 3617 τῆς
2956 3550 3354 3618 καθαιρέσεως
3377 3549 3484 3619 τῆς
3521 3553 3651 3607 Ἰου-

2147 3618 2331 3672 δαίων
2353 3621 2696 3686 βασιλείας.

2154 3752 2172 3785 ι
2208 3734 2319 3788 Καὶ
2352 3733 2772 3806 ἐξαναστήσεται
2811 3736 3054 3790 ἀπώλεια
3083 3737 3140 3789 ἐν
3165 3737 3242 3808 τῷ
3274 3736 3387 3809 λαῷ
3414 3754 3529 3802 σου,
3561 3737 3656 3790 καὶ

2079 3826 2255 3880 πάντα
2287 3826 2354 3880 τὰ
2385 3829 2888 3900 περιτετειχισμένα
2923 3847 3013 3883 σου
3053 3831 3349 3901 οἰχήσεται,
3373 3831 3448 3896 ὡς
3471 3831 3654 3902 ἄρχων

2078 3919 2330 3990 Σαλαμὰν
2348 3922 2411 3973 ἐκ
2432 3921 2524 3973 τοῦ
2545 3921 2694 3975 οἴκου
2711 3921 3007 3994 Ἰεροϐοάμ.
3043 3923 3132 3976 Ἐν
3150 3924 3382 3995 ἡμέραις
3416 3923 3653 3993 πολέμου

2081 4014 2292 4084 μητέρα
2304 4014 2395 4066 ἐπὶ
2419 4013 2625 4077 τέκνοις
2639 4015 2780 4084 ὴδάφ
2789 4032 2904 4069 ισαν
2913 4057 2924 4068 .
2945 4015 3017 4068 Οὖ
3024 4033 3100 4069 τω
3120 4017 3330 4086 ποιήσω
3341 4017 3370 4069 ὑ
3379 4019 3488 4086 μῖν,
3507 4012 3653 4076 οἶκος

2091 4105 2327 4177 Ἰσραὴλ,
2378 4106 2485 4158 ἀπὸ
2507 4106 2796 4177 προσώπου
2821 4107 2928 4161 τῶν
2959 4107 3180 4162 ἀδικιῶν
3205 4108 3377 4178 ὑμῶν.
3419 4105 3650 4175 Ὄρθρου

2077 4197 2479 4270 ἀπερρίφησαν
2504 4200 2782 4270 ἀπερρίφη
2801 4199 3048 4268 βασιλεὺς
3065 4199 3296 4270 Ἰσραὴλ,
3314 4197 3445 4249 διότι
3463 4196 3650 4264 νήπιος

2090 4290 2325 4362 Ἰσραήλ.
2344 4293 2453 4344 Καὶ
2482 4293 2592 4360 ἐγὼ
2630 4293 2889 4360 ἠγάπησα
2925 4290 3106 4353 αὑτὸν,
3153 4289 3244 4341 καὶ
3282 4287 3338 4352 ἐξ
3374 4285 3646 4353 Αἰγύπτου

2081 4383 2416 4451 μετεκάλεσα
2431 4383 2499 4437 τὰ
2513 4385 2674 4436 τέκνα
2691 4383 2870 4437 αὑτοῦ.
2904 4403 2922 4433 ›
2942 4379 3238 4442 Δουλεύσας
3261 4379 3338 4448 τῷ
3353 4376 3645 4448 Ἐϐραῑκῷ,

2080 4491 2100 4523 ι
2125 4473 2211 4540 Ἐξ
2245 4475 2515 4542 Αἰγύπτου
2552 4476 2784 4528 ἐκάλεσα
2827 4474 2920 4527 τὸν
2968 4473 3079 4525 υἱόν
3125 4487 3244 4542 μου,
3278 4490 3296 4522 ι
3333 4469 3588 4535 ἐξέδωκεν
3620 4470 3649 4520 ὁ

2087 4565 2337 4629 Ἀκύλας.
2355 4567 2689 4634 Ἀναγκαίως
2740 4566 2795 4619 δὲ
2841 4565 2902 4618 τὸ
2945 4564 3105 4637 ῥητὸν
3133 4562 3647 4635 ἐπεσημειωσάμην,

405 4661 666 4730 quoniam
693 4660 982 4721 Matthazus
1006 4679 1224 4735 quoque
1265 4663 1449 4734 posuit
1480 4664 1842 4734 prophetiam,
1879 4664 1973 4719 ubi

2079 4659 2304 4732 ἐπείπερ
2350 4660 2445 4712 καὶ
2488 4661 2516 4712 ὁ
2563 4657 2839 4721 Ματθαῖος
2867 4655 3102 4710 τέθειται
3145 4655 3245 4728 τὴν
3293 4654 3648 4726 προφητείαν,

404 4755 460 4810 in
492 4751 785 4826 Egyptum
813 4758 1205 4828 commigrasse
1245 4756 1454 4823 Iesum,
1481 4766 1535 4814 et
1569 4758 1717 4812 illinc
1747 4757 1976 4814 rediisse
2005 4797 2011 4851 1

2079 4750 2311 4821 ὁπηνίκα
2342 4750 2420 4812 εἰς
2449 4748 2721 4816 Αἴγυπτον
2749 4745 3158 4816 διακομισθῆναι
3182 4745 3268 4797 τὸν
3304 4741 3528 4814 Ἰησοῦν,
3551 4741 3652 4794 κάς

2145 4844 2190 4852 _-
2305 4845 2318 4852 -
2471 4841 2586 4852 η-
2668 4842 2680 4852 .
2733 4840 2746 4852 .
2839 4839 2850 4852 .
2969 4839 2994 4850 -
3128 4837 3232 4852 -.τ
3348 4833 3621 4852 ...μαργ

404 4847 460 4900 in
487 4853 688 4901 terram
711 4846 879 4904 lsrael
903 4848 1195 4913 indicavit;
1243 4851 1289 4905 si
1320 4851 1443 4920 quis
1462 4857 1641 4904 autem
1671 4847 1974 4907 Salvatoris
2006 4833 2011 4851 λ

2080 4844 2257 4903 κεῖθεν
2302 4841 2615 4896 ἐπανελθεῖν
2665 4840 2756 4893 ἐπὶ
2801 4839 2898 4910 τὴν
2931 4839 3032 4909 γῆν
3063 4837 3156 4890 τοῦ
3194 4835 3408 4909 Ἰσραὴλ
3441 4833 3646 4905 ἐδήλου.

403 4938 578 4992 nostri
609 4937 666 4992 in
697 4935 993 5009 Egyptum
1035 4937 1426 5012 profectionem
1459 4946 1700 5004 accuset,
1733 4939 1873 4994 sciat
1917 4939 1971 4995 id

2082 4939 2141 4990 Εἰ
2176 4936 2233 4989 δὲ
2269 4934 2632 5006 ἐπιμέμφοιτό
2663 4951 2744 4996 τις
2776 4935 2840 5003 τῇ
2878 4933 2955 4995 είς
2991 4931 3262 5001 Αἴγυπτον
3306 4929 3651 4998 ἀναχωρήσει

401 5038 578 5087 totum
609 5031 846 5085 maxima
893 5047 1017 5087 cum
1063 5033 1275 5087 ratione
1308 5033 1510 5086 factum
1543 5032 1732 5089 fuisse.
1787 5033 1972 5108 Neque

2079 5028 2170 5082 τοῦ
2194 5028 2444 5099 Σωτῆρος
2469 5026 2647 5098 ἡμῶν,
2669 5025 2800 5078 ἵστω
2822 5024 2962 5078 κατὰ
2984 5023 3139 5094 λόγον
3156 5023 3323 5094 αὐτὴν
3347 5020 3647 5091 γεγονέναι.

401 5123 548 5176 enim
599 5119 834 5178 Herodis
867 5125 1229 5180 voluntariam
1282 5126 1542 5180 malitiam
1579 5125 1834 5182 cohibere
1878 5141 1979 5200 par

401 5224 544 5278 erat,
573 5229 752 5286 neque
778 5231 970 5273 rursus
999 5215 1363 5282 Salvatorem,
1406 5234 1633 5289 puerum
1667 5219 1849 5274 adhuc
1876 5221 1978 5273 mi—

402 5306 592 5360 racula
622 5308 866 5363 exordiri
923 5308 1038 5379 jam
1072 5318 1206 5374 tum,
1235 5318 1400 5381 atque
1429 5317 1554 5365 ante
1579 5318 1795 5383 tempus
1833 5310 1974 5366 divi-

400 5414 526 5452 nam
559 5408 837 5457 ostentare
854 5402 1111 5458 virtutem
1148 5422 1161 5457 :
1190 5403 1336 5473 quod
1372 5417 1504 5459 sane
1526 5403 1731 5460 factum
1757 5401 1973 5468 fuisset,

401 5491 447 5544 si
495 5491 730 5548 mirabili
768 5494 1003 5565 quadam
1041 5495 1254 5549 ratione
1282 5495 1630 5550 insidiantem
1665 5495 1767 5551 sibi
1795 5492 1970 5550 Hero-

401 5577 523 5630 dem
555 5580 877 5648 punivisset,
901 5598 1077 5654 neque
1097 5585 1206 5639 ullo
1233 5583 1394 5638 modo
1416 5585 1561 5638 illam
1591 5586 1645 5639 in
1675 5584 1970 5654 Egyptum

402 5681 511 5724 una
541 5685 667 5724 cum
721 5675 1046 5744 parentibus
1091 5676 1456 5732 secessionem
1495 5677 1829 5748 pertulisset.
1866 5673 1974 5731 Vev

477 5830 521 5864 "
560 5829 694 5888 Gen.
728 5844 856 5888 xm
880 5871 895 5898 ,
929 5831 982 5887 9.
1060 5835 1102 5866 ³ο
1144 5834 1274 5890 ibid.
1316 5835 1394 5893 10.

2074 5120 2212 5174 Οὔτε
2244 5120 2352 5194 γὰρ
2385 5122 2628 5190 ἐπισχεῖν
2659 5118 2748 5171 τὸν
2788 5115 3034 5190 Ἡρώδην
3058 5116 3156 5188 τῆς
3195 5112 3650 5185 αύτοπροαιρέτου

2075 5211 2273 5273 κακίας
2302 5209 2576 5282 προσῆκον
2599 5204 2688 5278 ἦν,
2711 5206 2822 5268 οὔτ’
2843 5206 2908 5260 ἂν
2941 5206 3140 5279 βρέφος
3177 5205 3250 5258 ἔτ’
3274 5205 3401 5258 ὄντα
3427 5205 3515 5256 τὸν
3543 5204 3655 5255 Σω-

2073 5303 2140 5371 τῆ
2151 5319 2217 5372 ρα
2242 5301 2350 5354 τῶν
2381 5299 2672 5370 θαυμάτων
2696 5299 3064 5370 ἀπάρξασθαι,
3088 5297 3182 5350 καὶ
3205 5297 3309 5369 πρὸ
3340 5298 3531 5368 καιροῦ
3555 5293 3651 5364 τὴν

2073 5394 2224 5448 θείαν
2258 5391 2658 5446 ἐπιδείκνυσθαι
2691 5391 2947 5462 δύναμιν·
3001 5391 3137 5462 ὅπερ
3186 5389 3271 5450 διν⁴
3296 5392 3565 5465 ἐπράχθη,
3603 5395 3650 5447 εἰ

2075 5484 2390 5556 παραδόξως
2409 5482 2823 5536 ἐπιϐουλεύοντα
2840 5481 2991 5553 αὐτῷ
3019 5482 3107 5534 τὸν
3131 5482 3372 5554 Ἡρώδην
3398 5482 3649 5554 μετῆλθε,

2078 5576 2336 5647 μηδαμῶς
2369 5575 2663 5647 ὑπομείνας
2693 5575 2792 5646 τὴν
2835 5576 2915 5637 εἰς
2963 5575 3233 5642 Αἴγυπτον
3275 5576 3392 5645 ἅμα
3419 5577 3530 5640 τοῖς
3557 5592 3653 5644 γο-

2073 5670 2255 5724 νεῦσιν
2280 5671 2642 5742 ἀναχώρησιν.
2663 5667 2823 5721 Ἀλλά
2865 5667 2975 5740 γὰρ
3015 5663 3084 5737 ἦν
3114 5668 3210 5740 τῆς
3243 5667 3549 5741 κρείττονος
3575 5671 3650 5727 οξ-

1478 5837 1515 5867 ω
1559 5835 1690 5890 nm.
1726 5834 1780 5893 8.
1857 5836 1902 5868 εί
1943 5833 2072 5890 ibid.
2109 5835 2161 5891 ο.
2242 5837 2284 5868 ³³
2323 5834 2448 5893 Ose.
2481 5851 2550 5900 ι,
2586 5834 2805 5904 14.45;
2851 5833 3018 5897 31,1-
