4098 6418
347 401 452 459 665

1212 380 1866 446 DEMONSTRATIONIS
1910 375 2368 434 EVANGELICE
2416 373 2542 430 LIB.
2606 373 2698 430 IX.

3479 373 3583 429 666

347 515 603 588 κονομίας
627 516 719 570 ἐπὶ
752 511 941 586 καιροῦ
968 511 1061 566 τοῦ
1085 510 1449 583 προσήκοντος
1471 504 1580 558 τῶν
1602 503 1701 574 τῆς
1722 500 1911 570 θεότη-

2019 511 2138 550 rum
2167 495 2313 550 enim
2368 489 2764 563 praestantioris
2817 489 3105 558 cujusdam
3158 488 3584 559 dispensationis

346 626 437 674 τος
466 606 813 678 ἀπάρξασθαι
833 603 1144 675 θαυμάτων,
1176 593 1221 670 ᾧ
1244 615 1308 669 γε
1335 597 1423 652 διά
1454 593 1653 656 παντὸς
1675 589 1768 644 τοῦ
1796 588 1912 660 βίου

345 702 407 755 τὸ
455 702 628 772 πρᾶον
669 697 763 752 καὶ
802 695 1118 761 ἀνεξίκακον
1166 689 1600 765 μεμαρτύρηται,
1644 681 1913 756 προχείρῳ

351 792 451 863 μὲν
477 794 556 856 εἰς
588 790 685 855 τὰς
726 786 970 852 εὐποιίας
1003 786 1097 840 καὶ
1134 784 1234 848 τάς
1266 781 1450 845 κοινὰς
1478 775 1792 849 εὐεργεσίας
1818 791 1913 843 γε·-

347 883 575 955 νομένῳ,
614 881 816 954 μηδένα
855 879 912 933 δέ
954 878 1063 933 τῶν
1108 877 1182 949 μὴ
1229 875 1533 931 ἀκουόντων
1568 869 1911 944 ἀμυνομένῳ,

351 978 486 1050 μηδὲ
532 977 620 1030 ὅτε
660 975 735 1039 ὡς
781 972 1053 1046 πρόϐατον
1099 972 1191 1024 ἐπὶ
1236 966 1451 1038 σφαγὴν
1488 965 1673 1035 ἧγετο,
1700 962 1799 1050 ,καὶ
1839 961 1915 1024 ὡς

347 1049 517 1139 ἀμνδς
542 1066 777 1121 ἐναντίον
817 1065 909 1119 τοῦ
942 1064 1211 1136 κείροντος
1232 1061 1464 1130 ἄφωνος.
1494 1055 1620 1119 Πῶς
1647 1049 1741 1108 οὖν
1768 1052 1915 1118 εἰκὸς

344 1157 413 1233 ἦν
437 1158 529 1214 τὸν
561 1157 799 1213 τοιοῦτον
821 1159 929 1212 δεῖν
961 1157 1018 1210 ἐν
1052 1154 1251 1225 παιδίῳ
1292 1151 1367 1224 μὴ
1410 1150 1532 1221 οὑχὶ
1561 1146 1914 1218 ὑποχωρῆσαι

345 1254 411 1323 τῇ
445 1250 537 1306 τοῦ
579 1249 815 1323 Ἡρώδου
845 1249 1034 1320 κακίᾳ,
1061 1241 1105 1316 ᾧ
1137 1247 1232 1301 καί⁵
1254 1246 1311 1298 ἐν
1339 1242 1495 1313 ἀνδρὶ
1521 1239 1583 1293 τὸ
1613 1238 1914 1309 ἀναχωρεῖν

346 1346 440 1398 καὶ
471 1346 595 1408 τοὺς
610 1343 892 1414 ,πονηροὺς
919 1339 1184 1394 ἐκκλίνειν
1222 1334 1658 1408 μεμαρτύρηται,
1689 1328 1916 1401 ἐπικρύ-

346 1434 571 1490 πτεσθαί
619 1453 678 1489 τε
719 1434 811 1488 καὶ
858 1430 1183 1502 ὑποφεύγειν
1212 1428 1303 1482 τὸν
1340 1427 1431 1480 ἐπὶ
1458 1428 1578 1490 ταῖς
1615 1420 1914 1495 παραδοξο-

346 1528 549 1593 ποιίαις
570 1525 817 1592 ἓπαινον;
861 1524 1094 1597 παρῄνει
1132 1522 1262 1591 γοῦν
1295 1523 1407 1583 τοῖς
1438 1520 1527 1573 ὑπ’
1561 1515 1723 1572 αὑτοῦ
1752 1515 1914 1586 θερα-

345 1618 662 1688 πευομὲνοις
692 1617 875 1689 μηδενὶ
900 1615 1097 1684 λέγειν.
1134 1614 1197 1666 Εἰ
1220 1612 1264 1666 δ’
1286 1612 1378 1665 ἐπὶ
1396 1610 1486 1665 τὸν
1513 1608 1642 1663 λαὸν
1659 1607 1760 1679 τὴν
1785 1622 1916 1675 προ-

346 1707 571 1779 φητείαν
602 1707 858 1778 ἀναφέροι
890 1723 994 1770 τις,
1026 1704 1248 1774 φάσκων
1279 1702 1407 1772 περὶ
1451 1698 1544 1753 τοῦ
1571 1700 1635 1751 ὲκ
1669 1695 1917 1767 σπέρμα-

343 1816 435 1864 τος
482 1797 576 1852 τοῦ
611 1797 825 1869 Ἰσραὴλ
872 1795 1000 1851 λαοῦ
1049 1794 1314 1867 εἰρῆσθαι,
1346 1790 1692 1862 ἐπιστησάτω
1720 1789 1785 1859 τῇ
1818 1784 1913 1839 τοῦ

2015 604 2078 643 ac
2098 587 2380 658 sapientia:
2414 584 2542 648 fuit,
2570 598 2673 640 suo
2707 589 2873 653 atque
2899 581 3310 636 accommodato
3338 590 3584 654 tempore

2011 680 2426 744 miraculorum,
2459 692 2582 749 qua:
2630 676 2699 732 ad
2753 674 3096 731 divinitatem
3154 675 3444 745 pertinent.
3486 675 3584 729 ini-

2012 769 2148 822 tium
2178 766 2358 824 facere
2377 782 2503 823 eum
2531 766 2624 821 cui
2674 766 2730 820 in
2762 773 2879 821 tota
2909 766 3019 818 vita
3050 763 3492 819 mansuetudinis
3529 772 3584 819 et

2013 859 2314 915 clementia:
2356 858 2729 914 testimonium
2789 855 3062 912 redditum
3118 863 3224 921 est,
3267 857 3472 926 quique
3519 858 3585 911 ad

2014 951 2458 1023 promerendum,
2490 956 2654 1019 atque
2705 948 2774 1003 ad
2809 948 3123 1003 communia
3152 948 3324 1003 oliicia
3353 947 3588 1017 fungen-

2014 1043 2085 1100 da
2112 1057 2418 1113 propensus
2444 1039 2675 1102 exstitit,
2700 1052 2803 1093 nec
2854 1038 3092 1109 aliquem
3127 1053 3366 1108 unquam
3397 1052 3587 1092 eorum

2014 1134 2108 1207 qui
2133 1148 2243 1189 non
2267 1133 2371 1204 ipsi
2403 1132 2873 1193 auscultaverunt,
2901 1131 3052 1186 ultus
3072 1138 3179 1193 est,
3210 1145 3282 1185 ne
3311 1138 3442 1186 tunc
3467 1130 3593 1199 qui-

2014 1226 2138 1281 dem
2163 1239 2290 1279 cum
2319 1230 2380 1277 ut
2410 1222 2530 1278 ovis
2574 1222 2646 1279 ad
2684 1223 3016 1279 occisionem
3072 1221 3394 1285 ducebatur,
3427 1229 3592 1290 atque

2015 1324 2074 1371 ut
2100 1330 2276 1387 agnus
2303 1330 2488 1369 coram
2532 1314 2796 1370 tondente
2827 1329 2886 1370 se
2913 1355 2928 1377 ,
2961 1314 3395 1370 obmutescebat.
3426 1310 3588 1385 42⁵1

2014 1405 2117 1474 Qui
2139 1414 2342 1469 autem,
2361 1420 2572 1477 quaeso,
2590 1404 2961 1471 convenisset,
2982 1420 3131 1469 eum,
3160 1404 3252 1474 qui
3291 1405 3417 1459 talis
3445 1412 3586 1464 erat,

2014 1511 2243 1567 puerum
2275 1496 2455 1552 adhuc
2487 1494 2719 1551 Herodis
2748 1495 2968 1551 malitiae
3002 1510 3112 1549 non
3146 1493 3468 1561 concedere,
3500 1497 3592 1551 cui

2014 1588 2178 1642 etiam
2208 1586 2276 1641 ad
2308 1586 2521 1641 virilem
2580 1590 2796 1642 aetatem
2857 1585 3125 1657 profecto,
3173 1584 3511 1642 concedendi
3538 1595 3594 1641 et

2015 1678 2282 1748 malignos
2332 1677 2669 1740 declinandi,
2702 1677 3080 1735 testimonium
3138 1676 3414 1733 redditum
3466 1677 3596 1732 est?

2015 1768 2221 1840 quique
2267 1776 2322 1823 et
2381 1783 2441 1824 se
2501 1769 2804 1832 occultare,
2838 1776 2893 1823 et
2923 1768 2978 1823 in
3031 1769 3317 1825 miraculis
3366 1769 3596 1827 edendis

344 1858 502 1960 λόγου
536 1858 842 1961 ἀκολόυθίᾳ,
873 1888 1045 1943 ταῦτα
1090 1858 1305 1940 ἐσεσθαι
1343 1858 1562 1955 φησάσῄ
1596 1879 1732 1952 μετά
1758 1878 1820 1932 τὸ
1845 1878 1922 1930 εί·
1953 1873 1995 1932 Β
2025 1859 2241 1961 land?!“
2261 1858 2502 1961 εσυεθνξ
2530 1860 3064 1961 θοοδυθνθξίι-Ῡξξθῐη
3095 1877 3242 1961 quoi
3257 1862 3375 1932 ipse
3405 1877 3599 1919 (³³1⁸³³-

348 1985 467 2035 πεῖν
494 1981 569 2046 ὡς
595 1982 730 2054 πρὸς
766 1980 934 2051 αὐτὴν
972 1980 1072 2051 τὴν
1108 1975 1462 2051 Ἰερουσαλήμ
1480 1991 1494 2005 ο
1538 1992 1558 2024 ‹
1587 1974 1696 2026 Καὶ
1727 1970 1921 2036 ἐξανα-

347 2075 601 2145 στήσεται
625 2071 864 2127 ἀπώλεια
891 2074 949 2124 ὲν
978 2071 1056 2142 τῷ
1084 2069 1197 2141 λαῷ
1229 2086 1343 2131 σου,
1374 2068 1470 2121 καὶ
1498 2065 1674 2119 πάντα
1707 2077 1922 2134 περιτε-

343 2164 659 2235 τειχισμένα
684 2179 776 2217 σου
792 2163 1089 2234 οἰχήσεται.
1122 2180 1140 2211 ι
1168 2160 1279 2214 Καὶ
1308 2159 1471 2230 ἅπερ,
1496 2154 1680 2227 φησὶν,
1701 2155 1729 2207 ὁ
1756 2151 1924 2205 τοιόσ-

341 2256 398 2310 δε
424 2257 606 2328 ἄρχων
636 2253 866 2309 πέπονθε
899 2253 1041 2307 κατά
1091 2252 1183 2305 τὸν
1235 2247 1531 2303 ἐπελθόντα
1567 2243 1716 2315 αύτῷ
1761 2242 1922 2295 πόλε-

347 2363 467 2418 μον,
498 2349 555 2400 ἐν
599 2339 644 2414 ᾧ
675 2346 883 2417 μητέρα
925 2345 1017 2398 ἐπὶ
1064 2341 1276 2405 τέκνοις
1310 2339 1600 2410 ήδάφισαν,
1629 2335 1698 2388 τά
1743 2349 1923 2404 παρα-

343 2440 548 2509 πλήσια
568 2440 661 2491 καὶ
680 2439 806 2508 ὑμῖν
832 2438 1016 2499 αὐτοῖς
1040 2438 1249 2506 ποιήσω
1277 2432 1365 2487 διά
1395 2432 1493 2494 τὰς
1514 2428 1710 2492 κακίας
1742 2425 1917 2498 ὑμῶν.

356 2528 514 2600 Ὑμῖν
557 2527 615 2583 δὲ
662 2526 770 2581 τίσι
815 2525 849 2598 ἦ
892 2528 1006 2589 τοῖς
1056 2523 1413 2595 καλουμένοις
1457 2518 1837 2593 Ἰσραηλίταις,
1869 2516 1920 2570 οἳ

342 2621 438 2675 καὶ
475 2619 815 2692 ἀπερρίφητε
846 2618 944 2671 σὺν
979 2616 1055 2687 τῷ
1088 2615 1298 2687 βασιλεῖ
1326 2613 1513 2685 ὑμῶν;
1544 2611 1634 2664 τὸν
1676 2606 1921 2681 Ἡρώδην

343 2708 709 2780 αἰνιττόμενος
727 2724 741 2737 ο
766 2707 860 2761 καὶ
901 2704 1072 2760 ταῦτά
1100 2721 1163 2773 γε
1204 2703 1385 2757 πάντα
1405 2698 1730 2765 πεπόνθατε,
1755 2697 1921 2753 «διότι

343 2803 493 2865 παῖς,
522 2818 541 2851 ι
584 2799 770 2871 φησιν,
809 2818 828 2850 ι
853 2796 1088 2869 Ἰσραὴλ,
1126 2794 1223 2849 καὶ
1271 2793 1380 2863 ἐγὼ
1420 2791 1689 2864 ἠγάπησα
1734 2789 1920 2854 αὑτὸν,

341 2896 438 2951 καὶ
483 2893 542 2961 ἐξ
573 2892 849 2963 Αἰγύπτου
899 2890 1132 2946 ἐκάλεσα
1177 2888 1267 2943 τὸν
1297 2887 1424 2941 Υἰόν
1456 2903 1577 2958 μου.
1610 2904 1629 2937 ι
1659 2883 1785 2949 Πῶς
1810 2883 1921 2956 γὰρ

339 2983 454 3042 οἶόν
480 3001 539 3042 τε
572 2985 715 3040 κατὰ
743 2984 803 3039 τὸ
826 2984 957 3039 αὐτὸ
995 2985 1106 3047 τοῖς
1150 2981 1332 3045 αὐτοῖς
1364 2977 1792 3051 ἐπιμέμφεσθαι,
1826 2977 1923 3031 καὶ

341 3080 504 3137 πάλιν
539 3079 666 3144 τοὺς
710 3077 906 3140 αὐτοὺς
951 3076 1192 3128 ἐπαινεῖν
1211 3090 1225 3138 ;
1244 3071 1383 3125 Ἀλλ’
1410 3066 1479 3142 ἦν
1507 3071 1537 3123 ὁ
1562 3067 1767 3141 ἀληθὴς
1796 3065 1924 3131 νοῦς

341 3173 547 3245 ταύτην
574 3170 711 3243 ἔχων
736 3168 990 3242 θεωρίαν.
1008 3166 1227 3239 Ἰσραὴλ
1246 3165 1355 3237 γὰρ
1374 3165 1404 3217 ὁ
1425 3162 1660 3235 Χριστὸς
1678 3161 1773 3217 καὶ
1795 3160 1920 3215 καθ’

340 3267 535 3339 ἐτέρας
581 3263 939 3335 ἀνηγόρευται
986 3256 1343 3332 προφητείας,
1377 3251 1661 3327 ὼσπεροῦν
1697 3253 1794 3307 καὶ
1826 3250 1920 3306 ἐπὶ

339 3355 439 3424 τῆς
470 3352 771 3425 παρούσης.
790 3350 1008 3422 Ἐπειδὴ
1054 3350 1231 3404 τοίνυν
1260 3340 1435 3413 οὗτος,
1465 3347 1647 3418 φησὶν,
1683 3342 1923 3416 ὑπήκοός

345 3462 434 3515 μοι
452 3444 760 3515 γενόμενος,
784 3443 996 3515 μορφὴν
1017 3440 1203 3496 δούλου
1233 3438 1447 3510 εἴληφε,
1470 3440 1565 3494 καὶ
1584 3438 1778 3509 γέγονε
1796 3452 1925 3490 παι-

339 3536 449 3590 δίον
475 3535 755 3606 άγαπητδν
792 3534 937 3606 ἐμοὶ,
973 3534 1153 3589 πᾶσαν
1180 3533 1279 3605 τὴν
1309 3533 1448 3604 ἐμὴν
1476 3530 1763 3594 ἐκτελέσας
1796 3528 1923 3600 βου-

339 3628 458 3700 λὴν,
488 3628 576 3682 διά
621 3628 778 3682 τοῦτο
822 3627 984 3684 αὐτὸν
1017 3626 1118 3699 μὲν
1161 3627 1268 3680 ἀπὸ
1294 3626 1393 3696 τῆς
1419 3623 1719 3693 Αἰγύπτου,
1749 3622 1829 3687 εἰς
1854 3621 1923 3693 ἢν

339 3721 764 3794 ἐνανθρωπήσας
785 3719 1167 3791 κατελήλυθεν,
1186 3718 1328 3772 οὓτω
1352 3715 1679 3787 δηλουμένου
1710 3714 1802 3769 τοῦ
1825 3730 1924 3768 πε-

342 3812 545 3884 ριγείου
562 3811 810 3883 τόπου,ἢ
840 3812 938 3866 καὶ
958 3812 1016 3878 ἐξ
1036 3810 1206 3880 αὐτῆς
1228 3809 1328 3880 τῆς
1358 3808 1650 3879 προχείρου
1680 3801 1769 3860 οἷα
1797 3806 1925 3876 γνή-

343 3920 456 3956 σιον
484 3903 578 3957 καὶ
609 3903 891 3974 ἀγαπητὸν
914 3902 1041 3956 Υἱὸν
1065 3901 1481 3972 ἀνεκαλεσάμην
1500 3916 1513 3930 ·
1536 3899 1679 3970 ὑμᾶς
1696 3898 1772 3962 δὲ,
1794 3896 1920 3961 τοὺς

342 3993 475 4058 πρὸς
503 3993 599 4059 οὒς
628 3998 657 4048 ὁ
687 3995 862 4065 λόγος,
901 3995 997 4048 σὺν
1042 3994 1137 4048 καὶ
1164 3996 1230 4065 τῇ
1263 3991 1506 4064 ὑμετέρᾳ
1535 3989 1782 4062 βασιλείᾳ
1805 3989 1922 4043 δλε-

339 4085 467 4158 θρος
519 4088 612 4142 καὶ
651 4086 897 4142 ἀπώλεια
941 4085 1340 4158 παραλήψεται.
1369 4083 1553 4138 Ταῦτα
1598 4083 1695 4153 μὲν
1722 4084 1756 4153 ἠ
1785 4097 1921 4152 προ-

340 4180 535 4250 φητεία
558 4198 570 4210 ·
615 4179 875 4251 πρόδηλον
920 4179 977 4233 δὲ
1019 4179 1167 4243 ὅπως
1219 4176 1327 4231 ἀπὸ
1374 4174 1482 4229 τῶν
1524 4174 1619 4229 τοῦ
1672 4173 1923 4244 Σωτῆρος

339 4277 371 4345 ὴ
382 4274 498 4344 μῶν
513 4273 720 4346 χρόνων
751 4270 1204 4345 πολιορκηθείσης
1233 4271 1334 4340 τῆς
1377 4266 1754 4340 Ἰερουσαλὴμ,
1775 4264 1918 4320 καθ-

340 4366 511 4440 ῃρέθη
544 4367 639 4420 καὶ
682 4367 763 4429 εἰς
806 4365 869 4418 τὸ
913 4361 1483 4435 παντελὲςάπερρίφη
1517 4362 1551 4433 ὴ
1604 4359 1766 4431 μέχρι
1798 4356 1922 4410 τότε

342 4462 586 4514 συστᾶσα
606 4458 701 4512 τοῦ
732 4457 1002 4512 Ἰουδαίων
1030 4455 1215 4519 ἔθνους
1242 4453 1535 4524 αύτονομία
1552 4468 1613 4505 τε
1636 4451 1730 4506 καὶ
1755 4451 1917 4521 ἀρχή.

339 4551 487 4621 Πλὴν
510 4550 645 4604 ἀλλά
666 4549 846 4622 τρίτον
877 4549 976 4620 ἥδη
1005 4547 1075 4601 τά
1103 4546 1234 4618 περὶ
1262 4546 1362 4617 τῆς
1391 4532 1667 4614 Αἰγύπτου
1702 4542 1797 4596 καὶ
1822 4541 1921 4612 τῆς
1954 4575 1997 4631 D

343 4640 528 4694 αὐτόθι
561 4641 796 4711 ἀφίξεως
822 4639 986 4694 αὑτοῦ
1017 4639 1476 4712 προπεφήτευται.
1510 4635 1653 4690 Εἰδὲ
1676 4652 1760 4698 τις
1784 4632 1925 4686 αύτά

345 4732 606 4804 μηδαμῶς
638 4730 970 4804 ἐφαρμόζειν
1001 4732 1093 4784 ἐπὶ
1127 4729 1216 4783 τὸν
1251 4728 1519 4799 ἡμέτερον
1551 4726 1699 4794 λέγοι
1740 4721 1927 4793 Σωτῆ-

345 4840 434 4895 ρα,
465 4822 601 4876 ἀλλά
645 4823 714 4876 τά
757 4839 821 4891 γε
869 4822 966 4892 τῆς
998 4820 1091 4874 τοῦ
1120 4818 1398 4874 Ματθαίου
1432 4816 1789 4889 παραθέσεως
1816 4813 1929 4872 ἀπὸ

343 4914 443 4986 τῆς
490 4914 642 4986 παρὰ
686 4915 908 4968 Μωῡσεῖ
952 4911 1256 4984 μαρτυρίας
1299 4908 1449 4980 αὑτῷ
1478 4906 1923 4980 παρειλημμένα,

346 5007 412 5078 ἢν
437 5006 532 5061 καὶ
560 5004 760 5077 ἀρτίως
789 5003 1199 5077 διεληλύθαμεν,
1226 5002 1308 5067 τὸ,
1353 5020 1371 5052 ι
1394 5001 1451 5054 Ὀ
1476 4999 1607 5063 Θεὸς
1642 4998 1928 5068 ὡδήγησεν

346 5099 508 5153 αὑτὸν
538 5098 597 5166 ἐξ
629 5096 926 5167 Αἰγύπτου,
948 5115 967 5147 ι
1001 5094 1384 5167 διηγούμενοι·
1414 5093 1535 5145 ἐπεὶ
1567 5090 1688 5162 μηδ’
1716 5088 1924 5152 αὑτὸςὸ

345 5188 730 5261 εὑαγγελιστὴς
750 5188 859 5243 ἀπὸ
884 5187 983 5259 τῆς
1006 5186 1098 5241 τοῦ
1127 5185 1285 5257 Ὠσηὲ
1312 5183 1650 5257 προφητείας
1668 5179 1923 5250 εἰλῆφθαι

343 5281 492 5354 αὐτῷ
527 5282 589 5335 τὸ
614 5281 794 5351 λόγιον
825 5280 1047 5351 ἔφησεν,
1079 5280 1154 5341 ὡς
1183 5276 1464 5341 δύνασθαι,
1491 5275 1588 5330 καὶ
1620 5273 1782 5327 πόθεν
1811 5274 1927 5327 ἔπιε

343 5372 701 5445 ζητήσαντας,
726 5374 905 5445 εὑρεῖν
954 5371 1084 5425 αὐτὸ
1126 5370 1411 5441 κείμενον·
1464 5366 1587 5422 ὅθεν
1639 5365 1785 5430 εἰκὸς
1830 5364 1922 5418 τὸν

342 5463 1084 5544 εὐαγγελιστὴνὶπεποιῆσθαι
1111 5460 1277 5517 αὑτοῦ
1310 5460 1409 5532 τὴν
1446 5457 1682 5513 ἔκθεσιν.

2022 1960 2126 2016 set,
2163 1950 2231 2008 iis
2261 1953 2564 2022 imperabat
2600 1960 2661 2007 ut
2686 1951 2888 2008 nemini
2912 1951 3177 2009 dicerent.
3205 1953 3361 2021 Quod
3394 1957 3441 2010 si
3474 1957 3597 2026 quis

2022 2043 2361 2115 prophetiam
2397 2043 2539 2098 banc
2568 2043 2636 2098 ad
2661 2044 2920 2115 populum
2951 2042 3175 2104 referat.
3194 2044 3451 2116 dicatque
3483 2046 3600 2101 hinc

2021 2135 2089 2190 de
2119 2135 2323 2204 populo
2349 2149 2414 2189 ex
2448 2135 2660 2191 semine
2708 2134 2877 2192 lsrael
2925 2136 3162 2191 oriundo
3188 2136 3335 2192 dicta
3373 2152 3516 2205 esse,
3551 2138 3600 2195 is

2022 2226 2266 2281 attendat
2297 2226 2591 2283 verborum
2635 2227 2884 2282 ordinem
2936 2226 2992 2281 in
3021 2228 3224 2299 quibus
3264 2227 3380 2284 haec
3415 2227 3602 2286 futura

2021 2316 2302 2381 dicuntur,
2323 2325 2613 2388 postquam
2646 2315 2851 2373 dictum
2897 2327 2984 2385 est
3008 2319 3167 2390 quasi
3197 2318 3262 2374 ad
3302 2319 3480 2390 ipsum
3508 2319 3602 2377 Je-

2024 2410 2290 2472 rusalem,
2326 2427 2345 2460 ι
2383 2418 2438 2464 et
2465 2417 2727 2482 exsurget
2772 2411 3010 2482 perditio
3054 2413 3112 2467 in
3145 2412 3348 2484 populo
3392 2420 3511 2477 tuo,
3544 2422 3602 2471 et

2021 2499 2206 2555 omnia
2262 2500 2471 2555 munita
2530 2509 2624 2555 tua
2684 2501 2982 2571 peribunt;
3044 2522 3063 2557 ι
3099 2509 3156 2558 ει
3206 2517 3329 2573 qua:
3379 2503 3604 2574 quidem

2021 2591 2278 2661 princeps
2310 2606 2507 2663 passus
2546 2601 2632 2649 est
2670 2593 2726 2648 in
2762 2593 2926 2657 bello,
2960 2595 3015 2649 in
3049 2609 3157 2665 quo
3178 2603 3406 2650 matrem
3439 2609 3605 2666 super

2022 2683 2172 2747 ﬁliis,
2208 2691 2370 2739 teme
2418 2685 2728 2751 alliserunt,
2765 2686 2956 2743 eadem
2992 2687 3145 2744 vobis
3190 2702 3412 2759 quoque
3467 2687 3603 2759 ipsis

2021 2773 2218 2830 iaciam
2254 2785 2478 2847 propter
2512 2777 2755 2833 malitias
2801 2788 3038 2835 vestras.
3073 2777 3246 2835 Vobis
3288 2794 3454 2851 porro
3479 2778 3606 2849 qui-

2020 2864 2125 2922 bus
2179 2866 2402 2922 tandem
2447 2868 2594 2933 aliis,
2657 2868 2767 2924 nisi
2821 2872 2917 2941 qui
2974 2871 3248 2925 vocamini
3306 2871 3606 2926 Israelita?

2021 2960 2228 3030 quique
2249 2960 2414 3015 etiam
2444 2961 2637 3031 reiecti
2660 2962 2799 3019 estis
2819 2978 2944 3018 cum
2976 2977 3105 3035 rege
3134 2963 3352 3020 vestro?
3377 2963 3469 3018 ubi
3499 2962 3606 3018 ﬂe-

2021 3050 2208 3106 rodcm
2260 3050 2557 3108 obscurius
2611 3051 2869 3109 indicat:
2923 3060 2981 3110 et
3032 3052 3149 3109 haec
3212 3053 3398 3109 omnia
3455 3052 3606 3125 passi

2021 3145 2179 3207 estis,
2212 3162 2231 3196 ι
2274 3146 2535 3216 quoniam
2556 3161 2713 3216 puer,
2742 3144 2943 3217 inquit,
2967 3154 3054 3201 est
3081 3146 3248 3201 Israel
3273 3186 3290 3209 ,
3311 3155 3366 3201 et
3393 3161 3492 3216 ego
3519 3146 3606 3202 di-

1946 3214 1989 3272 c
2022 3234 2130 3290 lexi
2159 3214 2341 3291 eum“:
2372 3244 2427 3290 et
2461 3234 2531 3290 de
2559 3214 2835 3307 ﬁ‘lgyptd
2861 3234 3054 3291 vocavi
3111 3235 3283 3291 ﬁlium
3337 3214 3541 3292 meum.
3579 3253 3600 3289 ι

2024 3325 2129 3393 Qui
2157 3327 2303 3382 enim
2334 3328 2451 3384 ﬁeri
2495 3335 2696 3399 potest,
2722 3337 2781 3383 ut
2807 3329 2999 3384 eodem
3044 3328 3102 3382 in
3141 3329 3265 3384 loco
3297 3327 3522 3385 eosdem
3550 3337 3607 3385 et

2025 3428 2249 3474 accuset
2267 3426 2322 3475 et
2352 3419 2571 3474 laudet?
2597 3418 2693 3475 sed
2723 3434 2888 3475 verus
2916 3434 3115 3475 sensus
3146 3428 3231 3476 est
3262 3420 3330 3487 is,
3353 3421 3444 3492 qui
3462 3421 3609 3477 hanc

2024 3509 2189 3566 habet
2215 3512 2758 3582 contemplationem.
2791 3508 2959 3566 Israel
2991 3512 3135 3567 enim
3160 3512 3214 3567 in
3242 3512 3348 3566 alia
3378 3513 3609 3584 prophe-

2024 3602 2099 3656 tia
2132 3603 2317 3660 dictus
2346 3612 2433 3660 est
2458 3602 2737 3668 Christus,
2781 3601 3242 3672 quemadmodum
3267 3604 3322 3657 in
3344 3604 3445 3658 hac
3466 3619 3606 3675 quo—

2024 3710 2131 3764 que
2160 3710 2324 3765 quam
2382 3710 2530 3751 nunc
2587 3703 2909 3750 tractamus.
2959 3694 3233 3759 Quoniam
3279 3695 3446 3764 igitur
3491 3696 3605 3761 hic,

2025 3782 2225 3856 inquit,
2259 3783 2523 3839 obediens
2549 3785 2682 3838 mihi
2710 3782 2913 3844 factus.
2937 3783 3168 3839 formam
3187 3786 3333 3842 servi
3371 3787 3605 3857 accepit,

2023 3886 2078 3933 et
2110 3875 2287 3931 factus
2313 3883 2400 3931 est
2430 3890 2567 3946 puer
2613 3875 2748 3930 mihi
2795 3876 3047 3941 dilectus,
3077 3876 3208 3932 dum
3245 3877 3429 3930 omnia
3458 3893 3609 3947 qua:-

2024 3985 2244 4040 cunque
2281 3968 2404 4024 volo
2448 3966 2632 4031 edicit,
2666 3967 2876 4023 idcirco
2922 3968 3083 4043 illum
3136 3983 3204 4024 ex
3248 3967 3506 4039 Egypto,
3539 3970 3608 4025 ad

2022 4079 2186 4135 quam
2221 4061 2461 4119 hominis
2491 4059 2670 4117 forma
2709 4068 2995 4132 assumpta
3049 4060 3352 4126 descendit,
3383 4060 3513 4116 dum
3543 4077 3609 4118 ea

2024 4172 2159 4213 voce
2186 4166 2443 4213 terrenus
2473 4157 2633 4213 locus
2665 4153 3028 4225 signiﬁcatur,
3064 4161 3160 4209 aut
3197 4155 3363 4209 etiam
3404 4169 3464 4210 ex
3516 4154 3609 4208 illa

2022 4250 2328 4321 vulgatiore
2356 4258 2618 4320 tanquam
2642 4250 2946 4320 legitimum
2997 4245 3371 4317 dilectumque
3404 4245 3606 4300 Filium

2023 4343 2244 4399 evocavi
2273 4361 2288 4397 :
2314 4357 2412 4399 vos
2450 4349 2632 4397 autem
2663 4340 2814 4412 ipsos
2845 4339 2914 4396 ad
2958 4353 3100 4410 quos
3138 4353 3322 4395 sermo
3366 4338 3611 4394 directus

2023 4443 2128 4499 est,
2165 4450 2275 4491 una
2331 4450 2456 4490 cum
2510 4451 2682 4506 regno
2738 4442 2925 4491 vestro
2981 4432 3236 4491 interitus
3282 4443 3339 4490 et
3379 4433 3614 4503 perditio

2026 4528 2472 4601 comprehendet.
2516 4527 2645 4583 Haec
2679 4528 2899 4598 quidem
2935 4527 3053 4598 ipsa
3106 4527 3393 4599 prophetia
3422 4547 3435 4584 :
3465 4543 3606 4583 con-

2026 4630 2137 4677 stat
2180 4628 2360 4676 autem
2396 4619 2857 4691 quemadmodum
2907 4628 3032 4691 post
3091 4617 3396 4676 Salvatoris
3425 4620 3606 4676 nostri

2023 4721 2293 4782 tempora,
2322 4727 2447 4766 cum
2483 4711 2711 4767 obsessa
2765 4707 2962 4764 fuisset
3019 4723 3084 4763 ac
3121 4715 3339 4763 vastata
3381 4706 3608 4762 Jerusa-

2021 4807 2150 4869 lem,
2173 4805 2423 4861 sublatus
2444 4810 2551 4867 est,
2584 4810 2638 4857 et
2662 4801 2731 4857 ad
2759 4810 3059 4857 extremam
3112 4800 3411 4871 perniciem
3463 4798 3608 4868 reje-

2022 4906 2168 4963 ctus,
2210 4899 2304 4969 qui
2335 4912 2512 4968 usque
2540 4896 2609 4951 ad
2639 4895 2773 4950 illud
2820 4902 3039 4964 tempus
3086 4900 3315 4948 steterat
3362 4889 3605 4947 Judaica:

2022 4990 2201 5061 gentis
2241 4991 2419 5060 legum
2478 5002 2615 5043 usus
2665 4985 2956 5057 omnisque
2987 4984 3349 5055 principatus.
3372 4982 3606 5038 Verum-

2026 5092 2209 5138 tamen
2267 5083 2381 5154 jam
2426 5082 2614 5147 tertio,
2663 5095 2785 5151 qua
2821 5078 2891 5134 ad
2942 5077 3242 5149 {Egyptqu
3303 5074 3602 5147 pertinent,

2025 5190 2258 5248 quaque
2289 5175 2359 5229 ad
2389 5174 2497 5230 iter
2520 5173 2668 5245 quod
2703 5172 2761 5228 in
2798 5172 2945 5228 illam
2979 5178 3066 5227 est
3098 5165 3607 5233 factum,divinitus

2027 5269 2286 5341 praedicta
2324 5273 2456 5324 sunt
2483 5283 2499 5323 :
2531 5267 2676 5338 quod
2711 5266 2757 5322 si
2788 5265 2912 5336 quis
2960 5263 3112 5319 nullo
3157 5262 3320 5318 modo
3369 5261 3606 5316 fateatur

2024 5379 2089 5417 ea
2132 5370 2323 5418 nostro
2369 5359 2645 5415 Salvatori
2675 5358 2992 5420 convenire,
3021 5362 3076 5409 at
3125 5355 3318 5410 saltem
3359 5368 3486 5409 cum
3538 5366 3605 5408 ea

2026 5453 2314 5509 Mattbaeus
2341 5451 2679 5523 apposuerit,
2717 5449 2786 5505 de
2811 5447 3131 5504 testimonio
3166 5444 3313 5517 quod
3344 5454 3429 5500 est
3458 5443 3604 5516 apud
3685 5464 3705 5485 σ

348 5556 548 5612 Mosem
581 5559 649 5615 ab
693 5538 786 5614 illo
820 5563 1064 5627 accepta,
1098 5571 1166 5610 ne
1187 5561 1367 5624 neget,
1411 5551 1560 5624 quod
1610 5550 1775 5622 paulo
1833 5557 1958 5604 ante
1995 5547 2375 5611 tractavimus,
2415 5543 2546 5599 dum
2565 5542 2697 5597 illud
2717 5541 2885 5614 ‘28
2919 5559 2934 5596 :
2973 5539 3148 5597 «Deus
3173 5538 3330 5594 duxit
3358 5538 3512 5594 illum
3534 5553 3602 5593 ex

344 5648 603 5720 Aﬂgypto,
649 5670 669 5702 ›
700 5662 1044 5712 enarreinus,
1074 5643 1299 5717 quando
1333 5649 1402 5699 ne
1446 5642 1567 5712 ipse
1602 5637 1823 5711 quidem
1843 5634 2202 5707 evangelista,
2231 5650 2291 5692 se
2314 5634 2386 5690 ab
2411 5632 2590 5704 ipsius
2635 5628 2791 5686 Oscae
2820 5629 3105 5702 prophetia
3147 5628 3433 5685 oraculum
3506 5643 3601 5684 ac-

345 5740 559 5811 cepisse
588 5741 868 5801 indicavit.
912 5747 971 5796 ut
1018 5739 1381 5807 undecunque
1409 5740 1721 5806 quaerentes
1768 5731 1982 5809 possint
2022 5729 2099 5787 illi
2130 5728 2442 5800 ubicunque
2482 5725 2721 5798 positum
2752 5724 2847 5790 sit,
2896 5723 3141 5783 invenire
3179 5740 3194 5778 :
3232 5721 3305 5779 ibi
3349 5720 3601 5780 videlicet

348 5831 490 5889 unde
513 5847 611 5905 par
635 5840 718 5889 est
739 5832 1127 5906 evangelistam
1154 5826 1287 5886 illud
1318 5823 1637 5900 protulisse.
