4098 6436
504 361 607 421 667

576 477 656 531 Ab
691 477 863 533 Isara.
895 509 961 518 —
1000 477 1078 533 De
1128 478 1357 562 Joannis
1393 480 1449 534 in
1500 482 1708 538 deserto
1758 481 2022 552 praedica-

1217 559 1376 604 ιιοηθ.

578 684 598 717 ι
634 661 751 718 Vox
772 663 1057 718 clamantis
1075 663 1128 717 in
1156 662 1404 718 deserto:
1429 662 1627 720 Parate
1652 667 1794 720 viam
1823 666 2079 723 Domini:

505 763 680 809 rectas
715 752 876 807 facite
905 752 1132 807 semitas
1161 752 1303 821 ejus.
1332 753 1525 809 Omnis
1558 756 1715 810 vallis
1748 757 2080 827 implebitur,

500 856 554 901 et
579 846 761 901 omnis
787 860 944 898 mons
964 852 1017 898 et
1035 845 1194 900 collis
1214 846 1598 901 humiliabitur
1631 865 1645 901 :
1678 857 1733 902 et
1763 858 1923 903 erunt
1957 866 2083 920 pra-

499 954 566 994 va
591 939 642 991 in
663 946 892 1000 rectam,
919 944 973 991 et
1001 952 1210 1007 aspera:
1236 938 1289 991 in
1320 938 1438 992 vias
1466 939 1655 1008 planas
1693 959 1705 993 :
1735 949 1789 994 ct
1809 940 2081 997 videbitur

499 1030 672 1100 gloria
710 1029 946 1085 Domini.
984 1030 1048 1083 Et
1077 1030 1281 1084 videbit
1316 1031 1498 1084 oumis
1526 1045 1657 1086 caro
1687 1032 1930 1087 salutare
1961 1032 2075 1099 Dei,

497 1122 757 1193 quoniam
802 1121 1068 1177 Dominus
1095 1122 1311 1176 loeutus
1339 1120 1502 1176 est“.
1538 1141 1556 1173 ι
1585 1120 1700 1176 Hoc
1732 1138 1949 1194 quoque
1985 1140 2080 1177 va-

496 1215 745 1269 ticinium
782 1215 1074 1284 oportebat
1134 1213 1237 1268 sub
1291 1211 1595 1268 Salvatoris
1638 1216 1814 1269 nostri
1864 1222 2077 1285 tempus

497 1324 656 1361 suum
692 1306 851 1360 finem
903 1306 1241 1376 contingere.
1278 1304 1576 1371 Quocirca,
1615 1312 1675 1359 ut
1701 1305 1844 1376 apud
1872 1304 2075 1361 Lucam

493 1400 883 1468 eVangclistain
921 1398 1187 1468 scriptum
1210 1404 1321 1461 est,
1367 1417 1387 1449 ι
1427 1398 1486 1452 In
1521 1413 1669 1452 anno
1698 1400 1893 1469 quinto
1925 1399 2077 1455 deci-

495 1506 586 1545 mo
615 1491 828 1559 ltltpt‘l'ii
857 1488 1061 1544 Tiberii
1092 1490 1348 1555 (iazsaris,
1385 1499 1711 1560 procurante
1757 1490 1955 1545 Pontio
1984 1490 2076 1546 Pi-

495 1579 882 1641 latoJudazam,
911 1603 930 1632 υ
952 1581 1274 1651 exterisque
1296 1582 1687 1652 imperantibus
1712 1584 1802 1652 qui
1821 1599 1945 1637 eum
1970 1585 2074 1639 hoc

494 1680 983 1735 connumerantur,
1028 1690 1047 1721 ι
1088 1672 1290 1726 factum
1319 1680 1403 1728 est
1432 1673 1657 1727 verbum
1684 1672 1776 1727 Dei
1806 1674 1872 1728 ad
1905 1673 2075 1729 Joan-

494 1778 618 1818 nem
661 1763 941 1819 Zacbaria:
974 1764 1166 1828 filium,
1207 1765 1261 1818 in
1294 1764 1532 1820 deserto.
1579 1764 1645 1818 Et
1675 1781 1799 1819 cum
1834 1766 2070 1821 venisset

1115 359 1387 418 EUSEBII
1429 361 1913 418 CASSARIENSJS
1955 361 2104 419 OPI‘.
2167 359 2367 416 PARS.
2416 358 2560 416 3.-
2600 356 3097 414 APOLOGETJCA.

2118 488 2165 542 Α
2205 479 2339 535 Ἀπὸ
2366 479 2474 535 τοῦ
2514 480 2777 536 Ἡσαΐου.
2806 509 2875 520 -
2903 479 3042 549 Περὶ
3070 475 3177 533 τοῦ
3205 474 3355 531 κατὰ
3392 470 3507 540 τὴν
3541 470 3764 539 ἐρημω-

3660 351 3763 407 (568

2640 549 2909 605 Ἰωάννου
2939 550 3328 620 κηρύγματος.

2265 682 2285 716 ι
2310 663 2465 735 Φωνὴ
2499 661 2730 734 βοῶντος
2783 664 2838 716 ἐν
2887 665 2953 734 τῇ
3007 663 3224 734 ἐρήμην
3272 658 3623 729 Ἑτοιμάσατε
3664 653 3762 725 τὴν

2187 754 2305 809 ὁδὸν
2337 755 2544 826 Κυρίου
2563 770 2576 784 ο
2608 752 2822 816 εὐθείας
2841 755 3044 806 ποιεῖτε
3068 753 3165 816 τὰς
3188 749 3409 821 τρίϐους
3435 746 3617 801 αὑτοῦ.
3649 746 3763 799 [Id-

2190 861 2257 898 σα
2292 844 2507 917 φάραγξ
2540 843 2977 915 πληρωθήσεται,
3011 844 3104 896 καὶ
3152 843 3259 896 πᾶν
3286 841 3407 912 ὅρος
3441 838 3534 893 καὶ
3575 837 3762 909 βουνὸς

2184 937 2687 1008 ταπεινωθήσεται·
2727 938 2821 991 καὶ
2864 936 3015 989 ἔσται
3060 937 3128 990 τὰ
3176 934 3362 988 σκολιὰ
3396 936 3473 997 είς
3518 932 3756 999 εὐθεῖαν,

2184 1032 2280 1084 καὶ
2304 1032 2358 1083 ai
2391 1032 2639 1101 τραχεῖαι
2666 1031 2747 1093 εἰς
2779 1028 2930 1091 ὀδοὺς
2957 1027 3135 1091 λείας*
3164 1027 3259 1080 καλ¹
3286 1025 3579 1097 ὀφθήσεται
3609 1028 3641 1096 ἡ
3670 1025 3759 1080 δό-

2185 1123 2253 1191 ξα
2284 1123 2512 1193 Κυρίου.
2550 1122 2660 1175 Καὶ
2687 1119 2874 1190 ὄψεται
2921 1120 3067 1173 πᾶσα
3112 1118 3247 1190 σὰρξ
3274 1118 3335 1172 τὸ
3369 1119 3629 1189 σωτήριον
3659 1116 3756 1172 τοῦ

2182 1215 2341 1279 Θεοῦ,
2372 1217 2453 1267 ὅτι
2482 1213 2686 1285 Κύριος
2701 1211 3169 1283 ἐλάλησεν.›“Ἐδει
3202 1213 3294 1264 καὶ
3313 1208 3514 1279 ταύτην
3542 1207 3756 1263 ἐπὶτῶν

2182 1309 2385 1380 χρόνων
2436 1305 2531 1360 τοῦ
2577 1306 2826 1377 Σωτῆρος
2875 1303 3029 1376 ἡμῶν
3076 1304 3168 1358 ἐπὶ
3214 1303 3385 1375 πέρας
3432 1302 3605 1356 ἐλθεῖν
3655 1303 3755 1375 τὴν

2181 1402 2501 1473 πρόρρησιν.
2536 1399 2736 1469 Διόπερ
2778 1399 2917 1452 κατὰ
2964 1398 3056 1452 τὸν
3098 1397 3487 1468 εὐαγγελιστὶψ
3517 1398 3757 1461 Λουκᾶν,

2185 1513 2205 1544 ι
2229 1493 2315 1547 Ἐν
2358 1492 2468 1545 ἔτει
2522 1489 2987 1560 πεντεκαιδεκάτῳ
3036 1489 3132 1559 τῆς
3178 1488 3471 1560 ἡγεμονίας
3502 1487 3753 1560 Τιϐερίου

2180 1584 2476 1656 Καίσαρος,
2507 1579 2958 1653 ἐπιτροπεύοντος
2985 1580 3207 1634 Ποντίου
3240 1578 3475 1633 Πιλάτου
3501 1579 3599 1651 τῆς
3621 1579 3754 1633 Ἰου-

2177 1677 2349 1740 δαίας,
2373 1697 2391 1728 ι
2418 1677 2512 1730 καὶ
2548 1676 2655 1729 τῶν
2676 1675 2851 1746 τούτῳ
2901 1673 3442 1746 συναριθμουμένων,
3473 1692 3493 1723 ι
3533 1671 3752 1741 ἐγένετο

2179 1766 2332 1837 ῥῆμα
2350 1764 2484 1819 Θεοῦ
2524 1766 2617 1819 ἐπὶ
2657 1764 2907 1835 Ἰωάννην
2936 1764 3027 1817 τον
3054 1761 3149 1816 τοῦ
3180 1761 3445 1832 Ζαχαρίου
3474 1761 3585 1815 υἱὸν
3605 1763 3661 1815 ἐν
3686 1763 3751 1833 τῇ

492 1854 549 1908 in
577 1872 791 1910 omnem
819 1863 1045 1921 terram,
1076 1872 1198 1927 qua:
1223 1865 1308 1911 est
1350 1858 1560 1913 circum
1591 1856 1906 1924 Jordancm,
1936 1876 2058 1930 pne-

2174 1859 2394 1929 ἐρήμῳο
2428 1858 2487 1922 ὃς
2520 1856 2687 1912 ἐλθὼν
2717 1859 2797 1920 είς
2826 1858 3009 1910 πᾶσαν
3039 1856 3136 1927 τὴν
3170 1855 3475 1927 περίχωρον
3499 1852 3592 1908 τοῦ
3620 1854 3757 1925 Ἰορ-

491 1945 689 2002 dicavit
717 1949 989 2017 baptisma
1027 1950 1364 2020 pmnitentim
1385 1951 1437 2005 in
1467 1951 1845 2007 remissionem
1875 1968 2071 2022 pecta—

493 2047 670 2094 torum
694 2040 758 2094 ³³.
789 2059 807 2090 ι
847 2039 1007 2096 Hisce
1036 2051 1219 2095 autem
1252 2043 1584 2111 evangelista
1616 2042 1803 2112 adjicit
1824 2045 2072 2099 testimo-

490 2133 662 2189 nium.
686 2130 917 2189 dicens:
953 2152 970 2182 ι
1001 2131 1158 2187 Sicut
1187 2133 1452 2203 scriptum
1483 2141 1568 2187 est
1599 2134 1652 2188 itt
1687 2135 1827 2189 libro
1855 2151 2068 2191 sermo-

489 2239 620 2277 num
646 2222 799 2278 lsaize
832 2224 1109 2293 propheta!
1142 2243 1157 2279 :
1189 2222 1307 2279 Vox
1344 2225 1635 2280 clamantis
1693 2226 1747 2279 in
1796 2226 2015 2283 deserto
2051 2248 2064 2283 :

486 2315 683 2372 Paratc
710 2319 851 2371 viam
904 2316 1196 2375 Domini.“
1224 2361 1240 2385 ,
1276 2336 1295 2369 >
1340 2327 1394 2372 et
1425 2334 1546 2388 qua:
1565 2329 1892 2389 sequuntur.
1926 2319 2068 2388 Quid

486 2411 653 2481 igitur
686 2411 903 2464 tandem
934 2411 1083 2464 aliud
1119 2410 1392 2465 eiamabat
1421 2410 1650 2465 Joannis
1686 2414 1775 2466 illa
1804 2414 1857 2467 in
1888 2415 2070 2470 deser-

483 2511 542 2556 to
572 2503 879 2573 prmdieans
907 2519 1010 2557 vox
1046 2502 1111 2557 ad
1163 2498 1352 2559 turbas
1404 2513 1695 2568 exeuntes,
1749 2512 1807 2559 ut
1838 2506 1907 2559 ab
1947 2506 2068 2576 ipso

483 2594 921 2667 baptizarenttrr,
965 2606 1224 2666 tanquam
1272 2596 1340 2652 ad
1388 2598 1602 2667 rcptilia
1644 2597 1870 2661 deserti,
1902 2614 2065 2668 quam

483 2683 818 2737 conveniens
869 2686 1452 2754 acemnmodatumque
1503 2686 1677 2741 illud:
1726 2705 1745 2738 ι
1808 2686 2065 2742 Germina

482 2769 815 2840 viperarum,
845 2775 969 2843 quis
1000 2774 1247 2829 ostendit
1302 2775 1458 2829 vobis
1505 2775 1696 2846 fugere
1746 2791 1774 2829 ο
1832 2786 2063 2831 ventura

480 2861 562 2916 ira
596 2863 681 2916 '7?
712 2884 730 2916 ι
782 2864 848 2918 Ει
880 2881 1075 2920 rursus
1104 2866 1234 2919 dum
1274 2881 1473 2936 pravas
1514 2867 1728 2920 animas
1764 2866 1818 2921 in
1859 2877 2061 2934 rectas,

479 2963 534 3010 et
566 2970 791 3025 asperas
826 2958 879 3011 in
920 2959 1036 3012 vias
1058 2958 1247 3027 planas
1288 2966 1527 3027 reparat.
1556 2960 1774 3015 dicebat
1814 2959 2005 3015 iisdem
2045 2980 2058 3016 :

485 3062 506 3098 ι
546 3042 734 3102 Facite
766 3048 932 3118 igitur
982 3047 1196 3104 fruetus
1238 3049 1433 3120 dignos
1466 3051 1801 3120 pmnitentim
1827 3051 1895 3106 ³⁸.
1940 3071 1958 3103 ι
1995 3050 2061 3106 Et

478 3133 597 3191 haec
658 3138 869 3193 scilicet
930 3139 1367 3207 complebantur,
1437 3141 1566 3195 dum
1630 3139 1870 3197 Joannes
1915 3158 2059 3212 prie-

475 3233 707 3301 parabat
736 3249 832 3288 eos
885 3235 977 3304 qui
1026 3234 1195 3289 visuri
1246 3245 1403 3289 erant
1439 3236 1670 3306 gloriam
1726 3236 1963 3302 Domini,
2003 3244 2059 3292 et

474 3325 623 3393 quod
685 3335 914 3381 vocatur
980 3326 1221 3382 salutare
1285 3326 1415 3395 Dei,
1481 3328 1628 3399 quod
1679 3328 1901 3400 quidem
1969 3329 2059 3383 ni-

474 3414 555 3471 hil
592 3415 737 3470 aliud
796 3426 911 3484 est,
956 3433 1119 3491 quam
1180 3418 1439 3475 Christus
1473 3459 1488 3482 ,
1552 3421 1697 3476 sicut
1750 3422 1938 3477 verbis
1990 3422 2057 3475 il-

474 3508 545 3564 lis
612 3509 939 3565 testificatur
992 3529 1005 3565 :
1067 3528 1087 3563 ι
1151 3509 1266 3581 Ego
1314 3512 1536 3582 quidem
1600 3527 1700 3567 vos
1761 3527 1901 3585 aqua
1959 3511 2057 3566 ba-

473 3599 623 3672 ptizo
681 3618 695 3655 :
754 3600 902 3655 venit
950 3607 1130 3655 autem
1196 3600 1393 3655 fortior
1427 3617 1513 3657 me
1556 3610 1682 3673 post
1723 3618 1843 3668 me,
1889 3600 2057 3675 429

472 3692 632 3762 cujus
672 3706 781 3746 non
824 3707 946 3747 sum
984 3692 1183 3764 dignus
1231 3695 1607 3750 caleeamenta
1660 3703 1895 3765 gestare.
1937 3693 2056 3764 Ipse

472 3800 570 3841 vos
607 3785 904 3856 baptizabit
946 3786 1002 3839 in
1048 3785 1255 3856 Spiritu
1306 3795 1500 3843 sancto
1548 3796 1603 3841 et
1633 3791 1758 3857 igne
1791 3787 1856 3842 ³⁸.
1892 3807 1910 3839 ι
1947 3786 2052 3853 Qui

476 3878 644 3933 ctiam
695 3893 821 3931 cum
882 3876 1069 3933 Jesum
1133 3878 1361 3934 vidisset
1406 3879 1732 3941 venientem,
1781 3879 2045 3935 exclanm-

468 3969 547 4025 vit
597 3989 609 4025 :
656 3988 676 4018 ι
725 3968 868 4025 Ecce
906 3969 1097 4041 Agnus
1122 3969 1213 4024 Dei
1242 3971 1332 4040 qui
1360 3971 1502 4024 tollit
1526 3978 1809 4041 peceatum
1838 3971 2048 4025 mundi.

470 4059 573 4115 Jlic
616 4066 723 4126 est,
757 4060 827 4115 de
859 4077 969 4131 quo
999 4077 1100 4133 ego
1135 4061 1251 4117 dixi
1284 4081 1297 4117 :
1325 4061 1569 4119 Post’me
1616 4063 1767 4118 venit
1817 4062 1924 4127 vir,
1956 4064 2053 4134 qui

470 4160 597 4207 ante
630 4168 716 4207 me
752 4152 932 4209 factus
969 4163 1054 4211 est
1073 4152 1139 4208 δ’.
1174 4174 1193 4207 ι
1223 4155 1380 4222 Quod
1413 4170 1544 4210 vero
1582 4155 1725 4210 idem
1774 4164 1920 4211 esset
1960 4173 2052 4211 sa-

468 4245 645 4299 lutare
672 4244 788 4307 Dei,
823 4245 1044 4302 Simeon
1073 4262 1293 4317 quoque
1331 4247 1659 4303 testificatus
1697 4256 1803 4312 est,
1831 4250 1923 4319 qui
1960 4264 2052 4303 ae-

469 4345 629 4406 eepto
661 4338 716 4393 in
763 4339 923 4393 ulnas
969 4354 1142 4409 puero
1173 4339 1326 4402 Jesu,
1360 4340 1496 4394 dixit
1527 4360 1541 4395 :
1571 4360 1590 4391 ι
1621 4340 1777 4396 Nunc
1816 4342 2048 4399 dimittis

469 4441 688 4481 servum
723 4436 897 4491 tuum,
933 4427 1180 4496 Domine,
1217 4433 1518 4501 secundum
1543 4433 1765 4487 verbum
1785 4441 1961 4497 tuum,
1991 4436 2045 4489 in

467 4533 622 4588 pace.
651 4518 790 4587 Quia
814 4520 1071 4576 viderunt
1102 4523 1247 4576 oculi
1278 4523 1385 4577 mei
1419 4524 1657 4579 salutare
1687 4531 1863 4589 tuutn,
1898 4524 2045 4595 quod

2174 1948 2354 2012 δάνου,
2412 1950 2682 2020 ἐκήρυσσε
2736 1947 3017 2019 βάπτισμα
3081 1946 3368 2017 μετανοίας
3425 1947 3504 2009 εἰς
3556 1945 3749 2014 ἄτεσιν

2174 2039 2480 2112 ἁμαρτιῶν.
2512 2065 2530 2093 ο
2566 2039 2789 2103 Τούτοις
2830 2038 2873 2092 δ’
2910 2034 3002 2092 οὖν
3033 2038 3061 2089 6
3087 2036 3476 2108 εὐαγγελιστὴς
3520 2037 3752 2108 ἐπιμαρο

2168 2136 2323 2203 τυρεί
2372 2131 2584 2201 λέγων·
2626 2151 2645 2182 ι
2672 2129 2869 2194 Καθὼς
2914 2130 3223 2199 γέγραπται
3268 2130 3325 2182 ἐν
3366 2127 3530 2198 βίϐλῳ
3574 2127 3751 2197 λόγων

2179 2225 2399 2279 Ἡσαΐου
2424 2226 2518 2279 τοῦ
2549 2225 2826 2297 προφήτου
2847 2240 2861 2254 ’
2902 2222 3056 2295 Φωνὴ
3114 2221 3343 2293 βοῶντος
3362 2223 3420 2275 ἐν
3440 2224 3507 2293 τῇ
3533 2222 3746 2292 ἐρήμῳο

2182 2316 2539 2384 Ἑτοιμάσατε
2571 2314 2670 2386 τὴν
2701 2315 2819 2369 ὁδὸν
2843 2312 3047 2385 Κυρίου
3070 2333 3084 2346 ο
3110 2332 3128 2364 ι
3165 2312 3259 2366 καὶ
3296 2310 3366 2364 τὰ
3395 2312 3539 2382 ἐξῆς.
3577 2310 3641 2364 Τί
3680 2311 3753 2385 δὴ

2168 2402 2260 2460 οὖν
2294 2405 2423 2460 ἐϐόα
2463 2408 2496 2477 ἡ
2544 2406 2634 2460 διὰ
2679 2405 2772 2459 τοῦ
2820 2405 3067 2459 Ἰωάννου
3098 2404 3248 2476 φωνὴ
3276 2404 3369 2457 ἐπὶ
3411 2403 3512 2474 τῆς
3539 2403 3744 2475 ἐρήμου

2167 2497 2515 2568 κηρύσσουσα
2548 2496 2580 2567 ἢ
2612 2500 2725 2560 τοῖς
2769 2495 3225 2567 ἐκπορευομένοις
3251 2494 3428 2566 δχλοις
3455 2494 3751 2567 βαπτισθῆ-

2165 2604 2253 2642 ναι
2287 2589 2376 2641 ὑπ“
2401 2587 2588 2651 αὑτοῦ,
2624 2588 2699 2651 ὡς
2728 2589 2976 2660 ἑρπετοῖς
3007 2589 3212 2659 ἐρήμου
3258 2587 3635 2658 τυγχάνουσιν,
3669 2590 3746 2641 ci-

2166 2680 2328 2744 κείως
2357 2683 2420 2752 τῇ
2454 2681 2792 2753 προφητείαν
2828 2699 2849 2733 ι
2878 2680 3198 2751 Γεννήματα
3226 2678 3468 2750 ἐχιδνῶν,
3501 2679 3584 2742 τίς
3616 2679 3749 2732 ὑπέ-

2163 2773 2333 2838 δειξεν
2361 2774 2489 2843 ὑμῖν
2512 2776 2699 2842 φυγεῖν
2722 2773 2829 2827 ἀπὸ
2854 2771 2956 2841 τῆς
2978 2771 3276 2842 μελλούσης
3296 2773 3497 2843 όργῆς;
3526 2790 3545 2822 ι
3576 2770 3744 2825 Πάλιν

2168 2880 2229 2917 τε
2248 2860 2313 2917 αὖ
2338 2864 2436 2929 τὰς
2458 2864 2679 2927 σκολιὰς
2698 2861 2868 2933 ψυχὰς
2894 2862 2972 2924 εἰς
2991 2861 3222 2925 εὐθείας,
3241 2861 3337 2916 καὶ
3363 2863 3461 2925 τὰς
3489 2863 3742 2935 τραχείας

2164 2958 2244 3020 είς
2276 2956 2429 3019 ὀδοὺς
2462 2955 2612 3019 λείας
2640 2955 3123 3027 μετασκευάζουσα
3152 2954 3358 3023 ἔφασκε
3385 2958 3498 3017 τοῖς
3527 2955 3709 3019 αὐτοῖς
3728 2972 3745 2985 ·

2169 3072 2189 3104 ι
2217 3054 2487 3124 Ποιήσατε
2539 3049 2631 3108 οὖν
2694 3054 2942 3125 καρποὺς
2994 3053 3176 3119 ἀξίους
3226 3053 3326 3123 τῆς
3376 3054 3680 3124 μετανοίας.
3714 3075 3735 3107 ι

2163 3146 2273 3200 Καὶ
2344 3144 2518 3199 ταῦτά
2578 3163 2642 3215 γε
2715 3146 3046 3200 συνετελεῖτο
3122 3147 3740 3218 προπαρασκευάζοντος

2087 3216 2127 3272 C
2173 3239 2418 3293 Ἰωάννου
2468 3239 2596 3303 τοὺς
2643 3238 2938 3311 ὀψομένους
2982 3239 3080 3311 τὴν
3125 3216 3280 3304 δόξαν
3311 3216 3537 3311 Κυρίου,
3563 3240 3733 3296 καὶτὸ

2157 3329 2493 3402 καλούμενον
2524 3333 2791 3403 σωτήριον
2821 3331 2917 3385 τοῦ
2959 3330 3115 3396 Θεοῦ,
3141 3333 3239 3385 οὐκ
3284 3332 3441 3387 ἄλλον
3484 3334 3606 3387 ὅντα
3636 3330 3727 3386 τοῦ

2155 3422 2412 3493 Χριστοῦ,
2453 3424 2528 3487 ὼς
2565 3423 2864 3495 ἐμαρτύρει
2919 3422 3122 3493 λέγων·
3165 3442 3184 3475 ι
3237 3423 3379 3494 Ἐγὼ
3431 3424 3532 3496 μὲν
3589 3424 3730 3496 ὑμᾶς

2156 3514 2308 3569 ὕδατι
2326 3514 2600 3586 βαπτίζω·
2635 3516 2852 3587 ἔρχεται
2881 3515 2939 3569 δὲ
2980 3518 3009 3569 6
3048 3517 3394 3590 ἰσχυρότερός
3424 3534 3525 3589 μου
3562 3516 3735 3572 όπίσω

2158 3622 2290 3677 μου’
2332 3602 2401 3662 νοῦ
2443 3608 2543 3661 ούκ
2589 3609 2705 3678 εἰμὶ
2753 3608 2900 3673 ἄξιος
2984 3607 3051 3662 τὰ
3143 3611 3466 3681 ὑποδήματα
3536 3610 3740 3681 βαστά-

2157 3715 2266 3763 σαι,
2323 3701 2485 3764 αὐτὸς
2538 3700 2682 3771 ὑμᾶς
2728 3699 2976 3770 βαπτίσει
3032 3703 3090 3754 ἐν
3135 3702 3411 3772 Πνεῦματι
3456 3702 3597 3774 ἁγίῳ
3644 3704 3738 3757 καὶ

2154 3789 2306 3860 πυρί.
2374 3809 2393 3841 ι
2436 3792 2532 3854 Ὃς
2558 3791 2651 3844 καὶ
2682 3789 2804 3845 ίδὼν
2832 3791 2924 3844 τὸν
2963 3791 3171 3863 Ἰησοῦν
3204 3793 3495 3865 ἐρχόμενον
3527 3794 3737 3864 ἀνειρώ-

2152 3897 2313 3950 νησεν
2337 3898 2351 3911 ο
2392 3900 2412 3933 ι
2454 3882 2550 3937 Ἰδὲ
2602 3885 2631 3936 6
2669 3882 2857 3953 Ὰμνὸς
2883 3882 2976 3937 τοῦ
3023 3884 3157 3938 Θεοῦ
3194 3887 3223 3938 6
3254 3884 3422 3957 αἴρων
3465 3886 3737 3957 ἁμαρτίαν

2151 3970 2245 4023 τοῦ
2299 3972 2527 4042 κόσμου.
2612 3968 2781 4039 Οὗτός
2834 3977 2949 4028 ἐστι
2980 3975 3107 4046 περὶ
3139 3969 3199 4030 οὗ
3237 3970 3419 4029 εἶπονο
3482 3995 3498 4026 ι
3525 3976 3732 4027 Ὀπίσω

2156 4078 2257 4133 μου
2310 4061 2534 4134 ἔρχεται
2589 4064 2764 4138 ἀνὴρ,
2823 4066 2883 4130 ὃς
2941 4065 3246 4138 ἔμπροσθέν
3302 4083 3403 4136 μου
3474 4066 3727 4134 γέγονε.»

2151 4155 2255 4209 Τὸν
2303 4157 2467 4210 αὑτὸν
2519 4157 2574 4211 δὲ
2623 4154 2761 4213 εἶναι
2817 4159 2878 4212 τὸ
2929 4161 3193 4229 σωτήριον
3246 4157 3339 4209 τοῦ
3378 4155 3512 4209 Θεοῦ
3561 4153 3655 4207 καὶ
3699 4155 3730 4205 ό

2150 4246 2373 4318 Συμεὼν
2432 4250 2815 4322 ἐμαρτύρησεν
2843 4291 2860 4317 ,
2893 4250 2953 4312 ὃς
2998 4248 3175 4302 λαϐὼν
3235 4249 3328 4300 ἐπὶ
3382 4249 3500 4308 ταῖς
3554 4246 3729 4313 ἀγκά-

2148 4340 2266 4405 λαις
2322 4341 2520 4414 βρέφος
2570 4342 2701 4396 ὄντα
2736 4342 2828 4396 τὸν
2894 4340 3132 4412 Ἰησοῦν,
3190 4337 3329 4409 ἔφη·
3376 4356 3394 4388 ι
3433 4336 3548 4390 Νῦν
3595 4338 3728 4390 ἁπο-

2147 4434 2293 4499 λύεις
2336 4435 2426 4488 τὸν
2464 4434 2643 4488 δοῦλον
2672 4451 2764 4487 σου
2784 4472 2799 4496 ,
2825 4433 3067 4485 Δέσποτα
3086 4469 3101 4493 ,
3154 4429 3294 4483 κατὰ
3318 4429 3379 4482 τὸ
3424 4429 3576 4501 ῥῆμά
3609 4446 3725 4494 σου,

2149 4527 2208 4579 ἐν
2254 4528 2462 4599 εἰρήνῃ.
2532 4527 2652 4579 Ὅτι
2691 4521 2828 4579 εἶδον
2877 4526 2927 4577 οἱ
2981 4521 3246 4591 ὀφθαλμοί
3298 4539 3399 4591 μου
3448 4523 3508 4575 τὸ
3560 4520 3730 4591 “nﬁ-

466 4613 672 4683 parasti
702 4621 831 4669 ante
868 4613 1061 4669 faciem
1096 4615 1339 4669 omnium
1376 4616 1725 4685 populorum,
1757 4616 1939 4672 lumen
1973 4617 2040 4672 ad

2161 4620 2261 4672 οιόν
2318 4635 2444 4682 σου,
2509 4618 2539 4671 6
2577 4618 2883 4688 ἡτοίμασας
2944 4613 3087 4669 κατὰ
3155 4613 3443 4684 πρόσωπον
3510 4613 3727 4666 πάντων

464 4705 856 4761 revelationem
892 4707 1137 4777 gentium
1159 4708 1228 4761 υ.
1265 4727 1283 4759 ι
1328 4706 1540 4772 Quibus
1567 4708 1732 4761 etiam
1777 4708 2044 4779 prepbeta

462 4800 762 4864 consentit,
793 4799 921 4853 dum
963 4800 1078 4853 ait:
1109 4818 1127 4850 ι
1161 4798 1227 4852 Ει
1259 4799 1465 4854 videbit
1511 4801 1690 4855 omnis
1722 4816 1853 4855 caro
1894 4803 2045 4857 salu-

462 4899 579 4946 tare
610 4890 721 4945 Dei.
758 4910 776 4943 ι
814 4890 952 4946 Illud
992 4892 1161 4957 enim,
1201 4910 1221 4942 ι
1248 4892 1427 4947 omnis
1476 4907 1626 4957 caro,
1666 4911 1684 4943 ι
1720 4908 1820 4964 pro
1864 4894 2043 4949 omni-

459 4986 564 5040 bus
595 4985 853 5053 gentibus
895 4984 1106 5039 dictum
1147 4992 1250 5039 est.
1304 4984 1372 5039 Ut
1416 4991 1599 5039 autem
1630 4985 2043 5043 demonstretur

458 5079 737 5147 quomodo
783 5078 901 5133 haec
943 5094 1104 5134 suum
1151 5079 1312 5133 finem
1355 5079 1707 5150 contigerint,
1754 5088 1810 5135 et
1852 5089 2040 5149 gentes

457 5166 740 5223 Christum
778 5168 871 5223 Dei
900 5170 1244 5240 agnoverint,
1276 5170 1463 5226 multis
1489 5186 1599 5225 non
1633 5187 1773 5242 opus
1800 5180 1884 5227 est
1919 5188 2041 5228 ver-

457 5260 545 5317 bis
579 5280 592 5317 :
625 5270 679 5317 et
712 5278 836 5333 qum
862 5262 1080 5332 quidem
1111 5264 1177 5317 ad
1207 5265 1429 5318 verbum
1460 5266 1638 5320 solent
1669 5264 2035 5332 considerari,

458 5354 515 5409 in
547 5355 693 5411 hunc.
757 5357 1026 5427 completa
1079 5364 1208 5413 sunt
1253 5357 1502 5414 modum.
1558 5358 1827 5413 Czeterum
1881 5357 2035 5427 quid,

458 5462 665 5516 quasso,
709 5448 812 5503 fuit
842 5450 897 5503 in
945 5465 1132 5512 causa,
1176 5458 1237 5504 ut
1267 5465 1376 5503 non
1408 5450 1463 5504 in
1495 5451 1729 5505 urbibus
1771 5463 1949 5518 neque
1978 5449 2033 5503 in

459 5538 577 5607 ipsa
609 5537 935 5605 Jerusalem,
974 5543 1068 5598 sed
1099 5542 1425 5605 indeserto,
1450 5540 1692 5597 Joannes
1720 5549 2035 5611 suggestum

457 5627 562 5684 sibi
608 5630 677 5686 ad
724 5632 1128 5702 praedicandum
1178 5634 1440 5704 elegerit?
1490 5635 1559 5689 ad
1611 5633 1715 5689 hoc
1761 5632 2034 5711 quispiam

528 5743 574 5776 "
607 5742 712 5801 lsa.
746 5764 813 5802 ιι.
836 5791 849 5809 ,
878 5748 1004 5803 5-5.
1082 5749 1127 5783 ³⁸
1168 5749 1299 5804 Luc.
1338 5769 1397 5806 ιιι
1421 5792 1434 5815 .
1500 5750 1613 5807 1³5.

458 5813 548 5880 19,
578 5817 666 5872 50.
752 5821 792 5850 “
838 5817 970 5877 Luc.
1012 5836 1088 5888 ιῐ,
1120 5821 1316 5878 29-5Ξ.

1692 5750 1737 5783 ιθ
1774 5750 1910 5806 ibid.
1948 5751 1999 5806 ι.
2079 5751 2121 5785 ιτ
2160 5749 2292 5807 ibid.
2334 5750 2384 5806 7.
2464 5749 2508 5782 ³·

2151 4710 2262 4764 τῶν
2326 4708 2509 4774 λαῶν,
2595 4708 2709 4777 φῶς
2785 4709 2866 4771 εἰς
2947 4706 3285 4775 ἀποκάλυψιν
3344 4704 3549 4765 ἐθνῶν*
3595 4723 3613 4755 ι
3645 4699 3730 4766 οἷς

2152 4800 2364 4873 συνᾴδει
2423 4801 2518 4853 καὶ
2576 4801 2605 4853 6
2661 4800 2948 4871 προφήτης
3024 4796 3231 4851 εἰπών·
3296 4815 3314 4847 ι
3353 4782 3463 4847 Καὶ
3536 4793 3727 4864 ὄψεται

2150 4896 2299 4949 πᾶσα
2370 4892 2506 4964 σὰρξ
2571 4892 2632 4946 τὸ
2698 4893 2962 4962 σωτήριον
3013 4889 3107 4943 τοῦ
3176 4887 3331 4941 Θεοῦ.
3365 4907 3383 4939 ι
3490 4886 3563 4940 T6
3617 4885 3726 4958 γὰρ

2154 5006 2173 5040 ι
2224 4988 2376 5041 πᾶσα
2451 4984 2587 5058 σὰρξ
2613 5034 2625 5048 ,
2680 5003 2700 5036 ι
2775 4983 2895 5037 ἀντὶ¹
2993 4981 3211 5036 πάντων
3310 4980 3523 5052 εἴρηται
3616 4978 3727 5032 τῶν

2148 5078 2337 5134 ἐθνῶν.
2392 5078 2579 5141 Ὅπως
2650 5076 2707 5129 δέ
2768 5075 2943 5129 ταῦτα
3014 5074 3197 5134 τέλους
3263 5071 3421 5143 ἔτυχε
3445 5112 3459 5136 ,
3517 5070 3611 5124 καὶ
3656 5070 3729 5123 τὰ

2146 5171 2273 5243 ἔθνη
2321 5170 2414 5223 τὸν
2451 5169 2685 5243 Χριστὸν
2741 5166 2956 5236 ἐπέγνω
3006 5166 3099 5219 τοῦ
3149 5164 3323 5229 Θεοῦ,
3383 5162 3608 5235 μακρῶν
3662 5162 3727 5215 οὐ

2144 5264 2225 5316 δεῖ
2268 5263 2461 5331 λόγων.
2530 5262 2639 5315 Καὶ
2699 5260 2768 5316 τὰ
2838 5260 2935 5331 μὲν
2993 5258 3131 5329 ῥητὰ
3189 5256 3374 5311 τοῦτον
3426 5254 3732 5325 ἐπληροῦτο

2142 5355 2234 5408 τὸν
2301 5354 2521 5425 τρόπον.
2610 5352 2674 5405 Τί
2714 5352 2757 5407 δ’
2784 5347 2852 5423 ἦν
2893 5350 2955 5403 τὸ
3003 5350 3174 5403 αἴτιον
3219 5346 3314 5401 τοῦ
3362 5345 3438 5417 μὴ
3472 5346 3529 5397 ἐν
3563 5343 3727 5397 πόλε-

2145 5462 2237 5510 σι,
2327 5443 2447 5516 μηδ’
2495 5444 2583 5497 ἐπ’
2634 5443 2801 5513 αὐτῆς
2846 5441 2946 5511 τῆς
3007 5434 3361 5510 Ἰερουσαλὴμ
3388 5472 3403 5498 ,
3474 5432 3587 5486 ἀλλ’
3634 5431 3731 5485 ἐπὶ

2143 5539 2244 5610 τῆς
2317 5540 2524 5610 ἐρήμου
2604 5535 2855 5606 Ἰωάννην
2918 5530 3256 5606 παρελθόντα
3307 5525 3630 5599 κηρύττειν;
3696 5526 3730 5578 ό

2148 5631 2247 5703 μέν
2295 5648 2381 5695 τις
2443 5632 2611 5701 φήσαι
2662 5628 2736 5683 ἂν
2786 5629 2868 5690 είς
2924 5623 3316 5694 ἀποπλήρωσιν
3363 5619 3463 5689 τῆς
3507 5632 3729 5689 προφηη

2576 5748 2709 5805 ibid.
2746 5746 2800 5802 8.
2880 5740 3100 5801 "ibid.
3157 5738 3246 5796 te.
3348 5734 3590 5799 “Joan.
3654 5749 3719 5805 ι,
