4098 6476
383 427 488 485 669

1252 422 1911 482 DEMONSTRATIONIS
1950 422 2414 480 EVANGELICJE
2466 424 2598 481 LIB.
2639 426 2731 480 IX.

3530 422 3639 478 670

378 552 531 616 τείας
592 550 751 605 τοῦτο
798 549 961 605 αὐτὸν
1006 548 1404 621 πεποιηκέναι’
1473 546 1589 601 ἀλλ’
1650 549 1684 601 ὁ
1725 544 1924 619 ἀκριϐῆ

2028 600 2029 606 η
2060 543 2293 601 τοι-ιίιεεε
2321 545 2686 616 responderit,
2720 544 2872 624 illum
2900 545 3007 601 hoc
3037 544 3234 603 fecisse
3264 554 3324 602 ut
3348 545 3632 617 prOpbetia

381 645 582 708 εὐθέως
628 641 932 710 ἐξετάζων,
997 639 1134 711 αὑτὴ
1183 638 1240 692 δὲ
1293 640 1326 710 ὴ
1376 638 1682 711 προφητεία
1725 637 1778 693 τί
1831 636 1950 690 ποτ’

377 734 486 807 ἄρα
535 734 818 805 σημαίνειν
869 730 1164 804 βουλομένη
1208 731 1306 803 τὴν
1348 730 1551 802 ἔρημον
1598 730 1691 784 καὶ
1730 729 1799 783 τὰ
1830 731 1950 783 κατ’

374 822 545 893 αὐτὴν
592 821 816 892 ἐδήλου,
868 819 1168 874 πεύσεται*
1222 819 1357 895 πρὸς
1405 820 1464 873 ὂν
1515 824 1793 891 φήσομεν,
1867 820 1949 873 ὅτι

375 914 470 966 καὶ
531 913 687 967 τοῦτο
733 914 956 983 σημεῖον
1014 908 1082 983 ἦν
1131 910 1500 983 καθαιρέσεως
1540 911 1641 981 τῆς
1688 912 1951 983 Ἰερουσαα-

373 1003 524 1075 λὴμ,
600 1005 695 1058 καὶ
742 1004 835 1057 τοῦ
886 1004 1022 1075 πρὸς
1079 1004 1214 1075 αὐτῇ
1266 1003 1694 1074 θυσιαστηρίου,
1746 1004 1844 1075 τῆς
1888 1018 1949 1055 τε

372 1096 516 1150 κατά
585 1096 676 1151 τὸν
723 1096 1003 1160 Μωῦσέως
1058 1096 1212 1166 νόμον
1248 1095 1542 1167 λατρείας,
1597 1094 1685 1146 ὅτε
1756 1094 1946 1164 μηκέτ’

370 1187 551 1251 αὐτοῖς
594 1186 683 1240 διά
728 1186 837 1241 τῶν
886 1188 1028 1241 κοιτά
1074 1187 1238 1258 νόμον
1289 1186 1489 1240 θυσιῶν
1544 1185 1613 1239 τὰ
1661 1185 1762 1255 τῆς
1815 1185 1949 1254 ἀφέ-

372 1297 508 1345 σεως
566 1279 675 1334 τῶν
726 1280 1010 1353 ἁμαρτιῶν
1061 1280 1406 1353 προύξενεῖτο
1429 1318 1444 1344 ,
1494 1277 1630 1332 ἀλλά
1677 1279 1766 1333 διὰ
1815 1279 1949 1333 καθ·

682 1376 909 1450 λουτροῦ
984 1377 1078 1430 ἐπὶ
1146 1377 1245 1448 τῆς
1317 1374 1486 1428 πάλαι
1563 1373 1782 1443 διψάδος
1854 1375 1946 1428 καὶ

693 1468 837 1538 λέγω
888 1468 946 1522 δέ
1013 1470 1113 1540 τῆς
1168 1468 1277 1521 τῶν
1329 1467 1497 1523 ἐθνῶν
1577 1466 1942 1539 Ἐκκλησίας,

370 1377 582 1447 άρσεως

370 1469 466 1541 έρή
476 1486 576 1540 μου
600 1510 615 1533 .

368 1562 798 1635 τταραδιδομένου
823 1603 837 1628 ,
891 1565 948 1616 ἐν
1093 1561 1188 1615 καὶ
1232 1562 1266 1633 ὴ
1317 1559 1628 1632 προφητικὴ
1678 1559 1942 1631 γενομένη

366 1653 518 1726 φωνὴ
576 1653 884 1726 ἑτοιμάζειν
932 1652 1365 1727 παρακελεύεται
1400 1652 1498 1724 τὴν
1544 1652 1661 1706 ὁδὸν
1711 1651 1941 1724 Κυρίου,

363 1747 464 1811 τὰς
534 1748 633 1820 μὲν
703 1748 855 1802 κάτω
922 1764 1024 1800 που
1079 1749 1159 1812 είς
1223 1745 1385 1817 βάθος
1449 1745 1680 1810 κακίας,
1750 1744 1825 1809 ὡς
1886 1746 1943 1798 ἐν

363 1840 608 1912 φάραγγι
681 1838 939 1911 κειμένας
999 1837 1176 1911 ψυχὰς
1225 1836 1669 1910 ἐπαρθήσεσθαι,
1744 1837 1813 1891 τὰ
1886 1835 1942 1890 δέ

2057 639 2447 708 compleretur.
2487 638 2593 695 Sed
2628 639 2720 710 qui
2761 638 3092 710 exquisitius
3124 654 3189 694 ac
3221 639 3538 711 diligentius
3572 655 3632 695 so

2055 728 2240 784 doceri
2271 732 2525 797 voluerit,
2561 731 3082 801 illicointerrogabit
3114 748 3129 785 :
3156 732 3317 810 Atqui
3346 731 3631 801 prophetia

2056 822 2171 878 litee
2202 824 2333 894 quid
2364 825 2581 879 tandem
2613 824 2717 879 sibi
2747 825 2982 890 volebat,
3014 840 3139 880 cum
3163 824 3462 889 desertum,
3488 833 3539 877 et
3565 839 3631 878 ea

2056 928 2176 983 quae
2203 915 2269 969 ad
2299 914 2354 968 id
2382 931 2554 986 genus
2580 916 2853 986 pertinent
2893 916 3247 971 euuntiahal?
3276 916 3364 971 cui
3403 931 3633 986 respon-

2053 1008 2324 1073 debimus,
2360 1010 2505 1079 quod
2536 1010 2641 1065 hoc
2669 1025 2889 1082 quoque
2923 1011 3138 1080 signum
3170 1019 3291 1068 erat
3325 1010 3631 1066 evertenda

2054 1099 2207 1156 urbis
2242 1098 2572 1165 Jerusalem,
2600 1109 2653 1155 et
2686 1100 2808 1171 ejus
2840 1102 2986 1172 quod
3018 1102 3075 1157 in
3107 1104 3219 1172 ipsa
3252 1110 3375 1163 erat
3412 1102 3626 1166 altaris,

2052 1192 2301 1262 ritusque
2331 1192 2501 1257 illius,
2531 1192 2626 1263 qui
2652 1193 2954 1248 secundum
2984 1193 3276 1249 Mosaicam
3310 1195 3482 1265 legem
3510 1208 3631 1248 ser-

2050 1283 2305 1350 vabatur,
2335 1283 2557 1353 quando
2601 1298 2711 1338 non
2745 1285 2979 1356 amplius
3012 1301 3109 1357 per
3136 1287 3378 1357 legitima
3419 1283 3629 1341 sacrifi-

2051 1377 2136 1430 cia
2166 1376 2421 1433 remissio
2453 1376 2562 1431 illis
2588 1387 2937 1447 peccatorum
2961 1379 3377 1443 conciliabatur,
3412 1378 3506 1435 sed
3530 1393 3633 1450 per

2051 1468 2426 1541 purgationem
2459 1468 2682 1534 lavacri,
2708 1469 2856 1537 quod
2890 1469 2946 1523 in
2971 1469 3100 1524 olim
3136 1470 3413 1525 sitibunda
3445 1486 3509 1525 ac
3530 1469 3629 1526 de-

2051 1568 2216 1621 serta,
2250 1559 2372 1615 dico
2401 1567 2607 1628 autem,
2631 1564 2685 1616 in
2718 1563 2949 1617 collecta
2980 1561 3049 1616 de
3080 1562 3334 1633 gentibus
3356 1562 3625 1632 Ecclesia,

2050 1649 2390 1713 tradebatur,
2445 1650 2499 1703 in
2541 1666 2648 1720 qua
2679 1652 2844 1707 etiam
2894 1650 2987 1705 illa
3033 1666 3153 1721 qua:
3184 1650 3327 1705 facta
3385 1658 3469 1706 est
3506 1666 3628 1721 pro-

2048 1743 2265 1813 phetica
2298 1758 2426 1809 vox,
2461 1757 2656 1813 parare
2689 1745 2832 1800 viam
2857 1742 3070 1798 Domini
3094 1744 3270 1812 jubet,
3300 1744 3428 1799 dum
3462 1743 3622 1798 mali-

2049 1834 2154 1890 tias
2185 1834 2240 1889 in
2285 1834 2397 1889 imo
2430 1834 2668 1906 quodam
2698 1834 2889 1901 fundo,
2920 1836 3079 1908 quasi
3111 1836 3166 1890 in
3201 1836 3449 1890 convalle
3480 1836 3629 1907 posi-

363 1931 534 1985 πάλαι
589 1930 859 2003 ὑψώματα
904 1931 1003 2002 τῆς
1073 1929 1428 2004 Ἰερουσαλὴμ
1451 1973 1466 1998 ,
1541 1929 1637 1983 καὶ
1698 1927 1807 1983 τῶν
1855 1930 1925 1985 ἐπ

2045 1934 2130 1983 tas
2161 1927 2467 1982 animarum
2499 1926 2853 2001 auferendas,
2897 1936 2953 1985 et
2983 1936 3199 1984 veteres
3225 1929 3378 1985 urbis
3402 1926 3627 1984 Jerusa-

359 2024 532 2096 αὐτῆς
584 2024 861 2096 ἀρχόντων
914 2042 974 2078 τε
1025 2023 1118 2078 καὶ
1176 2023 1439 2096 βασιλέων
1462 2064 1478 2089 ,
1533 2022 1635 2097 ὅρη
1684 2022 1777 2076 καὶ
1821 2021 1925 2093 βου·

2043 2019 2148 2075 lem
2188 2026 2352 2090 atque
2381 2034 2570 2075 eorum
2607 2020 2701 2091 qui
2733 2021 2787 2075 in
2816 2021 2908 2075 illa
2948 2021 3287 2092 imperabant
3315 2021 3625 2092 principum

358 2116 485 2180 vein;
534 2115 908 2187 ὀνομαζόμενα
933 2155 957 2180 ,
1026 2113 1529 2187 ταπεινωθήσεσθαι
1568 2113 1898 2179 θεσπίζουσα
1921 2129 1937 2143 ο

358 2201 435 2262 ὧν
486 2206 980 2272 ἐπιτελεσθέντων,
1053 2206 1223 2279 φησί’
1276 2224 1296 2258 ι
1330 2207 1488 2260 Πᾶσα
1562 2205 1697 2278 σὰρξ
1750 2205 1940 2275 ὄψεται

356 2300 418 2361 τὸ
470 2301 736 2372 σωτήριον
789 2298 883 2363 τοῦ
952 2298 1111 2353 Θεοῦ.
1166 2317 1185 2349 ι
1260 2298 1429 2369 Δῆλον
1477 2297 1522 2351 δ’
1580 2298 1663 2351 ὅτι
1708 2299 1857 2351 πᾶσα
1903 2297 1938 2368 ἡ

358 2388 417 2439 ἐν
469 2387 635 2456 σαρκὶ
690 2386 783 2440 ἐπὶ
834 2386 940 2456 γῆς
995 2385 1406 2460 ἀναστρέφουσα
1460 2385 1607 2461 ψυχὴ
1672 2387 1937 2457 Ἑλλήνων

354 2477 490 2548 όμοῦ
561 2478 655 2532 καὶ
724 2477 1016 2551 βαρϐάρων
1043 2520 1058 2545 ,
1139 2479 1231 2533 καὶ
1304 2479 1523 2534 πάντων
1600 2481 1936 2546 ἁπαξαπλῶς

355 2566 464 2620 τῶν
523 2565 732 2621 ἐθνῶν·
789 2566 826 2622 ἃ
876 2567 971 2622 καὶ
1028 2570 1094 2641 τῇ
1151 2570 1455 2642 προρρήσει
1506 2571 1812 2636 ἀκολούθως
1854 2574 1935 2637 εἰς

354 2658 529 2731 πέρας
569 2658 1126 2728 ἐλθόνταιδείκνυται.
1206 2660 1366 2731 Ζητῶ
1411 2661 1468 2715 δὲ
1514 2664 1641 2735 παρ’
1687 2663 1930 2735 ἐμαυτῷ,

351 2749 406 2803 τί
464 2750 572 2822 ἄρα
626 2746 696 2822 ἦν
751 2750 813 2804 τὸ
880 2750 1156 2822 ἐκπλῆξαν
1232 2754 1360 2818 τοὺς
1429 2754 1659 2821 πολλοὺς
1731 2758 1790 2809 ἐν
1854 2757 1932 2829 τῷ

361 2840 582 2914 Ἰωάννῃ
607 2882 623 2909 ,
710 2842 788 2906 ὡς
860 2842 1136 2915 θαυμάσαι
1201 2843 1362 2899 αὐτὸν
1434 2847 1528 2899 καὶ
1610 2848 1930 2921 κηρύττοντι

349 2931 629 3004 βάπτισμα
684 2934 972 3005 μετανοίας
1025 2935 1353 3003 πιστεῦσαι,
1420 2937 1628 3002 πάντας
1678 2957 1737 2993 τε
1798 2958 1930 2995 παν-

343 3025 572 3095 ταχόθεν
625 3025 693 3080 τά
743 3028 917 3080 οἰκεῖα
970 3026 1337 3093 ἀπολιπόντας
1380 3031 1599 3102 συρρεῖν
1669 3031 1761 3084 ἐπὶ
1828 3033 1929 3105 τὴν

345 3114 591 3188 ἔρημον,
675 3117 909 3190 μάλιστα
975 3119 1064 3173 ὅτε
1143 3121 1413 3193 μηδεμίαν
1493 3122 1658 3177 αὑτοῦ
1727 3124 1927 3198 πρᾶξιν

345 3207 650 3280 ἱστοροῦσιν
701 3211 750 3263 οἱ
805 3210 976 3279 λόγοι.
1067 3209 1202 3266 Οὔτε
1259 3213 1369 3289 γάρ
1409 3217 1636 3287 νεκροὺς
1683 3217 1921 3291 ἐγείρας,

340 3298 465 3354 οὔτε
537 3299 699 3374 ἔτερα
778 3300 1031 3375 θαύματα
1104 3304 1421 3377 πεποιηκὼς
1488 3307 1919 3381 ἀναγέγραπται.

341 3388 407 3442 Τί
452 3388 517 3461 δὴ
565 3387 660 3445 οὖν
707 3387 776 3464 ἦν
819 3393 880 3446 τὸ
925 3392 1203 3465 ἐκπλῆξαν
1254 3397 1382 3460 τοὺς
1429 3397 1668 3464 πάνταξῖ
1726 3400 1758 3472 ἢ
1821 3402 1926 3473 μή·

341 3499 472 3535 ποτε
516 3485 545 3537 ὁ
586 3482 735 3546 ξένος
774 3485 870 3539 καὶ
923 3486 1314 3556 παραλλάττων
1356 3489 1464 3542 τῶν
1505 3490 1714 3545 πολλῶν
1757 3493 1922 3547 αὐτοῦ

344 3572 489 3643 βίος;
560 3573 756 3647 προῄει
852 3574 961 3648 γὰρ
1018 3577 1083 3630 ἐκ
1141 3579 1241 3650 τῆς
1278 3581 1483 3652 ἐρήμου
1540 3579 1698 3653 ξένην
1752 3584 1925 3653 ἡμφι-

339 3666 569 3738 εσμένος
594 3667 785 3739 στολὴν
808 3707 823 3732 ,
875 3671 1058 3723 πᾶσαν
1117 3669 1174 3723 δέ
1231 3671 1331 3744 τὴν
1377 3673 1563 3745 κοινὴν
1621 3673 1931 3746 ἀνθρώπων

337 3759 618 3832 διατριϐὴν
675 3761 1109 3832 ἐκτρεπόμενοςο
1172 3760 1294 3816 οὔτε
1367 3762 1499 3832 γοῦν
1553 3766 1634 3828 εὶς
1703 3763 1919 3837 κώμην,

337 3852 460 3907 οὔτε
508 3855 588 3919 είς
637 3853 823 3918 πόλιν,
885 3853 1016 3909 οὔτε·
1044 3857 1127 3920 εἰς
1181 3856 1360 3910 κοινὸν
1409 3856 1666 3927 σύλλογον
1711 3859 1922 3927 ἀνδρῶν

337 3944 697 4017 παρέϐαλλεν.
789 3946 950 4000 Ἀλλά
984 3947 1105 4001 οὐδὲ
1155 3949 1254 4021 τῆς
1312 3950 1497 4021 κοινῆς
1555 3952 1768 4022 μετεῖχε
1798 3969 1922 4024 τρο-

335 4037 479 4111 φῆςο
540 4037 847 4110 γέγραπται
900 4040 1067 4110 γοῦν,
1128 4039 1207 4105 ὡς
1269 4058 1287 4091 ι
1321 4041 1386 4094 ἐκ
1435 4041 1535 4111 τῆς
1591 4041 1686 4096 τοῦ
1727 4043 1919 4108 παιδὸς

335 4124 547 4197 ἡλικίας
595 4123 664 4198 ἦν
708 4129 766 4182 ἐν
814 4131 937 4194 ταῖς
986 4129 1215 4201 ἐρήμοις
1271 4130 1377 4196 ἕως
1437 4133 1650 4204 ἡμέρας
1703 4134 1917 4189 ἀναδεί-

336 4217 469 4283 ξεως
537 4219 700 4274 αὐτοῦ
762 4221 899 4293 πρὸς
943 4222 1035 4276 τὸν
1112 4223 1352 4297 Ἰσραήλ.
1476 4225 1637 4281 Ἀλλά
1695 4229 1790 4282 καὶ
1855 4228 1918 4283 τὸ

291 4310 538 4384 ,ἔνδυμα
582 4312 746 4366 αὑτοῦ
803 4309 872 4386 ἦν
928 4316 993 4369 ἐκ
1042 4315 1244 4388 τριχῶν
1302 4319 1563 4390 καμήλων
1622 4322 1919 4393 πεποιημέ-

333 4418 458 4467 νον,
508 4402 628 4475 ήδὲ
655 4404 830 4476 τροφὴ
881 4403 1046 4458 αὐτοῦ
1093 4406 1315 4479 ἀκρίδες
1353 4409 1448 4462 καὶ
1491 4410 1615 4479 μέλι
1666 4410 1908 4483 ἄγριον.»

331 4494 424 4564 Μή
475 4511 551 4566 πη
603 4490 731 4560 οῦν,
803 4496 1040 4569 ὁρῶντες
1085 4496 1571 4573 ἄνδραΝαζιραῖον
1628 4503 1724 4573 μὲν
1777 4503 1913 4558 Θεοῦ

2041 2125 2105 2166 ac
2133 2126 2344 2183 regum,
2381 2112 2476 2181 qui
2538 2118 2755 2168 montes
2801 2121 2855 2168 et
2883 2112 3051 2169 colles
3088 2114 3464 2175 nominantur,
3498 2111 3624 2171 alti-

2040 2199 2260 2256 tudines
2305 2200 2644 2270 dejiciendas
2694 2200 3048 2266 vaticinatur,
3092 2202 3294 2271 quibus
3338 2201 3618 2271 perfectis,

2045 2309 2064 2342 ι
2110 2290 2324 2356 Omnis,
2368 2292 2568 2363 inquit,
2608 2307 2740 2348 caro
2779 2292 2984 2349 ridebit
3029 2293 3272 2349 salutare
3311 2292 3426 2348 Dei.
3454 2313 3474 2346 ι
3504 2291 3623 2350 Hoc

2038 2390 2122 2437 est
2146 2384 2325 2439 onmis
2361 2399 2703 2455 quaecunque
2743 2385 2962 2453 corpori
2992 2385 3205 2440 inclusa
3238 2386 3294 2455 in
3323 2391 3467 2439 terra
3501 2400 3622 2439 ver-

2037 2481 2194 2530 satur
2238 2477 2441 2540 anitna,
2497 2485 2609 2531 tam
2663 2476 3023 2531 barbarorum
3067 2491 3230 2546 quam
3278 2474 3615 2542 Graecorum,

2034 2566 2139 2622 hoc
2188 2573 2291 2630 cst,
2339 2568 2585 2623 omnium
2639 2568 2863 2623 omnino
2902 2569 3144 2640 gentium
3178 2583 3339 2638 :qute
3396 2567 3618 2639 quidem

2034 2658 2137 2729 ipsi
2173 2658 2435 2715 vaticinia
2486 2669 2855 2716 consentanea
2903 2661 2971 2716 ad
3034 2677 3194 2718 suum
3237 2662 3396 2715 linem
3434 2675 3627 2730 perve~

2032 2750 2183 2805 nisse
2226 2751 2695 2805 demonstrantur.
2714 2749 2878 2823 430
2908 2748 3044 2804 Dum
3076 2751 3243 2821 igTIur
3289 2764 3501 2806 mecum
3534 2754 3622 2803 ta-

2030 2843 2175 2897 citus
2216 2856 2425 2912 quaero,
2458 2843 2653 2896 oborta
2694 2843 2827 2897 mihi
2877 2851 2962 2899 est
3006 2842 3297 2906 dubitatio,
3330 2841 3461 2912 quid
3493 2847 3618 2896 tan-

2030 2933 2152 2989 dem
2203 2935 2338 2989 illud
2387 2942 2537 2991 esset
2577 2936 2635 2989 in
2676 2935 2909 3000 Joanne,
2957 2951 3068 3007 quo
3115 2944 3273 3006 capta
3323 2935 3616 2990 multitudo

2029 3025 2122 3080 illa
2174 3025 2541 3082 admiraretur
2572 3028 2874 3094 hominem,
2907 3036 2961 3083 et
2991 3027 3311 3098 prtedicanti
3343 3027 3615 3098 baptisma

2026 3117 2361 3190 pmnitentite
2395 3119 2557 3175 fidem
2596 3120 2844 3184 haberet,
2874 3120 3117 3191 quidque
3145 3119 3278 3173 illud
3319 3135 3428 3190 quo
3459 3119 3617 3174 ducti

2026 3226 2219 3269 omnes
2254 3212 2497 3283 undique
2537 3212 2700 3267 rebus
2736 3213 2974 3283 propriis
3018 3211 3229 3267 relictis
3275 3209 3615 3266 confluerent

2029 3308 2083 3361 in
2115 3304 2417 3368 desertum,
2447 3320 2572 3360 cum
2609 3305 2912 3374 praesertim
2948 3305 3097 3358 nulla
3131 3304 3280 3358 illius
3309 3314 3461 3374 gesta
3494 3318 3614 3357 me-

2026 3398 2217 3454 moria:
2239 3396 2453 3468 prodita
2489 3396 2603 3450 sint
2638 3413 2651 3449 :
2687 3410 2864 3464 neque
2893 3394 3040 3449 enim
3074 3392 3221 3464 quod
3252 3402 3347 3448 aut
3367 3399 3615 3447 mortuos

2025 3490 2378 3554 excitaverit,
2433 3495 2528 3542 aut
2580 3486 2686 3539 alia
2743 3486 3009 3541 miracula
3060 3483 3288 3548 fecerit,
3347 3485 3611 3554 scriptum

2025 3590 2230 3638 exstat.
2277 3581 2419 3649 Quid
2468 3580 2636 3650 igitur
2667 3578 2801 3634 illud
2834 3586 2951 3634 erat
2984 3577 3132 3648 quod
3182 3576 3610 3634 admirabundos

2024 3689 2217 3729 omnes
2258 3671 2559 3728 redderet?
2606 3669 2747 3725 Num
2782 3669 3018 3724 forsitan
3065 3682 3267 3723 novum
3315 3677 3369 3722 et
3399 3667 3543 3738 quod
3576 3684 3610 3724 a

2022 3763 2376 3820 multitudine
2406 3764 2728 3819 abhorreret
2755 3762 2882 3816 vitae
2910 3760 3059 3816 illius
3098 3760 3313 3831 genus?
3347 3760 3611 3830 procede-

2022 3857 2116 3913 bat
2151 3857 2295 3912 enim
2338 3871 2407 3911 ex
2445 3854 2664 3910 deserto
2705 3853 3029 3909 inusitatum
3076 3852 3303 3911 indutus
3331 3854 3603 3920 habitum,

2020 3962 2348 4018 omnemque
2394 3961 2740 4002 communem
2792 3945 3078 4001 hominum
3137 3948 3601 4003 consuetudinem

2021 4040 2498 4097 declinans:nam
2548 4054 2725 4110 neque
2763 4039 2821 4093 in
2864 4037 3045 4094 vicum
3082 4039 3277 4103 ullum,
3320 4055 3497 4111 neque
3546 4040 3602 4094 in

2019 4130 2232 4194 urbem,
2263 4145 2442 4200 neque
2473 4130 2529 4184 in
2565 4140 2911 4184 communem
2941 4128 3179 4199 aliquem
3218 4128 3461 4200 virorum
3495 4143 3603 4185 cm-

2019 4231 2130 4275 tum
2172 4220 2536 4275 commeabat.
2587 4218 2694 4275 Sed
2747 4234 2817 4274 ne
2866 4218 3014 4274 victu
3057 4220 3275 4291 quidem
3321 4221 3601 4276 communi

2016 4313 2339 4368 vescebatur
2363 4332 2377 4367 :
2400 4312 2667 4383 siquidem
2699 4314 2963 4382 scriptum
2982 4319 3086 4376 est,
3117 4314 3263 4384 quod
3305 4331 3323 4364 ι
3346 4328 3376 4367 a
3404 4313 3604 4383 puerili

2016 4413 2174 4460 aetate
2202 4407 2258 4460 in
2290 4405 2589 4460 solitudine
2606 4412 2923 4460 versaretur
2949 4404 3015 4459 ad
3040 4405 3193 4460 illum
3226 4421 3399 4476 usque
3428 4406 3594 4469 diem,

2017 4511 2127 4568 quo
2157 4496 2261 4567 ipsi
2306 4494 2475 4553 Israel
2506 4495 2913 4553 ostenderetur.
2950 4495 3093 4563 Quin
3142 4498 3306 4553 etiam
3352 4498 3473 4568 ejus
3502 4513 3598 4554 ve-

331 4584 431 4656 τὴν
479 4585 674 4657 τρίχα,
729 4586 1030 4662 θεοπρεπὲς
1080 4591 1137 4645 δὲ
1187 4592 1477 4665 πρόσωπον
1532 4596 1913 4667 ὑποφαίνοντα,

2028 4587 2337 4644 stimentum
2384 4603 2452 4643 ex
2487 4588 2615 4659 pilis
2643 4589 2977 4644 camelorum
3008 4588 3319 4644 confectum
3363 4598 3503 4656 erat,
3540 4598 3598 4647 et

336 4674 522 4745 σχῆμά
573 4694 632 4730 τε
688 4678 836 4744 ξένον
892 4682 1184 4755 περιϐολῆς
1238 4686 1608 4758 ἠμφιεσμένον
1637 4728 1651 4754 ,
1704 4690 1915 4762 ἀθρόως

332 4766 493 4820 ποθὲν
541 4767 602 4834 ἐξ
656 4771 897 4840 ἀφανοῦς
947 4777 1156 4849 ἐρήμου
1216 4779 1537 4851 φαινόμενον
1561 4821 1576 4847 ,
1634 4784 1726 4835 καὶ
1777 4782 1915 4854 μετά

330 4858 390 4912 τὸ
447 4859 708 4932 κήρυγμα
777 4864 940 4923 πάλιν
991 4870 1073 4931 εἰς
1128 4869 1230 4941 τὴν
1293 4869 1496 4943 ἔρημον
1554 4873 1649 4927 καὶ
1713 4875 1795 4940 είς
1851 4877 1912 4930 τὸ

330 4946 533 5016 ἀφανὲς
583 4949 970 5024 ὑποχωροῦντα
995 4996 1010 5022 ,
1066 4958 1160 5011 καὶ
1191 4958 1408 5025 ἄποτον,
1456 4959 1690 5032 ἄτροφον
1711 5003 1729 5031 ,
1761 4964 1912 5018 ἀκοι-

328 5037 562 5113 νώνητον
590 5045 703 5107 τοῖς
733 5045 947 5112 πολλοῖς
972 5087 987 5112 ,
1025 5048 1253 5113 είκότως
1303 5038 1687 5123 ἐξεπλήττοντο
1709 5096 1723 5120 ,
1785 5056 1908 5128 μηδ’

328 5130 612 5207 ἄνθρωπον
644 5135 808 5189 αὐτὸν
861 5138 1215 5205 ὑπονοοῦντες
1273 5143 1573 5216 ὑπάρχεινς
1628 5144 1747 5210 πῶς
1798 5147 1907 5218 γάρ

326 5221 413 5286 τὸν
439 5224 573 5297 μηδὲ
619 5227 679 5281 ἐν
707 5228 866 5300 χρείᾳ.
899 5231 1108 5302 τροφῆς
1142 5233 1425 5304 γινόμενον
1450 5251 1464 5300 ;
1493 5235 1575 5289 διὸ
1604 5237 1700 5291 καὶ
1742 5237 1908 5307 ἄγγε-

325 5324 412 5382 λον
462 5326 829 5401 ὑπειλήφεσαν
883 5327 1021 5403 εἶναι
1072 5333 1262 5388 τοῦτον
1317 5336 1477 5390 αὐτὸν
1523 5339 1760 5403 ἐκεῖνον,
1815 5337 1906 5392 τὸν

323 5414 409 5471 διὰ
461 5416 553 5480 τοῦ
609 5399 895 5493 προφήτου
939 5399 1271 5496 δηλούμενον
1294 5467 1309 5492 ,
1373 5427 1512 5482 κατὰ
1563 5428 1625 5482 τὸ
1650 5467 1665 5493 ,
1731 5399 1756 5481 Iv
1773 5428 1904 5484 Ἰδοὺ

324 5506 433 5577 ἐγὼ
487 5511 806 5568 ἀποστέλλω
858 5514 952 5569 τὸν
1000 5516 1230 5587 ἄγγελόν
1289 5535 1392 5590 μου
1443 5519 1549 5591 πρὸ
1608 5521 1900 5591 προσώπου

324 5613 414 5653 σου
445 5639 460 5663 ,
545 5601 605 5667 ὃς
656 5604 1061 5661 κατασκευάσει
1122 5606 1220 5680 τὴν
1272 5608 1391 5665 ὁδόν
1448 5627 1541 5664 σου
1595 5611 1902 5691 ἔμπροσθέν

326 5717 469 5757 σου.»
559 5705 842 5780 Κέχρηται
899 5708 1032 5781 γοῦν
1079 5713 1146 5784 τῇ
1203 5711 1501 5785 παραθέσει
1555 5718 1647 5772 καὶ
1695 5697 1898 5794 ταύτης

326 5802 420 5863 τῖες
469 5802 688 5881 Γραφῆς
714 5808 944 5882 Μάρκος
996 5813 1026 5877 ὁ
1077 5810 1493 5885 εὐαγγελιστής.
1568 5817 1679 5872 Καὶ
1723 5826 1750 5879 ὁ
1780 5827 1895 5882 Σω-

2012 4681 2168 4738 cibus
2192 4681 2421 4736 locustae
2451 4689 2505 4736 et
2533 4681 2639 4735 mel
2670 4682 2972 4738 silvestre»
3001 4680 3253 4752 Nunquid
3283 4682 3448 4751 igitur
3470 4698 3594 4738 cum

2011 4775 2210 4844 capillo
2249 4773 2469 4844 quidem
2520 4771 2823 4828 Naziraeum
2873 4772 2967 4827 Dei
3000 4776 3270 4839 riderent,
3311 4775 3428 4844 qui,
3473 4788 3601 4844 quae

2008 4860 2178 4918 Deum
2224 4860 2386 4917 facile
2413 4861 2624 4928 deceat,
2674 4863 2867 4919 faciem
2913 4870 3237 4925 ostentaret,
3279 4864 3590 4918 vestimenti

2009 4960 2192 5009 autem
2223 4953 2545 5008 inusitatum
2597 4970 2771 5026 genus
2814 4955 3090 5017 indutum,
3133 4961 3358 5025 repente
3404 4955 3596 5010 nescio

2009 5045 2152 5101 unde
2205 5060 2236 5102 e
2281 5046 2505 5102 latebris
2563 5047 2877 5104 solitudinis
2930 5048 3309 5116 prodeuntem,
3367 5055 3422 5102 et
3464 5055 3588 5117 post

2006 5137 2474 5208 praedicationem,
2524 5153 2722 5195 rursus
2768 5139 2824 5193 in
2869 5138 3219 5193 solitudinem
3267 5144 3320 5192 et
3369 5138 3426 5192 in
3457 5138 3595 5193 late-

2005 5240 2133 5296 bras
2163 5240 2531 5307 recedentem,
2583 5242 2704 5298 sine
2748 5249 2902 5311 potu,
2932 5242 3052 5297 sine
3091 5241 3236 5305 cibo,
3286 5240 3589 5297 abhorren-

2005 5348 2112 5396 tem
2142 5356 2171 5396 a
2188 5341 2556 5407 multitudine,
2581 5342 2778 5398 merito
2805 5342 3293 5412 obstupescebant.
3320 5351 3458 5399 etne
3479 5344 3586 5399 ho-

2004 5435 2206 5490 minem
2260 5437 2480 5508 quidem
2529 5437 2684 5491 illum
2727 5452 2850 5493 esse
2897 5437 3351 5514 arbitrabantur?
3393 5438 3585 5510 quidni

2008 5526 2160 5583 illum
2208 5531 2301 5600 qui
2340 5530 2421 5586 vel
2444 5530 2596 5584 nullo
2640 5530 2764 5584 cibo
2797 5529 3101 5600 indigeret?
3141 5531 3397 5600 quocirca
3438 5546 3588 5586 eum-

1984 5617 2130 5674 dem
2173 5620 2425 5690 angelum
2471 5635 2594 5676 esse
2634 5619 2933 5699 credebant
2973 5620 3126 5675 illum
3158 5621 3335 5691 ipsum
3369 5622 3436 5677 de
3473 5639 3584 5694 quo

2004 5721 2268 5792 propheta
2300 5722 2559 5794 loquitur,
2588 5721 2717 5776 dum
2749 5720 2924 5776 dicit:
2963 5739 2983 5775 ι
3015 5721 3153 5777 Ecce
3181 5738 3283 5793 ego
3315 5723 3470 5778 mitto
3490 5739 3582 5777 an-

1999 5834 2181 5906 gelum
2210 5838 2393 5881 meum
2439 5830 2566 5881 ante
2597 5821 2790 5881 faciem
2840 5829 3016 5891 tuam,
3046 5824 3138 5896 qui
3181 5824 3395 5897 parabit
3433 5823 3576 5878 riam
