4098 6424
505 339 601 394 671

1121 349 1393 406 EUSEBll
1430 351 1912 409 C£SAHIENSIS
1940 352 2091 409 OPP.
2133 353 2337 414 PARS.
2369 354 2434 412 ll.
2476 385 2547 397 —
2592 354 3092 413 APOLOGETICA.

3656 359 3763 414 672

504 479 656 524 tuam
695 477 823 522 ante
858 477 912 522 te
934 466 1000 520 “.
1036 487 1056 520 ι
1092 467 1351 525 Eumdem
1393 470 1692 541 Scriptura:
1720 471 1900 527 locum
1946 473 2062 528 Mar

2187 473 2290 546 τὴρ
2333 475 2388 527 δὲ
2429 475 2696 547 μαρτυρεῖ
2740 474 2948 543 λέγων·
3002 471 3232 527 (Ἦλθεν
3264 477 3292 528 6
3348 475 3596 548 Ἰωάννης
3627 479 3764 549 πρὸς

505 576 605 614 cus
658 575 874 631 quoque
906 562 1242 632 evangelista
1292 563 1501 618 citavit.
1543 563 1689 630 Quin
1742 566 1906 619 etiam
1963 553 2081 636 ipse

507 650 765 706 Salvator
818 651 945 705 huic
994 654 1071 707 rei
1123 655 1499 708 testimonium
1540 656 1799 719 exhibet,
1849 658 2078 714 dicens:

509 763 528 795 ε
565 741 724 797 Venit
771 740 1014 798 Joannes
1071 745 1138 798 ad
1189 761 1308 810 vos,
1355 764 1531 819 neque
1574 751 1865 808 comedens
1905 767 2083 822 neque

502 835 716 899 bibens,
762 844 818 890 et
850 837 1056 902 dicitis,
1099 838 1430 894 dtemouium
1483 841 1644 896 habet
1667 843 1732 898 ".
1773 863 1791 896 ι
1834 844 2084 901 lneredu-

503 925 585 980 los
626 925 770 979 enim
817 934 871 978 et
900 927 1164 985 adversus
1207 931 1493 986 veritatem
1529 932 1774 988 dillieiles
1818 946 1870 990 et
1903 937 2082 1006 pervi-

501 1033 678 1082 caces,
713 1019 976 1074 credibile
1016 1029 1100 1075 est
1135 1029 1358 1092 propter
1385 1023 1520 1078 illud
1545 1041 1654 1096 quo
1681 1025 1922 1083 Joannes
1961 1035 2081 1084 ute-

499 1111 662 1166 batur
693 1111 814 1166 vitae
867 1129 1070 1183 genus,
1109 1115 1237 1168 talia
1287 1115 1342 1169 in
1383 1117 1534 1172 illum
1571 1120 1772 1189 probra
1802 1121 2079 1190 jactasse,

500 1203 644 1258 sicut
703 1207 1016 1260 eeontrario
1067 1209 1161 1277 qui
1213 1208 1436 1265 virtutis
1471 1211 1618 1268 illius
1669 1229 1835 1269 sensu
1883 1214 2082 1271 allicie-

502 1297 724 1359 bantur.
772 1299 1027 1368 angelum
1065 1300 1433 1356 existimasse.
1468 1301 1594 1357 Haec
1627 1304 1798 1373 igitur
1838 1308 2080 1362 arbitror

502 1391 680 1459 ipsum
706 1389 972 1446 Joannem
1007 1392 1348 1447 intuentibus
1383 1394 1824 1463 admirationem,
1861 1415 1925 1454 ac
1962 1411 2078 1456 stu-

499 1498 685 1552 porem
712 1499 840 1553 erga
870 1485 1147 1540 hominem
1174 1486 1424 1542 attulisse
1461 1506 1473 1541 :
1502 1497 1840 1560 quapmpter
1856 1493 1922 1546 ad
1956 1509 2077 1550 eam

498 1579 696 1629 animm
721 1574 1121 1644 purgationem,
1153 1591 1274 1644 quae
1301 1575 1371 1630 ab
1399 1577 1492 1631 illo
1511 1577 1959 1647 denuntiabatur,
1981 1599 2080 1638 un-

499 1665 667 1735 dique
692 1667 1116 1723 concurrebaut.
1146 1667 1304 1740 431
1342 1668 1586 1725 Meminit
1614 1682 1795 1729 autem
1821 1675 2074 1746 hujusce,

501 1775 625 1830 quae
663 1759 730 1814 de
758 1760 850 1814 illo
878 1760 1071 1823 fertur,
1100 1761 1364 1827 historiae,
1387 1763 1552 1816 etiam
1581 1762 1855 1836 Josephus
1896 1769 1950 1824 in
1981 1769 2076 1825 de-

2190 567 2334 638 ὑμᾶς
2369 567 2506 637 μήτε
2541 565 2736 619 ὲσθίων
2761 606 2776 631 ,
2831 569 2966 637 μήτε
3014 565 3180 618 πίνων
3205 605 3218 629 ,
3257 565 3352 619 καὶ
3379 565 3563 634 λέγετε
3587 583 3600 597 ·
3639 573 3765 621 Δαι-

2188 662 2368 733 μόνιον
2423 661 2554 732 ἔχει.
2594 681 2611 712 ι
2636 661 2774 724 Τοὺς
2827 659 2936 730 γὰρ
2969 657 3326 722 ἀπιστοῦντας
3367 661 3461 712 καὶ
3523 659 3659 731 πρὸς
3693 659 3762 714 τὰ

2183 749 2356 822 ἀληθῆ
2390 751 2669 823 δυσχερεῖς
2725 751 2816 804 καὶ
2863 750 3204 813 δυσενδότους
3258 748 3402 815 εἰκὸς
3443 747 3512 823 ἦν
3541 752 3630 806 διὰ
3671 753 3762 807 τὸν

2183 843 2469 916 είρημένον
2523 842 2617 896 τοῦ
2679 843 2925 896 Ἰωάννου
2980 842 3093 913 βίον
3131 842 3352 897 τοιαῦτα
3402 843 3564 898 αὑτὸν
3604 845 3763 916 βλασ-

2183 937 2386 1008 φημεῖν
2407 975 2421 998 ,
2482 934 2557 999 ὡς
2613 934 2847 1006 ἔμπαλιν
2877 935 3004 998 τοὺς
3039 935 3475 1007 συνῃσθημένους
3505 937 3605 1007 τῆς
3637 939 3760 990 κατ’

2182 1029 2342 1082 αὑτὸν
2397 1028 2600 1099 ἀρετῆς
2654 1027 2883 1096 ἄγγελον
2933 1027 3356 1099 ὑπολαμϐάνειν.
3417 1027 3602 1082 Ταῦτα
3629 1029 3762 1097 γοῦν

2182 1121 2419 1191 ἡγοῦμαι
2490 1123 2603 1184 τοῖς
2674 1120 2767 1174 τὸν
2853 1118 3106 1191 Ἰωάννην
3163 1119 3329 1192 όρῶσι
3392 1121 3575 1192 θαῦμα
3632 1124 3762 1194 περὶ

2179 1213 2344 1267 αὑτοῦ
2390 1214 2693 1285 παρασχεῖν
2717 1230 2733 1243 ο
2804 1212 2884 1266 διδ
2937 1214 3031 1266 καὶ
3085 1213 3404 1286 συνέτρεχον
3426 1214 3763 1285 πανταχόθεν

2181 1307 2274 1359 ἐπὶ
2326 1307 2424 1376 τὴν
2481 1305 2546 1357 δι’
2604 1303 2769 1358 αὐτοῦ
2803 1304 3210 1376 κηρυττομένην
3265 1305 3364 1376 τῆς
3413 1304 3593 1376 ψυχῆς
3655 1307 3760 1360 κάη

2179 1399 2391 1472 θαρσιν.
2477 1398 2766 1469 Μέμνηται
2825 1396 2884 1449 δὲ
2939 1397 3037 1468 τῆς
3119 1397 3240 1451 κατ’
3298 1396 3460 1450 αὑτὸν
3518 1397 3762 1470 ἱστορίας

2192 1491 2450 1562 Ἰώσηπος
2484 1493 2542 1546 έν
2587 1489 3041 1560 ὀκτωκαιδεκάτῳ
3087 1489 3188 1559 τῆς
3252 1486 3583 1556 Ἰουδαϊκῆς
3627 1490 3759 1557 Ἀρ-

2179 1583 2559 1654 χαιολογίας,
2621 1579 2808 1634 τοῦτον
2859 1580 3086 1653 γράφων
3138 1581 3229 1633 τὸν
3277 1581 3516 1653 τρόπον·
3581 1601 3599 1633 ι
3633 1581 3760 1634 Τισὶ

2177 1675 2233 1728 δὲ
2285 1674 2396 1727 τῶν
2458 1673 2728 1727 Ἰουδαίων
2785 1672 2959 1747 ἐδόκει
3019 1671 3275 1726 ὀλωλέναι
3333 1673 3424 1726 τὸν
3489 1673 3760 1729 Ἰουδαίων

2180 1769 2408 1838 στρατὸν
2461 1766 2567 1820 ὑπὸ
2618 1765 2711 1819 τοῦ
2762 1764 2896 1819 Θεοῦ
2922 1806 2936 1830 ,
2988 1765 3081 1818 καὶ
3132 1765 3275 1836 μάλα
3317 1764 3539 1828 δικαίως
3581 1782 3760 1818 τιννυ-

501 1851 646 1904 cimo
699 1862 892 1906 00lavo
937 1849 1186 1907 Iudaica:
1230 1852 1583 1924 Antiquitatis
1616 1857 1783 1922 libro,
1835 1859 1892 1914 in
1926 1861 2068 1917 hunc

2181 1861 2340 1929 μένου
2423 1858 2562 1912 κατά
2631 1856 2820 1928 ποινὴν
2906 1856 3152 1910 Ἰωάννου
3227 1854 3319 1909 τοῦ
3419 1856 3756 1927 καλουμένου

499 1941 719 2000 modum
745 1944 994 1998 scribens
1023 1963 1036 2000 :
1067 1964 1087 1995 ε
1122 1944 1378 2000 Nonnulli
1420 1955 1600 2002 autem
1634 1946 1947 2006 Judaeorum
1977 1969 2076 2023 pu-

499 2033 688 2088 tabant
737 2033 858 2089 ideo
901 2036 1132 2105 periisse
1185 2035 1494 2094 Judaeorum
1552 2043 1876 2110 exercitum,
1927 2047 2074 2116 quod

497 2119 642 2178 Deus
669 2122 976 2191 justissima
1019 2125 1210 2182 ulcisci
1254 2128 1492 2183 voluerit
1535 2132 1864 2202 supplicium
1908 2111 2076 2192 Joan-

495 2212 603 2276 nis,
640 2213 731 2283 qui
769 2212 1009 2283 Baptista
1052 2219 1397 2274 vocabatur:
1427 2220 1572 2276 hunc
1600 2223 1748 2278 enim
1798 2227 2074 2284 occiderat

495 2301 740 2362 Herodes
784 2309 961 2362 virum
995 2308 1222 2375 bonum,
1249 2321 1302 2366 et
1329 2310 1549 2368 Judalos
1593 2313 1978 2375 adhortantem
2013 2330 2072 2376 ut

490 2398 882 2452 exercitatione
908 2398 1150 2460 virtutis.
1200 2410 1501 2472 mutuaque
1539 2404 1684 2460 inter
1739 2407 1950 2477 seipsos
1980 2409 2065 2479 ju-

2182 1952 2506 2007 Βαπτιστοῦ.
2565 1950 2780 2005 Κτείνει
2831 1950 2940 2019 γὰρ
2989 1947 3176 2003 τοῦτον
3247 1948 3491 2022 Ἡρώδης
3554 1950 3756 2014 ἀγαθὸν

2180 2045 2382 2117 ἄνδρα,
2475 2043 2569 2097 καὶ
2639 2043 2751 2103 τοῖς
2821 2039 3097 2101 Ἰουδαίοις
3181 2038 3468 2092 κελεύοντα
3554 2040 3757 2111 ἀρετὴν

2180 2135 2512 2200 ἐπασκοῦσι,
2573 2133 2668 2187 καὶ
2715 2135 2780 2204 τῇ
2818 2133 2954 2203 πρὸς
2979 2130 3235 2202 ἀλλήλους
3263 2130 3608 2204 δικαιοσύνῃ,
3658 2133 3757 2186 καὶ

2178 2230 2316 2300 πρὸς
2368 2227 2501 2281 Θεὸν
2552 2223 2806 2296 εὐσεϐείᾳ
2859 2223 3159 2296 χρωμένοις
3214 2221 3504 2295 βαπτισμῷ
3573 2223 3754 2276 συνιέο

2176 2337 2305 2374 ναι·
2363 2318 2505 2372 οὕτω
2552 2314 2662 2388 γὰρ
2722 2313 2787 2386 δὴ
2842 2315 2940 2368 καὶ
2999 2312 3099 2386 τὴν
3151 2312 3402 2384 βάπτισιν
3453 2313 3757 2385 ἀποδεκτὴν

2177 2412 2325 2485 αύτῷ
2379 2408 2682 2482 φαίνεσθαι.
2697 2427 2715 2460 ι

489 2487 645 2582 stitia
687 2499 850 2559 atque
899 2505 1028 2561 erga
1093 2491 1262 2548 Deum
1323 2495 1525 2566 pietate
1568 2505 1805 2568 utentes,
1857 2501 1924 2557 ad
1972 2504 2311 2582 baptismum
2347 2503 2670 2562 accederent
2698 2522 2710 2558 :
2736 2501 2818 2558 sic
2859 2515 3096 2572 namque
3133 2499 3465 2558 ablutionem
3534 2514 3755 2572 quoque

493 2571 604 2650 ipsi
635 2579 807 2635 videri
840 2589 1142 2650 acceptam.
1175 2601 1194 2634 ι

489 2689 570 2745 Ab
593 2689 920 2769 ,εοάςηιη-
951 2690 1086 2769 Item
1107 2691 1182 2769 με
1217 2695 1524 2769 solitudine,
1556 2698 1770 2769 ipsoque
1819 2707 2066 2762 nomina-

564 2761 660 2883 (in;
703 2760 941 2884 .‘lordauc
991 2763 1174 2832 ﬂuvio,
1225 2765 1366 2833 apud
1413 2760 1838 2836 quem-Joannes
1893 2760 2069 2848 bapti-

564 2848 627 2884 ια
667 2847 697 2884 a
729 2871 744 2884 .

562 2847 744 2886 ταυαι.

563 2963 583 2996 ι
619 2944 846 3010 Laetare,
875 2947 1113 3002 solitudo
1146 2946 1340 3004 sitiens
1365 2967 1379 3003 :
1403 2950 1642 3006 exsultet
1675 2952 1978 3024 desertum,
2015 2968 2070 3017 et

488 3035 682 3092 ﬂoreat
718 3046 777 3091 ut
809 3038 1005 3104 lilium,
1042 3046 1096 3095 et
1133 3039 1456 3096 elIlorebunt
1493 3049 1549 3098 et
1590 3046 1943 3104 exsultabuut
1973 3051 2070 3108 de-

2183 2709 2328 2767 Ἀπὸ
2375 2708 2480 2762 τοῦ
2541 2705 2750 2762 αὑτοῦ.
2777 2736 2849 2749 -—
2881 2705 3179 2777 V'Enjzepi
3211 2704 3324 2777 τῆς
3353 2705 3597 2777 ἐρήμου,
3651 2707 3752 2763 καὶ

2241 2779 2429 2834 αὐτοῦ
2445 2777 2553 2848 -δὴ
2604 2776 2902 2848 ὀνομαστίΔ
2936 2774 3053 2848 τοῦ
3099 2775 3417 2848 [Ιορδὰνου
3457 2774 3753 2848 ποταμοῦ,

2244 2849 2378 2918 παρ’
2433 2841 2481 2915 ᾧ
2539 2841 2830 2915 Ἶωάγένης
2879 2841 3201 2907 ἐϐάπτιζεν-ξ

2250 2961 2657 3035 «Εὐφράνθητι,
2713 2959 2919 3033 ἔρημος
2966 2959 3203 3029 διψῶσα·
3260 2958 3604 3029 ἀγαλλιάσθω
3634 2959 3752 3033 ἕρηο

2178 3073 2314 3127 μος,
2376 3054 2472 3108 καὶ
2530 3051 2756 3107 ἀνθείτω
2817 3053 2894 3116 ὡς
2962 3051 3182 3123 κρίνον,
3271 3052 3364 3105 καὶ
3423 3050 3746 3124 ὲξανθήσει,

487 3136 633 3184 serta
658 3127 937 3194 Jordanis,
973 3140 1025 3185 et
1051 3131 1226 3201 gloria
1257 3131 1450 3189 Libani
1495 3133 1625 3191 data
1659 3146 1743 3193 est
1772 3141 1844 3207 ei,
1883 3151 1938 3198 et
1968 3144 2068 3199 ho-

2171 3150 2262 3204 xui.
2316 3147 2702 3218 ἀγαλλιάσεται
2760 3146 2829 3200 τά
2885 3145 3066 3216 ἔρημα
3126 3144 3218 3199 τοῦ
3285 3145 3549 3215 Ἰορδάνου
3575 3163 3587 3174 ·
3655 3147 3744 3199 καὶ

487 3234 589 3273 ιιοι·
617 3219 878 3285 Carmeli,
911 3232 965 3275 et
1004 3225 1240 3293 papulus
1275 3240 1427 3281 meus
1458 3225 1663 3283 videbit
1703 3232 1932 3302 gloriam
1959 3235 2068 3291 Do-

485 3311 621 3367 mini
645 3311 710 3367 “.
738 3331 757 3364 ι
797 3312 1011 3379 Quibus
1069 3316 1355 3388 adjuugit:
1395 3337 1412 3369 ι
1441 3318 1842 3390 Convalescite,
1871 3342 2068 3384 manus

487 3403 755 3469 remissae,
804 3415 859 3459 et
901 3423 1078 3477 genua
1133 3410 1354 3464 soluta:
1390 3415 1754 3470 consolamiui
1787 3420 2070 3488 pusillani-

488 3510 606 3552 mes
661 3497 938 3553 intellectu
983 3517 998 3555 :
1053 3501 1497 3568 conﬁrmamini,
1553 3523 1624 3563 ne
1668 3509 1872 3566 timete.
1926 3512 2066 3570 Ecce

486 3584 631 3644 Deus
664 3601 852 3645 noster
875 3591 1148 3661 judicium
1181 3595 1385 3661 reddit,
1417 3605 1470 3652 et
1502 3598 1713 3655 reddet.
1740 3600 1858 3673 Ipse
1889 3607 2067 3661 veniet

484 3689 540 3736 et
561 3681 794 3735 salvahit
823 3699 944 3740 nos.
982 3684 1136 3742 Tunc
1170 3690 1487 3758 aperientur
1509 3693 1653 3746 oculi
1683 3708 1976 3762 caecorum,
2012 3706 2066 3752 et

486 3788 646 3828 aures
692 3777 983 3832 surdorum
1020 3779 1262 3836 audient.
1310 3780 1464 3837 Tunc
1507 3785 1685 3850 saliet,
1739 3795 1798 3842 ut
1845 3804 2063 3854 cervus,

484 3868 734 3934 claudus,
766 3879 818 3924 et
867 3871 1026 3941 plana
1065 3872 1171 3926 erit
1214 3873 1397 3944 lingua
1453 3884 1754 3932 mutorum.
1785 3878 2060 3945 Quoniam

483 3961 663 4030 erupit
709 3963 765 4016 in
816 3963 1036 4017 deserto
1079 3978 1243 4034 aqua,
1297 3974 1349 4020 et
1389 3969 1636 4023 scissura
1683 3969 1961 4028 inundans
2009 3974 2064 4028 in

483 4061 628 4109 terra
675 4053 881 4109 sitienti
919 4054 984 4107 ⁸⁸.
1017 4073 1035 4106 ι
1093 4053 1221 4110 Haac
1278 4067 1460 4112 autem
1521 4059 1826 4119 Salvatoris
1887 4066 2064 4121 nostri

482 4145 641 4214 plane
688 4145 1107 4202 admirabilibus
1159 4148 1328 4215 gestis
1389 4153 1660 4221 completa
1723 4163 1888 4220 sunt,
1944 4167 2065 4227 post

479 4235 710 4291 Joannis
749 4237 1214 4307 praadicalionem.
1253 4241 1637 4313 Contemplare
1667 4245 1854 4316 igitur,
1881 4265 2066 4318 quem-

483 4327 774 4382 admodum
814 4330 1166 4386 solitudinem
1214 4334 1529 4404 evangelice
1575 4338 1837 4406 instruit,
1888 4356 2064 4410 neque

2171 3243 2204 3313 ἡ
2254 3240 2381 3308 δόξα
2435 3237 2530 3293 τοῦ
2577 3237 2810 3292 Λιϐάνου
2861 3236 3016 3309 ἐδόθη
3065 3239 3202 3308 αὐτῇ
3230 3278 3244 3302 ,
3300 3239 3392 3291 καλ⁸
3422 3239 3456 3309 ἡ
3491 3235 3619 3309 τιμὴ
3650 3236 3738 3290 τοῦ

2169 3334 2469 3406 Καρμήλου
2494 3373 2509 3398 ,
2585 3333 2677 3386 καὶ
2756 3335 2783 3387 6
2837 3331 2965 3397 λαός
3043 3349 3144 3402 μου
3199 3331 3389 3401 ὄψεται
3443 3331 3541 3402 τὴν
3585 3329 3735 3394 δόξαν

2167 3425 2371 3496 Κυρίου
2395 3441 2410 3454 ο
2442 3442 2460 3475 ι
2516 3416 2597 3488 οἷς
2649 3422 2889 3492 ἐπιλέγει
2915 3440 2929 3452 ·
2993 3441 3012 3472 ι
3035 3421 3309 3492 ’ἰσχύσατε
3333 3463 3347 3487 ,
3409 3424 3586 3494 χεῖρες
3612 3422 3744 3475 ἀνει-

2171 3519 2326 3588 μέναι
2349 3557 2364 3581 ,
2415 3516 2510 3570 καὶ
2547 3518 2750 3584 γόνατα
2793 3513 3212 3588 παραλελυμένα
3237 3531 3250 3544 ·
3305 3513 3743 3586 παρακαλέσατε,

2165 3611 2213 3663 οἱ
2251 3609 2556 3679 ὀλιγόψυχοι
2608 3611 2673 3680 τῇ
2702 3607 2946 3680 διανοίᾳ,
3003 3607 3291 3678 ἰσχύσατε,
3349 3606 3424 3677 μὴ
3475 3605 3744 3677 φοϐεῖσθε.

2181 3699 2308 3754 Ἰδοὺ
2355 3703 2383 3754 6
2439 3701 2569 3764 Θεὸς
2609 3699 2767 3772 ἡμῶν
2809 3701 2990 3772 κρίσιν
3042 3698 3454 3761 ἀνταποδίδωσι,
3488 3698 3581 3751 καὶ
3614 3701 3746 3752 άντ-

2165 3793 2456 3847 αποδὼσει.
2541 3795 2711 3858 Αὐτὸς
2769 3793 2926 3865 ἥξει,
2991 3795 3087 3847 καὶ
3145 3791 3308 3846 σώσει
3369 3793 3533 3863 ἡμᾶς.
3613 3792 3746 3845 Τότε

2165 3886 2578 3956 ἀνοιχθήσονται
2648 3887 2917 3958 ὀφθαλμοὶ
2972 3886 3231 3956 τυφλῶν,
3284 3885 3378 3937 καὶ
3462 3878 3580 3937 ὦτα
3633 3901 3745 3936 κως

2156 3977 2280 4053 φῶν
2336 3976 2696 4034 ἀκούσονται·
2748 3980 2868 4034 τότε
2923 3979 3131 4034 ἁλεῖται
3185 3978 3260 4041 ὡς
3317 3977 3512 4045 ἔλαφος
3566 3979 3595 4030 6
3645 3995 3746 4046 χω-

2165 4071 2255 4135 λὸς
2279 4111 2293 4135 ,
2354 4072 2447 4125 καὶ
2486 4072 2656 4144 τρανὴ
2706 4071 2858 4126 ἔσται
2913 4071 3132 4140 γλῶσσα
3168 4068 3468 4139 μογιλάλων
3491 4084 3504 4096 ·
3546 4067 3626 4118 ὅτι
3657 4067 3742 4133 ἔρ-

2169 4164 2310 4237 ράγη
2371 4166 2430 4217 ὲν
2484 4168 2549 4236 τῇ
2609 4166 2799 4237 ἐρήμῳ
2862 4162 3046 4234 ὕδωρ,
3125 4162 3216 4214 καὶ
3288 4157 3504 4228 φάραγξ
3555 4159 3613 4208 ὲν
3668 4157 3737 4224 γῇ

2163 4255 2426 4329 διψώσῃ.)
2490 4256 2602 4308 Καὶ
2644 4255 2817 4308 ταῦτα
2867 4254 2955 4307 διὰ
3004 4252 3110 4305 τῶν
3155 4249 3250 4303 τοῦ
3289 4249 3536 4318 Σωτῆρος
3583 4243 3738 4316 ἡμῶν

2165 4346 2459 4418 προφανῶς
2521 4345 2840 4416 παραδόξων
2900 4343 3076 4415 ἔργων
3133 4337 3431 4410 ἐπληροῦτο
3487 4335 3625 4407 μετὰ
3678 4335 3740 4387 τὸ

483 4421 538 4476 id
563 4422 890 4493 simpliciter
911 4430 1004 4477 aut
1031 4425 1284 4494 quamvis
1308 4427 1680 4497 solitudinem,
1715 4431 1810 4486 sed
1839 4431 2060 4489 definite

2178 4438 2422 4493 Ἰωάννου
2497 4438 2774 4508 κήρυγμα.
2873 4435 3014 4504 Ὅρα
3041 4429 3324 4499 τοιγαροῦν
3351 4468 3364 4492 ,
3437 4428 3583 4532 ϐπως
3641 4428 3740 4497 τὴν

483 4513 632 4566 illam
665 4522 721 4568 et
752 4515 946 4581 solam,
986 4531 1108 4584 quae
1148 4523 1233 4572 est
1283 4519 1426 4588 apud
1453 4517 1748 4576 Jordanem
1786 4520 2008 4577 ﬂuvium
2039 4543 2052 4580 :

481 4604 926 4676 quandoquidem
966 4607 1123 4675 juxta
1160 4608 1302 4664 hanc
1331 4626 1560 4666 versans
1599 4610 1841 4670 Joannes
1883 4615 2058 4684 bapti—

481 4698 662 4760 zabat,
698 4695 1077 4767 utISeriptura
1107 4700 1223 4771 ipsa
1255 4700 1412 4755 fidem
1445 4702 1594 4767 facit,
1627 4704 1818 4762 dicens
1845 4725 1857 4760 ε
1883 4724 1902 4757 t
1930 4707 2059 4762 Erat

477 4784 720 4844 Joannes
750 4788 803 4842 in
834 4789 1133 4846 solitudine
1168 4790 1476 4862 baptizans,
1511 4801 1566 4847 et
1588 4794 1771 4848 exibat
1809 4795 1874 4850 ad
1903 4796 2055 4849 illum

479 4882 656 4937 omnis
702 4879 887 4937 Judaaa
946 4884 1136 4952 regio,
1189 4891 1245 4939 et
1301 4884 1802 4957 Hierosolymorum
1866 4889 2058 4944 inculte

479 4987 691 5037 omnes,
714 4982 768 5030 et
792 4975 1215 5046 baptizabantur
1230 4979 1298 5032 ab
1322 4977 1415 5032 illo
1436 4979 1490 5033 in
1506 4978 1744 5036 Jordane
1767 4981 1834 5036 “.
1862 5000 1880 5032 ›
1904 4980 2056 5034 lianc

481 5064 644 5133 igitur
681 5067 1034 5122 solitudinem
1065 5068 1184 5138 ejus
1217 5084 1338 5140 quae
1372 5072 1646 5140 quondam
1688 5073 1757 5129 ab
1799 5075 2056 5129 omnibus

479 5153 638 5210 bonis
679 5157 897 5212 deserta
936 5169 1090 5224 erat,
1134 5161 1260 5216 dico
1299 5171 1482 5218 autem
1511 5163 1674 5236 432
1701 5165 1942 5221 collectae
1990 5165 2058 5220 de

477 5249 732 5318 gentibus
759 5249 1035 5314 Ecclesiae,
1070 5254 1287 5323 signum
1326 5265 1542 5327 gestare
1579 5258 1840 5322 arbitror,
1875 5258 2054 5328 ipsum

479 5355 607 5394 vero
637 5338 861 5397 [luvium
913 5344 967 5399 in
1009 5345 1324 5412 solitudine,
1361 5359 1685 5420 purgantem
1721 5364 1914 5405 omnes
1959 5350 2054 5420 qui

477 5431 532 5485 in
569 5434 689 5503 ipso
737 5435 1112 5504 abluerentur,
1174 5441 1514 5511 purgationis
1564 5443 1888 5512 cujusdam,
1937 5456 2059 5512 quae

481 5526 781 5583 secundum
834 5532 1165 5586 sententiam
1215 5531 1574 5605 intelligatur,
1623 5534 1914 5604 imaginem
1963 5550 2058 5606 ge-

481 5629 784 5693 rere,“_qua
835 5621 904 5676 de
959 5639 1020 5678 re
1063 5624 1363 5697 loquuntur
1419 5623 1728 5696 Scripturte
1751 5625 2050 5683 dicentes:

2164 4528 2368 4602 ἔρημον
2418 4528 2864 4597 εὐαγγελίζεται,
2928 4525 3026 4593 οὐχ
3074 4520 3300 4585 ἁπλῶς,
3352 4520 3472 4573 οὐδὲ
3514 4520 3612 4592 τὴν
3644 4536 3739 4572 τυο

2157 4620 2384 4692 χοῦσαν,
2436 4617 2548 4671 ἀλλ’
2627 4617 2841 4688 ἐκείνην
2903 4613 3336 4686 ἀφωρισμένως,
3412 4613 3506 4666 καὶ
3572 4613 3740 4684 μόνην

2155 4713 2255 4782 τὴν
2306 4709 2457 4782 παρὰ
2508 4709 2586 4780 τῷ
2649 4708 2890 4780 Ἰορδάνῃ
2935 4705 3196 4778 ποταμῷ’
3253 4704 3552 4776 ἐπειδήπερ
3586 4705 3741 4776 παρά

2165 4803 2337 4875 ταύτῃ
2411 4800 2700 4872 διατρίϐων
2759 4800 2787 4852 6
2853 4799 3106 4870 Ἰωάννης
3161 4795 3494 4862 ἐϐάπτιζεν,
3569 4795 3644 4860 ὡς
3703 4798 3739 4868 ἡ

2165 4895 2356 4967 Γραφὴ
2392 4898 2676 4968 μαρτυρεῖ,
2726 4893 2958 4962 λέγουσα
2985 4910 2999 4923 ·
3063 4891 3347 4960 (Ἐγένετο
3391 4888 3640 4961 Ἰωάννης
3682 4889 3741 4942 ὲν

2165 4991 2231 5060 τῇ
2294 4989 2483 5061 ἐρήμῳ
2519 4983 2791 5058 βαπτίζων
2816 5025 2831 5050 ,
2889 4985 2982 5038 καὶ
3013 4981 3363 5055 ἐξεπορεύετο
3409 4981 3545 5052 πρὸς
3577 4979 3740 5033 αὐτὸν

2166 5081 2315 5134 πᾶσα
2364 5082 2398 5151 ἡ
2444 5077 2671 5132 Ἰουδαία
2718 5075 2869 5148 χώρα
2896 5119 2909 5143 ,
2946 5078 3040 5130 καὶ
3067 5077 3118 5129 οἱ
3162 5073 3584 5146 Ἱεροσολυμῖται
3609 5072 3742 5126 πάν-

2158 5188 2248 5236 τες
2272 5212 2286 5235 ,
2337 5171 2431 5225 καὶ
2463 5170 2816 5234 ἐϐαπτίζοντο
2864 5171 2954 5222 ὑπ’
2991 5165 3155 5221 αὑτοῦ
3187 5168 3246 5220 ὲν
3285 5165 3362 5238 τῷ
3425 5164 3681 5236 Ἰορδάνῃ.
3713 5182 3734 5210 ο

2159 5263 2271 5335 Τὴν
2324 5265 2422 5334 μὲν
2471 5259 2562 5316 οὖν
2593 5261 2798 5334 ἔρημον
2823 5301 2837 5327 ,
2886 5261 2988 5332 τῆς
3020 5260 3188 5314 πάλαι
3217 5258 3433 5312 πάντων
3459 5256 3566 5311 τῶν
3599 5253 3745 5310 κατὰ

2159 5356 2290 5410 Θεὸν
2346 5355 2564 5426 ἀγαθῶν
2617 5355 2823 5426 ἐρήμου
2851 5397 2867 5422 ,
2924 5354 3069 5422 λέγω
3098 5353 3161 5424 δὴ
3190 5352 3289 5424 τῆς
3319 5351 3377 5418 ἐξ
3403 5348 3571 5402 ἐθνῶν
3617 5347 3741 5400 Ἐκ-

2164 5445 2436 5518 κλησίας,
2519 5445 2782 5517 σύμϐολον
2848 5444 3126 5515 περιέχειν
3182 5440 3421 5513 ἡγοῦμαι
3451 5480 3467 5507 ,
3524 5437 3612 5492 τὸν
3675 5435 3735 5489 δὲ

2160 5538 2404 5609 ποταμὸν
2446 5538 2538 5593 τὸν
2589 5537 2681 5592 ἐπὶ
2707 5537 2809 5608 τῆς
2838 5537 3047 5610 ἐρήμου
3075 5576 3090 5600 ,
3147 5535 3477 5607 καθαίροντα
3532 5534 3739 5596 πάντας

2154 5628 2280 5692 τοὺς
2326 5627 2747 5701 ἀπολουομένους
2771 5631 2828 5683 ὲν
2856 5627 3006 5698 αύτῷ
3027 5667 3042 5692 ,
3095 5625 3393 5698 καθαρσίου
3419 5625 3560 5690 τινὸς
3592 5619 3734 5678 εἶναι

553 5793 598 5825 δ’
635 5793 862 5849 Maach.
902 5810 992 5862 ιιι,
1032 5797 1082 5853 1.
1161 5799 1205 5832 ³³
1246 5798 1432 5857 Matth.
1471 5818 1554 5870 χι,
1590 5800 1677 5858 l8.
1755 5802 1798 5833 ⁵³
1839 5801 1943 5859 lsa.
1978 5821 2068 5861 xx:

2191 5804 2328 5871 1,2.
2406 5805 2450 5840 δ’
2493 5805 2754 5864 ibid.5-6.
2831 5808 2875 5841 “
2915 5804 3080 5864 Marc.
3117 5820 3175 5873 ι,
3203 5804 3260 5864 5.
