4098 6488
390 414 495 471 673

1285 404 1947 465 DEMONSTRATIONIS
1982 406 2445 466 EVANGELICE
2485 406 2615 466 LIB.
2651 400 2753 472 Π..

3555 401 3662 460 ϐτί

390 526 532 582 κατὰ
554 524 804 581 διάνοιαν
837 521 1213 597 θεωρωμὶνου
1252 521 1436 577 είκόνα
1461 560 1479 590 ,
1531 524 1663 597 περὶ
1705 519 1768 581 οὗ
1796 525 1963 580 διαλα·

2087 544 2105 578 ι
2134 522 2405 583 Fluminis
2449 526 2689 597 impetus
2721 521 2964 579 laitiﬁcat
3001 522 3275 578 civitatem
3300 521 3394 579 Dei
3417 521 3483 581 ³⁷.
3519 542 3539 577 ι
3572 522 3651 578 Si-

388 618 573 674 λοῦσιν
613 618 670 674 αί
694 618 911 691 Γραφαὶ
958 616 1214 686 λέγουσαι
1234 631 1250 648 ο
1312 615 1450 671 «Τοῦ
1504 618 1751 690 ποταμοῦ
1783 617 1852 673 τὰ
1879 620 1971 692 ὀρο

392 712 623 785 μηματα
649 710 1001 783 εὐφραίνουσι
1036 706 1135 781 τὴν
1175 706 1330 764 πόλιν
1368 707 1464 762 τοῦ
1496 709 1686 764 Θεοῦ.)
1763 710 1970 782 Σημαί-

387 822 469 859 νει
519 804 579 858 δὲ
619 802 776 859 τοῦτο
821 802 921 874 τὴν
954 800 1148 855 ἀέναον
1188 800 1450 874 ἐπιρροήν
1493 800 1588 856 τοῦ
1623 801 1768 856 θείου
1799 800 1970 855 Πνεύ-

391 914 561 969 ματος
578 937 594 963 ,
640 895 846 953 ἄνωθεν
873 891 1212 966 πηγάζοντος
1233 935 1248 961 ,
1280 893 1377 948 καὶ
1405 892 1502 966 τὴν
1530 893 1625 947 τοῦ
1653 892 1789 947 Θεοῦ
1814 894 1968 948 πόλιν

386 988 642 1062 ἄρδοντος
665 1028 681 1054 ,
740 986 883 1041 οὕτω
940 985 1280 1057 καλουμένης
1336 985 1437 1056 τῆς
1466 984 1609 1039 κατὰ
1652 985 1784 1040 Θεὸν
1818 985 1970 1039 πολι-

385 1080 553 1144 τείας.
630 1071 799 1144 Οὗτος
838 1077 902 1150 δὴ
945 1073 1040 1134 οὗν
1070 1077 1314 1148 ποταμὸς
1339 1077 1433 1130 τοῦ
1481 1075 1617 1131 Θεοῦ
1657 1077 1753 1131 καὶ
1804 1076 1967 1150 μέχρι

386 1172 486 1243 τῆς
522 1169 727 1243 ἐρήμου
762 1168 1093 1242 κατελήλυθε
1116 1209 1130 1229 .
1187 1166 1386 1241 δηλαδὴ
1419 1167 1521 1239 τῆς
1552 1166 1610 1233 ἐξ
1638 1167 1807 1222 ἐθνῶν
1848 1169 1969 1222 Ἐκ·-

388 1262 616 1335 κλησίας
639 1301 654 1327 ,
696 1263 792 1318 καὶ
840 1260 1011 1334 ταύτῃ
1058 1259 1169 1315 τῶν
1216 1262 1275 1315 ἐν
1304 1259 1453 1332 αὐτῷ
1496 1259 1742 1325 ζωτικῶν
1788 1259 1967 1331 ναμά-

385 1369 494 1410 των
525 1354 691 1409 είσέτι
735 1354 830 1408 νῦν
860 1354 1198 1425 ἐπιχορηγεῖ.
1255 1352 1400 1423 Πρὸς
1439 1350 1649 1415 τούτοις
1695 1353 1728 1424 ή
1764 1370 1969 1425 προφη-

386 1447 506 1503 τεία
557 1448 624 1518 τῇ
687 1443 992 1518 δηλωθείσῃ
1046 1444 1241 1518 ἐρήμῳ
1293 1440 1615 1513 δοθήσεσθαί
1666 1458 1799 1513 φησι
1870 1441 1967 1515 τὴν

384 1538 539 1606 δόξαν
580 1535 678 1591 τοῦ
723 1536 960 1591 Λιϐάνου
985 1574 1000 1600 ,
1054 1535 1147 1588 καὶ
1178 1534 1279 1606 τὴν
1309 1533 1473 1605 τιμὴν
1515 1533 1608 1588 τοῦ
1642 1532 1963 1606 Καρμήλου.

385 1630 481 1695 Τίς
529 1630 575 1684 δ’
623 1630 769 1683 ἔστιν
822 1631 856 1700 ἡ
897 1627 1024 1694 δόξα
1075 1624 1168 1681 τοῦ
1220 1624 1439 1679 λιϐάνου
1478 1625 1511 1697 ἢ
1555 1629 1588 1697 ἡ
1621 1626 1709 1680 διὰ
1746 1625 1964 1692 θυσιῶν,

383 1721 529 1775 κατά
553 1720 646 1774 τὸν
683 1719 963 1783 Μωῦσέως
1009 1718 1174 1790 νόμον
1198 1756 1213 1782 ,
1260 1716 1653 1790 ἐπιτελουμένη
1701 1717 1964 1791 λατρεία;

382 1810 451 1882 ἢν
496 1809 973 1882 παραιτησάμενος
1002 1810 1031 1863 6
1081 1807 1215 1873 Θεὸς
1249 1808 1338 1864 διὰ
1388 1808 1490 1878 τῆς
1526 1807 1796 1880 λεγούσης
1835 1825 1968 1881 προ-

385 1880 648 1977 φητείας,
772 1903 887 1957 Ἵνα
940 1902 993 1956 τί
1035 1919 1125 1974 μοι
1174 1902 1409 1958 Λίϐανον
1446 1904 1512 1957 ὲκ
1546 1901 1697 1957 Σαϐὰ
1734 1880 1962 1975 φέρετε;
1999 1880 2038 1935 Β

383 1996 478 2050 καὶ
527 1995 580 2049 τί
631 2012 723 2067 μοι
775 1993 980 2064 πλῆθος
1030 1994 1139 2048 τῶν
1177 1992 1374 2051 θυσιῶν
1417 1994 1612 2067 ὑμῶν;
1647 2015 1667 2049 ι
1736 1996 1831 2049 ἐπὶ
1868 1996 1966 2068 τὴν

381 2086 585 2161 ἔρημον
640 2086 737 2141 τοῦ
765 2130 775 2142 .
806 2086 1072 2158 Ἰορδάνου
1134 2087 1474 2160 μετατέθηκε
1522 2086 1619 2160 τὴν
1672 2087 1830 2155 δόξαν
1865 2089 1965 2160 τῆς

391 2179 748 2253 Ἰερουσαλὴμ
775 2219 791 2244 ,
830 2179 929 2250 τῆς
966 2179 1086 2235 κατ’
1137 2180 1418 2237 εὐσέϐειαν
1456 2180 1681 2253 ἀγωγῆς
1718 2182 1819 2236 οὐκ
1874 2183 1966 2236 ἐπὶ

393 2273 781 2345 Ἰερουσαλὴμ,
845 2271 962 2327 ἀλλ’
1019 2272 1111 2325 ἐπὶ
1167 2272 1269 2344 τῆς
1327 2274 1535 2345 ἐρήμου
1596 2274 1965 2329 συντελεῖσθαι

379 2364 694 2439 ἀρξαμένης
747 2364 854 2420 ἀπὸ
911 2364 1022 2417 τῶν
1070 2364 1318 2419 Ἰωάννου
1358 2365 1587 2437 χρόνων.
1693 2364 1966 2431 Ὡσαύτως

379 2457 436 2512 δὲ
474 2458 569 2512 καὶ
620 2459 655 2529 ἡ
693 2457 828 2529 τιμὴ
879 2455 975 2510 τοῦ
1011 2456 1178 2528 νόμου
1207 2497 1222 2521 ,
1262 2456 1371 2512 τῶν
1403 2476 1463 2511 τε
1498 2457 1620 2512 κατ’
1660 2457 1824 2512 αὑτὸν
1862 2474 1966 2511 σω-

386 2545 754 2620 ματικὼτερον
791 2545 1297 2618 νενομοθετημένων
1319 2547 1524 2603 δέδοται
1550 2550 1617 2620 τῇ
1648 2548 1842 2621 ἐρήμῳ
1868 2546 1963 2602 τοῦ

393 2638 662 2712 Ἰορδάνου
719 2638 808 2693 διὰ
843 2639 941 2711 τὴν
980 2638 1332 2694 ἀποδοθεῖσαν
1371 2640 1584 2707 αἰτίαν,
1653 2641 1734 2695 ὅτι
1770 2640 1963 2713 μηκέτ’

381 2728 476 2781 ἐπὶ
510 2729 610 2802 τὴν
659 2726 1016 2801 Ἰερουσαλὴμ
1048 2728 1426 2802 προσέφευγον
1461 2732 1512 2784 οί
1547 2731 1648 2803 τῆς
1684 2731 1829 2786 κατὰ
1863 2731 1964 2802 ψυ-

379 2819 482 2892 χὴν
519 2819 815 2892 θεραπείας
852 2820 1097 2892 δεόμενοι
1118 2860 1134 2885 ,
1195 2821 1331 2876 ἀλλὰ
1369 2822 1463 2876 ἐπὶ
1493 2823 1593 2896 τὴν
1624 2821 1960 2895 ὀνομαζομέι

378 2926 479 2981 νην
515 2909 744 2983 ἔρημον,
766 2911 866 2984 τῆς
901 2913 960 2967 ἐν
979 2913 1116 2986 αὐτῇ
1147 2914 1559 2986 κηρυττομένης
1586 2910 1834 2985 ἀφέσεως
1851 2914 1961 2969 τῶν

379 3003 797 3075 ἁμαρτημάτων
831 3004 1040 3060 ἕνεκεν.
1114 3002 1284 3079 οἶμαι
1330 3007 1387 3061 δὲ
1440 3007 1535 3061 καὶ
1567 3006 1665 3061 τοῦ
1708 3008 1963 3080 Σωτῆρος

378 3094 538 3165 ἡμῶν
592 3095 693 3166 τὴν
744 3097 840 3150 ἐπὶ
897 3097 958 3151 τὸ
998 3097 1280 3169 βάπτισμα
1331 3099 1634 3170 παρουσίαν
1671 3098 1961 3171 δηλοῦσθαι

376 3185 467 3240 διὰ
496 3187 591 3241 τοῦ
610 3228 626 3253 ,
670 3206 688 3239 ι
712 3187 822 3242 Καὶ
858 3190 887 3242 6
914 3187 1040 3252 λαός
1076 3205 1177 3261 μου
1197 3189 1389 3258 δψεται
1417 3188 1516 3261 τὴν
1545 3187 1700 3255 δόξαν
1726 3189 1958 3263 Κυρίου,

2073 617 2297 689 gniﬁcat
2337 633 2506 689 porro
2561 618 2673 673 hoc
2715 622 3037 689 perpetuam
3082 613 3439 670 inﬂuxionem
3483 615 3658 674 divini

2073 708 2451 779 Spiritus,qui
2490 708 2728 779 desuper
2760 705 3010 771 inundat,
3043 713 3099 761 ot
3136 704 3232 761 Dei
3265 706 3542 762 civitatem
3578 707 3660 762 ir-

2068 800 2233 871 rigat,
2285 801 2368 856 sic
2408 807 2589 856 autem
2621 807 2852 856 vocatur
2883 798 3012 853 vitae
3053 813 3250 870 genus,
3303 798 3427 866 ejus
3470 813 3594 870 qua:
3623 814 3656 854 a

2069 890 2182 949 Deo
2214 892 2491 963 dirigitur.
2524 891 2627 947 Hic
2655 892 2823 962 igitur
2844 891 2942 947 Dei
2972 889 3173 946 ﬂuvius
3201 905 3379 961 usque
3424 891 3491 946 ad
3523 893 3657 948 soli-

2067 983 2314 1040 tudinem
2363 985 2617 1051 devenit,
2671 987 2955 1041 collectam
3004 982 3261 1039 videlicet
3291 984 3358 1040 de
3404 986 3659 1055 gentibus

2067 1075 2373 1132 Ecclesiam
2393 1096 2406 1131 :
2425 1083 2479 1132 et
2504 1076 2636 1133 huic
2662 1092 2802 1148 quas
2825 1079 2880 1130 in
2905 1093 2965 1131 se
2987 1077 3109 1147 ipso
3140 1076 3305 1132 habet
3327 1092 3500 1148 aquas
3518 1080 3658 1133 vita-

2068 1164 2151 1223 les
2187 1167 2353 1222 etiam
2394 1183 2543 1224 nunc
2572 1168 2789 1224 abunde
2820 1169 3076 1240 largitur.
3105 1167 3303 1225 Postea
3342 1171 3484 1226 idem
3518 1171 3657 1226 vati-

2068 1259 2273 1315 cinium
2318 1260 2495 1317 eidem
2553 1262 2842 1318 solitudini
2891 1262 3041 1317 canit
3073 1261 3261 1317 datum
3312 1263 3379 1318 iri
3425 1264 3653 1333 gloriam

2072 1352 2287 1419 Libani,
2320 1360 2374 1409 et
2399 1354 2665 1411 honorem
2698 1355 2937 1411 Carmeli
2968 1373 2981 1409 :
3009 1355 3106 1410 sed
3136 1371 3386 1426 quaenam
3418 1365 3505 1413 est
3534 1357 3654 1428 glo-

2067 1442 2149 1497 ria
2176 1442 2411 1499 Carmeli
2442 1444 2551 1501 nisi
2587 1446 2636 1501 is
2663 1444 2758 1515 qui
2790 1460 2853 1499 οτ
2888 1444 3005 1515 lege
3046 1443 3214 1499 illusis
3255 1460 3354 1515 per
3382 1445 3655 1502 sacriﬁcia

2067 1536 2450 1591 celebrabatur
2488 1538 2672 1592 ritus?
2703 1553 2864 1607 quem
2899 1537 2993 1591 ubi
3032 1538 3342 1607 repudiavit
3372 1537 3518 1595 Deus
3556 1554 3657 1611 per

2067 1644 2186 1685 eam
2222 1629 2567 1700 prophetiam
2596 1645 2718 1700 quae
2741 1631 2817 1683 ait
2844 1648 2858 1685 :
2896 1648 2916 1681 ι
2943 1630 3055 1696 Cur
3096 1630 3229 1685 mihi
3260 1630 3387 1686 thus
3414 1630 3483 1687 de
3509 1630 3654 1687 Saba

2067 1720 2309 1777 aﬂ‘ertis?
2333 1727 2388 1776 ct
2420 1720 2553 1791 quid
2604 1720 2739 1775 mihi
2778 1720 3073 1775 multitudo
3117 1721 3514 1777 sacriﬁciorum
3560 1738 3657 1778 vc-

2069 1822 2309 1868 strorum
2335 1812 2415 1865 "’1'
2449 1832 2467 1863 ι
2494 1812 2550 1866 in
2575 1811 2928 1866 solitudinem
2948 1809 3511 1867 Jordanistranstulit
3538 1812 3657 1883 glo-

2068 1906 2207 1959 riam
2239 1903 2569 1966 Jerusalem,
2617 1909 2909 1974 postquam
2968 1904 3108 1958 ratio
3155 1905 3243 1974 pie
3292 1904 3656 1975 religioseque

2066 1998 2283 2054 vivendi
2322 2013 2435 2054 non
2466 2000 2523 2053 in
2549 1996 2878 2062 Jerusalem,
2914 1998 3009 2053 sed
3043 1999 3098 2053 in
3141 1998 3363 2054 deserto
3391 2012 3655 2054 consum-

2067 2089 2206 2145 mari
2242 2097 2424 2160 coepta
2466 2097 2575 2155 est,
2609 2090 2755 2161 quod
2800 2088 3059 2145 videlicet
3092 2090 3293 2145 accidit
3326 2099 3451 2161 post
3481 2089 3653 2146 Joan-

2066 2180 2154 2235 nis
2187 2186 2458 2251 tempora.
2486 2180 2667 2237 Simili
2713 2181 2950 2243 ratione,
2991 2181 3158 2236 etiam
3189 2178 3370 2235 honor
3399 2181 3537 2252 legis
3597 2188 3651 2238 et

2065 2286 2253 2326 eorum
2279 2286 2404 2341 quae
2433 2272 2489 2325 in
2512 2271 2631 2342 lege
2657 2270 3010 2341 corporalius
3034 2270 3248 2325 sancita
3275 2279 3425 2336 sunt,
3457 2267 3653 2324 Iorda-

2066 2363 2152 2417 nis
2183 2362 2465 2418 solitudini
2505 2362 2666 2418 datus
2703 2370 2811 2428 est,
2844 2370 3069 2433 propter
3117 2361 3366 2417 eamdem
3399 2374 3649 2426 causam,

2064 2455 2323 2524 quoniam
2367 2471 2477 2511 non
2531 2455 2769 2527 amplius
2802 2455 2860 2509 in
2891 2453 3197 2510 Jerusalem
3235 2451 3651 2524 confugiebant,

2065 2546 2158 2617 qui
2203 2547 2507 2603 curationis
2563 2546 2886 2618 indigebant
2943 2545 3066 2615 ejus
3114 2557 3239 2615 quae
3280 2542 3351 2597 ad
3389 2544 3651 2597 animum

2065 2639 2324 2710 pertinet,
2350 2638 2448 2695 sed
2480 2638 2536 2693 in
2567 2639 2622 2694 id
2656 2638 2804 2708 quod
2845 2636 3167 2692 nominatur
3185 2634 3490 2696 desertum,
3517 2647 3651 2704 pro-

2063 2739 2185 2802 pter
2226 2746 2345 2788 eam
2384 2746 2506 2803 quae
2560 2729 2617 2785 in
2674 2729 2770 2784 illo
2812 2728 3215 2801 praedicabatur
3264 2725 3650 2781 remissionem

2063 2829 2437 2893 peccatorum.
2470 2817 2612 2875 Puto
2648 2820 2814 2875 etiam
2868 2818 3174 2875 Salvatoris
3212 2816 3391 2874 nostri
3439 2814 3508 2871 ad
3552 2816 3652 2871 ba-

2062 2914 2323 2986 ptismum
2358 2928 2648 2969 accessum
2682 2911 2982 2984 signiﬁcari
3011 2911 3122 2967 illis
3146 2910 3328 2966 verbis
3358 2928 3373 2965 :
3398 2927 3427 2961 4
3462 2906 3530 2962 Et
3549 2922 3652 2978 po.

2061 3007 2224 3078 pulus
2257 3020 2415 3063 mens
2442 3005 2651 3062 videbit
2687 3004 2918 3076 gloriam
2954 3003 3195 3071 Domini,
3227 3011 3282 3059 et
3303 3001 3648 3057 altitudinem

2063 3097 2160 3154 Dei
2193 3116 2210 3167 ;
2244 3122 2263 3151 ι
2295 3106 2425 3155 tunc
2455 3098 2603 3154 enim
2631 3098 2751 3153 visa
2798 3104 2885 3153 est
2919 3095 3220 3151 Salvatoris
3249 3096 3424 3151 nostri
3450 3093 3648 3166 gloria,

2067 3208 2087 3242 ι
2124 3204 2250 3245 cum
2277 3189 2527 3246 ascendit
2557 3189 2626 3245 de
2654 3203 2818 3260 aqua,
2850 3195 2906 3243 et
2936 3187 2987 3243 ei
3020 3188 3196 3259 aperti
3243 3195 3373 3242 sunt
3405 3185 3553 3252 cwli,
3592 3190 3649 3240 et

378 3276 475 3331 καὶ
529 3276 590 3330 τὸ
646 3276 779 3347 ῦψος
832 3277 927 3331 τοῦ
964 3277 1123 3332 Θεοῦ.
1175 3297 1194 3331 ι
1226 3278 1362 3332 Τότε
1397 3278 1507 3351 γὰρ
1541 3279 1636 3333 καὶ
1667 3277 1826 3351 ὤφθη
1863 3277 1959 3333 τοῦ

2064 3280 2199 3336 vidit
2232 3279 2487 3351 spiritum
2524 3277 2617 3334 Dei
2644 3278 3069 3335 descendentem
3104 3278 3267 3348 quasi
3305 3276 3643 3339 columbam,

381 3367 631 3439 Σωτῆρος
663 3366 823 3440 ἡμῶν
865 3371 899 3440 ὴ
923 3368 1071 3436 δόξα,
1094 3370 1187 3423 ὅτε
1227 3368 1542 3440 βαπτισθεὶς
1579 3388 1598 3422 ι
1647 3369 1812 3442 ἀνέϐη
1853 3370 1962 3425 άπὸ

377 3456 476 3512 τοῦ
509 3458 701 3525 ὓδατος
723 3500 741 3526 ,
780 3462 875 3514 καὶ
912 3460 1267 3532 ἀνεῴχθησαν
1305 3460 1456 3532 αὐτῷ
1491 3462 1540 3516 οί
1581 3461 1799 3535 οὐρανοὶ
1816 3502 1831 3527 ,
1869 3463 1964 3517 καὶ

380 3546 488 3605 εἶδε
519 3551 582 3604 τὸ
616 3553 840 3624 Πνεῦμα
875 3551 971 3606 τοῦ
1007 3551 1142 3605 Θεοῦ
1176 3551 1505 3608 καταϐαῖνον
1542 3553 1675 3607 ὡσεὶ
1712 3568 1964 3626 περιστεε-

383 3642 483 3715 ρὰν
504 3682 520 3707 ,
560 3644 654 3698 καὶ
694 3644 853 3717 μένον
888 3645 974 3698 ἐπ’
1011 3644 1171 3699 αὐτόν
1201 3661 1215 3676 ·
1261 3665 1278 3697 ι
1306 3646 1396 3700 ὅτε
1435 3646 1529 3699 καὶ
1565 3646 1718 3719 φωνὴ
1757 3649 1820 3701 ἐκ
1852 3647 1962 3702 τῶν

377 3732 619 3806 οὐρανῶν
658 3733 901 3807 ἠκούσθη
938 3733 1173 3803 λέγουσα
1196 3750 1212 3767 ο
1326 3753 1345 3787 ι
1381 3730 1550 3800 οὗτός
1584 3739 1731 3791 ἐστιν
1767 3739 1796 3791 6
1834 3738 1963 3803 Υἱός

382 3844 485 3897 μου
518 3828 547 3881 6
579 3827 863 3899 ἀγαπητὸς
892 3867 907 3890 ,
947 3829 1006 3881 ἐν
1042 3822 1086 3897 ᾧ
1123 3830 1422 3901 ηὐδόκησα.
1458 3848 1478 3881 ι
1534 3828 1695 3884 Ἀλλὰ
1731 3831 1825 3884 καὶ
1855 3833 1963 3896 πᾶς

376 3917 407 3969 6
462 3919 700 3991 γνησίως
737 3918 830 3972 ἐπὶ
860 3918 923 3971 τὸ
953 3917 1050 3972 τοῦ
1088 3919 1317 3992 λουτροῦ
1355 3919 1566 3992 παριὼν
1622 3923 1918 3994 μυστήριον
1944 3962 1958 3987 ,

374 4009 474 4083 τὴν
511 4012 640 4083 περὶ
670 4010 764 4065 τοῦ
792 4011 1028 4084 Χριστοῦ
1054 4012 1390 4086 παραλαϐὼν
1415 4012 1693 4084 θεολογίαν
1711 4056 1726 4079 ,
1764 4016 1864 4087 τὴν
1885 4016 1963 4070 δό-

376 4103 475 4169 ξαν
512 4102 677 4158 αὐτοῦ
716 4103 1003 4168 θεάσεται,
1064 4104 1235 4173 λέξων
1272 4104 1338 4159 ἂν
1375 4106 1578 4177 ὁμοίως
1612 4106 1693 4178 τῷ
1730 4107 1957 4179 Παύλῳο

380 4214 400 4248 ι
432 4196 496 4250 El
552 4197 646 4251 καὶ
702 4196 1022 4269 ἐγνώκαμεν
1079 4196 1220 4253 κατὰ
1262 4198 1441 4271 σάρκα
1477 4198 1712 4272 Χριστὸν
1738 4239 1756 4266 ,
1825 4200 1962 4256 ἀλλὰ

374 4285 470 4340 νῦν
506 4287 688 4341 οὐκέτι
725 4286 1088 4357 γινώσκομεν.
1123 4307 1143 4340 ι

386 4402 518 4458 Ἀπὸ
563 4401 670 4458 τοῦ
707 4401 955 4473 ψαλμοῦ
997 4406 1155 4475 ἰνῃ-
1166 4403 1304 4475 Περὶ
1334 4403 1440 4459 τοῦ
1467 4403 1619 4474 μετὰ
1643 4403 1960 4475 ,ϐάπτισμα

754 4473 1089 4542 πειρασμοῦ
1128 4473 1234 4527 τοῦ
1280 4473 1564 4541 Χριστοῦ.

2061 3378 2117 3427 et
2145 3378 2455 3427 manentem
2485 3385 2653 3442 super
2671 3369 2817 3426 eo".
2843 3388 2863 3421 ι
2890 3368 3027 3425 Cum
3052 3384 3154 3424 vox
3169 3382 3388 3439 quoque
3408 3366 3478 3442 de
3505 3365 3649 3422 cmlo

2062 3465 2248 3520 audita
2287 3471 2393 3529 est,
2421 3462 2648 3519 dicens:
2681 3480 2700 3515 ι
2734 3461 2834 3517 llic
2869 3470 2955 3518 est
2978 3460 3152 3517 Filius
3195 3475 3354 3516 meus
3383 3441 3643 3522 dilectus,

2064 3557 2119 3613 in
2159 3570 2269 3627 quo
2311 3554 2443 3609 mihi
2470 3552 2869 3624 complacui”.
2904 3571 2924 3604 ι
2973 3550 3081 3606 Sed
3119 3551 3287 3606 etiam
3327 3550 3648 3620 quicunque

2065 3647 2304 3718 legitime
2330 3644 2398 3700 ad
2434 3645 2635 3700 lavacri
2670 3645 2994 3715 mysterium
3029 3642 3264 3711 accedit,
3303 3643 3400 3698 ubi
3433 3641 3647 3697 theoto—

2063 3740 2205 3809 giam
2253 3739 2321 3794 de
2364 3730 2589 3794 Christo
2633 3738 2928 3808 acceperit,
2977 3737 3208 3808 gloriam
3249 3736 3370 3806 ejus
3402 3736 3647 3791 intuebi-

2063 3840 2173 3897 tur,
2205 3840 2259 3887 ct
2285 3847 2408 3887 cum
2451 3830 2624 3886 Paulo
2659 3830 2846 3885 dicere
2887 3828 3087 3902 poterit
3115 3847 3129 3884 :
3157 3847 3179 3881 ι
3229 3829 3346 3884 Etsi
3381 3828 3643 3900 cognovi-

2063 3940 2183 3981 mus
2226 3923 2526 3981 secundum
2559 3936 2783 3977 carnem
2815 3920 3123 3987 Christum,
3166 3927 3223 3975 at
3273 3934 3422 3975 nunc
3452 3926 3639 3975 tamen

2062 4032 2171 4072 non
2207 4017 2443 4087 amplius
2470 4015 2858 4087 cognoscimus
2877 4014 2947 4070 “.
2974 4032 2995 4067 ο

2055 4400 2217 4475 433
2255 4401 2301 4456 Α
2336 4402 2544 4471 psalmo
2588 4416 2676 4471 xc.
2700 4402 2884 4486 _—AD_e.
2922 4400 3124 4457 Christi
3155 4411 3275 4471 post
3313 4400 3634 4472 baptismum

2694 4483 2999 4529 tentalione.

448 4604 468 4637 ι
519 4586 578 4639 '0
610 4586 879 4640 κατοικῶν
911 4587 989 4652 ἐν,
1010 4586 1230 4660 βοηθείᾳ
1259 4587 1355 4643 τοῦ
1393 4589 1671 4660 Ὑψίστου.
1691 4590 1748 4643 ἐν
1780 4592 1958 4664 σκέπῃ

2140 4606 2160 4639 ι
2202 4586 2308 4654 Qui
2348 4587 2557 4643 habitat
2594 4589 2651 4643 in
2685 4587 2961 4658 adjutorio
2998 4587 3267 4644 Altissimi
3294 4629 3309 4655 ,
3350 4587 3406 4643 in
3446 4596 3635 4658 protev

371 4676 466 4733 τοῦ
508 4677 642 4733 Θεοῦ
687 4678 915 4753 οὐρανοῦ
960 4680 1370 4754 αὑλισθήσεται.
1416 4682 1568 4755 Ἐρεῖ
1614 4682 1694 4755 τῷ
1725 4683 1947 4755 Κυρίῳ·

385 4766 753 4842 Ἀντιληπτωρ
797 4787 898 4842 μου
941 4767 1011 4837 εἴ,
1048 4771 1142 4825 καὶ
1182 4775 1471 4846 καταφυγή
1523 4791 1647 4845 μου.
1712 4773 1771 4828 '0
1820 4773 1953 4838 Θεός

376 4877 477 4931 μοι
503 4858 694 4934 βοηθός
724 4878 847 4933 μου,
879 4863 974 4916 καὶ
1010 4860 1181 4917 ἐλπιῶ
1214 4863 1302 4916 ἐπ’
1327 4864 1519 4918 αὐτόν’
1555 4865 1636 4918 ὅτι
1664 4865 1825 4929 αὐτὸς
1852 4862 1950 4936 ῥύ-

375 4953 525 5006 σεταί
569 4970 637 5024 με
678 4954 743 5007 ἐκ
782 4953 1012 5023 παγίδος
1055 4954 1358 5027 θηρευτῶν,
1393 4956 1488 5009 καὶ
1519 4955 1628 5009 ἀπὸ
1668 4956 1827 5025 λόγου
1863 4972 1952 5010 τα·

374 5042 668 5116 ραχώδους.
725 5042 814 5099 Ἐν
852 5046 966 5109 τοῖς
1008 5046 1363 5118 μεταφρένοις
1401 5044 1599 5100 ἐαυτοῦ
1639 5046 1949 5101 ἐπισκιάσει

371 5154 474 5202 σοι,
508 5135 614 5190 ὑπὸ
644 5136 742 5201 τὰς
765 5137 1038 5208 πτέρυγας
1067 5136 1231 5192 αὐτοῦ
1256 5137 1480 5204 ἐλπιεῖς.
1514 5138 1708 5210 Ὅπλῳ
1736 5138 1950 5192 κυκλώ-

371 5245 454 5283 σει
502 5245 562 5282 σε
610 5230 645 5301 ἡ
695 5228 919 5301 ἀλήθεια
966 5226 1154 5292 αὑτοῦ,
1194 5229 1256 5283 οὐ
1307 5229 1594 5304 φοϐηθήσῃ
1631 5228 1739 5282 ἀπὸ
1780 5226 1945 5299 φόϐου

368 5320 702 5393 νυκτερινοῦ,
757 5321 866 5376 ἀπὸ
923 5319 1109 5392 βέλους
1166 5322 1482 5393 πετωμένου
1546 5320 1776 5393 ἡμέρας,
1838 5319 1947 5374 ἀπὸ

2057 4681 2243 4735 ctione
2258 4678 2355 4733 Dei
2385 4678 2512 4734 caeli
2542 4680 2994 4736 commorabitur.
3024 4678 3177 4735 Dicet
3198 4676 3431 4734 Domino
3456 4697 3469 4733 :
3496 4678 3636 4753 Sus-

2054 4781 2245 4842 ccptor
2285 4785 2444 4826 meus
2489 4785 2585 4835 es,
2617 4781 2672 4826 et
2700 4770 2973 4843 refugium
3026 4786 3249 4838 meum,
3294 4769 3440 4826 Deus
3479 4785 3634 4824 meus

2053 4865 2275 4935 adiutor
2314 4878 2508 4927 meus,
2543 4871 2601 4919 et
2642 4865 2875 4936 sperabo
2900 4866 2955 4921 in
3009 4880 3133 4922 eum
3165 4884 3178 4920 :
3215 4864 3475 4935 quoniam
3517 4862 3635 4933 ipse

2059 4956 2319 5011 liberabit
2350 4971 2437 5011 me
2475 4955 2544 5011 de
2577 4955 2773 5027 laqueo
2808 4964 3129 5012 venatorum
3149 4996 3165 5019 ,
3199 4962 3253 5010 et
3283 4955 3353 5010 ab
3383 4954 3635 5009 oratione

2056 5044 2396 5100 turbulenta.
2446 5043 2503 5099 in
2555 5047 2796 5116 scapulis
2848 5046 2965 5102 suis
3008 5044 3363 5100 obumbrabit
3413 5042 3547 5110 tibi’,
3576 5049 3633 5099 et

2056 5137 2162 5194 sub
2189 5138 2294 5193 alis
2322 5136 2443 5207 ejus
2495 5139 2763 5208 sperabis.
2806 5137 2976 5194 Scuto
3039 5136 3405 5191 circumdabit
3444 5143 3499 5190 te
3533 5149 3630 5216 ve.

2055 5230 2193 5286 ritas
2226 5229 2348 5300 ejus
2371 5268 2390 5295 ,
2418 5245 2531 5285 non
2565 5230 2785 5286 timebis
2816 5244 2847 5283 a
2883 5230 3084 5284 timore
3121 5233 3429 5289 nocturno,
3468 5241 3503 5281 a
3542 5241 3631 5280 ea.

2055 5323 2191 5394 gitta
2222 5322 2442 5378 volante
2492 5322 2551 5378 in
2599 5322 2720 5391 die,
2767 5336 2798 5376 a
2847 5321 3068 5393 negotio
3115 5319 3531 5391 perambulante
3572 5319 3630 5374 in

370 5411 688 5485 πράγματος
727 5410 1180 5483 διαπορευομένου
1218 5413 1278 5464 ἐν
1311 5412 1511 5478 σκότει,
1550 5412 1659 5466 άπὸ
1693 5413 1946 5485 συμπτὼ-

2063 5417 2329 5482 ιειιοιιτίε,
2367 5415 2436 5471 ab
2466 5414 2728 5481 incursu,
2762 5422 2819 5471 et
2850 5412 3123 5470 daemonio
3155 5410 3486 5467 meridiano.
3522 5410 3631 5466 Ca—

371 5519 558 5574 ματος,
586 5504 682 5558 καὶ
709 5503 983 5577 δαιμονίου
1029 5502 1424 5575 μεσημϐρινοῦ.
1450 5505 1706 5559 Πεσεῖται
1746 5507 1811 5561 ἐκ
1843 5506 1938 5560 τοῦ

2063 5508 2178 5565 ient
2211 5524 2242 5563 a
2277 5509 2451 5565 latere
2484 5517 2580 5564 tuo
2613 5508 2794 5572 mille,
2830 5516 2884 5564 et
2917 5506 3107 5563 decem
3140 5505 3315 5561 millia
3353 5519 3383 5560 a
3410 5503 3629 5561 dextris

368 5594 580 5661 κλίτους
613 5613 705 5650 σου
738 5596 935 5669 χιλιὰς,
972 5595 1067 5650 καὶ
1096 5593 1295 5666 μυριὰς
1327 5595 1393 5648 ἐκ
1423 5595 1612 5663 δεξιῶν
1639 5614 1732 5652 σου
1756 5615 1770 5630 ο
1802 5599 1941 5673 πρὸς

2063 5599 2202 5656 :uis:
2258 5599 2326 5654 ad
2371 5605 2425 5656 te
2473 5609 2655 5654 autem
2697 5612 2806 5653 non
2853 5596 3340 5669 apprOpinquabit.
3390 5592 3627 5652 Verum-

370 5684 430 5740 σὲ
453 5685 509 5740 δέ
550 5689 651 5743 οὐκ
675 5692 866 5760 ἐγγιεῖ.
891 5689 1038 5762 Πλὴν
1076 5688 1188 5749 τοῖς
1222 5686 1516 5761 ὀφθαλμοῖς
1550 5705 1643 5742 σου
1677 5692 1942 5763 κατανοή-

2063 5704 2229 5747 .amen
2275 5692 2452 5747 oculis
2500 5692 2612 5747 tuis
2653 5690 3071 5756 considerabis,
3113 5701 3167 5745 et
3205 5689 3625 5747 retributionem

439 5866 485 5898 "
521 5865 648 5923 Psal
700 5884 838 5934 ην,
870 5871 923 5927 5.
999 5871 1043 5904 “
1081 5870 1191 5927 Jcr.
1226 5886 1314 5941 γι,
1343 5870 1433 5926 20.
1511 5871 1556 5902 δ’
1598 5868 1763 5926 Marc.
1802 5888 1856 5937 ι,
1895 5872 1963 5927 10

2063 5872 2108 5904 ³⁸
2152 5869 2339 5927 Matth.
2377 5885 2474 5936 ιιι,
2509 5860 2603 5926 {7.
2676 5869 2720 5902 "
2763 5870 2805 5924 ll
2837 5868 2965 5926 Cor.
3002 5888 3071 5936 ν,
3106 5870 3196 5926 16.
