4098 6436
490 333 601 392 675

1123 330 1396 390 EUSEBlI
1426 330 1906 389 (LESARIENSIS
1941 329 2057 386 OP!

2159 328 2336 388 ’ABS.
2369 331 2434 388 11.
2473 360 2544 374 -ιι
2582 329 3084 390 ΑΡοιοιςΕτιοΑ.

3653 333 3760 387 ϐτϐ

490 460 843 523 peccatorum
882 445 1135 503 videbis:
1207 446 1469 516 quoniam
1518 454 1610 512 tu,
1657 444 1887 502 Domine
1926 459 2057 514 spe:

2172 462 2305 511 σεις,
2341 445 2435 499 καὶ
2466 444 2822 499 ἀνταπόδοσιν
2844 442 3185 519 ἁμαρτωλῶν
3215 443 3337 516 δψει
3356 460 3371 475 ⁸
3405 444 3488 500 δτι
3523 447 3609 511 σὺ,
3643 448 3759 502 Κύ-

492 558 637 608 mea,
672 541 1013 596 Altissimum
1048 540 1282 610 posuisti
1312 537 1582 610 refugium
1615 549 1793 594 tuum.
1826 536 1945 593 Non
1979 552 2072 593 ac-

492 636 692 690 cedent
722 633 790 688 ad
823 641 876 687 te
907 632 1071 695 mala,
1107 641 1161 685 et
1191 630 1462 703 ﬂagellum
1482 646 1591 686 non
1615 630 2071 701 appmpinquabit

489 725 845 795 tabernaculo
888 732 1024 778 tuo:
1068 724 1330 794 quoniam
1378 724 1589 794 angelis
1632 724 1750 780 suis
1794 722 2070 777 mandavit

489 817 558 873 de
607 824 693 881 te,
748 822 807 868 ut
855 815 1168 869 custodiant
1204 827 1256 870 te
1294 816 1350 870 in
1392 818 1651 872 omnibus
1694 817 1798 873 viis
1839 818 1970 872 tuis.
2009 816 2069 871 In

487 909 743 965 manilius
774 908 1068 979 portabunt
1110 918 1199 972 te,
1234 925 1305 963 ne
1353 908 1495 964 forte
1543 908 1791 966 oﬂendas
1821 909 1889 964 ad
1931 910 2070 981 lapi-

486 1002 608 1059 dem
657 1002 847 1071 pedem
905 1009 1082 1055 tuum.
1135 999 1315 1070 Super
1356 1000 1603 1071 aspidem
1648 1009 1702 1057 et
1748 1002 2067 1057 basiliseum

486 1094 817 1154 ambulabis.
848 1101 904 1147 ct
934 1094 1293 1148 conculcabis
1319 1094 1532 1149 leonem
1561 1103 1617 1149 et
1643 1094 1939 1150 draconem
1963 1096 2061 1146 δ’.)

487 1181 739 1238 Salvator
767 1190 821 1238 et
855 1182 1116 1238 Dominus
1157 1191 1343 1237 noster
1374 1182 1536 1239 Jesus
1563 1183 1657 1253 qui
1687 1182 1944 1239 Christus
1973 1182 2067 1238 Dei

484 1283 602 1337 est,
633 1274 762 1329 dum
794 1283 1068 1345 quatenus
1100 1274 1265 1328 homo
1295 1273 1475 1330 factus
1504 1284 1589 1330 est
1611 1314 1626 1337 ,
1658 1276 2063 1341 consideratur,

482 1368 738 1424 habitans
767 1367 970 1422 dicitur
1000 1368 1054 1421 in
1084 1366 1360 1437 adjutorio
1388 1366 1655 1422 Altissimi
1681 1406 1696 1430 ,
1729 1377 1915 1438 utpote
1941 1382 2066 1422 cum

482 1460 540 1514 in
568 1460 910 1531 protectione
940 1458 1034 1513 Dei
1065 1466 1119 1512 ct
1150 1458 1332 1514 Patris
1360 1469 1748 1514 commoretur.
1776 1458 1875 1514 llic
1900 1460 2067 1531 igitur

482 1569 654 1609 unum
691 1552 906 1608 Patrem
938 1569 1041 1608 nec
1070 1554 1236 1607 alium
1271 1559 1535 1623 praeterea
1569 1552 1881 1622 quempiam
1908 1590 1923 1614 ,
1956 1566 2066 1622 quo

481 1654 731 1718 tempore
760 1661 790 1699 a
822 1645 1044 1701 diabolo
1074 1652 1319 1700 tentatus
1347 1650 1432 1699 est
1454 1682 1468 1706 ,
1503 1642 1812 1713 perfugium
1843 1650 2062 1707 nactus,

479 1739 748 1795 Lberatus
773 1746 859 1793 est
886 1738 1016 1792 olim
1047 1737 1115 1792 de
1141 1736 1353 1806 laqueis
1382 1735 1795 1790 adversantium
1822 1743 2067 1805 potestao

2172 555 2255 608 ριε
2285 540 2317 608 ἡ
2345 536 2501 603 ἐλπίς
2529 554 2653 609 μου,
2692 537 2786 591 τὸν
2818 537 3078 609 Ὕψιστον
3117 536 3237 590 Εθου
3269 537 3592 609 καταφυγήν
3635 554 3753 591 σου.

2170 630 2244 682 Οὐ
2279 629 2699 701 προσελεύσεται
2725 629 2861 700 πρὸς
2888 630 2948 683 σὲ
2983 627 3150 692 κακά,
3178 629 3271 682 καὶ
3306 629 3505 700 μάστιξ
3533 631 3633 684 οὐκ
3664 632 3758 701 ἐγ-

2169 724 2278 790 γιεῖ
2298 720 2377 791 τῷ
2406 719 2724 792 σκηνώματι
2753 737 2847 773 σου
2873 738 2885 750 ·
2916 722 2999 774 ὃτι
3038 722 3153 784 τοῖς
3177 720 3430 790 ἀγγέλοις
3466 721 3630 775 αὐτοῦ
3670 723 3758 777 ὲν-

2167 814 2399 867 τελεῖται
2441 812 2567 884 περὶ
2596 811 2712 876 σοῦ,
2738 811 2831 865 τοῦ
2861 811 3187 881 διαφυλάξαι
3216 829 3275 866 σε
3310 814 3369 865 ἐν
3402 814 3605 879 πάσαις
3635 818 3757 880 ταῖς

2168 905 2305 969 ὁδοῖς
2331 923 2444 958 σου.
2486 906 2609 958 Ἐπὶ
2635 902 2836 975 χειρῶν
2868 903 3059 975 ἀροῦσί
3089 922 3170 968 σε,
3202 906 3411 977 μήποτε
3438 907 3756 981 προσκόψῃς

2168 998 2305 1069 πρὸς
2331 997 2475 1050 λίθον
2497 998 2587 1051 τὸν
2616 996 2753 1051 πόδα
2778 1014 2893 1050 σου.
2940 998 3062 1050 Ἐπὶ
3086 997 3288 1052 ἀσπίδα
3320 1000 3414 1055 καὶ
3441 998 3754 1069 βασιλίσκον

2168 1088 2427 1160 ἐπιϐήσῃ,
2467 1089 2559 1141 καὶ¹
2604 1088 3013 1160 καταπατήσεις
3043 1087 3237 1143 λέοντα
3269 1088 3363 1143 καὶ
3394 1089 3684 1162 δράκοντα.
3726 1109 3747 1144 ι

2180 1182 2237 1234 '0
2284 1182 2476 1253 Σωτὴρ
2517 1182 2613 1235 καὶ
2665 1181 2869 1253 Κύριος
2915 1181 3073 1252 ἡμῶν
3130 1182 3337 1254 Ἰησοῦς
3379 1184 3614 1254 Χριστὸς
3655 1182 3754 1238 τοῦ

2166 1273 2324 1336 Θεοῦ,
2368 1273 2486 1326 καθ’
2527 1273 2556 1326 ὃ
2595 1273 2931 1346 ὲνηνθρώπει
2976 1274 3378 1346 ἐπινοούμενος,
3413 1278 3441 1329 ὁ
3484 1276 3753 1331 κατοικῶν

2166 1365 2385 1434 λέγεται
2411 1369 2469 1419 ὲν
2508 1365 2730 1438 βοηθείᾳ
2751 1367 2846 1421 τοῦ
2884 1352 3165 1438 Ὑψίστου,
3193 1369 3251 1420 ἐν
3279 1367 3458 1440 σκέπῃ
3488 1367 3583 1422 τοῦ
3612 1367 3751 1423 Θεοῦ

2166 1457 2260 1510 καὶ
2298 1457 2510 1529 Πατρὸς
2553 1458 2924 1529 αὐλιζόμενος.
2971 1453 3142 1523 Οὗτος
3172 1459 3238 1531 δὴ
3280 1454 3396 1522 οὖν,
3449 1459 3609 1531 μόνον
3654 1458 3751 1514 τὸν

2165 1549 2395 1621 Σωτῆρα
2425 1551 2518 1613 καὶ
2555 1550 2664 1604 οὐδ’
2691 1550 2877 1622 ἓτερον
2912 1550 3233 1622 καταφυγὴν
3258 1551 3317 1603 ἐν
3347 1550 3426 1622 τῷ
3455 1551 3631 1623 καιρῷ
3654 1549 3748 1605 τοῦ

2165 1640 2305 1694 κατά
2352 1641 2441 1694 τὸν
2485 1640 2729 1695 διάϐολον
2777 1641 3085 1714 πειρασμοῦ
3121 1642 3458 1713 κεκτημένος
3506 1642 3745 1715 ὲῤῥύσθη

2167 1733 2297 1787 ποτὲ
2330 1736 2393 1787 ἐκ
2424 1733 2532 1787 τῶν
2578 1735 2818 1804 παγίδων
2857 1734 2966 1790 τῶν
3017 1734 3408 1806 ἀντικειμένων
3443 1734 3746 1807 δυνάμεων,

479 1837 629 1897 tt.m,
682 1846 804 1901 quae
854 1837 1142 1884 venatores
1195 1828 1300 1882 hoc
1352 1827 1473 1882 loco
1527 1828 1892 1897 appellantur,
1936 1842 2057 1882 cum

2164 1826 2443 1899 θηρευτῶν
2474 1827 2569 1881 νῦν
2606 1824 3042 1899 ὀνομαζομένων,
3071 1828 3324 1899 ὁπηνίκα,
3349 1822 3441 1881 οἷά
3460 1846 3545 1893 τις
3569 1829 3747 1895 κοινὸς

478 1923 656 1980 instar
682 1921 971 1992 cujusdam
998 1920 1310 1975 communis
1338 1919 1580 1974 hominis
1610 1937 1629 1970 ι
1660 1919 1862 1975 ductus
1891 1927 1976 1976 cst
2007 1920 2063 1974 in

480 2014 798 2079 desertum,
841 2020 903 2068 ut
942 2019 1252 2069 tentaretur
1282 2028 1313 2065 a
1345 2010 1565 2066 diabolo
1587 2052 1605 2078 ,
1636 2018 1691 2066 et
1735 2011 1840 2065 fuit
1872 2012 1927 2067 in
1971 2012 2067 2067 de-

481 2119 631 2164 serto
671 2106 1038 2178 quadraginta
1086 2106 1204 2163 dies
1244 2113 1299 2160 et
1338 2104 1705 2175 quadraginta
1746 2114 1977 2170 noctes,
2009 2111 2065 2159 et

478 2206 732 2255 tentatus
779 2207 866 2254 est
915 2214 944 2252 a
996 2196 1249 2252 Satana:
1297 2197 1539 2267 fuitque,
1578 2217 1598 2249 ι
1626 2203 1686 2251 ut
1730 2198 2063 2268 evangelista

478 2300 673 2347 auctor
711 2300 798 2347 est
817 2332 831 2355 ,
861 2311 880 2343 ι
914 2307 1041 2346 cum
1074 2290 1271 2346 bestiis
1300 2290 1370 2345 ⁵⁸.
1398 2310 1417 2342 ι
1446 2287 1555 2345 Sed
1584 2306 1705 2360 qua:
1734 2290 1952 2345 tandem
1981 2290 2065 2346 ba!

476 2382 666 2437 bestia:
711 2382 818 2438 nisi
865 2396 1005 2451 quas
1051 2386 1454 2435 commemorat
1485 2382 1568 2441 is,
1615 2381 1709 2450 qui
1757 2395 1906 2435 nunc
1950 2387 2065 2434 tra-

475 2483 660 2528 ctatur
694 2474 941 2544 psalmus
973 2472 1042 2526 ad
1071 2488 1197 2527 eum
1223 2511 1238 2537 ,
1270 2472 1368 2542 qui
1401 2473 1455 2526 in
1491 2471 1767 2541 adjutorio
1796 2471 2064 2528 Altissimi

476 2564 709 2632 habitat,
731 2564 822 2619 ubi
845 2565 921 2619 ait
948 2584 961 2619 :
996 2583 1014 2615 ι
1037 2562 1212 2635 Super
1241 2563 1484 2634 aspidem
1515 2572 1569 2618 et
1597 2565 1915 2620 basiliscum
1946 2580 2064 2618 am-

475 2657 717 2720 bulabis,
739 2664 794 2713 et
826 2657 1187 2712 couculcabis
1216 2656 1431 2711 leonem
1458 2663 1512 2710 et
1534 2656 1863 2712 draconem?
1900 2678 1918 2707 ι
1957 2672 2060 2712 caeo

474 2753 653 2802 terum
693 2764 800 2803 non
842 2748 918 2803 ab
960 2747 1049 2803 his
1097 2747 1275 2803 solum
1310 2747 1601 2802 liberatum
1637 2749 1700 2801 iri
1733 2766 1858 2804 eum
1890 2748 2058 2815 dicit,

474 2839 571 2896 sed
614 2840 780 2895 etiam
826 2839 896 2893 ab
941 2840 1196 2894 oratione
1240 2838 1581 2894 turbulenta.
1622 2838 1786 2912 434
1823 2841 1893 2895 At
1933 2858 2061 2898 vero

472 2946 595 3003 qua:
617 2930 840 2986 tandem
874 2932 989 2986 haec
1020 2929 1126 2985 fuit
1155 2930 1336 2983 oratio
1358 2970 1374 2996 ,
1404 2930 1512 2984 nisi
1541 2946 1705 3000 quam
1747 2932 1827 2988 illi
1858 2933 2061 3002 objecit

473 3032 736 3087 tentator,
760 3031 822 3076 ut
847 3024 904 3076 in
927 3038 1087 3079 sacro
1110 3022 1407 3092 Evangelia
1433 3025 1697 3094 scriptum
1723 3033 1808 3080 est
1828 3025 1851 3079 ?
1870 3024 2060 3096 Operae

471 3127 656 3172 autem
688 3116 927 3187 pretium
957 3127 1046 3171 est
1077 3116 1439 3187 contemplari
1466 3158 1480 3182 ,
1508 3132 1630 3186 quae
1655 3133 1825 3173 causa
1856 3118 2053 3186 fuerit,

2165 1919 2470 1993 ἄνθρωπος,
2517 1939 2536 1971 r
2578 1920 2787 1992 ἀνήχθη
2838 1922 2919 1985 είς
2965 1920 3063 1993 τὴν
3108 1920 3336 1992 ἔρημον,
3384 1921 3745 1994 πειρασθῆναι

2166 2009 2271 2063 ὑπὸ
2303 2009 2396 2063 τοῦ
2423 2008 2690 2074 διαϐόλου,
2714 2011 2808 2062 καὶ
2833 2004 2900 2080 ῆν
2928 2011 2986 2062 ἐν
3008 2012 3076 2080 τῇ
3110 2011 3300 2081 ἐρήμῳ
3332 2010 3747 2082 τεσσαράκοντα

2163 2102 2375 2173 ἡμέρας
2400 2101 2496 2155 καὶ
2526 2101 2938 2172 τεσσαράκοντα
2966 2100 3166 2165 νύκτας
3198 2101 3597 2173 πειραζόμενος
3639 2101 3747 2157 ὑπὸ

2163 2193 2258 2248 τοῦ
2296 2195 2511 2248 Σατανᾶ
2535 2209 2550 2225 ·
2584 2190 2792 2266 καὶῆν,
2824 2214 2842 2246 ι
2877 2194 2954 2259 ὡς
2975 2196 3003 2248 ὁ
3031 2193 3417 2267 εὐαγγελιστὴς
3453 2198 3743 2268 μαρτυρεῖ,

2170 2306 2189 2338 ι
2229 2287 2367 2359 μετὰ
2387 2288 2496 2341 τῶν
2526 2288 2752 2361 θηρίων.
2783 2308 2803 2340 ι
2840 2289 3018 2342 Ποίων
3045 2288 3102 2342 δὲ
3128 2288 3333 2343 τούτων
3365 2289 3400 2362 ἢ
3427 2283 3503 2343 ὧν
3536 2305 3748 2361 μνημο-

2164 2380 2307 2434 νεύει
2351 2383 2381 2435 ό
2416 2379 2557 2452 μετά
2600 2374 2799 2453 χεῖρας
2832 2380 3066 2452 ψαλμὸς,
3102 2381 3238 2453 πρὸς
3273 2381 3365 2435 τὸν
3419 2382 3479 2435 ἐν
3523 2380 3747 2455 βοηθείᾳ

2162 2470 2257 2525 τοῦ
2293 2472 2549 2543 Ὑψίστου
2572 2472 2925 2527 κατοικοῦντα
2954 2472 3127 2541 λέγων
3148 2490 3161 2503 ·
3206 2491 3225 2525 ι
3268 2472 3392 2526 Ἐπὶ
3419 2473 3621 2527 ἀσπίδα
3650 2474 3747 2527 καὶ

2166 2561 2477 2632 βασιλίσκον
2521 2563 2778 2635 ἐπιϐήσῃ,
2824 2563 2919 2617 καὶ⁹
2961 2567 3368 2635 καταπατήσεις
3414 2563 3603 2617 λέοντα
3651 2565 3747 2619 καὶ

2161 2654 2450 2727 δράκοντα.
2494 2674 2513 2707 ι
2561 2656 2657 2720 Τίς
2688 2655 2732 2709 δ’
2767 2655 2833 2710 ἂν
2872 2655 2958 2729 εἴη
3001 2658 3096 2710 καὶ
3133 2651 3286 2721 οὗτος
3318 2656 3352 2728 ἢ
3387 2657 3555 2730 ὅνπερ
3593 2657 3748 2731 αύτῷ

2163 2748 2477 2821 προῡτεινεν
2518 2750 2548 2802 ὁ
2590 2749 2863 2821 πειράζων
2910 2749 3052 2802 κατά
3098 2744 3162 2802 τὸ
3204 2748 3346 2820 ἱερὸν
3378 2749 3744 2818 Εὑαγγέλιον;

2162 2840 2236 2894 Τὸ
2264 2841 2309 2894 δ’
2339 2840 2510 2894 αἴτιον
2531 2840 2625 2894 τοῦ
2655 2841 3011 2911 πειράζεσθαι
3030 2840 3123 2894 τὸν
3152 2839 3467 2911 τηλικοῦτον
3513 2841 3745 2915 Σωτῆρα

2160 2932 2319 3005 ἡμῶν
2347 2935 2619 3006 σκοπῆσαι
2652 2933 2820 2999 ἀξιον.
2861 2934 3087 2994 Μέλλων
3127 2933 3187 2999 ἐξ
3226 2934 3531 3009 ἀνθρώπων
3564 2938 3745 2990 πᾶσαν

2162 3025 2315 3081 νόσον
2349 3026 2443 3081 καὶ
2487 3028 2667 3081 πᾶσαν
2714 3026 3005 3098 μαλακίαν,
3039 3027 3110 3081 τά
3144 3045 3205 3080 τε
3237 3027 3559 3100 ἐνοχλοῦντα
3590 3028 3743 3083 πνεύ-

2165 3137 2330 3192 ματα,
2362 3121 2456 3174 καὶ
2488 3121 2613 3183 τοὺς
2642 3119 2985 3192 ἀκαθάρτους
3027 3119 3287 3191 δαίμονας
3310 3121 3368 3187 ἐξ
3411 3121 3609 3186 αἰῶνος
3638 3139 3744 3194 μα-

471 3218 532 3265 υι
562 3208 815 3264 Salvator
845 3215 1053 3273 noster,
1086 3207 1177 3278 qui
1226 3210 1350 3265 talis
1400 3218 1690 3281 tantusque
1739 3218 1851 3276 est,
1884 3217 2056 3267 tenta-

2159 3214 2291 3285 κροῦ
2323 3212 2429 3266 τῶν
2457 3213 2548 3266 ἐπὶ
2581 3212 2685 3283 γῆς
2713 3212 2930 3266 πάντων
2955 3211 3045 3265 διὰ
3066 3213 3166 3284 τῆς
3192 3212 3454 3267 πολυθέου
3489 3213 3736 3268 δεισιδαισ

473 3302 678 3356 tionem
711 3314 1006 3370 perpessus
1041 3300 1131 3355 sit.
1166 3300 1301 3356 Cum
1334 3302 1498 3372 igitur
1524 3317 1738 3356 onmem
1768 3318 1833 3357 cx
1869 3301 2049 3356 bomic

472 3395 637 3450 nibus
679 3392 1058 3464 aegritudinem
1119 3407 1447 3464 omnemque
1502 3393 1851 3464 languorem.
1912 3393 2052 3448 infe-

472 3493 697 3555 stosque
723 3484 953 3553 spiritus
984 3492 1149 3553 atque
1180 3482 1430 3555 impuros
1461 3483 1770 3548 daemonas,
1802 3487 1896 3554 qui
1925 3486 2051 3555 plu-

471 3576 626 3631 rimis
652 3584 779 3630 ante
805 3575 1023 3630 saeculis
1053 3590 1247 3630 omnes
1273 3575 1367 3646 qui
1403 3576 1459 3632 in
1492 3584 1635 3631 terra
1666 3576 2048 3641 versabantur,

472 3683 568 3740 per
611 3683 731 3722 eam
779 3668 1270 3738 superstitionem,
1303 3684 1424 3739 qua
1459 3669 1665 3724 multos
1710 3669 1844 3724 deos
1886 3670 2048 3734 colit,

472 3760 806 3829 subegerant
825 3799 839 3824 ,
869 3768 1018 3815 esset
1045 3761 1382 3831 expulsurus
1402 3800 1417 3825 ,
1447 3776 1559 3816 non
1587 3777 1653 3816 ex
1682 3760 1870 3817 abdito
1892 3763 2049 3832 quasi

473 3856 704 3910 latitans
735 3855 805 3909 ad
834 3870 901 3909 ea
930 3869 1052 3925 qua:
1081 3854 1227 3909 dicta
1258 3861 1421 3921 sunt,
1449 3856 1702 3911 accessit.
1729 3854 1835 3911 Sed
1860 3864 2050 3911 contra

472 3948 705 4005 infestos
736 3947 891 4017 prius
922 3946 1258 4017 eosdemque
1285 3947 1598 4004 invisibiles
1627 3948 1925 4022 principes,
1956 3964 2054 4020 per

470 4056 595 4096 eum
616 4080 631 4103 ,
665 4054 825 4109 quem
856 4040 1156 4110 assumpsit
1185 4038 1483 4105 hominem,
1518 4039 1870 4095 militantium
1900 4055 2053 4096 more

471 4130 786 4202 profectus,
824 4138 880 4185 et
911 4131 967 4185 in
1006 4130 1180 4201 ipsius
1212 4130 1417 4185 diaboli
1453 4130 1690 4185 medium
1712 4172 1728 4197 ,
1759 4131 2053 4201 omnisque

473 4221 797 4276 daemonica:
825 4230 1063 4276 caterva:
1094 4237 1454 4293 progressus,
1488 4221 1581 4277 ubi
1611 4237 1779 4293 super
1807 4223 2051 4294 aspidem

473 4322 529 4368 et
568 4314 888 4370 basiliscum
924 4314 1257 4378 ambulavit,
1287 4323 1340 4369 et
1376 4314 1721 4369 canculcavit
1754 4315 1966 4371 leonem
1998 4322 2053 4370 et

473 4404 807 4468 draconem,
860 4406 1146 4475 multoque
1192 4405 1348 4476 prius
1399 4406 1744 4477 regnantium
1800 4406 2054 4461 inimico-

477 4508 630 4560 rL‘Im,
657 4506 711 4552 et
731 4498 902 4552 millia
926 4506 982 4553 et
1005 4497 1147 4553 dena
1175 4498 1343 4552 millia
1371 4498 1674 4562 subvertit,
1697 4497 2049 4569 principatus

473 4590 730 4646 videlicet
776 4605 840 4645 ac
883 4597 1221 4661 potestates,
1271 4590 1409 4646 alias
1447 4588 1666 4661 quidem
1717 4605 1748 4645 a
1796 4590 2045 4657 dextris,

474 4682 613 4736 alias
641 4697 771 4737 vero
799 4698 829 4734 a
861 4682 1107 4737 sinistris
1139 4681 1442 4745 bellantes,
1488 4686 1729 4752 itemque
1768 4697 1863 4740 eos
1887 4723 1902 4750 ,
1952 4684 2046 4756 qui

471 4775 662 4831 mundi
710 4782 954 4831 rectores
998 4774 1194 4829 barum
1245 4773 1598 4829 tenebrarum
1648 4773 1933 4839 dicuntur,
1984 4790 2050 4831 ac

473 4867 781 4939 spiritualia
813 4868 1075 4934 malitiae;
1106 4867 1324 4928 omnia,
1357 4867 1614 4937 inquam,
1651 4866 1766 4921 haec
1790 4908 1805 4932 ,
1835 4867 1931 4923 ubi
1964 4865 2050 4922 ni-

471 4957 550 5013 hil
593 4973 757 5030 posse
795 4958 1116 5029 redarguit,
1163 4968 1229 5009 ac
1272 4956 1511 5028 denique
1555 4957 1735 5027 ipsum
1778 4960 2045 5015 malorum

473 5051 775 5122 principem
804 5050 1081 5108 diabolum
1112 5051 1284 5107 verbo
1309 5051 1425 5106 oris
1455 5052 1540 5107 sui
1570 5052 1761 5124 procul
1790 5052 2048 5114 extrusit.

472 5144 857 5215 percurritque
889 5152 1055 5215 atque
1088 5143 1481 5207 inambulavit,
1512 5158 1728 5201 omnem
1762 5146 2053 5199 adversan-

471 5243 579 5290 tem
614 5246 940 5307 potestatem
963 5277 981 5303 ,
1014 5252 1080 5293 ac
1109 5237 1352 5306 seipsum
1392 5236 1613 5306 quidem
1650 5237 1804 5293 adire
1831 5252 1894 5293 ac
1933 5244 2052 5292 ten-

470 5332 590 5381 tare
633 5328 947 5384 volentibus
994 5328 1280 5392 exhibuit,
1331 5343 1433 5382 nec
1482 5328 1771 5398 quisquam
1822 5328 2047 5383 omnino

471 5418 738 5477 adversus
764 5422 917 5477 illum
949 5431 1098 5480 stare
1126 5422 1306 5493 potuit
1332 5440 1349 5491 ;
1381 5430 1496 5476 tum
1527 5422 1744 5477 demum
1772 5421 1840 5476 ad
1871 5421 2048 5476 homi-

471 5525 602 5581 num
633 5514 863 5571 salutem
887 5517 1144 5573 accessit.
1170 5514 1438 5582 Quocirca
1466 5515 1739 5571 intuentes
1767 5514 1918 5569 illum
1945 5511 2047 5567 dico

473 5613 664 5673 mones
689 5607 1092 5676 agnoscebant,
1115 5617 1335 5678 propter
1360 5620 1481 5660 eam
1508 5605 1576 5661 de
1598 5619 1705 5677 qua
1730 5604 1937 5659 dictum
1964 5612 2046 5659 est

545 5784 597 5825 ³*
626 5783 773 5841 Psal.
807 5801 900 5853 xc,
933 5786 1084 5842 i-IS.

2157 3303 2346 3374 μονίας
2377 3304 2792 3381 κεκρατηκότας
2821 3302 3086 3368 ἐλαύνειν,
3121 3305 3223 3358 οὐκ
3253 3307 3318 3359 ἐκ
3352 3304 3449 3359 τοῦ
3478 3305 3729 3377 ἀφανοῦς,

2154 3384 2346 3468 ὥσπερ
2397 3396 2896 3468 ἐπικρυπτόμενος,
2943 3397 3036 3449 ἐπὶ
3080 3396 3151 3450 τά
3196 3398 3463 3469 εἰρημένα
3519 3395 3734 3469 παρῄει.

2160 3490 2287 3553 Τοῖς
2321 3488 2715 3562 παρενοχλοῦσι
2749 3487 2807 3541 δὲ
2829 3487 3094 3559 πρότερον
3124 3488 3377 3560 ἀοράτοις
3401 3489 3651 3561 ἄρχουσι,
3671 3488 3741 3543 δι⁹

2152 3576 2213 3636 οῦ
2239 3581 2526 3653 ἀνείληφεν
2552 3579 2842 3652 ἀνθρώπου
2868 3580 3323 3653 ἐπιστρατεύσας,
3353 3581 3447 3635 καὶ
3469 3582 3551 3647 είς
3579 3583 3743 3654 μέσον

2153 3673 2317 3728 αὐτοῦ
2347 3673 2440 3728 τοῦ
2470 3672 2738 3738 διαϐόλου,
2774 3674 2872 3726 καὶ
2914 3673 3117 3737 παντὸς
3155 3673 3251 3728 τοῦ
3282 3673 3598 3746 δαιμονικοῦ
3629 3676 3745 3729 στί-

2154 3784 2289 3837 φους
2338 3764 2644 3839 παρελθὼν,
2688 3764 2885 3830 ἐπιϐάς
2925 3782 2990 3820 τε
3041 3765 3229 3820 ἀσπίδι
3276 3767 3371 3820 καὶ
3418 3765 3739 3839 βασιλίσκω,

2152 3859 2249 3914 καὶ
2297 3859 2693 3930 καταπατήσας
2737 3857 2927 3912 λέοντα
2980 3858 3075 3912 καὶ
3119 3857 3411 3931 δράκοντα,
3462 3860 3557 3914 καὶ
3603 3860 3739 3915 πολὺ

2154 3952 2416 4024 πρότερον
2454 3949 2699 4006 καθελὼν
2741 3950 2849 4004 τῶν
2880 3950 3217 4023 ἀρχοντικῶν
3245 3950 3454 4023 ἐχθρῶν
3492 3949 3740 4020 χιλιάδας

2153 4045 2248 4099 καὶ
2283 4043 2570 4117 μυριάδας,
2600 4043 2701 4108 τὰς
2737 4043 2835 4115 μὲν
2862 4044 2927 4097 ἐκ
2956 4042 3065 4097 τῶν
3086 4042 3295 4109 δεξιῶν,
3326 4043 3425 4107 τὰς
3451 4041 3510 4095 δὲ
3536 4043 3602 4094 ἐκ
3623 4041 3735 4093 τῶν

2153 4135 2448 4207 εὐωνύμων
2488 4135 2853 4208 πολεμούσας,
2893 4134 3065 4206 ἀρχάς
3094 4150 3161 4188 τε
3202 4132 3298 4188 καὶ
3341 4129 3609 4196 ἐξουσίας,
3636 4130 3730 4182 καὶ

2151 4227 2216 4297 δὴ
2271 4227 2365 4282 καὶ
2396 4228 2523 4292 τοὺς
2552 4227 2875 4299 λεγομένους
2908 4223 3353 4295 κοσμοκράτορας
3378 4219 3473 4274 τοῦ
3506 4219 3731 4283 σκότους

2152 4316 2363 4383 τούτου,
2411 4318 2482 4371 τά
2511 4334 2571 4371 τε
2613 4313 2958 4389 πνευματικά
2995 4313 3096 4385 τῆς
3125 4312 3423 4383 πονηρίαςο
3462 4310 3639 4365 πάντα
3666 4309 3731 4382 δὴ

2152 4405 2246 4463 οὖν
2289 4408 2459 4463 ταῦτα
2505 4406 2567 4462 τὸ
2608 4408 2776 4480 μηδὲν
2825 4404 3030 4478 ἰσχύειν
3072 4401 3401 4470 ἀπελέγξας,
3442 4401 3537 4455 καὶ
3578 4400 3732 4465 τέλος

2153 4500 2315 4555 αὐτὸν
2345 4501 2437 4555 τὸν
2467 4498 2575 4554 τῶν
2603 4498 2788 4553 κακῶν
2817 4495 3044 4567 ἔξαρχον
3075 4493 3319 4548 διάϐολον
3355 4493 3434 4565 τῷ
3464 4492 3609 4563 λόγῳ
3631 4491 3727 4546 τοῦ

2155 4594 2419 4665 στόματος
2445 4590 2612 4647 αὑτοῦ
2654 4590 2872 4664 μακρὰν
2896 4588 3266 4661 ἀποσοϐήσας,
3299 4586 3519 4641 διελθών
3547 4603 3608 4640 τε
3634 4584 3731 4641 καὶ

2153 4684 2607 4759 ἐμπεριπατήσας
2644 4682 2742 4755 τὴν
2785 4681 3170 4753 ἀντικειμένην
3218 4680 3435 4735 ἃπασαν
3478 4678 3726 4750 δύναμιν,

2153 4777 2248 4832 καὶ¹
2273 4776 2462 4831 ἑαυτὸν
2491 4775 2590 4848 μιν
2615 4773 2909 4848 παρασχὼν
2946 4777 3058 4838 τοῖς
3086 4772 3299 4827 θέλουσι
3328 4771 3609 4845 προσιέναι
3635 4771 3729 4825 καὶ

2152 4865 2452 4941 πειράζειν,
2485 4864 2713 4938 μηδενὸς
2747 4866 2804 4919 δὲ
2854 4866 3043 4938 στῆναι
3081 4864 3217 4938 πρὸς
3248 4863 3410 4918 αὑτὸν
3437 4862 3731 4934 δεδυνημέο

2151 4977 2263 5024 νου,
2287 4954 2460 5023 οὕτως
2487 4958 2580 5011 ἐπὶ⁸
2612 4959 2710 5031 τὴν
2736 4958 2844 5012 τῶν
2870 4957 3172 5031 ἀνθρώπων
3199 4958 3473 5030 σωτηρίαν
3504 4958 3726 5032 παρῄει.

2152 5052 2243 5104 Διὸ
2271 5052 2364 5105 καὶ
2397 5049 2627 5122 δρῶντες
2654 5050 2817 5106 αὐτὸν
2849 5051 2899 5104 οἱ
2930 5050 3182 5122 δαίμονες
3222 5050 3594 5120 ἐπεγίνωσκον
3621 5048 3731 5104 ἀπὸ

2149 5142 2252 5213 τῆς
2280 5141 2717 5215 προδηλωθείσης
2755 5141 2897 5196 κατά
2933 5141 3032 5215 τὴν
3061 5141 3267 5214 ἔρημον
3295 5140 3601 5213 διατριϐῆς,
3627 5140 3733 5211 φάο

2153 5250 2373 5298 σκοντες
2419 5234 2604 5305 αὐτῷ’
2647 5251 2667 5285 ι
2700 5233 2765 5287 Τί
2814 5235 2947 5305 ἡμῖν
2998 5232 3090 5288 καί
3124 5250 3228 5301 σοι,
3281 5232 3457 5305 Ἰησοῦ
3491 5232 3592 5287 Υἱὲ
3633 5231 3730 5286 τοῦ

2150 5324 2316 5392 Θεοῦ;
2360 5346 2379 5377 ι
2418 5325 2599 5379 Ταῦτα
2634 5325 2731 5397 μέν
2758 5319 2850 5378 οὖν
2888 5326 3015 5395 περὶ
3045 5324 3248 5379 τῶνδε·
3283 5323 3354 5380 τά
3382 5324 3440 5378 δὲ
3472 5322 3601 5395 ἑξῆς
3634 5320 3730 5376 τοῦ

2150 5416 2362 5488 ψαλμοῦ
2390 5417 2524 5489 πρὸς
2562 5416 2724 5471 αὐτὸν
2754 5414 3181 5489 ἀναπεφώνηται
3210 5416 3301 5471 τὸν
3340 5414 3596 5488 Χριστὸν,
3626 5413 3734 5467 ἀπὸ

2150 5509 2269 5574 τοῦ,
2302 5529 2320 5561 ι
2366 5510 2451 5564 Ἐν
2485 5513 2597 5574 τοῖς
2630 5511 2989 5584 μεταφρένοις
3026 5510 3190 5564 αὑτοῦ
3221 5506 3532 5563 ἐπισκιάσει
3567 5523 3669 5569 σοι,
3707 5523 3727 5555 ι

2152 5602 2394 5673 δηλονότι
2420 5606 2448 5657 ό
2474 5603 2757 5673 "miratae,
2802 5623 2819 5655 ι
2862 5606 2956 5658 καὶ
2988 5602 3095 5657 ὑπὸ
3121 5602 3220 5666 τάς
3260 5600 3537 5673 πτέρυγας
3564 5594 3734 5654 αὐτοῦ

1162 5789 1208 5820 ⁸⁸
1247 5785 1437 5847 Matth.
1474 5801 1560 5853 Iv,
1601 5785 1741 5856 1,3;
1779 5784 1944 5842 Marc.
1976 5803 2030 5852 ι,
2062 5786 2249 5855 13,1ὅ.
