4098 6444
336 355 441 411 ϐῖἹ

1252 356 1907 415 DEMONSTRATIONIS
1941 356 2399 415 EVANGELICE
2438 358 2566 415 LIB.
2607 358 2699 417 IX.

3499 363 3603 419 678

337 471 562 539 ὲλπιεῖς.
615 472 803 544 Ὀπλῳ
830 470 1101 527 κυκλώσει
1129 488 1189 525 σε
1212 471 1246 543 ἡ
1275 471 1503 544 ἀλήθεια
1532 474 1695 529 αὑτοῦ
1716 492 1731 505 ο
1765 494 1785 527 ι
1819 476 1911 529 καὶ

2015 473 2070 528 in
2092 472 2313 530 deserto
2335 479 2845 541 commorationem,
2871 492 2995 532 cum
3020 477 3087 532 ad
3110 477 3286 548 ipsum
3311 478 3555 534 dicerent
3583 499 3597 534 :

334 565 635 638 ἐπειδήπερ
679 565 914 637 ἡμέραις
955 563 1369 635 τεσσαράκοντα
1420 565 1514 618 καὶ
1555 568 1678 630 ταῖς
1723 567 1917 621 τοσαύ-

335 673 457 722 ταις
502 657 652 724 νυξὶν
695 656 1036 729 ἐπειράζετο,
1074 657 1202 729 περὶ
1236 656 1339 728 μὲν
1369 657 1479 711 τῶν
1517 659 1661 729 ἀμφὶ
1689 658 1790 722 τὰς
1821 659 1916 713 νύ-

337 765 473 812 κτας
507 748 766 802 ἐπιόντων
807 745 956 817 αὐτῷ
987 745 1268 799 λέλεκται·
1307 765 1326 797 ι
1364 747 1437 799 Οὐ
1484 747 1770 821 φοϐηθήσῃ
1810 749 1917 801 ἀπὸ

338 839 504 910 φόϐου
548 839 894 911 νυκτερινοῦ·
939 857 958 889 ›
993 840 1120 910 περὶ
1149 839 1207 892 δὲ
1244 838 1352 892 τῶν
1386 840 1530 910 ἀμφὶ
1574 839 1674 904 τὰς
1703 841 1918 912 ἡμέρας

337 931 501 986 αὐτὸν
544 931 949 1004 πολεμούντων,
990 932 1071 996 τὸ,
1120 951 1140 983 ‹
1180 933 1310 986 Ἀπὸ
1362 933 1549 1005 βέλους
1601 936 1916 1005 πετωμένου

339 1014 579 1094 ἡμέρας·
618 1042 637 1074 ι
671 1024 766 1077 καὶ
803 1019 960 1086 αὖθις
986 1024 1116 1096 περὶ
1150 1025 1247 1095 μὲν
1273 1024 1381 1078 τῶν
1413 1027 1471 1078 ἐν
1500 1026 1683 1080 νυκτί·
1722 1046 1740 1077 ι
1785 1028 1918 1080 Ἀπὸ

340 1113 664 1185 πράγματος
688 1114 748 1167 ἐν
780 1114 959 1167 σκότει
987 1114 1446 1187 διαπορευομένου
1466 1132 1479 1145 ·
1516 1135 1533 1168 ι
1570 1116 1698 1188 περὶ
1725 1116 1781 1169 δὲ
1808 1115 1916 1171 τῶν

336 1205 394 1262 ὲν
412 1205 520 1276 ήμέ
530 1220 626 1277 ρᾳ·
652 1224 670 1256 ‹
694 1205 826 1259 Ἀπὸ
852 1204 1255 1277 συμπτώματος
1279 1207 1375 1260 καὶ
1397 1206 1674 1280 δαιμονίου
1703 1226 1842 1280 μεση
1852 1227 1919 1280 μ-

335 1294 541 1367 ϐρινοῦ.
583 1316 603 1347 ι
657 1293 769 1350 Εἶτ’
817 1297 1046 1370 ἐπείπερ
1089 1300 1147 1352 ὲν
1189 1298 1267 1369 τῷ
1319 1299 1601 1371 πειράζειν
1659 1300 1917 1372 δυνάμεις

337 1390 571 1462 πονηραὶ
600 1390 862 1444 ὲκύκλουν
891 1391 1072 1455 αὑτὸν,
1102 1391 1195 1444 καὶ
1220 1394 1275 1446 αἱ
1299 1392 1397 1464 μὲν
1430 1392 1497 1446 τὰ
1526 1393 1675 1459 δεξιὰ
1708 1394 1919 1466 πλευρὰ

341 1486 582 1554 συνεῖχον
616 1481 803 1545 αὐτοῦ,
841 1482 975 1536 πολὺ
1003 1483 1061 1536 δὲ
1095 1484 1311 1549 πλείους
1347 1486 1455 1538 τῶν
1489 1487 1810 1558 ἀριστερῶν,
1841 1488 1918 1551 ὡς

344 1572 410 1627 ἂν
442 1572 832 1647 κρατερώτερα
861 1574 958 1645 μὲν
994 1575 1064 1629 τὰ
1092 1574 1260 1643 δεξιὰ,
1293 1578 1518 1643 εἰκότως
1557 1579 1703 1650 αὐτῷ
1737 1578 1918 1633 ἐπιλέ-

339 1683 497 1735 γεται
522 1684 536 1697 ·
576 1685 595 1719 ι
647 1668 905 1720 Πεσεῖται
951 1668 1016 1721 ὲκ
1055 1667 1147 1722 τοῦ
1200 1669 1413 1735 κλίτους
1460 1688 1552 1725 σου
1596 1671 1772 1742 χιλιὰς
1825 1674 1917 1726 καὶ

341 1756 540 1831 μυριὰς
572 1759 636 1812 ἐκ
667 1758 856 1826 δεξιῶν
883 1777 978 1814 σου
995 1779 1008 1792 ·
1044 1761 1178 1833 πρὸς
1203 1763 1262 1816 σὲ
1288 1763 1344 1816 δὲ
1365 1764 1464 1817 οὑκ
1489 1765 1679 1833 ὲγγιεῖ.
1700 1783 1717 1815 ι
1753 1764 1917 1818 «Κλει-

338 1866 465 1914 τους
511 1870 530 1902 ι
570 1850 690 1903 ἀντὶ
709 1849 802 1903 τοῦ
830 1852 1115 1925 ἀριστεροῦ
1139 1853 1547 1925 ὠνομασμένου,
1575 1868 1919 1926 παρασεσιω-

339 1939 582 2011 πημένου
616 1938 673 1993 δὲ
694 1941 916 2006 εἰκότως
937 1941 1317 2015 τοῦ,ὀνόματος
1357 1944 1450 1998 τοῦ
1483 1946 1792 2017 ἀριστεροῦ,
1839 1944 1918 2016 τῷ

342 2033 507 2105 μηδὲν
531 2034 737 2099 σκαιὸν,
774 2034 907 2106 μηδὲ
939 2036 1224 2107 ἀριστερὸν
1264 2036 1613 2107 εὑρίσκεσθαι
1655 2038 1714 2090 ὲν
1744 2035 1913 2107 αὐτῷ,

339 2125 450 2180 Kal.
481 2126 667 2198 ἐπειδὴ
698 2126 792 2200 ὅλη
823 2127 1036 2199 μυριὰς.
1075 2127 1210 2199 ὁμοῦ
1239 2128 1295 2182 δὲ
1324 2128 1419 2181 καὶ
1452 2127 1628 2199 χιλιὰς
1653 2128 1717 2181 ἐκ
1739 2146 1799 2181 τε
1820 2128 1916 2182 τοῦ

338 2217 553 2281 κλίτους
586 2217 752 2273 αὐτοῦ
781 2219 877 2273 καὶ
911 2220 1019 2273 ἀπὸ
1047 2220 1155 2274 τῶν
1192 2218 1380 2285 δεξιῶν
1415 2219 1698 2273 πεσεῖσθαι
1729 2220 1916 2290 λέγον-

336 2325 447 2373 ται,
480 2310 706 2374 εἰκότως
739 2311 832 2364 ἐπὶ
866 2309 1076 2375 τούτοις
1116 2308 1243 2382 ἑξῆς
1283 2312 1530 2382 εἴρηται·
1568 2330 1587 2362 ι
1627 2311 1772 2383 Πλὴν
1803 2314 1918 2376 τοῖς

336 2397 633 2471 ὀφθαλμοῖς
676 2416 770 2454 σου
815 2403 1191 2473 κατανοήσεις,
1225 2402 1319 2456 καὶ
1351 2402 1702 2458 ἀνταπόδοσιν
1746 2404 1920 2475 ἁμαρ-

336 2489 522 2544 τωλῶν
571 2489 712 2560 ὄψει.
760 2510 778 2544 ι
816 2493 927 2545 Καὶ
969 2492 1119 2546 ἔσται
1185 2492 1388 2558 ταῦτα,
1450 2495 1602 2566 φησι,
1683 2495 1811 2567 περὶ
1856 2495 1917 2549 σὲ

336 2580 427 2637 τὸν
463 2581 697 2654 Χριστὸν
716 2583 810 2637 τοῦ
823 2583 978 2650 Θεοῦ,
1006 2604 1024 2636 ι
1051 2586 1345 2658 ἐπειδήπερ
1367 2587 1430 2640 σὺ
1453 2607 1471 2639 ι
1497 2587 1678 2651 αὐτὸς,
1712 2582 1757 2641 ὦ
1792 2586 1908 2642 Κύ-

337 2691 444 2746 ριε,
471 2673 530 2738 ὃς
557 2675 841 2747 τυγχάνεις
861 2676 935 2730 ῶν
966 2678 1037 2748 ἡ(
1070 2678 1176 2750 ἐμὴ
1210 2679 1383 2742 ἐλπὶς,
1407 2678 1497 2732 τὸν
1521 2677 1780 2749 Ὕψιστον
1793 2679 1915 2733 ἔθου

334 2767 656 2839 καταφυγήν
691 2783 805 2824 σου.
837 2786 855 2819 ι
890 2767 1057 2822 Ἔνθα
1090 2771 1182 2823 καὶ
1207 2771 1542 2842 ἐπιστήσεις,
1570 2770 1692 2825 τινα
1716 2770 1915 2844 τρόπον

332 2855 669 2929 ὀπροφήτης
717 2858 852 2930 πρὸς
896 2860 1056 2914 αὐτὸν
1105 2861 1196 2915 τὸν
1240 2860 1444 2932 Κύριόν
1486 2878 1685 2934 φησιν·
1728 2881 1748 2914 ι
1795 2862 1913 2916 Ὅτι

337 2946 423 3010 σὺ,
452 2947 624 3019 Κύριε
655 2949 815 3012 ἐλπίς
859 2968 982 3021 μου,
1018 2952 1109 3006 τὸν
1138 2952 1398 3023 Ὕψιστον
1438 2953 1561 3007 ἔθου
1593 2955 1913 3026 καταφυγὴν

335 3053 452 3102 σου,
485 3058 505 3091 ι
544 3037 765 3109 διαιρῶν
795 3038 1035 3117 ἀκριϐῶς
1064 3040 1250 3113 ἕτερον
1276 3042 1425 3109 ἰδίως
1454 3043 1677 3115 Κύριον,
1706 3045 1799 3098 καὶ
1824 3044 1912 3099 τὸν

332 3129 523 3184 τούτου
551 3130 766 3202 Πατέρα
810 3131 941 3185 Θεὸν
985 3131 1207 3202 ὕψιστον
1229 3151 1242 3164 ’
1277 3133 1356 3188 διὸ
1387 3136 1686 3207 ἐπειδήπερ
1727 3136 1909 3199 αὑτὸν,

332 3224 410 3289 ὡς
453 3224 672 3297 Πατέρα
713 3225 808 3279 καὶ
847 3225 978 3278 Θεὸν
1020 3224 1243 3295 ὕψιστον
1291 3228 1613 3298 καταφυγὴν
1657 3227 1850 3281 ἑαυτοῦ
1882 3229 1910 3280 ὁ

333 3316 567 3388 Χριστὸς
591 3316 848 3381 τέθειται,
879 3316 1127 3370 λέλεκται
1148 3317 1303 3389 αὐτῷ
1343 3318 1424 3382 τὸ,
1460 3337 1478 3370 ι
1517 3318 1589 3372 Οὐ
1627 3317 1912 3391 προσελεύ-

336 3424 489 3462 σεται
520 3407 656 3480 πρὸς
686 3408 747 3461 σὲ
778 3409 945 3474 κακὰ,
973 3411 1067 3463 καὶ
1106 3409 1305 3481 μάστιξ
1329 3410 1433 3463 οὐκ
1458 3411 1634 3479 ὲγγιεῖ
1666 3411 1743 3483 τῷ
1780 3429 1911 3485 σκη-

333 3494 545 3568 νώματι
571 3513 683 3550 σου.
710 3498 830 3550 Ὅτι
853 3500 965 3562 τοῖς
993 3498 1244 3568 ἀγγέλοις
1275 3498 1438 3552 αὑτοῦ
1465 3500 1759 3554 ἐντελεῖται
1783 3503 1910 3574 περὶ

335 3586 454 3653 σοῦ,
488 3586 581 3641 τοῦ
627 3587 947 3657 διαφυλάξαι
998 3606 1057 3642 σε
1099 3591 1156 3644 ὲν
1204 3591 1406 3654 πάσαις
1449 3593 1566 3656 ταῖς
1612 3592 1751 3656 ὁδοῖς
1791 3609 1906 3647 σου.

346 3679 471 3734 Ἐπὶ
501 3678 699 3753 χειρῶν
736 3678 927 3752 άροῦσί
954 3696 1035 3746 σε,
1067 3682 1275 3753 μήποτε
1317 3681 1633 3756 προσκόψῃς
1673 3682 1809 3755 πρὸς
1833 3683 1912 3737 λί-

335 3774 426 3830 θον
454 3773 545 3829 τὸν
575 3773 712 3828 πόδα
735 3790 853 3828 σου.
884 3792 904 3825 ι
939 3773 1052 3827 Καὶ
1079 3773 1353 3843 ἐπιμελῶς
1378 3789 1441 3842 γε
1462 3774 1616 3844 τήρει
1644 3773 1763 3827 τινα
1791 3774 1911 3846 τρόο

335 3880 434 3918 πον
465 3866 523 3919 ὲν
564 3861 664 3935 τῷ,
712 3881 732 3914 ι
771 3863 892 3915 Ὅτι
929 3862 1015 3925 σὺ,
1049 3860 1221 3933 Κύριε
1264 3861 1418 3925 ἐλπίς
1463 3879 1588 3933 μου,
1630 3862 1721 3917 τὸν
1750 3862 1910 3934 Ὕψι-

337 3974 462 4013 στον
507 3955 630 4011 ἔθου
661 3956 981 4027 καταφυγήν
1029 3971 1145 4019 σου,
1178 3973 1196 4006 ι
1225 3953 1316 4014 τὸ»
1348 3974 1365 4005 ι
1398 3954 1591 4026 Κύριε,
1623 3974 1643 4005 ι
1696 3954 1787 4009 διὰ
1812 3955 1906 4009 τοῦ

332 4050 756 4123 τετραγράμμου
809 4048 1069 4119 ὀνόματος
1101 4050 1160 4101 ὲν
1210 4046 1286 4118 τῷ
1342 4046 1609 4119 Ἑϐραῖκῴ
1659 4048 1906 4120 φέρεται,

330 4141 470 4215 ὅπερ
514 4139 891 4212 ανεκφώνητον
930 4135 1071 4194 εἶναι
1102 4138 1348 4207 λέγοντες
1391 4139 1653 4211 Ἐϐραίων
1693 4142 1904 4208 παῖδες,

332 4235 426 4292 ἐπὶ
454 4235 616 4306 μόνου
642 4232 733 4287 τοῦ
768 4231 905 4287 Θεοῦ
938 4230 1388 4304 παραλαμϐάνειν
1430 4231 1712 4286 εἰώθασιν·
1745 4235 1904 4305 ἡμεῖς

329 4327 390 4384 δὲ
416 4327 515 4381 καὶ
541 4326 634 4380 ἐπὶ
659 4327 758 4396 τῆς
787 4323 881 4380 τοῦ
919 4325 1092 4393 Λόγου
1131 4323 1381 4394 θεότητος
1405 4324 1464 4378 ὲν
1483 4322 1760 4388 πλείσταις
1788 4325 1901 4378 κεί-

334 4435 495 4492 μενον
540 4418 783 4490 Γραφαῖς
827 4414 1315 4487 προαπεδείξαμεν,
1349 4415 1539 4485 ὥσπερ
1592 4417 1684 4470 καὶ
1727 4418 1785 4470 ἐν
1827 4416 1905 4488 τῷ

2024 583 2044 617 ι
2077 565 2217 631 Quid
2250 566 2409 621 nobis
2430 575 2482 622 et
2509 568 2602 622 tibi
2631 565 2759 623 Jesu
2783 607 2799 631 ,
2840 567 2943 623 Fili
2977 569 3073 625 Dei
3103 571 3151 601 ⁸⁵⁵
3177 570 3200 624 ?
3226 590 3244 622 ι
3276 569 3400 626 Haec
3434 570 3602 642 igitur

2022 655 2091 710 de
2121 657 2209 711 his
2247 658 2394 713 dicta
2440 671 2589 713 sunt.
2622 658 2755 724 Quae
2803 676 2934 715 vero
2979 660 3242 731 deinceps
3289 662 3342 715 in
3387 666 3600 733 psalmo

2022 758 2351 817 sequuntur,
2379 750 2445 803 ad
2473 752 2650 820 ipsum
2679 751 2958 806 Christum
2989 752 3346 807 enuntiantur
3376 770 3441 808 ex
3468 755 3598 812 illo:

2025 858 2043 890 ‹
2082 837 2140 892 in
2193 842 2434 910 scapulis
2486 842 2604 897 suis
2652 843 3003 898 obumbrabit
3051 844 3182 908 tibi,
3229 864 3247 895 ι
3280 843 3599 901 Altissimus

2021 931 2306 995 videlicet,
2340 952 2360 983 ί
2389 941 2443 987 et
2469 934 2573 988 sub
2599 934 2699 989 alis
2728 935 2848 1003 ejus
2876 936 3153 1005 sperabis,
3181 942 3338 990 scuto
3364 936 3600 991 circum-

2019 1021 2170 1077 dabit
2216 1031 2271 1077 te
2309 1025 2514 1079 veritas
2552 1029 2672 1094 ejus
2695 1065 2711 1088 ,
2746 1047 2764 1078 ι
2786 1036 2840 1081 et
2869 1028 3128 1096 quoniam
3171 1027 3364 1083 diebus
3395 1044 3464 1083 ιι.
3493 1044 3597 1083 no-

2020 1114 2314 1184 ctibusque
2346 1115 2571 1169 totidem
2611 1125 2851 1172 tentatus
2886 1126 3003 1185 est,
3036 1118 3105 1174 de
3136 1119 3204 1175 iis
3236 1121 3457 1190 quidem
3498 1123 3591 1191 qui

2017 1214 2185 1260 noctu
2212 1206 2363 1260 illum
2390 1205 2741 1272 invadebant,
2765 1207 2972 1263 dictum
2997 1208 3170 1264 estad
3199 1211 3412 1280 ipsum:
3437 1231 3454 1262 ι
3479 1210 3600 1267 Non
3640 1218 3875 1301 haue),
3904 1250 3910 1292 τ

2020 1298 2245 1353 timebis
2276 1313 2305 1351 a
2333 1298 2533 1353 timore
2565 1307 2835 1354 nocturno
2863 1317 2877 1367 ;
2910 1320 2930 1351 ι
2957 1299 3023 1354 de
3058 1300 3128 1356 iis
3155 1317 3284 1358 vero
3315 1303 3409 1372 qui
3439 1319 3598 1358 eum-

2018 1388 2140 1444 dem
2173 1406 2268 1459 per
2297 1391 2441 1445 diem
2473 1392 2897 1462 oppugnabant,
2932 1391 3069 1447 illud
3097 1413 3111 1448 :
3151 1411 3169 1444 ι
3202 1393 3246 1446 Α
3277 1395 3472 1466 sagitta
3504 1411 3601 1451 vo-

2018 1482 2166 1536 lante
2205 1482 2259 1535 in
2296 1482 2383 1539 die
2409 1501 2424 1550 ;
2452 1503 2470 1535 »
2497 1484 2624 1538 item
2666 1484 2735 1540 de
2771 1484 3058 1541 nocturnis
3104 1484 3248 1552 illis,
3294 1486 3470 1541 illud:
3500 1507 3519 1540 ε
3553 1488 3600 1542 Α

2018 1573 2241 1644 negotio
2267 1576 2687 1644 perambulante
2714 1578 2769 1631 in
2798 1577 3074 1644 tenebris;
3101 1596 3120 1629 ι
3143 1577 3210 1633 de
3232 1578 3444 1634 diurnis
3467 1596 3598 1637 vero

2018 1664 2151 1720 illud
2178 1685 2190 1720 :
2221 1683 2240 1716 ι
2276 1666 2361 1720 Ab
2393 1667 2615 1723 incursu
2648 1679 2701 1723 et
2727 1668 2996 1724 daemonio
3024 1670 3353 1726 meridiano.
3389 1692 3407 1725 ι
3434 1672 3597 1744 435
3657 1692 3663 1707 τ

2018 1757 2100 1812 Ad
2142 1757 2278 1823 haec,
2318 1759 2578 1829 quoniam
2615 1759 2743 1813 dum
2784 1761 3120 1825 tentabalur,
3154 1763 3409 1834 malignae
3445 1771 3600 1833 pote-
3658 1754 3663 1771 ’

2020 1857 2189 1906 states
2217 1852 2365 1905 illum
2392 1852 2825 1908 circumstabant
2843 1894 2858 1917 ,
2882 1861 2936 1907 et
2963 1870 3082 1924 quae
3107 1854 3324 1925 quidem
3353 1856 3500 1911 illius
3528 1856 3598 1911 la-

2018 1948 2108 1998 tus
2133 1941 2385 1997 dextrum
2414 1943 2710 2012 stipabant,
2734 1943 2975 1999 sinistris
3000 1945 3170 1998 multo
3195 1945 3379 2014 plures
3403 1954 3560 2001 erant
3578 1987 3595 2013 ,

2018 2042 2205 2106 utpote
2249 2051 2375 2091 cum
2421 2036 2612 2092 dextra
2654 2036 2813 2107 longe
2864 2037 2975 2091 sint
3012 2037 3349 2102 valentiora,
3398 2039 3597 2095 merito

2018 2126 2335 2197 adjungitur
2349 2126 2417 2181 ad
2447 2125 2698 2181 eumdem
2723 2145 2735 2180 :
2762 2145 2780 2177 ι
2809 2124 3017 2182 Cadent
3044 2142 3073 2181 a
3106 2127 3274 2183 latere
3303 2135 3396 2183 tuo
3425 2129 3593 2193 mille,

2018 2224 2074 2274 et
2105 2218 2293 2273 decem
2323 2218 2493 2271 millia
2526 2232 2556 2270 a
2586 2217 2794 2272 dextris
2819 2217 2929 2273 tuis
2951 2258 2967 2283 ,
2991 2219 3055 2272 ad
3084 2226 3134 2274 te
3157 2227 3338 2275 autem
3362 2235 3469 2275 non
3502 2235 3598 2291 ap-

2016 2308 2429 2380 propinquahit.
2453 2327 2474 2360 ι
2500 2306 2605 2362 Ubi
2647 2326 2665 2358 ‹
2692 2323 2722 2361 a
2766 2309 2935 2364 latere
2966 2328 2985 2361 ι
3015 2308 3224 2364 dictum
3265 2319 3372 2377 est,
3404 2326 3504 2381 pro
3530 2326 3598 2367 eo

2016 2397 2163 2469 quod
2186 2405 2266 2453 est
2298 2413 2328 2450 a
2356 2397 2605 2454 sinistro.
2634 2395 2772 2452 Cum
2804 2409 2985 2452 autem
3012 2414 3211 2454 nomen
3239 2399 3453 2455 sinistri
3482 2416 3596 2455 me-

2015 2491 2125 2545 rilo
2151 2490 2584 2561 praetermissum
2616 2490 2689 2544 sit
2720 2505 2785 2544 ac
2813 2491 3074 2556 tacitum,
3101 2506 3169 2546 ne
3200 2491 3416 2547 adversi
3443 2492 3599 2560 quid-

2015 2582 2160 2653 piam
2194 2589 2291 2641 aut
2324 2582 2538 2638 sinistri
2577 2582 2631 2637 in
2664 2583 2758 2638 illo
2790 2582 3015 2654 reperiri
3054 2584 3326 2646 videatur.
3359 2599 3598 2655 cumque

2017 2681 2131 2728 tota
2162 2672 2351 2729 decem
2382 2673 2550 2727 millia
2572 2713 2587 2736 ,
2619 2688 2831 2728 necnon
2861 2675 2980 2744 ipsa
3010 2674 3191 2739 mille,
3223 2683 3341 2730 tun:
3368 2690 3400 2730 a
3426 2675 3596 2731 latere

2015 2766 2136 2835 ejus
2156 2805 2171 2829 ,
2201 2772 2313 2819 tum
2342 2780 2372 2818 a
2398 2765 2609 2820 dextris
2635 2779 2834 2821 casura
2857 2781 2982 2823 esse
3008 2766 3287 2834 dicantur,
3312 2767 3437 2836 jure
3461 2767 3599 2839 opti-

2015 2871 2106 2911 mo
2145 2862 2269 2926 post
2298 2856 2417 2926 ipsa
2449 2856 2564 2911 inec
2591 2857 2852 2927 deinceps
2887 2857 3092 2911 dictum
3124 2867 3208 2913 est
3241 2857 3375 2913 illud
3403 2877 3415 2912 :
3444 2878 3462 2911 ι
3492 2856 3596 2916 Ve-

2015 2956 2321 3004 rumtamen
2362 2950 2539 3005 oculis
2575 2949 2686 3005 tuis
2727 2949 3140 3013 considerabis,
3191 2958 3246 3006 et
3279 2951 3597 3006 retributio-

2017 3055 2138 3095 nem
2173 3043 2523 3110 peccatoru‘m
2557 3040 2790 3096 videbis.
2820 3060 2839 3093 ›
2866 3040 2932 3095 Et
2960 3042 3077 3098 haec
3097 3082 3112 3107 ,
3141 3042 3357 3113 inquit,
3386 3043 3595 3098 circum

2015 3139 2070 3187 te
2096 3138 2290 3197 erunt,
2323 3132 2418 3202 qui
2445 3149 2506 3188 es
2533 3132 2791 3189 Christus
2819 3133 2949 3195 Dei,
2979 3156 2998 3186 ι
3024 3135 3285 3205 quoniam
3312 3142 3368 3189 tu
3393 3155 3411 3188 ι
3437 3136 3555 3205 ipse
3576 3174 3594 3199 ,

2018 3227 2112 3296 qui
2161 3241 2222 3281 es
2260 3246 2279 3276 ι
2311 3240 2437 3296 spes
2486 3240 2640 3290 mea,
2676 3226 3020 3281 Altissimum
3054 3227 3284 3296 posuisti
3326 3226 3594 3298 refugium

2019 3325 2194 3374 tuum.
2227 3315 2374 3372 »Πιιί
2429 3319 2595 3371 etiam
2653 3317 2943 3389 diligenter
2988 3319 3311 3374 observabis
3356 3334 3596 3389 quonam

2016 3418 2176 3480 pacto
2208 3409 2475 3480 propheta
2514 3407 2583 3463 ad
2626 3409 2806 3480 ipsum
2856 3408 3145 3464 Dominmn
3176 3410 3363 3466 dicat:
3396 3428 3414 3463 ι
3448 3411 3598 3478 Quo-

2019 3503 2160 3556 niam
2181 3507 2238 3555 tu
2294 3499 2680 3569 Domine,spes
2717 3515 2857 3566 mea,
2884 3500 3223 3556 Altissimum
3251 3503 3479 3571 posuisti
3505 3517 3598 3558 re-

2017 3592 2228 3664 fugium
2261 3599 2454 3649 tuum:
2489 3610 2509 3643 υ
2545 3591 2636 3646 ιὼὶ
2664 3591 2938 3661 exquisite
2973 3593 3206 3648 alterum
3228 3632 3243 3656 ,
3277 3593 3371 3663 qui
3412 3593 3596 3663 priva-

2015 3687 2114 3741 tim
2149 3691 2235 3740 est
2263 3683 2561 3748 Dominus,
2597 3683 2666 3738 ab
2696 3684 2869 3739 altero
2901 3685 3190 3755 distinguit
3223 3686 3316 3767 qui
3349 3692 3403 3740 et
3429 3685 3594 3757 hujus

2017 3777 2192 3849 ipsius
2223 3784 2309 3832 est
2342 3775 2533 3839 Pater,
2564 3786 2618 3830 et
2646 3784 2910 3847 praetcrea
2935 3775 3076 3832 Deus
3117 3776 3421 3833 altissimus
3458 3778 3597 3834 dici-

2017 3878 2143 3926 tur:
2196 3877 2551 3941 quapropter,
2601 3884 2727 3925 cum
2776 3869 2928 3923 illum
2978 3876 3042 3924 ut
3104 3867 3364 3931 Patrem,
3424 3882 3594 3942 utque

2016 3962 2185 4018 Deum
2226 3962 2554 4018 altissimum
2581 4001 2598 4023 ,
2641 3960 2910 4031 refugium
2956 3977 3155 4026 suum,
3192 3960 3447 4017 Christus
3488 3977 3593 4034 po-

2015 4052 2219 4119 suerit,
2257 4054 2464 4107 dictum
2503 4059 2590 4108 est
2627 4055 2677 4107 ei
2725 4050 2860 4106 illud
2889 4071 2901 4107 :
2930 4071 2948 4103 ι
2976 4050 3097 4107 Non
3130 4052 3389 4107 accedent
3430 4052 3499 4107 ad
3537 4059 3592 4107 te

2013 4143 2155 4197 mala
2176 4182 2190 4205 ,
2220 4148 2275 4196 ct
2303 4140 2577 4211 flagellum
2606 4156 2714 4195 non
2745 4141 3206 4213 appropinquabit
3235 4142 3591 4198 tabernaculo

2013 4240 2127 4288 tuo.
2162 4232 2433 4300 Quoniam
2466 4233 2675 4304 angelis
2707 4233 2823 4288 suis
2855 4233 3136 4288 mandabit
3162 4233 3232 4291 de
3259 4243 3344 4299 te,
3388 4241 3447 4289 ut
3493 4250 3591 4289 cu-

2013 4324 2251 4381 stodiant
2285 4333 2337 4380 te
2368 4325 2422 4380 in
2451 4327 2707 4381 onmihus
2733 4326 2836 4381 viis
2863 4326 2991 4380 luis.
3026 4325 3081 4380 In
3112 4327 3364 4382 manibus
3394 4334 3583 4397 porta-

2008 4416 2147 4471 bunt
2169 4424 2252 4480 te,
2276 4432 2345 4471 ne
2368 4415 2510 4470 forte
2531 4415 2776 4471 offendas
2801 4415 2869 4470 ad
2894 4415 3125 4486 lapidem
3152 4417 3344 4487 pedem
3371 4427 3546 4472 tuum.
3563 4437 3581 4470 ι

335 4510 476 4584 μετὰ
510 4512 697 4581 χεῖρας
740 4505 960 4578 ψαλμῷ,
994 4506 1053 4571 ὃς
1096 4523 1261 4579 φησιν
1289 4507 1369 4570 εἰς
1414 4507 1701 4585 πρόσωπον
1740 4505 1904 4562 αὐτοῦ

2015 4506 2078 4561 Et
2106 4524 2240 4564 sane
2269 4509 2563 4580 diligenter
2596 4510 2829 4564 observa
2860 4523 3097 4579 quonam
3129 4510 3295 4564 modo
3316 4550 3329 4574 ,
3365 4511 3420 4574 in
3452 4511 3583 4568 illo:

330 4603 424 4659 τοῦ
462 4600 701 4674 Κυρίουο
742 4618 763 4652 ι
805 4600 926 4654 Ὅτι
958 4599 1045 4663 σὺ,
1073 4597 1247 4670 Κύριε
1274 4597 1428 4663 ἐλπίς
1469 4616 1592 4671 μου,
1625 4599 1717 4653 τὸν
1750 4599 1910 4670 ’Υψι-

334 4711 456 4750 στον
488 4693 612 4748 ἔθου
655 4695 978 4764 καταφυγήν
1008 4710 1100 4748 σου
1122 4710 1137 4723 ·
1182 4713 1201 4745 ι
1234 4694 1517 4764 μονονουχὶ
1542 4693 1745 4763 λέγων·
1785 4694 1907 4747 Ὅτι

334 4787 401 4841 σὺ
439 4785 620 4851 αὐτὸς,
650 4779 695 4838 ὧ
725 4785 920 4858 Κύριε,
953 4785 1012 4850 ὃς
1045 4783 1179 4857 ἐμοῦ
1205 4783 1301 4838 τοῦ
1342 4784 1517 4839 ταῦτα
1548 4783 1912 4857 προφητεύον-

330 4896 422 4943 τος
447 4878 603 4943 ὲλπὶς
629 4877 705 4932 ὢν
733 4878 1040 4949 τυγχάνεις,
1071 4875 1295 4949 μείζονα
1331 4876 1527 4930 σαυτοῦ
1548 4877 1640 4930 τὸν
1663 4877 1796 4930 Θεὸν
1815 4876 1907 4930 τὸν

332 4969 554 5040 ὕψιστον
586 4967 738 5033 εἰδὼς
783 4971 1010 5034 ἐκεῖνον,
1051 4968 1211 5023 αὑτὸν
1256 4966 1379 5021 ἔθου
1416 4967 1736 5038 καταφυγήν
1779 4983 1903 5019 σου·

330 5060 452 5116 ὅθεν
491 5061 587 5116 καί
615 5063 675 5115 ἐν
717 5061 860 5133 ἀρχῇ
897 5059 1114 5129 ἐλέγετο
1142 5057 1237 5113 τοῦ
1268 5057 1483 5130 ψαλμοῦ
1517 5059 1645 5130 περὶ
1680 5058 1774 5112 τοῦ
1812 5059 1906 5113 αὐ-

329 5152 458 5207 τοῦ’
509 5172 527 5206 ι
565 5154 624 5208 Ὀ
668 5151 938 5207 κατοικῶν
1004 5152 1062 5205 ὲν
1113 5150 1333 5222 βοηθείᾳ
1374 5149 1468 5204 τοῦ
1508 5150 1786 5221 Ὑψίστου,
1843 5152 1902 5204 ἐν

330 5246 508 5319 σκέπῃ
554 5244 649 5300 τοῦ
693 5244 828 5299 Θεοῦ
877 5243 1109 5316 οὐρανοῦ
1153 5242 1560 5315 αὑλισθήσεται.
1624 5244 1770 5316 Ἐρεῖ
1822 5241 1902 5314 τῷ

329 5340 549 5411 Κυρίῳ·
596 5338 966 5410 Ἀντιλήπτωρ
1010 5354 1111 5409 μου
1139 5332 1190 5390 εἶ
1237 5337 1331 5390 καὶ
1366 5337 1653 5408 καταφυγή
1704 5352 1828 5407 μου,
1873 5338 1904 5389 ὁ

326 5432 459 5498 Θεός
494 5447 617 5502 μου,
651 5430 840 5502 βοηθός
876 5447 999 5501 μου,
1030 5430 1126 5483 καὶ
1159 5426 1329 5481 ὲλπιῶ
1355 5428 1444 5480 ἐπ’
1469 5427 1650 5482 αὐτόν.
1683 5426 1900 5500 Ἐπειδὴ

327 5524 503 5579 τοίνυν
553 5526 640 5589 σὺ,
676 5518 723 5578 ὦ
753 5524 948 5596 Κύριε,
988 5523 1080 5577 τὸν
1115 5521 1376 5592 Ὕψιστον
1419 5521 1541 5576 ἔθου
1578 5508 1900 5593 καταφυγήν

332 5634 446 5680 σου,
476 5637 496 5669 ι
516 5618 704 5672 τούτου
733 5618 892 5688 χάριν
921 5615 1082 5681 αὐτὸς
1099 5618 1129 5669 ὁ
1153 5614 1436 5685 Ὕψιστος,
1458 5615 1645 5688 φησὶ,ι
1670 5613 1897 5687 ῥύσεται

400 5795 446 5828 ⁸⁸
482 5797 665 5852 Matth.
702 5816 796 5854 vin
819 5841 832 5865 ,
866 5800 951 5856 29.

2015 4619 2033 4653 ι
2065 4600 2332 4667 Quoniam
2365 4610 2442 4669 tu,
2476 4600 2704 4656 Domine
2762 4615 2889 4670 spes
2919 4615 3062 4664 mea,
3113 4599 3454 4657 Altissimum
3489 4620 3588 4674 po-

2011 4688 2173 4745 suisti
2211 4688 2484 4760 refugium
2524 4698 2703 4756 tuum;
2734 4709 2752 4742 ι
2781 4689 2915 4745 illud
2950 4708 2963 4744 :
2997 4708 3015 4740 ι
3048 4686 3306 4753 Domine,
3337 4708 3356 4741 ›
3393 4705 3492 4759 per
3532 4691 3583 4744 id

2008 4799 2208 4838 nomen
2241 4782 2387 4854 quod
2418 4789 2655 4853 quatuor
2688 4782 2887 4837 litteris
2922 4788 3172 4844 constat,
3215 4781 3270 4835 in
3312 4778 3584 4837 Hebraico

2011 4875 2276 4942 scriptum
2311 4873 2414 4941 sit,
2455 4873 2602 4944 quod
2635 4889 2759 4929 cum
2802 4872 3198 4930 inenuntiabile
3236 4888 3359 4928 esse
3398 4872 3585 4927 dicant

2009 4964 2244 5028 Hebraei,
2277 4980 2379 5036 pro
2409 4965 2528 5021 solo
2562 4965 2670 5021 Deo
2699 4974 2754 5021 et
2783 4963 2946 5021 Patre
2976 4979 3243 5036 usurpare
3271 4980 3576 5020 consueve-

2007 5065 2174 5127 runt;
2213 5072 2316 5113 nos
2352 5065 2535 5113 autem
2578 5056 2721 5112 idem
2764 5071 2962 5112 nomen
3006 5054 3097 5110 ubi
3138 5054 3206 5110 de
3242 5051 3404 5109 Verbi
3445 5070 3583 5125 quo-

2005 5166 2114 5222 que
2165 5149 2455 5206 divinitate
2509 5150 2708 5221 agitur.
2765 5149 2823 5203 in
2872 5147 3128 5219 plurimis
3175 5147 3411 5218 positum
3458 5162 3583 5202 esse

2007 5241 2313 5313 Scripturis
2353 5248 2517 5296 antea
2555 5240 3058 5295 demonstravimus
3085 5280 3100 5304 ,
3143 5247 3204 5292 ut
3244 5237 3372 5292 item
3410 5237 3465 5291 in
3515 5254 3579 5295 eo

2003 5335 2218 5405 psalmo
2252 5335 2345 5406 qui
2381 5347 2531 5389 nunc
2564 5334 2619 5388 in
2660 5333 2916 5388 manibus
2946 5340 3065 5398 est,
3099 5332 3193 5403 qui
3235 5332 3310 5385 ait
3334 5332 3407 5386 'in
3453 5347 3577 5403 per-

2005 5441 2197 5482 sonam
2251 5426 2428 5497 ipsius
2482 5424 2700 5480 Domini
2770 5443 2835 5480 ιι
2871 5424 3146 5490 Quoniam
3193 5431 3292 5487 tu,
3348 5420 3599 5485 Domine.

2002 5532 2131 5589 spes
2177 5533 2320 5581 mea,
2362 5516 2704 5572 Altissimum
2743 5515 2974 5587 posuisti
3013 5515 3285 5587 refugium
3325 5522 3517 5582 tuum,
3552 5534 3574 5571 ι

2000 5620 2264 5685 tanquam
2298 5611 2346 5668 si
2381 5611 2588 5669 diceret
2614 5629 2628 5665 :
2662 5607 2933 5676 Quoniam
2964 5617 3025 5666 tu
3057 5609 3207 5681 ipse,
3238 5624 3273 5666 o
3306 5608 3537 5669 Domine
3560 5651 3575 5678 ,

2466 5762 2495 5815 ᾳ.
