4098 6430
525 335 632 390 679

1141 332 1413 391 EUSEBII
1448 332 1928 394 CESARIENSIS
1963 335 2115 397 OPP.
2159 337 2358 394 PARS.
2389 335 2455 393 11.
2490 367 2560 378 --
2597 332 3098 392 APOLOGETICA.

3667 337 3776 394 680

523 446 622 518 qui
659 460 781 502 mea
819 461 944 517 spes
976 461 1036 502 es
1067 447 1368 503 divinantis
1398 449 1548 518 haec;
1582 451 1736 505 illum
1769 466 1801 506 a
1831 467 1941 523 quo
1973 451 2072 523 ipst

2192 472 2250 508 σε
2290 454 2354 508 ἐκ
2392 453 2619 522 παγίδος
2643 451 2925 523 θηρευτῶν
2952 454 3046 507 καὶ
3077 452 3184 507 ἀπὸ
3208 453 3367 522 λόγου
3398 453 3771 528 ταραχώδους,

523 553 585 593 es
649 535 818 592 Deum
876 537 1208 593 altissimum
1260 539 1450 606 nosti,
1489 547 1545 595 et
1582 540 1732 596 hunc
1771 542 1950 613 ipsum
1999 559 2097 613 po-

525 629 685 684 suisti
723 627 995 700 refugium
1037 637 1192 684 tuum
1217 671 1233 698 ,
1272 647 1336 685 ex
1373 647 1484 702 quo
1521 634 1686 688 etiam
1728 635 1785 690 in
1824 635 2095 706 principio

523 719 719 790 psalmi
748 719 818 774 de
851 720 1043 775 eodem
1077 721 1365 777 dicebatur
1391 741 1404 776 :
1435 741 1453 774 ι
1478 721 1581 789 Qui
1610 723 1826 779 habitat
1857 725 1912 780 in
1941 727 2096 796 adju-

521 813 666 867 torio
696 811 963 866 Altissimi
987 851 1002 875 ,
1035 813 1089 866 in
1118 815 1460 882 proiectione
1493 813 1587 870 Dei
1619 817 1743 871 caeli
1781 831 2094 874 commora-

518 901 686 956 bitur.
717 901 883 974 536
914 901 1066 957 Dicet
1100 902 1334 959 Domino
1353 945 1368 969 ,
1409 915 1696 974 susceptor
1730 925 1885 965 meus
1913 926 1972 966 es
1992 952 2008 979 ,
2038 920 2092 966 et

516 994 790 1066 refugium
843 1011 1060 1060 meum,
1115 995 1258 1053 Deus
1305 1013 1500 1062 meus,
1552 999 1771 1069 adjutor
1806 1017 1995 1067 meus,
2038 1012 2094 1059 et

516 1089 752 1158 sperabo
793 1089 848 1143 in
888 1105 1055 1144 eum:
1101 1092 1362 1160 quoniam
1414 1092 1582 1162 igitur
1621 1101 1712 1160 tu,
1749 1110 1783 1150 o
1825 1094 2087 1162 Domine,

515 1181 858 1237 Altissimum
893 1183 1127 1251 posuisti
1170 1183 1436 1253 refugium
1479 1193 1667 1249 tuum,
1696 1206 1714 1238 ι
1743 1187 1968 1253 idcirco,
2005 1189 2092 1243 in-

2197 547 2290 600 καὶ
2321 548 2379 600 ἐν
2399 548 2509 609 τοῖς
2537 545 2893 616 μεταφρένοις
2919 543 3084 598 αὑτοῦ
3117 544 3426 598 ἐπισκιάσει
3455 563 3557 599 σοι.
3602 564 3621 598 ι
3650 548 3774 600 Διό-
3861 611 3867 618 _

2195 655 2299 710 περ
2327 637 2423 708 τὴν
2453 637 2705 707 τοιαύτην
2738 637 2876 706 ἔχων
2909 636 3179 710 πατρικὴν
3212 635 3305 690 τοῦ
3344 637 3596 707 Ὑψίστου
3644 637 3774 711 βοή-

2195 729 2362 792 θειαν,
2395 730 2456 782 οὐ
2491 728 2770 800 φοϐηθήσῃ
2806 727 2912 781 ἀπὸ
2944 727 3108 797 φόϐου
3136 728 3470 799 νυκτερινοῦ,
3503 727 3627 784 οὕτε
3661 728 3774 782 ἀπό

2192 837 2336 883 τινος
2368 820 2474 873 τῶν
2501 818 3061 892 προκατειλεγμένων,
3096 819 3230 872 ἀλλά
3260 820 3382 874 οὑδέ
3409 823 3473 875 ἐκ
3499 820 3608 875 τῶν
3639 822 3767 894 ἐξῆς

2193 914 2633 986 ἐπιφερομένων’
2693 930 2712 964 ι
2767 912 2918 966 Ἐπεὶ
2970 931 2989 963 ι
3038 913 3147 984 γάρ
3209 932 3227 964 ι
3275 915 3377 979 σὺ,
3426 915 3621 986 Κύριε,
3673 916 3766 970 τὸν

2196 1005 2457 1075 ’Ὕψιστον
2491 1005 2611 1058 ἔθου
2661 1007 2982 1076 καταφυγήν
3028 1023 3141 1070 σου,
3175 1005 3263 1061 διὰ
3302 1006 3458 1060 τοῦτο
3501 1009 3563 1060 οὐ
3596 1025 3766 1080 προσ-

2191 1101 2469 1156 ελεύσεται
2495 1101 2630 1174 πρὸς
2672 1119 2733 1155 σε
2766 1101 2934 1168 κακὰ,
2972 1103 3065 1155 καὶ
3107 1101 3303 1173 μάστιξ
3343 1104 3444 1157 οὐκ
3484 1104 3660 1172 ἐγγιεί
3686 1103 3765 1174 τῷ

2193 1191 2511 1263 σκηνώματι
2557 1208 2671 1244 σου.
2717 1210 2736 1242 ι
2781 1192 3071 1259 Μάστιγας
3114 1191 3170 1245 δέ
3211 1191 3310 1256 τὰς
3351 1192 3460 1245 ἀπὸ
3492 1193 3764 1264 δαιμόνων

512 1273 670 1344 quit,
705 1274 822 1344 ipse
853 1272 1178 1330 Altissimus
1205 1294 1224 1326 ι
1253 1276 1504 1330 liberabit
1538 1285 1592 1331 te
1631 1293 1661 1330 a
1699 1279 1894 1349 laqueo
1922 1295 2072 1335 vena-

2189 1285 2471 1356 ἐνεργείας
2507 1284 2599 1337 καὶ
2630 1285 2688 1337 ἐν
2724 1285 2838 1347 τοῖς
2877 1283 3233 1352 Εὑαγγελίοις
3261 1283 3666 1355 ὀνομαζομένας
3692 1284 3763 1339 ἀν

512 1374 692 1419 torum
742 1372 795 1420 et
846 1366 916 1419 ab
963 1367 1212 1423 oratione
1257 1369 1610 1434 turbulenta,
1648 1378 1702 1426 et
1742 1373 1798 1425 in
1844 1372 2072 1442 scapuli:

2188 1373 2389 1445 εὕροις,
2439 1373 2506 1439 ἂς
2549 1374 2672 1427 οὐδὲ
2720 1374 3039 1447 πλησιάζειν
3091 1375 3293 1446 τολμᾷν
3337 1375 3415 1446 τῷ
3445 1375 3761 1448 σκηνώματι

511 1459 628 1512 suis
659 1458 1008 1513 obumbrabit
1043 1461 1163 1516 tibi‘.
1196 1480 1214 1512 ι
1244 1460 1594 1533 Quapropter
1625 1479 1748 1518 cum
1783 1465 1879 1518 tali
1919 1464 2072 1521 fultus

2185 1465 2280 1520 τοῦ
2329 1465 2585 1538 Χριστοῦ,
2626 1467 2870 1520 τουτέστι
2917 1466 2993 1538 τῷ
3036 1465 3246 1538 σώματι
3293 1468 3477 1533 αὑτοῦ,
3529 1468 3762 1533 δυνατάς

510 1550 590 1607 sis
629 1558 858 1621 paterno
892 1551 1163 1608 Altissimi
1197 1556 1402 1611 auxilio
1424 1596 1438 1620 ,
1473 1575 1490 1608 ι
1523 1572 1632 1612 non
1679 1557 1898 1613 timebis
1941 1572 1973 1610 a
2017 1559 2072 1612 ti-

2187 1555 2327 1614 εἷναί
2361 1577 2512 1632 φησι.
2548 1559 2673 1624 Πῶς
2703 1560 2832 1632 γὰρ,
2867 1560 2956 1614 ὅτε
3002 1560 3145 1631 λόγῳ
3181 1561 3339 1631 μόνον
3377 1561 3548 1625 αὐτάς
3575 1562 3633 1628 ἐξ
3665 1563 3761 1616 ἀν-

509 1659 664 1699 more
694 1653 992 1709 nocturno,
1016 1665 1032 1697 ι
1062 1662 1242 1716 neque
1275 1649 1502 1704 omnino
1533 1666 1561 1703 a
1596 1651 1853 1721 quopiam
1893 1666 2072 1707 eorum

2188 1652 2421 1725 θρώπων
2453 1654 2653 1726 mace;
2687 1653 2821 1725 Περὶ
2851 1653 3038 1708 τούτου
3074 1655 3131 1708 δὲ
3153 1654 3246 1709 τοῦ
3277 1654 3630 1726 σκηνώματος
3663 1657 3760 1710 καὶ

509 1751 630 1805 quae
660 1737 916 1806 praedicta
955 1747 1113 1804 sunt,
1145 1755 1210 1794 ac
1238 1756 1306 1795 ne
1336 1741 1404 1796 ab
1436 1742 1502 1797 iis
1532 1743 1752 1812 quidem
1779 1758 1900 1813 qua!
1929 1743 2072 1799 dein‘

2185 1752 2214 1804 6
2264 1747 2426 1801 Δαϐίδ
2469 1763 2600 1799 ποτε
2655 1766 2674 1798 ‹
2715 1745 2896 1818 ὤμοσε
2942 1749 3019 1819 τῷ
3067 1749 3274 1821 Κυρίῳ,
3311 1749 3405 1802 καὶ
3439 1749 3640 1821 ηὔξατο
3678 1749 3760 1821 τῷ

508 1843 638 1899 ceps
678 1829 992 1884 adduntur:
1037 1846 1162 1885 nam
1207 1851 1226 1884 ι
1260 1835 1518 1901 quoniam
1550 1811 1655 1900 tu,
1696 1811 1945 1902 Domine,
1988 1838 2072 1891 AL

2183 1836 2302 1908 Θεῷ
2342 1836 2556 1901 Ἰακὼϐ,
2587 1856 2604 1888 ι
2655 1811 2852 1906 λέγων⁶
2896 1857 2915 1890 ι
2951 1811 3013 1892 Et
3051 1811 3393 1912 ἀναϐήσομαι
3437 1811 3538 1893 sui
3568 1811 3760 1911 κλίνης

505 1921 786 1976 tissimum
833 1924 1067 1992 posuisti
1114 1924 1384 1995 refugium
1429 1935 1582 1981 tuum
1604 1968 1620 1991 ,
1647 1947 1665 1979 ι
1691 1927 1900 1982 idcirco
1929 1947 1948 1980 ‹
1972 1944 2072 1982 non

2185 1933 2474 2003 στρωμνῆς
2514 1949 2634 2002 μου,
2671 1933 2720 1984 εἰ
2752 1931 2908 1985 δώσω
2946 1931 3110 1987 ὕπνον
3147 1937 3259 1997 τοῖς
3297 1933 3593 2004 ὀφθαλμοῖς
3629 1951 3752 2005 μου,

507 2016 769 2071 accedent
814 2016 881 2070 ad
919 2024 973 2071 te
1014 2018 1159 2071 mala
1183 2058 1196 2080 ,
1228 2026 1282 2073 et
1330 2018 1604 2090 ﬂagellum
1637 2035 1748 2074 non
1788 2021 2084 2091 appropin-

503 2109 693 2180 quabit
737 2110 1090 2165 tabernaculo
1123 2118 1238 2166 tuo.
1272 2131 1289 2160 ι
1320 2110 1557 2182 Flagella
1601 2128 1769 2182 porro
1807 2113 2081 2168 ellicacias

503 2201 750 2273 ipsorum
785 2203 1094 2258 diemonum
1139 2204 1306 2259 etiam
1356 2203 1411 2258 in
1453 2204 1768 2277 Evangeliis
1805 2205 2080 2260 nominari

501 2295 916 2366 deprehendes,
946 2311 1085 2367 quas
1127 2311 1196 2351 ne
1238 2296 1682 2368 appropinquare
1719 2299 1941 2368 quidem
1983 2313 2082 2352 au-

414 2407 425 2466 ;
500 2388 632 2444 dere
684 2388 911 2443 idoneas
950 2404 1076 2444 esse
1155 2389 1232 2441 ait
1280 2389 1640 2467 tabernaculo
1686 2389 1928 2455 Christi,
1975 2391 2080 2445 hoc

408 2473 416 2540 ί
499 2485 585 2533 cst
613 2479 832 2549 corpori
865 2479 1011 2548 ejus.
1051 2477 1154 2545 Qlii
1184 2478 1329 2533 enim
1373 2477 1430 2534 id
1468 2481 1813 2550 potuissent,
1859 2481 2080 2552 quando

406 2557 440 2606 ί.
500 2571 619 2625 sulo
658 2572 828 2626 verbo
869 2587 964 2627 eas
1001 2587 1068 2626 ex
1113 2571 1432 2628 hominibus
1477 2573 1819 2644 expellebat?
1863 2574 1933 2630 de
1974 2575 2080 2630 hoc

499 2672 679 2720 autem
715 2665 1102 2728 tabernaculo,
1134 2664 1302 2719 etiam
1342 2663 1512 2719 David
1541 2665 1780 2735 quodam
1825 2667 1881 2720 in
1923 2666 2076 2732 loco,

503 2757 732 2826 «iuravit
760 2755 1011 2818 Domino.
1031 2765 1085 2812 et
1113 2767 1299 2812 votum
1326 2756 1475 2810 vovit
1509 2755 1618 2811 Deo
1643 2754 1815 2811 Jacob
1843 2757 1949 2820 ⁸⁸.»
1990 2757 2078 2813 his

495 2849 679 2907 verbis
705 2869 720 2906 :
749 2868 767 2902 ι
794 2847 850 2905 Si
885 2848 1188 2906 ascendero
1222 2850 1276 2903 in
1308 2849 1509 2903 lectum
1545 2849 1702 2903 strati
1733 2850 1874 2914 mei,
1905 2850 1951 2906 si
1979 2851 2078 2906 de-

493 2942 628 2998 dero
657 2956 911 2997 somnum
943 2940 1122 2996 oculis
1151 2939 1320 3005 meis,
1366 2945 1420 2994 et
1451 2938 1728 3009 palpebris
1769 2941 1904 2996 meis
1946 2941 2075 2996 dor-

496 3033 870 3093 irritationem,
917 3037 971 3086 et
1009 3029 1256 3100 requiem
1305 3029 1647 3098 temporibus
1687 3027 1826 3084 meis
1849 3068 1862 3092 ,
1896 3027 2073 3086 donec

493 3125 767 3180 inveniam
806 3124 988 3198 locum,
1041 3121 1306 3185 Domino,
1357 3121 1771 3176 tabernaculum
1822 3121 1933 3177 Deo
1982 3122 2140 3217 ἰαὶ-Ο

492 3217 598 3272 cob
619 3217 688 3271 ".
711 3234 730 3268 ι
751 3214 931 3285 Hujus
961 3214 1128 3284 igitur
1159 3214 1505 3268 tabernaculi
1539 3227 1704 3268 causa
1740 3213 2066 3272 dicebatur:

500 3328 519 3361 ι
551 3306 673 3363 Non
696 3307 918 3362 timebis
947 3321 977 3360 a
1007 3307 1208 3362 timore
1236 3313 1533 3369 nocturno,
1562 3326 1580 3357 ι
1607 3313 1662 3360 et
1693 3305 1826 3362 illud
1857 3326 1870 3363 ;
1899 3325 1919 3358 ι
1949 3306 2072 3379 Ipse

495 3401 753 3458 liberabit
785 3409 840 3455 te
872 3399 940 3454 de
986 3401 1182 3469 laqueo
1242 3407 1600 3462 venatorum,
1636 3407 1692 3454 et
1721 3401 1789 3454 ab
1821 3401 2071 3456 oratione

491 3497 860 3558 turbulenta,»
882 3503 936 3551 et
965 3494 1099 3549 illud
1125 3513 1139 3550 :
1167 3512 1186 3546 ‹
1216 3491 1338 3548 Νοη
1367 3495 1714 3550 accedentad
1744 3504 1798 3550 te
1825 3497 1988 3562 mala,
2016 3505 2071 3553 et

488 3589 761 3660 ﬂagellum
791 3603 899 3646 non
933 3586 1396 3658 appmpinquabit
1426 3586 1786 3644 tabernaculo
1813 3597 1909 3643 tuo
1931 3629 1946 3652 ,
1977 3609 1996 3640 ι
2015 3597 2069 3644 et

388 3670 390 3672 ’
485 3697 832 3753 quaecunque
872 3679 940 3734 ad
984 3681 1264 3735 hominem
1307 3679 1485 3751 magis
1527 3680 1833 3749 spectantia
1865 3679 1932 3734 de
1974 3681 2069 3736 illo

486 3777 634 3831 dicta
665 3783 828 3839 sunt,
863 3774 1008 3829 sicut
1037 3773 1200 3829 etiam
1245 3772 1380 3827 illud
1408 3791 1420 3827 ι
1447 3790 1465 3823 ‹
1490 3771 1714 3842 Angelis
1756 3772 1872 3827 suis
1913 3789 2068 3829 man-

486 3867 636 3924 dabit
679 3867 748 3923 de
790 3875 844 3922 te
865 3905 881 3930 ,
925 3873 986 3920 ut
1026 3863 1340 3922 custodiant
1371 3870 1424 3919 te
1447 3904 1460 3927 ,
1494 3884 1512 3915 ι
1533 3873 1588 3919 et
1618 3865 1788 3920 illud:
1815 3885 1833 3918 ‹
1859 3865 1919 3921 ln
1951 3880 2068 3920 ma-

485 3959 650 4014 nibus
698 3957 1001 4028 portabunt
1042 3964 1127 4019 te,
1173 3971 1244 4011 ne
1285 3953 1426 4010 forte
1455 3955 1702 4012 offendas
1729 3957 1796 4012 ad
1833 3957 2066 4028 lapidem

485 4051 676 4122 pedem
708 4060 885 4105 tuum.
917 4068 934 4100 ι
958 4045 1112 4102 Talia
1139 4048 1283 4103 enim
1317 4047 1385 4102 ad
1411 4045 1583 4102 Deum
1627 4049 1738 4104 dici
1783 4064 2065 4120 nunquam

484 4142 801 4199 conveniet:
837 4149 892 4194 at
910 4155 1044 4196 vero
1073 4140 1142 4194 ad
1167 4140 1580 4194 tabernaculum
1606 4141 1746 4210 ejus,
1773 4143 1916 4210 quod
1944 4157 2068 4213 pro-

485 4244 606 4309 pter
642 4251 745 4291 nos
785 4233 1131 4304 assumpsit“,
1173 4248 1286 4304 quo
1323 4241 1570 4304 tempore
1601 4254 1618 4285 ι
1651 4230 1893 4290 Verbum
1933 4250 2065 4291 caro

485 4325 690 4383 factum
734 4337 851 4394 est,
901 4335 956 4381 et
1005 4325 1273 4380 habitavit
1316 4325 1372 4379 in
1403 4327 1564 4382 nobis
1597 4327 1666 4394 ⁵⁷,
1696 4345 1714 4379 ι
1739 4327 2056 4382 conveniet.

482 4419 758 4477 Caeterum
779 4435 889 4474 non
912 4418 1011 4472 abs
1035 4432 1094 4473 re
1118 4417 1490 4488 mihiquidem
1507 4417 1732 4472 videbor
1761 4417 1961 4483 facere,
1987 4419 2057 4484 si,

2181 2025 2420 2088 καὶτοῖς
2468 2023 2757 2096 βλεφάροις
2793 2043 2894 2096 μου
2939 2026 3268 2097 νυσταγμὸν,
3314 2027 3407 2080 καὶ
3451 2027 3757 2081 ἀνάπαυσιν

2180 2119 2291 2180 τοῖς
2335 2116 2630 2187 κροτάφοις
2665 2134 2789 2188 μου,
2825 2117 2930 2180 ἓως
2961 2110 3023 2170 οὕ
3062 2116 3207 2188 εὕρω
3237 2118 3400 2171 τόπον
3430 2117 3510 2189 τῷ
3541 2118 3754 2191 Κυρίῳ,

2182 2211 2445 2282 σκήνωμα
2475 2208 2550 2280 τῷ
2602 2208 2722 2279 Θεῷ
2765 2208 2976 2263 Ἰακώϐ.
3013 2229 3031 2261 ι
3083 2209 3193 2263 Καὶ
3230 2209 3421 2263 τούτου
3473 2227 3538 2279 γε
3589 2211 3756 2266 ἕνεκα

2178 2302 2273 2356 τοῦ
2309 2301 2662 2375 σκηνώματπ
2694 2303 2941 2372 ἐλέγετο·
2981 2323 2998 2355 ι
3032 2304 3107 2357 Οὐ
3135 2303 3416 2378 φοϐηθήσῃ
3452 2305 3560 2358 ἀπὸ
3587 2305 3754 2374 φόϐου

2178 2397 2515 2469 νυκτερινοῦ,
2560 2417 2579 2449 ι
2611 2399 2706 2451 καὶ
2738 2397 2819 2464 τὸ,
2862 2415 2881 2449 ί
2921 2397 3092 2461 Αὐτὸς
3130 2395 3352 2468 ῥύσεταί
3389 2415 3447 2451 σε
3474 2401 3538 2452 ἐκ
3584 2399 3754 2468 παγί⁸

2177 2486 2264 2551 δος
2289 2488 2568 2560 θηρευτῶν
2602 2491 2698 2543 καὶ
2739 2489 2847 2544 ἀπὸ
2877 2490 3037 2559 λόγου
3059 2489 3427 2562 ταραχώδους,
3473 2511 3492 2543 ι
3535 2493 3628 2546 καὶ
3664 2492 3750 2555 τὸ,

2184 2597 2202 2631 σ
2234 2580 2307 2633 Οὐ
2343 2581 2758 2652 προσελεύσεται
2792 2581 2930 2654 πρὸς
2970 2581 3030 2634 σέ
3075 2582 3240 2648 κακὰ,
3281 2583 3375 2638 καὶ
3409 2583 3606 2654 μάστιξ
3652 2585 3753 2638 οὐκ

2177 2673 2350 2741 ἐγγιεῖ
2379 2671 2457 2744 τῷ
2488 2673 2803 2745 σκηνώματί
2827 2691 2945 2739 σου,
2988 2693 3007 2725 ι
3045 2675 3140 2729 καὶ
3162 2676 3262 2728 ὅσα
3291 2675 3754 2750 ἀνθρωπινώτερα

2175 2764 2302 2837 περὶ
2331 2763 2494 2818 αὐτοῦ
2524 2765 2771 2820 λέλεκται
2791 2782 2805 2796 ο
2831 2765 2906 2830 ὡς
2936 2766 3032 2820 καὶ
3055 2766 3136 2831 τδ,
3177 2785 3197 2818 ι
3224 2767 3348 2830 Τοῖς
3366 2767 3622 2836 ἀγγέλοις
3650 2767 3749 2821 αύ-

2172 2854 2266 2909 τοῦ
2316 2856 2609 2911 ἐντελεῖται
2648 2857 2776 2928 περὶ
2821 2857 2936 2922 σοῦ,
2976 2857 3070 2911 τοῦ
3104 2858 3425 2929 διαφυλάξαι
3459 2876 3551 2912 σε’
3589 2879 3608 2912 ι
3655 2860 3750 2914 καὶ

2173 2947 2252 3012 τὸ,
2288 2967 2307 3001 t
2346 2950 2470 3004 Ἐπὶ
2501 2949 2698 3022 χειρῶν
2720 2947 2914 3022 ἀροῦσί
2948 2966 3006 3002 σε
3035 2950 3242 3022 μήποτε
3274 2951 3591 3025 προσκόψῃς
3612 2949 3748 3023 πρὸς

2172 3038 2317 3094 λίθον
2347 3041 2438 3095 τὸν
2472 3041 2608 3094 πόδα
2654 3057 2768 3094 σου.
2803 3059 2822 3090 ι
2862 3039 3048 3093 Ταῦτα
3079 3040 3188 3113 γάρ
3232 3041 3332 3095 οὐκ
3375 3040 3442 3095 ἂν
3484 3041 3562 3106 ὡς
3612 3041 3749 3114 πρὸς

2172 3133 2305 3188 Θεὸν
2331 3133 2583 3203 λέγεσθαι
2610 3135 2861 3207 ἀρμόσοι,
2896 3135 3033 3204 πρὸς
3058 3135 3115 3189 δὲ
3145 3134 3208 3189 τὸ
3253 3135 3518 3206 σκήνωμα
3557 3133 3740 3198 αὐτοῦ,

2172 3225 2308 3296 ὅπερ
2329 3225 2396 3279 δι’
2428 3227 2575 3297 ἡμᾶς
2599 3225 2906 3297 ἀνείληφεν,
2933 3226 3020 3279 ὅτε
3056 3245 3074 3276 ι
3100 3227 3128 3279 6
3157 3224 3326 3294 Λόγος
3348 3224 3484 3296 σὰρξ
3511 3225 3734 3295 ἐγένετο,

2172 3318 2267 3370 καὶ
2303 3319 2612 3389 ἐσκήνωσεν
2655 3320 2713 3371 ἐν
2735 3321 2888 3390 ἡμῖν.
2929 3337 2947 3370 ι
2984 3318 3143 3371 Δοκεῖ
3171 3316 3228 3370 δέ
3265 3334 3354 3388 μοι
3389 3315 3564 3379 καλῶς
3595 3315 3734 3386 ἔχειν

2171 3407 2310 3478 ὑπὲρ
2355 3405 2620 3478 ἀκριϐοῦς
2661 3405 3002 3476 βεϐαιώσεως
3040 3405 3148 3458 τῶν
3176 3401 3484 3478 είρημένων
3509 3405 3601 3459 καὶ
3641 3404 3737 3470 τὰς

2170 3499 2278 3554 τῶν
2327 3498 2528 3552 λοιπῶν
2574 3498 2926 3571 ἐρμηνευτῶν
2972 3498 3294 3571 παραθεῖναι
3345 3498 3562 3568 φωνάς’
3609 3490 3684 3552 ὧν
3714 3500 3744 3552 6

2172 3590 2271 3661 μὲν
2317 3590 2545 3653 ’Δκύλας
2575 3589 2749 3654 οὕτως
2798 3589 3030 3661 ἔφησεν·
3083 3609 3104 3642 ‹
3159 3591 3279 3644 Ὅτι
3321 3591 3406 3657 σὺ,
3440 3589 3616 3663 Κύριε
3661 3591 3747 3645 ἐλ-

2168 3681 2261 3745 πίς
2297 3699 2421 3754 μου,
2460 3681 2723 3752 Ὕψιστον
2752 3681 2955 3754 ἔθηκας
2997 3683 3311 3755 οίκητήριόν
3362 3700 3475 3738 σου.
3511 3684 3586 3738 Οὐ
3621 3701 3746 3755 μετ-

2167 3773 2465 3846 αχθήσεται
2488 3775 2627 3846 πρὸς
2653 3775 2709 3828 σέ
2726 3773 2895 3840 κακά,
2921 3775 3013 3829 καὶ
3035 3775 3146 3846 ἁφὴ
3167 3775 3266 3827 οὐκ
3295 3777 3471 3845 ἐγγιεῖ
3489 3777 3548 3830 ἐν
3566 3776 3743 3850 σκέπῃ

2171 3883 2264 3920 σου
2295 3885 2308 3898 ·
2363 3867 2447 3920 ὅτι
2486 3866 2739 3936 ἀγγέλοις
2785 3865 2951 3920 αὑτοῦ
3001 3866 3318 3934 ἐντελεῖται,
3365 3866 3459 3922 τοῦ
3509 3867 3742 3936 φυλάξαι

2169 3974 2228 4010 σε
2263 3961 2323 4012 ἐν
2362 3958 2564 4023 πάσαις
2589 3960 2711 4022 ταῖς
2738 3958 2876 4021 ὁδοῖς
2917 3975 3008 4010 σου
3029 3975 3044 3991 ·
3083 3977 3102 4011 ι
3133 3959 3162 4011 6
3191 3959 3248 4012 δέ
3278 3959 3574 4031 Σύμμαχος
3597 3977 3612 3992 ·
3638 3961 3742 4012 «Σὺ

2166 4049 2295 4123 γὰρ,
2315 4051 2508 4122 Κύριε,
2529 4050 2728 4120 άφοϐία
2749 4067 2871 4122 μου,
2894 4051 3121 4122 ὐψίστην
3133 4050 3255 4104 ἔθου
3277 4052 3378 4122 τὴν
3395 4052 3606 4123 οἴκησίν
3622 4069 3738 4105 σου.

2166 4143 2241 4194 Οὐ
2275 4141 2590 4212 κατισχύσει
2619 4158 2713 4194 σου
2745 4141 2935 4204 κακὸν,
2969 4141 3093 4194 οὐδὲ
3122 4139 3233 4210 ἁφὴ
3258 4141 3436 4207 ἐγγιεῖ
3462 4141 3528 4209 τῇ
3567 4140 3737 4209 σκηνῇ

2168 4249 2260 4284 σου
2281 4247 2294 4261 ·
2340 4233 2422 4286 ὅτι
2462 4235 2577 4296 τοῖς
2607 4232 2858 4302 ἀγγέλοις
2903 4229 3068 4284 αὑτοῦ
3112 4229 3404 4283 ἐντελεῖται
3454 4228 3583 4300 περὶ
3618 4229 3735 4292 σοῦ,

2162 4324 2256 4377 τοῦ
2305 4325 2628 4394 διαφυλάξαι
2672 4341 2733 4378 σε
2777 4326 2838 4378 ἐν
2881 4325 3082 4386 πάσαις
3137 4322 3295 4386 ὁδοῖς.
3332 4341 3352 4374 ι
3407 4320 3617 4376 Οὐκοῦν
3650 4322 3740 4377 διὰ

2161 4418 2365 4473 τούτων
2415 4418 2594 4472 αὐτῶν
2625 4417 2702 4489 τῷ
2728 4417 2918 4490 Κυρίῳ
2966 4416 3213 4470 λέλεκται
3255 4417 3330 4481 ὡς
3375 4416 3504 4488 περὶ
3549 4418 3738 4489 ἐτέρου

483 4527 596 4585 quo
612 4511 941 4584 exquisitius
964 4527 1028 4565 ac
1045 4511 1299 4566 stabilius
1319 4527 1382 4566 ea
1405 4525 1527 4580 qua:
1548 4510 1694 4565 dicta
1715 4517 1842 4565 sunt
1864 4510 2060 4566 contir-

2172 4511 2410 4583 μείζονος
2455 4511 2537 4576 τὸ,
2590 4530 2609 4563 ι
2641 4511 2767 4574 Τοῖς
2799 4509 3047 4580 ἀγγέλοις
3083 4509 3249 4564 αὐτοῦ
3288 4511 3578 4565 ἐντελεῖται
3610 4515 3739 4585 περὶ

483 4614 722 4672 mentur,
745 4604 1082 4675 reliquorum
1116 4618 1337 4674 quoque
1369 4603 1731 4672 interpretum
1761 4604 2062 4661 sententias

479 4700 860 4770 editionesque
881 4699 984 4753 hoc
1008 4697 1129 4752 loco
1157 4711 1414 4766 posuero,
1438 4709 1671 4765 quorum
1699 4710 1843 4751 unus
1869 4695 2064 4767 Aquila

481 4794 537 4847 in
565 4791 711 4848 hunc
753 4790 976 4845 modum
1018 4787 1255 4844 reddidit
1283 4805 1297 4843 :
1324 4805 1342 4838 ι
1371 4787 1640 4852 Quoniam
1671 4796 1726 4842 tu
1750 4827 1765 4853 ,
1795 4786 2026 4844 Domine
2046 4829 2061 4852 ,

479 4899 606 4954 spes
641 4899 784 4947 mea,
831 4883 1174 4938 Altissimum
1218 4880 1448 4952 posuisti
1489 4881 1857 4936 habitaculum
1881 4890 2057 4936 tuum.

476 4976 596 5032 Non
626 4975 986 5031 traducentur
1022 4973 1090 5029 ad
1122 4981 1175 5028 te
1206 4973 1348 5026 mala
1379 5013 1392 5036 ,
1423 4980 1476 5027 et
1507 4981 1690 5028 tactus
1722 4989 1834 5029 non
1865 4988 2058 5044 appro-

477 5070 838 5142 pinquabitin
871 5068 1214 5138 protectione
1249 5074 1341 5121 tua
1365 5086 1378 5121 :
1399 5068 1656 5138 quoniam
1693 5067 1904 5136 angelis
1937 5067 2054 5123 suis

475 5155 760 5217 mandavit
781 5201 796 5226 ,
831 5170 891 5215 ut
923 5160 1237 5215 custodiant
1276 5168 1330 5213 te
1360 5159 1416 5212 in
1448 5159 1708 5214 omnibus
1738 5161 1842 5215 viis
1871 5161 2002 5214 tuis.
2031 5178 2049 5211 ι

478 5253 584 5310 Sed
618 5251 1002 5326 Symmachus,
1029 5272 1046 5303 ι
1071 5251 1154 5306 Tu
1189 5254 1359 5316 enim,
1398 5252 1598 5322 inquit,
1627 5249 2056 5314 Domine,secu-

474 5349 612 5403 ritas
644 5361 764 5401 mea
786 5385 800 5410 ,
830 5346 1155 5400 altissimam
1191 5343 1426 5414 posuisti
1454 5343 1848 5396 habitationem
1874 5349 2047 5395 tuam.

471 5437 633 5512 537
666 5436 785 5492 Non
838 5439 1134 5492 invalescet
1172 5436 1459 5490 adversum
1495 5443 1550 5490 te
1603 5434 1829 5496 malum,
1871 5447 2053 5503 neque

473 5537 654 5585 tactus
707 5529 1169 5600 appropinquabit
1202 5527 1441 5584 tentorio
1465 5534 1562 5581 tuo
1602 5545 1615 5581 :
1655 5525 1916 5596 quoniam
1951 5540 2052 5579 an-

473 5623 610 5694 gelis
637 5623 754 5678 suis
798 5623 1081 5677 mandabit
1109 5623 1176 5677 de
1218 5629 1291 5687 te,
1319 5628 1378 5676 ut
1409 5617 1721 5676 custodiant
1767 5624 1822 5673 te
1855 5618 1911 5672 in
1939 5633 2052 5672 om-

549 5809 595 5842 ”
636 5806 784 5864 Psal.
814 5820 978 5860 cum
1002 5846 1015 5870 ,
1047 5808 1103 5865 2.
1180 5810 1224 5842 ’θ
1263 5809 1393 5866 ibid.
1429 5809 1546 5865 5.5.

1626 5808 1668 5840 ⁸⁷
1707 5806 1864 5865 Joan.
1905 5822 1954 5873 I,
1993 5806 2078 5862 Η.

2162 4604 2278 4669 σοῦ,
2309 4603 2403 4658 τοῦ
2431 4603 2815 4674 διαφυλάσσειν
2849 4619 2906 4655 σε
2937 4604 2993 4655 ἐν
3023 4602 3224 4667 πάσαις
3257 4605 3377 4668 ταῖς
3409 4603 3567 4668 ὁδοῖς.
3616 4606 3734 4658 Ἐπὶ

2159 4696 2358 4769 χειρῶν
2402 4695 2592 4769 ἀροῦσί
2635 4712 2716 4761 σε,
2760 4693 2956 4765 δηλαδὴ
2999 4694 3060 4748 σέ
3099 4695 3192 4749 τὸν
3233 4695 3470 4768 Κύριον,
3528 4697 3739 4767 μήποτε

2162 4788 2226 4840 σὺ
2263 4789 2293 4841 ὁ
2319 4785 2527 4859 Κύριος
2574 4787 2891 4861 προσκόψῃς
2930 4788 3067 4859 πρὸς
3097 4787 3246 4841 λίθον
3279 4787 3371 4842 τὸν
3402 4787 3537 4842 πόδα
3565 4805 3680 4842 σου.
3713 4816 3733 4840 ρ

2159 4883 2398 4946 Ταύταις
2414 4881 2472 4936 δὲ
2493 4881 2586 4935 καὶ
2607 4883 2636 4935 6
2657 4880 2900 4946 διάϐολος
2918 4883 3038 4945 ταῖς
3060 4880 3269 4946 λέξεσιν
3292 4881 3349 4934 ἐν
3377 4879 3454 4952 τῷ
3482 4881 3620 4935 κατᾶ
3641 4880 3737 4934 τοῦ

2154 4973 2406 5046 Σωτῆρος
2428 4973 2585 5045 ήμῶν
2605 4973 2898 5046 πειρασμῷ
2923 4972 3208 5046 κέχρηται,
3232 4975 3343 5040 ὅτε,
3370 4993 3386 5026 ι
3401 4973 3738 5046 Παραλαϐὼν

2153 5068 2315 5122 αὐτὸν
2363 5071 2443 5131 εἰς
2471 5067 2569 5138 τὴν
2613 5067 2775 5136 άγίαν
2825 5067 3000 5130 πόλιν,
3052 5067 3280 5138 ἔστησεν
3330 5067 3494 5120 αὐτὸν
3544 5068 3634 5120 ἐπὶ
3677 5066 3740 5120 τὸ

2151 5159 2444 5231 πτερύγιον
2467 5158 2563 5213 τοῦ
2592 5158 2761 5232 ἱεροῦ,
2787 5159 2882 5212 καὶ
2909 5155 3062 5213 εἶπεν
3094 5158 3263 5230 αὐτῷ·
3299 5160 3365 5213 Εἰ
3398 5159 3529 5223 Υἱὸς
3561 5155 3612 5212 εἷ
3643 5159 3738 5212 τοῦ

2150 5251 2307 5319 Θεοῦ,
2341 5251 2470 5322 βάλε
2505 5251 2730 5306 σεαυτὸν
2768 5251 3017 5306 ἐντεῦθεν
3058 5252 3229 5306 κάτω.
3258 5251 3575 5322 Γέγραπται
3608 5251 3738 5322 γὰρ,

2160 5343 2242 5395 ὅτι
2284 5345 2397 5406 τοῖς
2443 5342 2698 5412 ἀγγέλοις
2731 5342 2896 5397 αὐτοῦ
2950 5344 3243 5398 ἐντελεῖται
3296 5345 3423 5417 περὶ⁸
3459 5343 3589 5408 σοῦ,
3645 5345 3743 5397 καὶ

2160 5434 2252 5486 ἐπὶ
2277 5434 2473 5505 χειρῶν
2497 5432 2691 5505 ἀροῦσί
2719 5451 2800 5498 σε,
2846 5437 3057 5508 μήποτε
3083 5436 3398 5509 προσκάψῃς
3432 5435 3569 5509 πρὸς
3594 5435 3743 5488 λίθον

2157 5525 2250 5580 τὸν
2288 5525 2423 5581 πόδα
2462 5544 2578 5581 σου.
2616 5527 2760 5600 Πρὸς
2811 5528 2870 5582 ὃν
2912 5531 2942 5583 6
2968 5527 3172 5601 Κύριος
3221 5527 3382 5600 ἡμῶν
3419 5527 3741 5600 ἀποκριθεὶς

2160 5615 2318 5674 εἶπε·
2390 5619 2733 5689 Γέγραπται·
2805 5621 2918 5675 Οὐκ
2981 5620 3330 5692 ἐκπειράσεις
3385 5621 3590 5692 Κύριον
3645 5616 3740 5674 τὸν
