4098 6420
418 366 517 421 681

1332 356 1988 419 DEMONSTRATIONIS
2026 356 2490 419 EVANGELICE
2530 358 2661 428 LIB.
2698 357 2789 421 IX.

3565 360 3676 417 681

417 481 548 539 Θεόν
577 498 691 537 ouo.
728 501 749 536 ι
802 490 899 536 me
955 481 1077 534 ἐπεὶ
1125 479 1187 532 ὲν
1232 476 1311 548 τῷ
1356 477 1649 549 πειρασμῷ
1699 478 1838 547 μετὰ
1891 475 1998 530 τῶν

2102 476 2265 534 nibus
2290 477 2414 533 viis.
2454 496 2473 529 ι
2505 474 2676 548 igitur
2706 481 2859 534 nisce
2907 477 3042 550 ipsis
3087 478 3424 541 auctoribus.
3468 475 3536 534 ad
3567 478 3677 537 Do-

417 580 650 654 θηρίων,
676 578 826 635 κατά
859 577 950 632 τὸν
982 571 1395 644 εὐαγγελιστὴν,
1442 570 1699 642 διέτριϐε,
1739 569 1911 624 ποίων
1941 569 1999 623 δὲ

419 672 520 727 οὐκ
562 671 978 741 ἀναγέγραπται
997 708 1013 731 ,
1070 663 1402 735 σαφέστερον
1451 660 1611 716 τοῦτο
1650 658 1785 714 αὐτὸ
1824 662 1858 731 ἠ
1902 656 1999 712 τοῦ

418 762 634 837 ψαλμοῦ
665 767 970 835 προφητεία
1010 761 1081 813 τὰ
1113 758 1229 841 εἴδη
1259 755 1370 811 τῶν
1401 754 1608 827 θηρίων
1649 752 1998 825 αἰνιττομένη

420 860 618 931 φησίν·
661 876 681 909 ι
722 857 846 910 Ἐπὶ
877 852 1080 908 ἀσπίδα
1109 851 1205 906 καὶ
1252 848 1561 921 βασιλίσκον
1599 844 1868 917 emam,
1904 843 2001 898 καὶ

421 952 828 1023 καταπατήσεις
880 945 1070 1001 λέοντα
1118 945 1213 999 καὶ
1256 941 1545 1014 δράκοντα.
1590 959 1609 994 ι
1673 935 1845 1002 Αὐτὸς
1900 933 2000 1009 μὲν

418 1040 514 1099 οὖν
546 1044 617 1097 τά
655 1040 1006 1115 ἅρχικώτατα
1057 1037 1166 1092 τῶν
1205 1035 1412 1107 νοητῶν
1439 1032 1641 1104 θηρίων
1671 1031 1863 1084 λέοντα
1907 1029 2001 1083 καὶ

417 1136 708 1206 δράκοντα,
739 1130 942 1188 ἀσπίδα
975 1131 1072 1186 καὶ
1111 1127 1444 1201 βασιλίσκον,
1474 1125 1636 1179 αὐτὸν
1675 1121 1876 1195 δηλαδὴ
1905 1121 2003 1176 τὸν

416 1228 683 1291 διάϐολον,
713 1228 809 1281 καὶ
832 1225 934 1290 τάς
960 1225 1075 1295 μετ’
1089 1221 1256 1277 αὐτοῦ
1283 1217 1610 1294 ἁρχοντικὰς
1631 1214 1724 1271 καὶ
1755 1213 2001 1288 πονηράς

418 1318 676 1389 δυνάμεις
716 1316 1129 1386 καταπατήσειν
1171 1306 1622 1384 μεμαρτύρηται·
1668 1303 1780 1370 τοῖς
1819 1304 1877 1359 δὲ
1901 1302 2000 1375 τὴν

417 1410 611 1482 όμοίαν
635 1408 834 1481 άρετην
863 1404 1012 1477 αύτῷ
1038 1401 1395 1475 κεκτημένοις
1422 1398 1692 1472 μαθηταῖς
1728 1396 1824 1451 καὶ
1862 1396 2001 1450 ἀπο-

423 1503 632 1567 στόλοις
664 1501 829 1555 αύτοῦ
862 1501 960 1570 τὴν
992 1493 1240 1563 ἐξουσίαν
1269 1491 1433 1557 αὐτὸς
1459 1490 1556 1546 τοῦ
1585 1492 1775 1544 πατεῖν
1815 1488 2003 1542 ὲπάνω

420 1594 595 1665 δφεων
657 1593 752 1648 καὶ
813 1590 1090 1662 σκορπίων
1136 1586 1388 1661 δωρεῖται
1406 1626 1422 1651 ,
1478 1582 1579 1638 ούκ
1638 1581 1746 1637 ἑῶν
1805 1581 2003 1644 αὐτοὺς

423 1683 783 1757 πειρασθῆναι
827 1680 967 1753 ὑπὲρ
1005 1678 1034 1733 δ
1075 1678 1357 1734 δύναιντο·
1397 1676 1559 1748 μόνου
1598 1673 1710 1746 γὰρ
1735 1668 1807 1745 ἦν
1833 1671 2000 1726 αὑτοῦ

2100 569 2307 624 minum
2366 577 2627 640 tanquam
2686 569 2756 626 de
2804 569 3036 628 Domino
3091 571 3298 627 dictum
3345 578 3432 628 est
3488 571 3673 630 illud:

2105 679 2127 713 ι
2165 662 2388 734 Angelis
2438 662 2863 718 suismandavit
2894 663 2960 720 de
3002 671 3075 729 te,
3109 673 3168 719 ut
3193 665 3508 721 custodiant
3536 676 3590 722 te
3616 666 3674 722 in

2099 754 2356 812 omnibus
2388 754 2495 813 viis
2525 757 2656 812 tuis.
2687 754 2745 811 in
2772 756 3024 813 manibus
3054 757 3350 826 portabunt
3377 763 3452 819 te,
3486 756 3678 814 videli—

2100 854 2184 902 cet
2205 852 2259 902 te
2290 840 2604 911 Dominum,
2638 861 2709 903 ne
2749 846 2890 905 forte
2921 857 2977 903 tu
3016 846 3285 906 Dominus
3323 847 3571 906 offendas
3607 848 3677 905 ad

2099 936 2336 1008 lapidem
2392 937 2584 1009 pedem
2636 945 2812 995 tuum.
2862 960 2883 993 ι
2916 939 3060 1008 Quin
3097 941 3261 997 etiam
3311 941 3564 998 diabolus
3618 941 3677 997 in

2100 1028 2403 1087 tentatione
2449 1029 2717 1103 adversus
2759 1029 3099 1088 Salvatorem
3150 1041 3426 1098 nostrum,
3467 1031 3675 1088 eisdem

2100 1137 2236 1179 usus
2262 1130 2351 1178 est
2384 1121 2588 1182 verbis.
2611 1122 2831 1193 quando
2855 1140 2874 1173 ι
2905 1130 3246 1194 assumptum
3282 1122 3434 1178 illum
3466 1124 3520 1178 in
3551 1137 3681 1179 san-

2099 1221 2244 1269 ctam
2274 1213 2550 1269 civitatem
2578 1212 2864 1268 constituit
2896 1227 3063 1282 supra
3087 1213 3445 1284 piunaculum
3464 1213 3674 1284 templi,

2099 1314 2155 1363 et
2184 1305 2322 1361 dixit
2360 1305 2410 1361 ei
2446 1323 2463 1361 :
2498 1303 2558 1360 Si
2601 1301 2772 1360 Filius
2822 1302 2916 1360 Dei
2961 1320 3043 1371 es,
3084 1305 3237 1361 mitte
3278 1305 3512 1376 tcipsum
3548 1305 3679 1362 hinc

2100 1397 2379 1455 deorsum.
2434 1395 2715 1469 Scriptum
2767 1403 2853 1453 est
2899 1397 3068 1461 enim,
3123 1397 3271 1468 quod
3302 1398 3511 1469 angelis
3561 1399 3679 1455 suis

2101 1488 2381 1543 mandabit
2398 1486 2466 1543 de
2493 1494 2566 1553 te,
2590 1495 2645 1543 et
2668 1487 2723 1541 in
2755 1486 3008 1544 manibus
3024 1487 3319 1558 portabunt
3347 1498 3418 1556 te,
3452 1505 3519 1544 ne
3537 1486 3680 1551 forte

2100 1577 2346 1635 cliendas
2372 1578 2438 1634 ad
2487 1579 2721 1649 lapidem
2756 1582 2946 1650 pellem
2983 1587 3157 1655 tuum,
3185 1579 3270 1634 Ad
3305 1596 3465 1651 quem
3490 1577 3680 1636 Domi-

2101 1686 2209 1728 nus
2234 1670 2796 1741 nosterrespondens.
2819 1672 2896 1726 ait
2924 1690 2937 1726 :
2971 1671 3249 1742 Scriptum
3281 1680 3388 1737 est,
3423 1688 3533 1728 non
3558 1681 3680 1729 ten-

419 1776 482 1833 τὸ
506 1777 607 1840 τὰς
637 1774 854 1848 χείρους
895 1776 953 1828 ὲν
996 1772 1231 1844 πονηρίᾳ
1271 1768 1560 1841 δυνάμεις,
1603 1766 1700 1821 καὶ
1743 1764 1905 1820 αὑτὸν
1936 1761 1998 1836 δὴ

2104 1763 2246 1818 tabis
2277 1760 2571 1816 Dominum
2602 1761 2768 1816 Deum
2798 1769 2952 1817 tuum
2971 1763 3037 1816 ⁵⁸.
3069 1782 3087 1814 ι
3120 1761 3391 1821 Praeterea
3416 1766 3678 1837 quoniam

417 1870 510 1925 τδν
535 1870 752 1924 πάντων
779 1869 1014 1940 ἄρχοντα
1032 1864 1127 1921 καὶ
1152 1864 1417 1936 τύραννον
1440 1860 1535 1917 τοῦ
1565 1859 1761 1923 αἰῶνος
1789 1853 1998 1923 τούτου,

2104 1853 2163 1907 in
2214 1851 2517 1907 tentatione
2561 1866 2690 1906 cum
2742 1850 2896 1916 feris,
2940 1860 3001 1908 ut
3052 1852 3169 1924 ipse
3217 1831 3551 1927 evangelista
3597 1862 3685 1913 est

416 1965 484 2035 τῇ
513 1961 682 2034 ὲνθέῳ
706 1959 871 2015 αὐτοῦ
899 1957 1129 2032 δυνάμει
1164 1956 1472 2031 καθαιρεῖν.

2102 1953 2317 2012 auctor,
2343 1943 2689 2011 versabatur,
2718 1958 2844 2000 cum
2880 1946 3081 2016 quibus
3110 1953 3290 2003 autem
3336 1964 3446 2003 non
3472 1947 3685 2005 descri—

417 2066 568 2127 ptum
594 2063 679 2112 est
699 2056 900 2127 palam,
928 2068 1048 2110 eam
1077 2069 1194 2110 rem
1223 2054 1398 2125 ipsius
1462 2049 1658 2122 psalmi
1718 2045 2063 2108 vaticinium.
2101 2040 2233 2098 dum
2286 2055 2486 2109 genera
2547 2038 2787 2096 ferarum
2845 2049 3272 2110 commemorat,
3337 2043 3684 2105 manifestius

414 2151 710 2223 eloquitur,
748 2149 838 2206 his
863 2149 1090 2205 verbis:
1126 2166 1145 2200 ι
1188 2145 1364 2218 Super
1393 2145 1636 2217 aspidem
1678 2150 1734 2227 et
1767 2142 2089 2231 basiliscum
2116 2136 2438 2234 “ascendes,
2476 2144 2533 2192 et
2553 2136 2910 2195 conculcabis
2937 2138 3150 2207 leonem
3181 2147 3236 2196 et
3283 2138 3606 2211 draconem;
3652 2161 3673 2198 ι

417 2245 510 2301 ubi
539 2243 785 2318 aspidem
815 2251 869 2300 et
896 2243 1236 2308 basiliscum,
1262 2242 1444 2312 ipsum
1474 2228 1664 2311 utique
1690 2228 2089 2300 diabolum???
2116 2228 2213 2304 qui
2242 2236 2420 2304 ipsum
2461 2240 2789 2304 sequuntur,
2821 2235 3164 2305 principatus
3243 2239 3524 2311 malasque
3582 2254 3685 2311 po-

415 2346 1143 2408 testates,conculcaturum
1177 2334 1431 2392 aiiirmat.
1497 2335 1570 2392 iis
1607 2344 1816 2398 autem,
1867 2333 1962 2405 qui
2022 2330 2259 2388 similem
2309 2328 2416 2400 ipsi
2449 2328 2706 2385 virtutem
2749 2328 2898 2385 nacti
2951 2338 3101 2397 sunt,
3166 2330 3455 2405 discipulis
3495 2335 3684 2406 utique

417 2438 534 2492 suis
581 2442 745 2508 atque
792 2433 1076 2506 apostolis,
1122 2438 1445 2504 potestatem
1494 2426 1779 2487 incedendi
1827 2439 1994 2500 super
2029 2433 2314 2497 serpentes
2358 2433 2415 2480 et
2460 2425 2783 2494 scorpiones
2861 2423 3123 2491 donavit,
3183 2442 3298 2483 non
3360 2430 3686 2500 permittens

418 2544 515 2586 eos
561 2528 761 2584 tentari
801 2542 968 2599 supra
1009 2540 1173 2598 quam
1215 2524 1358 2580 ferre
1407 2529 1677 2595 possent:
1729 2520 1799 2577 ad
1842 2520 1997 2577 illum
2034 2517 2183 2574 enim
2211 2516 2390 2573 solum
2420 2515 2726 2587 spectabat,
2792 2512 3009 2587 pejores
3073 2515 3130 2570 in
3161 2516 3407 2588 nequitia
3439 2528 3685 2590 potesta-

418 2630 522 2686 tes,
558 2634 661 2677 nec
704 2634 814 2674 non
846 2618 1026 2690 ipsum
1060 2616 1306 2673 ennium
1356 2615 1660 2687 principem
1704 2611 1999 2683 saeculique
2036 2609 2203 2679 hujus
2231 2615 2547 2679 tyrannum,
2574 2605 2761 2661 divina
2785 2621 2886 2663 sua
2911 2607 3114 2664 virtute
3134 2617 3506 2680 prosternere.

432 2739 564 2796 Ἁκό
624 2737 730 2793 τοῦ
770 2737 1032 2806 Ἡσαΐου.
1060 2766 1131 2777 ——
1158 2737 1296 2806 napi
1345 2734 1457 2806 τῆς
1496 2734 1830 2806 Γαλιλαίας
1883 2732 1998 2806 τῷν

2105 2731 2183 2787 Ab
2224 2728 2397 2787 Isaia.
2432 2728 2607 2806 —_De
2628 2726 2857 2784 Galilwa
2895 2731 3170 2806 gentium,
3190 2733 3245 2787 in
3283 2749 3390 2803 qua
3436 2733 3688 2806 Salvator

487 2807 830 2881 é0régjgo’
867 2802 907 2881 ᾖ
941 2811 974 2863 ό
1009 2807 1213 2881 Σωτὴρ
1235 2800 1445 2881 ’ήμῶίί
1471 2805 1546 2881 ιςὰ
1587 2800 1847 2881 quam
1872 2803 1998 2881 τῶν

2116 2806 2121 2811 ’
2174 2812 2355 2881 noster
2382 2800 2680 2881 maximam
2705 2800 2925 2881 sitorum
2944 2800 3688 2881 miraculorum'partezncdi~

488 2869 844 2947 παραδόξᾶηο·
871 2869 1223 2948 ἓίργὰσατό,
1252 2869 1350 2930 κᾶί
1382 2875 1518 2946 περὶ
1557 2869 1666 2945 τῆς
1702 2873 1825 2931 τῶν
1852 2873 1998 2931 ἁπο-

2172 2871 2277 2937 ιίὶι,
2299 2870 2441 2927 etde
2472 2871 2837 2942 apostolorum
2855 2873 3023 2942 ipsius
3051 2875 3338 2931 vocatione.

488 2950 727 3004 στόλων
751 2948 939 3003 αὐτοῦ
971 2947 1267 3016 κλήσεως.

494 3061 695 3117 «Τοῦτο
733 3062 948 3135 πρῶτον
982 3060 1095 3126 πίε,
1139 3063 1276 3132 ταχὺ
1308 3058 1474 3126 ποίει,
1500 3055 1655 3134 χώρα
1690 3056 1998 3124 Ζαϐουλὼν,

2175 3042 2346 3119 438
2363 3064 2382 3097 ι
2404 3039 2521 3102 Hoc
2543 3045 2782 3117 primum
2803 3045 2954 3113 bibe,
2976 3046 3090 3103 cito
3111 3046 3221 3114 fac,
3244 3050 3396 3122 regio
3415 3048 3685 3123 Zabuion.

418 3151 454 3225 ἡ
496 3151 569 3224 γῆ
617 3152 969 3225 Νεφθαλείμ,
1022 3154 1120 3208 καὶ
1155 3154 1206 3208 οἱ
1247 3153 1427 3207 λοιποὶ
1474 3152 1526 3206 0i
1579 3152 1681 3225 τὴν
1724 3149 1997 3225 παραλίαν

2100 3144 2248 3197 terra
2274 3137 2651 3211 Nephthalim,
2677 3146 2735 3196 et
2754 3140 2950 3211 reliqui
2980 3140 3313 3198 maritimam
3356 3144 3682 3214 incolentes,

418 3246 827 3313 κατοικοῦντες,
884 3246 978 3300 καὶ
1032 3246 1209 3320 πέραν
1255 3245 1350 3300 τοῦ
1392 3245 1658 3316 Ἰορδάνου
1679 3285 1695 3312 ,
1745 3243 2004 3301 Γαλιλαία

416 3333 526 3390 τῶν
568 3333 760 3399 ὲθνῶν,
809 3336 839 3388 ό
870 3335 999 3400 λαὸς
1047 3336 1078 3390 ό
1105 3336 1471 3409 πορευόμενος
1517 3338 1576 3391 ιν
1609 3334 1819 3402 σκότει,
1864 3335 2003 3390 ἴδετε

419 3425 535 3496 φῶς
570 3425 746 3497 μέγα,
791 3426 886 3480 καὶ
928 3426 1041 3491 τοῖς
1081 3429 1426 3483 κατοικοῦσιν
1464 3429 1522 3482 ὲν
1556 3424 1716 3500 χώρᾳ
1750 3427 1847 3483 καὶ
1873 3426 2005 3500 σκιᾷ

419 3519 685 3589 θανάτου,
729 3520 846 3590 φῶς
878 3520 1081 3592 λάμψει
1129 3519 1216 3591 ἐφ’
1259 3524 1421 3594 ὑμᾶς.
1476 3520 1552 3576 Τὸ
1605 3523 1861 3577 πλεῖστον
1903 3513 2002 3577 τοῦ

418 3613 547 3671 λαοῦ
583 3616 612 3670 ὃ
639 3614 950 3688 κατήγαγες
984 3619 1043 3673 ιν
1073 3616 1380 3690 εὐφροσύνη
1414 3633 1530 3681 σου,
1565 3616 1661 3691 καὶ
1692 3615 1991 3689 εὐφρανθή-

418 3724 601 3763 σονται
640 3705 871 3762 ἐνώπιόν
908 3726 1026 3777 σου,
1055 3708 1131 3774 ὡς
1167 3710 1217 3763 oi
1255 3709 1667 3781 εὐιρραινόμενοι
1694 3709 1753 3763 ὲν
1781 3707 1998 3781 άμητιῖι,

417 3800 514 3855 καὶ
537 3800 596 3854 δν
623 3798 823 3872 τρόπον
860 3801 912 3855 οί
951 3798 1319 3873 διαιρούμενοι
1361 3799 1565 3854 σκῦλα·
1595 3798 1729 3855 διότι
1768 3802 2002 3872 ἀφαιρε-

418 3891 641 3963 θήσεται
672 3893 701 3945 ό
728 3891 891 3960 ζυγὸς
919 3890 948 3945 ό
975 3891 1061 3944 ἐπ’
1094 3888 1273 3945 αὐτῶν
1305 3890 1577 3960 κείμενος,
1610 3889 1707 3944 καὶ
1739 3890 1773 3961 ἠ
1809 3888 2001 3961 ῥάϐδος

418 3985 452 4054 ὴ
486 3984 579 4037 ἐπὶ
625 3982 722 4037 τοῦ
774 3980 1045 4056 τραχήλου
1092 3978 1292 4038 αὐτῶν.
1346 3982 1459 4054 Τὴν
1505 3982 1615 4055 γὰρ
1659 3979 1854 4053 ῥάϐδον
1891 3978 2001 4036 τῶν

418 4073 793 4127 ἀπαιτούντων
847 4071 1160 4127 διεσκέδασε
1199 4069 1436 4144 Κύριος,
1469 4070 1545 4137 ὡς
1594 4074 1658 4144 τῇ
1706 4071 1889 4144 ἡμέρᾳ
1933 4071 1999 4144 τῇ

417 4164 510 4217 ἐπὶ
533 4163 790 4235 Μαδιάμ·
817 4165 897 4218 ὅτι
927 4164 1109 4217 πᾶσαν
1146 4162 1337 4235 στολὴν
1369 4162 1809 4235 ἐπισυνηγμένην
1843 4163 1999 4234 δόλῳ,

418 4256 513 4310 καὶ
543 4256 757 4329 ἱμάτιον
785 4256 924 4329 μετά
960 4255 1308 4327 καταλλαγῆς
1340 4256 1681 4320 άποτίσουσι,
1710 4256 1806 4311 καὶ
1847 4256 2002 4329 θελή·

420 4363 603 4402 σουσιν
630 4350 679 4402 εί
708 4348 1042 4420 ἐγενήθησαν
1071 4347 1465 4422 πυρίκαυστοι·
1507 4349 1590 4404 ὅτι
1618 4348 1831 4403 παιδίον
1875 4350 2000 4419 ἐγε-

417 4439 554 4512 νήθη
582 4441 733 4511 ἡμῖν,
764 4440 856 4495 καὶ
896 4438 1010 4505 υίὸς
1052 4441 1207 4512 ἐδόθη
1235 4441 1386 4513 ἡμῖν,
1416 4434 1477 4495 οὗ
1515 4440 1549 4512 ἡ
1576 4440 1720 4514 ἀρχὴ
1766 4439 1998 4513 ἐγενήθη

2103 3239 2159 3288 et
2181 3240 2340 3290 trans
2368 3229 2668 3288 Iordanem
2694 3230 2916 3289 Galiltea
2939 3234 3207 3305 gentium,
3228 3237 3464 3308 populus
3489 3238 3685 3294 ambu-

2103 3323 2225 3383 lans
2262 3325 2318 3380 in
2348 3323 2616 3391 tenebris,
2641 3323 2824 3381 videte
2851 3324 3029 3382 lucem
3063 3340 3341 3400 magnam,
3373 3328 3685 3391 habitantes

2103 3417 2161 3473 in
2205 3416 2432 3487 regione
2468 3423 2526 3473 et
2572 3416 2765 3472 umbra
2802 3419 3020 3482 mortis,
3046 3419 3135 3474 lux
3178 3420 3485 3490 splendebit
3521 3440 3688 3496 super

2101 3524 2223 3567 vos.
2270 3507 2576 3565 Plurimum
2627 3508 2817 3580 populi
2870 3513 3018 3581 quod
3063 3509 3341 3568 deduxisti
3391 3514 3449 3570 in
3495 3515 3682 3574 latitia

2101 3609 2234 3658 tua:
2263 3601 2666 3658 «laetabuntur
2696 3616 2883 3657 coram
2917 3609 2992 3668 te,
3023 3610 3286 3675 tanquam
3314 3606 3409 3679 qui
3432 3607 3685 3668 laatantur

2104 3693 2161 3748 in
2195 3708 2399 3757 messe,
2430 3701 2487 3750 et
2530 3692 2991 3765 quemadmodum
3035 3695 3129 3767 qui
3174 3695 3425 3754 dividunt
3453 3702 3629 3772 spolia
3662 3719 3680 3761 :

2101 3788 2360 3857 quoniam
2382 3785 2661 3843 auferetur
2676 3786 2870 3858 jngum
2906 3786 3054 3858 quod
3079 3803 3246 3859 super
3273 3790 3408 3861 ipsis
3442 3797 3684 3865 positum

2100 3890 2220 3945 est,
2263 3888 2320 3937 et
2366 3880 2523 3952 virga
2562 3894 2689 3951 qua;
2746 3895 2914 3951 super
2962 3881 3107 3938 collo
3150 3883 3415 3953 ipsorum.
3459 3885 3682 3960 Virgam

2101 3972 2249 4028 enim
2279 3973 2645 4044 repetentium
2683 3971 2971 4043 dissipavit
2997 3972 3286 4044 Dominus,
3317 3976 3464 4034 sicut
3494 3980 3549 4036 in
3589 3981 3683 4039 die

2101 4077 2268 4136 super
2297 4063 2558 4129 Madiam,
2594 4063 2855 4135 quoniam
2883 4080 3104 4123 omnem
3145 4076 3353 4124 vestem
3382 4085 3685 4146 congrega-

2101 4162 2215 4209 tam
2256 4153 2404 4221 dolo,
2436 4162 2492 4211 et
2520 4156 2913 4212 vestimentum
2948 4170 3076 4213 cum
3129 4163 3527 4229 permutatione
3559 4179 3684 4236 per.

2102 4247 2340 4315 solvent,
2383 4255 2440 4303 et
2475 4248 2662 4304 volent
2684 4249 2735 4304 si
2782 4247 2909 4304 facti
2951 4249 3157 4308 fuerint
3206 4252 3332 4320 igne
3362 4257 3634 4315 combusti
3664 4276 3680 4315 :

2097 4339 2363 4410 quoniam
2415 4342 2680 4412 puerulus
2708 4349 2872 4396 natus
2901 4350 2988 4398 est
3028 4343 3210 4410 nobis,
3252 4353 3309 4400 et
3347 4346 3494 4404 ﬁlius
3520 4350 3684 4407 datus

2101 4439 2186 4487 est
2216 4430 2398 4500 nobis,
2418 4433 2579 4504 cujus
2601 4433 2938 4505 principatus
2965 4435 3176 4493 exstitit
3202 4453 3369 4509 super
3394 4439 3682 4499 humerum

418 4530 513 4584 ἐπὶ
547 4530 641 4585 τόῦ
674 4526 826 4602 ὤμου
859 4530 1044 4587 αὐτοῦ.
1092 4531 1202 4586 Καὶ¹
1241 4530 1489 4587 καλεῖται
1532 4531 1590 4585 τὸ
1624 4529 1796 4603 ὄνομα
1830 4528 1997 4586 αὐτοῦ

2103 4519 2246 4590 ejus.
2270 4519 2339 4575 Et
2366 4523 2658 4578 vocabitur
2702 4539 2903 4580 nomen
2952 4525 3075 4597 ejus
3108 4528 3293 4599 magni
3334 4533 3553 4589 consilii
3583 4550 3687 4591 sn-

421 4620 663 4693 μεγάλης
706 4621 897 4694 βουλῆς
935 4622 1195 4693 ἄγγελος,
1231 4624 1415 4696 ἅρχων
1469 4624 1713 4696 εἰρήνης,
1751 4622 1998 4689 ὲξουσια·

419 4711 572 4782 στὴς,
597 4710 729 4775 Θεὸς
772 4702 1020 4784 ἰσχυρὸς,
1057 4712 1238 4786 πατὴρ
1270 4714 1363 4768 τοῦ
1408 4712 1691 4786 μέλλοντος
1728 4714 1942 4780 αίῶνος.
1971 4735 1991 4769 ν

416 4800 563 4872 Πρὸς
603 4803 774 4858 ἅπασι
811 4805 927 4869 τοῖς
972 4804 1154 4870 ἄλλοις
1202 4804 1507 4878 ἐπληροῦτο
1549 4807 1646 4861 καὶ
1691 4804 1865 4860 ταῦτα
1902 4804 1997 4861 ἐπὶ

416 4892 509 4950 τδν
548 4894 781 4968 Σωτῆρα
822 4896 917 4951 καὶ
945 4897 1148 4971 Κύριον
1188 4896 1346 4970 ἡμῶν
1390 4897 1596 4970 Ἰησοῦν
1632 4897 1724 4952 τὸν
1752 4897 1993 4971 Χριστὸν

415 4985 510 5043 τοῦ
535 4985 697 5052 Θεοῦ,
738 4989 827 5042 ὅτε
869 4989 1013 5044 κατὰ
1063 4990 1152 5044 τὸν
1200 4989 1511 5061 θαυμαστὸν
1574 4987 1990 5062 εύαγγελιστὴν,

420 5096 444 5132 ι
466 5074 747 5145 Ἀκούσας,
779 5079 859 5132 ὃτι
897 5079 1148 5151 Ἰωάννης
1182 5078 1486 5151 παρεδόθη,
1533 5076 1882 5150 ἀνεχώρησεν
1913 5079 1994 5142 είς

412 5169 514 5242 τὴν
546 5169 852 5235 Γαλιλαίαν,
901 5169 997 5224 καὶ
1043 5166 1359 5225 καταλιπὼν
1399 5170 1498 5243 τὴν
1524 5168 1779 5243 Ναζαρὲθ
1823 5168 1995 5225 ἐλθὼν

415 5260 734 5336 κατῴκησεν
777 5262 858 5326 είς
887 5263 1260 5335 Καπερναοὺμ
1305 5262 1406 5335 τὴν
1443 5262 1894 5336 παραθαλασσίαν
1934 5263 1996 5318 ὲν

413 5352 582 5426 ορίοις
608 5351 893 5407 Ζαϐουλὼν
931 5352 1026 5408 καὶ
1058 5352 1404 5425 Νεφθαλείμ,
1446 5355 1594 5419 ὅπως
1638 5354 1899 5428 πληρωθῇ
1933 5353 1996 5409 τὸ

418 5445 580 5517 ῥηθὲν
620 5444 709 5500 διὰ
738 5445 966 5500 Ἡσαΐου
1002 5443 1097 5498 τοῦ
1131 5446 1410 5518 προφήτου
1442 5445 1724 5515 λέγοντος·
1772 5448 1853 5518 Γῆ
1892 5449 1997 5501 zu.

416 5535 645 5602 σουλὼν,
688 5537 784 5592 καὶ
812 5537 884 5609 γῆ
909 5536 1226 5608 Νεφθαλείμ
1249 5578 1263 5601 ,
1307 5535 1424 5592 όδὸν
1458 5538 1732 5610 θαλάσσης
1753 5575 1770 5602 ,
1818 5539 1994 5610 πέραν

415 5626 509 5680 τοῦ
546 5627 809 5699 Ἰορδάνου
830 5669 845 5694 ,
886 5626 1148 5683 Γαλιλαία
1190 5627 1300 5682 τῶν
1338 5628 1530 5693 ἐθνῶν,
1576 5629 1605 5683 ό
1635 5629 1765 5694 λαὸς
1807 5629 1989 5702 καθή-

417 5730 582 5789 μενος
609 5719 668 5771 ὲν
696 5718 875 5772 σκότει
904 5717 1023 5789 φῶς
1048 5713 1155 5772 εἶδε
1186 5714 1353 5790 μέγα,
1386 5719 1479 5773 καὶ¹
1504 5723 1617 5786 τοῖς
1646 5719 1993 5776 κατοικοῦσιν

490 5870 537 5904 ⁸⁸
572 5869 761 5929 Matth.
793 5888 876 5937 tv,
907 5872 1029 5928 δατ.
1107 5875 1152 5908 ⁵⁸
1192 5875 1296 5930 lsn.
1335 5889 1419 5938 Ix,
1456 5874 1568 5930 1—6.

781 5962 1054 6024 Panos.
1107 5964 1226 6026 Gn.
1277 5963 1475 6026 XX".

2102 4611 2280 4682 gelus,
2337 4612 2595 4684 princeps
2655 4615 2829 4684 pacis,
2869 4615 2963 4686 jus
3003 4624 3059 4673 et
3099 4620 3402 4689 potentiam
3449 4623 3680 4694 habens,

2104 4698 2250 4759 Deus
2298 4703 2484 4769 iortis,
2537 4714 2695 4776 pater
2741 4707 2912 4762 futuri
2966 4710 3242 4767 saculi”.
3274 4734 3295 4767 ι
3330 4711 3536 4771 Praeter
3574 4718 3684 4775 alia

2103 4797 2287 4851 omnia
2304 4798 2573 4868 completa
2597 4808 2730 4855 sunt
2755 4801 2921 4856 etiam
2953 4802 3069 4859 haec
3095 4803 3151 4858 in
3179 4802 3463 4863 Saivatore
3486 4822 3553 4864 ac
3581 4806 3686 4866 Do.

2103 4888 2252 4944 mino
2281 4896 2474 4947 nostro
2514 4888 2676 4957 Jesu,’
2701 4893 2795 4964 qui
2829 4893 3088 4952 Christus
3130 4895 3224 4953 Dei
3260 4906 3367 4959 est.
3398 4914 3509 4971 quo
3538 4906 3682 4957 temo

2098 4995 2254 5052 pore,
2278 4991 2352 5036 -ιιι
2378 4982 2603 5041 divinus
2648 4988 2982 5059 evangelista
3016 4999 3212 5046 auctor
3244 4998 3351 5057 est,
3383 5009 3402 5042 ι
3434 4992 3682 5054 Audiens

2098 5077 2245 5147 quod
2277 5073 2520 5160 Joannes
2563 5082 2809 5139 traditus
2834 5093 3002 5149 esset,
3034 5086 3268 5142 secessit
3294 5087 3351 5142 in
3375 5084 3680 5157 Galilaeam.

2098 5174 2157 5222 et
2189 5167 2378 5223 relicta
2406 5167 2699 5241 szareth,
2723 5174 2946 5230 veniens
2967 5174 3233 5231 habitavit
3252 5178 3308 5233 in
3337 5178 3684 5250 Capernaum

2095 5258 2253 5330 juxta
2305 5276 2457 5318 mare
2505 5263 2563 5318 in
2610 5263 2812 5321 ﬁnibus
2841 5264 3087 5322 Zabulon
3128 5275 3183 5323 et
3219 5267 3593 5341 Nepiithalim,
3622 5279 3684 5329 ut

2102 5353 2423 5424 impleretur
2449 5355 2598 5426 quod
2632 5356 2840 5412 dictum
2868 5365 2955 5414 est
3002 5374 3100 5430 per
3129 5354 3323 5417 Isaiam
3359 5363 3684 5433 prophetam

2101 5444 2371 5501 dicentem
2412 5462 2427 5499 :
2469 5445 2640 5503 Terra
2690 5446 2962 5515 Zabulon,
3002 5457 3059 5505 et
3107 5458 3253 5508 terra
3309 5452 3683 5524 Nepbthalim,

2097 5537 2243 5592 viam
2275 5538 2467 5603 maris,
2504 5547 2658 5596 trans
2694 5538 2990 5597 Jordanem
3018 5541 3240 5600 Galilasa
3274 5547 3554 5616 gentium:
3586 5564 3687 5614 υοο

2100 5629 2264 5700 pulus
2294 5629 2492 5686 sedens
2540 5630 2597 5685 in
2639 5631 2886 5687 tenebris
2934 5632 3074 5690 vidit
3111 5634 3293 5692 lucem
3322 5643 3607 5711 magnam,
3631 5647 3689 5696 et

2097 5721 2475 5781 habitantibus
2518 5722 2576 5780 in
2614 5724 2837 5798 regione
2864 5734 2921 5784 et
2947 5727 3147 5786 umbra
3171 5730 3388 5801 mortis,
3424 5729 3521 5788 lux
3564 5741 3685 5789 orta

3256 5979 3335 6038 es
