4098 6474
447 374 557 431 683

1120 370 1389 427 EUSEBII
1420 372 1896 429 CESARIENSIS
1933 372 2065 429 OPP
2117 374 2297 429 PARS
2336 371 2399 429 ΙΙ.
2424 406 2493 417 --
2521 373 3001 433 APOLOGETICA

3589 386 3694 443 684

449 504 536 551 est
568 496 670 552 cis.
705 495 784 549 Ex
817 495 911 549 illo
938 492 1103 566 igitur
1132 495 1299 566 coepit
1330 492 1491 549 Jesus
1531 496 1828 566 praedicare
1853 503 1909 549 et
1933 495 1987 551 di

2116 500 2176 551 ὲν
2210 495 2364 568 χώρᾳ
2403 496 2498 550 καὶ
2545 499 2675 568 σκιᾷ
2714 498 2943 552 θανάτου
2968 539 2983 563 ,
3018 499 3133 569 φῶς
3176 500 3450 556 ἀνέτειλεν
3482 505 3693 569 αὐτοῖς.

449 606 575 645 cere
602 605 616 641 :
649 587 1031 642 Paenitentiam
1064 586 1226 657 agite.
1258 586 1519 655 quoniam
1559 588 2016 658 appropinquavit

448 694 675 749 regnum
700 679 984 732 cmlorum.
1017 675 1341 733 Praeteriens
1369 685 1551 731 autem
1571 676 1727 747 juxta
1746 692 1897 732 mare
1918 675 2018 731 (ἰα-

448 771 598 825 lilaeae
623 769 759 824 vidit
781 764 920 824 duos
950 768 1168 834 fratres,
1202 766 1511 823 Simeonem
1544 769 1637 836 qui
1661 776 1888 823 vocatur
1913 767 2016 822 Pe-

445 870 587 927 trus,
635 869 689 917 et
730 861 1005 917 Andream
1051 860 1277 916 fratrem
1326 861 1448 932 ejus
1493 862 1774 916 mittentes
1804 869 1919 915 rete
1955 862 2013 918 in

445 970 633 1009 mare:
663 961 822 1010 erant
871 954 1015 1008 enim
1070 954 1395 1024 piscatores;
1424 960 1479 1008 et
1518 953 1595 1006 ait
1626 952 1734 1008 illis
1767 972 1780 1007 :
1818 952 2014 1009 Venite

443 1053 566 1118 post
590 1063 696 1112 me,
720 1053 774 1102 et
807 1046 1003 1103 faciam
1026 1046 1124 1101 vos
1149 1046 1449 1116 piscatores
1479 1045 1783 1100 hominum.
1811 1046 1891 1100 llli
1916 1062 2014 1100 au-

441 1146 549 1193 tem
576 1138 758 1192 statim
788 1138 994 1193 relictis
1021 1138 1226 1192 retibus
1254 1134 1441 1192 secuti
1459 1145 1588 1190 sunt
1623 1151 1768 1192 eum.
1802 1137 1867 1189 Et
1893 1152 2015 1206 pro-

441 1229 621 1286 fectus
661 1230 788 1287 inde
819 1230 957 1285 vidit
999 1229 1136 1284 alios
1166 1229 1304 1284 duos
1339 1228 1556 1294 fratres,
1588 1228 1853 1285 Jacobum
1906 1229 2010 1284 Ze-

439 1321 632 1387 bedaai,
654 1329 708 1377 et
737 1320 1001 1376 Joannem
1039 1320 1263 1375 fratrem
1293 1320 1414 1389 ejus
1446 1320 1501 1374 in
1535 1321 1660 1374 navi
1690 1334 1816 1387 cum
1851 1318 2013 1374 Zebe-

437 1416 555 1470 ἀπο
580 1420 736 1485 patre
764 1414 1004 1484 ipsorum
1041 1412 1350 1467 relicientes
1388 1413 1526 1467 retia
1559 1426 1681 1475 sua,
1709 1420 1763 1465 et
1795 1411 2010 1465 vocavit

435 1521 532 1561 eos
561 1522 573 1557 :
608 1505 688 1559 illi
720 1511 898 1558 autem
933 1504 1196 1559 continuo
1224 1503 1409 1558 relicta
1441 1502 1564 1556 navi
1590 1508 1647 1556 et
1676 1508 1829 1571 patre
1859 1501 2003 1570 ipso-

434 1609 579 1659 rum,
611 1594 787 1649 secuti
813 1600 1112 1648 sunteum.
1142 1593 1208 1645 Et
1227 1592 1496 1647 circuibat
1523 1589 1685 1645 Jesus
1710 1597 1879 1644 totam
1909 1588 2011 1644 Ga-

436 1687 630 1741 lilaeam
657 1685 861 1740 docens
890 1685 944 1738 in
969 1684 1328 1739 conventibus
1355 1698 1568 1746 eorum,
1601 1682 1766 1755 539
1784 1691 1839 1737 et
1868 1699 2008 1753 prae-

430 1779 623 1835 dicans
652 1776 1000 1849 Evangelium
1041 1777 1273 1848 regni,et
1303 1791 1503 1832 sanans
1534 1790 1751 1831 omnem
1784 1776 2005 1844 aegritu-

2131 587 2264 659 ᾎπὺ
2306 587 2427 640 τότε
2470 587 2600 655 γοῦν
2647 584 2850 659 ήρξατο
2908 593 2937 643 ὁ
2983 590 3190 662 Ἰησοῦς
3245 593 3551 665 κηρύσσειν-
3600 598 3696 651 καὶ

2115 679 2292 748 λέγειν
2317 697 2329 709 ·
2391 681 2715 733 Μετανοεῖτε
2739 722 2754 745 ,
2801 682 2883 734 ὅτι
2915 682 3144 752 ήγγικεν
3200 684 3233 754 ή
3283 684 3526 753 βασιλεία
3584 687 3696 742 τῶν

2114 772 2378 844 οὐρανῶν.
2413 773 2685 844 Παράγων
2719 772 2775 825 δὲ
2812 773 2964 843 παρά
2995 773 3094 844 τὴν
3133 773 3408 831 θάλασσαν
3450 778 3550 849 τῆς
3583 779 3691 832 Γα-

2114 863 2322 927 λιλαίας
2354 859 2462 916 εἶδε
2502 863 2594 915 δύο
2633 863 2896 932 ἀδελφοὺς
2916 903 2930 928 ,
2964 864 3182 935 Σίμωνα
3222 866 3314 921 τὸν
3361 868 3693 939 καλούμενον

2113 955 2337 1027 Πέτρον,
2377 955 2472 1007 καὶ
2499 954 2753 1026 Ἀνδρέαν
2783 955 2875 1008 τὸν
2910 955 3138 1026 ἀδελφὸν
3170 956 3360 1022 αὑτοῦ,
3396 958 3689 1028 βάλλοντας

2111 1045 2527 1116 ἀμφίϐληστρον.
2563 1046 2644 1108 εἰς
2680 1044 2777 1116 τὴν
2810 1044 3083 1100 θάλασσαν
3105 1063 3119 1077 '
3155 1044 3296 1119 ἦσαν
3342 1050 3450 1120 γὰρ
3485 1051 3683 1115 ἀλιετς·

2110 1138 2205 1191 καὶ
2244 1136 2390 1205 λέγει
2440 1137 2651 1201 αὐτοῖς’
2698 1136 2862 1190 Δεῦτε
2909 1137 3084 1191 ὀπίσω
3133 1156 3268 1210 μου,
3327 1142 3420 1196 καὶ
3471 1144 3689 1211 ποιήσω

2109 1226 2253 1295 ὑμᾶς
2299 1225 2470 1288 ἁλιεῖς
2521 1225 2847 1297 ἀνθρώπων.
2900 1227 2962 1280 Οί
3009 1228 3067 1281 δὲ
3110 1229 3311 1293 εὐθέως
3355 1231 3584 1299 ἀφέντες
3619 1232 3689 1286 τὰ

2107 1318 2299 1372 δίκτυα
2325 1318 2695 1388 ἠκολούθησαν
2734 1318 2900 1389 αὐτῷ.
2926 1320 3037 1373 Καὶ
3071 1320 3279 1391 προϐάς
3308 1322 3515 1375 ἐκεῖθεν
3545 1318 3686 1376 εἶδεν

2106 1410 2299 1476 ἄλλους
2333 1411 2426 1466 δύο
2468 1411 2752 1481 ἀδελφοὺς,
2788 1412 3041 1466 Ἰάκωϐον
3093 1413 3183 1466 τὸν
3233 1412 3325 1466 τοῦ
3376 1413 3684 1478 Ζεϐεδαίου,

2106 1504 2198 1557 καὶ
2234 1504 2484 1574 Ἰωάννην
2512 1503 2603 1555 τὸν
2640 1503 2865 1572 ἀδελφὺν
2909 1504 3095 1567 αὑτοῦ,
3130 1507 3188 1558 ὲν
3217 1504 3297 1575 τῷ
3340 1504 3508 1575 πλοίῳ
3544 1508 3684 1575 μετὰ

2105 1592 2390 1648 Ζεϐεδαίου
2413 1594 2505 1647 τοῦ
2529 1594 2731 1667 πατρὸς
2754 1594 2933 1648 αὐτῶν
2955 1595 3381 1667 καταρτίζοντας
3405 1595 3472 1648 τὰ
3494 1595 3684 1650 δίκτυα

2105 1686 2304 1751 αὐτῶν,
2347 1687 2441 1741 καὶ
2471 1687 2727 1741 ἐκάλεσεν
2752 1686 2969 1750 αὐτούς.
3006 1689 3068 1740 Οἱ
3100 1688 3158 1740 δὲ
3195 1687 3417 1751 εὐθέως,
3448 1688 3679 1757 ἀφέντες

2102 1779 2165 1833 τὸ
2217 1779 2398 1833 πλοῖον
2463 1779 2559 1833 κα)⁴
2615 1779 2709 1832 τὸν
2760 1770 2974 1850 πατέρα
3035 1779 3216 1833 αὐτῶν
3235 1818 3249 1842 ,
3308 1778 3680 1850 ἠκολούθησαν

429 1870 612 1925 dinem
635 1880 689 1925 et
712 1848 925 1925 omnem
956 1870 1270 1939 languorem
1294 1869 1349 1923 in
1381 1868 1599 1940 populo.
1629 1867 1693 1922 Et
1722 1869 1855 1923 abiit
1884 1870 1990 1939 opi-

2104 1868 2273 1940 αὐτῷ.
2308 1872 2419 1924 Καὶ
2448 1870 2712 1941 περιῆγεν
2756 1872 2786 1922 ὁ
2824 1848 3028 1941 Ἰησοῦς
3069 1871 3198 1941 ὃλην
3244 1870 3341 1941 τὴν
3372 1848 3675 1935 Γαλιλαίαν,

430 1964 524 2015 nio
550 1961 669 2030 ejus
701 1962 757 2015 in
794 1967 958 2015 totam
996 1960 1209 2030 Syriam
1239 1980 1251 2015 :
1296 1968 1350 2015 et
1382 1959 1680 2014 efferebant
1705 1959 1754 2014 ei
1806 1972 2000 2016 omnes

428 2055 571 2109 male
621 2053 903 2119 habentes,
937 2053 1106 2108 variis
1146 2052 1354 2105 morbis
1386 2059 1441 2106 et
1478 2052 1816 2108 cruciatibus
1846 2067 2001 2106 com-

427 2143 748 2213 prehensos.
782 2149 837 2197 et
874 2141 1142 2197 daemonia
1184 2140 1474 2206 habentes,
1514 2149 1571 2195 et
1620 2141 1913 2205 lunaticos,
1944 2148 1999 2195 et

424 2234 772 2305 paralyticos,
832 2242 887 2288 et
934 2232 1165 2288 sanabat
1192 2247 1311 2297 eos,
1362 2240 1422 2286 et
1475 2232 1846 2302 sequebantur
1872 2247 1996 2287 eum

423 2327 599 2382 turbae
644 2326 827 2381 multa:
857 2340 890 2380 a
916 2324 1141 2380 Galilaea
1163 2325 1230 2380 ⁸⁸.
1270 2344 1290 2377 ι
1333 2324 1479 2381 Sane
1509 2324 1625 2379 haec
1655 2325 1838 2379 omnia
1865 2340 1997 2394 pro-

424 2429 542 2490 pter
575 2419 917 2490 prophetiam
962 2418 1214 2488 exposui,
1251 2433 1373 2488 quae
1402 2419 1457 2472 in
1489 2417 1708 2474 Galilaaa
1737 2433 1995 2489 magnum

425 2512 606 2566 lumen
634 2511 748 2565 fore
776 2511 1083 2580 pollicetur,
1109 2520 1165 2565 et
1191 2510 1246 2564 in
1280 2511 1500 2582 regione
1530 2510 1774 2566 Zabulon
1796 2526 1861 2565 ac
1884 2509 1995 2565 Ne-

421 2601 706 2671 phtlialim,
743 2617 867 2656 cum
901 2610 1083 2657 tamen
1131 2611 1325 2656 neutra
1358 2602 1429 2656 sit
1474 2601 1693 2656 Galilaea
1728 2600 1992 2671 gentium.

416 2693 530 2751 .Cur
552 2704 732 2747 autem
758 2693 813 2747 in
844 2692 1062 2748 Galilaea
1093 2693 1334 2763 gentium
1362 2692 1657 2763 plurimum
1683 2692 1994 2747 diversatus

419 2786 538 2840 est?
566 2785 832 2840 Nmirum
863 2794 921 2839 ut
951 2784 1196 2841 omnium
1227 2786 1468 2856 gentium
1501 2784 1806 2840 vocationis
1834 2799 1994 2840 exor-

417 2877 508 2930 dia
537 2875 928 2941 constitueret;
961 2874 1161 2929 etenim
1193 2875 1322 2929 inde
1370 2874 1644 2944 profectos
1693 2876 1992 2945 discipulos

418 2985 547 3024 suos
578 2968 842 3023 evocavit.
873 2966 1143 3033 Quocirca
1174 2965 1340 3037 pau’lo
1380 2977 1501 3037 post
1520 2969 1573 3022 in
1597 2969 1787 3023 eodem
1819 2969 1994 3024 Evan-

414 3060 555 3132 gelio
575 3061 819 3116 invenies
841 3058 1152 3115 Matthacum
1175 3059 1243 3116 de
1262 3057 1481 3116 Galiltea
1506 3069 1759 3116 vocatum
1780 3060 1984 3118 fuisse:

415 3159 469 3208 et
507 3153 561 3206 in
595 3152 706 3207 alio
745 3167 943 3208 rursus
987 3151 1140 3207 Levi.
1170 3151 1457 3224 Philippus
1500 3161 1704 3219 autem,
1732 3161 1792 3208 ut
1842 3154 1985 3225 apud

412 3244 677 3299 Joannem
709 3244 925 3315 legitur,
957 3243 1025 3299 de
1063 3219 1371 3300 Bethsaid-a—
1394 3246 1674 3316 profectus
1711 3253 1797 3301 est
1850 3219 1987 3301 civi.
2012 3219 2057 3281 (ἶ

415 3344 526 3393 tate
554 3336 784 3393 Andreae
813 3346 865 3392 et
886 3336 1042 3393 Petri
1068 3353 1081 3389 :
1115 3339 1264 3408 atqui
1289 3338 1402 3392 haec
1432 3338 1548 3408 ipsa
1582 3346 1700 3393 erat
1728 3339 1982 3394 Galilaeas.

414 3427 555 3493 Quin
586 3427 747 3482 etiam
787 3428 932 3497 apud
976 3427 1227 3482 eumdem
1262 3428 1650 3498 evangelistam
1684 3431 1885 3499 nuptiae
1914 3431 1987 3484 fa-

412 3527 516 3574 ctae
543 3526 674 3574 sunt
703 3520 758 3573 in
781 3519 930 3574 Cana
958 3518 1213 3584 Galilaeae,
1246 3519 1339 3574 ubi
1367 3535 1490 3575 cum
1527 3519 1790 3576 Dominus
1819 3522 1986 3577 admi-

412 3611 656 3665 rabiliter
687 3624 884 3681 aquam
915 3611 970 3664 in
1003 3611 1190 3675 vinum
1227 3618 1641 3677 commutasset,
1687 3608 1985 3668 miraculo~

410 3716 532 3756 rum
560 3701 757 3757 ibidem
791 3703 1006 3762 initium
1038 3703 1186 3765 fecit,
1220 3717 1331 3773 quo
1360 3711 1605 3774 tempore
1634 3723 1654 3756 ι
1686 3705 1983 3760 declaravit

406 3793 639 3861 gloriam
688 3802 929 3855 suam,et
957 3793 1312 3848 crediderunt
1346 3794 1400 3848 in
1433 3810 1556 3849 eum
1582 3794 1915 3865 discipuli“.
1956 3815 1977 3848 ο

405 3880 708 3940 Considera
739 3899 866 3938 vero
899 3898 1030 3938 num
1061 3883 1167 3938 hoc
1198 3884 1377 3954 ipsqu
1409 3885 1645 3954 primum
1682 3883 1982 3943 Salvatoris

406 3976 584 4033 nostri
635 3976 985 4041 miraculum,
1033 3975 1180 4047 quod
1212 3976 1270 4030 in
1319 3975 1470 4030 Cana
1498 3975 1733 4032 Galilth
1770 3979 1979 4033 editum

404 4075 512 4133 est,
541 4068 670 4123 dum
699 4083 839 4137 aqua
868 4068 923 4121 in
961 4068 1149 4121 vinum
1188 4074 1582 4133 commutatur,
1634 4068 1891 4124 divinans
1920 4070 1979 4124 in

402 4166 523 4232 ipso
570 4161 870 4232 prophetiae
903 4160 1191 4230 principio,
1222 4174 1287 4215 ea
1339 4176 1460 4233 quae
1513 4177 1658 4216 nunc
1709 4169 1979 4216 tractatur

403 4254 580 4308 oratio
614 4252 882 4323 signiﬁcet
922 4252 1029 4307 illis
1077 4252 1296 4308 verbis:
1331 4270 1353 4304 ι
1386 4251 1501 4307 Hoc
1547 4254 1781 4322 primum
1826 4253 1973 4319 bibe,

400 4346 514 4398 cito
545 4343 651 4408 fac,
682 4344 830 4413 regio
874 4341 1117 4397 Zabulon
1159 4351 1215 4397 et
1256 4350 1402 4396 terra
1457 4342 1820 4414 Nephthalim,
1867 4342 1975 4398 Ga.

402 4434 539 4489 lilaaa
568 4435 831 4503 gentium.
853 4452 872 4484 ι
906 4431 1060 4498 Quod
1095 4433 1139 4488 si
1173 4433 1280 4487 tale
1306 4431 1630 4488 miraculum
1664 4441 1792 4489 nota
1818 4450 1972 4505 quae-

397 4525 526 4580 dam
577 4524 680 4580 fuit
726 4525 1030 4581 arcanioris
1077 4526 1323 4579 misturaa
1368 4541 1436 4580 ex
1481 4540 1546 4581 ea
1596 4534 1967 4592 commutatae,
2001 4558 2045 4616 Β

397 4633 519 4690 quae
548 4617 618 4672 ad
644 4632 843 4688 corpus
878 4618 1052 4687 magis
1084 4624 1381 4687 spectaret,
1412 4619 1467 4671 in
1491 4618 1879 4688 intelligentem
1905 4635 1971 4674 ac

395 4711 733 4781 spiritualem
756 4710 996 4764 laetitiam
1021 4710 1321 4779 spectantis
1352 4709 1421 4764 ad
1446 4710 1605 4764 fidem
1624 4709 1970 4767 Novi'l‘esta‘

392 4803 562 4859 menti
606 4803 875 4864 misturaa,
911 4800 1036 4856 vide
1083 4816 1151 4855 ne
1180 4801 1285 4855 hoc
1338 4800 1518 4871 ipsum
1548 4817 1766 4874 quoque
1795 4803 1862 4857 ad
1902 4817 1967 4857 ea

391 4910 516 4965 quae
546 4892 614 4949 de
645 4893 866 4947 Galilaaa
900 4893 1046 4947 dicta
1090 4899 1240 4955 sunt,
1287 4892 1698 4949 accommodate
1753 4893 1966 4964 signiti-

388 4988 615 5049 caverit,
654 5001 859 5041 canens
886 4983 1344 5054 quemadmodum
1376 4983 1481 5039 sub
1512 4984 1717 5040 Christi
1764 4985 1968 5040 adven-

393 5088 507 5133 tum
541 5076 703 5146 primi
748 5077 1016 5140 omnium,
1053 5075 1090 5129 ii
1120 5076 1217 5146 qui
1245 5075 1492 5130 Zabulon
1521 5091 1586 5131 ac
1614 5075 1960 5147 Nephthalim

389 5169 718 5230 habitarent,
751 5183 857 5222 non
924 5175 1103 5222 autem
1136 5169 1228 5238 qui
1261 5166 1504 5223 Judaeam
1537 5177 1592 5222 et
1630 5167 1961 5233 Jerusalem,

387 5269 552 5331 potus
606 5260 933 5330 evangelicae
976 5258 1384 5328 praedicationis
1437 5259 1736 5329 participes
1788 5258 1962 5313 futuri

385 5362 593 5410 essent.
626 5352 800 5408 Porro
834 5354 921 5410 his
949 5352 1150 5408 laetitias.
1184 5367 1409 5407 causam
1435 5353 1510 5405 ait
1540 5351 1729 5415 fuisse,
1772 5353 1962 5423 ingen—

388 5446 460 5503 tis
490 5446 630 5500 lucis
653 5446 1096 5511 illustrationem,
1129 5444 1222 5515 qui
1261 5445 1481 5513 quidem
1519 5453 1644 5498 ante
1666 5443 1959 5499 adventum

388 5541 443 5594 in
485 5538 728 5593 tenebris
765 5539 1039 5601 sedentes,
1090 5537 1145 5591 in
1188 5537 1414 5606 regione
1449 5543 1501 5591 et
1540 5535 1733 5589 umbra
1764 5535 1959 5591 mortis

386 5630 672 5686 sedebant.
708 5627 910 5683 Exorto
951 5635 1130 5684 autem
1178 5626 1286 5682 illis
1336 5626 1562 5682 salutari
1616 5624 1841 5690 lumine,
1881 5624 1956 5679 ita

460 5813 503 5844 ‘°
547 5811 713 5866 Matth
770 5827 854 5875 iv,
891 5809 1077 5866 {2-23.
1153 5809 1194 5840 ⁶¹
1223 5806 1381 5862 Joan.
1418 5822 1486 5873 ιι,
1522 5805 1607 5859 ll.

2101 1962 2364 2015 διδάσκων
2396 1963 2451 2015 ὲν
2476 1965 2595 2026 ταῖς
2627 1965 2968 2030 συναγωγαῖς
3011 1962 3212 2026 αὐτῶν,
3244 1963 3337 2015 καί⁵
3384 1962 3678 2034 κηρύσσων

2097 2054 2159 2107 τὸ
2194 2054 2523 2123 Εὑαγγέλιον
2554 2053 2651 2124 τῆς
2687 2053 2977 2124 βασιλείας,
3012 2055 3106 2108 καὶ
3143 2052 3460 2126 θεραπεύων
3496 2056 3673 2108 πᾶσαν

2098 2146 2272 2207 νόσον,
2304 2149 2400 2201 καὶ
2435 2149 2616 2202 πᾶσαν
2664 2146 2933 2218 μαλακίαν
2973 2148 3031 2199 ἐν
3058 2146 3134 2217 τῷ
3179 2146 3312 2218 λαῷ.
3345 2147 3456 2200 Καὶ
3496 2147 3673 2218 ἀπῆλ-

2097 2239 2188 2293 θεν
2219 2240 2253 2311 ή
2284 2239 2420 2311 ἀκοὴ
2458 2240 2620 2294 αὐτοῦ
2656 2243 2736 2303 είς
2767 2239 2895 2310 ὅλην
2931 2240 3029 2311 τὴν
3080 2240 3277 2311 Συρίαν
3299 2255 3313 2270 ο
3363 2239 3459 2293 καλ⁵
3505 2255 3676 2311 προστ-

2100 2332 2338 2401 ήνεγκαν
2364 2331 2511 2402 αὐτῷ
2544 2332 2751 2395 πάντας
2777 2332 2903 2394 τοὺς
2933 2331 3117 2395 κακῶς
3148 2331 3388 2402 ἔχοντας,
3407 2331 3676 2394 ποικίλαις

2095 2420 2269 2484 νόσοις
2301 2421 2394 2474 καὶ
2428 2420 2681 2492 βασάνοις
2719 2419 3131 2490 συνεχομένους,
3176 2417 3673 2488 δαιμονιζομένους,

2096 2513 2190 2565 καὶ
2224 2510 2727 2582 σεληνιαζομένους,
2759 2512 2853 2565 καὶ
2885 2509 3308 2583 παραλυτικούς,
3340 2508 3436 2561 καὶ
3475 2506 3670 2579 ἐθερά-

2096 2621 2293 2659 πευσεν
2327 2604 2524 2667 αὐτοὺς
2544 2645 2559 2669 ,
2596 2605 2690 2658 καὶ
2726 2603 3096 2674 ἠκολούθησαν
3125 2600 3275 2671 αὐτῷ
3302 2600 3447 2670 ὄχλοι
3491 2599 3673 2655 πολλοὶ⁸

2094 2696 2200 2749 ἀπὸ
2228 2697 2326 2768 τῆς
2356 2696 2662 2759 Γαλιλαίας.
2700 2715 2718 2747 ι
2757 2697 2892 2749 ’Ὀλα
2923 2695 2979 2748 δὲ
3018 2693 3191 2748 ταῦτα
3223 2690 3536 2762 ὲκτέθειμαι
3570 2692 3671 2762 τῆς

2093 2787 2427 2861 προφητείας
2464 2786 2670 2853 ἕνεκεν,
2712 2791 2779 2859 τῇ
2804 2786 3062 2858 Γαλιλαίᾳ
3100 2785 3242 2855 μέγα
3288 2783 3403 2853 φῶς
3450 2781 3670 2835 ἔσεσθαι

2093 2879 2571 2950 ὲπαγγελλομένης
2585 2882 2650 2950 τῇ
2669 2897 2726 2932 τε
2745 2878 2896 2950 χώρᾳ
2916 2876 3197 2931 Ζαϐουλὼν
3222 2877 3316 2931 καὶ
3328 2876 3665 2947 Νεφθαλείμ,

2090 2972 2346 3043 οὐδετέρᾳ
2380 2971 2722 3044 τυγχανούσῃ
2753 2972 2852 3042 τῆς
2884 2970 3174 3033 Γαλιλαίας
3201 2969 3310 3023 τῶν
3349 2968 3539 3024 ἐθνῶν.
3571 2968 3668 3022 Διά

2089 3064 2142 3117 τί
2170 3064 2227 3117 δὲ
2254 3066 2347 3117 ἐπὶ
2378 3064 2476 3135 τῆς
2506 3062 2797 3125 Γαλιλαίας
2838 3061 2947 3114 τῶν
2999 3060 3168 3114 ἐθνῶν
3196 3060 3441 3132 κλήσεως
3483 3058 3668 3131 προοί-

2094 3171 2195 3226 μια
2255 3155 2761 3225 καταϐαλλόμενος;
2841 3153 3089 3206 ἐντεῦθεν
3141 3152 3271 3220 γοῦν
3314 3151 3664 3222 ὁρμωμένους

2085 3246 2211 3309 τοὺς
2243 3245 2408 3299 αὐτοῦ
2450 3245 2695 3316 μαθητὰς
2739 3245 3095 3316 ἀνακέκλητο.
3140 3244 3229 3296 Διὸ
3280 3242 3415 3313 μετὰ
3463 3241 3656 3314 βραχέα

2085 3336 2180 3390 τοῦ
2225 3337 2558 3406 Εὑαγγελίου
2614 3338 2867 3409 εὑρήσεις
2916 3336 3025 3389 ἀπὸ
3083 3336 3182 3405 τῆς
3224 3334 3510 3396 Γαλιλαίας
3566 3332 3650 3385 τὸν

2085 3427 2358 3481 Ματθαῖον
2410 3427 2766 3499 κεκλημένον,
2821 3428 2917 3480 καὶ
2968 3428 3026 3479 ὲν
3076 3427 3245 3496 ἑτέρῳ
3274 3425 3329 3479 δὲ
3367 3425 3524 3478 πάλιν
3566 3422 3653 3475 τὸν

2084 3518 2266 3572 Λεῦῖν.
2312 3518 2423 3571 Καὶ
2469 3521 2498 3571 ὁ
2550 3518 2814 3581 Φίλιππος
2858 3517 2916 3570 δὲ
2958 3516 3099 3570 κατά
3138 3517 3229 3569 τὸν
3263 3515 3515 3586 Ἰωάννην
3553 3513 3659 3567 ἀπὸ

2084 3606 2356 3679 Βηθσαϊδὰ
2386 3608 2611 3680 ὡρμᾶτο
2646 3609 2709 3660 ἐκ
2748 3607 2846 3677 τῆς
2886 3606 3092 3670 πόλεως
3141 3604 3385 3675 Ἀνδρέου
3429 3604 3524 3657 καὶ
3558 3603 3663 3657 Πέ-

2082 3717 2210 3772 τρου
2229 3716 2242 3729 ·
2275 3701 2369 3752 καὶ
2395 3698 2534 3771 αῦτη
2562 3699 2618 3752 δὲ
2645 3698 2745 3768 τῆς
2771 3697 3057 3760 Γαλιλαίας
3083 3691 3172 3766 ἦν.
3215 3694 3373 3747 Ἀλλά
3404 3695 3499 3747 καὶ⁹
3530 3694 3657 3765 παρ’

2081 3791 2231 3863 αὐτῷ
2260 3791 2337 3863 τῷ
2379 3791 2738 3862 εῦαγγελιστῇ
2784 3790 2959 3861 γάμος
3010 3787 3227 3856 ἐγένετο
3280 3789 3337 3839 ὲν
3359 3787 3516 3856 Κανᾷ
3560 3786 3658 3857 τῆς

2081 3884 2396 3949 Γαλιλαίας,
2428 3883 2556 3937 ἔνθα
2592 3882 2908 3955 παραδόξως
2946 3883 2974 3934 ὁ
2999 3879 3201 3953 Κύριος
3241 3878 3331 3932 τὸν
3377 3877 3436 3943 ἐξ
3469 3877 3659 3941 ὓδατος

2079 3970 2221 4028 οἶνον
2275 3974 2687 4046 μετασκευάσας
2712 4012 2728 4041 ,
2787 3972 2961 4047 ἀρχὴν
3013 3971 3199 4025 αὐτόθι
3252 3969 3359 4022 τῶν
3412 3968 3657 4040 σημείων

2079 4067 2393 4137 ἐποιήσατο,
2438 4068 2527 4120 ὅτε
2572 4067 2666 4119 καὶ
2721 4083 2739 4117 t
2773 4064 3083 4137 ὲφανέρωσε
3128 4062 3226 4134 τήν
3269 4061 3423 4127 δόξαν
3462 4060 3650 4120 αὑτοῦ.

2078 4159 2173 4211 καλ⁵
2215 4157 2539 4210 ἐπίστευσαν
2587 4157 2638 4209 οἱ
2691 4154 2945 4227 μαθηταί.
2972 4172 2992 4206 ι
3047 4153 3156 4208 Θέα
3202 4152 3260 4206 δὲ
3309 4153 3357 4204 εί
3405 4147 3480 4220 μὴ
3519 4144 3650 4201 αὐτὸ

2077 4246 2234 4299 τοῦτο
2274 4245 2491 4317 πρῶτον
2523 4243 2617 4298 τοῦ
2654 4242 2905 4314 Σωτῆρος
2947 4240 3106 4313 ήμῶν
3152 4236 3356 4308 θαῦμα,
3404 4238 3461 4288 ὲν
3491 4235 3649 4305 Κανᾷ

2077 4338 2176 4409 τῆς
2198 4338 2488 4401 Γαλιλαίας
2518 4335 2809 4407 γενόμενον
2841 4331 2935 4399 ἐπὶ
2961 4331 3063 4402 τῆς
3092 4324 3185 4384 τοῦ
3218 4328 3358 4381 οίνου
3411 4326 3643 4397 μεταϐο-

2076 4430 2192 4502 λῆς,
2223 4429 2493 4494 θεσπίζων
2526 4431 2584 4482 ὲν
2611 4426 2752 4497 ἀρχῇ
2793 4424 2892 4495 τῆς
2927 4418 3262 4494 προφητείας
3315 4419 3644 4490 παρίστησιν

2075 4524 2103 4576 ὁ
2135 4520 2323 4593 παρὼν
2352 4521 2530 4591 λόγος,
2557 4516 2812 4588 φάσκων·
2854 4534 2873 4566 ι
2896 4512 3066 4593 Τοῦτο
3112 4508 3328 4581 πρῶτον
3362 4510 3474 4573 πίε,
3504 4510 3641 4578 ταχὺ

2075 4590 2239 4671 ποίει,
2269 4600 2427 4679 χώρα
2448 4600 2731 4673 Ζαϐουλὼν
2781 4601 2875 4655 καὶ
2907 4590 2977 4669 γῆ
3010 4597 3348 4667 Νεφθαλείμ,
3382 4597 3640 4651 Γαλιλαία

2071 4707 2179 4760 τῶν
2219 4703 2408 4761 ἐθνῶν.
2441 4723 2461 4777 ι
2512 4702 2576 4756 El
2610 4700 2671 4755 δὲ
2709 4697 2972 4772 σύμϐολον
3004 4694 3071 4769 ἦν
3105 4696 3167 4749 τὸ
3213 4695 3510 4765 παράδοξον
3549 4713 3643 4767 μυ-

2072 4795 2397 4863 στικωτέρου
2427 4795 2727 4869 κράματος,
2763 4787 3188 4863 μεταϐληθέντος
3222 4790 3285 4840 ὲκ
3317 4787 3415 4858 τῆς
3451 4782 3641 4858 ’σωμα-

2067 4888 2367 4959 τικωτέρας
2402 4887 2494 4939 ἐπὶ
2523 4886 2622 4957 τὴν
2651 4883 2840 4955 νοερὰν
2883 4881 2978 4934 καὶ
3020 4878 3392 4951 πνευματικὴν
3440 4878 3640 4948 εὐφρο-

2069 4979 2235 5049 σύνην
2263 4976 2357 5030 τοῦ
2393 4974 2641 5033 πιστικοῦ
2678 4974 2778 5044 τῆς
2811 4972 3003 5042 καινῆς
3033 4970 3304 5042 Διαθήκης
3334 4967 3634 5038 κράματος,

2061 5072 2164 5141 ὅρα
2215 5071 2423 5140 μήποτε
2465 5067 2557 5121 καὶ
2593 5064 2759 5137 τοῦτο
2791 5064 2903 5125 τοῖς
2940 5062 3070 5134 περὶ
3108 5060 3206 5131 τῆς
3230 5057 3520 5120 Γαλιλαίας
3541 5055 3637 5115 δη-

2062 5162 2339 5234 λουμένοις
2387 5158 2692 5222 ἀκολούθως
2738 5157 3019 5229 ᾐνίττετο,
3071 5150 3375 5215 θεσπίζων,
3420 5148 3496 5213 ὡς
3528 5147 3635 5219 ἄρα

2066 5256 2421 5328 μελλήσουσιν
2477 5253 2568 5305 ἐπὶ
2614 5254 2680 5322 τῇ
2728 5247 2964 5322 Χριστοῦ
3020 5242 3291 5318 παρουσία
3340 5240 3634 5312 πρώτιστοι

2062 5348 2280 5402 πάντων
2319 5347 2367 5399 οἰ
2404 5344 2499 5415 τὴν
2525 5341 2808 5398 Ζαϐουλὼν
2852 5342 2947 5394 καὶ
2974 5335 3291 5409 Νεφθαλεὶμ
3334 5331 3629 5394 οἰκοῦντες,

2061 5441 2175 5497 ἀλλ’
2202 5441 2299 5510 οὐχ
2339 5440 2389 5492 οί
2426 5437 2523 5509 τὴν
2559 5436 2816 5491 Ἰουδαίαν
2848 5436 2941 5488 καὶ
2972 5433 3069 5504 τὴν
3114 5427 3499 5504 Ἰερουσαλὴμ,
3534 5424 3630 5479 τοῦ

2060 5532 2301 5603 πόματος
2320 5528 2412 5582 τοῦ
2434 5527 2790 5597 εὐαγγελικοῦ
2823 5524 3179 5597 κηρύγματος
3203 5516 3626 5593 μεταλήψεσθαι.

2058 5624 2246 5678 Αίτίαν
2270 5623 2326 5677 δὲ
2358 5621 2564 5685 τούτοις
2592 5620 2690 5689 τῆς
2722 5616 3061 5690 εὐφροσύνης
3094 5613 3227 5687 φησὶ
3255 5609 3505 5681 γενέσθαι
3530 5607 3630 5679 τὴν
