4098 6416
363 390 473 449 685

1298 382 1948 443 DEMONSTRATIONIS
1975 376 2433 440 EVANGELICE
2473 376 2599 439 LIB.
2646 371 2735 439 l‘X.

3520 376 3630 436 886

346 506 459 577 ,τοῦ
496 506 732 578 μεγάλου
759 505 936 576 φωτὸς
960 502 1250 573 ἔκλαμψιν,
1279 501 1350 567 οἳ,
1376 500 1485 571 πρὸ
1506 501 1608 571 τῆς
1642 500 1948 572 παρουσίας

2059 497 2401 563 laetabuntur,
2442 507 2501 552 ut
2540 496 2576 551 ii
2607 498 2706 567 qui
2750 496 3003 550 laetantur
3049 494 3104 549 in
3147 507 3348 559 messe,
3394 502 3562 564 utque
3593 492 3629 545 ii

366 601 426 653 ἐν
472 598 652 652 σκότει
703 596 1092 666 καθεζόμενοι,
1139 596 1198 647 ἐν
1226 592 1381 665 χώρᾳ
1411 594 1506 646 καὶ
1540 594 1668 663 σκιᾷ
1705 591 1938 645 Θανάτου

365 688 584 760 διῆγον
633 686 1051 750 ἀνατεταλκότος
1093 686 1150 740 δὲ
1180 685 1364 748 αὐτοῖς
1393 684 1487 738 τοῦ
1529 683 1797 755 σωτηρίου
1831 701 1944 752 φω-

368 778 479 845 τὸς,
519 774 707 834 τοῦτον
753 778 1217 851 εὐφρανθήσονται
1260 778 1354 831 τὸν
1396 777 1616 850 τρόπον,
1652 776 1728 840 ὡς
1766 777 1814 829 οἱ
1854 776 1945 829 εὐ-

370 876 717 947 φραινόμενοι
746 874 803 926 ἐν
822 870 1038 942 ἀμητῷ,
1068 872 1163 925 καὶ
1194 870 1254 924 δν
1276 870 1473 940 τρόπον
1505 871 1554 924 οί
1581 858 1944 940 διαιρούμενοι

371 963 562 1019 σκῦλα.
616 965 727 1017 Καὶ
773 962 944 1016 ταῦτα
987 963 1044 1016 δέ
1083 961 1230 1034 ἔργῳ
1279 961 1612 1034 ἐπληροῦτο,
1664 963 1781 1025 ὅτε,
1819 962 1946 1026 τοὺς

368 1059 698 1123 ἀποστόλους
727 1060 756 1112 ὁ
777 1059 967 1130 Σωτὴρ
998 1059 1092 1111 καὶ
1107 1056 1310 1130 Κύριος
1340 1059 1497 1131 ἡμῶν
1524 1058 1633 1112 ἀπὸ
1658 1059 1756 1130 τῆς
1787 1059 1947 1111 Γαλι-

369 1150 527 1214 λαίας
566 1150 1094 1223 προσκαλεσάμενος,
1116 1150 1185 1205 τὰ
1210 1150 1486 1222 παράδοξα
1512 1145 1622 1205 τῶν
1651 1150 1827 1222 ἔργων
1851 1150 1947 1203 καὶ

367 1242 468 1314 τὴν
514 1242 863 1296 διδασκαλίαν
908 1243 1090 1307 αὐτοῖς
1142 1242 1515 1296 ἐπεδείκνυτο·
1571 1241 1947 1314 εὐφρανθήσε-

374 1334 497 1388 σθαι
526 1335 581 1388 δὲ
605 1334 801 1398 αὐτοὺς
835 1335 1076 1388 ἐναντίον
1102 1333 1266 1388 αὐτοῦ
1290 1337 1322 1406 ή
1355 1334 1660 1408 προφητεία
1676 1333 1944 1399 θεσπίζει,

370 1425 527 1497 δίκην
557 1426 666 1479 τῶν
694 1428 1135 1499 εὐφραινομένων
1163 1428 1220 1481 ἐν
1248 1426 1463 1498 ἀμητῷ.
1492 1427 1640 1497 Ποίῳ
1662 1426 1719 1479 δὲ
1748 1424 1946 1497 τούτῳ,

371 1516 406 1588 ἥ
428 1516 556 1587 περὶ
592 1512 652 1572 οὗ
693 1516 958 1571 διδάσκων
990 1516 1153 1579 αὐτὸς
1187 1514 1371 1585 ἔλεγεν
1391 1532 1405 1547 ο
1460 1536 1479 1568 ι
1520 1516 1792 1589 Ἐπάρατε
1824 1516 1950 1580 τοὺς

370 1606 685 1680 ὀφθαλμοὺς
729 1607 906 1678 ὐμῶν,
950 1608 1043 1660 καὶ
1076 1607 1213 1659 ίδετε
1238 1606 1336 1670 τὰς
1378 1604 1583 1678 χώρας,
1632 1608 1713 1660 ὅτι
1760 1604 1948 1659 λευκαί

373 1701 480 1752 είσι
523 1698 662 1769 πρὸς
699 1698 958 1771 θερισμὸν
1011 1699 1149 1771 ήδης
1183 1719 1202 1750 ι
1253 1697 1469 1770 Ἐδήλου
1519 1699 1575 1753 δὲ
1613 1699 1702 1753 διὰ
1745 1698 1951 1752 τούτων

371 1789 470 1860 τὴν
502 1789 610 1843 τῶν
653 1789 820 1844 ἐθνῶν
857 1791 1306 1862 ὲπισυναγωγήνο
1349 1791 1477 1862 περὶ
1525 1789 1633 1844 τῶν
1682 1789 1862 1843 αὐτῶν
1892 1789 1951 1844 δὲ

372 1883 609 1957 εἴρηται,
643 1885 723 1939 ὅτι
768 1905 787 1937 ι
811 1882 1298 1957 εὐφρανθήσονται,
1325 1885 1384 1939 δν
1409 1885 1609 1956 τρόπον
1637 1886 1686 1938 οί
1715 1883 1956 1956 διαιρού-

376 1991 526 2044 μενοι
573 1974 766 2030 σκῦλα.
812 1996 831 2027 ι
882 1974 1188 2047 Διελόμενοι
1243 1976 1374 2045 γοῦν
1420 1978 1498 2038 εἰς
1530 1975 1804 2044 ’ἀλλήλους
1853 1976 1954 2040 τὰς

372 2066 558 2138 χώρας
591 2066 701 2121 τῶν
740 2067 909 2122 ἐθνῶν
949 2069 1042 2121 καὶ
1082 2069 1182 2141 τὴν
1224 2069 1316 2139 ὑφ’
1347 2068 1497 2140 ήλιον
1546 2069 1725 2121 πᾶσαν
1766 2068 1816 2120 οἱ
1857 2068 1951 2121 τοῦ

372 2156 625 2229 Σωτῆρος
646 2157 803 2229 ἡμῶν
833 2157 1070 2230 μαθηταί
1093 2175 1152 2210 τε
1179 2159 1272 2213 καὶ
1293 2157 1697 2227 εὐαγγελισταὶ,
1729 2150 1955 2229 μυρίους

370 2248 530 2312 ὅσους
560 2248 891 2303 ἐσκύλευσαν
922 2250 1190 2322 ἄρχοντας
1227 2250 1321 2304 τοῦ
1354 2251 1548 2315 αἰῶνος
1581 2248 1795 2314 τούτου,
1824 2253 1954 2316 τοὺς

372 2337 636 2408 πρότερον
672 2338 782 2393 τῶν
819 2339 989 2393 ἐθνῶν
1030 2339 1388 2412 κρατοῦντας.
1425 2342 1498 2395 Οὐ
1545 2341 1652 2412 μὴν
1685 2340 1820 2394 ἀλλὰ
1859 2342 1955 2395 καὶ

372 2426 502 2480 ἄλλο
541 2428 713 2481 αἴτιον
755 2429 850 2482 τοῦ
894 2429 1366 2502 εὐφρανθήσεσθαι
1423 2430 1620 2495 αὐτούς
1673 2449 1805 2503 φησι
1830 2476 1844 2498 ,
1895 2431 1957 2484 τὸ

369 2513 538 2590 ἦρθαι
582 2521 678 2572 ἀπ’
719 2521 897 2575 αὐτῶν
943 2522 1034 2576 τὸν
1076 2524 1386 2596 σωματικὸν
1429 2524 1525 2578 τοῦ
1563 2524 1730 2596 νόμου
1769 2525 1954 2595 ζυγὸν,

370 2610 463 2665 τὸν
513 2612 681 2666 πάλαι
736 2607 999 2686 πρότερον
1047 2616 1393 2687 ἐπικείμενον
1442 2618 1660 2681 αὐτοῖς,
1717 2616 1777 2670 ὃν
1832 2615 1957 2670 οὔτε

374 2704 529 2758 αὐτοὶ
554 2704 678 2758 οὐτε
711 2707 760 2760 οἱ
791 2707 1025 2778 πατέρες
1063 2709 1239 2762 αὐτῶν
1278 2709 1622 2781 ἠδυνήθησαν
1666 2709 1953 2779 βαστάσαι.

375 2798 449 2850 Οὐ
497 2796 654 2866 μόνον
697 2800 756 2853 δέ
798 2802 826 2853 ὁ
855 2800 1015 2870 ζυγὸς
1049 2801 1329 2874 ἀφῄρηται
1377 2802 1580 2866 αὐτῶν,
1626 2802 1764 2858 ἀλλὰ
1794 2803 1888 2857 καὶ
1920 2804 1953 2872 ἡ

375 2887 569 2957 ῥάϐδος
601 2888 710 2944 τῶν
750 2879 1125 2947 ἀπαιτούντων
1171 2896 1205 2966 ἡ
1250 2895 1519 2966 πρότερον
1563 2895 1659 2947 ἐπὶ
1701 2893 1795 2947 τοῦ
1826 2910 1959 2967 τρα-

346 2960 536 3059 ⁸χήλου
577 2985 756 3040 αὐτῶν
789 2987 1131 3057 ἐπικειμένη.
1170 2960 1330 3059 Anni:
1352 2987 1409 3041 δὲ
1424 2960 1563 3053 ⁷τοὺς
1590 2960 1959 3055 ἀπαιτοῦντας

371 3079 429 3131 ἐν
467 3076 659 3150 ἑτέρῳ,
698 3077 872 3147 λέγων
896 3096 910 3108 ·
966 3097 984 3129 ι
1014 3079 1154 3143 Λαός
1195 3096 1319 3150 μου,
1363 3083 1412 3134 oi
1464 3082 1771 3154 πράκτορες
1803 3082 1958 3154 ὑμῶν

2048 588 2143 658 qui
2186 587 2437 642 dividunt
2468 586 2664 655 spolia.
2696 583 2861 657 440
2889 582 3015 639 Haec
3044 598 3175 638 vero
3204 583 3324 653 ipsa
3364 597 3427 637 re
3479 597 3630 637 comm

2048 679 2192 748 pleta
2224 687 2374 741 sunt,
2402 692 2527 732 cum
2554 677 2622 731 de
2650 674 2874 730 Gaiilaaa
2906 675 3116 730 vocatis
3146 674 3434 744 apostolis,
3463 673 3631 727 mira-

2049 770 2180 826 bilia
2210 784 2375 841 opera
2398 784 2499 825 sua
2530 779 2588 825 ct
2620 769 2927 823 doctrinam
2989 767 3243 822 Salvator
3275 782 3341 821 ac
3364 765 3631 822 Dominus

2051 869 2241 916 noster
2271 861 2381 916 illis
2427 864 2608 931 palam
2649 860 2939 916 exhibuit:
2978 860 3255 914 laetaturos
3309 867 3493 914 autem
3533 873 3633 915 eos

2049 967 2236 1008 coram
2269 952 2390 1024 ipso
2424 952 2713 1023 prOpbetia
2742 952 2973 1016 divinat,
3019 951 3197 1007 instar
3242 951 3544 1008 laetantium
3574 953 3633 1007 in

2051 1062 2252 1103 messe.
2305 1044 2413 1101 Sed
2454 1046 2511 1100 in
2543 1060 2652 1115 qua
2702 1044 2923 1098 tandem
2974 1059 3176 1106 messe,
3216 1044 3323 1099 nisi
3373 1043 3432 1099 in
3463 1059 3527 1099 ea
3562 1044 3635 1102 de

2050 1155 2161 1211 qua
2189 1139 2307 1209 ipse
2333 1138 2583 1193 dicebat:
2619 1154 2638 1187 ι
2668 1136 2918 1191 Attoliite
2967 1137 3159 1191 oculos
3204 1143 3440 1201 vestros,
3465 1144 3521 1191 et
3546 1136 3634 1190 vit

2052 1233 2175 1289 dcte
2197 1234 2471 1304 regiones,
2493 1241 2550 1286 ut
2576 1231 2713 1285 albae
2733 1236 2861 1284 sunt
2886 1228 2955 1282 ad
2972 1243 3206 1285 messem
3231 1230 3345 1299 jam
3370 1229 3632 1285 nunc”u

2051 1323 2151 1379 His
2183 1331 2363 1379 autem
2393 1323 2576 1379 verbis
2630 1320 2872 1392 gentium
2902 1320 3380 1389 congregationem
3425 1320 3637 1393 signiﬁs

2054 1414 2212 1470 cabat
2239 1430 2253 1465 :
2278 1413 2346 1469 de
2376 1414 2583 1469 eisdem
2600 1426 2731 1466 vero
2760 1411 2969 1465 dictum
3004 1418 3109 1472 est,
3144 1410 3289 1480 quod
3317 1428 3335 1463 ι
3369 1413 3633 1468 laetabun-

2053 1513 2217 1563 turut
2247 1507 2286 1561 ii
2315 1507 2409 1576 qui
2443 1504 2698 1560 dividunt
2734 1504 2985 1574 spolia“.
3024 1523 3044 1556 ι
3069 1504 3205 1559 Cum
3229 1519 3361 1573 ergo
3390 1508 3636 1576 gentium

2053 1599 2197 1653 inter
2226 1604 2288 1653 “se
2331 1597 2586 1666 regiones
2617 1603 2674 1650 et
2724 1595 3043 1651 universam
3088 1610 3211 1665 quae
3243 1596 3346 1651 sub
3393 1597 3509 1652 sole
3552 1608 3641 1653 est

2055 1699 2283 1755 terram,
2337 1688 2644 1745 Saivatoris
2680 1688 2862 1743 nostri
2912 1688 3167 1759 discipuli
3213 1696 3378 1759 atque
3405 1704 3640 1760 evangcs

2056 1784 2197 1839 listae
2225 1781 2565 1845 divisissent,
2597 1779 3030 1836 innumerabiles
3076 1782 3264 1836 saeculi
3297 1781 3464 1852 hujus
3493 1786 3640 1851 print

2055 1874 2205 1946 cipes
2235 1872 2630 1945 spoliaverunt.
2683 1889 2779 1929 eos
2813 1873 3005 1955 utique
3051 1873 3145 1944 qui
3192 1873 3347 1943 prius
3386 1874 3641 1945 gentibus

2053 1966 2687 2039 imperabant.Attamen
2718 1968 2878 2020 aliam
2899 1981 3115 2036 quoque
3145 1981 3391 2031 causam,
3418 1974 3643 2038 propter

2055 2076 2220 2133 quam
2272 2060 2460 2117 laetitia
2505 2060 2618 2114 sint
2664 2058 2954 2122 alliciendi,
3011 2068 3426 2126 commemorat,
3492 2060 3642 2131 quod

2057 2154 2418 2210 auferendum
2448 2152 2521 2208 sit
2548 2151 2618 2206 ab
2645 2152 2779 2222 ipsis
2809 2152 3096 2222 corporale
3128 2152 3265 2221 legis
3291 2152 3484 2222 jugum
3506 2151 3645 2222 jama

2057 2246 2269 2318 pridem
2296 2245 2433 2316 ipsis
2466 2244 2809 2314 impositum,
2832 2238 2975 2314 quod
3000 2259 3178 2312 neque
3210 2243 3312 2314 ipsi
3339 2259 3517 2314 neque
3546 2258 3645 2314 pau-

2056 2347 2172 2395 tres
2204 2340 2450 2408 ipsorum
2481 2345 2781 2408 potuerunt
2827 2334 2991 2392 ferre.
3037 2336 3306 2391 Caeterum
3336 2352 3448 2390 non
3480 2336 3644 2390 modo

2054 2431 2248 2502 iugum
2280 2429 2555 2486 sublatum
2584 2436 2670 2484 est
2700 2429 2769 2482 ab
2799 2428 2956 2499 ipsis,
2976 2428 3073 2483 sed
3105 2429 3271 2483 etiam
3303 2428 3453 2498 virga
3484 2444 3642 2498 repe‘

2059 2519 2314 2585 tentiam,
2342 2532 2464 2590 quae
2494 2519 2651 2589 prius
2684 2519 2743 2573 in
2777 2520 2920 2574 collo
2951 2520 3198 2590 ipsorum
3223 2519 3480 2589 imposita
3504 2529 3642 2575 erat.

2059 2612 2316 2667 Declarat
2365 2627 2530 2683 porro
2576 2612 2671 2683 qui
2707 2613 2817 2668 sint
2858 2618 3168 2682 repetentes
3223 2611 3375 2675 alibi,
3416 2611 3643 2667 dicens‘:

2066 2720 2086 2753 ι
2119 2701 2364 2773 Populus
2408 2716 2599 2767 meus,
2650 2688 2937 2758 exactores
2984 2703 3155 2757 vestri
3199 2702 3382 2773 spicas
3432 2710 3646 2759 vestras

2059 2794 2350 2866 colligunt,
2393 2803 2448 2849 et
2472 2802 2781 2864 repetentes
2809 2794 3166 2851 dominantur
3200 2795 3378 2851 vobis.
3401 2793 3647 2851 «Verum

2061 2889 2116 2944 hi
2149 2889 2374 2960 quidem
2403 2902 2437 2943 a
2481 2887 2730 2944 Zabuion
2776 2895 2834 2945 et
2870 2887 3222 2960 Nephthaiim
3262 2888 3506 2955 oriundi,
3551 2890 3650 2961 qui

2062 2982 2257 3053 ingens
2302 2981 2488 3039 lumen
2518 2981 2705 3037 intuiti
2739 2988 2891 3045 sunt,
2924 2981 3258 3037 laetabuntur
3291 2989 3518 3052 propter
3553 2983 3648 3037 illa

2061 3090 2184 3146 quae
2206 3075 2320 3146 jam
2356 3084 2517 3131 antea
2544 3075 2693 3130 dicta
2720 3086 2870 3141 sunt;
2896 3075 2991 3144 qui
3016 3089 3146 3129 vero
3172 3074 3241 3129 ab
3272 3073 3408 3144 ipsis
3439 3076 3649 3146 repete-

372 3169 723 3242 καλαμῶνται
769 3171 941 3243 ὑμᾶς,
980 3174 1075 3226 καὶ
1115 3173 1166 3225 οἱ
1203 3173 1563 3238 ἀπαιτοῦντες
1614 3175 1956 3248 κυριεύουσιν

2064 3170 2218 3235 bant,
2254 3171 2323 3224 ab
2352 3171 2423 3225 iis
2450 3177 2730 3239 repetetur
2761 3183 2942 3238 usque
2972 3166 3043 3222 ad
3076 3169 3330 3224 ultimum
3371 3169 3650 3239 quadran-

372 3258 547 3332 ὑμῶν.
590 3281 610 3315 ι
643 3261 780 3315 Ἀλλ’
812 3257 955 3317 οὗτοι
993 3264 1091 3334 μὲν
1140 3266 1189 3317 οἱ
1240 3264 1346 3317 ἀπὸ
1378 3264 1480 3337 τῆς
1527 3266 1810 3321 Ζαϐουλὼν
1866 3269 1959 3321 καὶ

372 3352 692 3424 Νεφθαλεὶμ
721 3354 782 3406 τὸ
816 3354 956 3425 μέγα
989 3355 1105 3424 φῶς
1136 3355 1456 3428 τεθεαμένοι
1487 3357 1958 3430 εὐφρανθήσονται

371 3442 461 3496 διὰ
480 3444 550 3496 τὰ
570 3446 975 3516 προειρημένα·
1008 3449 1056 3499 οἱ
1083 3447 1141 3500 δὲ
1174 3447 1341 3502 πάλαι
1376 3449 1735 3514 ἀπαιτοῦντες
1763 3450 1961 3514 αὐτοὺς

376 3534 851 3607 ἐκπραχθήσονται
888 3537 1049 3607 μέχρι
1079 3538 1373 3611 κοδράντω
1404 3541 1654 3611 ἐσχάτου,
1688 3542 1867 3595 πᾶσάν
1901 3559 1960 3594 τε

377 3624 570 3696 στολὴν
608 3626 702 3679 καὶ
746 3628 854 3680 πᾶν
906 3628 1120 3699 ἱμάτιον
1168 3631 1558 3695 ἀποτίσαντες,
1598 3632 1962 3705 πυρίκαυστοι

374 3719 694 3789 γενήσονται
729 3722 787 3772 ἐν
815 3719 894 3792 τῷ
918 3720 1018 3793 τῆς
1051 3722 1373 3796 ἐκπράξεως
1402 3723 1582 3795 καιρῷ
1601 3741 1616 3754 ο
1659 3725 1754 3777 καὶ
1788 3724 1965 3779 ταῦτά

374 3825 439 3879 γε
462 3810 640 3864 πάντα
672 3812 805 3881 φησὶ
854 3813 1159 3881 πείσεσθαι,
1196 3815 1331 3869 διότι
1392 3836 1410 3868 ι
1440 3815 1652 3871 παιδίον
1699 3816 1961 3888 ἐγεννήθη

374 3903 530 3974 ἡμῖν,
578 3902 674 3955 καὶ
701 3902 833 3979 υἱὸς
882 3904 1036 3977 ἐδόθη
1086 3908 1241 3978 ήμῖν,
1276 3908 1428 3978 ὁτῆς
1474 3906 1718 3978 μεγάλης
1769 3905 1966 3979 βουλῆς

374 3991 623 4061 ἄγγελος.
658 4012 676 4044 ι
715 3992 837 4046 Τίσι
862 3993 919 4047 δὲ
950 3997 1080 4067 ἡμῖν
1126 3996 1159 4068 ἢ
1193 4000 1307 4062 τοῖς
1352 4001 1433 4062 είς
1473 3999 1633 4052 αὐτὸν
1676 4010 1967 4051 πεπιστευ-

375 4084 496 4137 κόσι
517 4126 530 4149 ,
562 4086 657 4139 καὶ
698 4085 848 4159 πάσῃ
880 4086 1080 4159 δηλαδὴ
1120 4091 1185 4160 τῇ
1219 4089 1477 4162 Γαλιλαία
1521 4090 1627 4143 τῶν
1660 4089 1850 4153 ἐθνῶν,
1886 4086 1967 4153 οἷς

373 4175 436 4228 τὸ
470 4176 611 4246 μέγα
640 4177 753 4246 φῶς
769 4178 1130 4245 ἀνατέταλκε;
1165 4180 1219 4233 τί
1239 4181 1302 4252 δὴ
1334 4176 1403 4253 ἦν
1432 4180 1609 4237 τοῦτο.
1640 4180 1757 4235 ἀλλ’
1788 4181 1821 4251 ἢ
1857 4199 1875 4231 ι
1906 4181 1966 4234 τὸ

375 4267 774 4341 γεγεννημένον
811 4269 1042 4335 παιδίον,
1086 4272 1181 4325 καὶ
1229 4274 1257 4326 ὁ
1288 4273 1442 4345 παρὰ
1486 4273 1578 4327 τοῦ
1604 4273 1741 4326 Θεοῦ
1793 4272 1969 4337 δοθεὶς

375 4359 511 4423 υίὸς,
557 4360 798 4431 μεγάλης
836 4360 1033 4431 βουλῆς
1072 4362 1322 4432 ἄγγελος,
1364 4366 1459 4419 καὶ
1494 4365 1680 4438 ἄρχων
1719 4365 1963 4437 εἰρήνης,

375 4451 474 4506 καὶ
503 4449 881 4524 ἐξουσιαστὴς,
918 4451 1011 4506 καὶ
1038 4453 1172 4518 Θεὸς
1216 4456 1464 4528 ἰσχυρὸς,
1509 4458 1605 4510 καὶ
1658 4457 1841 4529 πατὴρ
1871 4455 1964 4510 τοῦ

380 4543 663 4612 μέλλοντος
717 4546 908 4609 αἰῶνος
959 4543 1380 4618 ὠνομασμένοςς
1427 4566 1444 4598 ι
1514 4547 1687 4602 ταῦτα
1738 4548 1803 4620 δὴ
1857 4547 1959 4619 ἤδη

2061 3270 2197 3325 tem,
2230 3260 2506 3332 iidemque
2548 3262 2642 3317 ubi
2691 3276 2911 3318 omnem
2950 3270 3156 3317 vestem
3181 3276 3455 3332 omneque
3478 3265 3651 3318 vesti-'-

2063 3359 2308 3408 mentum
2341 3352 2729 3423 persolverint,
2774 3353 2900 3423 igne
2934 3351 3213 3407 combusti
3261 3354 3394 3407 ﬁent
3433 3352 3491 3407 in
3529 3353 3651 3423 ipso

2061 3445 2368 3501 exactionis
2416 3453 2686 3515 tempore,
2735 3446 3031 3516 omniaque
3073 3445 3190 3500 hac
3235 3460 3503 3516 passuros
3549 3446 3648 3510 ait,

2064 3546 2350 3608 propterea
2371 3537 2519 3608 quod
2553 3556 2573 3589 ι
2603 3538 2869 3608 puerulus
2903 3547 3066 3592 natus
3095 3546 3180 3593 est
3209 3539 3391 3603 nobis,
3422 3546 3475 3594 et
3505 3538 3651 3593 ﬁlius

2063 3628 2226 3684 datus
2259 3637 2344 3684 est
2391 3630 2572 3695 nobis,
2604 3631 2725 3699 ipse
2756 3630 2941 3700 magni
2976 3630 3197 3686 consilii
3237 3633 3486 3702 angelus.
3520 3646 3540 3683 ι
3583 3632 3652 3687 At

2062 3737 2196 3777 vero
2226 3722 2425 3792 quibus
2453 3722 2675 3777 tandem
2708 3719 2892 3787 nobis,
2925 3722 3034 3778 nisi
3063 3723 3159 3793 qui
3210 3723 3267 3778 in
3304 3722 3483 3794 ipsum
3527 3739 3652 3779 cre+

2065 3812 2327 3893 didimus,
2362 3820 2417 3868 et
2445 3814 2597 3868 omni
2628 3812 2887 3868 videlicet
2937 3813 3179 3870 Galilaeaz‘
3223 3814 3497 3885 gentium,
3531 3816 3654 3886 quis

2065 3906 2170 3960 bus
2197 3921 2456 3975 magnum
2482 3906 2669 3962 lumen
2690 3918 2872 3962 ortum
2900 3908 3127 3963 est?sed
3147 3907 3423 3979 quodnam
3441 3923 3650 3979 quasso,

2066 4000 2174 4054 nisi
2206 3999 2325 4071 ipse
2359 4015 2378 4050 ι
2422 4009 2587 4055 natus
2623 4001 2909 4071 ptferulus,
2939 4009 2994 4058 et
3023 4002 3118 4073 qui
3153 4018 3184 4057 a
3211 4001 3324 4057 Deo
3374 4001 3538 4058 datus
3569 4010 3656 4057 est

2069 4091 2234 4156 illius,
2266 4092 2361 4163 qui
2398 4093 2583 4163 magni
2613 4094 2832 4149 consilii
2874 4095 3125 4166 angelus,
3162 4106 3217 4149 et
3247 4093 3506 4166 princeps
3556 4109 3655 4165 pas

2067 4181 2171 4249 cis,
2200 4190 2257 4237 et
2285 4181 2379 4252 jus
2408 4183 2824 4256 potentiamque
2857 4184 3090 4250 habens,
3126 4195 3182 4242 et
3211 4185 3357 4245 Deus
3385 4184 3565 4251 fortis,
3599 4191 3656 4240 et

2068 4280 2225 4343 pater
2275 4272 2449 4328 futuri
2500 4276 2690 4330 saeculi
2746 4268 3062 4334 nominatus
3103 4281 3219 4335 est?
3262 4298 3280 4331 ι
3316 4293 3504 4333 verum
3539 4278 3658 4333 haec

2068 4364 2186 4433 ipsa
2206 4365 2321 4434 jam
2354 4374 2517 4421 antea
2544 4366 2612 4420 ad
2642 4382 2814 4422 unum
2842 4371 3130 4426 referenda
3157 4387 3281 4428 esse
3313 4370 3656 4427 Saivatorem

2069 4453 2475 4528 Dominumque
2527 4468 2800 4526 nostrum,
2852 4476 2955 4518 suo
3008 4472 3255 4535 tempore
3308 4464 3657 4521 demonstra:-

2067 4561 2268 4603 rimus.

378 4594 684 4703 φθάσαντες
726 4635 819 4688 ἐπὶ
863 4594 1023 4707 μόνον
1071 4594 1459 4709 Γάναὲέρξσθαι
1499 4637 1591 4692 τὸν
1625 4594 1857 4710 Σωτῆρα
1880 4594 2001 4690 ,καὶ
2037 4636 2243 4708 Κύριον
2280 4638 2439 4709 ήμῶν
2483 4594 2626 4694 κατὰ
2673 4641 2765 4695 τόν
2813 4646 3012 4700 οἰκεῖον
3088 4649 3281 4721 καιρὸν
3328 4648 3656 4722 προαπεδείά

378 4729 444 4796 ξα
452 4747 572 4802 μεν.

460 4847 594 4902 Ἀπὸ
633 4851 881 4920 ψαλμοῦ
911 4848 987 4916 EC
998 4849 1031 4906 ’.
1058 4852 1201 4921 Περὶ
1235 4850 1345 4921 τῆς
1372 4853 1492 4907 τῶν
1517 4845 1883 4910 ἀποστόλων

2127 4838 2287 4920 Ml
2320 4846 2365 4901 Α
2388 4846 2596 4919 psalmo
2618 4864 2786 4906 vau.
2818 4881 2901 4923 7—
2925 4842 3005 4906 De
3034 4854 3398 4923 apostolorum
3430 4865 3587 4912 voca-

1026 4923 1326 4992 κλήσεως.

453 5048 473 5081 ι
519 5028 935 5103 Ἐθεωρήθησαν
982 5038 1037 5088 αἱ
1074 5036 1290 5108 πορεῖαί
1329 5054 1421 5090 σου
1448 5076 1463 5102 ,
1499 5039 1528 5092 ό
1570 5036 1704 5103 Θεὸς
1729 5076 1742 5103 ,
1779 5034 1835 5092 αἱ
1872 5051 1969 5095 πο-

379 5124 521 5194 ρεῖαι
572 5112 665 5175 τοῦ
707 5122 842 5177 Θεοῦ
881 5142 983 5196 μου
1013 5126 1108 5180 τοῦ
1151 5127 1435 5196 βασιλέως,
1470 5129 1564 5182 τοῦ
1608 5130 1666 5182 ἐν
1699 5130 1777 5200 τῷ
1802 5132 1963 5203 άγίῳ.

376 5211 736 5284 Προέφθασαν
774 5215 1035 5286 ἄρχοντες
1074 5218 1323 5290 ἐχόμενοι
1363 5220 1693 5291 ψαλλόντων,
1719 5223 1778 5275 ἐν
1814 5222 1966 5295 μέσῳ

376 5303 630 5358 νεανίδων
674 5308 1144 5380 τυμπανιστριῶν.
1181 5312 1269 5364 Ἐν
1305 5313 1626 5383 ἐκκλησίαις
1691 5307 1967 5383 εὐλογεῖτε

374 5393 467 5448 τὸν
501 5394 631 5448 Θεὸν
658 5395 862 5470 Κύριον
894 5390 960 5453 ἐκ
993 5401 1183 5471 πηγῶν
1235 5404 1473 5477 Ἰσραήλ.
1525 5404 1671 5457 Ἐκεῖ
1703 5403 1963 5476 Βενιαμὶν

376 5485 638 5561 νεώτερος
678 5491 737 5543 ἐν
778 5492 1067 5557 ἐκστάσει,
1119 5496 1378 5567 ἄρχοντες
1438 5496 1643 5564 Ἰούδα,
1696 5498 1964 5569 ἡγεμόνες

376 5575 588 5644 αὐτῶν,
637 5576 898 5651 ἄρχοντες
944 5582 1249 5649 Ζαϐουλὼν,
1279 5581 1538 5657 ἄρχοντες
1563 5585 1899 5657 Νεφθαλείμ.
1941 5608 1958 5637 ι

379 5667 669 5721 Κάνταῦθα
692 5673 818 5735 τοὺς
843 5662 1207 5745 δηλουμένους
1232 5673 1498 5747 ἄρχοντας
1522 5675 1840 5747 Νεφθαλεὶμ
1863 5674 1964 5730 οὐκ

448 5846 494 5879 ⁸³
529 5846 684 5904 Joan.
721 5868 806 5917 tv,
839 5855 928 5912 53.
1008 5858 1051 5889 ⁵³
1091 5855 1193 5913 lsu.
1229 5875 1372 5924 xvn,
1410 5859 1461 5914 5.

2783 4922 2945 4977 tione.

2148 5052 2169 5086 ι
2200 5032 2336 5090 Visa
2393 5041 2523 5090 sunt
2562 5035 2761 5093 itinera
2791 5044 2910 5105 tua,
2966 5030 3130 5106 Deus,
3168 5039 3368 5097 itinera
3403 5038 3502 5098 Dei
3550 5044 3658 5103 mei

2066 5127 2233 5198 regis,
2254 5126 2351 5198 qui
2377 5138 2457 5183 est
2477 5128 2531 5182 in
2554 5132 2770 5186 sancto.
2788 5121 3183 5187 Praevenerunt
3216 5133 3495 5205 principes
3518 5152 3659 5193 con-

2066 5208 2245 5287 juncti
2263 5218 2625 5288 psallentibus
2654 5221 2710 5279 in
2730 5221 2912 5277 medio
2939 5219 3481 5291 adolescentularum
3514 5238 3658 5300 tym-

2071 5305 2485 5376 panistriarum.
2529 5306 2593 5362 in
2647 5310 2902 5367 ecclesiis
2942 5312 3252 5370 bene-dicite
3282 5314 3393 5372 Deo
3422 5316 3659 5376 Domino

2071 5398 2139 5453 de
2171 5399 2413 5456 fontibus
2445 5399 2635 5456 israei.
2676 5397 2795 5457 illic
2823 5402 3111 5474 Benjamin
3139 5406 3328 5477 junior
3356 5409 3413 5464 in
3457 5413 3658 5471 mentis

2071 5506 2326 5557 excessu,
2358 5492 2637 5563 principes
2680 5492 2843 5559 Juda,
2876 5496 3045 5553 duces
3068 5498 3337 5570 ipsorum,
3383 5504 3661 5575 principes

2072 5583 2341 5651 Zabuion,
2369 5587 2644 5657 principes
2682 5585 3027 5658 Nephthaiim
3060 5593 3127 5647 “.
3160 5612 3179 5646 ι
3218 5583 3333 5650 Hoc
3352 5612 3571 5670 quoque
3602 5602 3659 5657 in

2072 5678 2195 5734 loco
2228 5693 2324 5735 eos
2372 5680 2466 5751 qui
2511 5676 2778 5736 dicuntur
2829 5684 3109 5757 principes
3141 5680 3492 5760 Nephthaiim
3546 5708 3663 5749 non

1570 5861 1613 5892 '“
1651 5859 1794 5917 Psai.
1829 5876 2009 5928 vau,
2043 5861 2237 5918 25-28;
