4098 6432
453 334 632 421 θεῖ’

1125 357 1392 414 EUSEBH
1427 359 1909 415 CAESARIENSIS
1945 360 2098 417 OPP.
2135 360 2316 417 PARS
2343 361 2408 418 11.
2451 389 2518 401 -
2545 361 3026 421 APOLOGETICA
3054 403 3064 421 ι

3599 372 3705 430 683

444 484 585 538 alios
613 498 736 538 esse
766 496 967 536 censeo
1013 496 1177 550 quam
1211 483 1488 552 apostolos
1519 502 1531 539 :
1578 483 1704 538 inde
1741 484 1886 538 enim
1921 498 2006 539 eos

2121 485 2313 549 ἀλλους
2351 485 2592 557 ἠγοῦμαι
2627 487 2734 541 τῶν
2770 488 3084 542 ἀποστόλων
3129 489 3416 559 τυγχάνειν
3437 505 3451 520 ·
3491 490 3703 548 ἐνθένδε

445 574 698 629 Salvator
727 587 791 626 ac
821 571 1086 628 Dominus
1135 582 1326 630 noster
1374 575 1557 646 elegit,
1583 584 1640 629 ut
1689 590 1718 628 a
1771 575 2025 630 Matthteo

442 667 704 736 scriptum
739 673 845 721 est.
887 665 1197 736 lngressum
1235 682 1362 722 vero
1409 668 1477 721 ad
1524 668 1795 733 homines,
1821 668 2024 723 adven-

441 765 667 825 tumque
700 754 794 810 Dei
812 753 976 810 Verbi
1009 771 1132 809 cum
1154 771 1405 826 corpore,
1432 755 1561 810 dum
1594 757 1744 810 canit
1775 755 2022 826 Scriptu-

439 864 523 912 ra,
559 848 639 902 sic
671 847 746 902 ait
777 868 789 902 :
831 865 850 898 ι
901 847 1026 902 Visa
1057 855 1187 902 sunt
1217 848 1416 904 itinera
1445 856 1555 911 tua,
1584 846 1748 911 Deus,
1782 868 1800 899 ι
1835 855 1889 904 et
1916 863 2021 903 cae-

439 949 578 994 tera.
611 937 852 1008 Hujusce
879 953 1044 1009 porro
1077 938 1345 995 adventus
1380 954 1504 994 eum
1528 939 1685 1010 quasi
1712 954 2022 1010 przecurso-

440 1049 528 1088 res
558 1032 761 1087 fuerint
797 1038 1005 1086 veteres
1043 1029 1154 1086 Deo
1183 1030 1344 1084 amici
1385 1031 1681 1102 prephetae,
1717 1031 1781 1085 ad
1819 1032 2022 1102 psalte-

439 1123 582 1176 rium
617 1131 671 1176 et
701 1121 768 1176 ad
798 1121 980 1176 omnis
1006 1121 1224 1190 generis
1255 1122 1525 1191 spiratilia
1566 1122 1929 1179 instrumenta
1953 1122 2019 1176 il-

436 1215 548 1270 lum
585 1215 640 1269 in
669 1215 854 1270 choris
884 1214 1266 1284 praedicantes,
1289 1222 1344 1268 et
1374 1214 1629 1272 laudibus
1673 1216 2017 1270 celebrantes

437 1316 859 1370 antevenerunt,
907 1307 961 1360 in
1014 1305 1194 1361 medio
1222 1304 1750 1361 adolescentularum
1797 1315 2016 1377 tympa-

436 1399 775 1454 nistriarum.
851 1397 1063 1467 Ubique
1119 1398 1266 1452 enim
1321 1398 1377 1452 in
1442 1397 1651 1453 medios
1699 1395 2012 1452 Judaeorum

433 1499 736 1548 conventus
764 1488 1043 1562 progressi
1085 1489 1256 1543 divini
1293 1490 1588 1560 propheta,
1618 1489 1824 1546 Christi
1858 1499 2014 1547 tanto

435 1594 563 1642 ante
593 1585 996 1642 denuntiabant
1027 1584 1319 1639 adventum
1349 1603 1362 1640 :
1394 1586 1523 1654 quin
1552 1585 1714 1640 etiam
1743 1584 1905 1640 iidem
1927 1586 2013 1641 di-

433 1679 564 1732 vino
594 1676 791 1748 spiritu
824 1676 988 1732 aﬂlati
1023 1675 1324 1732 Salvatoris
1379 1677 1556 1732 nostri
1599 1677 1901 1748 discipulos
1931 1678 2013 1732 al-

2127 578 2235 648 γὰρ
2260 577 2457 641 αὐτοὺς
2492 579 2521 630 ὁ
2546 579 2736 650 Σωτὴρ
2778 580 2872 632 καὶ
2903 578 3108 650 Κύριος
3149 579 3304 649 ἡμῶν
3327 581 3706 648 ἀοναλέλεκται,

2125 666 2267 719 κατὰ
2290 663 2386 736 τὴν
2409 666 2686 720 Ματθαίου
2713 668 3032 738 παράθεσιν.
3064 669 3175 736 Τὴν
3201 669 3281 732 είς
3307 670 3624 741 ἀνθρώπους
3648 672 3706 728 δὲ

2124 759 2351 831 πορείαν
2378 761 2472 813 καὶ
2497 760 2594 830 τὴν
2620 760 2886 831 ένσαρκον
2911 761 3205 830 ἐπιδημίαν
3237 760 3329 814 τοῦ
3366 762 3501 816 Θεοῦ
3528 764 3704 833 Λόγου

2123 851 2457 916 θεσπίζουσα
2493 854 2526 922 ἡ
2569 851 2759 922 Γραφή
2801 868 2984 922 φησιν,
3020 869 3038 902 ι
3081 850 3495 924 Ἐθεωρήθησαν
3520 856 3574 908 αἱ
3602 873 3704 909 πο-

2122 945 2262 1016 ρεῖαί
2304 961 2396 999 σου
2422 945 2450 996 ό
2476 943 2608 1008 Θεὸς
2628 985 2642 1008 ,
2680 964 2698 996 ι
2727 943 2823 997 καὶ
2863 944 2932 998 τά
2957 945 3104 1015 ἑξῆς.
3138 945 3352 1016 Ταύτης
3380 945 3436 998 δὲ
3458 945 3559 1016 τῆς
3584 947 3704 1001 ἐπι-

2121 1033 2348 1101 φανείας
2387 1033 2586 1086 ὡσανεὶ
2614 1033 2909 1104 πρόδρομοι
2941 1035 3221 1103 γεγονότες
3246 1037 3294 1088 οἱ
3326 1035 3494 1089 πάλαι
3517 1035 3700 1106 θεοφι-

2117 1124 2228 1188 λεῖς
2255 1125 2547 1196 προφῆται,
2565 1123 2652 1178 διά
2674 1125 2973 1197 ψαλτηρίου
2999 1127 3093 1178 καλ⁵
3118 1125 3292 1197 χορῶν
3315 1127 3410 1180 καὶ
3432 1127 3702 1182 παντοίων

2117 1217 2504 1285 πνευματικῶν
2528 1217 2774 1290 ὀργάνων
2801 1219 3181 1290 κηρύττοντες,
3212 1219 3305 1273 καὶ
3336 1218 3699 1290 ἀνυμνοῦντες

2116 1307 2465 1377 προέφθασαν
2501 1311 2558 1362 ἐν
2587 1310 2735 1381 μέσῳ
2769 1311 3026 1365 νεανίδων
3050 1311 3515 1382 τυμπανιστριῶν.
3553 1312 3698 1365 Πάν-

2113 1414 2222 1462 τως
2246 1398 2353 1470 γάρ
2377 1416 2480 1452 που
2506 1399 2614 1453 τῶν
2642 1400 2706 1453 ἐκ
2727 1401 3028 1472 περιτομῆς
3068 1402 3393 1470 συναγωγῶν
3419 1403 3499 1466 εἱς
3535 1402 3700 1472 μέσον

2114 1491 2400 1562 παριόντες
2452 1493 2500 1545 οἱ
2549 1492 2680 1545 θεῖοι
2719 1494 2994 1564 προφῆται
3036 1492 3135 1562 τὴν
3164 1492 3260 1547 τοῦ
3298 1494 3535 1565 Χριστοῦ
3562 1512 3699 1566 προ-

2112 1581 2479 1654 κατήγγελλον
2523 1582 2737 1654 ἀφιξιν·
2798 1585 2846 1638 οἱ
2881 1584 2938 1638 δὲ
2973 1585 3127 1638 αὐτοὶ
3150 1585 3228 1656 τῷ
3265 1585 3396 1657 θείῳ
3431 1585 3698 1658 πνεύματι

2109 1677 2224 1739 τοῖς
2261 1675 2356 1729 τοῦ
2399 1677 2651 1748 Σωτῆρος
2695 1676 2850 1747 ἡμῶν
2888 1677 3206 1742 ἀποστόλοις
3233 1678 3582 1749 προεφὼνουν
3619 1680 3700 1734 λέ-

433 1771 799 1842 loquebantur
827 1770 1074 1826 dicentes
1101 1787 1116 1824 :
1148 1787 1166 1820 ι
1203 1768 1258 1823 In
1287 1768 1548 1824 Ei-clesiis
1575 1767 1880 1824 benedieite
1900 1768 2006 1825 Deo

2109 1785 2300 1838 γοντες
2317 1786 2330 1800 ο
2367 1789 2385 1821 ι
2427 1770 2514 1825 Ἐν
2553 1769 2899 1839 Ἐκκλησίαις
2925 1769 3194 1839 εὑλδγεῖτε
3219 1770 3310 1826 τὸν
3336 1771 3468 1825 Θεὸν
3493 1772 3697 1844 Κύριον

433 1837 664 1919 Βο-ιιιὶηο
707 1862 774 1918 de
802 1861 1044 1916 fontibus
1098 1861 1286 1917 Israel.
1320 1880 1339 1914 ι
1381 1860 1585 1916 Fontes
1626 1868 1806 1916 autem
1844 1863 2006 1918 Israel

2110 1837 2176 1916 ἐκ
2220 1862 2411 1931 πηγῶν
2451 1862 2688 1934 Ἰσραήλ.
2791 1862 2970 1933 Πηγαὶ
3003 1837 3069 1915 δὲ.
3103 1863 3321 1934 Ἰσραηλ
3355 1865 3404 1916 οἱ
3440 1837 3594 1932 λόγοί
3627 1863 3694 1920 ἂν

432 1956 598 2011 verba
634 1953 857 2011 fuerint.
891 1969 1012 2022 quae
1043 1954 1141 2023 ipsi
1181 1942 1345 2008 lsrael
1377 1954 1577 2007 tradita
1612 1964 1741 2008 sunt
1773 1973 1785 2008 :
1815 1955 2010 2025 primis

430 2050 577 2104 enim
613 2049 722 2105 illis
776 2048 981 2102 credita
1013 2059 1143 2104 sunt
1173 2048 1261 2104 Dei
1285 2050 1530 2109 oracula,
1559 2048 1701 2104 unde
1733 2065 1833 2103 nos
1871 2065 2011 2119 quo-

430 2157 537 2211 que
566 2141 885 2196 haurientes
913 2139 1123 2195 Christi
1150 2140 1424 2196 Ecelesias
1452 2139 1684 2208 irrigare
1713 2142 2006 2211 oportebit.

426 2233 887 2289 Adolescentulas
910 2242 1092 2288 autem
1123 2240 1177 2287 et
1224 2232 1636 2305 tympanistrias
1671 2232 1829 2297 dixit,
1857 2241 1914 2288 ut
1947 2249 2010 2289 eo

428 2328 593 2383 modo
617 2328 830 2383 animas
853 2328 984 2382 olim
1017 2329 1182 2382 vitam
1221 2343 1376 2384 suam
1407 2327 1473 2382 ad
1506 2326 1672 2382 Mosis
1704 2329 1874 2399 legem
1922 2328 2008 2383 di-

428 2423 688 2490 rigentes,
710 2428 765 2475 et
795 2421 1093 2476 secundum
1147 2435 1350 2492 corpus
1400 2420 1693 2490 plurimum
1751 2421 2009 2492 degentes

428 2513 785 2583 signiﬁcaret,
818 2511 908 2566 ubi
939 2511 1070 2566 dum
1101 2512 1541 2568 adolescentulas
1568 2512 1786 2582 quidem
1819 2521 2001 2576 vocat,

425 2618 614 2659 earum
639 2603 833 2657 rudius
857 2613 1020 2672 atque
1050 2600 1424 2676 impcrfertius
1464 2602 1803 2672 propositum
1831 2610 2005 2667 notat,

425 2695 554 2749 dum
613 2703 794 2749 autem
849 2693 1284 2764 tympanistrias,
1331 2694 1648 2752 earumdem
1705 2695 2008 2764 corporalis

425 2788 765 2844 adorationis
801 2801 958 2844 usum
992 2786 1221 2856 intelligi
1251 2787 1387 2842 vult.

425 2901 588 2974 ﬁﬁz
623 2903 698 2955 Ab
723 2901 893 2955 Isaia.
917 2929 984 2938 —
1015 2898 1088 2974 De
1109 2900 1410 2968 prophetica
1435 2900 1672 2974 lectione,
1701 2916 1860 2970 quam
1893 2900 2006 2974 ipse

496 2970 756 3027 Dominus
813 2980 990 3026 noster
1044 2972 1100 3023 in
1159 2980 1411 3026 conventu
1478 2970 1794 3026 Judworum
1855 2971 2008 3025 exhi-

497 3044 630 3098 buit.

501 3173 520 3204 ι
559 3152 800 3222 Spiritus
830 3152 1045 3208 Domini
1080 3169 1247 3224 super
1277 3169 1385 3218 me,
1420 3164 1644 3226 propter
1670 3157 1818 3228 quod
1849 3159 2004 3213 unxit
2031 3182 2071 3242 ο

425 3258 531 3298 me.
598 3242 984 3314 Evangelizare
1037 3243 1371 3313 pauperibus
1426 3245 1577 3300 misit
1637 3262 1743 3312 me,
1805 3262 2003 3307 sanare

424 3335 692 3391 contritas
713 3334 898 3398 corde,
935 3335 1231 3404 praedicare
1253 3335 1484 3406 captivis
1509 3336 1912 3402 remissionem,
1948 3346 2004 3394 et

424 3427 585 3482 caecis
619 3427 818 3489 visum,
845 3441 1040 3480 vocare
1082 3441 1283 3480 annum
1338 3425 1552 3482 Domini
1602 3436 1907 3498 acceptum,
1949 3436 2004 3484 et

423 3520 569 3575 diem
595 3517 974 3572 retributionis
1006 3517 1071 3571 ⁸⁵.
1115 3536 1134 3569 ι
1159 3515 1272 3571 Hoc
1300 3531 1518 3588 quoque
1543 3519 1856 3572 vaticmium
1889 3520 2002 3588 ipse

427 3610 689 3666 Dominus
723 3617 908 3663 noster
943 3609 997 3662 in
1050 3609 1239 3678 seipse
1283 3609 1613 3678 completum
1649 3625 1772 3664 esse
1801 3611 2002 3664 contir-

425 3709 558 3764 mat,
595 3714 703 3768 quo
759 3706 1002 3768 tempore
1033 3712 1157 3754 cum
1207 3699 1446 3752 venisset
1482 3697 1537 3750 in
1567 3696 1860 3763 Nazareth,
1908 3700 2001 3755 ubi

424 3792 600 3844 fuerat
633 3789 922 3848 educatus.
951 3788 1234 3857 ingressus
1265 3797 1369 3852 est,
1401 3795 1462 3840 ut
1495 3789 1729 3853 solebat,
1762 3788 2000 3858 quodam

425 3888 787 3942 Sabbatorum
836 3885 925 3940 die
961 3900 1014 3938 tn
1048 3891 1404 3948 conventum,
1442 3885 1713 3955 siquidem
1741 3892 1997 3955 surgent;

424 3980 502 4034 illi
538 3986 824 4050 porrectus
854 3983 938 4031 est
968 3976 1106 4030 liber
1135 3973 1287 4030 Isaia!
1348 3974 1649 4044 prophetae,
1681 3991 1842 4046 quem
1874 3991 1999 4030 cum

421 4073 739 4133 evolvisset,
783 4070 910 4139 legit
941 4069 1072 4122 illud
1123 4068 1267 4137 quod
1327 4068 1382 4122 in
1435 4083 1499 4124 eo
1550 4067 1815 4138 scriptum
1863 4076 1996 4123 est:

429 4184 446 4216 ι
487 4161 724 4230 Spiritus
788 4158 999 4212 Domini
1051 4173 1216 4227 super
1245 4173 1350 4222 me,
1385 4165 1608 4228 propter
1642 4158 1786 4228 quod
1845 4160 2001 4212 unxit

424 4269 531 4308 me.
567 4251 952 4322 Evangelizare
987 4249 1322 4320 pauperibus
1353 4249 1504 4304 ini-sit
1560 4265 1669 4313 me,
1701 4249 1999 4319 praedicare

422 4345 656 4414 captivis
705 4343 1110 4406 remissionem,
1156 4349 1210 4396 et
1265 4344 1429 4398 caecis
1492 4341 1694 4406 visum,
1727 4340 1999 4397 dimittere

423 4437 735 4491 confractos
762 4437 814 4489 in
844 4436 1222 4491 remissionem
1263 4455 1274 4488 :
1317 4449 1516 4490 vocare
1546 4449 1749 4488 annum
1783 4433 1998 4488 Domini

2109 1951 2237 2018 εἷεν,
2273 1955 2322 2008 οἱ
2346 1953 2424 2025 τῷ
2459 1954 2674 2027 Ἰσραὴλ
2716 1955 3166 2026 παραδεδομένον
3196 1954 3400 2027 πρῶτοι
3426 1956 3534 2027 γὰρ
3572 1958 3695 2010 ἐπι-

2111 2045 2411 2116 στεύθησαν
2454 2045 2523 2099 τά
2555 2046 2711 2115 λόγια
2747 2046 2841 2100 τοῦ
2885 2047 3050 2111 Θεοῦ,
3082 2048 3201 2100 ὅθεν
3241 2047 3567 2113 ἀντλοῦντας
3601 2051 3698 2104 καὶ

2107 2141 2256 2210 ἡμᾶς
2286 2139 2532 2211 ἀρδεύειν
2576 2139 2755 2210 δεήσει
2791 2139 2889 2204 τάς
2927 2140 3255 2211 Ἐκκλησίας
3289 2140 3384 2194 τοῦ
3430 2142 3696 2213 Χριστοῦ.

2108 2231 2374 2295 Νεάνιδας
2399 2231 2457 2285 δὲ
2483 2232 2578 2285 καὶ
2599 2232 3034 2303 τυμπανιστρίας
3055 2231 3152 2297 τὰς
3182 2232 3349 2288 πάλαι
3377 2233 3701 2304 σωματικῶ-

2107 2337 2264 2391 τερον
2324 2319 2467 2374 κατὰ
2532 2322 2626 2375 τὸν
2669 2323 2948 2386 Μωῦσέως
3005 2323 3169 2395 νόμον
3245 2324 3464 2395 βιούσας
3520 2325 3700 2395 ψυχὰς

2107 2411 2358 2483 ᾐνίξατο,
2390 2411 2478 2466 διά
2520 2414 2619 2483 μὲν
2652 2412 2714 2465 τὸ
2749 2411 3012 2486 νεώτερον
3047 2415 3140 2468 καὶ
3165 2415 3352 2479 ἀτελὲς
3377 2415 3468 2468 τοῦ
3496 2416 3700 2486 φρονή-

2111 2524 2278 2578 ματος
2303 2506 2549 2570 νεάνιδας
2571 2546 2585 2571 ,
2622 2505 2708 2561 διὰ
2740 2507 2795 2560 δὲ
2821 2507 2881 2560 τὸ
2908 2508 3035 2578 περὶ
3086 2507 3404 2579 σωματικὴν
3439 2507 3700 2578 κατατρί-

2107 2599 2297 2654 6εσθαι
2327 2599 2621 2672 θρησκείαν
2648 2600 3082 2672 τυμπανιστρίας
3121 2599 3288 2664 αύτάς
3328 2599 3696 2664 ἀποκαλέσας.

2122 2889 2248 2942 Ἀπὸ
2282 2887 2387 2941 τοῦ
2444 2888 2706 2944 Ἡσαΐου.
2731 2919 2798 2929 -
2821 2885 2961 2954 Περὶ
3007 2883 3115 2952 τῆς
3155 2882 3528 2954 προφητικῆς
3553 2885 3697 2938 dra-

2173 2957 2472 3028 γνώσεως,
2496 2958 2574 3025 ἣν
2603 2958 2784 3028 αὐτὸς
2818 2961 2850 3011 ό
2883 2953 3098 3028 Κύριος
3127 2953 3296 3024 ήμῶν
3323 2954 3572 3022 διῆλθεν
3593 2955 3693 3008 ἐπὶ

2175 3025 2285 3097 τῆς
2309 3027 2666 3100 συναγωγῆς
2697 3025 2814 3081 τῶν
2847 3025 3164 3082 Ἰουδαίων.

2182 3162 2202 3196 ι
2234 3143 2461 3214 Πνεῦμα
2507 3143 2714 3214 Κυρίου
2755 3143 2840 3194 ἐπ’
2881 3140 3002 3212 ἐμὲ,
3033 3131 3094 3192 οὗ
3139 3138 3346 3191 εἵνεκεν
3379 3136 3562 3208 ἐχρισέ
3599 3154 3684 3208 με.

2106 3234 2574 3305 Εὑαγγελίσασθαι
2621 3234 2858 3305 πτωχοῖς
2905 3229 3219 3286 ἁπέσταλκέ
3275 3246 3377 3300 με,
3436 3228 3682 3283 ἰάσασθαι

2103 3331 2231 3395 τοὺς
2259 3330 2748 3404 συντετριμμένους
2773 3329 2873 3402 τὴν
2907 3327 3156 3399 καρδίαν,
3195 3327 3291 3380 καὶ
3317 3326 3546 3399 κηρύξαι
3565 3326 3682 3396 αίχ-

2108 3420 2374 3496 μα)ιὲιτοις
2419 3423 2612 3492 ἄφεσιν
2637 3461 2652 3484 ,
2699 3422 2794 3476 καὶ
2840 3421 3060 3492 τυφλοῖς
3096 3421 3410 3492 ἀνάϐλεψιν,
3467 3421 3685 3475 καλέσαι

2108 3516 2350 3569 ἐνιαυτὸν
2374 3515 2579 3588 Κυρίου
2608 3514 2815 3578 δεκτὸν,
2843 3515 2935 3567 καὶ
2964 3514 3176 3585 ἡμέραν
3203 3515 3626 3576 ἀνταποδόσεως.
3662 3533 3678 3564 ι

2103 3608 2214 3661 Καὶ
2244 3607 2445 3678 ταύτην
2471 3607 2632 3670 αὐτὸς
2656 3609 2684 3659 ὁ
2717 3607 2920 3678 Κύριος
2946 3605 3102 3677 ἡμῶν
3137 3604 3235 3677 τὴν
3272 3607 3576 3678 πρόρρησιν
3609 3606 3688 3669 είς

2103 3699 2292 3754 ἐαυτὸν
2334 3699 2587 3772 ὁμολογεῖ
2625 3697 3045 3769 πεπληρῶσθαι,
3101 3698 3188 3751 ὅτε
3211 3738 3226 3759 ,
3263 3696 3431 3749 ἐλθὼν
3473 3698 3553 3759 εἰς
3591 3694 3689 3766 τὴν

2101 3792 2354 3865 Ναζαρὲθ
2371 3831 2385 3855 ,
2413 3787 2472 3846 οὗ
2498 3787 2564 3862 ἦν
2604 3789 3086 3862 ἀνατεθραμμένος
3107 3829 3121 3851 ,
3151 3787 3396 3859 εἰσῆλθεν
3416 3828 3430 3850 ,
3463 3786 3602 3841 κατά
3627 3787 3690 3840 τὸ

2102 3883 2290 3946 εἰωθὸς
2310 3883 2477 3954 αὐτῷ,
2501 3883 2558 3936 ἐν
2583 3885 2649 3954 τῇ
2674 3885 2859 3956 ἡμέρᾳ
2880 3881 2987 3935 τῶν
3013 3881 3305 3936 Σαϐϐάτων
3329 3883 3408 3944 είς
3432 3881 3530 3951 τὴν
3562 3897 3690 3934 συν-

2102 3974 2349 4044 αγωγήνο
2381 3974 2672 4028 ἀναστάντι
2704 3974 2761 4027 δὲ
2782 3972 2931 4044 αύτῴ
2960 3971 3186 4043 ἐπεδόθη
3228 3971 3451 4031 Ἠσαῖας
3487 3971 3514 4022 ὁ
3552 3985 3686 4039 προ-

2103 4069 2278 4138 φήτης
2298 4106 2312 4129 ,
2339 4059 2400 4119 οῦ
2439 4068 2534 4120 καὶ
2563 4066 2874 4132 ἀναπτύξας
2896 4066 2995 4136 τὴν
3024 4064 3204 4134 βίϐλον
3228 4103 3242 4125 ,
3269 4062 3478 4128 ἀνέγνω
3502 4059 3562 4110 τὸ
3588 4061 3681 4124 ἐγ-

2099 4159 2480 4230 γεγραμμένον
2500 4176 2512 4188 ·
2545 4178 2562 4211 ι
2609 4158 2834 4228 Πνεῦμα⁵
2863 4158 3066 4228 Κυρίου
3093 4158 3178 4210 ἐπ’
3216 4157 3346 4224 ἐμὲ,
3382 4146 3443 4204 οῦ
3473 4152 3680 4202 εἵνεκεν

2101 4249 2284 4322 έχρισέ
2328 4267 2414 4320 με.
2459 4250 2927 4318 Εύαγγελίσασθαι
2961 4251 3194 4316 πτωχοῖς
3235 4241 3541 4298 ἁπέσταλκέ
3589 4257 3677 4310 με.

2101 4345 2333 4416 κηρύξαι
2361 4343 2724 4414 αἰχμαλώτοις
2750 4342 2942 4411 ἄφεσιν
2961 4380 2976 4402 ,
3003 4341 3096 4392 καὶ
3121 4337 3338 4406 τυφλοῖς
3363 4332 3676 4401 ἁνάδλεψιν,

2100 4436 2416 4490 ἀποστεῖλαι
2440 4435 2873 4506 τεθραυσμένους
2907 4433 2964 4483 ἐν
2990 4430 3216 4497 ἀφέσει,
3253 4425 3476 4480 καλέσαι
3505 4426 3680 4478 ἐνιαυ-

423 4537 732 4598 acceptum.
771 4526 834 4580 Et
885 4542 1006 4580 cum
1069 4527 1353 4597 plicuisset
1388 4527 1609 4590 librum,
1641 4526 1996 4582 reddidisset-

2107 4526 2188 4579 τὸν
2216 4527 2418 4598 Κυρίου
2444 4526 2650 4580 δεκτόν.
2693 4523 2801 4577 Καὶ
2841 4521 3045 4587 πτύξας
3083 4519 3143 4572 τὸ
3181 4518 3382 4588 βιϐλίον
3409 4555 3423 4580 ,
3449 4515 3678 4576 ἀποδοὺς

423 4636 530 4691 que
555 4621 828 4683 ministro,
862 4626 980 4674 tum
1005 4620 1147 4674 sedit
1181 4638 1196 4677 :
1227 4626 1282 4673 et
1320 4619 1566 4672 omnium
1603 4617 1746 4672 oculi
1778 4618 1832 4672 in
1863 4635 1996 4674 con-

422 4726 588 4772 ventu
610 4723 765 4772 erant
789 4715 983 4770 intenti
1017 4715 1070 4768 in
1120 4715 1294 4769 illum.
1350 4713 1535 4784 Itaque
1564 4714 1731 4784 erepit
1775 4715 1840 4768 ad
1874 4715 1996 4771 illos

421 4809 627 4872 dicere,
658 4807 801 4877 quod
858 4807 951 4860 illo
981 4807 1068 4861 die
1109 4807 1372 4875 completa
1403 4813 1548 4861 esset
1599 4806 1873 4876 scriptura
1908 4808 1998 4861 illa

425 4902 480 4955 in
514 4901 739 4955 auribus
765 4901 982 4954 illorum
1000 4899 1066 4954 “.
1100 4919 1116 4950 ι
1158 4897 1298 4968 Ergo
1342 4896 1594 4952 Salvator
1638 4914 1702 4951 ac
1732 4898 1997 4970 Dominus

424 5001 612 5049 noster
637 5011 701 5049 ex
735 4993 836 5047 hac
874 4993 1034 5064 plane
1073 4992 1342 5062 scriptura
1391 4990 1609 5045 videtur
1637 4991 1796 5064 longe
1818 4994 2000 5048 excel-

423 5087 622 5143 lentius
651 5101 715 5141 ac
745 5087 938 5141 melius
969 5101 1128 5156 quam
1153 5085 1228 5138 illi
1259 5083 1572 5140 sacerdotes
1602 5084 1693 5154 qui
1719 5085 1847 5138 olim
1884 5102 2000 5140 cor-

421 5176 596 5248 porali
646 5177 904 5230 unctione
953 5175 1316 5246 ungebantur,
1349 5189 1457 5227 non
1510 5174 1630 5228 oleo
1679 5184 1998 5244 comparato

422 5285 600 5340 neque
646 5270 714 5322 ab
759 5268 1095 5333 hominibus,
1131 5274 1187 5319 ut
1210 5266 1300 5319 alii
1333 5265 1602 5328 solebant,
1634 5264 1729 5319 sed
1781 5266 1988 5330 divino,

421 5363 526 5417 hoc
558 5370 663 5426 est,
701 5359 794 5416 Dei
825 5359 1115 5428 Patrisque
1169 5358 1254 5412 sui
1299 5357 1504 5428 Spiritu
1537 5365 1738 5412 unctus
1771 5376 1786 5412 :
1820 5375 1850 5412 a
1883 5374 1993 5428 quo

421 5454 585 5506 etiam
623 5451 745 5519 ejus
788 5451 1092 5506 divinitatis
1123 5465 1242 5520 qua:
1279 5450 1418 5504 facta
1455 5465 1563 5504 non
1623 5461 1728 5514 est,
1768 5466 1992 5520 compos

421 5544 647 5597 ell'eetus
680 5542 825 5599 Deus
857 5560 920 5598 ac
954 5542 1222 5596 Dominus
1254 5542 1308 5594 in
1340 5541 1514 5596 sacris
1556 5539 1737 5595 dictus
1791 5551 1874 5596 est
1904 5539 1993 5593 Li-

421 5629 558 5690 bris.
614 5634 750 5689 lluic
781 5636 1078 5706 pmphctia:
1124 5651 1239 5706 qua:
1270 5649 1416 5687 nunc
1470 5640 1737 5686 tractatur
1792 5631 1993 5687 similia

495 5818 538 5847 ⁸⁵
577 5814 682 5871 lsa.
723 5833 831 5884 Lu,
870 5817 916 5868 l.
998 5817 1042 5847 “
1084 5817 1211 5870 Luc.
1255 5832 1338 5880 Iv,
1379 5813 1560 5868 18-21.

2100 4620 2178 4696 τῷ
2207 4620 2476 4692 ὑπηρέτῃ,
2513 4617 2750 4672 ἐκάθισε.
2780 4617 2890 4671 Καὶ
2926 4615 3139 4668 πάντων
3161 4615 3210 4666 οἱ
3234 4609 3501 4680 ὀφθαλμοὶ
3529 4609 3585 4660 ἐν
3610 4607 3678 4679 τῇ

2105 4715 2392 4784 συναγωγῇ
2441 4710 2578 4783 ἦσαν
2631 4709 2966 4773 ἀτενίζοντες
3006 4706 3172 4777 αύτῷ.
3205 4703 3448 4775 ’Ἠρξατο
3482 4699 3537 4752 δὲ
3594 4697 3681 4751 λέ-

2103 4819 2222 4870 γειν
2249 4803 2383 4872 πρὸς
2409 4802 2628 4864 αὐτοὺς,
2657 4801 2759 4860 ὅτι,
2792 4799 3036 4869 Σήμερον
3061 4793 3460 4864 πεπλήρωταιή
3485 4787 3675 4860 Γραφὴ

2104 4895 2244 4965 αῦτη
2267 4896 2324 4946 ἐν
2366 4897 2478 4957 τοῖς
2519 4893 2652 4945 ὠσὶν
2695 4891 2868 4961 ὑμῶν.
2914 4909 2930 4940 ι
2984 4889 3040 4942 '0
3079 4887 3179 4957 μὲν
3221 4882 3312 4938 οὖν
3361 4880 3550 4952 Σωτὴρ
3584 4878 3678 4932 γαὶ

2098 4986 2302 5058 Κύριος
2324 4985 2481 5056 {mihi
2502 4984 2589 5037 διὰ
2622 4984 2824 5051 ταύτης
2850 4980 3095 5050 φαίνεται
3127 4976 3314 5046 σαφῶς
3341 4975 3437 5044 τῆς
3459 4969 3679 5042 Γραφῆς

2097 5076 2459 5149 διαφερόντως
2487 5076 2581 5130 κοιλ⁹
2614 5074 2933 5146 κρειττόνως
2960 5069 3110 5140 παρὰ
3145 5069 3260 5130 τοὺς
3296 5064 3461 5118 πάλαι
3489 5077 3678 5132 σωμα-

2099 5168 2392 5238 τικὼτερον
2429 5167 2749 5239 χριομένους
2790 5164 2970 5236 ἱερέας
2991 5202 3005 5225 ,
3045 5161 3146 5212 οὐκ
3179 5157 3341 5226 ἐλαίῳ
3375 5149 3675 5220 σκευαστῷ,

2095 5263 2216 5317 οὐδὲ
2248 5264 2339 5315 ὑπ’
2373 5261 2699 5331 ἀνθρώπων,
2743 5257 2942 5328 ὁμοίως
2973 5257 3081 5316 τοῖς
3119 5251 3318 5316 ἄλλοις,
3364 5249 3479 5302 ἀλλ’
3511 5245 3681 5315 ἐνθέῳ

2098 5354 2379 5426 Πνεύματι
2411 5352 2575 5406 αὐτοῦ
2609 5351 2674 5421 δὴ
2705 5349 2798 5402 τοῦ
2826 5345 2962 5401 Θεοῦ
3008 5347 3101 5399 καὶ
3154 5342 3370 5413 Πατρὸς
3396 5337 3556 5392 αὑτοῦ
3585 5353 3680 5390 κε-

2097 5447 2388 5518 χρισμένος
2414 5463 2426 5476 ο
2461 5444 2588 5514 παρ’
2621 5438 2680 5497 οὗ
2713 5443 2806 5495 καὶ
2844 5441 2945 5511 τῆς
2975 5440 3270 5508 ἀγεννήτου
3299 5434 3551 5502 θεότητος
3587 5445 3682 5498 με·

2096 5535 2314 5608 τασχὼν
2335 5577 2349 5600 ,
2378 5536 2507 5601 Θεὸς
2543 5535 2633 5589 καὶ
2659 5536 2862 5604 Κύριος
2892 5532 3027 5603 πρὸς
3053 5530 3159 5583 τῶν
3200 5527 3360 5598 ἱερῶν
3387 5521 3682 5595 ἀνηγόρευ-

2098 5648 2188 5684 ται
2219 5631 2468 5704 Γραφῶν.
2513 5627 2844 5690 Ἀκολούθως
2882 5625 2935 5677 δὲ
2981 5625 3047 5694 τῇ
3088 5620 3222 5692 μετά
3248 5619 3434 5690 χεῖρας
3465 5629 3680 5684 προφη-
