4098 6422
399 390 507 447 639

1326 385 1983 444 DEMONSTRATIONIS
2019 386 2479 446 ΕνΑΝῦΕιιεΑε
2514 386 2647 445 LIB.
2686 388 2777 446 IX.

3555 390 3662 448 630

398 508 523 583 τείᾳ
562 511 800 581 πτωχοῖς
847 507 1331 579 εὐαγγελιζόμενος
1389 506 1668 577 εἰσάγεται
1721 508 1873 581 παρὰ
1905 508 1983 581 τῷ

2086 511 2278 568 scribit
2309 511 2618 579 Mattbaeus,
2664 511 2758 568 ubi
2819 511 2968 569 illum
3024 528 3295 584 pauperes
3351 514 3661 584 evangelica

400 602 689 672 Ματθαίῳ,
723 603 811 656 ὅτε
853 620 871 654 ι
915 599 1036 654 ίδὼν
1067 598 1196 664 τοὺς
1222 598 1410 671 ὄχλους
1441 599 1607 671 ἀνέϐη
1643 602 1724 664 είς
1746 600 1808 654 τὸ
1824 600 1950 673 ὅρος
1969 642 1986 666 ,

402 694 497 747 καὶ
546 693 866 756 καθίσαντος
911 689 1076 744 αὑτοῦ
1102 729 1116 753 ,
1170 688 1475 760 προσῆλθον
1527 687 1678 759 αὐτῷ
1703 690 1751 741 oi
1810 689 1987 761 μαθη-

402 785 493 839 ταὶ
545 782 728 849 αὐτοῦ,
765 782 857 837 καὶ
894 781 1111 847 ἀνοίξας
1162 781 1225 835 τὸ
1267 781 1467 854 στόμα.
1498 781 1663 836 αὐτοῦ
1708 780 1986 838 ἐδίδασκεν

404 875 631 939 αὐτοὺς,
658 874 879 945 λέγων·
922 873 1196 946 Μακάριοι
1236 874 1286 927 οί
1336 872 1537 945 πτωχοὶ
1581 872 1660 945 τῷ
1691 873 1984 945 πνεύματι,

402 967 486 1021 ὅτι
525 965 703 1022 αὖτῶν
748 969 896 1021 ἐστιν
924 967 957 1036 ή
989 965 1232 1037 βασιλεία
1259 966 1368 1020 τῶν
1394 965 1661 1040 οὐρανῶν.
1691 987 1709 1020 ι
1746 967 1853 1021 Καὶ
1888 984 1987 1021 τυ-

405 1059 556 1130 φλοῖς
583 1060 640 1114 δέ
683 1059 978 1131 ἀνάϐλεψιν
1027 1058 1444 1132 παρεσχημένος
1476 1058 1576 1113 ούκ
1616 1059 1818 1129 ὀλίγοις
1853 1061 1986 1115 ἀνα-

403 1153 743 1225 γέγραπται·
781 1153 843 1206 οὐ
896 1152 1053 1224 μόνον
1091 1150 1201 1224 γὰρ
1245 1152 1359 1215 τοῖς
1399 1150 1497 1215 τάς
1542 1151 1695 1222 ὄψεις
1742 1150 1835 1206 τοῦ
1876 1150 1984 1205 σώ-

408 1257 576 1315 ματος
599 1243 985 1314 ήφανισμένοις
1010 1242 1072 1295 τὸ
1104 1241 1323 1313 βλέπειν
1353 1240 1625 1313 ἐδωρεῖτο,
1649 1241 1788 1296 ἀλλά
1806 1259 1868 1311 γε
1892 1243 1986 1298 καὶ

402 1336 516 1399 τοῖς
538 1335 799 1408 πρότερον
829 1333 1062 1406 τῇ-ψυχῇ
1094 1332 1493 1404 τυφλώττουσιν
1510 1335 1682 1400 αἴτιος
1715 1336 1815 1409 τῆς
1843 1337 1985 1392 κατὰ

403 1423 529 1481 νοῦν
585 1425 839 1499 θεωρίας,
893 1427 988 1481 καὶ¹
1039 1426 1138 1498 τῆς
1180 1425 1527 1495 ἐπιγνώσεως
1566 1425 1659 1480 τοῦ
1693 1426 1802 1481 τῶν
1848 1428 1984 1481 ὅλων

404 1517 538 1572 Θεοῦ
559 1518 802 1588 γέγονεν.
834 1519 945 1573 Καὶ
959 1517 1132 1583 ἄλλως
1157 1519 1255 1591 τῆς
1278 1514 1396 1573 οὖσι
1424 1518 1665 1591 δεσμίοις
1688 1521 1782 1574 καὶ
1806 1523 1985 1593 ἀπηγ-

409 1608 591 1681 μένοις
618 1609 987 1682 αἰχμαλώτοις
1023 1610 1127 1665 ὑπὸ
1154 1611 1256 1679 τῆς
1287 1611 1519 1682 ἀοράτου
1543 1612 1638 1666 καὶ
1664 1612 1985 1684 δαιμονικῆς

401 1701 715 1772 δυνάμεως,
752 1700 936 1756 κακῶν
972 1718 1032 1755 τε
1080 1704 1286 1771 σειραῖς
1334 1702 1730 1774 πεπεδημένοις
1771 1703 1986 1759 ἐλευθε-

407 1798 529 1872 ρίαν
577 1798 672 1854 καὶ
712 1798 895 1853 ἄνεσιν
928 1798 1037 1852 τῶν
1087 1776 1416 1870 οίυνεχόντων
1453 1799 1770 1870 ἐκήρυττεν,
1808 1800 1856 1853 εί
1889 1799 1983 1854 καὶ

2090 602 2450 660 instruentem
2477 604 2711 670 inducit,
2741 618 2851 674 quo
2896 612 3141 676 tempore
3177 621 3196 655 ι
3231 603 3424 660 videns
3468 606 3660 661 turbas

2088 692 2341 749 ascendit
2366 695 2424 749 in
2462 701 2725 759 montem,
2760 701 2817 749 et
2863 708 2988 750 cum
3031 693 3284 757 sedisset.
3311 704 3660 753 accesseram

2087 786 2157 841 ad
2190 786 2340 841 illum
2367 786 2621 858 discnpuli
2661 788 2801 856 ejus,
2826 794 2881 843 et
2922 787 3174 858 aperiens
3197 804 3260 845 os
3290 802 3448 843 suum
3497 788 3661 845 doce-

2086 876 2182 931 bat
2206 891 2324 942 eos,
2385 878 2574 934 dicens
2607 895 2622 933 :
2681 875 2832 933 Beati
2863 894 3126 949 pauperes
3153 880 3370 951 spilitu,
3401 881 3657 948 quoniam

2086 967 2331 1039 ipsorum
2358 976 2443 1025 est
2468 984 2695 1040 regnum
2730 971 2994 1025 caelorum
3029 972 3095 1026 ⁸⁷.
3128 991 3148 1024 ι
3172 970 3306 1026 Nam
3329 972 3492 1026 etiam
3520 970 3661 1026 illud

2087 1060 2297 1130 scripto
2332 1059 2606 1132 proditum
2637 1069 2741 1127 est,
2768 1062 2914 1133 quod
2938 1063 3099 1119 cacis
3131 1079 3238 1119 non
3263 1064 3454 1133 paucis
3478 1065 3657 1121 visum

2087 1152 2419 1219 restituerit;
2447 1150 2610 1226 443
2641 1168 2750 1208 non
2781 1154 2958 1209 solum
3007 1156 3153 1210 enim
3200 1154 3291 1217 iis,
3334 1155 3428 1226 qui
3482 1155 3659 1213 oculis

2086 1246 2337 1317 corporis
2370 1246 2518 1317 capti
2551 1253 2733 1309 erant,
2762 1247 2939 1301 visum
2971 1246 3324 1316 largiebatur,
3360 1248 3454 1304 sed
3484 1249 3655 1303 etiam

2086 1337 2176 1401 iis,
2207 1338 2302 1409 qui
2328 1338 2384 1393 in
2406 1338 2578 1394 altero
2607 1352 2806 1408 genere
2836 1339 3164 1410 caligabant,
3199 1348 3257 1395 ut
3278 1342 3461 1397 animo
3489 1341 3656 1396 Deum

2085 1428 2331 1485 universi
2378 1428 2727 1485 intuerentur
2772 1439 2937 1501 atque
2965 1439 3342 1502 agnoscerent,
3376 1440 3656 1487 auctorem

2087 1530 2149 1573 se
2180 1516 2491 1573 exhibebat.
2531 1518 2748 1587 Alioqui
2778 1532 2909 1573 vero
2936 1519 3098 1573 etiam
3129 1518 3217 1583 iis,
3240 1520 3332 1588 qui
3361 1520 3429 1574 ab
3465 1518 3659 1574 invisi-

2089 1608 2188 1666 bili
2223 1623 2288 1664 ac
2316 1607 2617 1664 daemonica
2647 1616 2917 1681 potestate
2943 1609 3112 1665 vincti
3139 1618 3324 1666 essent
3351 1611 3658 1680 captivique

2087 1701 2308 1759 abducti
2334 1716 2399 1757 ac
2429 1702 2699 1758 malorum
2751 1704 2961 1760 catenis
3012 1704 3284 1775 impliciti,
3329 1705 3656 1769 libertatem,

2087 1793 2618 1866 dissolutionemque
2647 1810 2837 1850 earum
2866 1811 3074 1862 rerum,
3099 1810 3128 1851 a
3151 1798 3352 1868 quibus
3397 1797 3660 1852 teneban-

404 1890 579 1953 αὐτοὶ,
610 1888 688 1960 τῷ
730 1887 1047 1962 κηρύγματι
1080 1886 1488 1975 πιστεύσαντες,
1512 1885 1601 1943 οἷα
1625 1888 1872 1961 λυτρωτῇ
1898 1890 1984 1944 καὶ

2091 1894 2202 1952 tur,
2232 1886 2612 1951 denuntiabat,
2643 1886 2692 1943 si
2722 1886 2882 1943 modo
2901 1887 3008 1956 ipsi
3036 1900 3255 1958 quoque
3291 1888 3439 1944 illius
3464 1886 3659 1958 praedi-

400 1981 620 2054 Σωτῆρι
648 1981 1047 2055 προσδράμοιεν
1068 1980 1238 2053 αὐτῷ,
1256 1981 1350 2035 καὶ
1382 1983 1491 2045 τοῖς
1520 1979 1683 2035 αὑτοῦ
1708 1980 1978 2034 πεισθεῖεν

404 2071 848 2145 παραγγέλμασι.
901 2073 1012 2127 Καὶ
1068 2072 1137 2127 τὰ
1175 2072 1337 2126 λοιπά
1368 2073 1425 2126 δέ
1464 2071 1559 2126 τοῦ
1608 2071 1790 2142 λογίου
1838 2071 1980 2127 κατά

403 2162 595 2237 καιρὸν
627 2166 686 2218 ἐν
716 2166 829 2228 τοῖς
865 2163 995 2234 περὶ
1027 2162 1136 2217 τῶν
1164 2163 1508 2234 ἐπαγγελιῶν
1535 2162 1976 2235 ἐξετασθήσεται.

2087 1974 2288 2034 cationi
2322 1978 2481 2034 ﬁdem
2511 1977 2851 2046 adhibentes,
2883 1977 2952 2032 ad
2993 1978 3146 2032 illum
3180 1976 3440 2050 tanquam
3474 1978 3540 2034 ad
3571 1994 3659 2035 re-

2084 2070 2423 2142 demptorem
2441 2077 2496 2128 et
2523 2069 2861 2126 Salvatorem
2883 2071 3243 2125 accurrebant
3270 2077 3324 2126 et
3345 2070 3492 2127 illius
3521 2086 3661 2141 prat-

2086 2162 2262 2234 ceptis
2298 2163 2769 2235 obtemperabant.
2813 2161 3105 2227 Caeterum,
3152 2177 3273 2233 quae
3300 2178 3365 2219 ex
3403 2166 3503 2218 hoc
3532 2177 3661 2219 ora-

404 2260 529 2314 culo
566 2266 884 2330 supersunt,
918 2272 1021 2313 suo
1067 2267 1315 2329 tempore
1380 2258 1436 2313 in
1507 2256 1597 2325 iis,
1634 2272 1756 2328 qua:
1805 2256 1873 2313 de
1917 2257 2381 2327 promissionibus
2402 2256 2685 2312 tractanda
2706 2264 2855 2322 sunt,
2885 2254 3260 2327 exquirentur.

415 2374 561 2428 Ἀπὸ
593 2373 699 2444 τοῦ
718 2374 1198 2444 Δευτερονομίου.
1218 2406 1290 2417 -—
1323 2374 1464 2443 Περὶ
1479 2372 1590 2444 τῆς
1605 2375 1753 2430 κατὰ
1772 2374 1837 2429 τὸ
1864 2376 1981 2431 Εὐ-

475 2443 757 2514 αγγέλιον
782 2443 889 2498 τοῦ
921 2443 1179 2514 Χριστοῦ
1209 2443 1589 2515 νομοθεσίας.

483 2573 502 2607 ι
528 2555 821 2627 Προφήτην
866 2557 931 2609 ἐκ
969 2555 1078 2610 τῶν
1115 2556 1354 2628 ἀδελφῶν
1398 2574 1493 2612 σου
1531 2558 1827 2631 ἀναστήσει
1865 2556 1982 2614 Κύ-

407 2666 521 2721 ριος
545 2650 574 2702 ὀ
596 2648 728 2712 Θεός
755 2666 849 2703 σου
874 2648 950 2713 ώς
977 2648 1097 2721 ἐμέ·
1120 2648 1286 2702 αὐτοῦ
1315 2648 1615 2703 ἀκούσεσθε
1635 2648 1778 2704 κατά
1806 2650 1986 2705 πάντα

405 2741 507 2796 ὅσα
553 2741 740 2811 ᾐτήσω
769 2740 921 2813 παρά
970 2741 1175 2812 Κυρίου
1232 2739 1326 2795 τοῦ
1356 2739 1491 2794 Θεοῦ
1546 2757 1641 2794 σου
1682 2742 1741 2795 ἐν
1784 2740 1989 2813 Χωρήϐ

403 2835 470 2904 τῇ
506 2831 688 2905 ἡμέρα
710 2833 811 2904 τῆς
848 2831 1163 2904 ἐκκλησίας,
1186 2830 1435 2902 λέγοντες
1458 2849 1474 2865 ·
1494 2833 1570 2886 Ού
1600 2832 1982 2906 προσθήσομεν

403 2923 634 2981 ἀκοῦσαι
670 2924 773 2995 τῆς
810 2925 994 2997 φωνῆς
1021 2924 1117 2978 τοῦ
1148 2925 1354 2999 Κυρίου
1389 2925 1482 2980 τοῦ
1512 2924 1647 2980 Θεοῦ
1681 2925 1857 2999 ήμῶν,
1886 2926 1981 2981 καὶ

404 3016 465 3071 τὸ
493 3016 605 3089 πῦρ
647 3016 709 3070 τὺ
752 3016 893 3087 μέγα
937 3015 1097 3071 τοῦτο
1143 3018 1244 3072 οὐκ
1295 3017 1539 3090 ὀψόμεθα
1590 3017 1706 3085 ἔτι,
1738 3018 1860 3072 οὐδὲ
1905 3017 1979 3090 μὴ

406 3106 783 3179 ἀποθάνωμεν.
833 3106 943 3162 Καὶ
996 3102 1117 3160 εἷπε
1165 3107 1370 3181 Κύριος
1420 3109 1559 3182 πρὸς
1619 3109 1721 3182 μέ·
1776 3109 1981 3183 Ὀρθῶς

405 3199 583 3253 πάντα
609 3200 710 3253 ὃσα
733 3198 1000 3271 ἐλάλησαν
1020 3216 1034 3230 ·
1059 3199 1355 3273 Προφήτην
1381 3201 1446 3255 ὲκ
1476 3200 1584 3257 τῶν
1617 3200 1859 3272 ἀδελφῶν
1886 3201 1983 3256 αὐ-

2077 2355 2123 2411 Α
2163 2353 2593 2410 Deuteronomio.
2639 2385 2709 2394 —
2749 2351 2828 2407 De
2886 2367 3033 2407 nam
3090 2351 3218 2422 legis
3267 2352 3322 2406 in
3372 2348 3658 2420 Evangelia

2607 2422 2808 2480 Christi
2845 2423 3139 2479 sanctione.

2157 2554 2178 2589 ι
2206 2534 2534 2609 Prophetam
2562 2534 2631 2590 de
2661 2530 2927 2590 fratribus
2960 2531 3069 2589 tuis
3103 2532 3389 2589 suscitabit
3412 2531 3511 2588 tibi
3545 2530 3656 2588 Do-

2085 2629 2270 2685 minus
2292 2628 2436 2685 Deus
2464 2636 2595 2685 tuus
2628 2627 2773 2682 sicut
2802 2641 2917 2682 me:
2942 2625 3093 2679 illum
3121 2623 3355 2681 audietis
3385 2625 3440 2679 in
3472 2624 3655 2679 omni-

2085 2721 2190 2777 bus
2236 2735 2575 2793 quaecunque
2620 2719 2909 2791 postulasti
2950 2735 2981 2775 a
3031 2714 3264 2773 Domino
3302 2716 3412 2773 Deo
3460 2724 3555 2772 tuo
3599 2717 3657 2772 in

2085 2812 2304 2871 Choreb
2336 2812 2392 2868 in
2442 2812 2530 2867 die
2573 2811 2856 2867 concionis
2885 2810 3128 2868 dicentes
3155 2831 3168 2866 :
3199 2808 3343 2866 Non‘
3371 2811 3513 2865 ultra
3558 2825 3659 2865 au-

2087 2907 2303 2963 diemus
2340 2919 2531 2961 vocem
2571 2902 2786 2958 Domini
2833 2901 2924 2959 Dei
2971 2903 3170 2966 nostri,
3207 2912 3261 2959 et
3290 2903 3469 2976 ignem
3508 2903 3659 2958 hunc

2083 2998 2343 3071 grandem
2373 3012 2485 3052 non
2505 2995 2811 3051 videbimus
2842 2995 3099 3065 amplius,
3124 3011 3299 3067 neque
3328 2994 3658 3061 moriemur;

2085 3096 2141 3146 et
2171 3089 2309 3146 dixit
2338 3088 2601 3145 Dominus
2629 3087 2698 3143 ad
2726 3104 2813 3143 tne
2844 3086 3047 3145 :Rccte
3072 3089 3257 3143 omnia
3278 3087 3447 3142 locuti
3487 3094 3615 3141 sunt
3639 3102 3657 3153 ;

2086 3181 2407 3255 prophetam
2442 3198 2510 3239 ex
2539 3181 2801 3237 fratribus
2832 3180 3076 3252 ipsorum
3099 3182 3379 3238 suscitabo
3406 3179 3488 3237 eis
3512 3179 3661 3235 sicut

402 3293 513 3348 τῶν
546 3293 833 3365 ἀγαπήσω
867 3294 1053 3358 αὐτοῖς
1078 3293 1267 3367 ὥσπερ
1300 3312 1359 3349 σε
1378 3336 1393 3359 ,
1423 3297 1520 3351 καὶ
1549 3295 1705 3351 δώσω
1741 3295 1801 3351 τὸ
1831 3296 1984 3369 ῥῆμά

2086 3284 2161 3342 te,
2198 3283 2253 3332 et
2284 3277 2428 3333 dabo
2455 3274 2695 3332 Verbum
2730 3291 2912 3331 meum
2954 3276 3011 3330 in
3041 3289 3105 3332 os
3142 3276 3282 3345 ejus,
3323 3282 3377 3329 et
3408 3275 3662 3345 loquetur

408 3403 512 3459 μου
544 3388 622 3452 είς
653 3388 713 3441 τὸ
737 3359 918 3459 στόμα
937 3387 1127 3453 αὐτοῦ,
1158 3359 1250 3444 καί
1267 3389 1494 3462 λαλήσει
1517 3391 1700 3457 αὐτοῖς
1726 3359 1850 3446 καθζ
1881 3359 1983 3446 δτι

2086 3369 2167 3425 eis
2207 3367 2511 3425 secundum
2547 3366 2913 3439 quodcunque
2957 3381 3267 3437 pmcepero
3307 3367 3406 3430 illi,
3436 3373 3491 3421 et
3535 3364 3659 3436 qui-

409 3476 476 3530 ἂν
526 3478 849 3550 ἐντείλωμαι
895 3478 1078 3550 αὐτῷ,
1127 3480 1221 3534 καὶ
1272 3483 1301 3535 6
1344 3480 1630 3554 ἄνθρωπος
1669 3483 1728 3548 ὃς
1768 3482 1863 3538 ἐὰν
1908 3484 1983 3555 μὴ

406 3567 616 3643 ἀκούσῃ
651 3571 826 3624 πάντα
862 3572 964 3626 ὅσα
1000 3572 1095 3626 ἐὰν
1138 3572 1347 3646 λαλήσῃ
1385 3575 1414 3628 6
1452 3577 1737 3648 προφήτης
1774 3576 1867 3629 ἐπὶ
1904 3575 1984 3646 τῷ

406 3656 629 3730 ὀνόματί
660 3676 782 3731 μου,
808 3658 919 3729 ἐγὼ
939 3660 1210 3733 ἐκδικήσω
1237 3661 1297 3727 ἐξ
1323 3660 1543 3717 αὐτοῦ.»
1563 3664 1885 3735 Ἐπίστησον
1903 3666 1986 3718 ὅτι

412 3749 603 3823 μηδεὶς
640 3753 768 3824 παρ’
809 3752 1082 3825 Ἑϐραίοις
1109 3755 1334 3807 Μωῦσεῖ
1363 3753 1748 3826 παραπλήσιος
1775 3757 1987 3827 προφή-

408 3858 510 3913 της
557 3842 851 3915 ἐγήγερται
874 3882 889 3906 ,
926 3844 1172 3898 τουτέστι
1212 3843 1543 3915 νομοθέτης,
1575 3844 1669 3898 καὶ
1706 3843 1989 3910 εὐσεϐείας

408 3931 717 4004 ἀνθρώποις
743 3935 1059 4007 εἰσηγητής,
1089 3935 1122 4007 ἢ
1154 3934 1313 4007 μόνος
1339 3935 1368 3988 6
1398 3933 1668 4008 ήμέτερος
1698 3936 1913 4007 Σωτὴρ,
1959 3936 1988 3989 6

407 4023 645 4096 Χριστὸς
681 4024 776 4079 τοῦ
803 4024 941 4079 Θεοῦ
959 4042 974 4057 ο
1007 4026 1143 4099 πρὸς
1170 4025 1300 4097 γοῦν
1328 4025 1405 4097 τῷ
1428 4026 1575 4080 τέλει
1603 4025 1697 4080 τοῦ
1731 4027 1987 4099 Δευτερο-

408 4115 597 4186 νομίου
614 4115 850 4185 λέγεταιο
876 4135 895 4167 ι
915 4117 1028 4172 Οὐκ
1056 4117 1253 4188 ἀνέστη
1278 4116 1358 4171 ἐτι
1380 4118 1665 4190 προφήτης
1685 4119 1743 4170 ἐν
1774 4115 1986 4190 Ἰσραήλ

409 4204 487 4272 ώς
517 4206 813 4278 Μωῦσῆς.»
840 4207 952 4262 Καὶ
983 4209 1088 4281 μὴν
1119 4207 1302 4280 μυρίοι
1331 4208 1606 4281 προφῆται
1634 4208 1772 4281 μετά
1798 4208 1987 4264 τοῦτον

409 4300 696 4370 γεγόνασιν
715 4342 732 4369 ,
761 4301 897 4356 ἀλλά
927 4302 1026 4374 οὐχ
1058 4303 1133 4368 ὡς
1156 4304 1338 4368 αὑτός.
1368 4303 1526 4359 Ὃλον
1555 4302 1611 4357 δὲ
1639 4301 1799 4357 τοῦτο
1826 4302 1860 4374 ή
1890 4298 1985 4356 τοῦ

411 4391 546 4445 Θεοῦ
578 4392 869 4464 ὑπόσχεσις
900 4394 1311 4465 ἐπαγγέλλεται,
1342 4395 1438 4449 ἕνα
1463 4393 1605 4460 τινὰ,
1633 4396 1753 4466 οὐχὶ
1771 4394 1828 4448 δέ
1858 4393 1987 4448 πολ-

409 4480 558 4548 λοὺς,
584 4484 677 4538 καὶ
715 4485 898 4557 ὅμοιον
935 4486 1260 4560 ἀναστήσειν
1306 4487 1474 4561 αὐτῷ.
1506 4488 1667 4560 Δηλοῖ
1712 4489 1769 4542 δέ
1799 4488 1988 4543 τοῦτον

410 4575 705 4646 νομοθέτην
732 4578 826 4631 καὶ⁵
854 4578 1132 4645 εὐσεϐείας
1159 4572 1461 4653 ἀνθρώπων
1489 4580 1841 4643 διδάσκαλον,
1877 4575 1989 4646 οἷος

415 4665 574 4738 μόνος
620 4670 649 4722 ὀ
687 4667 879 4742 Σωτήρ
920 4672 1014 4725 καὶ
1057 4672 1258 4745 Κύριος
1298 4672 1454 4745 ήμῶν
1494 4671 1701 4745 Ἰησοῦς
1731 4670 1982 4743 Χριστὸς,

412 4755 506 4810 καὶ
521 4757 642 4812 οὐδὲ
665 4758 821 4824 ἀλλος
844 4761 1238 4829 ἀναδέδεικται,
1254 4762 1555 4835 νομοθέτης
1581 4763 1716 4837 ὀμοῦ
1747 4762 1836 4818 καὶ¹
1859 4779 1986 4835 προ-

412 4848 587 4920 φήτης
628 4848 722 4903 τοῦ
753 4849 861 4904 τῶν
886 4852 1021 4907 ὅλων
1057 4854 1191 4908 Θεοῦ
1214 4895 1229 4920 ,
1259 4856 1353 4910 καὶ
1381 4855 1594 4928 Πατρδς
1630 4856 1797 4910 αὐτοῦ
1828 4855 1983 4924 γενό-

414 4957 593 5012 μενος.
631 4941 769 4995 Ἀλλ’
795 4945 824 4996 6
861 4945 957 5015 μὲν
978 4945 1164 5012 ἔθνους
1207 4948 1324 5012 ἐνὸς
1368 4949 1397 5001 6
1439 4948 1680 5020 Μωῦσῆς
1713 4949 1980 5020 ἡγήσατο,

410 5031 505 5083 καὶ
544 5032 851 5106 κατάλληλα
896 5035 953 5090 δὲ
972 5036 1147 5109 τούτῳ
1192 5037 1339 5110 μόνῳ
1360 5078 1375 5102 ,
1414 5036 1536 5108 οὐχὶ
1571 5038 1627 5091 δὲ
1669 5036 1766 5092 καὶ
1804 5037 1983 5101 ἄλλοις

410 5120 585 5176 ἔθνεσι
617 5125 919 5194 νομοθετῶν
960 5126 1365 5182 ἀποδέδεικται·
1396 5130 1426 5182 6
1457 5129 1511 5182 δέ
1534 5145 1597 5199 γε
1627 5127 1860 5201 Χριστὸς
1887 5122 1982 5182 τοῦ

408 5211 542 5266 Θεοῦ
565 5255 582 5281 ,
622 5212 801 5268 λαϐὼν
842 5216 1173 5286 ἐπαγγελίαν
1231 5220 1383 5293 παρά
1432 5220 1527 5274 τοῦ
1578 5219 1790 5292 [ἰατρὸς
1844 5218 1943 5292 τὴν
1965 5260 1982 5286 ,

414 5325 433 5357 ι
457 5305 688 5377 Δίτησαι
713 5308 839 5381 παρ’
859 5308 1016 5380 ἐμοῦ,
1038 5311 1132 5364 καὶ
1156 5311 1310 5366 δώσω
1328 5330 1409 5365 σοι
1437 5312 1562 5384 ἔθνη
1593 5311 1692 5383 τὴν
1723 5309 1980 5382 κληρονο-

412 5400 542 5472 μίαν
569 5416 663 5453 σου
687 5416 701 5430 ’
738 5420 758 5454 ι
790 5401 867 5465 ὡς
888 5400 955 5455 ἀν
996 5401 1072 5475 μή
1109 5404 1268 5475 μόνον
1305 5403 1596 5468 Ἰουδαίοις,
1624 5402 1760 5456 ἀλλά
1781 5404 1874 5457 καὶ
1905 5400 1984 5474 τῷ

411 5492 570 5546 παντὶ⁵
615 5490 724 5545 τῶν
763 5491 1064 5564 ἀνθρώπων
1107 5494 1253 5564 γένει
1292 5495 1474 5558 καινὸς
1504 5493 1801 5566 νομοθέτης
1828 5493 1984 5547 εὐσε-

409 5585 560 5651 ϐείας
606 5586 710 5641 ὑπὸ
752 5586 845 5642 τοῦ
895 5587 1110 5661 Πατρὺς
1151 5588 1485 5657 καταστῆναι
1522 5590 1586 5659 τῇ
1622 5586 1838 5640 πάντων
1876 5584 1982 5639 τῶν

409 5674 578 5730 ἐθνῶν
608 5677 794 5750 κλήσει
822 5677 1052 5754 δυνατήν
1090 5678 1184 5733 καὶ
1211 5679 1465 5751 ἁρμόδιον
1496 5677 1862 5751 προϐέϐληται
1899 5695 1985 5732 νο·-

486 5860 527 5893 ⁶τ
567 5859 753 5916 Matth.
790 5878 856 5927 ιν,
894 5862 1010 5917 1-3.
1088 5862 1129 5893 ⁸⁸
1169 5860 1324 5916 Deut.
1361 5875 1529 5925 xvnt,
1562 5859 1748 5914 1319.

2086 3475 2304 3532 cunque
2326 3461 2493 3517 homo
2539 3476 2650 3517 non
2702 3460 2939 3518 audierit
2977 3457 3158 3514 omnia
3200 3472 3538 3529 quaecunque
3579 3457 3661 3512 lo-

2085 3560 2286 3623 quetur
2309 3552 2575 3623 propheta
2600 3552 2690 3607 ille
2718 3551 2773 3607 in
2798 3553 3019 3610 nomine
3047 3568 3189 3617 meo,
3220 3564 3319 3626 ego
3342 3549 3583 3607 ulciscar
3602 3547 3660 3603 in

2085 3662 2154 3701 eo
2172 3646 2238 3701 ⁸⁸.
2271 3665 2290 3699 ι
2313 3645 2700 3703 Animadverte
2725 3646 3014 3718 diligenter
3036 3654 3097 3703 ut
3127 3649 3311 3702 nullus
3333 3648 3491 3718 plane
3510 3640 3658 3717 apud

2086 3737 2349 3794 Hebraeos
2381 3737 2520 3794 Mosi
2545 3739 2743 3796 similis
2774 3741 3039 3812 propheta
3066 3740 3384 3803 surrexerit,
3421 3739 3526 3794 hoc
3547 3746 3653 3803 est,
3704 3756 3707 3761 ‘

2087 3832 2180 3902 qui
2215 3841 2268 3887 et
2295 3831 2475 3903 legum
2512 3839 2728 3897 auctor,
2763 3838 2817 3887 et
2851 3831 3071 3902 pietatis
3107 3832 3250 3904 apud
3291 3832 3538 3889 homines
3572 3832 3658 3886 in-

2088 3922 2372 3978 troductor
2399 3921 2695 3987 eXStiterit,
2722 3922 2830 3978 nisi
2848 3939 2991 3979 unus
3008 3922 3258 3999 Salvator
3288 3931 3473 3999 noster
3499 3921 3660 3976 Chri-
3702 3940 3709 3987 ς

2087 4023 2206 4070 stus
2264 4011 2393 4077 Dei;
2432 4013 2617 4084 itaque
2674 4012 2731 4070 in
2786 4013 2893 4070 (ine
2941 3998 3352 4071 Deuterononiii
3410 4013 3652 4085 legitur.
3700 4042 3709 4087 ξ

2092 4105 2257 4162 «Non
2302 4108 2541 4163 surrexit
2569 4108 2712 4162 ultra
2750 4107 3013 4178 propheta
3060 4108 3117 4162 in
3164 4106 3330 4164 Israel
3373 4107 3516 4164 sicut
3545 4106 3659 4163 Mo-

2087 4213 2177 4256 ses
2199 4199 2266 4256 ⁶⁹.
2304 4218 2323 4253 ι
2358 4196 2494 4253 Nam
2526 4199 2630 4256 etsi
2668 4197 3101 4255 innumerabiles
3125 4199 3405 4269 prophetae
3430 4206 3554 4271 post
3594 4198 3659 4253 il-

2085 4276 2201 4348 lum
2255 4292 2605 4356 exstiterunt,
2626 4300 2681 4347 at
2728 4307 2839 4347 non
2884 4302 3066 4349 tamen
3112 4294 3254 4350 sicut
3301 4292 3409 4351 ille.
3460 4292 3701 4350 Totuml

2086 4399 2218 4440 vero
2250 4384 2356 4440 hoc
2392 4384 2508 4455 ipsa
2540 4382 2633 4439 Dei
2657 4385 2978 4455 pollicitatio
3011 4386 3294 4457 complexa
3325 4395 3432 4450 est,
3457 4386 3658 4458 quippe
3700 4382 3709 4443 ἶ

2087 4493 2210 4550 quae
2240 4492 2407 4533 unum
2454 4478 2718 4534 duntaxat
2751 4494 2859 4533 non
2893 4476 3093 4533 multos
3126 4486 3181 4534 et
3207 4478 3457 4534 eumdem
3506 4478 3661 4536 51mi-

2086 4569 2195 4625 lem
2231 4571 2307 4625 illi
2362 4572 2743 4626 suscitandum
2791 4571 3092 4642 promittat.
3141 4570 3427 4643 Signiﬁcat
3474 4583 3657 4627 autem

2092 4662 2238 4718 hunc
2270 4670 2324 4718 et
2355 4663 2535 4734 legum
2579 4670 2858 4719 auctorem
2895 4671 2949 4720 et
2975 4664 3196 4735 pietatis
3234 4663 3377 4734 apud
3409 4663 3657 4719 homines

2088 4756 2412 4825 magistrum
2454 4754 2725 4821 futurum,
2772 4754 3084 4825 cuiusmodi
3116 4772 3258 4812 unus
3306 4754 3555 4810 Salvator
3593 4768 3660 4809 ac

2086 4844 2357 4905 Dominus
2381 4856 2571 4905 noster
2592 4846 2754 4906 Jesus
2781 4848 3057 4917 Christus,
3093 4867 3196 4906 nec
3224 4851 3366 4905 alius
3395 4858 3658 4921 praeterea

2087 4936 2260 5011 444
2287 4940 2559 5011 quispiam
2592 4939 2765 4999 fuisse
2802 4940 3230 5005 demonstratur,
3264 4947 3318 4996 et
3344 4940 3517 5011 legum
3553 4955 3655 4995 au-

2088 5038 2210 5085 ctor
2252 5032 2528 5098 videlicet,
2576 5039 2631 5090 et
2676 5033 2820 5090 idem
2869 5035 2955 5091 sui
2995 5034 3187 5104 patris,
3245 5033 3339 5104 qui
3381 5030 3525 5088 Deus
3572 5041 3659 5087 est

2089 5123 2353 5189 universi,
2405 5125 2695 5196 propheta.
2724 5124 2792 5181 Et
2838 5126 3014 5182 Moses
3056 5125 3276 5195 quidem
3323 5124 3484 5179 unius
3516 5123 3658 5178 dun-

2089 5223 2242 5271 taxat
2285 5216 2460 5289 gentis
2499 5217 2609 5272 dux
2661 5214 2784 5281 fuit,
2833 5223 2888 5274 et
2918 5232 3040 5287 qua:
3087 5216 3182 5271 uni
3218 5215 3437 5283 illi,non
3473 5223 3656 5269 autem

2087 5307 2301 5364 caeteris
2341 5322 2560 5379 quoque
2597 5307 2849 5379 gentibus
2891 5304 3294 5362 accommodari
3326 5310 3569 5375 possent.
3601 5302 3658 5358 in

2088 5398 2299 5470 legibus
2334 5398 2453 5454 suis
2492 5398 2745 5455 sanxisse
2774 5397 3069 5468 reperitur,
3097 5405 3154 5451 at
3183 5412 3311 5453 vero
3340 5396 3456 5466 ipse
3495 5394 3656 5451 Chri—

2088 5497 2207 5546 stus
2252 5486 2373 5556 Dei,
2427 5491 2515 5547 ubi
2567 5506 2597 5545 a
2631 5490 2793 5546 Patre
2840 5491 3169 5560 promissum
3214 5488 3350 5544 illud
3400 5488 3652 5559 accepit:

2094 5601 2113 5635 ι
2148 5581 2369 5639 Postula
2418 5598 2448 5637 a
2486 5598 2592 5647 me,
2634 5587 2689 5637 et
2735 5581 2877 5636 dabo
2908 5580 3005 5637 tibi
3058 5588 3248 5651 gentes
3285 5579 3655 5635 haereditatem

2088 5682 2240 5731 tuam
2256 5675 2304 5715 7°
2331 5694 2345 5730 :
2378 5693 2397 5727 ι
2430 5681 2619 5744 utpote
2655 5672 2748 5744 qui
2796 5689 2907 5729 non
2933 5673 3066 5731 solis
3114 5671 3340 5738 Iudaeis,
3364 5672 3458 5729 sed
3490 5672 3674 5728 etiam

1862 5859 1907 5891 ⁶⁹
1949 5855 2104 5914 Deut.
2141 5872 2339 5919 xxxiv.
2378 5853 2466 5910 10.
2543 5852 2590 5887 ⁷⁸
2627 5851 2771 5910 Psal.
2807 5867 2879 5917 tt,
2912 5853 2965 5909 8.
