4098 6432
447 378 544 434 6M

1122 375 1392 433 EUSEDII
1426 374 1902 432 CAESARlENSIS
1922 372 2075 436 OPP.
2107 373 2288 429 PARS
2324 372 2389 429 ll.
2427 404 2495 414 —
2529 370 3029 430 APOLOGETICA.

3598 368 3705 424 69?.

448 498 707 557 universo
740 495 1021 549 hominum
1050 494 1237 565 generi
1270 510 1449 551 novus
1479 496 1655 567 legum
1688 496 2009 567 pietatisque

2123 491 2398 564 μοθεσίαν.
2454 492 2716 564 Θειοτέρᾳ
2765 491 2896 560 γοῦν
2943 491 2976 562 ἢ
3023 488 3163 544 κατὰ
3193 487 3431 544 Μωῦσέα
3475 487 3701 558 δυνάμει

447 597 641 643 auctor
685 602 715 641 a
769 596 922 657 patre
970 589 1419 654 constitueretur,
1461 590 1738 644 vocationi
1775 589 2020 644 omnium

447 682 709 746 gentium,
752 686 867 732 tum
903 677 1138 743 facilem,
1172 686 1288 733 tum
1333 680 1805 735 accommodatam
1841 682 2019 753 legum

445 769 790 841 disciplinam
810 772 1082 840 exposuit.
1117 770 1254 826 Cum
1281 786 1414 842 ergo
1442 773 1693 844 ampliori
1717 788 1879 843 quam
1901 787 2022 843 quae

448 861 721 922 hominem
750 862 943 924 deceat
989 865 1341 927 auctoritate,
1375 866 1520 935 leges
1563 865 1854 929 invenerit,
1892 865 2023 920 divi-

446 954 602 1013 niore
655 955 820 1015 etiam
871 971 1033 1027 quam
1068 972 1189 1028 quae
1239 973 1269 1011 a
1308 957 1458 1012 Mose
1501 958 1748 1027 praestari
1787 958 2023 1027 poluerit

444 1047 665 1109 virtute,
702 1047 757 1107 in
803 1052 920 1101 toto
966 1046 1099 1105 orbe
1127 1046 1428 1101 servandas
1468 1053 1853 1102 sacrosanctas
1891 1060 2021 1100 suas

443 1139 592 1208 leges
631 1153 727 1208 per
761 1153 892 1194 suos
923 1138 1287 1208 evangelistas
1321 1137 1633 1208 descripsit.
1677 1136 1806 1191 dum
1849 1138 1921 1191 ita
1953 1138 2020 1192 ad

443 1232 566 1287 illos
589 1230 724 1286 dicit
750 1274 762 1285 .
789 1249 808 1282 ‹
832 1230 1079 1287 Audistis
1099 1231 1477 1301 quod-dictum
1504 1231 1574 1285 sit
1601 1229 1845 1300 antiquis
1868 1249 1881 1283 :
1901 1228 2021 1284 Non

441 1324 699 1389 occides;
739 1338 840 1394 ego
872 1331 1052 1377 autem
1083 1322 1207 1378 dico
1226 1323 1383 1378 vobis
1431 1338 1499 1377 ne
1541 1323 1707 1377 irasci
1734 1341 1753 1373 ι
1797 1321 2018 1392 quidem

442 1415 733 1480 temere",
766 1421 817 1470 et
872 1429 1213 1485 quaecunque
1273 1414 1361 1469 his
1423 1413 1680 1482 adjuncta
1711 1413 1766 1468 in
1803 1413 2021 1484 publice

441 1507 736 1576 descriptis
771 1506 945 1576 ipsius
986 1504 1333 1560 documentis
1374 1503 1862 1568 circumferuntur,
1898 1518 2021 1573 qua:

441 1600 665 1669 quidem
711 1599 829 1668 ipse
874 1598 1040 1653 etiam
1082 1597 1414 1668 evangelista
1460 1596 1826 1660 commendat,
1872 1595 2019 1666 quod

444 1691 636 1760 utique
664 1689 1124 1759 ohstupescerent
1166 1703 1357 1745 omnes
1401 1688 1708 1743 doctrinam
1738 1687 1908 1752 illius,
1951 1704 2021 1744 eo

441 1781 590 1852 quod
643 1799 662 1832 ι
689 1781 911 1837 doceret
952 1796 1047 1839 eos
1096 1789 1352 1851 tanquam
1418 1788 1738 1851 potestatem
1787 1782 2016 1846 habens,

2120 584 2263 638 κατά
2310 584 2509 648 παντὸς
2543 584 2639 638 τοῦ
2686 584 2893 656 κόσμου
2923 584 3050 647 τοὺς
3090 583 3270 653 ἱεροὺς
3302 580 3468 634 αὐτοῦ
3503 580 3702 650 νόμους

2117 678 2208 732 διὰ
2244 678 2355 731 τῶν
2405 677 2806 746 εύαγγελιστῶν
2861 675 3025 730 αὑτοῦ
3073 673 3374 739 διετάξατο,
3418 672 3624 745 μείζονι
3663 672 3699 743 ἢ

2119 770 2261 825 κατά
2290 770 2574 843 ἄνθρωπον
2600 768 2816 841 ἐξουσίᾳ
2835 768 3221 839 νομοθετήσας,
3252 763 3421 819 εἰπών
3439 780 3484 816 ἰ
3509 763 3702 818 Ἠκού-

2122 879 2272 927 σατε,
2302 863 2330 917 ὅ
2352 880 2405 917 τι
2427 861 2627 935 ἐρρέθη
2656 864 2768 926 τοῖς
2793 862 3057 932 ἀρχαίοις·
3085 862 3159 915 Οὐ
3182 859 3482 931 φονεύσειςο
3513 859 3623 928 ἐγὼ
3640 858 3700 911 δὲ

2121 954 2264 1023 λέγω
2303 955 2433 1024 ύμῖν
2484 953 2618 1025 μηδὲ
2662 951 2981 1024 ὀργίζεσθαι
3018 971 3037 1003 ι
3070 951 3226 1021 εἰκῆ,
3257 951 3349 1004 καὶ
3382 950 3451 1004 τὰ
3488 950 3699 1014 τούτοις

2118 1046 2385 1102 ἀκόλουθα
2415 1047 2514 1100 ὅσα
2543 1046 2607 1118 δὴ
2634 1048 2693 1099 ἐν
2714 1048 2835 1109 ταῖς
2861 1045 3230 1117 ἀναγράπτοις
3256 1043 3418 1097 αὑτοῦ
3447 1043 3699 1098 διδασκα-

2118 1138 2262 1202 λίαις
2295 1137 2595 1209 ἐμφέρεται
2615 1176 2630 1200 ,
2682 1137 2765 1207 ἐφ’
2801 1131 2881 1199 οἷς
2913 1138 3174 1207 μαρτυρεῖ
3203 1134 3374 1204 λέγων
3401 1137 3430 1187 6
3462 1134 3697 1202 εὐαγγε-

2119 1229 2328 1300 λιστὴς,
2350 1230 2433 1282 ὅτι
2454 1228 2844 1299 ἐξεπλήττοντο
2871 1228 3070 1292 πάντες
3099 1227 3190 1280 ἐπὶ
3210 1229 3273 1297 τῇ
3302 1225 3488 1295 διδαχῇ
3506 1224 3691 1278 αὑτοῦ·

2118 1315 2189 1391 ἦν
2222 1318 2332 1390 γὰρ
2362 1337 2380 1371 ι
2410 1318 2677 1372 διδάσκων
2694 1318 2974 1382 αὑτοὺςὼς
3004 1317 3251 1382 ἐξουσίαν
3281 1315 3439 1387 ἔχων,
3470 1314 3565 1368 καὶ
3596 1315 3695 1385 οὐχ

2118 1409 2196 1473 ὡς
2236 1410 2286 1463 οἰ
2315 1412 2662 1480 γραμματεῖς
2707 1408 2905 1462 αὐτῶν.
2955 1427 2974 1459 ι
3009 1407 3113 1461 Τὸν
3139 1407 3195 1461 δὲ
3233 1406 3432 1478 τρόπον
3458 1404 3560 1475 τῆς
3598 1403 3694 1458 τοῦ

2120 1500 2372 1571 Σωτῆρος
2397 1500 2553 1571 ήμῶν
2583 1499 2928 1562 διδασκαλίας
2957 1515 3018 1552 τε
3049 1498 3142 1552 καὶ
3168 1496 3483 1568 νομοθεσίας
3510 1499 3568 1550 ἐν
3596 1497 3694 1566 ἀρ-

2121 1594 2244 1661 χαῖς
2272 1591 2371 1663 τῆς
2420 1591 2703 1663 παρούσης
2748 1589 3057 1654 ὑποθέσεως
3097 1588 3416 1652 διελθόντες,
3470 1588 3560 1641 ὅτε
3600 1586 3694 1640 τὸν

2120 1683 2546 1758 Χριστιανισμὺν
2566 1723 2581 1746 ,
2611 1685 2639 1737 ὅ
2669 1682 2724 1736 τί
2756 1682 2887 1752 ποτέ
2923 1684 3070 1735 ἐστιν
3095 1683 3174 1746 εἰς
3201 1680 3433 1752 φανερὸν
3464 1680 3690 1751 ἤγομεν,

2120 1778 2208 1832 ἐπ’
2220 1778 2403 1831 ἐκεῖνα
2420 1777 2511 1829 καὶ
2531 1776 2624 1830 νῦν
2644 1777 2770 1839 τοὺς
2787 1775 3209 1846 ἐντυγχάνοντας
3230 1774 3448 1846 παραπέ
3456 1772 3691 1844 μψομεν.

442 1888 553 1931 non
584 1880 845 1943 tanquam
894 1873 1088 1928 scribae
1112 1873 1358 1943 ipsorum
1380 1873 1445 1927 ”.
1485 1892 1505 1924 ι
1538 1871 1675 1928 Cum
1706 1880 1887 1929 autem
1927 1880 2009 1929 to-

2129 1869 2449 1940 Ἐπιστῆσαι
2475 1868 2531 1921 δέ
2549 1867 2628 1938 τῷ
2641 1867 2782 1939 λόγῳ
2802 1866 2971 1933 ἀξιον,
2986 1866 3050 1920 δι’
3070 1865 3129 1920 ὃν
3147 1869 3175 1920 6
3196 1866 3398 1939 Κύριος
3412 1867 3692 1937 ὑπισχνεῖ-

442 1966 555 2025 tius
583 1965 765 2033 operis
790 1960 965 2027 initio,
1000 1963 1126 2034 quis
1156 1972 1301 2019 esset
1340 1961 1644 2018 Salvatoris
1672 1963 1866 2027 nostri,
1898 1971 2014 2018 tum

443 2054 498 2113 in
537 2053 808 2115 doctrina,
840 2061 953 2107 tum
993 2053 1047 2107 in
1084 2053 1292 2124 legibus
1319 2052 1632 2109 sanciendis
1672 2053 1886 2117 modus,
1921 2069 2016 2110 ex-

440 2145 863 2214 planaverimus,
891 2145 983 2199 ubi
1003 2144 1135 2214 quid
1158 2151 1307 2199 esset
1334 2144 1792 2201 Christianismus
1816 2145 1869 2199 in
1901 2128 2016 2199 me-

439 2235 587 2288 dium
618 2234 969 2305 protulimus,
1003 2235 1070 2289 ad
1105 2235 1195 2292 illa
1244 2236 1363 2305 ipsa
1391 2236 1630 2306 legentes
1661 2236 1825 2291 etiam
1867 2251 2015 2293 nunc

437 2327 790 2392 remittimus.
839 2327 947 2383 Sed
1004 2328 1335 2399 diligentiori
1386 2329 1620 2399 quadam
1670 2329 2013 2385 animadver-

438 2421 593 2474 sione
627 2434 715 2474 res
743 2419 909 2491 digna
938 2435 1063 2478 esse
1087 2420 1327 2480 videtur.
1354 2435 1456 2475 cur
1485 2421 1559 2474 ita
1589 2419 1854 2476 Dominus
1880 2435 2011 2490 pro-

435 2511 654 2579 phetam
683 2511 793 2568 illis
824 2526 886 2567 se
930 2512 1327 2571 suscitaturum
1362 2511 1707 2582 polliceatur.
1740 2509 2011 2577 Quoniam

437 2601 604 2670 igitur
633 2602 845 2659 Mosem
875 2602 993 2672 ipse
1018 2600 1282 2659 Dominus
1306 2601 1547 2671 iusserat
1571 2599 1886 2657 universum
1913 2617 2012 2673 po-

434 2692 624 2769 pulum
667 2692 849 2747 triduo
879 2693 1123 2763 expiare,
1177 2701 1238 2748 ut
1276 2692 1440 2747 simul
1470 2700 1525 2753 et
1559 2700 1897 2761 spectatores
1931 2694 2010 2748 illi

436 2791 491 2838 et
539 2784 819 2840 auditores
865 2784 1037 2842 divini
1073 2783 1338 2841 adventus
1385 2781 1747 2847 edicerentur,
1784 2782 1863 2836 illi
1910 2797 2009 2836 au-

435 2882 544 2936 tem
576 2874 907 2932 infirmiores
932 2876 1001 2930 ad
1021 2874 1251 2946 gratiam
1284 2873 1378 2931 Dei
1403 2873 1758 2939 exsistebant,
1792 2882 1854 2928 ut
1880 2888 2008 2944 pro-

435 2978 621 3039 pterea
665 2983 789 3021 cum
819 2968 933 3036 jam
983 2978 1038 3022 et
1089 2967 1291 3022 intueri
1349 2974 1404 3022 et
1457 2964 1647 3020 audire
1682 2964 2004 3034 inciperent,

436 3074 555 3115 eam
599 3073 715 3113 rem
757 3059 861 3128 ipsi
911 3059 1306 3124 recusaverint,
1349 3057 1596 3119 dicentes
1641 3057 1709 3112 ad
1759 3056 2003 3113 Mosem:

443 3172 459 3207 ι
495 3151 578 3206 Tu
601 3151 824 3221 loquere
852 3150 921 3205 ad
952 3166 1071 3218 nos,
1114 3166 1294 3222 neque
1319 3151 1576 3221 loquatur
1602 3150 1669 3205 ad
1704 3164 1806 3205 nos
1836 3148 2002 3215 Deus,

445 3257 512 3302 ue
559 3243 862 3297 moriamur
899 3244 945 3276 ⁷³
970 3266 987 3300 ι
1024 3262 1042 3295 ›
1101 3243 1296 3299 merito
1339 3244 1412 3300 ob
1456 3258 1577 3299 eam
1616 3259 1729 3297 rem
1776 3242 2007 3312 suscipit

439 3333 658 3416 quidem
693 3335 908 3391 illorum
941 3336 1199 3407 pietatem
1236 3351 1302 3390 ac
1331 3337 1688 3392 reverentiam
1720 3334 2002 3400 Dominus,

436 3428 579 3494 idem
632 3444 764 3489 vero
810 3429 921 3485 ait:
958 3449 978 3482 ι
1007 3428 1173 3486 Recte
1220 3430 1405 3485 omnia
1456 3445 1796 3501 quaecunque
1838 3428 2004 3484 locuti

434 3528 586 3587 sunt,
628 3521 950 3593 prophetam
983 3522 1234 3577 excitabo
1286 3522 1397 3577 illis
1432 3522 1501 3577 de
1550 3522 1732 3578 medio
1773 3520 2005 3576 fratrum

434 3610 576 3667 sicut
623 3620 695 3665 te.
735 3628 755 3661 ι
796 3608 889 3665 Sic
937 3626 1067 3681 ergo
1114 3626 1340 3666 causam
1385 3626 1604 3682 quoque
1649 3611 1857 3676 docuit,
1908 3628 2007 3667 cur

433 3712 694 3774 tanquam
720 3702 987 3774 propheta
1018 3700 1186 3759 fuerit
1221 3710 1489 3759 venturus
1519 3701 1587 3756 ad
1622 3702 1895 3759 homines.
1928 3702 2005 3758 Ea

433 3809 562 3850 vero
592 3793 695 3848 fuit
721 3792 1003 3850 hominum
1024 3793 1394 3859 imbecillitas,
1424 3801 1478 3849 et
1497 3794 1899 3865 praestantioris
1920 3796 2004 3850 vi-

432 3901 531 3952 sus
564 3883 858 3950 recusatio.
896 3882 1077 3940 Habes
1106 3884 1274 3955 igitur
1319 3898 1566 3949 causam,
1609 3900 1709 3940 cur
1741 3885 2004 3956 propheta

431 3980 547 4045 ille,
575 3978 671 4051 qui
706 3985 973 4039 venturus
1021 3976 1343 4039 cauebatur,
1392 3976 1557 4031 homo
1593 3984 1739 4032 esset
1764 3976 2002 4034 futurus.

622 4067 814 4125 Merito
845 4067 1012 4141 igitur
1034 4076 1413 4137 exspectantes
1446 4067 1598 4121 illum
1619 4065 1814 4133 Judaei,
1838 4066 2005 4124 Joan-

435 4176 557 4223 nem
586 4159 887 4231 Baptistam
910 4159 1344 4230 interrogabant,
1392 4173 1457 4213 ac
1496 4160 1749 4217 dicebant
1781 4177 1795 4214 :
1825 4177 1845 4210 ι
1885 4158 2006 4231 Ipse

433 4251 697 4325 propheta
725 4267 784 4307 es
806 4251 903 4306 tu?
932 4260 986 4306 et
1006 4250 1310 4320 respondit,
1347 4266 1458 4305 non
1480 4248 1549 4302 7‘.
1589 4270 1608 4302 ι
1636 4247 1842 4305 Verum
1876 4264 2003 4307 cum

431 4328 671 4412 Joannes
700 4362 888 4401 verum
941 4345 1220 4414 fateretur,
1248 4363 1358 4403 non
1418 4360 1479 4401 se
1521 4345 1842 4416 prophetam
1882 4359 2006 4402 esse

432 4438 690 4509 negavit;
729 4445 849 4493 erat
884 4438 1053 4501 enim,
1084 4438 1179 4494 sed
1214 4453 1275 4495 se
1323 4438 1477 4492 illum
1528 4452 1651 4492 esse
1680 4436 2003 4508 pr0pbetam

2113 1977 2201 2014 ται
2238 1961 2522 2031 προφήτην
2548 1958 3106 2029 ἀναστήσεινιαύτοῖς.
3143 1956 3357 2028 Ἐπειδὴ
3387 1957 3495 2027 γάρ
3533 1972 3690 2009 κεκε-

2113 2052 2299 2108 λεύκει
2323 2052 2421 2124 μὲν
2451 2051 2612 2115 αὐτὸς
2632 2050 2710 2122 τῷ
2735 2053 2959 2105 Μωῦσεῖ
3002 2050 3220 2119 ἁγνίσαι
3239 2050 3331 2102 τὸν
3360 2049 3535 2104 πάντα
3562 2049 3690 2104 λαὸν

2114 2147 2199 2215 ἐφ’
2228 2144 2461 2217 ἡμέραις
2497 2143 2697 2215 τρισὶν,
2736 2143 2811 2205 ὡς
2845 2142 2911 2195 ἂν
2936 2144 3178 2211 γένοιντο
3202 2141 3392 2195 θεαταὶ
3424 2140 3561 2213 ὁμοῦ
3592 2142 3689 2195 καὶ

2114 2238 2379 2308 ἀκροαταὶ
2403 2238 2502 2307 τῆς
2530 2236 2713 2290 ἐνθέου
2747 2234 3068 2304 ἐπιφανείας
3093 2276 3109 2300 ,
3134 2235 3185 2287 οἰ
3218 2232 3275 2286 δέ
3322 2233 3689 2304 ἐξησθένησαν

2112 2329 2249 2400 πρὸς
2275 2329 2374 2400 τὴν
2402 2327 2495 2381 τοῦ
2530 2327 2664 2381 Θεοῦ
2694 2326 2854 2398 χάριν
2877 2342 2890 2355 ·
2923 2324 3002 2378 διὸ
3029 2327 3088 2377 ἐν
3109 2325 3250 2394 ἀρχῇ
3278 2322 3560 2392 γενόμενοι
3589 2323 3689 2392 τῆς

2111 2422 2363 2494 θεωρίας,
2387 2414 2724 2493 παρῃτοῦντο
2746 2420 2992 2489 λέγοντες
3018 2417 3096 2484 τῷ
3116 2418 3366 2471 Μωῦσεῖ·
3395 2436 3413 2466 ε
3451 2417 3522 2470 Σὺ
3538 2417 3689 2471 λάλει

2110 2515 2246 2586 πρὸς
2269 2515 2435 2585 ἡμᾶς,
2465 2515 2559 2566 καὶ
2593 2513 2666 2584 μὴ
2694 2511 2923 2565 λαλείτω
2951 2510 3087 2581 πρὸς
3113 2499 3258 2581 ἡμᾶς
3275 2511 3302 2561 6
3321 2509 3475 2571 Θεὸς,
3501 2509 3588 2562 ἵνα
3610 2510 3685 2581 μὴ

2108 2605 2483 2675 ἀποθάνωμεν.
2514 2625 2534 2658 ι
2551 2603 2790 2667 Εἰκότως
2816 2603 2903 2656 διὰ
2925 2601 3095 2655 ταῦτα
3115 2601 3434 2671 ἀποδέχεται
3471 2600 3566 2672 μὲν
3592 2602 3687 2653 αύ-

2107 2698 2233 2761 τοὺς
2257 2698 2284 2749 6
2307 2696 2510 2769 Κύριος
2534 2698 2631 2766 τῆς
2653 2694 2954 2759 εὐλαϐείας,
2978 2694 3111 2765 φησί
3131 2693 3207 2747 δέ·
3234 2713 3252 2745 ι
3277 2692 3480 2765 Ὀρθῶς
3509 2693 3686 2747 πάντα

2109 2792 2210 2844 ὅσα
2228 2790 2494 2861 ἐλάλησαν
2513 2803 2527 2817 ⁶
2563 2789 2855 2860 Προφήτην
2884 2787 3174 2857 ἀναστήσω
3202 2786 3381 2849 αὐτοῖς
3416 2786 3480 2839 ἐκ
3517 2786 3687 2857 μέσου

2108 2884 2216 2938 τῶν
2260 2882 2502 2953 ἀδελφῶν
2526 2924 2540 2945 ,
2583 2879 2775 2952 ὥσπερ
2826 2876 2908 2934 σέ.
2940 2898 2957 2931 ι
2997 2879 3210 2933 Οὐκοῦν
3252 2879 3314 2932 τὸ
3363 2879 3539 2933 αἴτιον
3580 2879 3686 2933 ἐδί-

2106 2976 2232 3042 δαξε
2284 2974 2379 3029 τοῦ
2438 2974 2593 3046 δίκην
2650 2974 2928 3044 προφήτου
2991 2972 3202 3043 μέλλειν
3252 2972 3411 3024 αὑτὸν
3466 2972 3547 3034 εἰς
3592 2972 3684 3024 ἀνο

2108 3067 2361 3142 θρώπους
2406 3067 2726 3135 ἐπιφάνειαν
2778 3064 3078 3119 ποιεῖσθαι·
3130 3064 3287 3118 τοῦτο
3336 3064 3382 3117 δ’
3419 3059 3488 3136 ἦν
3522 3064 3683 3117 ἀσθέ-

2110 3178 2227 3215 νεια
2267 3158 2589 3230 ἀνθρώπων,
2628 3159 2723 3211 καὶ
2759 3157 2858 3228 τῆς
2890 3158 3194 3229 κρείττονος
3222 3158 3453 3229 θεωρίας
3494 3158 3682 3230 παραί-

2109 3269 2287 3325 τησις.
2344 3252 2528 3320 Ἔχεις
2588 3249 2877 3324 τοιγαροῦν
2919 3249 3015 3303 καὶ
3067 3250 3167 3321 τὴν
3217 3251 3396 3304 αἰτίαν
3443 3250 3539 3321 τῆς
3592 3252 3675 3325 ἐν·

2106 3323 2508 3418 ἀνθρωπῆσεως
2581 3342 2676 3396 τοῦ
2742 3341 3135 3414 θεσπιζομένου
3204 3344 3505 3414 προφήτου.
3584 3323 3671 3395 Ιξί-

2107 3439 2277 3502 κότως
2333 3435 2425 3492 οὖν
2479 3435 2884 3509 προσδοκῶντες
2947 3434 3108 3489 αὐτὸν
3166 3435 3214 3488 οἱ
3267 3436 3331 3489 ἐκ
3385 3435 3680 3508 περιτομῆς

2106 3528 2462 3582 ἐπυνθάνοντο
2512 3526 2606 3579 τοῦ
2650 3524 2948 3595 βαπτιστοῦ
2983 3524 3226 3578 Ἰωάννου
3253 3564 3268 3585 ,
3322 3525 3417 3578 καὶ
3466 3525 3680 3593 ἔλεγον·

2111 3641 2129 3674 ι
2178 3624 2235 3675 'U
2264 3623 2543 3693 προφήτης
2567 3618 2615 3674 εἷ
2642 3620 2740 3685 σύ;
2774 3620 2829 3674 Ὀ
2854 3618 2910 3670 δὲ
2939 3618 3041 3689 ἔφη
3061 3636 3073 3649 ·
3107 3618 3272 3675 ούκ.ι
3293 3618 3472 3672 Ἀλλ“ό
3503 3618 3685 3674 Ἰωάν·

2105 3729 2221 3783 νης,
2244 3711 2473 3782 τάληθὲς
2505 3710 2800 3781 ὁμολογῶν,
2835 3708 2956 3763 οὔτε
3002 3711 3289 3782 προφήτης
3336 3706 3473 3764 εἶναι
3515 3712 3684 3781 ἠρνή-

2108 3820 2257 3867 σατο,
2282 3798 2349 3873 ἦν
2373 3802 2503 3874 γὰρ,
2529 3802 2665 3856 ἀλλά
2690 3802 2751 3855 τὸ
2788 3800 2949 3866 αὐτὸς
2976 3798 3113 3854 εἶναι
3135 3803 3164 3855 ὁ
3193 3804 3477 3874 προφήτης
3502 3803 3530 3856 6
3550 3801 3684 3874 πρὸς

2104 3894 2199 3947 τοῦ
2228 3894 2506 3958 Μωῦσέως
2536 3894 2927 3965 δεδηλωμένος’
2959 3895 3039 3950 ὅτι
3075 3894 3132 3946 δέ
3159 3893 3566 3964 ἀπεσταλμένος
3599 3894 3684 3961 εἴη

2106 3986 2413 4059 ἔμπροσθεν
2475 3986 2569 4040 τοῦ
2637 3989 2915 4059 προφήτου
2972 3984 3181 4040 ἐκείνου
3246 3985 3512 4040 ἐδίδασκε.
3574 3985 3683 4039 Καὶ

2105 4078 2400 4151 ἐπειδήπερ
2430 4081 2458 4133 ὁ
2482 4079 2636 4148 λόγος
2676 4080 2858 4142 αὐτοῖς
2884 4079 2947 4150 δὴ
2976 4081 3086 4143 τοῖς
3123 4080 3189 4132 ἐκ
3221 4076 3521 4150 περιτομῆς
3552 4075 3679 4127 ἀνα-

2108 4171 2397 4242 στήσεσθαι
2421 4171 2511 4225 τὸν
2541 4173 2824 4244 προφήτην
2853 4170 3158 4236 ἐθέσπιζεν,
3183 4168 3406 4231 εἰκότως
3432 4167 3462 4218 ὁ
3489 4162 3679 4233 Σωτὴρ

2104 4262 2200 4317 καὶ
2228 4260 2429 4333 Κύριος
2459 4262 2637 4333 ήμῶν,
2664 4261 2759 4317 ἅτε
2792 4261 2857 4332 δὴ
2884 4260 3046 4324 αὐτὸς
3073 4259 3148 4316 ὣν
3170 4261 3200 4313 6
3227 4255 3676 4329 προκεκηρυγμέ-

2104 4371 2215 4419 νος,
2275 4374 2294 4407 ι
2348 4355 2461 4408 Οὐκ
2515 4336 2699 4428 ἦλθον,
2747 4355 2931 4428 φησὶν,
2981 4355 3029 4407 εἰ
3075 4352 3149 4425 μὴ
3199 4353 3278 4414 εἰς
3321 4349 3388 4404 τὰ
3435 4348 3680 4421 πρόϐατα

2105 4445 2419 4500 ἀπολωλότα
2466 4446 2616 4502 οῐκου
2651 4443 2884 4519 Ἰσραήλ.
2920 4463 2941 4496 ›
2978 4444 3103 4507 Τοῖς
3143 4442 3200 4496 δέ
3234 4440 3547 4503 ἀποστόλοις
3586 4440 3682 4492 αύ-

429 4531 713 4597 duntaxat,
745 4547 903 4600 quem
932 4530 1111 4596 Moses
1147 4540 1438 4587 venturum
1466 4529 1824 4599 praedixisset.
1848 4528 2003 4596 Quod

2110 4536 2200 4590 τοῦ
2233 4537 2465 4612 παρῄνει
2499 4536 2702 4607 λέγων·
2734 4554 2754 4588 ι
2789 4536 2885 4599 Εἰς
2920 4533 3038 4588 ὁδὸν
3076 4532 3243 4587 ἐθνῶν
3278 4531 3352 4604 μὴ
3384 4530 3678 4602 ἀπέλθητε,

429 4639 559 4679 vero
598 4633 725 4689 ante
747 4623 899 4678 illum
939 4625 1260 4702 prophetam
1305 4621 1508 4678 missus
1546 4630 1714 4686 esset,
1748 4621 2013 4691 planissi—'

432 4731 517 4770 me
547 4714 961 4782 demonstravit.
1013 4714 1323 4777 Caeterum,
1373 4713 1631 4789 quoniam
1683 4714 2002 4784 prophetica

430 4809 604 4863 oratio
648 4808 773 4874 unis
817 4808 885 4863 iis
928 4806 1022 4884 qui
1067 4816 1134 4862 ad
1181 4807 1655 4868 circumcisionem
1705 4805 1998 4876 pertinent,

432 4901 809 4966 suscitandum
835 4917 959 4957 esse
982 4899 1300 4972 prophetam
1327 4899 1577 4963 canebat,
1601 4900 1795 4954 merito
1822 4899 2006 4956 Salva-

368 5054 371 5059 _
432 5004 518 5052 tor
558 5009 624 5049 ac
668 4993 932 5057 Dominus
977 5000 1187 5058 noster,
1213 5000 1397 5064 utpote
1438 4991 1532 5064 qui
1565 4991 1683 5065 ipse
1723 5000 1869 5049 esset
1911 4992 2003 5049 ille

429 5095 588 5143 antea
611 5086 985 5155 denuntiatus,
1015 5106 1035 5137 ι
1066 5084 1189 5141 Νοη
1229 5086 1374 5149 veni,
1400 5084 1600 5156 inquit,
1632 5084 1741 5140 nisi
1778 5084 1846 5139 ad
1871 5101 2002 5142 oves

428 5196 547 5253 quae
586 5181 870 5253 perierunt
911 5178 1108 5245 domus
1154 5178 1317 5233 Israel
1341 5178 1414 5243 ⁸⁷⁵.
1442 5197 1461 5230 ι
1486 5177 1782 5253 Apostolos
1814 5189 2001 5240 autem

428 5290 560 5339 suos
585 5274 863 5341 monebat,
888 5271 1079 5329 dicens
1104 5292 1116 5327 :
1149 5290 1168 5322 ι
1202 5270 1261 5326 ln
1301 5270 1446 5326 viam
1489 5272 1733 5342 gentium
1757 5289 1825 5329 ne
1852 5274 2002 5332 abie-

427 5364 568 5428 ritis,
587 5370 642 5418 et
668 5362 725 5417 in
750 5363 1024 5427 civitatem
1053 5359 1524 5425 Samaritanorum
1549 5377 1618 5417 ne
1638 5363 1998 5421 intraveritis.

426 5456 504 5511 ite
557 5471 689 5511 vero
738 5456 922 5526 potius
979 5454 1049 5522 ad
1096 5469 1225 5510 oves
1285 5469 1407 5523 quae
1467 5454 1746 5522 perierunt
1803 5455 2000 5515 domus

425 5546 592 5603 Israel
619 5548 705 5614 7‘;
746 5566 767 5600 ι
799 5547 893 5614 ubi
939 5546 1100 5617 plane
1144 5545 1415 5610 ostendit,
1466 5560 1526 5600 se
1552 5545 1728 5623 primo
1769 5547 1890 5601 loco
1929 5547 1997 5609 ad

426 5638 550 5707 illos
587 5653 711 5693 esse
751 5639 1014 5698 missum.
1041 5637 1185 5693 sicut
1240 5636 1406 5697 etiam
1446 5636 1516 5690 ab
1551 5637 1669 5707 ipsa
1712 5638 1999 5707 prophetia

495 5755 538 5786 ⁷¹
583 5751 769 5806 Matth.
800 5770 853 5815 v,
883 5750 1091 5818 21,22.
1193 5752 1239 5783 τ’
1282 5756 1472 5806 Matth.
1538 5768 1649 5817 vn,
1710 5751 1801 5805 29.

425 5826 470 5863 ὀ
507 5822 697 5889 Matth.
725 5840 775 5893 χ,
811 5826 865 5890 5,
891 5831 944 5880 b'.

1907 5752 1951 5784 ⁷³
2006 5750 2178 5806 Exod.
2239 5768 2345 5816 xx,
2382 5751 2466 5806 l9.

2107 4629 2203 4682 καὶ
2230 4629 2311 4693 εἰς
2336 4628 2489 4690 πόλιν
2514 4625 2869 4699 Σαμαρειτῶν
2908 4625 2983 4699 μὴ
3033 4625 3306 4695 εἰσέλθητε
3328 4639 3339 4653 ·
3385 4621 3682 4693 πορεύεσθε

2106 4716 2163 4770 δὲ
2199 4717 2397 4788 μᾶλλον
2427 4716 2566 4787 πρὸς
2592 4714 2663 4769 τὰ
2691 4714 2935 4787 πρόϐατα
2957 4714 3026 4767 τὰ
3056 4713 3367 4767 ἀπολωλότα
3390 4711 3538 4766 οἴκου
3576 4712 3680 4765 Ἰσ-

2111 4810 2277 4882 ραήλ·
2317 4828 2336 4861 ι
2367 4790 2557 4878 σαφῶς
2584 4806 2870 4870 διδάσκων,
2913 4807 2994 4861 ὅτι
3025 4807 3088 4878 δὴ
3127 4807 3308 4869 αὐτοῖς
3338 4801 3681 4876 προηγουμέ-

2108 4919 2215 4967 νως
2242 4900 2564 4966 ἀπέσταλτο,
2619 4903 2685 4974 τῇ
2731 4899 3036 4973 προφητείᾳ
3085 4897 3409 4961 ἀκολούθως.
3463 4893 3677 4965 Ἐπειδὴ

2108 4994 2165 5047 δὲ
2190 4993 2289 5046 οὐκ
2315 4991 2560 5058 ἐδέξαντο
2598 4993 2698 5067 τὴν
2736 4992 2915 5063 χάριν,
2950 4989 3238 5060 ἀπελέγχει
3267 4989 3362 5059 μὲν
3390 4989 3587 5051 αὐτοὺς
3622 4988 3682 5038 ἐν

2108 5086 2334 5157 ἑτέροις,
2356 5083 2530 5152 λέγων
2552 5100 2567 5114 ·
2601 5093 2619 5135 ι
2656 5070 2802 5147 Διότι
2827 5079 3011 5159 ἦλθον,
3039 5083 3133 5135 καὶ
3160 5082 3261 5134 οὐκ
3281 5076 3349 5152 ἦν
3374 5079 3679 5150 ἄνθρωπος’

2108 5174 2359 5240 ἐκάλεσα,
2395 5176 2488 5229 καὶ
2520 5176 2620 5228 οὐκ
2652 5170 2721 5246 ἦν
2757 5172 3064 5233 ὑπακούων.
3105 5192 3124 5224 ι
3159 5172 3298 5244 Φησὶ
3332 5171 3390 5224 δὲ
3419 5169 3554 5243 πρὸς
3579 5169 3679 5222 αὐ-

2105 5268 2230 5331 τούς
2247 5284 2262 5299 ο
2287 5286 2305 5319 ι
2329 5267 2648 5340 Ἀρθήσεται
2675 5266 2768 5335 ἀφ’
2796 5265 2952 5337 ὑμῶν
2971 5269 3004 5337 ὴ
3029 5263 3271 5343 βασιλεία
3290 5260 3384 5316 τοῦ
3405 5261 3560 5323 Θεοῦ,
3586 5260 3681 5314 καὶ

2105 5361 2391 5432 δοθήσεται
2421 5359 2562 5413 ἔθνει
2606 5359 2845 5414 ποιοῦντι
2870 5359 2995 5421 τοὺς
3028 5357 3274 5429 καρποὺς
3302 5354 3487 5423 αὐτῆς.
3516 5372 3534 5402 ι
3570 5350 3683 5405 Καὶ

2105 5456 2217 5517 τοῖς
2239 5469 2301 5521 γε
2331 5452 2494 5506 αὐτοῦ
2520 5452 2787 5523 μαθηταῖς
2813 5450 2950 5522 μετά
2974 5448 3072 5519 τὴν
3102 5447 3324 5501 ἐκείνων
3351 5444 3681 5515 παραίτησιν

2108 5541 2433 5614 προστάττει
2454 5559 2467 5573 ο
2501 5560 2519 5592 ι
2560 5540 2924 5611 Πορευθέντες
2976 5536 3349 5609 μαθητεύσατε
3397 5534 3573 5588 πάντα
3610 5530 3684 5586 τὰ

2108 5635 2233 5705 ἔθνη
2251 5637 2307 5687 ἐν
2324 5634 2400 5705 τῷ
2416 5633 2637 5705 ὀνόματί
2662 5651 2780 5704 μου.
2798 5652 2815 5684 ι
2835 5616 2990 5685 Οὕτω
3008 5631 3143 5697 δῆτα
3163 5632 3319 5701 ἡμεῖς
3348 5627 3446 5698 μὲν
3465 5626 3533 5679 τὰ
3551 5624 3679 5696 έθνη

2571 5750 2617 5783 ⁷⁸
2655 5748 2811 5804 Joan.
2852 5765 2905 5813 ι,
2939 5747 3027 5801 2i.
3136 5748 3180 5779 ⁷⁸
3223 5744 3413 5799 Matth.
3454 5761 3556 5810 xv,
3585 5742 3676 5798 2L
