4098 6422
429 502 519 554 τὸν
550 488 1073 570 προαναφωνηθέντα
1096 500 1189 538 και
1213 482 1346 554 πρὸς
1370 478 1464 533 τοῦ
1490 476 1701 547 Πατρὸς
1722 471 1993 529 ἀπεσταλ-
2021 476 2068 529 Α

433 563 915 662 μένονπροφήτην,
947 578 1042 635 ἆτε
1072 572 1363 644 νομοθέτην
1389 569 1558 622 ἅπασι.
1581 565 1867 635 γενόμενον
1898 563 1992 614 ἀν-

430 650 670 751 θρώποις
848 650 926 734 είς
957 670 1046 723 τὸν
1077 666 1183 719 τῶν
1225 664 1359 718 ὅλων
1404 661 1533 714 Θεὸν
1583 655 1879 739 εύσεϐείας,
1910 650 1997 706 διὰ

428 735 531 842 τὴς
563 735 828 839 σωτηρίου
859 762 952 816 καὶ
983 755 1341 827 εύαγγελικῆς
1372 735 1717 811 διδασκαλίας
1754 745 1998 814 ἔγνωμεν

563 834 984 924 κατεδεξάμεθα,
1026 844 1403 919 πληρουμένης
1443 839 1584 895 κατά
1621 838 1681 891 τὸ
1732 834 1863 890 αὐτὸ
1902 834 1999 887 καὶ

436 950 627 1022 ἐτέρας
670 945 1055 1019 προρρήσεως,
1100 939 1165 991 δι’
1190 933 1258 1008 ἧς
1296 934 1532 1005 εἴρηταιο
1573 948 1592 982 ι
1626 928 1996 996 Κατάστησον,

435 1008 625 1112 Κύριε,
649 1008 942 1107 νομοθέτην
967 1032 1166 1092 αὐτοῖς,
1194 1024 1484 1096 γνώτωσαν
1505 1021 1651 1091 ἔθνη,
1677 1018 1756 1071 ὃτι
1791 1008 1998 1087 ἄνθρω-

432 1104 536 1186 ποί
556 1131 693 1184 είσι³
716 1104 754 1178 *ι
784 1124 846 1178 τὸ
876 1123 935 1177 δὲ
969 1119 1233 1175 Ἰουδαίων
1270 1114 1420 1177 ἔθνος
1454 1112 1526 1184 μὴ
1562 1104 2000 1180 παραδεξάμενον

429 1221 523 1278 τὸν
547 1216 1038 1292 πῳφητευόμενον,
1066 1211 1222 1281 δίκην
1248 1207 1392 1260 ἔτισε
1421 1203 1519 1274 τὴν
1540 1198 1715 1264 ἀξίαν,
1740 1196 1880 1251 κατά
1903 1195 2001 1266 τὴν

435 1286 910 1381 θείαν-πρόρρησιν
945 1304 1190 1374 φήσασαν
1210 1316 1224 1328 ·
1265 1315 1284 1348 ι
1323 1295 1433 1348 Καὶ
1463 1296 1490 1346 ὁ
1513 1290 1794 1362 ἄνθρωπος
1820 1286 1877 1349 ὃς
1908 1292 2002 1336 εαν

438 1404 513 1474 μὴ
540 1371 1080 1470 ἀκούσηπάντανόσα
1108 1389 1200 1443 eam
1232 1386 1440 1457 λαλήσῃ
1473 1384 1501 1436 ὁ
1528 1380 1808 1453 προφήτης
1837 1377 1894 1428 ὲν
1925 1371 2004 1442 τῷ

435 1466 655 1562 όνόματί
685 1466 806 1560 μου,
832 1484 941 1555 ἐγὼ
967 1482 1236 1552 ἐκδικήσω
1265 1476 1326 1542 ἐξ
1355 1472 1536 1529 αὐτοῦ.
1574 1491 1591 1521 ι
1640 1466 2004 1536 Ἐκδεδίκηται

436 1556 566 1653 γοῦν
597 1585 661 1636 ἐκ
686 1556 781 1634 τοῦ
806 1576 942 1632 λαοῦ
976 1574 1184 1629 ἐκείνου
1209 1572 1315 1624 πᾶν
1341 1564 1478 1638 αἷμα
1510 1562 1734 1636 ἐκχυθὲν
1777 1558 1869 1612 ἐπὶ
1908 1556 2004 1627 τῆς

437 1646 560 1745 γῆς,
594 1673 699 1728 ἀπὸ
726 1672 955 1741 αἵματος
991 1664 1157 1719 Ἀϐελ
1186 1663 1290 1725 ἓως
1322 1660 1551 1730 αἵματος
1596 1650 1884 1724 Ζαχαρίου,
1911 1646 2005 1700 καὶ

437 1741 601 1822 αξιτοῦ
623 1783 686 1835 γε
710 1764 803 1838 επὶ
827 1763 957 1815 πᾶσι
979 1758 1071 1821 τοῦ
1093 1751 1351 1828 Χριστοῦ,
1374 1744 1436 1804 οὗ
1468 1750 1530 1803 τὸ
1557 1741 1696 1819 αἷμα
1727 1743 1848 1797 καθ’
1881 1741 2006 1793 ἑαυ-

2097 647 2311 712 veni,et
2351 657 2461 698 non
2499 637 2598 693 fuit
2638 637 2823 694 homo,
2856 627 3066 690 vocavi,
3096 633 3151 680 et
3180 637 3287 677 non
3318 621 3419 674 fuit
3446 617 3539 689 qui
3567 631 3662 669 au-

2097 704 2319 790 diret".
2350 751 2369 783 ι
2403 727 2605 784 Deinde
2627 724 2691 778 ad
2714 722 2834 777 illos
2868 715 3003 771 dicit
3031 733 3044 769 :
3080 732 3099 765 σ
3128 709 3420 766 Auferetur
3452 724 3482 760 ιι
3510 704 3667 760 vobis

2098 838 2322 894 regnum
2347 819 2463 883 Dei,
2494 824 2548 872 et
2573 813 2792 868 dabitur
2826 808 2975 881 genti
2999 804 3192 860 ferenti
3239 802 3452 856 fructus
3485 795 3658 865 ejus.»

2102 913 2228 969 Suis
2252 926 2381 966 vero
2411 905 2697 976 discipulis
2740 913 2863 974 post
2910 900 3125 954 illorum
3168 892 3515 963 rejectionem
3561 886 3669 941 im-

2101 1010 2255 1077 perat
2294 1021 2306 1056 :
2339 1020 2357 1052 ‹
2414 999 2493 1053 Ite
2529 1005 2583 1052 et
2632 996 2824 1050 docete
2881 1004 3070 1044 omnes
3125 995 3311 1057 gentes
3351 984 3408 1036 in
3449 980 3668 1035 nomine

2101 1113 2223 1153 meo
2245 1095 2310 1147 ⁷⁸.
2364 1112 2382 1145 ι
2419 1091 2512 1145 Sic
2553 1088 2720 1159 igitur
2745 1100 2846 1141 nos
2871 1082 3088 1153 quidem
3130 1085 3339 1149 gentes,
3387 1082 3542 1128 antea
3571 1072 3669 1126 de-

2103 1188 2411 1242 nuntiatum
2465 1180 2615 1234 illum
2673 1185 2727 1232 et
2773 1191 2802 1228 a
2845 1173 3005 1227 Patre
3049 1171 3278 1225 missum
3324 1164 3666 1241 prophetam,

2105 1290 2361 1349 tanquam
2394 1290 2520 1330 eum
2555 1272 2647 1343 qui
2685 1269 2940 1323 omnibus
2967 1261 3284 1321 hominibus
3315 1266 3369 1313 et
3401 1258 3579 1328 legum
3618 1236 3671 1309 et

2105 1372 2322 1444 pietatis
2368 1382 2497 1436 erga
2547 1364 2713 1419 Deum
2757 1357 2999 1414 universi
3039 1363 3231 1409 auctor
3256 1349 3547 1414 exstiterit,
3575 1360 3673 1417 per

2105 1456 2589 1527 salutaremipsius
2610 1451 3090 1521 evangelicamque
3121 1443 3424 1499 doctrinam
3456 1436 3674 1510 agnovi-

2104 1567 2266 1616 mus,
2323 1555 2378 1605 et
2434 1544 2799 1614 suscepimus,
2854 1555 2977 1597 cum
3029 1539 3084 1592 in
3143 1537 3248 1591 hoc
3294 1534 3401 1588 alia
3458 1545 3675 1602 quoque

2107 1641 2385 1713 prOphetia
2412 1637 2681 1707 completa
2732 1634 2834 1699 sit,
2866 1647 2986 1703 qua:
3017 1631 3093 1686 ait
3119 1648 3133 1685 :
3178 1646 3198 1679 ‹
3236 1626 3541 1688 Constitue,
3570 1623 3675 1676 Do-

2109 1734 2274 1794 mine,
2309 1728 2672 1798 legislatorem
2699 1721 2839 1794 apud
2871 1737 2987 1783 eos,
3013 1726 3310 1790 agnoscant
3328 1725 3516 1785 gemes
3531 1713 3672 1783 quod

437 1806 600 1822 ...ην-
635 1806 686 1835 ,-
711 1806 803 1838 τ...
834 1806 957 1815 .-..--
991 1806 1069 1821 η,
1096 1806 1223 1828 Fr,
1340 1806 1351 1817 ,
1621 1806 1632 1819 ι

436 1859 544 1913 τῶν
576 1854 986 1926 ὲξαιτησάμενοι
1018 1851 1111 1903 καὶ
1141 1847 1280 1902 κατά
1320 1844 1429 1898 τῶν
1464 1842 1606 1895 ἰδίων
1644 1836 1869 1897 παίδων,
1894 1831 2005 1883 εἰσ-

2121 1823 2354 1879 ιοιιιὶιιοε
2392 1825 2521 1875 sunt
2552 1819 2619 1871 ⁷³.
2669 1835 2688 1867 ι
2730 1812 2903 1868 Judaei
2947 1827 3078 1867 vero
3121 1818 3311 1864 contra
3360 1809 3453 1878 qui
3502 1806 3673 1871 illum,

2434 1910 2446 1923 -
2535 1925 2542 1926 ,
2725 1906 2932 1926 __--,J-
2981 1911 3265 1926 ..-ηιμ-...η
3310 1897 3673 1926 ..-ωιηηηιιηηο

437 1949 517 2002 ἐτι
551 1946 645 2000 νῦν
680 1945 780 2015 τῆς
816 1941 1176 2013 τολμηθείσης
1206 1940 1385 2001 αὐτοῖς
1414 1931 1667 1994 ἀσεϐείας
1699 1927 1797 1998 τὴν
1828 1940 2001 1994 τιμω-

440 2040 562 2111 ρίαν
589 2038 900 2107 ὑπέχουσιν.

2108 1930 2268 1987 quem
2305 1927 2403 1968 sua
2434 1910 2679 1981 ipsorum
2717 1906 2939 1961 oracula
2981 1911 3268 1959 venturum
3310 1897 3678 1970 praedicebant

2110 2023 2217 2062 non
2240 2008 2619 2074 susceperunt,
2644 1997 2897 2053 idoneum
2929 1994 3125 2050 dedere
3143 1992 3468 2063 supplicium
3495 2032 3509 2054 ,
3537 1989 3678 2042 sicut

1894 2124 1912 2156 ι
1968 2104 2035 2158 Ει
2071 2102 2388 2173 quicunque
2431 2098 2594 2153 homo
2647 2109 2756 2149 non
2804 2090 3041 2147 audierit
3105 2087 3287 2142 omnia
3340 2097 3689 2156 quaecunque.

445 2505 690 2567 Sceleris,
707 2502 852 2572 quod
875 2501 1237 2556 audacissime
1256 2501 1656 2568 perpeti-urunt,
1681 2485 2004 2560 supplicium
2045 2479 2308 2552 pendunt.

457 2612 597 2668 Ἀπὸ
631 2612 737 2666 τοῦ
765 2611 901 2666 Ἰὼϐ.
926 2641 997 2652 --
1018 2608 1159 2677 Περὶ
1202 2606 1307 2675 τῆς
1346 2606 1415 2677 ὲν
1457 2587 1714 2660 θαλάττῃ
1773 2592 2013 2664 πορείας

1019 2676 1127 2733 τοῦ
1156 2676 1435 2747 Χριστοῦ.

519 2815 540 2849 ι
591 2796 649 2849 Ὁ
680 2795 850 2863 λέγων
882 2793 960 2865 τῷ
1000 2792 1152 2864 ήλίῳ,
1193 2791 1286 2845 καὶ
1315 2790 1414 2843 οὐκ
1460 2783 1760 2847 ἀνατέλλει,
1788 2779 1930 2834 κατά
1956 2777 2014 2829 δὲ

445 2888 659 2959 ἄστρων
686 2885 1135 2957 καταβφραγίξει,
1178 2886 1206 2937 ὁ
1250 2882 1485 2944 τανύσας
1526 2877 1616 2932 τὸν
1660 2873 1884 2947 οὐρανὸν
1921 2868 2015 2942 μό-

446 2996 554 3044 νος,
581 2980 675 3034 καὶ
701 2978 1015 3052 περιπατῶν
1048 2979 1140 3030 ἐπὶ
1168 2974 1440 3043 θαλάσσης
1471 2972 1548 3033 ὡς
1577 2970 1662 3022 ἐπ’
1697 2965 1947 3034 ἐδάφους.
1989 2980 2008 3012 ι

2148 2588 2313 2662 446
2370 2585 2447 2640 Ab
2509 2583 2629 2638 Iob.
2673 2613 2744 2624 —
2801 2581 2875 2635 De
2934 2576 3294 2661 ambulatione
3338 2572 3541 2629 Christi
3591 2572 3648 2626 in

2811 2666 2968 2705 ηιαη.

2192 2790 2210 2822 ι
2241 2768 2346 2836 Qui
2368 2767 2498 2823 dicit
2515 2766 2640 2829 soli,
2663 2772 2851 2818 etnon
2876 2761 3070 2821 oritur.
3097 2766 3151 2814 et
3175 2764 3322 2813 astra
3346 2742 3502 2824 quasi
3527 2751 3685 2823 signo

2118 2862 2396 2933 impresso
2431 2856 2659 2921 claudit,
2705 2853 2802 2924 qui
2846 2849 3092 2908 extendit
3142 2846 3341 2902 coelum
3377 2846 3558 2908 solus,
3591 2841 3684 2911 qui

2118 2952 2360 3008 ambulat
2398 2950 2454 3005 in
2480 2948 2618 3004 mari
2672 2945 2815 3001 sicut
2859 2943 2916 2998 in
2957 2941 3075 2997 Solo
3109 2939 3179 2993 3°.
3210 2959 3231 2994 ι
3268 2936 3389 2991 Ηεεο
3420 2935 3545 2990 item
3591 2932 3686 2987 uni

447 3025 558 3127 Καί
583 3072 754 3126 ταῦτα
777 3025 936 3143 ι,μόνῳ
978 3068 1057 3140 τῷ
1494 3025 1683 3132 Ιέυρίῳ
1729 3025 1906 3129 ἡμίῧν,
1939 3052 2015 3116 ὼς

2122 3041 2390 3099 Salvatori
2426 3055 2492 3096 ac
2519 3037 2750 3095 Domino
2775 3046 2987 3099 nostro,
3012 3039 3272 3103 tanquam
3304 3027 3397 3083 Dei
3423 3025 3604 3081 Verbo
3633 3033 3688 3079 ct

2463 3133 2475 3143 .
2668 3129 2717 3143 ιη
2759 3128 2771 3140 ι
2846 3142 2853 3143 ,
2878 3142 2885 3143 ,
2910 3142 2917 3143 ,
2968 3140 3063 3143 ηη-
3097 3123 3194 3143 |-_:
3236 3128 3466 3143 ...ιη---κι
3499 3135 3510 3143 .
3538 3116 3685 3143 ,ιιι-ιη

448 3163 514 3217 ἂν
539 3164 672 3217 Θεοῦ
706 3163 879 3233 Λόγῳ,
909 3158 1223 3233 δημιουργῷ
1251 3157 1359 3212 τῶν
1389 3156 1522 3209 ὅλων
1564 3149 1881 3220 τυγχάνοντι
1923 3144 2021 3213 ἀρ-

451 3254 603 3326 μὸζοι
636 3254 731 3307 ἀν·
783 3253 939 3325 μόνος
970 3250 1099 3321 γοῦν
1152 3248 1260 3303 τῶν
1302 3247 1520 3301 πώποτε
1569 3241 1712 3297 κατά
1752 3238 1878 3300 τοὺς
1924 3235 2022 3305 τῆς

449 3345 909 3417 ὲνανθρωπήσεως
931 3344 1173 3416 χρόνους,
1208 3342 1364 3412 σῶμα
1394 3337 1489 3393 καὶ
1522 3336 1707 3407 σχῆμα
1740 3326 2018 3401 ἀνθρώπι-

450 3452 539 3489 νον
571 3435 870 3496 ἀναλαϐὼν,
901 3436 993 3487 ἐπὶ
1022 3435 1122 3503 τῆς
1166 3433 1438 3501 θαλάσσης
1469 3422 1835 3499 περιπατῆσαι
1865 3418 2019 3487 λέγε-

450 3543 563 3589 ται,
587 3527 675 3579 ὅτε
698 3526 822 3589 τοὺς
853 3524 1049 3578 ἑαυτοῦ
1080 3524 1323 3597 μαθητάς
1345 3521 1650 3592 ἠνάγκασεν
1683 3513 1914 3585 ἐμϐῆναι
1941 3510 2022 3572 είς

454 3615 652 3680 πλοῖον,
672 3616 764 3667 καὶ
787 3615 1044 3686 προάγειν
1065 3614 1226 3667 αύτδν
1252 3613 1333 3675 είς
1355 3611 1416 3665 τὸ
1440 3608 1631 3672 πέραν,
1656 3606 1761 3666 ἕως
1781 3597 1842 3657 οὗ
1864 3600 2024 3664 αὐτὸς

453 3706 697 3777 ἀπολύσῃ
714 3708 839 3770 τοὺς
856 3705 1044 3776 ὄχλους
1061 3722 1073 3735 ·
1096 3706 1189 3758 καὶ
1209 3702 1481 3766 ἀπολύσας
1504 3701 1629 3763 τοὺς
1650 3697 1837 3768 ὄχλους
1857 3694 2023 3764 ἀνέϐη

454 3800 536 3861 εἰς
562 3798 623 3851 τὸ
653 3798 796 3869 ὅρος,
823 3800 940 3851 κατ’
975 3796 1107 3850 ἰδίαν
1139 3793 1552 3867 προσεύξασθαι.
1580 3789 1765 3859 Ὀψίας
1795 3788 1853 3841 δὲ
1874 3802 2027 3855 γενο-

458 3891 624 3961 μένης
652 3891 808 3962 μόνος
833 3886 899 3961 ἦν
927 3891 1061 3942 ἐκεῖ.
1080 3888 1153 3941 Τὸ
1177 3888 1233 3940 δὲ
1256 3888 1435 3941 πλοῖον
1459 3885 1561 3957 ήδη
1579 3879 1646 3955 ἦν
1666 3885 1724 3936 ὲν
1757 3880 1904 3951 μέσῳ
1914 3879 2026 3950 ητῆς

457 3983 750 4055 θαλάσσης.
788 3984 1006 4047 Ἰδόντες
1037 3982 1094 4035 δὲ
1134 3979 1294 4034 αὐτὸν
1330 3978 1425 4032 ἐπὶ
1451 3978 1549 4048 τῆς
1580 3974 1874 4043 θαλάσσης,
1900 3974 2025 4025 ἐτα-

459 4076 756 4149 ράχθησαν,
787 4075 1054 4144 λέγοντες,
1088 4073 1168 4126 ὃτι
1195 4069 1487 4141 φάντασμά
1510 4070 1647 4132 ἐστι,
1674 4066 1769 4119 καὶ
1795 4063 1903 4118 ἀπὸ
1928 4056 2025 4114 τοῦ

457 4168 626 4239 φόϐου
656 4167 906 4238 ἔκραξαν.
937 4166 1152 4228 Εὐθέως
1191 4163 1246 4217 δὲ
1287 4161 1548 4232 ἐλάλησεν
1584 4161 1786 4225 αὐτοῖς,
1816 4158 2019 4227 λέγων’

461 4280 482 4312 ι
521 4260 798 4331 Θαρσεῖτε,
822 4258 931 4328 ἐγώ
956 4260 1090 4329 εἰμι,
1123 4256 1196 4327 μὴ
1230 4254 1498 4324 φοϐεῖσθε.
1542 4273 1561 4305 ι
1603 4252 1810 4316 Ἄλλως
1838 4251 1896 4304 δὲ
1924 4251 2024 4304 οὐκ

456 4352 525 4406 ἂν
558 4353 764 4421 γένοιτο
795 4352 1096 4422 ἀξιοπρεπῆ
1134 4347 1407 4415 θεολογίαν
1441 4346 1616 4399 δοκεῖν
1651 4343 1942 4414 περιέχειν,
1971 4343 2020 4396 εί

2122 3151 2304 3190 rerum
2328 3133 2573 3190 omnium
2593 3128 2773 3200 opiﬁci
2798 3123 3197 3205 accommodari
3236 3128 3471 3194 possunt
3498 3135 3514 3184 ;
3538 3116 3687 3172 solus

2121 3229 2267 3285 enim
2308 3242 2376 3280 ex
2395 3223 2652 3279 omnibus
2673 3220 2767 3291 qui
2798 3232 3038 3290 unquam
3069 3214 3290 3280 fuerint,
3314 3228 3423 3283 quo
3450 3218 3692 3278 tempore

2122 3321 2286 3377 homo
2318 3317 2498 3373 factus
2525 3323 2630 3379 est,
2654 3322 2710 3369 et
2742 3325 2970 3382 corpore
2996 3317 3052 3364 et
3093 3307 3264 3378 ﬁgura
3316 3303 3557 3359 hominis
3600 3317 3690 3354 as-

2125 3418 2363 3481 sumpta,
2386 3409 2442 3463 in
2460 3407 2747 3478 superﬁcie
2769 3401 2936 3457 maris
2961 3399 3270 3454 ambulasse
3288 3396 3489 3450 dicitur
3515 3414 3530 3450 :
3565 3408 3689 3448 cum

2125 3520 2261 3562 suos
2307 3490 2608 3569 discipulos
2646 3494 2913 3564 compulit
2957 3489 3253 3546 ascendere
3284 3485 3339 3540 in
3363 3484 3690 3549 naviculam,

2122 3600 2178 3649 et
2205 3589 2510 3663 praecedere
2532 3588 2710 3657 ipsum
2738 3593 2891 3636 trans
2917 3577 3326 3640 fretum,donec
3356 3575 3472 3644 ipse
3509 3573 3695 3627 dimit-

2125 3690 2264 3740 teret
2292 3680 2500 3744 turbas,
2517 3686 2572 3732 et
2597 3675 2842 3731 dimissis
2866 3671 3040 3727 turbis
3077 3666 3324 3724 ascendit
3362 3665 3418 3719 in
3457 3672 3694 3719 montem

2126 3784 2187 3828 ut
2205 3772 2357 3828 solus
2377 3774 2579 3825 oraret.
2618 3763 2858 3834 Vespere
2883 3766 3063 3814 autem
3100 3757 3244 3810 facto
3271 3755 3424 3811 solus
3446 3761 3562 3808 erat
3594 3752 3691 3807 ibi.

2124 3863 2386 3921 Navicula
2416 3870 2596 3916 autem
2634 3857 2748 3928 jam
2788 3859 2906 3909 erat
2947 3851 3003 3929 iu
3048 3847 3228 3903 medio
3268 3843 3697 3901 mari.Videntes
3762 3898 3767 3905 ,

2126 3971 2307 4019 autem
2335 3973 2460 4017 eum
2486 3970 2653 4026 supra
2676 3966 2827 4006 mare
2856 3946 3060 4004 turbati
3086 3951 3236 4010 sunt,
3265 3941 3511 3996 dicentes
3551 3939 3696 4008 quod

2126 4056 2450 4128 phantasma
2478 4028 2645 4114 esset,
2670 4051 2724 4099 et
2753 4057 2865 4113 pra:
2899 4039 3096 4093 timore
3136 4037 3528 4091 clamaverunt.
3576 4029 3701 4083 Sta-

2124 4148 2223 4202 tim
2246 4160 2374 4200 vero
2391 4142 2607 4197 locutus
2632 4144 2716 4193 est
2742 4135 2843 4200 eis,
2857 4132 3046 4188 dicens
3069 4122 3411 4185 :cConﬁdile,
3432 4135 3534 4192 ego
3554 4135 3700 4205 sum,

2125 4239 2296 4294 nolite
2320 4236 2515 4291 timere
2541 4229 2609 4284 εί.
2649 4247 2669 4280 ι
2696 4226 2831 4281 Nam
2872 4221 3075 4292 alioqui
3114 4217 3230 4272 ﬁeri
3272 4230 3384 4270 non
3418 4211 3616 4285 poterit
3637 4222 3701 4265 ut

2128 4331 2237 4387 Deo
2261 4325 2673 4384 convenientem
2723 4314 3055 4384 theologiam
3113 4303 3583 4378 comprehendere
3619 4303 3703 4357 vi.

459 4395 521 4406 *υ
570 4395 763 4421 t""""
795 4395 1096 4422 “‘a""r""l
1139 4395 1397 4415 """n'"'
1448 4395 1606 4399 ""'--
1659 4395 1745 4414 "’5'
1790 4395 1941 4413 1v“:
1979 4395 2013 4396 κν

459 4443 553 4496 ἐπὶ
575 4443 669 4497 τοῦ
701 4443 962 4496 ἀνωτάτω
992 4441 1125 4494 Θεοῦ
1169 4440 1262 4494 καὶ
1286 4437 1498 4509 Πατρὸς
1522 4436 1628 4490 τῶν
1658 4436 1793 4505 ὅλοιν
1825 4434 2018 4506 ἐκλαμ-

2131 4425 2322 4479 deatur
2349 4417 2652 4477 oraculum,
2686 4411 2732 4466 si
2777 4408 2905 4480 quis
2933 4403 3067 4460 illud
3111 4402 3179 4457 de
3209 4413 3467 4470 supremo
3507 4395 3617 4451 Deo
3653 4404 3708 4448 et

459 4534 611 4590 ϐάνοι
637 4553 721 4598 τις
747 4536 808 4588 τὸ
833 4534 1030 4603 λόγιον.
1056 4533 1119 4586 Τί
1144 4532 1250 4604 γὰρ
1274 4531 1388 4602 ἔχει
1422 4529 1618 4600 σεμνὸν
1639 4527 1733 4581 καὶ
1758 4525 2033 4595 ἀξιόλογον

459 4626 555 4679 ἐπὶ
580 4625 673 4702 τοῦ
701 4624 836 4678 Θεοῦ
873 4624 980 4677 τῶν
1012 4625 1147 4678 ὅλων
1180 4624 1497 4694 περιπατεῖν
1538 4619 1787 4688 λέγεσθαι
1818 4618 1912 4672 ἐπὶ
1934 4618 2034 4688 τῆς

464 4898 553 4952 νὺν
580 4899 673 4952 καὶ
697 4898 795 4968 τὴν
817 4898 918 4969 γῆν
945 4897 1050 4969 πλη
1060 4896 1307 4969 ροῦντοςς
1335 4895 1425 4948 καί
1450 4892 1727 4965 μονονουχὶ
1750 4891 2000 4961 λέγοντος
2018 4906 2033 4919 ⁸

469 5009 489 5042 ι
538 4991 596 5044 '0
623 4989 847 5061 οὐρανός
876 5006 965 5060 μοι
990 4988 1194 5057 θρόνος,
1227 4988 1261 5057 ή
1288 4985 1347 5039 δὲ
1375 4984 1447 5055 γῆ
1472 4983 1758 5037 ὑποπόδιον
1795 4981 1905 5035 τῶν
1938 4997 2036 5034 πο-

466 5079 573 5134 δῶν
623 5097 749 5151 μου·
787 5098 804 5130 ι
832 5079 958 5132 καί·
1006 5098 1024 5128 ι
1079 5077 1181 5129 Τὸν
1226 5074 1453 5146 οὐρανὸν
1503 5073 1598 5126 καὶ
1639 5072 1738 5143 τὴν
1783 5070 1886 5141 γῆν
1927 5067 2037 5136 ἐγὼ

468 5170 688 5243 πληρῶ,
709 5169 854 5239 λέγει
881 5167 1102 5241 Κύριος.
1155 5185 1174 5218 ι
1207 5167 1264 5220 '0
1292 5165 1349 5218 δέ
1388 5181 1453 5233 γε
1488 5162 1681 5235 Σωτὴρ
1706 5162 1801 5217 καὶ
1834 5159 2038 5231 Κύριος

466 5263 643 5335 ήμῶν,
695 5262 884 5315 ἑαυτὸν
928 5257 1195 5323 κενώσας,
1238 5258 1331 5310 καὶ
1368 5255 1580 5328 μορῄν
1616 5252 1801 5309 δούλου
1838 5249 2038 5314 λαϐὼν,

466 5356 560 5409 καὶ
599 5356 836 5426 σχήματι
862 5352 1104 5426 εὑρεθεὶς
1126 5352 1203 5415 ὼς
1226 5348 1529 5422 ἄνθρωπος,
1563 5347 1765 5416 δεῖγμα⁴
1785 5343 1887 5414 τῆς
1918 5344 2043 5396 λαν-

469 5444 735 5518 θανούσης
758 5448 885 5510 τοὺς
915 5444 1143 5506 πολλοὺς
1172 5442 1351 5495 ἐνθέου
1373 5439 1651 5509 δυνάμεως
1683 5433 1875 5489 ἑαυτοῦ
1899 5449 2042 5504 παρ-

2134 4513 2297 4569 Patre
2336 4505 2578 4564 universi
2615 4500 2904 4570 intelligat.
2952 4492 3095 4561 Quid
3142 4491 3288 4547 enim
3335 4484 3706 4543 venerationis

2135 4611 2229 4660 aut
2256 4599 2537 4672 dignitatis
2566 4595 2762 4650 habeat
2802 4591 2848 4646 si
2882 4587 3028 4643 Deus
3061 4582 3302 4640 universi
3343 4578 3624 4635 ambulare
3653 4576 3707 4628 in

2135 4694 2273 4750 mari
2301 4665 2555 4747 dicatur?
2592 4680 2912 4755 Cuiusmodi
2938 4688 3117 4733 autem
3158 4671 3452 4729 ambulatio
3481 4665 3707 4725 inamari

2134 4786 2467 4855 intelligetur
2501 4779 2666 4841 illius,
2696 4776 2793 4847 qui
2833 4771 3017 4829 omnia
3058 4766 3460 4837 complectitur,
3489 4774 3553 4813 ac
3596 4771 3711 4811 coa-

2142 4879 2256 4933 lum
2312 4848 2623 4941 terramque
2660 4866 2918 4935 complet,
2974 4869 3031 4917 et
3079 4854 3470 4930 propemodum
3520 4848 3706 4903 dicit:

2148 4990 2169 5025 ‹
2204 4969 2414 5026 Cretum
2439 4940 2573 5020 mibi
2597 4962 2776 5027 sedes,
2807 4967 2953 5012 terra
2979 4962 3159 5009 autem
3190 4946 3481 5005 scabellum
3514 4940 3711 5013 pedum

2144 5075 2391 5118 meorum
2420 5059 2467 5090 ⁸³
2492 5056 2516 5109 ‘2
2553 5076 2571 5108 ι
2609 5055 2737 5109 item
2757 5049 3027 5107 :«Ccelum
3058 5052 3116 5099 et
3142 5051 3343 5095 terram
3365 5052 3466 5107 ego
3489 5033 3710 5103 impleo,

2143 5153 2278 5208 dicit
2330 5149 2592 5207 Dominus
2620 5149 2687 5202 ⁸⁸.
2752 5162 2773 5198 ι
2811 5142 3061 5198 Salvator
3111 5142 3294 5190 autem
3344 5144 3410 5185 ac
3453 5125 3714 5193 Dominus

2145 5254 2350 5309 noster,
2376 5257 2500 5296 cum
2549 5240 2790 5309 seipsum
2841 5226 3183 5288 evacuaverit
3211 5232 3265 5279 et
3308 5220 3540 5276 formam
3571 5214 3715 5272 servi

2147 5307 2439 5407 acceperit,
2469 5341 2526 5391 et
2552 5307 2739 5387 habitu
2772 5328 3026 5382 inventus
3055 5321 3126 5379 sit
3154 5326 3214 5374 ut
3242 5317 3436 5399 homo‘,
3473 5310 3603 5366 dum
3634 5307 3714 5363 si-

2149 5403 2315 5501 gnum
2339 5427 2461 5497 ejus
2486 5439 2608 5495 quae
2651 5420 2853 5476 multos
2881 5415 3084 5475 latebat
3129 5410 3328 5465 divinae
3357 5403 3575 5460 virtutis
3606 5413 3719 5456 suae

470 5548 607 5621 έχων
631 5493 764 5615 ὁρᾷν
786 5493 896 5601 τοῐνς
920 5493 1433 5606 ὲαυτοῦνμαθηταῖς,
1469 5493 1565 5584 καὶ
1599 5493 1710 5592 τοῖς
1743 5493 2013 5581 θαλαττίοι

2151 5493 2444 5579 iridendum
2478 5493 2592 5573 suis
2642 5511 2843 5584 pra-bet
2899 5505 3213 5576 discipulis,
3274 5513 3439 5570 super
3476 5493 3721 5551 marinos

540 5748 587 5779 ⁷⁷
629 5745 732 5800 lsa.
766 5759 832 5804 ι,
865 5740 921 5797 2.
997 5739 1042 5771 ’⁷⁸
1080 5735 1269 5792 Matth.
1304 5748 1474 5793 xxvm
1498 5772 1511 5799 ,
1551 5729 1637 5788 l9.
1713 5731 1756 5762 τ’
1794 5728 1941 5787 Psal.
1976 5742 2018 5782 ιι

2128 5725 2173 5781 1.
2251 5723 2296 5755 ⁸⁸
2337 5718 2437 5776 Job
2468 5732 2544 5783 ιχ,
2576 5713 2691 5779 7,8.
2767 5709 2810 5743 ³⁸
2852 5704 3040 5761 Matth.
3106 5717 3229 5769 xw,
3262 5694 3450 5752 22-27.
3529 5692 3572 5727 ⁸⁸
3611 5688 3721 5745 18a.

474 5832 628 5879 uvr,
670 5817 714 5870 t.
788 5814 834 5846 ⁸³
866 5812 977 5866 .lcr.
1010 5823 1143 5864 χχιιι
1166 5846 1180 5871 ,
1215 5804 1305 5859 24.
