  <div class='ocr_page' id='page_1' title='image "/cluster/home/n/w/nwhite01/storage/ocr_20150623/22:no.4/coo.31924054873025/361.png"; bbox 0 0 4098 6428; ppageno 0'>
   <div class='ocr_carea' id='block_1_1' title="bbox 449 357 558 414">
    <p class='ocr_par' dir='ltr' id='par_1_1' title="bbox 449 357 558 414">
     <span class='ocr_line' id='line_1_1' title="bbox 449 357 558 414; baseline -0.018 -1"><span class='ocrx_word' id='word_1_1' title='bbox 449 357 558 414; x_wconf 76' lang='lat'><strong>095</strong></span> 
     </span>
    </p>
   </div>
   <div class='ocr_carea' id='block_1_2' title="bbox 1119 355 3067 422">
    <p class='ocr_par' dir='ltr' id='par_1_2' title="bbox 1119 355 3067 422">
     <span class='ocr_line' id='line_1_2' title="bbox 1119 355 3067 422; baseline 0.006 -12"><span class='ocrx_word' id='word_1_2' title='bbox 1119 355 1385 411; x_wconf 78' lang='lat' dir='ltr'><strong>EUSEBII</strong></span> <span class='ocrx_word' id='word_1_3' title='bbox 1419 355 1900 413; x_wconf 58' lang='lat' dir='ltr'><strong>CxESARIENSIS</strong></span> <span class='ocrx_word' id='word_1_4' title='bbox 1937 358 2090 416; x_wconf 85' lang='lat' dir='ltr'><strong>OPP.</strong></span> <span class='ocrx_word' id='word_1_5' title='bbox 2120 358 2307 416; x_wconf 71' lang='lat' dir='ltr'><strong>PARS</strong></span> <span class='ocrx_word' id='word_1_6' title='bbox 2347 359 2410 416; x_wconf 87' lang='lat' dir='ltr'><strong>ll.</strong></span> <span class='ocrx_word' id='word_1_7' title='bbox 2445 393 2517 404; x_wconf 90' lang='lat'><strong>—-</strong></span> <span class='ocrx_word' id='word_1_8' title='bbox 2559 363 3067 422; x_wconf 74' lang='lat' dir='ltr'><strong>APOLOGETICA.</strong></span> 
     </span>
    </p>
   </div>
   <div class='ocr_carea' id='block_1_3' title="bbox 3602 369 3708 429">
    <p class='ocr_par' dir='ltr' id='par_1_3' title="bbox 3602 369 3708 429">
     <span class='ocr_line' id='line_1_3' title="bbox 3602 369 3708 429; baseline 0.057 -7"><span class='ocrx_word' id='word_1_9' title='bbox 3602 369 3708 429; x_wconf 74' lang='lat'><strong>696</strong></span> 
     </span>
    </p>
   </div>
   <div class='ocr_carea' id='block_1_4' title="bbox 449 473 1999 556">
    <p class='ocr_par' dir='ltr' id='par_1_4' title="bbox 449 473 1999 545">
     <span class='ocr_line' id='line_1_4' title="bbox 449 473 1999 545; baseline -0.002 -15"><span class='ocrx_word' id='word_1_10' title='bbox 449 473 649 530; x_wconf 78' lang='lat' dir='ltr'><strong>ﬂuctus</strong></span> <span class='ocrx_word' id='word_1_11' title='bbox 676 474 988 535; x_wconf 74' lang='lat' dir='ltr'><strong>inccssrsse,</strong></span> <span class='ocrx_word' id='word_1_12' title='bbox 1026 481 1079 526; x_wconf 88' lang='lat' dir='ltr'><strong>et</strong></span> <span class='ocrx_word' id='word_1_13' title='bbox 1115 482 1515 544; x_wconf 87' lang='lat' dir='ltr'><strong>tempestatem,</strong></span> <span class='ocrx_word' id='word_1_14' title='bbox 1545 481 1845 545; x_wconf 89' lang='lat' dir='ltr'><strong>ventosque</strong></span> <span class='ocrx_word' id='word_1_15' title='bbox 1877 475 1999 531; x_wconf 77' lang='lat' dir='ltr'><strong>colii</strong></span> 
     </span>
    </p>
   </div>
   <div class='ocr_carea' id='block_1_5' title="bbox 2101 473 3711 556">
    <p class='ocr_par' dir='ltr' id='par_1_5' title="bbox 2132 477 3711 556">
     <span class='ocr_line' id='line_1_5' title="bbox 2132 477 3711 556; baseline 0.006 -26"><span class='ocrx_word' id='word_1_16' title='bbox 2132 477 2426 531; x_wconf 74' lang='grc' dir='ltr'>ἐπιϐαίνων</span> <span class='ocrx_word' id='word_1_17' title='bbox 2459 479 2688 550; x_wconf 87' lang='grc' dir='ltr'>κύμασι,</span> <span class='ocrx_word' id='word_1_18' title='bbox 2717 481 2811 533; x_wconf 60' lang='grc' dir='ltr'><strong>καλ⁵</strong></span> <span class='ocrx_word' id='word_1_19' title='bbox 2841 480 2920 551; x_wconf 83' lang='grc' dir='ltr'>τῷ</span> <span class='ocrx_word' id='word_1_20' title='bbox 2943 481 3172 535; x_wconf 77' lang='grc' dir='ltr'><strong>κλύδωνι</strong></span> <span class='ocrx_word' id='word_1_21' title='bbox 3214 483 3306 536; x_wconf 78' lang='grc' dir='ltr'>καὶ</span> <span class='ocrx_word' id='word_1_22' title='bbox 3343 486 3454 547; x_wconf 75' lang='grc' dir='ltr'>τοῖς</span> <span class='ocrx_word' id='word_1_23' title='bbox 3487 485 3711 556; x_wconf 82' lang='grc' dir='ltr'>ἀνεμοις</span> 
     </span>
    </p>
   </div>
   <div class='ocr_carea' id='block_1_6' title="bbox 448 567 2019 640">
    <p class='ocr_par' dir='ltr' id='par_1_6' title="bbox 448 567 2019 640">
     <span class='ocr_line' id='line_1_6' title="bbox 448 567 2019 640; baseline -0.001 -15"><span class='ocrx_word' id='word_1_24' title='bbox 448 568 657 633; x_wconf 88' lang='lat' dir='ltr'><strong>buisse,</strong></span> <span class='ocrx_word' id='word_1_25' title='bbox 690 568 920 640; x_wconf 71' lang='lat' dir='ltr'><strong>publicae</strong></span> <span class='ocrx_word' id='word_1_26' title='bbox 973 567 1257 638; x_wconf 72' lang='lat' dir='ltr'><strong>scriptura:</strong></span> <span class='ocrx_word' id='word_1_27' title='bbox 1307 567 1621 624; x_wconf 86' lang='lat' dir='ltr'><strong>testimonio</strong></span> <span class='ocrx_word' id='word_1_28' title='bbox 1680 568 1861 625; x_wconf 87' lang='lat' dir='ltr'><strong>dictus</strong></span> <span class='ocrx_word' id='word_1_29' title='bbox 1912 577 2019 636; x_wconf 91' lang='lat' dir='ltr'><strong>est,</strong></span> 
     </span>
    </p>
   </div>
   <div class='ocr_carea' id='block_1_7' title="bbox 446 660 2022 735">
    <p class='ocr_par' dir='ltr' id='par_1_7' title="bbox 446 660 2022 735">
     <span class='ocr_line' id='line_1_7' title="bbox 446 660 2022 735; baseline 0 -17"><span class='ocrx_word' id='word_1_30' title='bbox 446 677 558 734; x_wconf 89' lang='lat' dir='ltr'><strong>quo</strong></span> <span class='ocrx_word' id='word_1_31' title='bbox 611 670 853 731; x_wconf 90' lang='lat' dir='ltr'><strong>tempore</strong></span> <span class='ocrx_word' id='word_1_32' title='bbox 895 660 954 726; x_wconf 94' lang='lat' dir='ltr'><strong>ii,</strong></span> <span class='ocrx_word' id='word_1_33' title='bbox 985 661 1077 730; x_wconf 88' lang='lat' dir='ltr'><strong>qui</strong></span> <span class='ocrx_word' id='word_1_34' title='bbox 1103 661 1230 714; x_wconf 89' lang='lat' dir='ltr'><strong>talia</strong></span> <span class='ocrx_word' id='word_1_35' title='bbox 1260 660 1636 726; x_wconf 82' lang='lat' dir='ltr'><strong>intuebantur,</strong></span> <span class='ocrx_word' id='word_1_36' title='bbox 1661 661 2022 735; x_wconf 52' lang='lat' dir='ltr'><strong>obstupesce-</strong></span> 
     </span>
    </p>
   </div>
   <div class='ocr_carea' id='block_1_8' title="bbox 444 752 2021 827">
    <p class='ocr_par' dir='ltr' id='par_1_8' title="bbox 444 752 2021 827">
     <span class='ocr_line' id='line_1_8' title="bbox 444 752 2021 827; baseline 0.001 -16"><span class='ocrx_word' id='word_1_37' title='bbox 444 755 578 811; x_wconf 84' lang='lat' dir='ltr'><strong>bant</strong></span> <span class='ocrx_word' id='word_1_38' title='bbox 610 754 858 809; x_wconf 87' lang='lat' dir='ltr'><strong>dicentes</strong></span> <span class='ocrx_word' id='word_1_39' title='bbox 892 771 907 808; x_wconf 86' lang='lat'><strong>:</strong></span> <span class='ocrx_word' id='word_1_40' title='bbox 945 772 962 805; x_wconf 75' lang='grc' dir='ltr'><strong>ι</strong></span> <span class='ocrx_word' id='word_1_41' title='bbox 1004 752 1140 820; x_wconf 84' lang='lat' dir='ltr'><strong>Quis</strong></span> <span class='ocrx_word' id='word_1_42' title='bbox 1171 762 1255 809; x_wconf 88' lang='lat' dir='ltr'><strong>est</strong></span> <span class='ocrx_word' id='word_1_43' title='bbox 1291 755 1414 819; x_wconf 82' lang='lat' dir='ltr'><strong>hic,</strong></span> <span class='ocrx_word' id='word_1_44' title='bbox 1449 757 1536 811; x_wconf 86' lang='lat' dir='ltr'><strong>cui</strong></span> <span class='ocrx_word' id='word_1_45' title='bbox 1581 757 1726 811; x_wconf 81' lang='lat' dir='ltr'><strong>venti</strong></span> <span class='ocrx_word' id='word_1_46' title='bbox 1759 772 2021 827; x_wconf 88' lang='lat' dir='ltr'><strong>mareque</strong></span> 
     </span>
    </p>
   </div>
   <div class='ocr_carea' id='block_1_9' title="bbox 444 847 2020 918">
    <p class='ocr_par' dir='ltr' id='par_1_9' title="bbox 444 847 2020 918">
     <span class='ocr_line' id='line_1_9' title="bbox 444 847 2020 918; baseline 0.002 -16"><span class='ocrx_word' id='word_1_47' title='bbox 444 852 821 918; x_wconf 81' lang='lat' dir='ltr'><strong>obtemperant</strong></span> <span class='ocrx_word' id='word_1_48' title='bbox 844 847 930 900; x_wconf 59' lang='lat'><strong>3‘?</strong></span> <span class='ocrx_word' id='word_1_49' title='bbox 987 864 1006 897; x_wconf 84' lang='grc'><strong>›</strong></span> <span class='ocrx_word' id='word_1_50' title='bbox 1045 847 1211 902; x_wconf 78' lang='lat' dir='ltr'><strong>fuerit</strong></span> <span class='ocrx_word' id='word_1_51' title='bbox 1241 863 1370 902; x_wconf 82' lang='lat' dir='ltr'><strong>vero</strong></span> <span class='ocrx_word' id='word_1_52' title='bbox 1416 847 1519 904; x_wconf 91' lang='lat' dir='ltr'><strong>hoc</strong></span> <span class='ocrx_word' id='word_1_53' title='bbox 1572 851 1736 904; x_wconf 90' lang='lat' dir='ltr'><strong>etiam</strong></span> <span class='ocrx_word' id='word_1_54' title='bbox 1794 849 2020 906; x_wconf 80' lang='lat' dir='ltr'><strong>alterius</strong></span> 
     </span>
    </p>
   </div>
   <div class='ocr_carea' id='block_1_10' title="bbox 441 937 2018 1009">
    <p class='ocr_par' dir='ltr' id='par_1_10' title="bbox 441 937 2018 1009">
     <span class='ocr_line' id='line_1_10' title="bbox 441 937 2018 1009; baseline 0.001 -16"><span class='ocrx_word' id='word_1_55' title='bbox 441 937 766 1008; x_wconf 90' lang='lat' dir='ltr'><strong>cujusdam,</strong></span> <span class='ocrx_word' id='word_1_56' title='bbox 822 937 967 1009; x_wconf 84' lang='lat' dir='ltr'><strong>quod</strong></span> <span class='ocrx_word' id='word_1_57' title='bbox 1014 937 1368 1009; x_wconf 88' lang='lat' dir='ltr'><strong>intelligitur,</strong></span> <span class='ocrx_word' id='word_1_58' title='bbox 1427 940 1682 997; x_wconf 72' lang='lat' dir='ltr'><strong>vastioris</strong></span> <span class='ocrx_word' id='word_1_59' title='bbox 1728 941 1895 996; x_wconf 88' lang='lat' dir='ltr'><strong>maris</strong></span> <span class='ocrx_word' id='word_1_60' title='bbox 1938 941 2018 996; x_wconf 91' lang='lat' dir='ltr'><strong>si-</strong></span> 
     </span>
    </p>
   </div>
   <div class='ocr_carea' id='block_1_11' title="bbox 439 1029 2018 1102">
    <p class='ocr_par' dir='ltr' id='par_1_11' title="bbox 439 1029 2018 1102">
     <span class='ocr_line' id='line_1_11' title="bbox 439 1029 2018 1102; baseline 0.003 -18"><span class='ocrx_word' id='word_1_61' title='bbox 439 1045 642 1100; x_wconf 86' lang='lat' dir='ltr'><strong>gnum,</strong></span> <span class='ocrx_word' id='word_1_62' title='bbox 698 1029 754 1084; x_wconf 86' lang='lat' dir='ltr'><strong>in</strong></span> <span class='ocrx_word' id='word_1_63' title='bbox 806 1045 915 1100; x_wconf 90' lang='lat' dir='ltr'><strong>quo</strong></span> <span class='ocrx_word' id='word_1_64' title='bbox 959 1030 1127 1086; x_wconf 81' lang='lat' dir='ltr'><strong>draco</strong></span> <span class='ocrx_word' id='word_1_65' title='bbox 1161 1031 1384 1102; x_wconf 91' lang='lat' dir='ltr'><strong>quidam</strong></span> <span class='ocrx_word' id='word_1_66' title='bbox 1431 1048 1555 1088; x_wconf 89' lang='lat' dir='ltr'><strong>esse</strong></span> <span class='ocrx_word' id='word_1_67' title='bbox 1587 1033 1810 1098; x_wconf 91' lang='lat' dir='ltr'><strong>dicitur,</strong></span> <span class='ocrx_word' id='word_1_68' title='bbox 1842 1032 2018 1088; x_wconf 82' lang='lat' dir='ltr'><strong>factus</strong></span> 
     </span>
    </p>
   </div>
   <div class='ocr_carea' id='block_1_12' title="bbox 439 1121 2014 1196">
    <p class='ocr_par' dir='ltr' id='par_1_12' title="bbox 439 1121 2014 1196">
     <span class='ocr_line' id='line_1_12' title="bbox 439 1121 2014 1196; baseline 0.002 -19"><span class='ocrx_word' id='word_1_69' title='bbox 439 1123 576 1178; x_wconf 88' lang='lat' dir='ltr'><strong>utin</strong></span> <span class='ocrx_word' id='word_1_70' title='bbox 607 1139 732 1178; x_wconf 90' lang='lat' dir='ltr'><strong>eum</strong></span> <span class='ocrx_word' id='word_1_71' title='bbox 768 1121 1000 1178; x_wconf 88' lang='lat' dir='ltr'><strong>illudant</strong></span> <span class='ocrx_word' id='word_1_72' title='bbox 1033 1126 1211 1195; x_wconf 84' lang='lat' dir='ltr'><strong>angeli</strong></span> <span class='ocrx_word' id='word_1_73' title='bbox 1236 1124 1353 1187; x_wconf 90' lang='lat' dir='ltr'><strong>Dei,</strong></span> <span class='ocrx_word' id='word_1_74' title='bbox 1387 1140 1553 1196; x_wconf 85' lang='lat' dir='ltr'><strong>super</strong></span> <span class='ocrx_word' id='word_1_75' title='bbox 1578 1141 1686 1196; x_wconf 90' lang='lat' dir='ltr'><strong>quo</strong></span> <span class='ocrx_word' id='word_1_76' title='bbox 1715 1126 1841 1180; x_wconf 88' lang='lat' dir='ltr'><strong>item</strong></span> <span class='ocrx_word' id='word_1_77' title='bbox 1879 1125 2014 1180; x_wconf 89' lang='lat' dir='ltr'><strong>mari</strong></span> 
     </span>
    </p>
   </div>
   <div class='ocr_carea' id='block_1_13' title="bbox 440 1212 2018 1289">
    <p class='ocr_par' dir='ltr' id='par_1_13' title="bbox 440 1212 2018 1289">
     <span class='ocr_line' id='line_1_13' title="bbox 440 1212 2018 1289; baseline -0.001 -20"><span class='ocrx_word' id='word_1_78' title='bbox 440 1212 692 1287; x_wconf 74' lang='lat' dir='ltr'><strong>Salvator</strong></span> <span class='ocrx_word' id='word_1_79' title='bbox 715 1229 779 1269; x_wconf 87' lang='lat' dir='ltr'><strong>ac</strong></span> <span class='ocrx_word' id='word_1_80' title='bbox 808 1213 1074 1270; x_wconf 89' lang='lat' dir='ltr'><strong>Dominus</strong></span> <span class='ocrx_word' id='word_1_81' title='bbox 1092 1226 1276 1271; x_wconf 78' lang='lat' dir='ltr'><strong>noster</strong></span> <span class='ocrx_word' id='word_1_82' title='bbox 1301 1215 1463 1289; x_wconf 77' lang='grc'><strong>447</strong></span> <span class='ocrx_word' id='word_1_83' title='bbox 1491 1217 1836 1272; x_wconf 82' lang='lat' dir='ltr'><strong>inambulans</strong></span> <span class='ocrx_word' id='word_1_84' title='bbox 1855 1223 2018 1286; x_wconf 88' lang='lat' dir='ltr'><strong>caput</strong></span> 
     </span>
    </p>
   </div>
   <div class='ocr_carea' id='block_1_14' title="bbox 437 1304 2014 1378">
    <p class='ocr_par' dir='ltr' id='par_1_14' title="bbox 437 1304 2014 1378">
     <span class='ocr_line' id='line_1_14' title="bbox 437 1304 2014 1378; baseline 0.001 -18"><span class='ocrx_word' id='word_1_85' title='bbox 437 1304 551 1362; x_wconf 90' lang='lat' dir='ltr'><strong>illic</strong></span> <span class='ocrx_word' id='word_1_86' title='bbox 605 1306 891 1363; x_wconf 80' lang='lat' dir='ltr'><strong>constituti</strong></span> <span class='ocrx_word' id='word_1_87' title='bbox 943 1305 1222 1372; x_wconf 88' lang='lat' dir='ltr'><strong>draconis,</strong></span> <span class='ocrx_word' id='word_1_88' title='bbox 1278 1309 1724 1378; x_wconf 87' lang='lat' dir='ltr'><strong>reliquorumque</strong></span> <span class='ocrx_word' id='word_1_89' title='bbox 1781 1307 1874 1361; x_wconf 91' lang='lat' dir='ltr'><strong>illo</strong></span> <span class='ocrx_word' id='word_1_90' title='bbox 1926 1307 2014 1362; x_wconf 89' lang='lat' dir='ltr'><strong>in-</strong></span> 
     </span>
    </p>
   </div>
   <div class='ocr_carea' id='block_1_15' title="bbox 434 1397 2010 1468">
    <p class='ocr_par' dir='ltr' id='par_1_15' title="bbox 434 1397 2010 1468">
     <span class='ocr_line' id='line_1_15' title="bbox 434 1397 2010 1468; baseline 0 -14"><span class='ocrx_word' id='word_1_91' title='bbox 434 1397 698 1454; x_wconf 80' lang='lat' dir='ltr'><strong>feriorum</strong></span> <span class='ocrx_word' id='word_1_92' title='bbox 732 1399 1033 1454; x_wconf 87' lang='lat' dir='ltr'><strong>draconum</strong></span> <span class='ocrx_word' id='word_1_93' title='bbox 1061 1399 1262 1455; x_wconf 90' lang='lat' dir='ltr'><strong>dicitur</strong></span> <span class='ocrx_word' id='word_1_94' title='bbox 1291 1400 1636 1456; x_wconf 84' lang='lat' dir='ltr'><strong>contrivisse.</strong></span> <span class='ocrx_word' id='word_1_95' title='bbox 1655 1400 1810 1468; x_wconf 80' lang='lat' dir='ltr'><strong>juxta</strong></span> <span class='ocrx_word' id='word_1_96' title='bbox 1841 1399 1970 1454; x_wconf 90' lang='lat' dir='ltr'><strong>illud</strong></span> <span class='ocrx_word' id='word_1_97' title='bbox 1997 1419 2010 1454; x_wconf 89' lang='lat'><strong>:</strong></span> 
     </span>
    </p>
   </div>
   <div class='ocr_carea' id='block_1_16' title="bbox 439 1488 2013 1561">
    <p class='ocr_par' dir='ltr' id='par_1_16' title="bbox 439 1488 2013 1561">
     <span class='ocr_line' id='line_1_16' title="bbox 439 1488 2013 1561; baseline 0.001 -17"><span class='ocrx_word' id='word_1_98' title='bbox 439 1508 461 1544; x_wconf 73' lang='grc' dir='ltr'><strong>ε</strong></span> <span class='ocrx_word' id='word_1_99' title='bbox 500 1488 582 1544; x_wconf 89' lang='lat' dir='ltr'><strong>Tu</strong></span> <span class='ocrx_word' id='word_1_100' title='bbox 615 1490 925 1545; x_wconf 81' lang='lat' dir='ltr'><strong>contrivisti</strong></span> <span class='ocrx_word' id='word_1_101' title='bbox 957 1492 1134 1560; x_wconf 86' lang='lat' dir='ltr'><strong>capita</strong></span> <span class='ocrx_word' id='word_1_102' title='bbox 1173 1489 1472 1545; x_wconf 89' lang='lat' dir='ltr'><strong>draconum</strong></span> <span class='ocrx_word' id='word_1_103' title='bbox 1506 1505 1673 1561; x_wconf 82' lang='lat' dir='ltr'><strong>super</strong></span> <span class='ocrx_word' id='word_1_104' title='bbox 1703 1505 1921 1560; x_wconf 87' lang='lat' dir='ltr'><strong>aquam,</strong></span> <span class='ocrx_word' id='word_1_105' title='bbox 1954 1500 2013 1546; x_wconf 90' lang='lat' dir='ltr'><strong>tu</strong></span> 
     </span>
    </p>
   </div>
   <div class='ocr_carea' id='block_1_17' title="bbox 432 1581 2012 1654">
    <p class='ocr_par' dir='ltr' id='par_1_17' title="bbox 432 1581 2012 1654">
     <span class='ocr_line' id='line_1_17' title="bbox 432 1581 2012 1654; baseline -0.001 -14"><span class='ocrx_word' id='word_1_106' title='bbox 432 1581 749 1652; x_wconf 76' lang='lat' dir='ltr'><strong>coniregisti</strong></span> <span class='ocrx_word' id='word_1_107' title='bbox 774 1588 938 1652; x_wconf 88' lang='lat' dir='ltr'><strong>caput</strong></span> <span class='ocrx_word' id='word_1_108' title='bbox 960 1582 1216 1638; x_wconf 88' lang='lat' dir='ltr'><strong>draconis</strong></span> <span class='ocrx_word' id='word_1_109' title='bbox 1237 1583 1281 1614; x_wconf 78' lang='grc'><strong>⁸⁸</strong></span> <span class='ocrx_word' id='word_1_110' title='bbox 1316 1601 1330 1638; x_wconf 87' lang='lat'><strong>:</strong></span> <span class='ocrx_word' id='word_1_111' title='bbox 1373 1603 1391 1634; x_wconf 77' lang='grc' dir='ltr'><strong>ι</strong></span> <span class='ocrx_word' id='word_1_112' title='bbox 1419 1583 1580 1654; x_wconf 88' lang='lat' dir='ltr'><strong>plane</strong></span> <span class='ocrx_word' id='word_1_113' title='bbox 1611 1583 1838 1638; x_wconf 86' lang='lat' dir='ltr'><strong>alterius</strong></span> <span class='ocrx_word' id='word_1_114' title='bbox 1868 1585 2012 1652; x_wconf 85' lang='lat' dir='ltr'><strong>quod</strong></span> 
     </span>
    </p>
   </div>
   <div class='ocr_carea' id='block_1_18' title="bbox 429 1672 2013 1745">
    <p class='ocr_par' dir='ltr' id='par_1_18' title="bbox 429 1672 2013 1745">
     <span class='ocr_line' id='line_1_18' title="bbox 429 1672 2013 1745; baseline 0.001 -16"><span class='ocrx_word' id='word_1_115' title='bbox 429 1673 754 1744; x_wconf 79' lang='lat' dir='ltr'><strong>intelligitur</strong></span> <span class='ocrx_word' id='word_1_116' title='bbox 787 1673 978 1737; x_wconf 91' lang='lat' dir='ltr'><strong>maris,</strong></span> <span class='ocrx_word' id='word_1_117' title='bbox 1030 1672 1098 1728; x_wconf 88' lang='lat' dir='ltr'><strong>de</strong></span> <span class='ocrx_word' id='word_1_118' title='bbox 1130 1689 1238 1745; x_wconf 92' lang='lat' dir='ltr'><strong>quo</strong></span> <span class='ocrx_word' id='word_1_119' title='bbox 1284 1673 1425 1729; x_wconf 86' lang='lat' dir='ltr'><strong>idem</strong></span> <span class='ocrx_word' id='word_1_120' title='bbox 1479 1689 1672 1730; x_wconf 88' lang='lat' dir='ltr'><strong>rursus</strong></span> <span class='ocrx_word' id='word_1_121' title='bbox 1714 1676 1767 1729; x_wconf 92' lang='lat' dir='ltr'><strong>in</strong></span> <span class='ocrx_word' id='word_1_122' title='bbox 1803 1676 2013 1745; x_wconf 86' lang='lat' dir='ltr'><strong>psalmo</strong></span> 
     </span>
    </p>
   </div>
   <div class='ocr_carea' id='block_1_19' title="bbox 431 1765 2010 1836">
    <p class='ocr_par' dir='ltr' id='par_1_19' title="bbox 431 1765 2010 1836">
     <span class='ocr_line' id='line_1_19' title="bbox 431 1765 2010 1836; baseline 0.001 -15"><span class='ocrx_word' id='word_1_123' title='bbox 431 1766 510 1821; x_wconf 82' lang='lat' dir='ltr'><strong>ait</strong></span> <span class='ocrx_word' id='word_1_124' title='bbox 538 1784 551 1822; x_wconf 91' lang='lat'>:</span> <span class='ocrx_word' id='word_1_125' title='bbox 592 1783 611 1816; x_wconf 74' lang='grc' dir='ltr'><strong>ε</strong></span> <span class='ocrx_word' id='word_1_126' title='bbox 648 1765 848 1820; x_wconf 72' lang='grc' dir='ltr'>Βενεηί</span> <span class='ocrx_word' id='word_1_127' title='bbox 879 1766 932 1819; x_wconf 91' lang='lat' dir='ltr'><strong>in</strong></span> <span class='ocrx_word' id='word_1_128' title='bbox 963 1765 1232 1836; x_wconf 80' lang='lat' dir='ltr'><strong>profunda</strong></span> <span class='ocrx_word' id='word_1_129' title='bbox 1261 1766 1428 1822; x_wconf 88' lang='lat' dir='ltr'><strong>maris</strong></span> <span class='ocrx_word' id='word_1_130' title='bbox 1454 1767 1522 1820; x_wconf 78' lang='grc'><strong>⁸⁸.</strong></span> <span class='ocrx_word' id='word_1_131' title='bbox 1565 1785 1584 1819; x_wconf 74' lang='grc' dir='ltr'><strong>ι</strong></span> <span class='ocrx_word' id='word_1_132' title='bbox 1624 1766 1691 1820; x_wconf 90' lang='grc' dir='ltr'><strong>Ει</strong></span> <span class='ocrx_word' id='word_1_133' title='bbox 1724 1767 1791 1822; x_wconf 91' lang='lat' dir='ltr'><strong>ad</strong></span> <span class='ocrx_word' id='word_1_134' title='bbox 1819 1767 1921 1822; x_wconf 80' lang='lat' dir='ltr'><strong>Job</strong></span> <span class='ocrx_word' id='word_1_135' title='bbox 1943 1767 2010 1823; x_wconf 92' lang='lat' dir='ltr'><strong>de</strong></span> 
     </span>
    </p>
   </div>
   <div class='ocr_carea' id='block_1_20' title="bbox 431 1855 1020 1926">
    <p class='ocr_par' dir='ltr' id='par_1_20' title="bbox 431 1855 1020 1926">
     <span class='ocr_line' id='line_1_20' title="bbox 431 1855 1020 1926; baseline 0 -16"><span class='ocrx_word' id='word_1_136' title='bbox 431 1855 614 1926; x_wconf 78' lang='lat' dir='ltr'><strong>seipse</strong></span> <span class='ocrx_word' id='word_1_137' title='bbox 662 1855 938 1911; x_wconf 88' lang='lat' dir='ltr'><strong>disserens</strong></span> <span class='ocrx_word' id='word_1_138' title='bbox 1007 1897 1020 1910; x_wconf 94' lang='lat'><strong>.</strong></span> 
     </span>
    </p>
   </div>
   <div class='ocr_carea' id='block_1_21' title="bbox 429 1946 2007 2020">
    <p class='ocr_par' dir='ltr' id='par_1_21' title="bbox 429 1946 2007 2020">
     <span class='ocr_line' id='line_1_21' title="bbox 429 1946 2007 2020; baseline 0 -18"><span class='ocrx_word' id='word_1_139' title='bbox 429 1946 600 2002; x_wconf 84' lang='lat' dir='ltr'><strong>maris</strong></span> <span class='ocrx_word' id='word_1_140' title='bbox 618 1987 632 2011; x_wconf 88' lang='lat'><strong>,</strong></span> <span class='ocrx_word' id='word_1_141' title='bbox 650 1954 704 2002; x_wconf 92' lang='lat' dir='ltr'><strong>et</strong></span> <span class='ocrx_word' id='word_1_142' title='bbox 720 1947 774 2001; x_wconf 94' lang='lat' dir='ltr'><strong>in</strong></span> <span class='ocrx_word' id='word_1_143' title='bbox 790 1947 1034 2018; x_wconf 79' lang='lat' dir='ltr'><strong>vestigiis</strong></span> <span class='ocrx_word' id='word_1_144' title='bbox 1062 1947 1242 2020; x_wconf 85' lang='lat' dir='ltr'><strong>abyssi</strong></span> <span class='ocrx_word' id='word_1_145' title='bbox 1267 1948 1664 2006; x_wconf 86' lang='lat' dir='ltr'><strong>deambulasti?</strong></span> <span class='ocrx_word' id='word_1_146' title='bbox 1685 1952 2007 2018; x_wconf 88' lang='lat' dir='ltr'><strong>aperiuntur</strong></span> 
     </span>
    </p>
   </div>
   <div class='ocr_carea' id='block_1_22' title="bbox 429 2035 2007 2108">
    <p class='ocr_par' dir='ltr' id='par_1_22' title="bbox 429 2035 2007 2108">
     <span class='ocr_line' id='line_1_22' title="bbox 429 2035 2007 2108; baseline 0 -14"><span class='ocrx_word' id='word_1_147' title='bbox 429 2052 559 2094; x_wconf 78' lang='lat' dir='ltr'><strong>vero</strong></span> <span class='ocrx_word' id='word_1_148' title='bbox 591 2038 687 2092; x_wconf 92' lang='lat' dir='ltr'><strong>tibi</strong></span> <span class='ocrx_word' id='word_1_149' title='bbox 726 2038 924 2093; x_wconf 91' lang='lat' dir='ltr'><strong>timore</strong></span> <span class='ocrx_word' id='word_1_150' title='bbox 949 2045 1118 2108; x_wconf 73' lang='lat' dir='ltr'><strong>portae</strong></span> <span class='ocrx_word' id='word_1_151' title='bbox 1152 2035 1388 2092; x_wconf 83' lang='lat' dir='ltr'><strong>mortis?</strong></span> <span class='ocrx_word' id='word_1_152' title='bbox 1420 2048 1473 2094; x_wconf 92' lang='lat' dir='ltr'><strong>et</strong></span> <span class='ocrx_word' id='word_1_153' title='bbox 1500 2038 1772 2107; x_wconf 88' lang='lat' dir='ltr'><strong>janitores</strong></span> <span class='ocrx_word' id='word_1_154' title='bbox 1801 2038 2007 2094; x_wconf 79' lang='lat' dir='ltr'><strong>infero—</strong></span> 
     </span>
    </p>
   </div>
   <div class='ocr_carea' id='block_1_23' title="bbox 427 2129 1999 2202">
    <p class='ocr_par' dir='ltr' id='par_1_23' title="bbox 427 2129 1999 2202">
     <span class='ocr_line' id='line_1_23' title="bbox 427 2129 1999 2202; baseline -0.003 -15"><span class='ocrx_word' id='word_1_155' title='bbox 427 2147 550 2187; x_wconf 90' lang='lat' dir='ltr'><strong>rum</strong></span> <span class='ocrx_word' id='word_1_156' title='bbox 565 2131 812 2186; x_wconf 81' lang='lat' dir='ltr'><strong>videntes</strong></span> <span class='ocrx_word' id='word_1_157' title='bbox 829 2139 883 2187; x_wconf 90' lang='lat' dir='ltr'><strong>te</strong></span> <span class='ocrx_word' id='word_1_158' title='bbox 913 2138 1254 2202; x_wconf 79' lang='lat' dir='ltr'><strong>expaverunt</strong></span> <span class='ocrx_word' id='word_1_159' title='bbox 1269 2131 1312 2162; x_wconf 84' lang='grc'><strong>⁸⁷</strong></span> <span class='ocrx_word' id='word_1_160' title='bbox 1331 2131 1356 2186; x_wconf 81' lang='lat'><strong>?</strong></span> <span class='ocrx_word' id='word_1_161' title='bbox 1373 2149 1392 2183; x_wconf 77' lang='grc' dir='ltr'><strong>ι</strong></span> <span class='ocrx_word' id='word_1_162' title='bbox 1413 2129 1604 2186; x_wconf 82' lang='lat' dir='ltr'><strong>Merito</strong></span> <span class='ocrx_word' id='word_1_163' title='bbox 1634 2131 1802 2202; x_wconf 77' lang='lat' dir='ltr'><strong>igitur</strong></span> <span class='ocrx_word' id='word_1_164' title='bbox 1833 2130 1999 2185; x_wconf 90' lang='lat' dir='ltr'><strong>etiam</strong></span> 
     </span>
    </p>
   </div>
   <div class='ocr_carea' id='block_1_24' title="bbox 426 2223 2004 2295">
    <p class='ocr_par' dir='ltr' id='par_1_24' title="bbox 426 2223 2004 2295">
     <span class='ocr_line' id='line_1_24' title="bbox 426 2223 2004 2295; baseline -0.001 -16"><span class='ocrx_word' id='word_1_165' title='bbox 426 2223 483 2281; x_wconf 88' lang='lat' dir='ltr'><strong>in</strong></span> <span class='ocrx_word' id='word_1_166' title='bbox 513 2239 598 2287; x_wconf 89' lang='lat' dir='ltr'><strong>ea,</strong></span> <span class='ocrx_word' id='word_1_167' title='bbox 625 2241 747 2294; x_wconf 76' lang='lat' dir='ltr'><strong>qua:</strong></span> <span class='ocrx_word' id='word_1_168' title='bbox 762 2223 828 2278; x_wconf 90' lang='lat' dir='ltr'><strong>ad</strong></span> <span class='ocrx_word' id='word_1_169' title='bbox 848 2239 949 2279; x_wconf 92' lang='lat' dir='ltr'><strong>nos</strong></span> <span class='ocrx_word' id='word_1_170' title='bbox 979 2226 1214 2294; x_wconf 89' lang='lat' dir='ltr'><strong>pertinet</strong></span> <span class='ocrx_word' id='word_1_171' title='bbox 1243 2224 1374 2288; x_wconf 82' lang='lat' dir='ltr'><strong>vita,</strong></span> <span class='ocrx_word' id='word_1_172' title='bbox 1402 2224 1530 2278; x_wconf 88' lang='lat' dir='ltr'><strong>dum</strong></span> <span class='ocrx_word' id='word_1_173' title='bbox 1555 2225 1732 2295; x_wconf 89' lang='lat' dir='ltr'><strong>ipsum</strong></span> <span class='ocrx_word' id='word_1_174' title='bbox 1753 2239 1901 2277; x_wconf 89' lang='lat' dir='ltr'><strong>mare</strong></span> <span class='ocrx_word' id='word_1_175' title='bbox 1921 2223 2004 2277; x_wconf 84' lang='lat' dir='ltr'><strong>in-</strong></span> 
     </span>
    </p>
   </div>
   <div class='ocr_carea' id='block_1_25' title="bbox 424 2317 2001 2390">
    <p class='ocr_par' dir='ltr' id='par_1_25' title="bbox 424 2317 2001 2390">
     <span class='ocr_line' id='line_1_25' title="bbox 424 2317 2001 2390; baseline 0 -20"><span class='ocrx_word' id='word_1_176' title='bbox 424 2317 666 2390; x_wconf 85' lang='lat' dir='ltr'><strong>greditur</strong></span> <span class='ocrx_word' id='word_1_177' title='bbox 687 2325 741 2372; x_wconf 86' lang='lat' dir='ltr'><strong>et</strong></span> <span class='ocrx_word' id='word_1_178' title='bbox 759 2325 974 2382; x_wconf 83' lang='lat' dir='ltr'><strong>ventos,</strong></span> <span class='ocrx_word' id='word_1_179' title='bbox 1001 2325 1490 2388; x_wconf 88' lang='lat' dir='ltr'><strong>tempestatemque</strong></span> <span class='ocrx_word' id='word_1_180' title='bbox 1519 2317 1783 2388; x_wconf 86' lang='lat' dir='ltr'><strong>increpat,</strong></span> <span class='ocrx_word' id='word_1_181' title='bbox 1819 2331 2001 2371; x_wconf 88' lang='lat' dir='ltr'><strong>rerum</strong></span> 
     </span>
    </p>
   </div>
   <div class='ocr_carea' id='block_1_26' title="bbox 425 2407 1996 2480">
    <p class='ocr_par' dir='ltr' id='par_1_26' title="bbox 425 2407 1996 2480">
     <span class='ocr_line' id='line_1_26' title="bbox 425 2407 1996 2480; baseline -0.001 -14"><span class='ocrx_word' id='word_1_182' title='bbox 425 2409 481 2466; x_wconf 89' lang='lat' dir='ltr'><strong>in</strong></span> <span class='ocrx_word' id='word_1_183' title='bbox 500 2409 716 2465; x_wconf 85' lang='lat' dir='ltr'><strong>arcanis</strong></span> <span class='ocrx_word' id='word_1_184' title='bbox 741 2410 1045 2480; x_wconf 88' lang='lat' dir='ltr'><strong>positarum</strong></span> <span class='ocrx_word' id='word_1_185' title='bbox 1075 2411 1230 2480; x_wconf 85' lang='lat' dir='ltr'><strong>signa</strong></span> <span class='ocrx_word' id='word_1_186' title='bbox 1272 2409 1492 2464; x_wconf 87' lang='lat' dir='ltr'><strong>interim</strong></span> <span class='ocrx_word' id='word_1_187' title='bbox 1522 2407 1637 2465; x_wconf 88' lang='lat' dir='ltr'><strong>obit</strong></span> <span class='ocrx_word' id='word_1_188' title='bbox 1673 2423 1737 2463; x_wconf 87' lang='lat' dir='ltr'><strong>ac</strong></span> <span class='ocrx_word' id='word_1_189' title='bbox 1768 2409 1996 2480; x_wconf 85' lang='lat' dir='ltr'><strong>peragit.</strong></span> 
     </span>
    </p>
   </div>
   <div class='ocr_carea' id='block_1_27' title="bbox 419 2537 1997 2608">
    <p class='ocr_par' dir='ltr' id='par_1_27' title="bbox 419 2537 1997 2608">
     <span class='ocr_line' id='line_1_27' title="bbox 419 2537 1997 2608; baseline -0.001 -13"><span class='ocrx_word' id='word_1_190' title='bbox 419 2537 500 2595; x_wconf 79' lang='lat' dir='ltr'><strong>Ab</strong></span> <span class='ocrx_word' id='word_1_191' title='bbox 525 2537 695 2596; x_wconf 73' lang='lat' dir='ltr'><strong>Isaia.</strong></span> <span class='ocrx_word' id='word_1_192' title='bbox 721 2569 793 2582; x_wconf 91' lang='lat'><strong>-—</strong></span> <span class='ocrx_word' id='word_1_193' title='bbox 817 2537 896 2594; x_wconf 82' lang='lat' dir='ltr'><strong>De</strong></span> <span class='ocrx_word' id='word_1_194' title='bbox 923 2539 1076 2594; x_wconf 72' lang='lat' dir='ltr'><strong>rebus</strong></span> <span class='ocrx_word' id='word_1_195' title='bbox 1105 2537 1170 2594; x_wconf 83' lang='lat' dir='ltr'><strong>ab</strong></span> <span class='ocrx_word' id='word_1_196' title='bbox 1197 2539 1314 2608; x_wconf 78' lang='lat' dir='ltr'><strong>ipso</strong></span> <span class='ocrx_word' id='word_1_197' title='bbox 1355 2537 1766 2595; x_wconf 78' lang='lat' dir='ltr'><strong>admirabilibus</strong></span> <span class='ocrx_word' id='word_1_198' title='bbox 1814 2541 1997 2596; x_wconf 74' lang='lat' dir='ltr'><strong>acuis.</strong></span> 
     </span>
    </p>
   </div>
   <div class='ocr_carea' id='block_1_28' title="bbox 495 2691 2002 2765">
    <p class='ocr_par' dir='ltr' id='par_1_28' title="bbox 495 2691 2002 2765">
     <span class='ocr_line' id='line_1_28' title="bbox 495 2691 2002 2765; baseline 0.001 -19"><span class='ocrx_word' id='word_1_199' title='bbox 495 2713 514 2746; x_wconf 74' lang='grc' dir='ltr'><strong>ι</strong></span> <span class='ocrx_word' id='word_1_200' title='bbox 541 2691 946 2758; x_wconf 86' lang='lat' dir='ltr'><strong>Couvalescite,</strong></span> <span class='ocrx_word' id='word_1_201' title='bbox 971 2708 1168 2748; x_wconf 88' lang='lat' dir='ltr'><strong>manus</strong></span> <span class='ocrx_word' id='word_1_202' title='bbox 1195 2693 1444 2748; x_wconf 63' lang='lat' dir='ltr'><strong>remissae</strong></span> <span class='ocrx_word' id='word_1_203' title='bbox 1462 2701 1516 2749; x_wconf 90' lang='lat' dir='ltr'><strong>et</strong></span> <span class='ocrx_word' id='word_1_204' title='bbox 1555 2709 1732 2765; x_wconf 89' lang='lat' dir='ltr'><strong>genua</strong></span> <span class='ocrx_word' id='word_1_205' title='bbox 1761 2693 2002 2750; x_wconf 83' lang='lat' dir='ltr'><strong>dissolu-</strong></span> 
     </span>
    </p>
   </div>
   <div class='ocr_carea' id='block_1_29' title="bbox 418 2785 2000 2857">
    <p class='ocr_par' dir='ltr' id='par_1_29' title="bbox 418 2785 2000 2857">
     <span class='ocr_line' id='line_1_29' title="bbox 418 2785 2000 2857; baseline -0.001 -14"><span class='ocrx_word' id='word_1_206' title='bbox 418 2793 494 2850; x_wconf 85' lang='lat' dir='ltr'><strong>ta.</strong></span> <span class='ocrx_word' id='word_1_207' title='bbox 523 2786 1297 2857; x_wconf 82' lang='lat' dir='ltr'><strong>consnlamini,pusillanimes</strong></span> <span class='ocrx_word' id='word_1_208' title='bbox 1317 2786 1619 2851; x_wconf 84' lang='lat' dir='ltr'><strong>intellectu,</strong></span> <span class='ocrx_word' id='word_1_209' title='bbox 1654 2785 1823 2843; x_wconf 79' lang='lat' dir='ltr'><strong>fortes</strong></span> <span class='ocrx_word' id='word_1_210' title='bbox 1851 2794 2000 2843; x_wconf 88' lang='lat' dir='ltr'><strong>esto-</strong></span> 
     </span>
    </p>
   </div>
   <div class='ocr_carea' id='block_1_30' title="bbox 417 2876 1998 2948">
    <p class='ocr_par' dir='ltr' id='par_1_30' title="bbox 417 2876 1998 2948">
     <span class='ocr_line' id='line_1_30' title="bbox 417 2876 1998 2948; baseline -0.001 -15"><span class='ocrx_word' id='word_1_211' title='bbox 417 2888 492 2942; x_wconf 87' lang='lat' dir='ltr'><strong>te.</strong></span> <span class='ocrx_word' id='word_1_212' title='bbox 520 2887 574 2934; x_wconf 91' lang='lat' dir='ltr'><strong>et</strong></span> <span class='ocrx_word' id='word_1_213' title='bbox 595 2879 764 2934; x_wconf 90' lang='lat' dir='ltr'><strong>nolite</strong></span> <span class='ocrx_word' id='word_1_214' title='bbox 794 2880 1016 2934; x_wconf 90' lang='lat' dir='ltr'><strong>timere:</strong></span> <span class='ocrx_word' id='word_1_215' title='bbox 1038 2892 1168 2933; x_wconf 87' lang='lat' dir='ltr'><strong>ecce</strong></span> <span class='ocrx_word' id='word_1_216' title='bbox 1189 2876 1333 2933; x_wconf 88' lang='lat' dir='ltr'><strong>Deus</strong></span> <span class='ocrx_word' id='word_1_217' title='bbox 1363 2885 1553 2933; x_wconf 86' lang='lat' dir='ltr'><strong>noster</strong></span> <span class='ocrx_word' id='word_1_218' title='bbox 1580 2877 1848 2948; x_wconf 87' lang='lat' dir='ltr'><strong>judicium</strong></span> <span class='ocrx_word' id='word_1_219' title='bbox 1874 2876 1998 2932; x_wconf 90' lang='lat' dir='ltr'><strong>red-</strong></span> 
     </span>
    </p>
   </div>
   <div class='ocr_carea' id='block_1_31' title="bbox 415 2967 1997 3041">
    <p class='ocr_par' dir='ltr' id='par_1_31' title="bbox 415 2967 1997 3041">
     <span class='ocr_line' id='line_1_31' title="bbox 415 2967 1997 3041; baseline -0.001 -15"><span class='ocrx_word' id='word_1_220' title='bbox 415 2971 495 3028; x_wconf 86' lang='lat' dir='ltr'><strong>dit</strong></span> <span class='ocrx_word' id='word_1_221' title='bbox 521 2978 575 3026; x_wconf 90' lang='lat' dir='ltr'><strong>et</strong></span> <span class='ocrx_word' id='word_1_222' title='bbox 603 2970 816 3034; x_wconf 81' lang='lat' dir='ltr'><strong>reddet,</strong></span> <span class='ocrx_word' id='word_1_223' title='bbox 849 2969 968 3041; x_wconf 88' lang='lat' dir='ltr'><strong>ipse</strong></span> <span class='ocrx_word' id='word_1_224' title='bbox 984 2968 1162 3024; x_wconf 85' lang='lat' dir='ltr'><strong>veniet</strong></span> <span class='ocrx_word' id='word_1_225' title='bbox 1188 2974 1243 3024; x_wconf 93' lang='lat' dir='ltr'><strong>et</strong></span> <span class='ocrx_word' id='word_1_226' title='bbox 1277 2969 1460 3026; x_wconf 85' lang='lat' dir='ltr'><strong>salvos</strong></span> <span class='ocrx_word' id='word_1_227' title='bbox 1487 2967 1655 3024; x_wconf 84' lang='lat' dir='ltr'><strong>faciet</strong></span> <span class='ocrx_word' id='word_1_228' title='bbox 1689 2983 1791 3023; x_wconf 91' lang='lat' dir='ltr'><strong>nos</strong></span> <span class='ocrx_word' id='word_1_229' title='bbox 1819 2984 1832 3020; x_wconf 93' lang='lat'><strong>:</strong></span> <span class='ocrx_word' id='word_1_230' title='bbox 1865 2977 1997 3024; x_wconf 89' lang='lat' dir='ltr'><strong>tunc</strong></span> 
     </span>
    </p>
   </div>
   <div class='ocr_carea' id='block_1_32' title="bbox 415 3059 1994 3132">
    <p class='ocr_par' dir='ltr' id='par_1_32' title="bbox 415 3059 1994 3132">
     <span class='ocr_line' id='line_1_32' title="bbox 415 3059 1994 3132; baseline -0.004 -14"><span class='ocrx_word' id='word_1_231' title='bbox 415 3063 730 3132; x_wconf 83' lang='lat' dir='ltr'><strong>aperientur</strong></span> <span class='ocrx_word' id='word_1_232' title='bbox 758 3059 904 3116; x_wconf 90' lang='lat' dir='ltr'><strong>oculi</strong></span> <span class='ocrx_word' id='word_1_233' title='bbox 955 3073 1248 3124; x_wconf 84' lang='lat' dir='ltr'><strong>caecorum,</strong></span> <span class='ocrx_word' id='word_1_234' title='bbox 1280 3066 1335 3114; x_wconf 89' lang='lat' dir='ltr'><strong>et</strong></span> <span class='ocrx_word' id='word_1_235' title='bbox 1380 3073 1543 3115; x_wconf 81' lang='lat' dir='ltr'><strong>aures</strong></span> <span class='ocrx_word' id='word_1_236' title='bbox 1570 3059 1865 3116; x_wconf 87' lang='lat' dir='ltr'><strong>surdorum</strong></span> <span class='ocrx_word' id='word_1_237' title='bbox 1894 3073 1994 3113; x_wconf 84' lang='lat' dir='ltr'><strong>au-</strong></span> 
     </span>
    </p>
   </div>
   <div class='ocr_carea' id='block_1_33' title="bbox 413 3150 1992 3221">
    <p class='ocr_par' dir='ltr' id='par_1_33' title="bbox 413 3150 1992 3221">
     <span class='ocr_line' id='line_1_33' title="bbox 413 3150 1992 3221; baseline -0.004 -11"><span class='ocrx_word' id='word_1_238' title='bbox 413 3155 608 3220; x_wconf 84' lang='lat' dir='ltr'><strong>dient;</strong></span> <span class='ocrx_word' id='word_1_239' title='bbox 649 3163 779 3207; x_wconf 91' lang='lat' dir='ltr'><strong>tunc</strong></span> <span class='ocrx_word' id='word_1_240' title='bbox 826 3152 985 3208; x_wconf 91' lang='lat' dir='ltr'><strong>saliet</strong></span> <span class='ocrx_word' id='word_1_241' title='bbox 1018 3151 1162 3207; x_wconf 82' lang='lat' dir='ltr'><strong>sicut</strong></span> <span class='ocrx_word' id='word_1_242' title='bbox 1205 3166 1404 3206; x_wconf 84' lang='lat' dir='ltr'><strong>cervus</strong></span> <span class='ocrx_word' id='word_1_243' title='bbox 1448 3150 1700 3215; x_wconf 90' lang='lat' dir='ltr'><strong>claudus,</strong></span> <span class='ocrx_word' id='word_1_244' title='bbox 1727 3156 1783 3204; x_wconf 91' lang='lat' dir='ltr'><strong>et</strong></span> <span class='ocrx_word' id='word_1_245' title='bbox 1832 3151 1992 3221; x_wconf 89' lang='lat' dir='ltr'><strong>plana</strong></span> 
     </span>
    </p>
   </div>
   <div class='ocr_carea' id='block_1_34' title="bbox 413 3217 2068 3316">
    <p class='ocr_par' dir='ltr' id='par_1_34' title="bbox 413 3217 2068 3316">
     <span class='ocr_line' id='line_1_34' title="bbox 413 3217 2068 3316; baseline -0.002 -14"><span class='ocrx_word' id='word_1_246' title='bbox 413 3249 518 3304; x_wconf 90' lang='lat' dir='ltr'><strong>erit</strong></span> <span class='ocrx_word' id='word_1_247' title='bbox 545 3247 730 3316; x_wconf 85' lang='lat' dir='ltr'><strong>lingua</strong></span> <span class='ocrx_word' id='word_1_248' title='bbox 753 3255 1032 3299; x_wconf 74' lang='lat' dir='ltr'><strong>mutorum</strong></span> <span class='ocrx_word' id='word_1_249' title='bbox 1050 3247 1116 3299; x_wconf 79' lang='grc'><strong>⁸⁸⁸.</strong></span> <span class='ocrx_word' id='word_1_250' title='bbox 1153 3264 1171 3297; x_wconf 75' lang='grc' dir='ltr'><strong>ι</strong></span> <span class='ocrx_word' id='word_1_251' title='bbox 1197 3242 1403 3298; x_wconf 87' lang='lat' dir='ltr'><strong>Harum</strong></span> <span class='ocrx_word' id='word_1_252' title='bbox 1435 3243 1601 3315; x_wconf 86' lang='lat' dir='ltr'><strong>igitur</strong></span> <span class='ocrx_word' id='word_1_253' title='bbox 1632 3258 1813 3298; x_wconf 91' lang='lat' dir='ltr'><strong>rerum</strong></span> <span class='ocrx_word' id='word_1_254' title='bbox 1839 3260 1998 3300; x_wconf 88' lang='lat' dir='ltr'><strong>even-</strong></span> <span class='ocrx_word' id='word_1_255' title='bbox 2023 3217 2068 3277; x_wconf 71' lang='grc' dir='ltr'>Ο</span> 
     </span>
    </p>
   </div>
   <div class='ocr_carea' id='block_1_35' title="bbox 409 3330 1999 3407">
    <p class='ocr_par' dir='ltr' id='par_1_35' title="bbox 409 3330 1999 3407">
     <span class='ocr_line' id='line_1_35' title="bbox 409 3330 1999 3407; baseline -0.005 -13"><span class='ocrx_word' id='word_1_256' title='bbox 409 3345 465 3394; x_wconf 79' lang='lat' dir='ltr'><strong>ta</strong></span> <span class='ocrx_word' id='word_1_257' title='bbox 488 3337 542 3392; x_wconf 91' lang='lat' dir='ltr'><strong>in</strong></span> <span class='ocrx_word' id='word_1_258' title='bbox 572 3335 885 3407; x_wconf 86' lang='lat' dir='ltr'><strong>Evangeliis</strong></span> <span class='ocrx_word' id='word_1_259' title='bbox 911 3335 1111 3400; x_wconf 85' lang='lat' dir='ltr'><strong>habes;</strong></span> <span class='ocrx_word' id='word_1_260' title='bbox 1136 3349 1284 3390; x_wconf 89' lang='lat' dir='ltr'><strong>nunc</strong></span> <span class='ocrx_word' id='word_1_261' title='bbox 1301 3333 1545 3403; x_wconf 87' lang='lat' dir='ltr'><strong>quidem,</strong></span> <span class='ocrx_word' id='word_1_262' title='bbox 1565 3331 1694 3387; x_wconf 90' lang='lat' dir='ltr'><strong>dum</strong></span> <span class='ocrx_word' id='word_1_263' title='bbox 1723 3331 1791 3386; x_wconf 91' lang='lat' dir='ltr'><strong>ad</strong></span> <span class='ocrx_word' id='word_1_264' title='bbox 1819 3330 1999 3402; x_wconf 90' lang='lat' dir='ltr'><strong>ipsum</strong></span> 
     </span>
    </p>
   </div>
   <div class='ocr_carea' id='block_1_36' title="bbox 415 3422 2000 3495">
    <p class='ocr_par' dir='ltr' id='par_1_36' title="bbox 415 3422 2000 3495">
     <span class='ocr_line' id='line_1_36' title="bbox 415 3422 2000 3495; baseline -0.004 -12"><span class='ocrx_word' id='word_1_265' title='bbox 415 3427 756 3485; x_wconf 84' lang='lat' dir='ltr'><strong>Saivatorem</strong></span> <span class='ocrx_word' id='word_1_266' title='bbox 799 3441 862 3481; x_wconf 92' lang='lat' dir='ltr'><strong>ac</strong></span> <span class='ocrx_word' id='word_1_267' title='bbox 891 3426 1182 3482; x_wconf 87' lang='lat' dir='ltr'><strong>Dominum</strong></span> <span class='ocrx_word' id='word_1_268' title='bbox 1225 3432 1503 3491; x_wconf 90' lang='lat' dir='ltr'><strong>nostrum,</strong></span> <span class='ocrx_word' id='word_1_269' title='bbox 1532 3424 1894 3495; x_wconf 79' lang='lat' dir='ltr'><strong>paralyticum</strong></span> <span class='ocrx_word' id='word_1_270' title='bbox 1917 3422 2000 3478; x_wconf 79' lang='lat' dir='ltr'><strong>af-</strong></span> 
     </span>
    </p>
   </div>
   <div class='ocr_carea' id='block_1_37' title="bbox 411 3516 1996 3590">
    <p class='ocr_par' dir='ltr' id='par_1_37' title="bbox 411 3516 1996 3590">
     <span class='ocr_line' id='line_1_37' title="bbox 411 3516 1996 3590; baseline -0.004 -12"><span class='ocrx_word' id='word_1_271' title='bbox 411 3523 597 3580; x_wconf 80' lang='lat' dir='ltr'><strong>ferunt</strong></span> <span class='ocrx_word' id='word_1_272' title='bbox 642 3521 698 3577; x_wconf 91' lang='lat' dir='ltr'><strong>in</strong></span> <span class='ocrx_word' id='word_1_273' title='bbox 746 3521 890 3576; x_wconf 90' lang='lat' dir='ltr'><strong>lecto</strong></span> <span class='ocrx_word' id='word_1_274' title='bbox 927 3519 1225 3590; x_wconf 90' lang='lat' dir='ltr'><strong>jacentem,</strong></span> <span class='ocrx_word' id='word_1_275' title='bbox 1255 3533 1417 3588; x_wconf 89' lang='lat' dir='ltr'><strong>quem</strong></span> <span class='ocrx_word' id='word_1_276' title='bbox 1473 3517 1723 3587; x_wconf 65' lang='lat' dir='ltr'><strong>pristina:</strong></span> <span class='ocrx_word' id='word_1_277' title='bbox 1772 3516 1996 3572; x_wconf 86' lang='lat' dir='ltr'><strong>sanitati</strong></span> 
     </span>
    </p>
   </div>
   <div class='ocr_carea' id='block_1_38' title="bbox 410 3608 1996 3675">
    <p class='ocr_par' dir='ltr' id='par_1_38' title="bbox 410 3608 1996 3675">
     <span class='ocr_line' id='line_1_38' title="bbox 410 3608 1996 3675; baseline -0.006 -6"><span class='ocrx_word' id='word_1_278' title='bbox 410 3629 522 3671; x_wconf 90' lang='lat' dir='ltr'><strong>uno</strong></span> <span class='ocrx_word' id='word_1_279' title='bbox 553 3628 656 3668; x_wconf 86' lang='lat' dir='ltr'><strong>suo</strong></span> <span class='ocrx_word' id='word_1_280' title='bbox 689 3611 856 3666; x_wconf 89' lang='lat' dir='ltr'><strong>verbo</strong></span> <span class='ocrx_word' id='word_1_281' title='bbox 888 3610 1152 3675; x_wconf 86' lang='lat' dir='ltr'><strong>restituit,</strong></span> <span class='ocrx_word' id='word_1_282' title='bbox 1179 3624 1327 3665; x_wconf 90' lang='lat' dir='ltr'><strong>nunc</strong></span> <span class='ocrx_word' id='word_1_283' title='bbox 1359 3623 1492 3664; x_wconf 80' lang='lat' dir='ltr'><strong>vero</strong></span> <span class='ocrx_word' id='word_1_284' title='bbox 1513 3608 1642 3663; x_wconf 91' lang='lat' dir='ltr'><strong>dum</strong></span> <span class='ocrx_word' id='word_1_285' title='bbox 1680 3608 1996 3663; x_wconf 89' lang='lat' dir='ltr'><strong>innumera-</strong></span> 
     </span>
    </p>
   </div>
   <div class='ocr_carea' id='block_1_39' title="bbox 409 3699 1995 3766">
    <p class='ocr_par' dir='ltr' id='par_1_39' title="bbox 409 3699 1995 3766">
     <span class='ocr_line' id='line_1_39' title="bbox 409 3699 1995 3766; baseline -0.004 -5"><span class='ocrx_word' id='word_1_286' title='bbox 409 3706 546 3763; x_wconf 88' lang='lat' dir='ltr'><strong>biles</strong></span> <span class='ocrx_word' id='word_1_287' title='bbox 599 3707 727 3759; x_wconf 69' lang='lat' dir='ltr'><strong>caaci</strong></span> <span class='ocrx_word' id='word_1_288' title='bbox 787 3713 843 3760; x_wconf 92' lang='lat' dir='ltr'><strong>et</strong></span> <span class='ocrx_word' id='word_1_289' title='bbox 893 3703 1161 3758; x_wconf 64' lang='lat' dir='ltr'><strong>daemonia</strong></span> <span class='ocrx_word' id='word_1_290' title='bbox 1210 3702 1501 3766; x_wconf 84' lang='lat' dir='ltr'><strong>habentes,</strong></span> <span class='ocrx_word' id='word_1_291' title='bbox 1553 3717 1768 3757; x_wconf 89' lang='lat' dir='ltr'><strong>necnon</strong></span> <span class='ocrx_word' id='word_1_292' title='bbox 1825 3699 1995 3755; x_wconf 88' lang='lat' dir='ltr'><strong>variis</strong></span> 
     </span>
    </p>
   </div>
   <div class='ocr_carea' id='block_1_40' title="bbox 407 3793 1993 3871">
    <p class='ocr_par' dir='ltr' id='par_1_40' title="bbox 407 3793 1993 3871">
     <span class='ocr_line' id='line_1_40' title="bbox 407 3793 1993 3871; baseline -0.003 -16"><span class='ocrx_word' id='word_1_293' title='bbox 407 3799 822 3871; x_wconf 71' lang='lat' dir='ltr'><strong>aagritudinibus</strong></span> <span class='ocrx_word' id='word_1_294' title='bbox 855 3806 910 3853; x_wconf 90' lang='lat' dir='ltr'><strong>et</strong></span> <span class='ocrx_word' id='word_1_295' title='bbox 930 3796 1289 3869; x_wconf 83' lang='lat' dir='ltr'><strong>languoribus</strong></span> <span class='ocrx_word' id='word_1_296' title='bbox 1318 3794 1523 3858; x_wconf 79' lang='lat' dir='ltr'><strong>aﬂ‘ecti,</strong></span> <span class='ocrx_word' id='word_1_297' title='bbox 1556 3793 1818 3850; x_wconf 87' lang='lat' dir='ltr'><strong>salutaris</strong></span> <span class='ocrx_word' id='word_1_298' title='bbox 1844 3793 1993 3850; x_wconf 86' lang='lat' dir='ltr'><strong>illius</strong></span> 
     </span>
    </p>
   </div>
   <div class='ocr_carea' id='block_1_41' title="bbox 406 3897 1987 3960">
    <p class='ocr_par' dir='ltr' id='par_1_41' title="bbox 406 3897 1987 3960">
     <span class='ocr_line' id='line_1_41' title="bbox 406 3897 1987 3960; baseline -0.004 -4"><span class='ocrx_word' id='word_1_299' title='bbox 406 3905 630 3960; x_wconf 83' lang='lat' dir='ltr'><strong>virtutis</strong></span> <span class='ocrx_word' id='word_1_300' title='bbox 688 3901 956 3959; x_wconf 77' lang='lat' dir='ltr'><strong>beneficio</strong></span> <span class='ocrx_word' id='word_1_301' title='bbox 1011 3901 1079 3956; x_wconf 89' lang='lat' dir='ltr'><strong>ab</strong></span> <span class='ocrx_word' id='word_1_302' title='bbox 1114 3898 1369 3956; x_wconf 88' lang='lat' dir='ltr'><strong>omnibus</strong></span> <span class='ocrx_word' id='word_1_303' title='bbox 1418 3898 1627 3954; x_wconf 88' lang='lat' dir='ltr'><strong>morbis</strong></span> <span class='ocrx_word' id='word_1_304' title='bbox 1659 3897 1987 3953; x_wconf 87' lang='lat' dir='ltr'><strong>liberantur.</strong></span> 
     </span>
    </p>
   </div>
   <div class='ocr_carea' id='block_1_42' title="bbox 407 3990 1990 4063">
    <p class='ocr_par' dir='ltr' id='par_1_42' title="bbox 407 3990 1990 4063">
     <span class='ocr_line' id='line_1_42' title="bbox 407 3990 1990 4063; baseline -0.006 -10"><span class='ocrx_word' id='word_1_305' title='bbox 407 3997 674 4054; x_wconf 69' lang='lat' dir='ltr'><strong>Praeterea</strong></span> <span class='ocrx_word' id='word_1_306' title='bbox 704 3997 870 4052; x_wconf 88' lang='lat' dir='ltr'><strong>etiam</strong></span> <span class='ocrx_word' id='word_1_307' title='bbox 918 4010 1068 4049; x_wconf 88' lang='lat' dir='ltr'><strong>nunc</strong></span> <span class='ocrx_word' id='word_1_308' title='bbox 1117 3993 1174 4048; x_wconf 92' lang='lat' dir='ltr'><strong>in</strong></span> <span class='ocrx_word' id='word_1_309' title='bbox 1213 3993 1303 4058; x_wconf 89' lang='lat' dir='ltr'><strong>iis,</strong></span> <span class='ocrx_word' id='word_1_310' title='bbox 1339 4007 1460 4063; x_wconf 76' lang='lat' dir='ltr'><strong>qua:</strong></span> <span class='ocrx_word' id='word_1_311' title='bbox 1488 3991 1544 4045; x_wconf 92' lang='lat' dir='ltr'><strong>in</strong></span> <span class='ocrx_word' id='word_1_312' title='bbox 1575 3996 1692 4045; x_wconf 91' lang='lat' dir='ltr'><strong>toto</strong></span> <span class='ocrx_word' id='word_1_313' title='bbox 1720 3990 1852 4044; x_wconf 89' lang='lat' dir='ltr'><strong>orbe</strong></span> <span class='ocrx_word' id='word_1_314' title='bbox 1878 3997 1990 4044; x_wconf 91' lang='lat' dir='ltr'><strong>ter-</strong></span> 
     </span>
    </p>
   </div>
   <div class='ocr_carea' id='block_1_43' title="bbox 405 4082 1988 4152">
    <p class='ocr_par' dir='ltr' id='par_1_43' title="bbox 405 4082 1988 4152">
     <span class='ocr_line' id='line_1_43' title="bbox 405 4082 1988 4152; baseline -0.004 -9"><span class='ocrx_word' id='word_1_315' title='bbox 405 4104 590 4144; x_wconf 89' lang='lat' dir='ltr'><strong>rarum</strong></span> <span class='ocrx_word' id='word_1_316' title='bbox 638 4087 898 4152; x_wconf 83' lang='lat' dir='ltr'><strong>ostendit,</strong></span> <span class='ocrx_word' id='word_1_317' title='bbox 941 4086 1070 4140; x_wconf 90' lang='lat' dir='ltr'><strong>dum</strong></span> <span class='ocrx_word' id='word_1_318' title='bbox 1123 4083 1556 4140; x_wconf 86' lang='lat' dir='ltr'><strong>innumerabiles</strong></span> <span class='ocrx_word' id='word_1_319' title='bbox 1604 4082 1988 4137; x_wconf 90' lang='lat' dir='ltr'><strong>multitudines</strong></span> 
     </span>
    </p>
   </div>
   <div class='ocr_carea' id='block_1_44' title="bbox 405 4174 1988 4248">
    <p class='ocr_par' dir='ltr' id='par_1_44' title="bbox 405 4174 1988 4248">
     <span class='ocr_line' id='line_1_44' title="bbox 405 4174 1988 4248; baseline -0.004 -13"><span class='ocrx_word' id='word_1_320' title='bbox 405 4181 575 4236; x_wconf 84' lang='lat' dir='ltr'><strong>variis</strong></span> <span class='ocrx_word' id='word_1_321' title='bbox 612 4179 836 4235; x_wconf 65' lang='lat' dir='ltr'><strong>malitiae</strong></span> <span class='ocrx_word' id='word_1_322' title='bbox 876 4177 1170 4248; x_wconf 85' lang='lat' dir='ltr'><strong>generibus</strong></span> <span class='ocrx_word' id='word_1_323' title='bbox 1211 4175 1530 4247; x_wconf 89' lang='lat' dir='ltr'><strong>implicitas,</strong></span> <span class='ocrx_word' id='word_1_324' title='bbox 1555 4183 1610 4231; x_wconf 90' lang='lat' dir='ltr'><strong>et</strong></span> <span class='ocrx_word' id='word_1_325' title='bbox 1643 4174 1988 4244; x_wconf 87' lang='lat' dir='ltr'><strong>ignoratione</strong></span> 
     </span>
    </p>
   </div>
   <div class='ocr_carea' id='block_1_45' title="bbox 404 4281 1986 4359">
    <p class='ocr_par' dir='ltr' id='par_1_45' title="bbox 404 4281 1986 4359">
     <span class='ocr_line' id='line_1_45' title="bbox 404 4281 1986 4359; baseline -0.006 -15"><span class='ocrx_word' id='word_1_326' title='bbox 404 4287 646 4359; x_wconf 81' lang='lat' dir='ltr'><strong>supremi</strong></span> <span class='ocrx_word' id='word_1_327' title='bbox 673 4285 768 4341; x_wconf 91' lang='lat' dir='ltr'><strong>Dei</strong></span> <span class='ocrx_word' id='word_1_328' title='bbox 801 4284 1031 4341; x_wconf 78' lang='lat' dir='ltr'><strong>refertas</strong></span> <span class='ocrx_word' id='word_1_329' title='bbox 1055 4286 1265 4341; x_wconf 90' lang='lat' dir='ltr'><strong>animas</strong></span> <span class='ocrx_word' id='word_1_330' title='bbox 1288 4283 1570 4345; x_wconf 86' lang='lat' dir='ltr'><strong>habentes.</strong></span> <span class='ocrx_word' id='word_1_331' title='bbox 1587 4281 1986 4338; x_wconf 86' lang='lat' dir='ltr'><strong>admirabiliter</strong></span> 
     </span>
    </p>
   </div>
   <div class='ocr_carea' id='block_1_46' title="bbox 401 4377 1986 4452">
    <p class='ocr_par' dir='ltr' id='par_1_46' title="bbox 401 4377 1986 4452">
     <span class='ocr_line' id='line_1_46' title="bbox 401 4377 1986 4452; baseline -0.005 -14"><span class='ocrx_word' id='word_1_332' title='bbox 401 4389 456 4438; x_wconf 91' lang='lat' dir='ltr'><strong>et</strong></span> <span class='ocrx_word' id='word_1_333' title='bbox 512 4396 679 4452; x_wconf 86' lang='lat' dir='ltr'><strong>supra</strong></span> <span class='ocrx_word' id='word_1_334' title='bbox 733 4396 950 4436; x_wconf 87' lang='lat' dir='ltr'><strong>omnem</strong></span> <span class='ocrx_word' id='word_1_335' title='bbox 1002 4381 1272 4436; x_wconf 87' lang='lat' dir='ltr'><strong>rationem</strong></span> <span class='ocrx_word' id='word_1_336' title='bbox 1303 4378 1568 4434; x_wconf 76' lang='lat' dir='ltr'><strong>doctrina:</strong></span> <span class='ocrx_word' id='word_1_337' title='bbox 1600 4392 1712 4432; x_wconf 67' lang='lat' dir='ltr'><strong>sua?</strong></span> <span class='ocrx_word' id='word_1_338' title='bbox 1747 4377 1986 4433; x_wconf 89' lang='lat' dir='ltr'><strong>medica-</strong></span> 
     </span>
    </p>
   </div>
   <div class='ocr_carea' id='block_1_47' title="bbox 403 4466 1983 4537">
    <p class='ocr_par' dir='ltr' id='par_1_47' title="bbox 403 4466 1983 4537">
     <span class='ocr_line' id='line_1_47' title="bbox 403 4466 1983 4537; baseline -0.004 -9"><span class='ocrx_word' id='word_1_339' title='bbox 403 4472 606 4528; x_wconf 89' lang='lat' dir='ltr'><strong>mentis</strong></span> <span class='ocrx_word' id='word_1_340' title='bbox 633 4480 792 4526; x_wconf 90' lang='lat' dir='ltr'><strong>curat</strong></span> <span class='ocrx_word' id='word_1_341' title='bbox 819 4478 874 4525; x_wconf 90' lang='lat' dir='ltr'><strong>et</strong></span> <span class='ocrx_word' id='word_1_342' title='bbox 905 4477 1086 4534; x_wconf 87' lang='lat' dir='ltr'><strong>sanat,</strong></span> <span class='ocrx_word' id='word_1_343' title='bbox 1109 4476 1164 4523; x_wconf 92' lang='lat' dir='ltr'><strong>et</strong></span> <span class='ocrx_word' id='word_1_344' title='bbox 1197 4479 1379 4522; x_wconf 86' lang='lat' dir='ltr'><strong>tamen</strong></span> <span class='ocrx_word' id='word_1_345' title='bbox 1407 4467 1553 4537; x_wconf 91' lang='lat' dir='ltr'><strong>quod</strong></span> <span class='ocrx_word' id='word_1_346' title='bbox 1579 4468 1747 4522; x_wconf 88' lang='lat' dir='ltr'><strong>etiam</strong></span> <span class='ocrx_word' id='word_1_347' title='bbox 1788 4467 1844 4521; x_wconf 90' lang='lat' dir='ltr'><strong>in</strong></span> <span class='ocrx_word' id='word_1_348' title='bbox 1896 4466 1983 4522; x_wconf 86' lang='lat' dir='ltr'><strong>his</strong></span> 
     </span>
    </p>
   </div>
   <div class='ocr_carea' id='block_1_48' title="bbox 2123 571 3701 652">
    <p class='ocr_par' dir='ltr' id='par_1_48' title="bbox 2123 571 3701 652">
     <span class='ocr_line' id='line_1_48' title="bbox 2123 571 3701 652; baseline 0.006 -29"><span class='ocrx_word' id='word_1_349' title='bbox 2123 571 2390 641; x_wconf 74' lang='grc' dir='ltr'>ἐπιτιμῶν</span> <span class='ocrx_word' id='word_1_350' title='bbox 2416 572 2858 644; x_wconf 66' lang='grc' dir='ltr'>ἀναγέγραπται*</span> <span class='ocrx_word' id='word_1_351' title='bbox 2884 575 2972 626; x_wconf 81' lang='grc' dir='ltr'>ὅτε</span> <span class='ocrx_word' id='word_1_352' title='bbox 2994 575 3088 627; x_wconf 83' lang='grc' dir='ltr'>καὶ</span> <span class='ocrx_word' id='word_1_353' title='bbox 3118 576 3167 627; x_wconf 87' lang='grc' dir='ltr'><strong>οί</strong></span> <span class='ocrx_word' id='word_1_354' title='bbox 3185 576 3420 644; x_wconf 83' lang='grc' dir='ltr'>ὁρῶντες</span> <span class='ocrx_word' id='word_1_355' title='bbox 3444 578 3701 652; x_wconf 74' lang='grc' dir='ltr'>ἐξεπλήτο</span> 
     </span>
    </p>
   </div>
   <div class='ocr_carea' id='block_1_49' title="bbox 2121 662 3707 733">
    <p class='ocr_par' dir='ltr' id='par_1_49' title="bbox 2121 662 3707 733">
     <span class='ocr_line' id='line_1_49' title="bbox 2121 662 3707 733; baseline 0.006 -18"><span class='ocrx_word' id='word_1_356' title='bbox 2121 678 2274 716; x_wconf 87' lang='grc' dir='ltr'>τοντο</span> <span class='ocrx_word' id='word_1_357' title='bbox 2315 662 2597 731; x_wconf 76' lang='grc' dir='ltr'>λέγοντεςο</span> <span class='ocrx_word' id='word_1_358' title='bbox 2636 682 2655 714; x_wconf 83' lang='grc'><strong><em>‹</em></strong></span> <span class='ocrx_word' id='word_1_359' title='bbox 2692 664 2938 728; x_wconf 81' lang='grc' dir='ltr'><strong>Ποταπός</strong></span> <span class='ocrx_word' id='word_1_360' title='bbox 2979 667 3123 719; x_wconf 81' lang='grc' dir='ltr'>ἐστιν</span> <span class='ocrx_word' id='word_1_361' title='bbox 3165 662 3338 733; x_wconf 71' lang='grc' dir='ltr'>οὗτος,</span> <span class='ocrx_word' id='word_1_362' title='bbox 3390 669 3470 722; x_wconf 80' lang='grc' dir='ltr'>ὃτι</span> <span class='ocrx_word' id='word_1_363' title='bbox 3515 671 3609 724; x_wconf 75' lang='grc' dir='ltr'><strong>καὶ</strong></span> <span class='ocrx_word' id='word_1_364' title='bbox 3653 671 3707 724; x_wconf 77' lang='grc' dir='ltr'><strong>οἱ</strong></span> 
     </span>
    </p>
   </div>
   <div class='ocr_carea' id='block_1_50' title="bbox 2120 751 3705 829">
    <p class='ocr_par' dir='ltr' id='par_1_50' title="bbox 2120 751 3705 829">
     <span class='ocr_line' id='line_1_50' title="bbox 2120 751 3705 829; baseline 0.006 -23"><span class='ocrx_word' id='word_1_365' title='bbox 2120 752 2308 823; x_wconf 77' lang='grc' dir='ltr'>ἄνεμοι</span> <span class='ocrx_word' id='word_1_366' title='bbox 2350 753 2445 808; x_wconf 76' lang='grc' dir='ltr'>καὶ</span> <span class='ocrx_word' id='word_1_367' title='bbox 2483 754 2516 823; x_wconf 82' lang='grc' dir='ltr'><strong>ή</strong></span> <span class='ocrx_word' id='word_1_368' title='bbox 2561 751 2804 810; x_wconf 79' lang='grc' dir='ltr'>θάλασσα</span> <span class='ocrx_word' id='word_1_369' title='bbox 2839 754 2986 824; x_wconf 82' lang='grc' dir='ltr'>αὐτῷ</span> <span class='ocrx_word' id='word_1_370' title='bbox 3019 755 3317 822; x_wconf 85' lang='grc' dir='ltr'>ὑπακούει;</span> <span class='ocrx_word' id='word_1_371' title='bbox 3355 777 3373 808; x_wconf 72' lang='grc' dir='ltr'><strong>ι</strong></span> <span class='ocrx_word' id='word_1_372' title='bbox 3402 754 3470 829; x_wconf 82' lang='grc' dir='ltr'><strong>ἦν</strong></span> <span class='ocrx_word' id='word_1_373' title='bbox 3510 760 3568 812; x_wconf 84' lang='grc' dir='ltr'>δὲ</span> <span class='ocrx_word' id='word_1_374' title='bbox 3608 761 3705 815; x_wconf 81' lang='grc' dir='ltr'>καὶ</span> 
     </span>
    </p>
   </div>
   <div class='ocr_carea' id='block_1_51' title="bbox 2119 844 3705 922">
    <p class='ocr_par' dir='ltr' id='par_1_51' title="bbox 2119 844 3705 922">
     <span class='ocr_line' id='line_1_51' title="bbox 2119 844 3705 922; baseline 0.005 -24"><span class='ocrx_word' id='word_1_375' title='bbox 2119 845 2278 898; x_wconf 81' lang='grc' dir='ltr'>τοῦτο</span> <span class='ocrx_word' id='word_1_376' title='bbox 2299 845 2458 899; x_wconf 74' lang='grc' dir='ltr'>ἄλλου</span> <span class='ocrx_word' id='word_1_377' title='bbox 2484 846 2628 910; x_wconf 74' lang='grc' dir='ltr'>τινος</span> <span class='ocrx_word' id='word_1_378' title='bbox 2666 844 2907 916; x_wconf 83' lang='grc' dir='ltr'><strong>μείζονος</strong></span> <span class='ocrx_word' id='word_1_379' title='bbox 2939 847 3204 918; x_wconf 73' lang='grc' dir='ltr'>σύμϐολον</span> <span class='ocrx_word' id='word_1_380' title='bbox 3244 852 3538 922; x_wconf 78' lang='grc' dir='ltr'><strong>νοουμένης</strong></span> <span class='ocrx_word' id='word_1_381' title='bbox 3585 853 3705 906; x_wconf 73' lang='grc' dir='ltr'><strong>ἑτέ-</strong></span> 
     </span>
    </p>
   </div>
   <div class='ocr_carea' id='block_1_52' title="bbox 2121 934 3707 1015">
    <p class='ocr_par' dir='ltr' id='par_1_52' title="bbox 2121 934 3707 1015">
     <span class='ocr_line' id='line_1_52' title="bbox 2121 934 3707 1015; baseline 0.004 -23"><span class='ocrx_word' id='word_1_382' title='bbox 2121 956 2222 1011; x_wconf 87' lang='grc' dir='ltr'><strong>ρας</strong></span> <span class='ocrx_word' id='word_1_383' title='bbox 2265 938 2558 1011; x_wconf 78' lang='grc' dir='ltr'><strong>Θαλάσσης,</strong></span> <span class='ocrx_word' id='word_1_384' title='bbox 2595 934 2717 1015; x_wconf 77' lang='grc' dir='ltr'>ὲνῇ</span> <span class='ocrx_word' id='word_1_385' title='bbox 2755 939 2972 1009; x_wconf 84' lang='grc' dir='ltr'>λέγεται</span> <span class='ocrx_word' id='word_1_386' title='bbox 3030 941 3247 1013; x_wconf 83' lang='grc' dir='ltr'>δράκων</span> <span class='ocrx_word' id='word_1_387' title='bbox 3295 960 3379 1006; x_wconf 89' lang='grc' dir='ltr'><strong>τις</strong></span> <span class='ocrx_word' id='word_1_388' title='bbox 3414 941 3573 1009; x_wconf 85' lang='grc' dir='ltr'>εἶναι,</span> <span class='ocrx_word' id='word_1_389' title='bbox 3606 963 3707 999; x_wconf 85' lang='grc' dir='ltr'>πε·-</span> 
     </span>
    </p>
   </div>
   <div class='ocr_carea' id='block_1_53' title="bbox 2118 1031 3700 1104">
    <p class='ocr_par' dir='ltr' id='par_1_53' title="bbox 2118 1031 3700 1104">
     <span class='ocr_line' id='line_1_53' title="bbox 2118 1031 3700 1104; baseline 0.006 -22"><span class='ocrx_word' id='word_1_390' title='bbox 2118 1031 2413 1102; x_wconf 81' lang='grc' dir='ltr'>ποιημένος</span> <span class='ocrx_word' id='word_1_391' title='bbox 2457 1031 2953 1100; x_wconf 82' lang='grc' dir='ltr'>ἐγκαταπαίζεσθαι</span> <span class='ocrx_word' id='word_1_392' title='bbox 2995 1033 3101 1086; x_wconf 83' lang='grc' dir='ltr'>ὑπὸ</span> <span class='ocrx_word' id='word_1_393' title='bbox 3149 1033 3260 1086; x_wconf 84' lang='grc' dir='ltr'><strong>τῶν</strong></span> <span class='ocrx_word' id='word_1_394' title='bbox 3310 1035 3556 1104; x_wconf 82' lang='grc' dir='ltr'>ἀγγέλων</span> <span class='ocrx_word' id='word_1_395' title='bbox 3605 1035 3700 1091; x_wconf 71' lang='grc' dir='ltr'><strong>τοῦ</strong></span> 
     </span>
    </p>
   </div>
   <div class='ocr_carea' id='block_1_54' title="bbox 2117 1122 3702 1198">
    <p class='ocr_par' dir='ltr' id='par_1_54' title="bbox 2117 1122 3702 1198">
     <span class='ocr_line' id='line_1_54' title="bbox 2117 1122 3702 1198; baseline 0.004 -23"><span class='ocrx_word' id='word_1_396' title='bbox 2117 1122 2274 1186; x_wconf 79' lang='grc' dir='ltr'>Θεοῦ,</span> <span class='ocrx_word' id='word_1_397' title='bbox 2305 1124 2390 1192; x_wconf 76' lang='grc' dir='ltr'><strong>ἐφ’</strong></span> <span class='ocrx_word' id='word_1_398' title='bbox 2423 1123 2490 1194; x_wconf 68' lang='grc' dir='ltr'><strong>ἢν</strong></span> <span class='ocrx_word' id='word_1_399' title='bbox 2523 1124 2616 1178; x_wconf 77' lang='grc' dir='ltr'>καὶ</span> <span class='ocrx_word' id='word_1_400' title='bbox 2653 1125 2822 1196; x_wconf 79' lang='grc' dir='ltr'>αὐτὴν</span> <span class='ocrx_word' id='word_1_401' title='bbox 2857 1125 2886 1176; x_wconf 83' lang='grc' dir='ltr'><strong>ό</strong></span> <span class='ocrx_word' id='word_1_402' title='bbox 2927 1125 3078 1194; x_wconf 70' lang='grc' dir='ltr'>Σωτὴ</span> <span class='ocrx_word' id='word_1_403' title='bbox 3088 1142 3117 1196; x_wconf 93' lang='grc' dir='ltr'><strong>ρ</strong></span> <span class='ocrx_word' id='word_1_404' title='bbox 3160 1125 3254 1178; x_wconf 74' lang='grc' dir='ltr'>καὶ</span> <span class='ocrx_word' id='word_1_405' title='bbox 3297 1125 3500 1197; x_wconf 86' lang='grc' dir='ltr'>Κύριος</span> <span class='ocrx_word' id='word_1_406' title='bbox 3541 1127 3702 1198; x_wconf 78' lang='grc' dir='ltr'>ἡμῶν</span> 
     </span>
    </p>
   </div>
   <div class='ocr_carea' id='block_1_55' title="bbox 2117 1213 3700 1290">
    <p class='ocr_par' dir='ltr' id='par_1_55' title="bbox 2117 1213 3700 1290">
     <span class='ocr_line' id='line_1_55' title="bbox 2117 1213 3700 1290; baseline 0.004 -25"><span class='ocrx_word' id='word_1_407' title='bbox 2117 1213 2592 1285; x_wconf 79' lang='grc' dir='ltr'>ὲμπεριπατήσας,</span> <span class='ocrx_word' id='word_1_408' title='bbox 2631 1215 2730 1286; x_wconf 76' lang='grc' dir='ltr'>τὴν</span> <span class='ocrx_word' id='word_1_409' title='bbox 2768 1216 3010 1288; x_wconf 76' lang='grc' dir='ltr'>κεφαλὴν</span> <span class='ocrx_word' id='word_1_410' title='bbox 3049 1216 3143 1269; x_wconf 81' lang='grc' dir='ltr'>τοῦ</span> <span class='ocrx_word' id='word_1_411' title='bbox 3189 1217 3374 1270; x_wconf 79' lang='grc' dir='ltr'>αὐτόθι</span> <span class='ocrx_word' id='word_1_412' title='bbox 3411 1218 3700 1290; x_wconf 81' lang='grc' dir='ltr'>δράκοντος</span> 
     </span>
    </p>
   </div>
   <div class='ocr_carea' id='block_1_56' title="bbox 2117 1305 3696 1382">
    <p class='ocr_par' dir='ltr' id='par_1_56' title="bbox 2117 1305 3696 1382">
     <span class='ocr_line' id='line_1_56' title="bbox 2117 1305 3696 1382; baseline 0.003 -23"><span class='ocrx_word' id='word_1_413' title='bbox 2117 1305 2210 1360; x_wconf 68' lang='grc' dir='ltr'>καὶ</span> <span class='ocrx_word' id='word_1_414' title='bbox 2255 1305 2363 1358; x_wconf 87' lang='grc' dir='ltr'><strong>τῶν</strong></span> <span class='ocrx_word' id='word_1_415' title='bbox 2409 1306 2612 1360; x_wconf 83' lang='grc' dir='ltr'><strong>λοιπῶν</strong></span> <span class='ocrx_word' id='word_1_416' title='bbox 2659 1307 3075 1380; x_wconf 80' lang='grc' dir='ltr'>ὑποϐεϐηκότων</span> <span class='ocrx_word' id='word_1_417' title='bbox 3119 1309 3428 1382; x_wconf 80' lang='grc' dir='ltr'><strong>δρακόντων</strong></span> <span class='ocrx_word' id='word_1_418' title='bbox 3479 1310 3696 1379; x_wconf 87' lang='grc' dir='ltr'>λέγεται</span> 
     </span>
    </p>
   </div>
   <div class='ocr_carea' id='block_1_57' title="bbox 2116 1397 3696 1469">
    <p class='ocr_par' dir='ltr' id='par_1_57' title="bbox 2116 1397 3696 1469">
     <span class='ocr_line' id='line_1_57' title="bbox 2116 1397 3696 1469; baseline 0.004 -21"><span class='ocrx_word' id='word_1_419' title='bbox 2116 1397 2550 1468; x_wconf 82' lang='grc' dir='ltr'>συντετριφέναι,</span> <span class='ocrx_word' id='word_1_420' title='bbox 2579 1398 2719 1452; x_wconf 89' lang='grc' dir='ltr'><strong>κατά</strong></span> <span class='ocrx_word' id='word_1_421' title='bbox 2743 1399 2804 1452; x_wconf 89' lang='grc' dir='ltr'><strong>τό</strong></span> <span class='ocrx_word' id='word_1_422' title='bbox 2825 1416 2837 1429; x_wconf 88' lang='grc'><strong>·</strong></span> <span class='ocrx_word' id='word_1_423' title='bbox 2876 1417 2893 1450; x_wconf 76' lang='grc' dir='ltr'><strong>ι</strong></span> <span class='ocrx_word' id='word_1_424' title='bbox 2932 1400 3003 1454; x_wconf 76' lang='grc' dir='ltr'><strong>Σὺ</strong></span> <span class='ocrx_word' id='word_1_425' title='bbox 3040 1400 3370 1465; x_wconf 71' lang='grc' dir='ltr'>ωνέθλασας</span> <span class='ocrx_word' id='word_1_426' title='bbox 3396 1401 3494 1464; x_wconf 85' lang='grc' dir='ltr'>τὰς</span> <span class='ocrx_word' id='word_1_427' title='bbox 3527 1419 3696 1469; x_wconf 84' lang='grc' dir='ltr'>κεφα-</span> 
     </span>
    </p>
   </div>
   <div class='ocr_carea' id='block_1_58' title="bbox 2114 1486 3697 1561">
    <p class='ocr_par' dir='ltr' id='par_1_58' title="bbox 2114 1486 3697 1561">
     <span class='ocr_line' id='line_1_58' title="bbox 2114 1486 3697 1561; baseline 0.004 -21"><span class='ocrx_word' id='word_1_428' title='bbox 2114 1486 2212 1551; x_wconf 74' lang='grc' dir='ltr'><strong>λὰς</strong></span> <span class='ocrx_word' id='word_1_429' title='bbox 2237 1487 2346 1541; x_wconf 88' lang='grc' dir='ltr'><strong>τῶν</strong></span> <span class='ocrx_word' id='word_1_430' title='bbox 2372 1488 2681 1561; x_wconf 80' lang='grc' dir='ltr'>δρακόντων</span> <span class='ocrx_word' id='word_1_431' title='bbox 2710 1491 2804 1543; x_wconf 72' lang='grc' dir='ltr'><strong>ἐπὶ</strong></span> <span class='ocrx_word' id='word_1_432' title='bbox 2831 1489 2926 1544; x_wconf 79' lang='grc' dir='ltr'><strong>τοῦ</strong></span> <span class='ocrx_word' id='word_1_433' title='bbox 2965 1492 3174 1555; x_wconf 79' lang='grc' dir='ltr'>ὓδατος,</span> <span class='ocrx_word' id='word_1_434' title='bbox 3201 1492 3297 1545; x_wconf 74' lang='grc' dir='ltr'>καὶ</span> <span class='ocrx_word' id='word_1_435' title='bbox 3339 1494 3402 1546; x_wconf 74' lang='grc' dir='ltr'>σὺ</span> <span class='ocrx_word' id='word_1_436' title='bbox 3439 1493 3697 1546; x_wconf 74' lang='grc' dir='ltr'>συνέθλα-</span> 
     </span>
    </p>
   </div>
   <div class='ocr_carea' id='block_1_59' title="bbox 2116 1578 3696 1658">
    <p class='ocr_par' dir='ltr' id='par_1_59' title="bbox 2116 1578 3696 1658">
     <span class='ocr_line' id='line_1_59' title="bbox 2116 1578 3696 1658; baseline 0.005 -28"><span class='ocrx_word' id='word_1_437' title='bbox 2116 1594 2215 1642; x_wconf 82' lang='grc' dir='ltr'><strong>σας</strong></span> <span class='ocrx_word' id='word_1_438' title='bbox 2255 1578 2354 1642; x_wconf 77' lang='grc' dir='ltr'><strong>τὰς</strong></span> <span class='ocrx_word' id='word_1_439' title='bbox 2403 1579 2641 1648; x_wconf 78' lang='grc' dir='ltr'>κεφαλὰς</span> <span class='ocrx_word' id='word_1_440' title='bbox 2681 1581 2776 1634; x_wconf 75' lang='grc' dir='ltr'><strong>τοῦ</strong></span> <span class='ocrx_word' id='word_1_441' title='bbox 2825 1582 3148 1654; x_wconf 85' lang='grc' dir='ltr'>δράκοντος·</span> <span class='ocrx_word' id='word_1_442' title='bbox 3200 1603 3218 1635; x_wconf 85' lang='grc'><strong>›</strong></span> <span class='ocrx_word' id='word_1_443' title='bbox 3266 1585 3452 1654; x_wconf 80' lang='grc' dir='ltr'>σαφῶς</span> <span class='ocrx_word' id='word_1_444' title='bbox 3501 1586 3696 1658; x_wconf 79' lang='grc' dir='ltr'>ἑτέρας</span> 
     </span>
    </p>
   </div>
   <div class='ocr_carea' id='block_1_60' title="bbox 2113 1670 3696 1750">
    <p class='ocr_par' dir='ltr' id='par_1_60' title="bbox 2113 1670 3696 1750">
     <span class='ocr_line' id='line_1_60' title="bbox 2113 1670 3696 1750; baseline 0.006 -29"><span class='ocrx_word' id='word_1_445' title='bbox 2113 1670 2409 1741; x_wconf 79' lang='grc' dir='ltr'><strong>νοουμένης</strong></span> <span class='ocrx_word' id='word_1_446' title='bbox 2441 1670 2736 1743; x_wconf 74' lang='grc' dir='ltr'>θαλάσσης,</span> <span class='ocrx_word' id='word_1_447' title='bbox 2772 1670 2984 1746; x_wconf 76' lang='grc' dir='ltr'>περἰἦς</span> <span class='ocrx_word' id='word_1_448' title='bbox 3016 1675 3176 1738; x_wconf 73' lang='grc' dir='ltr'>αὐτὸς</span> <span class='ocrx_word' id='word_1_449' title='bbox 3209 1677 3368 1729; x_wconf 81' lang='grc' dir='ltr'>πάλιν</span> <span class='ocrx_word' id='word_1_450' title='bbox 3401 1678 3458 1730; x_wconf 81' lang='grc' dir='ltr'><strong>ἐν</strong></span> <span class='ocrx_word' id='word_1_451' title='bbox 3495 1677 3696 1750; x_wconf 63' lang='grc' dir='ltr'>ψαλμῷ</span> 
     </span>
    </p>
   </div>
   <div class='ocr_carea' id='block_1_61' title="bbox 2113 1759 3695 1837">
    <p class='ocr_par' dir='ltr' id='par_1_61' title="bbox 2113 1759 3695 1837">
     <span class='ocr_line' id='line_1_61' title="bbox 2113 1759 3695 1837; baseline 0.006 -25"><span class='ocrx_word' id='word_1_452' title='bbox 2113 1777 2309 1832; x_wconf 79' lang='grc' dir='ltr'>φησιν·</span> <span class='ocrx_word' id='word_1_453' title='bbox 2343 1783 2361 1813; x_wconf 70' lang='grc' dir='ltr'><strong>ι</strong></span> <span class='ocrx_word' id='word_1_454' title='bbox 2399 1759 2601 1816; x_wconf 87' lang='grc' dir='ltr'>Ἦλθον</span> <span class='ocrx_word' id='word_1_455' title='bbox 2638 1766 2718 1828; x_wconf 80' lang='grc' dir='ltr'>εἰς</span> <span class='ocrx_word' id='word_1_456' title='bbox 2760 1765 2828 1818; x_wconf 82' lang='grc' dir='ltr'><strong>τά</strong></span> <span class='ocrx_word' id='word_1_457' title='bbox 2887 1765 3024 1837; x_wconf 84' lang='grc' dir='ltr'>βάθη</span> <span class='ocrx_word' id='word_1_458' title='bbox 3064 1766 3164 1836; x_wconf 78' lang='grc' dir='ltr'>τῆς</span> <span class='ocrx_word' id='word_1_459' title='bbox 3203 1767 3506 1836; x_wconf 79' lang='grc' dir='ltr'>θαλάσσης·</span> <span class='ocrx_word' id='word_1_460' title='bbox 3545 1788 3565 1822; x_wconf 70' lang='grc' dir='ltr'><strong>ι</strong></span> <span class='ocrx_word' id='word_1_461' title='bbox 3601 1768 3695 1822; x_wconf 76' lang='grc' dir='ltr'><strong>καὶ</strong></span> 
     </span>
    </p>
   </div>
   <div class='ocr_carea' id='block_1_62' title="bbox 1069 1851 1999 1928">
    <p class='ocr_par' dir='ltr' id='par_1_62' title="bbox 1069 1855 1999 1928">
     <span class='ocr_line' id='line_1_62' title="bbox 1069 1855 1999 1928; baseline 0.005 -20"><span class='ocrx_word' id='word_1_462' title='bbox 1069 1875 1087 1908; x_wconf 77' lang='grc' dir='ltr'><strong>ι</strong></span> <span class='ocrx_word' id='word_1_463' title='bbox 1152 1855 1383 1922; x_wconf 71' lang='lat' dir='ltr'><strong>Venisti,</strong></span> <span class='ocrx_word' id='word_1_464' title='bbox 1434 1857 1631 1928; x_wconf 87' lang='lat' dir='ltr'><strong>inquit,</strong></span> <span class='ocrx_word' id='word_1_465' title='bbox 1687 1857 1754 1911; x_wconf 89' lang='lat' dir='ltr'><strong>ad</strong></span> <span class='ocrx_word' id='word_1_466' title='bbox 1807 1856 1999 1913; x_wconf 79' lang='lat' dir='ltr'><strong>fontem</strong></span> 
     </span>
    </p>
   </div>
   <div class='ocr_carea' id='block_1_63' title="bbox 2101 1851 3694 1928">
    <p class='ocr_par' dir='ltr' id='par_1_63' title="bbox 2113 1851 3694 1926">
     <span class='ocr_line' id='line_1_63' title="bbox 2113 1851 3694 1926; baseline 0.007 -23"><span class='ocrx_word' id='word_1_467' title='bbox 2113 1851 2249 1923; x_wconf 87' lang='grc' dir='ltr'>πρὸς</span> <span class='ocrx_word' id='word_1_468' title='bbox 2273 1852 2364 1908; x_wconf 89' lang='grc' dir='ltr'>τὸν</span> <span class='ocrx_word' id='word_1_469' title='bbox 2399 1852 2518 1906; x_wconf 74' lang='grc' dir='ltr'><strong>Ἰὼϐ</strong></span> <span class='ocrx_word' id='word_1_470' title='bbox 2547 1853 2616 1908; x_wconf 80' lang='grc' dir='ltr'><strong>τὰ</strong></span> <span class='ocrx_word' id='word_1_471' title='bbox 2648 1855 2778 1926; x_wconf 76' lang='grc' dir='ltr'>περὶ</span> <span class='ocrx_word' id='word_1_472' title='bbox 2819 1855 3014 1910; x_wconf 77' lang='grc' dir='ltr'>ἑαυτοῦ</span> <span class='ocrx_word' id='word_1_473' title='bbox 3063 1857 3306 1922; x_wconf 79' lang='grc' dir='ltr'>διεξιών·</span> <span class='ocrx_word' id='word_1_474' title='bbox 3341 1877 3359 1907; x_wconf 82' lang='grc' dir='ltr'><strong>ι</strong></span> <span class='ocrx_word' id='word_1_475' title='bbox 3394 1855 3595 1921; x_wconf 86' lang='grc' dir='ltr'>Ἦλθες</span> <span class='ocrx_word' id='word_1_476' title='bbox 3635 1858 3694 1914; x_wconf 76' lang='grc' dir='ltr'>δὲ</span> 
     </span>
    </p>
   </div>
   <div class='ocr_carea' id='block_1_64' title="bbox 2112 1945 3696 2024">
    <p class='ocr_par' dir='ltr' id='par_1_64' title="bbox 2112 1945 3696 2024">
     <span class='ocr_line' id='line_1_64' title="bbox 2112 1945 3696 2024; baseline 0.005 -27"><span class='ocrx_word' id='word_1_477' title='bbox 2112 1945 2204 1998; x_wconf 75' lang='grc' dir='ltr'><strong>ἐπὶ</strong></span> <span class='ocrx_word' id='word_1_478' title='bbox 2249 1947 2432 2020; x_wconf 76' lang='grc' dir='ltr'>πηγὴν</span> <span class='ocrx_word' id='word_1_479' title='bbox 2465 1947 2760 2019; x_wconf 80' lang='grc' dir='ltr'>Θαλάσσης,</span> <span class='ocrx_word' id='word_1_480' title='bbox 2826 1950 2886 2002; x_wconf 81' lang='grc' dir='ltr'><strong>ἐν</strong></span> <span class='ocrx_word' id='word_1_481' title='bbox 2916 1949 2972 2004; x_wconf 74' lang='grc' dir='ltr'>δὲ</span> <span class='ocrx_word' id='word_1_482' title='bbox 3013 1950 3214 2021; x_wconf 79' lang='grc' dir='ltr'>ἴχνεσιν</span> <span class='ocrx_word' id='word_1_483' title='bbox 3256 1951 3491 2005; x_wconf 79' lang='grc' dir='ltr'>ἀϐύσσου</span> <span class='ocrx_word' id='word_1_484' title='bbox 3539 1969 3696 2024; x_wconf 79' lang='grc' dir='ltr'>περι-</span> 
     </span>
    </p>
   </div>
   <div class='ocr_carea' id='block_1_65' title="bbox 2110 2037 3692 2115">
    <p class='ocr_par' dir='ltr' id='par_1_65' title="bbox 2110 2037 3692 2115">
     <span class='ocr_line' id='line_1_65' title="bbox 2110 2037 3692 2115; baseline 0.006 -26"><span class='ocrx_word' id='word_1_485' title='bbox 2110 2037 2427 2109; x_wconf 84' lang='grc' dir='ltr'>επάτησας;</span> <span class='ocrx_word' id='word_1_486' title='bbox 2475 2039 2776 2108; x_wconf 85' lang='grc' dir='ltr'>ἀνοίγονται</span> <span class='ocrx_word' id='word_1_487' title='bbox 2820 2041 2876 2096; x_wconf 84' lang='grc' dir='ltr'><strong>δέ</strong></span> <span class='ocrx_word' id='word_1_488' title='bbox 2925 2059 3007 2095; x_wconf 89' lang='grc' dir='ltr'><strong>σοι</strong></span> <span class='ocrx_word' id='word_1_489' title='bbox 3057 2043 3206 2115; x_wconf 78' lang='grc' dir='ltr'>φόϐῳ</span> <span class='ocrx_word' id='word_1_490' title='bbox 3250 2044 3412 2097; x_wconf 83' lang='grc' dir='ltr'>πύλαι</span> <span class='ocrx_word' id='word_1_491' title='bbox 3440 2044 3692 2110; x_wconf 80' lang='grc' dir='ltr'>θανάτου,</span> 
     </span>
    </p>
   </div>
   <div class='ocr_carea' id='block_1_66' title="bbox 2110 2128 3690 2205">
    <p class='ocr_par' dir='ltr' id='par_1_66' title="bbox 2110 2128 3690 2205">
     <span class='ocr_line' id='line_1_66' title="bbox 2110 2128 3690 2205; baseline 0.006 -25"><span class='ocrx_word' id='word_1_492' title='bbox 2110 2128 2350 2200; x_wconf 58' lang='grc' dir='ltr'><strong>πυλωροὶ⁵</strong></span> <span class='ocrx_word' id='word_1_493' title='bbox 2369 2130 2426 2184; x_wconf 82' lang='grc' dir='ltr'>δὲ</span> <span class='ocrx_word' id='word_1_494' title='bbox 2448 2131 2573 2202; x_wconf 76' lang='grc' dir='ltr'>ᾅδου</span> <span class='ocrx_word' id='word_1_495' title='bbox 2612 2132 2811 2196; x_wconf 71' lang='grc' dir='ltr'>ἰδόντες</span> <span class='ocrx_word' id='word_1_496' title='bbox 2848 2150 2905 2188; x_wconf 87' lang='grc' dir='ltr'><strong>σε</strong></span> <span class='ocrx_word' id='word_1_497' title='bbox 2951 2133 3218 2205; x_wconf 78' lang='grc' dir='ltr'>ἑπτηξανς</span> <span class='ocrx_word' id='word_1_498' title='bbox 3260 2155 3276 2186; x_wconf 79' lang='grc' dir='ltr'><strong>ι</strong></span> <span class='ocrx_word' id='word_1_499' title='bbox 3311 2137 3550 2200; x_wconf 75' lang='grc' dir='ltr'>Εἰκότως</span> <span class='ocrx_word' id='word_1_500' title='bbox 3596 2133 3690 2190; x_wconf 77' lang='grc' dir='ltr'><strong>οὖν</strong></span> 
     </span>
    </p>
   </div>
   <div class='ocr_carea' id='block_1_67' title="bbox 2109 2220 3691 2298">
    <p class='ocr_par' dir='ltr' id='par_1_67' title="bbox 2109 2220 3691 2298">
     <span class='ocr_line' id='line_1_67' title="bbox 2109 2220 3691 2298; baseline 0.004 -24"><span class='ocrx_word' id='word_1_501' title='bbox 2109 2220 2212 2274; x_wconf 85' lang='grc' dir='ltr'><strong>κάν</strong></span> <span class='ocrx_word' id='word_1_502' title='bbox 2241 2221 2320 2292; x_wconf 84' lang='grc' dir='ltr'>τῷ</span> <span class='ocrx_word' id='word_1_503' title='bbox 2351 2221 2470 2275; x_wconf 84' lang='grc' dir='ltr'>καθ’</span> <span class='ocrx_word' id='word_1_504' title='bbox 2498 2224 2646 2294; x_wconf 77' lang='grc' dir='ltr'>ἡμᾶς</span> <span class='ocrx_word' id='word_1_505' title='bbox 2679 2223 2778 2294; x_wconf 83' lang='grc' dir='ltr'><strong>βίῳ</strong></span> <span class='ocrx_word' id='word_1_506' title='bbox 2811 2224 3002 2288; x_wconf 70' lang='grc' dir='ltr'>ἑταϐἀς</span> <span class='ocrx_word' id='word_1_507' title='bbox 3044 2229 3111 2298; x_wconf 81' lang='grc' dir='ltr'>τῇ</span> <span class='ocrx_word' id='word_1_508' title='bbox 3148 2226 3409 2298; x_wconf 78' lang='grc' dir='ltr'>θαλάττῃ,</span> <span class='ocrx_word' id='word_1_509' title='bbox 3451 2229 3543 2280; x_wconf 71' lang='grc' dir='ltr'>καὶ</span> <span class='ocrx_word' id='word_1_510' title='bbox 3578 2230 3691 2292; x_wconf 86' lang='grc' dir='ltr'>τοῖς</span> 
     </span>
    </p>
   </div>
   <div class='ocr_carea' id='block_1_68' title="bbox 2107 2310 3691 2388">
    <p class='ocr_par' dir='ltr' id='par_1_68' title="bbox 2107 2310 3691 2388">
     <span class='ocr_line' id='line_1_68' title="bbox 2107 2310 3691 2388; baseline 0.004 -25"><span class='ocrx_word' id='word_1_511' title='bbox 2107 2310 2329 2382; x_wconf 80' lang='grc' dir='ltr'>ἀνέμοις</span> <span class='ocrx_word' id='word_1_512' title='bbox 2353 2313 2685 2385; x_wconf 75' lang='grc' dir='ltr'>ἐπιτιμήσας</span> <span class='ocrx_word' id='word_1_513' title='bbox 2709 2315 2804 2367; x_wconf 65' lang='grc' dir='ltr'><strong>καὶ⁸</strong></span> <span class='ocrx_word' id='word_1_514' title='bbox 2825 2314 2900 2386; x_wconf 82' lang='grc' dir='ltr'>τῷ</span> <span class='ocrx_word' id='word_1_515' title='bbox 2933 2314 3183 2382; x_wconf 76' lang='grc' dir='ltr'>κλύδωνι,</span> <span class='ocrx_word' id='word_1_516' title='bbox 3212 2318 3280 2370; x_wconf 71' lang='grc' dir='ltr'><strong>τὰ</strong></span> <span class='ocrx_word' id='word_1_517' title='bbox 3308 2316 3554 2388; x_wconf 78' lang='grc' dir='ltr'>σύμϐολα</span> <span class='ocrx_word' id='word_1_518' title='bbox 3580 2317 3691 2371; x_wconf 88' lang='grc' dir='ltr'><strong>τῶν</strong></span> 
     </span>
    </p>
   </div>
   <div class='ocr_carea' id='block_1_69' title="bbox 2107 2404 2838 2476">
    <p class='ocr_par' dir='ltr' id='par_1_69' title="bbox 2107 2404 2838 2476">
     <span class='ocr_line' id='line_1_69' title="bbox 2107 2404 2838 2476; baseline 0.005 -19"><span class='ocrx_word' id='word_1_519' title='bbox 2107 2404 2559 2476; x_wconf 74' lang='grc' dir='ltr'>ἀπορρητοτέρων</span> <span class='ocrx_word' id='word_1_520' title='bbox 2580 2406 2818 2462; x_wconf 71' lang='grc' dir='ltr'>ἐπιτελεῖ</span> <span class='ocrx_word' id='word_1_521' title='bbox 2823 2447 2838 2461; x_wconf 92' lang='grc'><strong>.</strong></span> 
     </span>
    </p>
   </div>
   <div class='ocr_carea' id='block_1_70' title="bbox 2119 2537 3694 2610">
    <p class='ocr_par' dir='ltr' id='par_1_70' title="bbox 2119 2537 3694 2610">
     <span class='ocr_line' id='line_1_70' title="bbox 2119 2537 3694 2610; baseline 0.003 -16"><span class='ocrx_word' id='word_1_522' title='bbox 2119 2537 2263 2594; x_wconf 79' lang='grc' dir='ltr'><strong>Ἀπὸ</strong></span> <span class='ocrx_word' id='word_1_523' title='bbox 2295 2539 2400 2595; x_wconf 88' lang='grc' dir='ltr'>τοῦ</span> <span class='ocrx_word' id='word_1_524' title='bbox 2442 2541 2700 2596; x_wconf 82' lang='grc' dir='ltr'>Ἡσαΐου.</span> <span class='ocrx_word' id='word_1_525' title='bbox 2735 2573 2805 2585; x_wconf 85' lang='lat'><strong>--—</strong></span> <span class='ocrx_word' id='word_1_526' title='bbox 2847 2543 2987 2610; x_wconf 80' lang='grc' dir='ltr'>Περὶ</span> <span class='ocrx_word' id='word_1_527' title='bbox 3025 2543 3146 2595; x_wconf 72' lang='grc' dir='ltr'><strong>τῶν</strong></span> <span class='ocrx_word' id='word_1_528' title='bbox 3187 2542 3694 2598; x_wconf 68' lang='grc' dir='ltr'>ἐπιτελεσθέντων</span> 
     </span>
    </p>
   </div>
   <div class='ocr_carea' id='block_1_71' title="bbox 2395 2612 3261 2681">
    <p class='ocr_par' dir='ltr' id='par_1_71' title="bbox 2395 2612 3261 2681">
     <span class='ocr_line' id='line_1_71' title="bbox 2395 2612 3261 2681; baseline -0.002 -15"><span class='ocrx_word' id='word_1_529' title='bbox 2395 2619 2401 2628; x_wconf 87' lang='grc'><em>’</em></span> <span class='ocrx_word' id='word_1_530' title='bbox 2527 2612 2628 2666; x_wconf 80' lang='grc' dir='ltr'><strong>ὑπ’</strong></span> <span class='ocrx_word' id='word_1_531' title='bbox 2661 2612 2848 2666; x_wconf 78' lang='grc' dir='ltr'>αὑτοῦ</span> <span class='ocrx_word' id='word_1_532' title='bbox 2886 2612 3261 2681; x_wconf 77' lang='grc' dir='ltr'>παραδόξων.</span> 
     </span>
    </p>
   </div>
   <div class='ocr_carea' id='block_1_72' title="bbox 2181 2701 3688 2783">
    <p class='ocr_par' dir='ltr' id='par_1_72' title="bbox 2181 2701 3688 2783">
     <span class='ocr_line' id='line_1_72' title="bbox 2181 2701 3688 2783; baseline 0.007 -29"><span class='ocrx_word' id='word_1_533' title='bbox 2181 2719 2201 2753; x_wconf 73' lang='grc' dir='ltr'><strong>ι</strong></span> <span class='ocrx_word' id='word_1_534' title='bbox 2251 2701 2736 2777; x_wconf 84' lang='grc' dir='ltr'>Ἰσχύσατε,χεῖρες</span> <span class='ocrx_word' id='word_1_535' title='bbox 2769 2707 3070 2779; x_wconf 77' lang='grc' dir='ltr'>ἀνειμέναι,</span> <span class='ocrx_word' id='word_1_536' title='bbox 3118 2710 3212 2764; x_wconf 74' lang='grc' dir='ltr'>καὶ</span> <span class='ocrx_word' id='word_1_537' title='bbox 3254 2711 3459 2779; x_wconf 84' lang='grc' dir='ltr'>γόνατα</span> <span class='ocrx_word' id='word_1_538' title='bbox 3507 2728 3688 2783; x_wconf 88' lang='grc' dir='ltr'>παρα-</span> 
     </span>
    </p>
   </div>
   <div class='ocr_carea' id='block_1_73' title="bbox 2101 2792 3686 2874">
    <p class='ocr_par' dir='ltr' id='par_1_73' title="bbox 2101 2792 3686 2874">
     <span class='ocr_line' id='line_1_73' title="bbox 2101 2792 3686 2874; baseline 0.005 -28"><span class='ocrx_word' id='word_1_539' title='bbox 2101 2792 2400 2865; x_wconf 62' lang='grc' dir='ltr'>λελυμένοι·</span> <span class='ocrx_word' id='word_1_540' title='bbox 2427 2797 2844 2869; x_wconf 80' lang='grc' dir='ltr'>παρακαλέσατε</span> <span class='ocrx_word' id='word_1_541' title='bbox 2881 2802 2929 2853; x_wconf 79' lang='grc' dir='ltr'>οἱ</span> <span class='ocrx_word' id='word_1_542' title='bbox 2972 2801 3304 2874; x_wconf 66' lang='grc' dir='ltr'>ὸλιγόψυχοι,</span> <span class='ocrx_word' id='word_1_543' title='bbox 3350 2805 3416 2872; x_wconf 79' lang='grc' dir='ltr'>τῇ</span> <span class='ocrx_word' id='word_1_544' title='bbox 3457 2803 3686 2874; x_wconf 69' lang='grc' dir='ltr'>διανοίᾳ,</span> 
     </span>
    </p>
   </div>
   <div class='ocr_carea' id='block_1_74' title="bbox 2106 2890 3686 2972">
    <p class='ocr_par' dir='ltr' id='par_1_74' title="bbox 2106 2890 3686 2972">
     <span class='ocr_line' id='line_1_74' title="bbox 2106 2890 3686 2972; baseline 0.008 -28"><span class='ocrx_word' id='word_1_545' title='bbox 2106 2890 2381 2962; x_wconf 74' lang='grc' dir='ltr'>ίσχύσατε,</span> <span class='ocrx_word' id='word_1_546' title='bbox 2416 2893 2490 2964; x_wconf 81' lang='grc' dir='ltr'>μὴ</span> <span class='ocrx_word' id='word_1_547' title='bbox 2508 2893 2784 2962; x_wconf 79' lang='grc' dir='ltr'>φοϐεῖσθε’</span> <span class='ocrx_word' id='word_1_548' title='bbox 2808 2897 2916 2952; x_wconf 80' lang='grc' dir='ltr'>ἰδοὺ</span> <span class='ocrx_word' id='word_1_549' title='bbox 2949 2900 2978 2951; x_wconf 82' lang='grc' dir='ltr'><strong>ό</strong></span> <span class='ocrx_word' id='word_1_550' title='bbox 2998 2898 3132 2962; x_wconf 83' lang='grc' dir='ltr'><strong>Θεὸς</strong></span> <span class='ocrx_word' id='word_1_551' title='bbox 3161 2899 3318 2972; x_wconf 69' lang='grc' dir='ltr'>ἡμῶν</span> <span class='ocrx_word' id='word_1_552' title='bbox 3352 2901 3535 2972; x_wconf 81' lang='grc' dir='ltr'>κρίσιν</span> <span class='ocrx_word' id='word_1_553' title='bbox 3558 2904 3686 2957; x_wconf 88' lang='grc' dir='ltr'>ἀντ-</span> 
     </span>
    </p>
   </div>
   <div class='ocr_carea' id='block_1_75' title="bbox 2102 2979 3685 3060">
    <p class='ocr_par' dir='ltr' id='par_1_75' title="bbox 2102 2979 3685 3060">
     <span class='ocr_line' id='line_1_75' title="bbox 2102 2979 3685 3060; baseline 0.009 -26"><span class='ocrx_word' id='word_1_554' title='bbox 2102 2979 2388 3034; x_wconf 86' lang='grc' dir='ltr'>αποδίδωσι</span> <span class='ocrx_word' id='word_1_555' title='bbox 2413 3020 2427 3045; x_wconf 97' lang='grc'><strong>,</strong></span> <span class='ocrx_word' id='word_1_556' title='bbox 2465 2983 2561 3034; x_wconf 73' lang='grc' dir='ltr'><strong>καὶ</strong></span> <span class='ocrx_word' id='word_1_557' title='bbox 2599 2984 2986 3052; x_wconf 85' lang='grc' dir='ltr'>ἀνταποδώσει,</span> <span class='ocrx_word' id='word_1_558' title='bbox 3030 2988 3191 3052; x_wconf 82' lang='grc' dir='ltr'>αὐτὸς</span> <span class='ocrx_word' id='word_1_559' title='bbox 3239 2989 3358 3060; x_wconf 77' lang='grc' dir='ltr'>ἥξει</span> <span class='ocrx_word' id='word_1_560' title='bbox 3392 2991 3486 3044; x_wconf 76' lang='grc' dir='ltr'>καὶ</span> <span class='ocrx_word' id='word_1_561' title='bbox 3523 2991 3685 3049; x_wconf 82' lang='grc' dir='ltr'>σώσει</span> 
     </span>
    </p>
   </div>
   <div class='ocr_carea' id='block_1_76' title="bbox 2101 3068 3684 3152">
    <p class='ocr_par' dir='ltr' id='par_1_76' title="bbox 2101 3068 3684 3152">
     <span class='ocr_line' id='line_1_76' title="bbox 2101 3068 3684 3152; baseline 0.01 -27"><span class='ocrx_word' id='word_1_562' title='bbox 2101 3068 2267 3141; x_wconf 79' lang='grc' dir='ltr'>ἡμᾶς.</span> <span class='ocrx_word' id='word_1_563' title='bbox 2326 3071 2458 3128; x_wconf 85' lang='grc' dir='ltr'>Τότε</span> <span class='ocrx_word' id='word_1_564' title='bbox 2509 3074 2919 3147; x_wconf 84' lang='grc' dir='ltr'>ἀνοιχθήσονται</span> <span class='ocrx_word' id='word_1_565' title='bbox 2974 3077 3242 3152; x_wconf 74' lang='grc' dir='ltr'>ὀφθαλμοὶ</span> <span class='ocrx_word' id='word_1_566' title='bbox 3295 3082 3531 3152; x_wconf 80' lang='grc' dir='ltr'>τυφλῶν,</span> <span class='ocrx_word' id='word_1_567' title='bbox 3591 3085 3684 3140; x_wconf 77' lang='grc' dir='ltr'>καὶ</span> 
     </span>
    </p>
   </div>
   <div class='ocr_carea' id='block_1_77' title="bbox 2100 3155 3680 3245">
    <p class='ocr_par' dir='ltr' id='par_1_77' title="bbox 2100 3155 3680 3245">
     <span class='ocr_line' id='line_1_77' title="bbox 2100 3155 3680 3245; baseline 0.01 -31"><span class='ocrx_word' id='word_1_568' title='bbox 2100 3155 2213 3215; x_wconf 81' lang='grc' dir='ltr'>ὦτα</span> <span class='ocrx_word' id='word_1_569' title='bbox 2245 3163 2445 3234; x_wconf 81' lang='grc' dir='ltr'>κωφῶν</span> <span class='ocrx_word' id='word_1_570' title='bbox 2478 3166 2833 3222; x_wconf 82' lang='grc' dir='ltr'>ἀκούσονται⁶</span> <span class='ocrx_word' id='word_1_571' title='bbox 2880 3170 3000 3223; x_wconf 83' lang='grc' dir='ltr'>τότε</span> <span class='ocrx_word' id='word_1_572' title='bbox 3053 3172 3260 3226; x_wconf 82' lang='grc' dir='ltr'>ἀλεῖται</span> <span class='ocrx_word' id='word_1_573' title='bbox 3301 3174 3375 3237; x_wconf 84' lang='grc' dir='ltr'>ὡς</span> <span class='ocrx_word' id='word_1_574' title='bbox 3418 3175 3612 3245; x_wconf 76' lang='grc' dir='ltr'>ἔλαφος</span> <span class='ocrx_word' id='word_1_575' title='bbox 3652 3178 3680 3230; x_wconf 85' lang='grc' dir='ltr'><strong>ό</strong></span> 
     </span>
    </p>
   </div>
   <div class='ocr_carea' id='block_1_78' title="bbox 2102 3253 3674 3333">
    <p class='ocr_par' dir='ltr' id='par_1_78' title="bbox 2102 3253 3674 3333">
     <span class='ocr_line' id='line_1_78' title="bbox 2102 3253 3674 3333; baseline 0.01 -28"><span class='ocrx_word' id='word_1_576' title='bbox 2102 3253 2292 3324; x_wconf 86' lang='grc' dir='ltr'>χωλὸς,</span> <span class='ocrx_word' id='word_1_577' title='bbox 2338 3255 2431 3309; x_wconf 75' lang='grc' dir='ltr'>καὶ</span> <span class='ocrx_word' id='word_1_578' title='bbox 2468 3258 2642 3329; x_wconf 81' lang='grc' dir='ltr'>τρανὴ</span> <span class='ocrx_word' id='word_1_579' title='bbox 2692 3258 2842 3314; x_wconf 79' lang='grc' dir='ltr'>ἔσται</span> <span class='ocrx_word' id='word_1_580' title='bbox 2889 3260 3109 3330; x_wconf 87' lang='grc' dir='ltr'>γλῶσσα</span> <span class='ocrx_word' id='word_1_581' title='bbox 3162 3263 3485 3333; x_wconf 84' lang='grc' dir='ltr'>μογιλάλων.</span> <span class='ocrx_word' id='word_1_582' title='bbox 3519 3286 3536 3318; x_wconf 75' lang='grc' dir='ltr'><strong>ι</strong></span> <span class='ocrx_word' id='word_1_583' title='bbox 3569 3267 3674 3321; x_wconf 78' lang='grc' dir='ltr'><strong>Καὶ</strong></span> 
     </span>
    </p>
   </div>
   <div class='ocr_carea' id='block_1_79' title="bbox 2099 3346 3669 3428">
    <p class='ocr_par' dir='ltr' id='par_1_79' title="bbox 2099 3346 3669 3428">
     <span class='ocr_line' id='line_1_79' title="bbox 2099 3346 3669 3428; baseline 0.008 -30"><span class='ocrx_word' id='word_1_584' title='bbox 2099 3346 2302 3399; x_wconf 86' lang='grc' dir='ltr'>τούτων</span> <span class='ocrx_word' id='word_1_585' title='bbox 2331 3347 2472 3419; x_wconf 80' lang='grc' dir='ltr'>ἔχεις</span> <span class='ocrx_word' id='word_1_586' title='bbox 2501 3349 2558 3402; x_wconf 79' lang='grc' dir='ltr'><strong>ἐν</strong></span> <span class='ocrx_word' id='word_1_587' title='bbox 2589 3352 2701 3414; x_wconf 81' lang='grc' dir='ltr'>τοῖς</span> <span class='ocrx_word' id='word_1_588' title='bbox 2732 3351 3084 3422; x_wconf 85' lang='grc' dir='ltr'>Εύαγγελίοις</span> <span class='ocrx_word' id='word_1_589' title='bbox 3127 3354 3197 3408; x_wconf 86' lang='grc' dir='ltr'><strong>τά</strong></span> <span class='ocrx_word' id='word_1_590' title='bbox 3236 3357 3669 3428; x_wconf 79' lang='grc' dir='ltr'>ἀποτελέσματα·</span> 
     </span>
    </p>
   </div>
   <div class='ocr_carea' id='block_1_80' title="bbox 2098 3432 3678 3520">
    <p class='ocr_par' dir='ltr' id='par_1_80' title="bbox 2098 3432 3678 3520">
     <span class='ocr_line' id='line_1_80' title="bbox 2098 3432 3678 3520; baseline 0.011 -35"><span class='ocrx_word' id='word_1_591' title='bbox 2098 3432 2286 3488; x_wconf 82' lang='grc' dir='ltr'>τούτου</span> <span class='ocrx_word' id='word_1_592' title='bbox 2335 3436 2452 3507; x_wconf 80' lang='grc' dir='ltr'>μὲν,</span> <span class='ocrx_word' id='word_1_593' title='bbox 2506 3440 2740 3509; x_wconf 79' lang='grc' dir='ltr'>ὁπηνίκα</span> <span class='ocrx_word' id='word_1_594' title='bbox 2781 3441 2861 3512; x_wconf 83' lang='grc' dir='ltr'><strong>τῷ</strong></span> <span class='ocrx_word' id='word_1_595' title='bbox 2907 3443 3118 3516; x_wconf 80' lang='grc' dir='ltr'>Σωτῆρι</span> <span class='ocrx_word' id='word_1_596' title='bbox 3165 3447 3259 3501; x_wconf 62' lang='grc' dir='ltr'><strong>καλ⁴</strong></span> <span class='ocrx_word' id='word_1_597' title='bbox 3301 3448 3490 3519; x_wconf 84' lang='grc' dir='ltr'>Κυρίῳ</span> <span class='ocrx_word' id='word_1_598' title='bbox 3527 3449 3678 3520; x_wconf 69' lang='grc' dir='ltr'>ἡμῶν</span> 
     </span>
    </p>
   </div>
   <div class='ocr_carea' id='block_1_81' title="bbox 2099 3526 3682 3610">
    <p class='ocr_par' dir='ltr' id='par_1_81' title="bbox 2099 3526 3682 3610">
     <span class='ocr_line' id='line_1_81' title="bbox 2099 3526 3682 3610; baseline 0.012 -34"><span class='ocrx_word' id='word_1_599' title='bbox 2099 3526 2436 3598; x_wconf 67' lang='grc' dir='ltr'>προσέφερον</span> <span class='ocrx_word' id='word_1_600' title='bbox 2463 3531 2834 3602; x_wconf 73' lang='grc' dir='ltr'>παραλυτικὸν</span> <span class='ocrx_word' id='word_1_601' title='bbox 2877 3535 2968 3586; x_wconf 78' lang='grc' dir='ltr'><strong>ἐπὶ</strong></span> <span class='ocrx_word' id='word_1_602' title='bbox 3001 3535 3189 3608; x_wconf 80' lang='grc' dir='ltr'>κλίνης</span> <span class='ocrx_word' id='word_1_603' title='bbox 3232 3537 3586 3610; x_wconf 79' lang='grc' dir='ltr'>βεϐλημένον,</span> <span class='ocrx_word' id='word_1_604' title='bbox 3623 3541 3682 3594; x_wconf 84' lang='grc' dir='ltr'>ὃν</span> 
     </span>
    </p>
   </div>
   <div class='ocr_carea' id='block_1_82' title="bbox 2097 3618 3681 3704">
    <p class='ocr_par' dir='ltr' id='par_1_82' title="bbox 2097 3618 3681 3704">
     <span class='ocr_line' id='line_1_82' title="bbox 2097 3618 3681 3704; baseline 0.009 -33"><span class='ocrx_word' id='word_1_605' title='bbox 2097 3618 2190 3671; x_wconf 71' lang='grc' dir='ltr'><strong>καὶ</strong></span> <span class='ocrx_word' id='word_1_606' title='bbox 2216 3618 2346 3688; x_wconf 80' lang='grc' dir='ltr'>ὑγιῆ</span> <span class='ocrx_word' id='word_1_607' title='bbox 2385 3619 2530 3691; x_wconf 85' lang='grc' dir='ltr'>λόγῳ</span> <span class='ocrx_word' id='word_1_608' title='bbox 2577 3627 2964 3695; x_wconf 79' lang='grc' dir='ltr'>κατεστήσατο·</span> <span class='ocrx_word' id='word_1_609' title='bbox 3008 3627 3198 3683; x_wconf 87' lang='grc' dir='ltr'>τούτου</span> <span class='ocrx_word' id='word_1_610' title='bbox 3242 3630 3319 3689; x_wconf 82' lang='grc' dir='ltr'>δὲ,</span> <span class='ocrx_word' id='word_1_611' title='bbox 3363 3631 3451 3683; x_wconf 84' lang='grc' dir='ltr'>ὅτε</span> <span class='ocrx_word' id='word_1_612' title='bbox 3499 3633 3681 3704; x_wconf 87' lang='grc' dir='ltr'>μυρίοι</span> 
     </span>
    </p>
   </div>
   <div class='ocr_carea' id='block_1_83' title="bbox 2093 3709 3682 3791">
    <p class='ocr_par' dir='ltr' id='par_1_83' title="bbox 2093 3709 3682 3791">
     <span class='ocr_line' id='line_1_83' title="bbox 2093 3709 3682 3791; baseline 0.011 -31"><span class='ocrx_word' id='word_1_613' title='bbox 2093 3709 2283 3777; x_wconf 80' lang='grc' dir='ltr'>τυφλοὶ</span> <span class='ocrx_word' id='word_1_614' title='bbox 2328 3713 2422 3765; x_wconf 75' lang='grc' dir='ltr'>καὶ</span> <span class='ocrx_word' id='word_1_615' title='bbox 2463 3713 2867 3784; x_wconf 88' lang='grc' dir='ltr'>δαιμονιῶντες,</span> <span class='ocrx_word' id='word_1_616' title='bbox 2901 3717 2980 3772; x_wconf 79' lang='grc' dir='ltr'>ἔτι</span> <span class='ocrx_word' id='word_1_617' title='bbox 3025 3717 3132 3790; x_wconf 82' lang='grc' dir='ltr'>μὴν</span> <span class='ocrx_word' id='word_1_618' title='bbox 3175 3719 3451 3791; x_wconf 75' lang='grc' dir='ltr'>διαφόροις</span> <span class='ocrx_word' id='word_1_619' title='bbox 3503 3723 3682 3788; x_wconf 79' lang='grc' dir='ltr'>νόσοις</span> 
     </span>
    </p>
   </div>
   <div class='ocr_carea' id='block_1_84' title="bbox 2093 3801 3681 3886">
    <p class='ocr_par' dir='ltr' id='par_1_84' title="bbox 2093 3801 3681 3886">
     <span class='ocr_line' id='line_1_84' title="bbox 2093 3801 3681 3886; baseline 0.01 -34"><span class='ocrx_word' id='word_1_620' title='bbox 2093 3801 2188 3854; x_wconf 78' lang='grc' dir='ltr'>καὶ</span> <span class='ocrx_word' id='word_1_621' title='bbox 2224 3802 2511 3872; x_wconf 84' lang='grc' dir='ltr'>μαλακίαις</span> <span class='ocrx_word' id='word_1_622' title='bbox 2537 3807 3000 3879; x_wconf 78' lang='grc' dir='ltr'>καταπονούμενοι</span> <span class='ocrx_word' id='word_1_623' title='bbox 3028 3810 3163 3883; x_wconf 79' lang='grc' dir='ltr'>πρὸς</span> <span class='ocrx_word' id='word_1_624' title='bbox 3185 3810 3286 3881; x_wconf 81' lang='grc' dir='ltr'>τῆς</span> <span class='ocrx_word' id='word_1_625' title='bbox 3315 3811 3479 3867; x_wconf 77' lang='grc' dir='ltr'>αὐτοῦ</span> <span class='ocrx_word' id='word_1_626' title='bbox 3505 3831 3681 3886; x_wconf 84' lang='grc' dir='ltr'>σωτη-</span> 
     </span>
    </p>
   </div>
   <div class='ocr_carea' id='block_1_85' title="bbox 2093 3893 3680 3976">
    <p class='ocr_par' dir='ltr' id='par_1_85' title="bbox 2093 3893 3680 3976">
     <span class='ocr_line' id='line_1_85' title="bbox 2093 3893 3680 3976; baseline 0.011 -34"><span class='ocrx_word' id='word_1_627' title='bbox 2093 3893 2210 3962; x_wconf 82' lang='grc' dir='ltr'>ρίου</span> <span class='ocrx_word' id='word_1_628' title='bbox 2239 3894 2518 3965; x_wconf 86' lang='grc' dir='ltr'>δυνάμεως</span> <span class='ocrx_word' id='word_1_629' title='bbox 2539 3899 2645 3951; x_wconf 87' lang='grc' dir='ltr'><strong>τῶν</strong></span> <span class='ocrx_word' id='word_1_630' title='bbox 2668 3899 2853 3954; x_wconf 84' lang='grc' dir='ltr'>παθῶν</span> <span class='ocrx_word' id='word_1_631' title='bbox 2876 3901 3275 3973; x_wconf 74' lang='grc' dir='ltr'>ἀπηλλάττοντο</span> <span class='ocrx_word' id='word_1_632' title='bbox 3294 3922 3308 3938; x_wconf 73' lang='grc' dir='ltr'><strong>ο</strong></span> <span class='ocrx_word' id='word_1_633' title='bbox 3326 3906 3386 3957; x_wconf 85' lang='grc' dir='ltr'><strong>ού</strong></span> <span class='ocrx_word' id='word_1_634' title='bbox 3411 3905 3515 3976; x_wconf 72' lang='grc' dir='ltr'>μὴν</span> <span class='ocrx_word' id='word_1_635' title='bbox 3544 3905 3680 3961; x_wconf 86' lang='grc' dir='ltr'><strong>ἀλλά</strong></span> 
     </span>
    </p>
   </div>
   <div class='ocr_carea' id='block_1_86' title="bbox 2091 3981 3679 4068">
    <p class='ocr_par' dir='ltr' id='par_1_86' title="bbox 2091 3981 3679 4068">
     <span class='ocr_line' id='line_1_86' title="bbox 2091 3981 3679 4068; baseline 0.009 -30"><span class='ocrx_word' id='word_1_636' title='bbox 2091 3985 2187 4040; x_wconf 70' lang='grc' dir='ltr'><strong>καὶ</strong></span> <span class='ocrx_word' id='word_1_637' title='bbox 2213 3986 2281 4041; x_wconf 79' lang='grc' dir='ltr'>δι’</span> <span class='ocrx_word' id='word_1_638' title='bbox 2320 3981 2396 4041; x_wconf 85' lang='grc' dir='ltr'><strong>ὧν</strong></span> <span class='ocrx_word' id='word_1_639' title='bbox 2428 3991 2594 4046; x_wconf 83' lang='grc' dir='ltr'>είσέτι</span> <span class='ocrx_word' id='word_1_640' title='bbox 2634 3991 2729 4048; x_wconf 77' lang='grc' dir='ltr'><strong>νῦν</strong></span> <span class='ocrx_word' id='word_1_641' title='bbox 2762 3992 2884 4048; x_wconf 85' lang='grc' dir='ltr'>καθ’</span> <span class='ocrx_word' id='word_1_642' title='bbox 2926 3994 3054 4066; x_wconf 83' lang='grc' dir='ltr'>ὅλης</span> <span class='ocrx_word' id='word_1_643' title='bbox 3089 3995 3190 4066; x_wconf 83' lang='grc' dir='ltr'>τῆς</span> <span class='ocrx_word' id='word_1_644' title='bbox 3220 3997 3545 4068; x_wconf 82' lang='grc' dir='ltr'>οἰκουμένης</span> <span class='ocrx_word' id='word_1_645' title='bbox 3579 4015 3679 4067; x_wconf 82' lang='grc' dir='ltr'>μυ-</span> 
     </span>
    </p>
   </div>
   <div class='ocr_carea' id='block_1_87' title="bbox 2093 4077 3686 4157">
    <p class='ocr_par' dir='ltr' id='par_1_87' title="bbox 2093 4077 3686 4157">
     <span class='ocr_line' id='line_1_87' title="bbox 2093 4077 3686 4157; baseline 0.005 -28"><span class='ocrx_word' id='word_1_646' title='bbox 2093 4077 2182 4148; x_wconf 89' lang='grc' dir='ltr'><strong>ρία</strong></span> <span class='ocrx_word' id='word_1_647' title='bbox 2207 4077 2385 4150; x_wconf 78' lang='grc' dir='ltr'>πλήθη</span> <span class='ocrx_word' id='word_1_648' title='bbox 2406 4081 2764 4152; x_wconf 68' lang='grc' dir='ltr'>πολυτρόποις</span> <span class='ocrx_word' id='word_1_649' title='bbox 2790 4085 2990 4150; x_wconf 85' lang='grc' dir='ltr'>κακίας</span> <span class='ocrx_word' id='word_1_650' title='bbox 3017 4086 3183 4140; x_wconf 78' lang='grc' dir='ltr'>εἴδεσι</span> <span class='ocrx_word' id='word_1_651' title='bbox 3206 4086 3485 4157; x_wconf 81' lang='grc' dir='ltr'>δεδεμένα,</span> <span class='ocrx_word' id='word_1_652' title='bbox 3509 4089 3686 4153; x_wconf 81' lang='grc' dir='ltr'>ἀγνω-</span> 
     </span>
    </p>
   </div>
   <div class='ocr_carea' id='block_1_88' title="bbox 2091 4169 3674 4246">
    <p class='ocr_par' dir='ltr' id='par_1_88' title="bbox 2091 4169 3674 4246">
     <span class='ocr_line' id='line_1_88' title="bbox 2091 4169 3674 4246; baseline 0.001 -22"><span class='ocrx_word' id='word_1_653' title='bbox 2091 4169 2210 4232; x_wconf 74' lang='grc' dir='ltr'>σίας</span> <span class='ocrx_word' id='word_1_654' title='bbox 2243 4187 2303 4227; x_wconf 85' lang='grc' dir='ltr'><strong>τε</strong></span> <span class='ocrx_word' id='word_1_655' title='bbox 2333 4171 2428 4226; x_wconf 76' lang='grc' dir='ltr'>τοῦ</span> <span class='ocrx_word' id='word_1_656' title='bbox 2475 4175 2568 4228; x_wconf 80' lang='grc' dir='ltr'><strong>ἐπὶ</strong></span> <span class='ocrx_word' id='word_1_657' title='bbox 2601 4176 2821 4231; x_wconf 82' lang='grc' dir='ltr'>πάντων</span> <span class='ocrx_word' id='word_1_658' title='bbox 2857 4177 2994 4230; x_wconf 80' lang='grc' dir='ltr'>Θεοῦ</span> <span class='ocrx_word' id='word_1_659' title='bbox 3029 4177 3127 4239; x_wconf 81' lang='grc' dir='ltr'><strong>τὰς</strong></span> <span class='ocrx_word' id='word_1_660' title='bbox 3172 4175 3350 4246; x_wconf 77' lang='grc' dir='ltr'>ψυχὰς</span> <span class='ocrx_word' id='word_1_661' title='bbox 3379 4176 3674 4245; x_wconf 69' lang='grc' dir='ltr'>πεπληρωσ</span> 
     </span>
    </p>
   </div>
   <div class='ocr_carea' id='block_1_89' title="bbox 2090 4261 3672 4342">
    <p class='ocr_par' dir='ltr' id='par_1_89' title="bbox 2090 4261 3672 4342">
     <span class='ocr_line' id='line_1_89' title="bbox 2090 4261 3672 4342; baseline -0.001 -24"><span class='ocrx_word' id='word_1_662' title='bbox 2090 4261 2247 4330; x_wconf 82' lang='grc' dir='ltr'>μένα,</span> <span class='ocrx_word' id='word_1_663' title='bbox 2281 4263 2599 4335; x_wconf 83' lang='grc' dir='ltr'>θαυμασίως</span> <span class='ocrx_word' id='word_1_664' title='bbox 2645 4270 2739 4321; x_wconf 75' lang='grc' dir='ltr'>καὶ</span> <span class='ocrx_word' id='word_1_665' title='bbox 2776 4269 2915 4342; x_wconf 76' lang='grc' dir='ltr'>ὑπὲρ</span> <span class='ocrx_word' id='word_1_666' title='bbox 2949 4270 3126 4323; x_wconf 80' lang='grc' dir='ltr'>πάντα</span> <span class='ocrx_word' id='word_1_667' title='bbox 3154 4268 3308 4335; x_wconf 87' lang='grc' dir='ltr'>λόγον</span> <span class='ocrx_word' id='word_1_668' title='bbox 3333 4270 3444 4330; x_wconf 88' lang='grc' dir='ltr'>τοῖς</span> <span class='ocrx_word' id='word_1_669' title='bbox 3471 4267 3571 4338; x_wconf 85' lang='grc' dir='ltr'>τῆς</span> <span class='ocrx_word' id='word_1_670' title='bbox 3596 4267 3672 4318; x_wconf 91' lang='grc' dir='ltr'>δι-</span> 
     </span>
    </p>
   </div>
   <div class='ocr_carea' id='block_1_90' title="bbox 2085 4351 3667 4430">
    <p class='ocr_par' dir='ltr' id='par_1_90' title="bbox 2085 4351 3667 4430">
     <span class='ocr_line' id='line_1_90' title="bbox 2085 4351 3667 4430; baseline 0.004 -24"><span class='ocrx_word' id='word_1_671' title='bbox 2085 4351 2383 4420; x_wconf 84' lang='grc' dir='ltr'>δασκαλίας</span> <span class='ocrx_word' id='word_1_672' title='bbox 2430 4359 2596 4412; x_wconf 77' lang='grc' dir='ltr'>αὐτοῦ</span> <span class='ocrx_word' id='word_1_673' title='bbox 2647 4360 2957 4430; x_wconf 72' lang='grc' dir='ltr'>φαρμάκοις</span> <span class='ocrx_word' id='word_1_674' title='bbox 3012 4363 3154 4413; x_wconf 82' lang='grc' dir='ltr'>ίᾶται</span> <span class='ocrx_word' id='word_1_675' title='bbox 3210 4359 3302 4412; x_wconf 76' lang='grc' dir='ltr'>καὶ</span> <span class='ocrx_word' id='word_1_676' title='bbox 3357 4357 3667 4429; x_wconf 86' lang='grc' dir='ltr'>θεραπεύει.</span> 
     </span>
    </p>
   </div>
   <div class='ocr_carea' id='block_1_91' title="bbox 2086 4446 3674 4523">
    <p class='ocr_par' dir='ltr' id='par_1_91' title="bbox 2086 4446 3674 4523">
     <span class='ocr_line' id='line_1_91' title="bbox 2086 4446 3674 4523; baseline 0.004 -26"><span class='ocrx_word' id='word_1_677' title='bbox 2086 4446 2234 4518; x_wconf 79' lang='grc' dir='ltr'><strong>Πλὴν</strong></span> <span class='ocrx_word' id='word_1_678' title='bbox 2260 4450 2341 4505; x_wconf 85' lang='grc' dir='ltr'>ὅτι</span> <span class='ocrx_word' id='word_1_679' title='bbox 2365 4451 2459 4504; x_wconf 70' lang='grc' dir='ltr'><strong>καί¹</strong></span> <span class='ocrx_word' id='word_1_680' title='bbox 2486 4451 2618 4515; x_wconf 85' lang='grc' dir='ltr'>Θεὸς</span> <span class='ocrx_word' id='word_1_681' title='bbox 2644 4454 2701 4504; x_wconf 85' lang='grc' dir='ltr'><strong>ὲν</strong></span> <span class='ocrx_word' id='word_1_682' title='bbox 2732 4452 2940 4515; x_wconf 86' lang='grc' dir='ltr'>τούτοις</span> <span class='ocrx_word' id='word_1_683' title='bbox 2977 4451 3337 4523; x_wconf 82' lang='grc' dir='ltr'>ἀνηγόρευται</span> <span class='ocrx_word' id='word_1_684' title='bbox 3375 4452 3515 4506; x_wconf 84' lang='grc' dir='ltr'>κατὰ</span> <span class='ocrx_word' id='word_1_685' title='bbox 3553 4469 3674 4505; x_wconf 83' lang='grc' dir='ltr'>και-</span> 
     </span>
    </p>
   </div>
   <div class='ocr_carea' id='block_1_92' title="bbox 401 4539 1999 4635">
    <p class='ocr_par' dir='ltr' id='par_1_92' title="bbox 401 4560 1981 4635">
     <span class='ocr_line' id='line_1_92' title="bbox 401 4560 1981 4635; baseline -0.004 -15"><span class='ocrx_word' id='word_1_686' title='bbox 401 4564 547 4620; x_wconf 86' lang='lat' dir='ltr'><strong>Deus</strong></span> <span class='ocrx_word' id='word_1_687' title='bbox 580 4563 885 4635; x_wconf 87' lang='lat' dir='ltr'><strong>appelletur</strong></span> <span class='ocrx_word' id='word_1_688' title='bbox 921 4578 1022 4618; x_wconf 87' lang='lat' dir='ltr'><strong>suo</strong></span> <span class='ocrx_word' id='word_1_689' title='bbox 1060 4569 1324 4633; x_wconf 90' lang='lat' dir='ltr'><strong>tempore,</strong></span> <span class='ocrx_word' id='word_1_690' title='bbox 1359 4569 1616 4630; x_wconf 89' lang='lat' dir='ltr'><strong>tanquam</strong></span> <span class='ocrx_word' id='word_1_691' title='bbox 1648 4560 1695 4616; x_wconf 90' lang='lat' dir='ltr'><strong>is</strong></span> <span class='ocrx_word' id='word_1_692' title='bbox 1724 4561 1818 4630; x_wconf 90' lang='lat' dir='ltr'><strong>qui</strong></span> <span class='ocrx_word' id='word_1_693' title='bbox 1850 4560 1981 4614; x_wconf 89' lang='lat' dir='ltr'><strong>talia</strong></span> 
     </span>
    </p>
   </div>
   <div class='ocr_carea' id='block_1_93' title="bbox 2101 4539 3673 4635">
    <p class='ocr_par' dir='ltr' id='par_1_93' title="bbox 2101 4539 3673 4617">
     <span class='ocr_line' id='line_1_93' title="bbox 2101 4539 3673 4617; baseline 0.005 -25"><span class='ocrx_word' id='word_1_694' title='bbox 2101 4539 2202 4609; x_wconf 70' lang='grc' dir='ltr'>ρὸν,</span> <span class='ocrx_word' id='word_1_695' title='bbox 2231 4541 2307 4605; x_wconf 87' lang='grc' dir='ltr'>ὼς</span> <span class='ocrx_word' id='word_1_696' title='bbox 2349 4542 2414 4595; x_wconf 86' lang='grc' dir='ltr'><strong>ἂν</strong></span> <span class='ocrx_word' id='word_1_697' title='bbox 2453 4543 2674 4597; x_wconf 79' lang='grc' dir='ltr'>τοιαῦτα</span> <span class='ocrx_word' id='word_1_698' title='bbox 2719 4544 2974 4615; x_wconf 80' lang='grc' dir='ltr'>ἐνεργῶν,</span> <span class='ocrx_word' id='word_1_699' title='bbox 3017 4544 3117 4617; x_wconf 71' lang='grc' dir='ltr'>ἤδη</span> <span class='ocrx_word' id='word_1_700' title='bbox 3154 4544 3416 4617; x_wconf 87' lang='grc' dir='ltr'>πρότερον</span> <span class='ocrx_word' id='word_1_701' title='bbox 3455 4548 3586 4617; x_wconf 76' lang='grc' dir='ltr'>ἡμῖν</span> <span class='ocrx_word' id='word_1_702' title='bbox 3615 4549 3673 4601; x_wconf 78' lang='grc' dir='ltr'><strong>ἐν</strong></span> 
     </span>
    </p>
   </div>
   <div class='ocr_carea' id='block_1_94' title="bbox 397 4665 1982 4740">
    <p class='ocr_par' dir='ltr' id='par_1_94' title="bbox 397 4665 1982 4740">
     <span class='ocr_line' id='line_1_94' title="bbox 397 4665 1982 4740; baseline -0.001 -14"><span class='ocrx_word' id='word_1_703' title='bbox 397 4669 619 4733; x_wconf 76' lang='lat' dir='ltr'><strong>efficiat,</strong></span> <span class='ocrx_word' id='word_1_704' title='bbox 647 4668 973 4740; x_wconf 85' lang='lat' dir='ltr'><strong>jampridem</strong></span> <span class='ocrx_word' id='word_1_705' title='bbox 1026 4683 1056 4721; x_wconf 92' lang='lat' dir='ltr'><strong>a</strong></span> <span class='ocrx_word' id='word_1_706' title='bbox 1107 4667 1288 4730; x_wconf 87' lang='lat' dir='ltr'><strong>nobis,</strong></span> <span class='ocrx_word' id='word_1_707' title='bbox 1315 4665 1407 4721; x_wconf 84' lang='lat' dir='ltr'><strong>ubi</strong></span> <span class='ocrx_word' id='word_1_708' title='bbox 1442 4665 1510 4722; x_wconf 93' lang='lat' dir='ltr'><strong>de</strong></span> <span class='ocrx_word' id='word_1_709' title='bbox 1540 4665 1827 4722; x_wconf 78' lang='lat' dir='ltr'><strong>divinitate</strong></span> <span class='ocrx_word' id='word_1_710' title='bbox 1859 4667 1982 4738; x_wconf 89' lang='lat' dir='ltr'><strong>ejus</strong></span> 
     </span>
    </p>
   </div>
   <div class='ocr_carea' id='block_1_95' title="bbox 399 4759 1983 4831">
    <p class='ocr_par' dir='ltr' id='par_1_95' title="bbox 399 4759 1983 4831">
     <span class='ocr_line' id='line_1_95' title="bbox 399 4759 1983 4831; baseline 0 -15"><span class='ocrx_word' id='word_1_711' title='bbox 399 4762 712 4817; x_wconf 85' lang='lat' dir='ltr'><strong>testimonia</strong></span> <span class='ocrx_word' id='word_1_712' title='bbox 743 4760 1095 4831; x_wconf 86' lang='lat' dir='ltr'><strong>protulimus,</strong></span> <span class='ocrx_word' id='word_1_713' title='bbox 1123 4759 1557 4815; x_wconf 85' lang='lat' dir='ltr'><strong>demonstratum</strong></span> <span class='ocrx_word' id='word_1_714' title='bbox 1609 4766 1714 4823; x_wconf 80' lang='lat' dir='ltr'><strong>est,</strong></span> <span class='ocrx_word' id='word_1_715' title='bbox 1740 4767 1794 4815; x_wconf 92' lang='lat' dir='ltr'><strong>et</strong></span> <span class='ocrx_word' id='word_1_716' title='bbox 1846 4775 1983 4816; x_wconf 89' lang='lat' dir='ltr'><strong>sane</strong></span> 
     </span>
    </p>
   </div>
   <div class='ocr_carea' id='block_1_96' title="bbox 399 4851 1981 4926">
    <p class='ocr_par' dir='ltr' id='par_1_96' title="bbox 399 4851 1981 4926">
     <span class='ocr_line' id='line_1_96' title="bbox 399 4851 1981 4926; baseline -0.001 -17"><span class='ocrx_word' id='word_1_717' title='bbox 399 4853 444 4910; x_wconf 87' lang='lat' dir='ltr'><strong>si</strong></span> <span class='ocrx_word' id='word_1_718' title='bbox 475 4869 715 4926; x_wconf 88' lang='lat' dir='ltr'><strong>unquam</strong></span> <span class='ocrx_word' id='word_1_719' title='bbox 762 4854 919 4915; x_wconf 89' lang='lat' dir='ltr'><strong>alias,</strong></span> <span class='ocrx_word' id='word_1_720' title='bbox 952 4868 1100 4908; x_wconf 89' lang='lat' dir='ltr'><strong>nunc</strong></span> <span class='ocrx_word' id='word_1_721' title='bbox 1150 4852 1385 4907; x_wconf 81' lang='lat' dir='ltr'><strong>maxime</strong></span> <span class='ocrx_word' id='word_1_722' title='bbox 1444 4852 1763 4908; x_wconf 84' lang='lat' dir='ltr'><strong>convenerit</strong></span> <span class='ocrx_word' id='word_1_723' title='bbox 1792 4851 1981 4908; x_wconf 78' lang='lat' dir='ltr'><strong>&#39;Deum</strong></span> 
     </span>
    </p>
   </div>
   <div class='ocr_carea' id='block_1_97' title="bbox 395 4944 1982 5021">
    <p class='ocr_par' dir='ltr' id='par_1_97' title="bbox 395 4944 1982 5021">
     <span class='ocr_line' id='line_1_97' title="bbox 395 4944 1982 5021; baseline -0.001 -19"><span class='ocrx_word' id='word_1_724' title='bbox 395 4947 566 5021; x_wconf 74' lang='grc'><strong>448</strong></span> <span class='ocrx_word' id='word_1_725' title='bbox 615 4947 769 5002; x_wconf 90' lang='lat' dir='ltr'><strong>illum</strong></span> <span class='ocrx_word' id='word_1_726' title='bbox 815 4947 1086 5014; x_wconf 83' lang='lat' dir='ltr'><strong>contiteri,</strong></span> <span class='ocrx_word' id='word_1_727' title='bbox 1115 4944 1337 5016; x_wconf 85' lang='lat' dir='ltr'><strong>quando</strong></span> <span class='ocrx_word' id='word_1_728' title='bbox 1367 4955 1422 5001; x_wconf 88' lang='lat' dir='ltr'><strong>et</strong></span> <span class='ocrx_word' id='word_1_729' title='bbox 1453 4945 1651 5002; x_wconf 84' lang='lat' dir='ltr'><strong>divinae</strong></span> <span class='ocrx_word' id='word_1_730' title='bbox 1683 4955 1738 5002; x_wconf 92' lang='lat' dir='ltr'><strong>et</strong></span> <span class='ocrx_word' id='word_1_731' title='bbox 1792 4961 1982 5004; x_wconf 86' lang='lat' dir='ltr'><strong>revera</strong></span> 
     </span>
    </p>
   </div>
   <div class='ocr_carea' id='block_1_98' title="bbox 397 5039 1975 5112">
    <p class='ocr_par' dir='ltr' id='par_1_98' title="bbox 397 5039 1975 5112">
     <span class='ocr_line' id='line_1_98' title="bbox 397 5039 1975 5112; baseline 0 -17"><span class='ocrx_word' id='word_1_732' title='bbox 397 5041 567 5097; x_wconf 90' lang='lat' dir='ltr'><strong>Deum</strong></span> <span class='ocrx_word' id='word_1_733' title='bbox 601 5041 902 5112; x_wconf 63' lang='lat' dir='ltr'><strong>complexae</strong></span> <span class='ocrx_word' id='word_1_734' title='bbox 933 5041 1157 5096; x_wconf 85' lang='lat' dir='ltr'><strong>virtutis</strong></span> <span class='ocrx_word' id='word_1_735' title='bbox 1185 5040 1299 5110; x_wconf 90' lang='lat' dir='ltr'><strong>jam</strong></span> <span class='ocrx_word' id='word_1_736' title='bbox 1351 5040 1511 5109; x_wconf 89' lang='lat' dir='ltr'><strong>plane</strong></span> <span class='ocrx_word' id='word_1_737' title='bbox 1564 5055 1730 5110; x_wconf 90' lang='lat' dir='ltr'><strong>opera</strong></span> <span class='ocrx_word' id='word_1_738' title='bbox 1784 5039 1975 5096; x_wconf 92' lang='lat' dir='ltr'><strong>edidit.</strong></span> 
     </span>
    </p>
   </div>
   <div class='ocr_carea' id='block_1_99' title="bbox 397 5133 1979 5206">
    <p class='ocr_par' dir='ltr' id='par_1_99' title="bbox 397 5133 1979 5206">
     <span class='ocr_line' id='line_1_99' title="bbox 397 5133 1979 5206; baseline 0 -17"><span class='ocrx_word' id='word_1_739' title='bbox 397 5135 456 5190; x_wconf 82' lang='lat' dir='ltr'><strong>Si</strong></span> <span class='ocrx_word' id='word_1_740' title='bbox 481 5136 704 5206; x_wconf 91' lang='lat' dir='ltr'><strong>quidem</strong></span> <span class='ocrx_word' id='word_1_741' title='bbox 733 5135 901 5190; x_wconf 88' lang='lat' dir='ltr'><strong>unius</strong></span> <span class='ocrx_word' id='word_1_742' title='bbox 945 5133 1037 5189; x_wconf 90' lang='lat' dir='ltr'><strong>Dei</strong></span> <span class='ocrx_word' id='word_1_743' title='bbox 1071 5149 1172 5189; x_wconf 89' lang='lat' dir='ltr'><strong>nec</strong></span> <span class='ocrx_word' id='word_1_744' title='bbox 1221 5134 1447 5188; x_wconf 86' lang='lat' dir='ltr'><strong>alterius</strong></span> <span class='ocrx_word' id='word_1_745' title='bbox 1481 5143 1746 5203; x_wconf 61' lang='lat' dir='ltr'><strong>praeterea</strong></span> <span class='ocrx_word' id='word_1_746' title='bbox 1790 5134 1979 5204; x_wconf 89' lang='lat' dir='ltr'><strong>cujus-</strong></span> 
     </span>
    </p>
   </div>
   <div class='ocr_carea' id='block_1_100' title="bbox 397 5238 1980 5313">
    <p class='ocr_par' dir='ltr' id='par_1_100' title="bbox 397 5238 1980 5313">
     <span class='ocr_line' id='line_1_100' title="bbox 397 5238 1980 5313; baseline 0.003 -19"><span class='ocrx_word' id='word_1_747' title='bbox 397 5242 540 5313; x_wconf 91' lang='lat' dir='ltr'><strong>piam</strong></span> <span class='ocrx_word' id='word_1_748' title='bbox 589 5257 790 5296; x_wconf 90' lang='lat' dir='ltr'><strong>munus</strong></span> <span class='ocrx_word' id='word_1_749' title='bbox 836 5240 1031 5305; x_wconf 80' lang='lat' dir='ltr'><strong>fuerit,</strong></span> <span class='ocrx_word' id='word_1_750' title='bbox 1073 5238 1434 5295; x_wconf 89' lang='lat' dir='ltr'><strong>corroborare</strong></span> <span class='ocrx_word' id='word_1_751' title='bbox 1485 5239 1808 5306; x_wconf 88' lang='lat' dir='ltr'><strong>dissolutos,</strong></span> <span class='ocrx_word' id='word_1_752' title='bbox 1857 5243 1980 5298; x_wconf 73' lang='lat' dir='ltr'><strong>vita:</strong></span> 
     </span>
    </p>
   </div>
   <div class='ocr_carea' id='block_1_101' title="bbox 395 5335 1976 5406">
    <p class='ocr_par' dir='ltr' id='par_1_101' title="bbox 395 5335 1976 5406">
     <span class='ocr_line' id='line_1_101' title="bbox 395 5335 1976 5406; baseline 0.001 -17"><span class='ocrx_word' id='word_1_753' title='bbox 395 5336 625 5392; x_wconf 87' lang='lat' dir='ltr'><strong>reddere</strong></span> <span class='ocrx_word' id='word_1_754' title='bbox 680 5342 951 5401; x_wconf 86' lang='lat' dir='ltr'><strong>mortuos,</strong></span> <span class='ocrx_word' id='word_1_755' title='bbox 1014 5335 1256 5405; x_wconf 64' lang='lat' dir='ltr'><strong>praebere</strong></span> <span class='ocrx_word' id='word_1_756' title='bbox 1295 5338 1527 5392; x_wconf 88' lang='lat' dir='ltr'><strong>salutem</strong></span> <span class='ocrx_word' id='word_1_757' title='bbox 1557 5336 1976 5406; x_wconf 69' lang='lat' dir='ltr'><strong>aegrotantibus,</strong></span> 
     </span>
    </p>
   </div>
   <div class='ocr_carea' id='block_1_102' title="bbox 391 5443 1974 5515">
    <p class='ocr_par' dir='ltr' id='par_1_102' title="bbox 391 5443 1974 5515">
     <span class='ocr_line' id='line_1_102' title="bbox 391 5443 1974 5515; baseline 0.001 -17"><span class='ocrx_word' id='word_1_758' title='bbox 391 5458 664 5498; x_wconf 64' lang='lat' dir='ltr'><strong>caecorum</strong></span> <span class='ocrx_word' id='word_1_759' title='bbox 717 5444 932 5514; x_wconf 90' lang='lat' dir='ltr'><strong>aperire</strong></span> <span class='ocrx_word' id='word_1_760' title='bbox 987 5443 1199 5508; x_wconf 86' lang='lat' dir='ltr'><strong>oculos,</strong></span> <span class='ocrx_word' id='word_1_761' title='bbox 1259 5458 1531 5515; x_wconf 88' lang='lat' dir='ltr'><strong>auresque</strong></span> <span class='ocrx_word' id='word_1_762' title='bbox 1579 5443 1712 5499; x_wconf 89' lang='lat' dir='ltr'><strong>item</strong></span> <span class='ocrx_word' id='word_1_763' title='bbox 1777 5459 1974 5499; x_wconf 86' lang='lat' dir='ltr'><strong>sanare</strong></span> 
     </span>
    </p>
   </div>
   <div class='ocr_carea' id='block_1_103' title="bbox 393 5551 1973 5625">
    <p class='ocr_par' dir='ltr' id='par_1_103' title="bbox 393 5551 1973 5625">
     <span class='ocr_line' id='line_1_103' title="bbox 393 5551 1973 5625; baseline 0 -15"><span class='ocrx_word' id='word_1_764' title='bbox 393 5551 708 5616; x_wconf 76' lang='lat' dir='ltr'><strong>Surdorum,</strong></span> <span class='ocrx_word' id='word_1_765' title='bbox 733 5560 788 5608; x_wconf 91' lang='lat' dir='ltr'><strong>et</strong></span> <span class='ocrx_word' id='word_1_766' title='bbox 817 5551 1028 5623; x_wconf 84' lang='lat' dir='ltr'><strong>erigere</strong></span> <span class='ocrx_word' id='word_1_767' title='bbox 1048 5553 1297 5616; x_wconf 84' lang='lat' dir='ltr'><strong>claudos,</strong></span> <span class='ocrx_word' id='word_1_768' title='bbox 1320 5561 1375 5610; x_wconf 89' lang='lat' dir='ltr'><strong>et</strong></span> <span class='ocrx_word' id='word_1_769' title='bbox 1395 5555 1635 5625; x_wconf 85' lang='lat' dir='ltr'><strong>linguam</strong></span> <span class='ocrx_word' id='word_1_770' title='bbox 1656 5554 1973 5624; x_wconf 86' lang='lat' dir='ltr'><strong>impeditam</strong></span> 
     </span>
    </p>
   </div>
   <div class='ocr_carea' id='block_1_104' title="bbox 498 5735 1071 5824">
    <p class='ocr_par' dir='ltr' id='par_1_104' title="bbox 498 5735 1071 5824">
     <span class='ocr_line' id='line_1_104' title="bbox 498 5735 1071 5824; baseline 0.007 -35"><span class='ocrx_word' id='word_1_771' title='bbox 498 5735 545 5768; x_wconf 69' lang='lat'>&quot;</span> <span class='ocrx_word' id='word_1_772' title='bbox 585 5735 777 5824; x_wconf 51' lang='grc' dir='ltr'><strong>θερμὴ.</strong></span> <span class='ocrx_word' id='word_1_773' title='bbox 812 5754 945 5805; x_wconf 83' lang='lat' dir='ltr'><strong>vm,</strong></span> <span class='ocrx_word' id='word_1_774' title='bbox 980 5739 1071 5793; x_wconf 72' lang='grc'><strong>27.</strong></span> 
     </span>
    </p>
   </div>
   <div class='ocr_carea' id='block_1_105' title="bbox 392 5822 726 5874">
    <p class='ocr_par' dir='ltr' id='par_1_105' title="bbox 392 5822 726 5874">
     <span class='ocr_line' id='line_1_105' title="bbox 392 5822 726 5874; baseline -0.006 -10"><span class='ocrx_word' id='word_1_775' title='bbox 392 5822 538 5864; x_wconf 73' lang='lat' dir='ltr'><strong>xxxv</strong></span> <span class='ocrx_word' id='word_1_776' title='bbox 561 5847 574 5874; x_wconf 95' lang='lat'><strong>,</strong></span> <span class='ocrx_word' id='word_1_777' title='bbox 610 5822 726 5862; x_wconf 62' lang='grc' dir='ltr'>σοι).</span> 
     </span>
    </p>
   </div>
   <div class='ocr_carea' id='block_1_106' title="bbox 1187 5736 1886 5808">
    <p class='ocr_par' dir='ltr' id='par_1_106' title="bbox 1187 5736 1886 5808">
     <span class='ocr_line' id='line_1_106' title="bbox 1187 5736 1886 5808; baseline -0.001 -15"><span class='ocrx_word' id='word_1_778' title='bbox 1187 5740 1233 5772; x_wconf 80' lang='grc'>⁸³</span> <span class='ocrx_word' id='word_1_779' title='bbox 1271 5736 1418 5794; x_wconf 80' lang='lat' dir='ltr'><strong>Psal.</strong></span> <span class='ocrx_word' id='word_1_780' title='bbox 1456 5755 1662 5805; x_wconf 77' lang='grc' dir='ltr'>ιιιιιιι,</span> <span class='ocrx_word' id='word_1_781' title='bbox 1702 5739 1886 5808; x_wconf 72' lang='grc'><strong>15,14.</strong></span> 
     </span>
    </p>
   </div>
   <div class='ocr_carea' id='block_1_107' title="bbox 1997 5740 2559 5809">
    <p class='ocr_par' dir='ltr' id='par_1_107' title="bbox 1997 5740 2559 5809">
     <span class='ocr_line' id='line_1_107' title="bbox 1997 5740 2559 5809; baseline -0.002 -11"><span class='ocrx_word' id='word_1_782' title='bbox 1997 5740 2043 5775; x_wconf 77' lang='grc'><strong>⁸⁸</strong></span> <span class='ocrx_word' id='word_1_783' title='bbox 2079 5741 2222 5800; x_wconf 85' lang='lat' dir='ltr'><strong>Psal.</strong></span> <span class='ocrx_word' id='word_1_784' title='bbox 2255 5757 2427 5798; x_wconf 82' lang='lat' dir='ltr'><strong>vam</strong></span> <span class='ocrx_word' id='word_1_785' title='bbox 2454 5782 2468 5809; x_wconf 91' lang='lat'><strong>,</strong></span> <span class='ocrx_word' id='word_1_786' title='bbox 2505 5743 2559 5797; x_wconf 77' lang='lat'><strong>3.</strong></span> 
     </span>
    </p>
   </div>
   <div class='ocr_carea' id='block_1_108' title="bbox 2088 4633 3672 4710">
    <p class='ocr_par' dir='ltr' id='par_1_108' title="bbox 2088 4633 3672 4710">
     <span class='ocr_line' id='line_1_108' title="bbox 2088 4633 3672 4710; baseline 0.005 -26"><span class='ocrx_word' id='word_1_787' title='bbox 2088 4635 2210 4695; x_wconf 83' lang='grc' dir='ltr'>ταῖς</span> <span class='ocrx_word' id='word_1_788' title='bbox 2239 4633 2367 4704; x_wconf 77' lang='grc' dir='ltr'>περὶ</span> <span class='ocrx_word' id='word_1_789' title='bbox 2399 4634 2498 4703; x_wconf 79' lang='grc' dir='ltr'><strong>τῆς</strong></span> <span class='ocrx_word' id='word_1_790' title='bbox 2532 4635 2780 4705; x_wconf 86' lang='grc' dir='ltr'>θεότητος</span> <span class='ocrx_word' id='word_1_791' title='bbox 2813 4635 2975 4690; x_wconf 81' lang='grc' dir='ltr'>αὐτοῦ</span> <span class='ocrx_word' id='word_1_792' title='bbox 3028 4635 3355 4710; x_wconf 83' lang='grc' dir='ltr'>μαρτυρίαις</span> <span class='ocrx_word' id='word_1_793' title='bbox 3400 4637 3672 4692; x_wconf 86' lang='grc' dir='ltr'>ἀποδέδει-</span> 
     </span>
    </p>
   </div>
   <div class='ocr_carea' id='block_1_109' title="bbox 2092 4723 3672 4796">
    <p class='ocr_par' dir='ltr' id='par_1_109' title="bbox 2092 4723 3672 4796">
     <span class='ocr_line' id='line_1_109' title="bbox 2092 4723 3672 4796; baseline 0.005 -21"><span class='ocrx_word' id='word_1_794' title='bbox 2092 4739 2236 4776; x_wconf 87' lang='grc' dir='ltr'>κται.</span> <span class='ocrx_word' id='word_1_795' title='bbox 2266 4723 2394 4775; x_wconf 74' lang='grc' dir='ltr'><strong>Καὶ⁹</strong></span> <span class='ocrx_word' id='word_1_796' title='bbox 2415 4723 2620 4795; x_wconf 72' lang='grc' dir='ltr'>ἐπρεπέ</span> <span class='ocrx_word' id='word_1_797' title='bbox 2653 4742 2716 4794; x_wconf 90' lang='grc' dir='ltr'><strong>γε</strong></span> <span class='ocrx_word' id='word_1_798' title='bbox 2752 4725 2848 4779; x_wconf 79' lang='grc' dir='ltr'><strong>νῦν</strong></span> <span class='ocrx_word' id='word_1_799' title='bbox 2883 4727 3034 4796; x_wconf 80' lang='grc' dir='ltr'>γοῦν,</span> <span class='ocrx_word' id='word_1_800' title='bbox 3072 4729 3120 4780; x_wconf 79' lang='grc' dir='ltr'><strong>εί</strong></span> <span class='ocrx_word' id='word_1_801' title='bbox 3151 4728 3242 4782; x_wconf 81' lang='grc' dir='ltr'>καὶ</span> <span class='ocrx_word' id='word_1_802' title='bbox 3285 4727 3492 4791; x_wconf 85' lang='grc' dir='ltr'>ἄλλοτε,</span> <span class='ocrx_word' id='word_1_803' title='bbox 3539 4727 3672 4783; x_wconf 86' lang='grc' dir='ltr'>Θεὸν</span> 
     </span>
    </p>
   </div>
   <div class='ocr_carea' id='block_1_110' title="bbox 2089 4814 3671 4894">
    <p class='ocr_par' dir='ltr' id='par_1_110' title="bbox 2089 4814 3671 4894">
     <span class='ocr_line' id='line_1_110' title="bbox 2089 4814 3671 4894; baseline 0.003 -26"><span class='ocrx_word' id='word_1_804' title='bbox 2089 4814 2251 4868; x_wconf 81' lang='grc' dir='ltr'>αὐτὸν</span> <span class='ocrx_word' id='word_1_805' title='bbox 2303 4815 2713 4885; x_wconf 82' lang='grc' dir='ltr'>ὁμολογεῖσθαι,</span> <span class='ocrx_word' id='word_1_806' title='bbox 2777 4820 2858 4872; x_wconf 77' lang='grc' dir='ltr'>ὅτι</span> <span class='ocrx_word' id='word_1_807' title='bbox 2918 4821 3009 4874; x_wconf 79' lang='grc' dir='ltr'>καὶ</span> <span class='ocrx_word' id='word_1_808' title='bbox 3066 4821 3201 4894; x_wconf 81' lang='grc' dir='ltr'>ἔργα</span> <span class='ocrx_word' id='word_1_809' title='bbox 3253 4819 3403 4884; x_wconf 85' lang='grc' dir='ltr'>θείας</span> <span class='ocrx_word' id='word_1_810' title='bbox 3443 4821 3538 4874; x_wconf 72' lang='grc' dir='ltr'>καὶ</span> <span class='ocrx_word' id='word_1_811' title='bbox 3595 4820 3671 4885; x_wconf 84' lang='grc' dir='ltr'>ὡς</span> 
     </span>
    </p>
   </div>
   <div class='ocr_carea' id='block_1_111' title="bbox 2089 4906 3671 4986">
    <p class='ocr_par' dir='ltr' id='par_1_111' title="bbox 2089 4906 3671 4986">
     <span class='ocr_line' id='line_1_111' title="bbox 2089 4906 3671 4986; baseline 0.003 -24"><span class='ocrx_word' id='word_1_812' title='bbox 2089 4906 2305 4978; x_wconf 83' lang='grc' dir='ltr'>ἀληθῶς</span> <span class='ocrx_word' id='word_1_813' title='bbox 2357 4908 2540 4962; x_wconf 77' lang='grc' dir='ltr'>ἐνθέου</span> <span class='ocrx_word' id='word_1_814' title='bbox 2611 4911 2892 4982; x_wconf 86' lang='grc' dir='ltr'>δυνάμεως</span> <span class='ocrx_word' id='word_1_815' title='bbox 2951 4912 3313 4966; x_wconf 78' lang='grc' dir='ltr'>ἐπεδείκνυτο.</span> <span class='ocrx_word' id='word_1_816' title='bbox 3368 4911 3504 4966; x_wconf 84' lang='grc' dir='ltr'>Θεοῦ</span> <span class='ocrx_word' id='word_1_817' title='bbox 3562 4913 3671 4986; x_wconf 89' lang='grc' dir='ltr'><strong>γάρ</strong></span> 
     </span>
    </p>
   </div>
   <div class='ocr_carea' id='block_1_112' title="bbox 2091 4997 3673 5078">
    <p class='ocr_par' dir='ltr' id='par_1_112' title="bbox 2091 4997 3673 5078">
     <span class='ocr_line' id='line_1_112' title="bbox 2091 4997 3673 5078; baseline 0.004 -26"><span class='ocrx_word' id='word_1_818' title='bbox 2091 5000 2253 5072; x_wconf 78' lang='grc' dir='ltr'>μόνου</span> <span class='ocrx_word' id='word_1_819' title='bbox 2299 4997 2369 5072; x_wconf 79' lang='grc' dir='ltr'>ἦν</span> <span class='ocrx_word' id='word_1_820' title='bbox 2416 5003 2506 5055; x_wconf 73' lang='grc' dir='ltr'>καὶ</span> <span class='ocrx_word' id='word_1_821' title='bbox 2547 5005 2666 5057; x_wconf 75' lang='grc' dir='ltr'>οὐδὲ</span> <span class='ocrx_word' id='word_1_822' title='bbox 2711 5004 2871 5060; x_wconf 81' lang='grc' dir='ltr'>ἄλλου</span> <span class='ocrx_word' id='word_1_823' title='bbox 2929 5005 3190 5078; x_wconf 78' lang='grc' dir='ltr'>ρωννύναι</span> <span class='ocrx_word' id='word_1_824' title='bbox 3248 5005 3346 5076; x_wconf 82' lang='grc' dir='ltr'><strong>μὲν</strong></span> <span class='ocrx_word' id='word_1_825' title='bbox 3405 5005 3673 5077; x_wconf 84' lang='grc' dir='ltr'>παρειμέ-</span> 
     </span>
    </p>
   </div>
   <div class='ocr_carea' id='block_1_113' title="bbox 2086 5093 3670 5170">
    <p class='ocr_par' dir='ltr' id='par_1_113' title="bbox 2086 5093 3670 5170">
     <span class='ocr_line' id='line_1_113' title="bbox 2086 5093 3670 5170; baseline 0.004 -25"><span class='ocrx_word' id='word_1_826' title='bbox 2086 5110 2229 5157; x_wconf 81' lang='grc' dir='ltr'>νους,</span> <span class='ocrx_word' id='word_1_827' title='bbox 2258 5093 2540 5162; x_wconf 79' lang='grc' dir='ltr'>ζωογονεῖν</span> <span class='ocrx_word' id='word_1_828' title='bbox 2586 5095 2644 5149; x_wconf 84' lang='grc' dir='ltr'>δὲ</span> <span class='ocrx_word' id='word_1_829' title='bbox 2685 5099 2928 5169; x_wconf 75' lang='grc' dir='ltr'>νεκροὺς,</span> <span class='ocrx_word' id='word_1_830' title='bbox 2968 5098 3240 5170; x_wconf 82' lang='grc' dir='ltr'>σωτηρίαν</span> <span class='ocrx_word' id='word_1_831' title='bbox 3283 5115 3342 5150; x_wconf 89' lang='grc' dir='ltr'><strong>τε</strong></span> <span class='ocrx_word' id='word_1_832' title='bbox 3388 5099 3670 5152; x_wconf 79' lang='grc' dir='ltr'>ἀσθενοῦσι</span> 
     </span>
    </p>
   </div>
   <div class='ocr_carea' id='block_1_114' title="bbox 2088 5186 3670 5261">
    <p class='ocr_par' dir='ltr' id='par_1_114' title="bbox 2088 5186 3670 5261">
     <span class='ocr_line' id='line_1_114' title="bbox 2088 5186 3670 5261; baseline 0.003 -23"><span class='ocrx_word' id='word_1_833' title='bbox 2088 5186 2368 5258; x_wconf 77' lang='grc' dir='ltr'>παρέχειν,</span> <span class='ocrx_word' id='word_1_834' title='bbox 2394 5187 2628 5256; x_wconf 79' lang='grc' dir='ltr'>ἀνοίγειν</span> <span class='ocrx_word' id='word_1_835' title='bbox 2655 5207 2715 5243; x_wconf 87' lang='grc' dir='ltr'><strong>τε</strong></span> <span class='ocrx_word' id='word_1_836' title='bbox 2739 5190 3049 5261; x_wconf 76' lang='grc' dir='ltr'>ὀφθαλμοὺς</span> <span class='ocrx_word' id='word_1_837' title='bbox 3077 5190 3314 5260; x_wconf 70' lang='grc' dir='ltr'>τυφλῶν,</span> <span class='ocrx_word' id='word_1_838' title='bbox 3342 5190 3437 5243; x_wconf 76' lang='grc' dir='ltr'>καὶ</span> <span class='ocrx_word' id='word_1_839' title='bbox 3470 5190 3670 5260; x_wconf 79' lang='grc' dir='ltr'>κωφῶν</span> 
     </span>
    </p>
   </div>
   <div class='ocr_carea' id='block_1_115' title="bbox 2085 5280 3670 5356">
    <p class='ocr_par' dir='ltr' id='par_1_115' title="bbox 2085 5280 3670 5356">
     <span class='ocr_line' id='line_1_115' title="bbox 2085 5280 3670 5356; baseline 0.003 -24"><span class='ocrx_word' id='word_1_840' title='bbox 2085 5280 2347 5343; x_wconf 84' lang='grc' dir='ltr'>ὡσαύτως</span> <span class='ocrx_word' id='word_1_841' title='bbox 2395 5281 2564 5344; x_wconf 77' lang='grc' dir='ltr'>ἀκοὰς</span> <span class='ocrx_word' id='word_1_842' title='bbox 2622 5283 2831 5345; x_wconf 80' lang='grc' dir='ltr'>ἰᾶσθαι,</span> <span class='ocrx_word' id='word_1_843' title='bbox 2879 5284 3085 5354; x_wconf 86' lang='grc' dir='ltr'>χωλούς</span> <span class='ocrx_word' id='word_1_844' title='bbox 3139 5302 3198 5338; x_wconf 84' lang='grc' dir='ltr'><strong>τε</strong></span> <span class='ocrx_word' id='word_1_845' title='bbox 3241 5284 3522 5356; x_wconf 80' lang='grc' dir='ltr'>ἀνορθοῦν,</span> <span class='ocrx_word' id='word_1_846' title='bbox 3577 5284 3670 5336; x_wconf 71' lang='grc' dir='ltr'>καὶ</span> 
     </span>
    </p>
   </div>
   <div class='ocr_carea' id='block_1_116' title="bbox 2084 5373 3666 5447">
    <p class='ocr_par' dir='ltr' id='par_1_116' title="bbox 2084 5373 3666 5447">
     <span class='ocr_line' id='line_1_116' title="bbox 2084 5373 3666 5447; baseline 0.002 -22"><span class='ocrx_word' id='word_1_847' title='bbox 2084 5374 2212 5436; x_wconf 80' lang='grc' dir='ltr'>τοὺς</span> <span class='ocrx_word' id='word_1_848' title='bbox 2235 5375 2332 5444; x_wconf 84' lang='grc' dir='ltr'>τὴν</span> <span class='ocrx_word' id='word_1_849' title='bbox 2360 5373 2603 5442; x_wconf 77' lang='grc' dir='ltr'>γλῶτταν</span> <span class='ocrx_word' id='word_1_850' title='bbox 2632 5376 2945 5445; x_wconf 81' lang='grc' dir='ltr'>δεδεμένους</span> <span class='ocrx_word' id='word_1_851' title='bbox 2977 5377 3232 5440; x_wconf 85' lang='grc' dir='ltr'>εὺλάλους</span> <span class='ocrx_word' id='word_1_852' title='bbox 3262 5377 3632 5447; x_wconf 85' lang='grc' dir='ltr'>ἀποκαθιστᾷν</span> <span class='ocrx_word' id='word_1_853' title='bbox 3650 5391 3666 5406; x_wconf 87' lang='grc'><strong>·</strong></span> 
     </span>
    </p>
   </div>
   <div class='ocr_carea' id='block_1_117' title="bbox 2083 5467 3669 5541">
    <p class='ocr_par' dir='ltr' id='par_1_117' title="bbox 2083 5467 3669 5541">
     <span class='ocr_line' id='line_1_117' title="bbox 2083 5467 3669 5541; baseline 0 -21"><span class='ocrx_word' id='word_1_854' title='bbox 2083 5467 2226 5538; x_wconf 85' lang='grc' dir='ltr'>ἆπερ</span> <span class='ocrx_word' id='word_1_855' title='bbox 2261 5467 2473 5520; x_wconf 77' lang='grc' dir='ltr'>ἅπαντα</span> <span class='ocrx_word' id='word_1_856' title='bbox 2503 5468 2607 5521; x_wconf 83' lang='grc' dir='ltr'>ὑπὸ</span> <span class='ocrx_word' id='word_1_857' title='bbox 2641 5469 2733 5521; x_wconf 79' lang='grc' dir='ltr'>τοῦ</span> <span class='ocrx_word' id='word_1_858' title='bbox 2761 5470 3014 5541; x_wconf 81' lang='grc' dir='ltr'>Σωτῆρος</span> <span class='ocrx_word' id='word_1_859' title='bbox 3045 5469 3201 5540; x_wconf 79' lang='grc' dir='ltr'>ἡμῶν</span> <span class='ocrx_word' id='word_1_860' title='bbox 3223 5468 3399 5541; x_wconf 80' lang='grc' dir='ltr'>Ἰησοῦ</span> <span class='ocrx_word' id='word_1_861' title='bbox 3431 5467 3669 5539; x_wconf 77' lang='grc' dir='ltr'>Χριστοῦ</span> 
     </span>
    </p>
   </div>
   <div class='ocr_carea' id='block_1_118' title="bbox 2083 5553 3670 5632">
    <p class='ocr_par' dir='ltr' id='par_1_118' title="bbox 2083 5553 3670 5632">
     <span class='ocr_line' id='line_1_118' title="bbox 2083 5553 3670 5632; baseline 0 -21"><span class='ocrx_word' id='word_1_862' title='bbox 2083 5556 2415 5628; x_wconf 83' lang='grc' dir='ltr'>πέπρακται,</span> <span class='ocrx_word' id='word_1_863' title='bbox 2444 5553 2531 5612; x_wconf 77' lang='grc' dir='ltr'>οἷα</span> <span class='ocrx_word' id='word_1_864' title='bbox 2561 5559 2668 5614; x_wconf 79' lang='grc' dir='ltr'>ὑπὸ</span> <span class='ocrx_word' id='word_1_865' title='bbox 2691 5560 2849 5623; x_wconf 76' lang='grc' dir='ltr'>Θεοῦ,</span> <span class='ocrx_word' id='word_1_866' title='bbox 2876 5561 2971 5616; x_wconf 61' lang='grc' dir='ltr'><strong>κοιλΙ</strong></span> <span class='ocrx_word' id='word_1_867' title='bbox 3018 5560 3437 5632; x_wconf 82' lang='grc' dir='ltr'>μεμαρτύρηται</span> <span class='ocrx_word' id='word_1_868' title='bbox 3471 5575 3533 5628; x_wconf 91' lang='grc' dir='ltr'><strong>γε</strong></span> <span class='ocrx_word' id='word_1_869' title='bbox 3563 5557 3670 5611; x_wconf 84' lang='grc' dir='ltr'>ὑπὸ</span> 
     </span>
    </p>
   </div>
   <div class='ocr_carea' id='block_1_119' title="bbox 2668 5737 3665 5805">
    <p class='ocr_par' dir='ltr' id='par_1_119' title="bbox 2668 5737 3665 5805">
     <span class='ocr_line' id='line_1_119' title="bbox 2668 5737 3665 5805; baseline -0.006 -7"><span class='ocrx_word' id='word_1_870' title='bbox 2668 5743 2711 5776; x_wconf 77' lang='grc'><strong>⁸⁷</strong></span> <span class='ocrx_word' id='word_1_871' title='bbox 2751 5741 2856 5798; x_wconf 80' lang='lat' dir='ltr'><strong>Job</strong></span> <span class='ocrx_word' id='word_1_872' title='bbox 2887 5757 3130 5805; x_wconf 61' lang='grc' dir='ltr'>χχιι-ιιι,</span> <span class='ocrx_word' id='word_1_873' title='bbox 3170 5740 3359 5797; x_wconf 77' lang='grc'><strong>16-17.</strong></span> <span class='ocrx_word' id='word_1_874' title='bbox 3473 5739 3520 5772; x_wconf 83' lang='grc'><strong>⁸⁸</strong></span> <span class='ocrx_word' id='word_1_875' title='bbox 3559 5737 3665 5795; x_wconf 71' lang='lat' dir='ltr'><strong>lsa.</strong></span> 
     </span>
    </p>
   </div>
  </div>
