4098 6418
329 379 434 434 607

1230 378 1887 437 DEMONSTRATIONlS
1929 380 2386 438 EVANGELICzE
2421 381 2551 437 LIB.
2582 379 2673 437 IX.

3486 383 3590 440 698

327 495 585 550 πλειόνων
613 497 722 552 τῶν
756 498 879 552 καθ’
917 499 1044 567 ὅλης
1065 498 1164 568 τῆς
1201 498 1525 569 οἰκουμένης
1555 499 1883 570 κηρυξάντωε

2008 500 2336 557 habentibus
2393 501 2702 555 facultatem
2752 499 3009 570 loquendi
3063 501 3354 556 restituere
3385 543 3400 567 ,
3457 519 3579 572 quae

328 585 518 639 αὑτόν·
555 581 630 640 ὢν
667 589 729 642 τὸ
770 589 1043 643 ἄπλαστον
1079 591 1172 642 καὶ
1215 589 1414 661 ἀληθὲς
1461 591 1562 661 τῆς
1609 591 1912 663 μαρτυρίας

328 677 616 731 πιστοῦται
650 681 683 750 ἠ
715 680 804 732 διὰ
832 680 1080 751 βασάνων
1113 683 1299 752 πεῖρα,
1335 682 1429 734 καὶ
1474 683 1507 752 ἡ
1548 682 1707 752 μέχρι
1749 683 1912 736 θανά-

327 784 419 820 του
452 767 717 834 ἔνστασις,
750 772 818 844 ἣν
844 774 934 825 ἐπὶ
964 772 1245 842 βασιλέων,
1273 774 1546 845 ἀρχόντων
1571 791 1628 826 τε
1663 774 1756 827 καὶ
1781 777 1911 845 ήγε-

330 861 528 930 μόνων,
561 865 652 917 καὶ
687 863 825 916 ὅλων
862 863 1028 917 ἐθνῶν
1077 864 1429 930 ἐνεδείξαντο,
1462 867 1575 927 τοῖς
1607 865 1698 919 ὑπ’
1731 865 1908 919 αὑτῶν

327 955 746 1025 κηρυττομένοις
774 955 1032 1026 ἀλήθειαν
1075 957 1635 1028 ἐπιμαρτυρήσαντες.
1687 956 1908 1020 Τούτοις

321 1044 379 1098 δέ
412 1047 593 1110 αὐτοῖς
625 1047 861 1119 ἡγοῦμαι
886 1052 997 1112 τοῖς
1027 1049 1437 1117 εὑαγγελισταῖς
1460 1048 1624 1102 αὑτοῦ
1652 1051 1745 1102 καὶ
1773 1049 1908 1102 ἀπο-

325 1135 528 1199 στόλοις
558 1137 849 1204 ἐπιφωνείν
884 1138 945 1190 τὸ
985 1138 1200 1208 πνεῦμα
1236 1139 1297 1192 τὸ
1332 1138 1667 1210 προφητικὸν
1696 1138 1764 1191 τά
1797 1138 1904 1192 ἀπὸ

320 1226 436 1293 τοῦ,
469 1245 487 1277 α
531 1228 824 1298 ’ἰσχύσατε,
857 1232 1038 1301 χεῖρες
1071 1230 1369 1301 ἀνειμέναι,
1397 1231 1491 1283 καὶ
1511 1230 1710 1298 γόνατα
1734 1245 1906 1300 παρα-

321 1316 605 1388 λελυμένα.
650 1338 668 1370 ι
721 1311 874 1372 Ἐπεὶ
907 1321 1016 1392 γάρ
1045 1321 1146 1384 τὰς
1178 1325 1366 1393 χεῖρας
1403 1323 1495 1374 καὶ
1535 1321 1634 1384 τὰς
1665 1338 1898 1391 πρακτι-

319 1406 423 1471 κὰς
453 1408 710 1479 δυνάμεις
739 1403 902 1474 οὗτοι,
943 1411 1042 1474 τάς
1073 1429 1132 1464 τε
1181 1411 1366 1482 βάσεις
1404 1413 1499 1465 καὶ
1535 1413 1634 1483 τὴν
1679 1411 1900 1484 πορείαν

313 1498 425 1555 ἀπὸ
473 1501 574 1573 τῆς
626 1503 843 1574 μακρᾶς
889 1504 1134 1576 περιόδου
1166 1505 1266 1576 τῆς
1312 1503 1453 1559 κατὰ
1487 1504 1578 1558 τὸν
1625 1506 1902 1568 Μωῡσέως

313 1587 476 1656 νόμον
501 1587 756 1660 λατρείας
788 1591 1146 1663 παρείθησαν,
1169 1593 1451 1664 διεγείρων
1473 1595 1669 1657 αὑτοὺς
1687 1594 1780 1646 ἐπὶ
1799 1595 1898 1666 τὴν

315 1676 454 1730 κατά
485 1675 548 1730 τὸ
576 1677 907 1746 Εὑαγγέλιον
964 1681 1275 1736 πολιτείαν·
1319 1701 1337 1734 ι
1382 1682 1678 1753 Ἰσχύσατε,
1741 1684 1894 1754 φησί,

312 1772 494 1841 χεῖρες
548 1771 856 1841 άνειμέναι,
925 1773 1020 1827 καὶ
1050 1772 1248 1842 γόνατα
1283 1774 1722 1846 παραλελυμένα,
1766 1796 1784 1828 ι
1817 1777 1898 1840 είς

2011 591 2194 645 omnia
2229 589 2481 644 Salvator
2515 605 2579 644 ac
2612 589 2873 644 Dominus
2918 597 3105 644 noster
3145 587 3304 644 Jesus
3332 590 3585 646 Christus

2011 680 2410 735 admirabiliter
2441 680 2715 750 praestitit,
2757 688 3018 750 tanquam
3068 681 3116 734 is
3169 681 3262 750 qui
3318 696 3479 734 verus
3511 682 3585 735 sit

2011 769 2178 835 Deus,
2210 780 2264 827 et
2303 773 2418 827 liazc
2461 772 2644 826 omnia
2686 771 2980 824 multorum
3022 772 3353 837 testimonio,
3387 773 3478 842 qui
3511 773 3582 825 il-

2007 863 2122 916 lum
2159 863 2214 917 in
2252 871 2366 918 toto
2399 865 2533 919 orbe
2569 865 2950 933 pmdiearnnt,
2995 863 3154 917 ﬁdem
3207 875 3578 934 acceperunt:

2007 971 2238 1026 quorum
2271 956 2568 1010 testimonii
2590 965 2644 1010 et
2670 957 3072 1024 simplicitatem
3100 963 3154 1009 et
3182 958 3460 1011 veritatem
3485 971 3583 1012 ex-

2007 1049 2241 1118 ploratio
2273 1062 2372 1116 per
2409 1055 2680 1101 tormenta
2713 1046 3019 1108 conﬁrmat,
3049 1055 3104 1100 et
3128 1062 3300 1116 usque
3332 1049 3396 1102 ad
3432 1063 3580 1102 mor-

2005 1150 2114 1196 tem
2147 1138 2394 1196 certandi
2430 1137 2856 1207 perseverantia,
2888 1152 3050 1204 quam
3101 1139 3154 1192 in
3196 1147 3490 1208 conspectu
3523 1145 3580 1194 et

2005 1248 2216 1304 regum,
2245 1239 2300 1286 et
2345 1229 2676 1299 principum,
2699 1235 2752 1282 et
2783 1227 3071 1296 praesidum
3121 1238 3174 1283 et
3200 1229 3574 1283 universarum

2003 1323 2247 1395 gentium
2308 1321 2699 1391 praastiternnt,
2737 1321 2866 1374 dum
2911 1335 3119 1383 eorum,
3153 1335 3272 1389 quae
3326 1321 3393 1375 ab
3439 1321 3573 1390 ipsis

2004 1411 2462 1484 praedicabantur,
2514 1411 2732 1465 veritati
2785 1411 2940 1464 ﬁdem
2985 1411 3065 1465 sic
3123 1409 3347 1466 faciunt.
3403 1411 3572 1466 Porro

2001 1513 2182 1559 autem
2203 1502 2268 1558 ad
2297 1503 2398 1557 hos
2424 1503 2573 1573 ipsos
2592 1511 2644 1556 et
2668 1503 3032 1572 evangelistas
3054 1501 3173 1569 ejus
3195 1510 3248 1556 et
3274 1503 3568 1571 apostolos,

2001 1596 2254 1667 spiritum
2289 1594 2529 1648 arbitror
2564 1593 2859 1647 inclamare
2911 1592 3311 1663 propheticum,
3359 1607 3420 1646 ea
3451 1608 3573 1663 quae

1999 1690 2256 1757 deinceps
2286 1693 2612 1756 sequuntur,
2647 1685 2716 1739 ab
2765 1685 2857 1738 illo
2897 1685 3017 1738 loco
3049 1703 3062 1738 :
3099 1702 3117 1734 ‹
3169 1683 3566 1747 Convalescite,

1999 1795 2194 1835 manus
2217 1779 2480 1836 remissas.
2496 1785 2548 1832 et
2577 1791 2749 1837 genua
2772 1777 3056 1830 dissoluta.
3098 1795 3116 1827 ι
3147 1775 3281 1829 Nam
3312 1777 3568 1846 quoniam

311 1861 626 1931 ἐτοιμασίαν
659 1861 857 1934 δηλαδὴ
889 1861 984 1916 τοῦ
1027 1863 1168 1917 κατὰ
1207 1865 1268 1918 τὸ
1315 1864 1644 1934 Εὑαγγὲλιον
1669 1866 1883 1937 δρόμου.

1997 1869 2049 1924 hi
2079 1878 2134 1924 et
2163 1867 2438 1930 manibus,
2469 1878 2523 1922 et
2547 1867 2754 1921 viribus
2790 1880 2909 1934 qua:
2963 1867 3029 1920 ad
3085 1867 3348 1936 agendum
3405 1869 3572 1938 perti-

320 1949 597 2022 Ἰσχύσατε
640 1952 697 2006 δέ
739 1955 831 2008 καὶ
877 1956 958 2018 εἰς
1006 1955 1068 2008 τὸ
1115 1957 1454 2027 παρακαλεῖν
1497 1957 1748 2028 ἐτέρους,
1797 1957 1894 2011 καὶ

310 2045 598 2116 παρορμᾷν
629 2044 844 2116 ἔχεσθαι
874 2048 974 2119 τῆς
1003 2047 1361 2120 εὑαγγελικῆς
1408 2049 1700 2120 σωτηρίας,
1736 2049 1894 2119 ὑμεῖς

305 2137 355 2190 οἰ
387 2137 448 2190 τὸ
483 2139 611 2209 πρὶν
643 2139 973 2218 ὀλιγόψυχοι,
1010 2143 1105 2194 καὶ
1142 2142 1213 2212 μή
1247 2159 1332 2205 τις
1365 2143 1510 2212 ὑμᾶς
1539 2143 1762 2214 αἱρείτω
1792 2143 1890 2212 φό-

306 2226 400 2291 ϐος
426 2227 535 2281 τῶν
569 2228 767 2296 ἔξωθεν
799 2229 1205 2301 ἀνθισταμένων
1235 2229 1317 2302 τῷ
1349 2231 1687 2303 εὐαγγελικῷ
1716 2231 1890 2304 κηρύ-

304 2331 503 2386 γματι·
554 2317 690 2372 ἀλλὰ
733 2319 828 2372 καὶ
879 2321 1016 2392 πρὸς
1062 2320 1286 2384 τούτους
1343 2323 1616 2392 ἰσχύσατε,
1666 2324 1760 2376 καὶ
1813 2323 1887 2396 μὴ

307 2407 577 2475 φοϐεῖσθε.
631 2409 764 2474 Θεὸς
818 2411 927 2482 γὰρ
975 2407 1043 2482 ἧν
1098 2413 1193 2466 καὶ
1245 2411 1384 2466 Θεοῦ
1430 2413 1621 2482 Λόγος,
1663 2413 1778 2466 ἀλλ’
1825 2415 1887 2468 οὑ

304 2501 531 2554 ιπῐωῦσεῖ
571 2517 656 2565 τις
696 2503 1093 2574 παραπλήσιος,
1129 2502 1253 2556 οὐδέ
1293 2521 1378 2566 τις
1420 2508 1534 2567 τοῖς
1582 2504 1888 2576 προφήταις

301 2591 506 2660 ὅμοιος,
529 2592 590 2646 οὑ
624 2593 798 2664 μόνων
822 2593 931 2646 τῶν
957 2593 1272 2665 παραδόξων
1303 2593 1533 2665 ποιητὴς
1564 2592 1883 2664 θαυμάτων,

301 2682 436 2736 ἀλλὰ
461 2685 554 2737 καὶ
581 2685 708 2755 ὑμῖν
733 2685 914 2748 αὑτοῖς
945 2685 1047 2755 τῆς
1085 2684 1270 2755 ἰσχύος
1301 2684 1541 2753 γεγονὼς
1568 2685 1756 2748 αἴτιος.
1788 2685 1886 2738 Πί-

302 2789 418 2838 στις
441 2774 486 2827 δ’
517 2775 583 2828 ἂν
629 2775 834 2844 γένοιτο
873 2777 1242 2848 ἐναργεστάτη
1283 2775 1386 2846 τῆς
1418 2776 1510 2830 τοῦ
1543 2793 1884 2848 προφητευσ-

302 2865 462 2936 μένου
496 2867 747 2938 Σωτῆρος
785 2867 944 2939 ἡμῶν
977 2868 1159 2923 ἐνθέου
1205 2869 1505 2939 δυνάμεως,
1536 2868 1604 2921 δι’
1640 2865 1710 2940 ἦς
1747 2868 1882 2938 ἀληε-

298 2956 407 3021 θῶς
453 2958 660 3027 χωλοὺς
705 2959 796 3011 καὶ
849 2959 1102 3027 τυφλοὺς,
1145 2959 1240 3013 καὶ
1279 2957 1538 3030 λεπροὺς,
1597 2960 1690 3011 καὶ
1742 2976 1882 3030 παρ-

296 3048 544 3118 ειμένους
595 3051 780 3104 ἰάσατό
835 3069 967 3105 ποτε
1022 3051 1192 3122 λόγῳ,
1246 3051 1388 3105 κατά
1441 3051 1541 3115 τὰς
1591 3053 1720 3124 περὶ
1781 3053 1878 3105 αὑ-

293 3139 386 3194 τοῦ
423 3141 678 3212 Γραφάς,
732 3145 766 3214 ὴ
817 3146 912 3197 καὶ
955 3143 1121 3198 εἰσέτι
1181 3142 1274 3197 νῦν
1329 3143 1694 3216 ἐνεργουμένη
1742 3143 1878 3215 πρὸς
1904 3198 1946 3255 C

291 3231 395 3303 τῆς
441 3233 606 3288 αὑτοῦ
660 3235 911 3307 θεότητος
964 3235 1090 3290 καθῖ
1131 3235 1260 3306 ὅλης
1305 3234 1407 3304 τῆς
1454 3231 1758 3304 ἀνθρώπων
1801 3235 1879 3289 oi-

292 3322 564 3394 κουμένης
609 3325 776 3396 ἀρετὴ
805 3364 820 3387 ,
871 3325 937 3378 δι’
976 3320 1046 3399 ἧς
1097 3325 1282 3387 αὐτοῖς
1339 3323 1520 3394 ἔργοις
1561 3323 1743 3389 ὁποῖός
1795 3339 1879 3387 τις

292 3405 362 3478 ἦν
406 3412 503 3465 καὶ
552 3413 704 3474 τότε,
755 3415 868 3476 τοῖς
917 3414 1049 3476 οἵοις
1098 3430 1158 3468 τε
1207 3415 1436 3485 συνορᾷν
1481 3411 1874 3466 ἐπιδείκνυταιο

292 3499 381 3554 ὅτε
407 3501 502 3554 καὶ
525 3501 616 3554 ἐπὶ
635 3501 908 3566 τοσούτοις
934 3503 1071 3573 μετά
1091 3504 1267 3558 ταῦτα
1293 3503 1508 3574 χρόνοις
1533 3502 1762 3576 διαρκὴς
1783 3503 1878 3558 καὶ

293 3593 576 3664 ἀνίκητος,
619 3596 708 3647 καὶ
751 3595 827 3658 ὡς
853 3596 1070 3668 ἀληθῶς
1095 3597 1230 3650 Θεοῦ
1259 3599 1448 3666 Λόγος,
1482 3599 1511 3650 ό
1539 3599 1676 3669 πρὸς
1712 3599 1876 3652 αὑτοῦ

294 3685 685 3762 καταγγελθεὶς
721 3687 1122 3750 ἀποδείκνυται,
1160 3687 1370 3752 πάντας
1402 3689 1877 3760 ὑπερϐαλλόμενος

293 3775 422 3838 τοὺς
449 3775 687 3847 ἀρχῆθεν
715 3778 808 3830 κα)⁵
841 3776 1004 3847 μέχρι
1033 3775 1126 3829 τοῦ
1159 3776 1254 3830 νῦν
1284 3778 1382 3849 τὴν
1403 3778 1750 3832 διδασκαλίαν
1774 3779 1874 3832 αὑ-

292 3863 389 3917 τοῦ
421 3864 674 3936 πολεμεῖν
705 3867 1277 3938 παρεσκευασμένους,
1321 3869 1379 3935 ἐξ
1415 3870 1632 3941 ἀπάσης
1671 3888 1729 3924 τε
1774 3871 1875 3943 τῆς

292 3955 620 4026 οἰκουμένης
651 3956 993 4029 ὑπαγόμενος
1019 3958 1196 4029 ἐαυτῷ
1225 3959 1392 4031 μυρία
1422 3960 1620 4032 πλήθη,
1647 3963 1742 4018 καὶ
1769 3962 1877 4016 πά-

296 4065 396 4117 σης
427 4049 525 4117 μὲν
551 4048 826 4119 ἁμαρτίας
859 4049 1083 4104 καὶτῶν
1110 4049 1250 4106 κατὰ
1277 4051 1455 4121 ψυχὴν
1483 4051 1670 4104 παθῶν
1693 4069 1752 4106 τε
1781 4055 1874 4108 καὶ

291 4139 615 4209 νοσημάτων
650 4141 775 4203 τοὺς
810 4140 959 4211 αὑτῷ
997 4140 1320 4212 προσιόντας
1358 4142 1740 4208 ἀπαλλάσσων,
1781 4146 1873 4200 ἐπὶ

289 4231 346 4285 δὲ
375 4232 474 4303 τὴν
498 4233 698 4303 εὐσεδῆ
724 4232 1070 4288 διδασκαλίαν
1095 4234 1259 4288 αὑτοῦ
1290 4236 1396 4287 πᾶν
1419 4235 1574 4304 γένος
1607 4235 1872 4309 Ἑλλήνων

290 4325 384 4378 καὶ
439 4324 728 4398 βαρϐάρων
781 4326 1274 4398 προσκαλούμενος,
1326 4329 1554 4399 μυρίους
1601 4345 1661 4382 τε
1714 4331 1872 4395 ὅσους

289 4416 580 4487 προσάγων
610 4418 702 4471 ἐπὶ
727 4417 826 4489 τὴν
855 4418 948 4471 τοῦ
979 4419 1140 4490 μόνου
1171 4420 1265 4475 καὶ
1294 4419 1528 4490 ἀληθοῦς
1557 4419 1694 4474 Θεοῦ
1728 4420 1870 4490 γνῶ-

291 4523 396 4569 σιν,
419 4507 508 4559 ἐπί
537 4525 598 4560 τε
623 4509 714 4561 τὸν
741 4509 866 4581 ὑγιῆ
891 4511 986 4563 καὶ
1013 4509 1264 4582 σώφρονα
1290 4511 1424 4581 βίον,
1447 4512 1506 4575 ὃς
1528 4512 1590 4584 δὴ
1616 4515 1710 4568 καὶ
1731 4514 1868 4585 πρέ-

287 4615 406 4652 πων
452 4600 535 4671 εἴη
568 4599 634 4654 ἂν
683 4602 982 4674 ἐπαγγελία
1028 4602 1327 4676 θρησκείας
1369 4604 1463 4658 τοῦ
1516 4606 1607 4658 ἐπὶ
1651 4607 1870 4662 πάντων

287 4691 442 4744 Θεοῦ.
485 4684 652 4757 Οὗτος
696 4693 753 4747 δέ
791 4695 954 4758 αὐτὸς
982 4697 1010 4748 ό
1038 4695 1170 4758 Θεὸς
1216 4696 1392 4768 ήμῶν,
1438 4696 1534 4751 ἆτε
1587 4698 1868 4770 τυγχάνων

286 4781 422 4836 Θεοῦ
478 4783 670 4852 Λόγος,
724 4803 742 4836 ι
786 4785 1002 4855 Κρίσιν,
1069 4787 1250 4857 φησὶν,
1311 4787 1720 4851 ἀνταποδίδωσι,
1771 4787 1866 4840 καὶ

286 4873 673 4939 ἀνταποδώσει,
700 4876 861 4939 αὑτὸς
888 4877 1005 4948 ἥξει
1031 4877 1122 4931 καὶ
1150 4876 1311 4932 σώσει
1336 4880 1501 4948 ἡμᾶς.
1534 4897 1552 4929 ι
1581 4877 1738 4931 Κατά
1757 4877 1865 4948 γάρ

285 4966 376 5018 τὸν
406 4965 618 5036 ψαλμὸν
653 4969 930 5037 φήσαντα·
979 4987 997 5018 ι
1045 4968 1104 5020 '0
1133 4967 1264 5031 Θεὸς
1289 5007 1304 5032 ,
1349 4969 1410 5020 τὸ
1443 4966 1617 5039 κρῖμά
1650 4983 1744 5018 σου
1787 4967 1865 5038 τῷ

288 5055 498 5125 βασιλεί
520 5057 628 5123 δός,
658 5078 677 5111 ι
710 5061 804 5113 καί
826 5059 968 5113 κατά
985 5060 1082 5132 τὴν
1104 5060 1466 5132 εὑαγγελικὴν
1496 5059 1860 5125 διδασκαλίαν,

283 5146 350 5202 δι’
377 5145 446 5219 ἦς
478 5150 710 5222 εἴρηται·
746 5170 764 5202 ι
813 5151 869 5203 '0
909 5150 1099 5222 Πατὴρ
1138 5150 1310 5224 κρίνει
1343 5149 1554 5212 οὐδένα,
1599 5149 1734 5203 ἀλλὰ
1763 5149 1862 5221 τὴν

285 5240 466 5311 κρίσιν
490 5242 671 5294 πᾶσαν
699 5242 898 5297 δέδωκε
922 5241 1000 5313 τῷ
1023 5241 1153 5314 Υἱῷ,
1183 5263 1200 5293 ι
1231 5241 1380 5313 παρὰ
1406 5241 1499 5294 τοῦ
1527 5241 1740 5312 Πατρὸς
1761 5240 1860 5312 τὴν

283 5330 380 5384 τοῦ
409 5332 612 5403 κρίνειν
640 5333 878 5405 εἰληφὼς
905 5334 1171 5399 ἐξουσίαν,
1198 5334 1513 5407 δικαιοσύνῃ
1538 5333 1758 5406 κρίνων,
1784 5331 1863 5405 τῷ

289 5423 389 5493 μὲν
421 5425 486 5478 ἐκ
512 5426 814 5497 περιτομῆς
842 5426 956 5497 λαῷ
983 5426 1079 5496 τὴν
1114 5426 1493 5497 προσήκουσαν
1525 5425 1634 5478 τῶν
1660 5427 1740 5489 εἰς
1764 5425 1861 5478 αὑ-

283 5513 376 5568 τόν
413 5533 472 5568 τε
497 5518 589 5571 καὶ
607 5519 733 5580 τοὺς
759 5517 922 5572 αὑτοῦ
953 5518 1236 5588 προφήτας
1265 5515 1682 5587 τετολμημένων
1707 5518 1863 5588 δίκην

283 5606 613 5672 ἀποδέδωκε,
662 5611 870 5674 πάντας
909 5609 966 5662 δὲ
1010 5607 1343 5675 ἁπαξαπλῶς
1381 5608 1702 5680 ἀνθρώπους
1739 5611 1864 5674 τοὺς

285 5699 434 5769 αὑτῷ
457 5701 782 5772 προσιόντας
815 5703 873 5768 ἐξ
897 5701 1010 5756 ἴσου
1048 5700 1188 5754 κατά
1211 5700 1272 5753 τὸ
1293 5700 1500 5754 δίκαιον
1527 5700 1858 5754 ἀνεσώσατο·

289 5783 365 5844 ὧν
389 5791 456 5844 τὰ
475 5786 588 5847 ὦτα
603 5794 702 5865 τῆς
725 5793 966 5856 διανοίας
992 5793 1086 5848 καὶ
1113 5794 1240 5857 τοὺς
1263 5791 1576 5866 ὀφθαλμοὺς
1607 5793 1862 5865 ἀνέῳξεν.

1995 1963 2150 2022 nent,
2179 1965 2234 2010 et
2264 1955 2467 2025 plantis
2502 1954 2637 2025 ipsis
2663 1962 2718 2008 et
2742 1953 2984 2016 incessu,
3011 1969 3077 2008 ex
3111 1954 3268 2024 longo
3293 1955 3569 2010 adoratio-

1994 2048 2078 2104 nis
2127 2046 2430 2102 secundum
2482 2045 2773 2101 Mosaicam
2809 2045 2980 2114 legem
3035 2046 3268 2099 circuitu
3311 2047 3570 2118 elangue-

1992 2146 2137 2196 rant.
2171 2139 2572 2208 solutioresque
2596 2144 2904 2198 evaserant,
2929 2135 3132 2191 idcirco
3164 2139 3411 2195 excitans
3443 2142 3567 2198 illos

1991 2229 2060 2284 ad
2087 2231 2452 2300 evangelicam
2482 2229 2606 2286 vita:
2640 2228 3073 2284 institutionem:
3112 2247 3129 2278 ι
3167 2228 3564 2296 Convalescite,

1989 2322 2185 2391 inquit,
2237 2337 2433 2377 manus
2481 2321 2741 2383 remissae,
2777 2327 2832 2374 et
2864 2334 3038 2389 genua
3088 2318 3379 2384 diSsoluta,
3425 2339 3444 2372 ι
3497 2322 3565 2375 ad

1988 2413 2326 2468 alacritatem
2349 2412 2606 2467 videlicet
2646 2411 2948 2482 evangelici
2993 2425 3211 2466 cursus.
3259 2410 3566 2466 Conﬁrma-

1988 2506 2121 2559 mini
2151 2507 2315 2560 etiam
2352 2506 2418 2560 ad
2470 2505 2862 2568 exhortandos,
2903 2503 3375 2572 concitandosque
3403 2503 3561 2565 alios.

1987 2603 2048 2650 ut
2073 2597 2443 2667 evangelieam
2468 2597 2701 2652 salutem
2725 2597 3144 2668 amplectantur,
3172 2611 3291 2658 vos,
3315 2595 3559 2664 inquam,

1985 2690 2078 2756 qui
2125 2689 2278 2757 prius
2323 2687 2492 2742 eratis
2541 2688 2743 2757 pusillo
2793 2688 2997 2750 animo,
3059 2703 3234 2756 neque
3271 2687 3414 2742 ullus
3466 2701 3561 2742 vos

1982 2780 2162 2849 capiat
2219 2780 2382 2833 timor
2439 2795 2652 2843 eorum,
2699 2780 2791 2848 qui
2847 2779 3184 2834 extrinsecus
3238 2778 3564 2846 evangelicae

1983 2870 2358 2939 pmdicationi
2397 2871 2666 2926 resistunt
2698 2889 2712 2924 :
2743 2885 2930 2924 verum
2967 2879 3160 2922 contra
3212 2869 3312 2922 hos
3340 2883 3560 2937 quoque

1981 2963 2150 3016 robur
2171 2963 2420 3031 accipite,
2442 2969 2499 3016 et
2529 2977 2598 3016 ne
2643 2961 2852 3016 timete.
2889 2959 3032 3014 Dens
3077 2961 3220 3014 enim
3263 2969 3346 3015 est
3379 2968 3431 3014 et
3465 2959 3558 3014 Dei

1981 3054 2246 3118 Verbum,
2283 3068 2394 3107 non
2423 3061 2606 3107 autem
2638 3052 2911 3122 quispiam
2961 3051 3096 3106 Mosi
3149 3051 3363 3118 similis,
3397 3067 3460 3104 ac
3491 3067 3560 3107 ne

1982 3148 2127 3202 ullus
2159 3145 2378 3217 quidem
2413 3146 2803 3216 prophetarum
2849 3144 2980 3200 huic
3009 3153 3092 3200 est
3133 3146 3556 3215 comparandus,

1981 3239 2073 3309 qui
2097 3254 2205 3294 non
2237 3239 2414 3295 solum
2445 3239 2714 3292 miracula
2765 3237 3030 3292 inusitata
3061 3222 3222 3291 edere
3251 3239 3555 3301 consuevit,

1980 3343 2171 3383 verum
2202 3328 2370 3383 etiam
2395 3326 2552 3382 vobis
2589 3326 2725 3396 ipsis
2751 3327 2933 3381 omnis
2975 3325 3312 3381 fortitudinis
3343 3335 3396 3381 et
3425 3342 3558 3382 con-

1978 3421 2197 3476 stantiae
2226 3429 2423 3475 auctor
2460 3418 2710 3474 exsistit.
2736 3418 3132 3489 Argumentum
3160 3435 3286 3474 vero
3315 3421 3560 3476 certissi-

1979 3526 2126 3566 mum
2164 3509 2328 3564 fuerit
2351 3508 2552 3564 divinae
2581 3509 2725 3577 ejus,
2752 3523 2912 3576 quem
2962 3508 3238 3578 prophetae
3268 3516 3555 3563 venturum

1977 3603 2304 3656 nuntiarunt
2356 3599 2660 3653 Salvatoris
2693 3598 2868 3650 nostri
2897 3599 3142 3658 virtutis,
3179 3613 3274 3667 per
3303 3615 3463 3667 quam
3497 3616 3556 3656 re

1975 3708 2104 3746 vera
2141 3698 2195 3745 et
2227 3690 2477 3751 claudos.
2518 3698 2572 3743 et
2624 3705 2820 3754 caecos,
2877 3700 2930 3743 et
2981 3689 3147 3756 Iepi-is
3199 3688 3452 3754 infectos,
3501 3699 3556 3744 et

1977 3783 2236 3838 membris
2267 3781 2587 3842 dissolutos.
2620 3781 2809 3847 verbo,
2847 3787 2909 3834 ut
2938 3779 3233 3849 Scriptura:
3258 3796 3378 3849 quae
3397 3782 3465 3836 de
3488 3783 3556 3836 il-

1976 3873 2030 3928 lo
2073 3880 2294 3929 exstant
2346 3870 2504 3925 ﬁdem
2549 3870 2779 3934 faciunt,
2835 3871 3130 3940 aliquando
3161 3872 3458 3932 sanaverit.
3487 3888 3552 3927 ea

1975 3981 2096 4038 quae
2123 3965 2286 4020 etiam
2315 3979 2463 4018 nunc
2486 3963 2780 4018 eﬁicaciam
2811 3978 2964 4017 suam
2999 3976 3061 4016 ex
3095 3962 3242 4018 illius
3265 3961 3552 4017 divinitate

1977 4058 2030 4113 in
2075 4066 2213 4122 toto,
2245 4059 2338 4129 qui
2372 4059 2442 4113 ab
2489 4057 2806 4112 hominibus
2838 4053 3098 4110 incolitur
3121 4055 3274 4118 orbe,
3306 4055 3552 4109 ostendit

1973 4152 2173 4214 virtus,
2203 4166 2302 4222 per
2349 4166 2512 4221 quam
2549 4150 2714 4204 rebus
2758 4147 2894 4218 ipsis
2923 4159 2976 4202 et
3007 4147 3166 4202 factis
3197 4150 3374 4218 qualis
3421 4156 3551 4205 tunc

1973 4256 2194 4311 quoque
2228 4242 2391 4296 fuerit
2421 4242 2510 4305 iis,
2547 4241 2639 4310 qui
2678 4239 2878 4294 intueri
2914 4248 3166 4309 possunt,
3201 4240 3549 4296 ostenditur:

1971 4331 2379 4406 mquando
2413 4331 2466 4385 in
2518 4341 2626 4386 tam
2676 4331 2878 4384 multos
2927 4347 3101 4385 annos
3133 4338 3254 4400 post
3297 4332 3386 4384 illa
3429 4345 3554 4400 quae

1973 4427 2178 4496 scripta
2215 4433 2344 4481 sunt
2375 4424 2538 4478 durat
2569 4423 2824 4486 invictus,
2857 4432 2910 4477 et
2951 4438 3145 4476 revera
3179 4420 3271 4476 Dei
3311 4420 3548 4476 Verbum

1972 4533 2116 4582 esse,
2151 4516 2295 4588 quod
2326 4517 2395 4570 ab
2422 4517 2541 4586 ipso
2572 4515 2954 4569 denuntiatum
2973 4521 3078 4574 est,
3120 4511 3548 4578 demonstratur,

1973 4614 2162 4676 utpote
2191 4605 2334 4676 quod
2378 4621 2570 4660 omnes
2595 4605 2707 4673 jam
2744 4605 2957 4663 vicerit.
2996 4603 3310 4672 quicunque
3337 4602 3407 4656 ab
3442 4602 3550 4656 ini-

1973 4693 2050 4746 tio
2099 4693 2155 4746 in
2201 4697 2346 4746 hunc
2395 4706 2572 4760 usque
2619 4690 2763 4744 diem
2812 4689 3118 4742 doctrinam
3156 4689 3330 4757 ipsius
3377 4703 3552 4757 oppu-

1970 4797 2139 4852 gnare
2177 4782 2360 4836 conati
2403 4782 2531 4846 sint,
2569 4788 2623 4836 et
2654 4795 2720 4835 ex
2768 4780 3026 4834 universo
3066 4780 3198 4832 orbe
3231 4779 3548 4832 innumera-

1969 4873 2108 4929 biles
2139 4879 2442 4927 conventus
2474 4871 2539 4925 ad
2589 4872 2832 4941 seipsum
2879 4871 3100 4926 assidue
3148 4869 3350 4930 trahat,
3395 4875 3450 4923 et
3479 4870 3548 4925 ab

1971 4965 2118 5020 omni
2148 4973 2393 5036 peccato,
2429 4965 2793 5036 omnibusque
2825 4965 2992 5018 animi
3035 4971 3089 5018 et
3119 4963 3546 5033 perturbationi-

1971 5057 2076 5111 bus
2109 5066 2164 5112 et
2193 5057 2399 5111 morbis
2442 5071 2552 5113 eos,
2609 5057 2703 5127 qui
2745 5057 2813 5109 ad
2856 5071 2914 5111 se
2945 5055 3299 5116 accesserint,
3333 5054 3546 5120 liberet,

1969 5156 2024 5201 et
2080 5147 2148 5202 ad
2199 5147 2535 5218 religiosam,
2595 5147 2851 5217 piamque
2905 5145 3212 5199 doctrinam
3269 5159 3431 5198 onine
3493 5150 3551 5199 et

1969 5237 2283 5292 Grmcorum
2327 5245 2381 5291 et
2430 5237 2786 5292 barbarorum
2825 5251 2997 5307 genus
3045 5236 3258 5298 invitet,
3300 5235 3550 5289 innume-

1967 5331 2281 5398 rabilesque
2333 5329 2402 5382 ad
2447 5329 2612 5383 unius
2651 5329 2876 5396 verique
2927 5326 3019 5380 Dei
3064 5326 3451 5396 cognitionem,
3492 5334 3549 5382 et

1969 5436 2164 5476 sanum
2216 5436 2282 5476 ac
2321 5421 2660 5474 moderatum
2692 5418 2912 5472 vivendi
2945 5418 3256 5471 institutum
3288 5417 3544 5477 adducat;

1985 5511 2438 5584 quemadmodum
2475 5511 2729 5566 videlicet
2759 5527 2882 5565 eum
2931 5512 3141 5575 deceat,
3170 5511 3264 5580 qui
3303 5510 3545 5580 supremi

1971 5602 2066 5660 Dei
2103 5605 2310 5658 cultum
2357 5603 2694 5669 proﬁteatur.
2727 5601 3034 5668 Quinetiam
3084 5603 3168 5658 hic
3217 5603 3359 5659 idem
3401 5603 3544 5661 Deus

1971 5709 2178 5760 noster,
2204 5703 2464 5764 tanquam
2497 5695 2543 5749 is
2565 5694 2656 5764 qui
2681 5695 2753 5748 sit
2789 5693 2876 5748 Dei
2903 5693 3162 5757 Verbum,
3202 5711 3221 5746 σ
3247 5695 3538 5764 judicium,

1975 5792 2174 5862 inquit,
2227 5790 2406 5846 reddit
2455 5798 2510 5845 et
2539 5789 2752 5854 reddet,
2806 5789 2921 5859 ipse
2967 5790 3146 5846 veniet
3199 5797 3252 5845 et
3302 5788 3542 5846 servabit
