4098 6440
484 423 588 479 699

488 558 614 598 nos.
650 559 669 591 ι
701 535 836 591 Nam
866 540 926 588 ut
957 540 1041 587 est
1082 531 1137 583 in
1174 526 1404 598 psalmo,
1453 519 1547 591 qui
1583 517 1696 571 ait:
1729 532 1747 564 ι
1778 511 1943 575 Deus,
1969 507 2058 577 ju-
2086 507 2133 564 Α

492 632 694 689 dicium
743 636 896 681 tuum
944 621 1057 692 regi
1105 619 1173 673 da
1194 618 1262 680 ⁸³,
1295 634 1313 668 ι
1371 619 1540 682 utque
1583 617 1667 663 est
1708 605 1763 658 in
1813 599 2062 656 doctrina

486 717 828 789 evangelica,
861 715 919 768 in
957 725 1065 782 qua
1111 706 1246 763 illud
1290 705 1500 760 dictum
1547 707 1631 754 est
1663 716 1676 751 :
1709 715 1726 747 ι
1756 692 1920 746 Pater
1955 702 2063 742 non

489 781 702 885 judicat
719 804 1051 877 quempiam,
1067 799 1161 857 sed
1174 813 1336 855 omne
1347 793 1615 866 judicium
1635 786 1782 843 dedit
1804 783 1945 839 Filio
1959 781 2026 843 ",
2040 798 2059 831 ι

495 876 718 977 accepta
738 876 791 955 7a
817 900 979 954 Patre
1002 892 1288 967 judicandi
1324 893 1613 959 potestate.
1639 881 1769 937 dum
1800 879 1949 947 juste
1975 876 2065 945 ju-

493 967 663 1062 dicat,
694 992 895 1067 populo
924 988 1144 1060 quidem
1173 984 1239 1038 ad
1262 977 1738 1037 circumcisionem
1774 967 2063 1041 spectanti,

494 1105 598 1161 pro
627 1089 694 1143 iis
721 1100 844 1156 quae
868 1088 923 1137 et
954 1082 1009 1136 in
1044 1078 1288 1147 seipsum
1313 1081 1368 1127 et
1401 1072 1457 1125 in
1478 1067 1773 1138 prophetas
1794 1076 1925 1118 suos
1947 1058 2065 1114 ausi

496 1187 647 1243 sunt,
679 1181 957 1236 meritum,
993 1167 1433 1232 conveniensque
1458 1157 1786 1228 supplicium
1819 1154 2067 1220 assigna-

497 1467 731 1526 quorum
764 1448 952 1517 utique
990 1451 1043 1498 et
1081 1454 1243 1494 aures
1277 1446 1331 1492 et
1376 1434 1566 1490 oculos
1600 1429 1799 1485 mentis
1832 1424 2066 1495 aperuit.

497 1515 770 1613 éuocirca
805 1515 1023 1607 tempus
1066 1532 1212 1585 illius
1248 1529 1533 1586 adventus,
1577 1528 1795 1590 tempus
1830 1515 2071 1569 retribu-

499 1635 667 1692 tionis
697 1605 941 1686 divinum
974 1629 1130 1679 vocat
1166 1618 1471 1676 oraculum,
1515 1610 1661 1683 quod
1700 1610 1756 1662 in
1784 1607 1906 1661 aliis
1942 1605 2071 1659 item

501 1732 581 1787 sic
605 1727 680 1781 ait
708 1744 722 1779 :
754 1742 773 1775 ι
806 1719 1014 1774 Vocare
1036 1726 1240 1768 annum
1268 1706 1483 1764 Domini
1519 1709 1826 1771 acceptum,
1852 1706 1905 1753 et
1926 1697 2072 1752 diem

1093 404 1364 465 EUSEBII
1401 390 1887 459 CESARIENSIS
1923 384 2075 443 OPP.
2120 380 2299 437 PARS
2339 378 2404 434 ll.
2435 409 2503 419 —
2544 366 3044 430 APOLOGEI'ICA.

2158 499 2250 553 Διὸ
2276 499 2370 551 καὶ
2387 496 2478 549 τὸν
2504 493 2691 564 καιρὸν
2712 490 2813 558 τῆς
2839 483 3139 559 παρουσίας
3162 476 3350 541 αὑτοῦ,
3372 471 3562 544 καιρὸν
3583 471 3746 523 ἀντα-

3636 352 3742 406 ’ίθο

2166 592 2436 652 ποδὸσεως
2457 590 2487 641 6
2512 586 2651 647 θεῖος
2677 579 2942 636 ἀποκαλεί
2966 576 3143 645 λόγος,
3169 573 3227 624 ὲν
3259 569 3465 640 ἑτέροις
3495 564 3740 634 φάσκων·

2171 704 2190 736 ε
2219 681 2459 736 Καλέσαι
2484 675 2727 731 ἐνιαυτὸν
2749 670 2956 743 Κυρίου
2981 666 3189 728 δεκτὸν,
3222 662 3319 716 zeal.
3341 657 3551 730 ἡμέραν
3577 655 3747 707 ἀνται-

2167 770 2455 831 ποδόσεως.
2493 786 2512 817 ι
2550 758 2719 826 οὗτος
2759 761 2816 814 δὲ
2852 755 2921 829 ἦν
2957 755 3151 825 καιρὸς
3182 753 3282 823 τῆς
3315 743 3745 808 ἀνταποδόσεως,

2166 861 2259 915 καὶ
2291 858 2411 913 καθ’
2442 856 2501 909 ὃν
2533 856 2642 908 πᾶν
2689 846 2829 922 αἷμα
2872 845 3102 917 ἐκχυθὲν
3150 843 3259 896 ἀπὸ
3299 840 3530 910 αἵματος
3579 831 3743 886 Ἅϐελ

2167 952 2270 1015 ἕως
2295 951 2522 1020 αἵματος
2557 941 2846 1015 Ζαχαρίου,
2895 939 2989 993 καὶ
3034 933 3198 989 αὑτοῦ
3230 949 3295 1000 γε
3327 928 3421 983 τοῦ
3451 925 3635 998 τιμίου
3660 924 3748 977 αἴ-

2172 1017 2585 1116 ματοςνἸησοῦ,
2622 1033 2957 1103 ὲκδεδίκηται
2994 1027 3102 1082 ἀπὸ
3142 1025 3243 1094 τῆς
3283 1021 3475 1091 γενεᾶς
3516 1017 3624 1071 τῶν
3666 1017 3751 1080 εἰς

2168 1108 2331 1189 αὑτὸν
2365 1108 2931 1199 πεπλημμεληκότων,
2971 1119 3047 1181 ὼς
3072 1117 3131 1183 ἐξ
3155 1114 3366 1168 ἐκείνου
3399 1110 3490 1165 τὸν
3523 1108 3749 1179 ἔσχατον

2169 1226 2364 1287 αὐτοὺς
2400 1221 2690 1290 ὑπομεῖναι
2733 1213 2975 1285 ὄλεθρον,
3015 1209 3110 1262 καὶ
3138 1207 3239 1278 τὴν
3267 1203 3503 1274 ἐσχάτην
3528 1200 3750 1269 πολιορ-

2051 1347 2065 1383 :
2170 1320 2317 1373 κίαν.
2348 1315 2456 1369 Καὶ
2486 1315 2519 1382 ή
2559 1311 2656 1381 μὲν
2689 1307 2805 1362 κατ’
2831 1304 3069 1365 ἐκείνους
3096 1299 3273 1372 κρίσις
3292 1295 3544 1364 τοιαύτην
3565 1292 3753 1361 ἐποιή-

2173 1429 2302 1467 σατο
2335 1408 2454 1462 κατ’
2494 1402 2672 1458 αὐτῶν
2705 1401 2804 1471 τὴν
2843 1394 3216 1451 ἀνταπόδοσιν
3244 1389 3325 1443 διό
3357 1403 3519 1458 φησιν
3552 1386 3585 1455 ή
3613 1399 3751 1455 προ-

2172 1503 2386 1575 φητεία·
2415 1517 2433 1549 ι
2475 1497 2605 1551 Ἰδοὺ
2631 1498 2659 1548 6
2682 1493 2813 1554 Θεὸς
2837 1489 2993 1561 ἡμῶν
3012 1485 3192 1558 κρίσιν
3218 1478 3606 1536 ἀνταποδίδωσι
3657 1475 3754 1529 καὶ

2172 1589 2560 1650 ἀντατωὸώσει.
2599 1607 2617 1639 ο
2659 1587 2723 1639 Ἠ
2763 1584 2822 1638 δὲ
2847 1581 2977 1653 περὶ
3007 1579 3116 1632 τῶν
3145 1576 3210 1628 δι’
3244 1571 3408 1628 αὑτοῦ
3440 1567 3755 1638 σωθησομέ-

2172 1705 2279 1741 νων
2308 1685 2435 1754 ὲξῆς
2465 1679 2719 1751 δηλοῦται
2759 1674 2848 1751 διὰ
2878 1672 2973 1727 τοῦ
2992 1689 3004 1702 ·
3038 1690 3056 1721 ι
3084 1667 3257 1730 Αὐτὸς
3292 1664 3431 1735 ἥξει,
3465 1663 3560 1715 καὶ
3590 1658 3757 1713 σώσει

3290 1571 3405 1591 ογᾼο

501 1745 581 1787 Sic
605 1745 680 1781 all.
708 1745 722 1779 ζ
754 1745 773 1775 ί
815 1745 1014 1774 vucarc
1036 1745 1240 1768 annuu-
1270 1745 1483 1764 νυιμιιιι
1519 1745 1826 1771 ιιυυνγ-..-..,
1855 1745 1904 1753 ν-
1930 1745 2072 1752 ..-Ἦ-

499 1814 884 1877 retributionis
908 1812 974 1864 9‘.
1010 1827 1027 1860 ι
1057 1805 1230 1860 Porro
1251 1802 1355 1856 hoc
1392 1798 1493 1853 fuit
1521 1790 1899 1850 retributionis
1930 1796 2071 1843 tem-

2182 1745 2942 1851 hud‘tg.v'l"615'av0t10ﬁaowat
2967 1759 3236 1833 ὀφθαλμοὶ
3262 1755 3501 1826 τυφλῶν,
3528 1753 3621 1807 καὶ
3640 1745 3759 1806 ὦτα

2308 1870 2332 1877 -
2430 1868 2442 1877 -
2538 1865 2549 1877 -
2910 1858 2951 1877 ,A.
2992 1855 3056 1877 ,ι
3103 1853 3230 1877 151:-
3297 1847 3510 1877 frmi-..“
3557 1845 3611 1877 m-
3655 1844 3757 1877 ..ευ

501 1928 627 1986 pus,
670 1911 725 1963 in
764 1920 872 1977 quo
927 1901 1107 1957 omnis
1156 1892 1441 1966 sanguinis
1489 1888 1669 1950 eﬂ'usi,
1722 1900 1754 1939 a
1805 1879 2073 1953 sanguine

500 1971 657 2061 -Abel,
700 2008 872 2064 usque
919 1990 987 2044 ad
1040 1984 1362 2056 sanguinem
1416 1977 1725 2042 Zachariae,
1776 1980 1831 2027 et
1890 1971 2071 2041 ipsum

504 2088 806 2161 pretiosum
853 2079 1183 2150 sanguinem
1225 2073 1380 2136 Jesu,
1411 2070 1548 2125 ultio
1599 2071 1817 2135 sumpta
1865 2070 1970 2126 est,
2021 2066 2078 2115 et

504 2157 829 2251 supplicium
877 2173 946 2227 de
980 2171 1197 2224 illorum
1246 2165 1486 2224 natione,
1539 2159 1633 2231 qui
1666 2159 1721 2212 in
1756 2157 1905 2210 illum
1948 2166 2079 2223 pec-

502 2277 786 2333 caverunt,
817 2280 990 2336 usque
1019 2264 1175 2324 adeo,
1212 2266 1273 2314 ut
1300 2274 1365 2313 ex
1413 2257 1506 2309 illo
1549 2263 1849 2309 extremum
1888 2246 2079 2301 interi-

505 2373 619 2418 tum
645 2372 1055 2428 extremamque
1075 2356 1436 2409 vastationem
1463 2344 1808 2418 pertulerint.
1839 2339 1903 2393 Et
1930 2336 2077 2408 quod

501 2457 721 2528 quidem
766 2454 833 2508 ad
879 2452 1004 2506 illos
1043 2449 1279 2520 pertinet
1325 2439 1621 2512 judicium,
1665 2436 1832 2490 talem
1885 2439 2078 2487 contra

502 2520 628 2603 illos
662 2544 1071 2602 retributionem
1111 2537 1362 2592 molitum
1396 2539 1520 2586 est:
1548 2545 1612 2583 ex
1652 2541 1763 2597 quo
1791 2520 2079 2595 prophetia

504 2640 586 2696 sic
616 2639 693 2692 ait
718 2657 731 2693 ε
761 2654 779 2687 ι
810 2636 951 2690 Ecce
976 2632 1116 2687 Deus
1148 2635 1339 2683 noster
1360 2621 1629 2693 judicium
1666 2616 1845 2671 reddit
1876 2620 1933 2669 et
1957 2612 2082 2666 red-

504 2732 617 2787 det.
652 2748 672 2782 )
729 2712 883 2795 Quod
932 2741 1061 2781 vero
1106 2722 1173 2777 ad
1216 2720 1340 2774 illos
1386 2720 1630 2786 spectat,
1685 2711 1778 2780 qui
1829 2704 2083 2764 servandi

505 2830 654 2887 sunt,
688 2821 743 2875 in
789 2817 1150 2890 sequentibus
1179 2811 1478 2869 indicatur,
1526 2805 1638 2859 illis
1666 2801 1891 2856 verbis:
1917 2817 1936 2850 ι
1964 2798 2085 2867 Ipse

504 2913 708 2977 veniet,
741 2918 795 2965 et
824 2905 1066 2965 servabit
1100 2918 1202 2957 nos
1230 2919 1242 2954 :
1271 2907 1404 2952 tunc
1452 2893 1769 2967 aperientur
1796 2885 1939 2942 oculi
1974 2899 2081 2939 cae»

506 3014 720 3063 corum,
756 3005 811 3053 et
852 3010 1013 3050 aures
1046 2991 1338 3046 surdorum
1383 2985 1625 3046 audient,
1663 3000 1681 3033 ι
1719 2986 1773 3034 et
1824 2991 1946 3048 quae
1992 2989 2081 3030 se-

2105 1851 2147 1905 B
2174 1844 2373 1939 κωφῶν
2419 1865 2766 1924 ἀκούσονται,
2811 1878 2831 1912 ι
2863 1858 2959 1912 καὶ
2989 1855 3058 1908 τὰ
3101 1853 3247 1922 ὲξῆς.
3297 1847 3510 1916 Ταύτην
3556 1845 3614 1898 δὲ
3655 1844 3757 1913 τὴν

2178 1935 2445 2032 σωτήριον
2498 1957 2679 2029 κρίσιν
2726 1953 2820 2007 καὶ
2869 1949 3006 2018 άλλη
3055 1942 3361 2019 προφητεία
3403 1937 3628 2002 ἐξοίσειν
3666 1935 3757 1988 τὸν

2177 2053 2411 2126 Χριστὸν
2432 2048 2825 2119 ἐπαγγέλλεται
2859 2044 3159 2113 φάσκουσα·
3195 2056 3214 2087 ι
3253 2036 3383 2088 Ἰδοὺ
3416 2035 3444 2086 6
3469 2034 3593 2093 παῖς
3630 2047 3756 2100 μου,

2179 2123 2542 2217 ἀντιλήψομαι
2566 2140 2751 2196 αὐτοῦ’
2784 2139 2814 2189 ό
2848 2132 3100 2195 ἐκλεκτός
3107 2146 3249 2222 μου,
3277 2124 3637 2199 προσεδέξατο
3656 2123 3757 2175 αὑ-

2177 2241 2268 2294 τὸν
2290 2242 2323 2310 ἡ
2353 2213 2498 2307 φυχή
2538 2250 2657 2306 μουο
2688 2231 2868 2303 κρίσιν
2892 2230 3006 2290 τοῖς
3033 2213 3241 2277 ἔθνεσιν
3265 2220 3478 2287 ἐξοίσει.
3515 2236 3533 2268 ι
3556 2217 3646 2269 Διὸ
3665 2213 3761 2268 καὶ

2180 2305 2628 2402 περὶ-τοῦλόγου
2660 2323 2760 2393 τῆς
2792 2318 2986 2388 καινῆς
3014 2314 3287 2385 Διαθήκης
3318 2309 3550 2382 εἴρηται·
3593 2324 3611 2356 ι
3666 2305 3763 2357 Ἐκ

2179 2392 2288 2494 γὰρ
2332 2418 2470 2472 Σιὼν
2516 2392 2860 2482 ἐξελεύσεται
2907 2410 3092 2479 νόμος,
3135 2405 3230 2459 καὶ
3269 2403 3427 2471 λόγος
3468 2397 3673 2469 Κυρίου
3701 2392 3764 2459 ἐξ

2190 2487 2500 2585 διερουσαλὴ
2508 2527 2566 2580 μ,
2586 2508 2679 2562 καί
2704 2505 2882 2576 κρινεῖ
2905 2499 3008 2554 ἀνά
3036 2498 3199 2571 μέσον
3225 2494 3333 2549 τῶν
3364 2491 3599 2559 ἐθνῶν.)
3624 2487 3761 2556 Κρί-

2182 2579 2275 2660 σει,
2296 2605 2405 2676 γὰρ
2436 2579 2559 2673 θείᾳ
2602 2600 2695 2653 καὶ
2733 2597 2912 2666 λόγοις
2956 2594 3087 2663 ἡμῖν
3118 2590 3398 2662 ἀρρήτοις,
3439 2584 3535 2638 καὶ
3559 2579 3762 2649 «tam

2179 2671 2423 2769 κλήσεως
2456 2671 2569 2747 τῶν
2615 2693 2697 2754 είς
2738 2688 2900 2744 αὑτὸν
2940 2680 3375 2754 ἐπιστρεφόντων
3417 2676 3564 2738 εἰκὸς
3602 2671 3762 2727 αὐτὸν

2179 2765 2443 2862 ἐνεργεῖν.
2485 2784 2646 2839 Ἀλλά
2678 2783 2774 2837 καὶ
2800 2782 2895 2850 τὴν
2924 2777 3075 2831 θείαν
3102 2773 3369 2829 διδάσκων
3390 2770 3539 2840 ἡμᾶς
3561 2765 3763 2837 κρίσιν,

2183 2855 2287 2936 καὶ·
2304 2855 2478 2933 πάντα
2499 2874 2837 2949 κεκριμένως
2863 2871 3011 2941 ἡμᾶς
3042 2867 3301 2940 πράττειν
3327 2859 3619 2923 παιδεύων,
3640 2855 3763 2930 κρί-

2189 2989 2272 3026 σιν
2300 2973 2413 3033 τοῖς
2444 2969 2649 3022 ἔθνεσιν
2681 2963 2909 3030 ἐξοίσειν
2939 2960 3176 3029 λέγεται.

507 3100 775 3165 quuntur.
798 3089 914 3144 Hoc
942 3102 1072 3143 vero
1094 3084 1334 3140 salutare
1364 3079 1634 3150 judicium
1660 3091 1689 3129 a
1719 3074 1941 3131 Christo
1961 3085 2084 3126 esse
2120 3066 2536 3140 proferendum,
2567 3063 2674 3117 alia
2730 3073 2948 3130 quoque
2968 3053 3251 3127 prOphetia
3281 3048 3588 3110 denuntiat,
3645 3059 3767 3116 quae

2782 3155 2815 3165 .-
3126 3148 3137 3160 ο
3166 3161 3223 3165 γε-
3275 3159 3390 3165 ___-_
3456 3160 3469 3165 -
3504 3139 3759 3165 2...l:-:..m

509 3139 910 3165 -.--—--v——-——--
957 3139 1001 3143 η
1050 3139 1060 3140 κ
1364 3139 1382 3150 .

509 3191 592 3244 sic
636 3187 711 3251 ait
738 3206 749 3240 :
773 3184 938 3257 5.50
971 3202 988 3234 ι
1020 3181 1159 3235 Ecce
1190 3192 1326 3249 puer
1354 3191 1532 3233 meus.
1582 3171 1882 3242 suscipiam
1916 3182 2082 3222 eum:
2124 3165 2331 3220 electus
2368 3176 2544 3224 meus,
2581 3155 2823 3225 suscepit
2859 3167 2985 3208 eum
3050 3148 3234 3203 anima
3275 3159 3398 3198 mea
3455 3139 3765 3210 :judicium

2172 3255 2211 3257 _
2495 3251 2506 3257 -
2570 3249 2603 3257 ..
2877 3252 2888 3257 -
3054 3227 3121 3257 n1
3177 3236 3304 3257 οιΑ-
3354 3214 3536 3257 -..ει-ε.’
3563 3232 3635 3257 1..-
3706 3241 3756 3257 ιι.

511 3214 592 3244 DIC
636 3214 711 3251 ἱυι
738 3214 749 3240 ἰ
773 3214 938 3257 “au
971 3214 988 3234 ι
1020 3214 1159 3235 nunc
1190 3214 1315 3249 νυνι
1355 3214 1532 3233 Inuus"
1582 3214 1882 3242 L‘tluv-r-u-u-
1920 3214 2040 3222 ν-η-
2071 3214 2082 3220 -
2128 3214 2328 3220 --ννν-
2372 3214 2383 3215 γ
2436 3214 2447 3216 -
2508 3214 2543 3224 ,,
2746 3214 2764 3225 _

511 3279 768 3352 gentibus
788 3276 1026 3348 proferet
1046 3275 1115 3326 9'.
1149 3291 1167 3323 ι
1202 3267 1444 3322 Proinde
1502 3265 1669 3321 etiam
1705 3267 1773 3317 de
1801 3260 1971 3315 verbo
1993 3257 2130 3312 Novi
2170 3251 2509 3310 Testamenti
2553 3249 2761 3302 dictum
2811 3252 2935 3299 est:
2972 3259 2993 3293 ι
3054 3227 3129 3293 De
3177 3236 3309 3291 Sion
3349 3214 3536 3290 exibit.
3560 3232 3658 3292 lex,
3704 3241 3760 3286 et

2337 3348 2378 3352 ,Α
2526 3340 2584 3352 ιε.
2630 3340 2640 3351 ο
2820 3337 2830 3348 ι
2856 3349 2884 3352 κ-
2922 3334 2971 3352 μ-
2992 3331 3120 3352 12-2-
3210 3327 3621 3352 ....|!-..!L..onnn
3656 3334 3756 3352 nn-

512 3327 765 3352 ww"-
789 3327 839 3348 Γ
984 3327 997 3330 -

511 3372 736 3429 verbum
790 3367 1004 3423 Domini
1051 3366 1117 3420 de
1159 3363 1484 3424 Jerusalem,
1535 3366 1589 3414 et
1626 3354 1899 3427 iudicabit
1939 3352 2083 3406 inter
2120 3360 2313 3420 gentes
2335 3348 2403 3399 ".
2472 3362 2491 3395 ι
2526 3340 2719 3394 Divino
2748 3337 2891 3392 enim
2916 3331 3147 3403 judicio,
3210 3327 3623 3393 rationibusque
3655 3334 3756 3374 no-

511 3466 599 3521 bis
642 3462 873 3547 occultis
914 3470 1080 3530 atque
1129 3454 1497 3512 ineﬂ‘abilihus
1527 3467 1591 3506 ea
1621 3465 1741 3520 quae
1807 3448 1873 3502 ad
1918 3446 2257 3501 vocationem
2320 3437 2595 3510 pertinent
2655 3444 2868 3494 eorum,
2911 3425 3004 3498 qui
3039 3423 3107 3478 ad
3134 3423 3313 3493 ipsum
3354 3421 3762 3478 convertuntur,

1734 3545 1742 3547 ‘
1898 3541 1913 3547 ·
2213 3536 2227 3547 ·
2290 3540 2302 3547 -
2511 3530 2650 3547 Lu-
2701 3525 2961 3547 ερας-μη..
3030 3519 3268 3547 Anum...“
3319 3521 3377 3547 ..θ
3425 3512 3606 3547 ηωηῖσ,
3645 3523 3762 3547 ωιτη

513 3538 898 3613 administrare
966 3554 1120 3609 illum
1163 3567 1262 3622 par
1307 3557 1413 3606 est.
1482 3547 1626 3614 Quin
1673 3545 1837 3600 etiam
1883 3541 2012 3597 dum
2055 3554 2158 3594 nos
2197 3536 2442 3590 divinum
2498 3530 2655 3586 docet
2695 3525 2986 3597 judicium,
3028 3519 3270 3589 dumque
3319 3521 3380 3570 ut
3425 3512 3607 3568 omnia
3645 3523 3769 3565 cum

508 3653 715 3725 judicio
747 3651 1035 3714 faciamus,
1073 3646 1332 3710 instituit,
1354 3644 1622 3714 judicium
1654 3638 1909 3711 gentibus
1947 3635 2150 3690 dicitur
2177 3630 2508 3702 prolaturus.

583 3770 662 3823 Ab
682 3769 880 3824 eodem.
910 3798 980 3808 —
1000 3765 1079 3820 De
1104 3764 1269 3837 signis
1303 3773 1348 3817 et
1390 3759 1648 3831 prodigiis
1683 3773 1801 3829 quw
1829 3753 2015 3810 edidit.

589 3969 610 4002 ι
642 3949 797 4004 Tunc
837 3945 1112 4002 manifesti
1146 3953 1307 4000 erunt
1337 3941 1429 4013 qui
1466 3940 1685 4010 signant
1731 3944 1785 3992 et
1828 3931 2093 3988 claudunt

513 4041 712 4112 legem,
739 4053 807 4093 ne
829 4039 1064 4094 discant.
1098 4035 1320 4090 Etdicet
1350 4050 1364 4086 :
1397 4028 1743 4100 Exspectabo
1780 4025 1974 4087 Deum,
1998 4020 2091 4091 qui

517 4132 717 4187 avertit
762 4128 959 4184 faciem
998 4142 1155 4183 suam
1205 4142 1235 4179 a
1270 4126 1433 4180 domo
1481 4121 1672 4188 Jacob,
1723 4129 1776 4174 et
1814 4114 2093 4171 conﬁdens

515 4241 613 4282 ero
647 4227 703 4278 in
748 4223 887 4293 ipso.
940 4221 1083 4276 Ecce
1122 4235 1221 4290 ego
1266 4229 1320 4274 et
1368 4218 1543 4288 pueri,
1576 4228 1715 4285 quos
1766 4211 1897 4264 mihi
1946 4207 2094 4262 dedit

518 4318 682 4374 Deus.
730 4315 795 4369 Et
824 4323 987 4370 erunt
1032 4312 1189 4383 signa
1234 4319 1286 4366 et
1333 4308 1580 4381 prodigia
1628 4308 1685 4362 in
1714 4304 1880 4359 Israel
1911 4317 1941 4355 a
1988 4299 2095 4353 Do-

518 4410 669 4463 mino
712 4406 976 4469 Sabaoth,
1031 4404 1120 4474 qui
1168 4403 1376 4457 habitat
1405 4402 1457 4455 in
1499 4405 1683 4454 monte
1729 4396 1906 4449 Sion:
1948 4400 2002 4447 et
2048 4390 2095 4444 si

519 4500 761 4556 dixerint
791 4497 860 4552 ad
888 4513 1007 4562 vos,
1040 4494 1268 4567 quaerite
1306 4493 1607 4565 Pythonas,
1653 4496 1708 4544 et
1751 4502 1869 4551 eos,
1905 4484 1998 4555 qui
2030 4483 2096 4537 de

521 4598 667 4647 terra
713 4604 877 4645 voces
920 4588 1111 4650 edunt,
1148 4586 1241 4656 qui
1286 4585 1470 4640 inania
1515 4584 1838 4651 loquuntur,
1887 4578 1982 4647 qui
2030 4573 2097 4629 de

521 4689 712 4738 ventre
739 4695 902 4736 voces
933 4678 1216 4734 emittunt.
1262 4675 1381 4731 Non
1422 4690 1556 4745 gens
1597 4672 1664 4728 ad
1698 4671 1868 4726 Deum
1901 4666 2097 4724 suum?

522 4772 656 4844 quid
698 4771 999 4841 exquirunt
1040 4768 1110 4825 de
1162 4767 1477 4822 viventibus
1534 4779 1564 4818 a
1614 4761 1887 4819 mortuis?
1925 4760 2095 4831 legem

523 4865 669 4922 enim
690 4864 744 4918 in
784 4863 1050 4918 auxilium
1078 4859 1230 4916 dedit
1249 4858 1317 4912 ’³.
1352 4878 1370 4910 ι
1397 4856 1602 4911 Paulus
1631 4853 1851 4926 quidem
1878 4858 2099 4925 aposto-

525 4958 619 5014 lus
643 4958 699 5012 in
731 4956 965 5025 epistola
994 4954 1059 5009 ad
1089 4952 1369 5015 Hebraeos,
1395 4951 1576 5007 citans
1614 4947 1781 5017 hujus
1806 4946 1915 5000 loci
1934 4946 2099 5000 verba

527 5050 621 5105 illa
651 5068 668 5105 :
706 5068 725 5100 ι
757 5046 898 5102 Ecce
922 5061 1023 5117 ego
1051 5053 1106 5100 et
1140 5044 1316 5115 pueri,
1352 5058 1491 5112 quos
1528 5038 1678 5095 dedit
1716 5038 1849 5092 mihi
1874 5036 2093 5091 Deuszi

2117 3759 2159 3814 (ζ
2205 3744 2337 3802 Ἀπὸ
2366 3741 2474 3797 τοῦ
2500 3739 2706 3795 αὑτοῦ.
2758 3766 2829 3814 -;
2849 3731 2989 3800 Περὶ
3034 3723 3448 3814 τῶησημείων
3479 3719 3576 3775 καί
3609 3715 3774 3785 τερά-

2622 3825 2758 3871 των,
2790 3800 2878 3858 ὧν
2901 3796 3351 3878 κατειργάσατο.

2329 3926 2461 3983 Τότε
2483 3921 2706 3995 φανεροὶ
2730 3918 2943 3972 ἔσονται
2962 3914 3012 3967 οἱ
3039 3907 3462 3983 σφραγιζόμενοι
3482 3902 3574 3956 τὸν
3593 3898 3779 3971 νόμον,

2198 4020 2292 4077 τοῦ
2330 4019 2403 4092 μὴ
2439 3992 2645 4090 μαθεῖν.
2698 4012 2807 4066 Καὶ
2850 4010 2994 4081 ἐρεῖτ’
3025 4002 3188 4059 Μενῶ
3218 3999 3309 4053 τὸν
3343 3996 3493 4061 Θεὸν,
3524 3992 3787 4047 τὸνάπο-

2204 4113 2508 4185 στρέψαντα
2526 4108 2585 4161 τὸ
2610 4105 2899 4178 πρόσωπον
2929 4096 3093 4152 αὐτοῦ
3127 4093 3236 4147 ἀπὸ
3262 4088 3355 4142 τοῦ
3378 4087 3529 4139 οἴκου
3560 4078 3780 4143 Ἰακὼϐ,

2201 4170 2295 4260 καὶ
2317 4170 2589 4264 πεποιθὼς
2612 4170 2807 4266 ἔσομαι
2832 4192 2917 4246 ἐπ’
2940 4186 3109 4258 αὐτῷ.
3144 4183 3274 4237 Ἰδοὺ
3293 4177 3422 4247 ἐγὼ,
3452 4174 3543 4227 καὶ
3564 4170 3633 4223 τὰ
3654 4185 3785 4221 παι-

2201 4298 2290 4352 δία
2317 4297 2353 4351 ἀ
2385 4312 2472 4367 μοι
2493 4261 2689 4346 ἔδωκεν
2758 4285 2910 4347 Θεός.
2933 4279 3042 4333 Καὶ
3065 4276 3216 4328 ἔσται
3238 4270 3437 4341 σημεῖα
3462 4264 3555 4318 καὶ
3576 4261 3785 4331 τέρατα

2202 4392 2261 4443 ὲν
2287 4388 2366 4461 τῷ
2385 4353 2615 4458 ⁸Ἰσραὴλ
2654 4376 2804 4450 παρὰ
2830 4371 3032 4443 Κυρίου
3066 4361 3290 4420 Σαϐαὼθ
3313 4400 3327 4423 ,
3359 4359 3417 4421 ὃς
3445 4354 3691 4409 κατοικεῖ
3722 4353 3786 4404 ὲν

2203 4482 2282 4554 τῷ
2309 4450 2423 4555 ὄρει
2464 4450 2619 4532 inhv-
2660 4472 2752 4526 καὶ
2784 4467 2877 4522 ἐὰν
2913 4464 3108 4517 εἴπωσι
3141 4457 3276 4529 πρὸς
3306 4453 3467 4524 ὑμᾶς’
3503 4450 3784 4519 Ζητήσατε

2204 4540 2847 4641 τοὺςξγγαστριμύθους,
2886 4556 2979 4611 καὶ
3010 4554 3136 4615 τοὺς
3168 4547 3276 4602 ἀπὸ
3312 4546 3414 4616 γῆς
3452 4540 3783 4611 φωνοῦντας,

2204 4667 2332 4728 τοὺς
2362 4657 2795 4727 κενολογοῦντας,
2823 4651 2872 4702 οἳ
2898 4651 2961 4701 ἐκ
2979 4646 3080 4715 τῆς
3111 4641 3315 4703 κοιλίας
3348 4635 3636 4708 φωνοῦσιν.
3668 4632 3787 4686 Ούκ

2205 4720 2357 4818 ἔθνος
2390 4751 2525 4825 πρὸς
2549 4720 2680 4802 Θεὸν
2714 4740 2914 4806 αὑτοῦ;
2948 4738 3003 4792 τί
3033 4731 3320 4807 ὲκζητοῦσι
3358 4727 3485 4799 περί
3512 4724 3619 4778 τῶν
3650 4720 3782 4787 ζών-

2204 4866 2313 4903 των
2338 4817 2464 4909 τοὺς
2492 4840 2746 4914 νεκρούς;
2785 4836 2948 4907 νόμον
2979 4830 3089 4902 γὰρ
3121 4829 3200 4891 εἰς
3233 4822 3481 4897 βοήθειαν
3509 4817 3725 4871 ἔδωκεν.
3760 4834 3785 4865 ι

2220 4942 2309 4994 Ἐν
2347 4940 2414 5009 τῇ
2448 4907 2604 5007 πρὸς
2640 4928 2927 5003 Ἐϐραίους
2960 4920 3216 4990 ἐπιστολῇ
3262 4913 3526 4986 παραθεὶς
3560 4912 3588 4965 ὁ
3625 4907 3786 4963 Ἀπόο

2211 5000 2520 5100 στόλος-τὴν
2548 5000 2859 5096 φάσκουσαν
2883 5017 3050 5084 λέξιν·
3080 5033 3097 5065 ι
3140 5011 3269 5065 Ἰδοὺ
3294 5007 3424 5076 ἐγὼ,
3456 5005 3548 5059 καὶ
3572 5000 3641 5055 τὰ
3664 5015 3796 5053 παι-

528 5090 621 5105 .....
652 5091 668 5105 .
707 5090 725 5100 -
759 5090 898 5102 ..νυν
923 5090 1021 5117 νον
1053 5090 1106 5100 ν-
1141 5090 1316 5115 r--.-,
1355 5090 1490 5112 Γ--
1534 5090 1628 5095 --κ
1664 5090 1673 5092 ι
1932 5090 1941 5091 ,

527 5142 846 5213 exsequitur
906 5139 1345 5210 explanationem
1409 5135 1479 5191 de
1532 5133 1797 5194 Christo,
1846 5130 2037 5186 dicens

2202 5124 2287 5178 δία
2320 5123 2355 5177 ἆ
2377 5090 2489 5193 ⁷μοί
2521 5090 2718 5194 ἔδωκεν
2757 5115 2786 5166 6
2828 5112 2979 5174 Θεὸς,
3019 5128 3038 5159 ι
3076 5100 3498 5174 ἐπεξεργάζεται
3530 5095 3658 5166 περὶ
3692 5090 3794 5145 τοῦ

535 5253 556 5287 ι
582 5234 721 5301 Quia
761 5248 892 5304 ergo
934 5231 1088 5301 pueri
1120 5230 1665 5286 communicaverunt
1705 5223 1858 5280 carni
1889 5229 1944 5277 et
1976 5234 2108 5275 san-

530 5326 705 5397 guini,
748 5337 801 5380 et
837 5326 955 5395 ipse
986 5323 1238 5379 similiter
1270 5319 1616 5394 participavit
1660 5316 1889 5379 eisdem,
1926 5321 1985 5368 ut
2012 5326 2110 5381 per

533 5428 763 5475 mortem
795 5420 1101 5475 destrueret
1117 5432 1241 5471 eum
1267 5415 1361 5484 qui
1387 5412 1614 5467 iabebat
1643 5409 1935 5479 imperium
1962 5418 2109 5459 mor-

2214 5214 2452 5290 Χριστοῦ
2479 5213 2670 5280 λέγων’
2710 5228 2727 5259 ι
2776 5205 2930 5259 Ἐπεὶ
2958 5197 3049 5255 οὖν
3084 5197 3154 5251 τὰ
3182 5193 3366 5248 παιδία
3397 5186 3796 5253 κεκοινώνηκεν

2208 5278 2440 5381 αῖξιατος
2459 5278 2794 5373 καὶ-σαρκὸς,
2824 5300 2919 5352 καὶ
2947 5295 3109 5357 αὐτὸς
3135 5284 3533 5359 παραπλησίως
3563 5278 3794 5351 μετέσχε

2207 5402 2313 5456 τῶν
2347 5399 2546 5460 αὐτῶν,
2592 5384 2811 5449 ἵνα’διά
2850 5388 2944 5443 τοῦ
2982 5385 3211 5439 θανάτου
3247 5377 3570 5449 καταργήσῃ
3608 5370 3699 5423 τὸν
3734 5367 3799 5420 τὸ

535 5460 763 5475 η...
796 5460 1241 5475 υνο....ν..ι-ν,--.
1269 5460 1361 5484 ,ιω
1388 5460 1613 5467 ..-η-ν,

534 5513 606 5568 tis
628 5513 695 5567 ".
738 5531 757 5561 ι
795 5510 1002 5565 Pueros
1044 5517 1227 5563 autem
1274 5521 1406 5562 suos
1435 5505 1541 5558 hoc
1577 5505 1633 5559 in
1678 5504 1799 5557 loco
1832 5499 2080 5571 apostolo

2210 5494 2411 5566 κράτος
2459 5490 2651 5561 ἔχοντα
2695 5486 2789 5540 τοῦ
2835 5482 3089 5537 θανάτου.
3131 5497 3149 5529 ι
3182 5473 3393 5571 Παῖδας
3425 5469 3483 5521 δὲ
3524 5460 3690 5520 αὑτοῦ
3736 5461 3801 5513 ὲν

536 5603 801 5667 nominat,
849 5617 945 5672 per
976 5616 1114 5672 quos
1154 5598 1445 5653 Dominum
1488 5594 1729 5650 Sabaoth
1760 5592 1854 5664 qui
1901 5589 2083 5645 habita

2209 5585 2417 5649 τούτοις
2438 5584 2563 5647 τοὺς
2596 5577 2927 5639 ἀποστόλους
2951 5569 3226 5644 ὀνομάζει,
3252 5565 3336 5635 ἐφ’
3359 5555 3433 5615 ὧν
3466 5558 3670 5630 σημεῖα
3701 5553 3801 5607 καὶ

613 5824 658 5857 ⁸’
696 5821 841 5878 Psal.
874 5839 1031 5884 um,
1066 5821 1122 5875 ‘2.
1222 5822 1275 5854 ’θ
1315 5818 1473 5876 Joan.
1513 5835 1579 5891 ν,
1613 5819 1702 5874 ‘22.

547 5896 735 5952 1549.
812 5895 857 5925 ⁹¹⁵
900 5893 1063 5949 llcbr.
1102 5909 1173 5957 ιι,
1214 5891 1300 5946 ιι.

1810 5819 1854 5852 ⁸⁸
1896 5818 1999 5875 lsa.
2036 5830 2162 5883 ut,
2192 5814 2248 5870 2.

2352 5813 2398 5849 ’³
2437 5809 2541 5865 lsa.
2574 5824 2722 5874 xui,
2762 5807 2812 5866 1.
2911 5802 2958 5835 ’³
2998 5799 3105 5856 lsa.
3139 5810 3212 5860 ll,
3244 5790 3359 5860 5,4.
3436 5789 3481 5822 ’⁸
3520 5785 3623 5842 Isa.
3658 5796 3801 5849 vm,
