4098 6418
360 377 456 435 701

1254 369 1903 429 DEMONSTMTIONIS
1952 366 2415 424 EVANGELICAS
2449 364 2580 424 LIB.
2617 365 2710 420 IX.

3488 366 3592 421 702

357 500 556 569 τέρατα
580 496 639 551 ἐν
665 495 743 569 τῷ
771 496 904 566 οἴκῳ
943 492 1156 565 Ἰσραὴλ
1187 493 1433 562 ποιήσειν
1464 489 1556 542 τὸν
1583 488 1787 559 Κύριον
1818 489 1914 542 Σα-

2029 487 2083 541 in
2115 497 2301 542 monte
2349 483 2501 545 Sion,
2536 484 2688 554 signa
2729 488 2782 538 et
2827 481 3072 553 prodigia
3118 483 3173 535 in
3210 481 3379 537 'domo
3421 482 3588 538 Israel

358 588 527 652 ϐαὼθ,
562 590 652 643 τὸν
696 585 1050 642 κατοικοῦντα
1094 585 1151 636 ἐν
1188 582 1266 652 τῷ
1315 581 1430 652 ὅρει
1466 578 1623 642 Σιὼν,
1661 579 1918 632 διδάσκει·

356 680 578 744 τούτους
604 680 661 734 δὲ
688 680 881 741 αὐτοὺς
910 676 1173 746 φανεροὺς
1200 672 1416 727 ἔσεσθαι
1442 669 1682 741 συνήθως
1704 672 1834 741 ἡμῖν
1857 668 1926 723 τά

355 772 625 845 πρόσωπα
662 767 1124 841 σφραγιζομένους
1157 767 1223 836 τῇ
1256 763 1349 818 τοῦ
1377 760 1614 835 Χριστοῦ
1650 761 1922 834 σφραγῖδι,

357 863 775 936 παιδευομένους
803 878 865 915 τε
891 856 1086 932 μηκέτι
1108 860 1199 912 τὸν
1229 856 1503 920 Μωῦσέως
1525 856 1685 926 νόμον
1724 853 1926 925 μανθά-

357 975 490 1021 νειν,
518 955 595 1027 τῷ
628 954 822 1026 μηκέτι
847 952 1166 1007 συνεστάναι
1196 948 1377 1011 αὐτὸν,
1401 947 1493 1001 καὶ
1516 946 1593 1018 τῷ
1620 947 1710 999 τὸν
1731 945 1926 1000 καλού-

361 1065 520 1118 μενον
567 1044 712 1101 οἷκον
777 1043 970 1099 Ἰακὼϐ
1014 1038 1426 1109 καταλελεῖφθαι
1479 1038 1583 1094 ὑπὸ
1617 1037 1711 1092 τοῦ
1765 1036 1921 1090 Θεοῦ·

357 1137 581 1208 ἀσαφῶς
600 1138 656 1191 δὲ
683 1136 833 1209 παρά
859 1139 970 1199 τοῖς
999 1135 1390 1205 Ἐϐδομήκοντα
1412 1130 1715 1203 εἰρημένον·
1750 1149 1767 1181 ι
1792 1129 1923 1182 Τότε

358 1230 582 1302 φανεροὶ
622 1229 835 1283 ἔσονται
866 1230 915 1281 oi
945 1226 1362 1298 σφραγιζόμενοι
1399 1222 1489 1276 τὸν
1528 1222 1689 1293 νόμον
1718 1220 1811 1274 τοῦ
1849 1220 1923 1292 μὴ

363 1320 571 1393 μαθεῖν.
615 1320 725 1375 Καὶ
761 1321 892 1390 ἐρεῖ·
923 1317 1086 1373 Μενῶ
1110 1318 1199 1371 τὸν
1226 1316 1356 1370 Θεὸν
1390 1315 1480 1368 τὸν
1509 1312 1925 1384 ἀποστρέψαντα

356 1412 418 1466 τὸ
439 1412 723 1484 πρόσωπον
740 1407 901 1464 αὐτοῦ
926 1409 1032 1462 ἀπὸ
1048 1408 1137 1461 τοῦ
1154 1408 1302 1462 οἴκου
1319 1404 1529 1469 Ἰακὼϐ,
1550 1404 1642 1458 καὶ⁵
1655 1399 1926 1465 πεποιθὼς

358 1503 550 1572 ἔσομαι
574 1505 659 1555 ἐπ’
678 1501 841 1573 αὐτῷ.
878 1518 896 1551 ι
931 1501 1264 1571 Σαφέστερον
1295 1500 1323 1551 6
1354 1497 1645 1568 Σύμμαχος
1669 1494 1925 1559 ἐξέδωκεν

357 1593 546 1652 εἰπὼν·
589 1614 608 1647 ι
638 1596 808 1665 Δῆσον
850 1592 1161 1667 μαρτύριον,
1206 1592 1500 1661 σφράγισον
1536 1590 1696 1660 νόμον
1727 1590 1785 1641 ἐν
1813 1589 1926 1651 τοῖς

353 1684 684 1757 διατάγμασί
737 1702 859 1757 μου.
913 1684 1021 1738 Καὶ
1060 1681 1410 1754 προσδοκήσω
1446 1680 1536 1733 τὸν
1582 1678 1784 1751 Κύριον
1832 1677 1924 1730 τὸν

354 1777 623 1846 κρυϐόντα
655 1777 715 1831 τὸ
746 1777 1035 1848 πρόσωπον
1063 1773 1225 1829 αὑτοῦ
1253 1773 1361 1827 ἀπὸ
1396 1772 1490 1825 τοῦ
1520 1772 1669 1826 οἴκου
1710 1770 1922 1839 Ἰακὼϐ,

290 1914 295 1921 .
353 1870 451 1923 καὶ
490 1867 740 1940 ἀναμενῶ
777 1867 955 1921 αὐτόν.
992 1885 1010 1917 ι
1043 1867 1151 1919 Καὶ
1187 1866 1216 1917 6
1266 1863 1493 1926 Ἀκύλας
1519 1862 1575 1915 δὲ
1605 1861 1792 1915 τοῦτον
1831 1862 1925 1915 καὶ

354 1959 520 2023 αὐτὸς
567 1960 794 2026 ἐξέδωκε
835 1958 927 2012 τὸν
972 1958 1199 2029 τρόπον·
1246 1975 1264 2007 ι
1301 1955 1560 2025 Ἔνδησον
1609 1953 1922 2025 μαρτύριον,

352 2052 655 2125 σφράγισον
682 2052 843 2123 νόμον
871 2052 929 2105 ἐν
962 2051 1229 2112 διδακτοῖς
1266 2066 1390 2119 μου,
1443 2047 1534 2100 καὶ
1562 2044 1923 2117 προσδέξομαι

350 2145 442 2198 τὸν
486 2144 615 2197 Θεὸν
657 2143 747 2197 τὸν
778 2140 1156 2215 ἀποκρυϐόντα
1190 2141 1252 2191 τὸ
1296 2140 1583 2210 πρόσωπον
1623 2134 1785 2190 αὐτοῦ
1816 2134 1923 2189 ἀπὸ

350 2236 443 2289 τοῦ
475 2236 624 2291 οἴκου
666 2231 879 2295 Ἰακὼϐ,
909 2233 1003 2285 καὶ
1030 2229 1284 2301 ὑπομενῶ
1310 2229 1493 2282 αὐτόν.
1518 2246 1536 2279 ι
1562 2226 1748 2281 Ταῦτα
1766 2225 1809 2278 δ’
1829 2221 1922 2279 οὖν

349 2328 399 2380 οἱ
436 2326 529 2380 τοῦ
561 2326 811 2397 Σωτῆρος
841 2323 997 2395 ἡμῶν
1032 2321 1317 2375 ἀπόστολοι
1349 2320 1686 2374 διδάσκονται
1729 2320 1920 2383 ποιεῖν,

349 2414 431 2481 οἷς
471 2418 601 2487 ἑξῆς
643 2415 901 2485 ἐπιλέγει·
934 2433 951 2465 ι
1000 2414 1130 2466 Ἰδοὺ
1162 2412 1271 2481 ἐγὼ
1301 2411 1394 2467 καὶ
1422 2410 1490 2466 τὰ
1530 2410 1737 2474 παιδία,
1769 2410 1805 2463 ά
1836 2426 1923 2479 μοι

351 2508 548 2561 ἔδωκεν
579 2509 608 2560 6
641 2506 788 2571 Θεὸς.
824 2506 934 2560 Καὶ
966 2505 1120 2571 ,ἔσται
1154 2505 1234 2567 είς
1270 2505 1469 2582 σημεῖα
1502 2500 1596 2556 καὶ
1624 2500 1828 2571 τέρατα
1866 2500 1924 2553 ἐν

348 2599 427 2670 τῷ
460 2598 675 2670 Ἰσραὴλ
699 2597 846 2670 παρά
866 2597 1067 2670 Κυρίου
1088 2593 1334 2649 Σαϐαὼθ.
1364 2614 1381 2645 ι
1419 2595 1476 2648 '0
1490 2592 1584 2646 τοῦ
1600 2590 1733 2645 Θεοῦ
1755 2592 1926 2660 Λόγος

349 2693 406 2744 ἐν
428 2683 473 2759 ᾧ
502 2690 785 2761 ἀνείληφεν
816 2688 1103 2761 ἀνθρώπῳ,
1138 2688 1235 2741 καὶ
1262 2686 1361 2750 τὰς
1389 2684 1670 2758 διατριϐὰς
1702 2699 1927 2753 πεποιη-

351 2781 508 2852 μένος
539 2782 596 2834 ἐν
629 2779 707 2850 τῷ
750 2779 864 2850 ὄρει
897 2778 1055 2842 Σιὼν,
1108 2778 1310 2849 σημεῖά
1345 2793 1405 2828 τε
1452 2775 1549 2829 καὶ
1582 2774 1783 2845 τέρατα
1811 2771 1927 2825 δια-

348 2869 714 2942 πραξάμενος,
746 2868 879 2940 όμοῦ
901 2871 1013 2932 τοῖς
1037 2866 1200 2921 αὑτοῦ
1225 2866 1508 2938 μαθηταῖς,
1540 2864 1633 2918 καὶ
1658 2865 1791 2918 πᾶσι
1815 2864 1925 2926 τοῖς

349 2964 429 3024 είς
454 2961 615 3015 αὐτὸν
644 2960 1062 3014 πεπιστευκόσιν
1100 2958 1159 3024 ἐξ
1193 2957 1445 3012 ἀπάντων
1473 2955 1581 3009 τῶν
1610 2955 1737 3024 πρὶν
1773 2953 1925 3006 εἰδω-

346 3054 619 3125 λολατρῶν
658 3050 1088 3125 παρακελεύεται
1126 3050 1316 3122 μηκέτι
1358 3047 1587 3102 δεδιέναι
1633 3045 1773 3100 κατά
1816 3062 1923 3117 μη-

345 3146 469 3199 δένα
508 3144 709 3217 τρόπον
747 3144 843 3216 τὴν
887 3142 1253 3213 δεισιδαίμονα
1304 3140 1548 3211 πλάνην·
1591 3138 1703 3191 ἀλλ’
1744 3138 1792 3191 εί
1827 3138 1922 3190 καὶ
1948 3162 1989 3219 C

347 3232 773 3306 παρασαλεύοιεν
797 3233 1014 3295 αὐτοὺς,
1043 3230 1075 3302 ἦ
1097 3230 1192 3284 καὶ
1216 3228 1571 3299 ἀναγκάζοιεν
1596 3227 1644 3281 οί
1666 3226 1725 3294 ἐξ
1751 3225 1918 3279 ἐθνῶν

345 3321 723 3393 εἰδωλολάτραι
770 3319 950 3391 ζητεῖν
999 3321 1124 3382 τοὺς
1171 3316 1669 3389 ἐγγαστριμύθους,
1720 3314 1815 3369 καὶ
1850 3314 1919 3370 τὰ

344 3413 453 3465 τῶν
482 3413 748 3483 δαιμόνων
790 3414 1013 3483 μαντεῖα
1045 3412 1120 3471 ὼς
1153 3408 1449 3480 θαυμάσια,
1491 3409 1582 3461 καὶ
1614 3409 1732 3461 κατ’
1767 3406 1919 3460 οὐδὲν

345 3502 600 3556 λείποντα
624 3502 726 3572 τῆς
750 3502 855 3555 τῶν
885 3500 1044 3555 θείων
1069 3501 1162 3554 καὶ¹
1188 3500 1449 3570 θεοφιλῶν
1476 3499 1683 3572 ἀνδρῶν
1711 3515 1921 3570 προφη-

345 3592 504 3663 τικῆς
531 3592 759 3662 διαίτης,
805 3592 1001 3654 αὐτοὺς
1026 3591 1136 3644 δεῖν
1165 3592 1554 3663 ἀποκρίνεσθαι
1601 3590 1695 3644 καὶ
1740 3589 1919 3658 λέγειν

345 3682 603 3737 διδάσκει·
646 3700 663 3732 ι
705 3680 769 3734 Τί
809 3680 1095 3751 ἐκζητοῦσι
1124 3681 1386 3752 περὶτῶν
1419 3680 1633 3746 ζώντων
1669 3681 1795 3743 τοὺς
1828 3696 1918 3731 νε-

347 3776 545 3845 κρούς;
577 3773 737 3845 νόμον
768 3772 872 3844 γάρ
897 3775 977 3836 εἰς
1001 3771 1252 3843 βοήθειαν
1282 3754 1504 3836 δέδωκε,
1536 3789 1554 3823 ›
1581 3774 1674 3824 καὶ
1704 3770 1771 3824 τὰ
1797 3768 1920 3824 τού-

344 3880 457 3927 τοις
486 3862 767 3917 ἀκόλουθα.
804 3864 942 3927 Τοὺς
976 3862 1085 3935 γὰρ
1116 3861 1259 3928 άπαξ
1295 3861 1459 3932 νόμον
1502 3859 1788 3931 εἰληφότας
1824 3860 1919 3914 καὶ¹

349 3952 648 4024 σωτηρίους
694 3950 914 4015 ἐντολάς
960 3952 1052 4004 ἐπὶ
1103 3949 1326 4022 βοηθείᾳ
1370 3949 1465 4003 καὶ
1512 3947 1778 4021 θεραπείᾳ
1823 3949 1917 4003 τοῦ

347 4042 475 4095 ίδίου
507 4042 623 4113 βίου
653 4043 903 4114 περιττὸν
936 4042 1192 4112 μαντείας
1222 4039 1694 4112 πολυπραγμονεῖν
1716 4037 1804 4093 διὰ
1820 4039 1919 4111 τῆς

342 4135 662 4207 δαιμονικῆς
689 4134 906 4207 ἀπάτης
936 4133 1351 4207 ἐνεργουμένας.

355 4425 489 4511 Ἀπὸ
519 4425 626 4480 τοῦ
653 4426 859 4511 αὐτοῦἐ
890 4456 961 4511 :—
987 4426 1128 4508 Hep}
1161 4427 1264 4511 τοᾷ
1292 4427 1379 4511 pip
1409 4427 1708 4511 φανῃτιᾷν
1738 4429 1807 4484 ἐν
1839 4430 1918 4497 τῷ

660 4496 1154 4566 παραδοξοποιεῖν
1187 4496 1307 4552 τὸτί
1324 4500 1599 4567 Χριστόν.

418 4605 437 4637 ι
481 4586 674 4642 Ἰακὼϐ
700 4589 729 4641 6
756 4591 885 4652 παῖς
908 4606 1029 4661 μου,
1058 4589 1414 4661 ἀντιλήψομαι
1434 4589 1622 4644 αὐτοῦ·
1649 4591 1863 4665 Ἰσραήλ
1885 4592 1917 4644 6

341 4679 594 4744 ἐκλεκτός
622 4697 744 4750 μου,
778 4681 1133 4752 προσεδέξατο
1162 4681 1322 4735 αὐτὸν
1349 4680 1546 4754 ήψυχή
1573 4699 1694 4753 μου.
1718 4683 1915 4756 Κρίσιν

338 4774 452 4835 τοῖς
478 4770 682 4825 ἔθνεσιν
710 4772 925 4839 ἐξοίσει,
949 4775 1010 4827 οὐ
1036 4774 1383 4847 κεκράξεται,
1410 4774 1531 4829 ούδέ
1559 4776 1770 4848 ἀνήσει,
1792 4775 1913 4829 οὐδὲ

340 4862 733 4934 ἀκουσθήσεται
756 4862 910 4936 ἔξωή
934 4865 1086 4937 φωνὴ
1110 4865 1297 4934 αὐτοῦ.
1323 4865 1581 4937 Κάλαμον
1602 4883 1915 4940 συντετριμ-

343 4954 500 5025 μένον
524 4955 585 5007 ob
616 4953 887 5020 κατεάξει,
918 4957 1013 5010 καὶ
1034 4956 1176 5012 λίνον
1199 4957 1591 5030 καπνιξόμενον
1620 4959 1679 5012 οὐ
1709 4958 1908 5025 σϐέσει,

340 5046 455 5100 ἀλλ’
487 5047 568 5110 είς
599 5044 851 5118 ἀλήθειαν
885 5047 1081 5112 ἐξοίσει
1110 5048 1312 5120 κρίσιν.
1366 5047 1695 5119 Ἀναλάμψει
1727 5047 1822 5103 καὶ
1850 5049 1909 5102 ού

339 5134 759 5207 θραυσθήσεται,
783 5138 888 5202 ἕως
915 5137 980 5192 ἂν
1018 5138 1083 5211 θῇ
1111 5140 1203 5192 ἐπὶ
1226 5141 1329 5212 γῆς
1362 5139 1561 5213 κρίσιν,
1591 5141 1685 5194 καὶ⁴
1716 5141 1809 5194 ὲπὶ
1832 5140 1911 5212 τῷ

338 5226 560 5298 ὀνόματι
590 5226 755 5281 αὐτοῦ
790 5228 916 5301 ἔθνη
954 5230 1250 5286 ἐλπιοῦσιν.
1295 5232 1450 5287 Οὕτω
1479 5232 1625 5302 λέγει
1654 5234 1857 5305 Κύριος
1882 5238 1911 5289 6

337 5316 489 5382 Θεὸς,
517 5320 545 5371 6
573 5320 800 5390 ποιήσας
826 5321 916 5374 τὸν
938 5323 1181 5394 ούρανδν,
1211 5325 1305 5377 καὶ
1331 5324 1507 5397 πήξας
1528 5324 1707 5390 αὐτὸν,
1736 5327 1765 5379 6
1791 5342 1912 5379 στε-

341 5409 552 5480 ρεώσας
586 5410 685 5482 τὴν
728 5412 831 5483 γῆν
885 5414 983 5466 καὶ
1015 5414 1084 5467 τὰ
1129 5416 1186 5469 ἐν
1220 5416 1380 5486 αὐτῇ,
1414 5417 1506 5470 καὶ
1537 5417 1713 5481 διδοὺς
1743 5417 1910 5490 πνοὴν

336 5498 415 5569 τῷ
440 5498 555 5571 λαῷ
580 5501 658 5573 τῷ
693 5504 778 5555 ἐπ’
802 5504 991 5574 αὐτῆς,
1017 5505 1111 5558 καὶ
1137 5506 1353 5578 πνεῦμα
1383 5510 1496 5571 τοῖς
1526 5508 1783 5562 πατοῦσιν
1814 5511 1910 5563 αὐ-

336 5594 451 5663 τήν.
498 5594 639 5664 Ἐγὼ
674 5595 877 5669 Κύριος
907 5600 935 5650 6
966 5600 1095 5664 Θεὸς
1124 5600 1358 5653 ἐκάλεσά
1386 5617 1446 5653 σε
1485 5602 1542 5654 ἐν
1571 5601 1905 5676 δικαιοσύνῃ,

339 5685 433 5737 καὶ
472 5687 730 5757 κρατήσω
774 5689 873 5759 τῆς
909 5690 1089 5762 χειρός
1120 5708 1233 5754 σου,
1276 5692 1368 5745 καὶ
1401 5690 1665 5762 ἐνισχύσω
1701 5710 1782 5759 σε,
1815 5695 1908 5748 καὶ

339 5773 516 5828 ἔδωκά
540 5792 597 5829 σε
620 5779 700 5841 είς
721 5778 982 5853 διαθήκην
1006 5783 1213 5851 γένους,
1253 5783 1333 5847 εἰς
1353 5782 1467 5853 φῶς
1488 5782 1676 5852 ἐθνῶν,
1702 5785 1904 5853 ἀνοῖξαι

2024 577 2297 632 editurum
2364 574 2611 638 indicat,
2674 572 3004 640 eosdemque
3060 570 3177 626 fore
3234 571 3589 637 manifestos,

2023 665 2150 721 dum
2204 680 2355 719 more
2397 672 2588 718 nostro
2643 661 2825 716 vultus
2870 660 3073 716 Christi
3122 662 3323 715 annulo
3364 663 3593 733 impres-

2024 770 2118 810 sos
2172 761 2227 808 et
2282 754 2523 823 signatos
2564 757 2790 821 gerent,
2837 751 3310 821 monebunturque
3359 768 3427 807 ne
3476 769 3593 808 am-

2025 847 2170 920 plius
2225 843 2393 900 Mosis
2452 844 2621 914 legem
2688 842 2944 905 discant,
3022 844 3220 914 quippe
3285 860 3407 914 quae
3470 861 3590 900 am-

2026 940 2171 1011 plius
2209 952 2321 991 non
2381 936 2691 999 consistat,
2754 950 2821 989 eo
2860 935 3006 1006 quod
3055 952 3175 1006 qua:
3230 945 3457 992 vocatur
3502 937 3593 992 do-

2027 1045 2149 1083 mus
2195 1026 2400 1088 Jacoh,
2460 1040 2490 1079 a
2548 1024 2658 1079 Deo
2709 1026 2902 1079 relicta
2967 1027 3057 1080 sit.
3114 1025 3250 1081 Cum
3306 1044 3437 1083 vero
3489 1028 3591 1083 ob-

2025 1119 2244 1175 scurius
2271 1116 2414 1187 apud
2444 1114 2583 1169 LXX
2615 1115 2819 1169 dictum
2853 1117 2925 1170 sit
2966 1116 3097 1171 illud
3127 1136 3140 1172 :
3180 1138 3198 1169 ι
3228 1116 3379 1172 Tunc
3413 1119 3594 1175 mani-

2025 1208 2149 1263 festi
2166 1216 2327 1262 erunt
2348 1206 2438 1276 qui
2474 1206 2693 1275 signant
2718 1213 2771 1259 et
2793 1206 3052 1260 claudum
3074 1208 3241 1278 legem
3266 1224 3332 1263 ne
3354 1209 3588 1264 discant.

2025 1295 2183 1367 451
2217 1294 2282 1348 Ει
2318 1295 2502 1349 dicet:
2546 1293 2886 1364 Exspectabo
2926 1294 3095 1349 Deum
3136 1300 3227 1367 qui
3269 1300 3463 1353 avertit
3504 1298 3590 1353 fa-

2026 1387 2164 1440 ciem
2194 1400 2347 1439 suam
2374 1401 2402 1438 a
2432 1385 2594 1439 domo
2619 1384 2820 1449 Jacob,
2856 1392 2910 1440 et
2936 1386 3215 1443 conlidens
3240 1404 3333 1443 ero
3361 1391 3416 1443 in
3443 1406 3527 1446 eo.
3565 1408 3586 1443 ι
3614 1374 3629 1407 ³

2024 1475 2247 1531 Planius
2275 1477 2415 1531 idem
2444 1477 2677 1532 reddidit
2701 1475 3060 1551 Symmachus
3081 1479 3167 1533 his
3191 1480 3396 1535 verbis:
3422 1500 3440 1532 ι
3460 1480 3590 1551 Liga

2024 1568 2399 1621 testimonium
2422 1606 2437 1629 .
2474 1567 2632 1639 signa
2664 1570 2832 1639 legem
2868 1571 2922 1623 in
2956 1570 3395 1627 ordinationibus
3431 1574 3589 1629 meis.

2026 1656 2092 1710 Et
2118 1658 2447 1727 exspectabo
2476 1656 2763 1712 Dominum
2787 1659 2880 1726 qui
2903 1659 3190 1713 abscondit
3215 1659 3407 1715 faciem
3432 1676 3590 1715 suam

2025 1764 2054 1803 a
2088 1749 2249 1804 domo
2279 1747 2482 1813 Jacob,
2515 1756 2568 1805 et
2600 1750 2931 1819 exspectabo
2963 1751 3164 1820 ipsum.
3196 1770 3213 1802 ι
3240 1751 3434 1820 Aquila
3463 1765 3593 1807 vero

2024 1842 2188 1896 etiam
2228 1842 2345 1911 ipse
2382 1843 2436 1897 in
2477 1841 2624 1896 hunc
2662 1841 2884 1895 modum
2924 1843 3234 1899 convertit:
3261 1860 3281 1894 ι
3311 1841 3462 1913 llliga
3522 1850 3597 1898 te-

2025 1932 2341 1989 stimonium
2364 1973 2379 1997 ,
2408 1934 2562 2004 signa
2585 1933 2757 2003 legem
2786 1933 2841 1986 in
2873 1931 3203 1989 docibilibus
3234 1934 3401 1994 meis.
3425 1941 3479 1987 et
3506 1949 3597 1988 as-

2025 2038 2236 2080 sumam
2265 2022 2434 2078 Deum
2473 2025 2567 2094 qui
2607 2024 2893 2078 abscondit
2932 2022 3124 2078 faciem
3164 2040 3317 2079 suam
3359 2039 3389 2078 a
3428 2025 3594 2080 domo

2022 2117 2224 2181 Iacob,
2263 2124 2318 2172 et
2355 2116 2683 2187 exspectabo
2724 2115 2925 2184 ipsum.
2965 2134 2984 2167 ι
3031 2113 3159 2169 Haec
3196 2114 3363 2184 igitur
3412 2114 3593 2172 facere

2026 2209 2331 2266 Salvatoris
2360 2210 2531 2265 nostri
2567 2207 2818 2279 discipuli
2846 2208 3131 2269 docentur.
3157 2216 3281 2278 post
3302 2222 3421 2276 qua:
3446 2207 3597 2262 deiu-

2024 2316 2151 2369 ceps
2179 2301 2461 2370 subjungit
2487 2319 2498 2352 :
2532 2318 2549 2350 ι
2576 2298 2714 2353 Ecce
2740 2314 2838 2369 ego
2867 2306 2920 2353 et
2947 2299 3099 2368 pueri
3126 2313 3265 2368 quos
3290 2297 3437 2352 dedit
3458 2297 3591 2357 mihi

1978 2398 1987 2405 “
2025 2391 2191 2446 Deus.
2226 2390 2291 2443 Et
2318 2397 2479 2445 erunt
2505 2389 2559 2443 in
2596 2390 2749 2459 signa
2777 2397 2831 2444 et
2860 2397 3112 2460 portenta
3143 2389 3198 2442 in
3227 2389 3394 2443 Israel
3428 2403 3457 2442 a
3489 2387 3595 2442 Do-

2024 2485 2172 2539 mino
2209 2482 2481 2547 Sabaoth,
2515 2483 2609 2553 qui
2642 2482 2849 2537 habitat
2879 2482 2933 2535 in
2971 2491 3154 2537 monte
3185 2482 3337 2538 Sion.
3375 2502 3393 2536 )
3418 2480 3594 2536 Porro

2024 2573 2289 2629 Dominus
2322 2573 2560 2629 Sabaoth
2584 2614 2598 2637 ,
2632 2574 2813 2644 ipsum
2849 2572 2942 2628 Dei
2978 2572 3215 2627 Verbum
3239 2614 3255 2637 ,
3303 2580 3590 2643 postquam

2022 2665 2287 2720 habitavit
2328 2667 2383 2719 in
2424 2680 2490 2720 eo
2533 2664 2786 2727 homine,
2834 2679 2997 2733 quem
3045 2663 3377 2732 assumpsit,
3432 2669 3487 2717 et
3532 2663 3590 2716 in

2023 2765 2208 2811 monte
2260 2755 2395 2811 Sion
2443 2763 2700 2811 versatus
2751 2762 2872 2820 est,
2928 2755 3195 2826 signaque
3242 2762 3296 2809 et
3339 2762 3592 2825 portenta

2022 2846 2194 2901 edidit
2218 2865 2230 2900 :
2261 2853 2376 2900 tum
2405 2861 2538 2900 vero
2565 2845 2683 2901 suis
2711 2844 2999 2914 discipulis
3019 2885 3034 2909 ,
3062 2852 3117 2899 et
3145 2844 3401 2899 omnibus
3427 2883 3442 2907 ,
3470 2846 3594 2913 qui-

2023 2952 2239 3008 cunque
2283 2944 2443 2992 antea
2488 2937 2801 2992 simulacris
2843 2936 3082 2999 addicti,
3126 2936 3180 2989 in
3222 2935 3378 2990 ﬁdem
3419 2935 3594 3005 ipsius

2022 3029 2340 3093 venissent,
2374 3030 2669 3099 praecepit,
2701 3044 2769 3083 ne
2799 3028 3036 3098 amplius
3066 3026 3477 3097 superstitionis
3506 3041 3595 3080 er-

2024 3138 2202 3177 rorem
2231 3122 2344 3176 ullo
2386 3120 2551 3175 modo
2591 3121 2880 3183 timerent,
2927 3136 3115 3175 verum
3158 3120 3373 3195 potius,
3403 3133 3596 3188 quam-

2019 3214 2103 3269 vis
2130 3215 2281 3284 ipsos
2309 3212 2609 3283 agitarent,
2655 3218 2750 3265 aut
2794 3212 2957 3267 etiam
2993 3222 3286 3282 cegerent,
3328 3211 3421 3282 qui
3450 3210 3591 3281 apud

2018 3308 2210 3375 gentes
2243 3303 2497 3358 colebant
2545 3303 2877 3367 simulacra,
2928 3318 3175 3372 quaerere
3219 3301 3492 3374 Pythones
3540 3309 3595 3357 et

2019 3396 2243 3450 oracula
2276 3394 2583 3449 daemonum
2620 3402 2880 3463 tanquam
2921 3393 3296 3457 admirabilia,
3327 3402 3381 3448 et
3422 3394 3591 3449 nullis

2019 3488 2268 3557 partibus
2322 3484 2582 3540 inferiora
2665 3485 2977 3539 divinorum
3025 3485 3242 3556 Dcoque
3287 3487 3591 3541 amicorum

2016 3579 2300 3633 hominum
2324 3619 2337 3642 ,
2384 3577 2705 3649 prophetico
2744 3579 2889 3641 ritu,
2929 3586 3170 3633 attamen
3206 3579 3317 3650 ipsi
3354 3579 3463 3633 illis
3503 3594 3592 3634 re-

2017 3671 2350 3742 sponderent
2414 3687 2479 3726 ac
2541 3671 2829 3728 dicerent:
2872 3690 2890 3722 ι
2923 3662 3063 3737 Quid
3121 3671 3461 3740 intermgant
3515 3670 3591 3727 de

2021 3764 2330 3819 viventibus
2370 3765 2660 3820 mortuos?
2687 3766 2859 3836 legem
2902 3763 3047 3818 enim
3094 3762 3147 3816 in
3195 3763 3460 3817 auxilium
3503 3762 3595 3818 de-

2018 3852 2137 3908 dit:
2175 3873 2194 3906 ι
2220 3860 2274 3909 et
2314 3869 2436 3924 qua!
2476 3854 2736 3925 deinceps
2784 3863 3110 3924 sequuntur.
3152 3852 3261 3909 Eos
3303 3854 3448 3909 enim
3495 3855 3590 3923 qui

2018 3943 2187 4000 semel
2220 3951 2274 3999 et
2304 3946 2475 4014 legem
2521 3952 2575 3999 et
2630 3944 2897 3998 salutaria
2941 3951 3214 4014 praecepta
3248 3943 3314 3997 ad
3354 3943 3591 4013 propria:

2019 4035 2267 4105 ipsorum
2320 4035 2448 4090 vitae
2496 4050 2655 4106 Opem
2711 4043 2877 4105 atque
2928 4034 3589 4105 medelam-acceperint,

2018 4129 2241 4182 oracula
2299 4144 2422 4199 qme
2479 4127 2797 4184 daemonicis
2837 4127 3124 4182 fraudibus
3183 4127 3311 4181 nixa
3369 4141 3591 4198 responv

2018 4219 2215 4285 deant,
2266 4221 2540 4277 curiosius
2591 4220 2870 4290 inquirere
2927 4233 3397 4290 supervacaneum
3476 4218 3593 4274 ina-

2017 4327 2196 4382 neque
2228 4310 2413 4367 fuerit.
2508 4336 2513 4341 ι

2123 4427 2201 4481 Ab
2239 4427 2436 4482 eodem.
2466 4458 2537 4468 —
2562 4427 2639 4482 De
2667 4426 3006 4483 enuntianda
3039 4435 3132 4479 aut
3162 4424 3481 4490 iudicando,

2336 4497 2463 4552 dum
2504 4498 2767 4552 miracula
2804 4498 2977 4552 ederet
3006 4497 3269 4552 Christus.

2094 4612 2113 4644 ι
2139 4590 2306 4648 Jacob
2349 4608 2486 4663 puer
2515 4608 2669 4648 meus
2690 4633 2705 4655 ,
2741 4592 3037 4662 suscipiam
3073 4607 3196 4646 eum
3227 4609 3240 4644 :
3274 4589 3443 4646 Israel
3485 4589 3598 4645 ele-

2014 4691 2139 4739 ctus
2186 4700 2374 4750 meus,
2406 4684 2708 4755 assumpsit
2737 4700 2861 4739 eum
2892 4684 3075 4738 anima
3108 4697 3228 4738 mea
3264 4700 3278 4737 :
3317 4681 3586 4751 judicium

2013 4776 2267 4848 gentibus
2301 4777 2575 4848 proferet,
2607 4793 2720 4832 non
2755 4777 3045 4841 clamabit,
3094 4791 3273 4846 neque
3313 4775 3585 4840 remittet,

2013 4884 2191 4939 neque
2253 4867 2416 4941 452
2456 4869 2709 4925 audietur
2758 4869 2896 4925 foris
2949 4884 3054 4924 vox
3109 4868 3260 4936 ejus,
3314 4867 3585 4922 calamum

2012 4961 2308 5015 contritum
2358 4976 2467 5015 non
2519 4959 2766 5032 franget,
2821 4968 2877 5016 et
2922 4960 3097 5014 linum
3150 4957 3420 5029 fumigans
3470 4971 3582 5012 non

2011 5052 2353 5123 exstinguet,
2385 5053 2479 5110 sed
2511 5053 2567 5107 in
2599 5050 2832 5107 veritate
2864 5050 3107 5123 proferet
3150 5048 3417 5120 judicium
3438 5091 3453 5115 ,
3495 5061 3584 5104 re-

2012 5145 2318 5216 splendebit
2352 5152 2407 5201 et
2436 5161 2546 5201 non
2589 5144 3073 5216 conquassabitur,
3108 5142 3287 5197 donec
3323 5148 3493 5212 ponat
3524 5142 3582 5196 in

2010 5243 2157 5291 terra
2203 5237 2466 5306 judicium
2493 5278 2509 5302 ,
2557 5246 2612 5292 et
2649 5237 2706 5292 in
2746 5236 2968 5291 nomine
3000 5235 3122 5305 ejus
3167 5241 3357 5305 gentes
3392 5248 3582 5304 spera-

2008 5327 2169 5382 bunt.
2208 5327 2300 5383 Sic
2333 5327 2467 5384 dicit
2502 5327 2766 5384 Dominus
2800 5327 2945 5384 Deus
2978 5328 3071 5398 qui
3106 5327 3233 5391 fecit
3263 5327 3498 5392 cmlum,
3526 5330 3582 5382 et

2008 5419 2244 5475 intendit
2266 5420 2412 5478 illud
2433 5461 2449 5486 ,
2485 5421 2579 5491 qui
2614 5420 2852 5475 ﬁrmavit
2881 5429 3084 5476 terram
3118 5426 3172 5474 et
3204 5433 3269 5474 ea
3303 5433 3423 5489 qua!
3451 5426 3582 5472 sunt

2009 5511 2063 5567 in
2097 5513 2214 5583 ipsa
2235 5553 2249 5575 ,
2288 5513 2494 5585 quique
2526 5512 2621 5566 dat
2653 5511 2837 5566 ﬂatum
2872 5511 3107 5582 pepulo,
3146 5510 3239 5580 qui
3270 5518 3355 5565 est
3394 5506 3448 5563 in
3482 5526 3580 5579 ea,

2006 5611 2062 5660 et
2108 5605 2362 5676 spiritum
2410 5605 2749 5659 calcantibus
2799 5619 2943 5659 eam.
2998 5603 3111 5675 Ego
3145 5602 3407 5659 Dominus
3438 5601 3583 5659 Deus

2007 5702 2135 5751 tuus
2163 5695 2351 5750 vocavi
2380 5704 2430 5751 te
2454 5695 2509 5749 in
2540 5694 2756 5765 justitia
2781 5736 2795 5760 ,
2829 5702 2884 5751 et
2917 5695 3322 5766 apprehendam
3358 5708 3578 5749 manum

2008 5794 2189 5857 tuam,l
2219 5794 2272 5843 et
2302 5786 2669 5843 corroborabo
2705 5794 2757 5841 te
2777 5828 2793 5852 ,
2843 5797 2897 5843 et
2927 5785 3050 5842 dedi
3084 5797 3136 5843 te
3196 5787 3251 5843 in
3284 5792 3580 5842 testamen-
