4098 6428
488 392 594 447 705

1161 387 1432 446 EUSEBII
1470 385 1954 445 CESARIENSIS
1990 387 2144 447 OPP.
2180 387 2364 445 PARS
2388 386 2459 444 11.
2495 419 2565 429 -
2604 383 3105 443 APOLOCETICA.

3638 384 3743 443 7οι

489 521 608 568 tum
638 510 855 583 generis
887 509 943 564 in
972 510 1155 565 lumen
1191 510 1435 581 gentium
1458 549 1474 575 ,
1509 517 1569 564 ut
1599 510 1842 581 aperires
1869 509 2059 565 oculos

2172 508 2469 580 Βφθαλμοὺς
2495 505 2732 575 τυφλῶν,
2771 506 2863 560 καὶ
2900 505 3187 575 ἐξαγαγεῖν
3237 506 3299 559 ἐκ
3344 503 3558 576 δεσμῶν
3597 503 3744 557 δεδε-

490 618 763 660 caecorum
785 643 801 665 ,
836 610 892 657 et
935 603 1199 658 educeres
1241 619 1306 658 ex
1342 603 1580 658 vinculis
1614 603 1883 674 illigatos,
1916 610 1971 659 et
1997 602 2067 658 de

491 697 655 752 domo
685 693 925 749 carceris
957 693 1210 749 sedentes
1244 694 1299 748 in
1335 694 1580 749 tenebris
1608 694 1677 748 ’⁸.
1712 714 1731 747 ι
1759 694 1934 764 Atque
1964 695 2066 748 hu-

486 787 580 858 jus
620 786 728 842 loci
772 786 1106 856 evangelista
1138 785 1416 850 meminit,
1450 801 1561 856 quo
1593 794 1841 857 tempore
1866 784 2064 840 Phari-

497 879 593 935 saei
658 878 952 933 consilium
1007 887 1272 948 ceperunt
1320 886 1511 932 contra
1565 875 1902 933 Salvatorem
1964 893 2065 932 no-

490 980 666 1026 strum
688 1011 703 1036 ,
752 977 810 1025 ut
836 986 960 1026 eum
995 970 1395 1036 interficerent,
1432 979 1718 1041 propterea
1751 973 1897 1042 quod
1929 969 2068 1025 Sab-

486 1062 632 1121 balis
652 1071 980 1135 aegrotantes
1003 1071 1252 1129 curaret;
1275 1082 1294 1114 ι
1318 1072 1453 1117 tunc
1476 1063 1642 1126 enim,
1668 1062 1881 1137 inquit,
1903 1060 2066 1119 Jesus

489 1156 766 1211 intellecta
799 1156 1089 1210 adversum
1153 1171 1212 1211 se
1245 1155 1687 1225 conspiratione,
1723 1155 1950 1211 secessit
1982 1156 2067 1209 in-

488 1247 592 1311 de,
630 1257 684 1302 et
724 1255 929 1301 secuta:
973 1252 1103 1300 sunt
1148 1262 1271 1301 eum
1308 1246 1486 1301 turba:
1519 1246 1731 1310 multzc,
1769 1254 1822 1301 et
1852 1247 2065 1301 curavit

489 1354 587 1395 eos
616 1352 840 1402 omnes,
885 1344 939 1391 et
981 1337 1241 1407 praecepit
1279 1336 1360 1391 eis
1403 1352 1471 1392 ne
1499 1336 1849 1393 manifestum
1883 1337 2063 1409 ipsum

490 1429 741 1487 facerent
774 1430 844 1484 ".
876 1449 895 1482 ι
927 1429 1139 1495 Quibus
1186 1429 1301 1483 haec
1339 1429 1589 1499 adjungit
1623 1428 1922 1500 deinceps:
1963 1430 2069 1485 «Et

488 1523 608 1579 haec
628 1524 835 1588 omnia,
870 1522 1070 1593 inquit,
1105 1522 1248 1578 facta
1273 1535 1403 1579 sunt
1437 1542 1450 1577 :
1492 1542 1510 1575 ι
1553 1523 1655 1577 hoc
1685 1531 1770 1579 est
1802 1521 1949 1593 quod
1980 1536 2068 1578 se-

493 1613 759 1677 cesserit,
792 1613 937 1682 quod
970 1613 1329 1669 declinaverit
1363 1612 1753 1678 insidiatores,
1793 1612 1940 1684 quod
1981 1614 2065 1668 la—

490 1713 610 1759 tere
644 1704 960 1768 studuerit,
995 1702 1124 1758 dum
1160 1704 1426 1759 miracula
1457 1704 1669 1771 ederet,
1700 1705 1957 1775 quodque
1984 1705 2066 1762 eis

493 1812 635 1868 quos
666 1804 956 1860 curasset,
995 1796 1317 1868 praeceperit
1341 1836 1356 1861 ,
1391 1811 1462 1851 ne
1495 1796 1847 1851 manifestum
1885 1797 2063 1867 ipsum

494 1888 739 1945 facerent
757 1928 772 1953 ,
806 1906 825 1939 ί
856 1896 916 1942 ιιι
948 1888 1270 1959 impleretur
1298 1888 1444 1959 quod
1472 1888 1677 1944 dictum
1704 1897 1784 1944 est
1812 1903 1909 1958 per
1936 1903 2064 1959 pro-
2096 1873 2139 1929 Β

492 1979 713 2051 phetam
748 1979 1017 2034 dicentem
1049 1997 1062 2034 :
1109 1979 1251 2034 Ecce
1292 1994 1427 2049 puer
1470 1995 1654 2043 meus,
1689 1980 1743 2034 in
1772 1994 1881 2051 quo
1913 1995 2066 2036 com-

493 2070 674 2142 placui
710 2088 724 2126 :
760 2070 996 2127 dilectus
1039 2086 1224 2136 meus,
1268 2087 1432 2142 quem
1480 2072 1641 2143 elegit
1688 2072 1871 2126 anima
1921 2085 2063 2127 mea.

491 2162 697 2219 Ponam
723 2164 974 2235 spiritum
998 2179 1176 2219 meum
1203 2179 1367 2235 super
1389 2179 1514 2221 eum
1533 2205 1547 2229 ,
1562 2171 1629 2220 ~et
1646 2163 1912 2235 judicium
1935 2179 2068 2235 gen-

493 2257 643 2313 tibus
687 2256 982 2312 nuntiabit.
1027 2254 1144 2312 Non
1205 2255 1500 2312 contendet
1543 2272 1720 2327 neque
1771 2256 2063 2322 clamabit,

494 2364 672 2418 neque
699 2349 885 2405 audiet
913 2348 1182 2420 quispiam
1214 2349 1270 2402 in
1294 2348 1486 2419 plateis
1505 2364 1695 2405 vocem
1722 2348 1861 2420 ejus.
1881 2347 2065 2403 Arun-
2095 2390 2105 2399 .

492 2441 676 2497 dinem
716 2451 1030 2513 quassatam
1072 2457 1181 2497 non
1221 2441 1566 2513 confringet,
1595 2449 1649 2497 et
1688 2441 1863 2497 linum
1902 2439 2067 2497 fumi.

496 2550 634 2613 gans
671 2550 782 2591 non
824 2535 1170 2607 exstinguet,
1216 2534 1393 2591 donec
1440 2535 1629 2605 ejiciat
1679 2534 1735 2591 in
1778 2534 2065 2590 victoriam

491 2626 758 2695 judicium
778 2666 794 2688 ,
821 2634 876 2681 et
904 2626 958 2680 in
991 2624 1213 2682 nomine
1243 2626 1366 2696 ejus
1398 2633 1590 2697 gentes
1617 2625 1918 2697 sperabunt
1947 2625 2013 2682 ’⁸.
2041 2643 2061 2676 ι

492 2715 887 2772 Animadverte
932 2716 1224 2787 diligenter
1272 2731 1511 2787 quonam
1564 2716 1728 2772 modo
1782 2716 2066 2774 Mattlueus

493 2808 587 2863 ubi
631 2808 810 2865 dixit:
843 2828 862 2862 ι
891 2808 1033 2866 Ecce
1077 2824 1214 2880 puer
1254 2823 1409 2865 meus
1436 2824 1597 2880 quem
1630 2810 1802 2881 elegi,
1832 2810 2067 2867 dilectus

493 2916 651 2958 meus
692 2900 749 2956 in
793 2916 903 2971 quo
946 2901 1279 2971 complacuit
1317 2900 1501 2959 anima
1545 2915 1694 2963 mea,
1728 2919 1748 2954 ο
1772 2916 1949 2971 neque
1975 2899 2066 2956 Ja-

494 2994 635 3059 cob,
669 3009 848 3063 neque
892 2994 1063 3050 Israel
1103 2994 1506 3059 nominaverit;
1555 3008 1666 3049 non
1705 2993 1853 3049 enim
1884 2994 2061 3050 dixit:

492 3082 665 3140 Jacob
695 3100 829 3155 puer
860 3100 1016 3141 meus
1035 3127 1050 3150 ,
1089 3085 1257 3142 Israel
1288 3086 1494 3142 electus
1524 3101 1679 3141 meus
1698 3124 1714 3149 ,
1746 3085 1843 3142 sed
1874 3084 2067 3142 indeﬁ—

2169 601 2382 674 μένους,
2409 599 2503 655 καὶ
2527 599 2587 664 ἐξ
2606 599 2756 653 οῖκου
2781 598 3026 670 φυλακῆς
3051 598 3393 671 καθημένους
3417 599 3475 651 ἐν
3499 598 3694 651 σκότει.
3719 617 3741 650 ι

2162 690 2276 749 Kal.
2305 692 2506 764 ταύτης
2543 693 2571 746 6
2604 690 2995 763 εύαγγελιστὴς
3031 693 3359 763 μνημονεύει
3388 689 3492 761 τῆς
3520 688 3744 755 λέξεως,

2164 786 2253 838 Ms
2281 782 2589 850 ἐξελθόντες
2617 783 2668 836 οί
2697 784 2979 856 Φαρισαῖοι
3016 782 3338 855 συμϐούλιον
3376 782 3566 837 ἔλαϐον
3602 782 3746 837 κατὰ

2163 877 2257 932 τοῦ
2288 876 2537 947 Σωτῆρος
2571 872 2748 946 ήμῶν,
2791 874 2938 938 ὅπως
2974 874 3134 928 αὐτὸν
3170 874 3525 937 ἀπολέσωσιν,
3557 873 3745 945 ἐπειδὴ

2164 972 2277 1034 τοῖς
2297 967 2569 1024 Σάϐϐασιν
2596 967 2725 1031 τοὺς
2755 966 3065 1037 κάμνοντας
3089 965 3408 1039 ἐθεράπευε.
3438 984 3458 1019 ι
3495 965 3569 1019 Τὸ
3588 983 3744 1039 τηνι-

2164 1059 2342 1117 καῦτα
2386 1059 2515 1129 γὰρ,
2579 1056 2655 1121 ὥς
2707 1073 2861 1129 φησι,
2920 1057 3083 1125 γνοὺς
3136 1059 3166 1110 6
3209 1056 3417 1129 Ἰησοῦς
3483 1057 3584 1129 τὴν
3618 1056 3746 1112 καθ’

2165 1149 2330 1208 αὑτοῦ
2362 1148 2651 1221 συσκευὴν,
2688 1146 3033 1221 ἀνεχώρησεν
3066 1148 3295 1215 ἐκεῖθεν,
3330 1151 3425 1203 καὶ
3446 1149 3746 1222 ἠκολούθη-

2164 1261 2267 1299 σαν
2286 1241 2434 1314 αύτῷ
2459 1242 2605 1314 δχλοι
2640 1241 2843 1306 πολλοὶ,
2877 1241 2971 1296 καὶ
2996 1241 3359 1313 ἐθεράπευσεν
3386 1240 3581 1307 αὖτοὺς
3609 1242 3747 1296 πάν-

2162 1354 2282 1401 τας,
2336 1337 2430 1391 καὶ
2475 1334 2783 1408 ἐπέπληξεν
2829 1336 3012 1399 αὐτοῖς
3054 1335 3142 1389 ἶνα
3195 1333 3270 1407 μὴ
3313 1335 3544 1406 φανερὸν
3582 1335 3746 1389 αὐτὸν

2165 1430 2480 1502 ποιήσωσιν·
2508 1445 2527 1479 ι
2571 1421 2654 1492 οἷς
2682 1426 2934 1498 ἐπιφέρει
2965 1426 3158 1495 λέγων·
3189 1445 3207 1478 ι
3241 1427 3352 1479 Καὶ
3376 1426 3748 1482 ταῦταέπάντα

2163 1521 2375 1591 γέγονε,
2406 1540 2425 1572 ι
2467 1519 2789 1573 τουτέστιτδ
2805 1521 3103 1591 ἀναχωρεῖν
3137 1518 3319 1583 αὐτὸν,
3345 1520 3440 1573 καὶ
3472 1518 3533 1571 τὸ
3565 1519 3749 1573 ἐκκλί-

2163 1631 2277 1668 νειν
2302 1614 2430 1678 τοὺς
2458 1610 2795 1679 ἐπιϐούλους,
2823 1612 2917 1665 καὶ
2942 1611 3004 1664 τὸ
3041 1610 3321 1665 λανθάνειν
3346 1610 3666 1676 σπουδάζειν
3684 1613 3745 1666 ἐν

2164 1702 2246 1771 οἷς
2268 1706 2473 1779 ἔπραξε
2494 1703 2837 1776 παραδόξοις,
2873 1705 2967 1758 καὶ
3004 1704 3065 1757 τὸ
3099 1705 3417 1775 παρεγγυᾷν
3452 1705 3562 1766 τοῖς
3587 1703 3745 1776 θερα-

2166 1796 2486 1869 πευομένοις
2527 1795 2602 1868 μὴ
2635 1794 2866 1867 φανερὸν
2899 1794 3059 1849 αὐτὸν
3090 1799 3284 1860 ποιεῖν,
3315 1813 3333 1846 ι
3371 1797 3456 1849 ἵνα
3482 1795 3741 1867 πληρωθῇ

2165 1887 2227 1940 τὸ
2260 1887 2421 1959 ρηθέν
2453 1885 2543 1940 διά
2583 1885 2676 1939 τοῦ
2722 1887 3000 1958 προφήτου
3039 1885 3320 1956 λέγοντος·
3368 1887 3499 1941 Ἰδοὺ
3547 1889 3575 1940 6
3617 1888 3747 1950 παῖς
3789 1905 3798 1914 ·

2171 1997 2294 2051 μου,
2334 1979 2394 2033 ὃν
2429 1978 2691 2051 ᾑρέτισα,
2734 1979 2764 2031 6
2803 1978 3089 2050 ἀγαπητός
3123 1996 3224 2050 μου
3257 1981 3338 2044 είς
3368 1980 3428 2033 ὃν
3455 1979 3746 2051 εὐδόκησεν

2167 2073 2202 2141 ἡ
2239 2070 2384 2143 ψυχή
2439 2089 2560 2143 μου.
2601 2073 2763 2144 Θήσω
2795 2072 2856 2126 τδ
2888 2073 3106 2146 πνεῦμά
3155 2092 3256 2146 μου
3304 2073 3391 2128 ἐπ’
3432 2074 3613 2140 αὐτὸν,
3651 2074 3747 2128 καὶ

2166 2164 2348 2235 κρίσιν
2368 2165 2481 2229 τοῖς
2512 2164 2719 2220 ἔθνεσιν
2749 2167 3072 2237 ἀπαγγελεῖ.
3103 2168 3218 2222 υύκ
3237 2166 3408 2239 ἐρίσει
3430 2166 3551 2221 οὐδὲ
3580 2185 3748 2240 κραυ-

2166 2257 2346 2325 γάσει,
2376 2258 2496 2312 οὐδὲ
2530 2258 2826 2315 ἀκούσεταί
2853 2278 2938 2324 τις
2966 2262 3025 2315 ἐν
3055 2263 3174 2324 ταῖς
3197 2260 3479 2324 πλατείαις
3510 2260 3609 2330 τὴν
3638 2277 3749 2329 φω-

2167 2350 2265 2422 νὴν
2292 2351 2477 2407 αὑτοῦ.
2508 2351 2769 2425 Κάλαμον
2797 2353 3253 2426 συντετριμμένον
3274 2353 3333 2408 οὗ
3356 2352 3630 2419 κατεάξει,
3655 2353 3750 2407 καὶ

2167 2441 2311 2496 λίνον
2339 2443 2642 2516 τυφόμενον
2672 2446 2733 2499 οὐ
2770 2444 2972 2511 σϐέσει,
3011 2445 3116 2510 ἐως
3152 2444 3218 2501 ἂν
3250 2445 3453 2518 ἐκϐάλῃ
3491 2447 3572 2509 εῖς
3602 2447 3751 2510 νῖκος

2165 2534 2265 2607 τὴν
2289 2535 2469 2608 κρίσιν
2494 2537 2587 2591 καὶ
2606 2538 2700 2591 ἐπὶ
2719 2537 2799 2609 τῷ
2837 2537 3060 2610 ὀνόματι
3087 2536 3252 2592 αὑτοῦ
3282 2538 3408 2610 ἔθνη
3439 2536 3701 2591 ἐλπιοῦσι.
3725 2557 3744 2589 ι

2167 2626 2334 2700 Τήρει
2373 2627 2431 2682 δέ
2468 2628 2743 2701 ἐπιμελῶς
2775 2631 2895 2684 τινα
2932 2630 3129 2702 τρόπον
3168 2633 3196 2685 6
3240 2630 3513 2695 Ματθαῖος
3556 2629 3746 2684 είπὼνο

2173 2735 2192 2770 ι
2243 2718 2373 2775 Ἰδοὺ
2403 2724 2431 2776 6
2465 2723 2597 2788 παῖς
2627 2740 2751 2794 μου,
2781 2724 2840 2778 ὃν
2875 2724 3123 2797 ᾑρέτισα,
3156 2727 3185 2779 6
3216 2725 3498 2797 ἀγαπητός
3532 2743 3657 2796 μου,
3691 2727 3751 2779 ἐν

2165 2803 2210 2879 ᾧ
2230 2810 2521 2884 εὐδόκησεν
2545 2815 2579 2885 ή
2606 2813 2752 2886 ψυχή
2783 2833 2906 2887 μου,
2944 2836 2962 2868 ι
2997 2815 3122 2870 οὔτε
3151 2816 3245 2870 τοῦ
3291 2816 3484 2870 Ἰακὼϐ
3510 2816 3635 2871 οὗτε
3654 2816 3748 2870 τοῦ

2179 2902 2395 2977 Ἰσραὴλ
2428 2905 2693 2979 ἐμνήσθη.
2730 2907 2803 2960 Οὐ
2833 2908 2942 2980 γὰρ
2976 2904 3145 2962 εἶπενο
3183 2906 3375 2962 Ἰακὼϐ
3400 2910 3429 2962 6
3460 2910 3590 2973 παῖς
3625 2926 3748 2980 μου,

2181 2996 2398 3069 Ἰσραὴλ
2429 2998 2457 3051 6
2485 2997 2738 3064 ἐκλεκτός
2771 3017 2896 3071 μου,
2938 3000 3207 3071 ἀορίστως
3240 3000 3295 3054 δὲ
3337 2999 3629 3071 ἐξήνεγκεν
3669 3001 3747 3054 εἰ-

2169 3085 2306 3143 πών·
2341 3105 2361 3140 ι
2394 3087 2526 3144 Ἰδοὺ
2544 3091 2573 3143 6
2596 3093 2725 3155 παῖς
2747 3109 2870 3163 μου,
2891 3093 2986 3145 καὶ
3007 3093 3035 3146 6
3058 3091 3338 3161 ἀγαπητός
3362 3108 3484 3162 μου.
3515 3111 3536 3144 ι
3565 3090 3745 3155 Ὅθεν,

495 3175 612 3230 nite
637 3174 975 3241 enuntiavit,
1009 3174 1200 3232 dicens
1226 3194 1242 3233 :
1280 3195 1298 3228 ι
1329 3174 1468 3230 Ecce
1499 3190 1635 3246 puer
1663 3190 1819 3231 meus
1839 3214 1855 3240 ,
1891 3183 1948 3232 et
1982 3174 2067 3232 di-

2172 3179 2245 3245 ὡς
2259 3179 2393 3253 μηδὲ
2404 3181 2463 3234 ἐν
2471 3180 2550 3252 τῷ
2573 3180 2844 3254 Ἐϐραῖκῷ
2854 3181 2955 3251 τῆς
2967 3182 3296 3253 προφητείας
3310 3178 3583 3252 κειμένης,
3597 3178 3743 3250 παρά

497 3267 676 3324 lectus
706 3283 881 3324 meus.
913 3287 931 3320 ι
957 3266 1227 3335 Quocirca
1245 3306 1261 3334 ,
1287 3267 1445 3339 quasi
1475 3266 1531 3323 in
1557 3266 1824 3325 Hebraico
1849 3283 1914 3323 ea
1939 3282 2068 3338 pro-

2178 3272 2276 3345 μὲν
2295 3274 2407 3336 τοῖς
2437 3272 2833 3346 Ἑϐδομήκοντα
2861 3271 3147 3353 ᾠϐέλισται
3168 3272 3229 3326 τὸ
3244 3271 3339 3325 τοῦ
3380 3268 3568 3325 Ἰακὼϐ
3580 3268 3740 3323 καὶτὸ

497 3359 682 3431 phetia
737 3374 845 3415 non
894 3360 991 3424 sit,
1028 3361 1173 3432 apud
1213 3361 1362 3431 ipsos
1402 3360 1622 3432 quidem
1653 3357 1797 3414 LXX
1827 3359 2070 3417 obelisco

499 3452 773 3522 signatum
817 3460 902 3509 est
954 3467 1153 3508 nomen
1206 3450 1413 3518 Jacob,
1477 3459 1644 3523 atque
1676 3450 1889 3508 Israel:
1923 3452 2070 3524 apud

499 3540 743 3611 reliquos
799 3547 981 3596 autem
1038 3541 1366 3612 interpretes
1419 3540 1640 3597 silentio
1691 3539 2026 3612 praeteritum
2051 3582 2070 3611 ,

498 3641 787 3702 propterea
833 3631 980 3702 quod
1030 3647 1102 3689 ne
1151 3632 1210 3687 in
1261 3630 1528 3688 Hebraico
1574 3631 1796 3703 quidem
1838 3632 2069 3689 feratur.

497 3724 660 3797 5,53
685 3722 918 3780 Proinde
959 3724 1124 3781 etiam
1153 3724 1492 3796 evangelista
1524 3724 1720 3781 merito
1766 3722 1821 3779 id
1844 3731 2074 3796 praeter-

499 3817 672 3880 misit,
707 3816 913 3889 quippe
941 3817 1035 3888 qui
1067 3827 1121 3874 et
1149 3816 1412 3875 Hebraeus
1438 3825 1608 3884 esset,
1658 3825 1714 3874 et
1744 3817 1801 3873 in
1832 3817 2074 3891 prophe-

495 3909 589 3964 tia:
622 3910 896 3981 positione
925 3909 1226 3968 Hebraicos
1255 3910 1427 3966 libros
1462 3918 1802 3981 sequeretur.
1834 3908 1977 3981 Ergo
2006 3924 2075 3966 ne

500 4001 828 4057 sententiam
850 4001 1072 4073 quidem
1100 4002 1146 4058 si
1177 4011 1414 4073 spectes,
1447 4002 1650 4074 popqu
1678 4002 1747 4058 ad
1776 4000 2072 4058 circumci—

500 4094 712 4152 sionem
752 4094 1042 4165 spectanti,
1076 4094 1359 4150 oraculum
1400 4093 1801 4151 accommodari
1847 4093 2072 4165 poterit,

501 4185 598 4240 sed
624 4184 719 4239 uni
749 4182 971 4240 Christo
1005 4184 1120 4248 Dei,
1149 4185 1237 4240 cui
1271 4192 1327 4240 et
1353 4186 1470 4255 ipsa
1500 4185 1775 4241 evidentia
1831 4193 1889 4240 et
1918 4200 2078 4241 even-

2173 3363 2268 3420 τοῦ
2295 3364 2508 3438 Ἰσραὴλ
2517 3365 2703 3437 ὄνομα·
2719 3367 2813 3421 καὶ
2825 3366 2973 3437 παρά
2982 3368 3094 3432 τοῖς
3103 3366 3307 3430 λοιποῖς
3318 3365 3374 3418 δὲ
3393 3366 3456 3435 ἐρ
3462 3365 3739 3437 μηνευταῖς

2177 3455 2685 3529 παμσεσιώπηται,
2719 3458 2841 3512 ἐπεὶ
2861 3453 2987 3530 μηδ’
3011 3459 3068 3511 ἐν
3092 3456 3170 3529 τῷ
3206 3456 3479 3529 Ἐϐραῖκῷ
3503 3454 3743 3527 φέρεται.

2181 3549 2371 3604 Ἔνθεν
2421 3549 2644 3615 εἰκότως
2674 3550 2792 3604 οὐδὲ
2824 3548 2975 3620 παρά
3021 3547 3099 3620 τῷ
3147 3546 3501 3618 εὐαγγελιστῇ
3538 3545 3750 3618 εἴρηται

2188 3640 2427 3715 Ἑϐραίῳ
2458 3642 2568 3697 δντι
2592 3681 2608 3706 ,
2658 3641 2751 3696 καὶ
2798 3640 3106 3704 ἀκολούθως
3153 3642 3220 3711 τῇ
3257 3638 3527 3709 Ἐϐραίων
3562 3639 3751 3709 γραφῇ

2177 3732 2278 3805 τήν
2306 3733 2638 3807 προφητείαν
2666 3733 2967 3805 ἐκθεμένῳ.
2992 3729 3292 3805 Τοιγαροῦν
3324 3728 3447 3783 οὔτε
3471 3728 3612 3783 κατὰ
3640 3728 3754 3782 διά-

2178 3841 2328 3879 νοιαν
2351 3824 2430 3896 τῷ
2459 3826 2524 3879 ἐκ
2548 3824 2849 3898 περιτομῆς
2877 3822 2993 3895 λαῷ
3013 3821 3083 3877 τά
3114 3820 3478 3892 θεσπιζόμενα
3503 3815 3753 3894 ἁρμόζει,

2183 3916 2328 3988 μόνῳ
2353 3916 2410 3970 δέ
2435 3915 2514 3989 τῷ
2544 3915 2765 3989 Χριστῷ
2793 3915 2887 3972 τοῦ
2912 3914 3048 3970 Θεοῦ
3073 3912 3503 3988 μαρτυρουμένῳ
3525 3912 3631 3966 ὑπὸ
3653 3911 3756 3983 τῆς

2180 4008 2469 4079 ἐναργείας
2496 4008 2590 4063 καὶ
2615 4008 2715 4081 τῆς
2744 4006 2855 4063 τῶν
2882 4007 3224 4081 πραγμάτων
3253 4006 3550 4072 ἐκϐάσεως.
3577 4006 3757 4070 Μόνος

2180 4099 2289 4172 γὰρ
2322 4092 2476 4164 οὗτος
2495 4100 2595 4172 τὴν
2632 4098 2929 4172 μέλλουσαν
2960 4098 3143 4171 κρίσιν
3171 4099 3285 4162 τοῖς
3307 4096 3484 4151 ἔθνεσι
3515 4096 3757 4166 προεκή-

2185 4192 2369 4262 ρυξεν,
2414 4192 2592 4265 ήσυχῆ
2636 4191 2714 4263 τῷ
2749 4190 2850 4262 βίῳ
2879 4188 2988 4246 τῶν
3024 4186 3326 4261 ἀνθρώπιον
3373 4185 3750 4256 ἐπιδημήσας,

502 4282 594 4331 tus
630 4290 813 4332 rerum
848 4275 1007 4332 fidem
1058 4276 1420 4333 indubitatam
1449 4275 1598 4335 facit.
1630 4275 1782 4333 Unus
1812 4276 1959 4333 enim
1987 4277 2070 4333 hic

2185 4283 2277 4339 καὶ
2307 4283 2487 4356 κρίσιν
2514 4283 2607 4337 ἐπὶ
2626 4283 2726 4354 τῆς
2753 4281 2861 4353 γῆς
2893 4280 3149 4351 θέμενοςο
3173 4278 3266 4333 καὶ
3294 4277 3356 4331 οὐ
3392 4277 3550 4348 μόνον
3585 4277 3752 4330 κάλα-

502 4366 748 4423 futurum
789 4367 1059 4438 judicium
1109 4369 1364 4440 gentibus
1422 4369 1637 4440 publice
1693 4368 2070 4438 denuntiavit,

2185 4393 2286 4450 μον
2317 4374 2773 4450 συντετριμμένον
2794 4373 2856 4428 οὐ
2890 4371 3185 4440 κατέαξεν,
3216 4369 3355 4424 ἀλλά
3374 4411 3390 4435 ,
3418 4371 3467 4423 εἰ
3495 4370 3638 4422 ἔστιν
3670 4371 3753 4423 εί-

502 4473 629 4512 cum
653 4460 895 4530 seipsum
916 4462 1080 4518 tacite
1104 4461 1159 4516 in
1189 4462 1356 4517 vitam
1377 4462 1660 4518 hominum
1691 4461 2070 4528 insinuaverit,

2183 4470 2325 4532 πεῖν,
2351 4466 2662 4539 συνέδησεν,
2688 4462 3003 4538 ἀνορθώσας
3028 4463 3121 4518 καὶ
3154 4464 3404 4535 ἰσχυροὺς
3437 4463 3754 4534 ἀπεργασά-

502 4558 669 4623 atque
712 4558 768 4607 in
827 4561 969 4609 terra
1016 4555 1288 4624 judicium
1345 4556 1609 4626 posuerit,
1657 4563 1710 4611 et
1752 4571 1860 4612 non
1908 4557 2070 4612 modo

2177 4575 2336 4634 μενος
2365 4559 2496 4623 τοὺς
2542 4556 2817 4624 ἀσθενεῖς,
2842 4555 2937 4611 καὶ
2966 4556 3094 4619 τοὺς
3128 4556 3618 4627 συντετριμμένους
3656 4553 3756 4626 τὴν

500 4643 825 4699 arundinem
860 4646 1150 4701 contritam
1177 4662 1286 4701 non
1313 4646 1604 4718 confregit,
1643 4646 1762 4713 sed,
1791 4648 1839 4704 si
1879 4648 1963 4706 fas
1987 4658 2070 4706 est

2180 4649 2428 4723 καρδίαν.
2453 4650 2665 4720 Ὠσπερ
2695 4647 2753 4701 δέ
2783 4648 2911 4713 τοὺς
2943 4648 3187 4713 ἀσθενεῖς
3222 4649 3315 4702 καὶ
3358 4648 3589 4718 σαθροὺς
3609 4687 3624 4712 ,
3660 4648 3757 4703 καὶ

500 4732 705 4802 dicere,
737 4738 1033 4809 colligavit,
1070 4754 1194 4794 cum
1240 4739 1487 4797 infirmos
1513 4749 1569 4797 et
1602 4743 1872 4799 contritas
1909 4742 2070 4801 corde

2180 4740 2280 4815 τῆς
2322 4736 2489 4796 αὐτοῦ
2536 4739 2833 4813 θεραπείας
2865 4740 3151 4811 δεομένους
3193 4741 3252 4794 οὐ
3286 4740 3581 4812 παρεώρα,
3635 4739 3757 4794 οὐδὲ

503 4829 758 4891 erexerit.
812 4829 1088 4902 fortesque
1138 4831 1458 4897 reddiderit,
1510 4840 1566 4889 et
1610 4835 2071 4904 quemadmodum

502 4921 751 4979 infirmos
789 4937 854 4978 ac
880 4923 1111 4988 debiles,
1151 4931 1205 4981 et
1241 4940 1356 4981 suae
1380 4925 1553 4996 ipsius
1589 4929 1889 4985 curationis
1926 4930 2073 4985 indi-

502 5020 693 5082 gentes
735 5028 844 5069 non
876 5013 1242 5086 despiciebat,
1292 5032 1472 5088 neque
1523 5033 1663 5089 quos
1711 5019 1913 5091 prioris
1953 5022 2076 5076 vitae

500 5102 871 5173 pmnituisset,
902 5105 1321 5171 condemnabat,
1366 5114 1460 5162 aut
1492 5110 1841 5175 conterebat;
1880 5110 1964 5166 sic
2004 5124 2074 5166 ne

503 5193 628 5251 illos
656 5195 874 5267 quidem
908 5198 1002 5269 qui
1045 5198 1100 5253 in
1144 5200 1304 5256 malis
1352 5209 1787 5272 perseverarent.
1832 5210 1928 5257 aut
1973 5201 2072 5273 qui

502 5288 686 5357 pravis
707 5291 870 5343 animi
894 5289 1179 5348 aﬂectibus
1201 5292 1642 5358 incenderentur,
1670 5293 2073 5366 exstinguebat,

503 5387 599 5434 aut
631 5396 699 5437 ne
735 5397 803 5437 ex
850 5398 951 5439 suo
987 5385 1267 5456 proposito
1309 5400 1518 5457 suaque
1563 5386 1809 5457 ipsorum
1849 5384 2077 5441 libidine

504 5480 747 5541 agerent,
776 5473 1117 5542 prohibebat;
1142 5491 1317 5546 neque
1343 5491 1473 5532 vero
1505 5485 1701 5547 pmter
1725 5485 1940 5545 tempus
1969 5492 2073 5531 un-

504 5574 669 5629 quam
704 5562 899 5618 horum
933 5564 1168 5636 aliquem
1209 5567 1481 5637 supplicio
1520 5566 1719 5631 affecit,
1748 5567 1947 5637 quippe
1978 5567 2072 5638 qui

506 5650 708 5709 talibus
734 5652 944 5711 debitas
972 5671 1071 5726 pro
1117 5658 1328 5713 meritis
1362 5673 1554 5728 pcenas
1588 5658 1642 5715 in
1681 5666 1897 5728 tempus
1923 5675 2073 5715 com-

2184 4832 2579 4905 μετανοοῦντας
2630 4834 2974 4906 κατακρίνων
3021 4833 3366 4906 συνέτριϐεν
3418 4833 3590 4898 οὕτως
3635 4832 3758 4886 οὐδὲ

2179 4926 2304 4990 τοὺς
2350 4927 2464 4989 τοῖς
2503 4928 2692 4989 κακοῖς
2723 4925 3113 4997 ἐπιμένοντας,
3149 4925 3243 4977 καὶ
3276 4924 3380 4978 ὑπὸ
3421 4924 3529 4979 τῶν
3567 4921 3759 4977 παθῶν

2177 5015 2512 5087 τυφομένους
2543 5017 2824 5082 ἐσϐέννυε,
2858 5016 3081 5071 κωλύων
3122 5016 3275 5089 παρὰ
3301 5016 3397 5087 τὴν
3422 5016 3598 5070 αὐτῶν
3627 5032 3760 5086 προ-

2179 5109 2391 5181 αίρεσιν
2419 5110 2692 5182 ἐνεργεῖν
2723 5110 2842 5164 οὐδὲ
2879 5109 2985 5182 μὴν
3019 5109 3170 5182 παρά
3201 5108 3390 5181 καιρὸν
3433 5108 3759 5179 ἐτιμωρεῖτό

2178 5218 2301 5254 τινα
2338 5200 2543 5254 τούτων
2563 5242 2579 5267 ,
2621 5201 2718 5274 τὴν
2750 5203 2870 5255 κατ’
2897 5202 3055 5269 ἀξίαν
3099 5202 3280 5256 αὐτῶν
3308 5201 3524 5254 κόλασιν
3557 5201 3635 5263 εἰς
3666 5198 3761 5252 τὸν

2179 5292 2281 5363 τῆς
2321 5292 2550 5348 καθόλου
2589 5294 2823 5365 κρίσεως
2848 5294 3040 5364 καιρὸν
3072 5292 3522 5366 ὑπερτιθέμενοςσ
3554 5291 3636 5344 διὸ
3663 5289 3760 5344 λέ-

2180 5384 2396 5440 λεκται·
2439 5404 2457 5437 ι
2488 5387 2602 5440 Kal.
2643 5385 2785 5440 λίνον
2829 5386 3130 5457 τυφόμενον
3172 5385 3234 5438 ού
3284 5385 3485 5438 σϐέσει.
3516 5403 3536 5436 ι
3578 5384 3760 5436 ’Δντιτ

2179 5494 2315 5548 κρυς
2343 5477 2400 5531 δέ
2430 5477 2601 5550 πέρας
2627 5478 2814 5551 εἴληφε
2842 5479 2921 5544 τὸ,
2950 5497 2968 5529 ι
2997 5479 3107 5532 Καὶ
3140 5478 3197 5531 ἐν
3228 5476 3306 5549 τῷ
3338 5477 3562 5548 ὀνόματι
3590 5474 3759 5531 αὐτοῦ

2178 5566 2305 5640 ἔθνη
2349 5567 2647 5623 ἐλπιοῦσιν.
2682 5589 2701 5620 ι
2751 5569 2875 5622 Ἐπὶ
2905 5568 3051 5639 μόνῳ
3081 5565 3210 5637 γοῦν
3249 5566 3327 5638 τῷ
3366 5565 3461 5619 τοῦ
3506 5566 3757 5637 Σωτῆρος

2178 5660 2335 5732 ἡμῶν
2367 5658 2540 5732 Ἰησοῦ
2575 5659 2809 5734 Χριστοῦ
2843 5660 3066 5730 ὀνόματι
3097 5658 3294 5729 ήλπισε
3315 5658 3381 5712 τὰ
3410 5655 3757 5729 Χριστιανῶν

576 5829 625 5865 ’⁸
663 5826 766 5889 Ιεε.
796 5845 946 5898 ιιιι,
981 5832 1091 5888 1-7.
1166 5834 1212 5868 ’τ
1251 5832 1437 5892 Matth.
1469 5844 1547 5893 κη
1572 5877 1586 5903 ,
1625 5836 1806 5900 13,16.
1879 5838 1927 5873 ’³
1965 5837 2099 5896 ibid.
2140 5833 2320 5895 17-21.
