4098 6426
344 381 449 438 703
1231 383 1891 443 DEMONSTRATlONIS
1930 384 2393 444 EVANGELICA'J
2428 388 2558 446 LIB.
2600 390 2694 450 IX.
3496 398 3602 456 706

344 500 469 570 ἔθνη
489 543 504 569 ,
539 502 637 574 τὴν
670 501 984 574 ἐπωνυμίαν
1023 500 1190 557 αυτοῦ
1222 501 1298 568 ὡς
1327 502 1533 577 πατρὸς
1562 498 1632 575 ἦς
1660 504 1921 576 παρειλή-

2024 505 2206 562 munis
2227 507 2422 576 iudicii
2453 517 2784 573 reservaret,
2808 524 2874 571 ex
2906 526 3020 582 quo
3051 513 3187 570 illud
3230 514 3437 570 dictum
3469 525 3555 571 est
3582 534 3597 572 τ

343 609 507 662 φασιν
535 593 817 659 εὐσεϐείας
847 597 1284 666 ἐπιγραφόμενα.
1308 596 1417 648 Καὶ⁸
1442 596 1554 667 γὰρ
1579 598 1660 660 είς
1689 597 1803 666 φῶς
1825 597 1921 652 οὐκ

2028 616 2049 651 ι
2081 598 2147 653 Et
2172 599 2344 655 linum
2390 599 2669 673 fumigans
2698 618 2810 659 non
2854 604 3188 675 exstinguet.
3221 626 3241 660 ι
3277 604 3604 666 Planissime

341 682 524 749 ἄλλοις
557 685 589 758 ἢ
624 688 736 751 τοῖς
766 686 941 741 ἔθνεσι
973 684 1217 741 δεδόσθαι
1250 686 1695 758 προσπεφώνηται,
1721 687 1787 741 δι’
1826 688 1921 741 αὺ-

2021 700 2205 747 autem
2235 691 2398 748 ﬁnem
2432 708 2592 749 suum
2618 695 2830 766 accepit
2854 695 3017 751 etiam
3044 696 3177 752 illud
3212 712 3226 749 :
3264 716 3285 749 ι
3317 696 3384 752 Ει
3418 699 3474 753 ίη
3508 716 3603 757 no-

340 775 436 831 τοῦ
466 794 526 830 τε
545 817 560 839 ,
594 780 661 850 τῇ
698 780 998 851 προρρήσει
1024 777 1333 844 ἀκολούθως
1354 820 1369 845 ,
1398 779 1666 851 ὀφθαλμοὶ
1702 779 1921 849 τυφλῶν

2021 782 2173 839 mine
2197 784 2318 854 ejus
2349 795 2536 855 gentes
2561 788 2862 857 sperabunt
2889 788 3003 842 :iin
3035 789 3155 844 solo
3179 789 3325 844 enim
3354 787 3603 847 Salvato-

339 870 449 924 τῶν
485 871 652 926 πάλαι
678 871 778 942 τὴν
805 871 1044 925 διάνοιαν
1072 870 1516 942 πεπηρωμένων,
1547 872 1642 925 καὶ
1669 871 1731 924 οὐ
1759 870 1921 942 μόνον

2021 874 2098 930 ris
2135 876 2312 931 nostri
2342 874 2477 932 Jesu
2509 878 2721 933 Christi
2760 880 3007 945 nomine,
3038 880 3367 938 Christianae
3413 892 3605 955 gentes

340 963 565 1030 τούτων,
597 962 733 1018 ἀλλά
775 964 871 1018 καὶ
904 964 1013 1018 τῶν
1051 965 1182 1017 αὐτὸ
1213 963 1276 1017 τὸ
1310 963 1470 1035 σῶμα
1499 964 1884 1035 ἠφανισμένων
1902 1002 1918 1027 ,

338 1054 436 1109 καὶ
458 1057 506 1108 οί
527 1055 741 1125 δεσμοῖς
761 1071 819 1107 τε
841 1053 937 1109 καὶ
962 1057 1171 1125 σειραῖς
1202 1053 1509 1125 ἁμαρτιῶν,
1538 1056 1596 1109 ἐν
1620 1054 1801 1108 σκότει
1825 1055 1921 1109 καὶ

338 1146 533 1217 ἀγνοίᾳ
559 1146 659 1217 τῆς
690 1145 925 1216 ἀληθοῦς
956 1146 1238 1212 εὐσεϐείας
1271 1146 1331 1200 τὸ
1370 1149 1497 1218 πρὶν
1527 1145 1921 1218 κεκαλινδημέ-

337 1253 439 1300 vat,
461 1235 527 1289 δι’
558 1234 721 1289 αὐτοῦ
749 1235 859 1289 τῶν
881 1236 1165 1308 ἁμαρτιῶν
1188 1236 1459 1301 λυθέντες,
1494 1237 1588 1291 τοῦ
1619 1237 1797 1307 φωτὸς
1821 1237 1921 1308 τῆς

337 1327 592 1398 γνώσεως
620 1327 715 1381 καὶ
743 1325 844 1397 τῆς
877 1327 1032 1399 παρά
1061 1327 1142 1400 τῷ
1168 1327 1286 1399 Θεῴ
1312 1327 1624 1401 ἐλευθερίας
1644 1328 1920 1398 ἠξίωνται.

339 1421 450 1476 Καὶ
480 1422 544 1475 σὺ
574 1421 653 1486 δὲ,
676 1421 769 1474 ἐπὶ
794 1420 989 1492 σχολῆς
1023 1422 1137 1484 τοῖς
1164 1420 1580 1492 ἀποδεδομένας
1612 1419 1921 1485 ἀκολούθως

340 1510 636 1581 βασανίσας
661 1511 760 1583 τὴν
810 1509 975 1577 λέξιν,
1012 1511 1104 1564 ἐπὶ
1140 1510 1288 1582 μόνῳ
1320 1510 1387 1565 ἂν
1418 1509 1598 1584 εὕροις
1627 1509 1706 1582 τῷ
1734 1509 1927 1583 Κυρίῳ

337 1606 429 1660 καὶ
459 1607 671 1680 Σωτῆρι
713 1605 869 1678 ἡμῶν
912 1606 1141 1662 ἕκαστον
1187 1605 1433 1677 ἀκριϐῶς
1479 1605 1591 1661 τῶν
1635 1605 1704 1662 δι’
1750 1604 1924 1678 αὐτῆς

333 1698 677 1772 δηλουμένων
700 1698 1152 1771 πεπληρωμένον.

2021 974 2401 1037 speraverant,
2431 984 2553 1037 quae
2578 971 2745 1025 etiam
2784 987 2849 1027 ex
2884 972 3149 1043 religione
3182 988 3347 1043 quam
3375 989 3606 1045 accepe-

2020 1073 2103 1123 re,
2151 1058 2301 1117 illius
2331 1060 2489 1128 quasi
2536 1062 2781 1130 parentis
2834 1064 3165 1135 cognomine
3202 1072 3406 1121 notatae
3446 1075 3598 1123 sunt.

2024 1148 2237 1206 Etenim
2269 1152 2417 1221 quod
2445 1153 2613 1209 nullis
2661 1153 2786 1209 aliis
2820 1155 2928 1210 nisi
2961 1157 3217 1227 gentibus
3242 1158 3296 1212 in
3320 1158 3499 1213 lucem
3530 1157 3607 1215 sit

2022 1242 2209 1308 datus,
2256 1242 2369 1313 jam
2401 1251 2563 1299 antea
2597 1243 2808 1299 dictum
2857 1247 3077 1304 fuerat:
3111 1255 3166 1303 et
3199 1264 3297 1319 per
3323 1248 3604 1315 eumdem,

2020 1338 2083 1386 ut
2116 1331 2298 1402 ipsum
2340 1335 2627 1389 oraculum
2661 1335 3091 1406 signiﬁcaverat,
3123 1339 3268 1394 oculi
3304 1355 3601 1404 caecorum,

2020 1437 2211 1478 eorum
2239 1424 2427 1495 utique
2458 1426 2553 1496 qui
2594 1428 2872 1498 quondam
2905 1439 3086 1485 mente
3125 1431 3381 1486 excaecati
3420 1441 3602 1500 erant,

2020 1516 2192 1582 aperti
2224 1521 2374 1577 sunt,
2408 1530 2588 1586 neque
2618 1532 2810 1573 eorum
2837 1518 3023 1583 modo,
3055 1519 3149 1575 sed
3178 1521 3343 1576 etiam
3389 1521 3484 1594 qui
3513 1522 3602 1593 ip-

2020 1620 2144 1661 sum
2178 1620 2381 1678 corpus
2429 1608 2821 1678 perdidissent.
2846 1610 3012 1682 Atqui
3039 1612 3278 1670 vinculis
3305 1622 3361 1669 et
3389 1614 3604 1670 catenis

2019 1705 2369 1768 peccatorum
2392 1700 2448 1756 in
2478 1702 2724 1760 tenebris
2751 1710 2808 1758 et
2830 1704 3175 1774 ignoratione
3217 1721 3359 1762 verte
3379 1707 3603 1779 pietatis

333 1795 487 1866 prius
524 1795 904 1859 versabantur,
946 1810 1041 1865 per
1099 1795 1348 1850 eumdem
1385 1808 1418 1849 a
1453 1793 1698 1866 peccatis
1748 1792 1938 1862 soluti,
2003 1792 2186 1849 lumen
2250 1795 2582 1867 cognitionis
2628 1796 3049 1870 libertatemque
3078 1799 3220 1870 apud
3256 1798 3424 1856 Deum
3452 1800 3604 1855 acci~

334 1899 465 1954 pere
492 1892 831 1942 meruerunt.
864 1884 948 1940 Tu
982 1901 1110 1941 vero
1155 1884 1223 1942 ad
1254 1886 1447 1942 borum
1481 1887 1761 1957 exemplar
1791 1900 1914 1957 quae
1949 1884 2200 1957 exposita
2234 1896 2385 1953 sunt,
2428 1888 2478 1944 si
2527 1888 2797 1960 reliquam
2869 1890 3000 1946 item
3071 1890 3367 1948 dictionem
3415 1893 3606 1965 explo-

330 1979 562 2042 raveris,
593 1978 649 2033 in
678 1978 798 2034 solo
822 1976 1052 2035 Domino
1070 1978 1464 2051 Salvatoreque
1519 1988 1733 2047 nostro,
1793 1978 2226 2052 unumquodque
2256 1996 2470 2049 eorum,
2497 1996 2620 2054 qua:
2680 1983 2737 2038 in
2777 1983 2869 2038 illa
2917 1984 3292 2051 continentur,
3356 1985 3607 2042 absolute

331 2073 660 2145 completutn
698 2073 963 2130 invenies.

342 2190 478 2248 Ἀπὸ
517 2191 624 2248 τοῦ
655 2195 972 2269 αὐτοῦη-
1002 2199 1141 2269 Περὶ
1172 2199 1281 2269 τοῦ
1305 2198 1392 2269 μὴ
1431 2200 1790 2253 πιστεύσειν
1826 2199 1916 2264 εὶς

2021 2193 2184 2268 454
2211 2193 2290 2247 Ab
2314 2192 2515 2269 eodem.
2547 2223 2617 2233 —
2646 2193 2814 2269 Deeo
2837 2194 2978 2265 quod
3003 2192 3267 2249 Judaicus
3293 2196 3517 2266 populus
3543 2196 3602 2254 ἔκ

612 2265 801 2320 αὐτὸν
830 2267 938 2322 τὸν
969 2265 1092 2323 τῶν
1122 2265 1421 2324 Ἰουδαίων

407 2392 427 2425 ι
458 2371 612 2428 Εἶδον
644 2377 734 2430 τὸν
776 2378 979 2449 Κύριον
1008 2380 1319 2453 καθήμενον
1351 2382 1445 2434 ἐπὶ
1480 2380 1671 2453 θρόνου
1708 2379 1919 2452 ὑψηλοῦ

331 2465 429 2518 καὶ
459 2467 793 2538 ἐπηρμένου,
816 2471 912 2524 καὶ
938 2473 1214 2543 σεραφεὶμ
1243 2475 1591 2543 εἱστήκεισαν
1619 2472 1806 2543 κύκλῳ
1825 2473 1918 2525 αύ-

331 2553 448 2609 τοῦ.
479 2576 497 2608 ι
544 2553 661 2612 Εἶθ’
690 2559 900 2624 ύποὸἀς
928 2578 1061 2634 φησι
1087 2580 1101 2593 ο
1154 2582 1179 2617 ι,
1222 2563 1335 2618 Καὶ
1368 2564 1577 2635 ἥκουσα
1606 2563 1705 2633 τῆς
1734 2563 1917 2633 φωνῆς

333 2648 542 2721 Κυρίου
574 2649 856 2720 λέγοντος’
882 2652 1017 2708 Τίνα
1050 2655 1355 2709 ἀποστείλω
1373 2696 1388 2719 ,
1420 2656 1514 2709 καὶ
1538 2655 1631 2719 τίς
1655 2654 1917 2727 πορεύσε-

331 2755 422 2792 ται
447 2740 584 2813 πρὸς
602 2742 697 2796 τὸν
722 2742 852 2799 λαὸν
882 2744 1107 2811 τοῦτον;
1139 2748 1251 2801 Καὶ
1277 2742 1436 2800 εἶπα·
1477 2747 1608 2801 Ἰδοὺ
1644 2746 1755 2817 ἐγώ
1777 2750 1912 2818 είμι,

330 2831 652 2886 ἀπόστειλόν
683 2851 771 2905 με.
805 2837 915 2891 Καὶ
943 2833 1097 2891 εἶπεο
1150 2839 1481 2910 Πορεύθητι,
1526 2839 1621 2893 καὶ
1665 2839 1786 2892 είπὲ
1837 2838 1923 2910 τῷ

329 2920 445 2992 λαῷ
469 2923 676 2995 τούτῳ·
717 2927 876 2999 Ἀκοῇ
902 2928 1193 2994 ἀκούσετε,
1225 2931 1323 2985 καὶ
1354 2931 1416 2986 ού
1448 2929 1524 3002 μὴ
1556 2931 1785 3001 συνῆτε,
1822 2931 1917 2985 καὶ

332 3011 623 3081 βλέποντες
650 3016 873 3088 βλέψετε
903 3060 918 3085 ,
943 3022 1038 3077 καὶ
1058 3023 1121 3075 οὐ
1154 3022 1230 3094 μὴ
1262 3023 1430 3094 ἴδητε.
1469 3023 1777 3095 Ἐπαχύνθη
1806 3023 1916 3097 γὰρ

331 3104 364 3176 ἠ
389 3104 585 3176 καρδία
616 3106 711 3161 τοῦ
745 3107 875 3162 λαοῦ
906 3109 1099 3164 τούτου
1127 3152 1142 3176 ,
1172 3113 1266 3166 καὶ
1295 3115 1409 3177 τοῖς
1442 3112 1578 3166 ὠσὶν
1607 3114 1788 3167 αὐτῶν
1819 3114 1917 3186 βα-

333 3197 471 3268 ρέως
498 3199 772 3270 ἤκουσαν,
805 3203 900 3257 καὶ
927 3205 1052 3267 τοὺς
1094 3204 1408 3278 ὀφθαλμοὺς
1439 3208 1622 3263 αὐτῶν
1663 3207 1919 3283 ἐκάμμυ-

331 3305 431 3342 σαν
451 3329 467 3352 ,
498 3290 712 3362 μήποτε
765 3293 914 3350 ἴδωσι
958 3298 1071 3360 τοῖς
1104 3296 1438 3369 ὀφθαλμοῖς,
1487 3301 1584 3356 καὶ
1627 3289 1750 3364 τοῖς⁸
1782 3302 1918 3356 ὠσὶν

333 3381 608 3436 ἀκούσωσι
627 3424 641 3449 ,
668 3385 762 3438 καὶ
783 3388 849 3457 τῇ
884 3388 1081 3460 καρδίᾳ
1115 3389 1347 3458 συνῶσι,
1376 3392 1491 3461 xui,
1511 3394 1880 3466 ἐπιστρέφουσι
1897 3433 1924 3461 ,

332 3473 428 3527 καὶ
463 3473 701 3546 ίάσωμαι
749 3478 964 3542 αὐτούς.
996 3498 1015 3530 ι
1058 3481 1243 3552 ’Ἔχεις
1290 3484 1386 3537 καὶ
1428 3484 1632 3541 τούτων
1674 3485 1738 3539 τὸ
1782 3487 1917 3541 ἀπο-

333 3565 574 3637 τέλεσμα
598 3567 690 3620 ἐπὶ
721 3569 813 3622 τοῦ
844 3571 1097 3643 Σωτῆρος
1123 3575 1304 3645 ἡμῶν,
1331 3577 1473 3631 κατά
1498 3579 1595 3649 μέν
1616 3578 1706 3632 τὸν
1743 3579 1918 3632 ’ῐωάν-
1943 3599 1987 3660 C

334 3673 433 3729 νην
466 3660 716 3729 φήσαντα
739 3677 751 3690 ·
805 3680 824 3713 ι
855 3661 1105 3717 Τοσαῦτα
1145 3665 1202 3718 δὲ
1237 3667 1404 3721 αὐτοῦ
1435 3671 1637 3739 σημεῖα
1683 3687 1914 3742 πεποιη-

331 3746 489 3812 κότος
520 3748 828 3821 ἔμπροσθεν
857 3751 1036 3805 αὐτῶν
1057 3793 1072 3817 ,
1103 3755 1203 3809 οὐκ
1237 3756 1566 3812 ἐπίστευσαν
1602 3760 1681 3823 είς
1727 3760 1912 3824 αὐτὸν,

332 3838 420 3892 ἴνα
469 3842 499 3894 ό
544 3841 701 3911 λόγος
764 3844 986 3899 Ἡσαΐου
1034 3844 1130 3900 τοῦ
1182 3850 1462 3920 προφήτου
1520 3849 1816 3923 πληρωθῇ,
1857 3851 1916 3905 ὃν

331 3929 482 3986 εἷπε⁸
527 3934 736 4007 Κύριε,
776 3936 862 4001 τίς
906 3938 1197 3993 ἐπίστευσε
1233 3943 1298 4013 τῇ
1333 3942 1470 4013 ἀκοῇ
1518 3942 1711 4015 ἡμῶν,
1767 3946 1863 3997 καὶ
1888 3945 1918 3996 ό

333 4027 575 4100 βραχίων
619 4031 825 4102 Κυρίου
869 4031 974 4086 τίνι
1021 4032 1427 4106 ἀπεκαλύφθη,
1482 4035 1567 4089 διὰ
1620 4034 1774 4089 τοῦτο
1817 4036 1918 4089 ούκ

331 4120 595 4189 ἠδύναντο
629 4124 936 4178 πιστεύεινο
969 4120 1092 4178 εἷπε
1120 4125 1230 4199 γὰρ
1259 4126 1418 4181 πάλιν
1456 4127 1718 4192 Ἡσαΐας·
1748 4128 1920 4181 Τετύ-

333 4213 548 4284 φλωκεν
579 4214 760 4268 αὐτῶν
780 4218 905 4280 τοὺς
932 4216 1264 4289 ὀφθαλμοὺς,
1294 4218 1389 4272 καὶ
1412 4217 1706 4291 ἐπώρωσεν
1738 4219 1918 4272 αὐτῶν

332 4305 435 4376 τὴν
466 4306 713 4377 καρδίαν,
742 4306 830 4359 ἴνα
860 4306 934 4379 μὴ
960 4306 1109 4360 ἴδωσι
1130 4310 1241 4371 τοῖς
1273 4307 1572 4379 ὀφθαλμοῖς
1591 4347 1605 4369 ,
1654 4306 1749 4361 καὶ
1794 4307 1920 4378 νοή-

336 4413 473 4452 σωσι
496 4401 564 4469 τῇ
589 4398 785 4470 καρδίᾳ
806 4438 821 4463 ,
853 4399 949 4452 καὶ
978 4398 1347 4471 ἐπιστρέψωσι
1368 4438 1382 4462 ,
1424 4399 1519 4453 καὶ
1553 4398 1793 4470 ίάσωμαι
1818 4399 1918 4452 αύ-

334 4490 481 4555 τούς.
533 4491 717 4545 Ταῦτα
761 4487 914 4545 εἶπεν
951 4491 1212 4556 Ἡσαΐας,
1249 4492 1338 4545 ὅτε
1368 4487 1477 4546 εἶδε
1514 4490 1612 4564 τὴν
1642 4492 1798 4557 δόξαν
1830 4492 1921 4545 αύ-

333 4581 451 4645 τοῦ,
468 4580 563 4634 καὶ
585 4581 814 4653 ἐλάλησε
842 4581 969 4652 περὶ
998 4579 1161 4635 αὐτοῦ
1180 4598 1194 4612 ο
1221 4599 1239 4631 ι
1264 4580 1407 4635 κατά
1431 4580 1488 4634 δὲ
1511 4581 1601 4634 τὸν
1619 4579 1917 4643 Ματθαῐον,

337 4672 427 4726 ὅτε
478 4673 866 4744 προσελθόντες
910 4677 960 4728 ot
1011 4674 1248 4745 μαθηταὶ
1303 4672 1470 4727 αὑτοῦ
1521 4668 1673 4726 εἷπον
1735 4670 1917 4743 αὐτῷ’

337 4765 439 4819 Διά
465 4766 517 4819 τί
549 4767 607 4819 ἐν
636 4766 972 4837 παραϐολαῖς
1003 4767 1186 4830 αὐτοῖς
1218 4766 1428 4830 λαλείς;
1458 4767 1487 4818 ό
1513 4764 1569 4819 δὲ
1600 4764 1921 4838 ἀποκριθεὶς

338 4852 520 4909 εἶπεν·
564 4857 722 4927 Ὑμῖν
751 4856 957 4911 δέδοται
996 4859 1199 4928 γνῶναι
1224 4857 1292 4911 τά
1324 4858 1600 4929 μυστήρια
1632 4858 1732 4929 τῆς
1765 4857 1919 4929 βασι-

2396 2266 2569 2335 ipsum
2601 2265 2897 2319 crediturus
2927 2282 3033 2320 non
3055 2276 3210 2320 esset.

2094 2396 2113 2430 ι
2149 2377 2269 2433 Vidi
2301 2375 2590 2432 Dominum
2631 2376 2907 2433 sedentem
2943 2393 3109 2449 super
3142 2378 3279 2434 solio
3308 2379 3525 2436 excelso
3550 2385 3607 2437 et

2019 2470 2240 2525 sublimi
2270 2489 2283 2524 :
2316 2477 2371 2525 et
2399 2469 2674 2541 seraphim
2712 2470 2932 2525 stabant
2961 2471 3018 2525 in
3053 2470 3289 2526 circuitu
3324 2471 3451 2540 ejus
3470 2466 3537 2529 ’⁵.
3578 2491 3598 2525 ι

2019 2560 2225 2616 Deinde
2269 2561 2550 2631 paululum
2592 2576 2921 2633 progressus
2973 2563 3054 2618 sic
3085 2564 3203 2617 ait:
3243 2581 3261 2614 ι
3303 2562 3370 2617 Ει
3416 2563 3600 2619 audivi

2017 2668 2206 2707 vocem
2258 2650 2472 2706 Domini
2524 2652 2762 2707 dicentis
2806 2671 2819 2707 :
2863 2652 3036 2720 Quem
3097 2653 3344 2709 mittam?
3385 2662 3437 2711 et
3477 2656 3606 2726 quis

2019 2740 2122 2795 ibit
2148 2739 2216 2794 ad
2263 2738 2522 2809 populum
2574 2740 2764 2795 hunc?
2798 2739 2863 2795 Et
2891 2741 3004 2796 dixi
3037 2757 3049 2793 :
3079 2740 3220 2797 Ecce
3246 2758 3348 2814 ego
3382 2743 3602 2810 adsum,

2018 2832 2175 2886 mitte
2203 2846 2309 2885 me.
2353 2829 2419 2885 Et
2452 2831 2590 2885 dixit
2623 2851 2634 2885 :
2668 2829 2839 2895 Vade,
2872 2841 2926 2886 et
2957 2832 3049 2887 dic
3090 2834 3293 2904 popqu
3321 2833 3467 2901 huic,
3487 2844 3604 2889 'au-

2017 2923 2135 2977 ditu
2176 2921 2434 2985 audietis,
2462 2929 2516 2977 et
2540 2934 2647 2975 non
2679 2923 3015 2991 intelligetis,
3041 2933 3093 2978 et
3122 2924 3398 2981 intuentes
3420 2925 3603 2981 inlue-

2018 3014 2232 3078 bimini,
2274 3021 2329 3068 et
2361 3029 2468 3067 non
2509 3013 2783 3069 videbitis.
2813 3013 3077 3091 Crassum
3102 3015 3253 3070 enim
3285 3014 3490 3072 factum
3518 3022 3605 3073 est

2017 3121 2116 3161 cor
2139 3106 2323 3177 populi
2354 3105 2539 3175 hujus,
2569 3116 2622 3161 et
2644 3105 2872 3160 auribus
2893 3106 3011 3161 suis
3029 3107 3270 3178 graviter
3285 3106 3604 3174 audierunt,

2016 3205 2074 3254 et
2100 3198 2293 3254 oculos
2323 3213 2454 3254 suos
2476 3198 2821 3264 'clauserunt,
2853 3198 3145 3268 nequando
3161 3200 3380 3256 videant
3400 3200 3602 3267 oculis,

2018 3296 2073 3346 et
2101 3290 2331 3344 auribus
2366 3288 2617 3353 audiant,
2650 3296 2707 3342 et
2738 3287 2905 3344 corde
2930 3289 3259 3360 intelligant,
3288 3297 3344 3347 et
3382 3305 3608 3347 conver-

2018 3388 2229 3445 tantur,
2280 3387 2336 3435 et
2383 3394 2572 3434 sanem
2619 3380 2775 3435 eos‘.
2826 3399 2846 3431 ι
2895 3378 3098 3435 Harum
3146 3396 3368 3453 quoque
3417 3396 3606 3437 rerum

2019 3471 2190 3528 habes
2222 3479 2477 3526 eventum
2516 3471 2572 3524 in
2612 3468 2900 3525 Salvatore
2925 3478 3137 3535 nostro,
3172 3478 3233 3525 ut
3257 3471 3403 3542 apud
3437 3470 3609 3527 Joan-

2019 3576 2143 3617 nem
2199 3561 2453 3631 lcgimus,
2497 3559 2592 3629 qui
2632 3560 2709 3612 ait
2749 3574 2762 3611 :
2801 3577 2820 3611 ι
2857 3559 2997 3614 Cum
3041 3567 3226 3614 autem
3279 3570 3389 3613 tam
3434 3562 3607 3614 muha

2019 3654 2175 3724 signa
2217 3652 2440 3708 fecisset
2470 3664 2657 3705 coram
2689 3651 2793 3716 eis,
2836 3666 2943 3705 non
2969 3651 3323 3706 crediderunt
3356 3651 3412 3704 in
3442 3666 3594 3716 eum,

2021 3752 2080 3799 ut
2110 3758 2293 3800 sermo
2323 3741 2481 3799 Isaiae
2510 3743 2792 3813 propheta:
2837 3743 3181 3813 impleretur,
3219 3757 3391 3813 quem
3417 3743 3554 3797 dixit
3584 3757 3601 3796 :

2018 3832 2271 3900 Domine,
2315 3834 2441 3905 quis
2476 3834 2706 3888 credidit
2734 3833 2945 3888 auditui
2979 3832 3215 3888 nostro?
3240 3846 3295 3888 et
3321 3834 3605 3888 brachium

2018 3925 2259 3993 Domini,
2285 3929 2377 3982 cui
2404 3927 2704 3982 revelatum
2738 3927 2860 3981 est?
2888 3932 3177 3998 propterea
3208 3941 3318 3981 non
3355 3933 3608 3995 poterant

2018 4022 2262 4089 credere;
2294 4022 2425 4092 quia
2475 4022 2674 4075 iterum
2709 4019 2849 4075 dixit
2892 4020 3066 4077 Isaias
3096 4034 3108 4072 :
3142 4018 3445 4074 Excaecavit
3472 4033 3609 4073 ocu-

2018 4117 2106 4175 I'os
2132 4134 2348 4186 eorum,
2379 4127 2434 4174 et
2464 4117 2744 4172 induravit
2772 4132 2869 4173 cor
2894 4132 3108 4180 eorum.
3134 4132 3203 4173 ne
3228 4117 3448 4173 videant
3471 4131 3609 4172 ocu-

2018 4213 2109 4276 lis.
2142 4221 2196 4268 et
2229 4213 2395 4268 corde
2437 4213 2765 4283 lntelligant,
2797 4218 2854 4267 et
2881 4220 3298 4276 convertantur,
3319 4218 3375 4267 et
3414 4226 3603 4268 sanem

2019 4323 2136 4365 eos.
2184 4307 2312 4364 Haec
2340 4307 2479 4363 dixit
2525 4307 2718 4374 Isaias,
2751 4307 2975 4378 quando
3021 4308 3160 4361 vidit
3195 4308 3423 4379 gloriam
3458 4306 3604 4377 ejus,

2019 4406 2073 4452 et
2129 4398 2348 4453 locutus
2405 4405 2490 4452 est
2534 4395 2602 4451 de
2654 4410 2722 4451 eo
2744 4397 2784 4449 ².
2828 4415 2846 4447 ι
2882 4395 3191 4464 Caeterum,
3245 4403 3304 4450 ut
3348 4402 3433 4452 est
3460 4396 3604 4466 apud

2021 4490 2361 4554 Matthmum,
2399 4492 2724 4546 accedentes
2755 4488 3014 4559 discipuli
3058 4488 3180 4558 ejus
3211 4488 3468 4542 dixerunt
3499 4488 3547 4543 ei
3585 4507 3599 4544 :

2028 4601 2047 4634 ‹
2081 4582 2263 4648 Quare
2299 4583 2352 4637 in
2385 4583 2660 4653 parabolis
2683 4581 2928 4652 loqueris
2956 4580 3071 4635 eis?
3125 4579 3218 4649 qui
3267 4578 3608 4647 respondens

2020 4674 2100 4726 ait
2126 4674 2236 4729 illis
2261 4689 2274 4725 :
2303 4673 2470 4729 Vobis
2492 4673 2678 4729 datum
2708 4681 2792 4729 est
2822 4687 2988 4727 nosse
3020 4671 3279 4742 mysteria
3304 4669 3477 4740 regni,
3496 4669 3606 4723 illis

2022 4772 2203 4820 autem
2258 4779 2368 4819 non
2422 4772 2506 4820 est
2551 4764 2739 4820 datum
2774 4780 2788 4816 :
2818 4764 2941 4819 ideo
2980 4764 3032 4817 in
3085 4761 3360 4826 parabolis
3409 4761 3605 4829 loquor

2022 4855 2125 4919 eis,
2160 4862 2220 4907 ut
2249 4853 2497 4910 videntes
2537 4871 2645 4911 non
2679 4855 2922 4921 videant,
2951 4864 3006 4912 et
3040 4854 3327 4909 audientes
3362 4866 3468 4905 non
3504 4864 3606 4902 au-

339 4945 510 5009 λείας,
535 4946 762 5010 ἐκείνοις
782 4947 839 5000 δὲ
862 4949 924 5001 ού
945 4948 1180 5001 δέδοται·
1207 4947 1293 5002 διὰ
1317 4946 1478 5000 τοῦτο
1498 4946 1921 5017 ἐν-παραδολαῖς

2027 4947 2198 5011 diant,
2229 4931 2299 5000 ne
2331 4948 2553 5016 quando
2576 4956 2988 5009 convertantur,
3019 4955 3073 5001 et
3103 4958 3289 5001 sanem
3315 4941 3603 4999 eos.'I'unc

342 5038 526 5102 αὐτοῖς
555 5037 699 5111 λαλῶ
718 5077 732 5101 ,
761 5038 855 5091 ἵνα
888 5037 1178 5108 βλέποντες
1215 5047 1288 5109 μη
1323 5036 1596 5107 βλέπωσι,
1634 5038 1729 5089 xui.
1759 5035 1925 5089 ἀκού-

340 5146 490 5192 οντες
518 5133 593 5199 μὴ
622 5128 862 5182 ἀκούωσι
882 5169 898 5191 ,
931 5130 1005 5201 μή
1036 5147 1163 5183 ποτε
1198 5127 1567 5201 ἐπιστρέψωσι
1586 5167 1601 5190 ,
1629 5127 1725 5180 καὶ
1757 5125 1923 5180 ἰάσω-

347 5236 445 5290 μαι
474 5218 689 5283 αύτούς.
723 5220 857 5273 Τότε
882 5220 1174 5293 ἐπληρώθη
1208 5221 1296 5275 ἐπ’
1329 5221 1514 5282 αὐτοῖς
1551 5220 1584 5290 ἡ
1617 5217 1925 5291 προφητεία

358 5309 578 5363 Ἡσαΐου
623 5312 657 5382 ἡ
685 5310 920 5379 λέγουσα
939 5328 953 5342 ο
987 5333 1006 5363 ι
1036 5310 1371 5383 Πορεύθητι,
1401 5318 1498 5363 καί
1544 5308 1664 5362 είπὲ
1693 5306 1773 5378 τῷ
1808 5306 1925 5378 λαῷ

343 5396 548 5469 τούτῳ⁸
591 5399 750 5470 Ἀκοῇ
782 5397 1077 5463 ἀκούσετε,
1111 5400 1206 5452 καὶ
1229 5400 1291 5451 οὐ
1322 5399 1396 5469 μὴ
1432 5398 1650 5469 συνῆτε,
1683 5416 1702 5450 ι
1736 5397 1927 5453 καιτά

343 5489 555 5553 τούτοις
595 5490 733 5561 ἑξῆς.
790 5489 1070 5562 Ἐπιτήρει
1114 5490 1172 5544 δὲ
1215 5490 1336 5544 τίνα
1369 5490 1572 5564 τρόπον
1603 5492 1632 5543 ὁ
1674 5489 1927 5563 Ἰωάννης

347 5582 542 5650 ἐπάγει
573 5581 777 5650 λέγων·
813 5601 831 5633 ι
862 5582 1047 5636 Ταῦτα
1077 5578 1231 5635 εἶπεν
1264 5582 1516 5645 Ἡσαΐας,
1549 5582 1638 5637 ὅτε
1675 5576 1782 5635 εἶδε
1826 5582 1926 5652 τὴν

347 5673 501 5740 δόξαν
518 5673 702 5739 αὐτοῦ,
718 5674 812 5729 καὶ
831 5673 1058 5747 ἐλάλησε
1077 5674 1206 5747 περὶ
1225 5673 1413 5738 αὐτοῦ,
1442 5695 1463 5726 ι
1475 5675 1550 5738 ὠς
1571 5675 1663 5729 τὸν
1688 5675 1735 5729 Χ
1742 5674 1925 5747 ριστὸν

2030 5035 2301 5105 completa
2336 5044 2422 5092 est
2464 5037 2521 5091 in
2569 5039 2650 5094 eis
2692 5039 2978 5109 prophetia
3030 5035 3219 5098 Isai:e,
3267 5047 3385 5098 quae
3416 5032 3599 5087 dicit:

2030 5123 2202 5193 Vade,
2232 5136 2286 5181 et
2334 5128 2424 5183 dic
2465 5131 2669 5201 populo
2714 5131 2861 5194 huic,
2900 5129 3088 5184 auditu
3120 5126 3376 5190 audietis,
3410 5135 3462 5178 et
3490 5139 3603 5179 non

2033 5219 2428 5292 inteliigetis‘,
2476 5242 2495 5276 ι
2529 5232 2582 5278 et
2637 5238 2758 5294 qua:
2816 5230 3142 5293 sequuntur.
3193 5218 3426 5273 Attende
3472 5230 3608 5271 vero

2032 5311 2161 5381 quid
2200 5312 2283 5367 .sit
2325 5313 2471 5382 quod
2522 5312 2761 5370 Joannes
2802 5314 3069 5384 adjungit,
3113 5311 3203 5365 ubi
3254 5310 3375 5362 ait:
3418 5329 3438 5360 ι
3479 5307 3607 5365 Ilaec

2028 5404 2166 5459 dixit
2195 5403 2382 5470 Isaias,
2416 5408 2638 5477 quando
2686 5406 2819 5461 vidit
2849 5407 3077 5476 gloriam
3112 5403 3255 5474 ejus,
3281 5411 3336 5457 et
3383 5401 3606 5459 locutus

2028 5504 2112 5550 est
2164 5495 2233 5551 de
2290 5511 2379 5552 eo.
2433 5516 2452 5548 ι
2514 5497 2669 5564 Quod
2725 5512 2858 5552 sane
2912 5512 3020 5551 non
3089 5496 3249 5551 aliter
3322 5492 3604 5563 accipienc

2028 5585 2158 5641 dum
2221 5595 2348 5651 est,
2394 5602 2475 5641 ac
2533 5589 2578 5642 si
2650 5586 2928 5642 Christum
2997 5584 3313 5656 Christique
3371 5583 3603 5654 gloriam

2030 5677 2294 5748 propheta
2351 5680 2409 5734 in
2473 5694 2539 5733 ea
2595 5679 2809 5734 visione
2878 5676 3122 5746 viderit,
3178 5677 3234 5731 in
3284 5690 3394 5745 qua
3454 5674 3531 5729 ait
3581 5687 3605 5733 :

420 5828 463 5859 °'
505 5826 610 5880 Isa.
646 5843 727 5888 VI,
766 5827 872 5888 ΝΞ.
954 5828 971 5858 ¹
1010 5828 1141 5884 ibid.
1174 5828 1330 5886 8-10.
1406 5832 1425 5862 ‘
1472 5828 1631 5886 Joan.
1670 5847 1741 5885 ιιι
1764 5855 1793 5896 ,-
1813 5828 2008 5884 57-41.
2087 5829 2111 5863 ³
2144 5828 2337 5888 unus.
2368 5846 2504 5895 xm.
2550 5832 2729 5889 IC-M.
