4098 6428
505 392 605 450 707

1103 393 1373 449 EUSEBH
1411 389 1894 448 CAESARIENSIS
1929 390 2300 448 OPP..PARS
2337 392 2401 447 ll.
2440 423 2507 435 -
2544 392 3037 452 APOLOGETICA.

3626 403 3732 461 708

500 507 663 580 555
699 525 718 558 ι
752 505 870 561 Vidi
909 503 1196 561 Dominum
1229 503 1467 559 Sabaoth
1498 503 1778 559 sedentem
1821 505 1876 558 in
1924 505 2062 560 solio

2164 508 2468 577 ἑωρακότος
2515 511 2608 562 καὶ
2653 510 2751 581 τὴν
2792 511 3027 583 Χριστοῦ
3071 513 3227 581 δόξαν
3273 516 3367 569 τοῦ
3405 519 3686 591 προφήτου
3713 561 3730 586 ,
3799 517 3812 530 ’

500 598 719 653 excelso
739 605 792 651 et
812 595 1052 663 sublimi,
1089 613 1109 647 ι
1140 603 1195 649 et
1223 608 1345 664 qua:
1368 601 1692 664 sequuntur.
1725 593 1860 660 Quis
1881 599 2065 647 autem

503 701 615 741 non
641 686 944 739 admiretur
989 684 1315 738 oraculum?
1369 698 1493 738 cum
1533 684 1699 739 etiam
1753 695 1903 738 nunc
1930 681 2065 737 adeo

502 776 781 832 evidenter
829 776 1027 830 intueri
1081 776 1243 831 liceat
1284 772 1503 829 Iudaici
1545 775 1729 845 populi
1800 774 2066 829 adversus

502 864 777 920 Christum
813 863 1290 920 incredulitatem?
1325 864 1457 919 Nam
1501 864 1632 918 olim
1664 862 1885 933 quidem
1911 863 2065 918 illum

501 956 775 1011 hominem
806 955 1029 1019 factum,
1054 954 1429 1024 miraculaque
1447 954 1697 1010 edentem
1728 953 1872 1024 apud
1903 968 1963 1010 se
1982 953 2071 1009 in-

499 1053 737 1113 tuentes,
788 1047 958 1101 animi
1014 1054 1178 1116 atque
1222 1047 1596 1117 intelligentiae
1636 1046 1814 1101 oculis
1842 1061 2069 1103 cernere

498 1151 612 1193 non
644 1146 917 1208 poterant,
955 1153 1131 1208 neque
1165 1137 1311 1208 apud
1355 1138 1505 1208 ipsos
1546 1137 1693 1193 ullus
1722 1146 1842 1192 erat
1874 1138 2069 1193 anima:

501 1228 848 1300 intelligentis
882 1228 1133 1289 intuitus,
1161 1242 1269 1297 quo
1292 1230 1682 1297 perspicerent,
1715 1243 1963 1299 quaenam
1977 1242 2070 1284 es-

500 1328 584 1377 set
612 1321 667 1375 in
700 1321 894 1375 mediis
930 1321 1067 1390 ipsis
1096 1319 1297 1383 virtus,
1334 1336 1455 1389 qua:
1483 1328 1634 1375 tanta
1670 1328 1725 1375 et
1756 1329 1864 1375 tam
1896 1321 2067 1375 multa

499 1412 763 1485 miracula
791 1410 1046 1466 ediceret.
1079 1409 1225 1477 Quin
1258 1411 1423 1465 etiam
1456 1426 1580 1465 eum
1627 1412 1854 1467 auribus
1899 1411 2066 1467 verba

497 1502 621 1556 vitae
651 1508 867 1555 aeternae
890 1500 1168 1570 percipere
1197 1498 1376 1552 idonei
1407 1499 1604 1553 redditi
1633 1508 1840 1564 essent,
1876 1509 1931 1555 et
1966 1516 2066 1555 vo-

499 1608 617 1647 cem
648 1594 846 1648 divinae
874 1593 1153 1663 sapientiae
1180 1594 1455 1658 audirent,
1486 1594 1713 1650 auribus
1734 1595 1933 1649 mentis
1955 1609 2067 1650 non

500 1683 815 1748 audiebant,
847 1691 905 1737 ut
935 1685 1015 1739 sic
1062 1684 1313 1740 videlicet
1347 1683 1565 1753 ipsimet
1598 1685 1895 1754 prophetiae
1941 1701 2062 1739 ma-

500 1775 762 1831 nifestum
811 1775 970 1831 ﬁnem
1002 1775 1363 1846 imponerent.
1399 1773 1591 1829 Adhuc
1618 1781 1800 1830 autem
1825 1789 1951 1829 cum
1979 1774 2066 1830 di-

2164 598 2307 651 κατὰ
2331 598 2428 670 τήν
2459 601 2742 665 ὀπτασίαν,
2765 601 2824 653 ἐν
2851 595 2885 674 ᾖ
2912 600 3144 672 έφησεν·
3189 622 3208 654 ι
3237 600 3390 659 Εἶδον
3418 605 3511 658 τὸν
3531 607 3734 682 Κύριον

2165 687 2389 743 Σαϐαὼθ
2414 689 2729 761 καθήμενον
2759 692 2849 745 ἐπὶ
2891 693 3079 764 θρόνου
3113 694 3317 765 ὑψηλοῦ
3352 696 3447 750 καὶ
3489 700 3737 771 ἐπηρμό-

2164 795 2278 843 νου,
2311 799 2330 831 ι
2380 782 2477 834 καὶ
2517 782 2586 835 τὰ
2635 780 2781 852 ἑξῆς.
2830 783 2927 846 Τίς
2962 783 3008 835 δ’
3038 785 3139 837 οὐκ
3185 786 3253 839 ἂν
3294 787 3595 860 ἐκπλαγείη
3632 788 3735 861 τὴν

2165 872 2486 945 πρόρρησιν,
2526 874 2770 946 ἐναργῶς
2803 874 2975 939 οὕτως
3019 877 3185 930 εἰσέτι
3226 876 3322 933 νῦν
3359 879 3502 952 δρῶν
3532 879 3639 935 τῶν
3669 884 3737 936 ἐκ

2167 966 2468 1036 περιτομῆς
2494 966 2593 1037 τὴν
2625 968 2706 1030 είς
2736 967 2970 1038 Χριστὸν
3000 967 3292 1035 ἀπιστίαν;
3323 971 3414 1024 καὶ
3440 971 3607 1026 πάλαι
3633 973 3735 1044 μὲν

2168 1056 2276 1128 γὰρ
2318 1057 2767 1129 ἐνανθρωποῦντα
2795 1060 2888 1112 καὶ
2930 1060 3448 1130 παραδοξοποιοῦντσ
3473 1065 3528 1117 ἐν
3553 1066 3737 1130 αὐτοῖς

2167 1150 2401 1221 ὁρῶντες
2430 1150 2610 1215 αὑτὸν,
2644 1149 2940 1220 ὀφθαλμοῖς
2970 1153 3148 1223 ψυχῆς
3174 1153 3265 1206 καὶ
3290 1150 3528 1218 διανοίας
3550 1156 3724 1228 ὄμμα-

2170 1257 2253 1295 σιν
2276 1243 2375 1294 οὐκ
2402 1241 2629 1294 ἐθεῶντο
2647 1281 2661 1307 ,
2691 1242 2811 1294 οὐδέ
2842 1259 2923 1306 τις
2955 1241 3025 1310 ἦν
3055 1246 3112 1296 ἐν
3146 1245 3327 1309 αὐτοῖς
3350 1250 3541 1319 νοερᾶς
3579 1248 3734 1301 ἐνθυ-

2172 1337 2385 1407 μήσεως
2418 1334 2626 1406 ὅρασις,
2652 1336 2730 1397 είς
2756 1333 2817 1387 τὸ
2845 1335 3079 1389 συνιέναι
3110 1335 3195 1399 τίς
3238 1337 3355 1389 ποτ’
3378 1338 3485 1409 ἄρα
3514 1334 3582 1409 ἦν
3611 1343 3643 1411 ή
3666 1341 3736 1394 τὰ

2165 1428 2402 1481 τοσαῦτα
2449 1428 2542 1481 καὶ
2582 1427 2878 1499 τηλικαῦτα
2928 1428 3414 1501 θαυματουργοῦσα
3455 1432 3513 1484 ἐν
3552 1433 3739 1497 αὐτοῖς

2166 1520 2412 1591 δύναμις.
2447 1518 2608 1573 Ἀλλά
2634 1520 2728 1573 καὶ
2753 1520 2941 1583 αὐταῖς
2974 1522 3163 1584 ἀκοαῖς
3190 1522 3408 1593 ῥήματα
3435 1522 3580 1595 ζωῆς
3605 1527 3729 1578 αίω-

2167 1614 2278 1668 νίου
2299 1612 2550 1678 δέξασθαι
2577 1612 2993 1684 κατηξιωμένοι,
3016 1616 3110 1668 καὶ
3135 1615 3316 1685 φωνῆς
3341 1616 3523 1670 ἐνθέου
3548 1616 3738 1686 σοφίας

2167 1706 2540 1781 ἀκροώμενοι,
2587 1707 2690 1759 ὠσὶ
2721 1706 2960 1769 διανοίας
2993 1708 3094 1760 οὐκ
3136 1708 3358 1779 ἢκουον,
3390 1708 3467 1771 ὡς
3509 1710 3735 1780 ἐναργὲς

2166 1800 2319 1862 τέλος
2350 1800 2647 1868 ἐπαγαγεῖν
2675 1799 2873 1862 αὐτοὺς
2890 1801 2957 1870 τῇ
2981 1800 3305 1870 προφητείᾳ.
3332 1800 3445 1853 Καὶ
3476 1802 3557 1864 είς
3576 1800 3736 1872 δεῦρο

499 1864 684 1920 vinam
714 1866 915 1920 Christi
952 1867 1227 1932 virtutem,
1256 1881 1353 1935 per
1374 1881 1538 1936 quam
1569 1881 1731 1921 omne
1762 1874 1935 1936 genus
1964 1866 2062 1921 ho-

2162 1888 2218 1942 δέ
2246 1888 2344 1959 τὴν
2368 1864 2554 1942 ἔνθεον
2578 1889 2671 1941 τοῦ
2704 1864 3223 1961 Χριστούνδύναήμίν,
3256 1864 3324 1944 δι’
3346 1888 3415 1965 ἦς
3447 1893 3557 1946 πᾶν
3580 1864 3739 1960 γένος

500 1960 707 2013 minum
737 1960 926 2029 patriis
953 1959 1439 2029 superstitionibus
1475 1961 1785 2025 liberatum,
1817 1976 1930 2016 sua:
1979 1962 2064 2031 ip-

500 2049 617 2104 sius
649 2048 900 2119 religioni
932 2049 1184 2118 subjecit,
1220 2058 1329 2103 tam
1364 2051 1512 2105 clare
1565 2052 1855 2106 micantem
1888 2051 2062 2121 inspi-

498 2141 675 2210 ciant,
750 2155 1095 2211 nequaquam
1146 2140 1199 2194 vi
1254 2142 1451 2196 mentis
1500 2141 1830 2207 attendunt,
1886 2157 2064 2212 neque

496 2229 958 2297 animadvertunt,
981 2229 1462 2303 quemadmodum,
1488 2231 1635 2302 quod
1663 2246 1840 2301 neque
1864 2246 1894 2285 a
1915 2230 2063 2288 llose

495 2336 673 2391 neque
695 2337 727 2376 a
755 2322 1155 2392 posterioribus
1186 2321 1335 2378 Mose
1368 2323 1648 2392 prolihetis
1683 2323 1738 2376 in
1771 2323 1902 2379 solis
1929 2322 2064 2393 ipsis

494 2412 728 2469 obtineri
755 2414 955 2484 potuit,
993 2416 1097 2470 hoc
1138 2423 1223 2471 est
1272 2432 1341 2471 ne
1373 2416 1685 2472 simulacris
1738 2415 2061 2472 addiceren-

493 2510 605 2570 tur,
640 2521 815 2576 neque
847 2505 1143 2560 multorum
1167 2508 1393 2561 deorum
1418 2507 1794 2579 superstitioni
1826 2506 2063 2563 adhaere-

494 2603 636 2663 rent,
671 2598 852 2668 ipsum
884 2597 989 2652 hoc
1024 2598 1079 2652 in
1122 2597 1338 2653 cunctis
1371 2598 1622 2668 gentibus
1652 2598 1837 2652 divina
1871 2597 2061 2652 Salva-

495 2686 633 2741 toris
693 2686 869 2741 nostri
929 2688 1128 2751 virtus,
1187 2695 1248 2741 ut
1300 2688 1747 2752 constitueretur,
1798 2685 2058 2741 eﬂ'ecerit.

494 2777 698 2835 Deinde
716 2780 1031 2850 prophetica
1053 2781 1121 2835 de
1144 2779 1239 2834 illo
1263 2780 1575 2835 testimonia
1601 2779 1821 2835 assidue
1841 2794 2065 2835 versan-

493 2882 598 2937 tes,
630 2872 819 2927 auditu
850 2871 1070 2942 quidem
1125 2872 1379 2936 audiunt,
1417 2870 1513 2926 sed
1568 2886 1677 2926 non
1724 2870 2060 2940 intelligunt,

496 2967 684 3030 utpote
732 2975 856 3014 cum
915 2959 1077 3014 etiam
1117 2975 1264 3014 nunc
1313 2959 1618 3031 prophetia,
1660 2976 1783 3031 qua!
1816 2976 1963 3015 nunc
2004 2960 2061 3014 in

494 3051 747 3106 manibus
773 3058 877 3118 est,
908 3058 1101 3106 contra
1135 3052 1286 3124 ipsos
1316 3066 1506 3107 revera
1534 3054 1893 3123 compleatur.

492 3167 536 3220 A
569 3165 1423 3231 Zaclzariu.—Quemadmodum
1472 3182 1627 3235 super
1675 3167 1821 3235 pullo
1876 3165 2059 3223 sedem

659 3235 1030 3306 Hierosolyma
1060 3239 1392 3307 ingressurus
1413 3238 1629 3291 oraculo
1657 3238 1889 3292 dicatur.

571 3366 590 3400 ε
635 3346 823 3404 Gaude
864 3349 1234 3414 vehementer,
1286 3348 1396 3404 lilia
1446 3349 1613 3417 Sion;
1661 3350 1917 3421 prmdica,
1952 3351 2060 3406 ﬁlia

491 3442 813 3497 Jerusalem.
848 3441 989 3497 Ecce
1022 3424 1133 3498 Rex
1160 3450 1289 3497 tuus
1320 3443 1470 3498 venit
1499 3443 1596 3496 tibi
1631 3443 1817 3512 justus
1857 3453 1914 3499 et
1948 3445 2062 3499 sal-

490 3549 589 3590 vos
633 3533 841 3589 faciens
876 3554 892 3588 :
924 3534 1041 3605 ipse
1093 3543 1414 3589 mansuetus
1468 3542 1523 3588 et
1556 3534 1848 3604 impositus
1895 3550 2062 3605 super

486 3623 797 3694 jumentum
831 3631 886 3680 et
912 3624 1125 3695 pullum
1155 3624 1581 3680 adolescentem.
1619 3626 1686 3679 Et
1719 3626 1910 3695 perdet
1933 3642 2061 3681 cur-

492 3729 614 3767 rum
652 3730 722 3768 ex
765 3713 1019 3784 Ephrem,
1047 3723 1101 3771 et
1130 3730 1329 3784 equum
1355 3729 1422 3769 ex
1450 3713 1750 3771 Jerusalem
1782 3735 1795 3770 :
1838 3724 1892 3772 et
1917 3718 2063 3786 peri-

490 3799 568 3854 bit
602 3814 764 3855 arcus
792 3802 1040 3867 bellicus,
1072 3809 1127 3857 et
1157 3802 1491 3857 abundantia
1511 3804 1664 3873 pacis
1689 3819 1754 3859 ex
1783 3806 2058 3874 gentibus.

491 3892 556 3946 Et
575 3894 943 3964 principatum
969 3895 1238 3950 obtinebit
1270 3909 1299 3949 a
1321 3896 1460 3949 mari
1492 3911 1667 3966 usque
1699 3894 1768 3949 ad
1800 3912 1971 3960 mare,
2005 3905 2062 3952 et

488 3999 520 4037 a
551 3982 869 4039 ﬂuminibus
919 4000 1014 4053 per
1059 3986 1505 4056 exporrectiones
1559 3994 1719 4041 terra:
1747 3986 1790 4042 ⁸.
1843 4006 1863 4039 ι
1920 3986 2059 4042 Cum

492 4073 607 4126 haec
635 4080 759 4142 post
788 4073 1019 4126 reditum
1051 4073 1117 4128 de
1143 4075 1434 4146 Babylone,
1470 4075 1782 4131 noviSsimis
1819 4077 2059 4147 prOphe-

488 4169 666 4213 tarum
692 4161 1031 4229 temporibus
1061 4160 1357 4219 Zacharias
1382 4165 1662 4231 cecinerit,
1686 4164 1850 4238 456
1873 4169 2060 4224 nullus

490 4259 613 4321 post
637 4252 755 4320 ejus
780 4251 1080 4322 prophetia:
1124 4264 1338 4324 tempus
1362 4270 1453 4308 rex
1480 4253 1624 4327 apud
1645 4253 1863 4312 Iudaeos
1887 4256 2058 4314 fuisse

489 4351 842 4411 memoratur,
896 4344 1111 4414 qualem
1167 4347 1280 4400 haec
1313 4347 1599 4418 prophetia
1630 4349 1912 4413 describit,
1949 4351 2058 4407 nisi

488 4450 633 4490 unus
662 4435 929 4490 duntaxat
970 4435 1224 4493 Salvator
1254 4454 1318 4494 ac
1352 4439 1619 4495 Dominus
1655 4449 1843 4497 noster
1871 4441 2054 4510 Jesus,

486 4527 740 4585 Christus
769 4528 883 4595 Dei,
907 4531 1065 4600 cujus
1092 4540 1334 4601 tempore
1364 4532 1467 4587 hoc
1494 4549 1711 4605 quoque
1737 4535 2051 4590 vaticinium
2086 4549 2155 4605 ορ

486 4636 645 4675 suum
677 4620 837 4676 linem
868 4629 953 4678 est
988 4631 1367 4689 consecutum,
1400 4641 1524 4680 cum
1554 4627 1621 4679 ad
1653 4642 1782 4682 suos
1814 4629 2056 4700 discipu-

486 4712 570 4767 los
605 4712 770 4767 verba
801 4712 891 4766 illa
920 4713 1057 4768 dixit
1089 4733 1102 4768 :
1142 4732 1161 4765 ι
1195 4715 1273 4770 lle
1302 4716 1358 4769 in
1389 4714 1570 4769 vicum
1605 4717 1697 4786 qui
1734 4726 1927 4773 contra
1956 4736 2054 4776 vos

483 4811 588 4885 est,
617 4812 671 4858 et
700 4805 987 4861 invenietis
1015 4807 1223 4861 asinam
1253 4816 1306 4861 et
1351 4808 1558 4877 pullum
1596 4810 1897 4881 alligatum.
1932 4811 2054 4867 Sol-

485 4896 595 4951 vite
623 4896 777 4950 illum
806 4906 861 4952 et
904 4897 1158 4953 adducite
1192 4914 1204 4951 :
1238 4905 1292 4952 et
1342 4898 1390 4951 si
1439 4899 1562 4968 quis
1612 4901 1768 4956 vobis
1825 4900 2048 4968 dixerit,

480 4988 612 5058 quid
645 4987 859 5044 facitis?
897 4988 1062 5045 dicite
1110 4990 1187 5043 illi
1224 5008 1237 5044 :
1271 4989 1534 5046 Dominus
1568 4991 1653 5046 his
1701 4992 1924 5064 indiget.
1983 4993 2048 5048 Et

480 5081 746 5137 abemites
773 5082 850 5136 illi
883 5081 1131 5138 fecerunt
1164 5090 1223 5138 ut
1256 5092 1587 5155 praeceperat
1609 5084 1718 5142 illis
1747 5086 1908 5144 Jesus
1941 5090 1984 5145 ⁸.
2026 5107 2047 5141 ι

478 5172 545 5229 Ει
576 5189 640 5229 ea
671 5174 889 5245 quidem
925 5191 1047 5246 qua:
1077 5177 1163 5230 vel
1194 5176 1260 5231 ad
1285 5179 1594 5243 oraculum,
1632 5179 1719 5234 vel
1745 5179 1815 5234 ad
1841 5180 2050 5236 oraculi

477 5274 731 5321 eventum
759 5267 1056 5336 pertinent,
1090 5267 1147 5321 in
1178 5267 1326 5333 hunc
1354 5270 1576 5324 modum
1607 5286 1665 5325 se
1684 5270 1904 5325 habent.
1942 5269 2050 5325 Sed

477 5356 611 5425 quid
639 5359 854 5413 tandem
891 5359 995 5414 sibi
1032 5360 1147 5415 vult
1195 5360 1312 5415 haec
1340 5358 1487 5417 illius
1522 5361 1579 5415 in
1605 5362 1762 5417 asino
1790 5350 2047 5425 vectatio,

479 5449 584 5501 nisi
610 5449 868 5504 humilem
897 5452 1046 5508 illius
1078 5462 1133 5509 et
1160 5454 1458 5509 obscurum
1503 5453 1815 5526 signiﬁcare
1845 5453 2049 5508 adven-

478 5543 617 5601 tum,
654 5541 811 5609 cujus
844 5552 1086 5614 tempore
1114 5546 1348 5615 primum
1376 5545 1551 5616 ipsius
1578 5560 1862 5600 accessum
1894 5559 2073 5615 pere-_

478 5632 587 5701 git?
614 5647 741 5685 nam
794 5640 878 5690 est
931 5638 1069 5692 alter
1108 5639 1239 5693 item
1277 5639 1574 5710 gloriosus,
1607 5639 1674 5694 de
1719 5652 1829 5708 quo
1865 5636 2052 5691 Daniel

2164 1980 2463 2052 ἀνθρώπων
2497 1982 2810 2051 ἀποστήσας
2854 1981 2957 2052 τῆς
2999 1980 3228 2051 πατρίου
3276 1982 3733 2054 δεισιδαιμονίας,

2163 2072 2474 2142 ὑπηγάγετο
2497 2076 2565 2143 τῇ
2589 2074 2709 2125 κατ’
2747 2073 2909 2125 αὐτὸν
2943 2072 3255 2145 θεοσεϐείᾳ,
3282 2074 3526 2146 ἐναργῶς
3562 2076 3735 2141 οὕτως

2162 2164 2566 2236 ἐμφαινομένην
2598 2165 2865 2235 ὁρῶντες,
2896 2165 3147 2238 οὐδαμῶς
3187 2168 3477 2237 ἐφιστῶσιν
3514 2172 3582 2241 τῇ
3624 2169 3737 2223 διαα

2160 2256 2302 2327 νοίᾳ,
2332 2257 2440 2310 οὐδ’
2463 2257 2865 2324 ἐπιϐάλλουσιν,
2887 2259 3037 2323 ὅπως
3065 2260 3127 2313 τὸ
3159 2263 3295 2333 μήτε
3318 2263 3561 2326 Μωῦσεῖ,
3598 2263 3736 2333 μήτε

2158 2350 2271 2413 τοῖς
2302 2351 2442 2420 μετὰ
2471 2350 2709 2405 Μωῦσέα
2735 2353 3036 2423 προφήταις
3062 2352 3155 2405 ἐπὶ
3191 2353 3366 2423 μόνων
3387 2352 3569 2407 αὐτῶν
3601 2371 3727 2408 κατ-

2159 2439 2400 2512 ορθωθὲν
2423 2483 2438 2509 ,
2480 2442 2638 2495 τοῦτο
2665 2442 2730 2514 δή
2770 2443 2830 2495 τὸ
2878 2443 2952 2515 μὴ
2996 2443 3430 2519 εἰδωλολατρεῖν,
3481 2445 3617 2516 μηδὲ
3665 2449 3734 2518 τῇ

2162 2532 2407 2605 πολυθέῳ
2453 2534 2740 2606 προσέχειν
2769 2535 2947 2610 πλάνῃ
2968 2578 2982 2601 ,
3012 2535 3158 2591 τοῦτ’
3188 2538 3281 2591 ἐπὶ
3314 2539 3534 2592 πάντων
3564 2538 3737 2594 ἐθνῶν

2162 2623 2195 2693 ή
2222 2624 2315 2677 τοῦ
2344 2627 2593 2699 Σωτῆρος
2616 2626 2770 2697 ήμῶν
2803 2626 2982 2690 ἔνθεος
3004 2626 3170 2700 ἀρετὴ
3195 2631 3579 2700 συνεστήσατο.
3603 2627 3739 2685 Εἶτα

2160 2719 2218 2773 δὲ
2247 2720 2368 2782 ταῖς
2396 2720 2761 2790 προφητικαῖς
2786 2717 3204 2788 ἐντυγχάνοντες
3248 2719 3375 2791 περὶ
3398 2720 3566 2773 αὐτοῦ
3598 2739 3738 2793 μαρ-

2160 2810 2398 2883 τυρίαις,
2426 2810 2561 2880 ἁκοῇ
2589 2810 2685 2880 μὲν
2714 2808 3023 2875 ἀκούουσιν,
3049 2810 3165 2864 ἀλλ’
3195 2811 3256 2864 οὐ
3281 2814 3548 2877 συνιᾶσιν,
3588 2812 3735 2885 ἔργῳ

2163 2902 2545 2975 πληρουμένης
2572 2903 2739 2956 εἰσέτι
2764 2903 2858 2958 καὶ
2890 2903 2984 2959 νῦν
3010 2903 3131 2958 κατ’
3159 2904 3340 2959 αὐτῶν
3363 2905 3463 2970 τῆς
3493 2906 3553 2960 ἐν
3577 2909 3736 2979 χερσὶ

2163 2995 2519 3067 προφητείας.

2175 3153 2305 3226 Ἀπῤ
2333 3152 2438 3226 τοῦ
2464 3151 2776 3226 Ζαχαρίου.
2796 3184 2867 3195 -—
2898 3154 2995 3221 Ὠς
3032 3155 3129 3209 ἐπὶ
3164 3154 3370 3209 πῶλον
3408 3157 3727 3226 ὀχούμενος

2254 3222 2510 3277 ’ἐλάσειν
2532 3228 2620 3289 εἰς
2646 3225 2719 3278 τὰ
2748 3226 3127 3294 Ἱεροσόλυμα
3158 3222 3605 3295 προφητεύὲτὰι.

2238 3355 2256 3387 ι
2285 3339 2453 3408 Χαῖρε
2490 3337 2710 3410 σφόδρα,
2740 3337 2977 3411 θύγατερ
3004 3338 3165 3403 Σιὼν,
3196 3341 3469 3412 κήρυσσε,
3499 3339 3720 3410 θύγατερ

2173 3428 2559 3501 Ἰερουσαλήμ·
2608 3427 2716 3483 ίδοὺ
2760 3433 2788 3484 ὁ
2832 3429 3085 3500 βασιλεύς
3121 3448 3216 3485 σου
3264 3430 3483 3502 ἔρχεταί
3534 3448 3612 3483 σοι
3651 3430 3725 3483 δί-

2161 3537 2316 3584 καιος
2339 3522 2432 3576 καὶ
2462 3522 2667 3587 σώζων,
2697 3522 2861 3586 αὐτὸς
2895 3523 3102 3594 πραῢς,
3139 3526 3234 3578 καὶ
3264 3522 3608 3595 ἐπιϐεϐηκὼς
3640 3522 3730 3575 ἐπὶ

2162 3613 2450 3682 ὑποζύγιον
2482 3614 2576 3667 καὶ
2605 3613 2780 3667 πῶλον
2809 3613 2947 3669 νέον.
2982 3617 3094 3670 Καὶ
3116 3614 3479 3687 ἐξολοθρεύσει
3513 3615 3731 3687 ἅρματα

2160 3707 2219 3773 ἐξ
2251 3708 2516 3778 Ἐφραεῖμ
2536 3746 2549 3772 ,
2587 3708 2681 3760 καὶ
2729 3707 2895 3761 ἵππον
2923 3706 2983 3773 ἐξ
3014 3707 3399 3779 Ἰερουσαλήμι
3434 3707 3528 3762 καὶ
3554 3708 3725 3773 ἐξολο-

2161 3798 2514 3870 θρευθήσεται
2540 3796 2694 3863 τόξον
2728 3799 3041 3872 πολεμικὸν,
3078 3802 3169 3854 καὶ
3198 3800 3401 3871 πλῆθος
3426 3803 3647 3875 εἰρήνης
3674 3801 3733 3868 ἐξ

2160 3888 2329 3943 ἐθνῶν
2353 3928 2368 3952 ,
2414 3890 2506 3943 καί
2542 3889 2801 3962 κατάρξει
2842 3890 2950 3944 ἀπὸ
2977 3890 3251 3962 θαλάσσης
3289 3892 3392 3955 ἕως
3419 3892 3695 3963 θαλάσσης
3715 3931 3732 3953 ,

2160 3979 2253 4032 καὶ
2284 3979 2392 4033 ἀπὸ
2430 3979 2689 4050 ποταμῶν
2723 3981 2803 4043 είς
2843 3978 3126 4042 διεκϐολὰς
3158 3978 3283 4048 γῆς.
3317 3999 3333 4028 ι
3375 3978 3559 4031 Ταῦτα
3596 3978 3735 4048 μετὰ

2158 4070 2256 4144 τὴν
2304 4072 2412 4126 ἀπὸ
2449 4072 2764 4136 Βαϐυλῶνος
2811 4072 3068 4125 ἐπάνοδον
3108 4070 3201 4125 τοῦ
3240 4070 3507 4141 Ζαχαρίου
3544 4071 3625 4131 είς
3664 4068 3732 4121 τὰ

2160 4164 2368 4218 ὕστατα
2393 4163 2498 4218 τῶν
2528 4164 2822 4236 προφητῶν
2846 4163 3218 4227 θεσπίσαντος,
3241 4161 3411 4223 οὐδεὶς
3439 4159 3576 4229 μετὰ
3604 4159 3731 4219 τοὺς

2159 4256 2257 4326 τῆς
2306 4257 2640 4328 προφητείας
2677 4255 2900 4327 χρόνους
2953 4253 3203 4325 βασιλεὺς
3254 4252 3402 4323 παρὰ
3458 4248 3730 4314 Ἰουδαίοις

2158 4347 2397 4417 γεγονὼς
2428 4349 2738 4418 ἱστορεῖται,
2766 4340 2932 4416 οἶονή
2960 4342 3266 4416 προφητεία
3299 4339 3646 4412 παρίστησιν,
3681 4342 3730 4393 εἰ

2163 4441 2237 4512 μὴ
2274 4440 2432 4511 μόνος
2461 4442 2489 4493 ό
2512 4439 2701 4510 Σωτὴρ
2728 4437 2822 4491 καλ⁷
2848 4436 3050 4507 Κύριος
3079 4432 3234 4505 ἡμῶν
3270 4431 3477 4504 Ἰησοῦς
3496 4431 3732 4503 Χριστὸς

2157 4533 2250 4587 τοῦ
2299 4532 2468 4595 Θεοῦ,
2515 4531 2635 4583 καθ’
2689 4530 2747 4582 ὃν
2786 4529 2880 4581 καὶ
2933 4525 3071 4597 αὕτη
3114 4526 3305 4590 τέλους
3348 4525 3645 4595 ἐτύγχανεν
3693 4523 3727 4594 ἡ

2162 4623 2463 4695 πρόρρησις
2485 4660 2500 4685 ,
2525 4621 2612 4672 ὅτε
2646 4621 2757 4682 τοῖς
2792 4616 2983 4671 ἑαυτοῦ
3012 4616 3281 4687 μαθηταῖς
3315 4617 3450 4686 πρὸς
3482 4614 3625 4682 λέξιν
3650 4615 3729 4666 εἰ»

2160 4713 2276 4767 πων
2296 4730 2309 4743 ·
2345 4731 2363 4763 ι
2391 4710 2753 4782 Πορευθέντες
2781 4710 2861 4772 είς
2889 4707 2988 4780 τὴν
3022 4709 3285 4762 ἀπέναντι
3312 4706 3536 4779 κώμην,
3569 4707 3732 4779 εὑρή-

2159 4822 2280 4859 σετε
2305 4800 2422 4857 ὄνον
2458 4803 2551 4857 καὶ
2584 4801 2762 4855 πῶλον
2791 4800 3091 4872 δεδεμένον.
3114 4800 3389 4863 Λύσαντες
3417 4800 3578 4853 αὐτὸν
3603 4801 3733 4869 ἀγά-

2156 4912 2309 4965 γετεο
2357 4897 2452 4949 καὶ
2499 4894 2593 4947 ἐάν
2630 4911 2712 4957 τις
2754 4890 2881 4963 ὑμῖν
2932 4892 3091 4964 εἴπῃ·
3137 4892 3203 4945 Τί
3246 4894 3484 4958 ποιεῖτε;
3538 4890 3729 4945 εἴπατε

2154 4986 2300 5059 αύτῷ
2319 5005 2332 5018 ·
2368 4989 2425 5040 '0
2446 4984 2649 5057 Κύριος
2677 4984 2854 5039 αὐτῶν
2879 4984 3067 5056 χρείαν
3100 4984 3231 5054 ἔχει.
3269 4984 3378 5037 Καὶ
3409 4982 3735 5048 ἀπελθόντες

2157 5082 2352 5133 ἐκεῖνοι
2376 5078 2635 5148 ἐποίησαν
2668 5076 2791 5130 καθ’
2813 5078 2849 5131 θ.
2871 5074 3202 5148 προσέταξεν
3234 5075 3433 5138 αὐτοῖς.
3468 5094 3486 5126 ›
3514 5074 3595 5128 Τὰ
3630 5074 3729 5145 μὲν

2156 5168 2250 5227 οὖν
2299 5173 2396 5242 τῆς
2451 5172 2807 5244 προρρήσεως
2848 5170 2942 5223 καὶ
2992 5169 3060 5222 τὰ
3121 5162 3214 5222 τοῦ
3265 5168 3729 5240 συμπεράσματος

2155 5264 2341 5319 τοῦτον
2372 5265 2484 5336 ἔχει
2508 5264 2598 5318 τὸν
2616 5264 2838 5335 τρόπον.
2864 5263 2928 5315 Τί
2949 5263 3007 5316 δὲ
3036 5261 3145 5334 ἄρα
3171 5258 3418 5314 ἐϐούλετο
3444 5259 3731 5332 σημαίνειν

2156 5359 2189 5428 ἡ
2235 5357 2349 5429 ἐπὶ⁹
2370 5356 2475 5428 ὄνῳ
2512 5356 2703 5429 ὅχησις
2742 5355 2904 5410 αὑτοῦ
2949 5354 3064 5408 ἀλλ’
3113 5350 3147 5425 ἢ
3186 5352 3283 5424 τὴν
3328 5352 3589 5424 ταπεινὴν
3637 5351 3733 5405 καὶ.

2155 5448 2340 5514 ἄδοξον
2385 5449 2550 5503 αὐτοῦ
2599 5449 2937 5520 παρουσίαν,
2987 5447 3107 5501 καθ’
3156 5450 3222 5520 ἢν
3274 5446 3565 5513 ἐποιήσατο
3631 5443 3731 5512 τὴν

2157 5542 2378 5615 πρώτην
2405 5542 2608 5610 ἄφιξινς
2633 5540 2799 5614 οὔσης
2824 5542 2933 5613 γὰρ
2953 5540 3324 5612 καὶδευτέρας
3348 5537 3582 5605 ἐνδόξου,
3602 5536 3732 5606 περὶ

2157 5632 2224 5708 ἦς
2255 5634 2348 5689 καὶ
2375 5635 2574 5704 Δανιὴλ
2617 5634 2949 5709 γυμνότερον
2990 5631 3347 5687 ἐκκαλύπτων
3378 5629 3475 5701 τὴν
3502 5626 3736 5699 θεωρίαν

549 5811 571 5842 ⁸
611 5808 841 5867 Zacliar.
865 5820 962 5882 'Ix,
997 5816 1051 5884 9,
1088 5818 1174 5873 l0.
1254 5820 1272 5852 '
1305 5818 1492 5876 Matth.
1525 5833 1654 5889 ut,
1684 5819 1748 5887 2,
1781 5819 1842 5887 5,
1871 5818 1945 5890 6;
1979 5817 2062 5875 Ma

2183 5836 2260 5886 xv,
2294 5817 2423 5889 1-6;
2455 5815 2586 5873 Luc.
2619 5833 2733 5883 xix,
2768 5814 2959 5888 δθέᾶι.
