4098 6432
362 380 462 435 709

1270 381 1921 444 DEMON‘STRATIONIS
1959 387 2419 445 EVANGELICKE
2459 391 2587 446 LlB.
2626 392 2718 448 IX.

3492 404 3596 460 Ἠυ

357 492 578 563 εἴρηκεν
601 510 615 523 ·
648 512 665 544 ι
708 496 1001 565 Ἐθεώρουν
1025 468 1142 555 ἕως⁸
1161 492 1280 543 ὅτου
1316 492 1491 563 θρόνοι
1515 493 1797 564 ἐτέθησαν,
1831 498 1912 550 καῚ

2029 501 2273 569 apertius
2300 503 2536 571 prodens
2560 519 2681 574 quae
2709 506 3126 577 contemplanda
3156 509 3287 575 sint,
3321 517 3544 583 exponit
3577 537 3588 571 :

353 586 591 650 Παλαιὸς
625 585 847 657 ἡμερῶν
879 583 1129 653 ἐκάθητο.
1164 581 1348 635 Χίλιαι
1388 582 1619 654 χιλιάδες
1663 586 1912 657 ἐλειτούρ

2036 608 2057 676 ι
2099 590 2442 660 Aspiciebam
2473 593 2649 650 donec
2677 597 2861 651 throni
2886 599 3050 667 positi
3082 608 3228 665 sunt,
3251 609 3305 657 et
3320 581 3595 676 Antiquus

354 694 482 746 γουν
530 675 713 746 αὐτῷ,
773 674 867 727 καὶ
917 672 1110 744 μύριαι
1164 672 1420 744 μυριάδες
1468 677 1929 746 παρειστήκεισαν

353 766 660 839 ἔμπροσθεν
695 764 882 819 αὑτοῦ.
921 764 1031 817 Καὶ
1080 763 1189 817 ἰδοὺ
1232 764 1370 835 μετά
1407 764 1516 818 τῶν
1556 768 1794 835 νεφελῶν
1833 770 1927 825 τοῦ

351 859 601 931 οὐρανοῦ,
632 858 707 921 ὡς
739 856 866 920 Υἱὸς
898 853 1182 927 ἀνθρώπου
1214 855 1525 926 ἐρχόμενος.
1557 857 1667 911 Καὶ
1689 858 1796 923 ἐως
1825 860 1920 913 τοῦ

353 949 591 1005 Παλαιοῦ
618 948 725 1001 τῶν
752 945 973 1019 ἡμερῶν
995 946 1216 1016 ἔφθασε,
1233 947 1327 999 καὶ
1352 947 1499 1019 αὐτῷ
1513 948 1670 1019 ἐδόθη
1697 952 1730 1020 ἡ
1758 950 1924 1021 ἀρχὴ,

352 1043 448 1095 καὶ
467 1042 500 1109 ἡ
521 1040 675 1110 τιμὴ,
704 1041 800 1092 καὶ
828 1041 862 1109 ἡ
897 1038 1162 1109 βασιλεία,
1189 1040 1280 1091 καὶ
1303 1038 1497 1103 πάντες
1515 1040 1565 1092 οἱ
1580 1039 1717 1103 λαοὶ,
1742 1042 1923 1105 φυλαὶ,

350 1130 592 1199 γλῶσσαι
620 1128 768 1202 αύτῷ
799 1128 1159 1183 δουλεύουσιν.
1187 1130 1250 1182 Ἦ
1272 1129 1488 1196 ἐξουσία
1515 1131 1678 1184 αὐτοῦ
1709 1132 1925 1198 ἐξουσία

348 1222 584 1286 αἰώνιος,
613 1223 739 1293 ἥτις
770 1223 830 1275 ού
862 1219 1280 1292 παρελεύσεται,
1306 1223 1399 1276 καὶ
1427 1225 1459 1295 ἡ
1489 1222 1729 1294 βασιλεία
1758 1225 1923 1280 αὐτοῦ

348 1313 407 1365 ού
438 1312 893 1384 διαφθαρήσεται.
919 1332 938 1364 ι
964 1311 1044 1365 Ta
1077 1312 1176 1383 μὲν
1196 1312 1295 1382 τῆς
1319 1312 1541 1385 πρώτης
1570 1312 1804 1383 ἀφίξεως
1825 1316 1924 1385 τῆς

346 1404 902 1477 ἐνανθρωπικωτέρας
932 1404 1028 1458 καὶ
1046 1406 1311 1475 ταπεινῆς
1340 1406 1479 1476 μετά
1500 1405 1609 1459 τῶν
1631 1406 1804 1460 ἄλλων
1830 1408 1924 1461 καὶ

346 1494 505 1549 τοῦτο
530 1494 644 1565 ἔχει
678 1495 820 1565 μέγα
845 1496 1050 1568 δεῖγμα
1080 1498 1176 1551 καὶ
1209 1499 1452 1567 σημεῖον,
1486 1498 1547 1550 τὸ
1579 1499 1754 1569 πρᾶον
1780 1497 1925 1566 λέγε-

346 1587 471 1642 σθαι
503 1589 597 1641 καὶ
626 1588 871 1659 ἡσύχιον,
903 1587 1055 1658 ῆξειν
1084 1605 1143 1641 τε
1167 1587 1459 1659 ὀχούμενον
1489 1589 1767 1661 ὑποζυγίῳ
1790 1607 1923 1662 προ-

347 1680 703 1752 φητεύεσθαισ
736 1680 893 1733 τοῦτο
924 1680 1032 1752 γὰρ
1065 1679 1246 1734 κοινοῦ
1280 1681 1375 1734 καὶ
1416 1680 1758 1752 ἀνθρωπίνου
1805 1682 1921 1753 βίου

343 1773 539 1842 γένοιτ’
570 1772 637 1827 ἂν
661 1773 962 1843 τεκμήριον
979 1788 994 1803 ⁸
1022 1772 1090 1825 τὰ
1118 1772 1174 1825 δὲ
1205 1772 1303 1842 τῆς
1325 1771 1580 1842 δευτέρας
1611 1773 1707 1826 καὶ
1736 1772 1920 1827 ἐνθέου

2028 675 2240 733 dierum
2271 676 2433 736 sedit.
2460 680 2627 736 Millia
2656 683 2886 737 millium
2912 685 3295 741 ministrabant
3320 690 3393 753 ei,
3420 675 3588 747 etde-

2028 766 2140 821 cies
2169 768 2366 823 millies
2401 771 2537 824 dena
2564 771 2732 825 millia
2765 772 3016 828 astabant
3042 776 3097 829 in
3128 786 3428 845 conspectu
3449 780 3592 849 ejus.

2028 855 2092 910 Et
2113 872 2242 913 ecce
2269 872 2392 912 cum
2423 860 2659 916 nubibus
2683 863 2807 917 coeli
2834 865 2994 933 quasi
3039 864 3211 924 Filius
3236 868 3476 927 hominis
3499 889 3594 929 ve—

2024 946 2205 1001 niens.
2238 946 2304 1001 Et
2326 964 2500 1018 usque
2529 952 2595 1005 ad
2621 951 2920 1023 Antiquum
2963 956 3176 1013 dierum
3218 962 3463 1030 pervenit
3491 981 3508 1019 :
3537 973 3595 1019 et

2026 1039 2185 1093 datus
2213 1046 2297 1094 est
2325 1040 2377 1095 ei
2420 1042 2781 1113 principatus,
2826 1052 2883 1100 et
2933 1048 3125 1114 honor,
3157 1058 3212 1106 et
3244 1069 3492 1124 regnum.
3523 1053 3593 1109 Et

2023 1147 2217 1191 omnes
2249 1132 2454 1205 p0puli,
2491 1134 2689 1199 tribus,
2721 1137 2937 1204 linguae,
2966 1142 3216 1196 serviunt
3242 1144 3316 1199 ei.
3340 1144 3591 1201 Potestas

2024 1220 2165 1289 ejus,
2203 1228 2445 1289 potestas
2476 1230 2703 1289 mterna,
2744 1242 2865 1294 quae
2905 1243 3013 1283 non
3048 1233 3363 1299 praeteribit,
3398 1246 3452 1289 et
3501 1250 3591 1289 re-

2023 1326 2188 1381 gnum
2205 1311 2324 1380 ejus
2346 1327 2457 1366 non
2481 1324 2865 1385 corrumpetur
2892 1317 2932 1371 ⁸.
2971 1338 2989 1369 ι
3037 1319 3238 1377 Verum
3260 1338 3325 1379 ea
3346 1325 3588 1395 quidem,

2022 1418 2146 1472 qua:
2174 1401 2241 1456 ad
2267 1402 2504 1472 primum
2532 1405 2824 1461 adventum
2870 1412 3163 1479 pertinent,
3192 1415 3285 1483 qui
3316 1424 3371 1470 et
3397 1416 3591 1471 huma-

2022 1494 2147 1550 nior
2186 1502 2241 1551 et
2273 1495 2538 1565 abjectior
2563 1497 2686 1563 fuit,
2719 1515 2843 1556 cum
2869 1502 3012 1566 aliis,
3047 1504 3149 1560 hoc
3179 1522 3397 1578 quoque
3424 1523 3589 1579 argu-

2023 1586 2193 1642 menti
2225 1587 2479 1657 signique
2503 1588 2724 1656 habent,
2752 1592 2898 1661 quod
2919 1602 3240 1653 mansuetus
3259 1607 3316 1653 et
3340 1600 3590 1669 placidus

2022 1676 2240 1732 futurus
2267 1677 2502 1743 dicatur,
2531 1687 2903 1751 venturusque
2940 1683 3185 1741 insidens
3210 1688 3460 1757 jumento
3486 1708 3588 1747 eo-

2024 1766 2147 1821 dem
2178 1768 2405 1822 oraculo
2445 1767 2756 1824 declaretur
2784 1788 2799 1825 :
2836 1771 2942 1825 hoc
2966 1774 3113 1829 enim
3145 1780 3453 1835 communis
3484 1780 3589 1835 hu-

343 1865 700 1937 λαμπρότατα
739 1862 990 1933 δηλοῦται
1028 1863 1115 1917 διά
1149 1864 1247 1934 τῆς
1287 1864 1380 1917 ἐπὶ
1410 1862 1647 1933 νεφελῶν
1689 1863 1912 1935 ούρανοῦ

2023 1858 2281 1928 manique
2321 1858 2500 1914 victus
2544 1868 2927 1929 argumentum
2977 1863 3160 1921 fuerit.
3198 1868 3329 1934 Quae
3360 1885 3489 1925 vero
3518 1871 3589 1926 ad

344 1954 755 2026 παρακομιδῆς,
796 1956 893 2008 καὶ
931 1953 1033 2025 τῆς
1075 1954 1295 2008 αἰωνίου
1340 1954 1557 2009 πάντων
1601 1954 1711 2008 τῶν
1750 1954 1917 2009 ἐθνῶν

344 2044 640 2115 βασιλείας.
690 2044 799 2098 Kal.
829 2039 897 2115 ἦν
938 2060 1001 2112 γε
1034 2043 1198 2097 καλὸν
1237 2044 1554 2116 ἀμφοτέρας
1597 2044 1919 2116 παραθεῖναι

340 2139 453 2201 τοῖς
478 2138 543 2190 ἐκ
570 2136 890 2208 περιτομῆς,
920 2134 1076 2204 λόγον
1108 2152 1169 2187 τε
1199 2136 1397 2198 αὐτοὺς
1426 2137 1727 2208 ἀπαιτῆσαι
1749 2174 1764 2200 ,
1800 2135 1920 2200 πῶς

343 2227 410 2281 ἂν
455 2226 685 2280 σώσαιεν
730 2226 829 2289 τὰς
873 2226 1241 2296 προφητείας,
1288 2225 1417 2295 μίαν
1454 2226 1635 2297 ἄφιξιν
1680 2225 1917 2297 Χριστοῦ

342 2317 746 2389 προσδοκῶντες
764 2334 778 2348 ·
824 2318 947 2370 ἐπεὶ
963 2316 1071 2387 γὰρ
1102 2316 1367 2387 ἑκατέραν
1382 2316 1488 2370 τῶν
1511 2316 1918 2389 παρατεθεισῶν

341 2410 684 2482 προφητειῶν
708 2409 802 2462 καὶ
841 2409 1000 2462 αὐτοὶ
1020 2408 1110 2461 τὸν
1132 2408 1364 2479 Χριστὸν
1385 2410 1515 2480 όρᾷν
1542 2408 1915 2480 ὁμολογοῦσιν,

340 2500 459 2571 ῶρα
494 2499 703 2568 λέγειν,
738 2500 832 2552 καὶ
874 2498 1295 2570 πυνθανομένοις
1327 2501 1459 2570 ἡμῖν
1499 2500 1914 2572 ἀποκρίνασθαι,

342 2590 459 2653 πῶς
496 2585 605 2643 οἷόν
637 2608 695 2643 τε
728 2591 819 2660 ὑφ’
851 2590 945 2644 ἕνα
980 2591 1072 2643 καὶ⁵
1102 2591 1191 2645 τὸν
1240 2591 1403 2644 αὑτὸν
1430 2592 1653 2663 καιρὸν,
1688 2591 1781 2645 καί⁵
1814 2592 1919 2645 ὑπὸ

344 2682 470 2752 μίαν
503 2679 715 2750 ἄφιξιν,
749 2682 842 2735 ἐπὶ
864 2681 1100 2750 νεφελῶν
1139 2682 1371 2754 ούρανοῦ
1404 2681 1663 2752 φέρεσθαι
1695 2683 1787 2736 τὸν
1818 2683 1919 2737 αύ-

338 2772 431 2824 τὸν
454 2810 470 2835 ,
504 2772 598 2825 καὶ
646 2771 740 2825 ἐπὶ
768 2770 1062 2839 ὑποζυγίου
1115 2771 1212 2826 καὶ
1253 2768 1434 2824 πώλου
1480 2770 1600 2824 νέου
1642 2771 1904 2842 ὀχεῖσθαι.

353 2861 474 2914 Ἐπὶ
528 2861 660 2915 πολὺ
712 2861 821 2934 γάρ
865 2860 1037 2915 ταῦτα
1080 2861 1359 2932 διέστηκεν
1406 2861 1665 2933 ἀλλήλων.
1703 2865 1917 2935 Μυρίας

344 2953 392 3008 δ’
425 2950 517 3009 οῦν
548 2953 802 3018 τοιαύτας
834 2954 929 3008 καὶ
959 2952 1123 3017 ἄλλας
1156 2954 1285 3025 περὶ
1310 2954 1404 3006 τοῦ
1441 2953 1674 3025 Χριστοῦ
1701 2972 1916 3026 προφη-

337 3047 489 3110 τείας
544 3046 884 3117 συναγαγὼν,
927 3046 1192 3118 παραθείς
1235 3063 1297 3099 τε
1334 3046 1429 3099 καὶ
1464 3046 1805 3119 συγκρούσας
1845 3046 1914 3100 τά

2021 1949 2252 2004 alterum
2280 1950 2432 2003 illum
2461 1958 2517 2005 et
2557 1950 2864 2008 divinitatis
2903 1956 3137 2024 amplius
3167 1974 3277 2027 pra:
3312 1976 3372 2015 se
3402 1961 3586 2017 teren-

2018 2049 2149 2105 tem,
2175 2040 2623 2098 manifestissime
2664 2044 2978 2100 indicantur
3007 2063 3104 2117 per
3135 2049 3279 2103 illam
3332 2052 3389 2106 in
3419 2054 3584 2109 nubi-

2018 2131 2122 2186 bus
2147 2133 2271 2187 (τοι)ιί
2313 2133 2763 2203 advectationem,
2810 2151 3016 2208 perque
3048 2141 3179 2194 illud
3230 2150 3493 2198 aeternum
3527 2146 3585 2202 in

2018 2224 2273 2279 omnibus
2311 2226 2565 2293 gentibus
2611 2242 2836 2297 regnum
2870 2248 2884 2284 :
2913 2245 3017 2285 nec
3046 2246 3180 2286 sane
3223 2234 3292 2287 ab
3320 2250 3379 2289 re
3422 2235 3588 2292 tuerit

2019 2324 2316 2385 utrumque
2346 2316 2550 2373 Iudaeis
2588 2334 2910 2389 proponere,
2948 2324 3428 2395 ratiouenique‘ab
3473 2328 3585 2385 illis

2017 2408 2318 2479 postulare,
2349 2424 2585 2479 quonam
2618 2419 2800 2481 pacto,
2814 2412 2858 2468 si
2888 2430 3055 2468 unum
3087 2414 3353 2471 duntaxat
3373 2416 3582 2474 Christi

2018 2501 2308 2556 adventum
2337 2511 2674 2572 exspectant,
2728 2506 3039 2574 prophetias
3089 2522 3220 2562 suas
3263 2509 3367 2563 sibi
3414 2510 3584 2565 velint

2016 2599 2272 2646 constare
2297 2611 2311 2646 Ξ
2347 2607 2475 2646 nam
2500 2607 2625 2648 cum
2650 2602 2936 2665 utramque
2969 2612 3181 2661 earum,
3214 2614 3336 2669 quae
3361 2603 3584 2671 exposi-

2016 2689 2085 2736 tae
2108 2689 2258 2745 sunt,
2282 2681 2352 2736 ad
2380 2681 2661 2739 Christum
2686 2686 2959 2755 pertinere
3002 2686 3105 2757 ipsi
3134 2704 3350 2759 quoque
3374 2691 3584 2746 fatean-

2017 2778 2127 2834 tur,
2182 2770 2369 2826 dicant
2414 2788 2623 2843 quatso,
2672 2780 2728 2827 et
2772 2773 3233 2846 interrogantibus
3288 2780 3450 2835 nobis
3494 2795 3580 2837 re-

2017 2863 2360 2934 spondeant,
2423 2867 2518 2936 qui
2586 2869 2704 2924 ﬁeri
2755 2870 2928 2940 possit
2995 2878 3056 2925 ut
3107 2887 3219 2928 uno
3277 2873 3582 2944 eodemque

2016 2961 2306 3026 tempore,
2378 2958 2482 3012 sub
2561 2974 2729 3013 unum
2802 2960 3161 3032 eumdemque
3233 2963 3526 3018 adventum
3556 3002 3579 3030 ,

2016 3045 2162 3102 idem
2211 3055 2266 3102 et
2319 3047 2376 3103 in
2427 3048 2667 3107 nubibus
2731 3051 2857 3106 coeli
2917 3050 3164 3117 feratur,
3228 3060 3284 3108 et
3328 3053 3581 3123 jumento

333 3140 601 3212 διαφόρως
627 3141 1017 3212 σημαινόμενα,
1049 3139 1419 3211 ἐναργέστατα
1448 3139 1736 3211 καταλήψῃ
1751 3140 1907 3205 τινὰς

2012 3141 2274 3212 .pulloque
2351 3142 2696 3199 adolescente
2763 3143 3009 3200 insidens
3086 3146 3336 3200 vehatur.
3414 3145 3578 3217 457

338 3201 447 3303 μὲν.
479 3201 594 3303 τῆς
618 3201 838 3305 πρῶτης
863 3201 1046 3286 ἀὐτοῦ
1077 3201 1377 3303 παρουσίας
1424 3201 1910 3303 animiam“;

2012 3229 2198 3302 Longe
2253 3236 2399 3287 enim
2446 3234 2563 3289 hzec
2619 3248 2650 3287 a
2706 3249 2766 3290 se
2825 3235 3058 3290 invicem
3110 3236 3320 3290 distant
3373 3255 3387 3291 :

339 3324 586 3395 εχούσας,
614 3325 1043 3396 πεπληρωμένας
1062 3323 1202 3378 κατὰ
1218 3325 1316 3395 τὴν
1341 3322 1562 3394 πρώτην
1594 3323 1912 3392 ἐπιφάνειαν

275 3428 281 3439 ‘
338 3416 522 3480 αὐτοῦ,
554 3416 703 3479 τινὰς
733 3416 788 3468 δὲ
818 3418 897 3479 εἰς
923 3416 1021 3487 τὴν
1062 3416 1321 3487 δευτέραν
1353 3413 1517 3485 αὑτοῦ
1561 3416 1657 3468 καὶ
1703 3413 1912 3479 ἔνδοξον

336 3503 517 3575 ἄφιξιν
549 3505 975 3577 ἀναφερομένας.
1039 3505 1432 3577 Ἐξωλόθρευσε
1470 3503 1578 3577 γὰρ
1602 3504 1905 3575 λεληθότως

336 3588 578 3664 ἅρματα,
616 3595 711 3647 καὶ
743 3592 940 3657 ἵππον,
980 3593 1074 3647 καὶ
1100 3596 1206 3647 πᾶν
1237 3594 1387 3662 τόξον
1424 3595 1717 3665 πολεμικὸν
1747 3596 1785 3667 ἠ
1814 3592 1909 3646 τοῦ

336 3684 586 3756 Σωτῆρος
625 3682 780 3755 ἡμῶν
831 3683 1008 3748 ἔνθεος
1058 3682 1315 3757 δύναμις,
1366 3684 1507 3739 κατά
1551 3686 1649 3757 τὴν
1686 3684 1911 3757 πρώτην

335 3775 499 3829 αὐτοῦ
554 3776 887 3848 παρουσίαν,
933 3778 998 3829 ἐκ
1047 3776 1145 3847 τῆς
1196 3776 1654 3848 σωματικωτέρας
1713 3777 1911 3847 Ἰερουο

338 3866 549 3938 σαλὴμ,
590 3867 683 3921 καὶ
719 3865 815 3921 τοῦ
862 3866 1195 3938 καλουμένου
1249 3866 1488 3938 Ἑφραῒμ
1528 3866 1657 3921 λαοῦ
1682 3884 1695 3898 ·
1731 3866 1811 3920 διὸ
1849 3866 1910 3933 ἐξ

334 3958 542 4012 ἐκείνου
576 3960 669 4011 καὶ
700 3959 778 4022 είς
804 3956 962 4030 δεῦρο
984 3958 1083 4011 οὐκ
1112 3957 1191 4011 ἔτι
1217 3958 1444 4029 συνέστη
1472 3958 1648 4011 αὐτῶν
1667 3957 1728 4011 τὸ
1755 3957 1907 4028 βασί-

333 4049 494 4114 λειον,
520 4050 640 4102 οὐδέ
659 4052 693 4121 ἡ
716 4048 881 4103 πάλαι
903 4050 962 4103 ἐν
992 4048 1249 4120 πολέμοις
1288 4048 1552 4119 ἰσχύσασα
1586 4052 1906 4122 παρασκευή

331 4159 395 4196 τε
421 4141 599 4196 αὐτῶν
631 4142 726 4195 καὶ
751 4141 1001 4211 ὁπλιτικὴ
1026 4140 1269 4211 δύναμις.
1303 4140 1499 4204 Καλῶς
1520 4141 1579 4195 δὲ
1609 4143 1667 4195 ἐν
1697 4141 1907 4206 τούτοις

332 4234 423 4287 τὸν
456 4234 631 4288 πάντα
661 4232 769 4286 τῶν
819 4233 1083 4286 Ἰουδαίων
1124 4231 1249 4285 λαὸν
1297 4230 1536 4304 Ἐφραῖμ
1574 4232 1862 4304 ὠνόμασεν
1887 4271 1904 4297 ,

333 4325 446 4380 ἀλλ’
469 4326 592 4396 οὐχὶ
627 4325 857 4397 Ἰσραὴλ,
888 4325 1009 4378 οὐδὲ
1042 4323 1239 4377 Ἰούδαν
1260 4364 1274 4387 ,
1309 4324 1396 4377 ἵνα
1435 4323 1509 4395 μὴ
1560 4324 1660 4386 τὰς
1716 4341 1906 4395 σεμνο-

332 4417 494 4489 τέρας
524 4416 793 4471 διαδάλλοι
828 4415 1213 4489 προσηγορίας.
1247 4413 1443 4486 Εὖροις
1479 4414 1524 4466 δ’
1566 4413 1632 4467 ἂν
1667 4414 1761 4467 καὶ¹
1785 4418 1904 4479 ταῖς

332 4505 517 4569 ἄλλαις
563 4506 919 4577 προφητείαις
971 4506 1032 4559 τὸ
1087 4507 1195 4561 πᾶν
1256 4505 1405 4568 ἔθνος
1475 4503 1716 4596 Ἑφραῒμ
1767 4504 1903 4575 μετά
1935 4541 1979 4596 D

333 4597 532 4668 πολλῆς
591 4596 841 4668 διαϐολῆς
910 4598 1003 4651 καὶ
1077 4597 1407 4669 κατηγορίας
1474 4595 1859 4668 ὠνομασμένον
1881 4637 1898 4662 ,

331 4685 520 4759 ὥσπερ
567 4688 662 4741 καὶ¹
717 4687 832 4741 νῦν.
883 4686 1035 4741 Μετά
1077 4687 1207 4757 γοῦν
1255 4687 1355 4758 τὴν
1417 4687 1524 4740 ἀπὸ
1584 4686 1899 4751 Βαϐυλῶνος

331 4776 608 4841 ἐπάνοδον,
640 4778 830 4849 μηκέθ’
854 4778 1074 4849 ὁμοίως,
1095 4777 1170 4840 ὡς
1198 4776 1258 4829 τὸ
1289 4778 1437 4849 πρὶν,
1458 4777 1785 4851 διῃρημένου
1805 4776 1897 4830 τοῦ

331 4868 491 4934 λαοῦ,
521 4869 671 4933 τίνας
703 4865 771 4940 ἦν
797 4869 943 4932 εἰκὸς
985 4868 1273 4939 δηλοῦσθαι
1312 4868 1401 4922 διὰ
1438 4868 1532 4922 τοῦ
1590 4867 1829 4939 Ἐφραῒμ
1861 4867 1895 4939 ἢ

329 4962 525 5027 αὐτοὺς
547 4960 673 5024 τοὺς
703 4960 802 5030 τὴν
837 4959 1185 5031 Ἰερουσαλὴμ
1210 4959 1526 5025 οίκοῦντας;
1561 4953 1636 5013 ὧν
1672 4959 1769 5031 τὴν
1795 4976 1896 5012 πο-

330 5053 558 5126 λεμικὴν
589 5053 683 5106 καὶ
710 5052 988 5124 ὁπλιτικὴν
1015 5051 1239 5123 δύναμιν
1264 5090 1279 5113 ,
1314 5050 1474 5122 μέχρι
1506 5049 1615 5103 τῶν
1660 5051 1896 5120 Ῥωμαῖ-

330 5146 441 5200 κῶν
471 5146 677 5219 χρόνων
705 5144 1086 5217 διαρκέσασαν,
1116 5145 1149 5215 ἠ
1174 5142 1267 5196 τοῦ
1297 5144 1544 5215 Σωτῆρος
1568 5142 1724 5213 ήμῶν
1752 5159 1896 5213 παρ-

329 5239 489 5293 ουσία
514 5237 680 5309 ἐνθέῳ
708 5238 802 5291 καὶ
828 5237 1122 5308 ἀπορρήτῳ
1144 5235 1367 5305 δυνάμει
1393 5234 1662 5299 καθεῖλεν,
1694 5234 1898 5304 ὁμοίως

328 5331 395 5400 τῇ
435 5326 760 5400 προφητείᾳ.
805 5326 987 5381 Ταῦτα
1024 5326 1082 5381 δὲ
1119 5325 1217 5398 τῆν
1257 5325 1319 5390 ἐξ
1350 5325 1519 5378 ἐθνῶν
1575 5325 1897 5395 Ἐκκλησίαν

328 5418 732 5489 εὐαγγελίζεται
761 5420 790 5473 ό
820 5417 1005 5485 λόγος,
1037 5417 1135 5489 οὐχ
1163 5415 1346 5479 ἀπλῶς
1375 5416 1604 5488 χαίρειν,
1641 5415 1774 5468 ἀλλά
1802 5416 1897 5467 καὶ

331 5510 532 5583 σφόδρα
574 5509 784 5582 χαίρειν
831 5508 964 5580 αὐτῇ
996 5505 1492 5580 παρακελευόμενος
1528 5505 1615 5559 διὰ
1658 5505 1756 5577 τὴν
1803 5502 1897 5557 τοῦ

328 5600 462 5653 Θεοῦ
498 5600 671 5669 Λόγου
713 5602 789 5663 εἰς
830 5598 999 5672 αὐτὴν
1036 5598 1356 5671 παρουσίαν,
1386 5595 1452 5668 ἠν
1496 5597 1591 5651 καὶ
1626 5595 1899 5666 θυγατέρα

402 5783 425 5813 ⁸
449 5784 578 5838 Dan.
598 5798 696 5849 vn,
726 5783 880 5840 9-H.

3442 3252 3580 3307 qua~

2010 3331 2232 3394 propter
2263 3323 2311 3379 si
2334 3331 2392 3378 tu
2424 3340 2643 3395 quoque
2673 3325 3096 3382 innumerabiles
3133 3328 3269 3385 alias
3315 3328 3400 3384 his
3421 3329 3581 3385 simi-

2009 3414 2089 3470 les
2119 3414 2188 3470 de
2220 3413 2440 3471 Christo
2479 3415 2793 3484 prophetias
2834 3416 3120 3487 collegeris
3153 3424 3209 3472 et
3248 3418 3576 3483 contuleris,

2008 3513 2064 3560 et
2111 3519 2301 3559 earum
2356 3504 2660 3574 signiﬁcata
2706 3504 2923 3559 diversa
2983 3506 3147 3561 simul
3203 3507 3575 3571 contenderis,

2009 3596 2146 3650 alias
2169 3595 2388 3665 quidem
2410 3609 2597 3650 earum
2628 3595 2871 3651 invenies
2903 3596 3063 3665 primi
3116 3596 3265 3652 illius
3309 3598 3576 3653 adventus

2010 3686 2267 3741 vaticinia
2316 3684 2798 3755 comprehendere,
2826 3700 2949 3754 quae
2996 3686 3161 3740 etiam
3188 3687 3291 3740 sub
3323 3687 3575 3742 eumdem

2006 3779 2239 3847 primum
2302 3777 2571 3846 completa
2622 3782 2771 3839 sunt,
2815 3776 2952 3831 alias
2979 3789 3109 3830 vero
3160 3775 3230 3829 ad
3272 3776 3574 3831 secundum

2005 3866 2674 3941 eumdemquegloriosum
2711 3864 2901 3920 referri
2956 3874 3232 3936 oportere.
3281 3866 3345 3920 Et
3376 3881 3574 3921 currus

2005 3959 2151 4013 enim
2172 3967 2227 4015 et
2252 3973 2451 4029 equum
2474 3969 2527 4014 et
2551 3971 2765 4012 omnem
2783 3972 2970 4011 arcum
2988 3958 3237 4012 bellicum
3273 3956 3574 4013 Salvatoris

2005 4051 2181 4107 nostri
2208 4051 2392 4105 divina
2444 4051 2622 4107 virtus
2676 4052 2733 4106 in
2782 4050 2964 4121 priore
2993 4048 3166 4118 ipsius
3220 4049 3476 4113 adventu,
3504 4049 3574 4103 de

2006 4142 2099 4196 illa
2131 4142 2198 4197 ad
2219 4157 2420 4213 corpus
2467 4144 2828 4213 umbramque
2882 4141 3189 4211 pertinente
3231 4136 3569 4201 Jerusalem,

2004 4232 2181 4304 deque
2206 4248 2273 4288 eo
2300 4234 2394 4303 qui
2414 4233 2640 4303 Ephrem
2661 4241 2885 4289 vocatur
2911 4231 3132 4301 populo,
3157 4230 3385 4285 latenter
3410 4229 3572 4298 ejecit

2003 4337 2069 4377 ac
2093 4323 2326 4393 perdidit
2352 4342 2364 4377 :
2389 4338 2557 4393 quare
2581 4338 2648 4379 ex
2672 4322 2764 4377 illo
2795 4322 2862 4376 ad
2898 4321 3042 4375 hunc
3072 4335 3247 4391 usque
3268 4317 3411 4372 diem
3439 4334 3574 4373 nus-

2004 4431 2164 4486 quam
2186 4416 2418 4485 amplius
2444 4415 2659 4469 illorum
2683 4414 2830 4485 regia
2856 4413 3091 4484 dignitas
3127 4416 3361 4476 constat,
3395 4424 3573 4483 neque

2003 4506 2324 4563 eorumdem
2352 4506 2446 4576 qui
2473 4506 2603 4561 olim
2659 4505 2874 4560 valebat
2899 4503 2954 4556 in
2984 4500 3164 4565 bellis,
3200 4506 3496 4570 apparatus
3516 4506 3572 4553 et

2005 4599 2062 4654 in
2092 4597 2260 4653 armis
2278 4599 2474 4652 virtus.
2516 4595 2800 4665 Sapienter
2812 4609 2942 4650 vero
2964 4593 3122 4647 inhis
3137 4607 3355 4647 omnem
3382 4588 3573 4644 Judai-

2004 4704 2128 4743 cum
2166 4688 2423 4758 populum
2440 4686 2675 4758 Ephrem
2700 4685 3025 4748 nominavit,
3049 4698 3160 4739 non
3176 4692 3356 4736 autem
3377 4680 3567 4745 Israel,

2004 4793 2179 4849 neque
2230 4777 2392 4841 Juda,
2427 4794 2494 4834 ne
2520 4777 2870 4833 veneratione
2907 4777 3182 4847 digniores
3207 4774 3570 4829 calumnietur

2002 4870 2415 4939 appellationes.
2450 4869 2700 4924 Invenies
2739 4875 2920 4923 autem
2950 4869 3006 4922 in
3029 4867 3152 4922 aliis
3183 4879 3401 4936 quoque
3431 4878 3561 4931 pro—

2002 4959 2204 5031 phetiis
2252 4966 2419 5013 totam
2445 4967 2657 5030 gentem
2685 4959 2917 5030 Ephrem
2945 4973 3070 5014 cum
3104 4957 3273 5011 multa
3294 4954 3565 5009 calumnia

2003 5058 2058 5105 et
2081 5049 2429 5105 accusatione
2483 5048 2774 5113 nominari,
2815 5050 2958 5104 sicut
3015 5047 3105 5101 hic
3142 5059 3377 5115 quoque.
3426 5040 3563 5097 Cum

2003 5140 2168 5210 igitur
2193 5146 2316 5209 post
2348 5139 2582 5194 reditum
2629 5138 2696 5194 de
2741 5139 3016 5209 Babylone
3071 5151 3185 5191 non
3215 5134 3446 5204 amplius
3479 5132 3566 5187 iti-

2003 5232 2126 5288 dem
2153 5239 2214 5286 ut
2238 5230 2391 5300 prius
2421 5230 2477 5284 in
2508 5230 2686 5287 tribus
2710 5230 2919 5286 divisus
2942 5238 3092 5284 esset
3136 5226 3393 5296 populus,
3423 5239 3566 5294 quos

2003 5324 2225 5385 tandem
2258 5339 2354 5393 per
2380 5322 2617 5394 Ephrem
2646 5322 2841 5378 merito
2882 5319 3180 5392 signiﬁcari
3206 5314 3561 5379 intellexeris,

2002 5415 2107 5470 nisi
2137 5429 2232 5471 eos
2279 5414 2372 5485 qui
2418 5416 2592 5486 ipsam
2622 5412 2922 5469 Jerusalem
2953 5407 3301 5465 habitarent?
3328 5420 3563 5477 quorum

2003 5505 2059 5560 in
2092 5504 2251 5561 bellis
2279 5506 2412 5561 etin
2445 5506 2613 5562 armis
2640 5504 2909 5577 egregiam
2937 5502 3209 5566 virtutem,
3243 5514 3366 5569 quae
3388 5510 3565 5566 usque

2004 5593 2073 5649 ad
2104 5591 2351 5649 Romana
2380 5600 2624 5664 tempora
2674 5592 2861 5687 vigens
2897 5588 3020 5657 fuit,
3058 5587 3356 5645 Salvatoris
3386 5584 3563 5642 nostri
