4098 6468
459 394 556 450 711
1127 389 1395 447 EUSEBII
1431 385 1911 446 CESARIENSIS
1948 382 2098 444 OPP.
2138 381 2318 438 PARS
2356 379 2420 436 ll.
2449 410 2521 423 --
2557 377 3056 437 APOLOGETICA.
3613 378 3723 432 72‘2

459 507 746 570 adventus,
773 508 916 562 sicut
945 505 1000 560 in
1034 505 1317 575 prophetia
1347 502 1555 556 dictum
1593 503 1790 567 fuerat,
1843 501 2026 556 divina

2152 498 2228 569 τῆς
2257 497 2579 568 ἐπουρανίου
2614 495 2752 550 Σιὼν
2773 537 2789 562 ,
2818 497 2853 566 ἢ
2883 496 2978 549 καὶ
3007 495 3110 565 τῆς
3151 493 3426 567 προτέρας
3472 509 3722 561 συναγωε-

459 608 513 652 et
543 598 798 653 ineﬂ‘abili
827 599 1027 651 virtute
1070 597 1286 650 delevit.
1347 594 1581 649 Proinde
1630 594 1914 648 collectam
1960 591 2028 645 de

2152 587 2230 657 ’ἦς
2261 589 2545 651 ἀποκαλεῖ,
2575 587 2664 640 διὰ
2692 586 2750 639 τὸ
2782 586 2993 654 πάντας
3025 586 3174 656 ἡμᾶς
3203 585 3332 648 τοὺς
3360 582 3422 650 ἐξ
3443 582 3614 636 ἐθνῶν
3639 585 3720 645 εἰς

462 687 714 756 gentibus
751 686 1045 742 Ecclesiam
1073 686 1355 740 oraculum
1376 683 1682 754 evangelica
1715 681 1936 736 instruit
1964 693 2029 732 ac

2152 679 2219 732 :bv
2280 678 2512 750 Χριστὸν
2554 677 2649 731 τοῦ
2715 676 2850 731 Θεοῦ
2909 677 3339 740 πεπιστευκότας
3401 678 3718 748 γεννήματα

462 788 666 843 monet,
698 794 808 832 non
855 786 914 832 ut
949 778 1270 848 simpliciter
1325 776 1577 845 gaudeat,
1626 775 1722 828 sed
1753 784 1812 827 ut
1869 771 2031 825 vehe-

2152 766 2269 824 ιῖναι
2313 773 2413 824 καὶ
2447 769 2610 823 τέκνα
2640 769 2877 841 Χριστοῦ
2916 770 3010 823 καὶ
3039 769 3147 822 τῶν
3186 767 3499 822 ἀποστόλωί
3529 769 3720 831 αὖτοῦ,

463 876 674 922 menter
705 868 956 938 gaudeat,
988 869 1188 937 quippe
1211 867 1353 935 quod
1379 865 1524 918 illam
1549 863 1616 917 ad
1639 863 1692 916 id
1725 860 2032 915 faciendum

2152 855 2220 912 υἷα
2248 862 2312 912 ἐκ
2346 858 2548 931 μητρὸς
2583 858 2684 928 τῆς
2718 858 2826 910 τῶν
2869 858 3141 911 Ἰουδαίων
3180 856 3502 926 συναγωγῆς
3527 855 3723 927 προελ-

463 961 784 1014 exhortetur
814 969 1036 1031 propter
1079 959 1172 1014 Dei
1210 957 1374 1013 Verbi
1404 955 1471 1009 ad
1502 956 1675 1026 ipsam
1719 953 2032 1015 adventum,

463 1069 626 1122 quam
665 1058 796 1107 item
850 1052 1091 1107 cmlestis
1146 1051 1297 1114 Sion,
1365 1059 1460 1104 aut
1486 1051 1650 1105 etiam
1677 1047 1874 1117 prioris
1903 1062 2037 1100 con-

465 1144 798 1216 gregationis
827 1143 992 1197 filiam
1021 1153 1200 1206 vocat,
1233 1151 1513 1213 propterea
1541 1139 1685 1210 quod
1715 1153 1817 1194 nos
1847 1153 2038 1194 omnes

467 1234 559 1306 qui
582 1250 646 1288 ex
681 1234 932 1304 gentibus
967 1233 1196 1303 profecti
1241 1235 1295 1286 in
1331 1231 1612 1286 Christum
1664 1228 1758 1284 Dei
1807 1229 2041 1284 credidi-

467 1323 836 1388 mus,Christi
866 1323 1349 1392 apostolorumque
1381 1321 1499 1390 ejus
1527 1321 1707 1391 proles
1739 1326 1794 1374 et
1826 1319 1918 1372 filii
1949 1334 2043 1374 su-

468 1429 617 1480 mus,
667 1421 852 1482 utpote
884 1411 978 1482 qui
1011 1411 1078 1466 de
1111 1411 1422 1465 Judaiorum
1465 1409 1889 1480 congregatione
1923 1418 2044 1462 tan-

472 1521 635 1576 quam
694 1503 762 1558 de
814 1512 989 1557 matre
1041 1501 1148 1555 orti
1189 1501 1402 1556 simus:
1436 1514 1560 1554 nam
1595 1500 1759 1553 etiam
1785 1498 1928 1569 quod
1956 1513 2046 1553 se—

467 1595 674 1665 quitur,
699 1596 754 1648 in
788 1593 1086 1648 Salvatoris
1108 1593 1281 1648 nostri
1313 1592 1545 1646 adventu
1567 1590 1896 1660 completum
1923 1605 2047 1646 esse

467 1693 704 1741 constat.
763 1683 900 1749 Quis
952 1684 1098 1738 enim
1150 1683 1368 1753 ignorat
1413 1681 1684 1752 ejusmodi
1734 1696 1923 1752 pacem
1981 1696 2046 1736 ex

469 1776 723 1848 gentibus
753 1782 878 1844 post
898 1770 1165 1828 adventus
1198 1774 1604 1842 iliiustempora
1627 1773 1929 1836 exstitisse,
1949 1787 2048 1826 cu-

464 1865 708 1935 iusmodi
773 1879 1052 1934 nunquam
1099 1872 1260 1918 antea
1308 1862 1538 1919 fuisset?
1587 1879 1764 1933 neque
1811 1864 2046 1919 enimut

470 1956 648 2027 prius,
683 1957 762 2011 sic
792 1972 938 2011 nunc
954 1956 1210 2010 civitates
1237 1971 1270 2009 a'
1297 1955 1611 2012 civitatibus
1641 1965 2044 2027 Oppugnantur,

471 2061 650 2116 neque
673 2052 860 2114 gentes
897 2060 1020 2099 cum
1045 2044 1302 2114 gentibus
1327 2045 1686 2109 colliduntur,
1719 2061 1896 2116 neque
1919 2062 2048 2102 vero

472 2146 534 2196 ut
567 2137 763 2207 priscis
801 2136 1142 2206 temporibus
1167 2175 1184 2201 ,
1240 2137 1320 2191 sic
1350 2138 1558 2193 nostris
1604 2137 1714 2191 vita
1765 2138 2046 2192 hominum

473 2230 714 2300 inquieta
749 2229 1132 2299 instabilisque
1147 2237 1252 2294 est,
1285 2228 1455 2300 458
1505 2229 1708 2301 quippe
1727 2245 1852 2285 cum
1874 2245 2050 2300 neque

471 2323 830 2378 Athenienses
863 2331 1052 2376 contra
1079 2320 1523 2378 Lacedaemonios
1574 2324 1840 2388 ferantur,
1873 2340 2053 2394 neque

475 2411 600 2485 Syri
628 2414 890 2468 adversus
920 2411 1233 2476 Phoenicas,
1260 2429 1440 2484 neque
1467 2413 1678 2470 Arabes
1728 2419 1783 2469 in
1806 2413 2046 2470 Palaesti-

473 2517 596 2563 nos.
624 2519 801 2572 neque
847 2505 976 2558 item
1029 2500 1268 2574 Egyptii
1302 2504 1567 2559 adversus
1602 2504 1864 2560 ﬂnitimos
1905 2507 2050 2560 mili-

475 2597 606 2650 tiam
636 2603 950 2651 exerceant.
1001 2594 1107 2650 Sed
1156 2610 1222 2649 ex
1258 2595 1352 2649 illo
1389 2597 1444 2649 in
1501 2595 1648 2650 hunc
1683 2611 1859 2666 usque
1881 2596 2045 2660 diem,

475 2686 587 2742 Deo
614 2687 847 2752 favente,
875 2687 932 2741 in
963 2702 1130 2741 unum
1163 2686 1348 2740 omnia
1371 2685 1606 2753 coivere,
1632 2693 1686 2740 et
1709 2701 1917 2751 revera,
1937 2687 2050 2743 sic-

480 2784 546 2830 ut
600 2776 655 2830 in
696 2777 978 2846 prophetia
1013 2775 1221 2830 dictum
1275 2773 1474 2840 fuerat,
1529 2775 1865 2831 abundantia
1897 2779 2051 2844 pacLs

479 2884 547 2924 ex
571 2868 822 2938 gentibus
852 2868 1071 2938 prodiit,
1127 2874 1183 2921 et
1232 2882 1376 2921 unus
1401 2864 1582 2931 Jesus,
1617 2874 1672 2922 et
1704 2867 1774 2921 ab
1803 2867 1924 2934 ipso
1953 2865 2051 2921 de‘

479 2963 790 3018 nuntiatum
832 2961 1161 3032 evangelicae
1193 2961 1457 3016 doctrinae
1489 2960 1738 3025 verbum,
1775 2959 2053 3029 principa-

475 3062 616 3116 tum,
680 3067 712 3105 a
758 3051 896 3105 mari
948 3066 1120 3120 usque
1166 3051 1235 3106 ad
1283 3066 1456 3114 mare,
1494 3050 1596 3105 hoc
1627 3057 1711 3105 est
1735 3050 1804 3104 ab
1841 3050 2054 3105 oriente

2135 951 2344 1011 δόντας.
2386 951 2495 1004 Kal
2538 950 2600 1003 τὸ
2642 950 2769 1020 ἐεῆς
2803 950 2860 1003 δὲ
2899 949 3201 1021 ἐπληροῦτο
3234 949 3328 1002 ἐπὶ
3359 951 3426 1020 τῇ
3469 946 3564 1000 τοῦ
3603 949 3723 1002 Σω-

2133 1043 2298 1114 τῆρος
2329 1042 2485 1113 ⁴ήμῶν
2509 1038 2801 1114 παρουσίᾳ.
2835 1043 3036 1115 Εἰρήνη
3060 1041 3190 1111 γοῦν
3219 1039 3280 1106 ἐξ
3308 1040 3480 1094 ἐθνῶν
3501 1039 3724 1109 γέγονεν

2138 1132 2247 1189 ἀπὸ
2265 1133 2372 1188 τῶν
2401 1133 2608 1203 χρόνων
2637 1135 2736 1206 τῆς
2765 1134 3001 1203 ἀφίξεως
3026 1133 3213 1197 αὑτοῦ,
3242 1134 3330 1187 οἶα
3353 1131 3723 1185 οὐδεπώποτεο

2139 1228 2239 1281 οὐκ
2267 1227 2346 1280 ἔτι
2368 1226 2498 1295 γοῦν
2530 1225 2713 1290 πόλεις
2736 1224 2974 1290 πόλεσιν,
2995 1225 3070 1290 ὡς
3101 1226 3162 1280 τὸ
3193 1227 3343 1297 πρὶν,
3373 1223 3722 1295 πολεμοῦσιν,

2140 1317 2260 1372 οὐδὲ
2295 1317 2422 1388 ἐθνη
2463 1318 2637 1371 ἔθνεσι
2672 1318 3088 1389 συρράσσουσιν,
3119 1316 3249 1382 οὐδ’,
3283 1315 3358 1380 ὡς
3387 1316 3448 1368 τὺ
3471 1313 3721 1378 παλαιὸν,

2142 1408 2172 1460 ὁ
2214 1407 2324 1460 τῶν
2369 1407 2670 1480 ἀνθρώπων
2719 1407 2832 1477 βίος
2867 1408 3256 1469 ἁκαταστατεῖ,
3295 1405 3401 1458 οὐδ’
3455 1403 3726 1474 Ἀθηναῖοι

2147 1499 2249 1570 μὲν
2277 1498 2724 1569 Λακεδαιμονίοις
2773 1493 3254 1568 ἐπιστρατεύονται
3278 1535 3293 1558 ,
3332 1493 3494 1565 Σύροι
3520 1493 3576 1546 δέ
3603 1493 3727 1546 Φοί-

2145 1590 2305 1656 νιξιν,
2352 1588 2592 1661 ’Δράὸιοι
2620 1590 2676 1642 δέ
2706 1588 3118 1652 Παλαιστίνοις,
3151 1586 3247 1639 καὶ
3286 1584 3574 1654 Αἰγύπτιοι
3613 1586 3728 1648 τοῖς

2148 1680 2562 1752 πλησιοχώροις.
2609 1682 2849 1734 Ἥνωται
2895 1680 2952 1733 δέ
2995 1679 3054 1745 ἐξ
3094 1679 3302 1732 ἐκείνου
3350 1679 3445 1733 σὺν
3483 1678 3603 1749 Θεῷ
3657 1679 3728 1732 τὰ

2150 1771 2359 1836 πάντα,
2409 1773 2503 1826 καὶ
2558 1770 2770 1843 άληθῶς
2808 1758 3033 1842 πλῆθος
3083 1773 3304 1842 εἰρήνης
3341 1769 3400 1836 ἐξ
3454 1769 3618 1824 ιεθνῶν
3667 1770 3726 1836 ἐξ

2080 1838 2120 1893 Β
2146 1861 2356 1916 ἐκείνου
2384 1864 2472 1917 καὶ
2504 1866 2583 1927 εἰς
2603 1838 2763 1935 δεῦρο
2783 1838 3026 1932 γέγονεν,
3063 1838 3370 1925 ἀκολούθως
3407 1864 3472 1933 τῇ
3511 1879 3725 1934 προφη-

2146 1954 2286 2026 τείᾳ.
2309 1955 2483 2012 Μόνος
2511 1956 2570 2010 δέ
2613 1955 2839 2026 Ἰησοῦς,
2865 1956 2961 2009 καὶ
2983 1957 3012 2008 ὁ
3031 1955 3097 2008 δι’
3123 1954 3290 2009 αὑτοῦ
3311 1953 3606 2026 κηρυχθεὶς
3625 1955 3726 2024 τῆς

2146 2046 2508 2118 εὐαγγελικῆς
2529 2047 2876 2112 διδασκαλίας
2901 2047 3058 2116 λόγος
3091 2043 3253 2119 ἧρξεν
3273 2047 3380 2101 ἀπὸ
3405 2051 3506 2119 τῆς
3528 2047 3729 2104 θαλάσ-

2149 2153 2249 2205 σης
2273 2136 2376 2201 ἐως
2403 2137 2700 2210 θαλάσσης,
2733 2139 2841 2196 ἀπὸ
2862 2141 2960 2210 τῆς
2984 2140 3058 2192 ἐω
3093 2141 3173 2202 εἰς
3201 2140 3292 2192 τὸν
3329 2140 3729 2212 καταδυόμενον

2158 2227 2330 2298 ήλιον,
2366 2228 2460 2282 καὶ
2505 2229 2615 2283 ἀπὸ
2659 2231 2919 2301 ποταμῶν
2943 2233 3022 2294 εἰς
3043 2230 3141 2295 τάς
3171 2232 3451 2297 διεκϐολὰς
3472 2234 3571 2304 τῆς
3600 2233 3725 2304 γῆς,

2147 2319 2454 2384 ἀκολούθως
2473 2322 2588 2385 τοῖς
2609 2323 2666 2375 ἐν
2682 2321 2761 2392 τῷ
2785 2324 3036 2395 προφήτῃ
3061 2323 3529 2396 προλελεγμένοις.
3551 2325 3730 2394 Ἀπερ

2148 2412 2242 2464 καὶ
2271 2415 2299 2465 ό
2338 2412 2567 2477 Ἀκύλας
2592 2405 2692 2467 ὧδέ
2715 2431 2832 2478 πως
2854 2415 3194 2486 ήρμήνευσεν
3222 2413 3414 2470 εἰπών’
3455 2435 3474 2468 ι
3501 2415 3614 2469 Kal
3631 2415 3728 2468 λα·-

2149 2501 2301 2574 λήσει
2330 2505 2550 2575 εἰρήνην
2581 2505 2638 2558 ἐν
2680 2507 2790 2569 τοῖς
2830 2505 3040 2570 ἔθνεσι,
3094 2507 3188 2560 καὶ
3223 2507 3257 2578 ἡ
3305 2508 3524 2574 ἐξουσία
3563 2505 3730 2560 αὑτοῦ

2153 2592 2261 2646 ἀπὸ
2318 2593 2595 2666 θαλάσσης
2653 2595 2758 2660 ἕως
2807 2596 3116 2668 θαλάσσης,
3164 2599 3256 2650 καὶ
3306 2598 3414 2652 άπὸ
3467 2599 3729 2670 ποταμῶν

2150 2685 2254 2750 ἕως
2277 2687 2525 2758 περάτων
2559 2686 2662 2759 τῆς
2694 2690 2816 2760 γῆς.
2858 2708 2876 2740 ι
2899 2689 3084 2743 Ταῦτα
3113 2691 3170 2744 δὲ
3191 2694 3304 2755 τοῖς
3328 2695 3385 2744 ἐν
3530 2690 3731 2763 ψαλμῷ

2153 2781 2440 2854 σύγκρινον
2477 2782 2556 2852 τῷ
2599 2783 3060 2855 ἐπιγεγραμμένῳ
3119 2786 3198 2849 εἰς
3257 2785 3546 2856 Σολομῶνα
3604 2787 3734 2858 περὶ

2151 2875 2246 2929 τοῦ
2295 2873 2411 2927 υἱοῦ
2458 2875 2552 2927 τοῦ
2594 2873 2893 2944 βασιλέως,
2939 2876 3136 2948 δηλαδή
3174 2876 3268 2929 τοῦ
3304 2877 3367 2928 ἐκ
3419 2876 3733 2948 σπέρματος

2154 2965 2466 3038 Σολομῶνος
2530 2966 3030 3038 προελευσομένουξ,
3093 2967 3435 3038 λεγομένοις,
3497 2971 3625 3040 περὶ
3669 2961 3730 3023 οῦ

2153 3059 2317 3130 φησὶν
2362 3060 2390 3111 ὁ
2433 3055 2680 3129 ψαλμόςο
2722 3077 2740 3108 ι
2771 3057 2880 3111 Kal
2922 3057 3340 3127 κατακυριεύσει
3384 3058 3490 3114 ἀπὸ
3533 3058 3733 3113 θαλάσ-

477 3143 592 3199 sole
609 3157 782 3211 usque
807 3141 874 3194 ad
897 3141 1260 3208 occidentem,
1284 3152 1338 3197 et
1359 3157 1389 3195 a
1421 3141 1740 3196 ﬂuminibus
1771 3140 1837 3195 ad
1857 3157 2052 3211 expor-

2155 3168 2256 3222 σης
2300 3150 2407 3214 ἓως
2463 3149 2763 3220 θαλάσσης,
2805 3149 2899 3202 καὶ
2933 3149 3039 3203 ἀπὸ
3099 3150 3355 3221 ποταμῶν
3410 3149 3518 3214 ἕως
3560 3151 3731 3221 περάο

477 3227 752 3282 tectioncs
775 3235 954 3290 terrae,
981 3225 1124 3280 sicut
1143 3242 1207 3281 ea
1241 3226 1702 3296 significaverant,
1737 3241 1860 3297 qua:
1907 3227 2054 3297 apud

478 3323 793 3391 prophetam
813 3319 1068 3388 pradicta
1094 3326 1245 3381 sunt,
1267 3317 1498 3388 accepit;
1545 3334 1666 3389 qua:
1695 3334 1828 3374 sane
1857 3318 2052 3389 Aquila

479 3424 697 3480 quoque
726 3409 780 3463 in
804 3409 948 3463 hunc
997 3407 1215 3462 modum
1243 3408 1631 3478 interpretatus
1656 3417 1742 3464 est
1769 3424 1782 3459 :
1823 3426 1842 3461 ι
1877 3412 1941 3461 Lt
1973 3409 2055 3462 lo-

485 3510 683 3571 quetur
719 3516 905 3571 paceni
927 3502 982 3555 in
1015 3501 1292 3570 gentibus,
1324 3507 1376 3556 et
1405 3508 1649 3570 potestas
1686 3502 1806 3572 ejus
1851 3516 1881 3554 a
1915 3501 2054 3555 mari

481 3609 658 3661 usque
679 3593 744 3646 ad
767 3608 934 3655 mare,
955 3600 1007 3645 et
1025 3609 1054 3644 a
1076 3591 1391 3646 ﬂuminibus
1412 3608 1587 3663 usque
1602 3591 1669 3646 ad
1685 3594 1819 3647 ﬁnes
1840 3601 2014 3648 terrai.
2029 3613 2048 3644 ι

483 3683 566 3739 Τυ
592 3699 716 3740 vero
733 3684 844 3737 baic
860 3694 1177 3752 comparato
1204 3698 1328 3736 cum
1358 3683 1466 3738 illis
1487 3698 1609 3750 quae
1627 3683 1680 3736 in
1700 3684 1911 3752 psalmo
1931 3700 2058 3738 con-

484 3777 745 3840 tinentur,
765 3776 855 3845 qni
874 3776 1170 3845 inscriptus
1191 3777 1340 3829 eStin
1365 3773 2056 3845 Salomoziem,quze~videli-

483 3880 569 3924 cet
596 3869 664 3924 de
687 3869 798 3924 filio
835 3869 978 3938 regis
997 3883 1061 3922 ex
1093 3867 1300 3923 semine
1348 3867 1660 3922 Salomonis
1701 3867 1941 3921 oriundo
1971 3866 2056 3921 di-

485 3958 787 4023 cuntur;de
814 3973 922 4028 quo
939 3957 986 4012 is
1006 3957 1247 4026 psalmus
1272 3957 1344 4010 ita
1375 3955 1613 4026 loquitur
1641 3974 1655 4010 :
1690 3975 1708 4008 ι
1731 3955 2057 4009 Etdomina-

487 4053 634 4106 bitur
657 4066 688 4105 a
722 4052 860 4105 mari
892 4065 1064 4119 usque
1096 4050 1162 4103 ad
1189 4065 1358 4116 mare,
1396 4058 1449 4104 et
1477 4065 1506 4102 a
1536 4048 1853 4106 ﬂuminibus
1882 4065 2058 4120 usque

489 4145 554 4198 ad
576 4145 707 4198 fines
737 4143 884 4198 orbis
910 4141 1126 4197 teme".
1162 4161 1179 4190 ι
1205 4141 1374 4197 Porro
1395 4142 1534 4197 idem
1559 4143 1647 4197 hic
1666 4143 1911 4212 psalmus
1932 4159 2054 4197 eam

497 4242 623 4294 item
654 4256 776 4310 qua:
798 4240 888 4295 hic
905 4238 1263 4310 significatur,
1288 4250 1495 4304 pacem,
1515 4232 1594 4288 sic
1617 4231 1854 4286 futuram
1878 4229 2079 4282 descri-

495 4332 575 4386 bit
607 4351 619 4385 :
653 4352 671 4383 ι
701 4332 920 4387 Orietur
949 4333 1001 4386 in
1025 4331 1216 4386 diebus
1245 4329 1364 4399 ejus
1403 4326 1616 4396 justitia
1646 4332 1700 4380 et
1742 4321 2076 4377 abundantia

494 4423 644 4482 pacis
670 4421 710 4475 ⁸.
753 4441 772 4474 ι
804 4421 972 4478 Isaias
1020 4435 1240 4488 quoque
1287 4435 1410 4474 cum
1463 4417 1546 4472 bis
1591 4414 1726 4485 ipsis
1761 4410 2077 4476 concordat,

2156 3257 2265 3294 των
2301 3240 2402 3310 τῆς
2445 3240 2820 3312 οἰκουμένης.»
2852 3239 3112 3312 Σημαίνει
3144 3243 3200 3295 δὲ
3233 3243 3324 3296 καὶ
3363 3243 3460 3315 τὴν
3501 3241 3728 3295 ἐνταῦθα

2158 3332 2490 3403 δηλουμένην
2514 3334 2735 3405 εἰρήνην
2759 3335 2788 3386 ὁ
2811 3333 2970 3397 αὐτὸς
2994 3331 3209 3405 ψαλμὸς
3235 3334 3457 3404 φάσκων
3481 3350 3494 3365 ·
3522 3352 3543 3386 ι
3575 3335 3728 3387 Ἀναο

2158 3422 2303 3476 τελεῖ
2327 3426 2383 3477 ἐν
2412 3427 2534 3488 ταῖς
2563 3425 2800 3495 ήμέραις
2833 3425 2997 3478 αὑτοῦ
3023 3424 3334 3498 δικαιοσύνη
3363 3465 3378 3490 ,
3407 3427 3500 3480 καὶ
3533 3425 3730 3498 πλῆθος

2159 3517 2398 3586 εἰρήνης.
2431 3536 2449 3568 ›
2493 3517 2606 3569 Kal
2645 3508 2870 3579 Ἡσαΐας
2899 3516 2956 3569 δὲ
2999 3517 3209 3582 τούτοις
3244 3518 3523 3592 συντρέχει
3564 3518 3628 3571 δι’
3660 3511 3736 3572 ὧν

2161 3623 2332 3677 φησι·
2379 3626 2398 3658 ι
2439 3608 2546 3660 Kal
2590 3606 2920 3676 συγκόψουσι
2971 3609 3242 3681 μαχαίρας
3271 3609 3448 3664 αὐτῶν
3493 3612 3575 3674 εἰς
3612 3610 3739 3682 ἆρο-

2159 3713 2295 3768 τρα,
2331 3699 2425 3752 καὶ
2462 3698 2562 3761 τὰς
2613 3698 2836 3762 ζιὸύνας
2886 3697 3065 3752 αὐτῶν
3111 3702 3189 3764 εἰς
3235 3701 3496 3772 δρέπανα.
3535 3703 3647 3756 Kal
3677 3699 3737 3756 οὐ

2161 3790 2386 3862 λήψεται
2433 3791 2513 3844 ἔτι
2560 3790 2710 3854 ἔθνος
2754 3793 2841 3845 ἐπ’
2891 3791 3040 3856 ἔθνος
3093 3793 3395 3866 μάχαιραν,
3431 3795 3526 3849 καὶ
3566 3796 3626 3848 οὐ
3666 3797 3739 3868 μή

2166 3882 2407 3954 μάθωσιν
2437 3883 2514 3936 ἔτι
2553 3885 2828 3954 πολεμεῖν.
2865 3905 2883 3936 ι
2921 3884 3114 3956 Εὖροις
3167 3886 3208 3939 δ’
3249 3885 3315 3940 ἂν
3363 3888 3456 3942 xal
3502 3887 3741 3959 Μιχαίαν

2163 3974 2371 4038 τούτοις
2397 3976 2687 4047 συνᾴδοντα
2709 4017 2724 4041 ,
2760 3976 2856 4029 καὶ
2886 3976 3081 4043 ἄλλους
3118 3979 3336 4044 πλείους
3377 3981 3485 4034 τῶν
3530 3999 3744 4052 προφη-

2162 4066 2295 4122 τῶν.
2343 4069 2672 4140 Ἐπιστήσας
2696 4067 2752 4120 δὲ
2779 4109 2793 4132 ,
2826 4066 2902 4132 ὡς
2925 4069 3061 4142 ἔφην
3087 4111 3101 4133 ,
3131 4073 3243 4134 τοῖς
3274 4072 3503 4143 χρόνοις,
3534 4073 3742 4144 δυνήσῃ

2166 4161 2394 4215 συνιδεῖν
2419 4199 2432 4221 ,
2467 4160 2542 4223 ὼς
2573 4159 2682 4214 ἀπὸ
2719 4159 2827 4214 τῶν
2861 4161 3171 4230 Αὐγούστου
3211 4163 3416 4233 χρόνων
3441 4201 3455 4224 ,
3515 4162 3609 4213 καὶ
3640 4163 3742 4231 τῆς

2165 4251 2285 4305 κατ’
2320 4251 2481 4305 αὑτὸν
2509 4251 2892 4322 ἐπιλαμψάσης
2923 4253 3015 4306 τοῦ
3057 4253 3320 4327 Σωτῆρος.
3343 4251 3502 4322 ἡμῶν
3546 4253 3742 4319 ἐπιφα-

2165 4345 2347 4407 νείας,
2379 4344 2480 4412 τῆς
2514 4343 2796 4414 Ῥωμαίων
2845 4343 3138 4414 μοναρχίας
3169 4344 3646 4414 ἐπικρατησάσης,
3683 4345 3742 4398 αἰ

2167 4434 2334 4488 πάλαι
2363 4434 2470 4487 τῶν
2495 4433 2663 4486 ἐθνῶν
2694 4431 3009 4505 διελύθησαν
3039 4433 3344 4498 διαστάσεις
3377 4435 3469 4488 καὶ
3502 4435 3742 4508 πολυαρ-

494 4524 619 4563 cum
653 4507 729 4561 ait
759 4523 773 4558 :
812 4527 830 4559 ι
855 4506 919 4560 Ει
949 4507 1260 4561 conﬂabunt
1286 4505 1496 4577 gladios
1540 4522 1670 4562 suos
1701 4506 1756 4560 in
1782 4522 2052 4572 vomeres,

2169 4524 2312 4596 χίαι,
2371 4525 2464 4578 καὶ
2504 4523 2656 4578 τόνδε
2705 4524 2765 4590 ἐξ
2807 4522 3013 4577 ἐκείνου
3056 4525 3256 4595 τρόπον
3305 4526 3489 4592 τέλους
3542 4505 3744 4598 ἦρξατο

493 4610 550 4655 et
579 4601 850 4655 lanceolas
879 4615 1007 4655 suas
1064 4600 1119 4653 in
1148 4599 1339 4654 falces.
1368 4597 1434 4652 Et
1468 4614 1577 4653 non
1610 4606 1791 4654 sumet
1828 4601 2052 4669 amplius

2169 4617 2454 4686 τυγχάνειν
2486 4615 2554 4668 τὰ
2595 4616 2696 4686 τῆς
2745 4616 3229 4686 προφητευομὲνης
3276 4619 3516 4688 εἰρήνης.
3585 4597 3744 4672 ima;

494 4707 628 4765 gens
660 4693 714 4746 in
743 4699 956 4763 gentem
985 4691 1246 4761 gladium,
1271 4697 1327 4746 et
1358 4705 1468 4745 non
1516 4689 1732 4746 discent
1773 4691 1914 4744 ultra
1950 4691 2066 4746 bel-

497 4787 608 4841 lum
633 4801 821 4857 gerere
851 4788 894 4837 ’.
929 4804 947 4836 ι
987 4783 1257 4839 Caeterum
1321 4782 1601 4838 Michzcam
1658 4799 1876 4854 quoque
1911 4785 2064 4838 inve-

498 4881 615 4936 nies
647 4879 838 4935 iisdem
883 4887 1249 4934 consentanea
1293 4880 1585 4942 dicentem,
1647 4879 1885 4949 itemque
1928 4881 2066 4936 alios

497 4985 564 5023 ex
631 4970 906 5039 prophetis
940 4971 1162 5025 multos.
1221 4969 1278 5024 Si
1315 4986 1441 5025 vero
1473 4970 1780 5041 diligenter,
1821 4981 1882 5027 ut
1929 4973 2064 5028 alias

2171 4704 2266 4758 νῦν
2319 4705 2417 4776 μὲν
2459 4703 2595 4768 τέως
2639 4704 2867 4776 ήρξατο,
2916 4704 3064 4756 ἔσται
3105 4704 3161 4757 δὲ
3207 4706 3294 4758 ὅτε
3327 4706 3675 4776 πληρὲστατα
3708 4707 3744 4778 ή

2172 4794 2479 4866 προφητεία
2507 4793 3042 4865 συμπερασθήσεται,
3076 4795 3212 4848 ἐπὰν
3249 4794 3309 4849 τὸ
3342 4795 3613 4866 πλήρωμα
3637 4795 3745 4848 τῶν

2173 4884 2346 4938 ἐθνῶν
2374 4882 2592 4956 εἰσέλθῃ
2616 4883 2834 4955 τὸλπρὸς
2856 4883 2950 4937 τοῦ
2989 4886 3030 4938 ἰε
3041 4886 3131 4957 ροῦ
3172 4886 3490 4939 Ἀποστόλου
3518 4886 3742 4958 δεδηλω-

2178 4976 2357 5047 μένον.

498 5063 634 5128 dixi,
661 5076 900 5135 tempora
948 5065 1348 5130 observaveris,
1390 5066 1546 5121 facile
1605 5067 1803 5123 intueri
1832 5071 2058 5138 poteris,
2099 5070 2564 5140 quemadmodum
2622 5072 2694 5127 ab
2761 5071 2991 5142 Augusti
3049 5073 3411 5143 temporibus,
3459 5081 3513 5129 et
3554 5089 3583 5128 a
3625 5071 3749 5128 εει-

503 5157 704 5212 vatoris
733 5158 908 5211 nostri
927 5158 1184 5214 adventu.
1214 5158 1306 5227 qui
1337 5173 1432 5227 per
1461 5175 1523 5212 ea
1584 5166 1831 5230 tempora
1893 5161 2142 5227 emicuit,
2185 5179 2309 5218 cum
2367 5163 2435 5217 ad
2487 5179 2654 5218 unum
2705 5164 2984 5218 redactum
3045 5162 3414 5219 Romanorum
3458 5165 3749 5235 imperium

503 5245 683 5299 omnia
713 5245 1078 5310 obtinuisset,
1145 5255 1356 5302 veteres
1397 5247 1640 5317 gentium
1713 5248 2056 5314 diﬂ‘erentiaa,
2088 5259 2142 5305 et
2181 5252 2517 5322 multiplices
2569 5255 2909 5323 principatus
2957 5254 3146 5308 aboliti
3179 5266 3329 5319 sunt,
3362 5263 3525 5324 atque
3561 5269 3628 5308 ex
3655 5253 3752 5308 illo

502 5336 557 5391 in
578 5337 723 5392 hunc
748 5339 990 5405 modum,
1053 5355 1172 5410 quae
1205 5339 1275 5394 ad
1317 5355 1505 5410 pacem
1544 5343 1903 5412 pertinerent,
1975 5360 2137 5416 quam
2179 5347 2457 5417 prepbetaa
2485 5348 2872 5419 praedixerant,
2908 5363 2972 5404 ea
3023 5349 3184 5404 finem
3222 5365 3384 5404 suum
3436 5349 3753 5419 contingere

504 5431 785 5515 ett-perint.
811 5431 1078 5486 Caeterum
1137 5434 1400 5488 hactenus
1449 5434 1671 5503 quidem
1737 5435 1924 5506 ccepit,
2005 5443 2217 5508 tempus
2283 5447 2465 5492 autem
2532 5441 2734 5502 veniet,
2769 5457 2891 5495 cum
2924 5441 3548 5512 plenissimeprophetia
3604 5455 3754 5495 com-

507 5524 760 5592 plebitur,
794 5525 883 5578 ubi
916 5526 1156 5596 gentium
1206 5527 1485 5596 plenitudo
1514 5528 1762 5598 ingressa
1790 5529 1924 5582 illud
1954 5527 2140 5594 fuerit,
2174 5529 2319 5600 quod
2346 5545 2376 5584 a
2410 5541 2603 5588 sancto
2624 5534 2886 5605 Apostolo
2920 5535 3127 5591 dictum
3161 5542 3246 5590 est
3272 5535 3338 5588 θ’.

579 5781 599 5813 ⁷
637 5780 781 5837 Psal.
824 5798 985 5849 tui,
1021 5784 1074 5841 8.
1150 5787 1169 5820 ⁸
1207 5785 1337 5843 ibid.
1379 5786 1426 5842 7.
1503 5787 1522 5820 ’
1564 5788 1670 5849 Isa.
1706 5803 1762 5853 ιι,
1815 5789 1866 5845 ι.
1941 5788 1985 5821 "
2023 5788 2052 5843 Il

2152 5805 2186 5845 ι.
2221 5805 2276 5846 x1
2299 5831 2313 5859 ,
2344 5791 2432 5846 23.
