4098 6432
377 344 487 400 713

1277 332 1935 393 DEMONSTRATIONIS
1969 333 2431 396 EVANGELICIE
2464 336 2593 392 LIB.
2632 338 2722 395 IX.

3537 344 3643 400 ’7η

389 449 532 509 Ἀπὸ
590 448 696 504 τοῦ
730 449 980 520 walon
997 445 1124 520 ριξ.
1152 476 1222 487 -
1245 447 1387 520 Περὶ
1429 446 1528 511 Ὠς
1562 444 1718 500 ἁννὰ
1746 443 1829 511 τῷ
1854 444 1963 511 υἱῷ

2077 444 2234 518 459
2273 448 2317 502 Α
2375 449 2581 518 psalmo
2621 464 2787 506 cxvn.
2812 480 2883 490 —
2928 450 3006 507 De
3044 453 3444 520 acclamatione,
3492 455 3640 512 Hos-

814 518 992 573 Δαὸὶδ
1008 557 1024 581 ,
1053 517 1527 588 ἐπιφωνήματος.

457 656 476 688 ‹
513 635 672 691 Λίθον
713 635 771 688 ὃν
812 633 1219 703 ἀπεδοκίμασαν
1251 633 1299 686 οἱ
1333 629 1737 702 οἰκοδομοῦντες
1765 670 1780 696 ,
1813 623 1966 694 οὗτος

379 727 610 800 ἐγενήθη
651 729 729 790 εἰς
771 724 1011 795 κεφαλὴν
1054 725 1276 793 γωνίας.
1318 712 1489 796 Παρὰ
1511 722 1718 797 Κυρίου
1753 722 1967 792 ἐγένετο

380 819 521 889 αὕτη
542 859 555 882 ,
579 819 672 871 καὶ
699 817 813 871 ἐστι
845 816 1130 886 θαυμαστὴ
1163 818 1220 870 ἐν
1251 815 1550 888 ὀφθαλμοῖς
1583 814 1761 887 ἡμῶν.
1817 813 1967 885 Αὕτη

380 914 415 984 ἢ
440 911 621 983 ἡμέρα
657 912 724 983 ἣν
753 909 1009 979 ἐποίησεν
1037 911 1065 962 6
1099 908 1306 981 Κύριος
1325 948 1339 972 ,
1377 906 1833 978 ἀγαλλιασώμεθα
1874 907 1969 960 καὶ

381 1001 777 1074 εὐφρανθῶμεν
832 1002 889 1054 ἐν
948 1001 1110 1073 αὐτῇ.
1158 996 1229 1053 Ὦ
1280 1000 1491 1072 Κύριε,
1551 999 1726 1053 σῶσον
1779 998 1881 1071 δὴ,
1923 993 1968 1053 ὦ

382 1093 590 1164 Κύριε,
636 1092 896 1146 εὐὸδωσον
938 1092 1022 1162 δή.
1069 1091 1448 1163 Εὐλογημένος
1498 1094 1526 1145 6
1572 1087 1871 1163 ἐρχόμενος
1910 1090 1968 1144 ἐν

383 1186 606 1257 ὀνόματι
648 1185 873 1257 Κυρίου.
911 1185 1045 1249 Θεὸς
1081 1185 1285 1257 Κύριος
1326 1183 1420 1238 καὶ
1458 1184 1726 1254 ἐπέφανεν
1751 1185 1904 1255 ἡμῖν.
1943 1202 1962 1234 ι

386 1277 492 1331 Τοῦ
521 1278 771 1349 Σωτῆρος
808 1277 966 1350 ἡμῶν
1009 1278 1184 1348 Ἰησοῦ
1213 1278 1449 1350 Χριστοῦ
1483 1277 1812 1341 εἰσελθόντος
1839 1276 1968 1330 ποτὲ

386 1374 470 1437 είς
515 1374 585 1427 τὰ
647 1375 1010 1447 Ἱεροσόλυμα,
1046 1376 1134 1429 ὅτε
1174 1376 1315 1430 κατὰ
1338 1375 1434 1447 τὴν
1468 1376 1575 1446 πρὸ
1606 1376 1812 1447 ταύτης
1837 1393 1970 1447 προ-

390 1466 616 1535 φητείαν
653 1468 942 1540 ὀχούμενος
980 1468 1085 1539 ὄνῳ
1121 1470 1220 1540 τὴν
1251 1470 1308 1521 ἐν
1342 1468 1420 1540 τῷ
1451 1469 1697 1541 Ζαχαρίᾳ
1724 1469 1968 1542 πρόρρη-

393 1572 477 1611 σιν
519 1560 776 1632 ἐπλήρου,
814 1560 953 1614 κατὰ
981 1561 1073 1613 τὸν
1114 1560 1255 1614 θεῖον
1292 1560 1712 1632 εὐαγγελιστὴν,
1747 1562 1796 1614 οἱ
1823 1561 1970 1631 ὄχλοι

390 1653 724 1722 προάγοντες
752 1654 913 1707 αὐτὸν
938 1654 1030 1706 καὶ
1053 1652 1473 1717 ἀκολουθοῦντες
1502 1654 1854 1725 ἐπευφήμουν
1884 1652 1972 1705 λέ-

391 1762 578 1817 γοντες
604 1763 615 1776 ·
660 1763 679 1796 ι
733 1745 819 1808 Ὠς
865 1746 998 1798 ἀννὰ
1030 1744 1108 1815 τῷ
1145 1744 1246 1815 υἱῷ
1286 1744 1468 1798 Δαὸίδ.
1519 1744 1895 1815 Εὐλογημένος
1941 1748 1972 1799 6

390 1802 684 1908 ἐρχόμενος
714 1835 771 1886 ὲν
798 1802 1022 1910 ὀνόματι
1054 1802 1281 1904 Ιξυρίόυ,
1323 1833 1398 1894 ὡς
1439 1833 1576 1886 ἀννὰ
1613 1802 1681 1885 ἐν¹
1702 1802 1816 1895 τοῖς
1842 1802 1966 1901 ὐφί-
2004 1802 2044 1859 Β

394 1944 559 1990 στοις.
599 1927 724 1980 Ὅτε
753 1926 847 1979 καὶ
871 1925 1200 1989 εἰσελθόντος
1226 1925 1391 1979 αὐτοῦ
1420 1928 1500 1990 εἰς
1521 1925 1589 1979 τὰ
1626 1925 1968 1996 Ἱεροσόλυμα

391 2016 611 2087 ἐσείσθη
642 2018 789 2070 πᾶσα
814 2019 845 2087 ή
875 2015 1028 2079 πόλις
1055 2016 1321 2085 λεγόντων
1341 2034 1354 2047 ·
1383 2016 1480 2078 Τίς
1506 2017 1653 2069 ἐστιν
1688 2007 1875 2077 οὗτοςς
1907 2017 1968 2069 Oi

390 2107 447 2162 δὲ
487 2107 629 2178 ὄχλοι
669 2107 851 2175 ἔλεγον
874 2123 888 2135 ·
924 2099 1092 2168 Οὗτός
1120 2107 1266 2159 ἐστιν
1291 2107 1319 2159 6
1348 2109 1631 2177 προφήτης
1677 2102 1907 2174 Ἰησοῦς,
1942 2105 1971 2156 6

392 2198 501 2251 ἀπὸ
527 2196 777 2269 Ναζαρὲθ
823 2196 921 2267 τῆς
961 2196 1270 2259 Γαλιλαίας.
1306 2216 1325 2247 ›
1386 2196 1539 2249 Ἐπεὶ
1570 2197 1750 2249 τοίνυν
1784 2198 1848 2248 ἐκ
1877 2194 1969 2248 τοῦ

393 2289 751 2362 προκειμένου
803 2286 1018 2359 ψαλμοῦ
1056 2289 1305 2360 εἴρηται,
1351 2288 1452 2351 τὸ,
1499 2289 1586 2351 Ὡς
1633 2288 1787 2352 ἀννὰ,
1834 2289 1972 2356 ὅπερ

393 2380 724 2452 ἐρμηνευθὲν
743 2380 919 2451 δηλοῖ,
955 2378 1133 2432 Σῶσον
1160 2378 1224 2450 δὴ
1241 2419 1255 2441 ,
1276 2378 1338 2432 τὺ
1361 2379 1418 2432 δὲ
1459 2379 1764 2450 Ἐϐραῖκὸν,
1816 2378 1972 2432 Ἀννὰ

405 2468 632 2523 ’Δδωναῖ
655 2470 731 2532 ὼς
760 2468 916 2531 ἀννὰ,
949 2468 1211 2539 περιέχει.
1255 2467 1412 2521 Ἀλλὰ
1437 2467 1614 2522 καὶτὸ
1633 2510 1646 2535 ,
1685 2488 1703 2519 ι
1734 2468 1973 2539 Εὐλογη-

399 2560 558 2631 μένος
596 2563 625 2615 ό
654 2560 944 2631 ἐρχόμενος
990 2561 1048 2613 ἐν
1081 2560 1304 2631 ὀνόματι
1353 2559 1594 2632 Κυρίου,
1624 2580 1643 2612 ι
1677 2560 1974 2632 ἐπειδήπερ

396 2654 493 2707 καὶ
521 2652 653 2707 αὐτὸ
677 2653 787 2707 ἀπὸ
820 2651 915 2705 τοῦ
938 2651 1104 2706 αὐτοῦ
1128 2650 1346 2724 ψαλμοῦ
1376 2652 1732 2731 μετείληπται
1755 2695 1770 2719 ,
1800 2653 1973 2709 ταῦτα

393 2745 454 2800 δὲ
500 2744 686 2813 σαφῶς
724 2744 817 2798 ἐπὶ
861 2744 953 2797 τὸν
1002 2743 1238 2815 Χριστὸν
1281 2743 1376 2798 τοῦ
1421 2744 1555 2798 Θεοῦ
1597 2746 1973 2816 ἀνενήνεκταιο

397 2835 623 2898 εἰκότως
671 2835 749 2898 είς
801 2834 962 2888 αὐτὸν
1018 2834 1113 2887 καὶ
1153 2834 1224 2888 τὰ
1268 2833 1431 2890 λοιπὰ
1473 2835 1572 2906 τῆς
1617 2837 1972 2908 προρρήσεως

394 2926 780 2999 ὲξειλήφαμεν.
809 2921 977 2991 Οὗτος
997 2926 1104 3000 γὰρ
1138 2926 1214 2980 ὢν
1247 2927 1503 2998 τυγχάνει
1536 2926 1915 2998 εὐλογημένος,
1945 2932 1975 2983 6

396 3019 495 3072 καὶ
537 3016 603 3070 δι’
633 3016 820 3089 ἐτέρου
846 3019 1126 3090 προφήτου
1160 3018 1546 3089 ὠνομασμένος
1584 3020 1612 3071 6
1658 3019 1972 3092 ἐρχόμενος,

395 3108 492 3163 τοῦ
521 3109 817 3181 φήσαντος·
865 3128 884 3161 α
918 3111 1037 3162 Ἔτι
1081 3111 1305 3181 μικρὸν,
1335 3112 1429 3164 καὶ
1452 3113 1479 3164 6
1509 3110 1799 3182 ἐρχόμενος
1832 3112 1972 3184 ἥξει,

2596 536 2739 575 anna
2775 521 2888 591 ﬁlio
2921 521 3114 577 David.

2144 648 2163 682 ι
2198 629 2457 703 Lapidem
2487 650 2648 705 quem
2681 636 3114 706 reprobaverunt
3142 635 3474 714 aediﬁcantes
3494 679 3510 705 ,
3556 640 3645 697 hic

2068 722 2247 780 factus
2260 732 2343 780 εει
2361 725 2415 778 in
2433 734 2593 796 caput
2615 728 2818 798 anguli.
2838 727 2881 780 A
2900 727 3129 783 Domino
3151 728 3353 785 factum
3373 739 3458 785 est
3476 733 3642 798 istud,

2069 821 2123 869 et
2150 823 2234 870 est
2264 815 2516 870 mirabile
2561 817 2614 870 in
2646 818 2822 874 ocuiis
2856 819 3079 875 nostris.
3133 818 3260 875 Haec
3312 822 3430 877 dies
3480 839 3644 892 quam

2069 903 2198 960 fecit
2229 904 2514 971 Dominus,
2545 909 2883 965 exsultemus
2908 919 2964 964 et
2998 910 3242 967 lzetemur
3275 911 3330 967 in
3350 928 3431 966 ea.
3467 910 3510 967 Ο
3542 912 3648 968 Do-

2069 997 2217 1053 mine
2250 1038 2266 1060 ,
2323 1000 2535 1054 salvum
2568 1000 2654 1055 fac
2693 1001 2807 1069 jam
2844 1016 3024 1070 nunc;
3061 1018 3095 1057 ο
3132 1003 3392 1070 Domine,
3424 1005 3491 1059 da
3524 1020 3645 1075 pro-

2068 1087 2269 1144 fectum
2299 1090 2414 1160 jam
2459 1108 2625 1147 nunc.
2658 1091 2984 1149 Benedictus
3026 1097 3120 1165 qui
3151 1100 3297 1151 venit
3325 1097 3380 1150 in
3425 1098 3676 1150 nomine-

2068 1180 2284 1237 Domini
2317 1202 2330 1238 :
2369 1181 2788 1256 [Benediximus
2830 1186 2987 1241 vobis
3020 1187 3090 1241 de
3140 1187 3302 1242 domo
3333 1187 3546 1243 Domini
3583 1185 3643 1261 :]

2069 1271 2215 1329 Deus
2247 1273 2594 1338 Dominus,et
2640 1274 2820 1329 illuxit
2864 1276 3022 1332 nobis
3074 1277 3135 1331 “.
3180 1297 3198 1330 ι
3238 1277 3519 1333 Salvatore
3546 1292 3647 1332 ηο‹

2070 1374 2186 1421 stro
2222 1365 2350 1422 Jesu
2372 1366 2592 1423 Christo
2623 1368 2875 1438 ingresso
2901 1369 3175 1438 quondam
3207 1370 3263 1425 in
3290 1371 3479 1425 urbem
3508 1370 3636 1426 Hie—

2070 1456 2363 1528 rosolyma,
2393 1474 2502 1527 quo
2533 1465 2796 1528 tempore,
2830 1458 2972 1513 sicut
3001 1460 3305 1529 prophetia,
3330 1476 3493 1531 quam
3525 1477 3648 1532 pro-

2070 1550 2215 1604 xime
2243 1560 2369 1605 ante
2402 1552 2542 1604 hanc
2580 1550 2966 1620 exposuimus,
2999 1553 3273 1618 continet,
3322 1553 3449 1607 dum
3478 1554 3646 1611 asello

2071 1640 2315 1697 insidens
2348 1640 2593 1704 vehitur,
2631 1636 2787 1697 ﬁdem
2822 1644 2950 1697 huic
2992 1643 3073 1698 rei
3127 1643 3362 1698 faciente
3416 1659 3647 1716 evange-

2072 1730 2194 1786 lista
2218 1770 2232 1793 ,
2292 1732 2609 1786 vaticinium
2661 1734 2805 1803 quod
2840 1744 2924 1789 est
2960 1734 3102 1804 apud
3152 1733 3472 1789 Zachariam
3503 1751 3650 1792 com-

2075 1822 2261 1893 plevit,
2294 1824 2468 1878 turba:
2501 1840 2624 1895 quae
2661 1826 2922 1894 praeibam
2965 1834 3019 1881 et
3077 1842 3198 1897 qua:
3247 1827 3647 1897 sequebantur,

2077 1913 2452 1968 acelamabant
2488 1915 2870 1971 benedicentes
2899 1934 2913 1971 :
2952 1935 2969 1966 ‹
3004 1914 3257 1971 Hosanna
3303 1915 3415 1971 tilio
3452 1916 3644 1974 David.

2076 2005 2400 2062 Benedictus
2432 2007 2524 2077 qui
2555 2009 2706 2061 venit
2755 2007 2810 2061 in
2858 2010 3078 2063 nomine
3123 2007 3358 2075 Domini,
3401 2008 3675 2064 bosanna-

2079 2099 2147 2153 in.
2178 2099 2480 2156 altissimis.
2531 2098 2651 2166 Quo
2700 2099 2865 2154 etiam
2921 2105 3166 2169 tempore
3209 2113 3335 2153 cum
3387 2100 3649 2155 intrasset

2081 2187 2532 2259 Hierosolymam,
2562 2197 2834 2244 commota
2885 2197 2968 2245 est
3025 2190 3281 2245 universa
3321 2190 3534 2257 civitas,
3562 2190 3648 2245 di-

2078 2295 2209 2335 cens
2241 2299 2254 2334 :
2296 2280 2431 2346 Quis
2457 2287 2542 2336 est
2572 2280 2695 2337 hic?
2732 2280 2928 2337 Turbae
2976 2289 3154 2335 autem
3197 2281 3451 2337 dicebant
3485 2300 3498 2337 :
3549 2280 3651 2338 Hic

2078 2379 2161 2428 est
2189 2374 2451 2444 propheta
2499 2372 2660 2431 Iesus
2690 2390 2721 2429 a
2761 2374 3031 2431 Nazareth
3065 2373 3298 2431 Galilaeaa
3328 2377 3393 2430 “.
3433 2394 3452 2428 ι
3504 2376 3651 2443 Quo-

2079 2466 2223 2520 niam
2264 2465 2430 2536 igitur
2461 2481 2527 2521 ex
2574 2468 2823 2537 proximo
2853 2468 3064 2538 psalmo
3091 2468 3297 2523 dictum
3330 2476 3416 2524 est
3475 2468 3606 2525 illud
3631 2509 3647 2533 ,

2079 2559 2348 2623 bosanna,
2381 2558 2527 2629 quod
2568 2560 2615 2615 si
2649 2561 3045 2631 interpreteris,
3088 2561 3380 2632 signiﬁcat,
3440 2563 3652 2638 salvum

2081 2648 2166 2704 fac
2194 2649 2307 2718 jam
2355 2664 2533 2715 nunc,
2568 2659 2623 2705 et
2654 2649 2954 2707 Heb’raicus
2982 2660 3294 2719 contextus,
3328 2652 3483 2707 Anna
3507 2654 3652 2711 Ado-

2079 2743 2168 2796 nai
2200 2742 2468 2807 hosanna,
2516 2743 2713 2807 habet,
2774 2758 2986 2799 necnon
3044 2743 3223 2799 illud:
3273 2764 3293 2797 ι
3325 2734 3652 2811 Benedictus

2079 2837 2173 2908 qui
2196 2836 2343 2892 venit
2375 2835 2429 2890 in
2477 2837 2697 2891 nomine
2726 2836 2977 2903 Domini,
3028 2857 3045 2889 ι
3107 2839 3283 2907 ipsum
3324 2852 3540 2908 quoque
3582 2839 3652 2892 ab

2078 2928 2270 2983 eodem
2307 2929 2516 2999 psalmo
2544 2936 2629 2983 est
2660 2939 2967 2999 acceptum,
3002 2938 3056 2984 et
3093 2930 3207 2984 [nec
3240 2930 3356 3000 ipsa
3392 2930 3551 3002 plane
3583 2931 3653 2986 ad

2078 3020 2359 3077 Christum
2420 3020 2587 3076 Deum
2643 3019 2834 3076 referri
2870 3029 3122 3077 constat:
3160 3022 3354 3077 merito
3396 3023 3463 3078 ad
3506 3038 3654 3078 eum-

2081 3112 2202 3167 dem
2232 3113 2442 3184 reliqua
2475 3127 2692 3183 quoque
2730 3113 2973 3183 ejusdem
3021 3113 3264 3168 vaticinii
3308 3114 3409 3170 hoc
3441 3116 3494 3169 in
3532 3115 3653 3170 loco

397 3203 492 3257 καὶ
527 3203 587 3257 οὐ
624 3202 698 3274 μὴ
741 3204 998 3274 χρονίσῃ,
1054 3222 1073 3255 ι
1116 3203 1173 3268 ὃς
1217 3205 1312 3257 καὶ
1357 3203 1613 3275 ἐλήλυθεν
1647 3205 1707 3258 ἐν
1753 3205 1975 3277 ὀνόματι

2084 3205 2391 3261 retulimus.
2423 3204 2522 3260 Hic
2548 3198 2693 3261 enim
2731 3214 2813 3261 est
2865 3206 2957 3262 ille
3014 3206 3369 3270 benedictus.
3434 3208 3529 3279 qui
3584 3209 3656 3264 ab

399 3294 606 3367 Κυρίου
633 3292 727 3349 τοῦ
753 3294 910 3359 Θεοῦ,
943 3297 1038 3349 καὶ
1069 3295 1284 3368 Πατρδς
1308 3294 1525 3350 ἑαυτοῦ.
1548 3297 1720 3360 Αὐτὸς
1739 3297 1785 3350 δ’
1807 3298 1872 3352 ἂν
1898 3299 1980 3370 εἴη

399 3386 497 3439 καὶ
535 3402 557 3436 ς
593 3384 725 3449 Θεὸς
749 3385 954 3457 Κύριος
986 3387 1016 3439 6
1058 3386 1340 3455 ἐπιφανεὶς
1370 3388 1522 3458 ἡμῖν.
1564 3406 1584 3439 ι
1629 3388 1717 3442 Ἐν
1756 3389 1982 3460 ὀνόματι

398 3475 531 3545 γοῦν
569 3475 663 3530 τοῦ
701 3477 914 3548 [ἰατρὸς
954 3477 1119 3531 αὐτοῦ
1153 3480 1406 3549 ὁμολογεῖ
1447 3480 1765 3551 ἐληλυθέναι
1808 3483 1982 3552 λέγων

399 3568 541 3641 πρὸς
589 3571 718 3633 τοὺς
763 3567 1047 3633 Ἰουδαίους
1071 3588 1087 3602 ·
1131 3589 1151 3622 ι
1194 3571 1338 3640 Ἐγὼ
1372 3573 1609 3644 ἐλήλυθα
1648 3576 1707 3627 ἐν
1750 3574 1826 3645 τῷ
1872 3576 1984 3629 6V6-

405 3673 537 3730 ματι
578 3657 674 3712 τοῦ
722 3659 932 3728 Πατρός
969 3676 1069 3729 μου
1094 3700 1109 3724 ,
1143 3662 1238 3714 καὶ
1262 3663 1322 3716 οὐ
1340 3661 1650 3734 λαμϐάνετέ
1679 3680 1743 3731 με
1766 3681 1781 3694 ο
1823 3663 1982 3728 ἄλλος

401 3749 498 3805 ἐὰν
521 3749 648 3822 ἔλθῃ
688 3753 746 3805 ἐν
769 3749 847 3821 τῷ
868 3750 1093 3820 ὀνόματι
1124 3751 1202 3822 τῷ
1244 3753 1389 3823 ἰδίῳ,
1417 3754 1624 3808 ἐκεῖνον
1659 3753 1913 3824 λήψεσθε.
1957 3774 1976 3806 ι

399 3842 574 3906 Αὐτὸς
597 3843 662 3915 δὴ
684 3840 777 3898 οὖν
810 3845 839 3896 6
863 3844 1149 3912 ἐπιφανεὶς
1179 3846 1311 3915 ἡμῖν
1336 3844 1468 3907 Θεὸς
1499 3844 1703 3916 Κύριος
1721 3884 1735 3908 ,
1768 3847 1797 3899 6
1826 3845 1977 3898 εὐλο-

401 3937 665 4007 γημένος,
691 3937 720 3989 6
746 3934 917 3989 ἐλθὼν
944 3938 1001 3990 ἐν
1023 3937 1246 4006 ὀνόματι
1269 3937 1498 4007 Κυρίου,
1528 3937 1691 4001 αὐτὸς
1714 3934 1782 4009 ἦν
1820 3938 1914 3992 καὶ
1953 3940 1982 3991 ὁ

401 4027 546 4091 λίθος
573 4068 587 4093 ,
624 4027 682 4081 ὃν
724 4028 1133 4100 ἀπεδοκίμασαν
1172 4030 1220 4080 οἱ
1260 4028 1428 4082 πάλαι
1468 4029 1730 4102 πρότερον
1778 4030 1869 4084 τὸν
1916 4031 1981 4083 ἐκ

402 4119 707 4193 περιτομῆς
731 4119 858 4174 λαὸν
879 4119 967 4173 διὰ
990 4120 1089 4189 τῆς
1113 4120 1413 4190 Μωσαῖκῆς
1444 4119 1799 4187 διδασκαλίας
1830 4124 1978 4176 οίκο-

400 4212 716 4284 δομοῦντες,
749 4211 807 4275 ὃς
836 4213 929 4265 καὶ
952 4211 1405 4282 ἀποδοκιμασθεὶς
1432 4213 1523 4264 ὐπ’
1547 4212 1756 4279 αὐτῶν,
1783 4217 1862 4278 είς
1891 4232 1983 4267 κε·-

403 4304 579 4377 φαλὴν
609 4303 802 4376 ἐτέρας
824 4304 1026 4371 γωνίας
1050 4303 1150 4373 τῆς
1175 4302 1231 4367 ἐξ
1257 4301 1422 4357 ἐθνῶν
1466 4303 1789 4375 Ἐκκλησίας
1852 4323 1982 4359 κατ-

403 4398 558 4471 έστη,
582 4398 650 4470 ἢν
681 4398 756 4462 ὡς
786 4398 861 4469 μὴ
896 4400 1013 4463 τοῖς
1047 4398 1212 4451 πᾶσιν
1237 4397 1543 4468 ὁρωμένην,
1578 4398 1757 4468 μόνοις
1788 4398 1846 4453 δὲ
1868 4403 1981 4463 τοῖς

2084 3295 2191 3349 alio
2220 3296 2481 3365 propheta
2502 3295 2728 3349 veniens
2754 3302 2839 3350 est
2885 3294 3200 3350 nominatus
3224 3334 3241 3360 ,
3289 3296 3381 3351 ubi
3416 3297 3498 3352 sic
3532 3295 3608 3351 ait
3637 3315 3652 3351 :

2089 3405 2108 3438 ι
2148 3385 2343 3440 Adhuc
2395 3386 2667 3441 modicum
2695 3425 2710 3450 ,
2755 3392 2810 3439 et
2849 3386 3073 3441 veniens
3106 3386 3287 3441 veniet
3317 3396 3370 3443 et
3395 3402 3506 3442 non
3542 3396 3655 3443 tar-

2083 3478 2235 3534 dabit
2259 3480 2323 3543 ι³,
2360 3497 2379 3531 ι
2416 3479 2508 3549 qui
2543 3479 2670 3534 item
2702 3478 2848 3532 venit
2900 3478 2954 3533 in
2998 3481 3219 3534 nomine
3254 3477 3348 3535 Dei
3391 3488 3445 3536 et
3472 3478 3654 3539 Patris

2085 3572 2191 3626 sui.
2228 3571 2373 3627 Idem
2408 3584 2538 3625 vero
2594 3568 2756 3624 fuerit
2799 3570 2961 3623 etiam
2998 3588 3018 3620 ‹
3077 3568 3222 3625 Deus
3260 3570 3524 3646 Dominus
3558 3576 3652 3646 qui

2083 3662 2262 3718 illuxit
2294 3662 2472 3718 nobis.
2511 3679 2530 3712 ι
2570 3660 2758 3731 Itaque
2800 3660 2855 3714 in
2910 3662 3130 3717 nomine
3155 3660 3335 3719 Patris
3363 3665 3448 3720 sui
3477 3665 3653 3725 conti-

2083 3760 2229 3809 tetur
2256 3769 2316 3809 se
2346 3752 2564 3809 venisse
2600 3753 2671 3808 ad
2692 3751 2932 3817 Iudaeos,
2963 3751 3153 3808 dicens
3185 3772 3198 3807 :
3239 3771 3261 3805 α
3296 3752 3411 3826 Ego
3439 3756 3563 3813 veni
3593 3758 3653 3814 in

2082 3845 2301 3899 nomine
2337 3842 2518 3899 Patris
2540 3845 2667 3908 mei,
2696 3852 2749 3899 et
2781 3858 2890 3897 non
2910 3843 3159 3913 accipitis
3181 3858 3285 3899 me.
3338 3846 3493 3901 Alius
3523 3863 3650 3902 cum

2080 3937 2291 3992 venerit
2320 3936 2374 3990 in
2411 3936 2632 3991 nomine
2674 3935 2895 4005 proprio
2920 3976 2936 4001 ,
2995 3936 3146 3991 illum
3199 3937 3481 4008 accipietis
3519 3940 3584 3991 ’³.
3626 3960 3646 3992 ι

2083 4028 2184 4084 Hie
2214 4030 2333 4101 ipse
2355 4030 2542 4101 igitur,
2570 4031 2663 4099 qui
2697 4029 2874 4085 illuxit
2902 4030 3061 4087 nobis
3088 4029 3231 4086 Deus
3257 4031 3521 4092 Dominus
3558 4035 3655 4091 te-

2081 4121 2353 4188 nedictus,
2383 4121 2476 4192 qui
2515 4123 2665 4177 venit
2711 4122 2767 4177 in
2807 4123 3025 4178 nomine
3071 4121 3326 4189 Domini,
3378 4125 3517 4196 lapis
3561 4127 3654 4183 illo

2081 4212 2206 4279 fuit,
2232 4229 2393 4284 quem
2423 4214 2870 4284 reprobaverunt,
2892 4214 2982 4283 qui
3006 4214 3278 4284 quondam
3301 4222 3463 4271 antea
3486 4231 3655 4288 popu-

2080 4304 2194 4360 lum
2226 4304 2650 4360 circumcisione
2676 4305 2980 4376 signatum,
3027 4304 3193 4378 5,60
3225 4320 3321 4376 per
3356 4305 3653 4365 Mosaicam

2080 4396 2386 4453 doctrinam
2411 4396 2754 4453 mdiﬁcabant
2783 4416 2798 4452 :
2827 4397 2921 4469 qui
2943 4398 3069 4452 item
3104 4398 3306 4454 abillis
3327 4402 3653 4472 reprobatus

405 4492 760 4563 προφητικοῖς
817 4488 1148 4560 ὀφθαλμοῖς,
1196 4487 1513 4560 θαυμαστὴν
1554 4484 1693 4544 εἶναί
1743 4507 1906 4562 φησιν
1950 4493 1975 4545 ὀ

2080 4486 2139 4540 ἱη
2168 4486 2344 4556 capite
2374 4486 2601 4543 alterius
2629 4488 2837 4558 anguli,
2869 4487 3111 4543 collectae
3147 4488 3337 4559 utique
3377 4490 3445 4546 de
3471 4493 3651 4563 genti-

403 4577 562 4649 λόγος
586 4580 809 4650 φάσκων
838 4596 852 4610 ·
906 4599 923 4630 ι
956 4580 1067 4633 Kal
1103 4579 1216 4633 ἔστι
1262 4579 1549 4651 θαυμαστὴ
1589 4581 1647 4634 ἐν
1679 4580 1975 4652 ὀφθαλμοῖς

403 4672 581 4745 ἡμῶν.
629 4693 648 4724 ι
680 4671 790 4743 Τὴν
813 4672 871 4726 δὲ
907 4672 1227 4740 ἐπιφάνειαν
1252 4673 1412 4727 αὐτοῦ
1446 4673 1605 4727 πάλιν
1628 4673 1841 4745 ἡμέραν
1860 4674 1978 4726 ὀνο-

411 4763 591 4836 μάζει,
623 4765 688 4834 ἣν
714 4764 966 4835 ἐποίησεν
996 4766 1024 4817 6
1048 4762 1271 4836 Κύριος,
1299 4765 1423 4817 ἐπεὶ
1454 4764 1549 4818 καὶ
1579 4764 1693 4834 φῶς
1718 4760 1788 4835 ἦν
1817 4765 1977 4828 αὐτὸς

406 4855 468 4910 τὸ
495 4854 764 4926 ἀληθινὸν,
803 4854 900 4908 καὶ
943 4853 1091 4925 ἥλιος
1133 4853 1476 4925 δικαιοσύνης
1500 4894 1514 4919 ,
1554 4854 1648 4908 καὶ
1669 4854 1853 4926 ἡμέρα
1883 4852 1974 4907 τοῦ

407 4946 542 5002 Θεοῦ
563 4986 578 5010 ,
605 4948 662 5000 ἐν
748 4946 956 5015 γένοιτο
984 4946 1080 5000 καὶ
1101 4933 1252 5017 ἡμᾶς
1279 4948 1452 5000 εἰπεῖν
1482 4963 1496 4976 ·
1532 4964 1551 4997 ε
1568 4944 1715 5017 Αὕτη
1739 4948 1773 5017 ἡ
1791 4945 1977 5017 ἡμέρα

407 5040 474 5114 ἢν
500 5039 750 5110 ἐποίησεν
783 5041 812 5092 6
848 5038 1049 5110 Κύριος
1069 5078 1085 5102 ,
1120 5036 1574 5108 ἀγαλλιασώμεθα
1614 5038 1708 5091 καὶ
1741 5038 1976 5108 εὐφραν-

409 5131 592 5203 θῶμεν
608 5132 666 5184 ἐν
681 5132 839 5201 αὐτῇ.
854 5148 873 5181 ι
896 5130 1007 5183 Καὶ
1022 5129 1226 5184 τούτων
1241 5130 1300 5183 δὲ
1320 5128 1506 5183 τοῦτον
1528 5145 1793 5199 συντετμη
1803 5127 1976 5198 μένων

406 5221 498 5277 τὸν
539 5222 737 5293 τρόπον
756 5260 771 5284 ,
811 5221 999 5292 καιρὸς
1047 5221 1142 5274 καὶ
1190 5222 1282 5275 ἐπὶ
1321 5221 1418 5287 τὰς
1458 5222 1586 5294 περὶ
1628 5220 1722 5275 τοῦ
1771 5219 1977 5286 πάθους

408 5314 573 5371 αὐτοῦ
606 5312 905 5385 μεταϐῆναι
931 5312 1283 5384 προφητείας.

2080 4579 2184 4634 bus
2208 4578 2485 4647 Ecclesiae,
2510 4589 2592 4637 est
2615 4582 2969 4647 constitutus,
2991 4596 3153 4653 quam
3173 4596 3305 4638 sane
3316 4582 3646 4652 Ecclesiam,

2080 4684 2193 4724 non
2225 4677 2282 4724 ut
2300 4684 2419 4725 eam
2447 4686 2569 4741 qua:
2594 4671 2662 4726 ab
2690 4673 2945 4726 omnibus
2967 4712 2983 4736 ,
3033 4673 3129 4728 sed
3158 4681 3220 4729 ut
3270 4689 3389 4729 eam
3419 4689 3540 4744 qnze
3582 4676 3652 4732 ab

2083 4762 2208 4817 unis
2246 4762 2578 4833 propheticis
2599 4764 2774 4820 oculis
2795 4773 3071 4829 cernatur,
3095 4764 3466 4820 admirabilem
3502 4781 3649 4832 esse,

2082 4854 2158 4908 ait
2190 4853 2492 4918 oraculum,
2512 4853 2603 4909 ubi
2629 4856 2710 4910 sic
2731 4855 2807 4908 ait
2834 4873 2849 4910 :
2890 4874 2910 4907 ‹
2937 4855 3002 4909 Ει
3021 4863 3105 4912 εει
3126 4856 3438 4912 mirabilein
3476 4858 3651 4914 oculis

2080 4946 2305 5002 nostris.
2329 4964 2349 4997 ι
2385 4945 2688 5002 Adventum
2717 4962 2848 5003 vero
2875 4947 2995 5017 ejus
3015 4986 3030 5010 ,
3061 4962 3254 5003 rursus
3298 4947 3441 5003 diem
3473 4948 3651 5004 nomi-

2080 5046 2216 5103 nat,
2281 5052 2443 5109 quam
2496 5037 2624 5094 fecit
2682 5038 2944 5096 Dominus
2968 5081 2983 5105 ,
3042 5038 3479 5110 quandoquidem
3531 5040 3649 5111 ipse

2082 5131 2243 5185 etiam
2272 5130 2367 5185 lux
2392 5128 2495 5184 fuit
2525 5145 2672 5197 vera,
2703 5138 2758 5187 et
2785 5132 2867 5187 sol
2904 5130 3155 5200 iustitiae,
3198 5140 3253 5186 et
3277 5131 3395 5187 dies
3428 5129 3523 5186 Dei
3545 5168 3561 5196 ,
3593 5131 3650 5186 in

2081 5237 2188 5293 qua
2218 5223 2425 5277 utinam
2454 5222 2610 5278 nobis
2631 5237 2848 5293 quoque
2870 5221 3054 5277 dicere
3083 5222 3245 5277 liceat
3269 5241 3284 5277 :
3323 5240 3343 5274 ι
3377 5221 3503 5277 Haec
3532 5221 3650 5277 dies

2081 5328 2246 5384 quam
2300 5312 2429 5369 fecit
2475 5312 2740 5369 Dominus
2777 5352 2793 5379 ,
2838 5313 3174 5369 exsultemus
3218 5321 3274 5369 et
3315 5315 3561 5369 laetemur
3590 5314 3648 5370 in

409 5428 492 5470 ea.
531 5433 550 5465 ι
584 5412 850 5468 Caeterum
897 5424 1023 5465 cum
1066 5409 1183 5465 hac
1218 5425 1249 5465 a
1277 5412 1437 5467 nobis
1471 5412 1526 5467 in
1559 5412 1707 5468 hunc
1753 5411 1977 5468 modum
2011 5411 2250 5467 breviter
2276 5411 2672 5482 comprehensa
2733 5411 2863 5478 sint,
2909 5417 3126 5481 tempus
3171 5410 3285 5482 jam
3328 5409 3537 5480 fuerit,
3579 5407 3650 5467 ad

411 5516 506 5563 eas
525 5519 647 5576 quae
675 5503 744 5560 de
783 5502 1039 5573 passione
1072 5500 1220 5559 illius
1276 5503 1593 5575 loquuntur,
1624 5504 1966 5575 prophetias,
2006 5504 2263 5562 transire.

485 5686 530 5719 “
569 5683 715 5741 Psal.
749 5701 895 5742 cxvn
918 5729 933 5753 ,
966 5685 1163 5742 εε-εθ.
1240 5684 1280 5715 ί¹
1319 5681 1512 5738 Matth.
1546 5696 1668 5748 χιι,
1698 5681 1853 5738 9—H.
1931 5681 1975 5716 “

2077 5682 2220 5741 ibac.
2259 5701 2329 5749 ιι,
2365 5684 2399 5739 '5
2498 5682 2541 5717 "
2576 5680 2739 5739 Joan.
2770 5698 2838 5748 v,
2869 5679 2960 5737 65.

688 5890 956 5951 Puncta
990 5887 1107 5955 Gn.
1155 5884 1332 5951 XXII
1346 5928 1360 5944 .

3225 5816 3303 5871 ‘23
