4098 6436
434 360 553 416 τπε

1088 354 1361 412 EUSEBII
1392 353 1876 410 CASSARIENSIS
1909 354 2059 410 OPP.
2102 353 2284 408 PARS
2318 353 2382 408 ll.
2425 383 2483 394 —
2531 349 3030 408 APOLOGETICA.

3578 355 3682 412 ’116

1517 686 2603 858 ΕΥΣΕΒΙΟΥ

1611 965 1838 1050 ΤΟΥ
1923 961 2519 1050 ΠΑΜΦΙΛΟΥ

891 1154 2072 1292 ΕΥΑΓΓΕΛΙΚΗΣ
2153 1150 3244 1291 ΑΠΟΔΕΙΞΕΩΣ

1533 1397 1971 1481 ΒΙΒΛΙΟΝ
2042 1391 2595 1482 ΔΕΚΑΤΟΝ.

1180 1753 1938 1912 EUSEBII
2031 1753 2949 1912 PAMPHILI

733 2047 2232 2241 DEMONSTBATIONIS
2329 2043 3376 2177 EVANGELIC/E

1571 2325 1924 2412 LIBER
2000 2321 2560 2412 DECIMUS.

559 2675 602 2743 1
665 2669 1190 2743 H@§_1N§‘U.N1
1241 2669 1356 2743 11‘!
1381 2667 2005 2743 __D§G{!0--H§BQ

2115 2672 2295 2723 TAAE
2341 2671 2666 2743 ΕΝΕΣΤΙΝ
2714 2670 2818 2743 ειν
2855 2669 2940 2743 [ῃ
2966 2668 3163 2743 -ᾼΕιςᾼ
3176 2669 3679 2743 ΤρίΣγΓΓΡΑΜ.

442 2674 602 2798 ιὲι
665 2674 833 2728 HEC
897 2674 1190 2726 INS'UNT
1268 2674 1356 2724 ΙΝ
1426 2674 1713 2724 DECIMO
1785 2674 2005 2723 [ΑΒΠο

579 2739 1020 2796 γΑΝϐΕιΙΕΑΞ
1073 2740 1172 2794 DE
1230 2738 1664 2796 SALVATORE
1719 2737 2007 2794 NOSTRO

521 2809 1264 2868 DEMONSTRATIONIS.

443 2923 522 2978 De
547 2922 583 2977 J
588 2923 693 2978 uda
727 2923 1014 2993 proditore,
1043 2932 1091 2976 et
1114 2922 1298 2990 futura
1337 2939 1454 2977 cum
1483 2937 1542 2976 eo
1570 2920 1824 2993 adverst
1855 2918 2011 2993 Chri-

515 3004 656 3047 stum
687 2990 1100 3062 conspiratione,
1132 3007 1196 3046 ea:
1226 2993 1516 3048 subnotatis
1544 2991 1735 3045 divina:
1773 2990 2011 3060 Scriptu-

515 3081 589 3119 rae
618 3065 766 3118 locis.

517 3180 568 3232 ἰ.
607 3180 649 3232 Α
683 3177 887 3246 psalmo
918 3194 1005 3232 ιι.

509 3249 568 3304 2.
605 3248 648 3302 Α
688 3248 892 3316 psalmo
920 3263 1028 3302 LIV.

513 3319 565 3373 ὅ.
605 3320 646 3372 Α
689 3319 892 3386 psalmo
915 3332 1072 3373 cvm.

514 3393 570 3443 4.
611 3390 651 3442 Α
689 3387 973 3441 Zacharia.

512 3460 566 3514 5.
601 3459 645 3512 Α
684 3457 934 3513 Ieremia.

514 3551 587 3604 De
614 3551 683 3605 iis
731 3567 847 3620 qua
875 3551 970 3604 sub
1004 3549 1150 3604 illius
1180 3551 1440 3619 passionis
1473 3559 1672 3619 tempus
1711 3564 1936 3603 evenere.

512 3705 566 3758 6.
605 3704 680 3758 Ab
713 3704 892 3759 Amos.

511 3777 567 3830 7.
609 3778 652 3828 Α
684 3773 968 3828 Zacharia.

512 3846 565 3900 8.
607 3844 651 3898 Α
683 3845 885 3912 psalmo
921 3861 1032 3899 XXI.

1021 3956 1438 4015 Ριιοωιιιυιι.

514 4051 639 4115 Post
671 4053 917 4122 exposita
949 4053 1166 4108 oracula
1196 4053 1263 4109 de
1317 4054 1462 4108 illius
1519 4051 1612 4107 Dei
1663 4052 1730 4106 ad
1761 4051 2006 4107 homines

442 4157 691 4206 accessu,
751 4141 844 4210 qui
893 4149 1050 4196 antea
1089 4143 1444 4197 nuntiabatur
1495 4151 1782 4205 venturus,
1815 4142 2008 4196 invitat

438 4237 550 4304 jam
587 4249 732 4289 nunc
766 4244 978 4304 tempus
1010 4250 1132 4300 nos,
1187 4243 1246 4289 ut
1285 4235 1352 4289 de
1397 4234 1466 4291 iis
1499 4233 1857 4297 disseramus,
1890 4248 2010 4303 quae

443 4324 837 4380 consideranda
898 4332 1025 4380 sunt
1076 4325 1130 4378 in
1177 4325 1425 4393 ejusdem
1486 4323 1553 4378 de
1611 4324 1718 4377 vita
1773 4323 2008 4377 humana

443 4416 710 4482 discessu,
744 4415 1133 4485 videamusque
1188 4416 1494 4486 diligenter,
1552 4430 1671 4484 quae
1726 4429 1918 4469 rursus
1947 4429 2009 4469 ea

443 4505 642 4570 forent,
696 4522 814 4576 quas
846 4505 924 4560 illi
968 4507 1037 4561 ab
1089 4506 1245 4560 initio
1300 4518 1354 4561 et
1387 4521 1416 4559 a
1450 4505 1780 4576 propheticis
1838 4520 2011 4575 usque

441 4598 777 4668 temporibus
812 4605 1070 4653 eventura
1100 4597 1261 4670 5,62
1293 4607 1636 4660 canerentur,
1675 4611 1740 4651 ac
1775 4599 2008 4666 primum

440 4703 507 4745 ea
536 4696 790 4758 putamus
832 4703 955 4745 esse
982 4689 1284 4751 tractanda,
1320 4703 1440 4757 quae
1469 4686 1535 4740 ad
1560 4687 1682 4740 illos
1715 4687 2006 4757 pertinent,

443 4781 538 4851 qui
560 4780 637 4834 illi
670 4788 898 4835 mortem
923 4793 987 4834 ac
1015 4778 1216 4834 caedem
1241 4778 1535 4833 machinati
1555 4787 1702 4843 sunt,
1733 4793 1853 4848 quas
1879 4792 2011 4832 sane

443 4891 553 4931 non
591 4887 806 4944 parvam
833 4888 1016 4927 rerum
1048 4873 1150 4928 hoc
1179 4874 1300 4926 loco
1325 4873 1726 4942 propositarum
1766 4873 1866 4927 sibi
1896 4872 2011 4926 vino

439 4966 625 5022 dicant
656 4973 860 5035 partem
896 4984 909 5020 :
944 4964 1037 5021 sed
1067 4971 1355 5034 antequam
1386 4965 1453 5019 ad
1489 4965 1542 5019 id
1576 4965 1888 5031 veniamus,
1945 4979 2010 5019 ea

440 5058 600 5114 nobis
637 5058 862 5112 ﬁrmiter
887 5056 1120 5112 tenenda
1148 5064 1313 5122 sunt,
1351 5072 1470 5126 qua:
1517 5056 1836 5127 plerumque
1873 5055 2012 5110 dixi-

440 5163 562 5202 mus
610 5146 677 5201 de
705 5145 1131 5215 dispensatione,
1172 5160 1298 5216 quas
1353 5161 1545 5200 omnes
1579 5146 1724 5200 illius
1769 5147 2010 5200 rationes

440 5238 724 5308 complexa
755 5247 860 5300 est,
893 5237 947 5290 in
975 5253 1080 5308 qua
1112 5237 1244 5292 illud
1277 5237 1614 5292 considerari
1665 5238 1822 5303 solet,
1864 5236 2009 5308 quod

2181 2742 2364 2794 MATI
2413 2744 2551 2795 ΤΗΣ
2621 2736 2804 2794 ΠΕΡΙ
2863 2736 3010 2793 ΤΟΥ
3072 2736 3404 2794 ΣΩἸῊΡΟΣ
3471 2744 3681 2797 ΗΜΩΝ

2184 2814 2230 2863 Ε
2244 2812 2716 2864 ΥΑΓΓΕΛΙΚΗΣ
2753 2809 3233 2865 ΑΠΟΔΕΙΞΕΩΣ.

2110 2923 2250 2990 Περὶ
2287 2922 2391 2976 τοῦ
2437 2922 2622 2976 Ἰούδα
2646 2921 2753 2976 τοῦ
2788 2920 3081 2990 προδότου
3101 2963 3115 2986 ,
3149 2922 3246 2976 καί
3286 2923 3395 2991 τῆς
3425 2923 3546 2978 σὺν
3571 2926 3677 2979 αὐ·-

2179 2992 2259 3064 τῷ
2289 2993 2439 3064 κατὰ
2467 2993 2572 3046 τοῦ
2612 2993 2867 3061 Χριστοῦ
2907 2993 3315 3064 γενησομένης
3343 2993 3676 3064 συσκευῆς,

2180 3063 2248 3116 ἐκ
2278 3063 2396 3116 τῶν
2427 3061 3041 3133 ὺποσεσημειωμένων
3077 3062 3351 3132 Γραφῶν.
3603 3061 3620 3108 ί

2167 3214 2180 3226 .
2235 3175 2366 3229 Ἀπὸ
2405 3177 2511 3229 τοῦ
2538 3176 2786 3245 ψαλμοῦ
2814 3183 2895 3244 μ’.

2166 3285 2178 3298 .
2232 3246 2364 3298 Ἀπὸ
2399 3247 2506 3299 τοῦ
2538 3246 2780 3314 Ψαλμοῦ
2813 3245 2920 3298 νᾶ.

2111 3182 2159 3228 αθ

2114 3245 2178 3314 β’.
2232 3246 2364 3298 Ἀπὸ
2399 3247 2506 3299 τοῦ
2538 3246 2780 3314 Ψαλμοῦ
2813 3245 2916 3298 νᾶ.

2111 3321 2181 3383 γ’.
2228 3314 2370 3368 Ἀπὸ
2400 3316 2504 3368 τοῦ
2536 3316 2782 3384 ψαλμοῦ
2801 3322 2916 3383 ρη’.

2110 3385 2171 3437 δ’.
2225 3385 2366 3438 Ἀπὸ
2400 3385 2505 3438 τοῦ
2534 3387 2849 3454 Ζαχαρίου.

2110 3461 2171 3508 ε’.
2225 3455 2367 3509 Ἀπὸ
2398 3454 2503 3509 τοῦ
2545 3456 2833 3524 Ἰερεμίου.

2108 3547 2248 3615 Περί
2293 3546 2414 3600 τῶν
2454 3547 2600 3616 ἀμφὶ
2649 3546 2756 3600 τὸν
2817 3551 3021 3615 καιρὸν
3061 3548 3165 3602 τοῦ
3223 3550 3451 3617 πάθους
3494 3548 3679 3605 αὑτοῦ

2180 3618 2654 3686 συμϐεϐηκότων.

2113 3706 2186 3773 ς’.
2219 3708 2359 3762 Ἀπὸ
2389 3709 2494 3762 τοῦ
2529 3709 2732 3777 Ἀμώς.

2112 3778 2176 3842 ζ’.
2223 3777 2364 3832 Ἀπὸ
2390 3779 2494 3832 τοῦ
2519 3781 2834 3848 Ζαχαρίου.

2108 3854 2178 3916 η’.
2217 3848 2359 3902 Ἀπὸ
2388 3848 2492 3902 τοῦ
2517 3850 2760 3918 ψαλμοῦ
2791 3849 2903 3903 κα’.

2689 3963 3087 4019 ΠΡΟΟΙΜΙΟΝ.

2181 4052 2335 4108 Μετὰ
2367 4052 2466 4117 τὰς
2495 4054 2888 4128 ἀποδεδομένας
2933 4059 3264 4132 προρρήσεις
3305 4060 3432 4132 περὶ
3462 4059 3562 4129 τῆς
3599 4058 3702 4120 εἰς’

2110 4141 2429 4214 ἀνθρώπους
2457 4144 2693 4214 ἀφίξεως
2717 4147 2810 4200 τοῦ
2839 4147 3343 4220 προκηρυττομένου
3367 4146 3499 4199 Θεοῦ
3527 4145 3681 4198 καλεῖ

2109 4234 2173 4306 δὴ
2208 4235 2396 4305 καιρὸς
2426 4237 2519 4289 καὶ
2545 4236 2615 4291 τὰ
2646 4239 2774 4309 περὶ
2796 4238 2891 4308 τὴν
2919 4238 3233 4308 ἀπαλλαγὴν
3263 4235 3355 4288 τοῦ
3385 4234 3443 4299 ἐξ
3466 4231 3676 4304 ἀνθρώ·

2111 4341 2227 4377 πων
2251 4324 2414 4378 αὐτοῦ
2446 4325 2561 4395 βίου
2585 4325 2887 4392 διεξελθεῖν,
2913 4327 3139 4380 συνιδεῖν
3166 4342 3222 4378 τε
3247 4320 3402 4388 αὖθις
3425 4319 3512 4379 οἷα
3539 4342 3677 4396 mitt-

2111 4414 2371 4487 ϐήσεσθαι
2427 4417 2554 4485 περὶ
2599 4415 2776 4469 αὐτῶν
2821 4414 3024 4469 ἄνωθεν
3069 4415 3133 4466 ἐκ
3184 4411 3290 4464 τῶν
3327 4411 3677 4484 προφητικῶν

2111 4506 2422 4572 ὲθεσπίςετο
2453 4508 2679 4579 χρόνων.
2726 4506 2924 4576 Πρῶτα
2961 4505 3017 4557 δὲ
3044 4504 3381 4576 διελεύσομαι
3424 4504 3493 4559 τὰ
3550 4503 3678 4573 περὶ

2110 4599 2218 4651 τῶν
2241 4599 2332 4651 τὸν
2360 4598 2587 4653 θάνατον
2615 4597 2762 4668 αὐτῷ
2788 4597 3376 4666 συσκευωρησαμένων,
3416 4596 3577 4668 μέρος
3615 4595 3676 4648 οὑ

2115 4690 2308 4761 μικρὸν
2336 4690 2667 4760 τυγχάνοντα
2689 4692 2786 4759 τῆς
2819 4689 3182 4759 προκειμένης
3207 4689 3536 4759 προτάσεως.
3565 4685 3678 4758 Πρὸ

2109 4781 2166 4835 δέ
2187 4798 2248 4850 γε
2273 4781 2367 4833 τοῦ
2393 4781 2550 4849 λόγου
2571 4779 2640 4832 τὰ
2672 4779 2926 4842 πολλάκις
2959 4780 3089 4849 ἡμῖν
3131 4779 3394 4849 εἰρημένα
3421 4780 3546 4849 περὶ
3578 4777 3680 4846 τῆς

2113 4875 2230 4928 κατ’
2258 4874 2419 4928 αὑτὸν
2446 4873 2755 4943 οἰκονομίας
2785 4872 3068 4944 τηρητέον,
3098 4873 3179 4925 ὅτι
3208 4871 3270 4944 δὴ
3311 4870 3381 4925 τὰ
3410 4872 3505 4942 μὲν
3537 4869 3680 4924 κατὰ

2112 4966 2210 5036 τὴν
2257 4964 2481 5035 θεότητα
2527 4963 2687 5017 αὐτοῦ
2711 5003 2724 5027 ,
2757 4963 2825 5016 τὰ
2854 4963 2907 5016 δὲ
2943 4963 3084 5017 κατὰ
3127 4963 3224 5034 τὴν
3271 4962 3678 5034 ὲνανθρώπησιν

2112 5059 2420 5109 ἐπινοεῖται.
2444 5055 2525 5126 Πὴ
2549 5056 2646 5125 μὲν
2677 5054 2786 5126 γὰρ
2811 5053 3085 5122 εἰσάγεται
3110 5054 3280 5121 Λόγος
3307 5053 3382 5106 ὢν
3409 5052 3564 5114 Θεοῦ.
3585 5051 3681 5106 καὶ

2112 5147 2246 5200 Θεοῦ
2263 5146 2512 5216 δύναμις,
2527 5147 2622 5199 καὶ
2637 5147 2770 5199 Θεοῦ
2795 5145 2956 5214 σοφία
2971 5163 2985 5176 ο
3019 5145 3260 5216 μεγάλης
3286 5161 3344 5197 τε
3367 5144 3560 5214 βουλῆς
3581 5143 3680 5212 ἄγ-

2112 5236 2285 5305 γελος,
2310 5236 2483 5306 μέγας
2516 5253 2576 5288 τε
2601 5237 2694 5290 καὶ
2713 5235 2928 5298 αἰώνιος
2961 5237 3270 5307 ἀρχιερεὺς,
3287 5236 3426 5306 ὑπὲρ
3447 5234 3548 5304 τῆς
3570 5233 3680 5286 τῶν

441 5329 545 5382 alia
576 5336 706 5382 sunt
737 5344 858 5398 quae
883 5328 950 5382 ad
978 5329 1220 5398 ejusdem
1251 5329 1613 5393 divinitatem,
1651 5330 1754 5384 alia
1789 5345 1910 5400 qua
1941 5330 2008 5384 ad

2115 5327 2385 5398 γεννητῶν
2417 5327 2670 5380 ἁπάντων
2690 5326 2995 5389 οὐσιὼσεώς
3014 5344 3075 5379 τε
3103 5328 3197 5380 καὶ
3226 5326 3498 5397 σωτηρίας
3522 5327 3680 5395 ἱερω-

441 5427 775 5490 assumptam
816 5421 1207 5476 humanitatem
1238 5420 1531 5490 pertinent.
1562 5422 1712 5475 Alias
1743 5423 1889 5477 enim
1924 5421 2010 5474 in-

440 5509 566 5564 duci
595 5511 732 5564 solet
759 5519 1015 5582 tanquam
1044 5519 1099 5566 et
1135 5511 1232 5566 Dei
1254 5509 1516 5576 Verbum,
1551 5519 1604 5568 et
1627 5512 1720 5567 Dei
1746 5513 2010 5579 virtus,et

445 5600 537 5654 Dei
590 5603 1046 5669 sapientia:item
1101 5603 1282 5673 magni
1328 5604 1542 5659 consilii
1593 5603 1853 5673 Angelus,
1895 5617 2010 5656 ma-

442 5703 688 5758 gnusque
717 5698 769 5744 et
791 5702 1025 5746 aeternus
1051 5690 1324 5754 Pontifex,
1353 5695 1444 5762 qui
1467 5703 1528 5747 ut
1547 5693 1728 5746 omnia
1748 5707 2006 5762 quaecun-

443 5797 546 5848 que
571 5781 745 5850 genita
785 5790 908 5837 sunt
935 5789 990 5837 et
1040 5783 1150 5836 sint
1177 5782 1227 5836 id
1262 5783 1406 5852 quod
1436 5791 1584 5848 sunt,
1613 5792 1667 5839 et
1697 5783 1750 5837 in
1781 5799 1844 5838 eo
1874 5799 2004 5838 con-

2118 5418 2296 5487 μένος,
2323 5417 2415 5470 καὶ
2460 5416 2762 5488 ἱλεούμενος
2799 5419 2891 5471 τὸν
2923 5418 3139 5487 Πατέρα
3158 5435 3171 5446 ·
3208 5417 3282 5486 πὴ
3334 5415 3390 5468 δὲ
3415 5417 3443 5467 ὁ
3487 5413 3682 5484 Ἀμνὺς

2113 5509 2206 5563 τοῦ
2237 5508 2394 5574 Θεοῦ,
2436 5512 2465 5562 ὁ
2497 5509 2665 5580 αἴρων
2711 5510 2810 5580 τὴν
2862 5508 3132 5580 ἁμαρτίαν
3179 5506 3274 5560 τοῦ
3301 5506 3532 5575 κόσμου,
3588 5504 3682 5558 καὶ

2115 5601 2381 5674 πρόϐατον
2414 5601 2507 5654 ἐπὶ
2537 5602 2749 5672 σφαγὴν
2777 5600 3058 5670 ἀγόμενον.
3104 5598 3274 5651 Τοῦτο
3308 5597 3364 5650 δὲ
3387 5591 3454 5667 ἦν
3489 5595 3552 5648 τὸ
3583 5596 3682 5650 ἀνι

2116 5691 2379 5764 θρώπειον
2415 5696 2609 5764 σκῆνος
2628 5733 2642 5756 ,
2692 5694 2721 5745 ὃ
2760 5693 2916 5762 δίκην
2964 5689 3134 5761 ἀμνοῦ
3178 5692 3272 5744 καὶ
3314 5687 3585 5760 προϐάτου
3617 5688 3682 5742 ὲκ

2109 5789 2206 5856 τῆς
2238 5785 2512 5857 ἡμετέρας
2545 5785 2761 5856 ἀγέλης,
2795 5779 2884 5838 οἷά
2910 5799 2994 5845 τις
3031 5782 3340 5854 ἀρχιερεὺς,
3375 5779 3682 5845 ἀναλαϐὼν,
