4098 6418
329 316 429 370 717

1229 306 1880 366 υΕΜοΝετῐιΑτιοΝιε
1919 306 2373 365 EVANGELICJE
2409 308 2541 368 LIB.
2579 309 2646 364 Χ.

3472 315 3576 371 718

326 427 424 485 καὶ
451 428 550 501 τὴν
588 427 844 500 ἀπαρχὴν
879 423 973 479 τοῦ
1006 424 1114 478 τῶν
1158 422 1462 496 ἀνθρώπων
1486 424 1676 492 γένους
1721 424 1904 477 καλλι-

2013 433 2310 491 serventur,
2366 426 2496 479 dum
2550 441 2709 481 sacro
2770 440 2997 482 munere
3054 426 3316 498 fungitur,
3362 439 3573 499 patrem

328 522 698 594 ερησάμενος,
733 519 1110 592 προσηγάγετο
1151 516 1232 587 τῷ
1258 517 1454 588 Πατρὶ,
1496 517 1567 569 δι’
1600 509 1661 569 οὗ
1704 517 1798 569 καὶ
1836 520 1902 588 τῇ

326 612 436 668 τῶν
451 611 763 685 ’ἀνθρώπιον
803 610 1047 682 ὡμίλησε
1081 608 1260 678 φύσει,
1293 609 1395 662 οὐκ
1428 607 1602 671 ἄλλως
1630 606 1904 680 δυναμένῃ

327 705 502 773 Λόγου
529 703 665 758 Θεοῦ
692 701 786 756 καὶ
810 702 1090 772 δυνάμεως
1109 701 1401 772 ἀσωμάτου
1427 700 1521 753 καὶ
1550 700 1742 771 νοερᾶς
1769 700 1906 769 ἐπη-

328 796 443 867 κόῳ
471 795 745 866 γενέσθαι,
778 793 899 848 οὐδέ
928 811 982 846 τι
1034 792 1217 866 μεῖζον
1257 792 1475 865 σαρκῶν
1517 794 1612 846 καὶ
1638 792 1905 862 σωμάτων

325 885 395 939 δι’
422 884 714 955 ὀφθαλμῶν
753 883 957 955 σαρκὸς
986 883 1291 953 ἐπινοῆσαι.
1324 884 1465 936 Ὅσα
1507 881 1687 935 τοίνυν
1719 881 1811 934 ἐπὶ
1847 881 1907 934 τὸ

325 976 708 1047 ταπεινότερον
728 974 928 1041 δόξειεν
956 975 1015 1027 ἐν
1037 977 1151 1039 τοῖς
1177 974 1558 1046 προκειμένοις
1583 976 1713 1047 περὶ
1742 973 1906 1028 αὐτοῦ

326 1067 599 1137 λέγεσθαι,
615 1066 785 1121 ταῦτα
805 1066 897 1121 τὸν
924 1066 1117 1139 Ἀμνὸν
1141 1068 1272 1139 όρᾷν
1296 1066 1391 1120 τοῦ
1407 1065 1673 1132 Θεοῦ,τδν’
1687 1067 1909 1139 αἴροντα

326 1159 425 1231 τὴν
453 1160 729 1231 ἁμαρτίαν
752 1158 846 1212 τοῦ
882 1159 1110 1230 κόσμου,
1144 1162 1238 1213 καὶ
1276 1159 1338 1213 τὸ
1373 1160 1571 1230 σκῆνος
1608 1160 1670 1213 τὸ
1697 1160 1908 1231 ἀνθρώ-

328 1267 483 1303 πειον
539 1249 833 1304 ὑποϐάλλει
884 1255 1071 1307 νοεῖν.’
1105 1252 1300 1322 ’Δμνὸς
1334 1252 1432 1323 μὲν
1462 1251 1573 1324 γὰρ
1618 1248 1689 1324 ἦν
1740 1253 1910 1325 αἴρων

326 1338 426 1411 τὴν
448 1342 724 1413 ἁμαρτίαν
748 1342 843 1396 τοῦ
875 1342 1100 1414 κόσμου,
1121 1342 1261 1396 κατά
1280 1344 1371 1397 τὸν
1399 1344 1705 1416 Βαπτιστὴν
1734 1346 1913 1400 Ἰωάν-

327 1448 427 1505 νην
463 1432 549 1486 τὸν
596 1432 819 1504 λέγοντα
838 1451 852 1466 ο
901 1452 920 1485 ι
958 1435 1054 1489 Ἰδὲ
1079 1437 1108 1489 6
1147 1435 1341 1507 Ἀμνὺς
1374 1435 1469 1489 τοῦ
1499 1436 1654 1501 Θεοῦ,
1688 1438 1717 1491 6
1744 1436 1912 1509 αἴρων

328 1524 427 1596 τὴν
460 1526 733 1598 ἁμαρτίαν
784 1526 879 1580 τοῦ
912 1526 1115 1599 κόσμου
1136 1544 1150 1558 ·
1186 1547 1205 1579 ι
1242 1528 1412 1599 ἀμνὸς
1440 1528 1497 1581 δὲ
1530 1525 1597 1600 ἦν
1622 1530 1716 1582 καὶ
1758 1532 1787 1582 6
1823 1531 1916 1583 ἐπὶ

330 1617 544 1688 σφαγὴν
571 1618 854 1689 ἀγόμενος,
888 1618 1029 1672 κατά
1060 1618 1122 1671 τὸ
1166 1619 1317 1690 παρά
1357 1618 1436 1691 τῷ
1492 1620 1689 1692 Ἡσαΐᾳ
1736 1620 1914 1690 λόγιον

329 1709 566 1778 φάσκον
612 1730 630 1762 ι
674 1711 761 1775 Ὦς
786 1710 1056 1782 πρόϐατον
1105 1711 1199 1765 ἐπὶ
1244 1712 1455 1783 σφαγὴν
1485 1711 1624 1783 ’ήχθη
1647 1752 1663 1777 ,
1702 1713 1797 1765 καὶ
1838 1711 1913 1775 ὡς

2007 529 2166 569 suum
2195 524 2405 571 exorat.
2444 517 2596 572 Alias
2628 524 2807 572 autem
2837 524 3096 588 tanquam
3139 526 3193 573 et
3236 520 3423 589 Agnus
3455 521 3575 586 Dei.

2006 606 2100 675 qui
2155 607 2305 661 tollat
2332 616 2553 677 peccata
2610 611 2818 673 mundi,
2851 619 2904 665 et
2934 612 3051 666 ovis
3083 627 3203 681 quae
3251 614 3319 667 ad
3375 616 3575 671 caedem

2006 696 2258 754 ducatur.
2303 698 2417 754 Hoc
2447 708 2627 755 autem
2662 700 2765 754 fuit
2800 700 2977 771 ipsum
3018 702 3316 758 humanum
3350 721 3573 777 corpus.

2006 786 2153 858 quod
2203 790 2293 846 ille
2327 791 2502 845 instar
2552 792 2677 861 agni
2724 801 2887 862 atque
2915 794 3054 858 ovis,
3092 809 3215 848 cum
3265 796 3333 851 de
3387 807 3577 853 nostro

2006 896 2168 952 grege
2205 882 2370 936 veluti
2397 882 2649 938 Pontifex
2703 884 3127 955 assumpsisset,
3182 887 3438 955 primitiis
3472 890 3576 943 hu-

2007 974 2156 1028 mani
2207 974 2424 1044 generis
2472 974 2651 1030 l'auste
2697 975 3040 1047 feliciterque
3092 982 3370 1049 operatus,
3429 980 3578 1038 Patri

2009 1078 2210 1120 munus
2244 1066 2447 1131 attulit,
2479 1080 2576 1135 per
2607 1066 2753 1137 quod
2782 1067 2943 1121 etiam
2966 1082 3090 1122 cum
3118 1069 3354 1124 humana
3382 1080 3580 1126 natura

2008 1156 2396 1211 commercium
2445 1157 2652 1224 habuit,
2687 1172 2808 1229 qua;
2838 1158 3041 1229 alioqui
3078 1175 3254 1230 neque
3308 1161 3402 1216 Dei
3444 1161 3580 1218 Ver-

2009 1248 2161 1312 bum,
2193 1264 2369 1320 neque
2418 1250 2526 1304 vim
2565 1250 2937 1321 incorpoream
3000 1259 3160 1322 atque
3192 1255 3577 1324 intelligentem

2011 1342 2269 1397 exaudire
2297 1348 2389 1396 aut
2432 1342 2708 1412 percipere
2740 1343 3026 1412 potuisset,
3080 1359 3255 1413 neque
3283 1345 3578 1416 quidquam

2012 1450 2177 1505 supra
2203 1449 2421 1490 carnem
2475 1442 2569 1489 aut
2598 1448 2798 1503 corpus
2844 1450 2942 1504 per
2971 1436 3162 1490 oculos
3191 1438 3440 1506 corporis
3498 1438 3579 1491 in-

2013 1526 2174 1582 tueri.
2204 1525 2554 1596 Quaecunque
2604 1527 2768 1596 igitur
2819 1525 2888 1581 de
2938 1528 3031 1582 illo
3084 1528 3138 1580 in
3177 1530 3259 1584 his
3287 1544 3408 1599 quas
3435 1545 3579 1583 nunc

2013 1626 2336 1683 tractamus,
2382 1618 2642 1672 humilius
2676 1618 3052 1688 abjectiusque
3090 1620 3196 1673 dici
3231 1620 3579 1683 videbuntur,

2015 1725 2079 1771 ea
2111 1718 2358 1779 spectare
2376 1708 2585 1778 Agnum
2617 1705 2733 1770 Dei,
2765 1710 2858 1778 qui
2880 1711 3020 1763 tollit
3052 1719 3333 1780 peccatum
3368 1709 3577 1770 mundi,

327 1773 499 1873 ἀμνὸς
533 1773 779 1856 ἐναντίον
825 1773 921 1855 τοῦ
971 1802 1248 1874 κείροντος
1289 1773 1773 1873 ἀφωνοςῗ“›’ΪΙερὶ
1815 1773 1910 1856 τοῦ

2013 1773 2323 1869 corpusque
2374 1773 2505 1851 illud
2557 1773 2878 1862 humanum,
2920 1773 3235 1855 mem-inisse
3286 1800 3578 1869 oportebit.

328 1890 493 1944 αὑτοῦ
519 1891 576 1944 δὲ
605 1890 680 1955 ὡς
714 1892 841 1963 περὶ
881 1892 1055 1963 ἀμνοῦ
1088 1891 1307 1962 ἐλέγετο
1344 1893 1438 1947 καὶ
1465 1892 1548 1955 τὸ,
1583 1912 1602 1945 ι
1643 1893 1775 1946 Ἀπὸ
1803 1894 1912 1946 τῶν

327 1981 612 2055 ἁμαρτιῶν
638 1982 730 2035 τοῦ
754 1982 884 2037 λαοῦ
911 2001 1014 2054 μου
1037 1983 1178 2056 ἢχθη
1202 1987 1283 2049 εἰς
1314 1984 1542 2040 θάνατον
1562 2002 1575 2015 ’
1613 2004 1632 2037 ι
1666 1984 1772 2039 ἔδει
1804 1985 1914 2056 γὰρ

327 2073 420 2126 τὸν
464 2074 658 2145 ’Δμνὸν
686 2075 780 2129 τοῦ
813 2074 949 2129 Θεοῦ
974 2076 1067 2130 τὸν
1095 2076 1201 2130 ὑπὸ
1224 2074 1317 2129 τοῦ
1347 2076 1585 2147 μεγάλου
1613 2077 1914 2149 ἀρχιερέως

326 2167 700 2238 ἀναληφθέντα
731 2170 871 2240 ὑπὲρ
892 2169 1001 2223 τῶν
1039 2168 1241 2225 λοιπῶν
1277 2168 1554 2238 συγγενῶν
1581 2169 1790 2240 ἀμνῶν,
1818 2169 1913 2223 καὶ

327 2260 469 2332 ὑπὲρ
494 2262 673 2331 πάσης
703 2265 804 2334 τῆς
834 2262 1183 2336 ἀνθρωπίνης
1209 2262 1409 2333 ἀγέλης
1451 2261 1639 2316 θυσίαν
1681 2261 1760 2332 τῷ
1787 2261 1909 2331 Θεῷ

328 2351 723 2423 προσαχθῆναι.
769 2372 789 2404 ι
848 2352 1064 2425 Ἐπειδὴ
1120 2352 1231 2423 γάρ
1287 2353 1353 2406 δι’
1415 2352 1704 2426 ἀνθρώπου
1744 2355 1774 2406 6
1815 2353 1913 2407 θά-

328 2460 487 2506 νατος
519 2442 613 2497 καὶ
646 2444 711 2496 δι’
751 2442 1035 2516 ἀνθρώπου
1064 2447 1098 2516 ή
1126 2445 1418 2508 ἀνάστασις
1458 2446 1491 2515 ὴ
1526 2446 1591 2499 ὲκ
1632 2444 1859 2517 νεκρῶν,
1888 2464 1907 2496 ι

331 2534 496 2604 φησὶν
522 2535 552 2586 6
593 2532 911 2597 Ἀπόστολος
930 2551 943 2564 ·
981 2535 1074 2588 καὶ
1104 2553 1122 2585 ι
1146 2533 1336 2606 ὥσπερ
1367 2533 1433 2588 δι’
1458 2534 1576 2598 ένδς
1614 2534 1915 2606 παραπτώ-

332 2641 504 2695 ματος
539 2626 619 2688 εἱς
660 2613 873 2689 πάντας
906 2624 1225 2697 ἀνθρώπους
1270 2627 1349 2688 είς
1379 2625 1730 2697 κατάκριμα,
1773 2624 1914 2678 οὕτω

330 2717 426 2771 καὶ
452 2716 518 2769 δι’
552 2716 670 2781 ἑνὸς
701 2715 1068 2788 δικαιώματος
1104 2720 1185 2781 είς
1220 2718 1428 2781 πάντας
1470 2715 1794 2787 ἀνθρώπους
1833 2718 1913 2780 είς

328 2808 610 2863 δικαίωσιν
641 2808 815 2880 ζωῆς*
854 2829 873 2861 ο
911 2809 1064 2863 ἔνθεν
1093 2812 1189 2864 καὶ
1219 2810 1386 2872 αὐτὸς
1424 2809 1551 2873 τοὺς
1590 2810 1686 2880 μὲν
1720 2809 1913 2862 ἑαυτοῦ

332 2900 582 2973 μαθητὰς
610 2899 753 2973 ζωὴν
790 2902 885 2954 καὶ
913 2902 1030 2971 φῶς
1072 2904 1167 2956 καὶ
1197 2900 1473 2972 ’ἀλήθειαν
1516 2901 1705 2954 ἑαυτὸν
1750 2896 1910 2963 εἶναι,

329 2995 426 3048 καὶ
455 2993 554 3058 τάς
603 2992 795 3058 λοιπὰς
841 2994 1085 3059 ἐπινοίας
1127 2993 1228 3065 τῆς
1278 2994 1400 3049 κατ’
1427 2994 1592 3047 αὐτὸν
1637 2992 1913 3063 θεολογίας

331 3085 604 3153 ἐπαίδευε,
625 3089 737 3150 τοῖς
756 3085 814 3139 δὲ
837 3087 1104 3159 ἀμυήτοις
1127 3086 1236 3140 τῶν
1262 3087 1381 3139 κατ’
1402 3085 1564 3139 αὐτὸν
1588 3087 1910 3157 ἀπορρήτων
1938 3125 1979 3183 C

327 3177 512 3247 ελεγεο
549 3197 567 3230 ι
589 3178 655 3232 Τί
689 3197 756 3250 με
785 3181 999 3251 ζητεῖτε
1030 3181 1350 3234 ἀποκτεῖναι
1381 3178 1689 3252 ἄνθρωπον,
1718 3178 1776 3241 ὃς
1809 3177 1910 3247 τὴν

214 3290 219 3295 ο
329 3270 587 3342 ἀλήθειαν
610 3272 737 3342 ὑμῖν
763 3270 1066 3343 λελάληκα;
1088 3291 1106 3323 ι
1137 3272 1348 3344 ’Ὠσπερ
1380 3266 1474 3324 οὖν
1507 3269 1577 3323 τὰ
1601 3270 1702 3341 τῆς
1731 3269 1910 3323 θεολο-

328 3363 455 3432 γίας
497 3362 761 3435 ἰδιώματα
802 3366 861 3417 ὲν
907 3368 1019 3428 τοῖς
1067 3363 1375 3436 ἔμπροσθεν
1416 3362 1771 3428 ἀποδέδοται,
1820 3362 1913 3416 τὸν

330 3454 515 3524 ὅμοιον
555 3455 618 3526 δὴ
663 3455 864 3527 τρόπον
914 3454 1194 3510 κάνταῦθα
1229 3455 1326 3511 τοῦ
1376 3453 1551 3525 ἀμνοῦ
1601 3453 1671 3508 τά
1700 3453 1912 3525 ἀνθρω-

333 3544 554 3616 ποπαθῆ
589 3549 1035 3619 παραστήσεται,
1064 3547 1173 3601 τῶν
1221 3546 1328 3618 πρὸ
1365 3544 1461 3600 τοῦ
1494 3545 1701 3609 πάθους
1742 3545 1909 3599 αὑτοῦ

334 3638 519 3708 μέσων
553 3638 742 3704 ὄντων,
777 3638 912 3710 ὁμοῦ
947 3655 1007 3692 τε
1042 3637 1231 3709 ἄμφω,
1264 3637 1335 3691 τά
1364 3655 1424 3691 τε
1463 3636 1606 3692 κατὰ
1654 3635 1748 3689 τὸν
1779 3635 1911 3689 Θεὸν

332 3730 428 3795 καὶ
471 3730 541 3784 τά
590 3732 731 3786 κατά
774 3732 866 3786 τὸν
911 3730 1198 3804 ἄνθρωπον
1237 3729 1402 3784 αὑτοῦ
1459 3730 1910 3802 περιειληφότων.

2015 1889 2203 1960 Agnus
2225 1888 2316 1943 ille
2342 1887 2559 1960 quidem
2589 1885 2711 1954 fuit,
2743 1888 2940 1943 tollens
2969 1898 3253 1957 peccatum
3286 1889 3497 1953 mundi,
3521 1896 3583 1942 ut

2012 1959 2252 2050 Baptista
2280 1976 2520 2033 Joannes
2541 1959 2813 2033 'dicebat:
2850 1999 2868 2029 ι
2928 1978 3086 2043 Ecce,
3139 1980 3334 2048 inquit,
3393 1982 3583 2050 Agnus

2015 2072 2132 2138 Dei,
2159 2074 2253 2142 qui
2277 2071 2420 2127 tollit
2450 2078 2734 2140 peccatum
2765 2070 2953 2125 mundi
2986 2071 3050 2138 “;
3084 2090 3102 2121 ι
3126 2087 3301 2140 agnus
3327 2071 3475 2135 item,
3506 2071 3579 2126 ad

2013 2166 2214 2221 caedem
2264 2164 2483 2228 ductus,
2519 2170 2579 2222 ut
2615 2173 2700 2218 est
2733 2164 2788 2218 in
2832 2163 2983 2218 lsaia:
3024 2165 3300 2233 propheta:
3335 2166 3580 2231 oraculo,

2013 2258 2158 2329 quod
2212 2258 2287 2311 ita
2327 2257 2401 2310 ait
2435 2274 2449 2310 :
2492 2274 2510 2306 ι
2550 2253 2835 2325 Tanquam
2864 2256 2984 2309 ovis
3024 2255 3090 2308 ad
3133 2257 3333 2311 eadem
3384 2258 3582 2311 ductus

2012 2355 2120 2406 est.
2177 2352 2233 2401 et
2279 2354 2540 2416 tanquam
2591 2359 2765 2415 agnus
2822 2359 3005 2399 coram
3077 2345 3335 2400 tondente
3386 2347 3583 2400 obmu-

2013 2440 2119 2494 tuit
2152 2439 2217 2494 ¹⁸.
2252 2456 2270 2489 ι
2310 2435 2387 2493 De
2412 2435 2603 2492 eodem
2638 2451 2771 2491 vero
2826 2444 3085 2505 tanquam
3135 2436 3201 2490 de
3256 2452 3395 2506 agno
3417 2439 3582 2491 etiam

2015 2529 2144 2585 illud
2177 2529 2383 2584 dictum
2408 2535 2491 2583 est
2530 2546 2544 2581 :
2582 2547 2600 2579 ι
2638 2525 2715 2580 Ex
2745 2529 2986 2597 peccatis
3031 2527 3217 2597 pepuli
3252 2527 3354 2581 mei
3382 2527 3582 2581 ductus

2013 2630 2099 2677 est
2127 2621 2194 2676 ad
2224 2628 2453 2676 mortem
2483 2620 2528 2651 “
2565 2638 2577 2673 :
2617 2639 2637 2672 ι
2670 2619 2955 2689 oportebat
3010 2619 3155 2673 enim
3201 2618 3412 2688 Agnum
3463 2617 3579 2676 Dei.

2015 2717 2108 2786 qui
2138 2730 2168 2769 a
2203 2714 2439 2770 maximo
2462 2712 2726 2768 Pomiﬁce
2761 2719 3075 2781 assumptus
3110 2710 3307 2777 fuerat,
3358 2726 3457 2780 pro
3496 2726 3584 2766 rc-

2016 2809 2179 2878 liquis
2204 2807 2451 2878 cognatis
2481 2808 2657 2877 agnis,
2688 2815 2744 2860 et
2777 2820 2875 2875 pro
2905 2805 3051 2859 omni
3114 2805 3349 2858 humano
3399 2819 3580 2875 grege,

2017 2902 2126 2957 Deo
2153 2901 2433 2956 victimam
2487 2899 2689 2955 all'erri.
2749 2898 2881 2952 Nam
2920 2917 2939 2949 ‹
2979 2900 3235 2968 quoniam
3276 2913 3370 2967 per
3410 2897 3583 2950 homi-

2015 3011 2139 3049 nem
2171 3009 2342 3057 mors,
2394 3007 2489 3063 per
2517 2991 2792 3045 hominem
2824 2990 2987 3044 etiam
3023 2990 3353 3044 resurrectio
3379 3002 3407 3041 a
3439 3004 3585 3042 mor-

2017 3088 2124 3142 tuis
2152 3088 2214 3152 ",
2261 3106 2279 3139 ›
2309 3085 2487 3155 inquit
2517 3083 2831 3154 Apostolus,
2859 3092 2913 3136 et
2939 3100 2958 3132 ί
2997 3082 3140 3137 sicut
3173 3096 3268 3150 per
3307 3081 3468 3134 unius
3490 3081 3586 3134 de-

2012 3180 2197 3235 lictum
2248 3178 2302 3231 in
2333 3191 2524 3232 omnes
2552 3175 2799 3230 homines
2832 3174 2887 3228 in
2914 3172 3418 3228 condemnationem
3439 3211 3455 3234 ,
3506 3172 3585 3225 sic

2013 3286 2108 3340 per
2133 3270 2296 3324 unius
2322 3268 2613 3338 justitiam,
2649 3266 2704 3319 in
2732 3279 2923 3319 omnes
2959 3263 3207 3318 homines
3236 3263 3292 3317 in
3313 3261 3586 3333 justiﬁca-

2012 3362 2214 3417 tionem
2244 3361 2369 3415 vita;
2402 3361 2469 3425 ⁸⁸,
2526 3378 2546 3411 ι
2578 3374 2646 3413 ex
2677 3357 2783 3410 hoc
2810 3356 2928 3426 ipse
2955 3371 3175 3425 quoque
3200 3356 3318 3410 suis
3364 3353 3582 3425 quidem

2014 3452 2299 3521 discipulis
2326 3466 2386 3506 se
2409 3457 2464 3505 et
2487 3449 2678 3513 vitam,
2702 3455 2757 3502 et
2785 3447 2987 3511 lucem,
3022 3454 3076 3502 et
3120 3447 3401 3501 veritatem
3439 3460 3581 3506 esse.

2013 3552 2067 3600 et
2098 3544 2307 3614 reliqua
2338 3541 2500 3614 5.63
2548 3540 2731 3596 omnia
2783 3552 2904 3607 quae
2952 3553 3018 3592 ex
3066 3524 3339 3608 theologia
3372 3536 3439 3592 de
3491 3538 3586 3591 illo

2012 3635 2452 3698 considerantur,
2483 3630 2828 3688 ostendebat.
2858 3629 2941 3683 Ad
2972 3629 3233 3697 profanos
3264 3637 3442 3684 autem
3463 3669 3477 3695 ,
3532 3639 3585 3681 et

2012 3740 2338 3782 arcanorum
2390 3726 2566 3795 ipsius
2620 3734 2873 3794 eXpertes
2931 3723 3187 3778 dicebat:
3225 3739 3243 3770 ι
3306 3720 3448 3786 Quid
3500 3735 3587 3774 me

333 3822 550 3878 Τούτων
597 3825 883 3896 χρησίμως
927 3828 1059 3896 ἡμῖν
1104 3823 1598 3898 προτετηρημένων
1620 3863 1636 3888 ,
1670 3823 1773 3894 ήδη
1821 3824 1913 3877 καὶ

2015 3817 2258 3890 quaeritis
2287 3816 2593 3871 interﬁcere
2620 3813 2929 3879 hominem,
2963 3814 3056 3884 qui
3111 3811 3391 3866 veritatem
3430 3811 3586 3864 vobis

330 3916 440 3971 τῶν
470 3917 668 3987 λογίων
708 3917 887 3972 αὐτῶν
920 3916 1277 3989 ὲφαψώμεθα,
1308 3918 1437 3989 περὶ
1466 3918 1566 3988 τῆς
1609 3915 1776 3970 Ἰούδα
1817 3913 1912 3968 τοῦ

2020 3916 2236 3969 locutus
2267 3927 2385 3968 sum
2409 3912 2485 3965 "l
2521 3932 2540 3964 ι
2562 3908 3029 3978 Quemadmodum
3051 3907 3217 3976 igitur
3240 3920 3362 3975 quae
3384 3903 3590 3958 theolo-

331 4011 616 4082 προδότου,
638 4012 730 4065 καὶ
760 4010 869 4064 τῶν
903 4012 1000 4064 σὺν
1031 4009 1181 4080 αὐτῷ
1210 4008 1352 4063 κατά
1369 4007 1463 4062 τοῦ
1493 4006 1733 4080 Χριστοῦ
1764 4024 1913 4076 γενο-

2019 4007 2121 4077 gite
2147 4008 2216 4060 de
2244 4005 2338 4060 illo
2366 4002 2583 4073 propria
2613 4008 2779 4070 sunt,
2825 4002 2879 4055 in
2927 3999 3207 4070 prioribus
3260 3995 3416 4050 libris
3459 4004 3587 4050 sunt

336 4102 507 4174 μένης
541 4104 828 4175 ωσκευῆς,
862 4102 991 4175 περί
1020 4120 1081 4156 τε
1123 4102 1233 4156 τῶν
1265 4102 1408 4172 ἀμφὶ
1449 4101 1541 4155 τὸν
1590 4100 1783 4171 καιρὸν
1816 4098 1910 4152 τοῦ

2017 4095 2290 4167 exposita,
2310 4095 2385 4149 ita
2417 4094 2469 4147 in
2501 4094 2607 4149 hoc
2631 4107 2755 4162 quae
2783 4091 2851 4146 ad
2882 4091 3007 4162 agni
3046 4089 3314 4143 humanas
3342 4084 3587 4139 ali‘ectio-

333 4194 537 4261 πάθους
568 4196 732 4250 αὐτοῦ
768 4195 1212 4268 συμϐεϐηκότων.

2019 4205 2137 4254 nes,
2164 4186 2549 4259 patibilemque
2581 4194 2832 4239 naturam
2860 4183 3152 4255 pertinent,
3173 4179 3552 4234 tractabuntur
3570 4195 3591 4236 ;Δ

334 4306 456 4363 quae
495 4292 660 4347 medii
690 4291 976 4362 cujusdam
1006 4291 1182 4346 instar
1219 4290 1402 4355 luere,
1429 4287 1497 4342 ad
1541 4302 1606 4343 ea
1650 4302 1782 4358 quae.
1822 4285 2132 4356 passionem
2185 4281 2335 4336 illius
2381 4286 2817 4342 antecesserunt,
2868 4285 2923 4332 et
2996 4284 3226 4343 utraque
3266 4271 3431 4328 simul
3474 4281 3590 4325 tum

333 4399 399 4440 ea
426 4399 551 4456 quas
591 4384 660 4439 ad
700 4378 867 4439 Deum
903 4383 1208 4454 pertinent,
1240 4388 1357 4435 tum
1393 4393 1456 4435 ea
1484 4393 1608 4449 quae
1651 4378 1718 4433 ad
1758 4375 2058 4440 hominem,
2113 4372 2208 4442 qui
2254 4373 2345 4428 ille
2391 4378 2531 4435 erat,
2569 4371 2851 4440 complexa
2889 4374 3039 4423 sunt.
3076 4362 3374 4449 Dostquam
3426 4364 3595 4435 igitur

334 4480 451 4535 haec
478 4479 690 4535 anubis
716 4492 827 4534 non
880 4476 1148 4532 inutiliter
1193 4474 1510 4541 observata,
1561 4477 1884 4540 retentaque
1923 4474 2073 4533 sunt,
2128 4467 2242 4537 jam
2276 4472 2389 4517 tum
2440 4463 2558 4533 ipsa
2615 4463 2780 4516 etiam
2830 4459 3053 4514 oracula
3099 4456 3321 4527 aggredi
3376 4464 3603 4525 tempus.

332 4586 458 4628 esse
482 4572 713 4636 videtur,
747 4585 869 4641 quae
888 4579 942 4625 et
962 4568 1163 4625 'Judam
1189 4568 1547 4639 proditorem,
1577 4579 1813 4635 eumque
1843 4578 1909 4619 eo
1948 4561 2187 4617 futuram
2222 4560 2485 4614 adversus
2518 4555 2796 4612 Christum
2826 4552 3309 4623 conspirationem,
3363 4556 3417 4604 et
3471 4564 3591 4618 quae

335 4665 416 4718 illi
445 4665 548 4721 sub
569 4665 746 4736 ipsum
781 4664 1054 4734 passionis
1081 4675 1294 4732 tempus
1320 4671 1581 4718 eventura
1608 4667 1795 4726 erant,
1830 4656 2235 4729 signiﬁcabant.

350 4780 495 4836 Ἀπὸ
525 4777 772 4850 ψαλμοῦ
803 4786 883 4850 μ’.
920 4812 991 4822 -—
1026 4778 1167 4850 Περὶ
1224 4777 1417 4850 Ἰούδα
1447 4774 1912 4850 τοῦμπροδόςου,

2020 4770 2059 4824 Α
2091 4771 2414 4850 ρεαίῃιο-ξιι..
2447 4797 2516 4807 —-—
2546 4765 2626 4850 ρε
2653 4764 3129 4850 Judanproditore,
3152 4769 3222 4850 et,
3242 4759 3429 4850 ξίεθαξ
3468 4774 3588 4850 cum

406 4834 508 4906 ἀιάι
532 4834 673 4905 ’τῶτῖ
727 4834 851 4905 σ’ὺῖ
901 4850 1058 4916 αὐτῷ
1102 4834 1227 4917 τὴν
1281 4846 1432 4901 κατά
1482 4846 1590 4901 τοῦ
1635 4834 1913 4913 Σωτῆρος

2090 4834 2149 4895 eo
2206 4839 2430 4894 insidias
2489 4837 2741 4891 adversus
2797 4834 3136 4892 Saluatorem
3194 4839 3433 4886 nostrum
3464 4843 3594 4881 con—

404 4918 576 4992 ἡμῶν
593 4920 925 4989 ἐπιϐουλὴν
945 4918 1523 4989 συσκευασαμένων.

2077 4921 2354 4979 struxere.

410 5058 431 5091 ο
458 5038 744 5111 Μακάριος
778 5038 809 5089 6
836 5034 1031 5089 συνιὼν
1065 5034 1159 5087 ἐπὶ
1209 5033 1424 5104 πτωχὸν
1457 5031 1552 5085 καὶ
1595 5031 1824 5101 πένητα,
1855 5028 1913 5079 ὲν

2096 5044 2116 5077 ι
2138 5025 2339 5080 Beatus
2358 5022 2451 5093 qui
2479 5019 2730 5092 intelligit
2748 5032 2914 5088 super
2938 5020 3250 5111 egenum-et
3278 5023 3590 5111 pauperem,

324 5130 520 5205 ήμέρᾳ
542 5130 755 5201 πονηρᾷ
788 5127 1007 5200 ῥύσεται
1032 5126 1196 5179 αὐτὸν
1226 5127 1257 5179 6
1287 5124 1513 5197 Κύριος.
1561 5120 1766 5193 Κύριος
1795 5119 1913 5172 δια-

325 5212 568 5294 φυλάξαι
588 5222 768 5287 αὑτὸν,
790 5223 883 5275 καὶ
908 5218 1069 5292 ζήσαι
1095 5219 1275 5282 αὑτὸν,
1301 5217 1396 5271 καὶ
1430 5213 1732 5289 μακαρίσαι
1753 5211 1916 5266 αὑτὸν

325 5319 384 5369 ὲν
421 5317 490 5387 τῇ
509 5317 603 5387 γῇ,
638 5312 733 5367 καὶ
774 5313 850 5385 μὴ
881 5310 1109 5384 παραδῷ
1151 5310 1314 5365 αὑτὸν
1344 5310 1429 5372 είς
1468 5309 1659 5379 χεῖρας
1702 5302 1927 5377 ἐχθρῶν

333 5408 521 5463 αὑτοῦ.
559 5407 760 5479 Κύριος
792 5403 1047 5476 βοηθήσει
1071 5401 1219 5472 αὐτῷ
1252 5401 1345 5455 ἐπὶ
1381 5399 1570 5469 κλίνης
1597 5395 1789 5468 ὀδύνης
1821 5394 1918 5448 αὐ-

334 5499 453 5564 τοῦ,
477 5499 604 5571 ὃλην
628 5498 726 5570 τὴν
754 5497 941 5570 κοίτην
972 5493 1138 5550 αὐτοῦ
1171 5491 1436 5567 ἕστρεψας
1457 5492 1514 5544 ἐν
1535 5488 1600 5560 τῇ
1636 5485 1917 5560 ἀρρωστίᾳ

337 5593 519 5649 αὐτοῦ.
563 5591 705 5662 Ἐγὼ
744 5587 906 5646 εἶπα·
954 5588 1166 5660 Κύριε,
1220 5583 1443 5657 ἀλέησόν
1473 5598 1543 5653 με
1566 5623 1581 5650 ,
1619 5579 1768 5634 ἴασαι
1816 5579 1916 5647 τὴν

410 5704 453 5736 ’⁵
490 5704 648 5763 Joan.
683 5723 728 5773 ι,
769 5705 859 5762 29.
986 5703 1030 5736 ¹⁵
1068 5701 1174 5759 lsa.
1226 5716 1354 5766 LIII,
1390 5700 1442 5768 7,
1583 5698 1627 5731 ¹⁶
1667 5695 1800 5752 ibid.
1836 5692 1889 5750 8.

339 5789 435 5831 vui
460 5817 473 5845 ,
511 5775 599 5833 40.

986 5703 1030 5736 ’⁸
1068 5701 1174 5759 lsa.
1226 5716 1354 5766 LIII,
1390 5700 1442 5768 7,

2023 5116 2082 5171 in
2123 5115 2211 5171 die
2230 5113 2374 5169 mala
2407 5112 2662 5168 liberabit
2691 5124 2815 5166 eum
2848 5106 3128 5162 Dominus.
3168 5102 3432 5157 Dominus
3460 5114 3597 5154 con-

2023 5214 2204 5264 servet
2228 5219 2376 5270 eum,
2408 5211 2463 5259 et
2487 5202 2723 5258 viviﬁcet
2745 5215 2870 5258 eum
2892 5239 2908 5264 ,
2943 5209 2998 5254 et
3022 5199 3240 5252 beatum
3274 5193 3439 5247 faciat
3464 5207 3589 5248 eum

2022 5302 2080 5357 in
2109 5309 2278 5367 terra,
2305 5307 2360 5354 et
2381 5313 2494 5353 non
2536 5296 2715 5351 tradat
2743 5308 2870 5350 eum
2900 5292 2956 5346 in
3002 5302 3199 5344 manus
3243 5286 3592 5341 inimicorum

2023 5394 2164 5464 ejus.
2200 5391 2466 5446 Dominus
2493 5403 2651 5460 opem
2688 5387 2826 5441 feret
2849 5383 2930 5437 illi
2960 5395 3126 5451 super
3155 5379 3353 5433 lectum
3389 5376 3595 5431 doloris

2023 5488 2166 5557 ejus,
2192 5484 2510 5540 universum
2550 5488 2782 5538 stratum
2806 5477 2925 5546 ejus
2939 5473 3170 5529 versasti
3200 5472 3257 5526 in
3288 5468 3595 5525 inﬁrmitate

2024 5578 2165 5648 ejus.
2191 5574 2305 5646 Ego
2318 5574 2430 5630 dixi
2460 5593 2473 5628 :
2502 5570 2752 5636 Domine,
2773 5569 3035 5623 miserere
3062 5564 3192 5630 mei,
3209 5576 3340 5619 sana
3354 5560 3593 5615 animam

2031 5692 2264 5750 "lCor.
2305 5708 2409 5758 xv,
2466 5689 2558 5745 2i.
2707 5686 2751 5721 ¹⁸
2791 5684 2951 5740 Rom.
2986 5700 3054 5747 v,
3099 5681 3189 5737 l8.
3337 5679 3378 5710 ¹⁹
3438 5675 3594 5736 Joan.
