4098 6438
438 297 546 352 7l9

1118 291 1388 348 EUSEBII
1426 287 1907 345 CIESARIENSIS
1945 287 2096 342 OPP.
2143 285 2325 340 PARS
2361 287 2426 342 ll.
2468 317 2539 328 —
2574 284 3080 342 APOLOGETICA.

3609 288 3715 344 79.0

440 409 781 479 meam,quia
810 407 1027 477 pcccavi
1058 406 1190 471 tibi;
1223 405 1430 460 inimici
1468 405 1575 458 mci
1601 403 1860 458 dixerunt
1888 404 2028 456 mala

2142 402 2307 474 ᾇυχήν
2340 421 2439 474 μου
2463 441 2477 465 ,
2513 404 2594 456 ὅτι
2628 403 2874 475 ἥμαρτον
2923 420 3024 456 σοι.
3079 404 3140 456 Oi
3175 402 3358 474 ἐχθροί
3405 419 3504 472 μου
3555 398 3717 458 εἶπαν

441 503 578 559 mihi
606 502 860 572 :quando
881 498 1164 564 morietur,
1195 509 1248 552 et
1284 499 1480 567 peribit
1512 513 1710 551 nomen
1755 499 1876 566 ejus
1907 497 1930 550 ?
1962 497 2026 550 Et

441 597 490 654 si
513 591 1234 666 ingrediebaturutvideret,
1260 607 1399 644 vana
1427 591 1754 660 loquebatur
1769 606 1864 644 cor
1881 590 2024 658 ejus,

441 688 794 758 congregavit
819 684 1164 753 iniquitatem
1198 684 1326 746 sibi,
1361 683 1743 752 egrediebatur
1774 682 1942 743 foras,
1974 690 2028 736 et

440 781 767 852 loquebatur
799 778 852 831 in
881 777 1166 845 idipsum‘f,
1223 775 1514 830 adversum
1545 790 1631 828 me
1663 775 2029 830 susurrabant

442 890 634 930 omnes
688 871 897 925 inimici
933 869 1060 932 mei,
1100 867 1394 922 adversum
1427 883 1512 922 me
1537 867 1851 937 cogitabant
1884 867 2029 920 mala

443 968 598 1029 mihi,
627 965 854 1020 verbum
886 962 1136 1032 iniquum
1161 959 1879 1016 constitueruntadversum
1917 975 2027 1022 me,

445 1059 692 1130 nunquid
729 1056 822 1127 qui
853 1055 1077 1123 dormit,
1101 1069 1212 1108 non
1244 1051 1469 1122 adjicict
1499 1060 1559 1105 ut
1591 1061 1845 1120 resurgat
1880 1051 1903 1103 ?
1955 1058 2032 1105 et-

444 1156 590 1211 enim
626 1155 788 1208 bomo
843 1151 996 1222 pacis
1021 1164 1154 1205 meae
1181 1189 1196 1213 ,
1230 1149 1286 1202 in
1320 1162 1430 1218 quo
1449 1146 1686 1216 speravi,
1718 1147 1811 1216 qui
1835 1145 2033 1200 edebat

447 1263 619 1318 panes
652 1260 826 1312 meos,
863 1242 1237 1313 magnilicavit
1283 1256 1448 1311 super
1495 1254 1584 1294 me
1640 1239 2036 1310 supplantatio-

442 1359 595 1399 nem.
629 1340 709 1394 Tu
741 1348 948 1404 autem,
968 1336 1221 1400 Domine,
1246 1335 1509 1390 miserere
1535 1334 1736 1397 mei,et
1759 1332 2032 1387 resuscita

447 1451 558 1500 me,
588 1441 643 1488 et
672 1432 969 1488 retribuam
1005 1431 1086 1484 eis
1111 1446 1126 1495 ;
1158 1428 1214 1482 in
1247 1427 1351 1482 hoc
1374 1425 1606 1497 cognovi
1642 1425 1788 1496 quod
1813 1424 2032 1479 voluisti

450 1544 560 1588 me,
585 1527 844 1599 quoniam
872 1520 1164 1595 46411011
1187 1521 1446 1592 gaudebit
1470 1519 1730 1574 inimicus
1758 1533 1912 1573 meus
1945 1533 2036 1573 su-

450 1635 546 1689 per
565 1634 672 1680 me,
698 1632 785 1672 me
798 1625 978 1670 autem
1000 1619 1222 1683 propter
1243 1610 1613 1665 innocentiam
1643 1608 1956 1677 suscepisti,
1979 1614 2035 1662 et

452 1707 795 1764 conﬁrmasti
838 1721 924 1760 me
954 1705 1008 1758 in
1044 1710 1343 1772 conspectu
1400 1709 1494 1755 tuo
1521 1701 1575 1754 in
1599 1711 1864 1755 aeternum
1898 1701 1964 1751 ὀ.
2009 1717 2028 1750 ι

453 1800 725 1866 Quoniam
758 1796 1005 1854 nonnulli
1027 1795 1289 1864 suspicati
1304 1799 1433 1848 sunt
1449 1793 1648 1847 librum
1666 1794 2032 1857 Psalmorum,

453 1893 691 1963 hymnos
713 1897 924 1944 tantum
960 1891 1013 1941 in
1039 1887 1208 1941 Deum
1229 1895 1282 1940 et
1311 1885 1557 1940 carmina
1576 1885 1879 1956 theologica
1898 1900 2034 1940 con-

453 1987 652 2046 tinere,
685 1983 948 2054 prtesagia
978 1995 1110 2036 vero
1139 1988 1233 2034 aut
1260 1979 1326 2033 de
1360 1977 1524 2033 rebus
1565 1977 1766 2032 futuris
1799 1979 2036 2049 prophe-

454 2076 564 2129 tias
592 2091 698 2129 non
725 2075 875 2137 item,
904 2073 1138 2144 primum
1167 2069 1299 2124 illud
1329 2069 2036 2140 eritobscrvandum,quod

458 2163 884 2219 innumerabilia
931 2169 1091 2224 sunt,
1129 2173 1250 2229 qua:
1294 2157 1346 2210 in
1384 2158 1493 2211 illis
1526 2157 1706 2210 futura
1739 2168 2036 2220 canuntur,

457 2273 578 2334 quae
603 2257 822 2328 quidem
874 2256 1095 2324 longum
1129 2259 1275 2306 esset
1309 2251 1363 2303 in
1415 2251 1707 2319 praesentia
1755 2249 2035 2318 colligere,

459 2349 553 2405 sed
567 2351 701 2404 satis
727 2347 895 2403 fuerit
915 2347 982 2401 ad
1006 2345 1234 2414 hujusce
1253 2343 1520 2413 prepositi
1536 2341 2036 2403 conlirmationem,

458 2442 673 2501 duobus
704 2455 851 2496 nunc
903 2441 983 2493 uti
1018 2438 1269 2508 psalmis,
1295 2437 1390 2506 qui
1446 2436 1550 2504 ipsi
1583 2433 1803 2504 quidem
1853 2433 2039 2505 Asaph

458 2533 709 2604 inscripti
742 2539 890 2595 sunt,
921 2529 1052 2584 dicti
1099 2544 1230 2583 vero
1271 2527 1445 2598 ipsius
1482 2523 1649 2578 David
1675 2523 2036 2593 temporibus.

458 2628 615 2682 Tunc
637 2625 781 2681 enim
815 2638 940 2677 cum
972 2621 1155 2691 Asaplx
1192 2634 1337 2674 unus
1353 2624 1500 2674 esset
1525 2630 1589 2668 ex
1635 2614 1702 2668 iis
1731 2612 1866 2666 viris
1914 2626 2042 2667 san-

458 2721 563 2774 ctis
585 2717 677 2788 qui
699 2716 938 2786 psalmos
967 2713 1259 2776 canebant,
1289 2721 1350 2765 ut
1404 2710 1669 2778 scriptum
1691 2715 1776 2761 est
1811 2705 1868 2760 in
1900 2693 2043 2760 libro

457 2811 553 2882 qui
588 2809 1033 2877 Paralipomenon
1067 2804 1410 2867 inscribitur,
1452 2803 1692 2873 psalmos
1721 2799 1814 2870 qui
1851 2798 1927 2852 illi
1955 2806 2041 2851 at-

460 2903 801 2965 tribuuntur,
839 2899 1028 2953 divino
1057 2897 1271 2957 albatus
1316 2895 1522 2965 Spiritu
1552 2891 1874 2950 enuntiavit.
1901 2889 2042 2957 Quid

461 2997 627 3068 igitur
656 2991 1039 3064 hujuscemodi
1065 2989 1263 3059 psalmi
1289 2987 1576 3043 continent
1605 2987 1628 3039 ί
1659 2985 1921 3040 nimirum
1955 2997 2044 3036 va-

461 3089 674 3152 ticinia,
734 3087 935 3156 quibus
978 3083 1294 3138 Judteorum
1343 3081 1506 3150 regite
1535 3079 1776 3135 civitatis
1805 3076 2039 3130 vastatio

452 3180 796 3252 .prtedicitur,
825 3191 947 3246 qua
982 3174 1216 3229 vastatio
1236 3171 1439 3227 Judaeis
1471 3169 1670 3224 accidit
1695 3185 1839 3222 anno
1871 3165 2037 3221 circi-

463 3283 547 3327 ter
573 3268 1012 3341 quingentesimo
1049 3275 1174 3337 post
1205 3263 1476 3334 ejusmodi
1521 3261 1865 3316 vaticinium.
1899 3258 2042 3327 Ergo

462 3364 708 3434 psalmus
729 3363 1162 3430 sepluagesimus
1184 3357 1401 3420 tertius,
1421 3355 1513 3424 qui
1529 3354 1844 3408 intellectus
1858 3349 2042 3419 Asaph

459 3452 807 3515 in‘scribitur,
839 3451 914 3505 ita
946 3449 1108 3504 habet
1139 3446 1281 3504 :«Ut
1304 3445 1460 3516 quid,
1493 3445 1661 3510 Deus,
1702 3442 1954 3514 repulisti
1985 3441 2041 3494 in

464 3543 678 3598 ﬁnem?
732 3534 904 3596 iratus
943 3547 1041 3595 est-
1061 3537 1214 3592 furor
1271 3545 1400 3590 tuus
1452 3549 1616 3603 super
1666 3547 1796 3587 oves
1826 3545 2044 3600 pascua:

464 3635 612 3690 tuae?
643 3647 852 3688 memor
867 3640 988 3688 esto
1019 3626 1466 3700 congregationis
1491 3633 1627 3688 tuae,
1661 3638 1826 3694 quam
1859 3636 2045 3691 posse-

465 3726 596 3781 disti
628 3726 696 3780 ab
752 3724 930 3791 initio,
985 3721 1266 3778 redemisti
1297 3721 1505 3792 virgam
1538 3716 1872 3773 hmreditatis
1905 3723 2040 3778 tuae,

463 3830 624 3875 mons
668 3816 800 3873 Sion
830 3818 941 3883 hic,
961 3817 1017 3871 in
1049 3832 1159 3886 quo
1191 3814 1451 3870 habitasti
1484 3813 1538 3869 in
1567 3826 1653 3876 eo,
1693 3810 1813 3864 leva
1845 3823 2043 3863 manus

457 3921 587 3968 tuas
621 3912 678 3966 in
699 3911 985 3981 superbias
1013 3922 1205 3963 eorum
1236 3907 1292 3960 in
1324 3907 1508 3972 linem,
1535 3911 1741 3974 quanta
1770 3899 2043 3970 maligna-

462 4012 554 4060 tus
583 4010 668 4059 est
698 4002 956 4057 inimicus
987 4001 1044 4054 in
1077 3998 1282 4056 sanctis
1348 3997 1459 4052 tuis
1483 4035 1498 4060 ,
1537 4005 1592 4050 et
1640 3993 1861 4066 gloriati
1913 3997 2045 4047 sunt

456 4095 560 4164 qui
583 4093 819 4149 oderunt
850 4101 902 4146 te
932 4091 988 4145 in
1015 4089 1194 4144 medio
1222 4084 1582 4144 solemnitatis
1600 4091 1725 4147 tuae,
1743 4089 2044 4154 posuerunt

465 4187 620 4258 signa
652 4201 752 4241 sua
779 4185 936 4256 signa
969 4203 982 4238 :
1009 4194 1064 4238 et
1085 4198 1195 4237 non
1222 4190 1598 4252 cognoverunt
1632 4179 1778 4234 sicut
1809 4179 1865 4232 in
1893 4176 2042 4232 exitu

464 4279 720 4348 desuper,
747 4277 902 4347 quasi
934 4275 991 4331 in
1013 4276 1149 4331 silva
1173 4275 1448 4344 lignorum
1502 4271 1792 4328 securibus
1819 4268 2042 4324 excide-

463 4375 596 4422 runt
613 4367 813 4438 januas
839 4367 959 4436 ejus
1005 4366 1059 4420 in
1089 4365 1348 4434 idipsum,
1376 4364 1432 4417 in
1460 4361 1643 4418 securi
1676 4369 1730 4417 et
1759 4367 1912 4415 vecte
1940 4358 2038 4414 de-

460 4459 718 4528 jecerunt
742 4473 884 4521 eam,
936 4456 1301 4512 incenderunt
1321 4454 1430 4525 igni
1453 4453 1829 4510 sanctuarium
1861 4459 2040 4514 tuum,

2129 495 2277 550 κακά
2307 513 2426 566 μοι·
2474 497 2604 548 πότε
2640 495 2992 549 ἀποθανεῖται
3026 497 3120 549 καὶ
3149 495 3432 550 ἀπολεῖται
3463 495 3524 550 τὸ
3547 495 3719 567 ὄνομα

2127 588 2331 653 αὐτοῦ;
2379 589 2488 642 Καὶ
2521 590 2569 640 εί
2602 588 2984 660 εἰσεπορεύετο
3002 588 3098 642 τοῦ
3135 589 3261 642 ἰδεῖν
3286 630 3300 654 ,
3333 589 3508 660 μάτην
3540 590 3720 646 ἐλάλει

2129 683 2163 752 ἡ
2195 681 2389 754 καρδία
2423 679 2610 744 αὑτοῦ,
2646 683 2953 752 συνήγαγεν
2987 681 3217 750 ἀνομίαν
3250 683 3448 754 ἐαυτῷ.
3494 683 3719 749 Ἐξεπο-

2132 775 2320 846 ρεύετο
2355 775 2479 840 ἔξω,
2521 773 2616 828 καὶ
2648 775 2824 828 ἐλάλει
2848 775 2950 829 ἐπὶ
2977 775 3039 827 τὸ
3062 774 3212 828 αὑτό.
3253 777 3388 829 Κατ’
3430 773 3564 848 ἐμοῦ
3599 777 3720 848 ἐψι-

2132 867 2349 940 θύριζον
2383 874 2585 931 πάντες
2620 869 2669 920 οί
2703 867 2886 940 ἐχθροί
2923 885 3048 938 μου,
3094 870 3214 922 κατ’
3245 869 3380 940 ἐμοῦ
3413 869 3718 940 ἐλογίζοντο

2133 961 2277 1015 κακά
2290 979 2399 1032 μοι.
2422 962 2512 1033 Μὴ
2528 964 2556 1014 6
2573 959 2914 1031 κοιμώμενος
2929 960 3048 1031 οὐχὶ
3063 960 3359 1033 προσθήσει
3371 961 3466 1016 τοῦ
3483 963 3722 1035 ἀναστῆ-

2131 1073 2220 1109 ναι
2240 1055 2362 1120 ;κα“ι
2375 1052 2822 1124 γάρὸάνθρωπος
2851 1053 2953 1124 τῆς
2972 1054 3194 1124 είρήνης
3219 1071 3342 1125 μου,
3367 1055 3451 1124 ἐφ’
3473 1055 3531 1108 ὃν
3557 1055 3721 1127 ἠλπι-

2137 1164 2223 1210 σα,
2240 1150 2267 1200 6
2291 1145 2484 1200 ἐσθίων
2508 1147 2706 1217 ἄρτους
2734 1163 2857 1217 μου,
2885 1145 3218 1217 ἐμεγάλυνεν
3237 1147 3324 1198 ἐπ’
3357 1147 3458 1218 ἐμὲ
3495 1165 3719 1220 πτερνιο

2135 1239 2291 1309 σμόν.
2310 1239 2380 1292 Σὺ
2397 1239 2475 1302 δέ,
2490 1239 2687 1311 Κύριε,
2709 1239 2927 1309 ἐλέησόν
2947 1256 3036 1310 με,
3068 1239 3165 1292 καὶ
3193 1238 3496 1310 άνάστησὸν
3515 1258 3606 1312 με,
3624 1243 3720 1298 καὶ

2132 1331 2495 1384 ἀνταποδώσω
2521 1332 2720 1395 αὐτοῖς.
2760 1332 2848 1386 Ἐν
2873 1330 3050 1402 τούτῳ
3081 1331 3272 1400 ἐγνων,
3308 1333 3388 1386 ὅτι
3420 1333 3721 1407 τεθέληκάς

2137 1442 2225 1496 με,
2259 1426 2340 1478 ὅτι
2371 1425 2432 1478 οὐ
2466 1425 2538 1496 μὴ
2561 1427 2797 1497 ἐπιχαρῇ
2832 1425 2861 1478 6
2893 1424 3085 1496 ἐχθρός
3117 1444 3216 1498 μου
3253 1427 3339 1480 ἐπ’
3369 1428 3512 1499 ἐμοί.
3553 1428 3719 1499 Ἐμοῦ

2132 1517 2188 1570 δέ
2233 1517 2320 1570 διά
2359 1518 2459 1589 τὴν
2497 1518 2732 1572 ἀκακίαν
2768 1516 3062 1572 ἀντελάὸου
3084 1560 3098 1584 ,
3135 1519 3229 1573 καὶ
3280 1519 3615 1585 ἐδεδαίωσάς
3651 1538 3720 1592 με

2135 1609 2364 1662 ἐνώπιόν
2390 1626 2484 1662 σου
2515 1611 2594 1673 είς
2626 1610 2719 1663 τὸν
2759 1611 2952 1666 αἰῶνα.
2986 1631 3004 1663 ι
3042 1611 3259 1682 Ἐπειδή
3305 1628 3451 1676 ⁴ιιινες
3497 1613 3721 1686 ὑπειλή-

2137 1720 2270 1772 φασι
2302 1702 2398 1773 τὴν
2431 1701 2616 1772 βίϐλον
2635 1701 2744 1756 τῶν
2773 1703 3020 1775 Ψαλμῶν
3039 1703 3242 1778 ὕμνους
3279 1703 3434 1774 μόνον
3455 1706 3536 1768 είς
3566 1704 3718 1770 Θεὸν,

2139 1795 2232 1848 καὶ
2265 1795 2408 1866 ᾠδάς
2441 1794 2756 1862 θεολογικάς
2785 1796 3084 1868 περιέχειν,
3109 1796 3170 1850 οὐ
3203 1798 3311 1868 μὴν
3345 1798 3438 1851 καὶ
3475 1797 3724 1871 προγνώ-

2141 1905 2272 1951 σεις,
2309 1887 2426 1939 οὐδὲ
2463 1886 2766 1958 μελλόντων
2801 1887 3156 1959 προφητείας,
3177 1887 3334 1941 τοῦτο
3365 1887 3580 1960 πρῶτον
3605 1889 3722 1941 ἐπι-

2136 1981 2434 2052 τηρητέον,
2486 1979 2562 2043 ὡς
2612 1979 2782 2051 μυρία
2829 1980 3142 2044 θεσπίζεται
3172 1980 3239 2034 δι’
3283 1980 3499 2045 αὐτῶν,
3541 1979 3578 2034 ἀ
3628 1983 3723 2034 καί⁵

2143 2072 2350 2143 μακρὸν
2386 2071 2450 2124 ἂν
2484 2072 2569 2142 εἴη
2607 2073 2934 2138 συναγαγεῖν
2980 2071 3073 2124 ἐπὶ
3103 2071 3197 2124 τοῦ
3245 2071 3529 2138 παρόντος,
3564 2073 3724 2143 ἀρκεῖ

2138 2164 2193 2218 δὲ
2226 2163 2534 2235 χρήσασθαι
2566 2165 2644 2227 είς
2679 2164 2988 2235 μαρτυρίαν
3017 2163 3112 2216 τοῦ
3143 2163 3301 2232 λόγου
3332 2164 3423 2217 δύο
3454 2163 3722 2235 ψαλμοῖς⁶

2141 2257 2637 2328 ἐπιγεγραμμένως
2687 2256 2743 2308 δὲ
2797 2255 2938 2309 κατά
2993 2256 3088 2309 τοῦ
3138 2257 3302 2310 Δαεὶδ
3357 2258 3597 2328 χρόνους.
3652 2257 3726 2310 Τὸ

2139 2347 2440 2420 τηνικαῦτα
2471 2347 2578 2418 γάρ
2611 2341 2692 2410 εἷς
2725 2347 2833 2400 τῶν
2874 2347 3206 2419 ἱεροψαλτῶν
3238 2351 3266 2402 6
3307 2349 3477 2418 Ἀσάφ
3516 2350 3723 2418 τυγχά-

2140 2453 2265 2501 νων,
2302 2436 2378 2501 ώς
2411 2438 2467 2489 ἐν
2500 2439 2566 2508 τῇ
2605 2435 2772 2507 βίϐλῳ
2811 2437 3033 2508 φέρεται
3066 2437 3173 2490 τῶν
3206 2438 3722 2510 Παραλειπομένων,

2139 2529 2266 2591 τοὺς
2315 2528 2830 2600 ἐπιγεγραμμένους
2879 2527 3043 2580 αὑτὸν
3088 2528 3336 2598 ψαλμοὺς
3383 2527 3513 2599 θείῳ
3555 2529 3726 2582 Πνεῦ-

2145 2637 2274 2689 ματι
2301 2619 2711 2691 προσεφώνησε.
2730 2620 2794 2672 Τί
2825 2619 2888 2691 δὴ
2913 2601 3006 2673 οὖν
3030 2619 3377 2690 περιέχουσιν
3405 2622 3452 2672 oi
3482 2620 3687 2692 ψαλμοί
3708 2638 3722 2686 ;

2143 2713 2475 2784 προρρήσεις
2533 2713 2633 2782 τῆς
2665 2711 2982 2782 πολιορκίας
3029 2711 3129 2781 τῆς
3190 2711 3474 2782 βασιλικῆς
3518 2711 3727 2778 πόλεως

2141 2803 2234 2856 τοῦ
2273 2803 2544 2857 Ἰουδαίων
2597 2802 2804 2867 ἔθνους,
2835 2804 2956 2873 ἥτις
2988 2803 3212 2870 γέγονεν
3252 2803 3417 2871 ἐγγύς
3451 2819 3554 2856 που
3600 2821 3725 2858 πεν-

2141 2898 2410 2960 τακοσίοις
2459 2897 2603 2950 ἔτεσι
2633 2897 2770 2967 μετὰ
2803 2897 2900 2968 τὴν
2935 2897 3258 2969 πρόρρησιν.
3297 2897 3459 2967 Λέγει
3498 2898 3544 2951 δ’
3577 2893 3667 2953 οὖν
3696 2902 3726 2954 6

2143 2988 2541 3058 ἐϐδομηκοστὸς
2597 2989 2778 3059 τρίτος
2825 2990 3306 3061 ἐπιγεγραμμένος
3349 2991 3616 3055 συνέσεως
3645 2993 3722 3064 τῷ

2164 3081 2356 3150 Ἀσάφ,
2379 3101 2396 3132 ι
2429 3083 2544 3134 Ἵνα
2574 3081 2625 3134 τί
2650 3080 2877 3147 ἀπώσω,
2895 3083 2923 3134 6
2949 3081 3099 3146 Θεὸς,
3137 3084 3215 3145 εἰς
3232 3083 3384 3147 τέλος
3401 3101 3414 3149 ;
3433 3084 3672 3156 ὠργίσθη
3693 3087 3721 3138 6

2147 3167 2316 3239 θυμός
2366 3186 2459 3222 σου
2505 3169 2596 3222 ἐπὶ
2642 3170 2889 3240 πρόϐατα
2939 3170 3111 3242 νομῆς
3160 3188 3288 3238 σου;
3328 3174 3590 3246 μνήσθητι
3619 3175 3717 3244 τῆς

2147 3262 2470 3332 συναγωγῆς
2519 3281 2647 3327 σου,
2690 3259 2758 3335 ἦς
2790 3265 3004 3335 ἐκτήσω
3033 3266 3128 3318 ἀπ’
3180 3266 3384 3337 ἀρχῆς,
3435 3264 3712 3340 ἐλυτρώσω

2148 3356 2340 3428 ῥάϐδον
2402 3356 2765 3428 κληρονομίας
2800 3374 2914 3411 σου.
2953 3359 3117 3430 Ὄρος
3157 3359 3295 3414 Σιὼν
3325 3357 3508 3424 τοῦτο,
3529 3360 3557 3413 ὃ
3585 3377 3716 3413 κατ-

2144 3449 2458 3520 εσκήνωσας
2501 3449 2558 3501 ἐν
2590 3447 2760 3519 αὐτῷ,
2788 3449 2990 3520 ἕταρον
3033 3448 3132 3514 τάς
3160 3452 3348 3523 χεῖράς
3383 3469 3478 3505 σου
3507 3451 3596 3504 ἐπὶ
3623 3452 3720 3514 τάς

2146 3542 2520 3612 ὑπερηφανίας
2553 3541 2732 3594 αὐτῶν
2763 3543 2844 3606 είς
2886 3541 3058 3605 τέλος.
3090 3543 3228 3598 Ὅσα
3271 3545 3669 3616 ἐπονηρεύσατο
3695 3545 3724 3596 6

2145 3633 2338 3704 ἐχθρὸς
2393 3634 2450 3686 ἐν
2501 3637 2611 3698 τοῖς
2669 3634 2844 3701 ἁγίοις
2896 3651 3012 3699 σου,
3067 3634 3160 3688 καὶ
3194 3637 3630 3709 ἐνεκαυχήσαντο
3676 3637 3726 3688 0i

2149 3725 2433 3796 μισοῦντές
2464 3743 2523 3779 σε
2570 3727 2627 3778 ἐν
2690 3727 2840 3797 μέσῳ
2878 3727 2980 3797 τῆς
3010 3727 3206 3800 ἑορτῆς
3262 3745 3376 3791 σου,
3430 3729 3610 3782 ἔθεντο
3659 3728 3727 3780 τὰ

2147 3820 2347 3888 σημεῖα
2385 3818 2564 3872 αὐτῶν
2591 3821 2830 3889 σημεῖαο
2867 3819 2962 3872 καὶ
3009 3819 3108 3872 οὑκ
3140 3819 3380 3888 ἔγνωσαν
3412 3820 3488 3883 ὡς
3521 3822 3599 3883 είς
3628 3822 3728 3891 τὴν

2146 3907 2321 3972 ἔξοδον
2376 3910 2653 3981 ὑπεράνω.
2699 3909 2788 3972 Ὠς
2836 3911 2894 3963 ἐν
2923 3910 3114 3982 δρυμῷ
3147 3910 3346 3976 ξύλων,
3392 3911 3602 3978 ἀξίναις
3643 3911 3730 3976 ἐξ·

2146 3999 2348 4069 έκοψαν
2379 3999 2477 4063 τὰς
2505 4000 2675 4072 θύρας
2707 4001 2878 4071 αὐτῆς
2913 4002 3006 4054 ἐπὶ
3037 4003 3100 4056 τὸ
3131 4003 3281 4066 αὐτὸ,
3305 4005 3362 4055 ἐν
3388 4003 3605 4056 πελέκει
3631 4003 3729 4056 καὶ

2143 4093 2482 4165 λαξευτηρίῳ
2513 4093 2856 4165 κατέρῤαξαν
2891 4093 3079 4164 αὑτήν.
3119 4093 3475 4164 Ἐνεπύρισαν
3505 4093 3564 4144 ἐν
3593 4091 3727 4161 πυρὶ

2142 4186 2204 4240 τὸ
2238 4187 2590 4258 άγιαστήριόν
2619 4203 2734 4251 σου,
2767 4188 2847 4250 είς
2873 4187 2971 4257 τὴν
3000 4186 3102 4257 γῆν
3136 4185 3480 4256 ἐδεδήλωσαν
3498 4182 3559 4234 τὸ
3589 4183 3724 4252 σκή-

2143 4296 2302 4350 νωμα
2334 4278 2429 4332 τοῦ
2454 4279 2716 4349 ὀνόματός
2748 4295 2862 4332 σου.
2895 4297 2914 4330 ι
2939 4277 3126 4332 Ταῦτα
3149 4276 3248 4347 μὲν
3273 4277 3302 4328 6
3327 4273 3725 4344 ἐδδομηκοστὸς

2141 4373 2325 4444 τρίτος
2353 4371 2563 4444 ψαλμός
2583 4389 2596 4403 ·
2644 4371 2739 4426 καὶ
2784 4373 2812 4424 6
2843 4367 3238 4440 ἐδδομηκοστὸς
3268 4367 3323 4420 δὲ
3379 4367 3595 4435 ὄγδοος,
3627 4366 3724 4420 τοῦ

2157 4465 2330 4534 Ἀσάφ
2377 4464 2471 4520 καὶ
2512 4463 2679 4527 αὐτὸς
2720 4461 3036 4532 τυγχάνων,
3088 4460 3214 4513 τάδε
3261 4461 3538 4532 περιέχειο
3595 4481 3614 4514 ι
3665 4465 3726 4516 '0

463 4553 522 4605 in
556 4557 701 4605 terra
731 4550 1042 4620 polluerunt
1065 4547 1480 4603 tabernaculum
1515 4543 1756 4600 nominis
1793 4543 1871 4597 tui
1901 4544 1966 4596 ²¹.
2015 4562 2032 4594 ι

2144 4554 2314 4618 Θεὸς,
2367 4552 2686 4623 είσήλθοσαν
2718 4551 2844 4623 ἔθνη
2899 4554 2979 4616 είς
3024 4551 3122 4624 τὴν
3181 4552 3543 4624 κληρονομίαν
3605 4572 3723 4620 σου,

465 4641 591 4696 Haec
611 4642 829 4714 quidem
881 4639 1317 4711 septuagesimus
1367 4639 1558 4693 tertius
1604 4637 1872 4709 psalmus.
1941 4635 2039 4690 Se-

461 4735 836 4804 ptuagesimus
850 4740 1031 4788 autem
1046 4742 1295 4798 octavus,
1313 4731 1405 4802 qui
1423 4732 1538 4800 ipse
1569 4744 1786 4799 quoque
1799 4736 1883 4783 est
1899 4728 2038 4782 Asa-

461 4825 698 4898 plii,ha:c
723 4825 968 4880 continet
996 4843 1040 4879 ει
1069 4823 1231 4888 Deus,
1262 4829 1528 4878 venerunt
1542 4818 2041 4892 gentcsinbazredi-

461 4927 627 4971 tatem
647 4925 814 4981 tuam,
832 4917 1144 4986 polluerunt
1160 4916 1416 4985 templum
1435 4923 1686 4970 sanctum
1704 4921 2043 4982 tuum,posu-

461 5007 936 5063 cruntJerusalem
962 5009 1122 5079 quasi
1158 5023 1447 5078 pomorum
1483 5007 1811 5070 custodiam,
1839 5019 2041 5075 posue-

462 5109 594 5155 runt
640 5102 934 5156 morticina
966 5116 1250 5158 servorum
1277 5111 1496 5155 tuorum
1524 5115 1680 5154 escas
1722 5098 2040 5153 volatilibus

463 5194 612 5259 cmli,
637 5210 830 5249 carnes
845 5203 1158 5249 sanctorum
1175 5202 1392 5247 tuorum
1419 5193 1612 5248 bestiis
1630 5199 1789 5246 terra:
1820 5193 1884 5242 ".
1919 5211 1936 5242 ι
1962 5188 2042 5242 Ex

465 5286 550 5340 bis
575 5301 636 5341 ea
660 5302 779 5356 qua:
792 5287 942 5356 prius
965 5287 1195 5341 recitata
1225 5293 1371 5349 sunt,
1396 5285 1519 5341 dico
1537 5294 1714 5340 autem
1730 5299 1814 5347 ea,
1838 5299 1957 5353 quae
1975 5284 2044 5336 de

466 5381 869 5449 septuagesimo
883 5381 1092 5449 psalmo
1105 5379 1703 5450 accepimus,pr2edicta
1726 5386 1853 5432 sunt
1867 5377 2044 5430 adhuc

465 5477 729 5537 regnante
744 5469 1236 5539 David,antequam
1260 5471 1519 5540 templum
1547 5486 1575 5523 a
1602 5468 1895 5523 Salomone
1916 5483 2042 5521 con—

465 5567 736 5613 structum
761 5562 1104 5634 essct.565
1126 5562 1230 5618 Sed
1255 5578 1412 5616 suum
1439 5563 1596 5616 linem
1615 5563 1914 5631 contigere,
1934 5577 2040 5614 non

2147 4645 2376 4718 ἐμίαναν
2407 4643 2499 4697 τὸν
2529 4643 2655 4698 ναὸν
2677 4644 2770 4698 τὸν
2802 4643 2956 4712 ἅγιόν
2986 4661 3099 4698 σου.
3126 4644 3346 4698 ’Έθεντο
3377 4647 3727 4719 Ἰερουσαλὴμ

2147 4738 2222 4800 ώς
2248 4735 2711 4808 ὸπωροφυλάκιον,
2742 4735 2925 4790 ἔθεντο
2957 4735 3025 4790 τά
3058 4737 3358 4808 θνησιμαῖα
3382 4739 3488 4792 τῶν
3522 4739 3728 4795 δούλων

2151 4846 2242 4882 σου
2277 4828 2539 4900 βρώματα
2582 4831 2695 4892 τοῖς
2727 4832 2990 4894 πετεινοῖς
3019 4829 3111 4882 τοῦ
3153 4831 3382 4902 οὐρανοῦ
3403 4873 3416 4897 ,
3458 4831 3555 4896 τάς
3591 4834 3722 4904 σάρο

2151 4937 2251 4984 κας
2281 4919 2391 4973 τῶν
2419 4920 2582 4974 ὁσίων
2613 4939 2706 4974 σου
2729 4924 2840 4985 τοῖς
2861 4921 3068 4993 θηρίοις
3097 4923 3195 4992 τῆς
3222 4923 3345 4993 γῆς.
3376 4942 3393 4974 ι
3424 4923 3640 4976 Τούτων
3666 4923 3723 4977 δέ

2146 5012 2214 5064 τά
2261 5012 2357 5082 μὲν
2402 5012 2613 5084 πρῶτα,
2643 5013 2788 5081 λέγω
2817 5013 2872 5066 δέ
2905 5013 2974 5066 τά
3021 5011 3129 5066 ἀπὸ
3181 5014 3274 5067 τοῦ
3323 5014 3721 5085 ἐϐδομηκοστοῦ

2147 5102 2330 5174 τρίτου
2359 5102 2608 5174 ψαλμοῦ,
2646 5106 2828 5174 εἴρητο
2871 5103 3242 5172 βασιλεύοντος
3274 5104 3353 5156 ἐτι
3395 5103 3489 5157 τοῦ
3537 5103 3721 5166 Δαὸὶδ,

2150 5194 2256 5266 πρὸ
2294 5194 2389 5248 τοῦ
2425 5195 2512 5247 τὸν
2546 5195 2674 5249 ναὸν
2703 5195 2806 5247 ὑπὸ
2845 5193 3154 5265 Σολομῶνος
3178 5193 3682 5263 κατασκευασθῆναι
3703 5209 3719 5223 ’

2149 5286 2334 5349 τέλους
2365 5287 2421 5340 δὲ
2453 5287 2638 5357 ἔτυχεν
2687 5288 2787 5339 οὑκ
2829 5286 3016 5341 ἄλλοτε
3050 5286 3083 5356 ἢ
3116 5285 3332 5358 πρῶτον
3365 5287 3461 5355 μὲν
3493 5284 3584 5338 ἐπὶ
3621 5283 3723 5357 τῆς

2151 5376 2502 5430 Βαϐυλωνίων
2557 5376 2890 5448 πολιορκίας,
2935 5377 3184 5448 δεύτερον
3221 5377 3277 5430 δὲ
3317 5377 3410 5428 ἐπὶ
3461 5375 3555 5428 τοῦ
3593 5377 3726 5432 Ῥωτ

2154 5467 2349 5538 μαῖκοῦ
2392 5467 2850 5536 πρὸς,’1ουδαίους
2905 5470 3174 5541 πολέμου·
3223 5469 3426 5521 ἕκαστα
3464 5466 3572 5540 γάρ
3615 5466 3726 5520 τῶν

2150 5560 2452 5629 εἰρημένων
2497 5560 2797 5631 ἐπληροῦτο
2834 5562 2924 5614 ἐπί
2974 5579 3037 5622 τε
3078 5561 3176 5632 τῆς
3229 5559 3450 5631 πρώτης
3478 5559 3570 5612 καὶ
3607 5559 3729 5612 δευ-

537 5739 583 5772 ’°
618 5735 764 5796 Psal.
800 5757 904 5805 ιι,
933 5742 1092 5796 2-15.
1169 5746 1210 5775 ²¹
1253 5742 1396 5798 Psal.
1430 5757 1637 5804 Lum,
1674 5740 1787 5794 1-7.
1867 5743 1908 5771 ¹¹
1951 5738 2037 5792 Ps:

2142 5755 2374 5804 LXXVIII,
2419 5740 2467 5804 Ι,
2491 5738 2547 5791 2.
