4098 6482
372 523 467 579 721

1268 515 1914 575 DEMONSTRATIONIS
1950 521 2408 578 EVANGELICAE
2443 523 2552 577 LIB
2588 523 2654 578 Χ.

3496 531 3608 588 722

366 642 531 710 τέρας
555 636 648 690 τοῦ
674 634 818 707 ἱεροῦ
854 632 1226 701 κατασκαφῆς,
1253 631 1665 702 προγνωσθέντα
1694 633 1787 685 καὶ
1809 634 1937 687 ἁνα-

2041 638 2198 700 alias,
2237 655 2397 708 quam
2426 638 2594 692 semel
2622 637 2839 706 quidem
2859 639 3240 709 populantibus
3265 637 3604 714 Babyloniis:

370 730 686 803 φωνηθέντα
731 731 789 781 ἐν
850 729 959 788 τοῖς
1003 723 1312 796 εἰρημένοις
1361 724 1607 794 Ψαλμοῖς
1675 726 1780 778 ὑπὸ
1841 726 1934 778 τοῦ

384 825 574 894 Ἀσάφ.
607 823 686 875 Τά
711 821 767 873 δὲ
787 818 1013 890 δεύτερα
1035 816 1142 871 ἀπὸ
1162 815 1256 869 τοῦ
1287 816 1684 888 ἑϐδομηκοστοῦ
1714 818 1900 886 ὀγδόου
1919 859 1932 882 ,

369 914 670 988 ἐπληροῦτο
715 908 855 965 κατὰ
894 909 1022 972 τοὺς
1071 909 1342 977 Ἀντιόχου
1389 909 1631 979 χρόνους,
1669 909 1762 962 τοῦ
1803 910 1933 979 κλη-

369 1009 551 1072 θέντος
596 1001 938 1072 Ἐπιφανοῦς,
968 1001 1048 1065 ὃς,
1075 1003 1175 1072 τῆς
1216 1001 1414 1072 Συρίας
1453 1001 1790 1070 βασιλεύσας,
1832 1005 1935 1058 ὑπ-

368 1103 559 1172 άγεται
600 1099 696 1170 μὲν
729 1095 797 1150 τὰ
833 1095 1193 1167 Ἱεροσόλυμα,
1238 1094 1436 1165 μιαίνει
1463 1095 1520 1148 δὲ
1557 1095 1646 1150 τὸν
1674 1096 1817 1161 ναὸν,
1844 1099 1937 1151 καὶ

368 1194 620 1264 καθαιρεί
661 1188 722 1246 τὸ
781 1189 1192 1258 θυσιαστήριον·
1237 1187 1424 1240 ἔπειτα
1470 1190 1596 1252 τοὺς
1656 1190 1936 1254 Ἰουδαίους

378 1281 719 1354 Ἐλληνίζων,
756 1280 1040 1342 πλείστους
1069 1280 1226 1342 ὅσους
1255 1279 1433 1332 αὐτῶν
1472 1281 1670 1352 ἄνδρας
1717 1283 1811 1335 καὶ
1839 1299 1936 1350 γυ-

363 1379 555 1440 ναῖκας
602 1374 740 1445 ὑπὲρ
788 1372 883 1426 τοῦ
927 1371 1130 1425 οἰκείου
1180 1373 1344 1443 νόμου
1395 1373 1490 1426 καὶ
1536 1374 1634 1444 τῆς
1680 1373 1938 1445 πατρῴας

363 1469 643 1533 εὐσεϐείας
684 1466 892 1538 ἀνῄρει,
924 1464 1189 1528 ποικίλαις
1221 1464 1670 1539 προαικιζόμενος
1706 1467 1936 1536 τιμωρί-

369 1581 478 1628 αις.
506 1563 601 1626 Είς
649 1561 852 1614 ἐκεῖνον
882 1556 1166 1629 τοιγαροῦν
1203 1559 1293 1611 τὸν
1334 1557 1542 1628 καιρὸν,
1578 1559 1670 1612 καὶ
1702 1560 1782 1622 εἰς
1812 1559 1937 1622 τοὺς

369 1655 506 1727 μετὰ
547 1651 719 1707 ταῦτα
767 1648 846 1719 τῷ
903 1647 1156 1718 Ἀντιόχῳ
1190 1647 1260 1700 τὰ
1304 1647 1392 1700 ίσα
1429 1648 1760 1718 πράξαντας,
1806 1650 1940 1702 ἀνα-

363 1744 532 1814 φωνεί
590 1744 620 1797 6
687 1741 860 1813 Ἀσάφ
922 1736 984 1790 τὸ
1029 1737 1136 1792 ἀπὸ
1173 1736 1266 1790 τοῦ
1321 1737 1715 1808 ἐϐδομηκοστοῦ
1752 1739 1935 1807 ὀγδόου

362 1833 595 1907 ψαλμοῦ.
643 1835 925 1906 Μαρτυρεῖ
973 1832 1029 1884 δὲ
1083 1827 1160 1898 τῷ
1203 1827 1344 1897 λόγῳ
1375 1829 1406 1898 ή
1441 1827 1547 1879 τῶν
1591 1827 1937 1899 καλουμένων

363 1925 736 1979 Μακκαϐαίων
789 1924 996 1996 γραφὴ,
1054 1919 1240 1974 τοῦτον
1307 1918 1502 1989 ἔχουσα
1545 1919 1638 1972 τὸν
1700 1921 1932 1991 τρόπον’

371 2035 389 2068 ι
430 2018 540 2070 Καὶ
588 2015 1163 2088 προσεπισυνὴχθησαν
1199 2014 1331 2086 πρὸς
1373 2013 1638 2083 Ἰάκειμον
1668 2013 1759 2065 καὶ
1793 2013 1933 2064 Βακ-

363 2107 516 2179 χίδην
573 2109 860 2179 συναγωγὴ
915 2107 1284 2178 γραμματέων
1323 2106 1624 2176 ὲκζητοῦσα
1665 2106 1866 2159 δίκαια.
1913 2125 1930 2158 t

363 2199 473 2252 Kal.
495 2197 622 2268 ἑξῆς
650 2198 889 2266 ἐπιλέγει
910 2216 922 2228 ·
949 2217 966 2248 ι
997 2199 1106 2252 Καὶ
1139 2197 1349 2268 ὤμοσεν
1377 2198 1559 2260 αὐτοῖς
1580 2197 1752 2265 λέγων
1771 2214 1785 2226 ·
1822 2198 1937 2250 Οὐκ

362 2289 734 2361 ὲκζητήσομεν
765 2291 892 2361 ὑμῖν
925 2291 1114 2352 κακὸν,
1134 2291 1226 2343 καὶ
1259 2292 1370 2352 τοῖς
1400 2288 1571 2357 φίλοις
1615 2289 1766 2359 ὑμῶν
1785 2307 1798 2320 ·
1843 2290 1938 2342 καὶ

363 2378 749 2432 ὲνεπίστευσαν
796 2379 976 2448 αὐτῷ·
1024 2379 1118 2432 καὶ⁸
1180 2378 1466 2431 συνέλαϐεν
1508 2378 1565 2443 ἐξ
1603 2378 1780 2431 αὐτῶν
1807 2378 1934 2450 ἑξή-

362 2487 526 2524 κοντα
559 2469 777 2541 ἄνδρας,
820 2471 913 2523 καὶ
942 2470 1257 2523 ἀπέκτεινεν
1289 2470 1481 2533 αὐτοὺς
1504 2471 1560 2522 ὲν
1593 2471 1776 2542 ἡμέρᾳ
1817 2473 1932 2541 μιᾷ,

364 2561 506 2614 κατὰ
537 2561 627 2613 τὸν
655 2561 811 2630 λόγον
851 2561 1019 2630 Ἀσάφ
1049 2562 1106 2614 ὃν
1138 2561 1390 2632 ἔγραψεν,
1419 2562 1624 2616 ἔδωκαν
1655 2561 1724 2614 τὰ
1751 2563 1936 2633 θνησι-

368 2654 500 2722 μαῖα
547 2652 653 2705 τῶν
707 2652 906 2705 δούλων
963 2670 1054 2705 σου
1103 2653 1364 2723 βρώματα
1396 2657 1509 2716 τοῖς
1547 2657 1809 2717 πετεινοῖς
1841 2652 1934 2706 τοῦ

363 2742 615 2813 ούρανοῦ,
649 2744 856 2814 σάρκας
888 2743 1051 2796 ὁσίων
1095 2761 1186 2796 σου
1220 2747 1332 2807 τοῖς
1363 2745 1520 2808 ζώοις
1562 2745 1659 2816 τῆς
1693 2745 1817 2816 γῆς,
1856 2747 1938 2799 αἴ-

367 2851 511 2903 ματα
551 2834 727 2887 αὐτῶν
753 2834 972 2905 ἐξέχεαν
1001 2837 1183 2906 κύκλῳ
1219 2836 1589 2907 Ἰερουσαλὴμ,
1615 2838 1706 2890 καὶ
1741 2838 1839 2891 οὑκ
1870 2833 1937 2909 ἦν

362 2925 392 2977 6
413 2925 650 2978 θάπτων.
686 2945 704 2978 ι
736 2927 951 2980 Τούτων
986 2927 1127 2980 οὕτω
1161 2927 1578 2999 προρρηθέντων
1613 2929 1706 2981 καὶ
1745 2929 1939 2982 ἀποτε-

362 3015 679 3082 λεσθέντων,
715 3019 774 3070 ού
808 3001 1137 3089 θαυμαστὸν,
1166 3021 1214 3072 εἰ
1247 3018 1388 3074 κατὰ
1417 3019 1508 3073 τὸν
1546 3020 1706 3072 αὑτὸν
1739 3021 1938 3091 τρόπον

363 3112 457 3164 καὶ
526 3110 594 3164 τὰ
643 3111 1036 3182 προεκτεθέντα
1081 3110 1172 3164 τοῦ
1219 3112 1655 3183 τεσσαρακοστοῦ
1722 3111 1937 3182 ψαλμοῦ

360 3200 514 3272 λόγια
570 3201 820 3272 σημαίνει
865 3202 934 3255 τὰ
976 3201 1234 3272 μέλλοντα
1276 3201 1492 3257 ἔσεσθαι
1538 3203 1678 3258 κατὰ
1719 3202 1806 3256 τὸν
1838 3203 1938 3274 τῆς

2038 730 2234 782 iterum
2253 740 2430 784 autem
2448 731 2585 785 bello
2598 731 2741 801 quod
2764 735 3050 789 adversum
3063 732 3278 789 Judaeos
3289 748 3318 786 a
3341 733 3600 791 Romanis

2037 829 2250 889 gestum
2281 830 2386 885 est,
2411 825 2839 894 unumquodque
2880 826 3024 881 enim
3049 841 3267 890 eorum,
3293 843 3414 897 qua:
3455 828 3602 884 dicta

2037 919 2187 976 sunt,
2219 914 2548 984 completum
2584 923 2666 971 est
2711 926 2822 971 tam
2857 920 3030 989 prima
3063 920 3250 992 templi
3294 922 3598 986 eversione,

2035 1020 2198 1074 quam
2228 1021 2291 1060 ea
2331 1022 2452 1076 quae
2495 1018 2681 1064 secuta
2710 1017 2816 1073 est,
2858 1013 3075 1067 tametsi
3115 1013 3169 1066 in
3202 1013 3354 1068 hisce
3387 1013 3600 1069 duobus

2036 1097 2260 1166 psalmis
2299 1105 2352 1152 et
2383 1101 2663 1168 provisum
2710 1109 2764 1156 et
2794 1105 3138 1159 enuntiatum
3177 1113 3281 1160 est.
3318 1105 3448 1171 Qua:
3475 1122 3601 1160 vero

2036 1187 2278 1242 secundo
2303 1187 2424 1243 loco
2446 1190 2819 1257 recitavimus,
2848 1201 2902 1247 et
2923 1207 2952 1245 a
2982 1195 3384 1264 septuagesimo
3410 1202 3602 1251 octavo

2035 1277 2246 1346 psalmo
2292 1280 2624 1349 accepimus,
2678 1283 2948 1351 completa
3006 1292 3135 1338 sunt
3183 1286 3303 1355 ejus
3349 1286 3604 1342 Antiochi

2035 1370 2395 1438 temporibus,
2441 1372 2537 1442 qui
2567 1379 2796 1428 vocatus
2828 1383 2914 1428 est
2959 1374 3216 1440 lllustris,
3262 1377 3356 1446 qui
3389 1393 3513 1432 cum
3547 1381 3602 1432 in

2038 1457 2196 1530 Syria
2219 1473 2490 1531 regnaret,
2527 1463 2724 1535 irrupit
2770 1465 2989 1535 quidem
3018 1465 3075 1520 in
3121 1467 3312 1522 urbem
3347 1466 3607 1522 Hieroso-

2037 1550 2201 1621 lyma,
2227 1551 2448 1608 fmdavit
2468 1571 2601 1611 vero
2629 1557 2913 1626 templum,
2941 1565 2996 1614 et
3033 1559 3409 1614 sanctuarium
3452 1575 3607 1614 ever—

2035 1645 2121 1700 tit.
2147 1644 2393 1716 Dumque
2437 1645 2658 1705 Judteos
2696 1647 3009 1706 Graecorum
3052 1652 3297 1708 moribus
3349 1653 3494 1723 cogit
3525 1653 3610 1707 vi-

2036 1752 2184 1802 vere,
2220 1739 2653 1808 quamplurimos
2689 1756 2879 1796 eorum
2905 1748 3014 1795 tam
3047 1757 3226 1798 mares
3253 1757 3417 1814 quam
3453 1741 3608 1797 femi-

2037 1843 2157 1892 nas,
2185 1828 2278 1898 qui
2308 1845 2486 1900 neque
2516 1830 2766 1901 proprias
2799 1831 2947 1902 leges
2978 1848 3154 1903 neque
3185 1835 3420 1902 patriam
3444 1835 3612 1904 pieta-

2039 1927 2148 1974 tem
2171 1920 2422 1976 deserere
2457 1922 2731 1990 volebant,
2756 1923 2922 1978 variis
2948 1924 3102 1993 prius
3148 1933 3370 1982 vexatos
3398 1925 3607 1997 suppli-

2037 2010 2160 2070 ciis,
2195 2011 2486 2067 interfecit.
2518 2013 2579 2066 In
2612 2011 2743 2070 illud
2783 2027 2913 2083 ergo
2942 2021 3177 2084 tempus,
3203 2022 3256 2068 et
3286 2016 3340 2069 in
3375 2030 3470 2071 eos
3511 2017 3606 2086 qui

2036 2103 2287 2173 posthac,
2319 2105 2511 2160 eadem
2542 2120 2664 2175 quae
2691 2105 2994 2162 Antiochus
3024 2109 3381 2176 patraverint,
3407 2109 3607 2162 clamat

2035 2196 2218 2266 Asaph
2247 2211 2310 2251 ea
2339 2212 2460 2266 quae
2507 2201 2910 2275 septuagesimo
2949 2207 3143 2254 octavo
3187 2200 3397 2270 psalmo
3428 2203 3608 2254 contiu

2036 2294 2254 2340 nentur.
2282 2283 2469 2340 Fidem
2502 2285 2626 2342 huic
2658 2288 2735 2343 rei
2784 2288 2934 2353 facit,
2965 2304 3029 2344 ea
3077 2303 3198 2358 qua:
3230 2296 3457 2343 vocatur
3495 2288 3609 2342 Ma-

2037 2378 2342 2432 cabaeorum
2373 2378 2626 2445 historia,
2650 2395 2772 2450 quae
2791 2381 2846 2434 in
2880 2381 3028 2436 hunc
3056 2380 3275 2438 modum
3311 2396 3368 2435 se
3400 2380 3562 2435 habet
3587 2399 3601 2435 :

2042 2485 2062 2518 ι
2092 2467 2158 2522 Et
2186 2478 2561 2523 convenerunt
2592 2469 2660 2524 ad
2687 2468 2957 2524 Jacimum
3002 2478 3056 2526 et
3093 2470 3420 2525 Bacchidem
3466 2485 3604 2547 con-

2035 2560 2279 2630 gregatio
2306 2560 2611 2615 scribarum
2632 2561 3030 2631 requirentium
3053 2563 3332 2632 quaejusta
3355 2563 3564 2626 sunt",
3579 2581 3597 2613 ι

2036 2657 2092 2703 et
2122 2648 2380 2720 deinceps
2413 2648 2696 2720 adjungit:
2724 2669 2742 2701 ι
2767 2649 2833 2704 Et
2855 2650 3062 2721 juravit
3091 2651 3200 2706 illis
3231 2649 3419 2706 dicens
3444 2671 3456 2705 :
3484 2650 3604 2705 Non

2038 2737 2335 2794 inferemus
2371 2738 2528 2795 vobis
2575 2740 2800 2804 malum,
2838 2755 3015 2810 neque
3053 2739 3244 2796 amicis
3285 2741 3506 2805 vestris,
3550 2750 3606 2795 et

2037 2829 2384 2886 crediderunt
2431 2831 2504 2896 ei,
2541 2841 2596 2887 et
2642 2832 3051 2902 comprehendit
3095 2847 3162 2888 ex
3201 2832 3269 2888 iis
3321 2833 3605 2902 sexaginta

2037 2923 2207 2986 viros,
2236 2929 2290 2977 et
2318 2923 2519 2978 occidit
2544 2937 2641 2980 eos
2669 2924 2724 2978 in
2759 2939 2867 2979 uno
2901 2924 3008 2991 die,
3044 2925 3342 2980 secundum
3379 2925 3605 2979 verbum

2036 3012 2222 3085 Asaph
2249 3014 2397 3085 quod
2437 3015 2680 3085 scripsit,
2703 3015 2970 3072 dederunt
2999 3017 3290 3072 morticina
3323 3031 3606 3072 servorum

2039 3114 2256 3160 tuorum
2301 3121 2460 3162 escas
2495 3106 2810 3164 volatilibus
2849 3109 2994 3174 coeli,
3053 3124 3249 3164 carnes
3289 3116 3608 3164 sanctorum

2039 3207 2255 3252 tuorum
2285 3198 2476 3255 bestiis
2506 3206 2686 3266 terrae,
2724 3205 3155 3272 sanguinemque
3188 3217 3378 3258 eorum
3399 3199 3608 3256 effude-

359 3291 452 3346 τοῦ
497 3293 746 3364 Σωτῆρος
784 3294 937 3364 ήμῶν
967 3295 1257 3367 ἐπιϐουλῆς
1284 3296 1495 3366 χρόνον,
1524 3296 1667 3367 ἆπερ
1698 3298 1771 3367 μὴ
1799 3297 1936 3350 πάν-

2040 3299 2167 3344 runt
2193 3293 2251 3346 in
2287 3291 2522 3347 circuitu
2562 3291 2886 3358 Jerusalem,
2939 3301 2994 3348 et
3026 3308 3138 3349 non
3164 3300 3283 3349 erat
3314 3295 3406 3363 qui
3449 3308 3607 3363 sepe~

361 3399 468 3436 των
502 3382 800 3454 ἀνθρώπων
831 3385 1139 3449 συνιέντων,
1174 3387 1319 3448 ὅπως
1355 3387 1526 3454 Λόγος
1553 3385 1628 3440 ῶν
1663 3387 1818 3452 Θεοῦ,
1842 3391 1936 3441 καὶ

364 3471 544 3540 σοφία,
581 3473 673 3525 καὶ
704 3471 835 3542 ζωή,
851 3473 942 3525 καὶ
970 3473 1083 3542 φῶς
1108 3474 1377 3544 ἀληθινὸν,
1396 3477 1489 3528 καὶ
1513 3476 1689 3529 πάντα
1711 3476 1936 3530 πλοῦτον

363 3559 581 3626 ἀγαθῶν
608 3561 960 3630 κεκτημένος,
990 3562 1055 3614 δι’
1085 3565 1230 3633 ἡμᾶς
1274 3563 1583 3633 έπτώχευσε
1636 3565 1814 3636 σάρκα
1844 3566 1939 3618 λα·-

363 3650 493 3714 6ὼν,
525 3652 619 3704 καὶ
661 3655 773 3716 τοῖς
805 3654 863 3705 τὸ
893 3653 1046 3722 γένος
1075 3654 1286 3724 θνητοῖς
1322 3655 1628 3728 ἀνθρώποις
1662 3659 1755 3725 καὶ
1795 3673 1938 3711 πτω-

361 3745 476 3814 χοῖς
509 3743 811 3814 όμοιωθεὶς,
831 3747 1041 3816 μορφήν
1061 3762 1120 3797 τε
1140 3745 1326 3800 δούλου
1353 3748 1446 3800 καὶ
1470 3747 1698 3817 πένητος
1717 3747 1902 3819 ὰνειλη
1943 3768 1945 3771 ·
1985 3745 1989 3749 ’

363 3835 496 3906 φὼς,
523 3838 616 3890 καὶ
645 3837 874 3908 μάλιστα
898 3839 1017 3892 καθ’
1042 3839 1100 3890 ὃν
1123 3839 1312 3909 καιρὸν
1333 3839 1570 3910 ἐπλήρου
1594 3840 1690 3910 τὴν
1718 3839 1825 3892 ἀπὸ
1844 3839 1936 3893 τοῦ

360 3928 575 4000 ψαλμοῦ
622 3930 980 4001 προφητείαν,
1040 3930 1264 3993 εἰκότως
1304 3930 1362 3982 ὲν
1413 3931 1554 4001 ἀρχῇ
1585 3929 1680 3983 τοῦ
1723 3929 1936 4001 ψαλμοῦ

364 4020 725 4095 μακαρίζεται
758 4021 785 4072 ό
812 4021 980 4074 ταῦτα
1003 4023 1131 4092 περὶ
1161 4021 1326 4075 αὐτοῦ
1366 4022 1590 4085 συνιεὶς,
1613 4022 1936 4091 ἐπαγγελίας

361 4116 644 4184 τυγχάνων
672 4115 768 4185 τῆς
802 4114 1313 4185 ἀναγεγραμμένης.
1343 4111 1454 4167 Εἶθ’
1483 4113 1609 4184 ἑξῆς
1639 4116 1702 4168 ὲκ
1729 4113 1925 4185 προσώ-

362 4223 465 4259 που
481 4204 664 4258 λοιπὸν
685 4203 749 4276 δὴ
780 4204 873 4257 τοῦ
900 4204 1128 4274 πένητος
1163 4206 1258 4258 καὶ
1287 4203 1522 4274 πτωχοῦ,
1543 4203 1704 4257 αὑτοῦ
1738 4204 1940 4277 δηλαδὴ

359 4295 455 4350 τοῦ
496 4296 562 4350 δι’
590 4298 738 4370 ἡμᾶς
776 4296 1184 4366 πτωχεύσαντος
1227 4297 1476 4368 Σωτῆρος
1520 4295 1712 4367 ἡμῶν,
1763 4296 1914 4350 ὲπιλέ

361 4405 547 4459 γεται·
589 4409 606 4440 ι
660 4389 800 4458 Ἐγὼ
847 4386 1002 4443 εἷπα’
1040 4390 1232 4462 Κύριε,
1287 4391 1506 4460 ἐλέησόν
1545 4409 1632 4462 με.
1676 4411 1696 4443 ι
1733 4393 1850 4445 Ὅτι
1881 4390 1937 4444 δι.

362 4485 428 4537 ὲκ
457 4482 748 4554 προσώπου
774 4482 866 4535 τοῦ
899 4481 1150 4552 Σωτῆρος
1190 4481 1257 4535 τὰ
1297 4484 1355 4535 έν
1400 4481 1476 4552 τῷ
1520 4482 1720 4553 ψαλμῷ
1748 4482 1925 4536 θεσπί-

363 4573 546 4639 ζεται,
582 4576 860 4647 αὐτάρκης
917 4575 1126 4648 μάρτυς
1171 4576 1199 4626 ὁ
1247 4576 1639 4648 εὐαγγελιστὴς
1690 4577 1939 4649 Ἰωάννης

2041 3384 2239 3439 liret".
2275 3402 2294 3435 ι
2336 3382 2474 3438 Cum
2504 3384 2620 3439 haec
2665 3385 2723 3438 in
2751 3383 2898 3438 hunc
2926 3384 3146 3439 modum
3173 3391 3228 3440 et
3269 3383 3526 3454 praedicta
3555 3391 3611 3439 et

2037 3475 2304 3545 completa
2341 3475 2472 3541 sint,
2515 3476 2716 3530 mirum
2746 3475 2917 3530 videri
2959 3491 3070 3532 non
3118 3477 3297 3542 debet,
3341 3478 3388 3531 si
3417 3475 3608 3531 eodem

2009 3599 2022 3613 -
2037 3567 2199 3622 modo
2218 3567 2383 3621 etiam
2404 3567 2628 3622 oracula
2661 3567 2730 3622 de
2759 3567 3177 3638 quadragesimo
3205 3568 3415 3637 psalmo
3436 3582 3611 3635 nuper

2037 3671 2280 3730 accepta,
2309 3659 2443 3730 quid
2494 3659 2740 3715 futurum
2789 3668 2936 3716 esset
2985 3676 3082 3730 per
3129 3660 3183 3715 id
3227 3669 3458 3730 tempus,
3499 3675 3610 3730 quo

2036 3750 2206 3806 Judaei
2241 3752 2505 3808 adversus
2534 3750 2871 3808 Salvatorem
2904 3759 3153 3806 nostrum
3197 3751 3605 3820 conspirarunt,

2038 3841 2350 3912 signiﬁcant
2380 3860 2395 3896 :
2420 3857 2489 3897 ex
2517 3842 2718 3913 quibus
2767 3856 2893 3897 cum
2923 3840 3168 3896 universi
3216 3841 3467 3895 homines
3496 3853 3608 3893 non

2040 3934 2426 4006 intelligerent,
2459 3950 2700 4006 quonam
2748 3944 2910 4006 pacto
2953 3935 3050 4006 qui
3085 3932 3321 3989 Verbum
3369 3932 3464 3986 Dei
3498 3940 3604 3995 est,

2039 4036 2092 4083 et
2131 4027 2421 4096 sapientia,
2451 4037 2507 4083 et
2543 4029 2674 4092 vita,
2712 4035 2767 4083 et
2814 4028 2998 4082 lumen
3040 4040 3263 4092 verum,
3318 4031 3374 4079 et
3415 4037 3610 4079 omnes

2041 4121 2308 4175 bonorum
2348 4120 2569 4176 divitias
2599 4119 2910 4190 possidens,
2933 4110 3157 4189 propter
3199 4131 3301 4172 uos
3323 4122 3608 4185 assumpto

2037 4227 2284 4282 corpore,
2309 4218 2364 4266 et
2396 4227 2601 4282 pauper
2631 4219 2687 4266 et
2715 4217 2909 4265 natura
2940 4209 3262 4264 mortalibus
3295 4206 3622 4262 hominibus.

2039 4315 2092 4361 et
2116 4305 2301 4375 egenis
2339 4305 2538 4361 similis
2569 4305 2640 4360 sit
2669 4303 2868 4367 factus,
2912 4301 3256 4371 formamque
3280 4307 3336 4355 et
3378 4301 3522 4356 servi
3553 4310 3610 4356 et

2040 4397 2291 4468 pauperis
2339 4396 2629 4466 acceperit,
2662 4395 2898 4450 maxime
2943 4409 3051 4464 quo
3089 4400 3332 4463 tempore
3368 4393 3610 4462 comple-

2040 4489 2130 4544 bat
2181 4503 2244 4543 ea
2275 4502 2396 4558 quae
2424 4487 2489 4540 ad
2518 4487 2858 4556 prophetiam
2894 4485 3060 4555 hujus
3089 4483 3285 4554 psalmi
3311 4483 3624 4553 pertinent,

2039 4583 2234 4637 .nerito
2260 4582 2312 4636 in
2344 4581 2500 4635 initio
2529 4580 2747 4650 psalmi,
2777 4580 2826 4634 is
2853 4585 2913 4632 ut
2949 4578 3140 4633 beatus
3171 4574 3606 4641 commendatur,
3683 4629 3687 4634 ,

361 4668 638 4738 τυγχάνει.
676 4668 898 4738 Ἱστορεῖ
929 4667 1057 4740 γὰρ,
1096 4669 1176 4722 ὅτι
1227 4687 1244 4720 ι
1286 4668 1528 4722 Λαδὼνό
1573 4669 1778 4740 Ἰησοῦς
1808 4687 1936 4723 ποτε

2041 4675 2133 4745 qui
2166 4675 2280 4728 haec
2309 4674 2376 4729 de
2405 4673 2500 4727 illo
2531 4670 2879 4734 intellexerit,
2919 4676 3104 4738 utpote
3155 4667 3248 4737 qui
3275 4665 3632 4734 promissum.

361 4758 568 4813 λέντιον
601 4759 987 4831 περιεζώσατο,
1023 4762 1116 4814 καὶ
1158 4761 1314 4827 νίψας
1350 4763 1474 4824 τοὺς
1501 4761 1666 4825 πόδας
1698 4762 1804 4816 τῶν
1835 4780 1938 4832 μα-

362 4848 542 4920 θητῶν
582 4850 746 4903 αύτοῦ
787 4847 967 4905 εἶπεν·
1006 4850 1146 4920 Ἐγὼ
1173 4845 1290 4906 οἶδα
1320 4851 1412 4915 οὓς
1443 4853 1790 4924 ἐξελεξάμηνο
1821 4854 1936 4908 ἀλλ’

363 4942 451 4998 ἵνα
498 4943 530 5013 ἡ
581 4943 771 5014 Γραφή
804 4943 1104 5016 πληρωθῇ·
1151 4945 1210 4998 Ὁ
1253 4943 1478 5017 τρώγων
1532 4947 1646 5016 μετ’
1682 4946 1816 5016 ἐμοῦ
1845 4947 1935 5000 τὸν

360 5034 526 5108 ἄρτον
571 5036 770 5107 ἐπῆρεν
822 5037 909 5088 ἐπ’
941 5037 1040 5107 ἐμὲ
1077 5036 1173 5108 τήν
1215 5037 1450 5109 πτέρναν
1493 5038 1678 5094 αὑτοῦ.
1711 5057 1728 5090 ι
1769 5037 1934 5091 Ποίαν

358 5126 472 5200 γὰρ
506 5126 894 5198 πεπληρῶσθαι
941 5129 1158 5200 γραφὴν
1197 5131 1255 5182 ὲν
1286 5129 1495 5192 τούτοις
1537 5129 1721 5200 ἐδήλου
1755 5129 1869 5184 ἀλλ’
1902 5131 1936 5200 ἦ

357 5221 460 5292 τὴν
488 5220 582 5274 τοῦ
609 5221 746 5291 μετὰ
770 5225 954 5293 χεῖρας
974 5223 1189 5294 ψαλμοῦ
1223 5225 1282 5277 ἐν
1311 5217 1355 5290 ᾧ
1388 5224 1621 5296 εἴρηταιο
1643 5243 1661 5276 ι
1699 5225 1810 5277 Καὶ
1831 5224 1938 5297 γὰρ

355 5313 391 5367 6
421 5313 705 5386 ἄνθρωπος
723 5313 824 5382 τῆς
855 5315 1075 5385 εἰρήνης
1097 5333 1217 5385 μου,
1247 5317 1330 5385 ἐφ’
1359 5316 1416 5368 ὃν
1437 5316 1662 5386 ἤλπισα,
1687 5317 1714 5368 ό
1743 5315 1936 5369 ἐσθίων

357 5404 559 5476 ἄρτους
609 5423 732 5476 μου,
768 5406 1096 5476 ἐμεγάλυνεν
1138 5409 1222 5460 ἐπ’
1253 5406 1352 5477 ἐμὲ
1381 5407 1741 5476 πτερνισμόν;
1775 5426 1793 5458 ›
1827 5409 1936 5477 Φη-

361 5497 447 5550 civ
478 5493 570 5550 οὖν
605 5498 930 5570 ἀρχόμενος·
965 5517 983 5549 ι
1028 5497 1167 5566 Ἐγὼ
1200 5495 1359 5550 εἶπα·
1393 5497 1822 5568 Κύριε,ὲλέησόν
1846 5515 1936 5570 με,

361 5585 514 5641 ἴασαι
541 5589 640 5660 τὴν
671 5589 848 5659 ψυχήν
884 5589 1104 5658 μου,ὅτι
1126 5587 1369 5660 ἥμαρτόν
1403 5603 1517 5640 σοι’
1549 5605 1568 5639 ›
1608 5586 1699 5640 καὶ
1729 5587 1794 5640 δι’
1816 5588 1937 5641 ὅλου

358 5678 457 5732 τοῦ
485 5680 583 5749 ψα)
599 5681 699 5751 μοῦ
721 5699 732 5710 '
760 5683 903 5753 ἅπερ
939 5681 1265 5751 σαφέστερον
1285 5683 1311 5732 ὁ
1334 5679 1625 5750 Σύμμαχος
1652 5678 1838 5732 τοῦτον
1855 5679 1940 5747 ἐξ-

359 5769 531 5825 έδωκε
553 5773 644 5826 τὸν
675 5774 904 5844 τρόπον’
946 5792 964 5826 ι
1007 5772 1170 5844 Ἐμοῦ
1203 5772 1479 5841 λέγοντος·
1515 5771 1710 5844 Κύριε,
1743 5770 1942 5826 οἴκτει-

2044 4765 2274 4835 publicae
2328 4763 2604 4818 memoriae
2651 4763 2910 4817 traditum
2972 4761 3233 4816 obtineat.
3261 4757 3425 4830 466
3470 4756 3610 4811 Tum

2042 4857 2321 4925 deinceps,
2351 4855 2498 4925 quod
2528 4861 2800 4924 superest,
2833 4869 2899 4908 ex
2933 4852 3107 4922 ipsius
3155 4850 3409 4922 pauperis
3447 4857 3635 4918 atque-

2042 4947 2195 5017 egeni
2223 4961 2481 5016 persona.
2522 4945 2697 5015 ipsius
2745 4944 3003 5000 videlicet
3059 4940 3359 4996 Salvatoris
3407 4940 3606 5003 nostri,

2041 5039 2138 5109 qui
2168 5045 2390 5108 propter
2415 5054 2515 5092 nos
2542 5037 2759 5108 inopem
2801 5037 2970 5092 vitam
3001 5035 3321 5105 assumpsit,
3355 5033 3577 5102 adiungi
3606 5067 3612 5074 -

2041 5139 2172 5184 tur:
2215 5149 2235 5182 ι
2273 5130 2386 5202 Ego
2417 5131 2552 5196 dixi,
2587 5131 2836 5197 Domine,
2879 5131 3137 5188 miserere
3180 5129 3286 5183 mei
3301 5129 3367 5182 ".
3405 5147 3425 5179 ι
3453 5126 3608 5192 Quod
3627 5154 3638 5178 .~

2039 5238 2259 5278 veroex
2293 5239 2525 5294 persona
2563 5224 2882 5290 Salvatoris,
2905 5239 3026 5293 quae
3062 5217 3129 5276 ad
3155 5221 3301 5276 hunc
3338 5221 3635 5291 psalmum-

2039 5313 2335 5383 pertinent,
2369 5315 2630 5383 praedicta
2680 5315 2812 5378 sint,
2857 5314 3095 5384 Optimus
3149 5327 3282 5369 sane
3332 5313 3403 5365 sit
3451 5311 3612 5365 testis

2040 5407 2371 5477 evangelista
2405 5405 2664 5462 Joannes.
2694 5405 2891 5460 Narrat
2938 5405 3107 5468 enim,
3160 5412 3220 5458 ut
3265 5404 3394 5458 olim
3425 5401 3609 5466 Jesus,

2041 5513 2166 5553 cum
2215 5500 2517 5568 accepisset
2567 5500 2817 5561 linteum,
2861 5497 3208 5567 praecinxerit
3255 5511 3336 5561 se,
3379 5510 3614 5564 cumque

2043 5587 2209 5658 pedes
2227 5587 2619 5658 discipulorum
2643 5603 2868 5642 suorum
2895 5587 3178 5650 abluisset,
3205 5586 3404 5640 dixerit
3430 5601 3442 5636 :
3469 5584 3616 5654 (Egi)

2043 5680 2160 5734 scio
2181 5695 2320 5749 quos
2347 5681 2624 5748 elegerim,
2662 5679 2756 5733 sed
2796 5686 2855 5732 ut
2899 5679 3238 5749 compleatur
3280 5675 3565 5748 Scriptura
3596 5695 3612 5730 :

2043 5771 2148 5838 Qui
2177 5773 2288 5827 edit
2333 5787 2545 5828 mecum
2579 5786 2796 5842 panem,
2843 5771 3043 5827 levavit
3073 5779 3265 5826 contra
3295 5784 3384 5826 me
3433 5770 3614 5825 calca-

442 5949 486 5980 ἰ
524 5920 820 6005 ιἰιεοιιιιι).
855 5966 963 6019 vu,
1004 5951 1089 6007 te.
1141 5943 1212 5986 ἰι
1252 5951 1382 6010 ibid.
1420 5949 1602 6006 15-17.
1679 5950 1723 5984 ιδ
1769 5947 1913 6004 Psal.
1953 5963 2041 6018 ιι,
2076 5947 2128 6003 5.
