4098 6426
573 466 677 522 713

1230 466 1501 523 EUSEBII
1539 465 2022 524 CESARIENSIS
2054 466 2205 522 OPP.
2244 465 2423 520 PARS
2455 464 2519 520 11.
2559 496 2629 506 -
2665 465 3162 522 APOLOGETICA.

3716 466 3824 524 724

572 603 736 645 neum
764 603 923 642 suum
946 587 1010 638 ⁸⁸.
1046 606 1064 639 ›
1100 585 1314 643 Etenim
1342 603 1504 658 quam
1529 587 1749 643 tandem
1781 588 1942 642 aliam
1971 588 2027 642 in
2061 586 2139 642 his

2251 586 2344 657 ρόν
2388 602 2481 657 με,
2514 586 2664 639 Iaca:
2708 584 2808 656 τὴν
2839 585 3015 657 ψυχήν
3051 601 3175 656 μου,
3211 584 3304 639 καὶ
3338 586 3386 639 st
3437 584 3682 658 ήμαρτόν
3712 604 3820 655 σοι,

574 679 915 749 Scripturam
950 679 1273 748 completam
1303 694 1428 735 esse
1455 679 1692 743 dicebat,
1727 679 1836 735 nisi
1865 694 1984 733 eam
2020 693 2141 749 qua

459 812 477 832 .
572 772 627 824 in
658 768 762 824 hoc
788 770 1000 839 psalmo
1034 768 1286 832 habetur,
1321 769 1416 839 qui
1463 784 1610 823 nunc
1642 769 1698 824 in
1732 770 1987 825 manibus
2034 779 2138 835 est,

569 864 626 917 in
662 878 772 932 quo
803 862 1019 932 quidem
1049 861 1257 931 psalmo
1287 861 1420 916 illud
1458 861 1664 916 dictum
1699 870 1783 917 est
1813 878 1828 915 :
1873 879 1893 913 ι
1927 861 2140 916 Etenim

570 948 735 1007 homo
763 950 915 1017 pacis
944 964 1077 1002 meae
1111 950 1164 1002 in
1193 964 1301 1018 quo
1335 950 1569 1018 speravi,
1605 951 1697 1018 qui
1740 951 1935 1006 edebat
1974 966 2141 1020 panes

569 1056 747 1105 meos,
777 1042 1141 1112 magniﬁcavit
1174 1058 1338 1112 super
1379 1059 1465 1098 me
1498 1045 1998 1115 supplantationem
2014 1045 2080 1096 ’⁷.
2116 1063 2136 1095 ι

566 1133 732 1190 Initio
761 1151 891 1206 ergo
936 1137 1018 1191 sic
1059 1137 1137 1190 ait
1167 1156 1180 1192 :
1217 1156 1236 1188 ι
1267 1136 1383 1208 Ego
1415 1137 1549 1202 dixi,
1588 1138 1837 1203 Domine,
1880 1140 2142 1195 miserere

566 1229 695 1292 mei,
732 1243 867 1284 sana
889 1230 1129 1283 animam
1164 1245 1361 1294 meam,
1389 1233 1516 1300 quia
1543 1233 1763 1303 peccavi
1795 1231 1951 1286 tibi“
1985 1252 1998 1287 :
2034 1253 2053 1284 ι
2086 1242 2142 1288 et

568 1337 665 1391 per
702 1330 876 1378 totum
911 1322 1201 1392 psalmum,
1249 1339 1311 1378 ea
1345 1340 1467 1394 quae
1500 1325 1715 1393 planius
1747 1327 1800 1379 in
1847 1326 1995 1380 hunc
2021 1341 2142 1380 mo—

565 1413 695 1467 dum
734 1412 1109 1484 Symmachus
1148 1414 1358 1469 edidit:
1397 1433 1417 1465 ‹
1474 1415 1557 1471 Me
1601 1416 1852 1479 dicente,
1887 1416 2137 1482 Domine,

564 1505 832 1559 miserere
882 1505 1011 1569 mei,
1049 1518 1183 1560 sana
1207 1506 1444 1560 animam
1474 1522 1693 1575 meam;
1733 1517 1787 1564 et
1817 1511 1865 1565 si
1918 1511 2141 1580 peccavi

565 1596 686 1660 tibi,
725 1596 933 1650 inimici
989 1596 1094 1651 mei
1148 1596 1402 1651 dixerunt
1458 1597 1526 1652 de
1575 1614 1661 1653 me
1711 1605 1875 1666 mala,
1920 1601 2141 1669 quando

566 1686 855 1754 morietur,
884 1695 937 1742 et
967 1688 1166 1757 peribit
1192 1703 1389 1743 nomen
1411 1688 1565 1757 ejus?
1587 1699 1641 1743 et
1669 1705 1794 1745 eum
1827 1692 2142 1762 ingredere-

566 1792 676 1846 tur,
706 1797 847 1836 vana
880 1781 1202 1851 loquebatur
1237 1795 1334 1836 cor
1364 1783 1504 1851 ejus,
1531 1785 1894 1855 congregabat
1932 1787 2143 1856 injusti-

568 1873 699 1927 tiam
747 1874 871 1929 sibi.
917 1871 1053 1927 Cum
1106 1873 1459 1943 egrederetur
1508 1875 1677 1941 foras,
1716 1878 2135 1948 obloquebatur,

567 1980 679 2021 uno
708 1967 893 2019 animo
928 1965 1292 2020 susurrabant
1318 1974 1509 2021 contra
1550 1984 1637 2024 me
1665 1985 1856 2025 omnes
1882 1971 1976 2041 qui
2007 1974 2136 2028 ode-

564 2064 690 2112 rant
719 2071 827 2121 me,
851 2056 919 2111 de
949 2074 1035 2113 me
1062 2058 1378 2128 cogitabant
1413 2061 1555 2113 mala
1587 2061 1743 2127 mihi,
1776 2063 2002 2117 verbum
2033 2064 2139 2118 ini-

564 2163 733 2218 quum
764 2147 995 2203 ellusum
1026 2158 1147 2205 erat
1193 2149 1336 2205 inter
1360 2151 1531 2220 ipsos,
1567 2159 1622 2206 et
1660 2153 1754 2222 qui
1789 2154 1988 2207 cecidit
2027 2170 2138 2210 non

564 2242 801 2313 amplius
835 2250 1041 2314 surget,
1091 2244 1184 2299 sed
1233 2253 1287 2298 et
1329 2245 1493 2300 homo
1521 2246 1614 2315 qui
1661 2261 1850 2316 pacem
1904 2247 2140 2304 habebat

563 2350 800 2402 mecum,
832 2337 921 2391 cui
961 2337 1324 2403 conlidebam,
1355 2339 1648 2393 comedens
1698 2354 1912 2395 mecum
1939 2355 2137 2411 panem

561 2442 766 2492 meum,
803 2428 1188 2499 magniﬁcatus
1225 2437 1309 2485 est
1349 2441 1541 2485 contra
1574 2446 1660 2486 me
1689 2440 2135 2503 consequenter;

561 2525 622 2571 tu
654 2524 857 2583 autem,
895 2517 1422 2587 Domine,miserere
1451 2522 1578 2586 mei,
1610 2530 1663 2577 et
1691 2524 1899 2578 suscita
1932 2539 2039 2585 me,
2079 2532 2140 2578 ut

560 2608 864 2664 retribuam
897 2609 979 2665 eis
1009 2628 1025 2666 :
1053 2619 1277 2681 prepter
1307 2612 1413 2667 hoc
1436 2627 1765 2683 cognoscam
1793 2614 1939 2685 quod
1966 2616 2137 2680 voles,

562 2705 611 2760 si
641 2719 750 2758 non
780 2703 1380 2773 obloqueturinimicus
1406 2720 1581 2771 meus,
1600 2722 1687 2761 me
1708 2716 1889 2763 autem
1917 2717 2141 2779 propter

561 2795 969 2865 simplicitatem
1002 2797 1317 2866 suscepisti,
1349 2806 1404 2852 et
1445 2799 1750 2854 constitues
1786 2814 1874 2853 me
1920 2800 1972 2854 in
2006 2815 2140 2855 con-

563 2897 754 2957 spectu
782 2895 879 2943 tuo
903 2889 958 2942 in
990 2898 1279 2946 aeternum.
1318 2908 1336 2941 ›
1367 2890 1504 2945 Cum
1540 2890 1629 2947 bis
1665 2907 1794 2946 vero
1820 2907 1942 2962 quae
1976 2890 2139 2964 Sym-

562 2980 793 3035 machus
825 2978 996 3036 edidit
1022 2979 1360 3034 concordant
1391 2980 1555 3035 etiam
1606 2995 1669 3035 ea
1695 2995 1819 3050 qua;
1843 2981 1912 3035 ab
1943 2980 2138 3051 Aquila

561 3073 708 3126 edita
740 3079 889 3135 sunt,
918 3087 1192 3142 sensuque
1213 3071 1354 3127 idem
1377 3073 1580 3127 valent.
1607 3070 1851 3127 Primum
1879 3072 2048 3144 igitur
2072 3073 2140 3129 de

561 3178 629 3218 eo
676 3165 822 3234 quod
865 3180 931 3220 ex
979 3179 1213 3233 persona
1268 3163 1574 3220 Salvatoris
1632 3167 1810 3222 nostri
1863 3167 2138 3223 enuntiari

2240 680 2290 731 οί
2318 677 2501 749 ἐχθροί
2531 693 2632 747 μου
2657 675 2843 745 ἔλεγον
2874 676 3003 749 περὶ¹
3028 676 3164 747 ἐμοῦ
3198 677 3368 731 κακά·
3388 678 3525 731 Πότε
3550 679 3821 753 ἀποθάνῃ,

2241 769 2335 823 καὶ
2360 768 2640 823 ἀπολεῖται
2671 768 2732 821 τὸ
2756 768 2925 839 ὄνομα
2944 768 3144 835 αὐτοῦ;
3176 769 3572 841 Είσερχόμενος
3603 773 3827 827 ἐπισκέ-

2239 861 2471 931 ψασθαι,
2526 860 2728 931 μάταια
2780 859 2958 915 ἐλάλει
3004 861 3037 932 ἡ
3086 860 3282 931 καρδία
3335 861 3535 927 αὐτοῦ,
3573 863 3823 935 ἥθροιζεν

2241 952 2455 1005 ἀδικίαν
2490 953 2677 1023 ἑαυτῇ.
2709 950 3089 1023 Ἑξερχόμενος
3113 951 3169 1005 δὲ
3194 951 3298 1017 ἔξω
3325 954 3631 1008 κατελὰλει.
3659 956 3823 1026 Ὁμοι-

2242 1045 2479 1117 Θυμαδὸν
2529 1045 2840 1116 ἐψιθύριζον
2872 1045 2993 1100 κατ’
3032 1046 3164 1117 ἐμοῦ
3210 1046 3416 1112 πάντες
3455 1050 3505 1101 οἱ
3538 1049 3827 1119 μισοῦντές

2246 1154 2335 1208 με,
2370 1137 2497 1207 περὶ
2527 1135 2661 1207 ἐμοῦ
2686 1134 2996 1200 ἐννοοῦντες
3020 1138 3166 1191 κακά
3180 1154 3291 1207 μοι.
3315 1137 3487 1207 Λόγος
3507 1139 3827 1211 παράνομος

2242 1231 2507 1300 ὲκκέχυτο
2541 1228 2687 1283 ἔνδον
2729 1231 2927 1295 αὐτῶν,
2958 1231 3053 1286 καὶ
3085 1231 3267 1285 πεσὼν
3298 1233 3481 1287 οὐκέτι
3524 1236 3830 1305 ἀναστήσε-

2240 1340 2363 1376 ται⁸
2407 1322 2543 1375 ἀλλὰ
2594 1323 2687 1376 καὶ
2725 1323 3029 1395 ἄνθρωπος,
3063 1323 3123 1387 ὃς
3162 1325 3409 1396 εἰρήνευέ
3457 1342 3566 1397 μοι,
3606 1320 3652 1395 ᾧ
3692 1326 3829 1380 ἐπε-

2242 1413 2471 1477 ποίθειν,
2502 1414 2793 1469 συνεσθίων
2837 1433 2927 1487 μοι
2971 1416 3135 1486 ἄρτον
3179 1416 3332 1487 ἐμὸν,
3373 1417 3827 1490 κατεμεγαλύνθη

2245 1523 2365 1576 μου.
2401 1505 2749 1570 Ἀκολούθως,
2776 1508 2839 1560 σὺ
2861 1507 2939 1571 δὲ,
2966 1507 3157 1579 Κύριε,
3173 1506 3439 1579 οίκτειρόν
3473 1525 3562 1578 με,
3592 1508 3685 1562 καὶ
3730 1509 3830 1563 ἁν-

2241 1595 2454 1666 έγειρόν
2491 1613 2579 1666 με,
2611 1596 2698 1648 ἵνα
2735 1595 3100 1650 ἀνταποδώσω
3127 1596 3332 1660 αὐτοῖς.
3368 1597 3466 1650 Διά
3493 1596 3654 1651 τοῦτο
3679 1597 3794 1666 γνώ
3815 1626 3831 1638 -

2243 1689 2532 1759 σομαι,ὂτι
2566 1687 2965 1760 θελήσεις,νέἁν
3024 1688 3098 1761 μὴ
3146 1688 3497 1761 καταλαλήσῃ
3544 1693 3573 1744 ό
3630 1689 3830 1762 ἐχθρός

2244 1797 2366 1851 μου.
2411 1780 2575 1851 Ἐμοῦ
2597 1780 2654 1834 δὲ
2675 1780 2762 1833 διὰ
2789 1780 2886 1850 τὴν
2911 1780 3188 1850 ἁπλότητα
3218 1781 3500 1851 ἀντέσχον,
3528 1782 3622 1835 καὶ
3647 1798 3831 1853 παρα-

2243 1873 2458 1943 στήσεις
2494 1888 2563 1943 με
2608 1870 2914 1942 ἔμπροσθέν
2950 1888 3043 1924 σου
3089 1871 3156 1925 δι’
3183 1872 3394 1935 αίῶνος.
3428 1891 3448 1924 ›
3495 1872 3829 1943 Ἰσοδυναμεῖ

2240 1963 2297 2016 δὲ
2345 1965 2458 2026 τοῖς
2492 1961 2586 2015 τοῦ
2619 1962 2916 2033 Συμμὰχου
2950 1963 3044 2017 καὶ
3083 1963 3151 2016 τά
3190 1962 3438 2016 ’Δκύλου.
3475 1963 3698 2037 Πρῶτον
3727 1959 3829 2018 οῦν

2241 2054 2371 2125 περὶ
2417 2052 2511 2106 τοῦ
2564 2052 2741 2106 δοκεῖν
2773 2053 3139 2124 ἁπεμφαίνειν
3173 2054 3238 2107 ἐκ
3266 2052 3557 2125 προσώπου
3589 2053 3683 2108 τοῦ
3710 2055 3828 2108 Σωο

2238 2146 2401 2217 τῆρος
2431 2144 2589 2215 ήμῶν
2617 2145 2677 2198 τὸ
2700 2145 3008 2216 εἰρημένον,
3025 2147 3106 2210 τὸ,
3133 2166 3152 2198 ι
3176 2147 3355 2200 Ἰασαι
3376 2146 3474 2218 τὴν
3494 2147 3672 2219 ψυχήν
3696 2165 3825 2218 μου,

2238 2238 2320 2290 ὅτι
2368 2237 2614 2309 ήμαρτόν
2655 2254 2758 2303 σοι,
2796 2256 2814 2287 ι
2847 2239 3112 2310 τηρήσεις
3139 2238 3200 2291 τὸ
3231 2238 3382 2311 παρὰ
3420 2239 3500 2309 τῷ
3542 2240 3829 2311 Συμμὰχῳ

2243 2328 2317 2399 μὴ
2360 2328 2533 2391 οὕτως
2580 2328 2721 2398 ἔχον,
2753 2328 2908 2393 ἀλλὰ,
2945 2347 2964 2380 ι
3008 2331 3184 2383 Ἴασαι
3216 2331 3316 2401 τὴν
3353 2330 3532 2402 ψυχήν
3570 2348 3691 2402 μου,
3730 2333 3830 2385 καὶ

2241 2424 2288 2474 εί
2312 2422 2557 2494 ἥμαρτόν
2591 2438 2692 2475 σοι.
2734 2441 2753 2473 ι
2789 2423 2900 2477 Kal.
2941 2421 3087 2476 οῦτω
3121 2423 3179 2476 δὲ
3209 2422 3370 2477 τοῦτό
3416 2441 3598 2495 φησιν,
3639 2425 3829 2497 ἐπειδὴ

2238 2515 2337 2579 τὰς
2388 2516 2664 2587 ἡμετέρας
2704 2519 2998 2571 κοινοποιεῖ
3051 2518 3130 2580 είς
3177 2518 3368 2571 ἐαυτὸν
3411 2518 3703 2589 ἁμαρτίας.
3736 2518 3830 2572 Διὸ

2240 2606 2522 2661 λέλεκται·
2554 2627 2572 2660 ι
2601 2609 2710 2663 Kal.
2730 2608 2935 2681 Κύριος
2968 2608 3284 2680 παρέδωκεν
3312 2609 3473 2664 αὐτὸν
3504 2613 3625 2674 ταῖς
3651 2611 3829 2683 ἁμαρ-

2239 2699 2381 2763 τίαις
2420 2697 2577 2771 ήμῶν
2602 2717 2614 2730 ·
2644 2720 2663 2751 ι
2700 2700 2815 2763 καὶ,
2848 2718 2868 2751 ι
2906 2700 3077 2763 Αὐτὸς
3106 2700 3382 2772 ἁμαρτίας
3412 2700 3570 2772 ἡμῶν
3597 2702 3773 2774 φέρει.
3798 2722 3819 2755 ι

2240 2789 2436 2858 Γέγονε
2469 2790 2599 2860 γοῦν
2623 2792 2762 2863 ὑπὲρ
2787 2791 2942 2863 ήμῶν
2980 2791 3193 2862 κατάρα
3218 2794 3247 2845 ὁ
3282 2792 3476 2863 Ἀμνὸς
3504 2792 3598 2846 τοῦ
3622 2793 3777 2859 Θεοῦ,
3793 2795 3824 2846 ό

2240 2881 2411 2954 αἴρων
2454 2882 2552 2954 τὴν
2600 2884 2871 2954 ἁμαρτίαν
2914 2882 3010 2936 τοῦ
3057 2883 3261 2954 κόσμου
3284 2901 3295 2913 ·
3328 2884 3387 2937 ὃν
3417 2886 3508 2938 καὶ
3534 2885 3609 2956 μὴ
3631 2887 3823 2954 γνόντα

2242 2976 2516 3048 ἁμαρτίαν
2566 2978 2596 3029 ό
2652 2976 2787 3040 Θεὸς
2831 2977 2973 3048 ὑπὲρ
3014 2977 3172 3048 ήμῶν
3218 2977 3492 3050 ἁμαρτίαν
3545 2979 3818 3051 ἐποίησεν,

2240 3069 2530 3139 ἀντίψυχον
2569 3069 2710 3140 ὑπὲρ
2757 3070 2974 3122 πάντων
3008 3069 3164 3140 ἡμῶν
3198 3070 3496 3143 προέμενος
3532 3073 3710 3137 αὐτὸν,
3736 3074 3822 3127 ἵνα.

2240 3164 2401 3234 ἡμεῖς
2429 3163 2716 3234 γενώμεθα
2740 3162 3053 3233 δικαιοσύνη
3088 3161 3224 3215 Θεοῦ
3247 3166 3304 3216 ἐν
3336 3163 3502 3235 αὐτῷ.
3541 3165 3676 3218 Ἀλλ’
3698 3165 3818 3218 ἐπεὶ

562 3255 833 3319 videatur,
868 3254 1003 3310 illud
1038 3256 1183 3325 quod
1237 3256 1444 3311 dictum
1490 3266 1612 3313 est:
1652 3277 1669 3308 ι
1710 3256 1854 3312 Sana
1898 3259 2136 3313 animam

2243 3256 2333 3309 καὶ
2368 3257 2426 3309 ἐν
2456 3254 2759 3327 ὁμοιώματι
2818 3255 3019 3326 σαρκὸς
3069 3256 3341 3327 ἁμαρτίας
3367 3257 3648 3328 γενόμενος
3687 3266 3813 3311 κατ-

562 3361 762 3409 meam,
795 3347 923 3417 quia
954 3349 1169 3417 peccavi
1204 3347 1324 3413 tibi,
1358 3368 1377 3401 ι
1411 3349 1720 3416 observato,
1763 3365 1949 3420 quaeso
1979 3361 2050 3416 te,
2082 3359 2141 3406 ut

563 3438 705 3495 idem
736 3439 876 3509 apud
925 3439 1310 3510 Symmachum
1359 3456 1468 3495 non
1502 3441 1692 3496 eodem
1740 3443 1902 3498 modo
1951 3460 2010 3499 se
2043 3444 2141 3498 ha-

560 3530 708 3595 beat,
741 3531 836 3586 sed
869 3532 950 3586 sic
978 3550 992 3585 :
1024 3530 1170 3586 Sana
1212 3533 1452 3586 animam
1498 3548 1697 3599 meam,
1730 3541 1785 3589 et
1823 3537 1868 3590 si
1916 3536 2142 3605 peccavi

559 3623 682 3677 tibi.
716 3642 736 3676 ι
771 3621 863 3678 Sic
892 3631 1074 3679 autem
1097 3624 1203 3680 hoc
1230 3625 1321 3680 ille
1340 3627 1436 3691 ait,
1463 3635 1750 3696 propterea
1779 3627 1924 3697 quod
1952 3636 2142 3684 nostra

559 3730 750 3771 secum
805 3716 925 3786 ipse
970 3726 1192 3787 peccata
1240 3717 1691 3773 communicavit.
1732 3717 1812 3773 Ex
1862 3736 1973 3791 quo
2005 3720 2141 3775 illud

558 3803 768 3861 dictum
813 3817 940 3863 est:
980 3826 998 3858 ι
1032 3807 1096 3862 Ει
1140 3808 1406 3866 Dominus
1455 3811 1681 3865 tradidit
1726 3827 1852 3867 eum
1902 3813 2142 3882 peccatis

558 3897 789 3963 nostris,
819 3907 894 3961 et,
931 3898 1051 3969 ipse
1099 3908 1321 3968 peccata
1346 3908 1534 3956 nostra
1565 3900 1745 3957 fert".
1788 3922 1806 3954 ι
1845 3902 2007 3975 467
2038 3902 2143 3957 Fa—

558 4000 684 4043 ctus
715 3996 802 4043 est
836 3989 1004 4060 igitur
1033 4005 1132 4060 pro
1157 3991 1319 4047 nobis
1346 3995 1654 4048 exsecratio
1684 3994 1776 4049 ille
1803 3994 1992 4063 Agnus
2022 3994 2138 4059 Dei,

559 4081 653 4150 qui
699 4081 843 4134 tollit
876 4090 1158 4150 peccatum
1195 4083 1406 4148 mundi,
1449 4100 1612 4154 quem
1648 4100 1758 4139 non
1803 4100 2143 4157 cognoscen-

560 4176 669 4225 tem
699 4178 1004 4239 peccatum,
1037 4171 1181 4228 Deus
1208 4188 1306 4242 pro
1330 4175 1491 4229 nobis
1520 4185 1804 4243 peccatum
1838 4176 1986 4240 fecit,
2010 4175 2138 4230 dum

561 4262 714 4315 illum
750 4264 984 4331 pretium
1017 4266 1316 4319 animatum
1350 4281 1412 4319 ac
1444 4266 1625 4320 vivum
1657 4284 1757 4337 pro
1786 4269 1992 4323 nostris
2022 4283 2140 4321 om-

559 4350 714 4403 nium
746 4351 948 4407 animis
997 4354 1186 4418 tradit,
1215 4361 1277 4409 ut
1322 4372 1424 4411 nos
1454 4355 1756 4412 clliciamur
1796 4358 2014 4426 justitia
2043 4357 2140 4414 Dei

561 4441 618 4495 in
651 4441 792 4511 ipso.
825 4441 932 4498 Sed
960 4444 1183 4514 quando
1210 4447 1373 4501 etiam
1422 4448 1479 4501 in
1510 4448 1924 4504 similitudinem
1954 4451 2141 4506 carnis

561 4535 772 4605 peccati
824 4533 1024 4603 factus,
1081 4537 1467 4593 condemnavit
1511 4549 1795 4610 peccatum
1846 4542 1904 4595 in
1949 4547 2136 4605 carne,

2249 3344 2431 3416 ἐκρινε
2459 3347 2557 3416 τὴν
2579 3345 2850 3417 ἁμαρτίαν
2866 3347 2924 3398 ἐν
2944 3347 3013 3416 τῇ
3038 3346 3221 3417 σαρκὶ,
3245 3346 3469 3411 εἰκότως
3494 3347 3813 3420 προφέρεται

2247 3444 2317 3496 τὰ
2347 3441 2659 3511 ἐκκείμενα.
2687 3442 2808 3493 Ὅτι
2849 3440 2905 3493 δὲ
2937 3440 3037 3505 τὰς
3076 3441 3350 3514 ἡμετέρας
3382 3442 3652 3514 ἁμαρτίας
3685 3441 3821 3508 ἐξοιο

2249 3531 2582 3603 κειούμενος,
2617 3530 2707 3585 διὰ
2763 3532 2864 3604 τὴν
2908 3532 3046 3603 πρὸς
3089 3535 3235 3604 ἡμᾶς
3261 3533 3482 3605 ἀγάπην
3508 3535 3603 3588 καὶ
3643 3534 3826 3604 φιλαν-

2248 3625 2516 3697 θρωπίαν,
2546 3623 2721 3678 ταῦτά
2748 3641 2933 3694 φησιν,
2973 3623 3100 3693 ἑξῆς
3124 3625 3478 3689 ὑποκαταϐὰς
3499 3628 3557 3679 ἐν
3584 3625 3731 3698 αὐτῷ
3748 3626 3831 3697 τῷ

2246 3716 2444 3789 ψαλμῷ
2469 3715 2738 3787 ἐπιφέρει,
2772 3715 2975 3784 λέγων·
3015 3734 3033 3766 ι
3075 3716 3239 3787 Ἐμοῦ
3264 3716 3322 3769 δέ
3345 3716 3434 3770 διά
3462 3717 3560 3789 τὴν
3594 3718 3832 3773 ἀκακίαν

2247 3809 2571 3866 ἀντελὰόου·
2610 3828 2628 3861 ι
2666 3808 2853 3878 σαφῶς
2880 3807 2942 3861 τὸ
2975 3809 3341 3880 ἀπειρόκακον
3374 3809 3470 3862 τοῦ
3505 3809 3701 3881 Ἀμνοῦ
3730 3810 3834 3864 τοῦ

2247 3899 2382 3954 Θεοῦ
2408 3899 2695 3972 παριστάς.
2720 3898 2844 3959 Πῶς
2871 3899 2927 3952 δὲ
2958 3900 3057 3962 τὰς
3085 3900 3360 3971 ήμετέρας
3380 3901 3653 3971 ἁμαρτίας
3683 3898 3837 3966 eam-

2247 3990 2523 4054 κειοῦται;
2559 3989 2653 4042 καὶ
2683 3988 2800 4052 πῶς
2834 3988 3019 4060 φέρειν
3041 3988 3256 4058 λέγεται
3284 3989 3383 4054 τὰς
3404 3989 3840 4061 ἀνομίαςήμῶν,

2246 4084 2280 4155 ἢ
2316 4081 2435 4136 καθ’
2469 4082 2498 4135 ὃ
2529 4080 2687 4153 σῶμα
2702 4079 2865 4135 αὐτοῦ
2890 4077 3027 4134 εἶναι
3055 4081 3352 4153 λεγόμεθα;
3382 4082 3523 4135 κατά
3540 4082 3634 4135 τὸν
3668 4082 3850 4136 ’Λπό-

2249 4175 2434 4229 στολον
2463 4176 2712 4245 φήσαντα
2731 4191 2746 4206 ⁸
2770 4193 2789 4224 ι
2812 4174 3001 4244 Ὑμεῖς
3033 4173 3090 4227 δέ
3123 4175 3244 4226 ἐστε
3274 4174 3430 4243 σῶμα
3453 4170 3710 4243 Χριστοῦ,
3730 4173 3848 4226 καὶ

2249 4265 2384 4336 μέλη
2413 4266 2479 4318 ἐκ
2506 4265 2738 4337 μέρους·
2777 4263 2870 4317 καὶ
2907 4262 3027 4315 καθ’
3066 4262 3095 4314 ὅ
3129 4261 3429 4331 πάσχοντος
3461 4260 3579 4324 ἐνὸς
3607 4260 3842 4331 μέλους,

2248 4357 2558 4428 συμπάσχει
2594 4356 2771 4409 πάντα
2792 4353 2861 4408 τά
2889 4353 3045 4425 μέλη,
3077 4371 3095 4403 r
3116 4351 3256 4405 οὕτω
3276 4353 3382 4406 τῶν
3405 4353 3613 4407 πολλῶν
3646 4354 3847 4424 μελῶν

2247 4450 2563 4521 πασχόντων
2586 4449 2681 4502 καὶ
2709 4446 3152 4519 ἁμαρτανόντων,
3178 4447 3273 4499 καὶ
3313 4446 3475 4510 αὐτὸς
3510 4447 3653 4501 κατά
3697 4451 3847 4516 τοὺς

2245 4543 2345 4611 τῆς
2399 4539 2741 4610 συμπαθείας
2781 4538 2993 4605 λόγους,
3026 4536 3344 4611 (ἐπειδήπερ
3384 4538 3661 4609 εὐδόκησε,
3688 4539 3843 4596 Θεοῦ

559 4628 758 4682 merito
804 4628 1161 4698 proferuntur
1212 4646 1276 4685 ea
1333 4647 1454 4700 quae
1497 4633 1610 4701 jam
1660 4634 1907 4703 exposita
1983 4641 2133 4689 sunt.

2244 4632 2413 4698 Λόγος
2440 4627 2536 4692 ὢν,
2573 4628 2785 4699 μορφὴν
2811 4625 2997 4680 δούλου
3016 4626 3221 4691 λαϐεῖν,
3255 4630 3347 4682 καὶ
3380 4628 3458 4699 τῷ
3478 4620 3657 4701 κοινῷ
3697 4631 3846 4686 πάν-

558 4718 717 4786 Quod
757 4728 940 4776 autem
982 4729 1211 4791 peccata
1255 4732 1469 4788 nostra,
1522 4739 1623 4778 sua
1668 4724 1876 4781 faciens
1919 4731 2143 4796 propter

556 4813 884 4869 cbaritatem
914 4830 1047 4886 erga
1073 4830 1175 4870 nos
1220 4830 1283 4870 ac
1313 4814 1747 4872 benevolentiam
1772 4856 1789 4882 ,
1826 4818 1943 4872 bare
1971 4817 2139 4880 dicat,

558 4908 818 4979 deinceps
846 4910 1096 4964 oratione
1126 4926 1454 4981 progressus
1481 4911 1539 4966 in
1571 4912 1761 4966 eodem
1813 4912 2025 4984 psalmo
2050 4909 2146 4965 de-

558 5009 856 5066 monstrat,
881 5002 1072 5057 dicens
1101 5021 1114 5056 :
1149 5021 1167 5053 ι
1198 5000 1282 5057 Me
1310 5010 1493 5058 autem
1521 5012 1744 5074 propter
1773 5002 2145 5059 innocentiam

556 5094 849 5164 suscepisti
871 5095 938 5148 ³ο.
992 5113 1012 5146 ι
1063 5094 1276 5159 Quibus
1319 5096 1504 5153 verbis
1549 5096 1870 5165 planissime
1918 5097 2133 5167 Agnum

554 5183 675 5251 Dei,
712 5184 892 5240 omnis
941 5184 1071 5239 mali
1117 5193 1396 5256 expertem
1429 5195 1483 5241 et
1533 5188 1831 5242 innocuum
1875 5190 2134 5245 ostendit.

559 5277 670 5334 Sed
698 5294 807 5349 quo
838 5279 1059 5334 tandem
1098 5278 1260 5334 modo
1297 5280 1388 5335 ille
1426 5285 1651 5349 peccata
1680 5287 1874 5334 nostra
1919 5295 2019 5335 sua
2062 5281 2142 5336 fe-

555 5373 657 5436 cit,
691 5379 748 5427 et
783 5387 896 5442 quo
942 5372 1073 5426 item
1127 5370 1291 5426 modo
1355 5371 1673 5441 iniquitates
1720 5379 1943 5428 nostras
1986 5373 2145 5427 tulit?

556 5478 691 5518 num
720 5478 789 5517 ex
812 5478 879 5517 eo
908 5463 1056 5534 quod
1082 5478 1284 5535 corpus
1307 5463 1456 5517 illius
1487 5476 1590 5516 nos
1615 5476 1739 5517 esse
1763 5462 1895 5518 dicti
1924 5479 2138 5528 sumus,

558 5560 622 5606 ut
643 5553 721 5606 ait
758 5553 1091 5622 Apostolus:
1137 5571 1155 5604 ι
1183 5551 1295 5608 Vos
1325 5562 1507 5607 autem
1543 5552 1679 5608 estis
1709 5566 1912 5622 corpus
1933 5552 2141 5608 Christi

558 5649 619 5697 et
648 5644 891 5697 membra
932 5660 999 5698 ex
1053 5652 1229 5713 parte,
1278 5653 1332 5699 et
1373 5659 1438 5699 ex
1489 5658 1555 5698 eo
1600 5642 1747 5714 quod
1793 5643 1924 5698 dum
1970 5660 2139 5698 unum

562 5731 873 5787 membrum
916 5732 1141 5802 patitur,
1196 5733 1360 5789 simul
1389 5735 1576 5790 omnia
1624 5750 1750 5789 cum
1781 5749 1846 5790 eo
1895 5733 2141 5789 membra

2234 4736 2344 4773 των
2386 4716 2544 4788 ήμῶν
2598 4715 2916 4789 σκηνώματι
2964 4715 3361 4786 συναφθῆναγ)
3394 4719 3520 4782 τοὺς
3566 4718 3673 4771 τῶν
3721 4736 3846 4774 πα-

2241 4811 2480 4882 σχόντων
2512 4808 2687 4880 μελῶν
2720 4809 2915 4871 πόνους
2961 4810 3042 4872 είς
3088 4808 3279 4861 ἑαυτὸν
3315 4809 3702 4881 ἀναλαμϐάνει,
3732 4814 3847 4866 καὶ

2240 4903 2340 4967 τὰς
2370 4902 2643 4975 ἡμετέρας
2676 4900 2865 4964 νόσους
2894 4900 3249 4966 ίδιοποιεῖται,
3277 4902 3372 4954 καὶ
3414 4902 3632 4956 πάντων
3667 4902 3847 4972 ἡμῶν

2244 4995 2544 5069 ὑπεραλγεῖ
2582 4995 2677 5047 καὶ
2720 4995 3038 5065 ὑπερπονεῖ,
3071 4991 3214 5046 κατά
3236 4994 3363 5057 τοὺς
3388 4995 3488 5066 τῆς
3527 4993 3851 5065 φιλανθρω-

2243 5090 2374 5153 πίας
2399 5087 2616 5159 νόμους.
2649 5086 2724 5138 Οὐ
2752 5084 2911 5156 μόνον
2930 5084 2987 5138 δὲ
3014 5084 3186 5138 ταῦτα
3209 5085 3419 5155 πράξας
3451 5086 3485 5138 ό
3515 5085 3709 5157 Ἀμνὸς
3731 5087 3848 5140 τοῦ

2244 5180 2402 5246 Θεοῦ,
2438 5178 2575 5234 ἀλλὰ
2615 5178 2709 5232 καὶ
2746 5177 2885 5248 ὑπὲρ
2916 5175 3074 5248 ἡμῶν
3114 5176 3397 5239 κολασθεὶς
3429 5176 3524 5231 καὶ
3558 5176 3852 5247 τιμωρίαν

2245 5270 2518 5342 ὑποσχὼν,
2557 5270 2624 5341 ἥν
2663 5268 2821 5331 αὐτὸς
2856 5269 2954 5339 μὲν
2988 5268 3087 5321 οὐκ
3119 5266 3366 5337 ὠφειλεν,
3400 5266 3513 5320 ἁλλ’
3541 5268 3701 5337 ἡμεῖς
3735 5268 3851 5322 τοῦ

2244 5364 2481 5437 πλήθους
2512 5361 2698 5417 ἕνεκεν
2736 5359 2844 5414 τῶν
2893 5360 3462 5432 πεπλημμελημένων,
3499 5360 3627 5429 ἡμῖν
3658 5356 3855 5425 αἴτιος

2242 5456 2345 5527 τῆς
2385 5455 2492 5508 τῶν
2540 5454 2954 5525 ἁμαρτημάτων
3004 5453 3252 5522 ἀφέσεως
3296 5453 3553 5524 κατέστη,
3590 5452 3686 5507 ἁτε
3740 5454 3856 5509 τὸν

2245 5547 2386 5617 ὑπὲρ
2422 5544 2578 5617 ήμῶν
2616 5544 3011 5617 ἀναδεξάμενος
3040 5545 3290 5609 Θάνατον,
3328 5545 3599 5616 μάστιγάς
3631 5561 3691 5598 τε
3736 5549 3857 5602 καὶ

2249 5636 2454 5709 ῦόρεις,
2489 5636 2583 5691 καὶ
2625 5637 2849 5709 ἀτιμίας
2900 5638 3031 5708 ἡμῖν
3062 5636 3490 5707 ἐποφειλομένας
3539 5639 3620 5702 είς
3668 5638 3855 5693 αὐτὸν

2251 5732 2525 5802 μεταθεὶς,
2566 5733 2659 5786 καὶ¹
2692 5732 2799 5804 τὴν
2853 5732 2985 5802 ἡμῖν
3026 5731 3540 5804 προστετιμημένην
3584 5731 3859 5802 κατάραν

636 5916 680 5948 ³⁸
718 5914 877 5970 Joan.
912 5933 1042 5983 xui,
1081 5918 1164 5973 l8.
1242 5920 1285 5951 ’τ
1327 5919 1471 5975 Psal.
1507 5936 1608 5987 xc,
1646 5919 1731 5977 l0.
1788 5922 1857 6001 f“
1902 5917 2038 5977 ibid.
2161 5994 2175 6001 μ
2202 5919 2246 6000 fi
2290 5915 2392 5974 lsa.
2436 5932 2567 5986 Llll,
2603 5914 2718 5974 ισο.
2796 5917 2840 5951 ⁸ο
2881 5913 3028 5972 Psal.
3063 5929 3167 5980 XL,
3204 5914 3291 5969 l5.
