4098 6420
438 461 548 518 ’125

1346 451 1993 509 DEMONSTBATIONIS
2030 451 2489 508 EVANGELICE
2528 449 2654 506 LIB.
2695 447 2764 507 Χ.

3573 440 3676 498 726

439 580 525 648 ἐφ’
551 575 739 633 ἑαυτὸν
785 574 1036 637 ἑλκύσας,
1067 571 1354 641 γενόμενος
1385 569 1526 640 ὑπὲρ
1568 569 1724 640 ἡμῶν
1758 568 1971 640 κατάρα
1989 586 2002 601 ·

2110 567 2468 638 patiuntur“,
2500 585 2519 619 ι
2551 566 2626 620 ita
2653 563 2936 625 nimirum,
2961 559 3151 615 multis
3170 559 3313 614 enim
3344 558 3675 630 patientibus

440 669 535 721 καὶ
590 667 642 719 τί
676 666 785 737 γὰρ
825 663 1036 733 άλλο,ῆ
1085 660 1406 732 ἀντίψυχονς
1457 659 1538 714 διό
1580 676 1745 730 φησιν
1791 658 1851 723 ἐξ
1883 663 2017 730 ἠμε-

437 759 597 830 τέρου
651 754 942 827 προσώπου
992 753 1054 806 τὸ
1102 752 1306 820 λόγιον·
1352 768 1371 801 ε
1421 749 1511 821 Τῷ
1569 749 1794 821 μώλωπι
1850 747 2012 802 αὐτοῦ

441 850 600 919 ἡμεῖς
677 846 937 917 ίάθημεν·
1025 844 1121 898 καὶ
1187 843 1389 914 Κύριος
1460 841 1775 913 παρέδωκεν
1853 840 2014 893 αὐτὸν

439 944 558 1003 ταῖς
601 938 892 1011 ἁμαρτίαις
953 936 1129 1008 ήμῶν.
1173 954 1192 986 ι
1235 936 1394 988 Ὥστε
1435 935 1660 998 εἰκότως
1709 933 1842 988 ἑνῶν
1888 935 2014 986 ἐαυ-

437 1029 530 1083 τὸν
581 1029 730 1098 ἡμῖν,
784 1028 930 1097 ἡμᾶς
976 1042 1036 1078 τε
1098 1023 1280 1094 αὐτῷ,
1327 1025 1417 1077 καὶ
1461 1024 1530 1078 τὰ
1575 1023 1816 1094 ἡμέτερα
1867 1021 2011 1094 πάθη

441 1119 858 1189 ίδιοποιούμενός
901 1101 1091 1187 φησιν·
1123 1135 1142 1166 ι
1190 1113 1332 1183 Ἐγὼ
1372 1111 1519 1168 εἶπα·
1555 1115 1748 1186 Κύριε,
1795 1113 2015 1185 ἐλέησόν

441 1228 530 1282 με,
556 1210 702 1264 ἴασαι
738 1211 837 1282 τὴν
858 1211 1033 1280 ψυχήν
1068 1209 1285 1278 μου,ὃτι
1312 1207 1555 1278 ήμαρτόν
1578 1223 1676 1260 σοι.
1708 1225 1727 1256 ι
1749 1205 2014 1276 Ὀρῶντας

437 1300 732 1363 δέείκότως
777 1301 902 1362 τοὺς
937 1297 1383 1359 ἐπιϐουλεύοντας
1407 1297 1468 1349 ού
1504 1296 1660 1365 μόνον
1693 1295 2014 1366 ἀνθρώπους

436 1388 573 1441 ἀλλά
593 1390 686 1442 καὶ
703 1389 964 1460 ἀοράτους
985 1387 1240 1458 δυνάμεις
1268 1386 1364 1457 τὴν
1389 1384 1832 1456 ὑπερϐάλλουσαν
1860 1385 2012 1454 ἰσχὺν

436 1480 600 1533 αὑτοῦ
630 1481 732 1550 τῆς
777 1479 928 1543 θείας
960 1478 1329 1551 προσηγορίας
1369 1477 1462 1530 καὶ
1506 1475 1601 1528 τοῦ
1637 1475 1918 1546 ὀνόματος,
1946 1474 2011 1527 δι’

435 1563 497 1623 οὗ
522 1572 716 1643 μικρὸν
733 1571 958 1642 ὕστερον
983 1568 1322 1642 Χριστιανῶν
1351 1569 1449 1638 τὴν
1472 1569 1650 1621 πᾶσαν
1674 1567 2012 1638 κατέπλησεν

435 1667 779 1738 οἰκουμένην,
817 1666 1028 1718 σϐέσειν
1068 1663 1234 1735 αὐτὴν
1257 1659 1406 1734 οἶμαι
1442 1663 1817 1734 ὑπειληφέναι,
1859 1663 1906 1714 εἰ
1943 1659 2012 1713 τά

435 1757 574 1828 πρὸς
620 1759 849 1835 θάνατον
901 1756 1342 1809 ἐπιϐουλεύσαιεν
1392 1756 1556 1827 αὐτῷ.
1601 1755 1771 1808 Τοῦτο
1812 1755 1876 1825 δὴ
1917 1749 2010 1807 οὖν

434 1850 567 1904 αὐτὸ
594 1848 855 1918 διελέγχει
898 1848 1154 1918 φάσκων’
1197 1865 1215 1898 ι
1246 1850 1308 1902 Ol
1340 1847 1521 1920 ἐχθροί
1553 1865 1653 1919 μου
1679 1844 1837 1901 εἶπαν
1864 1848 2010 1900 κακά

2113 667 2168 714 et
2200 658 2554 729 peccantibus
2585 655 2866 718 membris,
2903 654 3019 724 ipse
3059 667 3275 723 quoque
3304 653 3513 708 ratione
3541 668 3678 709 con-

2115 748 2404 804 sentientis
2483 746 2588 801 sibi
2651 745 2884 800 invicem
2939 751 3148 799 natura:
3200 743 3676 815 (quandoquidem

2113 855 2235 894 cum
2270 838 2364 894 Dei
2393 838 2631 893 Verbum
2662 845 2828 902 esset,
2862 839 2909 891 ei
2943 836 3167 906 placuit,
3185 843 3240 890 et
3278 835 3506 890 formam
3532 837 3675 891 servi

2111 930 2384 999 accipere,
2414 937 2468 984 et
2497 930 2775 983 communi
2802 926 3043 982 omnium
3071 935 3260 984 nostro
3283 927 3562 982 domicilio
3591 941 3676 982 co-

2112 1020 2311 1092 pulari)
2341 1020 2663 1090 patientium
2694 1025 3062 1074 membrorum
3085 1020 3302 1074 labores
3335 1019 3391 1072 in
3431 1018 3673 1088 seipsum

2111 1111 2431 1181 assumpsit,
2469 1118 2524 1165 et
2553 1118 2776 1165 nostras
2808 1109 3135 1166 valetudinis
3154 1109 3517 1172 inﬁrmitates,
3545 1123 3676 1164 suas

2111 1203 2261 1268 fecit,
2296 1211 2349 1258 et
2373 1219 2439 1257 ex
2472 1203 2682 1272 legibus
2712 1201 3070 1257 humanitatis
3101 1217 3199 1272 pro
3236 1201 3488 1256 omnibus
3519 1199 3676 1254 nobis

2111 1303 2165 1351 et
2193 1294 2408 1349 dolores
2438 1301 2491 1348 et
2520 1294 2734 1349 labores
2765 1293 3040 1348 sustinuit.
3073 1294 3337 1349 Caeterum
3373 1307 3482 1346 non
3513 1290 3675 1344 modo

2111 1387 2275 1441 rebus
2305 1387 2392 1441 his
2416 1386 2585 1456 gestis
2617 1383 2709 1439 Dei
2740 1385 2947 1455 Agnus,
2981 1401 3167 1441 verum
3195 1385 3356 1439 etiam
3386 1397 3488 1453 pro
3516 1381 3675 1435 nobis

2110 1486 2380 1533 tormenta
2437 1492 2656 1546 passus,
2703 1478 3078 1550 supplicioque
3121 1475 3368 1541 allectus,
3399 1489 3506 1545 quo
3559 1474 3676 1543 ipse

2109 1571 2328 1641 quidem
2359 1571 2558 1642 dignus
2599 1572 2822 1627 minime
2861 1578 2999 1635 erat,
3041 1570 3136 1624 sed
3174 1584 3276 1623 nos
3313 1567 3418 1638 ipsi
3452 1573 3675 1636 propter

2110 1661 2514 1716 multitudinem
2556 1671 2928 1732 peccatorum,
2955 1669 3017 1716 ut
3045 1667 3267 1732 peccata
3290 1658 3450 1716 nobis
3489 1655 3676 1710 dimit-

2121 1760 2386 1816 terentur,
2421 1760 2612 1806 auctor
2646 1753 2858 1812 exstitit
2887 1771 2899 1806 :
2939 1759 3124 1822 utpote
3175 1750 3267 1820 qui
3296 1763 3404 1818 pro
3426 1745 3675 1801 nobiset

2109 1849 2336 1898 mortem
2363 1843 2610 1907 subierit,
2642 1851 2696 1897 et
2721 1842 2968 1907 verbera,
2999 1849 3052 1896 et
3073 1840 3294 1910 probra,
3323 1847 3378 1893 et
3398 1845 3675 1892 contume-

439 1957 556 2012 μοι·
612 1942 749 1995 Πότε
789 1939 1139 1994 ἀποθανεῖται
1184 1941 1276 1993 καὶ
1307 1939 1583 1993 ἀπολεῖται
1611 1939 1672 1992 τὸ
1712 1939 1881 2009 ὄνομα
1913 1939 2002 1993 αύ-

2108 1933 2231 1996 lias,
2263 1933 2464 2003 quibus
2494 1948 2596 1986 nos
2625 1931 2776 2001 digni
2800 1947 3040 1994 eramus,
3075 1932 3130 1985 in
3161 1931 3398 2000 seipsum
3433 1937 3676 1984 transtu-

432 2033 558 2097 τοῦ;
597 2051 616 2084 ι
662 2032 811 2085 Ἐπεὶ
840 2032 896 2085 δὲ
935 2029 1456 2102 κα-θυποκρινόμενοι
1484 2028 1790 2100 προσῄεσαν
1816 2029 2008 2099 πειρά-

433 2124 615 2186 ζοντες
657 2124 804 2185 ὅπως
848 2121 1008 2174 αὑτὸν
1049 2120 1464 2189 παγιδεύσωσιν,
1497 2121 1572 2182 ὡς
1602 2122 1634 2191 ἡ
1669 2120 1788 2172 θεία
1819 2117 2006 2191 Γραφὴ

435 2217 718 2286 μαρτυρεῖ,
740 2212 924 2266 ἄλλοτε
955 2212 1118 2275 ἄλλας
1145 2212 1340 2274 αὐτοὺς
1369 2211 1667 2281 προφάσεις
1701 2211 1792 2264 καὶ
1839 2228 2008 2281 κατη-

430 2307 618 2376 γορίας
656 2308 776 2359 κατ’
810 2304 973 2358 αὑτοῦ
1004 2303 1428 2367 συσκευάζεσθαι
1467 2303 1774 2376 ἱστοροῦσα,
1799 2305 2007 2360 τούτων

429 2397 589 2451 ἓνεκα
604 2395 866 2464 ἐπιλέγευ
898 2415 916 2446 ι
945 2396 1054 2448 Kal
1078 2398 1125 2449 εί
1151 2397 1525 2467 εἰσεπορεύετο
1545 2395 1638 2448 τοῦ
1658 2396 1804 2459 ἰδεῖν,
1832 2396 2007 2469 μάτην

430 2487 604 2542 ἐλάλει
655 2489 688 2558 ἡ
730 2486 929 2559 καρδία
972 2487 1157 2549 αὑτοῦ,
1195 2490 1496 2560 συνήγαγεν
1533 2488 1762 2559 ἀνομίαν
1808 2487 2004 2559 ἐαυτῷ.

441 2577 821 2653 Ἐξεπορεύετο
845 2578 949 2645 ἔξω
974 2581 1067 2633 καὶ
1096 2579 1273 2634 ἐλάλει
1311 2581 1404 2635 ἐπὶ
1431 2581 1492 2633 τὸ
1512 2581 1644 2634 αὐτὸ
1664 2580 1784 2634 κατ’
1801 2580 1954 2651 ἐμοῦ.
1982 2601 2000 2634 υ

439 2671 594 2742 Ἑξῆς
621 2672 677 2725 δὲ
705 2672 915 2735 τούτοις
947 2671 1044 2742 ήδη
1074 2671 1259 2741 σαφῶς
1282 2674 1533 2744 ἐμφαίνει
1560 2674 1654 2727 καὶ
1681 2673 1841 2727 αὐτὸν
1867 2676 2008 2727 ἐκεῖ·

425 2776 515 2816 νον
565 2759 656 2812 τὸν
708 2760 1127 2814 δυσσεϐέστατον
1166 2761 1464 2833 προδότην·
1506 2761 1692 2833 ἐπειδὴ
1727 2763 2007 2816 συνέϐαινε

427 2849 544 2921 μεθ’
582 2849 649 2914 ἃς
681 2852 944 2921 πεποίητο
990 2851 1264 2922 συνθήκας
1319 2855 1433 2917 τοῖς
1471 2853 1697 2924 ἄρχουσι
1728 2853 1836 2905 τῶν
1874 2853 2005 2906 Ἰου-

420 2937 584 2996 δαίων
629 2942 889 3014 περὶτῆς
940 2941 1032 2997 τοῦ
1077 2943 1393 2998 διδασκάλου
1447 2946 1753 3016 προδοσίας,
1815 2946 2004 3016 μηκέτ’

419 3029 664 3105 ἀπαντᾷν
691 3033 850 3089 αὑτὸν
879 3034 1124 3105 συνήθως
1143 3037 1235 3088 ἐπὶ
1259 3036 1354 3108 τὴν
1370 3036 1479 3089 τῶν
1496 3036 1652 3090 θείων
1670 3037 2005 3108 μαθημάτων

420 3122 810 3192 διδασκαλίαν,·
837 3127 960 3198 μηδ’
993 3128 1067 3192 ὡς
1097 3127 1249 3200 παρά
1288 3127 1607 3181 διδάσκαλον
1631 3130 1839 3199 φοιτᾷν,
1881 3121 2004 3200 μηδ’

419 3216 619 3285 ὁμοίως
661 3221 774 3280 τοῖς
823 3218 1028 3301 ἑτέροις
1072 3219 1442 3292 παραϐάλλειν
1488 3222 1554 3291 τῇ
1609 3219 1702 3274 τοῦ
1751 3220 2002 3292 Σωτῆρος
2029 3261 2069 3319 c

418 3308 696 3386 διατριϐῇ,
728 3310 841 3363 ἀλλ’
866 3311 960 3364 ἐπὶ
991 3312 1069 3384 τῷ
1094 3312 1448 3367 κατοπτεύειν
1475 3315 1570 3367 καὶ
1601 3312 1851 3385 θηρεύειν
1875 3331 1998 3368 και-

423 3399 536 3470 ρὸν,
565 3402 653 3454 ὅτε
685 3401 792 3455 δέοι
819 3403 1101 3457 ἐπιθέσθαι
1124 3404 1289 3474 αὐτῷ.
1325 3403 1494 3458 Τοῦτο
1527 3405 1572 3458 δ’
1589 3400 1680 3458 οὖν
1709 3407 1802 3459 καὶ
1834 3423 2002 3478 κατη-

419 3494 662 3563 γορεῖται
723 3492 975 3563 πράττων
1030 3495 1134 3548 ὑπὸ
1178 3495 1288 3549 τῶν
1370 3495 1530 3567 ἱερῶν
1582 3497 1997 3566 εὐαγγελιστῶν,

419 3574 494 3635 ὧν
525 3582 553 3635 6
590 3583 689 3654 μέν
732 3584 1010 3648 Ματθαῖός
1044 3603 1176 3657 φησι
1198 3603 1215 3617 ·
1254 3607 1272 3638 ι
1299 3589 1431 3641 Τότε
1464 3587 1747 3658 πορευθεὶς
1780 3584 1860 3652 εἷς
1891 3589 1999 3642 τῶν

418 3673 645 3738 δώδεκα,
678 3675 707 3727 6
739 3674 1027 3746 λεγόμενος
1072 3677 1269 3742 Ἰούδας
1308 3677 1684 3750 Ἰσκαριώτης,
1713 3681 1850 3751 πρὸς
1871 3683 1998 3747 τοὺς

418 3766 713 3839 ἀρχιερεῖς,
754 3764 906 3821 εἶπεν
933 3769 1144 3832 αὐτοῖς·
1184 3769 1249 3822 Τί
1281 3768 1463 3823 θέλετὲ
1506 3788 1594 3840 μοι
1621 3769 1826 3835 δοῦναι,
1844 3771 2000 3841 κάγὼ

419 3857 548 3930 ὑμῖν
601 3858 907 3930 παραδώσω
949 3861 1151 3927 αὐτόν;
1199 3863 1259 3915 Οἱ
1309 3863 1366 3916 δὲ
1406 3862 1640 3934 ἔστησαν
1692 3863 1841 3936 αὐτῷ
1883 3883 1999 3938 τριε-

417 3951 619 4005 άκοντα
653 3952 915 4024 ἀργύρια..
932 3955 1043 4008 Kal
1068 3954 1176 4008 ἀπὸ
1203 3955 1326 4008 τότε
1359 3955 1540 4027 ἐζήτει
1568 3957 1872 4028 εὐκαιρίαν,
1910 3950 2000 4013 ἵνα

417 4043 578 4097 αὐτὸν
605 4044 832 4116 παραδῷ
856 4045 1064 4110 αὐτοῖς·
1097 4065 1116 4097 ι
1139 4047 1167 4099 6
1191 4047 1246 4100 δὲ
1265 4046 1491 4118 Μάρκος
1513 4065 1527 4078 ο
1553 4066 1572 4098 ι
1598 4049 1719 4103 Καὶν
1745 4049 1940 4114 Ἰούδας
1967 4052 1996 4104 6

429 4134 779 4207 Ἰσκαριώτης
822 4130 903 4200 εἷς
952 4138 1059 4191 τῶν
1106 4139 1312 4192 δώδεκα
1356 4139 1565 4208 ἀπῆλθε
1592 4142 1728 4211 πρὸς
1752 4143 1878 4206 τοὺς
1899 4144 1996 4214 ἀρ-

415 4231 616 4301 χιερεῖς
646 4230 733 4283 ’ἕνα
777 4231 940 4284 αὐτὸν
987 4231 1212 4304 παραδῷ
1253 4233 1454 4296 αὐτοῖς.
1488 4235 1551 4286 Οἱ
1585 4234 1642 4287 δὲ
1666 4235 1994 4301 ἀκούσαντες

412 4321 708 4393 ἐχάρησαν,
740 4323 836 4376 καὶ
886 4323 1278 4395 ἐπηγγείλαντο
1317 4324 1466 4395 αὐτῷ
1496 4325 1758 4398 ἀργύριον
1787 4327 1990 4383 δοῦναι.

412 4409 522 4462 Kal
547 4411 725 4480 ἐζήτει
748 4412 866 4475 πῶς
888 4414 1050 4467 αὐτὸν
1081 4414 1353 4486 εὐκαίρως
1383 4416 1607 4489 παραδῷ
1629 4435 1642 4447 ·
1675 4437 1693 4469 ι
1721 4420 1749 4471 6
1774 4419 1831 4472 δέ
1855 4421 1993 4474 Λου-

412 4501 515 4564 κᾶς
541 4502 738 4573 γράφει
775 4503 946 4573 λέγων
967 4523 980 4535 ·
1017 4524 1035 4557 ι
1065 4506 1295 4578 Εἱσῆλθε
1329 4508 1396 4562 δέ·
1416 4510 1444 4561 6
1473 4511 1716 4576 Σατανᾶς
1742 4514 1820 4577 είς
1866 4511 1995 4566 Ἰού-

409 4591 505 4645 δαν
527 4593 618 4646 τὸν
645 4595 1068 4668 ἐπικαλούμενον
1106 4599 1476 4672 Ἰσκαριώτην,
1499 4601 1628 4656 ὄντα
1660 4604 1724 4657 ἐκ
1751 4604 1844 4658 τοῦ
1872 4605 1991 4677 ἀρι-
2021 4615 2066 4670 ι)

411 4684 549 4756 θμοῦ
574 4687 682 4740 τῶν
704 4688 930 4744 δώδεκα.
967 4692 1076 4744 Kal
1104 4691 1350 4746 ἀπελθὼν
1390 4693 1719 4765 συνελάλησε
1743 4698 1854 4759 τοῖς
1894 4698 1994 4768 ἀρ-

409 4777 652 4849 χιερεῦσι
689 4782 782 4834 κα).
808 4781 1216 4852 γραμματεῦσι,
1257 4784 1352 4836 καὶ
1387 4785 1499 4848 τοῖς
1543 4789 1867 4855 στρατηγοῖς
1896 4785 1988 4839 τοῦ

411 4867 579 4940 ἱεροῦ,
608 4869 694 4922 ἵνα
732 4870 892 4924 αὑτὸν
930 4871 1157 4944 παραδῷ
1191 4872 1393 4937 αὐτοῖς.
1437 4873 1547 4927 Kal
1572 4875 1869 4945 ἐχάρησαν,
1896 4877 1990 4928 καὶ

411 4959 692 5014 συνέθεντο
735 4961 883 5032 αύτῷ
928 4962 1189 5034 ἀργύριον
1220 4962 1419 5017 δοῦναι.
1446 4965 1555 5017 Kal
1585 4965 1765 5038 ἐζήτει
1801 4967 1987 5020 εὐκαι-

409 5051 530 5125 ρίαν
553 5050 646 5105 τοῦ
675 5053 1005 5123 παραδοῦναι
1033 5054 1194 5107 αὐτὸν
1214 5055 1397 5119 αὐτοῖς
1417 5055 1549 5127 ἄτερ
1567 5056 1743 5126 ὄχλου.
1766 5076 1783 5108 ι
1805 5057 1989 5110 Ταῦτα

405 5143 468 5214 δὴ
503 5140 594 5199 οὖν
627 5145 764 5197 αὑτά
795 5144 1129 5210 θεσπίζουσα
1167 5148 1200 5218 ἡ
1256 5147 1396 5218 μετὰ
1441 5153 1631 5220 χεῖρας
1680 5150 1982 5220 πρόρρησις

405 5233 644 5302 ἐπιλέγει
661 5251 674 5264 ο
698 5236 836 5288 (Καὶ
856 5237 904 5288 εἰ
931 5237 1306 5309 εἰσεπορεύετο
1317 5238 1409 5292 τοῦ
1431 5241 1578 5305 ἰδεῖν,
1608 5243 1782 5312 μάτην
1802 5241 1979 5294 ἐλάλει

404 5327 440 5398 ἠ
455 5325 648 5398 καρδία
665 5327 850 5392 αὐτοῦ,
871 5330 1177 5400 συνήγαγεν
1205 5332 1438 5403 ἀνομίαν
1452 5332 1650 5402 ἐαυτῷ.
1670 5332 1982 5403 Ἐξεπορεύ-

405 5433 496 5471 ετο
516 5418 640 5485 ἔξω,
665 5419 756 5474 καὶ
777 5420 954 5474 ἐλάλει
985 5422 1078 5481 ἐπὶ
1101 5422 1161 5474 τὸ
1180 5423 1330 5477 αὑτό.
1350 5424 1484 5477 Κατ’
1511 5423 1645 5493 ἐμοῦ
1669 5425 1979 5496 ἐψιθύριζον

403 5510 604 5576 πάντες
619 5513 668 5564 οἱ
684 5512 867 5585 ἐχθροί
893 5531 1013 5584 μου.
1040 5532 1059 5566 ›
1080 5515 1138 5569 '0
1153 5513 1284 5585 γοῦν
1303 5515 1616 5586 Σύμμαχος,
1629 5518 1784 5571 «Eius
1793 5519 1985 5590 ρχὸμε-

395 5615 565 5666 .νος,,›
598 5603 781 5673 φησιν,
812 5604 1236 5678 «ἐπισκοπῆσαι,
1285 5607 1487 5677 μάταια
1529 5606 1709 5666 ἐλάλει
1736 5612 1982 5682 ήκαρδία

404 5693 590 5760 αὐτοῦ,
615 5694 868 5768 ἥθροιζεν
885 5697 1102 5754 ἀδικίαν
1133 5699 1322 5772 ἑαυτῇ.
1366 5699 1753 5772 Ἐξερχόμενος
1777 5702 1834 5756 δέ
1869 5703 1974 5771 ἕξω

2108 2023 2250 2088 ierit,
2278 2034 2332 2079 et
2360 2023 2662 2079 exsecratio
2693 2039 2793 2094 pro
2822 2023 2981 2078 nobis
3014 2022 3210 2086 factus,
3245 2022 3674 2076 exsecrationem

2109 2130 2229 2186 quae
2257 2114 2417 2169 nobis
2446 2115 2771 2181 debebatur,
2815 2115 2883 2170 ad
2927 2112 3501 2186 seipsum-attraxerit.
3530 2110 3674 2177 Quid

2108 2208 2254 2262 enim
2287 2208 2432 2264 aliud
2464 2208 2576 2272 ille,
2611 2222 2773 2278 quam
2807 2223 2908 2277 pro
2944 2207 3140 2262 animis
3171 2206 3376 2261 nostris
3398 2205 3675 2275 pretium?

2107 2301 2296 2370 itaque
2339 2316 2405 2356 ex
2438 2315 2672 2370 persona
2712 2307 2899 2356 nostra
2938 2300 3219 2356 oraculum
3260 2300 3377 2353 ait:
3426 2317 3444 2349 ι
3481 2296 3675 2352 Livore

2106 2394 2227 2464 ejus
2259 2408 2360 2449 nos
2403 2394 2579 2449 sanati
2619 2407 2809 2448 sumus
2840 2410 2854 2447 :
2889 2399 2943 2447 et
2977 2391 3242 2447 Dominus
3286 2389 3512 2446 tradidit
3547 2404 3674 2444 eum

2107 2485 2349 2556 peccatis
2389 2485 2594 2541 nostris
2612 2485 2678 2541 θ’.
2709 2505 2727 2537 ι
2753 2484 2990 2540 Proinde
3026 2484 3220 2540 merito
3263 2483 3392 2537 dum
3431 2481 3674 2551 seipsum

2107 2578 2267 2633 nobis
2289 2575 2600 2649 conjungit,
2620 2588 2674 2634 et
2698 2592 2798 2632 nos
2820 2592 2884 2631 ac
2912 2578 3043 2631 vitia
3073 2583 3262 2632 nostra
3292 2575 3395 2632 sibi
3431 2574 3672 2639 asciscit,

2109 2672 2184 2725 ita
2214 2670 2292 2724 ait
2329 2687 2343 2723 :
2388 2689 2407 2722 ι
2441 2670 2554 2742 Ego
2586 2671 2722 2734 dixi,
2768 2669 3018 2734 Domine,
3060 2669 3323 2725 miserere
3362 2667 3488 2732 mei,
3539 2679 3675 2722 sana

2107 2762 2347 2816 animam
2397 2778 2596 2827 meam,
2629 2763 2758 2833 quia
2801 2763 3023 2834 peccavi
3073 2763 3172 2818 tibi
3211 2782 3224 2818 :
3267 2760 3677 2828 ivvidentesque

2107 2853 2236 2908 item
2261 2855 2457 2910 merito
2480 2856 2800 2910 nonsolum
2835 2856 3186 2910 insidiatores
3209 2853 3478 2916 homines,
3509 2851 3676 2923 468

2107 2943 2203 2999 sed
2241 2945 2404 3000 etiam
2446 2946 2813 3003 insidiatrices
2872 2947 3177 3004 invisibiles
3206 2951 3526 3016 potestates,
3563 2944 3675 2997 vim

2107 3035 2429 3092 immensam
2475 3036 2622 3093 illius
2665 3037 2862 3093 divinae,
2909 3038 3290 3109 appellationis
3322 3045 3375 3090 et
3408 3033 3672 3096 nominis,

2106 3141 2215 3196 quo
2261 3127 2407 3183 haud
2459 3129 2536 3184 ita
2573 3130 2758 3185 multo,
2794 3138 2918 3200 post
2954 3137 3128 3186 totum
3176 3131 3362 3186 orbem
3407 3137 3674 3184 terrarum

2105 3217 2454 3277 Christianis.
2483 3223 2757 3293 implevit,
2805 3223 2954 3278 illam
3003 3238 3062 3279 se
3114 3237 3277 3293 posse
3328 3221 3676 3290 exstinguere

2104 3318 2465 3380 putaverunt,
2527 3314 2575 3368 si
2621 3322 2854 3370 mortem
2908 3314 2986 3368 illi
3039 3314 3508 3369 machinarentur.
3560 3309 3677 3366 Hoc

2103 3402 2283 3471 ipsum
2317 3404 2484 3473 igitur
2533 3404 2622 3460 his
2667 3405 2849 3461 verbis
2880 3405 3159 3476 redarguit
3192 3422 3204 3457 :
3249 3423 3268 3456 σ
3306 3403 3518 3459 inimici
3568 3403 3678 3457 mei

2101 3492 2532 3549 dixeruntmala
2587 3496 2744 3560 mihi,
2787 3496 3009 3566 quando
3063 3497 3330 3550 morietur
3378 3501 3433 3550 et
3477 3493 3680 3564 peribit

2102 3599 2302 3640 nomen
2332 3585 2453 3654 ejus
2477 3586 2563 3639 a'?
2594 3605 2612 3638 ι
2651 3587 2920 3654 Quoniam
2970 3593 3154 3642 autem
3189 3585 3460 3640 simulatis
3495 3584 3674 3639 verbis

2102 3674 2470 3741 accedebant,
2508 3684 2786 3735 tentantes
2831 3685 2891 3732 ut
2933 3677 3112 3748 ipsum
3156 3685 3412 3748 caperent
3456 3675 3515 3731 in
3558 3691 3675 3731 ser-

2101 3779 2282 3829 mone,
2315 3773 2376 3819 ut
2405 3766 2635 3836 legimus
2679 3768 2822 3837 apud
2865 3768 3104 3823 divinam
3156 3766 3516 3837 Scripturam,
3553 3783 3676 3837 qua

2100 3853 2224 3907 illos
2253 3863 2446 3910 contra
2479 3855 2631 3910 illum
2665 3857 2803 3913 alias
2831 3857 2956 3912 aliis
2979 3865 3035 3912 et
3063 3856 3446 3913 occasionibus
3463 3863 3527 3912 .et
3565 3857 3674 3915 eri.—

2099 3944 2341 4001 minibus
2394 3953 2615 4002 utentes
2649 3948 2878 4015 inducit,
2933 3948 3149 4004 idcirco.
3184 3949 3318 4004 illud
3370 3947 3617 4018 adjungit
3654 3964 3672 4000 :

2103 4053 2124 4087 ‹
2155 4035 2222 4093 Et
2246 4039 2656 4109 ingrediebatur
2690 4054 2750 4096 ut
2795 4041 3026 4108 videret,
3055 4057 3194 4098 vana
3224 4041 3549 4113 loquebatur
3577 4056 3674 4097 cor

2097 4129 2238 4199 ejus,
2287 4133 2641 4201 congregavit
2701 4134 3046 4204 iniquitatem
3098 4134 3202 4190 sibi
3220 4175 3236 4198 ,
3291 4133 3673 4204 egrediebatur

2100 4219 2250 4275 foras
2277 4229 2331 4278 et
2352 4223 2676 4293 loquebatur
2707 4225 2764 4280 in
2793 4225 3030 4295 idipsum
3061 4234 3249 4281 contra
3273 4224 3478 4281 me”.i
3511 4223 3673 4281 Hisce

2095 4327 2226 4368 vero
2253 4316 2418 4373 rebus
2449 4317 2737 4386 expositis,
2779 4316 3040 4388 deinceps
3090 4317 3271 4387 ipsum
3303 4317 3457 4371 illum
3499 4318 3674 4372 scele-

2095 4403 2401 4460 stissimum
2432 4406 2772 4477 proditorem
2825 4408 3002 4464 verbis
3039 4408 3248 4463 indicat
3277 4423 3291 4460 :
3326 4408 3674 4479 quandoqui-

2094 4495 2218 4551 dcm
2266 4499 2402 4554 illud
2438 4501 2640 4566 evenit,
2692 4509 2752 4555 ut
2781 4512 3072 4571 postquam
3105 4501 3173 4556 de
3207 4500 3489 4572 prodendo
3528 4517 3673 4572 prm-

2095 4599 2314 4658 ceptore
2352 4606 2478 4647 cum
2518 4593 2862 4665 principibus
2899 4591 3214 4649 Iudaeorum
3260 4600 3454 4664 pactus
3502 4602 3669 4658 esset,

2093 4699 2205 4739 non
2233 4685 2468 4754 amplius
2508 4694 2562 4738 ut
2598 4686 2810 4740 solebat
2857 4684 2924 4740 ad
2960 4684 3145 4740 divina
3191 4694 3459 4755 prazcepta
3490 4683 3672 4753 perdia.

2093 4777 2298 4832 scenda
2342 4779 2679 4842 conveniret,
2726 4793 2906 4848 neque
2943 4792 3076 4832 vero
3121 4784 3382 4847 tanquam
3425 4775 3492 4830 ad
3530 4789 3672 4844 pra:-

2091 4879 2365 4940 ceptorem
2403 4872 2712 4937 accederet,
2741 4881 2838 4926 aut
2867 4872 3099 4926 aliorum
3131 4886 3282 4925 more
3313 4868 3668 4940 praeceptoris

2095 4963 2492 5019 consuetudine
2531 4972 2799 5028 uteretur,
2848 4964 2943 5020 sed
2976 4973 3195 5034 tempus
3243 4963 3510 5017 duntaxat
3553 4960 3668 5015 cir-.

2091 5057 2465 5126 cumSpiceret
2493 5067 2657 5130 atque
2704 5059 3204 5128 observaret,_quo
3233 5054 3461 5109 .adoriri
3514 5054 3668 5108 illum

2089 5159 2298 5217 posset.
2319 5148 2555 5206 Proinde
2580 5153 2733 5206 illum
2761 5151 2867 5206 ista
2896 5151 3208 5207 molientem
3242 5162 3306 5202 ac
3332 5152 3664 5217 patrantem,

2089 5243 2266 5296 sancti
2297 5243 2644 5314 evangelista:
2661 5244 3030 5300 criminantur
3055 5257 3078 5293 :.
3102 5255 3337 5310 quorum
3369 5253 3514 5293 unus
3537 5236 3669 5291 Mat.

2088 5334 2264 5390 thaeus
2299 5335 2374 5390 ita
2416 5337 2492 5390 ait
2523 5355 2537 5390 :
2571 5356 2594 5387 ι
2622 5335 2776 5390 Tunc
2825 5334 3016 5389 abiens
3053 5347 3200 5388 unus
3244 5347 3327 5386 ex.
3354 5327 3664 5393 duodecim,

2087 5429 2182 5498 qui
2219 5429 2506 5485 dicebatur
2537 5428 2708 5483 Judas
2751 5427 3036 5482 lscariotes
3066 5424 3136 5478 ad
3176 5423 3452 5494 principes
3481 5435 3666 5478 sacer-

2088 5519 2301 5586 dotum,
2336 5522 2420 5576 ait.
2441 5521 2584 5576 illis:
2618 5519 2762 5586 Quid
2786 5519 2951 5573 vultis
2981 5516 3113 5570 mihi
3143 5514 3294 5581 dare,
3325 5522 3379 5570 et
3409 5529 3508 5584 ego
3538 5527 3666 5566 eum

2089 5615 2246 5671 vobis
2273 5614 2527 5669 tradam?
2557 5614 2634 5668 illi
2686 5620 2866 5668 autem
2909 5610 3316 5666 constituerunt
3343 5608 3392 5662 ei
3435 5605 3673 5678 triginta

2090 5715 2399 5778 argenteos.
2433 5705 2500 5761 Et
2527 5721 2595 5762 ex
2622 5707 2716 5761 illo
2778 5703 3052 5776 quaerebat
3088 5700 3573 5786 opportunitatem,
3601 5700 3666 5769 ut

476 5873 518 5905 "
558 5873 576 5928 l
607 5871 732 5929 Cor.
768 5889 866 5945 ιιι,
897 5875 987 5948 26,
1016 5878 1107 5937 27.
1185 5879 1370 5959 δίκε.
1409 5896 1525 5956 uti,
1562 5881 1676 5940 4-6.
1757 5883 1802 5917 ³³
1841 5882 1988 5942 Psal.

2102 5924 2118 5952 ,s
2149 5884 2199 5942 6.
2281 5885 2324 5918 ει
2361 5885 2490 5943 una.
2530 5887 2582 5955 7,
2615 5888 2667 5947 8.

2244 5974 2325 5988 rm
