4098 6434
451 431 567 491 ’127

1128 435 1402 496 EUSEBII
1438 436 1918 496 CESARIENSIS
1955 438 2012 495 Ol

2147 439 2331 497 PARS
2367 440 2435 497 ll.
2473 469 2544 485 -ν
2579 441 3079 501 ΑΡοιοοΕτιοΑ.

3599 447 3706 504 τες

453 549 635 622 ipsum
673 551 758 607 eis
799 550 1042 607 traderet
1064 552 1130 607 ³⁸.
1183 575 1202 607 ι
1237 554 1454 613 Marcus
1498 564 1681 612 autem
1720 556 1802 612 sic
1846 572 1863 610 :
1908 574 1929 609 ι
1964 555 2008 610 Ε

2132 557 2435 613 ητελάλει.
2487 558 2856 631 Ὀμοθυμαδὸν
2902 558 3211 633 ἐψιθύριζον
3248 563 3371 615 κατ’
3401 562 3535 633 ἐμοῦ
3565 564 3704 619 πάν-

451 643 625 702 ludas
661 641 954 701 lscariotes
991 662 1133 703 unus
1161 663 1230 703 ex
1256 647 1568 714 duodecim,
1603 649 1749 705 abiit.
1772 648 1841 704 ad
1878 649 2030 720 prin-

452 737 607 806 cipes
631 734 978 791 sacerdotum
1010 744 1072 792 ut
1111 753 1238 795 eum
1283 740 1392 797 illis
1431 740 1688 797 traderet.
1722 739 1803 795 Illi
1846 746 2029 795 autem

452 828 740 882 audientes
768 828 941 899 gavisi
977 838 1125 885 sunt.
1157 828 1225 885 Et
1258 833 1629 902 promiserunt
1656 847 1715 887 se
1741 839 2025 903 argentum

447 920 502 975 ei
529 918 756 975 daturos
787 936 800 973 :
838 928 893 976 et
917 924 1197 993 quaarebat
1224 924 1501 995 quomodo
1532 927 1684 981 illum
1724 937 2027 997 opportune

449 1010 770 1068 traderet".
809 1033 830 1065 ι
867 1011 1047 1070 Lucas
1077 1030 1205 1070 vero
1252 1016 1310 1071 in
1353 1018 1501 1072 hunc
1530 1017 1753 1073 modum
1790 1017 2022 1073 scribit:

452 1100 738 1156 «intravit
779 1110 962 1160 autem
1019 1104 1254 1163 Satanas
1303 1111 1358 1162 in
1405 1106 1603 1161 Judam
1657 1108 1752 1179 qui
1798 1116 2026 1162 vocatur

446 1189 764 1260 lscariotes,
800 1212 971 1251 unum
1002 1198 1070 1254 de
1107 1198 1420 1255 duodecim.
1462 1198 1527 1252 Et
1556 1199 1690 1254 abiit
1721 1207 1776 1255 et
1807 1201 2023 1255 locutus

444 1294 530 1342 est
550 1303 674 1343 cum
706 1290 1052 1361 principibus
1081 1293 1429 1349 sacerdotum
1462 1301 1517 1349 et
1564 1294 1761 1348 scribis
1790 1301 1844 1349 et
1868 1294 2024 1349 duci-

442 1377 549 1433 bus
583 1381 792 1451 templi,
825 1388 885 1436 ut
930 1398 1057 1437 eum
1091 1384 1202 1440 illis
1246 1384 1508 1438 traderet.
1542 1383 1609 1439 Et
1654 1385 1827 1456 gavisi
1870 1392 2018 1450 sunt,

442 1476 498 1523 et
532 1472 677 1539 pacti
717 1481 847 1527 sunt
877 1483 1167 1544 argentum
1206 1477 1285 1531 illi
1314 1477 1485 1533 dare:
1516 1485 1573 1532 et
1612 1478 1892 1547 quaerebat
1924 1492 2021 1546 op-

439 1564 856 1631 portunitatem,
883 1574 940 1620 ut
969 1568 1210 1623 traderet
1244 1569 1396 1624 illum
1429 1574 1549 1626 sine
1576 1570 1754 1624 turbis
1771 1570 1837 1625 ³⁷.
1873 1589 1891 1622 ι
1916 1568 2021 1622 Ea—

440 1650 565 1707 dem
598 1654 765 1722 igitur
795 1656 939 1720 liaac,
973 1659 1289 1712 vaticinium
1324 1661 1471 1729 quod
1502 1675 1650 1714 nunc
1677 1662 1732 1715 in
1764 1660 2020 1716 manibus

438 1753 545 1809 est,
569 1760 795 1811 canens,
815 1749 888 1801 ita
912 1749 1018 1802 ait:
1040 1768 1057 1799 ι
1072 1750 1137 1804 Ει
1153 1735 1555 1822 ingrediebatur
1571 1761 1629 1807 ut
1646 1752 2019 1819 videret,vana

438 1837 770 1908 loquebatur
802 1856 898 1895 cor
934 1843 1076 1911 ejus,
1107 1848 1459 1916 congregavit
1499 1846 1845 1916 iniquitatem
1889 1846 2015 1903 sibi.

437 1929 1189 2003 mEgrediebaturl‘oras,
1217 1946 1270 1992 et
1289 1939 1613 2008 loquebatur
1641 1940 1697 1993 in
1716 1938 2011 2008 idipsum.»

435 2022 642 2078 Contra
674 2040 759 2079 me
804 2028 1171 2082 susurrabant
1206 2044 1398 2086 omnes
1436 2031 1646 2085 inimici
1696 2031 1822 2086 mei.
1860 2028 2018 2103 Sym-

436 2117 668 2173 machus
698 2126 878 2174 autem
913 2137 926 2172 :
965 2139 982 2172 c
1016 2120 1352 2191 Ingrediens,
1383 2123 1586 2193 inquit,
1608 2130 1669 2177 ut
1694 2124 2014 2194 inspiceret,

434 2223 576 2263 vana
609 2209 938 2279 loquebatur
965 2225 1062 2265 eor
1090 2211 1234 2282 ejus,
1272 2215 1642 2284 congregabat
1683 2214 2016 2283 injustitiam

434 2302 564 2356 sibi.
619 2303 920 2373 Egrediens
972 2314 1156 2362 autem
1214 2307 1365 2363 foras
1410 2308 1832 2380 obloquebatur.
1890 2307 2016 2365 Uno

434 2395 619 2449 animo
659 2398 1029 2453 susurrabant
1082 2407 1276 2454 contra
1325 2415 1412 2457 me
1440 2415 1637 2457 omnes
1657 2402 1753 2473 qui
1780 2403 2015 2458 oderunt

430 2502 538 2542 me.
578 2506 599 2539 ι
651 2485 815 2545 Solus
844 2490 1011 2561 igitur
1042 2498 1306 2563 tanquam
1350 2492 1638 2550 familiaris
1666 2504 1722 2550 et
1769 2495 2016 2567 discipu-

431 2578 518 2631 lus
547 2577 854 2650 ingressus,
885 2582 1371 2653 circumspiciebat
1398 2592 1453 2638 et
1491 2585 1811 2656 explorabat
1840 2588 2011 2653 intus,

431 2668 666 2726 insidias
720 2672 776 2726 in
819 2674 987 2728 corde
1031 2690 1134 2729 suo
1170 2674 1477 2730 occultans.
1504 2675 1775 2747 Egressus
1806 2686 2011 2746 autem,

428 2773 555 2813 cum
587 2760 840 2830 pluribus
869 2776 978 2816 uno
1003 2763 1189 2817 animo
1217 2776 1271 2819 et
1290 2765 1348 2818 in
1383 2764 1527 2819 idem
1548 2765 2012 2836 obloquebantur,

428 2850 558 2906 dum
586 2848 928 2909 Salvatorem
975 2854 1216 2910 inimicis
1251 2855 1526 2919 tradebat,
1557 2865 1614 2912 et
1651 2857 1886 2913 latenter
1916 2874 2012 2929 pa-

426 2945 743 3001 ciscebatur
769 2961 894 3000 cum
929 2947 1269 3016 principibus
1288 2946 1606 3002 Judaaorum
1637 2963 1763 3003 cum
1793 2951 1863 3004 de
1888 2952 2011 3007 aliis

427 3034 616 3100 rebus,
641 3044 759 3090 tum
791 3052 922 3092 vero
960 3037 1123 3092 etiam
1165 3038 1233 3094 de
1274 3039 1509 3109 pecunia
1538 3055 1646 3111 qua
1677 3056 1737 3097 se
1771 3041 2009 3097 traditu-

426 3143 551 3183 rum
585 3129 736 3183 illum
782 3130 1151 3200 promittebat,
1186 3140 1241 3186 et
1289 3131 1358 3187 de
1392 3148 1501 3203 qua
1552 3147 1661 3187 una
1690 3149 1816 3188 cum
1870 3134 2007 3205 ipsis

424 3216 539 3274 illis
562 3219 906 3276 susurrabat.
925 3219 1001 3274 Ex
1028 3236 1136 3291 quo
1162 3222 1263 3276 ait:
1290 3242 1307 3273 ι
1333 3221 1730 3293 Egrediebatur
1758 3224 1929 3292 foras,
1954 3235 2008 3283 et
2033 3254 2076 3310 ο

428 3312 758 3382 loquebatur
786 3313 840 3367 in
896 3313 1155 3383 idipsum.
1209 3314 1490 3373 Adversus
1521 3332 1609 3372 me
1643 3319 2008 3373 susurrabant

425 3419 620 3459 omnes
655 3404 863 3459 inimici
891 3406 1020 3460 mei.
1050 3405 1358 3462 Adversum
1385 3423 1474 3463 me
1513 3409 1830 3480 cogitabant
1865 3411 2008 3465 mala

422 3497 581 3551 mihi.
626 3496 865 3553 Verbum
928 3498 1178 3568 iniquum
1249 3500 1658 3557 constituerunt
1714 3503 2005 3559 adversum

425 3589 605 3645 me”.
649 3607 669 3641 ι
700 3589 930 3646 Videtur
990 3598 1174 3647 autem
1231 3594 1541 3664 pactionem
1600 3593 1669 3650 de
1710 3596 2002 3665 argenteis,

426 3681 654 3736 verbum
685 3681 958 3753 iniquum,
983 3684 1305 3755 prophetice
1350 3686 1640 3742 nominare
1671 3705 1686 3741 :
1722 3695 1819 3742 aut
1840 3687 2006 3746 etiam

417 3772 501 3827 ita
532 3774 688 3837 dicit,
722 3786 1009 3847 propterea
1042 3776 1190 3847 quod
1222 3777 1430 3833 nefaria
1458 3785 1513 3835 et
1533 3779 1722 3849 iniqua
1743 3780 2007 3837 adversus

424 3865 581 3919 illum
622 3866 959 3936 cogitabant,
987 3875 1174 3936 utpote
1221 3870 1317 3937 qui
1359 3869 1513 3923 illum
1545 3870 2007 3942 exstinguendum

424 3967 480 4012 et
516 3966 638 4025 post
669 3973 861 4013 necem
905 3958 1257 4024 abolendum,
1291 3976 1470 4032 neque
1500 3962 1736 4033 amplius
1759 3963 1901 4020 inter
1925 3964 2005 4019 vi-

425 4060 525 4101 vos
559 4048 948 4118 requirendum
997 4050 1422 4106 arbitrarentur.
1454 4050 1587 4108 Tale
1624 4059 1711 4107 est
1758 4053 1904 4112 enim
1935 4054 2005 4108 il-

423 4136 518 4193 lud
557 4159 569 4194 :
607 4158 627 4193 ι
661 4139 921 4212 Nunquid
951 4144 1043 4212 qui
1071 4142 1297 4211 dormit,
1328 4161 1438 4199 non
1484 4145 1704 4214 adjiciet
1730 4152 1791 4199 ut
1821 4160 2007 4202 resur-

422 4239 517 4302 gat
554 4233 638 4286 "i
670 4252 690 4284 ι
740 4235 887 4303 quod
935 4235 1170 4290 lucidius
1221 4238 1449 4307 protulit
1510 4237 1874 4309 Symmachus
1919 4238 2007 4296 bis

421 4322 656 4379 verbis:
712 4341 731 4374 ι
782 4321 850 4376 Ει
893 4326 986 4394 qui
1036 4326 1239 4381 cecidit
1296 4342 1406 4381 non
1462 4327 1607 4381 ultra
1670 4340 1939 4401 resurget.
1980 4349 2000 4383 ι

421 4414 619 4485 Aquila
652 4430 800 4480 vero,
862 4436 881 4467 ι
918 4416 1119 4488 thui,
1153 4418 1354 4488 inquit,
1388 4418 1695 4484 dormierit,
1730 4435 1836 4476 non
1869 4421 2007 4492 adji-

421 4505 533 4561 ciet
560 4512 622 4559 ut
650 4515 905 4578 resurgat
930 4508 1018 4562 ‘°:
1063 4528 1082 4561 ι
1114 4519 1169 4565 et
1196 4510 1313 4565 haec
1355 4511 1579 4582 quidem
1628 4511 1809 4569 adhuc
1857 4530 2010 4569 com-

2129 668 2223 715 τες
2252 651 2302 705 oi
2333 650 2615 723 μισοῦντές
2650 669 2738 722 με.
2777 671 2797 703 ι
2834 652 3009 717 Μόνος
3053 652 3149 723 μὲν
3178 647 3270 706 οὖν
3300 652 3377 716 ὼς
3412 651 3477 706 ἂν
3500 652 3703 724 γνώρι-

2132 758 2235 813 μος
2252 743 2346 796 καὶ
2371 741 2619 814 μαθητὴς
2634 743 2784 813 παρά
2802 743 3117 798 διδάσκαλον
3132 742 3334 808 εἰσιὼν,
3352 745 3703 815 περιεσκόπει

2129 836 2223 889 καὶ
2274 835 2700 907 κατεμάνθανεν,
2765 835 2910 889 ἔνδον
2956 837 3049 889 ἐπὶ
3095 837 3195 907 τῆς
3233 836 3426 890 ἐαυτοῦ
3475 835 3703 908 καρδίας

2127 929 2385 1000 κρύπτων
2440 929 2538 1000 τὴν
2595 928 2904 1001 ἐπιϐουλήν.
2936 928 3121 995 Ἐξιὼν
3151 930 3209 983 δὲ
3228 970 3244 994 ,
3284 930 3420 1000 μετὰ
3442 929 3701 985 πλειόνων

2126 1020 2466 1092 ὁμοθυμαδὸν
2497 1022 2588 1074 καὶ
2622 1022 2714 1074 ἐπὶ
2732 1022 2794 1074 τὸ
2830 1022 2961 1074 αὐτὸ
2995 1020 3300 1087 κατελάλει,
3341 1023 3454 1085 τοῖς
3487 1021 3702 1093 ἐχθροῖς

2126 1112 2411 1185 προδιδοὺς
2463 1114 2556 1167 τὸν
2607 1115 2854 1185 Σωτῆρα,
2894 1116 2988 1167 καὶ
3019 1115 3440 1185 συνταττόμενος
3461 1116 3571 1177 τοῖς
3588 1112 3699 1167 τῶν

2139 1207 2406 1261 Ἰουδαίων
2451 1206 2675 1277 ἄρχουσι
2701 1206 3000 1277 λεληθότως
3045 1205 3173 1277 περὶ
3219 1206 3439 1278 ἐτέρων,
3478 1204 3540 1258 οὐ
3592 1202 3699 1276 μὴν

2125 1297 2261 1352 ἀλλὰ
2300 1299 2395 1351 καὶ
2444 1299 2571 1368 περὶ
2616 1297 2724 1351 τῶν
2767 1298 3086 1369 χρημάτων,
3121 1298 3207 1367 ἐφ’
3240 1291 3323 1360 οἷς
3357 1294 3701 1368 παραδώσειν

2124 1389 2285 1441 αὐτὸν
2317 1389 2646 1459 ὑπισχνεῖτο,
2691 1390 2820 1460 περὶ
2859 1383 2934 1441 ὧν
2974 1392 3093 1460 μετ’
3127 1389 3303 1442 αὐτῶν
3338 1389 3560 1442 ἐκείνων
3581 1388 3700 1457 ἐψι-

2123 1477 2328 1551 θύριζε.
2361 1479 2453 1532 Διό
2494 1496 2692 1549 φησιν·
2733 1498 2751 1531 ι
2808 1480 3193 1552 Ἐξεπορεύετο
3240 1479 3365 1546 ἔξω,
3397 1483 3491 1534 καὶ
3518 1480 3700 1533 ἐλάλει

2123 1569 2215 1620 ἐπὶ
2243 1567 2303 1620 τὸ
2339 1568 2489 1621 αὐτό.
2525 1569 2659 1621 Κατ’
2687 1569 2821 1638 ἐμοῦ
2863 1568 3174 1642 ἐψιθύριζον
3206 1570 3405 1633 πάντες
3431 1573 3479 1624 οί
3513 1570 3696 1643 ἐχθροί

2124 1677 2246 1729 μου,
2270 1660 2388 1713 κατ’
2415 1658 2547 1730 ἐμοῦ
2606 1659 2906 1729 ἐλογίζοντο
2942 1662 3088 1715 κακὰ
3119 1679 3227 1731 μοι.
3259 1664 3429 1731 Λόγον
3461 1663 3698 1734 παράνο-

2124 1766 2222 1819 μον
2262 1749 2549 1804 κατέθεντο
2589 1752 2707 1803 κατ’
2738 1745 2897 1821 ἐμοῦ.
2942 1771 2960 1801 ι
3005 1752 3187 1803 Ἐοικε
3215 1751 3271 1804 δὲ
3302 1751 3401 1822 τὴν
3423 1752 3696 1823 συνταγὴν

2120 1840 2218 1911 τὴν
2276 1841 2404 1913 περὶ
2453 1841 2562 1895 τῶν
2612 1842 2888 1914 ἀργυρίων
2935 1842 3091 1911 λόγον
3129 1844 3441 1915 παράνομον
3475 1843 3565 1898 διὰ
3596 1846 3696 1915 τῆς

2049 1903 2093 1959 Β
2121 1903 2458 2001 προφητείας
2475 1903 2793 2003 ὀνομάζειν·
2816 1932 2848 2004 ἢ
2870 1932 2964 1985 καὶ
2985 1903 3067 1984 ὅτι
3099 1903 3267 2003 ἀσεϐῆ
3291 1903 3383 1986 καὶ
3402 1903 3695 2005 παράνομα

2119 2026 2240 2077 κατ’
2299 2023 2465 2079 αὐτοῦ
2501 2024 2820 2090 διενοοῦντο,
2862 2027 2936 2091 ὡς
2976 2025 3044 2080 ἂν
3106 2027 3541 2099 σϐεσθησομένου
3601 2029 3697 2083 καὶ

2116 2114 2622 2187 διαφθαρησομένου
2654 2116 2793 2188 μετά
2824 2119 2915 2171 τὸν
2950 2119 3199 2184 θάνατον,
3222 2121 3316 2173 καὶ
3344 2120 3542 2192 μηκέτι
3583 2120 3693 2187 ζῶ-

2120 2224 2206 2262 σιν
2250 2207 2767 2281 ἐξετασθησομένου.
2809 2210 3064 2265 Τοιοῦτον
3118 2213 3230 2284 γάρ
3265 2213 3387 2267 ἐστι
3423 2213 3504 2278 τὸ,
3535 2231 3554 2264 ι
3602 2214 3694 2286 Μὴ

2115 2301 2145 2353 6
2173 2298 2513 2371 κοιμώμενος
2539 2301 2660 2371 οὐχὶ
2693 2302 2990 2374 προσθήσει
3015 2303 3110 2357 τοῦ
3131 2304 3425 2374 ἀναστῆναι
3450 2322 3465 2370 ;
3500 2323 3520 2356 ι
3556 2306 3695 2379 ὅπερ

2116 2392 2436 2465 λευκότερον
2477 2395 2507 2447 6
2548 2393 2843 2466 Σύμμαχος
2872 2393 3131 2467 ἐξέφηνεν
3160 2395 3327 2450 είπὼν
3350 2413 3363 2427 ’
3407 2416 3426 2447 ι
3467 2399 3574 2451 Καὶ
3606 2414 3697 2451 πε-

2117 2482 2227 2538 σὼν
2249 2485 2423 2538 οὐκέτ’
2456 2486 2821 2559 ἀναστήσεται
2840 2503 2887 2551 ς»
2918 2488 2947 2539 6
2972 2487 3029 2540 δὲ
3067 2487 3296 2553 ’Δκύλας
3324 2489 3509 2559 φησιν,
3551 2489 3693 2542 «Καὶ

2114 2575 2175 2639 ὃς
2200 2575 2268 2631 ἂν
2293 2575 2553 2650 κοιμηθῇ,
2587 2578 2648 2632 οὐ
2690 2578 2990 2650 προσθήσει
3023 2579 3118 2634 τοῦ
3166 2579 3495 2650 ἀναστῆναι;
3536 2600 3556 2631 ι
3581 2581 3694 2635 Καὶ

2115 2666 2289 2721 ταῦτα
2319 2668 2400 2721 ἔτι
2435 2669 2630 2733 κοινῶς
2657 2669 2785 2741 περὶ
2814 2668 3031 2723 πάντων
3064 2669 3280 2743 εἴρηται
3306 2671 3413 2724 τῶν
3433 2670 3572 2725 κατὰ
3600 2668 3694 2723 τὸν

2114 2758 2305 2831 καιρὸν
2366 2758 2462 2815 τοῦ
2512 2761 2717 2826 πάθους
2756 2762 3284 2817 ἐπιϐεϐουλευκότων
3327 2763 3508 2834 αὐτῷ·
3546 2764 3692 2828 ἰδίως

2110 2850 2171 2904 δὲ
2228 2850 2391 2904 πάλιν
2429 2851 2559 2924 περὶ
2590 2852 2684 2905 τοῦ
2733 2852 3013 2924 προδότου,
3038 2853 3114 2917 ὼς
3156 2855 3224 2907 ἂν
3256 2853 3382 2925 περὶ
3416 2852 3693 2925 μαθητευ-

2112 2940 2296 3006 θέντος
2329 2942 2497 3014 αὐτῷ,
2533 2942 2656 3014 ἑξῆς
2702 2944 2952 3016 ἐπιφέρει
2976 2945 3176 3013 λέγων’
3216 2964 3235 2997 ι
3271 2946 3381 2999 Καὶ
3402 2947 3511 3020 γὰρ
3545 2950 3573 3001 6
3598 2948 3691 3002 ἆν-

2110 3031 2328 3105 θρωπος
2384 3036 2486 3106 τῆς
2542 3036 2766 3107 εἰρήνης
2806 3054 2927 3108 μου,
2963 3036 3048 3104 ἐφ’
3076 3036 3135 3090 ὃν
3169 3037 3391 3109 ήλπισα,
3437 3039 3466 3090 ό
3497 3038 3691 3092 ἐσθίων

2109 3125 2309 3197 ἄρτους
2342 3144 2467 3199 μου,
2500 3128 2834 3199 ἐμεγάλυνεν
2877 3128 2964 3181 ἐπ’
2998 3127 3098 3198 ἐμὲ
3132 3129 3459 3200 πτερνισμόν
3481 3145 3496 3156 ’
3528 3148 3544 3180 ι
3571 3130 3682 3183 ἀνθ’

2111 3213 2171 3272 οὗ
2205 3220 2366 3274 πάλιν
2397 3223 2427 3274 ὁ
2457 3221 2771 3294 Σύμμαχος,
2801 3239 2820 3273 ι
2844 3222 2954 3275 Καὶ
2978 3221 3282 3294 ἄνθρωπος,
3312 3242 3329 3272 ι
3352 3223 3531 3293 φησὶν,
3569 3242 3588 3271 ι
3619 3222 3679 3284 ὃς

2109 3311 2360 3383 είρήνευέ
2414 3330 2525 3383 μοι,
2676 3312 3007 3378 ἐπεποίθειν,
3070 3313 3362 3367 συνεσθίων
3408 3332 3492 3385 μοι
3522 3315 3679 3385 ἄρτον

2107 3399 2261 3470 ἐμὸν,
2295 3401 2752 3475 κατεμεγαλύνθη
2789 3419 2910 3474 μου.
2955 3422 2974 3455 ι
3028 3405 3313 3475 Χείριστος
3335 3404 3444 3476 γὰρ
3475 3404 3681 3475 ἀληθῶς

2104 3493 2362 3547 ἁπάντων
2407 3494 2503 3548 καὶ
2560 3496 2955 3567 ἐναργέστατος
2984 3499 3012 3549 6
3044 3496 3181 3567 μετά
3202 3496 3382 3567 κοινὴν
3413 3495 3685 3569 τράπεζαν

2106 3585 2203 3640 καὶ
2229 3583 2328 3657 τὴν
2362 3586 2421 3638 ἐν
2479 3584 2657 3656 λόγοις
2696 3586 2790 3641 τοῦ
2847 3587 3168 3642 διδασκάλου
3222 3588 3428 3659 τροφὴν
3486 3588 3578 3641 ἐπὶ
3621 3589 3689 3642 τὰ

2105 3676 2275 3748 χείρω
2330 3677 2561 3749 τραπεὶς
2587 3718 2602 3745 ,
2653 3678 2747 3732 καὶ
2802 3682 2916 3743 τοῖς
2966 3679 3230 3742 ἐναντίοις
3262 3678 3356 3731 τὸν
3396 3679 3691 3749 εὐεργέτην

2102 3768 2600 3842 ἀνταμειψάμενος.
2645 3770 2786 3825 Ἀλλ’
2819 3771 3114 3843 ἐπειδήπερ
3154 3769 3593 3834 ἐπιϐουλεύοντες
3639 3772 3691 3823 ei.

2102 3859 2295 3934 ἐχθροὶ
2320 3862 2505 3932 ἔλεγον
2529 3879 2543 3894 ο
2576 3881 2594 3915 ι
2620 3864 2760 3918 Πότε
2787 3863 3165 3926 ἀποθανεῖται,
3204 3864 3296 3918 καὶ
3318 3862 3600 3917 ἀπολεῖται
3628 3861 3691 3914 τὸ

2105 3952 2280 4024 ϐνομα
2302 3954 2467 4009 αὐτοῦ
2492 3972 2539 4022 ;›
2582 3955 2749 4027 ᾧοντό
2777 3973 2839 4010 τε
2863 3954 3197 4028 κοιμηθέντα
3221 3955 3412 4028 μηκέτ’
3448 3955 3688 4025 ἀναστή-

2104 4049 2323 4115 σεσθαι,
2367 4047 2562 4102 τούτου
2622 4050 2784 4120 χάριν
2837 4048 2999 4112 αὐτὸς
3038 4049 3068 4100 ό
3111 4048 3299 4118 Σωτὴρ
3343 4048 3438 4100 καὶ
3486 4046 3689 4115 Κύριος

2106 4141 2138 4210 ig
2148 4139 2265 4210 μῶν
2297 4140 2557 4194 τάναντία
2603 4139 2815 4204 τούτοις
2862 4139 3176 4211 εὐχόμενος,
3211 4139 3422 4208 καὶτῆς
3449 4136 3686 4191 ἀναστά-

2107 4248 2245 4297 σεως
2302 4232 2597 4296 ἀκωλύτως
2659 4234 2843 4303 τυχεῖν
2899 4231 3067 4297 ἀξιῶν
3103 4230 3194 4283 τὸν
3234 4228 3474 4299 Πατέρα,
3518 4227 3678 4295 φησί’

2110 4344 2132 4376 ι
2164 4326 2235 4380 Σὺ
2268 4327 2345 4391 δὲ,
2380 4326 2573 4398 Κύριε,
2607 4325 2828 4394 ἐλέησόν
2858 4341 2945 4395 με,
2993 4323 3087 4377 καὶ
3138 4319 3436 4388 ἀνάστησόν
3470 4336 3556 4389 με,
3589 4318 3685 4372 καὶ

2103 4417 2473 4472 ἀνταποδώσω
2497 4418 2702 4480 αὐτοῖς.
2742 4416 2830 4469 Ἐν
2860 4415 3032 4483 τούτῳ
3056 4411 3246 4479 ἔγνων,
3275 4410 3355 4463 ὅτι
3389 4410 3684 4478 τεθέληκάς

2112 4527 2201 4580 με,
2231 4510 2398 4563 ὅτιού
2436 4508 2511 4581 μὴ
2546 4509 2781 4578 ἐπιχαρῇ
2815 4509 2843 4559 6
2887 4503 3079 4575 ἐχθρός
3105 4519 3207 4574 μου
3246 4503 3331 4554 ἐπ’
3364 4502 3553 4573 ἐμοί.’›
3575 4503 3683 4555 Καὶ

372 4598 385 4645 τ’
422 4598 667 4652 muniter
706 4597 775 4653 de
824 4600 1103 4657 universis
1160 4602 1304 4658 dicta
1338 4613 1489 4666 sunt,
1545 4605 1640 4675 qui
1689 4597 1795 4661 sub
1825 4606 2002 4677 ipsum

2112 4600 2377 4672 πρόδηλόν
2413 4616 2478 4669 γε
2514 4599 2636 4652 τίνα
2684 4598 2884 4669 τρόπον
2912 4595 3051 4667 μετά
3081 4595 3178 4666 τὴν
3210 4597 3274 4649 ἐκ
3302 4594 3510 4667 νεκρῶν
3553 4594 3686 4649 ἀνά-

374 4683 377 4689 ’
420 4692 702 4762 passionis
742 4700 963 4763 tempus
991 4694 1223 4752 insidias
1254 4696 1333 4750 illi
1367 4695 1635 4752 fecerunt.
1667 4697 1737 4751 At
1754 4715 2002 4756 seorsum

422 4784 491 4839 de
513 4785 812 4855 proditore,
869 4796 1128 4857 tanquam
1159 4787 1226 4843 de
1256 4803 1323 4844 eo
1342 4804 1502 4858 quem
1529 4790 1645 4859 ipse
1670 4801 1731 4845 ut
1763 4792 2006 4863 discipu-

420 4876 534 4931 lum
569 4878 920 4944 instituisset,
958 4880 1218 4950 deinceps
1271 4880 1541 4953 adjungit,
1570 4882 1761 4939 dicens
1795 4899 1809 4936 :
1855 4903 1874 4937 ι
1912 4883 2006 4938 Et-

421 4970 570 5025 enim
594 4970 759 5026 homo
795 4974 948 5043 pacis
982 4986 1136 5038 meae,
1168 4973 1226 5027 in
1279 4988 1389 5044 quo
1418 4976 1655 5044 speravi,
1686 4975 1777 5046 qui
1809 4976 2005 5031 edebat

420 5075 592 5130 panes
626 5079 800 5130 meos,
830 5065 1200 5134 magniﬁcavit
1247 5080 1413 5135 super
1456 5081 1543 5122 me
1597 5068 2002 5138 supplantatio-

425 5171 549 5212 nem
585 5157 651 5213 ⁸⁸.
683 5179 702 5211 ι
736 5157 844 5214 Pro
878 5175 987 5230 quo
1017 5176 1235 5215 rursum
1260 5158 1621 5233 Symmachus
1657 5163 1793 5218 :rEt
1815 5163 1999 5227 homo,

420 5246 622 5317 inquit,
647 5250 740 5320 qui
775 5265 961 5321 pacem
990 5251 1224 5306 habebat
1251 5267 1485 5317 mecum,
1519 5255 1610 5308 cui
1637 5250 2002 5318 conlidebam,

419 5336 716 5397 comedens
762 5356 976 5397 mecum
1007 5356 1201 5412 panem
1253 5357 1457 5411 meum,
1492 5343 1874 5415 magniﬁcatus
1919 5352 2009 5401 est

412 5440 613 5486 contra
673 5447 780 5488 me.
818 5451 839 5483 ι
906 5430 1188 5489 Pessimus
1230 5436 1379 5489 enim
1433 5450 1627 5491 revera
1672 5435 1918 5491 omnium
1951 5444 2007 5493 et

422 5521 907 5591 sceleratissimus,
937 5524 1032 5596 qui
1062 5535 1188 5597 post
1245 5541 1595 5582 communem
1648 5541 1915 5593 mensam,
1951 5536 2004 5584 et

418 5620 544 5682 post
594 5614 702 5670 cibi
753 5618 896 5674 inter
927 5619 1095 5675 verba
1133 5620 1487 5690 praeceptoris
1541 5620 1997 5691 assumptionem,

493 5790 771 5895 '"Hb‘lattb.
805 5811 968 5861 xxvr,
1011 5796 1091 5851 li.
1173 5798 1217 5829 ³⁸
1257 5794 1423 5855 Marc.
1461 5814 1572 5865 xxv,
1614 5799 1699 5868 l0,
1735 5800 1821 5857 ll.
1899 5800 1943 5855 ’7
1983 5797 2116 5855 Luc.
2157 5814 2299 5865 χχιι,
2331 5798 2458 5895 «ξ’ϐ.

423 5859 469 5893 δι
507 5862 642 5919 ibid.
668 5866 765 5938 io.

2105 4707 2292 4744 στασιν
2315 4690 2501 4755 αὐτοῦ,
2532 4689 2871 4760 παραχρῆμα
2922 4689 3017 4740 καὶ
3048 4688 3147 4741 οὐκ
3180 4689 3259 4751 είς
3294 4687 3510 4760 μακρὰν
3553 4702 3684 4757 μετ-

2110 4784 2242 4855 ῆλθε
2291 4787 2418 4848 τοὺς
2467 4781 2992 4845 ἐπιϐεϐουλευκότας
3038 4779 3252 4852 αὑτῷή
3304 4779 3680 4845 ἀνταπόδοσις,

2104 4878 2251 4940 ὅπως
2284 4894 2344 4931 τε
2372 4879 2400 4931 6
2430 4876 2623 4947 ἐχθρὸς
2648 4873 2840 4939 αὐτοῦ,
2870 4871 3017 4943 ζωῆς
3050 4873 3425 4943 τυγχάνοντος,
3455 4872 3685 4936 θάνατος

2105 4968 2474 5043 κατῃσχύνθη,
2496 4968 2637 5022 ὥστε
2660 4968 2783 5031 τοὺς
2812 4966 3235 5031 ἐπονειδίζοντας
3272 4967 3476 5019 εἰπεῖν·
3514 4984 3533 5015 ι
3574 4964 3683 5018 Ποῦ

2108 5080 2225 5129 σου,
2249 5062 2468 5125 θάνατε,
2494 5061 2556 5115 τὸ
2574 5060 2831 5131 κέντρον;
2859 5058 2961 5112 ποῦ
2993 5075 3107 5124 σου,
3136 5057 3352 5121 θάνατε,
3381 5057 3442 5109 τὸ
3467 5060 3614 5121 νῖκος
3631 5071 3680 5121 ς»

2120 5153 2389 5225 Ἐντυχὼν
2420 5154 2479 5208 δέ
2504 5171 2588 5218 τις
2616 5157 2736 5217 ταῖς
2763 5154 2901 5224 μετά
2929 5153 3026 5224 τὴν
3056 5150 3350 5205 ἀνάστασιν
3383 5149 3477 5203 τοῦ
3500 5150 3688 5220 Σωτῆ-

2113 5265 2203 5317 ρος
2227 5248 2386 5321 ήμῶν
2420 5248 2682 5320 ἱστορίαις
2708 5246 2787 5319 τῷ
2831 5248 3077 5318 Ἰωσήπῳ
3104 5245 3449 5317 γραφείσαις,
3483 5241 3688 5296 εἵσεται

2109 5343 2211 5407 τὰς
2241 5341 2604 5415 μετελθούσας
2636 5342 2697 5395 τὸ
2728 5340 2997 5395 Ἰουδαίων
3038 5339 3188 5402 ἔθνος
3220 5339 3314 5391 καὶ
3351 5336 3478 5399 τοὺς
3495 5334 3690 5405 ἄρχον-

2110 5450 2210 5498 τας
2242 5431 2421 5486 αὐτῶν
2454 5430 2758 5503 συμφορὰς,
2800 5427 2890 5495 αἶς
2929 5430 3156 5493 εἰκότως
3214 5424 3687 5498 περιπεπτώκασι,

2108 5527 2178 5581 τὰ
2200 5526 2454 5597 ἐπίχειρα
2474 5519 2550 5578 ὧν
2587 5527 2667 5589 εἰς
2723 5524 2886 5579 αὐτὸν
2931 5522 3164 5595 ἔδρασαν
3193 5519 3688 5591 ἀπολαμϐάνοντες.

2109 5619 2219 5674 Καὶ
2239 5618 2411 5672 ταῦτα
2448 5617 2546 5690 μὲν
2573 5620 2653 5681 εἰς
2688 5617 2930 5679 ἐκείνως
2972 5613 3277 5688 ἐπληροῦτο
3305 5615 3501 5678 πάντα,
3548 5610 3694 5666 κατὰ

2568 5800 2609 5831 ⁸⁸
2650 5795 2793 5855 Psal.
2833 5813 2924 5863 λιι,
2963 5797 3010 5863 7,
3038 5797 3089 5852 8.
3134 5796 3176 5828 ³⁸⁸
3218 5795 3349 5852 ibid.
3383 5793 3435 5850 9.
3471 5793 3516 5827 ⁸⁸
3554 5790 3687 5847 ibid.
