4098 6440
319 424 424 480 7‘29

1255 418 1914 478 DEMONSTRATIONIS
1952 421 2415 482 EVANGELICE
2454 423 2586 481 LIB.
2624 424 2691 481 Χ.

3476 425 3580 484 7δῦ

319 542 418 612 τὴν
451 538 756 610 πρόρρησιν
777 554 792 569 ·
850 535 945 592 τοῦ
977 537 1033 590 δὲ
1072 536 1320 609 Σωτῆρος
1350 536 1507 609 ἡμῶν
1532 539 1566 610 ὴ
1595 540 1662 592 ἐκ
1692 538 1904 610 νεκρῶν

2023 557 2065 597 ιο
2089 542 2160 597 ad
2184 544 2455 599 deteriora
2481 543 2775 609 convertit,
2798 548 2852 597 et
2882 541 3180 597 contrariis
3208 540 3373 595 rebus
3393 556 3518 597 eum
3549 558 3585 601 tt

321 633 617 693 ἀνάστασις
672 628 894 694 διέδειξε
946 631 1062 693 τοῖς
1088 631 1274 693 πᾶσιν,
1306 630 1453 694 ὅπως
1483 631 1540 683 ἐν
1573 629 1724 701 αὐτῷ
1754 630 1903 686 εὐδό-

322 742 492 797 κησεν
542 726 572 778 ό
622 724 846 793 Πατὴρ,
908 722 967 785 ὃς
1025 722 1122 775 καὶ
1185 722 1348 786 αὐτὸς
1395 721 1639 776 διδάσκει
1689 721 1900 792 λέγων’

329 838 349 869 ι
394 816 646 889 Ἐλέησόν
679 833 768 888 με,
804 814 898 868 καὶ
940 814 1248 886 ἀνάστησόν
1286 832 1374 887 με,
1410 816 1507 869 καὶ
1540 815 1906 872 ἀνταποδώσω

323 913 529 971 αὐτοῖς.
563 910 651 964 Ἐν
686 907 864 979 τούτῳ
906 905 1100 976 ἔγνων,
1145 909 1228 961 ὅτι
1276 908 1574 980 τεθέληκάς
1607 926 1696 980 με,
1729 910 1811 963 ὅτι
1842 910 1904 963 οὐ

329 1002 403 1074 μὴ
435 1004 667 1074 ἐπιχαρῇ
691 1003 721 1054 ὁ
742 998 938 1071 ἐχθρός
973 1017 1072 1071 μου
1104 1001 1191 1054 ἐπ’
1219 1001 1363 1072 ἐμοί.
1404 1020 1423 1053 ι
1468 1002 1690 1066 Τούτοις
1728 1002 1908 1056 ἐπιλέ-

324 1112 448 1164 γει·
489 1114 507 1145 ι
549 1093 713 1167 Ἐμοῦ
766 1092 824 1146 δέ
871 1092 960 1146 διὰ
985 1092 1085 1164 τὴν
1125 1094 1359 1148 ἀκακίαν
1398 1082 1714 1148 ἀντελάὸου.
1752 1113 1771 1146 ι
1795 1095 1908 1148 Καὶ

323 1190 480 1260 τήρει
504 1203 568 1256 γε
591 1186 713 1239 τίνα
743 1186 944 1258 τρόπον
976 1185 1124 1256 αὐτῷ
1149 1186 1229 1258 τῷ
1257 1184 1375 1257 Θεῷ
1402 1186 1498 1240 καὶ
1536 1185 1711 1257 Πατρ“ι
1740 1183 1906 1239 αὑτοῦ

323 1279 422 1351 τὴν
473 1277 638 1350 εὐχὴν
696 1278 1072 1349 ἀναπέμπων,
1130 1278 1225 1331 ἐπὶ
1288 1278 1526 1351 τοσαύτῃ
1594 1277 1905 1350 τεθάρρηκε

327 1372 632 1444 παρρησίᾳ,
657 1371 733 1437 ὡς
761 1372 997 1427 ἀκακίαν
1022 1371 1199 1442 ἐαυτῷ
1228 1375 1544 1445 μαρτυρεῖν,
1565 1372 1743 1426 καίτοι
1771 1373 1910 1425 ἀνω-

327 1462 472 1532 τέρω
494 1463 704 1534 φήσαςο
742 1481 761 1514 ‹
805 1463 985 1517 Ἴασαι
1020 1463 1120 1534 τὴν
1168 1462 1344 1535 ψυχήν
1377 1479 1500 1534 μου,
1535 1464 1618 1516 ὅτι
1659 1461 1909 1534 ἦμαρτόν

331 1570 434 1607 σοι.
470 1572 491 1604 ›
539 1553 699 1608 Ἀλλά
728 1554 790 1607 τὸ
825 1554 945 1625 μὲν,
978 1575 997 1606 ε
1027 1553 1275 1626 ἦμαρτόν
1310 1571 1414 1619 σοι,
1460 1574 1478 1606 ι
1505 1554 1696 1619 ὁποίας
1730 1554 1910 1626 ἔχεται

324 1644 566 1709 διανοίας
620 1646 1107 1719 προδιειλήφαμεν.
1143 1647 1251 1700 Καὶ
1282 1649 1310 1700 ὁ
1338 1646 1630 1718 Σύμμαχος
1661 1647 1719 1700 δὲ
1749 1647 1913 1714 σαφέ-

330 1754 522 1812 στερον
551 1739 895 1812 παρέστησεν
933 1738 1137 1793 εἰπών’
1166 1758 1185 1791 ι
1218 1741 1399 1794 Ἴασαι
1435 1739 1539 1811 τὴν
1575 1739 1754 1810 ψυχήν
1785 1755 1909 1811 μου,

2003 649 2116 703 quo
2134 635 2454 706 juvabatur,
2496 643 2551 692 et
2578 635 2846 692 beneficia
2875 633 3151 704 capiebat,
3183 634 3583 692 remnneravit.

2001 728 2073 783 At
2133 743 2266 785 vero
2317 728 2577 800 quoniam
2634 727 2845 783 inimici
2916 726 3240 782 insidiantes
3305 724 3584 794 dicebant,

2009 842 2029 875 ι
2053 824 2273 893 quando
2305 823 2592 886 morietur,
2618 830 2672 877 et
2697 819 2899 891 peribit
2924 834 3126 875 nomen
3150 818 3271 888 ejus
3295 816 3320 872 ?
3354 838 3374 871 ι
3400 824 3455 875 et
3483 834 3589 890 pu-

2004 915 2194 970 tabant
2230 923 2408 971 morte
2451 916 2690 985 sopitum
2743 928 2853 968 non
2916 912 3153 983 amplius
3183 918 3587 979 surrecturum,

2004 1006 2215 1060 idcirco
2238 1006 2356 1076 ipse
2389 1004 2643 1060 Salvator
2671 1020 2735 1058 ac
2773 1003 3037 1059 Dominus
3072 1002 3238 1076 [συ
3281 1010 3473 1059 noster
3500 1002 3590 1059 his

2007 1099 2234 1155 adversa
2265 1104 2544 1168 precatur,
2573 1104 2626 1152 et
2645 1095 2936 1152 reditionis
2963 1095 3032 1150 ad
3065 1096 3234 1151 vitam
3262 1095 3383 1151 sine
3411 1096 3591 1167 impe-

2006 1192 2250 1247 dimento
2291 1206 2351 1244 se
2380 1199 2686 1260 compotem
2721 1188 2839 1245 ﬁeri
2870 1186 3090 1243 Patrem
3126 1203 3289 1244 suum
3333 1197 3475 1253 orat,
3505 1187 3596 1245 di-

2007 1298 2176 1339 cens:
2212 1301 2231 1333 ι
2267 1282 2347 1337 Tu
2371 1290 2574 1346 autem,
2605 1281 2855 1346 Domine,
2891 1281 3151 1336 miserere
3195 1282 3324 1347 mei,
3361 1290 3416 1338 et
3466 1293 3593 1337 sus-

2008 1375 2116 1430 cita
2141 1390 2248 1439 me,
2283 1382 2336 1429 et
2360 1375 2659 1430 retribuam
2696 1375 2797 1430 eis.
2830 1373 2888 1428 in
2921 1376 3026 1431 hoc
3057 1375 3288 1446 cognovi
3315 1371 3460 1445 quod
3499 1362 3601 1428 v04

2009 1466 2159 1521 luisti
2195 1482 2302 1532 me,
2333 1467 2479 1537 quod
2512 1483 2622 1522 non
2654 1466 2917 1537 gaudebit
2940 1466 3200 1522 inimicus
3238 1481 3397 1523 meus
3426 1479 3596 1537 super

2009 1574 2097 1614 me
2119 1559 2186 1615 “.
2228 1579 2247 1612 ι
2288 1559 2355 1612 Ει
2383 1575 2516 1615 sane
2546 1560 2694 1614 haud
2730 1560 3029 1616 obscurum
3060 1566 3170 1624 est,
3202 1575 3363 1631 quem
3390 1559 3447 1614 in
3476 1573 3597 1614 mo-

2009 1654 2140 1708 dum
2172 1660 2464 1724 postquam
2493 1668 2523 1707 a
2551 1654 2784 1709 mortuis
2814 1654 2998 1717 rediit,
3026 1653 3304 1725 evestigio
3325 1668 3501 1725 neque
3520 1652 3597 1707 ita

2010 1745 2185 1799 multo
2208 1753 2352 1816 post,
2372 1760 2467 1801 eos
2499 1746 2593 1816 qui
2617 1745 2697 1799 illi
2744 1746 2979 1801 insidias
3010 1754 3330 1802 struxerant
3359 1745 3600 1801 retribu-

328 1832 426 1884 καὶ
487 1833 537 1884 εί
582 1832 830 1904 ἥμαρτον
891 1848 1010 1886 σοι⁸
1053 1851 1072 1883 ι
1105 1832 1134 1885 ὃ
1161 1832 1256 1886 καλ¹
1287 1831 1417 1886 αὐτὸ
1457 1831 1652 1900 λέγοιτ’
1684 1830 1750 1885 ἂν
1783 1832 1912 1901 περὶ

2023 1839 2092 1894 tio
2122 1840 2235 1893 ulta
2275 1839 2368 1906 sit,
2401 1847 2570 1910 utque
2623 1852 2708 1903 ea,
2735 1854 2857 1909 quae.
2893 1838 3015 1894 vita:
3060 1838 3181 1909 ejus
3215 1838 3438 1893 inimica
3480 1841 3601 1892 erat

329 1923 440 1978 τῶν
471 1924 758 1997 ἡμετέρων
782 1925 1214 1998 ἁμαρτημάτων,
1236 1925 1380 1997 άπερ
1404 1926 1434 1977 ὁ
1458 1923 1647 1996 Σωτὴρ
1674 1924 1770 1978 καὶ
1801 1922 1914 1977 Κύ-

2023 1945 2186 1995 mors,
2238 1930 2311 1985 sit
2358 1931 2568 2001 pudore
2613 1928 2869 1998 confusa,
2922 1930 3060 1985 adeo
3120 1929 3215 1985 illa
3262 1928 3485 2002 quidem
3538 1934 3603 1983 ut

336 2033 449 2089 ριος
485 2017 642 2089 ἡμῶν
667 2020 747 2084 είς
802 2019 995 2073 ἑαυτὸν
1030 2018 1334 2086 ἀνεδέξατο.
1385 2018 1458 2071 Te
1486 2017 1569 2081 δὲ,
1604 2037 1622 2070 ι
1672 2017 1836 2089 Ἐμοῦ
1861 2018 1918 2072 δέ

328 2107 420 2162 διά
437 2111 540 2181 τὴν
574 2111 810 2166 ἀκακίαν
836 2111 1151 2175 avre-M600,
1175 2130 1193 2161 ι
1216 2110 1314 2183 τὴν
1328 2110 1392 2162 δι’
1426 2109 1547 2163 ὅλου
1570 2109 1919 2183 καθαρότητα

324 2198 434 2270 τῆς
466 2201 633 2255 αὐτοῦ
662 2202 878 2273 φύσεως
923 2202 1244 2276 παρίστησι,
1283 2202 1351 2255 δι’
1394 2201 1460 2272 ἣν
1485 2203 1580 2255 καὶ
1603 2202 1665 2255 τὸ
1709 2202 1919 2275 ἑδραῖον

329 2295 426 2348 καὶ
452 2295 708 2350 ἄσειστον
744 2298 844 2369 τῆς
870 2296 1035 2367 ζωῆς,
1059 2296 1151 2350 καὶ
1181 2296 1283 2365 τῆς
1321 2295 1458 2366 μετά
1498 2294 1596 2367 τὴν
1630 2295 1923 2349 ἀνάστασιν

330 2385 497 2440 αὐτοῦ
528 2387 803 2459 σωτηρίας
848 2387 1112 2443 διδάσκων
1144 2388 1385 2456 ἐπιλέγει
1408 2404 1421 2417 ·
1455 2407 1474 2437 Ι
1514 2387 1623 2441 Καὶ
1665 2386 1921 2440 ἐϐεϐαίω-

335 2478 435 2542 σάς
466 2495 533 2548 με
561 2478 791 2534 ἐνώπιόν
822 2498 917 2534 σου
961 2482 1041 2545 εἰς
1078 2481 1169 2535 τὸν
1190 2480 1392 2534 αίῶνα·
1427 2500 1449 2531 ›
1469 2480 1525 2552 ἢ,
1559 2498 1577 2531 t
1606 2480 1717 2534 Καὶ
1748 2498 1922 2552 παρα-

335 2571 553 2641 στήσεις
609 2588 677 2643 με
735 2570 1042 2645 ἔμπροσθέν
1101 2590 1194 2626 σου
1240 2572 1308 2618 δι’
1363 2574 1574 2637 αἰῶνος,
1606 2591 1625 2624 ι
1660 2572 1802 2626 κατὰ
1827 2573 1919 2626 τὸν

333 2662 405 2716 Σύ
415 2681 652 2735 μμαχον.

2016 2024 2177 2098 quasi
2209 2023 2470 2095 probrum
2500 2024 2552 2079 ei
2600 2022 2928 2094 objicientes
2959 2022 3207 2080 dicerent
3242 2041 3257 2078 :
3298 2041 3318 2074 ι
3357 2020 3464 2077 Ubi
3492 2029 3598 2085 est.

2018 2130 2190 2179 mors,
2224 2115 2480 2171 stimulus
2499 2116 2663 2171 tuus?
2685 2116 2778 2171 ubi
2801 2124 2906 2180 est,
2927 2130 3097 2181 mors,
3116 2114 3350 2170 victoria
3375 2122 3469 2168 tua
3488 2112 3596 2167 "‘h

2019 2208 2309 2274 Caeterum,
2342 2208 2388 2263 si
2419 2208 2543 2279 quis
2589 2208 2853 2264 historias
2902 2216 3151 2278 tempora
3203 2213 3328 2279 post
3376 2204 3602 2260 reditio~

2021 2318 2146 2357 nem
2187 2303 2255 2357 ad
2285 2302 2454 2357 vitam
2489 2301 2791 2357 Salvatoris
2826 2302 3003 2357 nostri
3051 2302 3388 2371 complexas,
3418 2311 3540 2368 quae
3572 2311 3605 2350 a

2021 2393 2261 2464 Josepho
2301 2394 2627 2463 conscripta:
2670 2393 2805 2458 sint,
2850 2391 3136 2455 evolverit,
3197 2389 3357 2445 facile
3401 2386 3607 2443 videbit

2023 2499 2271 2555 quaenam
2296 2482 2641 2553 calamitates
2685 2481 2968 2536 Judaicam
3002 2489 3219 2552 gentem
3267 2488 3431 2548 atque
3482 2474 3606 2546 ejus

2022 2577 2299 2648 principes
2329 2577 2668 2641 invaserint,
2701 2584 2864 2646 atque
2892 2575 3206 2637 afﬂixerint,
3236 2574 3462 2642 in'quas
3492 2584 3611 2624 mev

2023 2668 2132 2724 rito
2171 2668 2247 2722 illi
2289 2669 2626 2733 inciderunt,
2654 2677 2713 2722 ut
2759 2666 2984 2722 sceleris
3012 2666 3158 2737 quod
3212 2664 3269 2719 in
3323 2664 3479 2718 ilium
3511 2676 3609 2732 pa-

329 2760 615 2810 traverant
646 2755 870 2825 praemia
918 2753 1080 2826 digna
1124 2755 1478 2825 reciperent:
1506 2764 1561 2810 et
1593 2753 1711 2811 hac
1754 2756 1976 2826 quidem
2016 2759 2199 2813 omnia
2249 2758 2515 2813 adversus
2545 2757 2669 2814 illos
2718 2758 2989 2828 completa
3042 2766 3189 2821 sunt,
3240 2762 3301 2810 ut
3325 2753 3610 2809 oraculum

331 2848 679 2920 praedixerat.
730 2847 1031 2906 Salvatoris
1074 2858 1254 2905 autem
1297 2850 1474 2906 nostri
1526 2849 1594 2905 de
1635 2858 1809 2905 morte
1846 2849 1913 2903 ad
1950 2849 2116 2903 vitam
2166 2850 2362 2904 reditio
2421 2850 2580 2920 plane
2614 2850 2872 2905 omnibus
2902 2832 3320 2913 demonstravit,
3341 2855 3611 2919 quantum

333 2941 441 2996 sibi
471 2940 635 2999 Pater
668 2940 726 2996 in
773 2941 869 2998 illo
910 2942 1200 3013 placuerit,
1235 2957 1399 3013 quam
1446 2941 1666 3013 quidem
1715 2956 1830 2996 rem
1879 2941 1997 3011 ipse
2032 2940 2294 3010 ostendit,
2329 2941 2521 2996 dicens
2550 2959 2563 2996 :
2601 2959 2619 2992 ι
2653 2939 2915 2996 Miserere
2946 2940 3075 3004 mei,
3104 2947 3159 2994 et
3186 2940 3393 2994 suscita
3418 2954 3526 3000 me,
3554 2945 3611 2992 et

332 3036 636 3090 retribuam
693 3034 796 3092 eis.
844 3033 906 3091 In
951 3036 1057 3092 hoc
1101 3037 1334 3108 cognovi
1375 3036 1521 3108 quod
1583 3035 1805 3091 voluisti
1852 3051 1960 3099 me,
2023 3034 2170 3105 quod
2224 3050 2333 3089 non
2388 3035 2643 3106 gaudebit
2708 3034 2965 3090 inimicus
3024 3048 3178 3088 meus
3222 3046 3388 3101 super
3440 3043 3545 3084 me.
3586 3048 3606 3083 υ

334 3125 541 3182 Deinde
572 3126 865 3199 adjungit:
906 3147 926 3180 ι
969 3126 1054 3183 Me
1082 3136 1262 3185 autem
1290 3138 1514 3199 propter
1542 3128 1913 3185 innocentiam
1957 3130 2317 3200 suscepisti.)
2354 3129 2590 3185 Attende
2632 3134 2814 3184 autem
2852 3140 3090 3198 quonam
3147 3136 3308 3196 pacto
3339 3124 3445 3195 ipsi
3500 3121 3612 3179 Deo

332 3229 390 3278 et
426 3220 576 3277 Patri
625 3237 726 3280 suo
784 3223 1126 3298 supplicans,
1168 3231 1322 3278 tanta
1372 3232 1560 3279 utatur
1610 3224 1863 3280 libertate
1912 3225 2190 3295 loquendi,
2242 3233 2305 3280 ut
2357 3226 2461 3281 sibi
2508 3223 2615 3295 ipsi
2661 3223 2989 3278 innocentia:
3036 3221 3409 3277 testimonium
3459 3219 3614 3274 exhi-

334 3311 485 3375 beat,
531 3311 753 3368 tametsi
801 3313 1056 3383 superius
1108 3314 1251 3369 dixit
1282 3333 1337 3369 τί
1364 3313 1508 3369 Sana
1560 3314 1796 3368 animam
1834 3331 2032 3382 meam,
2071 3316 2202 3387 quia
2234 3316 2453 3386 peccavi
2488 3316 2609 3370 tibi.
2644 3334 2663 3368 ι
2705 3313 2811 3370 Sed
2862 3310 2994 3368 illud
3043 3311 3285 3383 quidem,
3315 3330 3334 3363 ι
3391 3313 3615 3383 peccavi

336 3404 460 3467 tibi,
497 3409 681 3473 {,quo
706 3420 874 3461 sensu
917 3406 989 3460 sit
1036 3406 1451 3477 accipiendum,
1479 3416 1639 3464 antea
1697 3409 1916 3479 planum
1960 3407 2210 3475 fecimus,
2243 3408 2389 3477 quod
2452 3407 2816 3481 Symmachus
2859 3406 3103 3478 apertius
3150 3406 3426 3474 exposuit,
3486 3420 3613 3459 cum

340 3494 479 3556 dixit
516 3513 531 3549 :
568 3514 588 3548 ι
618 3494 764 3550 Sana
808 3496 1045 3553 animam
1080 3514 1285 3564 meam,
1315 3502 1422 3557 etsi
1452 3501 1672 3571 peccavi
1718 3501 1817 3555 tibi
1850 3519 1862 3554 :
1903 3520 1922 3553 ο
1960 3500 2107 3571 quod
2141 3517 2272 3556 sane
2298 3502 2477 3571 ipsum
2513 3502 2675 3557 etiam
2712 3491 2787 3556 de'
2832 3501 3072 3571 peccatis
3112 3500 3319 3555 nostris
3349 3498 3456 3553 dici
3514 3512 3621 3567 μοι

340 3593 471 3651 test,
507 3599 629 3655 qua:
662 3582 913 3640 Salvator
963 3602 1027 3643 ac
1074 3587 1339 3645 Dominus
1371 3600 1556 3646 noster
1600 3591 1656 3645 in
1705 3591 1941 3659 seipsum
1983 3592 2243 3661 suscepit.
2296 3590 2430 3646 Illud
2466 3602 2646 3647 autem
2690 3612 2702 3646 :
2741 3611 2759 3642 ‹
2797 3591 2880 3647 Me
2934 3600 3114 3646 autem
3162 3598 3378 3661 propter
3432 3589 3593 3643 inno~

341 3682 578 3733 centiam
643 3676 957 3746 suscepisti,
1016 3697 1036 3730 ι
1094 3679 1390 3748 puritatem
1447 3689 1660 3736 naturas
1711 3681 1906 3749 ipsius,
1961 3696 2123 3750 quam
2178 3688 2348 3735 totam
2397 3681 2733 3751 possidebat,
2771 3680 3129 3743 demonstrat,
3161 3694 3229 3733 ex
3258 3693 3363 3748 qua
3394 3677 3602 3746 purita-

345 3776 402 3824 te
472 3767 647 3822 vitam
714 3783 934 3840 quoque
977 3776 1032 3826 et
1073 3772 1303 3828 salutem
1344 3773 1594 3829 stabilem
1650 3782 1813 3843 atque
1851 3774 2235 3831 inconcussam
2299 3781 2424 3847 post
2473 3775 2707 3831 reditum
2764 3774 2937 3845 ipsius
2984 3770 3053 3826 ad
3104 3772 3269 3825 vitam
3335 3783 3620 3840 exponens

345 3861 594 3930 adjungit
628 3878 642 3915 :
678 3878 697 3911 ‹
740 3859 807 3915 Ει
837 3861 1179 3920 conﬁrmasti
1211 3879 1297 3920 me
1326 3864 1384 3919 in
1416 3874 1716 3935 conspectu
1751 3875 1843 3921 tuo
1871 3866 1927 3920 in
1962 3873 2249 3933 aeternum,
2284 3887 2303 3920 ι
2369 3875 2471 3938 θυι,
2512 3866 2672 3922 aliter
2693 3884 2721 3933 ⁴ε
2764 3883 2782 3917 ι
2820 3862 2886 3918 Et
2918 3862 3223 3921 constitues
3254 3877 3342 3917 me
3386 3869 3513 3916 ante
3544 3870 3602 3917 te

342 3957 403 4016 in
429 3970 713 4026 aternum,
745 3981 765 4016 ι
801 3970 863 4017 ut
889 3961 1284 4032 interpretatus
1315 3965 1400 4015 est
1432 3956 1818 4030 Symmachus.

358 4077 493 4157 Ἅπῤ
520 4076 627 4157 τοᾷ
653 4074 898 4157 tia/lycii
924 4074 1032 4157 κδ’.
1063 4104 1134 4116 -
1153 4074 1438 4157 ξἘτιθπερί
1462 4071 1805 4153 τοῦθἸοὑδα,
1826 4071 1922 4157 καὶ

2027 4069 2186 4143 471
2212 4070 2255 4122 Α
2283 4067 2491 4157 psalmo
2521 4083 2629 4123 Ltv.
2660 4065 2898 4157 T'Itein
2944 4065 3008 4121 de
3049 4063 3197 4146 Iuda
3227 4073 3282 4157 et
3323 4064 3387 4120 de
3427 4064 3499 4157 iis.
3523 4067 3616 4137 qui

418 4146 536 4202 τῶν
557 4135 679 4201 σὺνῖ
701 4135 863 4212 αὺὶῷ
889 4145 1004 4214 τὴν
1032 4144 1182 4200 κατὰ
1212 4144 1318 4199 τοῦ
1332 4135 1590 4213 Χριστοῦ
1610 4140 1922 4210 συσκέυὴν

2051 4135 2222 4195 ’ἱιῦη
2261 4135 2320 4194 eo
2381 4137 2633 4193 adversus
2684 4135 2957 4192 Christum
3013 4136 3435 4205 conjurationem
3471 4135 3613 4207 [ece-

417 4215 859 4286 πεποιημένων.
1946 4244 1955 4257 κ
2101 4220 2245 4266 runt.

425 4351 444 4383 ι
492 4329 800 4397 Ἐνώτισαι,
822 4333 851 4385 ό
874 4331 1027 4396 Θεὸς,
1057 4329 1156 4402 τὴν
1201 4330 1506 4402 προσευχήν
1539 4346 1665 4400 μου,
1713 4327 1809 4381 καὶ
1858 4324 1932 4398 μὴ

351 4420 612 4494 ὑπερίδῃς
670 4421 768 4494 τὴν
820 4421 1002 4495 δέησίν
1041 4438 1166 4493 μου.
1224 4421 1471 4493 Πρόσχες
1508 4437 1618 4492 μοι,
1671 4419 1766 4473 καὶ
1823 4420 1934 4473 είσ-

2111 4347 2130 4380 ‹
2170 4327 2413 4384 Auribus
2445 4325 2688 4397 percipe,
2718 4321 2888 4387 Deus,
2912 4320 3217 4377 orationem
3241 4336 3440 4386 meam,
3471 4331 3527 4376 et
3547 4335 3619 4377 ne

2034 4418 2350 4490 despexeris
2378 4416 2819 4488 deprecationem
2866 4428 3066 4469 meam.
3111 4404 3316 4468 Praesta
3349 4420 3615 4469 attentum

352 4514 587 4569 ἀκουσόν
650 4531 771 4585 μου.
803 4513 1109 4585 Ἐλυπήθην
1153 4515 1211 4567 ἐν
1245 4515 1312 4584 τῇ
1369 4511 1651 4583 ἀδολεσχίᾳ
1693 4528 1814 4582 μου,
1841 4511 1935 4563 καὶ

353 4605 659 4679 ἐταράχθην
721 4605 829 4660 ἀπὸ
887 4605 1070 4677 φωνῆς
1120 4604 1338 4678 ἐχθροῦ,
1402 4605 1495 4658 καὶ
1545 4604 1654 4658 ἀπὸ
1706 4602 1935 4673 θλίψεως

352 4697 709 4769 ἀμαρτωλοῖν
753 4699 836 4751 ὅτι
885 4697 1162 4762 ἐξέκλιναν
1194 4699 1280 4752 ἐπ’
1314 4696 1414 4769 ἐμὲ
1463 4695 1713 4767 ἀνομίαν,
1752 4695 1847 4749 καὶ
1879 4696 1935 4747 ἐν

354 4791 491 4862 ὀργῇ
546 4789 825 4844 ἐνεκότουν
882 4806 991 4861 μοι.
1059 4788 1125 4842 Ἦ
1176 4787 1375 4861 καρδία
1412 4804 1517 4860 μου
1560 4785 1836 4859 ἐταράχθη
1878 4786 1937 4839 ἐν

355 4882 501 4953 ἐμοὶ,
556 4881 650 4936 καὶ
704 4879 877 4936 δειλία
929 4879 1160 4935 θανάτου
1208 4879 1474 4933 ἐπέπεσεν
1507 4880 1596 4933 ἐπ’
1628 4876 1748 4950 ἐμέ.
1769 4876 1938 4940 Φόϐος

357 4975 452 5030 καὶ
482 4973 684 5045 τρόμος
713 4969 878 5045 ἦλθεν
901 4971 989 5024 ἐπ’
1021 4971 1144 5043 ἐμὲ,
1174 4970 1270 5024 xai.
1296 4968 1534 5039 ἐκάλυψέ
1575 4986 1643 5041 με
1677 4968 1887 5032 σκότος,
1913 4986 1931 5018 ι

358 5066 453 5121 καὶ
478 5063 547 5118 τά
581 5063 741 5134 ἑξῆς·
783 5058 864 5129 οἷς
900 5063 1174 5133 ἐπιλέγει⁸
1211 5081 1231 5114 ι
1277 5060 1708 5126 Καταπόντισον,
1743 5058 1937 5130 Κύριε,

358 5161 451 5217 καὶ
474 5159 756 5216 καταδίελε
778 5158 878 5224 τάς
905 5156 1157 5228 γλώσσας
1188 5156 1365 5211 αὐτῶν
1383 5173 1398 5188 ο
1430 5156 1513 5211 ὅτι
1541 5149 1679 5208 εἶδον
1702 5139 1940 5223 ’ἀνομίαν

360 5251 456 5306 καὶ
494 5248 804 5319 ἀντιλογίαν
838 5248 897 5303 ἐν
922 5251 991 5321 τῇ
1015 5248 1188 5302 πόλει.
1228 5246 1471 5319 Ἡμέρας
1506 5245 1600 5301 καὶ
1625 5242 1816 5307 νυκτὸς
1840 5260 1940 5296 κυ-

362 5340 560 5397 κλώσει
612 5339 782 5412 αὐτὴν
828 5339 922 5394 ἐπὶ
950 5338 1021 5394 τά
1049 5339 1206 5411 τείχη
1244 5339 1433 5410 αὐτῆς,
1471 5337 1566 5392 καὶ
1612 5334 1810 5407 ἀνομία
1848 5333 1942 5387 καὶ

362 5433 531 5499 κόπος
562 5433 621 5487 ἐν
645 5432 798 5503 μέσῳ
824 5430 1128 5503 αὐτῆς,καὶ
1171 5430 1384 5485 ἀδικίαι
1426 5430 1521 5483 καὶ
1562 5428 1664 5483 οὐκ
1696 5425 1941 5492 ἐξέλιπεν

362 5525 431 5580 ἐκ
457 5525 569 5581 τῶν
608 5523 882 5580 πλατειῶν
935 5523 1105 5595 αὐτῆς
1141 5521 1300 5586 τόκος
1354 5522 1449 5576 καὶ
1484 5520 1653 5585 δόλος.
1698 5521 1842 5587 Ὅτι,
1893 5519 1941 5573 εί

365 5617 558 5690 ἐχθρὸς
602 5615 847 5673 ὠνείδισέ
891 5634 981 5689 με,
1027 5616 1310 5687 ὑπήνεγκα
1359 5612 1445 5668 ἀν.
1491 5614 1557 5668 Et
1595 5613 1624 5666 ὀ
1659 5611 1832 5683 μισῶν
1873 5627 1942 5683 με

368 5710 457 5766 ἐπ’
486 5709 587 5782 ἐμὲ
617 5708 1224 5784 ἐμεγαλορρημόνησεν,
1263 5704 1502 5779 ἐκρύὸην
1536 5704 1602 5760 ἂν
1633 5705 1719 5758 ἐπ’
1752 5701 1916 5759 αὐτοῦ

2035 4517 2090 4566 te
2112 4510 2267 4575 mihi,
2303 4517 2357 4565 et
2399 4507 2600 4565 exaudi
2648 4522 2757 4563 me.
2792 4506 3167 4562 Contristatus
3201 4522 3321 4562 sunt
3357 4505 3413 4559 in
3446 4520 3619 4576 nuga-

2034 4603 2183 4657 tione
2219 4616 2360 4670 mea,
2391 4608 2445 4657 et
2465 4600 2826 4656 conturbatus
2856 4614 2978 4655 sum
3012 4613 3044 4653 a
3075 4614 3206 4654 voce
3244 4597 3474 4661 inimici,
3495 4607 3546 4653 et
3585 4611 3624 4650 a

2036 4694 2387 4749 tribulatione
2414 4694 2757 4764 peccatoris:
2805 4694 3066 4765 quoniam
3122 4693 3533 4747 declinaverunt
3561 4690 3624 4744 in

2037 4799 2123 4839 me
2150 4783 2516 4854 iniquitatem,
2540 4788 2594 4838 et
2640 4783 2695 4837 in
2729 4782 2811 4837 ira
2859 4783 3078 4839 molesti
3125 4791 3285 4837 erant
3315 4781 3470 4834 mihi.
3507 4777 3627 4834 Cor

2037 4891 2217 4930 meum
2239 4875 2623 4931 conturbatum
2649 4882 2730 4930 est
2758 4876 2812 4929 in
2839 4891 2944 4939 me,
2966 4882 3021 4930 et
3051 4873 3285 4929 formido
3311 4871 3505 4927 mortis
3526 4884 3619 4925 ce-

2038 4966 2171 5021 cidit
2203 4981 2369 5037 super
2397 4981 2503 5021 me.
2534 4964 2720 5022 Timor
2745 4973 2798 5022 et
2822 4973 3025 5023 tremor
3039 4971 3309 5020 venerunt
3331 4977 3494 5033 super
3510 4978 3625 5029 me,

2038 5064 2092 5112 et
2118 5064 2481 5112 contexerant
2519 5073 2607 5113 me
2638 5058 2876 5114 tenebra:
2898 5057 2970 5122 “,
2999 5077 3017 5109 ι
3050 5066 3104 5112 et
3144 5070 3265 5126 quae
3287 5062 3615 5126 sequuntur,

2040 5151 2240 5221 quibus
2276 5149 2556 5222 adjungit:
2597 5168 2617 5202 ι
2665 5148 2973 5219 Praecipita,
3028 5146 3276 5211 Domine,
3336 5154 3389 5201 et
3439 5144 3628 5200 divide

2040 5240 2255 5311 linguas
2277 5255 2469 5296 eorum
2498 5256 2512 5292 :
2535 5240 2793 5310 quoniam
2807 5238 2917 5294 vidi
2950 5236 3290 5308 iniquitatem
3317 5244 3371 5290 et
3398 5242 3629 5289 contra:

2041 5331 2338 5389 dictionem
2373 5332 2429 5386 in
2448 5332 2688 5387 civitate.
2707 5330 2803 5386 Die
2831 5345 2896 5384 ac
2918 5336 3081 5384 nocte
3107 5327 3469 5384 circumdabit
3495 5342 3625 5381 eam

2044 5441 2209 5495 super
2235 5440 2425 5501 muros
2452 5424 2593 5494 ejus,
2624 5434 2676 5479 et
2730 5422 2991 5494 iniquitas
3042 5427 3096 5477 et
3149 5420 3304 5475 labor
3353 5421 3407 5473 in
3440 5420 3627 5474 medio

2046 5520 2168 5591 ejus
2190 5525 2246 5574 et
2282 5517 2553 5588 injustitia
2586 5534 2601 5572 :
2635 5522 2691 5572 et
2720 5530 2832 5570 non
2882 5508 3083 5569 defecit
3132 5511 3199 5568 de
3252 5512 3446 5584 plateis
3500 5510 3627 5581 ejus

2046 5627 2218 5668 usura
2247 5619 2301 5667 et
2317 5610 2498 5667 dolus.
2527 5607 2795 5675 Quoniam
2827 5605 2875 5662 si
2909 5604 3166 5661 inimicus
3199 5603 3402 5675 probro
3426 5618 3513 5658 me
3542 5601 3620 5657 af-

2047 5700 2286 5769 fecisset,
2322 5698 2708 5759 sustinuissem
2743 5696 2952 5769 utique.
3015 5694 3082 5752 Et
3131 5696 3180 5754 si
3229 5695 3278 5753 is
3309 5693 3404 5766 qui
3431 5692 3624 5750 oderat

352 5942 353 5945 η
444 5886 490 5922 δ’
528 5886 673 5946 Psal.
697 5904 798 5967 ⁸ιι,
838 5888 923 5958 Η,
960 5887 1046 5944 53.
1122 5886 1170 5922 ”
1204 5885 1227 5943 Ι
1258 5886 1526 5966 Cor._xv,
1561 5884 1649 5943 55.
1726 5882 1771 5918 “
1808 5881 1922 5942 Psal

2025 5894 2099 5952 tv,
2144 5878 2261 5935 2-6.
