4098 6444
517 425 617 480 751

1113 422 1382 478 EUSEBI!
1418 419 1894 478 CESARIENSIS
1933 419 2085 477 OPP.
2125 417 2303 474 PARS
2343 420 2408 475 ll.
2446 449 2517 461 —
2555 415 3051 476 APOLOGETICA.

3651 417 3769 473 73!

517 550 626 598 me,
659 548 824 603 super
851 548 937 588 me
965 547 1157 603 magna
1186 533 1400 588 locutus
1432 532 1644 596 fuisset,
1675 533 2084 589 abscondissem

2188 531 2259 584 Σὺ
2309 531 2386 594 δὲ,
2437 531 2687 602 ἄνθρωπε
2740 532 2978 603 ἰσόψυχε,
3018 529 3240 602 ἡγεμών
3283 548 3386 601 μου
3431 533 3758 600 scalmo-ti

516 640 604 681 me
625 623 857 680 forsitan
909 624 976 678 ab
1001 639 1084 678 eo.
1120 623 1199 677 Tu
1229 639 1357 678 vero
1384 624 1546 679 homo
1568 625 1862 688 unanimis,
1888 633 1942 680 et
1973 622 2084 678 dux

516 726 692 777 meus,
724 721 778 768 et
803 721 966 768 notus
998 727 1190 769 meus:
1225 714 1319 783 qui
1351 717 1406 768 in
1429 713 1569 768 idem
1597 714 1786 769 dulces
1808 727 2086 782 compara-

513 803 612 858 bas
665 802 797 856 ntihi
844 803 1016 858 cibos.
1074 803 1130 856 In
1166 802 1328 857 domo
1372 801 1467 856 Dei
1513 803 1910 858 ambulavimus
1957 817 2083 857 cum

512 907 786 948 consensu
815 894 881 948 ".
923 913 942 945 ι
981 895 1054 947 Ex
1086 894 1172 949 bis
1216 895 1378 964 igitur
1428 893 1560 948 illud
1596 911 1611 948 :
1647 911 1668 946 ι
1717 893 1772 947 Si
1829 894 2083 950 inimicus

509 983 714 1048 probro
737 998 822 1036 me
852 981 1141 1049 affecisset,
1173 984 1556 1038 snstinuisscm
1587 983 1793 1052 utique.
1836 981 1903 1035 Et
1949 985 1994 1038 si
2035 983 2082 1038 is

512 1072 605 1140 qui
632 1072 824 1125 oderat
860 1088 962 1134 me,
1008 1089 1171 1142 super
1218 1089 1303 1126 me
1360 1089 1555 1143 magna
1611 1074 1825 1128 locutus
1867 1072 2078 1138 fuisset,

511 1161 921 1218 abscondissem
985 1180 1070 1218 me
1104 1163 1331 1219 forsitan
1385 1165 1453 1219 ab
1499 1180 1583 1219 eo.
1649 1163 1730 1219 Tu
1761 1181 1887 1220 vero
1921 1165 2083 1220 homo

513 1255 810 1318 unanimis,
833 1265 886 1310 et
909 1255 1016 1309 dux
1049 1271 1221 1317 meus,
1255 1266 1309 1310 et
1339 1267 1502 1311 notus
1532 1273 1706 1321 meus,
1727 1258 1820 1327 qui
1854 1258 1910 1311 in
1941 1257 2080 1312 idem

514 1344 703 1400 dulces
737 1348 1096 1416 comparabas
1139 1348 1269 1400 mihi
1310 1347 1486 1410 cibos,
1528 1366 1546 1399 ι
1605 1348 1781 1403 simile
1821 1356 1903 1402 est
1953 1349 2027 1402 illi
2063 1369 2077 1404 :

517 1455 538 1488 ι
585 1439 795 1491 Etenim
842 1437 1004 1490 homo
1055 1439 1206 1506 pacis
1263 1454 1415 1501 meai,
1461 1441 1513 1504 in
1557 1456 1666 1509 quo
1721 1441 1955 1510 speravi,
1987 1441 2080 1510 qui

511 1528 707 1583 edebat
735 1545 902 1597 panes
928 1545 1096 1592 meos,
1133 1530 1495 1600 magnificavit
1517 1545 1680 1600 super
1703 1547 1787 1586 me
1818 1533 2080 1602 supplan-

513 1619 774 1670 tationem
806 1617 851 1647 “
884 1637 896 1672 :
931 1637 949 1669 ι
988 1619 1132 1686 quod
1165 1634 1285 1672 cum
1311 1620 1377 1674 de
1407 1619 1544 1674 Juda
1579 1621 1650 1674 sit
1681 1621 2078 1690 accipiendum,

513 1708 569 1761 in
595 1708 864 1776 superiori
911 1709 1190 1778 preplielia
1220 1710 1455 1778 positum
1489 1718 1592 1765 est.
1626 1710 1694 1765 Ut
1724 1727 1852 1782 ergo
1885 1714 1938 1766 in
1987 1714 2082 1767 illo

513 1799 815 1862 dicebatur,
843 1800 1004 1853 homo
1039 1802 1189 1869 pacis
1223 1802 1514 1871 aliquando
1545 1802 1714 1858 fuisse
1734 1844 1748 1869 ,
1783 1806 1873 1874 qui
1904 1821 2079 1874 quon-

2193 639 2315 691 μου,
2348 622 2406 685 ὂς
2428 622 2519 675 ἐπὶ
2541 621 2601 674 τὸ
2629 623 2758 675 αὐτὸ
2807 622 3107 690 ἐγλύκανάς
3135 638 3222 691 μοι
3259 621 3550 692 ἐδέσματα,
3588 623 3646 676 ἐν
3675 623 3758 693 τῷ

2186 713 2319 782 οῐκῳ
2371 713 2462 766 τοῦ
2497 712 2629 765 Θεοῦ
2677 713 3048 783 ἐπορεύθημεν
3090 712 3147 765 ἐν
3177 713 3415 782 ὁμονοίᾳ.
3454 731 3474 764 ι
3511 711 3604 778 Τὸ,
3635 730 3656 763 ι
3691 713 3757 768 El

2188 801 2376 872 ἐχθρὸς
2399 801 2636 854 ὠνείδισέ
2673 818 2760 871 με,
2787 802 3066 871 ὑπήνεγκα
3095 799 3181 866 ἂν,
3226 819 3245 851 ι
3274 800 3368 852 καὶ
3393 819 3412 851 ι
3441 801 3504 853 El
3523 804 3552 855 6
3582 801 3756 872 μισῶν

2192 911 2258 964 με
2284 895 2370 945 ἐπ’
2405 893 2504 964 ἐμὲ
2553 891 3151 964 ἐμεγαλορρημόνησεν,
3183 892 3421 963 ἐκρύϐην
3442 893 3506 946 ἂν
3540 893 3624 945 ἐπ’
3653 896 3759 948 αὖα

2185 987 2301 1040 τοῦ.
2327 987 2399 1040 Σὺ
2431 986 2507 1048 δὲ,
2539 985 2789 1056 ἄνθρωπε
2836 984 3076 1054 ἰσόψυχε,
3116 983 3339 1055 ἡγεμὼν
3369 1001 3468 1054 μου
3496 985 3592 1038 καὶ
3620 1003 3760 1055 γνω-

2189 1077 2283 1130 στέ
2316 1095 2438 1148 μου,
2470 1077 2529 1140 ὃς
2571 1078 2664 1130 ἐπὶ
2705 1077 2767 1130 τὸ
2791 1077 2920 1130 αὐτὸ
2951 1076 3253 1144 ἐγλύκανάς
3290 1092 3379 1146 μοι
3407 1077 3700 1147 ἐδέσματα,
3733 1097 3752 1128 ι

2185 1168 2367 1239 ὅμοιόν
2427 1169 2544 1220 ἐστι
2577 1167 2676 1238 τῷ,
2715 1185 2734 1219 ι
2772 1169 2881 1220 Καὶ
2903 1165 3009 1237 γάρ
3033 1169 3061 1220 ό
3095 1166 3378 1238 ἄνθρωπος
3408 1166 3507 1236 τῆς
3532 1168 3760 1238 εἰρήνης

2190 1277 2312 1329 μου,
2347 1260 2430 1328 ἐφ’
2459 1258 2518 1311 ὃν
2541 1258 2808 1328 ήλπισα,ό
2834 1257 3026 1310 ἐσθίων
3049 1256 3244 1327 ἄρτους
3276 1273 3398 1326 μου,
3425 1256 3758 1326 ἐμεγάλυνεν

2187 1353 2270 1402 ἐπ’
2300 1351 2398 1420 ἐμὲ
2449 1350 2808 1420 πτερνισμόν·
2847 1368 2866 1400 ›
2894 1348 3022 1418 περὶ
3060 1347 3155 1400 τοῦ
3221 1347 3386 1400 Ἰούδα
3446 1349 3504 1399 ἐν
3538 1349 3601 1417 τῇ
3649 1347 3758 1417 πρὸ

2187 1444 2384 1512 ταύτης
2439 1442 2740 1513 προφητείᾳ
2798 1442 3054 1512 κειμένῳ.
3088 1441 3295 1511 Ὥσπερ
3323 1434 3415 1494 οὖν
3459 1441 3516 1492 ἐν
3562 1439 3758 1508 ἐκείνῳ

2187 1535 2458 1587 ἐδείκνυτο
2502 1534 2784 1604 ἄνθρωπος
2824 1535 3045 1604 εἰρήνης
3080 1533 3209 1585 ποτέ
3259 1530 3516 1599 γεγονὼς,
3556 1531 3645 1584 ὅτε
3675 1529 3756 1600 τῷ

2185 1625 2399 1696 Σωτῆρι
2425 1624 2809 1696 ἐμαθητεύετο,
2840 1619 2920 1688 εἷς
2957 1626 3051 1677 καί⁵
3083 1623 3241 1687 αὐτὸς
3271 1622 3365 1676 τοῦ
3384 1623 3492 1675 τῶν
3524 1621 3756 1676 ἀποστό-

2186 1714 2290 1767 λων
2334 1712 2566 1785 ἀριθμοῦ
2622 1714 2963 1784 χρηματίσας
2985 1730 2996 1743 ·
3025 1712 3165 1766 οὓτω
3195 1712 3290 1766 καὶ
3325 1713 3382 1764 ἐν
3423 1712 3500 1782 τῷ
3532 1728 3756 1784 προκει-

2191 1806 2333 1876 μένῳ
2363 1804 2613 1874 ἰσόψυχος
2636 1805 2728 1856 καὶ
2743 1803 2967 1874 ἡγεμὼν
2997 1804 3089 1856 καὶ
3111 1802 3349 1871 γνωστὸς
3383 1801 3529 1871 αὐτῷ
3581 1817 3748 1872 προσ-

512 1889 636 1944 dam
663 1905 693 1943 a
729 1889 1005 1946 Salvatore
1031 1893 1434 1958 instituebatur,
1466 1910 1590 1948 cum
1622 1895 1738 1965 ipse
1769 1911 1986 1966 quoque
2012 1912 2079 1951 ex

2188 1895 2518 1966 αγορεύεται.
2538 1898 2647 1950 Καὶ
2664 1896 2821 1950 πάλιν
2839 1896 2914 1958 ὡς
2930 1895 2985 1947 ἐν
3002 1893 3193 1964 ἐκείνῳ
3212 1912 3278 1948 πε
3288 1894 3339 1966 pl.
3355 1893 3516 1946 αὑτοῦ
3535 1893 3719 1964 εἴρητο
3737 1910 3751 1923 ο

513 1997 742 2036 numero
770 1985 1138 2052 apostolorum
1173 2001 1314 2041 unus
1351 1994 1518 2050 esset,
1542 1987 1622 2041 sic
1667 1987 1824 2041 etiam
1855 1988 1908 2040 in
1941 2002 2080 2057 ιιι-τε·

514 2074 675 2138 senti,
707 2083 760 2129 et
810 2077 1102 2140 unanimis,
1153 2085 1207 2133 et
1263 2078 1394 2139 dux.
1431 2085 1484 2133 et
1541 2087 1704 2134 notus
1752 2079 1929 2135 dictus
1975 2087 2080 2136 est.

513 2163 644 2220 ltem
677 2166 1134 2235 quemadmodum
1165 2169 1219 2223 in
1261 2171 1354 2223 illo
1387 2170 1454 2224 de
1482 2170 1672 2224 eodem
1716 2170 1918 2224 dictum
1951 2180 2036 2226 est
2065 2190 2078 2226 :

517 2276 538 2310 ι
575 2257 674 2324 Qui
707 2258 901 2314 edebat
953 2276 1122 2330 panes
1164 2276 1334 2325 meos,
1367 2262 1734 2330 magniticavit
1784 2279 1947 2332 super
1999 2278 2085 2318 me

512 2353 1045 2422 supplantationem,
1113 2372 1131 2404 ι
1187 2354 1256 2406 ita
1306 2354 1468 2407 etiam
1528 2367 1675 2408 nunc
1725 2369 1791 2408 cx
1851 2367 2084 2424 persona

509 2445 686 2514 ipsius
721 2444 925 2497 dicitur
957 2445 1088 2497 illud
1124 2463 1137 2498 :
1175 2463 1193 2496 ι
1229 2444 1333 2510 Qui
1371 2433 1425 2498 in
1457 2443 1598 2498 idem
1633 2445 1818 2499 dulces
1864 2459 2086 2514 compa-

509 2537 676 2591 rabas
708 2537 839 2590 mibi
875 2537 1049 2590 cibos.
1075 2555 1094 2587 ι
1122 2535 1332 2590 Etenim
1361 2551 1425 2590 ex
1453 2536 1520 2590 iis
1542 2535 1655 2606 ipse
1684 2531 1902 2606 quoque
1943 2552 2082 2591 unus

509 2638 649 2694 erat,
682 2631 772 2699 qui
802 2629 869 2682 ad
899 2644 1180 2691 arcanam,
1214 2644 1321 2698 qua
1343 2643 1465 2683 cum
1505 2629 1620 2683 suis
1653 2629 1936 2698 discipulis
1966 2637 2085 2683 ute—

509 2720 695 2782 batur,
752 2718 1053 2777 Salvatoris
1101 2721 1275 2774 nostri
1326 2719 1779 2775 consuetudinem
1827 2722 2084 2790 spirituas

512 2811 728 2881 lemque
765 2813 949 2866 cibum
999 2813 1267 2884 assumpti
1329 2811 1587 2866 fuerant:
1638 2810 1799 2882 472
1839 2827 1963 2865 nam
2015 2813 2083 2868 ad

511 2902 796 2972 profanam
827 2904 1230 2957 multitudinem
1260 2910 1313 2957 et
1335 2901 1401 2954 ad
1433 2902 1621 2955 turbas
1653 2916 1777 2954 cum
1806 2902 1969 2956 verba
1999 2903 2082 2956 fa-

511 3003 680 3056 ceret,
706 2997 982 3065 parabolis
1006 2997 1276 3050 utebatur.
1307 2994 1450 3049 Solis
1479 3010 1608 3048 vero
1629 2994 1747 3050 suis
1777 2979 2080 3064 discipuﬁs,

513 3088 569 3142 in
595 3103 824 3156 quorum
856 3087 1100 3142 ordinem
1152 3087 1313 3142 etiam
1348 3085 1519 3141 Judas
1563 3086 1839 3141 admissus
1884 3086 2082 3152 fuerat,

513 3179 756 3248 apertius
777 3179 959 3232 omnia
988 3177 1418 3233 demonstrabat.
1461 3177 1536 3232 Ex
1567 3194 1676 3248 quo
1705 3178 1837 3232 illud
1875 3178 2081 3233 dictum

513 3277 635 3326 est:
675 3288 694 3320 ‹
728 3268 828 3334 Qui
860 3270 1053 3323 edebat
1084 3285 1252 3338 panes
1288 3285 1471 3332 meos,
1501 3270 1870 3340 magnificavit
1921 3286 2086 3341 super

513 3375 602 3414 me
649 3360 1180 3429 supplantationem;
1227 3379 1244 3411 ι
1283 3368 1336 3415 et
1387 3361 1516 3414 illud
1554 3379 1568 3416 :
1619 3379 1638 3411 ι
1703 3362 1797 3431 qui
1844 3363 1899 3416 in
1945 3363 2088 3417 idem

513 3450 701 3505 dulces
733 3451 1087 3520 comparabas
1119 3451 1247 3504 milii
1281 3452 1455 3514 cibos.
1519 3475 1538 3508 ι
1595 3453 1740 3524 quod
1792 3466 1924 3506 sane
1973 3455 2090 3508 evi-

515 3541 736 3596 dentius
778 3540 1048 3611 expressit
1087 3541 1282 3610 Aquila
1322 3543 1542 3612 quidem
1574 3558 1654 3598 διο
1691 3555 1706 3595 r
1737 3560 1754 3594 ι
1792 3541 1896 3608 Qui
1925 3540 2087 3602 simul

514 3631 675 3685 dulce
712 3632 1164 3701 comparabamus
1197 3647 1482 3686 arcanum.
1525 3651 1544 3684 ι
1580 3630 1941 3702 Symmachus
1991 3646 2088 3684 au-

514 3731 622 3776 tem
649 3722 729 3776 sic
764 3742 776 3776 :
813 3741 830 3772 ι
869 3722 970 3788 Qui
998 3723 1143 3776 inter
1176 3739 1276 3778 nos
1305 3724 1844 3778 communicabamus
1872 3722 2087 3777 dulcem

516 3814 785 3868 sermonis
814 3814 1289 3869 consuetudinem.
1332 3834 1350 3866 ›
1385 3814 1491 3868 Pro
1515 3815 1608 3868 illo
1631 3829 1798 3869 vero:
1832 3833 1850 3865 ι
1887 3813 1966 3867 Tu
1997 3831 2090 3869 au-

515 3912 624 3956 tem
668 3906 829 3957 homo
866 3905 1162 3967 unanimis,
1191 3904 1300 3958 dux
1334 3921 1508 3967 meus,
1545 3913 1598 3960 et
1629 3913 1793 3959 notus
1846 3921 2023 3969 meus,
2062 3925 2080 3958 ι

517 3994 878 4066 Symmachus
913 3996 986 4048 ita
1035 3997 1306 4050 convertit
1340 4015 1354 4050 :
1394 4015 1412 4047 ι
1455 3995 1536 4049 Τιι
1571 4005 1752 4050 autem
1783 3996 1946 4051 homo
1972 4013 2088 4051 mo-

517 4087 594 4141 ris
624 4087 867 4156 ejnsdem
899 4102 1132 4149 mecura,
1157 4095 1210 4141 et
1230 4086 1336 4140 dux
1373 4102 1548 4150 meus,
1580 4095 1633 4142 et
1658 4095 1823 4142 notus
1851 4103 2037 4142 meus:
2063 4106 2082 4139 ι

517 4193 640 4231 nam
669 4193 793 4232 cum
831 4179 897 4232 ad
946 4187 1152 4232 tantam
1191 4177 1509 4248 dignitatem
1558 4188 1877 4250 assumptus
1919 4187 2086 4246 esset,

516 4276 570 4323 et
599 4269 667 4322 ob
693 4270 743 4322 id
781 4270 922 4323 inter
953 4270 1156 4338 primos
1188 4269 1488 4324 Salvatoris
1516 4271 1722 4325 amicos
1748 4280 2085 4336 censeretur,

517 4359 714 4414 merito
749 4361 816 4415 de
848 4375 912 4415 eo
953 4363 1034 4416 sic.
1064 4362 1138 4415 ait
1175 4379 1189 4415 :
1225 4378 1244 4412 ι
1277 4359 1333 4415 Si
1370 4362 1626 4416 inimicus
1661 4363 1860 4432 probro
1893 4378 1980 4418 me
2009 4363 2092 4417 af-

519 4450 762 4513 fecisset,
792 4452 1178 4507 suslinuissem
1225 4454 1434 4522 utique,
1473 4471 1490 4504 »
1526 4462 1580 4507 et
1613 4469 1734 4522 quae
1763 4463 2085 4523 sequuntur.

2191 2006 2207 2038 ι
2233 1987 2288 2039 '0
2318 1986 2511 2040 ἐσθίων
2547 1987 2741 2056 ἄρτους
2769 2003 2892 2056 μου,
2924 1985 3250 2056 ἐμεγάλυνεν
3282 1986 3366 2038 ἐπ’
3400 1985 3500 2054 ἐμὲ
3535 2000 3756 2054 πτερνι-

2185 2079 2318 2148 σμόν
2343 2097 2390 2131 Ὶ
2428 2079 2519 2132 τὸν
2554 2079 2714 2132 αὑτὸν
2769 2079 2967 2150 τρόπον
2998 2079 3090 2131 καὶ
3132 2078 3226 2130 ἐπὶ
3254 2076 3347 2130 τοῦ
3384 2077 3648 2148 παρόντος
3676 2077 3760 2139 είς

2184 2169 2346 2223 αὑτοῦ
2397 2171 2683 2240 πρόσωπον
2700 2168 2914 2236 λέγεται
2938 2168 3018 2233 τὸ,
3061 2187 3080 2220 ι
3111 2170 3208 2230 ’ος
3241 2168 3335 2222 ἐπὶ
3358 2167 3417 2220 τὸ
3448 2167 3578 2221 αὐτὸ
3597 2167 3759 2235 ἐγλύ⁹

2185 2261 2350 2324 κανάς
2388 2278 2474 2331 μοι
2499 2261 2785 2330 ἐδέσματα.
2819 2278 2836 2311 ι
2865 2260 2975 2312 Καὶ
3020 2259 3129 2330 γάρ
3170 2259 3280 2312 τῶν
3319 2259 3760 2330 καταξιουμένων

2184 2350 2276 2401 καὶ
2301 2348 2458 2411 αὐτὸς
2491 2342 2570 2410 εἷς
2611 2343 2678 2418 ἦν
2731 2348 2829 2419 τῆς
2862 2349 3171 2421 ἀπορρήτου
3195 2349 3332 2420 πρὸς
3356 2350 3483 2413 τοὺς
3514 2348 3760 2420 μαθητὰς

2183 2439 2276 2492 τοῦ
2302 2440 2547 2510 Σωτῆρος
2580 2439 2737 2510 ήμῶν
2758 2441 2972 2510 ὁμιλίας
3014 2457 3074 2493 τε
3112 2440 3205 2493 καὶ
3234 2441 3609 2511 πνευματικῆς
3635 2457 3761 2512 τρο-

2185 2528 2328 2598 φῆς·
2355 2531 2465 2591 τοίς
2503 2528 2599 2598 μέν
2622 2528 2730 2598 γὰρ
2768 2529 2871 2593 ἔξω
2901 2529 3130 2598 πλήθεσι
3183 2530 3277 2584 καὶ
3319 2534 3431 2594 τοῖς
3480 2529 3658 2600 ὄχλοις
3701 2533 3762 2585 ἐν

2184 2620 2516 2690 παραϐολαῖς
2551 2620 2747 2686 ἐλάλει,
2791 2621 2970 2692 μόνοις
3011 2623 3068 2674 δέ
3099 2624 3212 2686 τοῖς
3247 2621 3439 2675 ἐαυτοῦ
3471 2622 3760 2694 μαθηταῖς,

2183 2714 2240 2765 ἐν
2291 2706 2372 2773 οἷς
2433 2715 2524 2765 καὶ
2568 2713 2596 2764 ὁ
2650 2713 2846 2776 Ἰούδας
2889 2712 3209 2783 ἐξητάζετο,
3275 2712 3500 2766 ἐπέλυεν
3525 2715 3759 2770 ᾶπαντα.

2183 2803 2272 2855 Διὸ
2326 2802 2606 2857 λέλεκται·
2644 2822 2663 2854 ι
2711 2805 2767 2856 'U
2788 2803 2980 2857 ἐσθίων
3037 2805 3230 2875 ἄρτους
3280 2822 3380 2876 μου
3430 2805 3762 2875 ἐμεγάλυνεν

2184 2893 2268 2946 ἐπ’
2298 2893 2396 2962 ἐμὲ
2442 2892 2793 2964 πτερνισμὺν,
2833 2911 2851 2943 ι
2885 2893 2999 2955 καὶ,
3033 2911 3052 2944 ι
3096 2892 3190 2956 Ὃς
3228 2891 3318 2943 ἐπὶ
3346 2891 3406 2944 τὸ
3444 2891 3575 2944 αὐτὸ
3607 2891 3763 2960 ἐγλύ-

2183 2979 2350 3040 κανάς
2381 2995 2468 3048 μοι
2503 2979 2800 3050 ἐδέσματα·
2842 2998 2861 3030 )
2907 2979 3050 3051 ἅπερ
3095 2979 3426 3051 σαφέστερον
3451 2979 3710 3052 ἐξέφηνεν
3733 2982 3761 3034 ὁ

2187 3070 2283 3140 μὲν
2323 3069 2550 3133 Ἀκύλας
2601 3070 2799 3124 εἰπών·
2839 3089 2858 3122 ι
2903 3072 2967 3124 Οἳ
3017 3070 3152 3141 ὁμοῦ
3187 3070 3562 3142 ἐγλυκάναμεν
3590 3072 3761 3141 ἀπόρο

2188 3164 2379 3234 ρητον·
2426 3180 2444 3212 ι
2476 3163 2504 3215 6
2539 3161 2595 3213 δέ
2633 3161 2958 3232 Σύμμαχος·
3002 3181 3020 3212 ι
3055 3163 3262 3226 Οῖτινες
3283 3162 3758 3232 ἐκοινολογούμεθα

2112 3223 2156 3287 C
2187 3223 2440 3321 γλυκεῖαν
2485 3223 2724 3324 ὁμιλίανί
2757 3223 2782 3304 ἰ
2829 3223 2975 3306 avt).
3017 3253 3074 3307 δέ
3096 3252 3209 3316 τοῦ,
3299 3255 3370 3306 Σὺ
3400 3254 3474 3316 δὲ,
3504 3223 3752 3324 ἀνθρωπε

2191 3343 2430 3412 ίσόψυχε,
2467 3343 2689 3413 ήγεμών
2721 3361 2842 3414 μου,
2878 3343 2972 3396 καὶ
3021 3343 3229 3412 γνωστέ
3258 3361 3380 3415 μου,
3410 3361 3427 3394 ι
3462 3345 3489 3395 6
3531 3343 3758 3412 Σύμμα-

2188 3433 2280 3504 χός
2313 3451 2442 3504 φησι
2467 3451 2479 3463 ·
2521 3453 2538 3484 ι
2581 3434 2650 3485 Σὺ
2677 3434 2754 3498 δέ,
2786 3433 3036 3504 ἄνθρωπε
3065 3433 3331 3505 όμότροπέ
3371 3452 3480 3505 μοι,
3509 3435 3602 3486 καὶ
3631 3435 3759 3503 ἡγε-

2191 3523 2305 3594 μών
2355 3543 2476 3596 μου,
2526 3527 2617 3578 καὶ
2670 3526 2879 3594 γνωστέ
2916 3541 3050 3596 μου·
3094 3544 3112 3576 ι
3165 3525 3465 3596 ἐπειδήπερ
3497 3527 3762 3578 τοσούτων

2187 3615 2487 3686 ἠξιωμένος
2544 3617 2695 3684 φίλος
2741 3619 2799 3668 ἐν
2851 3619 2964 3679 τοῖς
3000 3614 3232 3685 μάλιστα
3264 3611 3330 3686 ἦν
3361 3615 3458 3668 τοῦ
3493 3615 3762 3685 Σωτῆρος,

2187 3706 2409 3769 εἰκότως
2440 3708 2572 3778 φησί
2608 3707 2734 3777 περὶ
2775 3705 2937 3759 αὐτοῦ
2962 3706 3043 3767 τὸ,
3089 3723 3108 3755 ι
3144 3705 3285 3766 Ὅτι,
3311 3705 3359 3756 εί
3394 3703 3587 3774 ἐχθρὸς
3613 3702 3767 3755 ὠνεί-

2187 3797 2300 3851 δισέ
2337 3815 2422 3868 με,
2453 3799 2735 3869 ὑπήνεγκα
2761 3797 2824 3851 ἄν
2850 3813 2862 3824 ·
2905 3815 2923 3848 ι
2961 3796 3054 3848 καὶ
3080 3793 3148 3847 τὰ
3174 3793 3317 3863 ἐξῆς.
3351 3792 3535 3846 Ταῦτα
3561 3792 3615 3845 δὲ
3642 3792 3768 3864 περὶ

2186 3889 2280 3942 τοῦ
2327 3889 2497 3942 Ἰούδα
2551 3889 2834 3954 θεσπίσας,
2871 3888 3178 3952 ἀκολούθως
3206 3887 3304 3957 τὴν
3330 3888 3394 3939 ἐκ
3415 3884 3509 3938 τοῦ
3536 3884 3766 3938 θανάτου

2191 3981 2462 4052 σωτηρίαν
2483 3982 2575 4034 καὶ
2620 3979 2903 4051 ἀποφυγὴν
2936 3980 3128 4034 ἑαυτοῦ
3173 3979 3520 4052 προδιδάσκει
3555 3976 3765 4044 λέγων·

2194 4093 2213 4125 ι
2268 4073 2405 4141 Ἐγὼ
2440 4073 2575 4142 πρὸς
2596 4073 2686 4126 τὸν
2712 4074 2842 4125 Θεὸν
2870 4073 3163 4144 ἐκέκραξα,
3193 4072 3288 4126 καὶ
3319 4074 3346 4124 ὁ
3371 4069 3570 4138 Κύριος
3595 4066 3771 4121 ἔσωσὲ

2193 4181 2279 4238 με.
2325 4164 2594 4233 Ἐσπέρας
2628 4166 2721 4218 καὶ
2763 4164 2908 4236 πρωῒ
2934 4167 3027 4218 καὶ
3061 4162 3407 4235 μεσημϐρίας
3429 4161 3773 4228 διηγήσομαι

2189 4258 2283 4312 καὶ
2336 4256 2651 4325 ἀπαγγελῶ,
2703 4257 2797 4310 καὶ
2847 4257 3222 4310 εἰσακούσεται
3273 4254 3372 4323 τῆς
3426 4249 3609 4320 φωνῆς
3640 4268 3768 4320 μου.

2189 4349 2534 4421 Δυτρώσεται
2561 4352 2618 4403 ἐν
2652 4351 2841 4421 εἰρήνῃ
2872 4349 2970 4418 τὴν
3005 4349 3181 4418 ψυχήν
3209 4363 3310 4416 μου
3332 4361 3346 4374 ⁸
3373 4363 3390 4395 ι
3423 4343 3497 4406 ὡς
3535 4344 3592 4394 ἐν
3633 4344 3768 4413 εί)χῇ

2189 4442 2278 4493 τὸν
2313 4441 2418 4510 πρὸ
2448 4439 2540 4493 τοῦ
2575 4441 2804 4493 θανάτου
2850 4438 3041 4508 καιρὸν
3079 4434 3352 4506 σημαίνει,
3379 4433 3499 4487 καθ’
3523 4433 3580 4486 ὃν
3615 4433 3706 4484 καὶ
3737 4434 3771 4484 ὁ

518 4540 620 4600 Ubi
655 4551 834 4597 autem
877 4544 988 4598 haec
1023 4544 1090 4598 de
1138 4543 1277 4598 Juda
1327 4545 1546 4609 cecinit,
1577 4544 1771 4600 ordine
1827 4546 2084 4614 deinceps

2203 4533 2401 4596 Ἰούδας
2435 4533 2504 4585 τὰ
2528 4532 2627 4601 τῆς
2649 4532 2767 4584 κατ’
2800 4527 2962 4582 αὐτοῦ
3001 4527 3287 4600 προδοσίας
3315 4528 3766 4580 συνεσκευάσατο.

518 4635 896 4690 liberationem
935 4650 965 4688 a
1026 4645 1198 4691 morte
1254 4636 1676 4706 evasionemque
1729 4651 1883 4690 suam
1937 4643 2084 4691 tanto

2193 4624 2325 4676 Τότε
2349 4620 2440 4677 οὖν
2469 4624 2497 4674 ὁ
2525 4622 2713 4694 Σωτήρ
2766 4620 2858 4674 καὶ
2895 4619 3098 4690 Κύριος
3127 4617 3303 4690 ἡμῶν,
3328 4618 3402 4680 ὡς
3439 4617 3531 4670 ἐπὶ
3564 4616 3772 4686 ὀλέθρῳ

518 4734 646 4781 ante
673 4726 876 4780 indicat
919 4727 1024 4781 illis
1055 4728 1235 4782 verbis
1264 4746 1275 4781 :
1301 4745 1320 4778 ι
1362 4727 1472 4798 Ego
1516 4727 1584 4781 ad
1634 4724 1803 4782 Deum
1832 4727 2085 4791 clamavi,

516 4828 573 4875 et
595 4817 856 4873 Dominus
884 4819 1111 4872 salvavit
1142 4834 1248 4874 me.
1276 4818 1516 4889 Vespere
1533 4825 1587 4874 et
1612 4833 1770 4874 mane
1789 4827 1843 4872 et
1864 4818 2091 4874 meridie

519 4912 757 4966 narrabo
789 4919 844 4966 et
872 4912 1231 4976 annuntiabo,
1257 4919 1312 4966 et
1345 4911 1598 4966 exaudiet
1636 4926 1825 4966 vocem
1884 4925 2088 4975 meam,

521 5003 750 5059 redimet
782 5004 835 5058 in
859 5019 992 5073 pace
1015 5006 1248 5058 animam
1272 5019 1446 5058 meam
1465 5004 1532 5058 ".
1564 5023 1584 5056 ι
1623 5002 1714 5058 Sic
1740 5011 1998 5073 tanquam
2033 5003 2090 5056 in

521 5109 683 5164 prece
711 5103 923 5164 tempus
952 5094 1094 5164 quod
1157 5102 1384 5149 mortem
1439 5094 1756 5158 antecessit,
1799 5093 2091 5164 significat,

523 5199 631 5254 quo
663 5183 883 5254 quidem
913 5191 1156 5254 tempore
1173 5182 1342 5239 Judas
1381 5199 1599 5254 quoque
1629 5183 1694 5237 ad
1725 5182 2092 5253 proditionem

525 5277 944 5344 comparabatur
967 5283 1158 5329 contra
1183 5277 1356 5330 illmn.
1388 5275 1544 5328 Tunc
1577 5276 1720 5329 enim
1751 5273 2001 5328 Salvator
2028 5287 2093 5326 ac

527 5363 790 5420 Dominus
820 5372 1024 5429 noster,
1061 5365 1226 5419 Veluti
1283 5365 1352 5418 ob
1384 5365 1683 5434 perniciem
1724 5372 1888 5432 atque
1921 5364 2092 5417 inter-

529 5454 664 5508 itum
694 5456 778 5508 sui
811 5454 1097 5510 familiaris
1149 5456 1341 5510 dolens
1389 5470 1759 5525 maerensque,
1806 5469 1868 5508 ac
1919 5455 2095 5508 multo

529 5544 692 5599 etiam
731 5547 905 5616 magis
930 5549 999 5602 ob
1018 5549 1186 5610 totius
1213 5545 1454 5602 Judaica:
1494 5547 1672 5618 gentis
1710 5545 2092 5616 perditionem,

532 5639 791 5704 tanquam
821 5637 890 5691 ob
909 5652 1040 5693 suos
1056 5635 1125 5691 ad
1152 5636 1423 5691 insaniam
1455 5635 1728 5700 redactos,
1749 5641 1805 5690 et
1834 5642 2092 5704 tanquam

2195 4716 2288 4769 καὶ
2311 4714 2535 4785 ἀπολείᾳ
2562 4714 2654 4766 τοῦ
2677 4712 2950 4782 γνωρίμου
2993 4708 3293 4780 δυσφορῶν,
3325 4708 3420 4760 καὶ
3459 4707 3537 4758 ἔτι
3570 4706 3770 4776 μᾶλλον

2197 4806 2288 4858 ἐπὶ
2319 4809 2385 4877 τῇ
2409 4805 2504 4858 τοῦ
2550 4804 2747 4866 παντὸς
2789 4801 3056 4856 Ἰουδαίων
3079 4801 3263 4863 ἔθνους
3285 4798 3546 4868 ἀποϐολῇ,
3581 4797 3769 4869 ὥσπερ

2197 4897 2290 4950 ἐπὶ
2360 4897 2656 4970 μεμηνόσιν
2708 4893 2946 4957 οἰκείοις,
2976 4893 3068 4947 καὶ
3105 4893 3178 4955 ὡς
3212 4891 3304 4944 ἐπὶ
3334 4889 3607 4959 φιλτάτοις
3630 4905 3769 4957 συμ-

2197 4989 2442 5059 πάσχων,
2464 4990 2643 5041 πᾶσαν
2661 4987 2759 5057 τὴν
2787 4986 2921 5057 πρὸς
2945 4986 3138 5047 αὐτοὺς
3155 4983 3370 5059 ὁμιλίαν
3395 4982 3485 5035 καὶ
3514 4981 3771 5033 διδασκα-

2198 5058 2337 5145 λίαν,
2360 5080 2447 5134 διὰ
2501 5078 2563 5132 τὸ
2609 5079 2773 5149 μηδὲν
2811 5077 3004 5140 αὐτοὺς
3051 5058 3412 5145 ὠφεληκέναι,
3459 5070 3773 5142 ἀδολεσχίαν

2201 5172 2489 5237 ἀποκαλεῖ,
2519 5171 2743 5241 φάσκων
2763 5187 2776 5200 ο
2801 5188 2819 5220 ι
2843 5167 3148 5238 Ἑλυπήθην
3171 5167 3228 5220 ἐν
3249 5168 3315 5234 τῇ
3338 5163 3619 5233 ἀδολεσχίᾳ
3639 5179 3764 5232 μου,

2206 5266 2301 5318 καὶ
2351 5264 2658 5335 ἐταράχθην
2682 5261 2791 5314 ἀπὸ
2834 5259 3015 5330 φωνῆς
3044 5257 3260 5329 ἐχθροῦ,
3292 5257 3384 5309 καὶ
3409 5255 3514 5308 ἀπὸ
3535 5253 3770 5321 θλίψεως

2193 5355 2518 5426 ἀμαρτωλοῦ
2538 5372 2551 5385 ·
2581 5355 2662 5407 ὅτι
2681 5353 3008 5417 ἐξέκλιναν,›
3029 5351 3214 5420 φησὶν,
3245 5367 3262 5399 ι
3291 5347 3376 5400 ἐπ’
3416 5345 3515 5417 ἐμὲ
3539 5344 3772 5413 ἀνομίαν

2198 5449 2293 5499 καὶ
2321 5448 2379 5499 ἐν
2411 5447 2546 5518 ὀργῇ
2576 5447 2857 5499 ἐνεκότουν
2895 5460 2983 5514 μοι
3009 5459 3023 5474 ο
3061 5461 3079 5493 ›
3108 5441 3249 5511 ἅπερ
3293 5437 3516 5492 δύναται
3547 5437 3644 5507 μὲν
3676 5437 3774 5488 καὶ

2198 5537 2291 5590 ἐπὶ
2335 5539 2461 5601 τοὺς
2513 5539 2778 5610 ἄρχοντας
2811 5535 2917 5588 τῶν
2949 5535 3014 5588 ἐκ
3047 5533 3348 5604 περιτομῆς
3379 5528 3771 5600 ἀναφέρεσθαι,

2201 5630 2326 5692 τοὺς
2352 5629 2636 5700 ἐχθρωδῶς
2669 5631 2760 5684 καὶ
2806 5625 3258 5687 ἐπιδουλευτικῶς
3283 5622 3581 5692 ἐνεδρεύειν
3606 5619 3776 5673 αὐτὸν

622 5805 668 5837 ⁸⁸
705 5805 846 5863 Psal.
872 5823 979 5874 Liv,
1005 5807 1182 5866 10-15.
1225 5812 1304 5889 _“
1343 5810 1488 5868 Psal.
1523 5827 1624 5882 ιι,
1659 5811 1747 5868 10.
1822 5812 1865 5852 ⁸⁷
1903 5809 2047 5867 Psal.
2083 5826 2192 5878 Liv,
2235 5809 2418 5865 l'iol9.
