4098 6416
340 344 446 399 737

1220 341 1873 399 DEMONSTRATIONIS
1913 340 2373 398 EVANGELleE
2415 339 2633 396 LiB.X.

3480 336 3589 396 738

337 456 468 532 περὶ
496 455 662 512 αὐτοῦ
697 457 1073 530 συμϐήσεσθαι
1105 456 1386 521 θεσπίσας.
1421 455 1588 529 Φησὶν
1619 452 1748 511 οὖν’
1787 476 1806 507 ι
1855 458 1912 510 '0

2015 468 2161 512 ctum
2196 458 2567 528 descriptione
2609 455 2888 528 dignatus,
2921 457 3067 528 quod
3115 456 3220 513 sibi
3255 471 3360 512 usu
3401 464 3591 514 ventu—

334 552 489 619 Θεὸς,
529 552 629 625 τὴν
661 551 867 607 αῐνεσίν
904 568 1005 622 μου
1044 549 1117 622 μὴ
1144 550 1602 622 παρασιωπήσης,
1631 566 1651 601 ι
1684 548 1783 620 τὴν
1816 549 1906 602 ὑπ’

336 644 500 701 αὐτοῦ
546 644 935 716 παραδοθεῖσαν
978 645 1091 706 τοῖς
1130 641 1294 695 αὑτοῦ
1349 641 1615 714 μαθηταῖς
1657 641 1911 695 διδασκα-

333 738 476 805 λίαν,
509 739 605 794 καὶ
627 738 729 808 τῆς
756 737 951 806 καινῆς
977 735 1252 808 Διαθήκης
1281 736 1380 807 τὴν
1418 734 1624 791 αῖνεσιν
1655 752 1909 808 παρακα-

332 829 444 885 λῶν
500 831 577 903 μὴ
627 828 1111 901 κατασιγασθῆναι,
1172 828 1306 882 ἀλλὰ
1361 828 1457 882 καὶ
1505 829 1586 893 είς
1634 828 1726 882 τὸν
1783 827 1910 899 ἑξῆς

335 920 550 978 ἅπαντα
580 922 749 976 αἰῶνα
781 910 1117 993 παραμεῖναι
1141 921 1219 993 τῷ
1251 920 1367 993 βίῳ.
1408 940 1426 973 ι
1450 921 1633 992 Στόμα
1653 920 1711 973 δὲ
1735 921 1911 994 ἁμαρ⁴

334 1014 506 1069 τωλοῦ
540 1015 633 1068 καὶ
665 1015 839 1086 στόμα
867 1014 1036 1069 δολίου
1075 1033 1095 1067 ι
1121 1014 1326 1086 κυρίως
1375 1012 1442 1067 ἂν
1473 1012 1686 1084 λεχθείη
1718 1013 1778 1066 τὸ
1814 1011 1906 1067 τοῦ

347 1107 534 1173 Ἰούδα,
568 1107 627 1170 ὃς
668 1106 955 1179 πορευθεὶς
984 1108 1121 1179 πρὸς
1164 1108 1292 1171 τοὺς
1322 1107 1596 1179 ἀρχιερεῖς
1623 1101 1776 1160 εἶπεν
1813 1107 1911 1159 αὑ-

331 1202 444 1264 τοῖς
467 1216 480 1231 :
518 1219 538 1251 ι
573 1200 637 1253 Τί
669 1200 849 1255 θέλετέ
878 1218 969 1272 μοι
996 1200 1199 1264 δοῦναι,
1234 1198 1390 1269 κάγὼ
1430 1200 1556 1270 ὑμῖν
1601 1197 1909 1270 παραδώσω

331 1292 494 1347 αὐτόν
517 1309 531 1357 ;
558 1294 621 1347 Οἱ
649 1293 706 1347 δέ
730 1293 962 1365 ἔστησαν
985 1292 1134 1364 αὐτῷ
1160 1292 1452 1365 τριάκοντα
1478 1292 1770 1363 στατῆρας.
1797 1292 1909 1346 Καὶ

333 1382 440 1437 ἀπὸ
470 1383 591 1437 τότε
617 1382 797 1456 ἐζήτει
827 1383 1132 1458 εὐκαιρίαν,
1160 1386 1245 1438 ἴνα
1273 1384 1434 1439 αὐτὸν
1460 1382 1739 1455 παραδῷ.»
1784 1384 1906 1436 Τοι-

333 1470 474 1530 αῦτα
494 1475 625 1546 γοῦν
653 1477 774 1530 κατ’
817 1475 982 1529 αὐτοῦ
1029 1476 1372 1548 συνθέμενος,
1406 1468 1486 1539 εἷς
1522 1471 1591 1545 ἦν
1629 1474 1740 1529 τῶν
1773 1472 1910 1545 μετά

331 1564 503 1621 ταῦτα
534 1568 630 1621 σὺν
662 1566 809 1638 αὐτῷ
840 1568 1211 1640 ἀνακειμένων
1240 1571 1298 1621 ἐν
1316 1566 1395 1640 τῷ
1419 1568 1514 1621 τοῦ
1543 1568 1738 1639 Πάσχα
1772 1584 1909 1638 συμ-

334 1659 532 1729 ποσίῳ,
563 1659 649 1712 ὅτε
684 1659 778 1713 καὶ
807 1658 971 1723 αὐτὸς
1003 1662 1032 1714 ὁ
1074 1658 1264 1731 Σωτήρ
1294 1659 1450 1730 ήμῶν
1486 1658 1731 1713 ἀνέκειτο
1772 1657 1908 1729 μετὰ

333 1750 440 1805 τῶν
491 1749 718 1815 δώδεκα,
769 1750 1055 1805 ἐσθιόντων
1101 1769 1162 1805 τε
1212 1750 1390 1805 αὐτῶν
1433 1748 1583 1805 εἶπεν
1604 1769 1617 1783 ·
1676 1771 1695 1803 ι
1738 1750 1908 1823 Ἀμὴν

2015 562 2136 604 rum
2158 558 2297 615 erat,
2319 551 2538 607 cecinit.
2570 549 2660 604 Ait
2679 550 2857 619 igitur
2881 569 2895 606 :
2928 570 2947 603 ι
2976 550 3148 613 Deus,
3172 549 3385 606 laudem
3410 565 3591 607 meam

2015 655 2084 695 ne
2127 641 2402 696 tacueris:
2438 659 2457 692 ι
2492 641 2585 695 ubi
2619 641 2877 696 videlicet
2920 640 3226 697 doctrinam
3277 655 3443 712 quam
3474 642 3593 712 ipse

2016 728 2133 784 suis
2160 729 2446 799 discipulis
2479 729 2669 794 tradit,
2708 740 2763 786 et
2810 730 3027 785 laudem
3070 730 3198 785 novi
3227 729 3589 796 Testamenti,

2014 839 2127 879 non
2169 839 2293 879 esse
2325 824 2675 893 premendam
2726 824 2945 879 silentio
2993 823 3339 889 exhortatur,
3398 821 3493 877 sed
3535 822 3591 878 in

2016 929 2179 972 omne
2219 914 2466 969 futurum
2511 931 2689 970 aevum
2732 915 2802 969 ad
2839 915 2964 969 vitae
3008 914 3261 969 humanae
3296 913 3590 968 utilitatem

2016 1022 2354 1080 permanere.
2393 1026 2412 1059 ι
2432 1006 2506 1062 Os
2535 1017 2717 1063 autem
2739 1007 3071 1077 peccatoris,
3091 1016 3145 1063 et
3167 1022 3231 1062 os
3246 1006 3445 1072 dolosi,
3469 1020 3491 1060 ι
3527 1020 3594 1063 os

2016 1100 2190 1171 ipsius
2226 1098 2382 1155 Iuda:
2439 1100 2661 1170 pr0prie
2711 1099 3075 1155 nominaverit
3122 1099 3436 1170 quispiam,
3498 1098 3607 1169 qui.

2016 1208 2140 1247 cum
2186 1192 2413 1248 abiisset
2447 1191 2513 1246 ad
2550 1191 2829 1262 principes
2879 1190 3249 1257 sacerdotum,
3297 1192 3379 1247 eis
3409 1190 3590 1245 dixit:

2021 1304 2040 1337 ι
2077 1285 2218 1351 Quid
2237 1286 2404 1341 vultis
2433 1285 2568 1339 mihi
2601 1284 2755 1349 dare,
2786 1290 2840 1338 et
2872 1298 2973 1354 ego
3003 1299 3127 1338 eum
3153 1284 3308 1340 vobis
3339 1284 3552 1338 tradam
3572 1282 3600 1337 ΐ

2015 1378 2085 1433 At
2115 1380 2194 1433 illi
2222 1378 2713 1450 constituerunt_ei
2746 1377 2972 1448 triginta
3006 1384 3260 1432 stateres.
3289 1375 3357 1430 Et
3393 1392 3463 1432 ex
3500 1376 3597 1430 illo

2015 1472 2293 1543 quaerebat
2345 1472 2717 1537 occasionem,
2755 1480 2816 1524 ut
2859 1470 3013 1524 illum
3057 1470 3141 1523 eis
3186 1468 3442 1540 proderet
3469 1469 3539 1525 ".
3569 1486 3594 1521 ι

2015 1561 2151 1617 Cum
2202 1576 2336 1631 ergo
2380 1561 2511 1615 talia
2553 1569 2748 1615 contra
2783 1561 2935 1614 illum
2971 1560 3195 1615 molitus
3238 1570 3405 1623 esset,
3450 1574 3600 1613 unus

2014 1661 2205 1723 postea
2247 1653 2351 1707 fuit
2382 1668 2448 1707 ex
2497 1652 2567 1707 iis
2614 1652 2867 1722 quicum
2914 1651 3009 1705 illo
3055 1651 3110 1705 in
3143 1651 3391 1722 paschali
3435 1664 3595 1706 creua

2018 1730 2415 1805 accubuerunt,
2441 1756 2553 1811 quo
2587 1749 2832 1810 tempore
2864 1741 2980 1811 ipse
3009 1757 3228 1810 quoque
3252 1740 3505 1795 Salvator
3532 1755 3598 1795 ac

334 1842 480 1914 ἀμὴν
509 1842 651 1911 λέγω
679 1844 828 1914 ὑμῖν,
874 1845 955 1899 ὅτι
989 1841 1071 1908 εἷς
1114 1844 1173 1912 ἐξ
1223 1844 1377 1916 ὑμῶν
1409 1843 1721 1917 παραδώσει
1757 1862 1845 1914 με.
1887 1863 1904 1895 ι

2015 1830 2279 1887 Dominus
2309 1841 2494 1886 noster
2526 1832 2885 1885 accumbebat
2927 1846 3033 1889 una
3065 1847 3188 1885 cum
3225 1831 3362 1902 ipsis
3389 1831 3601 1888 duode-

332 1934 445 1987 Καὶ
475 1932 800 2005 λυπούμενοι
830 1934 1034 2007 σφόδρα
1079 1934 1313 2006 ’ήρξαντο
1343 1933 1522 2003 λέγειν
1553 1932 1783 1996 ἕκαστος
1812 1933 1911 1986 αύ-

333 2022 442 2077 τῶν
464 2041 478 2054 ·
520 2042 539 2075 ι
569 2025 714 2097 Μήτι
743 2024 855 2095 ἐγώ
886 2028 1022 2096 εἰμι,
1052 2025 1254 2096 Κύριες
1298 2046 1318 2077 ι
1357 2027 1414 2078 ἐν
1445 2020 1526 2089 οἷς
1555 2020 1625 2096 ἦν
1654 2025 1750 2078 καὶ
1784 2022 1915 2077 Ἰού-

332 2114 451 2183 δας,
485 2116 563 2181 ὃς,
592 2118 653 2172 τὸ
684 2117 888 2190 πλῆρες
920 2119 1123 2183 παντὸς
1153 2118 1303 2171 δόλου
1336 2118 1430 2171 καὶ
1453 2117 1734 2189 εἰρωνείας
1769 2116 1914 2171 ἀνοί-

335 2207 432 2272 ξας
484 2208 677 2279 στόμα,
729 2210 1045 2282 ἀποκριθεὶς
1108 2205 1290 2264 εἶπενο
1363 2228 1381 2261 ι
1420 2211 1566 2280 Μήτι
1629 2207 1741 2278 ἐγώ
1773 2211 1910 2280 εἰμι,

345 2298 569 2365 Ῥαϐϐί;
613 2319 632 2352 ν
664 2299 845 2354 Δόλιον
874 2301 1069 2371 στόμα,
1103 2299 1171 2353 δι’
1197 2292 1258 2353 οὗ
1289 2300 1352 2353 τὸ
1394 2302 1620 2370 σημεῖον
1654 2301 1766 2362 τοῖς
1792 2302 1914 2352 ἐπι-

335 2388 543 2454 ϐούλοις
570 2390 664 2445 τοῦ
697 2392 946 2463 Σωτῆρος
974 2391 1132 2462 ήμῶν
1160 2390 1369 2462 ἐδήλου,
1398 2391 1570 2459 λέγων
1593 2406 1609 2422 ο
1647 2408 1666 2443 ι
1699 2390 1795 2442 Ὃν
1817 2388 1915 2443 ἐάν

335 2477 565 2548 φιλήσω,
604 2477 765 2541 αὐτός
805 2480 920 2531 ἐστι
944 2497 957 2509 ·
992 2481 1303 2551 κρατήσατε
1337 2478 1501 2533 αύτόν
1526 2497 1541 2511 ⁸
1578 2498 1598 2533 ι
1635 2479 1664 2533 ὃ
1704 2480 1798 2534 καὶ
1837 2480 1915 2532 εἰ-

335 2568 473 2633 πὼν,
506 2568 650 2642 ἔργῳ
688 2570 778 2623 τὸν
816 2570 965 2625 δόλον
991 2572 1329 2644 ἀπεπλήρου,
1363 2573 1451 2626 ὅτε
1493 2570 1804 2643 προσελθὼν
1835 2572 1914 2645 τῷ

349 2660 544 2731 Ἰησοῦ,
597 2657 747 2715 εἶπεν
787 2661 968 2733 αὐτῷ’
1012 2682 1029 2715 ι
1076 2664 1269 2735 Χαῖρε,
1309 2665 1529 2718 Ῥαϐϐί·
1565 2667 1657 2719 καὶ
1691 2667 1915 2736 κατεφί-

334 2750 497 2822 λησεν
544 2753 724 2807 αὐτόν.
768 2755 825 2807 Ὀ
856 2755 911 2808 δέ
955 2755 1161 2827 Ἰησοῦς
1204 2751 1355 2810 εἶπεν
1387 2755 1568 2828 αὐτῷ·
1609 2776 1628 2808 ι
1676 2758 1911 2830 Ἑταῖρε,

335 2843 419 2911 ἐφ’
448 2837 492 2910 ᾧ
524 2844 723 2915 πάρει;
760 2865 779 2896 ι
833 2846 927 2899 καὶ
971 2847 1130 2901 πάλιν
1155 2864 1169 2877 ·
1226 2866 1244 2898 ι
1288 2846 1476 2911 Ἰούδα,
1527 2848 1790 2921 φιλήματι
1823 2848 1914 2905 τὸν

336 2934 463 2989 Υίδν
490 2937 583 2990 τοῦ
612 2937 898 3010 ἀνθρώπου
929 2940 1240 3013 παραδίδως
1263 2958 1309 3007 ;›
1327 2944 1542 2996 Τούτων
1569 2942 1612 2996 δ’
1634 2939 1727 2998 οὖν
1753 2942 1914 2998 ἕνεκα

336 3027 620 3099 προλαϐὼν
665 3030 752 3085 διὰ
796 3032 891 3086 τοῦ
937 3033 1154 3105 ψαλμοῦ
1201 3050 1364 3105 φησιν
1388 3053 1402 3067 ·
1468 3054 1487 3087 ι
1557 3036 1677 3090 Ὀτι
1740 3036 1916 3108 στόμα

2013 1925 2141 1988 cim,
2182 1925 2276 1995 qui
2327 1924 2493 1978 etiam
2536 1922 2953 1978 comedentibus
2998 1923 3107 1977 illis
3149 1923 3328 1977 dixit:
3368 1943 3387 1974 ι
3419 1922 3597 1978 Amen

2013 2030 2173 2071 amen
2229 2016 2354 2071 dico
2405 2016 2605 2080 vobis,
2657 2014 2802 2085 quod
2856 2030 3000 2070 unus
3051 2022 3297 2070 vestrum
3344 2030 3433 2070 me
3493 2023 3603 2069 tra-

2012 2108 2124 2165 det.
2160 2131 2179 2163 ι
2215 2108 2282 2163 Et
2311 2111 2441 2165 dum
2481 2108 2639 2164 valde
2690 2108 3119 2172 contristantur,
3152 2116 3441 2178 coeperunt
3479 2110 3599 2164 sin-

2014 2201 2124 2271 guli
2168 2201 2352 2256 dicere
2394 2219 2413 2252 »
2441 2220 2455 2255 :
2481 2199 2739 2270 Nunquid
2780 2215 2883 2270 ego
2919 2216 3072 2263 sum,
3115 2198 3340 2255 Domine
3358 2201 3448 2254 5°?
3476 2221 3495 2253 ι
3538 2200 3600 2257 In

2014 2293 2217 2364 quibus
2258 2300 2378 2349 erat
2419 2294 2584 2348 etiam
2611 2291 2806 2359 Iudas,
2843 2292 2937 2362 qui
2988 2307 3113 2346 cum
3151 2294 3333 2347 omnis
3376 2292 3489 2347 doli
3534 2308 3600 2348 ac

2015 2383 2382 2439 simulationis
2444 2383 2664 2454 plenum
2712 2396 2775 2437 os
2824 2382 3130 2452 aperuisset
3174 2382 3491 2452 respondit,
3534 2397 3603 2436 ac

2015 2474 2201 2530 dixit:
2248 2492 2267 2526 ι
2294 2473 2554 2545 Nunquid
2599 2489 2701 2544 ego
2761 2488 2916 2537 sum,
2969 2471 3245 2527 Rabbi”?
3275 2492 3294 2525 ι
3336 2472 3601 2529 Dolosum

2014 2580 2144 2636 ergo
2163 2579 2247 2630 os,
2272 2580 2382 2636 quo
2404 2564 2821 2620 insidiatoribus
2850 2562 3153 2620 Salvatoris
3175 2563 3352 2620 nostri
3379 2564 3600 2635 signum

2014 2659 2327 2730 proposuit,
2366 2658 2597 2714 dicens:
2631 2677 2650 2708 ι
2686 2658 3083 2728 Quemcunque
3102 2659 3386 2713 osculatus
3418 2658 3596 2725 fuero,

2016 2752 2136 2823 ipse
2163 2760 2269 2815 est,
2303 2760 2483 2807 tenete
2510 2767 2635 2806 cum
2662 2752 2729 2806 ‘°.
2763 2770 2783 2804 ›
2818 2749 2977 2817 Quod
3003 2766 3129 2805 cum
3152 2751 3384 2807 dixisset
3405 2751 3596 2816 verbo,

2016 2858 2078 2898 re
2129 2858 2349 2913 quoque
2398 2843 2516 2912 ipsa
2563 2842 2751 2898 dolum
2801 2844 3132 2917 complevit,
3187 2859 3299 2915 quo
3344 2844 3605 2901 videlicet

2016 2946 2263 3010 tempore
2329 2954 2454 2994 cum
2512 2938 2580 2994 ad
2638 2937 2826 2995 Jesum
2884 2943 3237 3007 accessisset,
3290 2941 3429 2996 dixit
3490 2942 3597 2999 ei:

2024 3029 2237 3095 «Salve,
2262 3029 2436 3087 Rabbi
2461 3049 2476 3087 :
2504 3041 2561 3087 et
2586 3033 2869 3089 osculatus
2893 3042 2979 3089 est
3000 3049 3125 3089 eum
3146 3034 3213 3090 “.
3238 3053 3259 3088 ι
3281 3032 3444 3093 Iesus
3469 3051 3606 3092 vero

336 3121 657 3193 ἁμαρτωλοῦ
683 3124 777 3178 καὶ
823 3126 998 3197 στόμα
1029 3126 1201 3180 δολίου
1228 3128 1315 3180 ἐπ’
1345 3128 1446 3198 ἐμὲ
1473 3127 1718 3200 ἠνοίχθη.
1763 3129 1912 3183 Ἐλά-

2021 3121 2090 3177 ad
2138 3122 2293 3177 illum
2338 3121 2571 3179 dixitu
2603 3122 2833 3189 Amice,
2891 3124 2959 3180 ad
3003 3125 3138 3196 quid
3188 3126 3473 3183 venisti?»
3534 3126 3603 3183 Et

332 3209 504 3283 λησαν
544 3217 664 3267 κατ’
713 3216 848 3286 ἐμοῦ
901 3194 1124 3291 γλώσσῃ
1168 3217 1339 3289 δολία,
1370 3194 1465 3272 καὶ
1498 3194 1698 3286 ’λόῆὸιέ
1724 3217 1912 3290 μίσους

2018 3231 2214 3271 rursus
2245 3236 2256 3270 :
2290 3235 2308 3268 ι
2342 3214 2507 3280 Juda,
2548 3218 2744 3273 osculo
2775 3218 2947 3273 tilium
2982 3194 3225 3276 hominis
3259 3220 3438 3278 tradis
3463 3222 3547 3275 “1?
3574 3240 3598 3276 ι

335 3301 650 3360 ἐκύκλωσάν
679 3323 746 3378 με
773 3307 997 3379 δωρεάν.
1037 3326 1060 3361 ι
1101 3310 1268 3364 Ἔνθα
1314 3311 1454 3382 μετά
1483 3311 1578 3366 τοῦ
1622 3312 1789 3368 Ἰούδα
1821 3319 1912 3369 καὶ

2015 3306 2181 3380 476
2202 3306 2405 3377 Harum
2455 3322 2586 3378 ergo
2651 3324 2836 3365 rerum
2906 3324 3074 3366 causa
3139 3318 3298 3367 tanto
3355 3320 3485 3369 ante
3543 3314 3604 3370 in

334 3394 443 3451 τῶν
473 3395 673 3452 λοιπῶν
696 3397 805 3453 τῶν
837 3400 1335 3457 ἐπιϐουλευσάντων
1367 3403 1518 3474 αὐτῷ
1564 3407 1912 3477 μνημονεύει.

2018 3402 2233 3471 psalmo
2261 3400 2339 3454 ait
2372 3420 2385 3456 :
2419 3420 2438 3454 ι
2467 3399 2738 3467 Quoniam
2787 3417 2852 3458 os
2893 3405 3201 3472 peccatoris
3229 3412 3286 3460 et
3321 3419 3385 3462 os
3422 3405 3602 3461 dolosi

335 3487 498 3557 Λέγει
523 3489 568 3543 δ’
599 3485 692 3544 οὖν
734 3491 796 3544 τὸ
837 3493 1192 3562 Εὐαγγέλιον,
1240 3496 1316 3559 ὡς
1362 3496 1492 3568 ἄρα,
1522 3496 1617 3550 τοῦ
1664 3498 1912 3569 Σωτῆρος

2017 3509 2183 3564 super
2223 3506 2311 3549 me
2337 3501 2590 3563 apertum
2627 3502 2733 3550 est.
2763 3492 2961 3549 Locuti
2991 3503 3123 3550 sunt
3152 3504 3347 3551 contra
3388 3511 3476 3552 me
3496 3496 3604 3552 lin-

333 3580 491 3652 ἡμῶν
523 3580 603 3635 ἔτι
648 3585 763 3646 τοῖς
802 3583 996 3638 ἐαυτοῦ
1047 3585 1319 3657 μαθηταῖς
1359 3587 1666 3656 λαλοῦντος,
1714 3609 1733 3641 ι
1783 3591 1912 3645 Ἰδοὺ

2017 3600 2122 3656 gua
2144 3583 2335 3640 dolosa
2363 3590 2419 3639 et
2448 3585 2803 3641 sermonibus
2832 3584 2946 3641 odii
2971 3584 3457 3643 circumdederunt
3490 3603 3598 3652 me.

348 3670 548 3738 Ἰούδας
579 3669 661 3738 εἷς
699 3674 806 3730 τῶν
845 3674 1049 3730 δώδεκα
1098 3673 1252 3750 ἦλθε,
1286 3680 1381 3733 καὶ
1416 3681 1533 3751 μετ’
1567 3681 1731 3735 αὐτοῦ
1760 3681 1916 3752 ὄχλος

335 3764 503 3828 πολὺς
532 3768 669 3837 μετά
699 3768 983 3841 μαχαιρῶν
1007 3770 1103 3824 καὶ
1121 3769 1314 3837 ξύλων,
1347 3771 1455 3825 ἀπὸ
1482 3772 1590 3829 τῶν
1618 3774 1915 3847 ἀρχιερέων

336 3856 432 3911 καὶ
468 3859 852 3931 πρεσϐυτέρων
882 3860 975 3915 τοῦ
1007 3861 1138 3916 λαοῦ
1160 3879 1174 3895 ο
1221 3880 1241 3917 ι
1292 3858 1375 3928 οἷς
1416 3864 1510 3919 καὶ
1541 3860 1696 3920 εἶπεν
1735 3868 1765 3920 ό
1799 3866 1913 3920 Κύ-

339 3965 455 4021 ριος
476 3967 490 3981 υ
525 3969 544 4003 ι
598 3950 685 4015 Ὠς
726 3953 820 4006 ἐπὶ
863 3952 1064 4027 λῃστήν
1108 3953 1383 4027 ἐξήλθετε,
1437 3955 1575 4027 μετά
1630 3957 1914 4029 μαχαιρῶν

336 4045 432 4098 καὶ
475 4043 645 4110 ξύλων
690 4046 975 4104 συλλαϐεῖν
1021 4067 1118 4122 με;
1165 4049 1287 4105 καθ’
1333 4052 1548 4125 ἡμέραν
1590 4053 1727 4126 πρὸς
1769 4056 1915 4126 ὑμᾶς

334 4133 676 4207 ἐκαθεζόμην
707 4139 765 4191 ἐν
809 4139 886 4211 τῷ
921 4139 1051 4212 ίερῷ
1087 4140 1371 4207 διδάσκων,
1403 4143 1498 4197 καὶ
1541 4144 1642 4198 οὐκ
1678 4146 1915 4218 ἐκρατή-

340 4224 468 4278 σατέ
495 4242 582 4295 με.
619 4227 790 4282 Τοῦτο
815 4228 872 4283 δέ
911 4228 1030 4283 ὅλον
1056 4231 1299 4300 γέγονεν,
1329 4232 1416 4287 ἵνα
1457 4233 1816 4306 πληρωθῶσιν
1855 4236 1912 4290 αἱ

337 4312 552 4386 Γραφαὶ
607 4317 716 4372 τῶν
774 4319 1091 4392 προφητῶν.
1129 4341 1148 4373 ι
1212 4322 1332 4377 Ἔτι
1384 4324 1443 4377 δέ
1504 4340 1666 4396 φησιν
1723 4326 1781 4379 ἐν
1834 4326 1914 4398 τῷ

335 4405 534 4480 ψαλμῷ
549 4425 564 4440 ο
607 4429 626 4462 ι
674 4412 818 4467 Ἀντὶ
860 4413 955 4466 τοῦ
1009 4413 1228 4487 ἀγαπᾷν
1279 4432 1367 4487 με,
1413 4416 1748 4473 ἐνδιέϐαλλόν
1804 4437 1871 4491 με
1892 4434 1908 4452 ο

2014 3687 2067 3733 et
2094 3683 2552 3748 oppugnaverunt
2580 3693 2668 3734 me
2699 3677 2874 3750 gratis
2903 3697 2917 3734 :
2952 3696 2973 3731 ι
3006 3678 3101 3734 ubi
3137 3694 3263 3734 cum
3310 3679 3431 3749 ipso
3455 3679 3601 3738 Iuda

2015 3768 2182 3823 etiam
2228 3768 2571 3839 reliquorum
2617 3768 2890 3836 meminit,
2923 3769 3018 3840 qui
3048 3770 3153 3841 ipsi
3188 3769 3419 3827 insidias
3453 3769 3601 3827 fece-

2015 3868 2165 3914 runt.
2190 3857 2379 3931 Itaque
2409 3862 2591 3931 ipsum
2615 3858 2973 3930 Evangelium
3005 3868 3216 3927 narrat,
3240 3862 3601 3933 quemadmo-

2014 3950 2145 4006 dum
2176 3950 2460 4007 Salvatore
2488 3945 2680 4007 nostro
2715 3967 2849 4008 suos
2878 3952 3060 4007 adhuc
3088 3953 3405 4025 alloqncnte
3428 3954 3602 4012 disci-

2014 4043 2196 4113 pulos,
2231 4044 2324 4100 ille
2367 4046 2617 4099 venerit:
2651 4062 2672 4097 ι
2703 4042 2868 4109 Ecce,
2914 4044 3116 4115 inquit,
3147 4043 3320 4102 Judas
3356 4062 3501 4105 unus
3530 4047 3606 4104 de

2015 4128 2306 4186 duodecim
2335 4131 2507 4196 venit,
2543 4137 2599 4186 et
2641 4145 2769 4186 cum
2809 4144 2877 4185 eo
2900 4133 3084 4187 vturba
3117 4132 3291 4188 multa
3330 4148 3454 4188 cum
3489 4134 3606 4206 gla-

2014 4221 2121 4278 diis
2149 4229 2203 4278 et
2232 4221 2418 4293 lignis,
2453 4238 2484 4278 a
2519 4222 2867 4294 principibus
2900 4224 3250 4281 sacerdotum
3275 4235 3329 4281 et
3364 4228 3601 4283 seniori.-

2013 4315 2118 4372 bus
2168 4317 2354 4387 populi
2394 4317 2460 4373 ⁸³.
2503 4335 2524 4371 ›
2596 4315 2810 4383 Quibus
2867 4319 3033 4373 etiam
3085 4318 3354 4376 Dominus
3409 4320 3602 4379 dixit:

2019 4428 2039 4462 ι
2075 4408 2360 4481 Tanquam
2391 4408 2457 4465 ad
2485 4412 2754 4466 latronem
2785 4412 3036 4468 exivistis
3067 4429 3194 4469 cum
3221 4414 3421 4486 gladiis
3442 4422 3498 4471 et
3527 4415 3606 4469 li-

338 4497 448 4567 ἐγὼ
474 4499 532 4554 δὲ
565 4504 1017 4579 προσηυχόμηνοι
1055 4506 1186 4561 αὐτὸ
1231 4506 1417 4571 τέλους
1452 4508 1766 4580 ἐτύγχανεν,
1797 4511 1908 4577 ὅτε,

2016 4501 2138 4571 gnis
2179 4503 2644 4572 comprehendere
2685 4503 2808 4558 me?
2835 4503 3084 4573 quotidie
3116 4504 3260 4574 apud
3308 4519 3407 4561 vos
3438 4503 3607 4561 sede-

336 4590 432 4644 τοῦ
464 4592 713 4665 Σωτῆρος
746 4596 902 4667 ἡμῶν
934 4598 992 4651 ἐν
1017 4596 1445 4671 τῷκαλουμένῳ
1469 4599 1793 4674 Γεθσημανῇ
1816 4622 1912 4674 χω-

2015 4589 2139 4646 bam
2169 4590 2224 4651 in
2270 4591 2476 4661 templo
2518 4589 2745 4654 docens,
2789 4598 2844 4647 et
2881 4608 2992 4648 non
3034 4594 3293 4650 tenuistis
3336 4610 3443 4651 me.
3482 4593 3605 4650 Hoc

339 4680 440 4752 ρίῳ
472 4683 608 4751 μετὰ
631 4682 739 4736 τῶν
758 4685 961 4745 ηὲνδεκα
995 4688 1309 4743 ἀποστόλων
1343 4693 1802 4763 προσευχομένου,
1833 4712 1912 4766 μι-

2015 4689 2191 4737 autem
2228 4689 2401 4736 totum
2443 4680 2648 4738 factum
2697 4690 2804 4748 est,
2837 4691 2900 4738 ut
2929 4685 3265 4756 impleantur
3297 4684 3607 4755 Scripturte

337 4773 468 4844 κρόν
506 4790 566 4827 τε
618 4776 1073 4850 ἀναχωρήσαντος
1116 4781 1316 4846 αὐτῶν,
1367 4783 1463 4835 κα)⁸
1512 4786 1917 4856 προσπεσόντος

336 4864 413 4935 τῷ
441 4867 635 4940 Πατρὶ,
663 4868 912 4942 δεύτερόν
943 4890 1003 4926 τε
1037 4872 1337 4945 εὐξαμένου
1366 4877 1459 4930 καὶ
1483 4877 1684 4948 τρίτον,
1717 4880 1745 4932 ό
1785 4880 1917 4934 Ἰού-

336 4958 432 5022 δας
460 4961 556 5014 σὺν
584 4964 696 5026 τοῖς
721 4962 949 5034 ἄρχουσι
973 4964 1080 5019 τῶν
1120 4964 1383 5020 Ἰουδαίων
1403 4967 1473 5021 τά
1498 4968 1598 5039 τῆς
1621 4969 1916 5042 ἐπιϐουλῆς

336 5048 485 5121 αὐτῴ
515 5053 810 5124 κατήρτυε,
857 5055 1107 5122 συνάγων
1140 5057 1238 5110 καὶ
1285 5057 1559 5129 προξενῶν
1604 5061 1666 5112 τὸ
1712 5059 1914 5131 πλῆθος

336 5140 447 5196 τῶν
478 5143 613 5212 μετὰ
644 5145 927 5217 μαχαιρῶν
951 5147 1043 5202 καὶ
1062 5146 1231 5213 ξύλων
1255 5149 1536 5204 συλλαϐεῖν
1563 5151 1725 5205 αὐτὸν
1754 5167 1917 5223 παρε-

338 5235 742 5307 σκευασμένων.
785 5237 950 5292 Κακά
980 5238 1037 5291 δὲ
1073 5242 1153 5304 εἰς
1198 5241 1361 5296 αὐτὸν
1406 5241 1591 5296 ἔθεντο
1627 5242 1748 5298 ἀντὶ
1780 5243 1916 5311 ἀγα-

336 5322 463 5389 θῶν,
505 5327 600 5380 καὶ
631 5329 786 5397 μῖσος
822 5329 943 5383 ἀντὶ
974 5330 1076 5401 τῆς
1106 5333 1440 5404 ἀγαπήσεως
1472 5333 1660 5399 αὐτοῦ,
1693 5335 1782 5389 ὅτε
1825 5351 1917 5390 πο-

336 5413 479 5483 νηρὰ
513 5415 831 5472 διετέθειντο
854 5418 947 5472 τὸν
984 5421 1214 5493 Σωτῆρα
1246 5424 1340 5476 καὶ
1368 5424 1666 5496 εὐεργέτην
1700 5425 1793 5479 καὶ
1824 5425 1906 5480 δι-

335 5502 622 5571 δάσκαλον,
661 5511 857 5581 μυρίας
888 5513 1020 5577 ὅσας
1054 5514 1227 5578 ἰάσεις
1254 5514 1350 5568 καὶ
1388 5514 1705 5593 θεραπείας,
1732 5517 1907 5587 λόγων

411 5688 687 5761 '1Matth.
724 5711 888 5759 xxvr,
926 5696 1014 5761 Li,
1056 5697 1142 5752 13.

329 5755 401 5859 ⁵⁸⁸,
430 5758 616 5818 Matth.
656 5779 816 5833 xxvr,
854 5755 945 5824 47.
1001 5755 1067 5802 ’⁶⁴
1104 5767 1238 5824 ibid.
1270 5767 1359 5841 55,
1383 5767 1470 5825 56.

1218 5698 1264 5729 ⁵⁸
1305 5697 1438 5751 ibid.
1469 5696 1674 5767 περ.
1754 5700 1799 5733 ⁸⁹
1840 5699 1972 5756 ibid.
2000 5698 2103 5754 ΩΒ.
2182 5697 2225 5731 ⁶⁰
2270 5696 2402 5753 ibid.
2435 5695 2526 5752 48.
2604 5695 2644 5727 ⁶¹
2688 5693 2822 5752 ibid.
2855 5694 2943 5749 49.

2012 4777 2403 4853 prophetarum
2422 4776 2487 4831 “.
2518 4793 2537 4828 ι
2563 4774 2835 4833 Praaterea
2854 4794 2986 4835 vero
3002 4779 3152 4850 quod
3178 4780 3254 4833 ait
3271 4780 3325 4834 in
3342 4780 3558 4851 psalmo
3577 4798 3601 4835 :

2018 4889 2037 4922 ι
2067 4869 2176 4925 Pro
2221 4886 2287 4926 eo
2316 4878 2384 4931 .ut
2417 4886 2504 4926 me
2532 4870 2844 4943 diligerent,
2887 4873 3248 4931 detrahebant
3294 4874 3452 4938 mihi,
3492 4890 3605 4946 ego

2013 4970 2194 5016 autem
2238 4962 2506 5018 orabam:
2541 4981 2561 5015 ι
2598 4964 2781 5034 ipsum
2814 4978 3033 5036 quoque
3062 4974 3195 5020 tunc
3240 4980 3401 5020 suum
3433 4965 3593 5021 tinem

2013 5052 2261 5124 contigit,
2295 5069 2422 5110 cum
2464 5053 2752 5113 Salvatore
2792 5065 2986 5114 nostro
3014 5059 3070 5111 in
3102 5058 3226 5113 loco
3263 5059 3361 5128 qui
3388 5057 3595 5113 dicitur

2013 5142 2366 5202 Getbsemani
2402 5162 2525 5203 cum
2558 5147 2813 5204 undecim
2845 5149 3112 5219 apostolis
3145 5159 3359 5212 orante,
3395 5151 3596 5220 paulu-

2014 5238 2238 5308 lumque
2274 5238 2345 5295 ab
2389 5237 2500 5296 illis
2545 5238 2797 5309 digresso
2842 5245 2905 5292 ut
2958 5238 3332 5309 procumbens
3373 5237 3601 5296 Patrem

2014 5337 2354 5400 precaretur,
2378 5329 2693 5408 iterumque
2729 5337 2784 5384 et
2814 5328 2976 5384 tertio
3025 5328 3390 5399 supplicante,
3420 5328 3599 5388 Iudas

2016 5436 2140 5478 cum
2166 5422 2515 5493 principibus
2541 5418 2855 5476 Iudaeorum
2898 5419 3131 5475 insidias
3162 5418 3242 5474 illi
3270 5422 3601 5485 maturavit,

2015 5514 2144 5572 dum
2176 5516 2323 5587 cogit
2359 5515 2477 5586 ipse
2501 5521 2557 5570 et
2585 5513 2847 5570 conducit
2872 5513 3063 5583 copias
3089 5526 3212 5583 quae
3244 5526 3370 5569 cum
3391 5513 3599 5586 gladiis

3057 5696 3101 5729 ⁸³
3140 5693 3274 5754 Luc.
3310 5712 3461 5763 χιιι,
3488 5692 3586 5753 48.
