4112 6428
462 350 568 409 πο

1101 346 1369 403 Ευδεωι
1409 340 1894 401 (ΖᾸΞΞΑΚΙΕΝΞΙΒ
1933 338 2041 394 0H

2144 336 2306 391 MR8
2334 336 2399 391 ιι.
2441 366 2507 376 -ο
2552 334 3052 392 ΑΡοωοΕτιεΑ.

3624 336 3732 395 7ἆο

457 478 515 525 et
571 467 833 532 fustibus,
889 472 952 519 ut
1006 464 1161 518 illum
1219 460 1773 534 comprehenderent,
1839 465 2041 527 parata:

2146 470 2205 505 τε
2235 452 2601 516 διδασκαλίας,
2644 453 2737 506 καὶ
2771 454 3031 515 παντοίας
3062 451 3329 522 ὠφελείας
3359 453 3544 516 αὐτοῖς
3588 469 3731 525 παρ-

455 568 636 621 erant.
681 558 837 613 Tunc
887 564 1068 611 autem
1116 555 1260 609 mala
1294 553 1560 609 adversus
1603 553 1785 623 ipsum
1837 563 2040 620 posue-

456 660 589 711 runt
615 667 712 723 pro
740 651 924 714 bonis,
956 656 1010 705 et
1034 648 1220 703 odium
1252 661 1353 718 pro
1372 645 1669 701 dilectione
1693 644 1889 714 ipsius,
1915 656 2040 696 cum

455 743 618 799 malis
651 740 954 796 aﬂ'ecerunt
985 740 1163 809 ipsum
1194 736 1533 791 Salvatorem
1564 743 1619 789 et
1648 736 1786 789 bene
1813 733 1881 788 de
1908 733 2040 801 ipsis

456 836 739 899 meritum,
774 843 831 890 et
870 834 1217 903 magistrum,
1261 832 1354 901 qui
1404 826 1833 884 innumerabiles
1877 839 2041 880 sana-

456 927 638 981 tiones
675 934 731 978 et
783 923 1051 986 medelas,
1101 932 1532 988 sermonumque
1581 916 1933 978 documenta,
1990 921 2044 968 et

455 1019 637 1073 omnis
676 1016 895 1077 veneris
941 1014 1205 1070 utilitates
1238 1014 1374 1083 ipsis
1394 1012 1723 1082 praestiterat
1750 1029 1762 1063 :
1791 1022 1931 1078 quas
1970 1008 2042 1061 ob

455 1123 548 1163 res
580 1123 705 1163 cum
736 1108 880 1160 mala
912 1122 1012 1177 pro
1033 1107 1194 1160 bonis
1228 1105 1495 1160 adversus
1522 1104 1699 1172 ipsum
1731 1102 2037 1171 posuerint,

455 1207 511 1254 et
551 1200 739 1254 odium
780 1213 882 1269 pro
928 1198 1227 1252 dilectione
1266 1196 1459 1265 ipsius,
1510 1195 1706 1249 merito
1739 1193 1988 1262 adjungit
2021 1210 2035 1246 :

461 1306 481 1338 ι
518 1287 804 1345 Constitue
837 1303 1005 1359 super
1025 1304 1151 1342 eum
1180 1294 1549 1357 peccatorem,
1578 1293 1633 1339 ct
1658 1285 1911 1338 diabolus
1935 1292 2041 1338 stet

457 1397 488 1435 a
516 1383 729 1437 dextris
778 1383 919 1451 ejus.
967 1380 1104 1434 Dum
1138 1382 1460 1452 judicatur,
1507 1387 1666 1434 exeat
1705 1380 2041 1432 condemna-

455 1484 567 1539 tus,
609 1483 664 1529 et
708 1474 887 1528 oratio
945 1474 1066 1542 ejus
1110 1472 1203 1526 ﬁat
1255 1473 1309 1525 in
1363 1483 1671 1542 peccatum.
1717 1469 1877 1525 Fiant
1919 1470 2038 1523 dies

453 1567 576 1637 ejus
614 1570 795 1637 pauci,
842 1575 897 1620 et
944 1567 1318 1636 episcopatum
1370 1564 1492 1631 ejus
1531 1564 1766 1631 accipiat
1817 1564 1975 1616 alter.
2014 1581 2033 1613 ι

454 1659 588 1725 Quae
627 1660 848 1728 quidem
888 1659 1005 1728 ipsa
1047 1674 1208 1727 quem
1259 1657 1463 1711 exitum
1510 1657 1705 1711 sortita
1738 1657 1870 1718 sint,
1910 1670 2040 1709 san-

454 1760 581 1805 ctus
629 1751 912 1820 apostolus
958 1748 1154 1803 Petrus
1203 1749 1366 1819 paulo
1420 1758 1544 1802 ante
1586 1748 1870 1808 indicavit,
1909 1746 2038 1799 dum

456 1839 800 1911 Scripturam
820 1840 959 1893 hanc
978 1839 1044 1892 ad
1067 1840 1244 1909 ipsum
1272 1838 1604 1909 proditorem
1634 1837 2033 1893 accommodat.
2069 1815 2112 1870 Β

453 1931 524 1986 Et
551 1947 682 1987 sane
727 1934 827 1987 tibi
864 1931 964 2001 ipsi
1018 1932 1234 1985 interim
1267 1931 1395 1985 licet
1440 1931 1662 1997 intueri,
1706 1948 1835 1986 num
1871 1947 2037 2001 super

452 2021 740 2077 Judaicam
777 2031 992 2094 gentem
1039 2023 1373 2078 constitutus
1418 2022 1490 2077 sit
1537 2022 1795 2093 princeps
1829 2038 1892 2076 ac
1925 2022 2034 2076 dux

453 2123 745 2185 peccator,
819 2114 908 2170 cui
969 2114 1222 2170 videlicet
1281 2124 1403 2185 post
1485 2117 1694 2172 scelera
1769 2116 2036 2171 adversus

456 2207 792 2263 Salvatorem
847 2215 1093 2263 nostrum
1135 2209 1504 2265 audacissime
1563 2209 1880 2272 commissa,
1924 2218 2038 2263 tra-

452 2298 551 2354 diti
606 2306 774 2363 sunt,
829 2299 1050 2353 interim
1098 2313 1199 2369 pro
1252 2300 1500 2370 antiquis
1540 2308 1595 2354 et
1639 2300 1885 2371 ipsorqu
1932 2299 2035 2352 do-

452 2391 699 2447 mesticis
771 2389 992 2461 Deoque
1064 2391 1258 2445 amicis
1332 2391 1715 2461 principibus,
1787 2392 2036 2446 externis

450 2482 617 2556 5.77
648 2491 702 2539 et
731 2484 1027 2538 simulacra
1071 2482 1383 2537 colentibus
1424 2482 1634 2538 servire
1671 2483 1870 2538 coacti.
1917 2483 2037 2538 Cae-

453 2584 633 2629 terum
676 2575 801 2645 quis
843 2574 1063 2629 tandem
1112 2589 1222 2629 non
1270 2575 1629 2645 Obstupescat
1683 2575 1856 2645 ipsius
1903 2590 2037 2645 pra:-

449 2669 713 2724 dictionis
758 2669 1059 2724 eventum?
1108 2684 1234 2723 nam
1285 2684 1410 2724 cum
1459 2669 1748 2724 oraculum
1795 2668 2031 2735 dixerit,

457 2781 478 2814 ι
507 2760 666 2815 Fiant
688 2763 806 2818 dies
831 2762 951 2833 ejus
978 2761 1170 2832 pauci,
1204 2782 1221 2814 ι
1247 2769 1465 2816 constat
1489 2761 1650 2832 plane
1679 2776 1843 2832 quam
1870 2762 2035 2817 breve

452 2863 577 2926 post
604 2863 844 2911 structas
874 2855 1141 2909 adversus
1174 2852 1516 2909 Salvatorem
1544 2862 1792 2909 nostrum
1825 2855 1896 2909 ab
1927 2856 2034 2910 illis

452 2946 715 3012 insidias,
764 2960 928 2999 omne
978 2945 1146 2999 fuerit
1195 2952 1444 3013 tempus,
1496 2959 1606 3014 quo
1656 2958 1881 2999 manere
1928 2944 2034 2999 visi

452 3048 603 3095 sunt.
646 3037 779 3094 Post
820 3037 971 3108 quod
1014 3046 1230 3108 tempus
1270 3038 1629 3093 novissimam
1669 3043 2032 3091 vastationem

2142 545 2478 616 εσχημένον·
2511 545 2627 599 ἀνθ’
2680 540 2777 609 ὧν,
2809 546 3107 616 ἐπειδήπερ
3150 543 3299 599 κακά
3343 546 3464 598 ἀντὶ
3505 545 3731 613 ἀγαθῶν

2142 634 2326 688 ἔθεντο
2369 636 2489 689 κατ’
2529 634 2718 697 αὑτοῦ,
2764 636 2857 687 καὶ
2900 639 3054 706 μῖσος
3099 635 3221 688 ἀντὶ
3266 636 3366 704 τῆς
3398 636 3731 705 ἀγαπήσεως

2142 728 2329 792 αὑτοῦ,
2377 729 2602 791 είκότως
2647 728 2919 797 ἐπιλέγεισ
2973 748 2993 779 ι
3043 729 3402 799 Κατάστησον
3441 730 3527 781 ἐπ’
3564 729 3730 783 αὑτὸν

2143 821 2482 893 ἁμαρτωλὸν,
2511 822 2605 875 καὶ
2636 821 2882 884 διάϐολος
2916 823 3099 892 στήτω
3121 823 3186 874 ἐκ
3212 821 3402 888 δεξιῶν
3426 821 3613 875 αὐτοῦ.
3642 822 3730 877 Ἐν

2140 914 2220 985 τῷ
2271 914 2554 986 κρίνεσθαι
2596 914 2755 967 αὑτὸν
2789 913 2997 981 ἐξέλθοι
3038 913 3589 984 καταδεδικασμένος,
3634 915 3730 967 καὶ

2142 1011 2176 1079 ή
2224 1008 2501 1079 προσευχὴ
2549 1007 2715 1061 αὐτοῦ
2758 1007 3042 1078 γενηθήτω
3090 1008 3170 1070 είς
3214 1008 3509 1077 ἁμαρτίαν.
3558 1008 3728 1077 Γενη-

2142 1100 2392 1169 θήτωσαν
2434 1102 2490 1153 αί
2541 1100 2743 1171 ἡμέραι
2790 1099 2955 1152 αὑτοῦ
2994 1099 3193 1168 ὀλίγαι,
3237 1100 3331 1152 καὶ
3362 1101 3460 1171 τὴν
3501 1102 3730 1154 ἐπισκο-

2143 1193 2250 1265 πὴν
2280 1192 2445 1247 αὑτοῦ
2482 1193 2694 1246 λαὸέτω
2722 1192 2910 1264 ἕτερος
2930 1210 2942 1221 ·
2983 1212 3001 1243 ι
3047 1193 3083 1244 ἃ
3128 1194 3222 1246 καὶ
3257 1192 3396 1245 αὐτὰ
3427 1194 3618 1246 ὁποίαν
3646 1193 3729 1245 εἴ·

2140 1289 2278 1359 ληφε
2317 1289 2419 1359 τὴν
2463 1287 2758 1351 ἐκϐασιν,ὀ
2793 1287 2936 1358 ίερδς
2977 1287 3277 1349 ἀπόστολος
3328 1286 3536 1356 Πέτρος
3591 1303 3729 1357 προ-

2141 1378 2319 1432 λαϐὼν
2366 1379 2714 1449 διεσάφησεν,
2758 1380 2843 1431 ἐπ’
2890 1379 3051 1432 αὑτὸν
3100 1379 3364 1449 προδότην
3408 1380 3730 1451 ἐφαρμόσας

2139 1469 2238 1539 τὴν
2288 1470 2531 1541 Γραφήν.
2568 1470 2676 1522 Καί
2724 1487 2806 1524 σοι
2841 1470 2898 1523 δὲ
2938 1469 3085 1540 αὐτῷ
3118 1472 3350 1540 πάρεστι
3394 1473 3646 1542 συνορᾷν,
3677 1471 3728 1525 εί

2143 1563 2219 1634 μὴ
2251 1563 2581 1617 καθέσταται
2628 1565 2721 1616 ἐπὶ
2769 1563 2830 1616 τὸ
2882 1563 3154 1616 Ἰουδαίων
3202 1562 3354 1626 ἔθνος
3402 1564 3585 1633 ἄρχων
3633 1564 3729 1617 καὶ

2140 1657 2445 1728 ήγούμενος
2473 1656 2818 1728 ἁμαρτωλὸς,
2840 1649 2885 1724 ᾧ
2913 1656 3049 1727 μετά
3073 1656 3144 1709 τά
3167 1655 3507 1726 τολμηθέντα
3541 1658 3729 1719 αὐτοῖς

2141 1749 2283 1803 κατὰ
2334 1748 2429 1802 τοῦ
2491 1749 2742 1819 ἃοτῆρος
2787 1749 2945 1821 ήμῶν
2993 1750 3393 1820 παρεδόθησαν,
3440 1750 3561 1803 ἀντὶ
3617 1749 3729 1803 τῶν

2144 1841 2314 1895 πάλαι
2359 1842 2574 1894 οἰκείων
2632 1843 2726 1895 καὶ
2774 1841 3037 1911 θεοφιλῶν
3087 1843 3366 1915 ἀρχόντων
3411 1842 3731 1912 ἀλλοφύλοις

2144 1938 2240 1991 καὶ
2275 1932 2687 2006 εἰδωλολάτραις
2729 1936 2999 1989 δουλεύειν
3050 1935 3582 2007 κατηναγκασμένοι.
3631 1934 3730 1999 Τίς

2143 2029 2187 2083 δ’
2211 2030 2311 2082 οὐκ
2334 2028 2399 2082 ἂν
2416 2027 2715 2099 θαυμάσειε
2738 2030 3094 2100 προρρήσεως
3121 2027 3183 2080 τὸ
3212 2026 3558 2096 ἀποτέλεσμα
3581 2043 3595 2091 ;
3627 2028 3731 2097 φή-

2146 2138 2338 2185 σαντος
2378 2119 2488 2191 γάρ
2522 2120 2617 2173 τοῦ
2658 2120 2816 2188 λόγου
2841 2139 2855 2151 ·
2908 2139 2926 2171 ι
2968 2119 3367 2190 Τενηθήτωσαν
3414 2121 3471 2174 αἱ
3526 2120 3730 2190 ἡμέραι

2144 2213 2307 2268 αὑτοῦ
2342 2213 2550 2282 ὀλίγαι,
2586 2234 2605 2266 ι
2644 2215 2812 2282 σαφὲς
2848 2214 2996 2276 ὅπως
3035 2212 3291 2284 βραχὺςό
3326 2214 3435 2276 πᾶς
3462 2212 3732 2281 διεγένετο

2146 2306 2286 2377 μετὰ
2303 2306 2400 2378 τὴν
2422 2307 2517 2359 τοῦ
2538 2307 2788 2377 Σωτῆρος
2813 2308 2846 2377 ἡ
2854 2306 2972 2376 μῶν
2995 2304 3286 2375 ἐπιδουλὴν
3313 2305 3492 2358 αὐτῶν
3516 2304 3727 2377 χρόνος,

2142 2399 2265 2452 καθ’
2297 2399 2355 2451 ὃν
2390 2398 2575 2463 ἔδοξαν
2618 2398 2892 2469 διαμένειν
2916 2415 2931 2430 ·
2966 2396 3083 2469 μεθ’
3114 2398 3175 2451 ὃν
3203 2397 3302 2469 τὴν
3344 2398 3583 2467 ὑστάτην
3633 2397 3733 2449 ύπ-

2143 2492 2363 2561 έμειναν
2412 2490 2728 2562 πολῒορκίαν
2765 2492 2859 2544 καὶ
2879 2490 2979 2563 τὴν
3010 2490 3249 2561 παντελῆ
3277 2490 3616 2561 καθαίρεσιν,
3644 2488 3731 2560 ἐφ’

2142 2578 2176 2654 ᾖ
2231 2585 2326 2637 καὶ
2373 2582 2473 2655 τὴν
2519 2583 2823 2655 ἐπισκοπὴν
2863 2583 3044 2637 αὐτῶν
3086 2582 3276 2637 ἐλαϐεν
3326 2583 3531 2653 ἕτερος,
3562 2583 3592 2635 ό
3642 2580 3733 2635 διὰ

2143 2674 2379 2747 Χριστοῦ
2411 2676 2822 2749 συγκροτηθείς.
2865 2676 2975 2729 Καὶ
3012 2675 3081 2728 τά
3109 2675 3269 2729 λοιπά
3295 2675 3353 2729 δὲ
3389 2675 3482 2728 τοῦ
3514 2673 3731 2746 ψαλμοῦ

2143 2768 2325 2831 αὐτοῖς
2361 2767 2571 2832 τούτοις
2610 2767 2963 2839 καταλλήλως
3003 2769 3250 2838 νοήσεις·
3284 2766 3354 2821 τά
3381 2767 3439 2821 δέ
3469 2766 3598 2836 ἑξῆς
3618 2809 3633 2833 ,
3655 2767 3733 2831 ὡς

2143 2859 2269 2930 περί
2296 2875 2457 2912 τινων
2490 2859 2619 2912 υἱῶν
2649 2858 2743 2912 τοῦ
2786 2858 2952 2912 Ἰούδα
2980 2859 3265 2929 λεγόμενα,
3297 2858 3355 2911 ἐν
3381 2856 3487 2927 τῷ,
3515 2876 3534 2908 ι
3560 2858 3731 2928 Γενηο

2145 2949 2398 3020 θήτωσαν
2430 2951 2479 3003 οί
2522 2952 2628 3003 υἱοὶ
2657 2951 2824 3003 αὐτοῦ
2867 2950 3126 3021 ὀρφανοὶ,
3168 2969 3187 3001 ι
3224 2951 3318 3003 καὶ
3346 2948 3412 3001 τὰ
3442 2949 3731 3020 παραπλή-

2144 3054 2269 3105 σια,
2309 3040 2551 3107 ἁνόιγοιτ’
2584 3040 2650 3093 ἂν
2698 3041 2790 3092 καὶ
2830 3039 2917 3091 ἐπ’
2956 3040 3118 3092 αὑτὸν
3172 3039 3270 3110 μὲν
3305 3040 3730 3111 προηγουμένως

450 3140 871 3201 extremumque
904 3130 1193 3185 interitum
1224 3130 1373 3200 passi
1418 3138 1549 3184 sunt
1571 3167 1586 3194 ,
1617 3143 1682 3184 ex
1717 3143 1827 3197 quo
1864 3129 2031 3183 etiam

2144 3129 2233 3184 τὸν
2283 3130 2503 3197 Ἰούδαν,
2566 3131 2682 3202 μετ’
2726 3134 2933 3185 ἐκεῖνον
2987 3131 3045 3185 δὲ
3090 3133 3183 3185 καὶ
3221 3131 3316 3183 ἐπὶ
3361 3133 3570 3194 πάντας
3605 3133 3728 3194 τοὺς

451 3224 834 3294 episcopatum
884 3236 1077 3278 eorum
1124 3223 1336 3292 accepit
1381 3222 1540 3287 alter,
1590 3220 1848 3275 conditus
1895 3221 2037 3275 vide-

2144 3224 2359 3296 ὁμοίους
2427 3224 2576 3296 αύτῷ
2642 3225 2734 3277 τὸν

452 3319 584 3374 licet
614 3332 714 3387 per
740 3315 1023 3373 Christum
1056 3332 1232 3371 novus
1270 3315 1525 3387 populus.
1556 3313 1730 3369 Porro
1759 3316 1923 3369 etiam
1959 3327 2039 3368 re-

452 3411 601 3482 liqua
622 3410 786 3481 hujus
808 3411 1007 3482 psalmi
1029 3411 1213 3466 omnia
1241 3424 1338 3480 per
1364 3410 1560 3463 horum
1587 3409 1833 3479 ipsorum
1860 3422 2041 3463 exen-

452 3505 574 3574 plar
607 3505 878 3576 intelliges
910 3525 923 3561 :
958 3519 1079 3576 quae
1127 3521 1258 3561 vero
1305 3515 1633 3573 sequuntur,
1664 3514 1720 3557 et
1763 3503 1922 3572 quasi
1971 3502 2040 3557 de

450 3597 784 3668 quibusdam
833 3595 990 3653 Iuda:
1034 3596 1161 3651 liliis
1204 3596 1314 3650 dici
1345 3594 1625 3659 videntur,
1657 3595 1770 3650 illis
1804 3593 1989 3648 verbis
2020 3611 2033 3645 :

456 3709 477 3740 ι
507 3687 669 3743 Fiant
715 3689 808 3743 ﬁlii
854 3688 978 3759 ejus
1025 3687 1262 3758 orphani
1294 3686 1361 3748 ⁸⁵,
1392 3704 1412 3737 ι
1440 3694 1496 3740 et
1524 3698 1888 3755 quaecumque
1932 3684 2040 3736 alia

453 3783 542 3838 his
577 3782 778 3838 similia
810 3790 973 3845 sunt,
1011 3779 1325 3835 referentur
1359 3778 1541 3849 primo
1571 3776 1794 3849 quidem
1826 3777 1949 3830 loco
1983 3775 2039 3828 in

451 3874 634 3946 ipsum
664 3872 863 3929 Judam
888 3917 903 3941 ,
937 3881 1062 3945 post
1092 3874 1248 3927 illum
1278 3886 1410 3927 vero
1439 3871 1607 3926 etiam
1641 3871 1699 3925 in
1727 3884 1922 3925 omnes
1961 3868 2042 3922 illi

453 3967 669 4024 similes
714 3969 958 4021 salutare
1007 3966 1236 4020 verbum
1287 3964 1612 4035 prodentes.
1656 3962 1864 4016 Eadem
1904 3975 2038 4015 vero

455 4063 673 4117 ratione
711 4061 989 4131 intelliges
1031 4074 1262 4113 uxorem
1294 4071 1515 4129 quoque
1545 4056 1668 4126 ejus
1688 4095 1704 4119 ,
1733 4063 1789 4109 et
1818 4064 2044 4124 peccata

454 4154 663 4227 patris,
694 4160 751 4208 et
794 4153 913 4223 ejus
943 4166 1066 4222 qua:
1111 4151 1287 4221 ipsius
1326 4158 1505 4205 mater
1535 4148 1760 4213 dicitur,
1802 4145 2045 4200 Iudaica:

454 4246 639 4317 gentis
670 4243 929 4299 videlicet
958 4240 1428 4314 congregationis.
1473 4239 1550 4296 De
1588 4239 1693 4294 hac
1720 4239 1866 4292 enim
1903 4237 2045 4292 arbi-

456 4347 576 4393 tror
603 4338 715 4393 dici
751 4337 886 4391 illud
913 4356 926 4395 :
966 4354 985 4387 ι
1017 4335 1084 4389 Ει
1116 4340 1405 4406 peccatum
1436 4332 1633 4387 matris
1663 4333 1784 4401 ejus
1817 4346 1926 4385 non
1955 4331 2046 4385 de-

457 4432 638 4486 leatur
665 4430 731 4484 ⁶⁶.
766 4448 786 4481 ι
813 4427 1208 4484 Verumtamen
1254 4427 1399 4482 sicut
1442 4425 1499 4479 iu
1542 4438 1608 4479 ea
1637 4439 1758 4495 quae
1794 4423 2044 4493 proxime

2812 3225 3078 3297 σωτήριον
3139 3224 3296 3292 λόγον
3361 3224 3718 3296 προδιδόντας.

2138 3317 2507 3390 Καταλλήλως
2543 3318 2600 3371 δὲ
2648 3318 2865 3387 νοήσεις
2902 3318 2996 3371 καὶ
3023 3318 3123 3388 τὴν
3154 3319 3390 3386 γυναῖκα
3418 3313 3598 3381 αὑτοῦ,
3628 3315 3722 3367 καὶ

2136 3410 2236 3474 τάς
2257 3411 2530 3483 ἁμαρτίας
2557 3409 2664 3463 τῶν
2695 3410 2946 3480 πατέρων
2965 3409 3153 3474 αὑτοῦ,
3183 3411 3279 3463 καὶ
3305 3410 3407 3481 τῆς
3435 3407 3723 3478 λεγομένης

2143 3503 2344 3575 μητρὸς
2375 3502 2540 3556 αὐτοῦ
2566 3545 2581 3570 ,
2613 3502 2713 3572 τῆς
2739 3502 2833 3555 τοῦ
2878 3502 3142 3556 Ἰουδαίων
3170 3502 3354 3567 ἔθνους
3386 3500 3724 3571 συναγωγῆς.

2140 3597 2277 3668 Περὶ
2304 3595 2476 3666 αὐτῆς
2504 3595 2615 3667 γάρ
2642 3594 2884 3666 ήγοῦμαι
2913 3594 3166 3664 λέγεσθαι
3194 3596 3277 3659 τὸ,
3303 3615 3322 3646 ι
3350 3596 3462 3649 Καὶ
3490 3598 3523 3665 ή
3548 3595 3731 3665 ἁμαρ-

2139 3688 2232 3741 τία
2260 3687 2360 3756 τῆς
2383 3687 2589 3758 μητρὸς
2616 3686 2781 3740 αὐτοῦ
2816 3686 2890 3759 μὴ
2920 3687 3280 3759 ἐξαλειφθείη.
3314 3707 3332 3739 ι
3367 3687 3515 3759 Πλὴν
3543 3687 3732 3755 ὥσπερ

2141 3781 2199 3833 ἐν
2225 3781 2291 3850 τῇ
2328 3780 2434 3850 πρὸ
2460 3779 2664 3850 ταύτης
2698 3780 3005 3851 προφητείᾳ
3034 3780 3252 3851 πτωχὸς
3281 3780 3377 3834 καὶ
3404 3780 3578 3850 πένης
3596 3779 3731 3831 ὠνο-

2146 3868 2346 3941 μάζετο
2392 3872 2422 3923 ό
2466 3870 2659 3942 Σωτήρ
2706 3871 2801 3924 καὶ
2841 3869 3046 3942 Κύριος
3091 3870 3278 3942 ήμῶν,
3329 3868 3583 3941 καθάπερ
3628 3869 3736 3921 ἁπ-

2144 3959 2425 4031 εδείξαμεν
2454 3961 2513 4013 ἐν
2542 3960 2654 4031 τῷ,
2693 3981 2711 4013 ι
2748 3961 3097 4035 Μακάριοςεό
3144 3959 3341 4015 συνιὼν
3385 3961 3478 4013 ἐπὶ
3518 3958 3735 4029 πτωχὸν

2144 4051 2239 4103 καὶ
2277 4050 2506 4122 πένητα’
2548 4071 2567 4102 ι
2599 4051 2692 4104 τὸν
2721 4052 2884 4104 αὐτὸν
2922 4051 3123 4121 τρόπον
3154 4053 3249 4106 καὶ
3291 4052 3351 4105 ἐν
3387 4049 3467 4120 τῷ
3501 4050 3736 4120 παρόντι

2143 4142 2344 4214 ψαλμῷ
2385 4143 2596 4206 τούτοις
2636 4142 2994 4215 ἐπικέκληται
3038 4148 3151 4207 τοῖς
3180 4144 3432 4214 ὀνόμασι.
3454 4140 3589 4193 Τάδε
3622 4138 3736 4210 γάρ

2144 4237 2239 4290 καὶ
2272 4236 2397 4290 τάδε
2416 4236 2704 4309 γενηθήτω
2717 4238 2797 4308 τῷ
2825 4238 3016 4297 Ἰούδα,
3034 4238 3129 4290 καὶ
3154 4241 3267 4298 τοῖς
3292 4236 3364 4289 τὰ
3384 4235 3545 4304 ὃμοια
3581 4232 3735 4301 αὑτῴ

2145 4333 2442 4407 ἐζηλωκόσι
2485 4333 2574 4387 διὰ
2607 4333 2677 4386 τὰ
2703 4331 3082 4402 τετολμημένα
3105 4327 3288 4397 αὐτῷ,
3321 4328 3473 4398 φησί.
3506 4327 3638 4381 Τίνα
3674 4327 3736 4381 δὲ

2146 4426 2342 4493 ταῦτα,
2373 4425 2622 4496 ἐπιφέρει
2650 4423 2839 4492 λέγων·
2879 4441 2898 4473 ι
2949 4423 3090 4476 Ἀνθ’
3116 4416 3191 4473 ὢν
3219 4423 3320 4473 οὐκ
3360 4419 3607 4491 ἐμνήσθη
3634 4419 3733 4473 τοῦ

459 4521 760 4576 antecessit
804 4520 1129 4591 prophetia,
1182 4532 1391 4587 egenus
1439 4526 1495 4571 et
1539 4529 1749 4587 pauper
1798 4515 2041 4568 nomino-

2150 4520 2375 4589 ποιῆσαι
2407 4517 2551 4579 ἔλεος
2570 4556 2584 4581 ,
2612 4516 2706 4570 καὶ
2733 4513 3056 4578 κατεδίωξεν
3083 4514 3369 4586 ἄνθρωπον
3402 4514 3610 4586 πένητα
3638 4516 3737 4569 καὶ

461 4612 624 4667 batur
673 4610 928 4665 Salvator
972 4624 1037 4664 ac
1081 4608 1347 4663 Dominus
1381 4615 1587 4670 noster,
1621 4606 1786 4661 veluti
1825 4606 2047 4660 demon-

458 4705 759 4761 stravimus
782 4704 840 4757 in
864 4703 960 4757 illo
993 4721 1007 4755 :
1038 4720 1057 4753 ι
1083 4700 1284 4756 Beatus
1312 4700 1406 4771 qui
1444 4699 1698 4769 intelligit
1730 4713 1899 4768 super
1926 4713 2045 4769 ege-

460 4813 592 4853 num
619 4805 673 4853 et
702 4809 1000 4869 pauperem
1020 4795 1098 4847 '7:
1129 4814 1145 4846 ι
1168 4796 1242 4847 ita
1268 4794 1433 4849 etiam
1462 4793 1516 4846 in
1547 4793 1803 4863 praesenti
1835 4792 2045 4863 psalmo

459 4892 655 4948 iisdem
685 4898 917 4945 vocatur
947 4887 1283 4942 nominibus.
1331 4884 1493 4941 Fiant
1532 4886 1680 4940 enim
1722 4885 1814 4940 illa
1854 4893 1911 4939 et
1952 4885 2043 4937 illa

461 4984 569 5055 ipsi
594 4981 781 5045 ludat,
805 4982 983 5049 iisque
1007 4977 1102 5049 qui
1134 4978 1213 5032 illi
1245 4976 1447 5033 similia
1472 4975 1713 5031 aemulati
1744 4975 1890 5039 sint,
1922 4988 2045 5043 pro-

461 5087 584 5150 pter
613 5076 704 5130 illa
736 5089 860 5146 qua:
890 5084 978 5129 est
1010 5086 1211 5135 ausus,
1249 5069 1451 5141 inquit.
1483 5068 1744 5136 Quaenam
1779 5083 1909 5122 vero
1939 5069 2044 5119 ista

462 5172 608 5233 sint,
640 5166 925 5238 adiungit,
962 5165 1158 5221 dicens
1188 5184 1201 5220 :
1242 5181 1259 5214 ι
1294 5161 1403 5217 Pro
1431 5177 1499 5218 eo
1528 5161 1677 5233 quod
1705 5176 1817 5216 non
1847 5167 1933 5215 est
1966 5174 2047 5213 re-

463 5262 729 5318 cordatus
771 5260 956 5315 facere
1002 5256 1445 5313 misericordiam
1471 5295 1486 5321 ,
1522 5265 1575 5310 et
1610 5260 1936 5325 persecutus
1965 5259 2051 5307 est

463 5355 742 5411 hominem
798 5366 1098 5424 pauperem
1152 5362 1209 5407 et
1247 5365 1516 5423 egenum,
1564 5356 1620 5404 et
1658 5353 2049 5418 compunctum

465 5447 662 5511 corde,
688 5453 749 5501 ut
769 5456 944 5501 morte
972 5443 1228 5499 alliceret.
1260 5442 1329 5497 Et
1360 5441 1552 5497 dilexit
1580 5438 2047 5503 exsecrationem,

466 5543 523 5592 et
555 5537 737 5591 veniet
776 5536 849 5592 ei.
900 5536 969 5591 Et
1010 5535 1191 5591 noluit
1240 5533 1714 5600 benedictionem,
1749 5538 1805 5587 et
1853 5529 2044 5599 procul

468 5628 811 5684 amovebitur
855 5628 925 5685 ab
962 5644 1029 5685 eo
1064 5629 1130 5684 “.
1161 5648 1180 5681 ι
1205 5627 1339 5684 Post
1387 5642 1513 5699 qua;
1562 5626 1731 5682 verba
1783 5623 2047 5695 deinceps

2147 4611 2362 4681 πτωχὸν
2411 4610 2504 4663 καὶ
2541 4609 3010 4678 κατανενυγμένον
3038 4612 3105 4680 τῇ
3137 4608 3334 4680 καρδίᾳ
3362 4607 3457 4661 τοῦ
3488 4608 3740 4663 θανατῶ-

2149 4721 2259 4758 σαι.
2306 4704 2416 4755 Καὶ
2443 4700 2697 4772 ἠγάπησε
2728 4701 2972 4774 κατάραν
2992 4744 3007 4770 ,
3025 4702 3120 4756 καὶ
3148 4702 3267 4773 ἥξει
3300 4702 3482 4772 αὐτῷ’
3514 4704 3608 4757 καὶ
3632 4702 3740 4757 οὐκ

2148 4795 2409 4866 ἠθέλησεν
2438 4793 2718 4863 εὐλογίαν,
2758 4797 2852 4848 καὶ
2883 4794 3323 4867 μακρυνθήσεται
3369 4796 3464 4849 ἀπ’
3492 4794 3678 4850 αὐτοῦ.
3707 4814 3733 4849 ι

2149 4882 2245 4949 Οἷς
2273 4883 2400 4951 ἑξῆς
2428 4884 2766 4948 ἑπικαταϐὰς
2784 4928 2798 4951 ,
2821 4880 2977 4948 αὖθις
3005 4885 3213 4957 πένητα
3241 4887 3335 4941 καί
3367 4887 3580 4957 πτωχὸν
3608 4890 3742 4940 ἐαυ-

2146 4978 2239 5031 τὸν
2270 4977 2524 5049 ὀνομάζει
2552 4977 2752 5047 λέγων’
2790 4995 2811 5029 ι
2852 4978 2963 5032 Καὶ
2985 4980 3079 5046 σὺ,
3110 4979 3307 5051 Κύριε,
3332 4979 3529 5052 Κύριε,
3572 4979 3739 5048 ποίη-

2153 5087 2244 5124 σον
2295 5073 2413 5141 μετ’
2443 5068 2578 5141 ἐμοῦ
2629 5070 2774 5132 ἔλεος
2814 5069 3001 5122 ἕνεκεν
3036 5069 3130 5122 τοῦ
3182 5071 3443 5141 ὀνόματός
3485 5087 3617 5134 σου,
3653 5071 3742 5124 ὅτι

2151 5161 2389 5233 χρηστὸν
2433 5161 2497 5213 τὸ
2529 5160 2677 5223 Ελεός
2722 5176 2836 5212 σου.
2884 5158 3073 5213 Ἰῖῦσαί
3123 5177 3212 5231 με,
3262 5162 3343 5214 ὅτι
3385 5161 3599 5231 πτωχὸς
3645 5162 3741 5215 καὶ

2150 5253 2320 5324 πένης
2347 5254 2463 5324 εἰμὶ
2490 5251 2620 5322 ἐγὼ,
2663 5272 2682 5303 ι
2716 5246 2811 5313 Οἷς
2840 5250 2957 5321 μεθ’
2988 5250 3151 5323 ἐτερα
3176 5251 3448 5319 ἐπιλέγει·
3488 5270 3507 5302 ι
3544 5250 3623 5305 Τὰ
3646 5252 3742 5319 γό-

2149 5347 2286 5399 νατά
2332 5362 2434 5417 μου
2476 5342 2780 5415 ὴσθένησαν
2819 5345 2929 5397 ἀπὸ
2953 5344 3245 5414 νηστείας,
3280 5344 3375 5398 καὶ
3403 5344 3436 5414 ή
3467 5344 3605 5416 σάρξ
3635 5360 3742 5414 μου

2149 5434 2418 5509 ἠλλοιώθη
2463 5436 2533 5489 δι’
2567 5436 2744 5490 ἔλαιον
2782 5452 2795 5499 ἡ
2827 5437 2921 5490 καὶ
2957 5434 3069 5505 ἐγὼ
3111 5436 3375 5507 ἐγενήθην
3407 5434 3607 5497 ὄνειδος
3636 5434 3737 5487 αὺ-

2150 5529 2283 5590 τοῖς.
2318 5525 2547 5581 Είδοσάν
2595 5543 2661 5598 με
2681 5566 2696 5591 ,
2725 5527 2822 5580 καὶ
2861 5526 3161 5579 ἐσάλευσαν
3202 5525 3445 5595 κεφαλάς
3471 5522 3671 5578 αὐτῶν.
3711 5539 3736 5575 ι

2159 5624 2227 5675 "A
2259 5621 2351 5673 καὶ
2384 5618 2523 5674 αὐτὰ
2550 5619 2737 5683 τέλους
2767 5619 3062 5689 ἐτύγχανεν
3090 5619 3176 5671 ὅτε
3216 5637 3234 5671 ι
3272 5617 3320 5669 οἱ
3351 5613 3741 5690 παραπορευό-

538 5804 1057 5885 .".Psat.cuu,9.
1138 5811 1183 5843 α·
1223 5808 1358 5866 ibid.
1394 5810 1483 5867 ιι.
1563 5810 1606 5843 ιτ
1648 5803 1795 5865 Psal.
1840 5806 2017 5882 xt,_3.

2176 5803 2321 5860 Psal.
2357 5819 2521 5865 cvm,
2560 5799 2737 5855 {6.18.
