  <div class='ocr_page' id='page_1' title='image "/cluster/home/n/w/nwhite01/storage/ocr_20150623/22:no.4/coo.31924054873025/384.png"; bbox 0 0 4112 6430; ppageno 0'>
   <div class='ocr_carea' id='block_1_1' title="bbox 329 341 428 396">
    <p class='ocr_par' dir='ltr' id='par_1_1' title="bbox 329 341 428 396">
     <span class='ocr_line' id='line_1_1' title="bbox 329 341 428 396; baseline 0 -1"><span class='ocrx_word' id='word_1_1' title='bbox 329 341 428 396; x_wconf 73' lang='grc' dir='ltr'><strong>’1όί</strong></span> 
     </span>
    </p>
   </div>
   <div class='ocr_carea' id='block_1_2' title="bbox 1279 332 2720 392">
    <p class='ocr_par' dir='ltr' id='par_1_2' title="bbox 1279 332 2720 392">
     <span class='ocr_line' id='line_1_2' title="bbox 1279 332 2720 392; baseline -0.005 -1"><span class='ocrx_word' id='word_1_2' title='bbox 1279 335 1934 392; x_wconf 73' lang='lat' dir='ltr'><strong>DEMONSTRATIONIS</strong></span> <span class='ocrx_word' id='word_1_3' title='bbox 1973 332 2435 388; x_wconf 57' lang='grc' dir='ltr'>ΕνΑΝοΕιιεηε</span> <span class='ocrx_word' id='word_1_4' title='bbox 2479 332 2603 387; x_wconf 87' lang='lat' dir='ltr'><strong>LIB.</strong></span> <span class='ocrx_word' id='word_1_5' title='bbox 2653 332 2720 385; x_wconf 69' lang='grc' dir='ltr'><strong>Χ.</strong></span> 
     </span>
    </p>
   </div>
   <div class='ocr_carea' id='block_1_3' title="bbox 3473 337 3578 391">
    <p class='ocr_par' dir='ltr' id='par_1_3' title="bbox 3473 337 3578 391">
     <span class='ocr_line' id='line_1_3' title="bbox 3473 337 3578 391; baseline -0.01 0"><span class='ocrx_word' id='word_1_6' title='bbox 3473 337 3578 391; x_wconf 69' lang='grc' dir='ltr'><strong>’τις</strong></span> 
     </span>
    </p>
   </div>
   <div class='ocr_carea' id='block_1_4' title="bbox 327 454 1890 530">
    <p class='ocr_par' dir='ltr' id='par_1_4' title="bbox 327 455 1890 530">
     <span class='ocr_line' id='line_1_4' title="bbox 327 455 1890 530; baseline -0.004 -17"><span class='ocrx_word' id='word_1_7' title='bbox 327 475 478 530; x_wconf 80' lang='grc' dir='ltr'>μενοι</span> <span class='ocrx_word' id='word_1_8' title='bbox 520 457 898 530; x_wconf 80' lang='grc' dir='ltr'>ὲδλασφὴμουν</span> <span class='ocrx_word' id='word_1_9' title='bbox 943 457 1104 512; x_wconf 76' lang='grc' dir='ltr'>αὑτὸν</span> <span class='ocrx_word' id='word_1_10' title='bbox 1130 499 1146 523; x_wconf 92' lang='grc'><strong>,</strong></span> <span class='ocrx_word' id='word_1_11' title='bbox 1200 455 1473 520; x_wconf 79' lang='grc' dir='ltr'><strong>κινοῦντες</strong></span> <span class='ocrx_word' id='word_1_12' title='bbox 1521 457 1618 519; x_wconf 84' lang='grc' dir='ltr'>τὰς</span> <span class='ocrx_word' id='word_1_13' title='bbox 1662 456 1890 524; x_wconf 77' lang='grc' dir='ltr'>κεφαλὰς</span> 
     </span>
    </p>
   </div>
   <div class='ocr_carea' id='block_1_5' title="bbox 1995 454 3573 530">
    <p class='ocr_par' dir='ltr' id='par_1_5' title="bbox 2005 454 3573 524">
     <span class='ocr_line' id='line_1_5' title="bbox 2005 454 3573 524; baseline 0.001 -16"><span class='ocrx_word' id='word_1_14' title='bbox 2005 454 2250 508; x_wconf 90' lang='lat' dir='ltr'><strong>oratione</strong></span> <span class='ocrx_word' id='word_1_15' title='bbox 2298 467 2656 523; x_wconf 85' lang='lat' dir='ltr'><strong>progressus,</strong></span> <span class='ocrx_word' id='word_1_16' title='bbox 2703 466 2895 507; x_wconf 88' lang='lat' dir='ltr'><strong>rursus</strong></span> <span class='ocrx_word' id='word_1_17' title='bbox 2929 466 3222 522; x_wconf 82' lang='lat' dir='ltr'><strong>pauperem</strong></span> <span class='ocrx_word' id='word_1_18' title='bbox 3263 459 3425 523; x_wconf 86' lang='lat' dir='ltr'><strong>atque</strong></span> <span class='ocrx_word' id='word_1_19' title='bbox 3455 469 3573 524; x_wconf 84' lang='lat' dir='ltr'><strong>ego-</strong></span> 
     </span>
    </p>
   </div>
   <div class='ocr_carea' id='block_1_6' title="bbox 323 547 1897 619">
    <p class='ocr_par' dir='ltr' id='par_1_6' title="bbox 323 547 1897 619">
     <span class='ocr_line' id='line_1_6' title="bbox 323 547 1897 619; baseline -0.003 -15"><span class='ocrx_word' id='word_1_20' title='bbox 323 550 524 616; x_wconf 77' lang='grc' dir='ltr'>αὐτῶν,</span> <span class='ocrx_word' id='word_1_21' title='bbox 549 550 643 604; x_wconf 82' lang='grc' dir='ltr'><strong>καὶ</strong></span> <span class='ocrx_word' id='word_1_22' title='bbox 669 550 916 619; x_wconf 87' lang='grc' dir='ltr'>λέγοντες</span> <span class='ocrx_word' id='word_1_23' title='bbox 933 567 944 579; x_wconf 90' lang='grc'><strong>·</strong></span> <span class='ocrx_word' id='word_1_24' title='bbox 961 570 980 602; x_wconf 70' lang='grc' dir='ltr'><strong>ι</strong></span> <span class='ocrx_word' id='word_1_25' title='bbox 1002 549 1228 612; x_wconf 72' lang='grc' dir='ltr'>’Ἄλλους</span> <span class='ocrx_word' id='word_1_26' title='bbox 1261 547 1481 612; x_wconf 79' lang='grc' dir='ltr'>ἔσωσεν,</span> <span class='ocrx_word' id='word_1_27' title='bbox 1508 547 1696 600; x_wconf 78' lang='grc' dir='ltr'>ἑαυτὸν</span> <span class='ocrx_word' id='word_1_28' title='bbox 1717 548 1778 599; x_wconf 86' lang='grc' dir='ltr'><strong>ού</strong></span> <span class='ocrx_word' id='word_1_29' title='bbox 1805 547 1897 600; x_wconf 59' lang='grc' dir='ltr'>δύ’</span> 
     </span>
    </p>
   </div>
   <div class='ocr_carea' id='block_1_7' title="bbox 322 638 1895 709">
    <p class='ocr_par' dir='ltr' id='par_1_7' title="bbox 322 638 1895 709">
     <span class='ocr_line' id='line_1_7' title="bbox 322 638 1895 709; baseline -0.003 -13"><span class='ocrx_word' id='word_1_30' title='bbox 322 658 481 696; x_wconf 88' lang='grc' dir='ltr'>ναται</span> <span class='ocrx_word' id='word_1_31' title='bbox 516 641 706 695; x_wconf 90' lang='grc' dir='ltr'>σῶσαι.</span> <span class='ocrx_word' id='word_1_32' title='bbox 742 661 760 692; x_wconf 75' lang='grc' dir='ltr'><strong>ι</strong></span> <span class='ocrx_word' id='word_1_33' title='bbox 809 641 959 694; x_wconf 88' lang='grc' dir='ltr'>Ἑπεί</span> <span class='ocrx_word' id='word_1_34' title='bbox 981 640 1036 693; x_wconf 83' lang='grc' dir='ltr'>δὲ</span> <span class='ocrx_word' id='word_1_35' title='bbox 1079 639 1242 692; x_wconf 89' lang='grc' dir='ltr'>εἰσέτι</span> <span class='ocrx_word' id='word_1_36' title='bbox 1273 638 1368 691; x_wconf 81' lang='grc' dir='ltr'>νῦν</span> <span class='ocrx_word' id='word_1_37' title='bbox 1395 640 1442 691; x_wconf 86' lang='grc' dir='ltr'><strong>οἰ</strong></span> <span class='ocrx_word' id='word_1_38' title='bbox 1479 640 1542 691; x_wconf 84' lang='grc' dir='ltr'>ὲκ</span> <span class='ocrx_word' id='word_1_39' title='bbox 1575 639 1895 709; x_wconf 82' lang='grc' dir='ltr'><strong>περιτομῆς,</strong></span> 
     </span>
    </p>
   </div>
   <div class='ocr_carea' id='block_1_8' title="bbox 319 730 1894 806">
    <p class='ocr_par' dir='ltr' id='par_1_8' title="bbox 319 730 1894 806">
     <span class='ocr_line' id='line_1_8' title="bbox 319 730 1894 806; baseline -0.004 -18"><span class='ocrx_word' id='word_1_40' title='bbox 319 734 419 806; x_wconf 74' lang='grc' dir='ltr'>τὴν</span> <span class='ocrx_word' id='word_1_41' title='bbox 440 733 550 788; x_wconf 92' lang='grc' dir='ltr'><strong>τῶν</strong></span> <span class='ocrx_word' id='word_1_42' title='bbox 575 734 823 806; x_wconf 81' lang='grc' dir='ltr'><strong>πατέρων</strong></span> <span class='ocrx_word' id='word_1_43' title='bbox 849 733 1026 786; x_wconf 83' lang='grc' dir='ltr'>αὐτῶν</span> <span class='ocrx_word' id='word_1_44' title='bbox 1052 734 1130 795; x_wconf 86' lang='grc' dir='ltr'><strong>εἰς</strong></span> <span class='ocrx_word' id='word_1_45' title='bbox 1160 734 1387 795; x_wconf 80' lang='grc' dir='ltr'>ἑαυτοὺς</span> <span class='ocrx_word' id='word_1_46' title='bbox 1416 731 1553 803; x_wconf 79' lang='grc' dir='ltr'>ἀρὰν</span> <span class='ocrx_word' id='word_1_47' title='bbox 1575 730 1894 801; x_wconf 80' lang='grc' dir='ltr'>ἐπισπώμε-</span> 
     </span>
    </p>
   </div>
   <div class='ocr_carea' id='block_1_9' title="bbox 275 823 1896 902">
    <p class='ocr_par' dir='ltr' id='par_1_9' title="bbox 275 823 1896 902">
     <span class='ocr_line' id='line_1_9' title="bbox 275 823 1896 902; baseline -0.003 -22"><span class='ocrx_word' id='word_1_48' title='bbox 275 899 278 902; x_wconf 18' lang='lat'><strong><em>.</em></strong></span> <span class='ocrx_word' id='word_1_49' title='bbox 319 842 430 890; x_wconf 86' lang='grc' dir='ltr'>νοι,</span> <span class='ocrx_word' id='word_1_50' title='bbox 470 825 808 896; x_wconf 78' lang='grc' dir='ltr'><strong>βλασφήμοις</strong></span> <span class='ocrx_word' id='word_1_51' title='bbox 848 825 941 879; x_wconf 74' lang='grc' dir='ltr'>καὶ</span> <span class='ocrx_word' id='word_1_52' title='bbox 971 824 1191 877; x_wconf 73' lang='grc' dir='ltr'>ἀσεϐέσι</span> <span class='ocrx_word' id='word_1_53' title='bbox 1229 825 1434 895; x_wconf 80' lang='grc' dir='ltr'>ῥήμασι</span> <span class='ocrx_word' id='word_1_54' title='bbox 1479 823 1896 893; x_wconf 78' lang='grc' dir='ltr'><strong>ἀναθεματίζειν</strong></span> 
     </span>
    </p>
   </div>
   <div class='ocr_carea' id='block_1_10' title="bbox 317 913 1895 988">
    <p class='ocr_par' dir='ltr' id='par_1_10' title="bbox 317 913 1895 988">
     <span class='ocr_line' id='line_1_10' title="bbox 317 913 1895 988; baseline -0.001 -18"><span class='ocrx_word' id='word_1_55' title='bbox 317 916 411 970; x_wconf 75' lang='grc' dir='ltr'>τὸν</span> <span class='ocrx_word' id='word_1_56' title='bbox 433 917 661 988; x_wconf 77' lang='grc' dir='ltr'><strong>Σωτῆρα</strong></span> <span class='ocrx_word' id='word_1_57' title='bbox 686 917 779 970; x_wconf 77' lang='grc' dir='ltr'>καὶ</span> <span class='ocrx_word' id='word_1_58' title='bbox 807 915 1009 987; x_wconf 79' lang='grc' dir='ltr'>Κύριον</span> <span class='ocrx_word' id='word_1_59' title='bbox 1039 913 1215 986; x_wconf 85' lang='grc' dir='ltr'>ἡμῶν,</span> <span class='ocrx_word' id='word_1_60' title='bbox 1241 916 1334 968; x_wconf 79' lang='grc' dir='ltr'>καὶ</span> <span class='ocrx_word' id='word_1_61' title='bbox 1356 915 1482 978; x_wconf 84' lang='grc' dir='ltr'>τοὺς</span> <span class='ocrx_word' id='word_1_62' title='bbox 1509 916 1588 978; x_wconf 87' lang='grc' dir='ltr'><strong>εἰς</strong></span> <span class='ocrx_word' id='word_1_63' title='bbox 1616 914 1776 968; x_wconf 82' lang='grc' dir='ltr'>αὑτὸν</span> <span class='ocrx_word' id='word_1_64' title='bbox 1797 932 1895 968; x_wconf 90' lang='grc' dir='ltr'>πε-</span> 
     </span>
    </p>
   </div>
   <div class='ocr_carea' id='block_1_11' title="bbox 317 1006 1896 1079">
    <p class='ocr_par' dir='ltr' id='par_1_11' title="bbox 317 1006 1896 1079">
     <span class='ocr_line' id='line_1_11' title="bbox 317 1006 1896 1079; baseline -0.001 -18"><span class='ocrx_word' id='word_1_65' title='bbox 317 1010 678 1072; x_wconf 85' lang='grc' dir='ltr'>πιστευκότας</span> <span class='ocrx_word' id='word_1_66' title='bbox 722 1009 967 1071; x_wconf 76' lang='grc' dir='ltr'>ἅπαντας</span> <span class='ocrx_word' id='word_1_67' title='bbox 1013 1006 1272 1072; x_wconf 84' lang='grc' dir='ltr'>εἰώθασι,</span> <span class='ocrx_word' id='word_1_68' title='bbox 1318 1007 1506 1060; x_wconf 89' lang='grc' dir='ltr'>τούτου</span> <span class='ocrx_word' id='word_1_69' title='bbox 1565 1007 1722 1079; x_wconf 86' lang='grc' dir='ltr'>χάριν</span> <span class='ocrx_word' id='word_1_70' title='bbox 1771 1009 1896 1078; x_wconf 80' lang='grc' dir='ltr'>ἑξῆς</span> 
     </span>
    </p>
   </div>
   <div class='ocr_carea' id='block_1_12' title="bbox 317 1098 1890 1171">
    <p class='ocr_par' dir='ltr' id='par_1_12' title="bbox 317 1098 1890 1171">
     <span class='ocr_line' id='line_1_12' title="bbox 317 1098 1890 1171; baseline 0 -19"><span class='ocrx_word' id='word_1_71' title='bbox 317 1101 556 1169; x_wconf 79' lang='grc' dir='ltr'>ὲπιλέγει</span> <span class='ocrx_word' id='word_1_72' title='bbox 575 1117 589 1132; x_wconf 79' lang='grc' dir='ltr'><strong>ο</strong></span> <span class='ocrx_word' id='word_1_73' title='bbox 633 1120 651 1152; x_wconf 72' lang='grc' dir='ltr'><strong>ι</strong></span> <span class='ocrx_word' id='word_1_74' title='bbox 688 1099 1101 1171; x_wconf 80' lang='grc' dir='ltr'>Καταρὰσονται</span> <span class='ocrx_word' id='word_1_75' title='bbox 1125 1099 1311 1163; x_wconf 81' lang='grc' dir='ltr'>αὐτοὶ,</span> <span class='ocrx_word' id='word_1_76' title='bbox 1337 1098 1431 1152; x_wconf 78' lang='grc' dir='ltr'>καὶ</span> <span class='ocrx_word' id='word_1_77' title='bbox 1459 1100 1521 1152; x_wconf 82' lang='grc' dir='ltr'>σὺ</span> <span class='ocrx_word' id='word_1_78' title='bbox 1560 1099 1890 1170; x_wconf 84' lang='grc' dir='ltr'>εύλογήσεις.</span> 
     </span>
    </p>
   </div>
   <div class='ocr_carea' id='block_1_13' title="bbox 317 1191 1890 1263">
    <p class='ocr_par' dir='ltr' id='par_1_13' title="bbox 317 1191 1890 1263">
     <span class='ocr_line' id='line_1_13' title="bbox 317 1191 1890 1263; baseline -0.001 -17"><span class='ocrx_word' id='word_1_79' title='bbox 317 1194 380 1246; x_wconf 90' lang='grc' dir='ltr'><strong>Οἱ</strong></span> <span class='ocrx_word' id='word_1_80' title='bbox 409 1192 824 1263; x_wconf 81' lang='grc' dir='ltr'>έπανιστάμενοί</span> <span class='ocrx_word' id='word_1_81' title='bbox 849 1211 937 1263; x_wconf 90' lang='grc' dir='ltr'><strong>μοι</strong></span> <span class='ocrx_word' id='word_1_82' title='bbox 966 1191 1426 1263; x_wconf 81' lang='grc' dir='ltr'>αἰσχυνθήτωσαν·</span> <span class='ocrx_word' id='word_1_83' title='bbox 1453 1194 1481 1244; x_wconf 89' lang='grc' dir='ltr'>ὁ</span> <span class='ocrx_word' id='word_1_84' title='bbox 1509 1191 1567 1245; x_wconf 78' lang='grc' dir='ltr'>δὲ</span> <span class='ocrx_word' id='word_1_85' title='bbox 1593 1191 1774 1255; x_wconf 81' lang='grc' dir='ltr'>δοῦλός</span> <span class='ocrx_word' id='word_1_86' title='bbox 1799 1210 1890 1244; x_wconf 88' lang='grc' dir='ltr'><strong>σου</strong></span> 
     </span>
    </p>
   </div>
   <div class='ocr_carea' id='block_1_14' title="bbox 315 1284 1890 1357">
    <p class='ocr_par' dir='ltr' id='par_1_14' title="bbox 315 1284 1890 1357">
     <span class='ocr_line' id='line_1_14' title="bbox 315 1284 1890 1357; baseline 0 -19"><span class='ocrx_word' id='word_1_87' title='bbox 315 1285 762 1357; x_wconf 68' lang='grc' dir='ltr'><strong>εὐφρανθήσεται.</strong></span> <span class='ocrx_word' id='word_1_88' title='bbox 815 1285 1255 1338; x_wconf 85' lang='grc' dir='ltr'>Ἐνδυσάσθωσαν</span> <span class='ocrx_word' id='word_1_89' title='bbox 1282 1286 1330 1336; x_wconf 88' lang='grc' dir='ltr'><strong>οἰ</strong></span> <span class='ocrx_word' id='word_1_90' title='bbox 1361 1284 1792 1349; x_wconf 80' lang='grc' dir='ltr'>ὲνδιαδάλλοντές</span> <span class='ocrx_word' id='word_1_91' title='bbox 1825 1303 1890 1354; x_wconf 87' lang='grc' dir='ltr'><strong>με</strong></span> 
     </span>
    </p>
   </div>
   <div class='ocr_carea' id='block_1_15' title="bbox 313 1375 1891 1450">
    <p class='ocr_par' dir='ltr' id='par_1_15' title="bbox 313 1375 1891 1450">
     <span class='ocr_line' id='line_1_15' title="bbox 313 1375 1891 1450; baseline -0.001 -19"><span class='ocrx_word' id='word_1_92' title='bbox 313 1377 578 1450; x_wconf 67' lang='grc' dir='ltr'>ὁντροπὴν</span> <span class='ocrx_word' id='word_1_93' title='bbox 599 1417 612 1442; x_wconf 93' lang='grc'><strong>,</strong></span> <span class='ocrx_word' id='word_1_94' title='bbox 637 1379 734 1431; x_wconf 76' lang='grc' dir='ltr'>καὶ</span> <span class='ocrx_word' id='word_1_95' title='bbox 757 1377 1231 1449; x_wconf 82' lang='grc' dir='ltr'>περιδαλέσθωσαν</span> <span class='ocrx_word' id='word_1_96' title='bbox 1265 1375 1341 1440; x_wconf 83' lang='grc' dir='ltr'><strong>ὡς</strong></span> <span class='ocrx_word' id='word_1_97' title='bbox 1368 1376 1610 1430; x_wconf 81' lang='grc' dir='ltr'>διπλοΐδα</span> <span class='ocrx_word' id='word_1_98' title='bbox 1631 1377 1891 1449; x_wconf 77' lang='grc' dir='ltr'><strong>αἰσχύνην</strong></span> 
     </span>
    </p>
   </div>
   <div class='ocr_carea' id='block_1_16' title="bbox 313 1464 1891 1539">
    <p class='ocr_par' dir='ltr' id='par_1_16' title="bbox 313 1464 1891 1539">
     <span class='ocr_line' id='line_1_16' title="bbox 313 1464 1891 1539; baseline -0.003 -17"><span class='ocrx_word' id='word_1_99' title='bbox 313 1467 511 1522; x_wconf 76' lang='grc' dir='ltr'>αὐτῶν.</span> <span class='ocrx_word' id='word_1_100' title='bbox 562 1467 700 1538; x_wconf 87' lang='grc' dir='ltr'><strong>Ἐγὼ</strong></span> <span class='ocrx_word' id='word_1_101' title='bbox 726 1468 783 1521; x_wconf 85' lang='grc' dir='ltr'>δὲ</span> <span class='ocrx_word' id='word_1_102' title='bbox 807 1467 1268 1539; x_wconf 80' lang='grc' dir='ltr'>έξομολογήσομαι</span> <span class='ocrx_word' id='word_1_103' title='bbox 1296 1464 1374 1534; x_wconf 87' lang='grc' dir='ltr'>τῷ</span> <span class='ocrx_word' id='word_1_104' title='bbox 1397 1465 1585 1536; x_wconf 88' lang='grc' dir='ltr'>Κυρίῳ</span> <span class='ocrx_word' id='word_1_105' title='bbox 1611 1465 1813 1537; x_wconf 88' lang='grc' dir='ltr'>σφόδρα</span> <span class='ocrx_word' id='word_1_106' title='bbox 1835 1468 1891 1517; x_wconf 85' lang='grc' dir='ltr'>ὲν</span> 
     </span>
    </p>
   </div>
   <div class='ocr_carea' id='block_1_17' title="bbox 311 1557 1885 1632">
    <p class='ocr_par' dir='ltr' id='par_1_17' title="bbox 311 1557 1885 1632">
     <span class='ocr_line' id='line_1_17' title="bbox 311 1557 1885 1632; baseline -0.002 -18"><span class='ocrx_word' id='word_1_107' title='bbox 311 1560 391 1632; x_wconf 82' lang='grc' dir='ltr'>τῷ</span> <span class='ocrx_word' id='word_1_108' title='bbox 415 1561 641 1632; x_wconf 81' lang='grc' dir='ltr'>στόματί</span> <span class='ocrx_word' id='word_1_109' title='bbox 667 1577 802 1632; x_wconf 81' lang='grc' dir='ltr'>μου,</span> <span class='ocrx_word' id='word_1_110' title='bbox 833 1560 928 1613; x_wconf 79' lang='grc' dir='ltr'>καὶ</span> <span class='ocrx_word' id='word_1_111' title='bbox 947 1559 1005 1612; x_wconf 83' lang='grc' dir='ltr'>ὲν</span> <span class='ocrx_word' id='word_1_112' title='bbox 1037 1559 1187 1629; x_wconf 87' lang='grc' dir='ltr'>μέσῳ</span> <span class='ocrx_word' id='word_1_113' title='bbox 1225 1557 1434 1610; x_wconf 84' lang='grc' dir='ltr'>πολλῶν</span> <span class='ocrx_word' id='word_1_114' title='bbox 1465 1557 1663 1611; x_wconf 89' lang='grc' dir='ltr'>αἰνέσω</span> <span class='ocrx_word' id='word_1_115' title='bbox 1685 1559 1845 1611; x_wconf 80' lang='grc' dir='ltr'>αὐτόν</span> <span class='ocrx_word' id='word_1_116' title='bbox 1874 1577 1885 1588; x_wconf 96' lang='grc'><strong>·</strong></span> 
     </span>
    </p>
   </div>
   <div class='ocr_carea' id='block_1_18' title="bbox 311 1647 1890 1724">
    <p class='ocr_par' dir='ltr' id='par_1_18' title="bbox 311 1647 1890 1724">
     <span class='ocr_line' id='line_1_18' title="bbox 311 1647 1890 1724; baseline -0.003 -19"><span class='ocrx_word' id='word_1_117' title='bbox 311 1652 394 1706; x_wconf 83' lang='grc' dir='ltr'>ὅτι</span> <span class='ocrx_word' id='word_1_118' title='bbox 430 1652 679 1724; x_wconf 81' lang='grc' dir='ltr'>παρέστη</span> <span class='ocrx_word' id='word_1_119' title='bbox 729 1653 792 1705; x_wconf 83' lang='grc' dir='ltr'>ὲκ</span> <span class='ocrx_word' id='word_1_120' title='bbox 837 1649 1026 1716; x_wconf 81' lang='grc' dir='ltr'>δεξιῶν</span> <span class='ocrx_word' id='word_1_121' title='bbox 1067 1649 1314 1721; x_wconf 82' lang='grc' dir='ltr'>πένητος,</span> <span class='ocrx_word' id='word_1_122' title='bbox 1343 1647 1437 1702; x_wconf 69' lang='grc' dir='ltr'>τοῦ</span> <span class='ocrx_word' id='word_1_123' title='bbox 1477 1648 1644 1702; x_wconf 89' lang='grc' dir='ltr'>σῶσαι</span> <span class='ocrx_word' id='word_1_124' title='bbox 1678 1649 1741 1703; x_wconf 82' lang='grc' dir='ltr'>ὲκ</span> <span class='ocrx_word' id='word_1_125' title='bbox 1783 1649 1890 1702; x_wconf 85' lang='grc' dir='ltr'><strong>τῶν</strong></span> 
     </span>
    </p>
   </div>
   <div class='ocr_carea' id='block_1_19' title="bbox 311 1740 1888 1814">
    <p class='ocr_par' dir='ltr' id='par_1_19' title="bbox 311 1740 1888 1814">
     <span class='ocr_line' id='line_1_19' title="bbox 311 1740 1888 1814; baseline -0.004 -14"><span class='ocrx_word' id='word_1_126' title='bbox 311 1745 754 1800; x_wconf 84' lang='grc' dir='ltr'>καταδιωκόντων</span> <span class='ocrx_word' id='word_1_127' title='bbox 793 1743 892 1814; x_wconf 82' lang='grc' dir='ltr'>τὴν</span> <span class='ocrx_word' id='word_1_128' title='bbox 933 1743 1112 1814; x_wconf 80' lang='grc' dir='ltr'>ψυχήν</span> <span class='ocrx_word' id='word_1_129' title='bbox 1158 1740 1280 1814; x_wconf 85' lang='grc' dir='ltr'>μου.</span> <span class='ocrx_word' id='word_1_130' title='bbox 1321 1761 1340 1794; x_wconf 84' lang='grc'><strong>›</strong></span> <span class='ocrx_word' id='word_1_131' title='bbox 1374 1742 1484 1795; x_wconf 81' lang='lat' dir='ltr'><strong>Kal</strong></span> <span class='ocrx_word' id='word_1_132' title='bbox 1531 1741 1792 1813; x_wconf 83' lang='grc' dir='ltr'>πρόδηλόν</span> <span class='ocrx_word' id='word_1_133' title='bbox 1827 1760 1888 1810; x_wconf 83' lang='grc' dir='ltr'><strong>γε</strong></span> 
     </span>
    </p>
   </div>
   <div class='ocr_carea' id='block_1_20' title="bbox 2005 544 3574 616">
    <p class='ocr_par' dir='ltr' id='par_1_20' title="bbox 2005 544 3574 616">
     <span class='ocr_line' id='line_1_20' title="bbox 2005 544 3574 616; baseline 0.001 -17"><span class='ocrx_word' id='word_1_134' title='bbox 2005 561 2136 600; x_wconf 90' lang='lat' dir='ltr'><strong>num</strong></span> <span class='ocrx_word' id='word_1_135' title='bbox 2174 546 2416 616; x_wconf 91' lang='lat' dir='ltr'><strong>seipsum</strong></span> <span class='ocrx_word' id='word_1_136' title='bbox 2447 545 2726 608; x_wconf 89' lang='lat' dir='ltr'><strong>nominat,</strong></span> <span class='ocrx_word' id='word_1_137' title='bbox 2759 545 2948 600; x_wconf 90' lang='lat' dir='ltr'><strong>dicens</strong></span> <span class='ocrx_word' id='word_1_138' title='bbox 2977 564 2990 599; x_wconf 89' lang='lat'>:</span> <span class='ocrx_word' id='word_1_139' title='bbox 3021 565 3039 598; x_wconf 76' lang='grc' dir='ltr'><strong>ι</strong></span> <span class='ocrx_word' id='word_1_140' title='bbox 3069 545 3135 600; x_wconf 87' lang='grc' dir='ltr'>Ει</span> <span class='ocrx_word' id='word_1_141' title='bbox 3176 553 3232 601; x_wconf 80' lang='grc' dir='ltr'><strong>ιιι</strong></span> <span class='ocrx_word' id='word_1_142' title='bbox 3256 588 3271 612; x_wconf 92' lang='grc'><strong>,</strong></span> <span class='ocrx_word' id='word_1_143' title='bbox 3308 544 3534 601; x_wconf 87' lang='lat' dir='ltr'><strong>Domine</strong></span> <span class='ocrx_word' id='word_1_144' title='bbox 3558 588 3574 613; x_wconf 92' lang='lat'><strong>,</strong></span> 
     </span>
    </p>
   </div>
   <div class='ocr_carea' id='block_1_21' title="bbox 2004 637 3573 709">
    <p class='ocr_par' dir='ltr' id='par_1_21' title="bbox 2004 637 3573 709">
     <span class='ocr_line' id='line_1_21' title="bbox 2004 637 3573 709; baseline 0.001 -18"><span class='ocrx_word' id='word_1_145' title='bbox 2004 638 2232 692; x_wconf 87' lang='lat' dir='ltr'><strong>Domine</strong></span> <span class='ocrx_word' id='word_1_146' title='bbox 2255 681 2268 704; x_wconf 92' lang='lat'><strong>,</strong></span> <span class='ocrx_word' id='word_1_147' title='bbox 2303 637 2388 692; x_wconf 83' lang='lat' dir='ltr'><strong>fac</strong></span> <span class='ocrx_word' id='word_1_148' title='bbox 2417 655 2628 694; x_wconf 90' lang='lat' dir='ltr'><strong>mecum</strong></span> <span class='ocrx_word' id='word_1_149' title='bbox 2660 639 3094 694; x_wconf 90' lang='lat' dir='ltr'><strong>misericordiam</strong></span> <span class='ocrx_word' id='word_1_150' title='bbox 3125 648 3346 709; x_wconf 78' lang='lat' dir='ltr'><strong>propter</strong></span> <span class='ocrx_word' id='word_1_151' title='bbox 3375 654 3573 694; x_wconf 87' lang='lat' dir='ltr'><strong>nomen</strong></span> 
     </span>
    </p>
   </div>
   <div class='ocr_carea' id='block_1_22' title="bbox 2003 729 3573 802">
    <p class='ocr_par' dir='ltr' id='par_1_22' title="bbox 2003 729 3573 802">
     <span class='ocr_line' id='line_1_22' title="bbox 2003 729 3573 802; baseline 0 -18"><span class='ocrx_word' id='word_1_152' title='bbox 2003 739 2185 794; x_wconf 89' lang='lat' dir='ltr'><strong>tuum,</strong></span> <span class='ocrx_word' id='word_1_153' title='bbox 2222 729 2351 799; x_wconf 91' lang='lat' dir='ltr'><strong>quia</strong></span> <span class='ocrx_word' id='word_1_154' title='bbox 2383 730 2618 802; x_wconf 86' lang='lat' dir='ltr'><strong>benigna</strong></span> <span class='ocrx_word' id='word_1_155' title='bbox 2661 740 2744 787; x_wconf 89' lang='lat' dir='ltr'><strong>est</strong></span> <span class='ocrx_word' id='word_1_156' title='bbox 2778 731 3158 787; x_wconf 83' lang='lat' dir='ltr'><strong>misericordia</strong></span> <span class='ocrx_word' id='word_1_157' title='bbox 3209 741 3303 785; x_wconf 89' lang='lat' dir='ltr'><strong>tua</strong></span> <span class='ocrx_word' id='word_1_158' title='bbox 3376 730 3573 787; x_wconf 85' lang='lat' dir='ltr'><strong>Libera</strong></span> 
     </span>
    </p>
   </div>
   <div class='ocr_carea' id='block_1_23' title="bbox 2000 820 3574 893">
    <p class='ocr_par' dir='ltr' id='par_1_23' title="bbox 2000 820 3574 893">
     <span class='ocr_line' id='line_1_23' title="bbox 2000 820 3574 893; baseline 0.003 -20"><span class='ocrx_word' id='word_1_159' title='bbox 2000 834 2122 884; x_wconf 90' lang='lat' dir='ltr'><strong>me,</strong></span> <span class='ocrx_word' id='word_1_160' title='bbox 2167 820 2298 888; x_wconf 86' lang='lat' dir='ltr'><strong>quia</strong></span> <span class='ocrx_word' id='word_1_161' title='bbox 2339 835 2544 890; x_wconf 83' lang='lat' dir='ltr'><strong>egenus</strong></span> <span class='ocrx_word' id='word_1_162' title='bbox 2594 833 2649 876; x_wconf 89' lang='lat' dir='ltr'><strong>et</strong></span> <span class='ocrx_word' id='word_1_163' title='bbox 2690 837 2896 892; x_wconf 81' lang='lat' dir='ltr'><strong>pauper</strong></span> <span class='ocrx_word' id='word_1_164' title='bbox 2929 839 3050 877; x_wconf 91' lang='lat' dir='ltr'><strong>sum</strong></span> <span class='ocrx_word' id='word_1_165' title='bbox 3080 838 3180 893; x_wconf 88' lang='lat' dir='ltr'><strong>ego</strong></span> <span class='ocrx_word' id='word_1_166' title='bbox 3212 823 3278 876; x_wconf 76' lang='grc'><strong>⁸⁸.</strong></span> <span class='ocrx_word' id='word_1_167' title='bbox 3311 843 3330 875; x_wconf 76' lang='grc' dir='ltr'><strong>ι</strong></span> <span class='ocrx_word' id='word_1_168' title='bbox 3357 822 3574 890; x_wconf 82' lang='lat' dir='ltr'><strong>Quibus</strong></span> 
     </span>
    </p>
   </div>
   <div class='ocr_carea' id='block_1_24' title="bbox 2001 911 3573 983">
    <p class='ocr_par' dir='ltr' id='par_1_24' title="bbox 2001 911 3573 983">
     <span class='ocr_line' id='line_1_24' title="bbox 2001 911 3573 983; baseline 0.004 -19"><span class='ocrx_word' id='word_1_169' title='bbox 2001 919 2127 981; x_wconf 91' lang='lat' dir='ltr'><strong>post</strong></span> <span class='ocrx_word' id='word_1_170' title='bbox 2159 913 2263 965; x_wconf 91' lang='lat' dir='ltr'><strong>alia</strong></span> <span class='ocrx_word' id='word_1_171' title='bbox 2293 911 2542 983; x_wconf 85' lang='lat' dir='ltr'><strong>adjungit</strong></span> <span class='ocrx_word' id='word_1_172' title='bbox 2575 934 2586 968; x_wconf 93' lang='lat'><strong>:</strong></span> <span class='ocrx_word' id='word_1_173' title='bbox 2617 933 2636 966; x_wconf 86' lang='grc'><strong><em>‹</em></strong></span> <span class='ocrx_word' id='word_1_174' title='bbox 2664 913 2853 968; x_wconf 88' lang='lat' dir='ltr'><strong>Genua</strong></span> <span class='ocrx_word' id='word_1_175' title='bbox 2887 929 3007 970; x_wconf 85' lang='lat' dir='ltr'><strong>mea</strong></span> <span class='ocrx_word' id='word_1_176' title='bbox 3051 916 3322 970; x_wconf 81' lang='lat' dir='ltr'><strong>infirmata</strong></span> <span class='ocrx_word' id='word_1_177' title='bbox 3371 923 3501 972; x_wconf 90' lang='lat' dir='ltr'><strong>sunt</strong></span> <span class='ocrx_word' id='word_1_178' title='bbox 3543 933 3573 970; x_wconf 89' lang='lat' dir='ltr'><strong>a</strong></span> 
     </span>
    </p>
   </div>
   <div class='ocr_carea' id='block_1_25' title="bbox 1996 1005 3568 1080">
    <p class='ocr_par' dir='ltr' id='par_1_25' title="bbox 1996 1005 3568 1080">
     <span class='ocr_line' id='line_1_25' title="bbox 1996 1005 3568 1080; baseline 0.001 -20"><span class='ocrx_word' id='word_1_179' title='bbox 1996 1005 2242 1074; x_wconf 88' lang='lat' dir='ltr'><strong>jejunio,</strong></span> <span class='ocrx_word' id='word_1_180' title='bbox 2275 1013 2329 1061; x_wconf 91' lang='lat' dir='ltr'><strong>et</strong></span> <span class='ocrx_word' id='word_1_181' title='bbox 2359 1021 2488 1060; x_wconf 90' lang='lat' dir='ltr'><strong>caro</strong></span> <span class='ocrx_word' id='word_1_182' title='bbox 2517 1023 2636 1062; x_wconf 88' lang='lat' dir='ltr'><strong>mea</strong></span> <span class='ocrx_word' id='word_1_183' title='bbox 2668 1009 2950 1062; x_wconf 90' lang='lat' dir='ltr'><strong>immutata</strong></span> <span class='ocrx_word' id='word_1_184' title='bbox 2981 1018 3065 1064; x_wconf 92' lang='lat' dir='ltr'><strong>est</strong></span> <span class='ocrx_word' id='word_1_185' title='bbox 3096 1017 3318 1080; x_wconf 78' lang='lat' dir='ltr'><strong>propter</strong></span> <span class='ocrx_word' id='word_1_186' title='bbox 3344 1011 3523 1064; x_wconf 90' lang='lat' dir='ltr'><strong>oleum</strong></span> <span class='ocrx_word' id='word_1_187' title='bbox 3554 1028 3568 1063; x_wconf 90' lang='lat'><strong>:</strong></span> 
     </span>
    </p>
   </div>
   <div class='ocr_carea' id='block_1_26' title="bbox 1999 1097 3571 1169">
    <p class='ocr_par' dir='ltr' id='par_1_26' title="bbox 1999 1097 3571 1169">
     <span class='ocr_line' id='line_1_26' title="bbox 1999 1097 3571 1169; baseline 0.004 -18"><span class='ocrx_word' id='word_1_188' title='bbox 1999 1104 2053 1151; x_wconf 92' lang='lat' dir='ltr'><strong>et</strong></span> <span class='ocrx_word' id='word_1_189' title='bbox 2083 1111 2184 1167; x_wconf 85' lang='lat' dir='ltr'><strong>ego</strong></span> <span class='ocrx_word' id='word_1_190' title='bbox 2215 1097 2392 1153; x_wconf 80' lang='lat' dir='ltr'><strong>factus</strong></span> <span class='ocrx_word' id='word_1_191' title='bbox 2425 1113 2545 1153; x_wconf 89' lang='lat' dir='ltr'><strong>sum</strong></span> <span class='ocrx_word' id='word_1_192' title='bbox 2598 1101 2953 1169; x_wconf 85' lang='lat' dir='ltr'><strong>opprobrium</strong></span> <span class='ocrx_word' id='word_1_193' title='bbox 3003 1102 3132 1156; x_wconf 90' lang='lat' dir='ltr'><strong>illis.</strong></span> <span class='ocrx_word' id='word_1_194' title='bbox 3170 1101 3435 1156; x_wconf 87' lang='lat' dir='ltr'><strong>Viderunt</strong></span> <span class='ocrx_word' id='word_1_195' title='bbox 3484 1119 3571 1157; x_wconf 85' lang='lat' dir='ltr'><strong>me</strong></span> 
     </span>
    </p>
   </div>
   <div class='ocr_carea' id='block_1_27' title="bbox 1998 1193 3573 1265">
    <p class='ocr_par' dir='ltr' id='par_1_27' title="bbox 1998 1193 3573 1265">
     <span class='ocr_line' id='line_1_27' title="bbox 1998 1193 3573 1265; baseline 0.003 -20"><span class='ocrx_word' id='word_1_196' title='bbox 1998 1198 2053 1245; x_wconf 91' lang='lat' dir='ltr'><strong>et</strong></span> <span class='ocrx_word' id='word_1_197' title='bbox 2088 1199 2378 1245; x_wconf 90' lang='lat' dir='ltr'><strong>moverunt</strong></span> <span class='ocrx_word' id='word_1_198' title='bbox 2413 1193 2592 1262; x_wconf 83' lang='lat' dir='ltr'><strong>capita</strong></span> <span class='ocrx_word' id='word_1_199' title='bbox 2624 1207 2721 1247; x_wconf 92' lang='lat' dir='ltr'><strong>sua</strong></span> <span class='ocrx_word' id='word_1_200' title='bbox 2752 1194 2795 1224; x_wconf 90' lang='grc'><strong>⁷⁰</strong></span> <span class='ocrx_word' id='word_1_201' title='bbox 2821 1212 2834 1248; x_wconf 88' lang='lat'>:</span> <span class='ocrx_word' id='word_1_202' title='bbox 2868 1212 2886 1244; x_wconf 77' lang='grc' dir='ltr'><strong>ι</strong></span> <span class='ocrx_word' id='word_1_203' title='bbox 2915 1209 3036 1264; x_wconf 71' lang='lat' dir='ltr'><strong>qua:</strong></span> <span class='ocrx_word' id='word_1_204' title='bbox 3065 1209 3195 1249; x_wconf 81' lang='lat' dir='ltr'><strong>sane</strong></span> <span class='ocrx_word' id='word_1_205' title='bbox 3226 1196 3343 1265; x_wconf 89' lang='lat' dir='ltr'><strong>ipsa</strong></span> <span class='ocrx_word' id='word_1_206' title='bbox 3377 1197 3573 1250; x_wconf 84' lang='lat' dir='ltr'><strong>nihilo-</strong></span> 
     </span>
    </p>
   </div>
   <div class='ocr_carea' id='block_1_28' title="bbox 1999 1282 3571 1356">
    <p class='ocr_par' dir='ltr' id='par_1_28' title="bbox 1999 1282 3571 1356">
     <span class='ocr_line' id='line_1_28' title="bbox 1999 1282 3571 1356; baseline 0.004 -21"><span class='ocrx_word' id='word_1_207' title='bbox 1999 1282 2182 1338; x_wconf 90' lang='lat' dir='ltr'><strong>minus</strong></span> <span class='ocrx_word' id='word_1_208' title='bbox 2227 1299 2387 1338; x_wconf 92' lang='lat' dir='ltr'><strong>suum</strong></span> <span class='ocrx_word' id='word_1_209' title='bbox 2437 1284 2598 1338; x_wconf 83' lang='lat' dir='ltr'><strong>ﬁnem</strong></span> <span class='ocrx_word' id='word_1_210' title='bbox 2643 1287 2941 1340; x_wconf 85' lang='lat' dir='ltr'><strong>consecuta</strong></span> <span class='ocrx_word' id='word_1_211' title='bbox 2975 1293 3138 1348; x_wconf 92' lang='lat' dir='ltr'><strong>sunt,</strong></span> <span class='ocrx_word' id='word_1_212' title='bbox 3171 1303 3281 1356; x_wconf 89' lang='lat' dir='ltr'><strong>quo</strong></span> <span class='ocrx_word' id='word_1_213' title='bbox 3323 1296 3571 1356; x_wconf 87' lang='lat' dir='ltr'><strong>tempore</strong></span> 
     </span>
    </p>
   </div>
   <div class='ocr_carea' id='block_1_29' title="bbox 1997 1375 3569 1447">
    <p class='ocr_par' dir='ltr' id='par_1_29' title="bbox 1997 1375 3569 1447">
     <span class='ocr_line' id='line_1_29' title="bbox 1997 1375 3569 1447; baseline 0.003 -20"><span class='ocrx_word' id='word_1_214' title='bbox 1997 1375 2088 1444; x_wconf 91' lang='lat' dir='ltr'><strong>qui</strong></span> <span class='ocrx_word' id='word_1_215' title='bbox 2122 1376 2508 1445; x_wconf 72' lang='lat' dir='ltr'><strong>praeteribant,</strong></span> <span class='ocrx_word' id='word_1_216' title='bbox 2549 1377 2953 1432; x_wconf 89' lang='lat' dir='ltr'><strong>maledicebant</strong></span> <span class='ocrx_word' id='word_1_217' title='bbox 2989 1380 3038 1435; x_wconf 91' lang='lat' dir='ltr'><strong>ei</strong></span> <span class='ocrx_word' id='word_1_218' title='bbox 3075 1387 3356 1434; x_wconf 80' lang='lat' dir='ltr'><strong>moventes</strong></span> <span class='ocrx_word' id='word_1_219' title='bbox 3387 1381 3569 1447; x_wconf 86' lang='lat' dir='ltr'><strong>capita</strong></span> 
     </span>
    </p>
   </div>
   <div class='ocr_carea' id='block_1_30' title="bbox 1998 1469 3566 1542">
    <p class='ocr_par' dir='ltr' id='par_1_30' title="bbox 1998 1469 3566 1542">
     <span class='ocr_line' id='line_1_30' title="bbox 1998 1469 3566 1542; baseline 0.003 -18"><span class='ocrx_word' id='word_1_220' title='bbox 1998 1484 2098 1524; x_wconf 89' lang='lat' dir='ltr'><strong>sua</strong></span> <span class='ocrx_word' id='word_1_221' title='bbox 2136 1478 2192 1524; x_wconf 92' lang='lat' dir='ltr'><strong>et</strong></span> <span class='ocrx_word' id='word_1_222' title='bbox 2225 1469 2472 1525; x_wconf 87' lang='lat' dir='ltr'><strong>dicentes</strong></span> <span class='ocrx_word' id='word_1_223' title='bbox 2500 1489 2511 1523; x_wconf 93' lang='lat'>:</span> <span class='ocrx_word' id='word_1_224' title='bbox 2541 1488 2560 1520; x_wconf 73' lang='grc' dir='ltr'><strong>ι</strong></span> <span class='ocrx_word' id='word_1_225' title='bbox 2589 1471 2743 1526; x_wconf 89' lang='lat' dir='ltr'><strong>Alios</strong></span> <span class='ocrx_word' id='word_1_226' title='bbox 2774 1473 2956 1526; x_wconf 85' lang='lat' dir='ltr'><strong>salvos</strong></span> <span class='ocrx_word' id='word_1_227' title='bbox 2987 1472 3115 1528; x_wconf 83' lang='lat' dir='ltr'><strong>fecit</strong></span> <span class='ocrx_word' id='word_1_228' title='bbox 3135 1513 3150 1536; x_wconf 96' lang='lat'><strong>,</strong></span> <span class='ocrx_word' id='word_1_229' title='bbox 3182 1474 3421 1542; x_wconf 91' lang='lat' dir='ltr'><strong>seipsum</strong></span> <span class='ocrx_word' id='word_1_230' title='bbox 3457 1490 3566 1528; x_wconf 93' lang='lat' dir='ltr'><strong>non</strong></span> 
     </span>
    </p>
   </div>
   <div class='ocr_carea' id='block_1_31' title="bbox 1997 1561 3569 1630">
    <p class='ocr_par' dir='ltr' id='par_1_31' title="bbox 1997 1561 3569 1630">
     <span class='ocr_line' id='line_1_31' title="bbox 1997 1561 3569 1630; baseline 0.003 -14"><span class='ocrx_word' id='word_1_231' title='bbox 1997 1569 2176 1630; x_wconf 90' lang='lat' dir='ltr'><strong>potest</strong></span> <span class='ocrx_word' id='word_1_232' title='bbox 2205 1562 2416 1618; x_wconf 91' lang='lat' dir='ltr'><strong>salvum</strong></span> <span class='ocrx_word' id='word_1_233' title='bbox 2443 1561 2625 1618; x_wconf 88' lang='lat' dir='ltr'><strong>facere</strong></span> <span class='ocrx_word' id='word_1_234' title='bbox 2646 1564 2712 1618; x_wconf 70' lang='grc'><strong>⁷³.</strong></span> <span class='ocrx_word' id='word_1_235' title='bbox 2741 1584 2758 1616; x_wconf 79' lang='grc' dir='ltr'><strong>ι</strong></span> <span class='ocrx_word' id='word_1_236' title='bbox 2777 1562 3046 1630; x_wconf 85' lang='lat' dir='ltr'><strong>Quoniam</strong></span> <span class='ocrx_word' id='word_1_237' title='bbox 3077 1580 3204 1619; x_wconf 87' lang='lat' dir='ltr'><strong>vero</strong></span> <span class='ocrx_word' id='word_1_238' title='bbox 3228 1566 3390 1620; x_wconf 88' lang='lat' dir='ltr'><strong>etiam</strong></span> <span class='ocrx_word' id='word_1_239' title='bbox 3421 1581 3569 1620; x_wconf 91' lang='lat' dir='ltr'><strong>nunc</strong></span> 
     </span>
    </p>
   </div>
   <div class='ocr_carea' id='block_1_32' title="bbox 1993 1650 3572 1726">
    <p class='ocr_par' dir='ltr' id='par_1_32' title="bbox 1993 1650 3572 1726">
     <span class='ocr_line' id='line_1_32' title="bbox 1993 1650 3572 1726; baseline 0.003 -20"><span class='ocrx_word' id='word_1_240' title='bbox 1993 1650 2166 1706; x_wconf 76' lang='lat' dir='ltr'><strong>Judaei</strong></span> <span class='ocrx_word' id='word_1_241' title='bbox 2203 1662 2419 1722; x_wconf 87' lang='lat' dir='ltr'><strong>patrum</strong></span> <span class='ocrx_word' id='word_1_242' title='bbox 2452 1668 2681 1710; x_wconf 91' lang='lat' dir='ltr'><strong>suorum</strong></span> <span class='ocrx_word' id='word_1_243' title='bbox 2718 1654 2775 1707; x_wconf 88' lang='lat' dir='ltr'><strong>in</strong></span> <span class='ocrx_word' id='word_1_244' title='bbox 2807 1656 3018 1725; x_wconf 90' lang='lat' dir='ltr'><strong>seipsos</strong></span> <span class='ocrx_word' id='word_1_245' title='bbox 3043 1654 3212 1726; x_wconf 69' lang='grc'><strong>478</strong></span> <span class='ocrx_word' id='word_1_246' title='bbox 3244 1657 3572 1711; x_wconf 80' lang='lat' dir='ltr'><strong>exsecratio-</strong></span> 
     </span>
    </p>
   </div>
   <div class='ocr_carea' id='block_1_33' title="bbox 1995 1744 3569 1802">
    <p class='ocr_par' dir='ltr' id='par_1_33' title="bbox 1995 1744 3569 1802">
     <span class='ocr_line' id='line_1_33' title="bbox 1995 1744 3569 1802; baseline 0.003 -5"><span class='ocrx_word' id='word_1_247' title='bbox 1995 1760 2118 1798; x_wconf 88' lang='lat' dir='ltr'><strong>nem</strong></span> <span class='ocrx_word' id='word_1_248' title='bbox 2161 1744 2502 1801; x_wconf 87' lang='lat' dir='ltr'><strong>attrahentes</strong></span> <span class='ocrx_word' id='word_1_249' title='bbox 2544 1745 2980 1800; x_wconf 81' lang='lat' dir='ltr'><strong>exsecrabilibus</strong></span> <span class='ocrx_word' id='word_1_250' title='bbox 3022 1753 3077 1800; x_wconf 92' lang='lat' dir='ltr'><strong>et</strong></span> <span class='ocrx_word' id='word_1_251' title='bbox 3123 1747 3349 1801; x_wconf 78' lang='lat' dir='ltr'><strong>nefariis</strong></span> <span class='ocrx_word' id='word_1_252' title='bbox 3388 1747 3569 1802; x_wconf 85' lang='lat' dir='ltr'><strong>verbis</strong></span> 
     </span>
    </p>
   </div>
   <div class='ocr_carea' id='block_1_34' title="bbox 310 1833 1890 1905">
    <p class='ocr_par' dir='ltr' id='par_1_34' title="bbox 310 1833 1890 1905">
     <span class='ocr_line' id='line_1_34' title="bbox 310 1833 1890 1905; baseline -0.003 -14"><span class='ocrx_word' id='word_1_253' title='bbox 310 1838 528 1902; x_wconf 77' lang='grc' dir='ltr'>ὁπόσοις</span> <span class='ocrx_word' id='word_1_254' title='bbox 548 1837 719 1890; x_wconf 82' lang='grc' dir='ltr'>εἰσέτι</span> <span class='ocrx_word' id='word_1_255' title='bbox 754 1837 849 1890; x_wconf 82' lang='grc' dir='ltr'>καὶ</span> <span class='ocrx_word' id='word_1_256' title='bbox 870 1835 962 1891; x_wconf 84' lang='grc' dir='ltr'>νῦν</span> <span class='ocrx_word' id='word_1_257' title='bbox 987 1837 1036 1888; x_wconf 83' lang='grc' dir='ltr'>οξ</span> <span class='ocrx_word' id='word_1_258' title='bbox 1060 1834 1161 1898; x_wconf 80' lang='grc' dir='ltr'>τὰς</span> <span class='ocrx_word' id='word_1_259' title='bbox 1192 1836 1312 1888; x_wconf 88' lang='grc' dir='ltr'>κατ’</span> <span class='ocrx_word' id='word_1_260' title='bbox 1341 1833 1503 1888; x_wconf 83' lang='grc' dir='ltr'>αὑτοῦ</span> <span class='ocrx_word' id='word_1_261' title='bbox 1528 1833 1666 1905; x_wconf 83' lang='grc' dir='ltr'>ἀρὰς</span> <span class='ocrx_word' id='word_1_262' title='bbox 1693 1837 1749 1886; x_wconf 82' lang='grc' dir='ltr'>ἐν</span> <span class='ocrx_word' id='word_1_263' title='bbox 1779 1839 1890 1898; x_wconf 83' lang='grc' dir='ltr'>ταῖς</span> 
     </span>
    </p>
   </div>
   <div class='ocr_carea' id='block_1_35' title="bbox 1995 1833 3570 1905">
    <p class='ocr_par' dir='ltr' id='par_1_35' title="bbox 1999 1835 3570 1902">
     <span class='ocr_line' id='line_1_35' title="bbox 1999 1835 3570 1902; baseline 0.001 -12"><span class='ocrx_word' id='word_1_264' title='bbox 1999 1837 2259 1892; x_wconf 90' lang='lat' dir='ltr'><strong>detestari</strong></span> <span class='ocrx_word' id='word_1_265' title='bbox 2303 1835 2643 1891; x_wconf 90' lang='lat' dir='ltr'><strong>Salvatorem</strong></span> <span class='ocrx_word' id='word_1_266' title='bbox 2687 1851 2751 1889; x_wconf 89' lang='lat' dir='ltr'><strong>ac</strong></span> <span class='ocrx_word' id='word_1_267' title='bbox 2793 1835 3082 1890; x_wconf 90' lang='lat' dir='ltr'><strong>Dominum</strong></span> <span class='ocrx_word' id='word_1_268' title='bbox 3130 1847 3417 1902; x_wconf 87' lang='lat' dir='ltr'><strong>nostrum,</strong></span> <span class='ocrx_word' id='word_1_269' title='bbox 3458 1853 3570 1892; x_wconf 89' lang='lat' dir='ltr'><strong>om-</strong></span> 
     </span>
    </p>
   </div>
   <div class='ocr_carea' id='block_1_36' title="bbox 311 1926 1892 2000">
    <p class='ocr_par' dir='ltr' id='par_1_36' title="bbox 311 1926 1892 2000">
     <span class='ocr_line' id='line_1_36' title="bbox 311 1926 1892 2000; baseline -0.001 -18"><span class='ocrx_word' id='word_1_270' title='bbox 311 1929 523 1984; x_wconf 77' lang='grc' dir='ltr'>έαυτῶν</span> <span class='ocrx_word' id='word_1_271' title='bbox 580 1932 920 1998; x_wconf 83' lang='grc' dir='ltr'>συναγωγαῖς</span> <span class='ocrx_word' id='word_1_272' title='bbox 969 1927 1282 2000; x_wconf 85' lang='grc' dir='ltr'>ποιούμενοι</span> <span class='ocrx_word' id='word_1_273' title='bbox 1331 1926 1618 1981; x_wconf 84' lang='grc' dir='ltr'>παλαίουσι</span> <span class='ocrx_word' id='word_1_274' title='bbox 1670 1930 1858 1989; x_wconf 85' lang='grc' dir='ltr'>κακοῖς</span> <span class='ocrx_word' id='word_1_275' title='bbox 1878 1967 1892 1989; x_wconf 92' lang='grc'><strong>,</strong></span> 
     </span>
    </p>
   </div>
   <div class='ocr_carea' id='block_1_37' title="bbox 310 2018 1894 2098">
    <p class='ocr_par' dir='ltr' id='par_1_37' title="bbox 310 2018 1894 2098">
     <span class='ocr_line' id='line_1_37' title="bbox 310 2018 1894 2098; baseline -0.001 -24"><span class='ocrx_word' id='word_1_276' title='bbox 310 2021 420 2098; x_wconf 83' lang='grc' dir='ltr'><strong>ἀπὸ</strong></span> <span class='ocrx_word' id='word_1_277' title='bbox 446 2020 555 2074; x_wconf 92' lang='grc' dir='ltr'><strong>τῶν</strong></span> <span class='ocrx_word' id='word_1_278' title='bbox 581 2021 760 2076; x_wconf 82' lang='grc' dir='ltr'>αὐτῶν</span> <span class='ocrx_word' id='word_1_279' title='bbox 793 2022 1000 2094; x_wconf 86' lang='grc' dir='ltr'>χρόνων</span> <span class='ocrx_word' id='word_1_280' title='bbox 1039 2021 1160 2092; x_wconf 89' lang='grc' dir='ltr'>μηδ’</span> <span class='ocrx_word' id='word_1_281' title='bbox 1187 2020 1325 2082; x_wconf 82' lang='grc' dir='ltr'>ὅλως</span> <span class='ocrx_word' id='word_1_282' title='bbox 1349 2019 1644 2074; x_wconf 78' lang='grc' dir='ltr'>ἀνανεῦσαι</span> <span class='ocrx_word' id='word_1_283' title='bbox 1675 2018 1894 2089; x_wconf 86' lang='grc' dir='ltr'>δεδυνη-</span> 
     </span>
    </p>
   </div>
   <div class='ocr_carea' id='block_1_38' title="bbox 313 2106 1894 2181">
    <p class='ocr_par' dir='ltr' id='par_1_38' title="bbox 313 2106 1894 2181">
     <span class='ocr_line' id='line_1_38' title="bbox 313 2106 1894 2181; baseline -0.003 -17"><span class='ocrx_word' id='word_1_284' title='bbox 313 2109 484 2181; x_wconf 86' lang='grc' dir='ltr'>μένοι,</span> <span class='ocrx_word' id='word_1_285' title='bbox 509 2112 657 2175; x_wconf 82' lang='grc' dir='ltr'>ὅπως</span> <span class='ocrx_word' id='word_1_286' title='bbox 681 2129 742 2164; x_wconf 85' lang='grc' dir='ltr'><strong>τε</strong></span> <span class='ocrx_word' id='word_1_287' title='bbox 758 2111 921 2174; x_wconf 80' lang='grc' dir='ltr'>αὐτὸς</span> <span class='ocrx_word' id='word_1_288' title='bbox 951 2106 1098 2165; x_wconf 78' lang='grc' dir='ltr'>αἰνον</span> <span class='ocrx_word' id='word_1_289' title='bbox 1119 2109 1198 2179; x_wconf 84' lang='grc' dir='ltr'>τῷ</span> <span class='ocrx_word' id='word_1_290' title='bbox 1225 2110 1399 2180; x_wconf 74' lang='grc' dir='ltr'>Πατρὶ</span> <span class='ocrx_word' id='word_1_291' title='bbox 1429 2111 1486 2162; x_wconf 80' lang='grc' dir='ltr'><strong>έν</strong></span> <span class='ocrx_word' id='word_1_292' title='bbox 1515 2109 1664 2180; x_wconf 83' lang='grc' dir='ltr'>μέσῳ</span> <span class='ocrx_word' id='word_1_293' title='bbox 1687 2109 1894 2161; x_wconf 84' lang='grc' dir='ltr'>πολλῶν</span> 
     </span>
    </p>
   </div>
   <div class='ocr_carea' id='block_1_39' title="bbox 307 2197 1894 2272">
    <p class='ocr_par' dir='ltr' id='par_1_39' title="bbox 307 2197 1894 2272">
     <span class='ocr_line' id='line_1_39' title="bbox 307 2197 1894 2272; baseline -0.003 -18"><span class='ocrx_word' id='word_1_294' title='bbox 307 2199 481 2255; x_wconf 68' lang='grc' dir='ltr'>ῑθνῶν</span> <span class='ocrx_word' id='word_1_295' title='bbox 511 2201 603 2254; x_wconf 86' lang='grc' dir='ltr'>τὸν</span> <span class='ocrx_word' id='word_1_296' title='bbox 643 2201 732 2255; x_wconf 82' lang='grc' dir='ltr'><strong>διὰ</strong></span> <span class='ocrx_word' id='word_1_297' title='bbox 769 2202 869 2272; x_wconf 90' lang='grc' dir='ltr'><strong>τῆς</strong></span> <span class='ocrx_word' id='word_1_298' title='bbox 915 2200 1110 2270; x_wconf 84' lang='grc' dir='ltr'>καινῆς</span> <span class='ocrx_word' id='word_1_299' title='bbox 1159 2198 1433 2270; x_wconf 83' lang='grc' dir='ltr'>Διαθήκης</span> <span class='ocrx_word' id='word_1_300' title='bbox 1473 2197 1639 2252; x_wconf 79' lang='grc' dir='ltr'>αὐτοῦ</span> <span class='ocrx_word' id='word_1_301' title='bbox 1691 2215 1894 2269; x_wconf 81' lang='grc' dir='ltr'>καταρ-</span> 
     </span>
    </p>
   </div>
   <div class='ocr_carea' id='block_1_40' title="bbox 305 2287 1895 2362">
    <p class='ocr_par' dir='ltr' id='par_1_40' title="bbox 305 2287 1895 2362">
     <span class='ocr_line' id='line_1_40' title="bbox 305 2287 1895 2362; baseline -0.003 -18"><span class='ocrx_word' id='word_1_302' title='bbox 305 2289 532 2358; x_wconf 77' lang='grc' dir='ltr'>τίζεται,</span> <span class='ocrx_word' id='word_1_303' title='bbox 565 2295 824 2362; x_wconf 86' lang='grc' dir='ltr'>συνεργὸν</span> <span class='ocrx_word' id='word_1_304' title='bbox 851 2293 944 2346; x_wconf 83' lang='grc' dir='ltr'>τὸν</span> <span class='ocrx_word' id='word_1_305' title='bbox 976 2291 1215 2360; x_wconf 85' lang='grc' dir='ltr'>Πατέρα,</span> <span class='ocrx_word' id='word_1_306' title='bbox 1247 2290 1342 2342; x_wconf 80' lang='grc' dir='ltr'>καὶ</span> <span class='ocrx_word' id='word_1_307' title='bbox 1371 2290 1470 2358; x_wconf 88' lang='grc' dir='ltr'><strong>τῆς</strong></span> <span class='ocrx_word' id='word_1_308' title='bbox 1502 2287 1696 2343; x_wconf 79' lang='grc' dir='ltr'>ἑαυτοῦ</span> <span class='ocrx_word' id='word_1_309' title='bbox 1719 2288 1895 2354; x_wconf 75' lang='grc' dir='ltr'>δεξιᾶς</span> 
     </span>
    </p>
   </div>
   <div class='ocr_carea' id='block_1_41' title="bbox 307 2377 1892 2457">
    <p class='ocr_par' dir='ltr' id='par_1_41' title="bbox 307 2377 1892 2457">
     <span class='ocr_line' id='line_1_41' title="bbox 307 2377 1892 2457; baseline -0.006 -19"><span class='ocrx_word' id='word_1_310' title='bbox 307 2384 576 2457; x_wconf 74' lang='grc' dir='ltr'>πάρεδρον</span> <span class='ocrx_word' id='word_1_311' title='bbox 611 2382 978 2454; x_wconf 81' lang='grc' dir='ltr'>κεκτημένος·</span> <span class='ocrx_word' id='word_1_312' title='bbox 1011 2381 1091 2435; x_wconf 92' lang='grc' dir='ltr'><strong>διό</strong></span> <span class='ocrx_word' id='word_1_313' title='bbox 1115 2397 1276 2451; x_wconf 85' lang='grc' dir='ltr'>φησιν</span> <span class='ocrx_word' id='word_1_314' title='bbox 1297 2396 1309 2409; x_wconf 87' lang='grc'><strong>·</strong></span> <span class='ocrx_word' id='word_1_315' title='bbox 1336 2397 1354 2430; x_wconf 73' lang='grc' dir='ltr'><strong>ι</strong></span> <span class='ocrx_word' id='word_1_316' title='bbox 1393 2379 1479 2432; x_wconf 85' lang='grc' dir='ltr'>Ἐν</span> <span class='ocrx_word' id='word_1_317' title='bbox 1506 2379 1655 2450; x_wconf 88' lang='grc' dir='ltr'>μέσῳ</span> <span class='ocrx_word' id='word_1_318' title='bbox 1683 2377 1892 2430; x_wconf 90' lang='grc' dir='ltr'>πολλῶν</span> 
     </span>
    </p>
   </div>
   <div class='ocr_carea' id='block_1_42' title="bbox 309 2469 1892 2544">
    <p class='ocr_par' dir='ltr' id='par_1_42' title="bbox 309 2469 1892 2544">
     <span class='ocr_line' id='line_1_42' title="bbox 309 2469 1892 2544; baseline -0.003 -17"><span class='ocrx_word' id='word_1_319' title='bbox 309 2477 509 2529; x_wconf 77' lang='grc' dir='ltr'>αἰνέσω</span> <span class='ocrx_word' id='word_1_320' title='bbox 536 2474 730 2539; x_wconf 79' lang='grc' dir='ltr'>αὑτὸν,</span> <span class='ocrx_word' id='word_1_321' title='bbox 765 2475 848 2527; x_wconf 79' lang='grc' dir='ltr'>ὅτι</span> <span class='ocrx_word' id='word_1_322' title='bbox 883 2475 1132 2544; x_wconf 85' lang='grc' dir='ltr'>παρέστη</span> <span class='ocrx_word' id='word_1_323' title='bbox 1157 2474 1221 2525; x_wconf 83' lang='grc' dir='ltr'>ὲκ</span> <span class='ocrx_word' id='word_1_324' title='bbox 1242 2470 1431 2536; x_wconf 83' lang='grc' dir='ltr'>δεξιῶν</span> <span class='ocrx_word' id='word_1_325' title='bbox 1460 2472 1706 2542; x_wconf 84' lang='grc' dir='ltr'>πένητος.</span> <span class='ocrx_word' id='word_1_326' title='bbox 1735 2490 1753 2520; x_wconf 75' lang='grc' dir='ltr'><strong>ι</strong></span> <span class='ocrx_word' id='word_1_327' title='bbox 1783 2469 1892 2522; x_wconf 81' lang='lat' dir='ltr'><strong>Kal</strong></span> 
     </span>
    </p>
   </div>
   <div class='ocr_carea' id='block_1_43' title="bbox 307 2563 1893 2636">
    <p class='ocr_par' dir='ltr' id='par_1_43' title="bbox 307 2563 1893 2636">
     <span class='ocr_line' id='line_1_43' title="bbox 307 2563 1893 2636; baseline -0.003 -17"><span class='ocrx_word' id='word_1_328' title='bbox 307 2564 406 2636; x_wconf 79' lang='grc' dir='ltr'>τὴν</span> <span class='ocrx_word' id='word_1_329' title='bbox 441 2566 579 2636; x_wconf 80' lang='grc' dir='ltr'>μετὰ</span> <span class='ocrx_word' id='word_1_330' title='bbox 619 2566 710 2619; x_wconf 83' lang='grc' dir='ltr'>τὸν</span> <span class='ocrx_word' id='word_1_331' title='bbox 753 2565 981 2618; x_wconf 83' lang='grc' dir='ltr'>θάνατον</span> <span class='ocrx_word' id='word_1_332' title='bbox 1013 2563 1175 2617; x_wconf 84' lang='grc' dir='ltr'>αὑτοῦ</span> <span class='ocrx_word' id='word_1_333' title='bbox 1211 2564 1480 2636; x_wconf 82' lang='grc' dir='ltr'>σωτηρίαν</span> <span class='ocrx_word' id='word_1_334' title='bbox 1511 2563 1771 2626; x_wconf 77' lang='grc' dir='ltr'>διδάσκει,</span> <span class='ocrx_word' id='word_1_335' title='bbox 1807 2563 1893 2615; x_wconf 82' lang='grc' dir='ltr'>λέ-</span> 
     </span>
    </p>
   </div>
   <div class='ocr_carea' id='block_1_44' title="bbox 307 2655 1891 2727">
    <p class='ocr_par' dir='ltr' id='par_1_44' title="bbox 307 2655 1891 2727">
     <span class='ocr_line' id='line_1_44' title="bbox 307 2655 1891 2727; baseline -0.001 -18"><span class='ocrx_word' id='word_1_336' title='bbox 307 2672 419 2723; x_wconf 88' lang='grc' dir='ltr'><strong>γων</strong></span> <span class='ocrx_word' id='word_1_337' title='bbox 441 2672 456 2685; x_wconf 73' lang='grc' dir='ltr'><strong>ο</strong></span> <span class='ocrx_word' id='word_1_338' title='bbox 499 2675 517 2708; x_wconf 73' lang='grc' dir='ltr'><strong>ι</strong></span> <span class='ocrx_word' id='word_1_339' title='bbox 548 2655 654 2709; x_wconf 83' lang='grc' dir='ltr'><strong>Τοῦ</strong></span> <span class='ocrx_word' id='word_1_340' title='bbox 692 2656 860 2709; x_wconf 86' lang='grc' dir='ltr'>σῶσαι</span> <span class='ocrx_word' id='word_1_341' title='bbox 893 2658 958 2708; x_wconf 84' lang='grc' dir='ltr'>ὲκ</span> <span class='ocrx_word' id='word_1_342' title='bbox 988 2655 1097 2708; x_wconf 90' lang='grc' dir='ltr'><strong>τῶν</strong></span> <span class='ocrx_word' id='word_1_343' title='bbox 1131 2655 1572 2710; x_wconf 82' lang='grc' dir='ltr'>καταδιωκόντων</span> <span class='ocrx_word' id='word_1_344' title='bbox 1598 2658 1694 2727; x_wconf 85' lang='grc' dir='ltr'>τὴν</span> <span class='ocrx_word' id='word_1_345' title='bbox 1715 2655 1891 2726; x_wconf 72' lang='grc' dir='ltr'>ψυχήν</span> 
     </span>
    </p>
   </div>
   <div class='ocr_carea' id='block_1_45' title="bbox 311 2747 1889 2819">
    <p class='ocr_par' dir='ltr' id='par_1_45' title="bbox 311 2747 1889 2819">
     <span class='ocr_line' id='line_1_45' title="bbox 311 2747 1889 2819; baseline -0.001 -19"><span class='ocrx_word' id='word_1_346' title='bbox 311 2763 440 2816; x_wconf 88' lang='grc' dir='ltr'>μου.</span> <span class='ocrx_word' id='word_1_347' title='bbox 482 2766 501 2799; x_wconf 74' lang='grc' dir='ltr'><strong>ι</strong></span> <span class='ocrx_word' id='word_1_348' title='bbox 553 2747 836 2819; x_wconf 79' lang='grc' dir='ltr'>Ἀνωτέρω</span> <span class='ocrx_word' id='word_1_349' title='bbox 876 2747 1006 2816; x_wconf 80' lang='grc' dir='ltr'>γοῦν</span> <span class='ocrx_word' id='word_1_350' title='bbox 1037 2748 1213 2818; x_wconf 84' lang='grc' dir='ltr'>φήσας</span> <span class='ocrx_word' id='word_1_351' title='bbox 1244 2747 1334 2799; x_wconf 84' lang='grc' dir='ltr'>τό·</span> <span class='ocrx_word' id='word_1_352' title='bbox 1368 2767 1385 2798; x_wconf 73' lang='grc' dir='ltr'><strong>ι</strong></span> <span class='ocrx_word' id='word_1_353' title='bbox 1428 2747 1764 2810; x_wconf 79' lang='grc' dir='ltr'>Κατεδίωξεν</span> <span class='ocrx_word' id='word_1_354' title='bbox 1793 2747 1889 2799; x_wconf 81' lang='grc' dir='ltr'><strong>ἄν·</strong></span> 
     </span>
    </p>
   </div>
   <div class='ocr_carea' id='block_1_46' title="bbox 307 2835 1886 2910">
    <p class='ocr_par' dir='ltr' id='par_1_46' title="bbox 307 2835 1886 2910">
     <span class='ocr_line' id='line_1_46' title="bbox 307 2835 1886 2910; baseline 0 -22"><span class='ocrx_word' id='word_1_355' title='bbox 307 2835 525 2907; x_wconf 85' lang='grc' dir='ltr'>θρωπον</span> <span class='ocrx_word' id='word_1_356' title='bbox 565 2838 770 2910; x_wconf 81' lang='grc' dir='ltr'>πένητα</span> <span class='ocrx_word' id='word_1_357' title='bbox 795 2839 889 2892; x_wconf 84' lang='grc' dir='ltr'><strong>καί</strong></span> <span class='ocrx_word' id='word_1_358' title='bbox 922 2841 1134 2908; x_wconf 77' lang='grc' dir='ltr'>πτωχὸν</span> <span class='ocrx_word' id='word_1_359' title='bbox 1153 2878 1168 2900; x_wconf 94' lang='grc'><strong>,</strong></span> <span class='ocrx_word' id='word_1_360' title='bbox 1204 2840 1298 2892; x_wconf 75' lang='grc' dir='ltr'>καὶ</span> <span class='ocrx_word' id='word_1_361' title='bbox 1327 2837 1790 2906; x_wconf 83' lang='grc' dir='ltr'>κατανενυγμένον</span> <span class='ocrx_word' id='word_1_362' title='bbox 1822 2840 1886 2907; x_wconf 82' lang='grc' dir='ltr'><strong>τῇ</strong></span> 
     </span>
    </p>
   </div>
   <div class='ocr_carea' id='block_1_47' title="bbox 305 2927 1888 3000">
    <p class='ocr_par' dir='ltr' id='par_1_47' title="bbox 305 2927 1888 3000">
     <span class='ocr_line' id='line_1_47' title="bbox 305 2927 1888 3000; baseline -0.001 -18"><span class='ocrx_word' id='word_1_363' title='bbox 305 2927 505 3000; x_wconf 68' lang='grc' dir='ltr'>καρδίᾳ</span> <span class='ocrx_word' id='word_1_364' title='bbox 529 2929 624 2982; x_wconf 74' lang='grc' dir='ltr'><strong>τοῦ</strong></span> <span class='ocrx_word' id='word_1_365' title='bbox 660 2929 1004 2992; x_wconf 89' lang='grc' dir='ltr'>θανατῶσαι,</span> <span class='ocrx_word' id='word_1_366' title='bbox 1046 2949 1064 2982; x_wconf 72' lang='grc' dir='ltr'><strong>ι</strong></span> <span class='ocrx_word' id='word_1_367' title='bbox 1094 2932 1188 2983; x_wconf 73' lang='grc' dir='ltr'>καὶ</span> <span class='ocrx_word' id='word_1_368' title='bbox 1213 2929 1399 2998; x_wconf 84' lang='grc' dir='ltr'>σαφῶς</span> <span class='ocrx_word' id='word_1_369' title='bbox 1421 2927 1664 2998; x_wconf 84' lang='grc' dir='ltr'>δηλώσας</span> <span class='ocrx_word' id='word_1_370' title='bbox 1696 2928 1888 2981; x_wconf 83' lang='grc' dir='ltr'>ἑαυτοῦ</span> 
     </span>
    </p>
   </div>
   <div class='ocr_carea' id='block_1_48' title="bbox 305 3021 1890 3096">
    <p class='ocr_par' dir='ltr' id='par_1_48' title="bbox 305 3021 1890 3096">
     <span class='ocr_line' id='line_1_48' title="bbox 305 3021 1890 3096; baseline 0 -22"><span class='ocrx_word' id='word_1_371' title='bbox 305 3021 397 3077; x_wconf 81' lang='grc' dir='ltr'>τὸν</span> <span class='ocrx_word' id='word_1_372' title='bbox 418 3023 644 3078; x_wconf 81' lang='grc' dir='ltr'>θάνατον</span> <span class='ocrx_word' id='word_1_373' title='bbox 669 3025 1024 3096; x_wconf 83' lang='grc' dir='ltr'>περιγράφων</span> <span class='ocrx_word' id='word_1_374' title='bbox 1043 3025 1142 3096; x_wconf 83' lang='grc' dir='ltr'>τὴν</span> <span class='ocrx_word' id='word_1_375' title='bbox 1167 3024 1499 3096; x_wconf 75' lang='grc' dir='ltr'>προφητείαν</span> <span class='ocrx_word' id='word_1_376' title='bbox 1520 3021 1616 3092; x_wconf 83' lang='grc' dir='ltr'>τὴν</span> <span class='ocrx_word' id='word_1_377' title='bbox 1641 3021 1775 3092; x_wconf 85' lang='grc' dir='ltr'>μετὰ</span> <span class='ocrx_word' id='word_1_378' title='bbox 1798 3022 1890 3075; x_wconf 82' lang='grc' dir='ltr'>τὸν</span> 
     </span>
    </p>
   </div>
   <div class='ocr_carea' id='block_1_49' title="bbox 306 3114 1890 3189">
    <p class='ocr_par' dir='ltr' id='par_1_49' title="bbox 306 3114 1890 3189">
     <span class='ocr_line' id='line_1_49' title="bbox 306 3114 1890 3189; baseline 0.001 -24"><span class='ocrx_word' id='word_1_379' title='bbox 306 3114 533 3171; x_wconf 73' lang='grc' dir='ltr'>θάνατον</span> <span class='ocrx_word' id='word_1_380' title='bbox 561 3116 724 3170; x_wconf 80' lang='grc' dir='ltr'>αὐτοῦ</span> <span class='ocrx_word' id='word_1_381' title='bbox 755 3117 1023 3189; x_wconf 87' lang='grc' dir='ltr'>σωτηρίαν</span> <span class='ocrx_word' id='word_1_382' title='bbox 1051 3115 1268 3188; x_wconf 73' lang='grc' dir='ltr'>ᾐνίξατο</span> <span class='ocrx_word' id='word_1_383' title='bbox 1298 3115 1486 3168; x_wconf 73' lang='grc' dir='ltr'>εἰπών’</span> <span class='ocrx_word' id='word_1_384' title='bbox 1515 3134 1532 3165; x_wconf 76' lang='grc' dir='ltr'><strong>ι</strong></span> <span class='ocrx_word' id='word_1_385' title='bbox 1561 3114 1680 3166; x_wconf 86' lang='grc' dir='ltr'>Ὅτι</span> <span class='ocrx_word' id='word_1_386' title='bbox 1723 3114 1890 3185; x_wconf 82' lang='grc' dir='ltr'>παρέ-</span> 
     </span>
    </p>
   </div>
   <div class='ocr_carea' id='block_1_50' title="bbox 1998 1928 3570 1999">
    <p class='ocr_par' dir='ltr' id='par_1_50' title="bbox 1998 1928 3570 1999">
     <span class='ocr_line' id='line_1_50' title="bbox 1998 1928 3570 1999; baseline 0.001 -17"><span class='ocrx_word' id='word_1_387' title='bbox 1998 1944 2206 1999; x_wconf 90' lang='lat' dir='ltr'><strong>nesque</strong></span> <span class='ocrx_word' id='word_1_388' title='bbox 2233 1929 2549 1998; x_wconf 91' lang='lat' dir='ltr'><strong>quicunque</strong></span> <span class='ocrx_word' id='word_1_389' title='bbox 2590 1929 2646 1983; x_wconf 92' lang='lat' dir='ltr'><strong>in</strong></span> <span class='ocrx_word' id='word_1_390' title='bbox 2678 1928 2840 1984; x_wconf 80' lang='lat' dir='ltr'><strong>fidem</strong></span> <span class='ocrx_word' id='word_1_391' title='bbox 2886 1928 3007 1997; x_wconf 89' lang='lat' dir='ltr'><strong>ejus</strong></span> <span class='ocrx_word' id='word_1_392' title='bbox 3047 1931 3400 1993; x_wconf 88' lang='lat' dir='ltr'><strong>transierint,</strong></span> <span class='ocrx_word' id='word_1_393' title='bbox 3445 1945 3570 1984; x_wconf 85' lang='lat' dir='ltr'><strong>con-</strong></span> 
     </span>
    </p>
   </div>
   <div class='ocr_carea' id='block_1_51' title="bbox 1997 2020 3569 2091">
    <p class='ocr_par' dir='ltr' id='par_1_51' title="bbox 1997 2020 3569 2091">
     <span class='ocr_line' id='line_1_51' title="bbox 1997 2020 3569 2091; baseline -0.001 -15"><span class='ocrx_word' id='word_1_394' title='bbox 1997 2035 2260 2088; x_wconf 87' lang='lat' dir='ltr'><strong>suevere,</strong></span> <span class='ocrx_word' id='word_1_395' title='bbox 2301 2020 2511 2075; x_wconf 93' lang='lat' dir='ltr'><strong>idcirco</strong></span> <span class='ocrx_word' id='word_1_396' title='bbox 2551 2021 2810 2091; x_wconf 90' lang='lat' dir='ltr'><strong>deinceps</strong></span> <span class='ocrx_word' id='word_1_397' title='bbox 2858 2021 3108 2090; x_wconf 88' lang='lat' dir='ltr'><strong>adjungit</strong></span> <span class='ocrx_word' id='word_1_398' title='bbox 3142 2040 3154 2075; x_wconf 96' lang='lat'>:</span> <span class='ocrx_word' id='word_1_399' title='bbox 3190 2040 3208 2072; x_wconf 77' lang='grc' dir='ltr'><strong>ι</strong></span> <span class='ocrx_word' id='word_1_400' title='bbox 3241 2021 3569 2077; x_wconf 83' lang='lat' dir='ltr'><strong>Maledicent</strong></span> 
     </span>
    </p>
   </div>
   <div class='ocr_carea' id='block_1_52' title="bbox 1997 2111 3569 2182">
    <p class='ocr_par' dir='ltr' id='par_1_52' title="bbox 1997 2111 3569 2182">
     <span class='ocr_line' id='line_1_52' title="bbox 1997 2111 3569 2182; baseline 0.001 -18"><span class='ocrx_word' id='word_1_401' title='bbox 1997 2111 2104 2178; x_wconf 88' lang='lat' dir='ltr'><strong>illi,</strong></span> <span class='ocrx_word' id='word_1_402' title='bbox 2133 2117 2187 2167; x_wconf 85' lang='lat' dir='ltr'><strong>et</strong></span> <span class='ocrx_word' id='word_1_403' title='bbox 2215 2118 2274 2166; x_wconf 89' lang='lat' dir='ltr'><strong>tu</strong></span> <span class='ocrx_word' id='word_1_404' title='bbox 2300 2111 2612 2166; x_wconf 85' lang='lat' dir='ltr'><strong>benedices.</strong></span> <span class='ocrx_word' id='word_1_405' title='bbox 2649 2111 2754 2177; x_wconf 87' lang='lat' dir='ltr'><strong>Qui</strong></span> <span class='ocrx_word' id='word_1_406' title='bbox 2785 2113 3076 2182; x_wconf 83' lang='lat' dir='ltr'><strong>insurgunt</strong></span> <span class='ocrx_word' id='word_1_407' title='bbox 3104 2112 3158 2164; x_wconf 87' lang='lat' dir='ltr'><strong>in</strong></span> <span class='ocrx_word' id='word_1_408' title='bbox 3191 2127 3277 2166; x_wconf 90' lang='lat' dir='ltr'><strong>me</strong></span> <span class='ocrx_word' id='word_1_409' title='bbox 3297 2151 3311 2176; x_wconf 93' lang='lat'><strong>,</strong></span> <span class='ocrx_word' id='word_1_410' title='bbox 3342 2111 3569 2165; x_wconf 72' lang='lat' dir='ltr'><strong>confini-</strong></span> 
     </span>
    </p>
   </div>
   <div class='ocr_carea' id='block_1_53' title="bbox 1995 2195 3568 2258">
    <p class='ocr_par' dir='ltr' id='par_1_53' title="bbox 1995 2195 3568 2258">
     <span class='ocr_line' id='line_1_53' title="bbox 1995 2195 3568 2258; baseline -0.001 -2"><span class='ocrx_word' id='word_1_411' title='bbox 1995 2199 2234 2256; x_wconf 90' lang='lat' dir='ltr'><strong>dantur:</strong></span> <span class='ocrx_word' id='word_1_412' title='bbox 2284 2218 2478 2258; x_wconf 89' lang='lat' dir='ltr'><strong>servus</strong></span> <span class='ocrx_word' id='word_1_413' title='bbox 2526 2210 2707 2258; x_wconf 89' lang='lat' dir='ltr'><strong>autem</strong></span> <span class='ocrx_word' id='word_1_414' title='bbox 2746 2195 2882 2258; x_wconf 86' lang='lat' dir='ltr'><strong>tuus</strong></span> <span class='ocrx_word' id='word_1_415' title='bbox 2923 2202 3214 2258; x_wconf 60' lang='lat' dir='ltr'><strong>laetabitur.</strong></span> <span class='ocrx_word' id='word_1_416' title='bbox 3266 2202 3568 2256; x_wconf 91' lang='lat' dir='ltr'><strong>lnduantur</strong></span> 
     </span>
    </p>
   </div>
   <div class='ocr_carea' id='block_1_54' title="bbox 1993 2293 3568 2366">
    <p class='ocr_par' dir='ltr' id='par_1_54' title="bbox 1993 2293 3568 2366">
     <span class='ocr_line' id='line_1_54' title="bbox 1993 2293 3568 2366; baseline -0.002 -17"><span class='ocrx_word' id='word_1_417' title='bbox 1993 2295 2086 2366; x_wconf 90' lang='lat' dir='ltr'><strong>qui</strong></span> <span class='ocrx_word' id='word_1_418' title='bbox 2132 2293 2427 2350; x_wconf 86' lang='lat' dir='ltr'><strong>detrahunt</strong></span> <span class='ocrx_word' id='word_1_419' title='bbox 2460 2295 2629 2359; x_wconf 90' lang='lat' dir='ltr'><strong>mihi,</strong></span> <span class='ocrx_word' id='word_1_420' title='bbox 2677 2294 2921 2364; x_wconf 86' lang='lat' dir='ltr'><strong>pudore,</strong></span> <span class='ocrx_word' id='word_1_421' title='bbox 2969 2303 3023 2348; x_wconf 90' lang='lat' dir='ltr'><strong>et</strong></span> <span class='ocrx_word' id='word_1_422' title='bbox 3051 2294 3371 2364; x_wconf 74' lang='lat' dir='ltr'><strong>aperiantur</strong></span> <span class='ocrx_word' id='word_1_423' title='bbox 3427 2294 3568 2348; x_wconf 88' lang='lat' dir='ltr'><strong>sicut</strong></span> 
     </span>
    </p>
   </div>
   <div class='ocr_carea' id='block_1_55' title="bbox 1994 2385 3567 2458">
    <p class='ocr_par' dir='ltr' id='par_1_55' title="bbox 1994 2385 3567 2458">
     <span class='ocr_line' id='line_1_55' title="bbox 1994 2385 3567 2458; baseline -0.003 -16"><span class='ocrx_word' id='word_1_424' title='bbox 1994 2387 2272 2458; x_wconf 90' lang='lat' dir='ltr'><strong>diploide,</strong></span> <span class='ocrx_word' id='word_1_425' title='bbox 2325 2385 2651 2443; x_wconf 80' lang='lat' dir='ltr'><strong>confusione</strong></span> <span class='ocrx_word' id='word_1_426' title='bbox 2701 2402 2822 2443; x_wconf 89' lang='lat' dir='ltr'><strong>sua.</strong></span> <span class='ocrx_word' id='word_1_427' title='bbox 2869 2385 2982 2457; x_wconf 84' lang='lat' dir='ltr'><strong>Ego</strong></span> <span class='ocrx_word' id='word_1_428' title='bbox 3031 2395 3214 2440; x_wconf 89' lang='lat' dir='ltr'><strong>autem</strong></span> <span class='ocrx_word' id='word_1_429' title='bbox 3266 2385 3567 2440; x_wconf 80' lang='lat' dir='ltr'><strong>confitebor</strong></span> 
     </span>
    </p>
   </div>
   <div class='ocr_carea' id='block_1_56' title="bbox 1997 2477 3567 2535">
    <p class='ocr_par' dir='ltr' id='par_1_56' title="bbox 1997 2477 3567 2535">
     <span class='ocr_line' id='line_1_56' title="bbox 1997 2477 3567 2535; baseline -0.004 -2"><span class='ocrx_word' id='word_1_430' title='bbox 1997 2479 2224 2534; x_wconf 92' lang='lat' dir='ltr'><strong>Domino</strong></span> <span class='ocrx_word' id='word_1_431' title='bbox 2249 2481 2303 2534; x_wconf 89' lang='lat' dir='ltr'><strong>in</strong></span> <span class='ocrx_word' id='word_1_432' title='bbox 2327 2494 2424 2535; x_wconf 89' lang='lat' dir='ltr'><strong>ore</strong></span> <span class='ocrx_word' id='word_1_433' title='bbox 2452 2495 2572 2534; x_wconf 91' lang='lat' dir='ltr'><strong>meo</strong></span> <span class='ocrx_word' id='word_1_434' title='bbox 2602 2499 2614 2534; x_wconf 90' lang='lat'>:</span> <span class='ocrx_word' id='word_1_435' title='bbox 2640 2487 2694 2534; x_wconf 92' lang='lat' dir='ltr'><strong>et</strong></span> <span class='ocrx_word' id='word_1_436' title='bbox 2723 2480 2778 2533; x_wconf 94' lang='lat' dir='ltr'><strong>in</strong></span> <span class='ocrx_word' id='word_1_437' title='bbox 2807 2479 2986 2534; x_wconf 91' lang='lat' dir='ltr'><strong>medio</strong></span> <span class='ocrx_word' id='word_1_438' title='bbox 3013 2479 3308 2532; x_wconf 90' lang='lat' dir='ltr'><strong>multorum</strong></span> <span class='ocrx_word' id='word_1_439' title='bbox 3334 2477 3567 2530; x_wconf 86' lang='lat' dir='ltr'><strong>laudabo</strong></span> 
     </span>
    </p>
   </div>
   <div class='ocr_carea' id='block_1_57' title="bbox 1993 2567 3568 2642">
    <p class='ocr_par' dir='ltr' id='par_1_57' title="bbox 1993 2567 3568 2642">
     <span class='ocr_line' id='line_1_57' title="bbox 1993 2567 3568 2642; baseline -0.003 -16"><span class='ocrx_word' id='word_1_440' title='bbox 1993 2585 2137 2628; x_wconf 90' lang='lat' dir='ltr'><strong>eum.</strong></span> <span class='ocrx_word' id='word_1_441' title='bbox 2195 2570 2464 2638; x_wconf 81' lang='lat' dir='ltr'><strong>Quoniam</strong></span> <span class='ocrx_word' id='word_1_442' title='bbox 2513 2571 2691 2628; x_wconf 86' lang='lat' dir='ltr'><strong>astitit</strong></span> <span class='ocrx_word' id='word_1_443' title='bbox 2731 2586 2758 2626; x_wconf 86' lang='lat' dir='ltr'><strong>a</strong></span> <span class='ocrx_word' id='word_1_444' title='bbox 2789 2570 2999 2628; x_wconf 80' lang='lat' dir='ltr'><strong>dextris</strong></span> <span class='ocrx_word' id='word_1_445' title='bbox 3024 2569 3316 2642; x_wconf 72' lang='lat' dir='ltr'><strong>pauperis,</strong></span> <span class='ocrx_word' id='word_1_446' title='bbox 3356 2575 3420 2624; x_wconf 86' lang='lat' dir='ltr'><strong>ut</strong></span> <span class='ocrx_word' id='word_1_447' title='bbox 3457 2567 3568 2624; x_wconf 83' lang='lat' dir='ltr'><strong>sal-</strong></span> 
     </span>
    </p>
   </div>
   <div class='ocr_carea' id='block_1_58' title="bbox 1991 2662 3562 2735">
    <p class='ocr_par' dir='ltr' id='par_1_58' title="bbox 1991 2662 3562 2735">
     <span class='ocr_line' id='line_1_58' title="bbox 1991 2662 3562 2735; baseline -0.003 -18"><span class='ocrx_word' id='word_1_448' title='bbox 1991 2679 2114 2718; x_wconf 86' lang='lat' dir='ltr'><strong>vam</strong></span> <span class='ocrx_word' id='word_1_449' title='bbox 2159 2662 2366 2719; x_wconf 87' lang='lat' dir='ltr'><strong>faceret</strong></span> <span class='ocrx_word' id='word_1_450' title='bbox 2397 2679 2428 2718; x_wconf 88' lang='lat' dir='ltr'><strong>a</strong></span> <span class='ocrx_word' id='word_1_451' title='bbox 2461 2663 2917 2735; x_wconf 90' lang='lat' dir='ltr'><strong>persequentibus</strong></span> <span class='ocrx_word' id='word_1_452' title='bbox 2959 2664 3197 2717; x_wconf 89' lang='lat' dir='ltr'><strong>animam</strong></span> <span class='ocrx_word' id='word_1_453' title='bbox 3246 2678 3422 2717; x_wconf 88' lang='lat' dir='ltr'><strong>meam</strong></span> <span class='ocrx_word' id='word_1_454' title='bbox 3445 2663 3510 2718; x_wconf 84' lang='grc'><strong>⁷¹.</strong></span> <span class='ocrx_word' id='word_1_455' title='bbox 3541 2681 3562 2713; x_wconf 73' lang='grc' dir='ltr'><strong>ι</strong></span> 
     </span>
    </p>
   </div>
   <div class='ocr_carea' id='block_1_59' title="bbox 1991 2753 3568 2826">
    <p class='ocr_par' dir='ltr' id='par_1_59' title="bbox 1991 2753 3568 2826">
     <span class='ocr_line' id='line_1_59' title="bbox 1991 2753 3568 2826; baseline -0.001 -18"><span class='ocrx_word' id='word_1_456' title='bbox 1991 2754 2058 2808; x_wconf 83' lang='grc' dir='ltr'>Ει</span> <span class='ocrx_word' id='word_1_457' title='bbox 2087 2770 2220 2811; x_wconf 89' lang='lat' dir='ltr'><strong>sane</strong></span> <span class='ocrx_word' id='word_1_458' title='bbox 2246 2763 2464 2810; x_wconf 89' lang='lat' dir='ltr'><strong>constat</strong></span> <span class='ocrx_word' id='word_1_459' title='bbox 2490 2772 2654 2826; x_wconf 88' lang='lat' dir='ltr'><strong>quam</strong></span> <span class='ocrx_word' id='word_1_460' title='bbox 2685 2757 2876 2811; x_wconf 91' lang='lat' dir='ltr'><strong>multis</strong></span> <span class='ocrx_word' id='word_1_461' title='bbox 2905 2755 3070 2810; x_wconf 87' lang='lat' dir='ltr'><strong>etiam</strong></span> <span class='ocrx_word' id='word_1_462' title='bbox 3101 2770 3247 2810; x_wconf 92' lang='lat' dir='ltr'><strong>nunc</strong></span> <span class='ocrx_word' id='word_1_463' title='bbox 3276 2755 3441 2808; x_wconf 91' lang='lat' dir='ltr'><strong>rebus</strong></span> <span class='ocrx_word' id='word_1_464' title='bbox 3472 2753 3568 2806; x_wconf 86' lang='lat' dir='ltr'><strong>ad-</strong></span> 
     </span>
    </p>
   </div>
   <div class='ocr_carea' id='block_1_60' title="bbox 1990 2844 3568 2918">
    <p class='ocr_par' dir='ltr' id='par_1_60' title="bbox 1990 2844 3568 2918">
     <span class='ocr_line' id='line_1_60' title="bbox 1990 2844 3568 2918; baseline -0.003 -16"><span class='ocrx_word' id='word_1_465' title='bbox 1990 2847 2166 2902; x_wconf 84' lang='lat' dir='ltr'><strong>versis</strong></span> <span class='ocrx_word' id='word_1_466' title='bbox 2211 2847 2595 2904; x_wconf 81' lang='lat' dir='ltr'><strong>conﬂictentur</strong></span> <span class='ocrx_word' id='word_1_467' title='bbox 2641 2846 2956 2918; x_wconf 91' lang='lat' dir='ltr'><strong>quicunque</strong></span> <span class='ocrx_word' id='word_1_468' title='bbox 3011 2846 3419 2902; x_wconf 80' lang='lat' dir='ltr'><strong>exsecrationes</strong></span> <span class='ocrx_word' id='word_1_469' title='bbox 3471 2844 3568 2897; x_wconf 85' lang='lat' dir='ltr'><strong>ad-</strong></span> 
     </span>
    </p>
   </div>
   <div class='ocr_carea' id='block_1_61' title="bbox 1990 2936 3569 3008">
    <p class='ocr_par' dir='ltr' id='par_1_61' title="bbox 1990 2936 3569 3008">
     <span class='ocr_line' id='line_1_61' title="bbox 1990 2936 3569 3008; baseline -0.001 -18"><span class='ocrx_word' id='word_1_470' title='bbox 1990 2954 2182 2993; x_wconf 85' lang='lat' dir='ltr'><strong>versus</strong></span> <span class='ocrx_word' id='word_1_471' title='bbox 2213 2939 2364 2992; x_wconf 91' lang='lat' dir='ltr'><strong>illum</strong></span> <span class='ocrx_word' id='word_1_472' title='bbox 2399 2939 2455 2994; x_wconf 87' lang='lat' dir='ltr'><strong>in</strong></span> <span class='ocrx_word' id='word_1_473' title='bbox 2507 2941 2623 2995; x_wconf 83' lang='lat' dir='ltr'><strong>suis</strong></span> <span class='ocrx_word' id='word_1_474' title='bbox 2679 2940 3037 2995; x_wconf 89' lang='lat' dir='ltr'><strong>conventibus</strong></span> <span class='ocrx_word' id='word_1_475' title='bbox 3081 2938 3324 3008; x_wconf 88' lang='lat' dir='ltr'><strong>jactant,</strong></span> <span class='ocrx_word' id='word_1_476' title='bbox 3370 2936 3569 3006; x_wconf 88' lang='lat' dir='ltr'><strong>quippe</strong></span> 
     </span>
    </p>
   </div>
   <div class='ocr_carea' id='block_1_62' title="bbox 1990 3029 3568 3102">
    <p class='ocr_par' dir='ltr' id='par_1_62' title="bbox 1990 3029 3568 3102">
     <span class='ocr_line' id='line_1_62' title="bbox 1990 3029 3568 3102; baseline -0.002 -21"><span class='ocrx_word' id='word_1_477' title='bbox 1990 3029 2082 3097; x_wconf 91' lang='lat' dir='ltr'><strong>qui</strong></span> <span class='ocrx_word' id='word_1_478' title='bbox 2113 3030 2180 3083; x_wconf 90' lang='lat' dir='ltr'><strong>ab</strong></span> <span class='ocrx_word' id='word_1_479' title='bbox 2206 3030 2400 3084; x_wconf 87' lang='lat' dir='ltr'><strong>iisdem</strong></span> <span class='ocrx_word' id='word_1_480' title='bbox 2435 3033 2775 3102; x_wconf 86' lang='lat' dir='ltr'><strong>temporibus</strong></span> <span class='ocrx_word' id='word_1_481' title='bbox 2803 3048 2871 3087; x_wconf 90' lang='lat' dir='ltr'><strong>ne</strong></span> <span class='ocrx_word' id='word_1_482' title='bbox 2903 3030 3176 3100; x_wconf 79' lang='lat' dir='ltr'><strong>respirare</strong></span> <span class='ocrx_word' id='word_1_483' title='bbox 3201 3029 3440 3099; x_wconf 86' lang='lat' dir='ltr'><strong>quidem,</strong></span> <span class='ocrx_word' id='word_1_484' title='bbox 3473 3036 3568 3081; x_wconf 87' lang='lat' dir='ltr'><strong>aut</strong></span> 
     </span>
    </p>
   </div>
   <div class='ocr_carea' id='block_1_63' title="bbox 1991 3116 3571 3192">
    <p class='ocr_par' dir='ltr' id='par_1_63' title="bbox 1991 3116 3571 3192">
     <span class='ocr_line' id='line_1_63' title="bbox 1991 3116 3571 3192; baseline -0.003 -20"><span class='ocrx_word' id='word_1_485' title='bbox 1991 3120 2270 3188; x_wconf 90' lang='lat' dir='ltr'><strong>suspicere</strong></span> <span class='ocrx_word' id='word_1_486' title='bbox 2304 3136 2543 3191; x_wconf 88' lang='lat' dir='ltr'><strong>unquam</strong></span> <span class='ocrx_word' id='word_1_487' title='bbox 2591 3121 2888 3192; x_wconf 89' lang='lat' dir='ltr'><strong>potuerint,</strong></span> <span class='ocrx_word' id='word_1_488' title='bbox 2921 3135 3193 3192; x_wconf 90' lang='lat' dir='ltr'><strong>quamque</strong></span> <span class='ocrx_word' id='word_1_489' title='bbox 3233 3119 3321 3173; x_wconf 86' lang='lat' dir='ltr'><strong>ille</strong></span> <span class='ocrx_word' id='word_1_490' title='bbox 3342 3116 3571 3172; x_wconf 80' lang='lat' dir='ltr'><strong>feliciter</strong></span> 
     </span>
    </p>
   </div>
   <div class='ocr_carea' id='block_1_64' title="bbox 309 3189 1890 3285">
    <p class='ocr_par' dir='ltr' id='par_1_64' title="bbox 309 3205 1885 3282">
     <span class='ocr_line' id='line_1_64' title="bbox 309 3205 1885 3282; baseline 0 -24"><span class='ocrx_word' id='word_1_491' title='bbox 309 3220 410 3276; x_wconf 88' lang='grc' dir='ltr'><strong>στη</strong></span> <span class='ocrx_word' id='word_1_492' title='bbox 443 3209 506 3262; x_wconf 73' lang='grc' dir='ltr'>ὲκ</span> <span class='ocrx_word' id='word_1_493' title='bbox 545 3208 732 3276; x_wconf 80' lang='grc' dir='ltr'>δεξιῶν</span> <span class='ocrx_word' id='word_1_494' title='bbox 764 3209 1016 3282; x_wconf 85' lang='grc' dir='ltr'>πένητος,</span> <span class='ocrx_word' id='word_1_495' title='bbox 1045 3206 1140 3262; x_wconf 78' lang='grc' dir='ltr'><strong>τοῦ</strong></span> <span class='ocrx_word' id='word_1_496' title='bbox 1177 3207 1347 3260; x_wconf 91' lang='grc' dir='ltr'>σῶσαι</span> <span class='ocrx_word' id='word_1_497' title='bbox 1385 3208 1451 3260; x_wconf 83' lang='grc' dir='ltr'>ὲκ</span> <span class='ocrx_word' id='word_1_498' title='bbox 1487 3205 1595 3259; x_wconf 92' lang='grc' dir='ltr'><strong>τῶν</strong></span> <span class='ocrx_word' id='word_1_499' title='bbox 1626 3205 1885 3258; x_wconf 85' lang='grc' dir='ltr'>καταδιω-</span> 
     </span>
    </p>
   </div>
   <div class='ocr_carea' id='block_1_65' title="bbox 1995 3189 3572 3285">
    <p class='ocr_par' dir='ltr' id='par_1_65' title="bbox 1995 3207 3572 3285">
     <span class='ocr_line' id='line_1_65' title="bbox 1995 3207 3572 3285; baseline -0.001 -21"><span class='ocrx_word' id='word_1_500' title='bbox 1995 3213 2039 3266; x_wconf 88' lang='lat' dir='ltr'><strong>in</strong></span> <span class='ocrx_word' id='word_1_501' title='bbox 2073 3212 2251 3268; x_wconf 90' lang='lat' dir='ltr'><strong>medio</strong></span> <span class='ocrx_word' id='word_1_502' title='bbox 2283 3216 2578 3269; x_wconf 89' lang='lat' dir='ltr'><strong>multarum</strong></span> <span class='ocrx_word' id='word_1_503' title='bbox 2626 3216 2867 3285; x_wconf 89' lang='lat' dir='ltr'><strong>gentium</strong></span> <span class='ocrx_word' id='word_1_504' title='bbox 2914 3230 3010 3283; x_wconf 92' lang='lat' dir='ltr'><strong>per</strong></span> <span class='ocrx_word' id='word_1_505' title='bbox 3060 3229 3218 3268; x_wconf 90' lang='lat' dir='ltr'><strong>suum</strong></span> <span class='ocrx_word' id='word_1_506' title='bbox 3260 3211 3430 3281; x_wconf 89' lang='lat' dir='ltr'><strong>ipsius</strong></span> <span class='ocrx_word' id='word_1_507' title='bbox 3461 3207 3572 3263; x_wconf 76' lang='grc' dir='ltr'><strong>Νο-</strong></span> 
     </span>
    </p>
   </div>
   <div class='ocr_carea' id='block_1_66' title="bbox 295 3297 1890 3374">
    <p class='ocr_par' dir='ltr' id='par_1_66' title="bbox 295 3297 1056 3374">
     <span class='ocr_line' id='line_1_66' title="bbox 295 3297 1056 3374; baseline 0.005 -25"><span class='ocrx_word' id='word_1_508' title='bbox 295 3297 508 3354; x_wconf 80' lang='grc' dir='ltr'>.κόντων</span> <span class='ocrx_word' id='word_1_509' title='bbox 535 3301 633 3372; x_wconf 82' lang='grc' dir='ltr'>τὴν</span> <span class='ocrx_word' id='word_1_510' title='bbox 663 3302 838 3374; x_wconf 77' lang='grc' dir='ltr'>ψυχήν</span> <span class='ocrx_word' id='word_1_511' title='bbox 873 3319 992 3373; x_wconf 91' lang='grc' dir='ltr'>μου.</span> <span class='ocrx_word' id='word_1_512' title='bbox 1037 3319 1056 3353; x_wconf 72' lang='grc' dir='ltr'><strong>ι</strong></span> 
     </span>
    </p>
   </div>
   <div class='ocr_carea' id='block_1_67' title="bbox 1995 3297 3569 3374">
    <p class='ocr_par' dir='ltr' id='par_1_67' title="bbox 1995 3300 3569 3372">
     <span class='ocr_line' id='line_1_67' title="bbox 1995 3300 3569 3372; baseline 0 -19"><span class='ocrx_word' id='word_1_513' title='bbox 1995 3316 2120 3356; x_wconf 85' lang='lat' dir='ltr'><strong>vum</strong></span> <span class='ocrx_word' id='word_1_514' title='bbox 2155 3301 2561 3360; x_wconf 70' lang='lat' dir='ltr'><strong>Testamentum</strong></span> <span class='ocrx_word' id='word_1_515' title='bbox 2585 3319 2686 3359; x_wconf 92' lang='lat' dir='ltr'><strong>suo</strong></span> <span class='ocrx_word' id='word_1_516' title='bbox 2717 3303 2865 3358; x_wconf 90' lang='lat' dir='ltr'><strong>Patri</strong></span> <span class='ocrx_word' id='word_1_517' title='bbox 2897 3303 3106 3358; x_wconf 86' lang='lat' dir='ltr'><strong>laudem</strong></span> <span class='ocrx_word' id='word_1_518' title='bbox 3153 3303 3417 3372; x_wconf 90' lang='lat' dir='ltr'><strong>perliciat,</strong></span> <span class='ocrx_word' id='word_1_519' title='bbox 3441 3300 3569 3354; x_wconf 89' lang='lat' dir='ltr'><strong>dum</strong></span> 
     </span>
    </p>
   </div>
   <div class='ocr_carea' id='block_1_68' title="bbox 290 3390 3571 3468">
    <p class='ocr_par' dir='ltr' id='par_1_68' title="bbox 290 3390 3571 3468">
     <span class='ocr_line' id='line_1_68' title="bbox 290 3390 3571 3468; baseline -0.001 -20"><span class='ocrx_word' id='word_1_520' title='bbox 290 3394 555 3449; x_wconf 76' lang='lat' dir='ltr'><strong>eumdem</strong></span> <span class='ocrx_word' id='word_1_521' title='bbox 616 3395 830 3453; x_wconf 87' lang='lat' dir='ltr'><strong>Patrem</strong></span> <span class='ocrx_word' id='word_1_522' title='bbox 874 3397 1178 3468; x_wconf 88' lang='lat' dir='ltr'><strong>adjutorem</strong></span> <span class='ocrx_word' id='word_1_523' title='bbox 1236 3402 1291 3450; x_wconf 91' lang='lat' dir='ltr'><strong>et</strong></span> <span class='ocrx_word' id='word_1_524' title='bbox 1343 3409 1456 3450; x_wconf 70' lang='lat' dir='ltr'><strong>suae</strong></span> <span class='ocrx_word' id='word_1_525' title='bbox 1497 3393 1705 3449; x_wconf 66' lang='lat' dir='ltr'><strong>dextra:</strong></span> <span class='ocrx_word' id='word_1_526' title='bbox 1743 3407 2078 3449; x_wconf 84' lang='lat' dir='ltr'><strong>assessorem</strong></span> <span class='ocrx_word' id='word_1_527' title='bbox 2132 3398 2362 3463; x_wconf 86' lang='lat' dir='ltr'><strong>obtinet,</strong></span> <span class='ocrx_word' id='word_1_528' title='bbox 2419 3414 2554 3468; x_wconf 87' lang='lat' dir='ltr'><strong>quas</strong></span> <span class='ocrx_word' id='word_1_529' title='bbox 2606 3399 2676 3452; x_wconf 90' lang='lat' dir='ltr'><strong>ob</strong></span> <span class='ocrx_word' id='word_1_530' title='bbox 2721 3414 2809 3454; x_wconf 87' lang='lat' dir='ltr'><strong>res</strong></span> <span class='ocrx_word' id='word_1_531' title='bbox 2860 3398 2934 3450; x_wconf 89' lang='lat' dir='ltr'><strong>ita</strong></span> <span class='ocrx_word' id='word_1_532' title='bbox 2963 3398 3280 3466; x_wconf 77' lang='lat' dir='ltr'><strong>loquiturzt</strong></span> <span class='ocrx_word' id='word_1_533' title='bbox 3309 3395 3366 3449; x_wconf 91' lang='lat' dir='ltr'><strong>In</strong></span> <span class='ocrx_word' id='word_1_534' title='bbox 3391 3390 3571 3448; x_wconf 89' lang='lat' dir='ltr'><strong>medio</strong></span> 
     </span>
    </p>
   </div>
   <div class='ocr_carea' id='block_1_69' title="bbox 304 3483 3568 3559">
    <p class='ocr_par' dir='ltr' id='par_1_69' title="bbox 304 3483 3568 3559">
     <span class='ocr_line' id='line_1_69' title="bbox 304 3483 3568 3559; baseline -0.002 -20"><span class='ocrx_word' id='word_1_535' title='bbox 304 3487 598 3541; x_wconf 88' lang='lat' dir='ltr'><strong>multorum</strong></span> <span class='ocrx_word' id='word_1_536' title='bbox 640 3487 873 3543; x_wconf 90' lang='lat' dir='ltr'><strong>laudabo</strong></span> <span class='ocrx_word' id='word_1_537' title='bbox 915 3502 1063 3552; x_wconf 88' lang='lat' dir='ltr'><strong>eum,</strong></span> <span class='ocrx_word' id='word_1_538' title='bbox 1092 3485 1219 3557; x_wconf 87' lang='lat' dir='ltr'><strong>quia</strong></span> <span class='ocrx_word' id='word_1_539' title='bbox 1263 3485 1438 3540; x_wconf 89' lang='lat' dir='ltr'><strong>astitit</strong></span> <span class='ocrx_word' id='word_1_540' title='bbox 1466 3499 1497 3538; x_wconf 91' lang='lat' dir='ltr'><strong>a</strong></span> <span class='ocrx_word' id='word_1_541' title='bbox 1539 3483 1751 3538; x_wconf 78' lang='lat' dir='ltr'><strong>dextris</strong></span> <span class='ocrx_word' id='word_1_542' title='bbox 1810 3485 2087 3553; x_wconf 89' lang='lat' dir='ltr'><strong>pauperis.</strong></span> <span class='ocrx_word' id='word_1_543' title='bbox 2127 3504 2146 3538; x_wconf 75' lang='grc' dir='ltr'><strong>ι</strong></span> <span class='ocrx_word' id='word_1_544' title='bbox 2190 3488 2430 3544; x_wconf 88' lang='lat' dir='ltr'><strong>Salutem</strong></span> <span class='ocrx_word' id='word_1_545' title='bbox 2475 3499 2732 3559; x_wconf 66' lang='lat' dir='ltr'><strong>praeterea</strong></span> <span class='ocrx_word' id='word_1_546' title='bbox 2770 3503 2890 3557; x_wconf 71' lang='lat' dir='ltr'><strong>quae</strong></span> <span class='ocrx_word' id='word_1_547' title='bbox 2939 3487 3113 3556; x_wconf 87' lang='lat' dir='ltr'><strong>ipsius</strong></span> <span class='ocrx_word' id='word_1_548' title='bbox 3178 3489 3408 3537; x_wconf 88' lang='lat' dir='ltr'><strong>mortem</strong></span> <span class='ocrx_word' id='word_1_549' title='bbox 3477 3491 3568 3532; x_wconf 85' lang='lat' dir='ltr'><strong>se—</strong></span> 
     </span>
    </p>
   </div>
   <div class='ocr_carea' id='block_1_70' title="bbox 303 3573 3568 3651">
    <p class='ocr_par' dir='ltr' id='par_1_70' title="bbox 303 3573 3568 3651">
     <span class='ocr_line' id='line_1_70' title="bbox 303 3573 3568 3651; baseline -0.002 -20"><span class='ocrx_word' id='word_1_550' title='bbox 303 3585 433 3631; x_wconf 89' lang='lat' dir='ltr'><strong>cuta</strong></span> <span class='ocrx_word' id='word_1_551' title='bbox 497 3587 604 3644; x_wconf 90' lang='lat' dir='ltr'><strong>est,</strong></span> <span class='ocrx_word' id='word_1_552' title='bbox 659 3580 816 3635; x_wconf 89' lang='lat' dir='ltr'><strong>docet</strong></span> <span class='ocrx_word' id='word_1_553' title='bbox 860 3580 946 3636; x_wconf 88' lang='lat' dir='ltr'><strong>bis</strong></span> <span class='ocrx_word' id='word_1_554' title='bbox 992 3579 1210 3634; x_wconf 86' lang='lat' dir='ltr'><strong>verbis:</strong></span> <span class='ocrx_word' id='word_1_555' title='bbox 1261 3595 1281 3628; x_wconf 87' lang='grc'><em>‹</em></span> <span class='ocrx_word' id='word_1_556' title='bbox 1316 3573 1385 3643; x_wconf 76' lang='lat' dir='ltr'><strong>Ut</strong></span> <span class='ocrx_word' id='word_1_557' title='bbox 1432 3577 1638 3632; x_wconf 88' lang='lat' dir='ltr'><strong>salvam</strong></span> <span class='ocrx_word' id='word_1_558' title='bbox 1693 3577 1898 3632; x_wconf 86' lang='lat' dir='ltr'><strong>faceret</strong></span> <span class='ocrx_word' id='word_1_559' title='bbox 1932 3593 1961 3632; x_wconf 91' lang='lat' dir='ltr'><strong>a</strong></span> <span class='ocrx_word' id='word_1_560' title='bbox 1999 3583 2454 3651; x_wconf 88' lang='lat' dir='ltr'><strong>persequentibus</strong></span> <span class='ocrx_word' id='word_1_561' title='bbox 2487 3582 2722 3635; x_wconf 89' lang='lat' dir='ltr'><strong>animam</strong></span> <span class='ocrx_word' id='word_1_562' title='bbox 2755 3595 2954 3636; x_wconf 87' lang='lat' dir='ltr'><strong>meam.</strong></span> <span class='ocrx_word' id='word_1_563' title='bbox 2993 3598 3012 3630; x_wconf 80' lang='grc'><strong><em>›</em></strong></span> <span class='ocrx_word' id='word_1_564' title='bbox 3049 3577 3224 3647; x_wconf 89' lang='lat' dir='ltr'><strong>Supra</strong></span> <span class='ocrx_word' id='word_1_565' title='bbox 3266 3575 3412 3630; x_wconf 91' lang='lat' dir='ltr'><strong>enim</strong></span> <span class='ocrx_word' id='word_1_566' title='bbox 3441 3588 3568 3627; x_wconf 89' lang='lat' dir='ltr'><strong>cum</strong></span> 
     </span>
    </p>
   </div>
   <div class='ocr_carea' id='block_1_71' title="bbox 303 3667 3572 3748">
    <p class='ocr_par' dir='ltr' id='par_1_71' title="bbox 303 3667 3572 3748">
     <span class='ocr_line' id='line_1_71' title="bbox 303 3667 3572 3748; baseline -0 -25"><span class='ocrx_word' id='word_1_567' title='bbox 303 3667 439 3723; x_wconf 82' lang='lat' dir='ltr'><strong>illud</strong></span> <span class='ocrx_word' id='word_1_568' title='bbox 462 3670 702 3727; x_wconf 81' lang='lat' dir='ltr'><strong>dixerit:</strong></span> <span class='ocrx_word' id='word_1_569' title='bbox 741 3690 761 3723; x_wconf 74' lang='grc' dir='ltr'><strong>ι</strong></span> <span class='ocrx_word' id='word_1_570' title='bbox 797 3671 1125 3729; x_wconf 86' lang='lat' dir='ltr'><strong>Persecutus</strong></span> <span class='ocrx_word' id='word_1_571' title='bbox 1161 3678 1247 3727; x_wconf 90' lang='lat' dir='ltr'><strong>est</strong></span> <span class='ocrx_word' id='word_1_572' title='bbox 1277 3670 1551 3728; x_wconf 78' lang='lat' dir='ltr'><strong>hominem</strong></span> <span class='ocrx_word' id='word_1_573' title='bbox 1581 3689 1874 3746; x_wconf 86' lang='lat' dir='ltr'><strong>pauperem</strong></span> <span class='ocrx_word' id='word_1_574' title='bbox 1913 3686 1967 3732; x_wconf 88' lang='lat' dir='ltr'><strong>et</strong></span> <span class='ocrx_word' id='word_1_575' title='bbox 1999 3695 2249 3748; x_wconf 87' lang='lat' dir='ltr'><strong>egenum,</strong></span> <span class='ocrx_word' id='word_1_576' title='bbox 2284 3685 2338 3733; x_wconf 92' lang='lat' dir='ltr'><strong>et</strong></span> <span class='ocrx_word' id='word_1_577' title='bbox 2369 3684 2755 3746; x_wconf 90' lang='lat' dir='ltr'><strong>compunctum</strong></span> <span class='ocrx_word' id='word_1_578' title='bbox 2807 3675 3009 3736; x_wconf 89' lang='lat' dir='ltr'><strong>corde.</strong></span> <span class='ocrx_word' id='word_1_579' title='bbox 3065 3682 3126 3728; x_wconf 92' lang='lat' dir='ltr'><strong>ut</strong></span> <span class='ocrx_word' id='word_1_580' title='bbox 3173 3681 3345 3726; x_wconf 90' lang='lat' dir='ltr'><strong>morte</strong></span> <span class='ocrx_word' id='word_1_581' title='bbox 3391 3668 3572 3723; x_wconf 76' lang='lat' dir='ltr'><strong>allice-</strong></span> 
     </span>
    </p>
   </div>
   <div class='ocr_carea' id='block_1_72' title="bbox 303 3763 3567 3840">
    <p class='ocr_par' dir='ltr' id='par_1_72' title="bbox 303 3763 3567 3840">
     <span class='ocr_line' id='line_1_72' title="bbox 303 3763 3567 3840; baseline 0 -26"><span class='ocrx_word' id='word_1_582' title='bbox 303 3770 406 3826; x_wconf 83' lang='lat' dir='ltr'><strong>ret,</strong></span> <span class='ocrx_word' id='word_1_583' title='bbox 438 3780 458 3814; x_wconf 73' lang='grc' dir='ltr'><strong>ι</strong></span> <span class='ocrx_word' id='word_1_584' title='bbox 517 3763 784 3834; x_wconf 89' lang='lat' dir='ltr'><strong>planeque</strong></span> <span class='ocrx_word' id='word_1_585' title='bbox 839 3779 993 3820; x_wconf 89' lang='lat' dir='ltr'><strong>suam</strong></span> <span class='ocrx_word' id='word_1_586' title='bbox 1043 3771 1273 3819; x_wconf 89' lang='lat' dir='ltr'><strong>mortem</strong></span> <span class='ocrx_word' id='word_1_587' title='bbox 1331 3763 1696 3830; x_wconf 89' lang='lat' dir='ltr'><strong>indicaverit,</strong></span> <span class='ocrx_word' id='word_1_588' title='bbox 1753 3766 1882 3822; x_wconf 91' lang='lat' dir='ltr'><strong>dum</strong></span> <span class='ocrx_word' id='word_1_589' title='bbox 1917 3770 2256 3840; x_wconf 86' lang='lat' dir='ltr'><strong>prophetiam</strong></span> <span class='ocrx_word' id='word_1_590' title='bbox 2304 3769 2713 3824; x_wconf 84' lang='lat' dir='ltr'><strong>circumscribit</strong></span> <span class='ocrx_word' id='word_1_591' title='bbox 2752 3787 2768 3822; x_wconf 86' lang='lat'><strong>:</strong></span> <span class='ocrx_word' id='word_1_592' title='bbox 2810 3776 2927 3822; x_wconf 92' lang='lat' dir='ltr'><strong>tum</strong></span> <span class='ocrx_word' id='word_1_593' title='bbox 2973 3779 3104 3821; x_wconf 86' lang='lat' dir='ltr'><strong>vero</strong></span> <span class='ocrx_word' id='word_1_594' title='bbox 3168 3764 3398 3819; x_wconf 87' lang='lat' dir='ltr'><strong>salutem</strong></span> <span class='ocrx_word' id='word_1_595' title='bbox 3446 3777 3567 3832; x_wconf 68' lang='lat' dir='ltr'><strong>quae</strong></span> 
     </span>
    </p>
   </div>
   <div class='ocr_carea' id='block_1_73' title="bbox 302 3853 3567 3930">
    <p class='ocr_par' dir='ltr' id='par_1_73' title="bbox 302 3853 3567 3930">
     <span class='ocr_line' id='line_1_73' title="bbox 302 3853 3567 3930; baseline -0 -25"><span class='ocrx_word' id='word_1_596' title='bbox 302 3859 536 3908; x_wconf 70' lang='lat' dir='ltr'><strong>mortem</strong></span> <span class='ocrx_word' id='word_1_597' title='bbox 587 3854 758 3923; x_wconf 88' lang='lat' dir='ltr'><strong>ipsius</strong></span> <span class='ocrx_word' id='word_1_598' title='bbox 797 3865 984 3912; x_wconf 91' lang='lat' dir='ltr'><strong>secuta</strong></span> <span class='ocrx_word' id='word_1_599' title='bbox 1038 3863 1158 3922; x_wconf 90' lang='lat' dir='ltr'><strong>est,</strong></span> <span class='ocrx_word' id='word_1_600' title='bbox 1209 3855 1577 3928; x_wconf 82' lang='lat' dir='ltr'><strong>significavit,</strong></span> <span class='ocrx_word' id='word_1_601' title='bbox 1641 3855 1831 3914; x_wconf 91' lang='lat' dir='ltr'><strong>dicens</strong></span> <span class='ocrx_word' id='word_1_602' title='bbox 1867 3877 1882 3913; x_wconf 86' lang='lat'><strong>:</strong></span> <span class='ocrx_word' id='word_1_603' title='bbox 1927 3879 1946 3912; x_wconf 72' lang='grc' dir='ltr'><strong>ι</strong></span> <span class='ocrx_word' id='word_1_604' title='bbox 1982 3861 2251 3928; x_wconf 81' lang='lat' dir='ltr'><strong>Quoniam</strong></span> <span class='ocrx_word' id='word_1_605' title='bbox 2284 3862 2458 3916; x_wconf 87' lang='lat' dir='ltr'><strong>astitit</strong></span> <span class='ocrx_word' id='word_1_606' title='bbox 2494 3877 2524 3916; x_wconf 92' lang='lat' dir='ltr'><strong>a</strong></span> <span class='ocrx_word' id='word_1_607' title='bbox 2553 3862 2762 3917; x_wconf 74' lang='lat' dir='ltr'><strong>dextris</strong></span> <span class='ocrx_word' id='word_1_608' title='bbox 2802 3858 3081 3930; x_wconf 84' lang='lat' dir='ltr'><strong>pauperis,</strong></span> <span class='ocrx_word' id='word_1_609' title='bbox 3125 3864 3185 3910; x_wconf 91' lang='lat' dir='ltr'><strong>ut</strong></span> <span class='ocrx_word' id='word_1_610' title='bbox 3249 3854 3453 3910; x_wconf 84' lang='lat' dir='ltr'><strong>salvam</strong></span> <span class='ocrx_word' id='word_1_611' title='bbox 3487 3853 3567 3905; x_wconf 86' lang='lat' dir='ltr'><strong>fa-</strong></span> 
     </span>
    </p>
   </div>
   <div class='ocr_carea' id='block_1_74' title="bbox 304 3949 1540 4017">
    <p class='ocr_par' dir='ltr' id='par_1_74' title="bbox 304 3949 1540 4017">
     <span class='ocr_line' id='line_1_74' title="bbox 304 3949 1540 4017; baseline 0 -15"><span class='ocrx_word' id='word_1_612' title='bbox 304 3952 456 4002; x_wconf 77' lang='lat' dir='ltr'><strong>ceret</strong></span> <span class='ocrx_word' id='word_1_613' title='bbox 485 3961 514 4000; x_wconf 88' lang='lat' dir='ltr'><strong>a</strong></span> <span class='ocrx_word' id='word_1_614' title='bbox 549 3949 1000 4017; x_wconf 85' lang='lat' dir='ltr'><strong>persequentibus</strong></span> <span class='ocrx_word' id='word_1_615' title='bbox 1025 3951 1261 4006; x_wconf 88' lang='lat' dir='ltr'><strong>animam</strong></span> <span class='ocrx_word' id='word_1_616' title='bbox 1289 3965 1489 4007; x_wconf 87' lang='lat' dir='ltr'><strong>meam.</strong></span> <span class='ocrx_word' id='word_1_617' title='bbox 1521 3969 1540 4002; x_wconf 72' lang='grc' dir='ltr'><strong>ι</strong></span> 
     </span>
    </p>
   </div>
   <div class='ocr_carea' id='block_1_75' title="bbox 316 4059 1883 4133">
    <p class='ocr_par' dir='ltr' id='par_1_75' title="bbox 316 4059 1883 4133">
     <span class='ocr_line' id='line_1_75' title="bbox 316 4059 1883 4133; baseline -0.001 -15"><span class='ocrx_word' id='word_1_618' title='bbox 316 4059 462 4119; x_wconf 76' lang='grc' dir='ltr'><strong>Ἀπὸ</strong></span> <span class='ocrx_word' id='word_1_619' title='bbox 480 4061 586 4116; x_wconf 85' lang='grc' dir='ltr'>τοῦ</span> <span class='ocrx_word' id='word_1_620' title='bbox 601 4062 990 4133; x_wconf 58' lang='grc' dir='ltr'>Ζαχαρίορμ-</span> <span class='ocrx_word' id='word_1_621' title='bbox 1006 4065 1129 4118; x_wconf 84' lang='grc' dir='ltr'>Ἔτι</span> <span class='ocrx_word' id='word_1_622' title='bbox 1154 4063 1413 4133; x_wconf 80' lang='grc' dir='ltr'>περὶτοῦ</span> <span class='ocrx_word' id='word_1_623' title='bbox 1430 4062 1616 4118; x_wconf 83' lang='grc' dir='ltr'>Ἰούδα</span> <span class='ocrx_word' id='word_1_624' title='bbox 1639 4064 1738 4118; x_wconf 78' lang='grc' dir='ltr'><strong>καί</strong></span> <span class='ocrx_word' id='word_1_625' title='bbox 1766 4063 1883 4118; x_wconf 79' lang='grc' dir='ltr'>τῶν</span> 
     </span>
    </p>
   </div>
   <div class='ocr_carea' id='block_1_76' title="bbox 374 4127 1882 4204">
    <p class='ocr_par' dir='ltr' id='par_1_76' title="bbox 374 4127 1882 4204">
     <span class='ocr_line' id='line_1_76' title="bbox 374 4127 1882 4204; baseline 0.003 -20"><span class='ocrx_word' id='word_1_626' title='bbox 374 4127 832 4204; x_wconf 59' lang='grc' dir='ltr'>ἀργιιοίωνᾶνλσ</span> <span class='ocrx_word' id='word_1_627' title='bbox 861 4127 964 4204; x_wconf 29' lang='grc' dir='ltr'><strong>ὦνᾼ</strong></span> <span class='ocrx_word' id='word_1_628' title='bbox 984 4133 1122 4204; x_wconf 37' lang='grc' dir='ltr'><strong>τὸν,</strong></span> <span class='ocrx_word' id='word_1_629' title='bbox 1152 4127 1371 4204; x_wconf 78' lang='grc' dir='ltr'>Κῦριον</span> <span class='ocrx_word' id='word_1_630' title='bbox 1405 4133 1708 4204; x_wconf 78' lang='grc' dir='ltr'>προῦδωκε</span> <span class='ocrx_word' id='word_1_631' title='bbox 1728 4173 1743 4197; x_wconf 89' lang='grc'><strong>,</strong></span> <span class='ocrx_word' id='word_1_632' title='bbox 1782 4134 1882 4188; x_wconf 79' lang='grc' dir='ltr'>καὶ</span> 
     </span>
    </p>
   </div>
   <div class='ocr_carea' id='block_1_77' title="bbox 377 4200 1883 4272">
    <p class='ocr_par' dir='ltr' id='par_1_77' title="bbox 377 4200 1883 4272">
     <span class='ocr_line' id='line_1_77' title="bbox 377 4200 1883 4272; baseline -0.001 -14"><span class='ocrx_word' id='word_1_633' title='bbox 377 4200 661 4272; x_wconf 61' lang='grc' dir='ltr'>περὶτῆς</span> <span class='ocrx_word' id='word_1_634' title='bbox 704 4202 1012 4270; x_wconf 78' lang='grc' dir='ltr'>ἀποϐολῆς</span> <span class='ocrx_word' id='word_1_635' title='bbox 1058 4202 1175 4258; x_wconf 77' lang='grc' dir='ltr'>τῶν</span> <span class='ocrx_word' id='word_1_636' title='bbox 1221 4200 1380 4272; x_wconf 62' lang='grc' dir='ltr'>,παρὰ</span> <span class='ocrx_word' id='word_1_637' title='bbox 1435 4203 1739 4270; x_wconf 81' lang='grc' dir='ltr'>Ἰουδαίοις</span> <span class='ocrx_word' id='word_1_638' title='bbox 1788 4205 1883 4272; x_wconf 83' lang='grc' dir='ltr'><strong>ἀρ-</strong></span> 
     </span>
    </p>
   </div>
   <div class='ocr_carea' id='block_1_78' title="bbox 373 4273 1215 4344">
    <p class='ocr_par' dir='ltr' id='par_1_78' title="bbox 373 4273 1215 4344">
     <span class='ocr_line' id='line_1_78' title="bbox 373 4273 1215 4344; baseline -0.002 -16"><span class='ocrx_word' id='word_1_639' title='bbox 373 4275 606 4344; x_wconf 80' lang='grc' dir='ltr'>χόντων</span> <span class='ocrx_word' id='word_1_640' title='bbox 632 4290 695 4327; x_wconf 86' lang='grc' dir='ltr'><strong>τε</strong></span> <span class='ocrx_word' id='word_1_641' title='bbox 725 4273 824 4325; x_wconf 82' lang='grc' dir='ltr'>καὶ</span> <span class='ocrx_word' id='word_1_642' title='bbox 849 4273 1215 4343; x_wconf 79' lang='grc' dir='ltr'>ἀρχομένων.</span> 
     </span>
    </p>
   </div>
   <div class='ocr_carea' id='block_1_79' title="bbox 383 4382 1884 4458">
    <p class='ocr_par' dir='ltr' id='par_1_79' title="bbox 383 4382 1884 4458">
     <span class='ocr_line' id='line_1_79' title="bbox 383 4382 1884 4458; baseline 0.002 -22"><span class='ocrx_word' id='word_1_643' title='bbox 383 4401 402 4436; x_wconf 74' lang='grc' dir='ltr'><strong>ι</strong></span> <span class='ocrx_word' id='word_1_644' title='bbox 431 4383 542 4438; x_wconf 82' lang='grc' dir='ltr'><strong>Καὶ</strong></span> <span class='ocrx_word' id='word_1_645' title='bbox 588 4382 825 4456; x_wconf 76' lang='grc' dir='ltr'>λήψομαι</span> <span class='ocrx_word' id='word_1_646' title='bbox 870 4385 1093 4457; x_wconf 78' lang='grc' dir='ltr'>ἐμαυτῷ</span> <span class='ocrx_word' id='word_1_647' title='bbox 1151 4387 1244 4439; x_wconf 86' lang='grc' dir='ltr'><strong>δυο</strong></span> <span class='ocrx_word' id='word_1_648' title='bbox 1287 4386 1550 4458; x_wconf 74' lang='grc' dir='ltr'>ῥάϐδους,</span> <span class='ocrx_word' id='word_1_649' title='bbox 1603 4387 1704 4458; x_wconf 85' lang='grc' dir='ltr'>τὴν</span> <span class='ocrx_word' id='word_1_650' title='bbox 1757 4387 1884 4458; x_wconf 87' lang='grc' dir='ltr'>μίαν</span> 
     </span>
    </p>
   </div>
   <div class='ocr_carea' id='block_1_80' title="bbox 305 4471 1881 4561">
    <p class='ocr_par' dir='ltr' id='par_1_80' title="bbox 305 4471 1881 4561">
     <span class='ocr_line' id='line_1_80' title="bbox 305 4471 1881 4561; baseline 0.001 -20"><span class='ocrx_word' id='word_1_651' title='bbox 305 4485 542 4544; x_wconf 69' lang='grc' dir='ltr'>ἐκάλεσα</span> <span class='ocrx_word' id='word_1_652' title='bbox 569 4487 788 4552; x_wconf 83' lang='grc' dir='ltr'>κάλλος,</span> <span class='ocrx_word' id='word_1_653' title='bbox 825 4488 917 4540; x_wconf 75' lang='grc' dir='ltr'>καὶ</span> <span class='ocrx_word' id='word_1_654' title='bbox 949 4489 1048 4560; x_wconf 86' lang='grc' dir='ltr'>τὴν</span> <span class='ocrx_word' id='word_1_655' title='bbox 1083 4471 1273 4561; x_wconf 79' lang='grc' dir='ltr'>ἑτέραν</span> <span class='ocrx_word' id='word_1_656' title='bbox 1296 4489 1532 4543; x_wconf 80' lang='grc' dir='ltr'>ἐκάλεσα</span> <span class='ocrx_word' id='word_1_657' title='bbox 1564 4490 1881 4561; x_wconf 89' lang='grc' dir='ltr'>σχοίνισμα,</span> 
     </span>
    </p>
   </div>
   <div class='ocr_carea' id='block_1_81' title="bbox 305 4584 1546 4658">
    <p class='ocr_par' dir='ltr' id='par_1_81' title="bbox 305 4584 1546 4658">
     <span class='ocr_line' id='line_1_81' title="bbox 305 4584 1546 4658; baseline -0.002 -16"><span class='ocrx_word' id='word_1_658' title='bbox 305 4587 402 4642; x_wconf 74' lang='grc' dir='ltr'>καὶ</span> <span class='ocrx_word' id='word_1_659' title='bbox 434 4585 680 4658; x_wconf 88' lang='grc' dir='ltr'>ποιμανῶ</span> <span class='ocrx_word' id='word_1_660' title='bbox 710 4586 779 4640; x_wconf 76' lang='grc' dir='ltr'>τὰ</span> <span class='ocrx_word' id='word_1_661' title='bbox 812 4586 1059 4658; x_wconf 71' lang='grc' dir='ltr'>πρόϐατά</span> <span class='ocrx_word' id='word_1_662' title='bbox 1087 4604 1210 4657; x_wconf 88' lang='grc' dir='ltr'>μου,</span> <span class='ocrx_word' id='word_1_663' title='bbox 1244 4587 1337 4640; x_wconf 75' lang='grc' dir='ltr'>καὶ</span> <span class='ocrx_word' id='word_1_664' title='bbox 1365 4584 1546 4658; x_wconf 82' lang='grc' dir='ltr'>ὲξαρῶ</span> 
     </span>
    </p>
   </div>
   <div class='ocr_carea' id='block_1_82' title="bbox 307 4677 1883 4750">
    <p class='ocr_par' dir='ltr' id='par_1_82' title="bbox 307 4677 1883 4750">
     <span class='ocr_line' id='line_1_82' title="bbox 307 4677 1883 4750; baseline -0.003 -17"><span class='ocrx_word' id='word_1_665' title='bbox 307 4677 568 4750; x_wconf 82' lang='grc' dir='ltr'>ποιμένας</span> <span class='ocrx_word' id='word_1_666' title='bbox 594 4679 650 4730; x_wconf 81' lang='grc' dir='ltr'>ἐν</span> <span class='ocrx_word' id='word_1_667' title='bbox 688 4677 815 4748; x_wconf 78' lang='grc' dir='ltr'>μηνὶ</span> <span class='ocrx_word' id='word_1_668' title='bbox 848 4678 960 4741; x_wconf 73' lang='grc' dir='ltr'>ἑνὶ,</span> <span class='ocrx_word' id='word_1_669' title='bbox 994 4678 1088 4731; x_wconf 78' lang='grc' dir='ltr'>καὶ</span> <span class='ocrx_word' id='word_1_670' title='bbox 1121 4677 1516 4749; x_wconf 87' lang='grc' dir='ltr'>βαρυνθήσεται</span> <span class='ocrx_word' id='word_1_671' title='bbox 1539 4681 1572 4750; x_wconf 77' lang='grc' dir='ltr'><strong>η</strong></span> <span class='ocrx_word' id='word_1_672' title='bbox 1597 4678 1742 4749; x_wconf 79' lang='grc' dir='ltr'>ψυχή</span> <span class='ocrx_word' id='word_1_673' title='bbox 1781 4693 1883 4746; x_wconf 89' lang='grc' dir='ltr'><strong>μου</strong></span> 
     </span>
    </p>
   </div>
   <div class='ocr_carea' id='block_1_83' title="bbox 306 4767 1884 4841">
    <p class='ocr_par' dir='ltr' id='par_1_83' title="bbox 306 4767 1884 4841">
     <span class='ocr_line' id='line_1_83' title="bbox 306 4767 1884 4841; baseline -0.001 -17"><span class='ocrx_word' id='word_1_674' title='bbox 306 4771 394 4824; x_wconf 70' lang='grc' dir='ltr'><strong>ἐπ’</strong></span> <span class='ocrx_word' id='word_1_675' title='bbox 426 4768 642 4832; x_wconf 79' lang='grc' dir='ltr'>αὐτούς.</span> <span class='ocrx_word' id='word_1_676' title='bbox 674 4770 784 4822; x_wconf 82' lang='lat' dir='ltr'><strong>Kal</strong></span> <span class='ocrx_word' id='word_1_677' title='bbox 805 4767 913 4840; x_wconf 79' lang='grc' dir='ltr'><strong>γὰρ</strong></span> <span class='ocrx_word' id='word_1_678' title='bbox 950 4769 1006 4820; x_wconf 81' lang='grc' dir='ltr'><strong>αἰ</strong></span> <span class='ocrx_word' id='word_1_679' title='bbox 1040 4768 1204 4839; x_wconf 76' lang='grc' dir='ltr'>ψυχαὶ</span> <span class='ocrx_word' id='word_1_680' title='bbox 1239 4769 1416 4822; x_wconf 80' lang='grc' dir='ltr'>αὐτῶν</span> <span class='ocrx_word' id='word_1_681' title='bbox 1449 4768 1760 4841; x_wconf 82' lang='grc' dir='ltr'>ὲπωρύοντο</span> <span class='ocrx_word' id='word_1_682' title='bbox 1797 4770 1884 4822; x_wconf 74' lang='grc' dir='ltr'><strong>ἐπ’</strong></span> 
     </span>
    </p>
   </div>
   <div class='ocr_carea' id='block_1_84' title="bbox 306 4863 1884 4941">
    <p class='ocr_par' dir='ltr' id='par_1_84' title="bbox 306 4863 1884 4941">
     <span class='ocr_line' id='line_1_84' title="bbox 306 4863 1884 4941; baseline -0.003 -18"><span class='ocrx_word' id='word_1_683' title='bbox 306 4870 440 4941; x_wconf 70' lang='grc' dir='ltr'>ἐμὲ,</span> <span class='ocrx_word' id='word_1_684' title='bbox 475 4869 570 4923; x_wconf 75' lang='grc' dir='ltr'>καὶ</span> <span class='ocrx_word' id='word_1_685' title='bbox 609 4863 771 4922; x_wconf 79' lang='grc' dir='ltr'>εἶπα·</span> <span class='ocrx_word' id='word_1_686' title='bbox 818 4869 892 4922; x_wconf 69' lang='lat' dir='ltr'><strong>Ob</strong></span> <span class='ocrx_word' id='word_1_687' title='bbox 936 4868 1185 4940; x_wconf 90' lang='grc' dir='ltr'>ποιμανῶ</span> <span class='ocrx_word' id='word_1_688' title='bbox 1221 4869 1398 4940; x_wconf 78' lang='grc' dir='ltr'>ὑμᾶς·</span> <span class='ocrx_word' id='word_1_689' title='bbox 1443 4873 1502 4922; x_wconf 86' lang='grc' dir='ltr'>τὸ</span> <span class='ocrx_word' id='word_1_690' title='bbox 1545 4867 1884 4939; x_wconf 82' lang='grc' dir='ltr'>ἀποθνῆσκον</span> 
     </span>
    </p>
   </div>
   <div class='ocr_carea' id='block_1_85' title="bbox 307 4967 1888 5041">
    <p class='ocr_par' dir='ltr' id='par_1_85' title="bbox 307 4967 1888 5041">
     <span class='ocr_line' id='line_1_85' title="bbox 307 4967 1888 5041; baseline -0.004 -15"><span class='ocrx_word' id='word_1_691' title='bbox 307 4970 717 5041; x_wconf 82' lang='grc' dir='ltr'>ἀποθνησκέτω,</span> <span class='ocrx_word' id='word_1_692' title='bbox 749 4967 924 5022; x_wconf 80' lang='grc' dir='ltr'>καὶτὸ</span> <span class='ocrx_word' id='word_1_693' title='bbox 961 4968 1211 5022; x_wconf 75' lang='grc' dir='ltr'>ἐκλεῖπον</span> <span class='ocrx_word' id='word_1_694' title='bbox 1237 4969 1555 5034; x_wconf 81' lang='grc' dir='ltr'>έκλειπέτω,</span> <span class='ocrx_word' id='word_1_695' title='bbox 1587 4969 1681 5022; x_wconf 74' lang='grc' dir='ltr'>καὶ</span> <span class='ocrx_word' id='word_1_696' title='bbox 1698 4968 1766 5022; x_wconf 81' lang='grc' dir='ltr'>τὰ</span> <span class='ocrx_word' id='word_1_697' title='bbox 1787 4985 1888 5021; x_wconf 88' lang='grc' dir='ltr'>κα-</span> 
     </span>
    </p>
   </div>
   <div class='ocr_carea' id='block_1_86' title="bbox 306 5059 1886 5132">
    <p class='ocr_par' dir='ltr' id='par_1_86' title="bbox 306 5059 1886 5132">
     <span class='ocr_line' id='line_1_86' title="bbox 306 5059 1886 5132; baseline -0.005 -13"><span class='ocrx_word' id='word_1_698' title='bbox 306 5063 541 5119; x_wconf 75' lang='grc' dir='ltr'>τὰλοιπα</span> <span class='ocrx_word' id='word_1_699' title='bbox 571 5060 917 5124; x_wconf 81' lang='grc' dir='ltr'>ὲσθιέτωσαν,</span> <span class='ocrx_word' id='word_1_700' title='bbox 940 5060 1169 5124; x_wconf 69' lang='grc' dir='ltr'>ἕκαστος</span> <span class='ocrx_word' id='word_1_701' title='bbox 1190 5060 1290 5124; x_wconf 72' lang='grc' dir='ltr'><strong>τὰς</strong></span> <span class='ocrx_word' id='word_1_702' title='bbox 1312 5061 1520 5132; x_wconf 86' lang='grc' dir='ltr'>σάρκας</span> <span class='ocrx_word' id='word_1_703' title='bbox 1539 5060 1632 5112; x_wconf 85' lang='grc' dir='ltr'>τοῦ</span> <span class='ocrx_word' id='word_1_704' title='bbox 1658 5059 1886 5131; x_wconf 90' lang='grc' dir='ltr'>πλησίον</span> 
     </span>
    </p>
   </div>
   <div class='ocr_carea' id='block_1_87' title="bbox 309 5157 1888 5231">
    <p class='ocr_par' dir='ltr' id='par_1_87' title="bbox 309 5157 1888 5231">
     <span class='ocr_line' id='line_1_87' title="bbox 309 5157 1888 5231; baseline -0.004 -15"><span class='ocrx_word' id='word_1_705' title='bbox 309 5159 494 5216; x_wconf 78' lang='grc' dir='ltr'>αὑτοῦ.</span> <span class='ocrx_word' id='word_1_706' title='bbox 532 5159 641 5214; x_wconf 87' lang='lat' dir='ltr'><strong>Kal</strong></span> <span class='ocrx_word' id='word_1_707' title='bbox 669 5159 904 5231; x_wconf 80' lang='grc' dir='ltr'>λήψομαι</span> <span class='ocrx_word' id='word_1_708' title='bbox 919 5159 1018 5230; x_wconf 81' lang='grc' dir='ltr'>τὴν</span> <span class='ocrx_word' id='word_1_709' title='bbox 1045 5157 1236 5229; x_wconf 64' lang='lat' dir='ltr'><strong>passm</strong></span> <span class='ocrx_word' id='word_1_710' title='bbox 1265 5158 1362 5229; x_wconf 85' lang='grc' dir='ltr'>τὴν</span> <span class='ocrx_word' id='word_1_711' title='bbox 1393 5157 1582 5230; x_wconf 80' lang='grc' dir='ltr'>καλὴν,</span> <span class='ocrx_word' id='word_1_712' title='bbox 1599 5159 1692 5212; x_wconf 76' lang='grc' dir='ltr'>καὶ</span> <span class='ocrx_word' id='word_1_713' title='bbox 1715 5158 1888 5230; x_wconf 79' lang='grc' dir='ltr'>ἀπορ-</span> 
     </span>
    </p>
   </div>
   <div class='ocr_carea' id='block_1_88' title="bbox 311 5260 1889 5335">
    <p class='ocr_par' dir='ltr' id='par_1_88' title="bbox 311 5260 1889 5335">
     <span class='ocr_line' id='line_1_88' title="bbox 311 5260 1889 5335; baseline -0.003 -19"><span class='ocrx_word' id='word_1_714' title='bbox 311 5263 452 5334; x_wconf 73' lang='grc' dir='ltr'>ρίψω</span> <span class='ocrx_word' id='word_1_715' title='bbox 482 5262 652 5335; x_wconf 81' lang='grc' dir='ltr'>αὐτὴν</span> <span class='ocrx_word' id='word_1_716' title='bbox 697 5261 791 5315; x_wconf 77' lang='grc' dir='ltr'><strong>τοῦ</strong></span> <span class='ocrx_word' id='word_1_717' title='bbox 823 5260 1170 5315; x_wconf 82' lang='grc' dir='ltr'>διασκεδάσαι</span> <span class='ocrx_word' id='word_1_718' title='bbox 1203 5261 1300 5332; x_wconf 84' lang='grc' dir='ltr'><strong>τὴν</strong></span> <span class='ocrx_word' id='word_1_719' title='bbox 1341 5261 1614 5332; x_wconf 82' lang='grc' dir='ltr'>Διαθήκην</span> <span class='ocrx_word' id='word_1_720' title='bbox 1654 5278 1788 5332; x_wconf 89' lang='grc' dir='ltr'>μου,</span> <span class='ocrx_word' id='word_1_721' title='bbox 1819 5261 1889 5332; x_wconf 79' lang='grc' dir='ltr'>ἣν</span> 
     </span>
    </p>
   </div>
   <div class='ocr_carea' id='block_1_89' title="bbox 310 5361 1890 5437">
    <p class='ocr_par' dir='ltr' id='par_1_89' title="bbox 310 5361 1890 5437">
     <span class='ocr_line' id='line_1_89' title="bbox 310 5361 1890 5437; baseline 0 -21"><span class='ocrx_word' id='word_1_722' title='bbox 310 5363 562 5437; x_wconf 82' lang='grc' dir='ltr'>διεθέμην</span> <span class='ocrx_word' id='word_1_723' title='bbox 595 5363 730 5437; x_wconf 79' lang='grc' dir='ltr'>πρὸς</span> <span class='ocrx_word' id='word_1_724' title='bbox 758 5363 964 5426; x_wconf 81' lang='grc' dir='ltr'>πάντας</span> <span class='ocrx_word' id='word_1_725' title='bbox 991 5365 1118 5426; x_wconf 83' lang='grc' dir='ltr'>τοὺς</span> <span class='ocrx_word' id='word_1_726' title='bbox 1147 5361 1328 5425; x_wconf 87' lang='grc' dir='ltr'>λαούς.</span> <span class='ocrx_word' id='word_1_727' title='bbox 1363 5363 1471 5416; x_wconf 76' lang='grc' dir='ltr'><strong>Καὶ</strong></span> <span class='ocrx_word' id='word_1_728' title='bbox 1501 5362 1890 5434; x_wconf 86' lang='grc' dir='ltr'>διασκεδασθή-</span> 
     </span>
    </p>
   </div>
   <div class='ocr_carea' id='block_1_90' title="bbox 315 5463 1890 5539">
    <p class='ocr_par' dir='ltr' id='par_1_90' title="bbox 315 5463 1890 5539">
     <span class='ocr_line' id='line_1_90' title="bbox 315 5463 1890 5539; baseline -0.002 -20"><span class='ocrx_word' id='word_1_729' title='bbox 315 5479 468 5519; x_wconf 84' lang='grc' dir='ltr'>σεται</span> <span class='ocrx_word' id='word_1_730' title='bbox 507 5465 565 5516; x_wconf 82' lang='grc' dir='ltr'>ὲν</span> <span class='ocrx_word' id='word_1_731' title='bbox 597 5469 664 5534; x_wconf 69' lang='grc' dir='ltr'><strong>τῇ</strong></span> <span class='ocrx_word' id='word_1_732' title='bbox 694 5465 877 5539; x_wconf 76' lang='grc' dir='ltr'>ἡμέρᾳ</span> <span class='ocrx_word' id='word_1_733' title='bbox 920 5463 1122 5537; x_wconf 77' lang='grc' dir='ltr'>ἐκείνῃ,</span> <span class='ocrx_word' id='word_1_734' title='bbox 1158 5463 1250 5517; x_wconf 85' lang='grc' dir='ltr'><strong>καί</strong></span> <span class='ocrx_word' id='word_1_735' title='bbox 1282 5463 1580 5532; x_wconf 85' lang='grc' dir='ltr'>γνώσονται</span> <span class='ocrx_word' id='word_1_736' title='bbox 1618 5465 1667 5517; x_wconf 80' lang='grc' dir='ltr'><strong>οἰ</strong></span> <span class='ocrx_word' id='word_1_737' title='bbox 1709 5466 1890 5517; x_wconf 87' lang='grc' dir='ltr'>Χανα-</span> 
     </span>
    </p>
   </div>
   <div class='ocr_carea' id='block_1_91' title="bbox 314 5554 1890 5626">
    <p class='ocr_par' dir='ltr' id='par_1_91' title="bbox 314 5554 1890 5626">
     <span class='ocr_line' id='line_1_91' title="bbox 314 5554 1890 5626; baseline -0.002 -15"><span class='ocrx_word' id='word_1_738' title='bbox 314 5559 452 5611; x_wconf 87' lang='grc' dir='ltr'>ναῖοι</span> <span class='ocrx_word' id='word_1_739' title='bbox 500 5556 567 5609; x_wconf 79' lang='grc' dir='ltr'>τὰ</span> <span class='ocrx_word' id='word_1_740' title='bbox 616 5554 863 5626; x_wconf 74' lang='grc' dir='ltr'>πρόϐατα</span> <span class='ocrx_word' id='word_1_741' title='bbox 899 5556 968 5611; x_wconf 81' lang='grc' dir='ltr'><strong>τὰ</strong></span> <span class='ocrx_word' id='word_1_742' title='bbox 1015 5555 1398 5626; x_wconf 85' lang='grc' dir='ltr'>φυλασσόμενά</span> <span class='ocrx_word' id='word_1_743' title='bbox 1447 5573 1556 5626; x_wconf 87' lang='grc' dir='ltr'>μοι,</span> <span class='ocrx_word' id='word_1_744' title='bbox 1596 5556 1678 5609; x_wconf 84' lang='grc' dir='ltr'>ὅτι</span> <span class='ocrx_word' id='word_1_745' title='bbox 1717 5556 1890 5624; x_wconf 89' lang='grc' dir='ltr'>Λόγος</span> 
     </span>
    </p>
   </div>
   <div class='ocr_carea' id='block_1_92' title="bbox 313 5651 1889 5726">
    <p class='ocr_par' dir='ltr' id='par_1_92' title="bbox 313 5651 1889 5726">
     <span class='ocr_line' id='line_1_92' title="bbox 313 5651 1889 5726; baseline -0.001 -16"><span class='ocrx_word' id='word_1_746' title='bbox 313 5654 522 5726; x_wconf 73' lang='grc' dir='ltr'>Κυρίου</span> <span class='ocrx_word' id='word_1_747' title='bbox 550 5653 684 5710; x_wconf 79' lang='grc' dir='ltr'>ἐστί.</span> <span class='ocrx_word' id='word_1_748' title='bbox 707 5653 819 5708; x_wconf 83' lang='lat' dir='ltr'><strong>Kal</strong></span> <span class='ocrx_word' id='word_1_749' title='bbox 849 5651 960 5725; x_wconf 74' lang='grc' dir='ltr'>ἐρῶ</span> <span class='ocrx_word' id='word_1_750' title='bbox 986 5656 1120 5725; x_wconf 72' lang='grc' dir='ltr'>προς</span> <span class='ocrx_word' id='word_1_751' title='bbox 1138 5653 1331 5718; x_wconf 78' lang='grc' dir='ltr'>αὐτούς</span> <span class='ocrx_word' id='word_1_752' title='bbox 1348 5669 1362 5684; x_wconf 89' lang='grc'><strong>·</strong></span> <span class='ocrx_word' id='word_1_753' title='bbox 1385 5655 1449 5708; x_wconf 84' lang='grc' dir='ltr'>Εἰ</span> <span class='ocrx_word' id='word_1_754' title='bbox 1469 5653 1632 5708; x_wconf 77' lang='grc' dir='ltr'>καλὸν</span> <span class='ocrx_word' id='word_1_755' title='bbox 1653 5651 1889 5714; x_wconf 74' lang='grc' dir='ltr'>ἐνώπιον</span> 
     </span>
    </p>
   </div>
   <div class='ocr_carea' id='block_1_93' title="bbox 1987 4031 3565 4101">
    <p class='ocr_par' dir='ltr' id='par_1_93' title="bbox 1987 4031 3565 4101">
     <span class='ocr_line' id='line_1_93' title="bbox 1987 4031 3565 4101; baseline -0.005 -9"><span class='ocrx_word' id='word_1_756' title='bbox 1987 4036 2033 4092; x_wconf 80' lang='grc' dir='ltr'><strong>Α</strong></span> <span class='ocrx_word' id='word_1_757' title='bbox 2064 4035 2349 4092; x_wconf 79' lang='lat' dir='ltr'><strong>Zacharia.</strong></span> <span class='ocrx_word' id='word_1_758' title='bbox 2382 4069 2452 4078; x_wconf 93' lang='lat'><strong><em>—</em></strong></span> <span class='ocrx_word' id='word_1_759' title='bbox 2483 4037 2616 4092; x_wconf 80' lang='lat' dir='ltr'><strong>Item</strong></span> <span class='ocrx_word' id='word_1_760' title='bbox 2670 4036 2735 4090; x_wconf 85' lang='lat' dir='ltr'><strong>de</strong></span> <span class='ocrx_word' id='word_1_761' title='bbox 2766 4034 2912 4089; x_wconf 74' lang='lat' dir='ltr'><strong>Iuda</strong></span> <span class='ocrx_word' id='word_1_762' title='bbox 2964 4041 3016 4086; x_wconf 83' lang='lat' dir='ltr'><strong>et</strong></span> <span class='ocrx_word' id='word_1_763' title='bbox 3067 4033 3354 4101; x_wconf 17' lang='lat' dir='ltr'><strong>argenteis,</strong></span> <span class='ocrx_word' id='word_1_764' title='bbox 3377 4031 3565 4101; x_wconf 80' lang='lat' dir='ltr'><strong>quibus</strong></span> 
     </span>
    </p>
   </div>
   <div class='ocr_carea' id='block_1_94' title="bbox 2058 4099 3561 4177">
    <p class='ocr_par' dir='ltr' id='par_1_94' title="bbox 2058 4099 3561 4177">
     <span class='ocr_line' id='line_1_94' title="bbox 2058 4099 3561 4177; baseline -0.005 -15"><span class='ocrx_word' id='word_1_765' title='bbox 2058 4109 2348 4163; x_wconf 77' lang='lat' dir='ltr'><strong>Dominum</strong></span> <span class='ocrx_word' id='word_1_766' title='bbox 2374 4109 2629 4176; x_wconf 79' lang='lat' dir='ltr'><strong>produlit,</strong></span> <span class='ocrx_word' id='word_1_767' title='bbox 2657 4113 2822 4177; x_wconf 83' lang='lat' dir='ltr'><strong>deque</strong></span> <span class='ocrx_word' id='word_1_768' title='bbox 2848 4099 3290 4173; x_wconf 48' lang='lat' dir='ltr'><strong>rejectione&#39;apud</strong></span> <span class='ocrx_word' id='word_1_769' title='bbox 3320 4099 3561 4177; x_wconf 60' lang='lat' dir='ltr'><strong>ludimus.</strong></span> 
     </span>
    </p>
   </div>
   <div class='ocr_carea' id='block_1_95' title="bbox 2059 4171 3569 4250">
    <p class='ocr_par' dir='ltr' id='par_1_95' title="bbox 2059 4171 3569 4250">
     <span class='ocr_line' id='line_1_95' title="bbox 2059 4171 3569 4250; baseline -0.005 -18"><span class='ocrx_word' id='word_1_770' title='bbox 2059 4189 2170 4232; x_wconf 85' lang='lat' dir='ltr'><strong>tam</strong></span> <span class='ocrx_word' id='word_1_771' title='bbox 2199 4171 2384 4232; x_wconf 67' lang='lat' dir='ltr'><strong>eorum</strong></span> <span class='ocrx_word' id='word_1_772' title='bbox 2417 4180 2506 4250; x_wconf 81' lang='lat' dir='ltr'><strong>qui</strong></span> <span class='ocrx_word' id='word_1_773' title='bbox 2564 4171 2915 4248; x_wconf 70' lang='lat' dir='ltr'><strong>imperabant,</strong></span> <span class='ocrx_word' id='word_1_774' title='bbox 2979 4188 3137 4243; x_wconf 86' lang='lat' dir='ltr'><strong>quam</strong></span> <span class='ocrx_word' id='word_1_775' title='bbox 3169 4188 3348 4225; x_wconf 85' lang='lat' dir='ltr'><strong>eorum</strong></span> <span class='ocrx_word' id='word_1_776' title='bbox 3378 4171 3569 4243; x_wconf 73' lang='lat' dir='ltr'><strong>quibus</strong></span> 
     </span>
    </p>
   </div>
   <div class='ocr_carea' id='block_1_96' title="bbox 2057 4249 2437 4317">
    <p class='ocr_par' dir='ltr' id='par_1_96' title="bbox 2057 4249 2437 4317">
     <span class='ocr_line' id='line_1_96' title="bbox 2057 4249 2437 4317; baseline -0.003 -15"><span class='ocrx_word' id='word_1_777' title='bbox 2057 4249 2437 4317; x_wconf 67' lang='lat' dir='ltr'><strong>imperabatur;</strong></span> 
     </span>
    </p>
   </div>
   <div class='ocr_carea' id='block_1_97' title="bbox 2068 4355 3568 4432">
    <p class='ocr_par' dir='ltr' id='par_1_97' title="bbox 2068 4355 3568 4432">
     <span class='ocr_line' id='line_1_97' title="bbox 2068 4355 3568 4432; baseline -0.004 -18"><span class='ocrx_word' id='word_1_778' title='bbox 2068 4382 2085 4414; x_wconf 85' lang='grc'><strong>‹</strong></span> <span class='ocrx_word' id='word_1_779' title='bbox 2122 4362 2189 4417; x_wconf 86' lang='grc' dir='ltr'>Ει</span> <span class='ocrx_word' id='word_1_780' title='bbox 2216 4363 2428 4432; x_wconf 91' lang='lat' dir='ltr'><strong>capiam</strong></span> <span class='ocrx_word' id='word_1_781' title='bbox 2457 4360 2590 4414; x_wconf 90' lang='lat' dir='ltr'><strong>mihi</strong></span> <span class='ocrx_word' id='word_1_782' title='bbox 2618 4358 2759 4414; x_wconf 90' lang='lat' dir='ltr'><strong>duas</strong></span> <span class='ocrx_word' id='word_1_783' title='bbox 2785 4358 2987 4428; x_wconf 83' lang='lat' dir='ltr'><strong>virgas,</strong></span> <span class='ocrx_word' id='word_1_784' title='bbox 3024 4372 3190 4412; x_wconf 89' lang='lat' dir='ltr'><strong>unam</strong></span> <span class='ocrx_word' id='word_1_785' title='bbox 3215 4355 3406 4410; x_wconf 87' lang='lat' dir='ltr'><strong>vocavi</strong></span> <span class='ocrx_word' id='word_1_786' title='bbox 3444 4356 3568 4423; x_wconf 83' lang='lat' dir='ltr'><strong>put-</strong></span> 
     </span>
    </p>
   </div>
   <div class='ocr_carea' id='block_1_98' title="bbox 1991 4446 3568 4519">
    <p class='ocr_par' dir='ltr' id='par_1_98' title="bbox 1991 4446 3568 4519">
     <span class='ocr_line' id='line_1_98' title="bbox 1991 4446 3568 4519; baseline -0.007 -10"><span class='ocrx_word' id='word_1_787' title='bbox 1991 4455 2399 4519; x_wconf 89' lang='lat' dir='ltr'><strong>chritudinem,</strong></span> <span class='ocrx_word' id='word_1_788' title='bbox 2456 4459 2511 4509; x_wconf 92' lang='lat' dir='ltr'><strong>et</strong></span> <span class='ocrx_word' id='word_1_789' title='bbox 2572 4452 2799 4505; x_wconf 88' lang='lat' dir='ltr'><strong>alteram</strong></span> <span class='ocrx_word' id='word_1_790' title='bbox 2857 4449 3048 4504; x_wconf 84' lang='lat' dir='ltr'><strong>vocavi</strong></span> <span class='ocrx_word' id='word_1_791' title='bbox 3115 4446 3453 4514; x_wconf 80' lang='lat' dir='ltr'><strong>funiculum,</strong></span> <span class='ocrx_word' id='word_1_792' title='bbox 3514 4457 3568 4500; x_wconf 86' lang='lat' dir='ltr'><strong>et</strong></span> 
     </span>
    </p>
   </div>
   <div class='ocr_carea' id='block_1_99' title="bbox 1580 4538 1890 4657">
    <p class='ocr_par' dir='ltr' id='par_1_99' title="bbox 1580 4538 1887 4657">
     <span class='ocr_line' id='line_1_99' title="bbox 1580 4538 1881 4561; baseline 0 0"><span class='ocrx_word' id='word_1_793' title='bbox 1580 4538 1656 4561; x_wconf 70' lang='grc' dir='ltr'><strong>⁷Λ⁷</strong></span> <span class='ocrx_word' id='word_1_794' title='bbox 1668 4538 1680 4542; x_wconf 71' lang='grc'>⁷</span> <span class='ocrx_word' id='word_1_795' title='bbox 1696 4538 1706 4543; x_wconf 76' lang='grc'><strong>⁷</strong></span> <span class='ocrx_word' id='word_1_796' title='bbox 1721 4538 1733 4542; x_wconf 85' lang='grc'><strong><em>“</em></strong></span> <span class='ocrx_word' id='word_1_797' title='bbox 1746 4538 1765 4543; x_wconf 66' lang='grc'>⁷</span> <span class='ocrx_word' id='word_1_798' title='bbox 1777 4538 1850 4561; x_wconf 73' lang='lat' dir='ltr'><strong>r‘“</strong></span> <span class='ocrx_word' id='word_1_799' title='bbox 1867 4538 1881 4556; x_wconf 66' lang='grc' dir='ltr'>ν</span> 
     </span>
     <span class='ocr_line' id='line_1_100' title="bbox 1580 4587 1887 4657; baseline -0.003 -18"><span class='ocrx_word' id='word_1_800' title='bbox 1580 4587 1705 4650; x_wconf 84' lang='grc' dir='ltr'>τοὺς</span> <span class='ocrx_word' id='word_1_801' title='bbox 1738 4588 1887 4657; x_wconf 88' lang='grc' dir='ltr'>τρεῖς</span> 
     </span>
    </p>
   </div>
   <div class='ocr_carea' id='block_1_100' title="bbox 1995 4538 3572 4657">
    <p class='ocr_par' dir='ltr' id='par_1_100' title="bbox 1995 4538 3572 4657">
     <span class='ocr_line' id='line_1_101' title="bbox 1995 4538 3572 4618; baseline -0.008 -16"><span class='ocrx_word' id='word_1_802' title='bbox 1995 4561 2212 4618; x_wconf 89' lang='lat' dir='ltr'><strong>pascam</strong></span> <span class='ocrx_word' id='word_1_803' title='bbox 2265 4561 2396 4601; x_wconf 88' lang='lat' dir='ltr'><strong>oves</strong></span> <span class='ocrx_word' id='word_1_804' title='bbox 2445 4557 2630 4608; x_wconf 90' lang='lat' dir='ltr'><strong>meas,</strong></span> <span class='ocrx_word' id='word_1_805' title='bbox 2688 4549 2742 4596; x_wconf 87' lang='lat' dir='ltr'><strong>et</strong></span> <span class='ocrx_word' id='word_1_806' title='bbox 2794 4540 3041 4596; x_wconf 82' lang='lat' dir='ltr'><strong>auferam</strong></span> <span class='ocrx_word' id='word_1_807' title='bbox 3093 4547 3206 4594; x_wconf 88' lang='lat' dir='ltr'><strong>tres</strong></span> <span class='ocrx_word' id='word_1_808' title='bbox 3238 4538 3572 4609; x_wconf 81' lang='lat' dir='ltr'><strong>pastoresin</strong></span> 
     </span>
     <span class='ocr_line' id='line_1_102' title="bbox 1995 4632 3544 4657; baseline 0 0"><span class='ocrx_word' id='word_1_809' title='bbox 1995 4652 2172 4657; x_wconf 65' lang='lat'><strong>.______-</strong></span> <span class='ocrx_word' id='word_1_810' title='bbox 2208 4651 2312 4657; x_wconf 55' lang='lat'>___-</span> <span class='ocrx_word' id='word_1_811' title='bbox 2395 4642 2438 4657; x_wconf 65' lang='grc' dir='ltr'><strong>Α.</strong></span> <span class='ocrx_word' id='word_1_812' title='bbox 2491 4632 2804 4657; x_wconf 71' lang='grc' dir='ltr'><strong>----...ι.ι...-</strong></span> <span class='ocrx_word' id='word_1_813' title='bbox 2842 4633 3020 4657; x_wconf 56' lang='grc' dir='ltr'><strong>-..Ξκιη</strong></span> <span class='ocrx_word' id='word_1_814' title='bbox 3067 4646 3184 4657; x_wconf 47' lang='lat' dir='ltr'><strong>ﬂ-..</strong></span> <span class='ocrx_word' id='word_1_815' title='bbox 3235 4645 3401 4657; x_wconf 68' lang='grc' dir='ltr'><strong>..ι-συν.-</strong></span> <span class='ocrx_word' id='word_1_816' title='bbox 3453 4643 3544 4657; x_wconf 71' lang='grc' dir='ltr'><strong>ΔΛ-</strong></span> 
     </span>
    </p>
   </div>
   <div class='ocr_carea' id='block_1_101' title="bbox 1989 4632 3566 4704">
    <p class='ocr_par' dir='ltr' id='par_1_101' title="bbox 1989 4632 3566 4704">
     <span class='ocr_line' id='line_1_103' title="bbox 1989 4632 3566 4704; baseline -0.008 -11"><span class='ocrx_word' id='word_1_817' title='bbox 1989 4652 2178 4693; x_wconf 89' lang='lat' dir='ltr'><strong>mense</strong></span> <span class='ocrx_word' id='word_1_818' title='bbox 2208 4651 2352 4701; x_wconf 92' lang='lat' dir='ltr'><strong>uno,</strong></span> <span class='ocrx_word' id='word_1_819' title='bbox 2390 4642 2444 4690; x_wconf 90' lang='lat' dir='ltr'><strong>et</strong></span> <span class='ocrx_word' id='word_1_820' title='bbox 2489 4632 2804 4704; x_wconf 75' lang='lat' dir='ltr'><strong>gravabitur</strong></span> <span class='ocrx_word' id='word_1_821' title='bbox 2841 4633 3022 4686; x_wconf 89' lang='lat' dir='ltr'><strong>anima</strong></span> <span class='ocrx_word' id='word_1_822' title='bbox 3067 4646 3187 4686; x_wconf 90' lang='lat' dir='ltr'><strong>mea</strong></span> <span class='ocrx_word' id='word_1_823' title='bbox 3235 4645 3401 4700; x_wconf 89' lang='lat' dir='ltr'><strong>super</strong></span> <span class='ocrx_word' id='word_1_824' title='bbox 3452 4643 3566 4684; x_wconf 83' lang='lat' dir='ltr'><strong>eos.</strong></span> 
     </span>
    </p>
   </div>
   <div class='ocr_carea' id='block_1_102' title="bbox 1990 4724 3569 4802">
    <p class='ocr_par' dir='ltr' id='par_1_102' title="bbox 1990 4724 3569 4802">
     <span class='ocr_line' id='line_1_104' title="bbox 1990 4724 3569 4802; baseline -0.006 -20"><span class='ocrx_word' id='word_1_825' title='bbox 1990 4729 2156 4802; x_wconf 65' lang='grc'><strong>479</strong></span> <span class='ocrx_word' id='word_1_826' title='bbox 2180 4727 2393 4783; x_wconf 87' lang='lat' dir='ltr'><strong>Etenim</strong></span> <span class='ocrx_word' id='word_1_827' title='bbox 2429 4727 2624 4780; x_wconf 64' lang='lat' dir='ltr'><strong>animae</strong></span> <span class='ocrx_word' id='word_1_828' title='bbox 2645 4739 2836 4780; x_wconf 90' lang='lat' dir='ltr'><strong>eorum</strong></span> <span class='ocrx_word' id='word_1_829' title='bbox 2871 4724 3156 4794; x_wconf 87' lang='lat' dir='ltr'><strong>rugierunt</strong></span> <span class='ocrx_word' id='word_1_830' title='bbox 3181 4737 3346 4792; x_wconf 86' lang='lat' dir='ltr'><strong>super</strong></span> <span class='ocrx_word' id='word_1_831' title='bbox 3366 4735 3451 4774; x_wconf 90' lang='lat' dir='ltr'><strong>me</strong></span> <span class='ocrx_word' id='word_1_832' title='bbox 3469 4758 3485 4782; x_wconf 88' lang='lat'><strong>,</strong></span> <span class='ocrx_word' id='word_1_833' title='bbox 3513 4729 3569 4774; x_wconf 89' lang='lat' dir='ltr'><strong>et</strong></span> 
     </span>
    </p>
   </div>
   <div class='ocr_carea' id='block_1_103' title="bbox 1991 4814 3570 4890">
    <p class='ocr_par' dir='ltr' id='par_1_103' title="bbox 1991 4814 3570 4890">
     <span class='ocr_line' id='line_1_105' title="bbox 1991 4814 3570 4890; baseline -0.009 -12"><span class='ocrx_word' id='word_1_834' title='bbox 1991 4824 2127 4885; x_wconf 83' lang='lat' dir='ltr'><strong>dixi,</strong></span> <span class='ocrx_word' id='word_1_835' title='bbox 2158 4820 2276 4876; x_wconf 86' lang='lat' dir='ltr'><strong>Non</strong></span> <span class='ocrx_word' id='word_1_836' title='bbox 2305 4835 2524 4890; x_wconf 90' lang='lat' dir='ltr'><strong>pascam</strong></span> <span class='ocrx_word' id='word_1_837' title='bbox 2548 4835 2683 4885; x_wconf 84' lang='lat' dir='ltr'><strong>vos;</strong></span> <span class='ocrx_word' id='word_1_838' title='bbox 2717 4817 2864 4888; x_wconf 92' lang='lat' dir='ltr'><strong>quod</strong></span> <span class='ocrx_word' id='word_1_839' title='bbox 2899 4818 3150 4876; x_wconf 90' lang='lat' dir='ltr'><strong>moritur,</strong></span> <span class='ocrx_word' id='word_1_840' title='bbox 3179 4814 3475 4874; x_wconf 87' lang='lat' dir='ltr'><strong>moriatur,</strong></span> <span class='ocrx_word' id='word_1_841' title='bbox 3513 4819 3570 4864; x_wconf 86' lang='lat' dir='ltr'><strong>et</strong></span> 
     </span>
    </p>
   </div>
   <div class='ocr_carea' id='block_1_104' title="bbox 1991 4905 3565 4986">
    <p class='ocr_par' dir='ltr' id='par_1_104' title="bbox 1991 4905 3565 4986">
     <span class='ocr_line' id='line_1_106' title="bbox 1991 4905 3565 4986; baseline -0.008 -17"><span class='ocrx_word' id='word_1_842' title='bbox 1991 4913 2138 4986; x_wconf 90' lang='lat' dir='ltr'><strong>quod</strong></span> <span class='ocrx_word' id='word_1_843' title='bbox 2159 4913 2359 4978; x_wconf 82' lang='lat' dir='ltr'><strong>deﬁcit,</strong></span> <span class='ocrx_word' id='word_1_844' title='bbox 2387 4911 2603 4967; x_wconf 83' lang='lat' dir='ltr'><strong>deficiat</strong></span> <span class='ocrx_word' id='word_1_845' title='bbox 2630 4931 2642 4965; x_wconf 91' lang='lat'><strong>:</strong></span> <span class='ocrx_word' id='word_1_846' title='bbox 2675 4919 2729 4964; x_wconf 89' lang='lat' dir='ltr'><strong>et</strong></span> <span class='ocrx_word' id='word_1_847' title='bbox 2751 4924 2872 4980; x_wconf 68' lang='lat' dir='ltr'><strong>quae</strong></span> <span class='ocrx_word' id='word_1_848' title='bbox 2896 4907 3104 4977; x_wconf 81' lang='lat' dir='ltr'><strong>reliqua</strong></span> <span class='ocrx_word' id='word_1_849' title='bbox 3136 4913 3266 4960; x_wconf 91' lang='lat' dir='ltr'><strong>sunt</strong></span> <span class='ocrx_word' id='word_1_850' title='bbox 3285 4905 3565 4961; x_wconf 85' lang='lat' dir='ltr'><strong>devorent.</strong></span> 
     </span>
    </p>
   </div>
   <div class='ocr_carea' id='block_1_105' title="bbox 1993 4995 3571 5076">
    <p class='ocr_par' dir='ltr' id='par_1_105' title="bbox 1993 4995 3571 5076">
     <span class='ocr_line' id='line_1_107' title="bbox 1993 4995 3571 5076; baseline -0.009 -15"><span class='ocrx_word' id='word_1_851' title='bbox 1993 5007 2371 5076; x_wconf 92' lang='lat' dir='ltr'><strong>unusquisque</strong></span> <span class='ocrx_word' id='word_1_852' title='bbox 2392 5019 2586 5059; x_wconf 90' lang='lat' dir='ltr'><strong>carnes</strong></span> <span class='ocrx_word' id='word_1_853' title='bbox 2616 5003 2851 5074; x_wconf 82' lang='lat' dir='ltr'><strong>proximi</strong></span> <span class='ocrx_word' id='word_1_854' title='bbox 2893 5001 3000 5064; x_wconf 89' lang='lat' dir='ltr'><strong>sui,</strong></span> <span class='ocrx_word' id='word_1_855' title='bbox 3031 5007 3086 5054; x_wconf 90' lang='lat' dir='ltr'><strong>et</strong></span> <span class='ocrx_word' id='word_1_856' title='bbox 3117 4997 3328 5067; x_wconf 90' lang='lat' dir='ltr'><strong>capiam</strong></span> <span class='ocrx_word' id='word_1_857' title='bbox 3361 4995 3571 5065; x_wconf 87' lang='lat' dir='ltr'><strong>virgam</strong></span> 
     </span>
    </p>
   </div>
   <div class='ocr_carea' id='block_1_106' title="bbox 1993 5083 3569 5168">
    <p class='ocr_par' dir='ltr' id='par_1_106' title="bbox 1993 5083 3569 5168">
     <span class='ocr_line' id='line_1_108' title="bbox 1993 5083 3569 5168; baseline -0.01 -16"><span class='ocrx_word' id='word_1_858' title='bbox 1993 5098 2301 5168; x_wconf 86' lang='lat' dir='ltr'><strong>pulchram,</strong></span> <span class='ocrx_word' id='word_1_859' title='bbox 2329 5103 2384 5151; x_wconf 89' lang='lat' dir='ltr'><strong>et</strong></span> <span class='ocrx_word' id='word_1_860' title='bbox 2411 5095 2667 5166; x_wconf 89' lang='lat' dir='ltr'><strong>abjiciam</strong></span> <span class='ocrx_word' id='word_1_861' title='bbox 2698 5108 2842 5157; x_wconf 88' lang='lat' dir='ltr'><strong>eam,</strong></span> <span class='ocrx_word' id='word_1_862' title='bbox 2873 5091 2941 5145; x_wconf 88' lang='lat' dir='ltr'><strong>ad</strong></span> <span class='ocrx_word' id='word_1_863' title='bbox 2963 5085 3344 5158; x_wconf 88' lang='lat' dir='ltr'><strong>dissipandum</strong></span> <span class='ocrx_word' id='word_1_864' title='bbox 3376 5083 3569 5138; x_wconf 87' lang='lat' dir='ltr'><strong>Testa-</strong></span> 
     </span>
    </p>
   </div>
   <div class='ocr_carea' id='block_1_107' title="bbox 1996 5175 3570 5258">
    <p class='ocr_par' dir='ltr' id='par_1_107' title="bbox 1996 5175 3570 5258">
     <span class='ocr_line' id='line_1_109' title="bbox 1996 5175 3570 5258; baseline -0.006 -14"><span class='ocrx_word' id='word_1_865' title='bbox 1996 5198 2238 5245; x_wconf 89' lang='lat' dir='ltr'><strong>mentum</strong></span> <span class='ocrx_word' id='word_1_866' title='bbox 2272 5204 2451 5243; x_wconf 92' lang='lat' dir='ltr'><strong>meum</strong></span> <span class='ocrx_word' id='word_1_867' title='bbox 2473 5227 2488 5252; x_wconf 97' lang='lat'><strong>,</strong></span> <span class='ocrx_word' id='word_1_868' title='bbox 2538 5187 2683 5258; x_wconf 91' lang='lat' dir='ltr'><strong>quod</strong></span> <span class='ocrx_word' id='word_1_869' title='bbox 2711 5185 2954 5255; x_wconf 90' lang='lat' dir='ltr'><strong>disposui</strong></span> <span class='ocrx_word' id='word_1_870' title='bbox 2990 5182 3057 5236; x_wconf 89' lang='lat' dir='ltr'><strong>ad</strong></span> <span class='ocrx_word' id='word_1_871' title='bbox 3083 5195 3273 5237; x_wconf 89' lang='lat' dir='ltr'><strong>omnes</strong></span> <span class='ocrx_word' id='word_1_872' title='bbox 3304 5175 3532 5250; x_wconf 83' lang='lat' dir='ltr'><strong>pepulos</strong></span> <span class='ocrx_word' id='word_1_873' title='bbox 3553 5216 3570 5235; x_wconf 65' lang='grc' dir='ltr'><strong><em>ν</em></strong></span> 
     </span>
    </p>
   </div>
   <div class='ocr_carea' id='block_1_108' title="bbox 1996 5268 3575 5352">
    <p class='ocr_par' dir='ltr' id='par_1_108' title="bbox 1996 5268 3575 5352">
     <span class='ocr_line' id='line_1_110' title="bbox 1996 5268 3575 5352; baseline -0.011 -15"><span class='ocrx_word' id='word_1_874' title='bbox 1996 5290 2051 5337; x_wconf 89' lang='lat' dir='ltr'><strong>et</strong></span> <span class='ocrx_word' id='word_1_875' title='bbox 2083 5282 2439 5352; x_wconf 82' lang='lat' dir='ltr'><strong>dissipabitur</strong></span> <span class='ocrx_word' id='word_1_876' title='bbox 2470 5280 2525 5334; x_wconf 94' lang='lat' dir='ltr'><strong>in</strong></span> <span class='ocrx_word' id='word_1_877' title='bbox 2559 5280 2647 5334; x_wconf 89' lang='lat' dir='ltr'><strong>die</strong></span> <span class='ocrx_word' id='word_1_878' title='bbox 2675 5278 2797 5340; x_wconf 90' lang='lat' dir='ltr'><strong>illa,</strong></span> <span class='ocrx_word' id='word_1_879' title='bbox 2843 5284 2899 5332; x_wconf 88' lang='lat' dir='ltr'><strong>et</strong></span> <span class='ocrx_word' id='word_1_880' title='bbox 2924 5280 3256 5345; x_wconf 85' lang='lat' dir='ltr'><strong>cognoscent</strong></span> <span class='ocrx_word' id='word_1_881' title='bbox 3277 5268 3575 5326; x_wconf 79' lang='lat' dir='ltr'><strong>Cbanana:i</strong></span> 
     </span>
    </p>
   </div>
   <div class='ocr_carea' id='block_1_109' title="bbox 1999 5361 3572 5447">
    <p class='ocr_par' dir='ltr' id='par_1_109' title="bbox 1999 5361 3572 5447">
     <span class='ocr_line' id='line_1_111' title="bbox 1999 5361 3572 5447; baseline -0.01 -17"><span class='ocrx_word' id='word_1_882' title='bbox 1999 5391 2128 5431; x_wconf 87' lang='lat' dir='ltr'><strong>oves</strong></span> <span class='ocrx_word' id='word_1_883' title='bbox 2151 5391 2272 5447; x_wconf 68' lang='lat' dir='ltr'><strong>qua:</strong></span> <span class='ocrx_word' id='word_1_884' title='bbox 2294 5373 2682 5430; x_wconf 90' lang='lat' dir='ltr'><strong>custodiuntur</strong></span> <span class='ocrx_word' id='word_1_885' title='bbox 2713 5371 2879 5432; x_wconf 90' lang='lat' dir='ltr'><strong>mihi,</strong></span> <span class='ocrx_word' id='word_1_886' title='bbox 2911 5368 3055 5438; x_wconf 90' lang='lat' dir='ltr'><strong>quod</strong></span> <span class='ocrx_word' id='word_1_887' title='bbox 3087 5365 3328 5422; x_wconf 80' lang='lat' dir='ltr'><strong>Verbum</strong></span> <span class='ocrx_word' id='word_1_888' title='bbox 3358 5361 3572 5418; x_wconf 85' lang='lat' dir='ltr'><strong>Domini</strong></span> 
     </span>
    </p>
   </div>
   <div class='ocr_carea' id='block_1_110' title="bbox 1998 5458 3573 5531">
    <p class='ocr_par' dir='ltr' id='par_1_110' title="bbox 1998 5458 3573 5531">
     <span class='ocr_line' id='line_1_112' title="bbox 1998 5458 3573 5531; baseline -0.011 -8"><span class='ocrx_word' id='word_1_889' title='bbox 1998 5474 2104 5531; x_wconf 88' lang='lat' dir='ltr'><strong>est,</strong></span> <span class='ocrx_word' id='word_1_890' title='bbox 2135 5473 2189 5522; x_wconf 91' lang='lat' dir='ltr'><strong>et</strong></span> <span class='ocrx_word' id='word_1_891' title='bbox 2216 5465 2396 5522; x_wconf 89' lang='lat' dir='ltr'><strong>dicam</strong></span> <span class='ocrx_word' id='word_1_892' title='bbox 2430 5464 2498 5520; x_wconf 88' lang='lat' dir='ltr'><strong>ad</strong></span> <span class='ocrx_word' id='word_1_893' title='bbox 2520 5479 2616 5519; x_wconf 92' lang='lat' dir='ltr'><strong>eos</strong></span> <span class='ocrx_word' id='word_1_894' title='bbox 2643 5483 2656 5517; x_wconf 89' lang='lat'><strong>:</strong></span> <span class='ocrx_word' id='word_1_895' title='bbox 2693 5461 2751 5516; x_wconf 91' lang='lat' dir='ltr'><strong>Si</strong></span> <span class='ocrx_word' id='word_1_896' title='bbox 2773 5463 3064 5517; x_wconf 88' lang='lat' dir='ltr'><strong>honestum</strong></span> <span class='ocrx_word' id='word_1_897' title='bbox 3084 5458 3237 5514; x_wconf 91' lang='lat' dir='ltr'><strong>estin</strong></span> <span class='ocrx_word' id='word_1_898' title='bbox 3272 5460 3573 5524; x_wconf 87' lang='lat' dir='ltr'><strong>conspectu</strong></span> 
     </span>
    </p>
   </div>
   <div class='ocr_carea' id='block_1_111' title="bbox 1997 5550 3574 5626">
    <p class='ocr_par' dir='ltr' id='par_1_111' title="bbox 1997 5550 3574 5626">
     <span class='ocr_line' id='line_1_113' title="bbox 1997 5550 3574 5626; baseline -0.01 -11"><span class='ocrx_word' id='word_1_899' title='bbox 1997 5569 2200 5626; x_wconf 84' lang='lat' dir='ltr'><strong>vestro,</strong></span> <span class='ocrx_word' id='word_1_900' title='bbox 2235 5561 2359 5615; x_wconf 91' lang='lat' dir='ltr'><strong>date</strong></span> <span class='ocrx_word' id='word_1_901' title='bbox 2382 5558 2688 5614; x_wconf 83' lang='lat' dir='ltr'><strong>mercedem</strong></span> <span class='ocrx_word' id='word_1_902' title='bbox 2711 5570 2887 5610; x_wconf 90' lang='lat' dir='ltr'><strong>meam</strong></span> <span class='ocrx_word' id='word_1_903' title='bbox 2911 5593 2926 5617; x_wconf 93' lang='lat'><strong>,</strong></span> <span class='ocrx_word' id='word_1_904' title='bbox 2957 5561 3052 5606; x_wconf 89' lang='lat' dir='ltr'><strong>aut</strong></span> <span class='ocrx_word' id='word_1_905' title='bbox 3093 5550 3330 5613; x_wconf 79' lang='lat' dir='ltr'><strong>rcnuite,</strong></span> <span class='ocrx_word' id='word_1_906' title='bbox 3363 5554 3417 5603; x_wconf 89' lang='lat' dir='ltr'><strong>et</strong></span> <span class='ocrx_word' id='word_1_907' title='bbox 3440 5562 3574 5602; x_wconf 90' lang='lat' dir='ltr'><strong>con-</strong></span> 
     </span>
    </p>
   </div>
   <div class='ocr_carea' id='block_1_112' title="bbox 1997 5640 3575 5711">
    <p class='ocr_par' dir='ltr' id='par_1_112' title="bbox 1997 5640 3575 5711">
     <span class='ocr_line' id='line_1_114' title="bbox 1997 5640 3575 5711; baseline -0.015 -3"><span class='ocrx_word' id='word_1_908' title='bbox 1997 5651 2290 5708; x_wconf 87' lang='lat' dir='ltr'><strong>stituerunt</strong></span> <span class='ocrx_word' id='word_1_909' title='bbox 2319 5645 2628 5704; x_wconf 89' lang='lat' dir='ltr'><strong>mercedem</strong></span> <span class='ocrx_word' id='word_1_910' title='bbox 2670 5657 2866 5710; x_wconf 88' lang='lat' dir='ltr'><strong>meam,</strong></span> <span class='ocrx_word' id='word_1_911' title='bbox 2893 5640 3113 5711; x_wconf 89' lang='lat' dir='ltr'><strong>triginta</strong></span> <span class='ocrx_word' id='word_1_912' title='bbox 3150 5643 3476 5708; x_wconf 63' lang='lat' dir='ltr'><strong>argenteos,</strong></span> <span class='ocrx_word' id='word_1_913' title='bbox 3518 5641 3575 5686; x_wconf 82' lang='lat' dir='ltr'><strong>et</strong></span> 
     </span>
    </p>
   </div>
   <div class='ocr_carea' id='block_1_113' title="bbox 390 5795 1890 5879">
    <p class='ocr_par' dir='ltr' id='par_1_113' title="bbox 390 5808 1890 5879">
     <span class='ocr_line' id='line_1_115' title="bbox 390 5808 1890 5879; baseline -0.001 -15"><span class='ocrx_word' id='word_1_914' title='bbox 390 5811 434 5843; x_wconf 84' lang='grc'><strong>⁶⁹</strong></span> <span class='ocrx_word' id='word_1_915' title='bbox 472 5808 645 5865; x_wconf 80' lang='lat' dir='ltr'><strong>Paim.</strong></span> <span class='ocrx_word' id='word_1_916' title='bbox 678 5824 831 5874; x_wconf 84' lang='lat' dir='ltr'><strong>cvm,</strong></span> <span class='ocrx_word' id='word_1_917' title='bbox 869 5808 962 5879; x_wconf 75' lang='lat'><strong>2!,</strong></span> <span class='ocrx_word' id='word_1_918' title='bbox 995 5808 1082 5865; x_wconf 73' lang='grc'><strong>22.</strong></span> <span class='ocrx_word' id='word_1_919' title='bbox 1159 5811 1204 5843; x_wconf 77' lang='grc' dir='ltr'><strong>⁷ο</strong></span> <span class='ocrx_word' id='word_1_920' title='bbox 1244 5809 1374 5865; x_wconf 89' lang='lat' dir='ltr'><strong>ibid.</strong></span> <span class='ocrx_word' id='word_1_921' title='bbox 1411 5809 1497 5873; x_wconf 63' lang='grc' dir='ltr'><strong>ΞΑ,</strong></span> <span class='ocrx_word' id='word_1_922' title='bbox 1533 5809 1621 5865; x_wconf 73' lang='lat'><strong>25.</strong></span> <span class='ocrx_word' id='word_1_923' title='bbox 1699 5812 1739 5844; x_wconf 84' lang='grc'><strong>⁷¹</strong></span> <span class='ocrx_word' id='word_1_924' title='bbox 1787 5808 1890 5867; x_wconf 76' lang='lat' dir='ltr'><strong>Mal</strong></span> 
     </span>
    </p>
   </div>
   <div class='ocr_carea' id='block_1_114' title="bbox 1995 5795 3184 5879">
    <p class='ocr_par' dir='ltr' id='par_1_114' title="bbox 2019 5795 3184 5874">
     <span class='ocr_line' id='line_1_116' title="bbox 2019 5795 3184 5874; baseline -0.015 -9"><span class='ocrx_word' id='word_1_925' title='bbox 2019 5826 2196 5874; x_wconf 75' lang='lat' dir='ltr'><strong>xxvn,</strong></span> <span class='ocrx_word' id='word_1_926' title='bbox 2235 5809 2322 5873; x_wconf 78' lang='grc' dir='ltr'>Η,</span> <span class='ocrx_word' id='word_1_927' title='bbox 2366 5809 2453 5862; x_wconf 73' lang='grc'><strong>42.</strong></span> <span class='ocrx_word' id='word_1_928' title='bbox 2531 5807 2575 5837; x_wconf 72' lang='grc' dir='ltr'><strong>τ’</strong></span> <span class='ocrx_word' id='word_1_929' title='bbox 2618 5802 2760 5857; x_wconf 85' lang='lat' dir='ltr'><strong>Psal.</strong></span> <span class='ocrx_word' id='word_1_930' title='bbox 2794 5815 2959 5864; x_wconf 86' lang='lat' dir='ltr'><strong>cvm,</strong></span> <span class='ocrx_word' id='word_1_931' title='bbox 2993 5795 3184 5851; x_wconf 66' lang='grc' dir='ltr'><strong>(ΞΒ-ὅί.</strong></span> 
     </span>
    </p>
   </div>
  </div>
