4112 6446
526 344 633 403 745

524 566 713 631 specta
734 572 864 613 num
888 555 1247 627 approbatum
1290 555 1381 621 sit,
1422 554 1882 626 quemadmodum
1910 558 2110 629 proba-

517 662 615 709 «tus
646 665 767 708 sum
801 664 901 721 pro
929 649 1040 706 illis
1065 689 1081 712 ,
1129 656 1183 704 et
1216 649 1401 720 accepi
1434 648 1662 720 triginta
1696 659 1986 721 argenteos
2009 691 2024 714 ,
2058 660 2111 706 et

518 746 728 819 proieci
759 761 854 801 eos
892 744 948 799 in
982 744 1147 799 domo
1178 741 1394 798 Domini
1424 742 1478 797 in
1528 741 1831 807 fornacem,
1855 750 1910 799 et
1935 743 2109 813 abjeci

516 842 729 909 virgam
761 839 1008 901 alteram,
1052 850 1175 906 quae
1223 835 1425 890 dicitur
1462 834 1771 901 funiculus,
1824 835 1893 889 ad
1944 836 2110 891 dissi-

517 932 762 1003 pandum
790 930 1200 987 Testamentum
1264 929 1407 984 inter
1456 927 1653 983 Judam
1693 937 1747 985 et
1790 926 2047 985 lsrael".
2082 950 2102 985 ι

524 1024 651 1081 Haec
680 1025 848 1094 igitur
878 1038 1037 1079 suum
1095 1022 1255 1077 finem
1303 1028 1600 1077 consecuta
1637 1032 1785 1085 sunt,
1824 1035 1934 1092 quo
1963 1028 2103 1077 tem-

521 1132 677 1187 pore,
702 1123 762 1170 ut
797 1123 881 1170 est
909 1112 1052 1184 apud
1083 1111 1286 1167 Lucam
1309 1152 1323 1176 ,
1383 1131 1402 1163 ι
1441 1111 1632 1167 abiens
1666 1110 1834 1168 ludas
1890 1112 2105 1167 loeutus

519 1220 606 1264 est
645 1224 767 1264 cum
800 1205 1141 1277 principibus
1189 1204 1535 1283 sacerdotum
1570 1212 1624 1259 et
1658 1204 1878 1267 scribis,
1911 1212 1966 1260 et
1998 1205 2103 1260 du—

521 1301 677 1355 cibus
703 1298 909 1369 templi,
936 1296 1212 1366 quomodo
1245 1295 1397 1348 illum
1428 1296 1508 1350 eis
1536 1293 1810 1360 traderet;
1849 1305 1903 1350 et
1932 1296 2101 1366 gavisi

521 1397 670 1451 sunt,
706 1397 760 1442 et
796 1387 938 1457 pacti
974 1392 1105 1439 sunt
1134 1393 1422 1455 argentum
1457 1384 1535 1438 illi
1563 1385 1697 1440 dare
1725 1385 1791 1440 7‘.
1827 1405 1846 1438 ι
1876 1383 1947 1440 Ut
1971 1400 2105 1441 vero

519 1480 663 1551 apud
695 1479 933 1532 Marcum
965 1478 1226 1549 legimus,
1277 1491 1402 1530 eum
1452 1476 1587 1531 abiit
1630 1494 1649 1527 ι
1708 1476 1774 1531 ad
1825 1478 2102 1548 principes

519 1568 869 1625 sacerdotum
894 1606 910 1631 ,
962 1574 1020 1621 ut
1062 1566 1215 1620 illum
1271 1564 1559 1636 proderet;
1616 1563 1694 1618 illi
1727 1574 1907 1621 autem
1934 1568 2102 1636 gavisi

519 1670 682 1724 sunt,
725 1668 779 1715 et
810 1659 1182 1730 promiserunt
1234 1657 1283 1712 ei
1333 1672 1393 1713 se
1453 1665 1739 1727 argentum
1788 1657 2036 1714 daturos.
2077 1679 2097 1712 ι

518 1752 723 1809 Verum
770 1751 914 1824 apud
983 1751 1084 1807 hos
1138 1750 1360 1820 quidem
1416 1758 1704 1822 argentum
1777 1749 2103 1820 simpliciter

1185 341 1455 400 EUSEBII
1493 340 1976 399 CAESARIENSIS
2013 343 2164 400 OPP.
2208 344 2392 404 PARS
2432 347 2496 405 ll.
2538 380 2609 390 —
2646 344 3150 404 APOLOGETICA.

523 465 666 524 dixit
700 462 965 519 Dominus
997 462 1065 517 ad
1097 476 1205 527 me,
1238 460 1460 517 Dimitte
1498 477 1593 519 eos
1623 463 1679 516 in
1709 461 1987 519 fornacem
2008 503 2025 530 ,
2056 472 2110 520 et
2138 500 2185 558 Δ

3691 331 3792 386 ἹΗ

2213 468 2368 540 ὑμῶν
2399 471 2515 523 ἐστι
2537 509 2550 534 ,
2583 469 2701 524 δότε
2732 469 2825 523 τὸν
2860 466 3051 540 μισθόν
3083 482 3207 538 μου,
3240 463 3276 536 ἦ
3311 460 3640 519 ἀπείπασθε.
3683 462 3800 518 Kal

2213 559 2447 631 ἔστησαν
2485 560 2577 614 τὸν
2626 558 2816 632 μισθόν
2867 576 2968 630 μου
3014 557 3310 630 τριάκοντα
3342 552 3639 626 ἀργυροῦς.
3682 552 3800 606 Kal

2209 650 2329 707 εἷπε
2373 652 2576 726 Κύριος
2621 654 2758 726 πρὸς
2808 653 2905 724 μέ·
2943 651 3124 715 Κάθες
3155 651 3352 714 αὐτοὺς
3389 651 3470 713 είς
3498 647 3559 702 τὸ
3590 662 3800 721 χωνευ-

2206 746 2413 818 τήριον.
2479 744 2587 798 Kal
2636 744 2832 814 σκέψαι
2872 744 2921 796 εί
2965 743 3187 813 δόκιμόν
3240 744 3425 807 ἐστιν,
3475 741 3536 795 δν
3592 740 3799 812 τρόπον

2207 838 2570 911 ἐδοκιμάσθην
2626 837 2768 909 ὑπὲρ
2821 837 3023 893 αὐτῶν.
3069 835 3177 891 Kal
3229 833 3422 889 ἐλαὸον
3471 835 3598 897 τοὺς
3646 832 3801 906 τριά-

2206 948 2370 984 κοντα
2402 930 2677 1003 ἀργυροῦς
2698 970 2714 994 ,
2749 931 2843 985 καί¹
2880 929 3130 983 ἐνέϐαλον
3157 928 3357 992 αὐτοὺς
3400 929 3481 990 είς
3511 925 3603 979 τὸν
3642 919 3798 981 οἷκον

2204 1022 2412 1094 Κυρίου
2443 1023 2524 1087 είς
2555 1021 2617 1075 τὸ
2645 1022 3024 1093 χωνευτήριον,
3060 1020 3156 1074 καὶ
3176 1016 3458 1091 ἀπέρριψα
3479 1016 3576 1089 τὴν
3598 1016 3796 1088 ῥάὸῶν

2204 1117 2302 1189 τὴν
2331 1116 2591 1188 δευτέραν
2621 1116 2682 1170 τὸ
2705 1116 3011 1186 σχοίνισμα,
3045 1112 3141 1167 τοῦ
3169 1110 3518 1166 διασκεδάσαι
3547 1109 3644 1181 τὴν
3668 1111 3796 1162 Δια-

2206 1209 2377 1282 θήκην
2410 1208 2514 1263 ἀνά
2548 1209 2710 1282 μέσον
2724 1208 2893 1262 Ἰούδα
2926 1208 3021 1263 καὶ
3048 1206 3152 1261 ἀνά
3188 1206 3350 1278 μέσον
3378 1203 3647 1277 Ἰσραήλ.)
3681 1203 3794 1257 Kal

2203 1298 2376 1353 ταῦτα
2401 1298 2587 1361 τέλους
2620 1299 3036 1369 ὲτύγχανεν,ὅτε
3058 1338 3073 1362 ,
3096 1296 3240 1351 κατά
3281 1295 3379 1367 μὲν
3410 1294 3503 1347 τὸν
3539 1294 3756 1347 Λουκᾶν
3774 1316 3815 1357 ,ι

2211 1391 2495 1446 «ἀπελθὼν
2535 1395 2565 1446 6
2614 1392 2815 1457 Ἰούδας
2852 1389 3127 1446 συνελάλει
3181 1392 3293 1452 τοῖς
3341 1384 3655 1467 ἀρχιερεῦσι
3694 1385 3793 1438 καὶ

2205 1486 2529 1555 στρατηγοῖς
2559 1483 2652 1538 τοῦ
2705 1482 2875 1554 ἱεροῦ,
2918 1482 3067 1545 ὅπως
3099 1479 3261 1534 αὐτὸν
3308 1477 3536 1551 παραδῷ
3567 1477 3750 1539 αὐτοῖς
3772 1491 3788 1504 ·

2204 1576 2297 1629 καὶ
2325 1576 2621 1647 ἐχάρησαν,
2660 1578 2753 1630 καί
2775 1575 3057 1630 συνέθεντο
3083 1572 3235 1645 αὑτῷ
3266 1571 3507 1645 ἀργύρια
3533 1568 3735 1623 δοῦναι.
3764 1588 3785 1621 ι

2202 1668 2360 1723 Κατὰ
2386 1668 2441 1722 δὲ
2462 1670 2553 1724 τὸν
2581 1669 2826 1742 Μάρκον,
2842 1668 3076 1741 ὁπηνίκα
3104 1667 3341 1738 ιάπῆλθε
3373 1664 3510 1737 πρὸς
3537 1664 3666 1726 τοὺς
3690 1663 3793 1735 ἀρ-

2202 1764 2422 1834 χιερεῖς,
2445 1762 2530 1815 ἴνα
2563 1761 2789 1833 παραδῷ
2818 1757 2997 1815 αὐτόν.
3023 1761 3087 1815 Οἱ
3105 1760 3162 1812 δὲ
3183 1759 3480 1830 ἐχάρησαν,
3508 1748 3604 1810 καὶ
3622 1760 3791 1822 ἐπεγ-

514 1846 860 1902 nominatum
911 1849 1016 1898 est.
1051 1842 1207 1913 Apud
1249 1841 1558 1898 Mattbaeum
1589 1850 1771 1898 autem
1839 1859 2097 1901 numerus

2207 1851 2455 1920 γείλαντο
2498 1852 2646 1924 αὐτῷ
2689 1851 2928 1924 ἀργύρια
2980 1850 3185 1905 δοῦναι.
3233 1869 3251 1902 ι
3292 1848 3429 1902 Ἀλλ’
3476 1848 3534 1900 ὲν
3579 1845 3813 1907 τούτοις·

518 1954 738 2009 quoque
766 1936 1062 2000 indicatur,
1096 1936 1189 2006 qui
1224 1938 1357 1991 sane
1384 1935 1455 1990 ab
1484 1952 1549 1992 eo
1584 1952 1745 2007 quem
1781 1937 1965 2007 posuit
1993 1935 2098 1991 Za-

517 2032 736 2087 charias
760 2031 986 2085 minime
1018 2030 1314 2098 discrepat.
1365 2027 1507 2083 Dicit
1556 2029 1722 2100 igitur
1769 2028 2096 2085 Matthazus:

522 2145 541 2177 ‹
575 2125 729 2179 Tunc
761 2125 951 2179 abiens
982 2139 1125 2178 unus
1158 2123 1226 2178 de
1244 2122 1554 2184 duodecim,
1579 2122 1672 2192 qui
1699 2122 1905 2176 dicitur
1932 2120 2102 2177 Judas

515 2219 827 2281 lscariotes,
847 2217 913 2271 ad
943 2217 1221 2287 principes
1246 2214 1619 2279 sacerdotum,
1638 2215 1776 2268 dixit
1806 2216 1887 2270 eis
1913 2234 1927 2270 :
1958 2214 2100 2282 Quid

514 2314 680 2368 vultis
713 2311 845 2365 mihi
871 2308 1025 2372 dare,
1053 2318 1107 2364 et
1138 2324 1238 2377 ego
1261 2322 1387 2361 eum
1413 2308 1570 2362 vobis
1600 2307 1861 2362 tradam?
1885 2308 1963 2361 illi
1997 2323 2099 2362 au~

514 2414 621 2460 tem
651 2404 1059 2459 constituerunt
1099 2402 1147 2456 ei
1178 2400 1403 2471 triginta
1433 2408 1669 2454 stateres
1699 2400 1769 2455 ".
1800 2418 1819 2452 ›
1853 2398 2102 2456 Consen-

511 2506 672 2552 tanea
695 2496 859 2567 igitur
888 2495 1000 2549 hazc
1029 2502 1157 2549 sunt
1193 2494 1242 2547 ei
1276 2493 1419 2563 quod
1465 2492 1519 2547 in
1552 2493 1839 2562 prophetia
1892 2492 2098 2548 dictum

511 2597 597 2644 est
619 2604 647 2641 ιι
684 2588 952 2643 Domino:
992 2605 1011 2637 ι
1048 2585 1114 2638 Ει
1139 2585 1546 2639 constituerunt
1577 2584 1885 2640 mercedem
1918 2601 2095 2640 meam

514 2681 738 2752 triginta
789 2687 1104 2750 argenteos.
1156 2695 1176 2728 ›
1242 2675 1350 2731 Pro
1402 2691 1511 2746 quo
1564 2676 1928 2748 Symmachus
1977 2678 2101 2747 qui-

511 2772 633 2828 dem
686 2772 799 2825 ait:
841 2788 861 2823 ι
916 2769 984 2825 Et
1037 2768 1515 2840 apprehenderunt
1568 2769 1873 2824 mercedem
1923 2784 2098 2823 meam

510 2865 731 2936 triginta
779 2872 1090 2935 argenteos.
1125 2881 1143 2913 ι
1201 2862 1396 2932 Aquila
1429 2876 1599 2917 vero:
1640 2879 1661 2914 ι
1702 2858 1769 2914 Ει
1798 2861 2098 2916 consulue-

507 2965 639 3012 runt
688 2955 994 3013 mercedem
1028 2969 1205 3009 meam
1231 2954 1457 3024 triginta
1496 2960 1806 3024 argenteos,
1842 2972 1861 3005 ι
1897 2953 2099 3024 quibus

508 3049 644 3105 illud
678 3048 1037 3118 adiungitur:
1090 3064 1110 3098 ι
1147 3046 1214 3100 Ει
1243 3045 1383 3100 dixit
1429 3043 1694 3100 Dominus
1728 3044 1795 3099 ad
1843 3061 1972 3100 me:
2006 3043 2100 3099 Di-

506 3141 665 3197 mitte
692 3155 786 3197 eos
815 3140 872 3194 in
904 3139 1204 3204 fornacem,
1234 3145 1289 3192 et
1334 3137 1459 3194 vide
1488 3152 1619 3192 num
1656 3138 1948 3208 probatum
1982 3138 2091 3204 sit,

2210 1944 2306 2012 μὲν
2332 1943 2519 2008 ἁπλῶς
2548 1945 2609 1998 τὸ
2630 1945 2890 2017 ἀργύριον
2914 1944 3249 2016 ὠνόμασται·
3276 1940 3430 2014 παρά
3456 1941 3512 1994 δὲ
3538 1938 3791 2010 τᾷιΜατ-

2207 2034 2343 2106 θαίῳ
2376 2036 2771 2107 μνημονεύεται
2813 2035 2906 2089 καὶ
2946 2038 2975 2089 6
3020 2034 3272 2107 ἀριθμὸς,
3311 2033 3549 2104 συνᾴδων
3580 2033 3646 2102 τῇ
3680 2029 3793 2083 ἀπὺ

2202 2127 2297 2180 τοῦ
2326 2128 2595 2200 Ζαχαρίου
2629 2127 2951 2201 παραθέσει.
2984 2128 3145 2196 Λέγει
3181 2126 3227 2181 δ’
3270 2120 3364 2180 οῦν
3402 2127 3432 2179 ό
3472 2123 3787 2186 Ματθαῖος·

2211 2242 2228 2271 ι
2248 2220 2379 2274 Τότε
2411 2220 2694 2292 πορευθεὶς
2713 2216 2795 2283 εἷς
2821 2218 2930 2273 τῶν
2961 2218 3189 2285 δώδεκα,
3214 2221 3243 2273 6
3264 2218 3559 2291 λεγόμενος
3590 2215 3791 2279 Ἰούδας

2216 2313 2586 2384 Ἰσκαριώτης,
2623 2311 2758 2386 πρὸς
2788 2315 2915 2377 τοὺς
2942 2313 3251 2386 ἀρχιερεῖς,
3286 2310 3438 2367 εἶπεν
3471 2314 3684 2377 αὐτοῖς·
3721 2312 3791 2365 Τί

2204 2404 2385 2459 θέλετέ
2410 2423 2499 2476 μοι
2532 2400 2717 2459 δοῦναι
2741 2444 2756 2470 ,
2793 2403 2950 2474 κάγὼ
2985 2405 3113 2476 ὑμῖν
3148 2404 3455 2478 παραδώσω
3486 2405 3691 2471 αὑτόν;
3722 2406 3790 2458 Ol

2201 2497 2259 2550 δὲ
2305 2497 2540 2569 ἔστησαν
2581 2497 2731 2570 αύτῷ
2775 2497 3068 2569 τριάκοντα
3118 2499 3413 2569 στατῆρας.
3456 2516 3474 2550 ι
3512 2495 3792 2568 Σύμφωνα

2202 2586 2292 2644 οῦν
2307 2590 2480 2645 ταῦτά
2502 2594 2618 2646 ἐστι
2638 2591 2733 2664 τῷ,
2766 2592 2904 2645 «Καὶ
2924 2591 3157 2662 ἔστησαν
3179 2590 3271 2645 τὸν
3293 2589 3485 2661 μισθόν
3506 2607 3609 2662 μου
3630 2589 3791 2663 τριά-⁹

2202 2700 2366 2737 κοντα
2400 2684 2675 2757 ἀργυροῦς
2697 2725 2710 2749 ,
2746 2703 2764 2736 ι
2804 2687 2861 2738 ὲν
2892 2686 2959 2756 τῇ
3012 2682 3322 2757 προφητείᾳ
3361 2683 3641 2756 εἰρημένῳ
3684 2682 3791 2737 ὑπὸ

2200 2775 2294 2829 τοῦ
2328 2777 2557 2849 Κυρίου.
2593 2776 2732 2831 Ἀνθ’
2760 2772 2822 2831 οῦ
2853 2777 2883 2830 6
2910 2777 3008 2848 μὲν
3035 2776 3330 2848 Σύμμαχος
3350 2776 3573 2849 εποίησε
3596 2793 3610 2807 ’
3635 2793 3655 2827 ι
3679 2775 3791 2829 Kal

2202 2869 2535 2940 ὲστάθμισαν
2567 2868 2658 2923 τὸν
2695 2869 2885 2941 μισθόν
2909 2887 3011 2941 μου
3044 2869 3339 2942 τριάκοντα
3364 2869 3642 2943 ἀργυροῦς
3662 2885 3677 2898 ·
3720 2887 3739 2920 ι
3758 2869 3790 2922 6

2199 2962 2257 3016 δὲ
2299 2960 2559 3027 Ἀκύλας·
2611 2979 2631 3013 ι
2684 2962 2793 3016 Kal
2835 2962 3077 3033 ἔστησαν
3118 2963 3210 3016 τὸν
3250 2961 3441 3034 μισθόν
3489 2979 3591 3033 μου
3634 2961 3789 3035 τριάς

2202 3069 2364 3106 κοντα
2388 3051 2662 3124 ἀργυροῦς
2682 3069 2696 3083 ·
2719 3070 2738 3103 ι
2771 3047 2853 3116 οἷς
2885 3052 3219 3122 ὲπιλέγεταιο
3267 3072 3285 3104 ι
3306 3052 3415 3107 Kal
3434 3048 3558 3107 εἶπε
3583 3054 3788 3126 Κύριος

2202 3143 2339 3216 πρὸς
2368 3144 2436 3215 μέ
2459 3160 2472 3173 ⁸
2506 3143 2690 3206 Κάθες
2711 3144 2910 3206 αὐτοὺς
2943 3143 3023 3205 είς
3043 3142 3103 3195 τὸ
3127 3141 3511 3213 χωνευτήριον,
3541 3141 3633 3194 καὶ
3660 3139 3783 3194 σκέ-

507 3233 969 3305 quemadmodum
1020 3231 1285 3304 probatus
1331 3245 1452 3286 sum
1483 3245 1584 3302 pro
1618 3231 1745 3286 illis.
1781 3250 1799 3283 ι
1839 3229 1949 3287 Pro
1988 3247 2097 3303 quo

2200 3210 2297 3304 ψαι
2329 3210 2380 3287 εί
2401 3235 2620 3307 δόκιμόν
2641 3238 2809 3301 ἐστιν,
2836 3234 2894 3288 ὃν
2922 3210 3512 3305 τρόπονέδοκιμάσθην
3531 3234 3667 3301 ὑπὲρ
3689 3230 3778 3282 αύ-

507 3343 704 3383 rursus
731 3327 928 3399 Aquila
975 3325 1196 3397 quidem
1238 3325 1319 3381 sic
1353 3324 1429 3378 ait
1459 3343 1471 3378 :
1510 3343 1529 3376 ι
1568 3323 1632 3379 Et
1666 3325 1804 3379 dixit
1831 3323 2095 3381 Dominus

505 3419 577 3475 ad
610 3435 734 3476 me:
771 3418 993 3475 Dimitte
1020 3434 1116 3475 eos
1149 3420 1205 3472 in
1239 3416 1541 3491 fornacem,
1568 3417 1776 3488 projiee
1809 3433 1905 3474 eos
1933 3419 2002 3473 ad
2033 3419 2095 3473 ll—

506 3512 722 3583 gulum,
749 3512 1079 3567 immensum
1109 3511 1344 3582 pretium
1377 3524 1488 3581 quo
1509 3511 1813 3565 mstimatus
1847 3525 1968 3564 sum
1994 3525 2095 3580 pro

506 3602 637 3669 illis,
663 3622 682 3656 ι
710 3600 877 3675 480
897 3607 951 3658 et
976 3616 1110 3659 sane
1136 3601 1355 3656 attende
1386 3614 1625 3672 quonam
1658 3606 1818 3668 pacto
1840 3598 1959 3668 ipse
1986 3596 2094 3651 Do-

505 3699 692 3753 minus
721 3698 956 3769 pretium
987 3710 1149 3752 suum
1178 3693 1470 3750 confitetur
1524 3692 1753 3765 triginta
1801 3699 2094 3762 argenteos

505 3791 696 3846 datum
724 3804 868 3847 esse.
922 3787 1156 3845 Videtur
1186 3795 1367 3843 autem
1401 3786 1520 3857 ipsa
1550 3786 1844 3841 verborum
1871 3783 2094 3856 excogi-

504 3885 643 3939 tatio
668 3884 832 3939 talem
861 3896 973 3954 prae
1002 3897 1062 3937 se
1096 3880 1241 3937 ferre
1272 3896 1495 3936 sensum
1524 3899 1539 3935 :
1573 3878 1686 3951 Ego
1724 3879 1943 3951 quidem
1981 3879 2092 3934 Do-

503 3978 691 4033 minus
720 3990 750 4028 a
784 3978 963 4045 primo
991 3974 1263 4043 incipiens
1296 3972 1387 4028 die
1430 3988 1712 4045 nunquam
1769 3973 1908 4029 desii
1959 3989 2094 4029 mea;

503 4067 861 4138 benignitatis
877 4065 1079 4120 indicia
1102 4063 1259 4120 vobis
1273 4062 1478 4121 Iudaeis
1503 4064 2095 4136 impendere,innume-

503 4159 884 4229 rabilibusque
916 4172 1015 4213 vos
1044 4155 1326 4214 beneﬁciis
1350 4156 1587 4221 allicere,
1621 4173 1734 4212 non
1754 4158 1934 4212 solum
1961 4157 2090 4212 dum

499 4249 576 4305 ad
603 4264 705 4305 vos
732 4249 801 4304 ab
842 4248 999 4304 initio
1029 4248 1327 4319 prophetas
1375 4247 1534 4302 mitto
1556 4287 1571 4313 ,
1617 4249 1713 4304 sed
1755 4249 1922 4303 etiam
1959 4248 2088 4304 dum

500 4356 595 4398 me
621 4342 802 4412 ipsum
824 4340 983 4396 vobis
1015 4347 1340 4410 prasentem
1369 4339 1605 4396 exhibeo
1623 4378 1640 4405 ,
1684 4349 1795 4394 tum
1829 4340 1883 4394 in
1913 4340 2091 4395 moni-

502 4434 580 4489 tis
611 4448 676 4491 ac
700 4433 1067 4497 documentis,
1099 4431 1569 4502 rationalibusque
1604 4432 1891 4502 praeceptis
1910 4473 1926 4499 ,
1974 4439 2090 4486 tum

499 4526 565 4582 in
589 4525 766 4597 signis
788 4534 845 4581 et
862 4525 1135 4597 portentis
1168 4532 1223 4581 et
1268 4524 1392 4581 aliis
1433 4524 1827 4580 miraculorum
1876 4526 2092 4596 generi-

493 4605 632 4685 ‘bus,
681 4627 796 4674 tum
850 4620 1014 4674 etiam
1048 4618 1104 4672 in
1155 4617 1538 4674 saltationibus
1593 4625 1649 4674 et
1699 4617 1958 4688 medelis;
1992 4634 2091 4674 vos

498 4721 638 4777 ergo
659 4708 752 4774 qui
781 4713 932 4762 tanta
955 4706 1312 4762 beneﬁcentia
1336 4706 1493 4777 digni
1537 4706 1711 4763 habiti
1730 4707 1875 4764 vestis
1895 4748 1910 4775 ,
1967 4708 2092 4765 date

500 4798 812 4855 mercedem
843 4814 1043 4863 meam,
1076 4807 1171 4855 aut
1196 4800 1440 4856 renuite:
1489 4801 1570 4858 sic
1598 4800 1819 4871 quidem
1850 4800 1920 4856 ab
1946 4801 2088 4866 illis,

500 4901 566 4947 ut
594 4907 693 4963 par
720 4900 824 4959 est,
847 4892 1062 4950 fructus
1091 4894 1331 4964 pietatis,
1360 4902 1415 4950 et
1448 4895 1651 4952 indicia
1684 4894 1811 4951 ﬁdei
1842 4909 1975 4967 erga
2001 4909 2092 4951 se-

502 4986 685 5058 ipsum
716 4986 1026 5058 postulans.
1072 4987 1143 5041 At
1167 4988 1245 5043 illi
1284 4988 1365 5059 (ut
1398 4988 1452 5043 in
1509 5003 1572 5043 ea
1626 5004 1789 5059 quam
1839 4989 2089 5060 proxime

498 5091 632 5136 ante
662 5081 804 5136 hanc
834 5082 1122 5153 posuimus
1158 5082 1457 5152 ’propbetia
1477 5119 1492 5143 ,
1526 5081 1734 5136 dictum
1763 5088 1892 5149 est),
1932 5097 1953 5131 ι
1986 5095 2088 5149 pro

495 5189 570 5231 eo
594 5183 653 5230 ut
676 5189 766 5231 me
794 5175 1105 5245 diligerent,
1133 5173 1497 5231 detrahebant
1523 5175 1680 5239 mihi,
1709 5181 1765 5229 et
1784 5180 2088 5246 posuerunt

498 5268 797 5323 adversum
829 5282 916 5323 me
948 5266 1090 5322 mala
1123 5282 1223 5337 pro
1252 5267 1411 5323 bonis
1431 5308 1448 5333 ,
1486 5274 1542 5323 et
1584 5266 1768 5322 odium
1817 5278 1918 5336 pro
1944 5263 2083 5318 dile-

497 5360 689 5414 ctione
716 5373 840 5415 mea
871 5359 953 5425 ";
993 5377 1013 5412 ι
1052 5367 1249 5415 etcum
1280 5359 1508 5430 triginta
1548 5365 1836 5429 argenteos
1879 5354 2086 5410 consti-

500 5451 734 5514 tuerint,
760 5461 1024 5522 tanquam
1051 5466 1178 5506 eum
1202 5453 1297 5522 qui
1318 5452 1456 5506 tanti
1478 5450 1827 5517 venderetur,
1845 5448 2085 5502 aestima-

506 5551 724 5598 verunt.
751 5542 860 5599 Sed
891 5544 1154 5615 quoniam
1188 5544 1627 5614 uniuscujusque
1659 5556 1800 5613 opus
1831 5541 1993 5613 quale
2014 5542 2084 5596 sit

510 5633 652 5704 ignis
678 5637 1152 5705 probabit,merito
1167 5638 1404 5710 imperat
1424 5644 1485 5693 ut
1500 5635 1793 5691 mittantur
1818 5635 1874 5690 in
1897 5633 2084 5690 forna-

2201 3329 2362 3382 τῶν.»
2406 3328 2547 3382 Ἀνθ’
2575 3322 2636 3382 οῦ
2655 3329 2816 3383 πάλιν
2845 3330 2874 3382 6
2910 3328 3006 3399 μὲν
3040 3327 3271 3391 ’Δκύλας
3302 3327 3435 3398 φησί
3455 3344 3469 3358 ·
3499 3323 3636 3377 «Καὶ
3653 3318 3772 3375 εἷπε

2202 3420 2633 3495 ΚύριοςοῬίψον
2664 3421 2802 3478 αὐτὰ
2843 3421 2980 3495 πρὸς
3009 3419 3101 3475 τὸν
3135 3418 3398 3489 πλάστην.
3442 3413 3779 3487 ’Υπερμεγέ-

2203 3515 2303 3586 6ης
2332 3518 2365 3579 ἠ
2390 3515 2545 3587 τιμὴ,
2573 3515 2641 3585 ἢν
2673 3513 2939 3586 ἐτιμήθην
2970 3511 3113 3585 ὑπὲρ
3135 3510 3336 3565 αὐτῶν.
3368 3529 3387 3562 ι
3408 3506 3518 3561 Kal
3547 3506 3782 3578 πρόσχες

2200 3608 2321 3662 τίνα
2352 3610 2552 3681 τρόπον
2593 3607 2755 3672 αὐτὸς
2787 3609 2816 3662 6
2840 3605 3044 3679 Κύριος
3072 3605 3240 3677 τιμὴν
3294 3599 3491 3657 ἑαυτοῦ
3530 3597 3786 3670 ὁμολογεῖ

2200 3700 2325 3764 τοὺς
2357 3699 2649 3771 τριάκοντα
2679 3697 2957 3771 ἀργυροῦς
2995 3696 3260 3751 δεδόσθαι.
3291 3695 3475 3748 Ἔοικα
3520 3692 3580 3746 δὲ
3617 3691 3651 3763 ἡ
3680 3688 3785 3759 τῆς

2199 3792 2397 3858 λέξεως
2441 3792 2646 3847 διάνοια
2677 3791 2918 3846 τοιοῦτόν
2948 3807 3070 3845 τινα
3106 3788 3393 3860 ἐμφαίνειν
3434 3785 3562 3839 νοῦν
3583 3800 3598 3816 ’
3643 3780 3786 3852 Ἐγὼ

2204 3884 2303 3957 μὲν
2353 3886 2382 3937 ό
2425 3884 2660 3956 Κύριος,
2698 3887 2763 3939 ὲκ
2807 3882 3032 3955 πρώτης
3075 3880 3381 3954 ἀρξάμενος
3425 3876 3671 3947 ἡμέρας,
3719 3874 3785 3927 οὐ

2198 3978 2433 4032 διέλιπον
2466 3977 2564 4048 τῆς
2591 3975 2828 4048 ἐμαυτοῦ
2862 3974 3228 4047 χρηστότητος
3252 3973 3380 4042 ὑμῖν
3398 3972 3513 4032 τοῖς
3542 3969 3607 4021 ἐκ
3636 3982 3792 4038 περι-

2199 4069 2369 4140 τομῆς
2396 4068 2666 4139 δείγματα
2695 4068 2971 4141 παρέχων,
3006 4065 3101 4120 καὶ
3122 4064 3292 4137 μυρία
3321 4063 3423 4116 ὅσα
3451 4060 3597 4131 ὑμᾶς
3628 4058 3795 4129 εὐερ-

2198 4159 2392 4229 γετῶν,
2417 4160 2477 4213 ού
2502 4160 2660 4231 μόνον
2681 4158 2748 4212 τὰ
2773 4158 2860 4213 διὰ
2891 4157 3002 4212 τῶν
3019 4155 3283 4212 ἀνέκαθεν
3311 4149 3627 4226 προφητῶν,
3644 4147 3795 4203 ἀλλὰ

2199 4250 2293 4303 καὶ
2323 4250 2392 4303 τὰ
2425 4248 2513 4302 διὰ
2543 4251 2642 4321 τῆς
2674 4245 2913 4319 ἐμαυτοῦ
2943 4245 3274 4319 παρουσίας,
3305 4241 3364 4296 ἐν
3398 4256 3458 4293 τε
3492 4239 3610 4301 ταῖς
3644 4253 3794 4305 προ-

2196 4345 2515 4417 τρεπτικαῖς
2571 4339 2942 4402 διδασκαλίαις
2998 4336 3094 4392 καὶ
3142 4335 3254 4396 τοῖς
3320 4331 3555 4399 λογικοῖς
3612 4329 3792 4401 μαθή-

2202 4450 2364 4505 μασιν
2384 4473 2398 4496 ,
2428 4432 2485 4488 ἐν
2514 4448 2576 4485 τε
2606 4433 2722 4494 τοῖς
2751 4427 2997 4501 σημείοις
3025 4427 3118 4481 καὶ
3152 4425 3377 4498 τέρασι,
3415 4421 3507 4475 καὶ
3530 4423 3649 4484 ταῖς
3686 4418 3790 4474 ἄλ-

2198 4524 2319 4588 λαις
2341 4518 2859 4594 ιπαραδοξοποιίαις,
2894 4519 3015 4581 ταῖς
3045 4534 3105 4571 τε
3148 4516 3321 4570 ἰάσεσι
3345 4514 3438 4568 καὶ
3465 4513 3588 4576 ταῖς
3619 4511 3789 4583 θερα-

2121 4582 2170 4641 D
2196 4582 2411 4677 πίαίςο
2434 4582 2602 4686 ¹ὑμεῖς
2628 4611 2686 4664 δὲ
2720 4613 2768 4664 οἱ
2812 4610 2913 4681 τῆς
2943 4608 3215 4680 τοσαύτης
3246 4605 3567 4679 εὐεργεσίας
3610 4582 3789 4675 ἠξιω-

2197 4708 2345 4777 μένοι
2376 4705 2495 4759 δότε
2529 4706 2621 4758 τδν
2653 4703 2838 4776 μισθόν
2876 4720 2977 4775 μου
3000 4744 3015 4767 ,
3049 4702 3081 4774 ἢ
3111 4699 3453 4756 ἀπείπασθε·
3477 4697 3645 4753 αἰτῶν
3673 4697 3785 4751 αὺ-

2191 4796 2316 4857 τοὺς
2335 4834 2349 4857 ,
2373 4791 2450 4857 ὡς
2476 4793 2654 4858 εἰκὸς,
2687 4794 2929 4865 καρποὺς
2962 4791 3244 4855 εὐσεϐείας
3268 4831 3282 4855 ,
3313 4790 3405 4843 καὶ
3441 4788 3642 4859 δεῖγμα
3676 4788 3784 4859 τῆς

2191 4888 2272 4950 εἱς
2307 4884 2471 4939 αὐτὸν
2501 4884 2759 4949 πίστεως.
2796 4886 2858 4938 Οἱ
2880 4885 2967 4949 δὲ,
3005 4883 3181 4954 (κατά
3213 4883 3274 4937 τὸ
3301 4882 3592 4954 εἰρημένον
3620 4881 3677 4933 ἐν
3704 4882 3780 4952 τῇ

2195 4978 2301 5050 πρὸ
2330 4978 2534 5050 ταύτης
2561 4977 2907 5050 παραθέσει,)
2940 4995 2958 5028 ι
2998 4977 3118 5030 ἀντὶ
3146 4974 3239 5028 τοῦ
3273 4975 3495 5045 ἀγαπᾷν
3527 4991 3594 5045 με
3639 4971 3787 5026 ἐνδι-

2194 5071 2415 5126 έὸαλλόν
2444 5089 2532 5143 με,
2563 5072 2658 5125 καὶ
2685 5071 2867 5125 ἔθεντο
2894 5071 3014 5124 κατ’
3043 5069 3176 5140 ἐμοῦ
3208 5066 3357 5122 κακά
3382 5067 3502 5120 ἀντὶ
3531 5062 3779 5134 ἀγαθῶν.

2194 5165 2286 5221 καὶ
2310 5167 2464 5237 μῖσος
2479 5164 2600 5218 ἀντὶ
2616 5165 2714 5235 τῆς
2740 5160 3075 5234 ἀγαπήσειῦς
3099 5179 3256 5232 pou,»
3281 5160 3579 5231 τριάκοντα
3600 5159 3780 5228 ἀργυ-

2195 5258 2321 5332 ροῦς
2359 5260 2674 5330 στήσαντες,
2706 5256 2896 5327 ὥσπερ
2931 5254 3186 5309 τοσούτου
3219 5253 3381 5307 αὐτὸν
3426 5248 3781 5319 πωλούμενον

2191 5351 2538 5423 ἐτιμήσαντο.
2597 5349 2734 5403 Ἀλλ’
2788 5349 2911 5417 ἐπεὶ
2962 5348 3022 5400 τὸ
3089 5347 3320 5402 ἑκάστου
3377 5345 3537 5418 ἔργον
3590 5345 3775 5397 ὁποῖόν

2192 5446 2308 5498 ἐστι
2331 5444 2392 5497 τὸ
2420 5443 2529 5516 πῦρ
2547 5442 2679 5497 αὐτὸ
2704 5441 3013 5512 δοκιμάσει,
3040 5440 3263 5504 εἰκότως
3302 5438 3625 5513 προστάττει
3641 5434 3779 5490 καθ-

2191 5537 2316 5607 ἧναι
2369 5536 2564 5595 αὐτοὺς
2610 5535 2690 5597 εἰς
2730 5533 2791 5586 τὸ
2820 5532 3216 5603 χωνευτήριον,
3267 5527 3535 5593 ἐπιλέγων
3559 5538 3572 5553 ·
3610 5539 3630 5572 ι
3674 5523 3775 5575 Ὃν

2191 5627 2391 5701 τρόπον
2424 5626 2785 5697 ἐδοκιμάσθην
2823 5624 2965 5692 ὑπὲρ
3005 5624 3204 5673 αὐτῶν.
3248 5636 3267 5669 ι
3307 5617 3684 5689 Χωνευτήριον
3714 5611 3772 5666 δὲ

574 5810 627 5844 τ’
660 5809 892 5872 Zachar.
924 5825 1005 5887 xx,
1036 5816 1087 5883 7,
1118 5816 1203 5874 id.
1277 5814 1322 5846 ⁷⁸
1361 5811 1497 5872 Luc.
1534 5829 1647 5869 xxu
1669 5852 1685 5882 ,
1719 5812 1775 5884 4,
1807 5812 1860 5868 5.
1936 5812 1981 5844 ⁷³
2022 5807 2097 5864 Ma

2199 5848 2213 5861 .
2254 5819 2405 5871 xxvi,
2440 5803 2527 5868 14,
2559 5800 2646 5855 15.
2724 5799 2769 5831 ⁷⁸
2808 5796 2956 5853 Psal.
2989 5810 3151 5861 cvm,
3186 5794 3240 5862 4,
3280 5792 3337 5853 5.
