4112 6450
368 360 470 418 745

1282 359 1935 418 DEMONSTRATIONIS
1966 342 2420 416 suamsuam
2455 360 2580 416 ua.
2612 361 2683 419 x.

3516 362 3619 418 766

365 475 599 531 ἐνταῦθα
641 477 782 534 ἔοικε
812 480 900 534 τον
928 476 1075 533 οἷκον
1115 476 1320 548 Κυρίου
1348 477 1655 544 ὀνομάζειν.
1683 478 1945 539 Εἰπόντος

2049 492 2185 539 cem,
2225 476 2355 530 illud
2408 475 2708 546 adjungens
2741 496 2754 532 :
2801 492 2820 527 ι
2856 475 3321 543 Quemadmodum
3357 479 3619 547 probatus

365 564 497 635 γοῦν
529 569 624 621 τοῦ
657 570 886 642 Κυρίου,
918 569 1060 624 κατὰ
1091 569 1216 632 τοὺς
1249 568 1678 641 Ἑϐδομήκοντα’
1704 587 1721 619 ι
1759 567 1943 628 Κάθες

366 660 564 725 αὐτοὺς
598 663 678 725 είς
695 663 756 714 τὸ
784 662 1142 733 χωνευτήριον
1163 703 1177 727 ,
1215 679 1234 711 ι
1264 660 1514 731 ἐπιφέρει
1536 676 1549 690 ⁸
1577 679 1594 711 ι
1618 659 1727 713 Καὶ
1757 659 1943 712 ἐνέϐα-

364 751 459 808 λον
496 756 690 820 αὐτοὺς
737 759 815 821 είς
860 755 950 809 τὸν
992 751 1138 809 οἷκον
1186 753 1414 824 Κυρίου,
1456 755 1536 818 είς
1581 753 1641 807 τὸ
1675 754 1945 825 χωνευτήέ

369 854 504 920 ριον.
538 866 556 898 ι
582 845 735 900 Κατὰ
753 847 807 900 δέ
829 847 918 900 τὸν
954 846 1183 900 Ἀκύλαν
1206 863 1218 875 ·
1255 867 1271 897 (
1303 846 1563 909 Εἰπόντος
1589 844 1682 899 τοῦ
1712 844 1940 916 Κυρίουο

379 936 565 1007 Ῥίψον
614 936 763 1001 αὐτὸ,
792 957 809 988 ο
839 936 995 1008 δῆλον
1045 938 1089 991 δ’
1130 936 1301 991 ὅτιτὸ
1342 936 1634 1008 ἀργύριον,
1670 932 1806 1008 πρὸς
1852 935 1944 989 τὸν

371 1026 635 1098 πλάστην,
662 1028 930 1099 ἐπιφέρει’
967 1030 1108 1083 «Καὶ
1134 1027 1333 1101 ἔρριψα
1355 1030 1413 1082 ἐν
1428 1030 1561 1100 οἴκῳ
1574 1029 1779 1101 Κυρίου
1808 1027 1944 1100 πρὸς

368 1117 460 1171 τὸν
477 1118 745 1189 πλάστην.
773 1139 792 1171 ι
819 1119 979 1174 Κατὰ
998 1119 1054 1173 δέ
1077 1120 1168 1173 τὸν
1197 1116 1489 1191 Σύμμαχον
1509 1136 1521 1149 ⁸
1547 1120 1835 1183 «Εἰπόντος
1849 1119 1944 1172 τοῦ

368 1211 595 1282 Κυρίου·
631 1209 813 1282 Ῥίψον
837 1213 969 1266 αὐτὸ
1014 1215 1094 1277 εἰς
1130 1212 1190 1266 τὸ
1218 1213 1603 1284 χωνευτήριον,
1643 1232 1660 1265 ι
1696 1212 1944 1286 ἐπιφέρει

367 1300 543 1371 λέγων
562 1320 575 1334 ·
610 1323 628 1355 ι
665 1305 775 1358 Kal
804 1303 1002 1378 ἔρριψα
1036 1305 1167 1358 αὐτὸ
1198 1308 1277 1369 εἰς
1308 1292 1399 1358 τὸν
1432 1301 1578 1358 οἷκον
1608 1305 1835 1377 Κυρίου,
1867 1307 1946 1368 εἰς

367 1395 430 1449 τὸ
455 1396 837 1468 χωνευτήριον.
875 1416 894 1448 ›
943 1400 1170 1469 Μήποτε
1201 1398 1257 1451 δὲ
1282 1399 1376 1451 καὶ
1412 1397 1571 1451 τοῦτο
1606 1397 1944 1470 ἐπληροῦτο,

367 1486 454 1541 ὅτε
474 1507 492 1538 ι
517 1486 735 1551 Ἰούδας,
750 1502 768 1539 t
787 1490 815 1541 6
828 1489 1151 1560 παραδιδοὺς
1170 1486 1261 1542 τὸν
1278 1488 1502 1558 Κύριον,
1529 1508 1546 1541 ι
1560 1489 1701 1553 ἰδὼν,
1717 1491 1798 1543 ὅτι
1816 1507 1947 1543 κατ-

367 1576 559 1649 εκρίθη
584 1619 599 1642 ,
651 1578 1045 1650 μεταμεληθεὶς
1090 1579 1400 1652 ἀπέστρεψε
1439 1583 1501 1634 τὸ
1544 1581 1804 1653 ἀργύριον
1835 1583 1948 1644 τοῖς

367 1667 683 1741 ἀρχιερεῦσι
716 1670 810 1723 καὶ
844 1671 1233 1744 πρεσϐυτέροις
1254 1714 1268 1738 ,
1300 1673 1472 1741 λέγων
1493 1689 1506 1702 ⁸
1540 1674 1823 1745 Ἥμαρτον
1845 1680 1951 1726 πα·-

371 1761 567 1832 ραδοὺς
615 1756 754 1832 αἷμα
790 1745 987 1818 ἀθῶον.
1037 1764 1101 1816 Οἱ
1149 1763 1206 1817 δὲ
1256 1759 1416 1818 εἶπαν
1468 1765 1651 1835 αὐτῷ’
1714 1757 1779 1818 Τί
1813 1753 1950 1836 πρὸς

2048 580 2167 618 sum
2200 579 2299 634 pro
2339 566 2466 621 illis.
2512 585 2531 618 ι
2561 564 2891 645 ,Ροιηῐιίιςειη
2946 582 3072 622 vero
3127 567 3230 622 hoc
3279 568 3398 622 loco
3444 569 3618 640 ipsam

2045 656 2265 710 domum
2303 656 2513 713 Domini
2547 660 2830 715 nominare
2859 660 3098 717 videtur.
3128 658 3263 714 Nam
3287 676 3409 715 cum
3439 661 3619 717 Domi-

2045 760 2152 801 nus
2177 748 2410 815 dixerit,
2452 757 2513 804 ut
2550 756 2635 805 est
2682 751 2824 821 apud
2868 750 3003 804 LXX
3030 792 3044 814 ,
3079 770 3097 802 ι
3136 751 3357 808 Dimitte
3415 768 3512 810 eos
3561 755 3616 808 in

2043 836 2343 903 fornacem,
2385 859 2404 891 ι
2434 848 2549 894 tum
2585 841 2869 913 adjungit:
2905 861 2924 893 ι
2964 842 3029 897 Ει
3057 844 3264 912 projeci
3307 858 3402 898 eos
3431 844 3487 898 in
3521 846 3621 899 do-

2045 945 2134 985 mo
2159 930 2370 986 Domini
2401 933 2457 987 in
2486 932 2782 990 fornacem.
2820 954 2839 987 ι
2869 934 2938 989 Ut
2972 951 3099 990 vero
3137 945 3219 991 est
3261 936 3405 1006 apud
3449 938 3621 1008 Aqui-

2044 1023 2173 1086 lam,
2209 1040 2229 1074 ι
2261 1039 2384 1077 cum
2420 1023 2685 1080 Dominus
2714 1027 2914 1079 dixerit
2944 1046 2957 1080 :
3006 1025 3218 1098 Projice
3259 1027 3393 1082 illud
3437 1028 3616 1099 ipsum

2044 1116 2296 1171 videlicet
2349 1124 2634 1185 argentum
2684 1117 2751 1170 ad
2810 1117 3051 1188 ﬁgulum,
3088 1138 3106 1171 ι
3149 1129 3262 1174 tum
3321 1120 3615 1191 adjungit:

2050 1225 2068 1257 ι
2110 1206 2175 1260 Ει
2207 1207 2412 1278 projeci
2462 1209 2592 1265 illud
2629 1210 2685 1263 in
2730 1210 2894 1265 domo
2938 1209 3149 1265 Domini
3190 1212 3256 1268 ad
3306 1212 3557 1284 ﬁgulum.
3595 1234 3614 1265 ι

2043 1300 2112 1352 At
2144 1315 2296 1366 vero,
2331 1316 2397 1356 ex
2428 1288 2742 1373 Symmachi
2768 1302 3026 1367 editione,
3047 1322 3065 1354 ι
3097 1318 3220 1358 cum
3243 1304 3504 1361 Dominus
3534 1306 3623 1361 di-

2047 1393 2222 1457 xerit,
2285 1395 2493 1465 projice
2541 1394 2673 1449 illud
2707 1395 2777 1448 in.
2813 1395 3110 1460 fornacem,
3151 1415 3169 1449 ι
3206 1406 3316 1452 tum
3375 1398 3622 1471 adiungit

2044 1484 2208 1538 verba
2244 1484 2376 1539 illa:
2419 1504 2437 1535 ι
2466 1483 2532 1537 Et
2565 1483 2770 1554 projeci
2806 1484 2937 1539 illud
2994 1485 3051 1539 in
3105 1484 3268 1541 domo
3300 1487 3512 1543 Domini
3562 1491 3621 1545 in

2050 1573 2347 1631 fornacem.
2382 1594 2400 1625 ι
2434 1573 2571 1629 Num
2606 1574 2775 1644 igitur
2804 1575 2908 1630 hoc
2937 1583 3070 1631 tunc
3114 1575 3344 1633 forsitan
3377 1582 3621 1651 comple-

2049 1677 2159 1721 tum
2181 1676 2285 1733 est,
2314 1683 2436 1722 cum
2471 1684 2489 1718 ι
2522 1666 2722 1721 ludas»
2758 1667 2849 1737 qui
2876 1666 3163 1724 Dominum
3188 1671 3448 1739 prodidit,
3482 1690 3502 1723 ι
3540 1675 3623 1728 vi-

2050 1760 2183 1814 dens
2225 1760 2368 1830 quod
2399 1759 2799 1814 condemnatus
2829 1771 2995 1821 esset.
3030 1761 3350 1831 paenitentia
3381 1762 3580 1819 ductus
3602 1806 3616 1827 .

366 1854 546 1924 ήμᾶς;
577 1854 640 1907 σὺ
670 1853 814 1924 ὄψει.
836 1855 946 1909 Kal
960 1854 1122 1926 ῥίψας
1137 1854 1206 1908 τά
1228 1855 1467 1928 ἀργύρια
1491 1859 1568 1920 εἰς
1590 1856 1681 1910 τὸν
1692 1856 1838 1920 ναὸν,
1864 1857 1943 1909 ἀν-

2051 1852 2231 1907 relulit
2260 1858 2544 1922 argentum
2574 1850 2935 1921 principibus
2961 1853 3308 1908 sacerdotum
3349 1863 3403 1909 et
3442 1855 3623 1911 senio-

371 1944 621 2019 εχώρησε
641 1962 654 1976 ο
687 1949 781 2000 καὶ
818 1946 1067 2001 ἀπελθὼν
1099 1948 1399 2021 ἀπήγξατο.
1432 1950 1495 2002 Οἱ
1544 1946 1599 2002 δέ
1629 1951 1905 2021 ἀρχιερεῖς
1930 1991 1944 2015 ,

366 2032 623 2098 λαϐόντες
684 2034 753 2089 τὰ
807 2036 1088 2109 ἀργύρια,
1160 2034 1348 2091 εἷπαν⁶
1414 2040 1530 2092 Οὐκ
1581 2038 1700 2092 ἐστι
1766 2039 1948 2110 βαλεῖν

365 2125 505 2180 αὐτὰ
553 2126 634 2190 εἰς
668 2127 760 2180 τὸν
803 2127 1072 2200 κορϐανᾶν
1094 2164 1109 2193 ,
1141 2130 1264 2182 ἐπεὶ
1298 2129 1430 2201 τιμὴ
1465 2128 1699 2201 αἵματός
1741 2132 1942 2184 ἐστιν.»

334 2218 697 2291 ,Συμϐούλιον
750 2221 807 2275 δὲ
856 2221 1145 2287 λαϐόντες,
1194 2212 1471 2295 ἠγόρασαν
1529 2223 1589 2287 ἐξ
1631 2224 1808 2277 αὐτῶν
1857 2225 1948 2278 τὸν

364 2311 534 2384 ἀγρὸν
605 2312 699 2365 τοῦ
772 2314 1061 2385 κεραμέως
1142 2316 1223 2379 εἰς
1307 2316 1485 2385 ταφὴν
1559 2318 1671 2378 τοῖς
1754 2313 1944 2381 ξένοις.

366 2404 458 2456 Διὸ
496 2403 698 2475 ἐκλήθη
732 2404 760 2455 ὁ
787 2400 956 2476 ἀγρὸς
996 2406 1203 2469 ἐκεῖνος
1234 2399 1402 2476 ἀγρὸς
1432 2406 1682 2476 αἵματος,
1706 2405 1811 2471 ἕως
1850 2407 1950 2478 τῆς

368 2494 609 2566 σήμερον
639 2494 874 2566 ἡμέρας.
907 2495 1040 2549 Τότε
1082 2495 1376 2569 ἐπληρώθη
1410 2497 1471 2550 τὸ
1506 2495 1669 2569 ῥηθὲν
1711 2496 1799 2550 διὰ
1849 2497 1948 2550 Ἱε-

372 2584 559 2657 ρεμίου
573 2584 668 2638 τοῦ
700 2588 976 2659 προφήτου
994 2586 1260 2656 λέγοντος·
1309 2588 1419 2640 Kal
1443 2586 1633 2639 ἔλαϐον
1677 2586 1745 2640 τὰ
1793 2587 1950 2657 τριά-

368 2694 532 2731 κοντα
565 2678 823 2750 ἀργύρια,
852 2680 951 2750 τὴν
994 2680 1160 2752 τιμὴν
1188 2678 1283 2733 τοῦ
1322 2678 1707 2751 τετιμημένου,
1742 2677 1801 2731 ὃν
1841 2680 1950 2732 ἐτι-

370 2770 610 2839 μήσαντο
643 2769 750 2823 ἀπὸ
780 2769 909 2823 υίῶν
951 2769 1188 2843 Ἰσραήλ.
1227 2769 1335 2824 Καὶ
1362 2768 1566 2822 ἔδωκαν
1596 2770 1736 2823 αὐτά
1756 2773 1835 2833 είς
1857 2767 1949 2824 τὸν

366 2860 536 2932 ἀγρὸν
567 2858 661 2912 τοῦ
715 2860 1035 2933 κεραμέως,
1073 2860 1218 2914 καθά
1251 2860 1505 2927 συνέταξε
1537 2878 1626 2932 μοι
1656 2860 1877 2933 Κύριος.
1922 2880 1941 2915 ι

370 2951 540 3006 Ἔνθα
571 2951 666 3007 καὶ
711 2952 1043 3026 ἐπιστήσεις,
1072 2952 1195 3007 ἐπεὶ
1231 2952 1305 3026 μὴ
1335 2952 1509 3007 ταῦτα
1534 2953 1758 3026 φέρεται
1790 2955 1848 3008 ἐν
1879 2958 1946 3027 τῇ

364 3044 459 3097 τοῦ
501 3044 762 3118 Ἱερεμίου
798 3047 1121 3119 προφητεία,
1145 3046 1257 3100 εἴτε
1284 3046 1392 3118 χρὴ
1416 3047 1662 3100 ὑπονοεῖν
1686 3048 1950 3120 περιῃρῆ-

367 3137 489 3193 σθαι
540 3138 681 3193 αὐτά
724 3139 782 3208 ἐξ
828 3136 998 3212 αὐτῆς
1049 3141 1188 3194 κατά
1238 3156 1358 3193 τινα
1392 3139 1760 3212 ῥᾳδιουργίαν,
1791 3141 1824 3212 ἢ
1854 3141 1949 3195 καὶ

2052 1944 2221 2007 ribus,
2251 1943 2475 1997 dicens:
2513 1939 2739 1997 Peccavi
2767 1942 2989 1997 tradens
3015 1944 3332 2013 sanguinem
3360 1945 3621 2003 innocen-

2049 2044 2174 2088 tem.
2232 2032 2299 2087 At
2351 2033 2426 2087 illi
2488 2033 2745 2088 diXerunt
2800 2034 2891 2087 ei:
2936 2033 3077 2099 Quid
3115 2034 3183 2089 ad
3237 2036 3381 2090 nos?
3429 2048 3487 2092 tu
3535 2038 3622 2093 vi-

2049 2129 2214 2191 deris,
2243 2136 2297 2183 et
2340 2127 2601 2197 projectis
2638 2125 2912 2197 argenteis
2972 2126 3027 2179 in
3075 2127 3299 2197 templo.
3343 2131 3619 2188 recessit:

2048 2231 2102 2277 et
2133 2222 2321 2278 abiens
2369 2223 2562 2291 laqueo
2615 2234 2674 2275 se
2734 2221 3038 2291 suspendit.
3098 2219 3381 2292 Principes
3437 2231 3623 2281 autem

2051 2314 2394 2369 sacerdotum
2419 2313 2663 2385 acceptis
2698 2316 2973 2385 argenteis
3005 2315 3262 2372 dixerunt
3288 2337 3301 2373 :
3342 2317 3463 2374 Non
3493 2321 3625 2375 licet

2049 2422 2144 2462 eos
2199 2406 2416 2462 mittere
2474 2407 2528 2460 in
2586 2408 2931 2471 corbanam,
2999 2409 3128 2479 quia
3190 2412 3423 2480 pretium
3491 2427 3622 2468 san-

2049 2486 2229 2569 guinis
2291 2507 2396 2553 est.
2455 2498 2702 2553 Consilio
2769 2507 2950 2553 autem
3011 2501 3193 2568 inito,
3254 2509 3506 2556 emerunt
3557 2519 3625 2558 ex

2053 2591 2158 2645 illis
2225 2604 2412 2660 agrum
2474 2591 2620 2659 ﬁguli
2678 2591 2735 2645 in
2788 2593 3122 2661 sepulturam
3187 2595 3619 2665 peregrinorum.

2049 2678 2210 2751 5,31
2244 2679 2588 2750 Quapropter
2618 2688 2844 2735 vocatus
2881 2692 2966 2736 est
3007 2697 3137 2753 ager
3183 2684 3293 2748 ille,
3328 2700 3458 2755 ager
3493 2702 3624 2741 san-

2049 2771 2249 2843 guinis,
2284 2788 2456 2844 usque
2483 2772 2551 2827 ad
2592 2785 2911 2843 praesentem
2948 2774 3112 2829 diem.
3156 2770 3312 2830 Tunc
3343 2777 3626 2848 impletum

2050 2870 2135 2919 est
2168 2865 2312 2934 quod
2343 2865 2551 2920 dictum
2589 2875 2673 2922 est
2705 2882 2800 2936 per
2847 2864 3140 2922 Jeremiam
3170 2869 3487 2940 prephetam
3543 2873 3629 2929 di-

2051 2965 2262 3011 centem
2298 2975 2310 3010 :
2344 2957 2409 3011 Et
2438 2966 2769 3030 acceperunt
2809 2961 3030 3031 triginta
3074 2971 3362 3031 argenteos
3388 2965 3624 3032 pretium

2051 3048 2360 3118 appretiati,
2415 3065 2576 3122 quem
2631 3052 3075 3121 appretiaverunt
3116 3070 3145 3107 a
3192 3054 3317 3110 ﬁliis
3349 3055 3536 3128 ls‘rael,
3571 3063 3626 3112 et

2051 3138 2318 3194 dederunt
2349 3154 2446 3195 eos
2479 3140 2536 3195 in
2567 3155 2758 3211 agrum
2792 3142 2962 3214 ﬁguli,
2997 3146 3144 3201 sicut
3178 3146 3462 3201 constituit
3491 3146 3627 3201 mihi

368 3230 589 3302 σφάλμα
635 3231 904 3303 γραφικδν
952 3230 1236 3301 γεγονέναι
1259 3271 1274 3296 ,
1327 3231 1431 3284 τῶν
1476 3231 1840 3304 ἀμελέστερον
1882 3232 1946 3288 τά

2056 3229 2318 3288 Dominus
2342 3233 2408 3287 ⁷⁷.
2450 3252 2469 3285 ι
2506 3231 2608 3288 Ubi
2636 3233 2923 3306 diligenter
2952 3236 3349 3299 considerabis,
3373 3239 3628 3295 cumbam

364 3321 473 3376 τῶν
505 3321 663 3395 ἱερῶν
685 3322 1030 3392 Εὺαγγελίων
1061 3322 1371 3395 ἀντίγραφα
1402 3324 1785 3395 πεποιημένων
1820 3343 1952 3395 σφα-

365 3406 547 3479 λέντος
579 3415 743 3480 τινὸς,
779 3416 874 3470 καὶ
914 3416 1035 3469 ἀντὶ
1088 3416 1184 3488 μὲν
1230 3415 1324 3470 τοῦ
1371 3416 1639 3489 Ζαχαρίου
1684 3417 1950 3490 Ἰερεμίαν

365 3505 688 3573 τεθεικότος,
722 3508 799 3572 ὼς
837 3509 956 3564 δέον
1009 3502 1647 3580 οὖτωςάναγεγράφθαι
1673 3526 1687 3541 °
1738 3529 1758 3561 ι
1817 3510 1949 3565 Τότε

362 3598 659 3672 ἐπληρώθη
692 3600 754 3654 τὸ
790 3600 952 3671 ῥηθὲν
996 3600 1086 3654 διὰ
1128 3603 1399 3673 Ζαχαρίου
1441 3600 1535 3654 τοῦ
1568 3602 1844 3673 προφήτου
1870 3618 1883 3631 °
1926 3621 1945 3655 ι

276 3707 285 3714 ·
363 3689 487 3744 ἀντὶ
527 3690 583 3746 δέ
619 3691 737 3756 τοῦ,
777 3710 795 3744 ι
849 3691 1132 3747 Ἐνέϐαλον
1178 3693 1377 3757 αὐτοὺς
1409 3694 1491 3757 είς
1532 3691 1624 3746 τὸν
1655 3688 1803 3747 οἷκον
1836 3694 1952 3747 Κυ-

368 3783 507 3855 ρίου,
529 3786 611 3850 είς
640 3784 702 3838 τὸ
724 3787 1104 3859 χωνευτήριον,
1134 3805 1153 3838 ι
1182 3786 1534 3858 ἐσφαλμένως
1566 3786 1946 3858 πεποιηκότοςδ

371 3892 393 3908 ι
426 3877 538 3930 Kal
569 3877 777 3931 ἔδωκαν
813 3879 952 3931 αὐτά
979 3881 1059 3943 εἰς
1083 3878 1173 3932 τὸν
1217 3878 1385 3952 ἀγρὸν
1432 3879 1526 3934 τοῦ
1559 3880 1869 3954 κεραμέως.
1925 3901 1944 3933 ι

363 3968 562 4039 Σαφῶς
584 3969 693 4042 γὰρ
724 3971 812 4025 διά
847 3972 944 4042 μὲν
977 3972 1075 4043 τῆς
1108 3973 1443 4044 προφητείας
1475 3976 1556 4037 είς
1583 3972 1674 4027 τὸν
1705 3975 1799 4027 τοῦ
1833 3976 1950 4029 Κυδ

367 4062 484 4135 ρίου
517 4063 643 4116 ναὸν
675 4062 933 4135 sagacem
966 4062 1185 4132 λέγεται
1217 4054 1279 4117 τὸ
1310 4063 1594 4137 ἀργύριον,
1629 4066 1726 4118 καὶ
1751 4066 1820 4119 δι’
1855 4066 1951 4120 a6-

364 4154 460 4209 τοῦ
492 4153 550 4208 δέ
575 4152 670 4208 τοῦ
700 4154 1033 4224 Εὐαγγελίου
1058 4156 1140 4220 είς
1171 4153 1262 4209 τὸν
1291 4156 1435 4210 ναόν.
1465 4175 1484 4208 ι
1526 4156 1714 4227 Ῥίψας
1743 4156 1895 4227 γοῦν,
1925 4175 1943 4209 ι

365 4249 550 4319 φησὶν,
575 4267 594 4299 ι
627 4248 826 4312 Ἰούδας
846 4247 914 4301 τά
934 4248 1174 4321 ἀργύρια
1191 4250 1272 4311 εἰς
1293 4248 1385 4302 τὸν
1407 4248 1554 4314 ναὸν,
1576 4247 1909 4321 ἀνεχώρησε.
1925 4269 1943 4302 ›

365 4340 478 4394 Kal
520 4341 667 4405 εἰκός
699 4359 761 4412 γε
799 4340 856 4409 ἐξ
886 4342 1108 4396 ἐκείνων
1136 4340 1244 4395 τῶν
1275 4340 1556 4416 ἀργυρίων
1590 4341 1817 4414 βέϐηλον
1855 4358 1948 4409 γεά

366 4424 579 4502 γονέναι
605 4430 697 4489 τὸν
729 4435 876 4499 ναὸν,
911 4436 1006 4489 καὶ
1032 4434 1427 4508 πεπληρῶσθαι
1453 4435 1535 4501 τὸ,
1570 4453 1588 4487 ι
1630 4434 1763 4488 ’ἰδοὺ
1794 4435 1951 4504 ἀφίε-

365 4542 457 4579 ται
486 4527 613 4596 ὑμῖν
646 4527 675 4578 6
695 4522 840 4590 οἶκος
869 4526 1022 4598 ὑμῶν
1053 4526 1277 4600 ἔρημος.
1321 4545 1339 4579 ι
1375 4528 1484 4581 Kal
1515 4528 1618 4599 ὅρα
1650 4544 1713 4597 γε
1740 4529 1948 4599 μήποτε

365 4619 726 4691 χωνευτήριον
775 4619 804 4671 6
854 4614 1002 4683 οἶκος
1053 4618 1261 4693 Κυρίου
1319 4619 1412 4672 διὰ
1458 4619 1615 4673 τοῦτο
1663 4619 1946 4691 κέκληται,

365 4709 596 4782 ἐπείπερ
634 4710 710 4775 ὡς
756 4711 813 4764 ἐν
857 4713 1077 4784 χωνείᾳ,
1116 4712 1582 4784 μεταπλάττεσθαι
1631 4711 1731 4776 τὰς
1771 4711 1949 4783 ψυχὰς

366 4802 432 4855 ὲκ
454 4801 553 4872 τῆς
584 4802 694 4856 τῶν
736 4804 893 4857 θείων
927 4805 1101 4875 λόγων
1135 4804 1434 4878 πυρώσεως
1474 4807 1530 4859 ἐν
1562 4805 1640 4876 τῷ
1677 4804 1771 4859 τοῦ
1809 4803 1944 4859 Θεοῦ

364 4892 500 4964 οἴκῳ
544 4896 854 4968 συμϐαίνει·
887 4897 921 4970 ἢ
964 4898 1139 4964 ἄλλως
1171 4898 1535 4969 ἀπελέγχεται
1567 4898 1640 4970 μὴ
1675 4896 1943 4970 καθαράςν

364 4985 443 5051 ὡς
472 4987 531 5040 ἐν
561 4989 908 5062 χωνευτηρίῳ
952 4991 1302 5063 πυρουμένας
1350 4991 1446 5044 καὶ
1486 4988 1941 5061 δοκιμαζομένας.

371 5072 546 5149 Ὅπερ
591 5081 621 5134 6
663 5081 915 5146 Ἀκύλας,
949 5102 968 5135 ι
1010 5083 1273 5157 Ἐρῤιψα,
1318 5102 1337 5135 ι
1368 5084 1566 5155 φήσας,
1599 5100 1618 5134 ι
1672 5082 1733 5135 τὸ
1767 5078 1947 5154 ἀργύ-

370 5185 485 5242 ριον
510 5170 568 5223 ἐν
596 5174 674 5242 τῷ
695 5173 830 5246 οἴκῳ
856 5174 1062 5246 Κυρίου
1097 5174 1232 5248 πρὸς
1272 5174 1360 5230 τὸν
1402 5175 1667 5247 πλάστην,
1700 5194 1720 5227 ›
1756 5172 1945 5245 σαφῶς

365 5260 624 5328 διδάσκει,
652 5262 728 5328 ὡς
759 5266 851 5320 τοῦ
870 5268 1041 5337 Λόγου
1077 5267 1168 5321 τοῦ
1189 5268 1331 5323 θείου
1362 5268 1518 5340 δίκην
1549 5267 1787 5322 πλάστου
1810 5282 1944 5320 κατ-

365 5355 641 5419 οικοῦντος
678 5359 759 5425 εἰς
794 5360 886 5412 τὸν
927 5357 1076 5414 οἶκον
1115 5361 1343 5432 Κυρίου,
1374 5363 1469 5415 καὶ
1495 5360 1820 5422 πλάττοντος
1849 5358 1944 5412 καὶ

367 5445 717 5512 ἀνανεοῦντος
755 5449 853 5513 τὰς
900 5452 1010 5505 τῶν
1044 5453 1376 5524 προσιόντων
1419 5453 1614 5524 ψυχάς.
1650 5450 1796 5523 Πλὴν
1829 5450 1942 5505 ἀλλ’

368 5533 662 5610 ἐπείπερή
700 5540 832 5611 τιμὴ
863 5538 957 5594 τοῦ
1000 5542 1363 5614 τετιμημένου
1408 5544 1488 5606 εἰς
1533 5544 1741 5596 ἐκεῖνον
1781 5559 1946 5613 μετα-

367 5623 626 5699 ϐληθεῖσα
649 5627 740 5682 τὸν
767 5627 913 5684 οἷκον
946 5630 1170 5705 βέϐηλον
1193 5633 1354 5688 αὐτὸν
1375 5634 1766 5706 κατεστήσατο,
1802 5634 1946 5687 six/J—

366 5731 474 5780 τως
520 5717 969 5789 εὐθὺςοέπιλέγει
996 5737 1010 5750 ·
1058 5740 1075 5773 ι
1134 5723 1243 5776 Καὶ
1291 5721 1569 5794 ἀπέρριψαι
1614 5723 1713 5796 τὴν
1749 5723 1945 5795 ῥάϐδον

442 5825 484 5858 ⁷⁷
524 5829 715 5884 Matth.
750 5848 900 5889 xxvu
925 5875 940 5900 ,
974 5836 1131 5893 540.
1207 5838 1253 5869 "
1291 5836 1484 5892 Matth.
1522 5815 1696 5906 unt,
1736 5838 1831 5897 38.

528 5922 691 5989 ΡΔτιι
703 5940 778 5997 οι,
846 5929 962 5992 Gn.
999 5931 1195 5993 XX“.

2053 3339 2162 3377 non
2192 3324 2496 3379 habeantur
2525 3326 2669 3395 apud
2691 3324 2980 3381 Jeremiam
3013 3329 3353 3399 prophetam,
3387 3346 3513 3384 num
3537 3345 3632 3386 ar-

2052 3415 2250 3470 bitrari
2276 3425 2528 3487 Oportcat
2553 3432 2616 3471 ea
2675 3432 2771 3487 per
2812 3418 3103 3488 quamdam
3136 3421 3398 3474 malitiam
3435 3436 3501 3476 ex
3532 3422 3628 3477 illo

2054 3506 2270 3562 sublata
2295 3522 2439 3570 esse,
2486 3522 2554 3561 an
2591 3522 2721 3563 vero
2772 3508 2981 3563 librarii
3014 3519 3256 3565 erratum
3308 3512 3498 3578 fuisse,
3531 3516 3627 3585 qui

2053 3598 2414 3670 negligentius
2464 3606 2778 3654 sanctorum
2834 3593 3251 3672 Evangeltbrum
3294 3606 3627 3676 exemplaria

2053 3688 2373 3752 confecerit,
2407 3696 2461 3743 et
2491 3704 2559 3743 ex
2596 3690 2923 3760 negligentia
2956 3690 3013 3744 in
3059 3705 3302 3747 errorem
3345 3692 3623 3760 inciderit,
3682 3748 3685 3753 λ

2051 3789 2107 3835 et
2146 3795 2247 3851 pro
2289 3779 2554 3835 Zacharia
2590 3781 2837 3851 posuerit
2865 3779 3157 3837 Jeremiam
3195 3800 3211 3836 :
3245 3791 3453 3853 utpote,
3499 3800 3625 3840 cum

2053 3872 2129 3926 ita
2158 3873 2365 3943 scripto
2398 3888 2535 3943 opus
2560 3871 2740 3938 fuerit,
2769 3892 2787 3925 ι
2817 3880 2950 3928 tunc
2978 3875 3309 3944 completum
3342 3884 3446 3940 est,
3477 3878 3625 3947 quod

2052 3967 2259 4023 dictum
2293 3976 2379 4023 est
2411 3984 2507 4038 per
2532 3967 2854 4024 Zachariam
2872 3968 3251 4040 prophetam.»
3283 3968 3391 4026 Pro
3417 3987 3482 4028 eo
3528 3989 3628 4028 ου-

2052 4068 2162 4117 tem
2195 4061 2342 4132 quod
2372 4073 2656 4132 perperam
2683 4077 3009 4118 conversum
3038 4069 3122 4119 est
3153 4081 3167 4118 :
3209 4083 3228 4116 ι
3264 4062 3331 4118 Ει
3358 4065 3627 4121 miserunt

2051 4169 2147 4210 eos
2176 4155 2232 4208 in
2265 4153 2428 4209 domo
2467 4153 2683 4209 Domini
2716 4155 2770 4209 in
2805 4153 3107 4223 fornacem,
3150 4174 3169 4208 z
3201 4155 3411 4212 dictum
3442 4166 3526 4214 est
3555 4158 3629 4215 il-

2051 4242 2146 4301 lud
2180 4265 2194 4302 :
2233 4264 2251 4299 ι
2284 4244 2349 4300 Et
2377 4246 2503 4302 dedi
2534 4261 2629 4303 eos
2658 4245 2716 4301 in
2753 4261 2944 4318 agrum
3001 4247 3170 4318 ﬁguli.
3211 4268 3230 4301 ›
3278 4242 3447 4305 Plane
3477 4251 3628 4307 enim

2050 4338 2109 4393 in
2164 4339 2285 4409 ipsa
2345 4338 2627 4410 prophetia
2682 4340 2739 4393 in
2790 4339 2992 4408 templo
3052 4337 3264 4394 Domini
3319 4340 3628 4411 projectum

2052 4428 2225 4487 fuisse
2255 4437 2540 4502 argentum
2574 4430 2796 4495 dicitur,
2830 4438 2886 4485 et
2927 4430 2994 4484 ab
3022 4427 3314 4501 Evangelia
3343 4434 3530 4489 itidem
3566 4436 3621 4491 in

2053 4525 2256 4594 templo
2290 4544 2303 4578 :
2343 4542 2367 4603 ι
2405 4522 2672 4592 Projectis
2700 4521 2868 4588 enim,
2904 4523 3104 4593 inquit,
3144 4521 3312 4580 Judas
3352 4529 3628 4597 argenteis

1981 4602 2025 4656 θ
2053 4617 2111 4671 in
2142 4602 2370 4686 templo,
2407 4615 2658 4669 recessit.
2709 4633 2727 4666 ι
2766 4612 2833 4666 Et
2884 4629 3017 4670 sane
3060 4630 3276 4685 aequum
3308 4624 3393 4671 est
3417 4634 3493 4699 ex.
3519 4619 3629 4674 illis

2056 4709 2330 4779 argenteis
2365 4707 2626 4777 templum
2680 4704 2852 4777 fuisse
2901 4703 3273 4776 profanatum,
3303 4714 3358 4760 et
3388 4708 3629 4777 comple-

2054 4809 2172 4856 tum
2217 4799 2388 4855 fuisse
2414 4798 2546 4852 illud
2587 4816 2601 4851 :
2641 4816 2660 4850 ι
2702 4795 2843 4851 Ecce
2872 4796 3203 4866 relinquitur
3233 4794 3387 4849 vobis
3433 4796 3628 4850 domus

2056 4902 2235 4950 vestra
2272 4892 2490 4947 deserta
2518 4891 2589 4945 ης
2623 4909 2641 4942 ι
2677 4891 2850 4945 Porro
2896 4895 3079 4942 autem
3123 4887 3285 4942 etiam
3336 4884 3468 4941 illud
3498 4901 3628 4941 con-

2053 4987 2342 5058 templare,
2392 5001 2521 5039 num
2581 4983 2773 5038 fornax
2821 4981 2970 5035 dicta
3030 4979 3103 5034 sit
3147 4978 3343 5033 domus
3388 4975 3625 5039 Domini,

2055 5088 2343 5151 propterea
2368 5078 2511 5149 quod
2544 5077 2598 5131 in
2621 5076 2823 5147 templo
2845 5072 2940 5128 Dei
2977 5072 3133 5142 quasi
3166 5070 3222 5125 in
3250 5068 3470 5123 fornace
3498 5083 3628 5122 cono

2053 5171 2285 5239 ﬁatoris,
2309 5171 2522 5225 animos
2555 5183 2623 5223 ex
2654 5167 2965 5222 divinorum
2995 5176 3308 5219 sermonum
3342 5161 3524 5216 calore
3544 5169 3627 5214 ειν

2004 5279 2006 5283 ⁷
2053 5278 2160 5335 que
2209 5263 2336 5334 igne
2372 5260 2760 5318 transformari
2790 5257 3082 5327 contingit,
3138 5262 3233 5308 aut
3280 5253 3481 5324 alioqui
3515 5269 3627 5308 non

2052 5373 2221 5428 puros
2242 5358 2371 5412 dum
2408 5365 2667 5426 tanquam
2720 5354 2773 5408 in
2836 5351 3061 5404 fornace
3094 5348 3218 5419 igne
3246 5347 3622 5417 explorantur,

2050 5450 2326 5522 redargui.
2359 5448 2568 5504 Idcirco
2597 5445 2790 5516 Aquila
2838 5442 2968 5496 dum
3011 5440 3084 5494 ita
3141 5437 3410 5494 convertit
3445 5454 3459 5491 :
3502 5456 3520 5488 ι
3559 5436 3624 5490 Et

2051 5544 2287 5615 projeeit
2320 5550 2608 5612 argentum
2644 5538 2699 5591 in
2739 5535 2902 5589 domo
2932 5530 3150 5585 Domini
3198 5530 3265 5584 ad
3296 5529 3520 5600 ﬁgulum
3548 5569 3563 5592 ,
3601 5548 3619 5579 ι

2053 5634 2216 5704 plane
2258 5646 2362 5686 nos
2394 5631 2554 5685 docet
2603 5621 3059 5696 quemadmodum
3106 5620 3351 5701 divinum
3384 5616 3625 5673 Verbum

2055 5698 2232 5777 instar
2267 5717 2412 5788 ﬁguli
2448 5716 2658 5771 habitet
2686 5716 2740 5769 in
2768 5712 2933 5769 domo
2963 5709 3200 5776 Domini,
3232 5720 3285 5766 et
3314 5698 3504 5766 eorum
3532 5709 3629 5781 qui

3264 5924 3343 5981 ει
