4112 6448
469 329 577 384 74⁸7

1111 324 1199 380 EU
1210 325 1380 380 SEDH
1422 325 1533 383 (LE
1542 323 1902 380 SARIENSIS
1931 324 2042 382 OPI

2148 326 2307 382 ’ARS
2337 327 2401 382 Il.
2449 355 2519 368 --
2555 326 3062 383 APOLOGETICA.

3605 323 3735 402 ne

472 450 604 503 illuc
637 447 907 504 accedunt
930 445 1142 499 animas
1172 443 1430 498 informet
1456 459 1519 498 ac
1547 452 1791 500 renovet.
1819 444 2042 499 Verum-

2149 448 2248 518 τὴν
2302 446 2561 519 δευτέραν
2615 448 2676 500 τὸ
2723 447 3026 517 σχοίνισμα,
3075 445 3168 499 τοῦ
3218 444 3568 499 διασκεδάσαι
3625 448 3726 520 τὴν

471 551 653 597 tamen
685 554 810 594 cum
845 538 1082 609 pretium
1118 536 1401 606 appretiati
1436 537 1615 609 injlla
1658 538 1823 593 domo
1861 537 2044 607 proje-

471 642 642 695 ctum,
670 645 789 685 eam
822 601 995 701 ipsam
1032 601 1318 699 profanam
1349 601 1672 692 reddiderit,
1705 601 1899 683 merito
1931 601 2045 683 sta-

471 722 569 778 tim
606 720 855 791 adiungit
895 739 908 775 :
946 739 963 771 ι
1001 719 1068 772 Et
1095 721 1270 790 abjeci
1301 721 1510 792 virgam
1535 723 1785 783 alteram,
1821 736 1945 791 quae
1968 720 2046 774 di-

470 814 618 869 citur
648 812 950 877 funiculus,
976 812 1044 867 ad
1065 811 1444 883 dissipandum
1476 821 1860 869 testamentum
1901 814 2045 870 inter

469 904 667 961 Iudam
699 914 752 960 et
781 904 972 961 lsrael.
1013 924 1030 955 ι
1086 904 1161 958 Ex
1203 906 1296 960 illo
1344 907 1490 960 enim
1526 906 1617 960 illa
1651 906 1828 976 gentis
1859 907 2045 960 multi-

472 998 607 1054 tudo
636 998 850 1067 abjeeta
883 1007 968 1054 est
989 997 1177 1068 procul
1199 997 1268 1052 ab
1302 999 1527 1068 antiqua
1562 997 1657 1053 Dei
1698 1000 1890 1061 tutela,
1923 1014 2045 1069 quae

472 1089 631 1163 prius
653 1088 777 1144 illos
805 1088 1186 1143 conservabat.
1211 1087 1453 1143 Alteram
1483 1097 1663 1143 autem
1686 1088 1892 1159 virgam
1915 1098 2046 1159 puto

474 1199 573 1253 pro
606 1183 864 1238 universa
897 1182 1059 1236 simul
1085 1179 1313 1235 Judaica
1340 1187 1500 1251 gente
1533 1180 1637 1235 hoc
1680 1181 1737 1235 in
1783 1182 1902 1236 loco
1953 1197 2047 1235 ac-

474 1276 581 1346 cipi
618 1282 889 1345 oportere.
915 1273 1035 1340 Qua
1067 1272 1134 1328 de
1166 1288 1334 1328 causa
1366 1272 1513 1327 illam
1546 1274 1710 1328 etiam
1744 1273 2045 1328 funiculum

472 1377 657 1434 vocat,
677 1368 895 1423 dicens:
915 1366 1080 1439 ἥδε
1100 1385 1118 1416 ι
1153 1364 1328 1421 Unam
1353 1367 1542 1422 vocavi
1560 1366 2042 1438 pulchritudinem,

471 1472 526 1518 et
560 1463 790 1518 alteram
824 1461 1014 1516 vocavi
1050 1460 1378 1517 funiculum.
1416 1478 1434 1510 ι
1472 1459 1611 1515 Tum
1637 1460 1705 1515 de
1732 1461 1905 1515 altera
1931 1460 2045 1515 evi-

473 1554 666 1610 denter
696 1553 946 1623 adjungit
986 1551 1119 1605 illud
1149 1570 1162 1605 :
1196 1569 1214 1602 ι
1258 1550 1326 1604 Et
1353 1551 1529 1620 abjeci
1558 1551 1767 1621 virgam
1793 1523 2041 1613 alteram,

473 1661 595 1716 quae
623 1646 825 1712 dicitur
841 1646 1140 1708 funiculus,
1168 1644 1235 1698 ad
1258 1643 1635 1713 dissipandum
1654 1651 2042 1699 testamentum

473 1737 621 1792 inter
652 1734 851 1791 Judam
878 1745 931 1791 et
971 1735 1166 1790 Israel:
1200 1754 1216 1785 ι
1252 1735 1521 1805 siquidem
1562 1734 1619 1788 hi
1665 1746 1823 1789 erant
1865 1744 1921 1789 et
1962 1735 2045 1787 fu-

2149 537 2423 610 Διαθήκην
2454 536 2558 591 άνὰ
2585 538 2747 608 μέσον
2790 536 2958 590 Ἰούδα
2984 537 3078 589 καὶ
3103 534 3206 589 ἀνὰ
3234 535 3395 605 μέσον
3430 536 3666 609 Ἰσραήλ.
3698 556 3723 589 ο

2163 626 2253 692 Ἐξ
2285 628 2494 680 ἐκείνου
2523 627 2631 696 γάρ
2672 643 2755 679 τοι
2785 626 2846 678 τὸ
2878 625 3081 696 πλῆθος
3110 624 3203 677 τοῦ
3234 624 3419 687 ἔθνους
3448 626 3726 697 άπερῥίφη

2149 719 2250 788 τῆς
2282 718 2448 773 πάλαι
2476 717 2740 789 πρότερον
2773 714 3056 787 ἐφορώσης
3088 714 3283 776 αὐτοὺς
3309 714 3612 785 ἐπισκοπῆς
3630 716 3727 768 τοῦ

2150 809 2302 863 Θεοῦ.
2337 809 2605 880 Δευτέραν
2646 808 2703 860 δὲ
2749 806 2941 876 ῥάϐδον
2992 804 3230 876 ἡγοῦμαι
3273 804 3336 857 τὸ
3379 804 3487 857 πᾶν
3516 802 3728 875 ἀθρόως

2164 901 2425 955 Ἰουδαίων
2454 899 2605 963 ἔθνος
2625 898 2859 951 ἐνταῦθα
2887 895 3197 968 δηλοῦσθαι.
3234 894 3407 948 Καλεῖ
3436 894 3480 947 δ’
3505 889 3598 948 οὖν
3627 893 3728 947 ab-

2149 995 2248 1065 τὴν
2284 994 2588 1063 σχοίνισμα,
2622 990 2817 1061 λέγων·
2853 1007 2872 1040 ι
2913 989 3023 1059 Τὴν
3061 986 3186 1059 μίαν
3233 985 3467 1039 ἐκάλεσα
3512 984 3730 1051 κάλλος,

2151 1087 2243 1138 καὶ
2282 1086 2378 1156 τὴν
2411 1082 2667 1154 δευτέραν
2709 1080 2943 1136 ἐκάλεσα
2985 1079 3289 1150 σχοίνισμα.
3334 1097 3351 1129 ι
3390 1079 3501 1131 Ka‘t
3545 1077 3731 1148 σαφῶς

2151 1176 2390 1244 ἐπιλέγει
2416 1175 2543 1245 περί
2573 1173 2673 1244 τῆς
2703 1172 2960 1244 δευτέρας
2988 1171 3211 1239 φάσκων
3233 1186 3245 1199 ο
3271 1189 3289 1219 ι
3318 1170 3428 1223 Kal.
3453 1168 3733 1240 άπέρῥιψα

2149 1268 2247 1338 τὴν
2278 1266 2470 1336 ῥάϐδον
2503 1265 2601 1332 τὴν
2643 1262 2901 1334 δευτέραν
2931 1262 2992 1315 τὸ
3032 1262 3340 1333 σχοίνισμα,
3375 1259 3468 1313 τοῦ
3513 1260 3732 1313 διασκε-

2148 1358 2306 1412 δάσαι
2336 1359 2436 1427 τὴν
2466 1356 2740 1428 Διαθήκην
2772 1353 2876 1407 άνὰ
2911 1354 3073 1425 μέσον
3116 1353 3285 1407 Ἰούδα
3311 1352 3405 1405 καὶ
3431 1351 3536 1405 άνὰ
3567 1351 3732 1422 μέσον

2163 1450 2398 1522 Ἰσραήλ.
2437 1468 2453 1499 ι
2494 1441 2657 1501 Οὗτοι
2691 1445 2800 1518 γὰρ
2831 1442 2970 1517 ἦσαν
2989 1445 3051 1499 τὸ
3087 1446 3376 1516 σχοίνισμα
3418 1445 3513 1496 καὶ
3562 1446 3596 1515 ἡ
3629 1444 3731 1515 ῥά·-

2151 1542 2272 1605 ϐδος
2296 1545 2330 1614 ἡ
2358 1542 2604 1613 δευτέρα.
2662 1540 2726 1592 Ἡ
2769 1539 2827 1591 δὲ
2863 1539 3101 1610 προτέρα
3134 1538 3326 1601 κάλλος
3366 1536 3732 1608 ὠνομασμένη

2150 1636 2255 1687 οὐδ’
2298 1634 2430 1704 άλλη
2478 1633 2686 1700 γένοιτο
2734 1631 2831 1702 τῆς
2889 1630 3240 1702 Ἰερουσαλὴμ
3270 1630 3460 1700 αὐτῆς,
3495 1631 3589 1681 καὶ
3633 1627 3733 1700 τῆς

2152 1728 2289 1781 κατὰ
2323 1728 2525 1780 Μωσέα
2568 1724 2842 1796 λατρείας,
2879 1724 3093 1795 ἁπάσης
3126 1741 3185 1777 τε
3218 1725 3317 1796 τῆς
3354 1723 3586 1787 παλαιᾶς
3615 1725 3734 1778 Δια-

472 1829 695 1884 niculus
722 1836 777 1885 et
808 1829 955 1898 virga
991 1828 1179 1882 altera.
1227 1827 1383 1881 l’rior
1426 1836 1607 1883 autem
1647 1842 1769 1897 qua:
1798 1826 2037 1897 pulchri-

2148 1820 2351 1892 θήκης·
2383 1819 2477 1872 καὶ
2511 1818 2666 1872 τοῦτο
2692 1819 2749 1872 δὲ
2793 1818 2852 1885 ἐξ
2880 1817 3051 1888 αὐτῆς
3092 1817 3424 1888 παρίσταται
3465 1817 3562 1888 τῆς
3597 1832 3734 1888 προ-

472 1920 612 1974 tudo
643 1920 925 1975 nominata
953 1926 1059 1981 est,
1084 1934 1193 1973 non
1219 1920 1324 1973 alia
1359 1918 1523 1974 fuerit
1545 1934 1709 1989 quam
1742 1921 1858 1989 ipsa
1884 1916 2044 1973 Jeru-

472 2011 670 2075 salem,
697 2008 1058 2078 adoratioque
1088 2006 1349 2072 Mosaica,
1381 2008 1674 2080 omnisque
1700 2009 1881 2078 prisca
1916 2023 2047 2063 con-

474 2099 712 2163 stitutio,
753 2113 874 2177 quae
920 2105 1076 2152 vetus
1122 2097 1323 2152 dicitur
1373 2105 1784 2161 testamentum,
1839 2098 2046 2169 hocque

472 2191 654 2263 ipsum
685 2191 768 2246 vel
788 2206 852 2245 ex
888 2191 1005 2261 ipsa
1038 2190 1326 2260 prophetia
1358 2191 1517 2261 plane
1549 2192 1883 2254 constiterit,
1918 2191 2046 2245 dum

471 2282 551 2336 ait
585 2300 599 2336 :
639 2300 658 2333 ι
698 2281 765 2336 Et
799 2282 1012 2353 capiam
1036 2281 1245 2351 virgam
1277 2296 1453 2336 meam
1487 2282 1794 2351 pulchram,
1823 2290 1878 2337 et
1911 2282 2049 2352 abji-

470 2371 613 2428 ciam
643 2388 763 2428 eam
798 2372 863 2426 ad
898 2370 1281 2442 dissipandum
1317 2380 1706 2428 testamentum
1763 2388 1964 2427 meum.
2022 2392 2040 2424 ι

469 2459 638 2519 Vides
663 2472 720 2519 ut
753 2470 1138 2519 testamentum
1171 2462 1391 2533 quidem
1417 2479 1601 2528 suum,
1654 2462 1862 2534 virgam
1903 2462 2048 2531 prio-

471 2568 587 2608 rem
618 2569 743 2609 esse
770 2554 1006 2621 dixerit;
1040 2553 1271 2606 alteram
1297 2567 1429 2606 vero
1461 2551 1688 2622 virgam,
1719 2550 2043 2615 funiculum,

470 2655 526 2701 et
556 2654 737 2700 tamen
767 2662 825 2700 se
861 2652 1151 2715 utramque
1181 2643 1527 2712 abjecturum
1557 2643 1820 2705 minatur,
1855 2656 2049 2711 quam-

471 2738 557 2793 vis
613 2739 764 2809 prios
809 2737 1007 2794 dixerit
1055 2755 1069 2791 :
1121 2755 1140 2788 ι
1187 2733 1254 2790 Ει
1305 2734 1520 2805 capiam
1575 2733 1708 2787 mihi
1762 2733 1865 2803 ipsi
1909 2732 2047 2788 duas

471 2829 675 2900 virgas,
710 2845 875 2885 unam
907 2829 1095 2883 vocavi
1124 2825 1611 2899 pulchritudinem,
1633 2834 1684 2880 et
1707 2825 1930 2879 alteram
1955 2839 2047 2878 vo-

467 2924 590 2979 cavi
628 2921 932 2977 l'uniculum
966 2942 981 2977 :
1020 2942 1038 2974 ι
1074 2937 1174 2992 pro
1201 2936 1312 2992 quo
1340 2919 1534 2991 Aquila
1559 2919 1777 2989 (pridem
1802 2918 1881 2972 sic
1913 2933 2047 2971 cnn—

473 3012 635 3067 vertit
670 3033 683 3066 :
719 3030 739 3062 ι
777 3009 954 3066 Unam
989 3010 1179 3065 vocavi
1206 3011 1484 3071 decorem,
1517 3018 1571 3063 et
1602 3008 1829 3061 alteram
1853 3006 2045 3061 vocavi

2149 1908 2375 1979 φητείας
2417 1910 2703 1980 φησάσης·
2746 1928 2764 1959 ι
2817 1908 2928 1961 Καὶ
2969 1906 3209 1977 λήψομαι
3257 1907 3356 1978 τὴν
3403 1907 3595 1979 ῥάϐδον
3630 1924 3734 1979 μου

2146 2002 2247 2073 τὴν
2288 2000 2480 2073 καλὴν,
2527 2001 2621 2055 καὶ
2668 2000 2958 2072 ἀπορῥίψω
3007 2000 3197 2071 αὐτὴν,
3236 2002 3330 2053 τοῦ
3381 2000 3735 2054 διασκεδάσαι

2146 2093 2245 2165 τὴν
2282 2094 2555 2166 Διαθήκην
2603 2111 2725 2165 μου.
2766 2113 2784 2144 ι
2835 2094 2997 2165 Ὁρᾷς
3040 2093 3116 2157 ὡς
3161 2093 3262 2164 τὴν
3312 2093 3410 2164 μὲν
3457 2093 3735 2165 Διαθήκην

2149 2186 2342 2240 ἐαυτοῦ
2385 2187 2484 2257 τὴν
2529 2186 2723 2257 ῥάϐδον
2774 2185 2974 2257 ἔφησεν
3021 2181 3161 2238 εἶναι
3210 2187 3310 2257 τὴν
3358 2184 3604 2258 πρώτην,
3634 2187 3736 2257 τὴν

2146 2279 2406 2350 δευτέραν
2441 2279 2499 2333 δέ
2550 2278 2743 2349 ῥάϐδον
2777 2278 2839 2331 τὸ
2886 2278 3196 2349 σχοίνισμα,
3245 2277 3385 2350 πλὴν
3415 2279 3735 2350 ἀμφοτέρας

2148 2372 2246 2436 τὰς
2274 2370 2501 2442 ῥάϐδους
2529 2370 2851 2442 άπορῥίψειν
2879 2371 3111 2435 ἀπειλεῖ,
3134 2370 3411 2444 προειπὼν
3448 2372 3732 2444 πρότερον·

2154 2482 2173 2515 ι
2214 2463 2324 2517 Kal.
2355 2462 2593 2533 λήψομαι
2639 2461 2861 2532 ἐμαυτῷ
2891 2461 2984 2515 δύο
3017 2461 3273 2532 ῥάϐδουςο
3309 2462 3407 2534 τὴν
3443 2463 3572 2534 μίαν
3595 2463 3732 2517 ἐκά-

2148 2554 2278 2609 λεσα
2310 2553 2524 2618 κάλλος,
2552 2554 2646 2606 καὶ
2675 2554 2774 2625 τὴν
2802 2553 3059 2625 δευτέραν
3089 2554 3325 2609 ἐκάλεσα
3355 2555 3676 2626 σχοίνισμα’
3709 2574 3730 2606 ι

2148 2645 2264 2699 ἀνθ’
2309 2638 2383 2698 ὧν
2432 2646 2461 2697 ὁ
2507 2644 2606 2715 μὲν
2651 2643 2882 2707 Ἀκύλας
2932 2646 3099 2716 φησί·
3141 2666 3160 2697 ι
3192 2647 3301 2718 Τὴν
3338 2648 3464 2718 μίαν
3496 2646 3736 2701 ἐκάλεσα

2148 2734 2502 2807 εὐπρέπειαν,
2534 2734 2627 2787 καί¹
2658 2734 2757 2805 τὴν
2790 2734 2983 2806 ἐτέραν
3015 2734 3250 2790 ἐκάλεσα
3296 2737 3612 2809 σχοίνισμα·
3651 2758 3669 2790 ι
3703 2740 3737 2792 ὁ

2146 2828 2201 2881 δὲ
2247 2827 2572 2898 Σύμμαχος·
2621 2847 2639 2879 ι
2689 2828 2800 2901 Τὴν
2836 2828 2934 2898 μὲν
2966 2828 3200 2881 ἐκάλεσα
3245 2829 3602 2900 εὐπρέπειαν,
3634 2831 3736 2903 τὴν

2145 2920 2202 2973 δὲ
2238 2920 2364 2991 μίαν
2403 2920 2637 2973 ἐκάλεσα
2672 2921 2979 2991 σχοίνισμα.
3021 2941 3038 2972 ι
3087 2921 3258 2975 Τοῦτο
3287 2923 3387 2993 μὲν
3412 2918 3505 2977 οὖν
3534 2925 3735 2990 παντὸς

2146 3010 2331 3075 ἔθνους
2372 3011 2567 3075 κάλλος
2617 3013 2710 3065 καὶ
2753 3012 3107 3084 εὐπρέπειαν,
3141 3012 3232 3066 τὸν
3266 3012 3407 3066 θεῖον
3438 3013 3604 3085 νόμον
3640 3016 3734 3068 καὶ

471 3102 800 3157 funiculum.
852 3120 871 3152 ι
911 3100 1274 3172 Symmachus
1305 3107 1487 3154 autem
1523 3118 1536 3153 :
1587 3117 1605 3149 ι
1646 3097 1797 3151 Hanc
1823 3096 2041 3166 quidem

2148 3104 2242 3176 τὴν
2270 3105 2327 3156 ἐν
2363 3103 2511 3174 αὐτῷ
2545 3103 2940 3176 περιεχομένην
2967 3104 3241 3177 Διαθήκην
3271 3105 3555 3176 ὠνόμασεν
3585 3107 3731 3160 εικό-

472 3193 963 3256 vocavidecorem,
996 3194 1143 3247 illam
1174 3201 1356 3247 autem
1407 3192 1597 3246 vocavi
1652 3189 1975 3243 funiculum.
2018 3207 2036 3239 ι

2148 3163 2272 3260 τως.
2310 3195 2393 3249 Τά
2420 3163 2493 3248 τε.
2518 3163 2630 3268 γὰρ
2862 3163 2961 3268 si");
3000 3163 3503 3269 'lepo'ua'alhu,‘xal
3532 3198 3597 3252 τὰ
3627 3198 3726 3269 τῆς

471 3284 586 3339 Hoc
641 3284 809 3354 igitur
850 3283 1127 3337 universa:
1170 3282 1351 3353 gentis
1396 3278 1825 3352 pulchritudinis
1880 3278 2046 3332 deco-

470 3376 656 3445 risque
692 3374 935 3437 nomine,
967 3371 1208 3427 divinam
1236 3373 1431 3442 legem,
1460 3378 1512 3426 et
1543 3370 1691 3441 quod
1717 3371 1770 3424 in
1802 3385 1865 3424 ea
1912 3384 2044 3423 con-

468 3467 673 3522 tinetur
696 3472 1108 3530 testamentum,
1134 3465 1331 3519 merito
1351 3463 1614 3536 appellat.
1645 3460 2043 3517 Venerabilitas

467 3560 612 3615 enim
645 3559 735 3613 illa
760 3557 913 3612 urbis
937 3555 1262 3624 Jerusalem,
1287 3563 1341 3611 et
1369 3570 1491 3626 qua:
1523 3556 1576 3610 in
1611 3570 1675 3609 ea
1727 3553 1794 3608 ad
1841 3569 2043 3608 munus

468 3632 783 3726 pontificum
814 3653 1272 3722 sacerdotumque
1319 3650 1689 3721 pertinebant,
1719 3655 1833 3702 tum
1876 3649 2041 3703 etiam

465 3746 648 3801 omnia
680 3761 1018 3816 quaecunque
1045 3745 1175 3798 olim
1209 3743 1354 3814 apud
1390 3744 1512 3798 illos
1545 3744 1776 3813 populos
1807 3758 1872 3797 ex
1895 3741 2041 3795 divi-

466 3837 553 3894 nis
590 3836 820 3907 legibus,
853 3844 906 3890 et
933 3851 998 3888 ex
1032 3833 1201 3889 veteri
1227 3838 1555 3888 testamento
1589 3831 1655 3885 de
1686 3846 1837 3885 more
1888 3828 2041 3899 prius

466 3927 1013 3988 administrabantur,
1046 3924 1247 3979 decens
1270 3923 1494 3994 quidam
1519 3929 1746 3977 ornatus
1772 3921 1840 3975 iis
1860 3928 2039 3986 erant,

463 4022 556 4093 qui
589 4020 790 4074 talibus
812 4018 976 4073 rebus
1008 4024 1355 4072 curarentur.
1381 4013 1684 4069 Funiculus
1717 4023 1896 4067 autem
1922 4014 2041 4083 ipsa

462 4111 641 4183 gentis
664 4107 957 4162 multitudo
982 4108 1123 4177 apud
1161 4108 1336 4177 ipsum
1362 4123 1581 4178 quoque
1615 4105 1817 4161 Mosem
1848 4114 2040 4161 vocata

462 4209 568 4264 est,
597 4200 653 4253 in
691 4198 807 4253 illis.
838 4198 1022 4253 verbis
1050 4217 1063 4252 :
1116 4216 1134 4249 ι
1172 4196 1337 4252 Facta
1367 4205 1451 4252 est
1482 4197 1660 4267 portio
1693 4195 1907 4252 Domini
1943 4202 2042 4268 po-

2146 3287 2540 3359 ἀρχιερατικῆς
2598 3286 2956 3360 λειτουργίας,
3016 3290 3110 3342 καὶ
3161 3290 3337 3343 πάντα
3400 3290 3495 3342 ὅσα
3556 3290 3720 3343 πάλαι

2147 3376 2410 3447 πρότερον
2454 3379 2511 3431 ἐν
2559 3378 2743 3441 αὐτοῖς
2790 3378 2930 3431 κατὰ
2972 3381 3095 3442 τοὺς
3153 3379 3329 3443 θείους
3373 3380 3584 3452 νόμους,
3628 3383 3724 3436 καὶ

2146 3467 2287 3521 κατὰ
2341 3469 2441 3539 τὴν
2490 3468 2726 3524 παλαιὰν
2783 3471 3058 3543 Διαθήκην
3104 3472 3479 3539 ἐπολιτεύετο,
3527 3473 3726 3545 κόσμος

2145 3559 2427 3631 εὐπρεπὴς
2475 3561 2686 3631 ὑπῆρχε
2740 3565 2851 3625 τοῖς
2902 3563 3007 3615 ὑπὸ
3054 3563 3258 3617 τούτων
3314 3563 3727 3635 κοσμουμένοις.

2144 3651 2441 3721 Σχοίνισμα
2466 3651 2522 3704 δέ
2553 3652 2611 3704 τὸ
2644 3652 2847 3722 πλῆθος
2879 3653 2973 3707 τοῦ
3000 3653 3183 3718 ἔθνους
3218 3656 3314 3709 καὶ
3348 3655 3498 3726 παρὰ
3543 3657 3732 3709 Μωσεί

2145 3741 2408 3812 κέκληται
2459 3742 2671 3812 λέγοντι
2697 3762 2711 3775 ο
2752 3764 2769 3796 ι
2832 3746 3091 3817 Ἐγενήθη
3147 3748 3303 3820 μερὶς
3351 3747 3556 3819 Κυρίου
3607 3746 3734 3811 λαὸς

2145 3834 2309 3888 αὐτοῦ
2336 3836 2551 3900 Ἰακὼϐ,
2571 3838 2856 3909 σχοίνισμα
2878 3838 3243 3910 κληρονομίας
3254 3839 3418 3893 αὑτοῦ
3443 3839 3679 3912 Ἰσραήλ.
3711 3858 3728 3889 ι

2155 3927 2319 3982 Ἀλλὰ
2349 3928 2457 4000 γὰρ
2489 3929 2595 3982 τῶν
2627 3929 2720 3983 δύο
2751 3930 2954 3983 τούτων
2998 3931 3209 4001 ῥάϐδων
3243 3931 3455 4003 ἀθρόως
3504 3931 3737 4003 μεταϐο-

2143 4020 2239 4093 λὴν
2261 4021 2585 4093 γενήσεσθαι
2611 4023 2752 4075 κατὰ
2773 4023 2898 4087 τοὺς
2916 4023 3277 4096 δηλουμένους
3300 4024 3526 4095 χρόνους
3549 4023 3737 4077 θεσπί-

2144 4113 2248 4177 ζει,
2288 4113 2364 4178 ὼς
2396 4114 2489 4167 καὶ
2521 4114 2620 4187 τῆς
2652 4115 2818 4168 πάλαι
2861 4117 2917 4168 ὲν
2964 4116 3101 4186 αὐτῇ
3155 4116 3390 4179 παλαιᾶς
3432 4114 3741 4185 Διαθήκης,

2143 4207 2238 4261 καὶ
2264 4205 2356 4259 τοῦ
2384 4205 2550 4260 πάλαι
2575 4207 2632 4258 ἐν
2665 4206 2802 4277 αὐτῇ
2832 4205 3061 4269 κάλλους
3083 4204 3610 4277 άφανισθησομένου,
3632 4206 3733 4257 τοὺ

462 4293 625 4364 pulus
646 4290 767 4359 ejus
786 4289 978 4357 Jacob,
1006 4289 1283 4345 funiculus
1308 4290 1628 4345 hereditatis
1657 4290 1778 4360 ejus
1804 4289 1987 4348 Israel.
2016 4312 2033 4345 ι

2148 4316 2200 4353 τε
2237 4299 2615 4371 σχοινίσματος
2647 4298 2740 4352 καὶ
2772 4297 2867 4355 τοῦ
2902 4297 3101 4360 παντὸς
3132 4296 3318 4359 ἔθνους
3350 4294 3736 4367 διασκεδασθη-

460 4388 531 4440 Αι
549 4400 677 4440 vero
695 4384 926 4455 hujusce
942 4385 1232 4455 utriusque
1250 4384 1414 4456 virgae
1439 4383 1817 4449 mutationem,
1842 4401 2041 4457 magno

2148 4384 2407 4459 σομένου,
2424 4387 2581 4450 ἐπὰν,
2605 4385 2703 4457 τὴν
2734 4386 2900 4456 τιμὴν
2926 4384 3020 4437 τοῦ
3048 4385 3408 4455 τετιμημένου
3437 4387 3736 4456 τριάκοντα

463 4476 670 4547 impetu
702 4475 941 4529 futuram
979 4474 1439 4568 iis‘tempvoribus,
1479 4473 1548 4528 de
1600 4474 1799 4544 quibus
1829 4473 2036 4530 dictum

2148 4479 2421 4552 ἀργυρίων
2465 4476 2867 4549 τιμησάμενοι,
2918 4474 3018 4546 τῆς
3071 4476 3218 4545 σξῶν
3267 4476 3584 4540 δυσσεϐείας
3630 4478 3732 4547 τὴν

460 4578 567 4633 cst,
600 4567 847 4624 divinat:
881 4554 1093 4640 utpote‘,
1138 4546 1363 4622 cuin'et
1408 4577 1585 4631 vetus,
1620 4568 1766 4639 quod
1803 4569 1954 4640 prius
1982 4570 2037 4626 in

2148 4546 2535 4643 π’ροσηκουσαν
2557 4546 2777 4639 ἀτιμίαν
2806 4566 3114 4637 ὑπόσχοιεν.
3140 4568 3301 4637 Λέγει
3324 4569 3365 4621 δ’
3394 4565 3485 4623 οὖν
3506 4586 3519 4599 ·
3560 4589 3579 4620 ι
3619 4546 3733 4623 Kal.

459 4674 525 4715 ea
547 4668 684 4727 erat,
710 4668 1119 4720 testamentum,
1149 4666 1202 4713 et
1235 4659 1588 4730 pulchritudo
1614 4676 1737 4731 quae
1767 4661 1821 4714 in
1851 4662 2041 4716 eadem

2148 4659 2379 4732 λήψομαι
2410 4659 2507 4730 τὴν
2547 4659 2740 4731 ῥάϐδον
2777 4676 2878 4731 μου
2911 4661 3011 4731 τὴν
3056 4659 3247 4730 καλὴν,
3297 4661 3389 4714 καὶ
3437 4661 3731 4734 ἀπορῥίψω

459 4748 589 4805 olim
613 4752 965 4815 cernebatur,
999 4750 1230 4805 delenda
1262 4750 1425 4805 fuerit
1449 4757 1504 4805 et
1532 4752 1598 4805 ad
1633 4753 1865 4807 nihilum
1896 4752 2046 4807 redi-

464 4845 664 4915 genda,
719 4842 955 4899 simulac
995 4842 1171 4913 pretio
1217 4842 1363 4897 illius
1411 4845 1724 4917 aastimato,
1797 4845 1890 4915 qui
1944 4845 2044 4898 tri-

457 4936 610 5007 ginta
640 4935 916 5006 argenteis
966 4935 1271 4989 alstimatus
1305 4943 1407 4997 est,
1465 4936 1542 4989 illi
1599 4951 1696 5004 pro
1744 4952 1843 4991 sua
1885 4937 2036 5006 ipso-

460 5040 581 5081 rum
632 5024 912 5097 impietate
971 5025 1179 5079 meritm
1243 5024 1556 5094 ignominiaa
1617 5028 1841 5082 obnoxii
1909 5029 2035 5081 facti

459 5123 616 5178 sunt;
647 5115 784 5172 dicit
818 5116 983 5187 igitur
1019 5134 1031 5171 :
1069 5135 1087 5167 ι
1128 5116 1193 5169 Et
1222 5118 1436 5189 capiam
1456 5120 1675 5189 Virgam
1711 5135 1885 5174 meam
1918 5120 2037 5189 pul-

458 5207 672 5273 chram,
705 5215 760 5262 et
785 5208 1041 5278 abjiciam
1065 5224 1183 5263 eam
1218 5209 1286 5263 ad
1322 5210 1702 5281 dissipandum
1738 5222 2033 5266 testamen-

458 5308 576 5356 tum
605 5316 810 5358 meum.
841 5321 858 5353 ι
884 5301 949 5355 Et
966 5317 1162 5358 rursus
1185 5323 1197 5357 :
1226 5322 1243 5353 ι
1268 5301 1335 5359 Ει
1357 5303 1529 5371 abjeci
1554 5304 1760 5373 virgam
1780 5304 2032 5369 alteram,

456 5407 582 5462 quae
599 5389 805 5447 dicitur
827 5393 1124 5449 funiculus.
1152 5414 1168 5445 ι
1190 5394 1267 5449 Ad
1292 5397 1425 5457 haec,
1450 5410 1570 5448 cum
1590 5396 1643 5448 in
1662 5392 1942 5464 prophetia
1962 5394 2038 5447 di-

461 5493 620 5536 catur
638 5483 799 5537 illud:
827 5502 844 5534 (
868 5482 933 5537 Et
950 5484 1191 5539 auferam
1208 5495 1317 5538 tres
1334 5493 1582 5557 pastores
1601 5485 1654 5537 in
1671 5498 1854 5538 mcuse
1870 5499 1997 5545 uno,
2013 5502 2030 5535 ι

459 5571 624 5647 483
653 5575 889 5628 arbitror
938 5577 1017 5630 sic
1065 5586 1177 5634 tres
1214 5582 1433 5633 ordines
1480 5592 1670 5631 eorum
1716 5575 2038 5644 signiﬁcari,

461 5665 556 5733 qui
587 5664 717 5717 olim
750 5666 950 5734 populo
993 5665 1083 5721 Dei
1134 5678 1396 5738 praeerant
1469 5684 1679 5737 regum,
1718 5668 2036 5738 pontiﬁcum

459 5765 516 5816 et
543 5754 970 5827 prophetarum;
1002 5761 1263 5828 quoniam
1300 5763 1366 5816 ab
1402 5758 1490 5815 his
1525 5762 1721 5816 trilms.
1752 5761 1907 5832 quasi
1942 5777 2038 5831 pa-

2141 4750 2335 4823 αύτην,
2382 4750 2476 4803 τοῦ
2524 4751 2874 4805 διασκεδάσαι
2919 4753 3019 4824 τὴν
3070 4752 3347 4825 Διαθήκην
3383 4770 3516 4825 μου’
3562 4773 3583 4806 ι
3635 4756 3731 4808 καὶ

2144 4842 2304 4896 πάλιν
2324 4859 2337 4871 ·
2378 4862 2396 4894 ‹
2438 4844 2546 4896 Καὶ
2582 4844 2862 4917 άπέρῥιψα
2892 4845 2990 4917 τὴν
3023 4844 3217 4916 ῥάϐδον
3248 4847 3346 4916 τὴν
3378 4845 3636 4918 δευτέραν
3665 4844 3728 4896 τὸ

2144 4934 2454 5006 σχοίνισμα.
2501 4957 2517 4985 ι
2560 4937 2682 4990 Ἐπὶ
2710 4937 2919 5000 τούτοις
2951 4936 3088 4989 ἐπὰν
3119 4940 3152 5008 ἡ
3185 4937 3491 5008 προφητεία
3521 4938 3728 5007 φάσκιγ

2149 5045 2167 5076 ι
2203 5027 2311 5080 Kal
2345 5026 2524 5099 ἐξαρῶ
2557 5028 2682 5091 τοὺς
2715 5031 2862 5099 τρεῖς
2896 5027 3161 5098 ποιμένας
3186 5030 3245 5081 ἐν
3290 5027 3419 5099 μηνὶ
3443 5028 3545 5088 ἐνὶ,
3593 5047 3610 5079 ι
3646 5042 3730 5078 νο-

2147 5116 2287 5189 μίζω
2320 5119 2447 5192 τρία
2478 5120 2735 5192 τάγματα
2768 5118 3100 5174 αἰνίττεσθαι
3131 5119 3239 5172 τῶν
3270 5118 3439 5173 πάλαι
3471 5118 3563 5170 τοῦ
3598 5112 3728 5166 λαοῦ

2141 5206 2237 5261 τοῦ
2272 5207 2407 5261 Θεοῦ
2436 5206 2814 5272 προεστώτων,
2848 5207 3134 5279 βασιλέων,
3164 5207 3257 5261 καὶ
3283 5202 3607 5278 ἀρχιερέων,
3634 5203 3731 5254 καὶ

2144 5300 2440 5374 προφητῶν
2462 5317 2476 5331 ⁵
2506 5302 2627 5356 ἐπεὶ
2652 5302 2747 5355 καὶ
2773 5300 2861 5354 διὰ
2890 5300 2998 5355 τῶν
3026 5299 3196 5373 τριῶν
3224 5298 3428 5353 τούτων
3456 5295 3731 5366 ποιμένων

2145 5394 2325 5448 πάντα
2370 5392 2440 5446 τὰ
2490 5394 2629 5446 κατὰ
2666 5395 2793 5457 τοὺς
2844 5393 3013 5446 πάλαι
3068 5392 3332 5465 πρότερον
3378 5387 3727 5458 ᾠκονομεῖτο.

2158 5485 2294 5538 Ἀλλ’
2329 5486 2514 5556 ἐπειδὴ
2546 5484 2876 5556 διαστροφὴν
2921 5485 3015 5537 καὶ
3047 5485 3096 5536 οἱ
3146 5484 3294 5552 τρεῖς
3339 5474 3485 5532 οὗτοι
3528 5477 3731 5529 πεπόν-

2146 5578 2268 5630 θασι
2296 5578 2570 5647 ποιμένες,
2607 5576 2728 5630 καθ’
2757 5576 2852 5629 ἕνα
2891 5578 3078 5648 καιρὸν
3107 5575 3198 5627 τὸν
3230 5573 3324 5625 ἐπὶ
3350 5570 3445 5623 τοῦ
3480 5570 3731 5639 Σωτῆρος

2147 5671 2301 5742 ἡμῶν
2336 5670 2393 5741 (ὃ
2413 5686 2471 5722 τε
2505 5670 2613 5741 γὰρ
2642 5668 2895 5740 βασιλεὺς
2956 5667 3290 5738 παρανόμως
3320 5664 3498 5717 αὐτῶν
3525 5663 3729 5733 ἠγεῖτο,

2146 5760 2440 5831 ἀλλόφυλος
2482 5778 2564 5824 τις
2595 5758 2669 5813 ὦν
2716 5762 2808 5813 xal.
2854 5761 2953 5814 οὐκ
2992 5762 3188 5820 οἰκεῖος
3219 5756 3310 5810 τοῦ
3360 5755 3571 5815 ἔθνους·
3614 5755 3643 5807 ὅ
3668 5770 3728 5805 τι
