4112 6420
383 372 486 428 749

1302 373 1959 431 DEMONSTRATIONIS
1987 372 2448 429 EVANGELICtE
2479 370 2609 430 LIB.
2649 373 2719 431 Χ.

3531 378 3639 435 ’ῖὸθ

381 491 692 564 ἀρχιερεὺς.
743 491 850 547 ὑπὸ
894 489 1175 561 Ῥωμαίων
1226 489 1668 560 παραγενόμενος
1721 489 1814 543 ἐπὶ
1862 488 1947 560 si):

2068 488 2334 553 storibus,
2370 493 2557 548 omnia
2586 506 2711 563 quae
2740 490 2807 546 ad
2844 490 2969 549 illos
2991 499 3205 549 veteres
3228 493 3358 549 olim
3395 496 3632 565 pertine-

381 586 742 657 λειτουργίαν.
776 586 836 637 οὐ
868 583 1007 637 κατά
1049 582 1146 653 τὴν
1176 580 1271 634 τοῦ
1312 582 1506 651 γένους
1545 582 1792 652 διαδοχὴν
1840 581 1959 634 οὐδὲ

380 678 523 733 κατά
541 678 668 740 τοὺς
697 676 950 746 ἐννόμους
991 674 1224 743 θεσμοὺς
1251 673 1344 725 ἐπὶ
1375 672 1474 743 τὴν
1512 673 1677 743 τιμὴν
1714 671 1918 744 παρῄει
1943 689 1957 702 ·

385 770 416 823 ὃ
440 788 500 823 τε
529 770 813 841 προφήτης
841 767 1034 838 μέχρις
1078 766 1347 828 Ἰωάννου,
1382 765 1747 835 παυσάμενος,
1776 763 1960 816 οὐκέτι

380 866 438 918 ὲν
476 864 657 925 αὐτοῖς
686 864 927 932 ἐνήργει,
952 860 1072 913 ἀντὶ
1104 859 1160 910 δὲ
1182 857 1369 910 τούτου
1401 856 1851 926 ψευδοπροφήτης
1875 872 1961 919 τις

379 955 581 1027 ἀσεϐὴς
614 956 706 1008 καὶ
738 952 953 1006 πλανῶν
982 951 1071 1003 τὸν
1105 950 1229 1003 λαὸν
1251 950 1293 1014 l,
1329 948 1552 1011 εἰκότως
1595 948 1663 1000 τὰ
1700 948 1826 1018 τρία
1858 964 1958 1017 χα-

383 1050 639 1118 ρίσματα,
675 1044 843 1097 πάλαι
888 1042 1149 1115 πρότερον
1202 1042 1342 1113 ὑπὲρ
1393 1040 1568 1093 πάντα
1616 1040 1818 1110 κόσμον
1868 1040 1958 1093 εὐ-

379 1140 562 1213 πρεπῆ
607 1137 667 1190 τὸ
712 1138 821 1189 πᾶν
868 1135 1018 1197 ἔθνος
1065 1134 1391 1205 κοσμοῦντα,
1440 1135 1817 1205 περιαιρήσειν
1868 1132 1955 1201 ὑφ’

376 1233 469 1286 ἕνα
514 1230 703 1302 καιρὸν
746 1229 961 1282 ἀπειλεῖ
1001 1228 1173 1295 λέγων
1194 1243 1206 1255 ·
1241 1243 1258 1274 ι
1309 1227 1416 1278 Kal
1448 1224 1624 1297 ἐξερῶ
1649 1226 1774 1286 τοὺς
1809 1226 1957 1295 τρεῖς

378 1323 640 1394 ποιμένας
666 1325 724 1375 ἐν
760 1323 889 1393 μηνὶ
922 1322 1022 1383 ἐνὶ,
1051 1320 1145 1373 καὶ
1175 1318 1568 1391 βαρυνθήσεται
1601 1319 1634 1388 ἡ
1666 1318 1809 1387 ψυχή
1854 1332 1954 1386 μου

376 1416 465 1471 ἐπ’
519 1414 745 1477 αὐτούς·
791 1434 809 1464 ι
846 1412 960 1467 ἀνθ’
994 1407 1108 1466 οὔὸ
1158 1411 1254 1483 μὲν
1304 1408 1533 1472 Ἀκύλας
1581 1409 1741 1478 φησί·
1785 1428 1802 1458 ι
1846 1409 1955 1461 Kal

373 1507 678 1579 ἐκολοϐώοη
703 1508 737 1577 ἡ
761 1505 906 1577 ψυχή
950 1520 1048 1573 μου
1074 1503 1132 1555 ἐν
1159 1503 1341 1565 αὐτοῖς
1365 1518 1379 1531 ·
1426 1520 1442 1549 ι
1470 1502 1498 1552 ό
1526 1500 1582 1553 δὲ
1614 1501 1909 1570 Σύμμαχος
1932 1514 1946 1527 ·

378 1618 399 1652 t
437 1600 548 1653 Kal
581 1594 971 1667 ώλιγοψύχησα
1029 1596 1087 1648 ὲν
1133 1595 1314 1658 αὐτοῖς
1337 1611 1351 1624 ·
1389 1613 1408 1646 ι
1461 1597 1489 1647 6
1521 1594 1577 1647 δὲ
1625 1592 1946 1645 Θεοδοτίων·

379 1711 397 1741 ι
431 1690 543 1744 Kal
575 1688 981 1760 ώλιγοψύχησεν
1021 1687 1055 1757 ἡ
1090 1685 1235 1759 ψυχή
1268 1704 1370 1758 μου
1408 1686 1494 1739 ἐπ’
1523 1684 1741 1748 αὐτούς.
1783 1704 1800 1736 ι
1841 1684 1951 1738 Kal

369 1783 431 1837 τὶ
482 1783 651 1835 αἴτιόν
694 1799 757 1851 γε
806 1783 905 1853 τῆς
953 1780 1301 1851 ὀλιγοψυχίας
1346 1778 1611 1842 διδάσκει,
1658 1775 1943 1842 ἐπιλέγων·

374 1894 394 1925 ι
437 1875 546 1928 Kal
587 1875 697 1946 γὰρ
728 1875 785 1927 αί
829 1874 999 1944 ψυχαὶ
1039 1872 1219 1927 αὐτῶν
1262 1869 1572 1942 ὲπωρύοντο
1609 1869 1694 1921 ἐπ’
1745 1868 1843 1939 ὲμέ
1869 1883 1883 1897 ο
1928 1886 1947 1919 ›

369 1966 487 2019 ἀνθ’
521 1961 582 2018 οὗ
613 1966 772 2020 πάλιν
811 1968 841 2020 6
885 1965 1149 2029 Ἀκύλας·
1192 1983 1211 2016 ι
1243 1962 1352 2018 Καί
1395 1980 1460 2032 γε
1504 1964 1537 2033 ἠ
1580 1960 1727 2032 ψυχὴ
1773 1960 1953 2013 αὐτῶν

368 2059 673 2131 ἐπέρκασεν
723 2060 780 2111 ὲν
825 2058 979 2130 ἐμοί·
1042 2076 1061 2109 ι
1116 2059 1146 2111 ό
1194 2055 1251 2109 δὲ
1298 2054 1623 2126 Σύμμαχος·
1683 2072 1701 2102 ι
1758 2054 1869 2106 Kal
1919 2052 1952 2123 ὴ

367 2150 513 2222 ψυχὴ
561 2149 739 2206 αὐτῶν
787 2150 1037 2223 ἡκμασεν
1094 2150 1151 2203 ὲν
1200 2147 1343 2221 ὲμοί.
1413 2166 1431 2199 ι
1477 2147 1704 2218 Ὅμοιον
1750 2145 1807 2198 δὲ
1851 2143 1950 2215 τῷ,

373 2264 392 2295 ι
432 2244 545 2298 Kal
583 2244 694 2315 γὰρ
743 2244 800 2297 αἱ
839 2244 1010 2315 ψυχαὶ
1055 2241 1235 2296 αὐτῶν
1276 2238 1584 2314 ὲπωρύοντο
1629 2240 1715 2291 ἐπ’
1765 2238 1884 2308 ἐμὲ,
1929 2257 1947 2289 ι

370 2334 520 2406 παρά
549 2333 1077 2407 τοίςἙϐδομήκοντα
1108 2332 1402 2405 εἰρημένῳ,
1437 2330 1664 2403 φέρεται
1701 2329 1853 2401 παρά
1874 2327 1953 2400 τῷ

380 2422 620 2496 Ἱερεμίᾳ
667 2426 733 2478 ἐκ
788 2424 1083 2497 προσώπου
1138 2423 1235 2477 τοῦ
1277 2422 1483 2494 Κυρίου
1546 2422 1799 2490 κείμενον
1858 2421 1947 2475 τό·

373 2532 392 2565 ι
436 2514 900 2582 Ἐγκαταλέλοιπα
920 2515 1010 2569 τὸν
1027 2510 1174 2568 οἶκόν
1202 2531 1324 2585 μου,
1356 2514 1543 2585 ἀφῆκα
1564 2512 1666 2585 τὴν
1691 2513 1951 2586 κληρονο-

368 2604 499 2675 μίαν
555 2622 676 2676 μου,
723 2605 900 2661 ἔδωκα
942 2607 1042 2677 τὴν
1094 2604 1456 2677 ἠγαπημένην
1505 2604 1684 2675 ψυχήν
1739 2622 1839 2676 μου
1873 2606 1953 2668 είς

367 2699 557 2767 χεῖρας
600 2697 807 2769 ἐχθρῶν
852 2698 1053 2769 αὐτῆς·
1100 2697 1330 2770 ἐγενήθη
1380 2698 1415 2768 ἡ
1464 2697 1798 2769 κληρονομία
1848 2714 1949 2768 μου

367 2789 490 2859 ἐμοὶ
519 2788 595 2852 ὡς
628 2789 766 2843 λέων
794 2791 852 2843 ὲν
883 2789 1093 2861 δρυμῷ,
1129 2789 1327 2844 ἔδωκεν
1360 2791 1447 2843 ἐπ’
1491 2790 1591 2861 ἐμὲ
1633 2791 1733 2860 τὴν
1766 2790 1950 2861 φωνὴν

364 2878 557 2948 αὐτῆς.
583 2878 673 2950 Μὴ
692 2880 952 2951 σπήλαιον
974 2880 1224 2951 ’ύαίνηςή
1254 2879 1588 2952 κληρονομία
1617 2897 1717 2950 μου
1744 2878 1896 2949 spei;
1925 2899 1944 2931 ι

364 2969 603 3035 Εἰκότως
642 2966 736 3024 οὖν
777 2971 867 3025 διὰ
906 2972 1079 3026 ταῦτα
1108 2972 1234 3043 ἑξῆς
1263 2971 1740 3044 ἐπιφέρειλέγωνο
1782 2990 1800 3023 ι
1841 2972 1950 3027 Kal

363 3055 493 3114 εἶπα
516 3078 531 3091 ·
562 3062 636 3115 Οὐ
686 3061 937 3133 ποιμανῶ
984 3063 1127 3134 ὑμᾶς
1148 3078 1162 3091 ο
1214 3060 1274 3114 τὸ
1324 3061 1667 3133 ἀποθνῆσκον
1713 3062 1950 3134 ἀποθνηο

365 3153 563 3217 σκέτω,
598 3153 776 3207 καὶτὸ
804 3152 1054 3208 ἐκλεῖπον
1077 3153 1395 3218 ὲκλειπέτω,
1423 3152 1519 3207 καὶ
1540 3151 1611 3207 τά
1641 3152 1947 3207 κατάλοιπα
1974 3185 2016 3241 C

362 3244 711 3312 ὲσθιέτωσαν,
754 3247 983 3311 ἕκαστος
1028 3246 1127 3309 τὰς
1171 3246 1381 3319 σάρκας
1418 3245 1514 3300 τοῦ
1557 3246 1783 3319 πλησίον
1821 3248 1947 3301 ἑαυ-

361 3339 454 3390 τοῦ
479 3354 493 3366 ·
531 3356 550 3390 ι
606 3338 723 3409 μεθ’
753 3338 789 3392 ἃ
831 3337 1074 3408 ἐπιλέγει
1096 3356 1110 3370 ·
1147 3358 1165 3391 ‹
1212 3340 1321 3394 Kal
1362 3337 1600 3411 λήψομαι
1628 3338 1725 3408 τὴν
1752 3336 1945 3410 ῥάϐδον

365 3447 468 3501 μου
483 3430 582 3503 τὴν
600 3430 789 3501 καλὴν,
803 3432 898 3485 καὶ
915 3431 1205 3503 ἀποῤῥίψω
1225 3432 1412 3503 αὐτήν
1428 3450 1446 3483 ι
1472 3429 1589 3484 ἀνθ’
1613 3425 1674 3484 οὗ
1690 3429 1942 3494 Ἀκύλας,

369 3540 388 3572 ι
409 3523 519 3577 Kal
541 3522 748 3587 ἔλαϐον,
780 3542 796 3573 ι
826 3523 980 3594 φησὶ,
1015 3523 1138 3595 «τὴν
1164 3523 1357 3595 ῥάϐδον
1386 3540 1510 3595 μου,
1530 3522 1628 3594 τὴν
1650 3522 1946 3594 εὐπρέπει-

361 3630 450 3677 αν,
486 3616 580 3668 καὶ
604 3614 907 3687 περιέκοψα
941 3614 1164 3685 cam,»
1209 3613 1410 3686 δηλαδὴ
1442 3613 1541 3685 τὴν
1577 3612 1721 3667 κατά
1741 3614 1948 3667 Μωσέα

360 3703 637 3777 λατρείαν.
667 3704 874 3757 Οὐκοῦν
900 3704 932 3773 ἡ
956 3704 1052 3774 μὲν
1076 3701 1268 3773 πρώτη
1292 3700 1485 3774 ῥάϐδος
1507 3703 1541 3771 ή
1564 3701 1623 3754 ἐν
1639 3702 1833 3773 ἀρχαῖς
1848 3699 1944 3753 τοῦ

360 3797 520 3868 λόγου
571 3796 779 3871 πρώτη,
832 3794 1290 3870 συντριϐήσεσθαι
1332 3796 1428 3849 καὶ
1466 3793 1943 3866 ἀπορῥιφήσεσθαι

358 3889 597 3959 λέγεται.
619 3892 744 3945 Ὅτε
776 3890 833 3944 δὲ
860 3893 894 3961 ἡ
912 3890 1046 3960 τιμὴ
1070 3887 1161 3941 τοῦ
1186 3886 1574 3959 τετιμημένου,
1594 3887 1689 3940 καὶ
1717 3885 1777 3939 τὸ
1804 3886 1945 3957 ὑπὲρ

358 3978 522 4032 αὑτοῦ
538 3977 617 4048 τῷ
641 3978 870 4050 προδότῃ
894 3978 1045 4031 δοθὲν
1073 3976 1333 4049 ἀργύριον
1356 3974 1559 4047 ἐϐλήθη
1583 3976 1663 4038 είς
1686 3975 1776 4029 τὸν
1797 3969 1944 4028 οἶκον

358 4070 589 4141 Κυρίου,
616 4070 693 4133 ὡς
723 4070 803 4133 είς
838 4070 1218 4140 χωνευτήριον,
1238 4066 1357 4120 τότε
1384 4067 1448 4139 δὴ
1477 4066 1569 4119 καὶ
1604 4064 1675 4119 τὰ
1694 4066 1823 4137 περὶ
1845 4065 1945 4136 τῆς

357 4155 613 4227 δευτέρας
636 4155 853 4227 ῥάϐδου,
870 4156 964 4210 τοῦ
988 4156 1189 4220 παντὸς
1203 4155 1387 4220 ἔθνους
1401 4156 1623 4227 δηλαδὴ,
1637 4155 1945 4219 ἀκολούθως

356 4244 443 4300 οἷα
465 4249 711 4302 πείσεται
734 4248 1133 4320 προφητεύεται
1155 4250 1210 4302 ὲν
1229 4248 1327 4320 τῷ,
1363 4269 1381 4300 ι
1413 4250 1523 4302 Kal
1545 4247 1825 4320 ἀπέρῥιψα
1843 4247 1943 4319 τὴν

360 4341 554 4409 ῥάϐδον
582 4340 679 4413 τὴν
700 4341 960 4414 δευτέραν
977 4341 1038 4394 τὸ
1056 4340 1456 4413 σχοίνισμα,τοῦ
1473 4341 1824 4395 διασκεδάσαι
1843 4340 1942 4412 τὴν

357 4431 634 4503 Διαθήκην
653 4432 757 4486 ἀνὰ
774 4433 935 4504 μέσον
951 4433 1120 4487 Ἰούδα
1134 4435 1226 4487 καὶ
1248 4432 1351 4487 ἀνὰ
1379 4433 1541 4505 μέσον
1563 4433 1799 4505 Ἰσραήλ·
1818 4433 1940 4486 »καὶ

2064 578 2216 644 bant,
2265 583 2734 651 gubernabantur.
2775 582 2879 637 Sed
2905 584 3126 653 quando
3167 592 3281 642 tres
3316 586 3404 641 isti
3447 597 3635 657 pasto-

2063 685 2152 725 res
2190 687 2299 725 uno
2327 681 2572 742 tempore
2603 674 3019 730 conversionem
3068 677 3218 746 passi
3245 686 3394 740 sunt,
3441 676 3635 733 Salva-

2062 768 2181 817 tore
2214 764 2400 833 utique
2442 775 2631 820 nostro
2666 766 2989 822 adveniente
3025 766 3174 839 (nam
3212 779 3268 824 et
3294 786 3396 826 rex
3433 783 3636 841 praeter

2059 851 2208 923 leges
2254 862 2496 922 creatus,
2537 871 2647 910 non
2701 858 2770 911 ab
2806 858 3047 927 ipsorum
3100 875 3300 931 genere
3341 861 3631 928 oriundus,

2060 941 2157 996 sed
2216 952 2481 999 externus
2536 944 2670 1014 ipsis
2720 954 2853 1000 tunc
2888 958 3151 1017 praeerat;
3208 956 3263 1004 et
3314 950 3558 1019 pontifex
3599 966 3633 1006 a

2058 1031 2321 1089 Romanis
2360 1036 2427 1089 ad
2465 1051 2677 1090 sacram
2713 1036 3048 1093 functionem
3074 1047 3385 1109 provectus,
3421 1057 3531 1095 non
3560 1058 3632 1099 ex

2058 1127 2412 1182 successione
2463 1128 2701 1197 generis,
2740 1144 2917 1199 neque
2951 1130 3251 1186 secundum
3288 1133 3437 1204 leges
3469 1144 3635 1206 atque

2057 1214 2332 1279 instituta,
2384 1217 2651 1272 honorem
2694 1220 2848 1273 illum
2900 1220 3211 1288 obtinebat;
3260 1237 3362 1279 nec
3394 1226 3632 1295 prophe-

2058 1316 2131 1370 ta,
2190 1308 2283 1377 qui
2318 1324 2493 1379 usque
2541 1310 2609 1363 ad
2656 1308 2923 1364 Joannem
2977 1314 3323 1382 perveniens,
3368 1315 3628 1386 desierat,

2055 1399 2292 1468 amplius
2322 1400 2465 1470 apud
2510 1416 2608 1456 eos
2650 1402 3002 1471 Operahatur,
3040 1412 3135 1459 sed
3169 1405 3291 1461 loco
3325 1406 3445 1477 ejus
3473 1423 3632 1464 men-

2055 1490 2161 1543 dax
2210 1492 2431 1561 quidam
2463 1494 2726 1563 propheta
2757 1501 2811 1549 et
2844 1495 3044 1566 impius
3086 1498 3348 1568 populum
3390 1500 3632 1573 decipie-

2056 1581 2196 1653 bat),
2226 1585 2424 1639 merito
2465 1586 2571 1640 tria
2628 1586 2721 1641 illa
2769 1588 2933 1654 dona,
2977 1604 3098 1659 quae
3148 1592 3426 1661 quondam
3460 1610 3630 1665 supra

2056 1691 2215 1732 omne
2243 1687 2627 1733 ornamentum
2651 1696 2714 1735 ac
2742 1682 2910 1738 decus
2934 1690 3101 1739 totam
3131 1686 3278 1740 illam
3296 1696 3507 1748 gentem
3535 1703 3632 1742 or-

2058 1768 2278 1833 nabant,
2324 1770 2669 1825 sublaturum
2719 1788 2780 1828 se
2823 1789 2930 1828 uno
2964 1781 3208 1838 tempore
3241 1777 3502 1848 minatur,
3542 1778 3631 1835 di-

2058 1874 2224 1915 cens:
2280 1860 2378 1914 «Et
2431 1861 2677 1918 auferam
2719 1874 2831 1920 tres
2863 1875 3113 1935 pastores
3164 1868 3221 1922 in
3268 1884 3459 1926 mense
3491 1886 3627 1937 uno,

2057 1954 2111 2001 et
2139 1950 2455 2019 gravabitur
2470 1954 2649 2007 anima
2662 1969 2784 2009 mea
2803 1970 2969 2025 super
2990 1970 3086 2012 eos
3104 1974 3152 2024 ;›
3177 1972 3277 2027 pro
3294 1974 3404 2029 quo
3431 1959 3629 2030 Aquila

2056 2047 2273 2109 quidem
2295 2042 2375 2096 sic
2394 2042 2504 2099 ait:
2535 2062 2554 2095 ι
2582 2044 2647 2098 Et
2671 2048 2920 2101 mutilata
2948 2055 3031 2103 est
3056 2049 3239 2103 anima
3269 2065 3389 2106 mea
3406 2052 3463 2107 in
3485 2054 3624 2119 eis»

2058 2130 2416 2203 Symmachus
2462 2144 2679 2191 autem:
2740 2137 2835 2191 «Et
2865 2140 3207 2195 exanimatus
3236 2156 3359 2198 sum
3391 2142 3446 2196 in
3473 2146 3623 2212 eis;»

2056 2221 2397 2280 Theodotion
2431 2236 2612 2283 autem
2638 2247 2650 2281 :
2680 2246 2701 2280 ι
2730 2228 2794 2282 Et
2823 2230 3136 2284 exanimata
3171 2241 3257 2288 est
3286 2234 3470 2288 anima
3507 2251 3627 2291 mea

2055 2331 2350 2386 supereos.
2390 2338 2409 2371 ι
2440 2320 2507 2374 Et
2535 2335 2757 2377 causam
2788 2325 3211 2381 exaniinationis
3229 2327 3469 2382 ostendit
3484 2327 3627 2383 iniis

2053 2423 2175 2477 qua:
2205 2408 2491 2481 adjungit:
2546 2411 2793 2468 «Etenim
2844 2416 3041 2470 anima:
3096 2432 3287 2472 eorum
3340 2420 3630 2489 rugierunt

2055 2515 2220 2571 super
2250 2518 2393 2569 me,»
2433 2518 2533 2575 pro
2561 2520 2672 2574 quo
2698 2520 2895 2562 rursus
2940 2508 3136 2577 Aquila
3167 2510 3273 2565 hoc
3297 2511 3462 2566 modo
3491 2527 3629 2568 con-

2052 2596 2247 2651 vertit:
2278 2615 2299 2647 c
2326 2595 2540 2651 Etenim
2574 2598 2756 2653 anima
2785 2615 2975 2654 eorum
3006 2601 3345 2658 immaturuit
3388 2604 3440 2658 in
3467 2620 3552 2661 me
3573 2624 3622 2672 ,ι

2056 2688 2417 2761 Symmachus
2449 2701 2664 2747 autem:
2717 2711 2736 2744 ι
2762 2692 2825 2746 Et
2855 2694 3036 2749 anima
3072 2711 3262 2751 eorum
3304 2699 3530 2755 invaluit
3570 2701 3626 2757 in

2053 2797 2160 2837 me.
2198 2801 2216 2833 ι
2238 2780 2320 2841 llli
2347 2798 2479 2839 vero
2500 2783 2645 2855 quod
2670 2785 2811 2855 apud
2832 2783 2974 2839 LXX
3002 2786 3208 2841 dictum
3226 2796 3343 2844 est:
3383 2789 3626 2847 «Etenim

2052 2875 2249 2931 anima:
2289 2888 2480 2932 eorum
2538 2878 2826 2949 rugierunt
2854 2893 3021 2949 super
3068 2894 3209 2944 me,»
3248 2882 3429 2937 simile
3471 2885 3631 2953 quid-

2051 2966 2177 3021 dam
2206 2965 2379 3023 fertur
2399 2969 2562 3024 etiam
2595 2968 2738 3039 apud
2760 2969 3074 3035 Jeremiam,
3109 2972 3255 3041 quod
3294 2989 3359 3028 ex
3390 2989 3627 3045 persona

2052 3055 2266 3113 Domini
2312 3058 2591 3129 profertur
2639 3061 2726 3115 his
2779 3062 2996 3117 verbis:
3044 3061 3351 3134 «Dereliqui
3402 3065 3624 3121 domum

2053 3164 2252 3214 meam,
2303 3149 2488 3207 dimisi
2519 3151 2893 3207 hareditatem
2946 3166 3144 3218 meam,
3189 3154 3311 3209 dedi
3371 3154 3626 3212 dilectam

2050 3241 2286 3296 animam
2316 3256 2493 3298 meam
2546 3242 2603 3297 in
2638 3258 2833 3298 manus
2886 3244 3235 3299 inimicorum
3285 3245 3427 3316 ejus,
3484 3247 3627 3303 facta

2047 3339 2133 3387 est
2165 3332 2457 3388 hereditas
2483 3347 2604 3388 mea
2634 3334 2765 3388 mihi
2796 3346 2855 3389 ut
2881 3336 2964 3392 leo
2990 3336 3045 3391 in
3078 3338 3238 3400 silva,
3276 3336 3427 3393 dedit
3458 3353 3627 3410 super

2047 3438 2136 3479 me
2168 3440 2357 3480 vocem
2389 3441 2569 3491 suam,
2601 3427 2853 3497 nunquid
2904 3429 3165 3498 spelunca
3204 3430 3406 3499 hyaenae
3451 3431 3620 3486 haere-

2047 3516 2191 3572 ditas
2226 3532 2345 3572 mea
2377 3518 2610 3571 mihi"?
2648 3536 2667 3569 ι
2696 3517 2796 3572 has
2831 3517 3000 3587 igitur
3021 3519 3093 3573 ob
3124 3534 3213 3575 res
3238 3522 3435 3576 merito
3468 3521 3627 3577 dein-

2047 3622 2177 3679 ceps
2222 3608 2503 3680 adjungit:
2545 3627 2564 3658 ι
2596 3607 2663 3662 Ει
2706 3608 2840 3670 dixi,
2873 3607 2991 3663 Non
3037 3625 3257 3680 pascam
3290 3627 3427 3677 vos;
3474 3615 3623 3686 quod

2048 3701 2299 3765 maritur,
2342 3701 2631 3767 moriatur,
2658 3708 2713 3756 et
2742 3699 2889 3771 quod
2916 3700 3121 3768 deﬁcit,
3153 3701 3394 3769 deﬁciat,
3425 3712 3481 3760 et
3500 3720 3625 3778 qum

2047 3792 2256 3862 reliqua
2292 3798 2421 3847 sunt
2445 3792 2728 3857 devorent,
2760 3793 3140 3864 unusquisque
3161 3808 3355 3850 carnes
3383 3798 3621 3866 proximi

2047 3884 2188 3938 sui.»
2226 3883 2356 3940 Post
2386 3899 2509 3955 qua:
2534 3884 2759 3954 subjicit
2784 3904 2798 3939 :
2839 3904 2857 3937 ι
2883 3883 2951 3938 Ει
2966 3886 3179 3956 capiam
3206 3888 3416 3958 virgam
3443 3903 3619 3944 meam

2045 3974 2353 4045 pulchram,
2377 3982 2431 4030 et
2452 3974 2705 4044 abjiciam
2742 3989 2919 4030 eam.»
2958 3973 3067 4030 Pro
3101 3990 3211 4046 quo
3236 3975 3466 4047 Aquila:
3522 3975 3621 4032 «Et

2046 4069 2257 4140 accepi,
2292 4067 2490 4137 inquit,
2549 4068 2759 4135 virgam
2814 4082 3012 4133 meam,
3046 4066 3321 4135 decorem,
3354 4077 3410 4125 et
3437 4069 3618 4126 excidi

2046 4160 2217 4226 illam,
2254 4180 2274 4212 ι
2312 4159 2605 4215 Mosaicam
2666 4159 2919 4216 videlicet
2993 4160 3388 4217 adorationem.
3476 4160 3620 4233 Ergo

2045 4252 2222 4324 prima
2257 4251 2477 4323 quidem
2528 4251 2684 4323 virga
2716 4251 2876 4309 initio
2922 4252 3214 4318 sermonis,
3257 4255 3437 4326 prima
3486 4254 3621 4311 item

2044 4359 2167 4414 qua:
2215 4343 2500 4416 frangatur
2553 4353 2609 4399 et
2660 4344 2971 4414 abjiciatur,
3010 4344 3129 4401 fore
3169 4346 3393 4402 dicitur.
3445 4346 3619 4424 m

2042 4435 2182 4493 Cum
2216 4447 2397 4493 autem
2429 4438 2668 4509 pretium
2700 4437 2842 4508 ejus,
2895 4438 2989 4509 qui
3040 4439 3346 4496 testimatus
3394 4448 3501 4505 est,
3563 4449 3620 4494 et

359 4523 657 4595 ἐπειδήπερ
678 4524 950 4596 ἀποϐολὴν
967 4525 1189 4579 ἐκείνων
1208 4525 1392 4596 σαφῶς
1410 4526 1498 4581 διὰ
1513 4525 1719 4580 τούτων
1742 4528 1769 4579 6
1781 4525 1940 4594 λόγος

2050 4543 2148 4599 pro
2196 4544 2265 4584 eo
2319 4536 2605 4601 argentum
2650 4527 2916 4599 proditori
2968 4537 3275 4600 erogatum,
3312 4529 3617 4602 projectum

357 4613 649 4687 ἐμήνυσεν,
678 4617 902 4680 εἰκότως
933 4615 1060 4687 ἑξῆς
1095 4617 1271 4670 οὐκέτ’
1306 4618 1504 4682 αὐτοὺς
1536 4616 1934 4687 ὲπιγνώσεσθαι

355 4705 457 4776 τὴν
486 4705 595 4760 τῶν
630 4709 1119 4780 προφητευομένων
1154 4708 1378 4780 δύναμιν
1420 4728 1604 4782 φησιν,
1637 4709 1773 4764 ἀλλά
1809 4711 1936 4774 τοὺς

357 4796 713 4864 Χαναναίους,
735 4799 932 4868 λέγων·
969 4818 988 4851 ι
1019 4802 1128 4855 Kal
1155 4801 1450 4871 γνώσονται
1478 4804 1529 4855 oi
1554 4803 1843 4855 Χαναναῖοι
1866 4797 1937 4854 τὰ

358 4889 605 4960 πρόϐατα
650 4890 720 4945 τὰ
764 4892 1147 4963 φυλασσόμενά
1195 4912 1306 4965 μοι,
1341 4892 1477 4948 διότι
1523 4892 1679 4962 λόγος
1726 4891 1934 4965 Κυρίου

357 4981 493 5035 ἐστί.
536 5001 556 5034 ι
596 4984 751 5047 Τίνες
780 4983 823 5037 δ’
860 4984 926 5040 ἂν
958 4981 1068 5039 εἷεν
1096 4988 1145 5039 οἱ
1172 4987 1465 5040 Χαναναῖοι
1493 4984 1607 5038 ἀλλ’
1634 4985 1668 5058 ἢ
1699 4987 1859 5056 ἡμεῖς
1884 4985 1936 5037 οἱ

358 5074 488 5144 πρὶν
511 5073 818 5145 ἀλλόφυλοι,
849 5080 941 5131 καὶ
960 5077 1020 5145 ἐξ
1040 5079 1295 5133 ἁπάντων
1314 5080 1424 5133 τῶν
1451 5078 1620 5132 πάλαι
1644 5074 1820 5131 ἀθέων
1844 5074 1939 5132 καὶ

358 5162 571 5217 ἀσεϐῶν
600 5167 765 5221 ἐθνῶν
798 5169 1044 5241 πρόϐατα
1072 5170 1150 5242 τῷ
1179 5171 1400 5244 Χριστῷ
1427 5170 1859 5243 πεφυλαγμένοις
1886 5172 1936 5225 οἱ

357 5255 454 5309 καὶ
477 5255 568 5309 διὰ
590 5262 690 5329 τῆς
719 5259 886 5314 αὑτοῦ
914 5261 1137 5334 χάριτος
1168 5261 1637 5334 μεταϐεϐλήμεθα,
1662 5263 1758 5317 καὶ
1807 5280 1935 5316 συν-

358 5347 510 5413 έντες
557 5349 626 5404 τὰ
660 5351 1081 5425 τεθεσπισμένα,
1108 5353 1310 5423 γνῶσιν
1335 5355 1509 5427 ἀληθῆ
1533 5354 1628 5408 τοῦ
1658 5354 1815 5423 λόγου
1839 5352 1933 5408 τοῦ

358 5438 565 5511 Κυρίου
607 5442 928 5515 εἰλήφαμεν.
955 5446 1239 5517 Ἔγνωμέν
1279 5464 1338 5499 τε
1374 5449 1532 5518 ἡμεῖς
1557 5449 1606 5500 οἱ
1640 5448 1933 5502 Χαναναῖοι

359 5531 452 5585 καὶ
485 5534 796 5606 συνήκαμεν
839 5536 909 5591 τὰ
937 5538 1267 5611 δηλούμενα·
1297 5540 1396 5593 οὐκ
1442 5538 1683 5610 εγνωσαν
1714 5540 1771 5594 δὲ
1811 5539 1933 5596 οὐδὲ

357 5624 600 5695 συνῆκαν
637 5630 683 5680 οἱ
712 5629 805 5683 τὸν
842 5632 1058 5705 Ἰσραὴλ
1090 5633 1379 5704 αὐχοῦντες
1413 5634 1506 5688 καὶ
1536 5634 1629 5707 ἐπὶ
1658 5632 1737 5706 τῷ
1764 5634 1933 5708 σπέρ-

362 5732 494 5786 ματι
534 5716 629 5771 ’Δϐ
638 5722 785 5793 ραάμ
819 5725 1189 5797 ἐπαιρόμενοι.

431 5853 476 5887 "
512 5855 620 5913 Jer.
655 5873 767 5923 xu,
802 5859 916 5924 8,9.

2040 4628 2125 4677 est
2156 4621 2212 4674 in
2271 4619 2494 4675 domum
2531 4619 2747 4675 Domini
2777 4628 3040 4691 tanquam
3071 4621 3128 4675 in
3159 4619 3459 4686 fornacem,
3494 4629 3615 4677 tum

2042 4726 2175 4768 vero
2226 4712 2392 4766 etiam
2451 4726 2515 4766 ea
2569 4726 2693 4782 quae
2748 4712 2815 4766 ad
2849 4713 3078 4769 alteram
3110 4712 3340 4783 virgam,
3375 4712 3478 4767 hoc
3506 4720 3612 4777 est,

2043 4817 2167 4876 qua:
2214 4802 2283 4858 ad
2314 4802 2631 4859 universam
2661 4811 2878 4875 gentem
2929 4802 3228 4874 pertinent,
3273 4801 3405 4873 quid
3435 4803 3615 4858 latura

2045 4897 2159 4953 sint
2189 4894 2338 4963 mali,
2370 4894 2689 4966 prophetice
2719 4892 3033 4949 declaratur
3057 4893 3115 4947 in
3137 4892 3247 4947 illis
3270 4892 3482 4948 verbis:
3507 4911 3527 4945 ι
3546 4893 3615 4949 Et

2045 4988 2220 5060 abjeci
2255 4988 2464 5059 virgam
2489 4988 2739 5050 alteram,
2774 4986 3082 5043 funiculum
3127 4985 3197 5040 ad
3230 4984 3614 5057 dissipandum

2041 5087 2429 5136 testamentum
2458 5081 2601 5135 inter
2630 5078 2830 5135 Judam
2861 5088 2916 5135 et
2965 5077 3134 5136 Israel
3157 5097 3171 5134 :
3198 5097 3219 5133 ι
3266 5085 3321 5132 et
3352 5076 3610 5148 quoniam

2042 5173 2264 5227 illorum
2294 5172 2651 5242 rejectionem
2684 5171 2772 5225 his
2802 5168 2987 5226 verbis
3022 5170 3182 5240 plane
3214 5167 3498 5227 oraculum
3525 5164 3613 5220 in-

2041 5259 2267 5325 dicavit,
2327 5261 2526 5316 merito
2574 5258 2832 5330 deinceps
2875 5273 2988 5313 non
3045 5257 3279 5329 amplius
3328 5257 3455 5311 illos
3498 5255 3611 5310 vim

2040 5355 2454 5427 prophetiarum
2510 5353 2889 5407 intellecturos
2953 5349 3207 5415 afﬁrmat,
3264 5349 3360 5405 sed
3393 5348 3610 5404 Chana-

2042 5464 2213 5514 meos,
2246 5449 2327 5503 sic
2360 5448 2589 5502 dicens:
2626 5440 2724 5498 «Et
2749 5450 3088 5514 cognoscent
3131 5441 3447 5506 Chananaai.
3478 5454 3610 5500 oves

2038 5556 2163 5614 que
2194 5536 2588 5597 custodiuntur
2624 5537 2779 5596 mihi.
2808 5536 2955 5606 quod
2986 5535 3213 5590 verbum
3231 5533 3445 5590 Domini
3462 5543 3607 5590 est.»

2037 5636 2331 5698 Cancrum,
2372 5631 2466 5703 qui
2517 5629 2735 5686 tandem
2788 5627 2880 5683 alii
2926 5625 3131 5683 fuerint
3188 5626 3244 5683 hi
3287 5625 3606 5689 Chananwi,

2035 5742 2200 5800 quam
2226 5741 2328 5782 nos
2352 5723 2498 5794 ipsi?
2524 5723 2616 5795 qui
2647 5722 2805 5795 prius
2836 5723 3001 5780 alieni
3038 5737 3280 5789 eramus,
3322 5732 3375 5778 et
3416 5720 3508 5792 qui
3540 5733 3606 5774 es

2476 5996 2479 5997 ,
2566 5954 2609 5997 ἰ*
