4112 6446
438 385 539 443 751
1112 382 1384 438 EUSEBII
1420 380 1907 439 cmsammsrs
1944 381 2095 440 ΟΡΡ.
2135 380 2321 437 PARS
2358 383 2422 438 il.
2462 416 2533 425 —
2565 384 3067 441 APOLOGETlCA.
3615 384 3718 441 71'!

439 504 717 561 universis
746 503 875 558 olim
898 500 1144 574 profanis
1171 510 1333 572 atque
1381 503 1563 573 impiis
1584 502 1861 572 gentibus,
1894 517 2030 558 oves
2074 494 2301 559 Christo
2330 504 2587 560 custoditi
2614 506 2843 561 sumus?
2885 507 2978 576 qui
3026 507 3190 560 etiam
3229 507 3493 561 beneﬂcio
3560 508 3711 564 illius

439 612 631 656 sumus
658 596 951 659 immutati,
982 603 1036 650 et
1066 595 1184 665 ipsa
1214 595 1471 651 vaticinia
1501 594 1891 664 prophetarum
1986 594 2368 665 intelligentes,
2406 598 2773 667 cognitionem
2834 615 3019 653 veram
3083 598 3233 652 verbi
3296 597 3514 654 Domini
3553 616 3711 656 acce-

439 692 642 766 pimus.
686 689 852 745 lidem
899 704 1001 744 nos
1047 689 1141 760 qui
1182 704 1373 745 sumus
1401 687 1718 758 Chananmi,
1773 690 2030 747 novimus
2068 695 2230 759 atque
2262 691 2631 746 intelleximus
2655 706 2718 745 ea
2756 707 2877 762 qua:
2900 693 3179 747 dicuntur.
3246 689 3368 746 Non
3436 699 3710 747 noverunt

438 793 622 840 autem
661 798 838 853 neque
887 781 1296 852 intellexerunt,
1363 784 1459 854 qui
1491 783 1717 839 nomine
1776 780 1943 837 Israel
2014 784 2340 854 gloriantur,
2382 794 2432 839 et
2488 785 2582 857 qui
2642 800 2828 840 semen
2874 787 3107 843 Abrahae
3130 787 3343 858 jactare
3409 802 3710 844 consueve-

437 887 586 935 ιὐηι.

636 992 679 1044 Α
709 990 962 1046 Ieremia.
988 1020 1058 1031 -—
1081 989 1217 1045 Item
1244 989 1307 1045 de
1332 988 1481 1047 Iuda
1510 990 1845 1045 nominatim.

514 1127 534 1160 ι
563 1105 859 1162 Peccatum
890 1104 1030 1160 Juda
1056 1105 1319 1175 scriptum
1344 1112 1428 1160 est
1453 1106 1593 1177 stylo
1625 1105 1802 1162 ferreo
1830 1106 1883 1160 in
1916 1122 2020 1159 un-

435 1217 538 1273 gue
566 1200 938 1264 adamantino,
973 1205 1261 1251 exaratum
1285 1195 1808 1267 superlatitndinem
1834 1198 2017 1251 cordis

432 1293 574 1361 ejus,
615 1301 669 1346 et
720 1290 773 1344 in
828 1288 1091 1343 cornibus
1152 1288 1409 1343 altarium
1481 1297 1811 1342 vestrorum.
1880 1287 2015 1341 Cum

434 1383 709 1441 recordati
762 1380 966 1437 fuerint
1024 1378 1120 1433 filii
1175 1394 1366 1434 eorum
1412 1394 1633 1433 ararum
1701 1394 1925 1434 suarum
1963 1387 2018 1434 et

435 1463 687 1532 lucorum
717 1489 946 1529 suorum
986 1473 1039 1527 in
1073 1473 1223 1542 ligno
1262 1472 1434 1526 denso
1460 1479 1514 1526 et
1547 1471 1604 1526 in
1650 1472 1885 1526 collibus
1921 1487 2018 1526 ex-

433 1571 621 1632 celsis,
657 1568 827 1623 robur
886 1576 1042 1621 tuum
1096 1573 1151 1619 et
1194 1578 1388 1619 omnes
1440 1563 1735 1619 thesauros
1777 1572 1903 1619 tuos
1960 1565 2015 1618 in

431 1662 792 1733 direptionem
825 1658 989 1723 dabo,
1029 1666 1081 1714 et
1112 1659 1329 1712 excelsa
1355 1666 1447 1711 tua
1478 1657 1533 1711 in
1566 1666 1791 1727 peccato
1823 1657 1877 1711 in
1897 1672 2015 1711 om-

442 1753 615 1809 nibus
641 1750 843 1805 ﬁnibus
875 1753 1008 1814 tuis,
1036 1756 1091 1804 et
1120 1748 1424 1818 privaberis
1457 1756 1510 1803 et
1541 1748 1921 1803 humiliaberis
1948 1749 2013 1801 al)

430 1840 771 1907 haereditate,
806 1855 969 1911 quam
1016 1839 1139 1893 dedi
1206 1839 1327 1903 tibi,
1369 1846 1425 1892 et
1480 1838 1812 1894 transferam
1864 1850 1915 1892 te
1947 1837 2012 1891 ad

432 1936 691 1991 inimicos
730 1942 854 1989 tuos
890 1932 946 1985 in
974 1940 1174 1985 terram
1206 1946 1371 2001 quam
1402 1945 1512 1985 non
1539 1930 1683 1985 nosti
1709 1947 1724 1997 ;
1754 1932 2013 2000 quoniam

432 2027 580 2098 imis
612 2039 879 2081 accensus
912 2031 997 2079 est
1028 2023 1087 2078 in
1116 2023 1304 2079 furore
1334 2038 1476 2087 meo,
1516 2038 1693 2093 usque
1744 2023 1799 2075 in
1835 2038 2009 2077 saecu-

430 2118 546 2174 lum
573 2118 782 2174 ardebit
802 2118 902 2171 3°.»
928 2113 1168 2173 Tametsi
1214 2117 1328 2170 haec
1360 2131 1468 2171 non
1501 2115 1642 2185 apud
1667 2113 1837 2179 LXX,
1871 2123 2012 2169 atta-

428 2229 554 2269 men
592 2214 646 2268 in
678 2212 950 2268 ilebraico
995 2212 1141 2266 nacti
1174 2218 1341 2281 atque
1370 2209 1425 2264 in
1470 2211 1808 2279 reliquorum
1844 2212 2012 2264 inter-

427 2312 646 2377 pretum
695 2304 1054 2368 editionibus,
1103 2302 1233 2357 item
1277 2302 1331 2354 in
1372 2300 1829 2371 exquisitioribus
1869 2314 2007 2371 quo—

429 2410 536 2466 que
570 2394 821 2466 ipsorum
875 2391 1018 2446 LXX
1061 2390 1474 2462 exemplaribus
1503 2405 1628 2445 cum
1660 2391 2006 2461 appositione

429 2488 793 2556 stellularum,
831 2484 997 2559 485
1030 2483 1346 2541 necessario
1373 2499 1438 2540 ea
1469 2484 1843 2555 apposuimus,
1889 2494 2012 2539 tan-

427 2596 593 2652 quam
625 2596 688 2636 ea
720 2596 843 2651 quae
866 2578 1191 2634 nominatim
1224 2578 1403 2649 ipsum
1449 2575 1787 2647 proditorem
1811 2574 2008 2631 Judam

429 2669 754 2741 significent,
801 2678 858 2725 et
888 2676 1175 2740 peccatum
1221 2668 1369 2739 quod
1400 2668 1468 2722 ab
1512 2668 1606 2722 illo
1645 2667 2007 2722 commissura

427 2768 534 2824 est,
601 2760 718 2816 ﬁeri
768 2777 877 2817 non
931 2776 1095 2831 posse
1137 2768 1198 2815 at
1241 2775 1480 2830 unquam
1534 2761 1838 2815 abolentur.
1892 2759 2008 2815 Hoc

424 2855 572 2911 enim
619 2854 755 2909 mihi
798 2853 1014 2909 videtur
1082 2853 1394 2923 significare
1451 2852 1619 2908 illud:
1665 2872 1683 2905 ι
1715 2852 2007 2909 Peccatum

424 2941 563 3000 Iuda
597 2945 863 3015 scriptum
895 2952 980 2999 est
1028 2945 1168 3015 stylo
1198 2941 1377 2999 ferreo
1421 2944 1477 2998 in
1520 2959 1701 3015 ungue
1745 2944 2007 2999 adornan-

425 3037 602 3091 tino.»
645 3034 914 3091 Poterunt
946 3035 1076 3089 item
1104 3032 1298 3088 referri
1347 3032 1413 3088 ad
1459 3033 1770 3088 universam
1816 3031 2008 3087 Judai-

424 3145 546 3184 cam
594 3138 834 3201 gentem,
885 3128 1088 3200 quibus
1152 3127 1413 3198 deinceps
1459 3128 1581 3199 ipso
1631 3126 1826 3182 ordine
1883 3134 2007 3197 post

424 3222 672 3291 ipsorum
717 3222 898 3277 scelus
950 3219 1265 3284 indelebile,
1322 3229 1650 3285 extremam,
1688 3236 1811 3291 quae
1852 3221 2004 3291 ipsos

423 3315 682 3386 punitura
713 3320 816 3381 est,
847 3313 1144 3384 perniciem
1177 3313 1586 3376 intermittatur,
1630 3328 1753 3382 quae
1782 3328 1893 3366 non
1921 3321 2005 3366 est

422 3423 571 3463 nunc
604 3406 882 3476 sigillatim
939 3405 1005 3461 ad
1046 3405 1275 3460 verbum
1316 3404 1713 3474 interpretandi
1762 3411 1999 3472 tempus.

424 3498 528 3556 Sed
562 3500 783 3570 quando
815 3508 924 3553 tam
960 3498 1132 3552 multa
1162 3497 1433 3553 hactenus
1462 3498 1531 3553 de
1565 3513 1650 3565 eo,
1682 3497 1777 3568 qui
1810 3493 2001 3550 Salva-

421 3601 594 3648 torem
628 3608 692 3646 ac
722 3590 1009 3647 Dominum
1040 3598 1291 3646 nostrum
1326 3597 1445 3645 erat
1476 3590 1815 3661 proditurus,
1849 3588 2003 3641 aliis-

422 3700 530 3756 que
574 3685 668 3754 qui
726 3684 805 3738 illi
852 3681 1084 3739 insidias
1114 3682 1315 3737 facturi
1346 3691 1526 3745 erant,
1560 3681 1828 3737 divinitus
1856 3696 1996 3751 pra:-

421 3778 568 3831 dicta
619 3777 1010 3847 exposuimus:
1065 3786 1289 3847 tempus
1330 3776 1444 3845 jam
1497 3774 1664 3830 fuerit
1719 3789 1844 3845 quae
1876 3773 1999 3829 sub

420 3870 595 3940 ipsam
653 3869 898 3938 ejusdem
950 3869 1265 3940 passionem
1322 3875 1588 3923 eventura
1649 3867 1891 3931 fuerunt,
1944 3876 2005 3921 ut

422 3965 551 4019 item
601 3962 869 4019 divinitus
903 3978 999 4033 per
1039 3963 1332 4033 prophetas
1378 3962 1701 4018 denuntiata
1745 3965 1877 4029 sint,
1914 3965 2001 4018 in-

420 4056 578 4111 tueri.

419 4170 497 4223 Ab
526 4170 707 4223 Amos.
740 4198 810 4209 ——
842 4166 919 4222 De
946 4168 1073 4222 solis
1101 4167 1325 4238 defectu,
1354 4168 1521 4238 quiin
1550 4168 1668 4237 ipsa
1699 4166 2008 4238 Saglvatoris

489 4241 657 4322 nostri
687 4240 963 4322 .pass’ione
1004 4236 1237 4305 accidit,
1289 4249 1340 4291 et
1366 4236 1453 4293 Vde
1486 4236 1723 4295 extremo
1753 4236 2003 4294 Judaicw

486 4318 654 4380 gentis
680 4318 917 4364 interitu.

493 4507 511 4540 ι
548 4485 704 4542 Jurat
735 4486 999 4543 Dominus
1044 4488 1099 4542 in
1158 4485 1472 4557 superbiam
1511 4482 1703 4552 Jacob,
1757 4488 1804 4543 si
1861 4488 2003 4543 obli-

416 4581 654 4637 viscetur
688 4581 740 4635 in
777 4580 1063 4636 victoriam
1107 4581 1294 4634 omnia
1326 4596 1490 4651 opera
1518 4587 1721 4643 vestra,
1752 4586 1807 4634 et
1836 4596 2002 4650 super

414 4675 503 4730 bis
530 4690 641 4729 non
671 4673 981 4729 turbabitur
1008 4680 1189 4738 terra,
1227 4681 1280 4728 et
1320 4674 1527 4744 lugebit
1563 4674 1743 4728 omnis
1775 4674 1867 4744 qui
1903 4674 2000 4726 ha-

415 4767 552 4822 bitat
575 4767 631 4822 in
660 4782 746 4833 ea,
775 4774 831 4822 et
862 4765 1122 4822 ascendet
1150 4765 1309 4837 quasi
1336 4764 1536 4821 ﬂuvius
1567 4763 1997 4828 consummatio,

413 4866 470 4912 et
496 4858 793 4914 descendet
838 4857 998 4929 quasi
1056 4855 1259 4912 ﬂuvius
1292 4855 1538 4927 Egypti,
1582 4863 1638 4910 et
1688 4855 1792 4910 erit
1821 4856 1878 4908 in
1910 4853 1999 4908 die

416 4949 530 5015 illa,
560 4949 697 5007 dicit
723 4947 1013 5015 Dominus,
1049 4949 1261 5005 occidet
1293 4948 1373 5003 sol
1408 4949 1466 5002 in
1492 4947 1738 5010 meridie,
1759 4954 1813 5002 et
1844 4944 1999 5003 obte-

411 5045 736 5102 nebrabitur
764 5058 932 5115 super
963 5054 1163 5098 terram
1197 5041 1252 5097 in
1282 5042 1370 5097 die
1398 5042 1488 5097 lux
1515 5081 1530 5106 ,
1590 5047 1645 5097 et
1682 5045 1996 5095 convertam

412 5136 680 5192 solemnia
715 5143 898 5190 vestra
931 5134 987 5188 in
1019 5133 1246 5201 luctum,
1280 5141 1334 5187 et
1356 5130 1540 5186 omnia
1569 5131 1782 5185 cantica
1815 5134 1997 5183 vestra

411 5227 469 5284 in
500 5229 832 5291 lamentum,
868 5238 923 5282 et
970 5227 1225 5283 inducam
1274 5240 1440 5295 super
1485 5237 1704 5279 omnem
1749 5218 1995 5274 lumbum

409 5333 657 5387 saccum,
697 5331 750 5377 et
790 5336 954 5391 super
985 5335 1149 5376 omne
1184 5325 1348 5389 caput
1377 5317 1671 5379 calviticm,
1706 5324 1761 5369 et
1798 5327 1994 5384 ponam

411 5429 537 5471 eum
568 5422 831 5485 tanquam
853 5414 1061 5468 luctum
1098 5411 1309 5476 dilecti,
1348 5418 1402 5467 et
1429 5410 1524 5482 qui
1551 5421 1676 5462 cum
1707 5419 1774 5461 eo
1796 5405 1999 5460 fuerint

414 5513 674 5577 tanquam
708 5508 851 5563 diem
884 5505 1090 5562 doloris
1115 5523 1131 5563 :
1154 5518 1281 5560 ecce
1305 5502 1423 5558 dies
1460 5501 1706 5565 veniunt,
1737 5497 1869 5551 dicit
1892 5493 2000 5552 Do-

2048 998 2094 1052 Α
2131 989 2267 1045 Ἀπὸ
2285 991 2391 1045 τοῦ
2407 990 2904 1060 Ἰερεμίου.-Ἕτι
2918 990 3052 1059 περὶ
3065 990 3172 1045 τοῦ
3188 991 3377 1045 Ἰούδα
3392 993 3707 1064 ὀνομαστί.

2207 1121 2225 1154 ι
2262 1104 2532 1175 Ἀμαρτία
2573 1103 2743 1158 Ἰούδα
2765 1104 3166 1176 γέγραπταινὲν
3191 1107 3438 1177 γραφείῳ
3479 1108 3705 1180 σιδηρῷ,

2119 1197 2176 1249 ὲν
2196 1195 2348 1265 δνυχι
2372 1196 2737 1268 ἀδαμαντίνῳ,
2766 1196 3218 1270 ὲγκεκολαμμένη
3240 1198 3331 1251 ἐπὶ
3355 1198 3451 1251 τοῦ
3478 1201 3708 1272 στήθους

2116 1286 2216 1357 τῆς
2249 1285 2475 1357 καρδίας
2508 1286 2694 1352 αὑτοῦ,
2728 1278 2820 1341 καὶ
2867 1279 2990 1353 τοῖς
3027 1289 3220 1362 κέρασι
3267 1290 3377 1343 τῶν
3415 1290 3707 1366 θυσιαστη-

2119 1377 2250 1449 ρίων
2283 1378 2458 1449 ἡμῶν.
2501 1379 2694 1432 Ἦνίκα
2738 1379 3159 1452 ἀναμνησθῶσιν
3200 1383 3249 1434 oi
3296 1382 3401 1435 υἱοὶ
3435 1383 3613 1437 αὐτῶν
3637 1385 3705 1440 τά

2118 1471 2480 1544 θυσιαστήρια
2528 1472 2729 1537 αὐτῶν,
2759 1474 2852 1526 καὶ
2894 1472 2964 1526 τὰ
3001 1474 3138 1546 ἄλση
3187 1474 3366 1528 αὐτῶν
3406 1477 3498 1529 ἐπὶ
3546 1475 3704 1542 ξύλου

2114 1565 2302 1629 δασέος
2326 1605 2341 1630 ,
2390 1566 2483 1619 καὶ
2523 1566 2616 1619 ἐπὶ
2665 1564 2868 1636 βουνῶν
2918 1565 3229 1638 μετεώρων,
3262 1566 3414 1638 ἰσχύν
3466 1585 3559 1622 σου
3610 1570 3706 1625 καὶ

2115 1658 2325 1723 πάντας
2350 1661 2478 1723 τους
2521 1658 2828 1731 θησαυρούς
2852 1675 2944 1711 σου
2979 1661 3060 1722 είς
3094 1646 3373 1731 προνομὴν
3401 1660 3578 1727 δώσω,
3610 1664 3706 1717 καὶ

2113 1751 2182 1805 τὰ
2204 1750 2386 1823 ὑψηλά
2408 1768 2500 1805 σου
2530 1753 2588 1804 ὲν
2614 1751 2858 1824 ἁμαρτίᾳ
2882 1754 2939 1804 ὲν
2969 1753 3102 1804 πᾶσι
3126 1756 3236 1815 τοῖς
3257 1752 3427 1824 ὁρίοις
3453 1770 3566 1807 σου.
3596 1755 3706 1808 Καὶ

2110 1845 2484 1918 ἀφαιρεθήσῃ,
2513 1846 2607 1898 καὶ
2639 1844 3021 1917 ταπεινωθὴσῃ
3049 1844 3157 1898 ἀπὸ
3187 1845 3289 1915 τῆς
3315 1845 3702 1916 κληρονομίας,

2111 1935 2180 2012 ἦς
2212 1938 2390 1993 ἔδωκά
2418 1955 2523 2005 σοι,
2561 1939 2655 1991 καί
2684 1937 2929 1992 ἀναϐιϐῶ
2955 1955 3014 1990 σε
3046 1939 3103 1990 ὲν
3127 1940 3240 2001 τοῖς
3276 1937 3492 2009 ἐχθροῖς
3522 1956 3615 1992 σου
3643 1941 3704 1994 ἐν

2111 2037 2179 2106 τῇ
2228 2036 2321 2105 γῇ,
2357 2035 2424 2106 ἣν
2467 2033 2566 2086 οὐκ
2609 2031 2811 2101 ἔγνως·
2856 2032 2938 2084 ὅτι
2983 2031 3095 2100 πῦρ
3138 2032 3471 2086 ἐκκέκαυται
3523 2035 3580 2086 ὲν
3626 2032 3706 2105 τῷ

2113 2128 2272 2200 θυμῷ
2301 2146 2426 2201 μου,
2449 2127 2555 2189 ἓως
2578 2126 2773 2190 αἰῶνος
2799 2125 3154 2197 καυθήσεται.
3192 2145 3209 2177 ι
3244 2127 3307 2179 El
3334 2127 3428 2180 καὶ
3456 2128 3529 2198 μὴ
3556 2127 3707 2199 παρὰ

2111 2227 2224 2286 τοῖς
2253 2222 2671 2293 Ἑϐδομήκοντα,
2702 2218 2816 2273 ἀλλ’
2833 2214 2926 2272 οὗν
2951 2221 3007 2273 ὲν
3030 2218 3109 2291 τῷ
3133 2218 3404 2290 Ἐϐραῐκῷ
3421 2219 3594 2273 ταῦτα
3610 2220 3670 2272 εὐ
3698 2255 3707 2262 -

2114 2317 2316 2388 ρόντες,
2336 2315 2430 2369 καὶ
2452 2317 2508 2369 ὲν
2530 2316 2651 2378 ταῖς
2665 2313 2774 2366 τῶν
2790 2312 2993 2366 λοιπῶν
3025 2308 3377 2383 ἑρμηνευτῶν
3402 2311 3703 2374 ὲκδόσεσιν.

2118 2409 2199 2463 ἔτι
2242 2390 2347 2482 μὴν
2386 2407 2525 2479 μετά
2569 2405 2924 2479 παραθέσεως
2970 2404 3311 2476 ἀστερίσκων
3352 2405 3446 2458 καὶ
3489 2405 3549 2457 ὲν
3592 2407 3706 2467 τοῖς

2117 2502 2370 2575 ἀκριϐέσι
2403 2501 2512 2555 τῶν
2555 2499 2707 2571 παρά
2741 2502 2855 2563 τοῖς
2899 2497 3304 2569 Ἐϐδομὴκοντα
3329 2496 3704 2568 ἀντιγράφοις,

2117 2597 2429 2667 ἀναγκαίως
2466 2594 2607 2648 αὐτὰ
2652 2590 3025 2665 παρεθέμεθα,
3055 2591 3150 2645 ἅτε
3188 2591 3281 2643 καὶ
3309 2589 3571 2660 ὀνομαστὶ
3614 2590 3707 2643 τὸν

2118 2691 2383 2763 προδότην
2452 2687 2621 2742 Ἰούδα
2673 2684 2956 2758 δηλοῦντα,
3011 2684 3107 2738 καὶ
3156 2683 3255 2754 τὴν
3305 2682 3706 2754 πεπραγμένην

2114 2784 2262 2856 αὐτῷ
2286 2782 2563 2855 ἁμαρτίαν
2589 2779 2973 2844 ἀνεξάλειπτον
2998 2772 3137 2832 εἶναι
3163 2776 3503 2830 διδάσκοντα.
3532 2774 3706 2829 Τοῦτο

2114 2879 2223 2950 γὰρ
2267 2874 2599 2932 αἰνίττεσθαί
2650 2890 2739 2945 μοι
2778 2872 2927 2925 δοκεῖ
2974 2870 3054 2933 τὸ,
3112 2888 3132 2921 ι
3205 2868 3475 2939 Ἀμαρτία
3532 2867 3711 2922 Ἰούδαν

2114 2972 2487 3042 ἐγγέγραπται
2536 2969 2594 3021 ἐν
2640 2966 2891 3039 γραφείῳ
2934 2963 3159 3035 σιδηρῷ,
3196 2966 3252 3015 ὲν
3280 2960 3430 3033 ὄνυχι
3463 2961 3702 3034 ἀδαμαν-

2111 3066 2263 3135 τίνῳ.
2305 3083 2325 3115 ι
2362 3061 2462 3134 Εἴη
2495 3061 2538 3115 δ’
2574 3060 2640 3114 ἂν
2685 3060 2779 3114 καὶ
2826 3059 2919 3110 ἐπὶ
2967 3058 3076 3110 πᾶν
3111 3056 3173 3109 τὸ
3232 3054 3506 3109 Ἰουδαίων
3549 3054 3701 3120 ἔθνος

2112 3156 2517 3228 ἀναφερόμενα,
2545 3147 2626 3217 οἷς
2656 3151 2784 3222 ἑξῆς
2824 3152 2919 3205 καὶ
2946 3147 3255 3212 ἀκολούθως
3285 3147 3421 3219 μετὰ
3448 3148 3548 3219 τὴν
3573 3148 3696 3200 ἀνε-

2114 3250 2397 3315 ξάλειπτον
2447 3247 2626 3301 αὐτῶν
2672 3244 2927 3298 ἀσέϐειαν
2975 3243 3065 3296 τὸν
3122 3241 3449 3313 μετελθόντα
3496 3239 3694 3302 αὐτοὺς

2111 3343 2339 3413 ἔσχατον
2387 3340 2609 3411 ὄλεθρον
2658 3338 2908 3394 ἀπειλεῖ·
2964 3337 3106 3407 ἆπερ
3157 3336 3298 3390 κατά
3345 3334 3483 3399 λέξιν
3514 3336 3686 3406 ἑρμη-

2111 3436 2286 3492 νεύειν
2319 3435 2381 3489 οὐ
2411 3433 2506 3488 τοῦ
2550 3432 2821 3505 παρόντος
2842 3430 3105 3501 τυγχάνει
3137 3428 3354 3501 καιροῦ.
3405 3427 3560 3481 Ἀλλὰ
3582 3427 3691 3499 γὰρ

2109 3527 2380 3584 τοσούτων
2406 3525 2534 3598 περὶ
2565 3524 2659 3579 τοῦ
2688 3521 2986 3595 προδώσειν
3018 3522 3302 3593 μέλλοντος
3341 3520 3432 3573 τὸν
3467 3518 3701 3592 Σωτῆρα

2110 3621 2207 3677 καὶ
2237 3619 2441 3692 Κύριον
2470 3617 2647 3689 ἡμῶν,
2696 3616 2805 3669 τῶν
2854 3632 2913 3668 τε
2949 3615 3124 3678 ἄλλως
3166 3612 3694 3667 ἐπιϐεϐουλευκότων

2027 3728 2069 3786 C
2105 3714 2256 3785 αὐτῷ
2284 3709 2883 3785 προαναφωνηθέντων,
2923 3708 3115 3778 καιρὸς
3160 3708 3288 3760 ἰδεῖν
3321 3706 3515 3761 καὶτὰ
3553 3705 3697 3778 ἀμφὶ

2104 3808 2166 3862 τὸ
2224 3806 2398 3869 πάθος
2455 3803 2629 3858 αὑτοῦ
2690 3801 2955 3875 μέλλοντα
3011 3797 3385 3871 συμϐήσεσθαι
3438 3798 3697 3864 θεσπιζόα

2109 3915 2264 3971 μενα.

2117 4170 2262 4226 Ἀπὸ
2279 4170 2384 4225 τοῦ
2409 4168 2846 4239 Ἀμώς.--Περί
2864 4167 2977 4236 τῆς
2994 4167 3325 4239 ἐκζείψεως
3347 4165 3459 4239 τοῦ
3487 4166 3692 4232 ἡλίου,

2176 4241 2290 4309 τῆς
2318 4242 2419 4295 ἐπὶ
2452 4234 2534 4307 τῷ
2570 4234 2744 4295 ζπάθει
2786 4234 2905 4294 τοῦ
2926 4234 3213 4309 Σωτῆρος
3248 4234 3416 4309 ἡμῶν
3449 4252 3696 4309 γετενης

2169 4305 2385 4383 per-mc,
2428 4305 2539 4383 xui
2568 4311 2702 4379 περὶ
2748 4310 2855 4363 τοῦ
2896 4305 3235 4373 παντελοῦς
3278 4305 3529 4373 ὀλέθρου
3581 4305 3696 4361 τοῦ

2187 4385 2485 4439 Ἰουδαίων
2510 4381 2746 4446 ἔθνους.

2180 4496 2199 4529 ι
2246 4474 2466 4546 Όμνύει
2511 4473 2718 4543 Κύριος
2761 4467 2904 4523 κατὰ
2948 4452 3330 4539 ὑπερηφανίας
3376 4465 3601 4535 Ἰακὼϐ,
3641 4469 3695 4521 εἰ

2098 4567 2525 4638 ὲπιλησθὴσεται
2569 4567 2650 4627 είς
2693 4566 2842 4626 νῖκος
2871 4562 3048 4616 πάντα
3080 4561 3151 4615 τὰ
3188 4561 3324 4632 ἔργα
3368 4560 3552 4633 ὑμῶν,
3597 4563 3694 4616 καὶ

2100 4659 2193 4712 ἐπὶ
2224 4656 2433 4718 τούτοις
2468 4656 2528 4707 οὐ
2552 4653 2956 4725 ταραχθήσεται
2987 4655 3022 4723 ἡ
3054 4652 3148 4723 γῆ,
3176 4653 3269 4706 καὶ
3296 4651 3555 4723 πενθήσει
3581 4654 3693 4716 πᾶς

2101 4755 2129 4806 ὁ
2158 4749 2429 4803 κατοικῶν
2463 4752 2522 4803 ὲν
2567 4749 2728 4820 αὐτῇ,
2760 4748 2853 4802 καὶ
2892 4746 3226 4819 ἀναϐήσεται
3257 4746 3335 4810 ὡς
3374 4745 3617 4818 ποταμὸς
3655 4747 3701 4817 ἡ,

2101 4841 2400 4907 συντέλεια,
2445 4840 2539 4895 καὶ
2578 4841 2950 4912 καταϐήσεται
2980 4840 3056 4904 ὡς
3098 4839 3345 4911 ποταμὸς
3384 4839 3690 4908 Αἰγύπτου.

2099 4935 2211 4991 Καὶ
2245 4935 2398 4989 ἔσται
2438 4938 2497 4989 ὲν
2529 4933 2805 5008 ὲκείνῃτῇ
2835 4934 3051 5005 ἡμέρᾳ,
3082 4933 3230 5003 λέγει
3276 4932 3501 5006 Κύριος,
3532 4933 3693 4987 δύσε-

2099 5045 2190 5083 ται
2221 5029 2250 5081 ὁ
2274 5026 2425 5099 ἥλιος
2460 5026 2831 5099 μεσημϐρίας,
2864 5026 2957 5080 καὶ
2987 5024 3313 5079 συσκοτάσει
3341 5026 3435 5079 ἐπὶ
3463 5025 3566 5096 τῆς
3588 5024 3692 5094 γῆς

2028 5094 2074 5150 D
2104 5123 2161 5175 ὲν
2188 5094 2370 5194 ἡμέρᾳ
2396 5094 2474 5175 τὸ-
2656 5094 2767 5173 Καὶ
2793 5117 3154 5190 μεταστρέψω
3187 5116 3288 5181 τὰς
3309 5116 3503 5188 ἑορτὰς
3523 5094 3691 5184 νύμῶν

2102 5217 2184 5277 είς
2213 5213 2429 5279 πένθος,
2471 5212 2566 5266 καὶ
2600 5211 2782 5275 πάσας
2820 5211 2922 5276 τὰς
2956 5210 3101 5282 ᾠδὰς
3146 5209 3301 5282 ὑμῶν
3346 5212 3427 5273 εἰς
3454 5206 3689 5280 θρῆνον⁹

2104 5307 2198 5362 καὶ
2219 5304 2461 5360 ἀναϐιϐῶ
2495 5304 2586 5358 ἐπὶ
2617 5305 2796 5358 πᾶσαν
2824 5305 2995 5373 ὀσφὺν
3024 5303 3246 5368 σάκκον,
3272 5302 3365 5355 καὶ
3392 5300 3483 5354 ἐπὶ
3510 5299 3690 5353 πᾶσαν

2099 5396 2344 5469 κεφαλὴν
2404 5392 2784 5466 φαλάκρωμαο
2842 5395 2938 5447 καὶ
2984 5393 3219 5465 θήσομαι
3274 5391 3437 5445 αὑτὸν
3498 5388 3690 5463 ὥσπερ

2101 5491 2296 5554 πένθος
2332 5486 2653 5559 ἀγαπητοῦ,
2689 5487 2939 5551 καὶτοὺς
2988 5488 3106 5557 μετ’
3136 5483 3304 5540 αὐτοῦ
3347 5483 3423 5547 ὡς
3475 5482 3690 5556 ἡμέραν

415 5597 618 5662 minus,
672 5607 727 5652 et
764 5598 975 5653 mittam
1033 5596 1229 5652 famem
1270 5599 1327 5649 in
1380 5602 1618 5657 terram,
1652 5605 1765 5645 non
1798 5588 1995 5644 famem

2104 5584 2313 5654 ὀδύνης.
2373 5580 2502 5634 Ἰδοὺ
2542 5579 2745 5650 ἡμέραι
2791 5578 3075 5651 ἔρχονται,
3112 5577 3258 5647 λέγει
3301 5574 3544 5648 Κύριος,
3591 5575 3689 5631 καὶ

411 5689 592 5762 panis,
623 5703 797 5759 neque
836 5690 984 5744 sitim
1017 5703 1189 5759 aqua,
1220 5687 1318 5743 sed
1349 5686 1547 5743 famem
1583 5681 1841 5741 audiendi
1874 5695 2001 5739 ver-

2104 5673 2444 5743 εξαποστελῶ
2468 5672 2628 5747 λιμὸν
2652 5673 2746 5727 ἐπὶ
2772 5670 2874 5744 τὴν
2910 5672 3034 5743 γῆν,
3074 5669 3135 5723 οὐ
3166 5667 3322 5740 λιμδν
3352 5667 3547 5741 ἄρτου,
3566 5665 3689 5722 obsit

480 5868 526 5900 "
565 5863 675 5923 Jer.
712 5870 821 5918 xvn’
846 5903 860 5930 ,
895 5864 1004 5919 i4.
