4112 6444
439 387 544 444 ’155

1115 382 1388 440 EUSEBII
1426 378 1908 439 CESARIENSIS
1949 378 2104 436 OPP.
2146 376 2330 433 PARS
2370 376 2433 433 ll.
2473 409 2543 419 —
2580 373 3080 434 APOLOCETICA.

3599 371 3707 427 756

435 515 493 565 et
530 507 809 563 celebrare
852 506 909 560 in
950 519 1014 560 ea
1042 503 1281 574 legitima
1328 501 1617 566 solemnia,
1651 507 1703 555 et
1747 498 2017 563 legitimos

2119 495 2257 550 Θεοῦ
2306 496 2498 566 Λόγον,
2532 496 2874 569 ὁμοθυμαδὸν
2934 495 3096 549 αὑτὸν
3156 493 3557 565 ἀρνησάμενοι,
3613 491 3708 547 καὶ

435 607 741 655 conventus
773 597 1007 668 possint.
1038 595 1328 656 Caeterum,
1361 593 1492 664 quid
1525 608 1665 663 opus
1696 599 1780 647 est
1809 590 2016 656 dicere,

2126 587 2534 660 άπαρνηθέντες
2566 588 2658 641 ὑπ’
2686 587 2851 641 αὑτοῦ
2870 604 2886 653 ;

436 690 899 761 quemadmodum
954 686 1128 743 fames
1172 685 1428 742 audiendi
1468 684 1693 740 verbum
1727 681 1965 744 Domini,
2003 694 2199 733 omnes
2230 680 2356 736 illos
2391 681 2695 736 invaserit?
2720 694 3008 752 propterea
3040 680 3187 752 quod
3221 680 3411 751 procul
3441 696 3473 734 ει
3508 680 3710 751 seipsis

435 782 534 838 Dei
565 780 804 837 Verbum
846 780 1147 849 exegerint.
1178 795 1303 834 cum
1353 779 1486 834 illud
1522 794 1631 834 uno
1666 777 1852 832 animo
1889 780 2246 844 negaverunt.
2277 783 2330 829 et
2359 774 2432 829 ab
2457 775 2648 830 eodem
2672 777 2854 846 negati
2886 783 3034 831 sunt.

435 919 478 975 Α
515 918 806 976 Zacharia.
839 949 911 961 ——
940 918 1077 972 Item
1098 917 1163 971 de
1192 918 1321 971 salis
1343 917 1577 985 defectu,
1607 928 1656 971 et
1687 915 1751 971 de
1789 924 2019 986 tempore

924 989 1184 1044 satutaris
1225 989 1530 1043 Passionis.

510 1213 530 1246 ‹
569 1192 637 1249 Ει
685 1193 941 1248 adveniet
998 1191 1262 1246 Dominus
1313 1189 1460 1247 Deus
1511 1204 1688 1255 meus,
1735 1195 1790 1245 et
1827 1202 2019 1244 omnes

433 1288 613 1344 sancti
640 1302 766 1343 cum
797 1302 901 1354 eo;
938 1285 996 1340 in
1024 1286 1113 1342 die
1159 1286 1253 1340 illa
1276 1302 1388 1340 non
1434 1284 1541 1340 erit
1564 1285 1680 1348 lux,
1719 1291 1774 1339 et
1816 1281 2014 1354 frigus,

429 1388 489 1436 et
518 1380 641 1451 gelu
689 1378 796 1435 erit
820 1379 876 1432 in
917 1393 1028 1433 uno
1056 1377 1165 1442 die,
1201 1387 1256 1433 et
1280 1375 1400 1433 dies
1430 1377 1522 1432 ille
1551 1383 1718 1431 notus
1760 1373 2015 1441 Domino,

428 1478 490 1528 et
517 1485 697 1541 neque
722 1470 862 1533 dies,
899 1484 1081 1539 neque
1110 1484 1244 1533 nox,
1274 1469 1344 1523 ad
1367 1483 1652 1538 vesperam
1683 1467 1788 1523 erit
1818 1467 1932 1534 lux,
1962 1474 2018 1520 et

430 1564 493 1619 in
516 1564 605 1619 die
631 1562 724 1618 illa
754 1562 1071 1633 egredietur
1106 1577 1247 1633 aqua
1308 1562 1432 1619 viva
1454 1560 1523 1617 de
1551 1559 1883 1623 Jerusalem,
1926 1557 2015 1612 di-

386 1656 391 1659 “
430 1655 663 1710 midium
694 1654 815 1724 ejus
845 1654 903 1708 in
936 1669 1086 1709 mare
1114 1654 1375 1724 primum,
1402 1661 1453 1708 et
1492 1653 1779 1707 dimidium
1810 1652 1936 1722 ejus
1961 1651 2018 1706 in

431 1760 588 1801 mare
633 1754 964 1810 extremum,
1001 1745 1057 1799 in
1095 1753 1288 1800 aestate
1309 1753 1364 1800 et
1408 1746 1465 1800 in
1510 1759 1640 1798 vere
1677 1744 1783 1799 erit
1831 1745 1930 1809 sic,
1964 1749 2019 1798 et

430 1839 539 1893 erit
569 1836 834 1892 Dominus
864 1837 919 1890 in
948 1852 1133 1907 regem
1162 1853 1323 1907 super
1355 1840 1667 1893 universam
1690 1845 1929 1902 terram;
1960 1834 2017 1890 in

431 1931 525 1987 die
558 1931 650 1985 illa
682 1932 787 1987 erit
840 1929 1109 1986 Dominus
1141 1946 1306 1992 unus.
1338 1939 1393 1986 et
1435 1947 1634 1985 nomen
1674 1931 1796 2000 ejus
1825 1946 2017 1996 unum,

432 2023 685 2080 ambiens
735 2039 952 2079 omnem
998 2031 1203 2078 terram
1250 2032 1305 2078 et
1351 2024 1787 2081 solitudinem”.
1843 2045 1861 2078 ι
1896 2024 2022 2082 Haec

429 2129 652 2187 quoque
678 2114 732 2169 in
764 2114 1000 2170 adventu
1026 2113 1329 2170 Salvatoris
1358 2115 1537 2169 nostri
1553 2116 1824 2187 completa
1849 2128 1977 2173 sunt
2003 2138 2015 2173 :

429 2223 558 2264 cum
591 2207 833 2273 advenit,
866 2209 984 2264 sive
1025 2225 1151 2264 cum
1200 2209 1318 2265 suis
1367 2212 1545 2265 sacris
1586 2211 1871 2281 apostolis,
1906 2213 2021 2269 sive

429 2317 555 2356 cum
598 2302 720 2358 suis
762 2302 992 2367 sanctis,
1020 2302 1222 2357 divinis
1254 2302 1508 2358 videlicet
1555 2304 1882 2373 quibusdam
1917 2321 2019 2376 po-

428 2393 723 2449 testatibus
753 2400 809 2447 et
841 2393 1185 2465 incorporeis
1214 2393 1522 2465 spiritibus,
1567 2410 1782 2451 necnon
1811 2396 2020 2468 angelis

425 2488 485 2538 et
518 2485 790 2541 ministris
838 2487 978 2554 suis,
1012 2486 1080 2542 de
1109 2487 1313 2557 quibus
1367 2488 1574 2543 dictum
1620 2496 1704 2545 est
1739 2490 1793 2544 in
1845 2491 2019 2546 sacris

427 2574 767 2649 Evangeliis,
788 2581 934 2654 quod
957 2580 1147 2652 utique
1172 2580 1239 2635 ad
1265 2581 1418 2635 illum
1446 2582 1784 2639 accesserint
1818 2583 2017 2654 angeli,

427 2680 485 2729 et
521 2674 599 2727 illi
631 2674 1088 2731 ministraverint.
1122 2673 1297 2729 Porro
1330 2685 1510 2730 autem
1548 2675 1636 2730 die
1668 2677 1762 2729 illo
1796 2676 1898 2747 (sic
1920 2691 2021 2730 au—

428 2773 542 2820 tem
567 2782 738 2822 sacrm
768 2767 965 2824 littera:
1017 2776 1426 2823 consueverunt
1475 2784 1640 2823 omne
1681 2775 1896 2839 tempus
1920 2784 2018 2823 vo-

429 2872 578 2920 care.
612 2873 725 2925 quo
751 2858 843 2913 ille
877 2859 1022 2913 inter
1046 2858 1297 2914 homines
1328 2867 1581 2913 versatus
1613 2860 1719 2931 est)
1756 2874 1862 2913 una
1892 2875 2017 2915 cum

428 2948 556 3004 aliis
598 2950 1049 3018 praedictionibus
1102 2950 1268 3005 etiam
1325 2951 1472 3025 quod
1528 2967 1677 3008 nunc
1730 2959 2017 3018 tractatur,

427 3042 714 3097 oraculum
736 3044 1069 3114 completum
1100 3052 1207 3111 est,
1233 3059 1359 3102 cum
1385 3047 1575 3118 utique
1600 3048 1705 3102 sub
1728 3047 1875 3104 illius
1894 3064 2021 3119 pas-

428 3135 604 3191 sionis
644 3143 859 3206 tempus
891 3136 961 3192 ab
1011 3138 1148 3193 hora
1194 3145 1350 3193 sexta
1401 3139 1641 3195 tenebrae
1684 3138 1841 3195 factae
1891 3150 2021 3198 sunt

426 3241 598 3297 super
627 3230 939 3285 universam
971 3238 1176 3286 terram
1224 3248 1402 3304 usque
1453 3233 1522 3289 ad
1556 3233 1748 3288 horam
1792 3248 2014 3289 nonam.
2046 3217 2089 3271 (ἶ

427 3317 511 3374 Ex
565 3336 676 3390 quo
728 3321 811 3376 sic
844 3322 921 3377 ait
974 3310 1270 3395 prophetia
1305 3345 1317 3380 :
1353 3344 1371 3377 ι
1408 3323 1467 3379 In
1500 3324 1591 3381 die
1637 3327 1729 3380 illa
1759 3341 1868 3381 non
1912 3328 2018 3382 erit

426 3412 543 3465 lux.
582 3432 602 3465 ι
636 3411 701 3467 Et
734 3429 967 3471 rursus:
1002 3436 1021 3468 ι
1062 3415 1131 3471 Ει
1174 3434 1352 3490 neque
1381 3419 1521 3482 dies,
1554 3435 1733 3491 neque
1784 3436 1915 3484 nox,
1948 3421 2017 3475 ad

424 3516 712 3569 vesperam
740 3504 847 3559 erit
879 3505 992 3573 lux,
1031 3525 1050 3558 ι
1086 3508 1288 3578 quibus
1332 3510 1519 3564 verbis
1553 3511 1844 3582 perspicue
1876 3511 2018 3565 indi-

424 3595 543 3649 cari
568 3605 700 3665 puto
725 3597 873 3653 illius
904 3602 1169 3671 temporis
1219 3601 1616 3666 conditionem,
1657 3618 1783 3657 cum
1826 3601 2018 3657 Salva-

425 3696 546 3741 tore
590 3697 783 3743 nostro
824 3689 992 3745 altius
1037 3692 1255 3747 sublato
1284 3693 1342 3747 in
1385 3693 1504 3764 ipsa
1532 3695 1645 3749 diei
1677 3696 1818 3761 luce,
1847 3694 2018 3769 488

423 3792 535 3832 nox
586 3779 657 3834 ab
704 3779 842 3835 hora
883 3791 1038 3837 sexta
1079 3784 1155 3847 id,
1189 3785 1336 3854 quod
1392 3786 1604 3840 circum
1661 3800 1863 3842 terram
1906 3795 2011 3851 est,

422 3869 661 3926 obtinuit
683 3889 859 3944 usque
887 3874 957 3929 ad
984 3875 1174 3931 horam
1206 3892 1432 3934 nonam.
1464 3877 1596 3934 Post
1622 3895 1788 3950 quam
1819 3895 2015 3936 rursus

420 3963 803 4023 desinentibus
837 3968 1100 4035 tenebris,
1133 3970 1252 4026 dies
1279 3984 1331 4026 et
1364 3973 1453 4026 lux
1489 3988 1708 4028 reversa
1731 3983 1815 4030 est
1850 3993 1862 4029 :
1892 3984 2017 4044 post

419 4071 549 4133 quae
577 4075 776 4115 rursus
813 4071 1078 4116 consuela
1128 4079 1238 4118 nox
1285 4074 1473 4119 secuta
1524 4073 1628 4121 est.
1669 4065 1801 4132 Quae
1829 4067 2013 4121 omnia

421 4138 606 4204 sermo
643 4151 1000 4220 propheticus
1044 4154 1246 4221 innuit,
1297 4157 1391 4210 ubi
1434 4157 1556 4212 ait:
1590 4178 1608 4209 ι
1645 4156 1712 4211 Ει
1762 4158 1881 4213 dies
1923 4159 2015 4214 ille

420 4247 587 4296 notus
616 4240 869 4308 Domino,
901 4252 955 4300 et
980 4262 1159 4317 neque
1193 4248 1336 4313 dies,
1365 4265 1541 4320 neque
1572 4266 1702 4317 nox,
1735 4250 1804 4304 ad
1830 4266 2015 4321 vespe-

419 4346 540 4386 ram
566 4334 673 4388 erit
714 4334 829 4398 lux,
861 4353 879 4387 ι
920 4336 1039 4393 dies
1072 4338 1294 4409 quidem
1345 4341 1438 4397 ille
1472 4357 1583 4396 non
1613 4348 1751 4409 erat,
1787 4351 2013 4413 propter

418 4423 757 4481 meridianas
809 4429 1087 4498 tenebras,
1142 4433 1237 4487 sed
1293 4449 1397 4488 nec
1442 4434 1573 4489 item
1604 4450 1736 4500 nox,
1788 4445 2010 4506 propter

418 4515 598 4586 ipsius
614 4518 723 4574 diei
744 4535 1053 4587 recursum,
1078 4540 1242 4594 quem
1271 4524 1536 4581 indicavit
1562 4527 1880 4598 signiﬁcans
1912 4546 2009 4601 per

416 4607 515 4663 illa
547 4611 733 4677 verba,
768 4630 788 4663 ι
828 4613 897 4667 ad
940 4632 1228 4687 vesperam
1275 4619 1381 4674 erit
1424 4620 1536 4674 lux.
1582 4640 1602 4672 ι
1652 4620 1788 4686 Quis
1826 4632 2011 4679 autem

414 4713 530 4754 non
551 4701 856 4759 admiretur
885 4707 1047 4761 etiam
1071 4707 1316 4763 hiberna:
1358 4712 1508 4765 horae
1537 4717 2016 4771 commemoratio-

416 4791 770 4864 nem?quam
807 4795 982 4867 ipsam
1024 4798 1213 4854 itidem
1246 4802 1513 4856 divinavit
1538 4805 1847 4870 oraculum,
1884 4821 2013 4861 cum

417 4879 538 4935 ait:
572 4900 593 4934 ο
635 4883 700 4940 Et
747 4885 922 4957 frigus
956 4897 1009 4944 et
1057 4891 1181 4961 gelu
1214 4894 1341 4947 erit.
1374 4913 1392 4945 ι
1432 4893 1591 4961 Quod
1636 4897 1766 4953 item
1828 4899 2012 4969 ipsum

416 4969 699 5047 Evangelii
758 4980 1137 5038 testimonium
1188 4989 1573 5050 commendat,
1630 5005 1755 5045 cum
1813 4989 2010 5047 Petrus

415 5064 547 5122 dum
572 5067 757 5126 Iesum
789 5076 1061 5146 sequitur,
1086 5093 1322 5134 accenso
1360 5081 1483 5151 igne
1518 5082 1572 5135 in
1603 5086 1744 5139 atrio
1765 5084 2007 5156 Caiphae,

420 5171 529 5214 una
578 5176 706 5217 cum
754 5165 881 5221 aliis
940 5168 1304 5225 calefaciebat
1353 5188 1432 5227 se.
1484 5172 1719 5231 Proinde
1768 5176 2011 5234 Joannes

415 5246 643 5323 frigoris
684 5270 908 5327 quoque
956 5262 1289 5317 mentionem
1338 5267 1687 5336 apertissime
1736 5269 1888 5336 facit,
1928 5270 2014 5326 di-

415 5355 589 5435 cens:
624 5364 643 5398 ι
676 5346 913 5405 Stabant
941 5352 1089 5407 servi
1131 5361 1186 5407 et
1218 5357 1460 5411 ministri
1498 5359 1566 5413 ad
1616 5377 1846 5427 prunas,
1883 5366 2013 5435 quia

415 5430 589 5507 frigus
625 5448 766 5507 erat,
808 5451 863 5498 ct
904 5444 1301 5502 calefaciebant
1337 5465 1397 5504 se
1412 5449 1478 5504 ⁸⁸.
1521 5471 1540 5503 ι
1576 5450 1644 5504 Et
1674 5453 1745 5507 ad
1783 5430 2010 5513 verbum

415 5529 635 5598 quidem
669 5532 984 5603 hujusmodi
1016 5537 1180 5594 ﬁnem
1207 5541 1583 5614 contigerunt,
1612 5560 1732 5615 qua:
1760 5548 1839 5602 sic
1871 5566 2014 5619 prae-

415 5618 560 5674 dicta
591 5631 722 5677 sunt
752 5640 765 5675 :
804 5625 874 5680 ad
902 5644 1128 5685 sensum
1162 5647 1315 5699 vero,
1344 5649 1470 5689 cum
1522 5633 1728 5692 Iudaeis
1763 5618 2010 5696 salutare

490 5795 539 5829 ⁸³
576 5796 811 5856 lacbar.
852 5820 961 5870 xiv,
999 5805 1160 5863 5-10.
1240 5807 1468 5865 "Joan.
1508 5829 1673 5879 xvm.
1716 5816 1803 5873 18.

2139 913 2295 988 ἈπὸΔ
2325 914 2788 988 τοῦνΖαχαρίου.
2814 946 2885 988 5-
2916 918 3044 971 Ἔτι
3087 918 3217 987 περὶ
3241 917 3352 987 τῆς
3380 918 3709 988 ἐκλείψεως

2193 983 2303 1037 τοῦ
2350 983 2701 1065 ἡτιίουξκαὶ
2752 987 2861 1042 τοῦ
2890 989 3041 1044 κατὰ
3077 983 3479 1059 τόσωξῆριον
3517 983 3709 1056 ,τέείθοξ⁸

2198 1072 2432 1124 καιρου.

2203 1191 2222 1224 ι
2251 1172 2363 1226 Kal.
2410 1174 2680 1247 παρέσται
2721 1176 2924 1248 Κύριος
2954 1179 2983 1231 ό
3033 1177 3167 1242 Θεός
3201 1196 3326 1250 μου,
3368 1180 3463 1232 καὶ
3508 1179 3708 1243 πάντες

2123 1264 2173 1317 οἱ
2208 1263 2354 1333 άγιοι
2388 1266 2506 1335 μετ’
2545 1266 2730 1322 αὑτοῦ.
2768 1268 2857 1321 Ἐν
2887 1268 3072 1343 ἐκείνῃ
3102 1273 3169 1341 τῇ
3200 1270 3384 1342 ἡμέρᾳ
3411 1271 3512 1323 οὐκ
3554 1270 3709 1324 ἔσται

2124 1357 2260 1424 φῶς,
2287 1358 2380 1412 καὶ
2406 1358 2576 1428 ψῦχος
2602 1362 2695 1414 καὶ
2735 1361 2908 1430 πάγος
2941 1362 3091 1415 ἔσται
3124 1363 3251 1433 μίαν
3288 1363 3518 1434 ἡμέραν.
3539 1365 3649 1417 Kal
3672 1365 3707 1434 ἠ

2120 1452 2304 1524 ἡμέρα
2332 1453 2517 1525 ἐκείνη
2550 1454 2764 1525 γνωστὴ
2792 1454 2868 1524 τῷ
2892 1455 3102 1527 Κυρίῳ,
3138 1457 3232 1509 καὶ
3260 1457 3356 1526 οὐχ
3392 1455 3593 1527 ἡμέρα,
3616 1457 3710 1510 καὶ

2122 1547 2183 1599 οὐ
2211 1546 2325 1613 νὺξ,
2361 1548 2422 1601 τὸ
2443 1549 2579 1619 πρὸς
2606 1551 2847 1621 ἑσπέραν
2873 1550 3022 1604 ἔσται
3053 1549 3188 1620 φῶς.
3208 1551 3319 1603 Kal
3344 1552 3401 1602 ἐν
3427 1553 3496 1621 τῇ
3524 1551 3709 1621 ἡμέρᾳ

2125 1642 2310 1716 ἐκείνῃ
2328 1639 2669 1705 ἐξελεύσεται
2694 1644 2836 1717 ὕδωρ
2858 1644 2965 1709 ζῶν
2984 1644 3043 1710 ἐξ
3070 1645 3442 1717 Ἰερουσαλὴμ,
3459 1646 3519 1698 τὸ
3538 1646 3708 1716 ἥμισυ

2125 1740 2290 1794 αὐτοῦ
2326 1743 2407 1804 είς
2448 1740 2547 1812 τὴν
2581 1739 2855 1794 θάλασσαν
2885 1740 2985 1811 τὴν
3030 1739 3277 1811 πρώτην,
3312 1740 3405 1792 καὶ
3447 1739 3507 1790 τὸ
3537 1740 3710 1808 ἥμισυ

2048 1863 2094 1922 Β
2125 1834 2290 1888 αὐτοῦ
2324 1838 2406 1899 εἰς
2437 1836 2539 1908 τὴν
2571 1834 2849 1889 θάλασσαν
2892 1834 2991 1906 τὴν
3018 1833 3269 1904 ἐσχάτην.
3310 1833 3397 1885 Ἐν
3432 1831 3580 1903 θέρει
3615 1832 3710 1885 καὶ

2122 1930 2180 1980 ἐν
2208 1927 2328 2000 ἔαρι
2364 1928 2515 1983 ἔσται
2545 1927 2738 1991 οὕτως.
2774 1928 2883 1982 Kal
2916 1927 3067 1981 ἔσται
3122 1927 3326 1998 Κύριος
3368 1929 3447 1990 είς
3483 1924 3709 1996 βασιλέα

2120 2021 2213 2075 ἐπὶ
2244 2023 2426 2076 πᾶσαν
2462 2023 2563 2093 τὴν
2589 2022 2714 2093 γῆν.
2759 2023 2848 2076 Ἐν
2879 2025 2946 2093 τῇ
2984 2021 3170 2093 ἡμέρᾳ.
3202 2019 3385 2093 ἐκείνῃ
3417 2020 3567 2074 ἔσται
3598 2019 3709 2073 Κύ-

2124 2133 2238 2187 ριος
2261 2110 2363 2181 εἷς,
2397 2118 2490 2170 καὶ
2516 2116 2578 2170 τὸ
2609 2116 2781 2187 όνομα
2809 2115 2973 2170 αὑτοῦ
3017 2114 3097 2178 ἓν,
3129 2114 3362 2170 κυκλοῦν
3399 2115 3579 2168 πᾶσαν
3610 2114 3709 2186 τὴν

2120 2211 2225 2282 γῆν
2258 2211 2354 2263 καὶ
2370 2211 2471 2282 τὴν
2498 2210 2727 2281 ἔρημον.
2756 2230 2774 2262 ι
2813 2211 2924 2263 Kal
2949 2208 3120 2262 ταῦτα
3148 2209 3241 2261 ἐπὶ
3266 2209 3366 2280 τῆς
3407 2206 3710 2279 παρουσίας

2119 2302 2214 2358 τοῦ
2268 2304 2522 2375 Σωτῆρος
2554 2304 2710 2374 ἡμῶν
2772 2303 3102 2378 ἐπληροῦτο,
3152 2304 3216 2375 ῆν
3267 2304 3559 2375 ἐποιήσατο
3590 2302 3710 2373 ἦτοι

2124 2396 2262 2468 μετὰ
2294 2396 2402 2449 τῶν
2455 2396 2615 2468 ἱερῶν
2650 2398 2962 2450 ἀποστόλων
3009 2396 3174 2451 αὑτοῦ
3209 2396 3303 2449 καὶ
3339 2395 3634 2468 μαθητῶν,
3671 2395 3707 2467 ἢ

2124 2490 2262 2561 μετὰ
2290 2489 2399 2543 τῶν
2434 2490 2603 2558 ἁγίων
2632 2490 2833 2555 αὐτοῦ,
2884 2490 3045 2543 θείων
3086 2490 3248 2544 τινῶν
3293 2490 3575 2561 δυνάμεων
3615 2491 3712 2544 καὶ

2120 2583 2429 2654 ἀσωμάτων
2458 2583 2785 2653 πνευμάτων
2807 2623 2822 2646 ,
2866 2583 3112 2652 ἀγγέλων
3137 2600 3197 2636 τε
3244 2581 3340 2635 καὶ
3377 2580 3710 2653 λειτουργῶν

2120 2675 2308 2740 αὐτοῦ,
2339 2676 2468 2749 περὶ
2511 2669 2587 2730 ὦν
2631 2675 2843 2747 εἴρηται
2879 2678 2936 2730 ἐν
2981 2680 3094 2740 τοῖς
3126 2676 3291 2749 ἱεροῖς
3332 2672 3707 2744 Εὐαγγελίοις,

2118 2770 2202 2824 ὅτι
2228 2788 2245 2820 ι
2274 2769 2578 2843 προσῆλθον
2604 2768 2753 2840 αὐτῷ
2780 2768 3025 2837 ἄγγελοι,
3065 2769 3161 2822 καὶ
3182 2767 3461 2839 διηκόνουν
3488 2764 3655 2836 αὐτῷ.
3683 2785 3704 2818 ι

2120 2860 2277 2915 Κατὰ
2303 2860 2359 2913 δὲ
2384 2862 2484 2933 τὴν
2511 2861 2726 2933 ἡμέραν
2758 2859 2973 2931 ἐκείνην
3002 2859 3182 2931 (οὕτω
3207 2859 3263 2912 δὲ
3310 2859 3462 2929 φίλον
3494 2860 3709 2913 ἀποκα-

2119 2952 2232 3007 λεῖν
2257 2956 2323 3025 τῇ
2350 2955 2471 3025 ἱερᾷ
2498 2954 2684 3026 Γραφῇ
2717 2952 2893 3005 πάντα
2929 2953 3021 3007 τὸν
3049 2953 3240 3025 χρόνον
3272 2952 3369 3023 τῆς
3404 2954 3462 3005 ὲν
3498 2950 3709 3023 ἀνθρὼ-

2120 3063 2243 3110 ποις
2274 3045 2437 3099 αὐτοῦ
2466 3046 2747 3118 διατριϐῆς
2777 3049 2793 3114 )
2844 3047 3150 3119 ἐπληροῦτο
3191 3050 3329 3117 μετά
3390 3045 3499 3099 τῶν
3532 3044 3707 3100 ἄλλων

2124 3139 2482 3210 προρρήσεων
2514 3139 2608 3192 καὶ
2636 3140 2705 3191 τὰ
2733 3141 2790 3191 ὲν
2822 3139 2980 3209 χερσὶ
3009 3138 3433 3208 τεθεσπισμένα,
3475 3135 3706 3206 ὁπηνίκα

2124 3230 2275 3303 παρὰ
2298 3231 2387 3285 τὸν
2405 3231 2497 3285 τοῦ
2531 3232 2734 3296 πάθους
2766 3232 2931 3287 αὑτοῦ
2967 3233 3181 3304 καιρὸν,
3223 3232 3331 3285 ἀπὸ
3367 3231 3514 3303 ὥρας
3539 3231 3702 3299 ἕκτης

2124 3326 2313 3390 σκότος
2335 3325 2554 3395 ἐγένετο
2578 3325 2672 3378 ἐπὶ
2695 3330 2875 3379 πᾶσαν
2896 3324 2994 3396 τὴν
3023 3327 3125 3396 γῆν
3152 3326 3256 3389 ἕως
3282 3324 3326 3377 ὦ
3334 3341 3427 3395 ρας
3456 3323 3693 3394 ἐννάτης.

2122 3415 2213 3467 Διό
2246 3432 2410 3487 φησιν
2447 3417 2479 3487 ἡ
2518 3416 2854 3487 προφητεία·
2884 3435 2902 3467 ι
2936 3416 3025 3469 Ἐν
3057 3417 3121 3486 τῇ
3166 3414 3350 3487 ἡμέρᾳ
3384 3413 3564 3484 ἐκείνῃ
3602 3414 3704 3464 οὐκ

2121 3507 2273 3562 ἔσται
2310 3509 2457 3578 φῶς·
2484 3527 2503 3560 ι
2544 3510 2636 3562 καὶ
2679 3508 2839 3563 πάλιν
2865 3525 2879 3539 σ
2917 3528 2935 3561 ι
2977 3508 3088 3562 Kal
3121 3509 3220 3578 οὐχ
3265 3506 3469 3579 ἡμέρα,
3508 3505 3602 3559 καὶ
3645 3504 3706 3558 οὐ

2121 3600 2237 3666 νὺξ,
2262 3601 2323 3654 τὸ
2352 3600 2488 3673 πρὸς
2521 3600 2759 3675 ἑσπέραν
2792 3601 2944 3655 ἔσται
2979 3600 3095 3671 φῶς
3115 3618 3128 3631 ·
3159 3621 3177 3652 ι
3211 3601 3276 3654 δι’
3310 3594 3386 3654 ὧν
3413 3597 3709 3652 λευκότατα

2120 3694 2359 3766 ἠγοῦμαι
2396 3698 2495 3766 τὴν
2526 3694 2622 3749 τοῦ
2655 3695 2850 3768 καιροῦ
2900 3696 3271 3758 κατάστασιν,
3302 3695 3360 3747 ὲν
3386 3686 3431 3762 ᾧ
3470 3691 3567 3747 τοῦ
3601 3693 3712 3745 Σω-

2119 3790 2184 3858 τῆ
2194 3804 2283 3859 ρος
2305 3787 2703 3859 άνυψωθέντος,
2728 3788 2824 3841 καὶ
2846 3787 3056 3859 ἡμέρας
3087 3785 3273 3857 οὔσης,
3295 3785 3391 3853 νὺξ
3422 3785 3532 3840 άπὸ
3562 3784 3713 3856 ὥρας

2117 3882 2283 3953 ἕκτης
2308 3882 2372 3935 τὸ
2393 3883 2647 3956 περιέχον
2679 3882 2904 3952 συνέσχε
2929 3882 3091 3954 μέχρι
3105 3882 3206 3951 τῆς
3229 3880 3477 3950 ἐννάτης,
3506 3877 3628 3951 μεθ’
3646 3877 3713 3947 ἣν

2117 3971 2273 4038 αὖθις
2303 3973 2396 4028 τοῦ
2420 3976 2647 4039 σκότους
2675 3974 3062 4050 διαλείποντος,
3079 3974 3259 4045 ἡμέρα
3288 3972 3380 4026 καὶ
3404 3969 3520 4041 φῶς
3540 3968 3716 4040 ὲγίνε-

2116 4084 2197 4131 το,
2221 4067 2340 4139 μεθ’
2366 4067 2403 4122 ἃ
2429 4069 2592 4123 πάλιν
2625 4067 2873 4138 συνήθως
2901 4071 2935 4140 ἡ
2965 4066 3063 4133 νὺξ
3089 4064 3716 4137 κατελάμϐανεν.“Απερ

2115 4159 2144 4211 ὁ
2160 4160 2260 4232 τῆς
2287 4160 2623 4234 προφητείας
2643 4160 2800 4227 λόγος
2827 4160 3071 4230 ᾐνίττετο
3087 4161 3333 4227 φάσκωψ
3355 4175 3373 4206 ι
3398 4154 3507 4207 Kal
3523 4151 3715 4223 ἡμέρα

2116 4254 2299 4325 ἐκείνη
2329 4253 2545 4326 γνωστὴ
2573 4253 2651 4324 τῷ
2673 4253 2881 4323 Κυρίῳ,
2907 4252 3001 4305 xal
3034 4252 3133 4319 οὐχ
3159 4248 3357 4319 ἡμέρα,
3384 4244 3478 4298 καὶ
3496 4244 3557 4297 οὐ
3588 4240 3708 4308 νὺξ,

2115 4347 2177 4400 τὸ
2206 4347 2343 4419 πρὸς
2367 4346 2609 4419 ἑσπέραν
2640 4345 2793 4398 ἔσται
2828 4342 2996 4411 φῶς.»
3025 4342 3136 4410 Οὐχ
3163 4338 3344 4410 ἡμέρα
3375 4335 3472 4407 μὲν
3500 4333 3606 4405 γάρ
3638 4329 3713 4404 ἦν

2119 4437 2209 4492 διὰ
2245 4439 2306 4491 τὸ
2354 4436 2725 4509 μεσημϐρινὸν
2762 4432 2978 4496 σκότος’
3024 4433 3117 4485 καὶ
3172 4429 3331 4482 πάλιν
3362 4428 3422 4480 οὐ
3474 4426 3570 4492 νὺξ
3620 4423 3713 4479 διὰ

2117 4532 2216 4603 τὴν
2244 4529 2751 4585 ἐπικαταλαϐοὗσαν
2776 4527 3008 4597 ἡμέραν,
3043 4526 3109 4596 ῆν
3142 4520 3483 4594 παρέστησεν
3513 4521 3708 4588 ἐπιση-

2119 4626 2430 4696 μηνάμενος
2473 4623 2563 4676 διὰ
2594 4622 2686 4677 τοῦ
2727 4621 2892 4691 φάναι
2916 4662 2930 4685 ,
2960 4640 2977 4670 ι
3007 4619 3065 4672 τὸ
3101 4619 3237 4689 πρὸς
3281 4615 3519 4688 ἑσπέραν
3552 4614 3711 4667 ἔσται

2117 4716 2253 4786 φῶς.
2286 4735 2304 4767 ι
2342 4716 2439 4778 Τίς
2467 4715 2511 4768 δ’
2546 4715 2647 4770 οὐκ
2682 4714 2748 4769 ἂν
2786 4714 3087 4785 θαυμάσειε
3121 4712 3221 4781 τῆς
3251 4709 3527 4781 χειμαδίου
3558 4706 3709 4778 ὥρας

2114 4809 2219 4881 τὴν
2247 4811 2467 4881 μνήμην
2494 4826 2510 4874 ;
2538 4809 2605 4879 ἣν
2652 4811 2747 4864 καὶ
2794 4807 2965 4879 αὐτὴν
3014 4806 3302 4860 ἐθέσπισεν
3343 4805 3372 4858 ὁ
3414 4802 3571 4870 λόγος
3605 4800 3710 4870 φή-

2118 4918 2216 4964 σας
2235 4917 2248 4929 ·
2287 4918 2304 4950 ι
2330 4901 2440 4953 Kal
2467 4898 2638 4970 ψῦχος
2685 4901 2781 4955 καὶ
2829 4899 3004 4967 πάγος
3029 4897 3182 4950 ἔσται
3202 4912 3215 4925 ·
3246 4914 3265 4947 ι
3295 4893 3324 4947 ὅ
3356 4892 3450 4947 καὶ
3500 4890 3633 4945 αὐτὸ
3672 4892 3715 4961 ἡ

2116 4994 2210 5048 τοῦ
2259 4994 2592 5063 Εὑαγγελίου
2640 4994 2914 5064 μαρτυρία
2977 4992 3328 5062 συνίστησιν,
3384 4986 3622 5057 ὁπηνίκα
3680 4985 3711 5038 ὁ

2111 5088 2316 5158 Πέτρος
2360 5085 2671 5140 ἀκολουθῶν
2716 5084 2795 5156 τῷ
2853 5083 3064 5154 Ἰησοῦ,
3100 5079 3485 5154 περιαψάντων
3529 5075 3710 5148 πυράν

2113 5182 2171 5233 ἐν
2205 5181 2271 5251 τῇ
2306 5179 2443 5250 αὐλῇ
2476 5177 2572 5233 τοῦ
2621 5178 2867 5247 Καῖάφα,
2917 5175 3055 5248 μετὰ
3090 5174 3199 5228 τῶν
3238 5174 3413 5229 ἄλλων
3451 5169 3711 5242 ἐθερμαί-

2113 5291 2254 5329 νετο.
2295 5273 2352 5327 ’0
2398 5272 2531 5342 γοῦν
2592 5272 2847 5341 Ἰωάννης
2899 5271 3163 5342 ἄντικρυς
3215 5266 3308 5321 καὶ
3358 5264 3452 5318 τοῦ
3503 5263 3709 5337 ψύχους

2115 5369 2521 5439 ἐμνημόνευσεν
2562 5364 2733 5420 εἰπών
2754 5383 2767 5396 ·
2804 5384 2822 5416 ι
2850 5365 3214 5435 Εἱστήκεισαν
3243 5361 3294 5413 οἱ
3332 5358 3509 5412 δοῦλοι
3543 5358 3637 5410 καὶ
3659 5357 3710 5410 οι

2119 5459 2392 5531 ὑπηρέται
2451 5458 2751 5532 ἀνθρακιὰν
2813 5456 3211 5527 πεποιηκότες,
3259 5452 3339 5505 ὅτι
3389 5451 3559 5522 ψῦχος
3602 5443 3706 5521 ἦν,

2119 5553 2213 5608 καὶ
2242 5550 2645 5623 ἐθερμαίνοντο.
2676 5570 2694 5602 ι
2723 5551 2834 5605 Καὶ
2888 5548 3026 5621 πρὸς
3071 5547 3167 5618 μὲν
3208 5545 3305 5617 τὴν
3340 5543 3484 5608 λέξιν
3530 5540 3710 5595 τοιού-

2118 5663 2211 5700 του
2248 5643 2438 5707 τέλους
2486 5643 2750 5714 ἐτύγχανε
2790 5643 2859 5697 τά
2920 5638 3405 5715 προηγορευμένα·
3472 5636 3609 5706 πρὸς
3651 5632 3711 5688 δὲ
