4112 6422
377 452 483 511 757

1313 432 1974 499 DEMONSTRATIONIS
2014 428 2478 487 ΕνΑΝοΕιιεΑς
2518 427 2648 483 LIB.
2692 427 2734 481 Χ

3540 426 3644 483 758

378 572 618 625 διάνοιαν
643 571 722 634 τὸ,
752 570 858 622 πᾶν
897 566 1164 620 Ἰουδαίων
1186 564 1358 627 έθνος,
1389 560 1481 615 τοῦ
1502 560 1768 633 σωτηρίου
1799 553 1956 624 φωτὸς

2080 555 2260 610 lumen
2287 553 2580 614 illuxisset,
2620 550 2835 621 ipsique
2873 549 3055 619 potius
3085 550 3336 604 tenebras
3367 566 3528 619 quam
3555 551 3643 604 ln-

377 662 565 726 αὐτοῖς
596 662 1023 734 ἐπιλάμψαντος,
1059 658 1237 713 αὐτῶν
1277 674 1337 710 τε
1371 655 1571 728 μᾶλλον
1602 654 1663 707 τὸ
1697 653 1884 714 σκότος
1927 651 1960 722 ἢ

374 754 443 810 τὸ
492 753 607 824 φῶς
652 753 940 825 ἑλομένων,
984 751 1130 805 τοῦθ’
1164 753 1301 821 ὅπερ
1336 752 1428 804 καὶ
1458 749 1661 803 εἵλοντο
1699 744 1963 819 μετῆλθεν

378 846 598 911 αὐτοὺς,
627 847 1078 916 ἀναχωρήσαντος
1110 844 1205 914 μὲν
1263 839 1578 901 αὑτῶνῖτοῦ
1618 838 1814 909 φωτὸς,
1845 836 1962 890 δια-

375 935 651 1008 λαὸούσης
680 937 737 991 δὲ
769 937 966 1000 αὐτοὺς
996 936 1190 999 νυκτὸς
1231 933 1534 1005 ἁφεγγοῦς,
1587 931 1963 1002 σκοτισθείσης

378 1030 559 1085 αὐτῶν
590 1029 691 1102 τῆς
715 1029 953 1092 διανοίας
973 1069 985 1092 ,
1017 1030 1153 1100 πρὸς
1193 1028 1255 1081 τὸ
1285 1027 1359 1099 μὴ
1393 1025 1683 1095 διαυγάσαι
1726 1025 1816 1078 τὸν
1847 1042 1961 1094 φω-

376 1126 570 1197 τισμὸν
597 1125 691 1180 τοῦ
718 1126 1051 1196 Εὐαγγελίου
1073 1127 1130 1178 ἐν
1157 1127 1277 1186 ταῖς
1297 1121 1547 1194 καρδίαις
1571 1119 1770 1173 αὐτῶν.
1801 1116 1962 1171 Ἀλλὰ

377 1215 474 1269 καὶ
506 1215 773 1286 ψυγείσης
798 1216 898 1287 τῆς
928 1216 1067 1288 πρὸς
1100 1215 1191 1267 τὸν
1225 1213 1356 1267 Θεὸν
1400 1211 1622 1281 ἀγάπης
1666 1208 1866 1273 αὐτῶν,
1892 1206 1962 1260 τὰ

378 1307 624 1380 σύμϐολα
650 1308 855 1362 τούτων
887 1309 1110 1372 εἰκότως
1143 1307 1394 1368 ἐτελεῖτο,
1425 1302 1727 1375 ἐπληροῦτο
1746 1319 1803 1356 τε
1832 1300 1959 1371 ἑξῆς

373 1400 446 1453 τά
470 1400 568 1472 τῆς
597 1401 976 1472 προρρήσεως,
1007 1399 1149 1453 κατά
1185 1399 1281 1471 τὴν
1314 1397 1521 1451 τοιάνδε
1557 1396 1656 1467 τῆς
1692 1394 1958 1466 σωτηρίου

376 1494 701 1565 ἐπιφανείας
752 1495 966 1566 ἡμέραν
1026 1492 1217 1556 ὓδατος
1272 1491 1471 1556 ζῶντος
1530 1487 1836 1557 ἐξελθόντος
1902 1485 1962 1551 ἐξ

388 1587 771 1660 Ἰερουσαλὴμ,
819 1588 898 1652 είς
950 1589 1125 1641 πάντα
1174 1585 1243 1639 τά
1295 1585 1422 1655 έθνη
1473 1582 1826 1656 προελθόντος
1866 1579 1959 1634 τοῦ

372 1680 599 1752 γονίμου
631 1680 726 1734 καὶ
767 1680 997 1744 ζωτικοῦ
1048 1682 1147 1751 τῆς
1189 1677 1549 1749 εύαγγελικῆς
1593 1674 1959 1740 διδασκαλίας,

373 1769 681 1843 ἀρξαμένου
718 1773 816 1842 μὲν
849 1771 958 1826 ἀπὸ
1006 1772 1105 1842 τῆς
1162 1769 1424 1834 Ἰουδαίας
1459 1769 1552 1823 καὶ
1595 1766 1654 1830 ἐξ
1684 1766 1856 1838 αὐτῆς
1895 1783 1961 1836 γε

372 1865 475 1936 τῆς
509 1866 896 1938 Ἰερουσαλὴμ,
928 1865 1260 1929 διαδοθέντος
1295 1865 1351 1918 δὲ
1402 1867 1481 1928 είς
1511 1867 1689 1918 πᾶσαν
1722 1863 1819 1935 τὴν
1855 1863 1959 1934 γῆν
1990 1898 2034 1953 Β

371 1958 469 2011 καὶ
493 1959 572 2022 είς
598 1958 775 2012 πάντα
797 1958 867 2011 τὰ
898 1958 995 2029 τῆς
1038 1958 1363 2028 οἰκουμένης
1395 1957 1625 2028 πέρατα.
1659 1954 1862 2008 Τούτου
1901 1955 1959 2008 δὲ

367 2046 468 2102 τοῦ
520 2048 710 2113 ὓδατος
763 2051 856 2104 καὶ
902 2049 1066 2112 αὐτὸς
1096 2051 1124 2103 ὁ
1167 2047 1358 2120 Σωτὴρ
1410 2049 1506 2102 καὶ
1552 2047 1757 2118 Κύριος
1803 2047 1963 2118 ἡμῶν

372 2141 704 2212 μνημονεύει
723 2140 895 2211 λέγων
918 2142 1054 2214 πρὸς
1085 2142 1184 2212 τὴν
1200 2142 1559 2213 Σαμαρεῖτιν·
1583 2163 1598 2183 ο
1627 2142 1689 2193 Et
1712 2140 1859 2211 ᾔδεις
1877 2138 1960 2204 τίς

367 2230 518 2285 ἐστιν
551 2235 578 2285 6
608 2230 774 2285 αἰτῶν
802 2249 861 2284 σε
890 2235 1054 2297 πιεῖν,
1078 2232 1142 2284 σὺ
1174 2231 1239 2284 ἂν
1268 2230 1479 2301 ᾔτησας
1502 2230 1685 2291 αὐτὸν,
1714 2229 1808 2282 καὶ
1828 2228 1958 2281 ἔδω-

369 2337 467 2373 κεν
503 2321 567 2376 ἄν
596 2339 675 2375 σοι
706 2320 850 2392 ὕδωρ
876 2318 1003 2384 ζῶν.
1028 2341 1047 2372 ι
1075 2323 1215 2392 Ὂση
1241 2320 1298 2374 δὲ
1339 2325 1453 2384 τοῖς
1493 2319 1961 2391 ἀπογευσαμένοις

366 2410 466 2464 τοῦ
507 2411 708 2477 ζῶντος
737 2415 830 2466 καὶ
858 2412 1077 2482 λογικοῦ
1123 2415 1362 2485 νάματος
1403 2411 1645 2486 ὑπῆρξεν
1685 2411 1955 2481 ὠφέλεια,

368 2505 699 2577 παρίστησιν
733 2507 879 2579 ἑξῆς,
900 2507 1187 2571 διδάσκων,
1206 2509 1281 2572 ὡς
1303 2512 1351 2562 οί
1383 2510 1596 2572 πιόντες
1620 2507 1808 2572 αὑτοῦ,
1831 2510 1959 2573 τοὺς

367 2599 543 2653 πάλαι
576 2601 804 2667 πολλοὺς
847 2601 1270 2672 βασιλεύσαντας
1297 2603 1475 2656 αὐτῶν
1499 2603 1760 2673 δαίμονας
1791 2620 1957 2673 πονη-

370 2693 502 2764 ροὺς
551 2694 1001 2765 ἅπαρνησάμενοι
1028 2735 1043 2760 ,
1076 2696 1167 2749 τὸν
1219 2696 1313 2749 ἕνα
1351 2696 1553 2764 Κύριον
1597 2697 1690 2750 καὶ
1737 2694 1958 2765 βασιλέα

369 2785 521 2854 σφῶν
551 2785 729 2841 αὐτῶν
750 2787 1165 2860 ὁμολογήσουσι,
1196 2791 1290 2843 καὶ
1317 2789 1392 2852 ὡς
1414 2792 1442 2842 6
1470 2789 1673 2861 Κύριος
1705 2790 1733 2841 6
1775 2788 1956 2859 μόνοις

363 2874 433 2931 τὸ
460 2874 591 2946 πρὶν
620 2875 893 2949 Ἑϐραίοις
924 2876 1344 2950 γνωριζόμενος,
1379 2880 1670 2947 γενήσεται
1706 2876 1957 2946 βασιλεὺς

366 2967 590 3043 πάντων
621 2968 732 3022 τῶν
768 2972 848 3034 είς
890 2969 1051 3024 αὐτὸν
1100 2970 1160 3035 ἐξ
1193 2970 1411 3042 ἁπάσης
1451 2971 1551 3042 τῆς
1586 2971 1688 3042 γῆς
1735 2987 1955 3023 πιστευ-

367 3058 579 3115 σάντων
625 3060 830 3113 ὲθνῶν’
878 3062 975 3115 καὶ
1021 3061 1083 3115 τὸ
1134 3062 1304 3132 ὄνομα
1332 3062 1497 3116 αὑτοῦ
1544 3063 1602 3116 ἓν
1638 3062 1826 3128 ἕσται,
1859 3080 1955 3117 κυ-

362 3148 529 3207 κλοῦν
560 3152 742 3205 πᾶσαν
790 3152 890 3223 τὴν
932 3152 1035 3223 γῆν
1067 3154 1161 3206 καὶ
1188 3153 1288 3225 τὴν
1328 3152 1555 3225 ἔρημον.
1583 3156 1648 3207 Ὃ
1691 3155 1786 3208 καὶ
1821 3156 1952 3209 αὐτὸ

2069 664 2194 702 men
2254 646 2490 715 amplexi
2536 650 2743 708 essent,
2779 644 2882 696 hoc
2927 643 3073 712 quod
3118 642 3186 698 ab
3235 642 3369 712 ipsis
3410 643 3642 699 electum

2067 748 2523 808 assumptumque
2558 745 2663 800 est,
2698 737 3012 792 universam
3070 737 3317 808 ipson
3366 737 3643 793 nationem

2065 830 2286 885 invasit.
2328 828 2465 884 Cum
2497 829 2642 884 enim
2674 828 2779 898 ipsi
2819 828 3180 884 recessissent
3208 843 3237 882 a
3273 828 3415 893 luce,
3449 835 3504 883 et
3546 844 3645 888 eos

2065 922 2302 978 obscura
2341 936 2451 976 nox
2484 926 2830 991 occupasset,
2872 921 3183 976 obscuratis
3210 922 3453 993 ipsorum
3493 938 3646 978 men-

2053 1014 2236 1095 tibus,
2270 1028 2335 1068 eo
2362 1012 2508 1083 quod
2561 1011 2887 1066 illuminatio
2927 1013 3240 1082 evangelica
3278 1011 3463 1069 radios
3510 1029 3644 1074 suos

2064 1108 2119 1162 in
2152 1106 2320 1162 corda
2352 1106 2596 1176 ipsorum
2633 1121 2743 1159 non
2787 1105 3125 1168 immitteret,
3155 1105 3455 1175 quinetiam
3482 1103 3644 1165 refri-

2062 1209 2247 1272 gerata
2278 1202 2521 1272 ipsorum
2555 1216 2684 1271 erga
2707 1198 2876 1256 Deum
2921 1199 3208 1262 cbaritate,
3239 1199 3427 1253 talium
3456 1214 3644 1255 rerum

2064 1291 2220 1361 signa
2255 1291 2454 1346 merito
2488 1304 2751 1360 expressa
2783 1296 2932 1356 sunt,
2956 1301 3013 1344 et
3043 1291 3097 1344 in
3129 1290 3223 1343 tali
3253 1289 3513 1345 salutaris
3544 1289 3642 1344 ad-

2061 1395 2258 1441 ventus
2285 1385 2373 1441 die
2405 1384 2675 1455 completa
2705 1390 2834 1438 sunt
2859 1398 2944 1447 ea,
2972 1398 3094 1453 quae
3123 1383 3189 1436 ad
3229 1382 3332 1437 hoc
3355 1383 3642 1437 oraculum

2063 1477 2359 1547 pertinent,
2392 1476 2522 1530 dum
2550 1491 2692 1546 aqua
2736 1476 2926 1531 vivens
2950 1476 3186 1545 erumpit
3209 1491 3279 1530 ex
3312 1473 3639 1542 Jerusalem,

2062 1576 2116 1625 et
2144 1570 2201 1623 in
2244 1584 2436 1623 omnes
2473 1576 2666 1638 gentes
2712 1567 3059 1638 progreditur
3108 1565 3379 1621 fecundus
3425 1575 3480 1622 et
3517 1566 3644 1622 vitae

2064 1668 2382 1732 apportator
2421 1659 2753 1729 evangelicae
2805 1657 3071 1713 doctrinae
3118 1672 3299 1713 sermo
3333 1676 3345 1711 :
3378 1658 3470 1729 qui
3515 1673 3641 1712 cum

2063 1753 2341 1824 profectus
2373 1751 2443 1808 sit
2467 1750 2535 1806 de
2561 1750 2747 1806 Judaza
2776 1759 2830 1807 et
2861 1751 2929 1806 de
2960 1750 3078 1822 ipsa
3106 1749 3430 1817 Jerusalem,
3467 1751 3644 1807 disse-

2062 1847 2304 1901 minatus
2348 1853 2540 1916 postea
2583 1851 2669 1900 est
2698 1845 2752 1899 in
2784 1858 3002 1899 omnem
3041 1854 3244 1900 terram
3277 1854 3333 1899 et
3360 1845 3415 1898 in
3448 1859 3643 1900 omnes

2062 1942 2211 1997 orbis
2234 1949 2508 1995 terrarum
2541 1937 2699 1994 ﬁnes.
2734 1936 2909 2008 Hujus
2937 1952 3069 1992 vero
3098 1952 3253 2008 aquae
3280 1938 3398 2008 ipse
3423 1954 3643 2007 quoque

2064 2033 2314 2088 Salvator
2334 2048 2397 2087 ac
2430 2032 2694 2086 Dominus
2721 2039 2908 2087 noster
2936 2030 3205 2094 meminit,
3235 2030 3365 2085 dum
3400 2029 3644 2101 loquitur

2061 2144 2185 2182 cum
2229 2127 2456 2181 muliere
2489 2123 2872 2180 Samaritana:
2903 2144 2921 2175 ι
2951 2121 3008 2178 Si
3056 2123 3250 2189 scires,
3286 2124 3483 2193 inquit,
3516 2123 3643 2192 quis

2060 2228 2144 2277 est
2185 2219 2278 2291 qui
2310 2218 2443 2289 petit
2471 2233 2503 2272 a
2542 2228 2597 2273 te
2636 2218 2845 2282 bibere,
2893 2225 2950 2271 tu
2983 2215 3217 2287 petisses
3245 2216 3313 2269 ah
3343 2230 3430 2278 eo,
3459 2221 3514 2269 et
3541 2214 3642 2269 de-

2060 2313 2231 2368 disset
2259 2312 2354 2367 tibi
2385 2326 2583 2382 aquam
2611 2311 2789 2365 vivam
2807 2309 2876 2365 ⁸⁵.
2909 2328 2929 2361 ι
2967 2308 3181 2374 Quanta
3214 2315 3394 2362 autem
3422 2307 3490 2362 ad
3519 2322 3639 2373 eos,

2059 2407 2153 2478 qui
2180 2406 2362 2462 vivam
2417 2404 2857 2475 rationalemque
2895 2418 3090 2473 aquam
3120 2400 3487 2473 ‘gustaverint,
3516 2415 3645 2455 ven-

2060 2511 2182 2557 tura
2236 2499 2308 2556 sit
2363 2499 2591 2561 utilitas,
2650 2497 2896 2552 declarat
2946 2495 3240 2566 deinceps,
3294 2493 3423 2548 dum
3480 2492 3643 2550 docet

2058 2593 2517 2666 quemadmodum
2550 2592 2643 2662 qui
2666 2606 2787 2647 eam
2818 2605 3014 2661 aquam
3057 2588 3320 2652 biberint,
3354 2597 3407 2644 et
3437 2587 3647 2643 multos

2058 2686 2203 2749 illos,
2227 2685 2323 2755 qui
2354 2692 2514 2739 antea
2564 2681 2702 2753 ipsis
2735 2679 3095 2751 imperabant,
3126 2678 3399 2750 malignos
3438 2677 3645 2732 daemo-

2058 2790 2158 2831 nas
2175 2773 2586 2846 ahnegaverint,
2610 2773 2647 2827 ii
2678 2787 2848 2826 unum
2878 2769 2966 2825 sui
2997 2770 3242 2845 ipsorum
3272 2776 3327 2825 et
3347 2766 3640 2824 Dominum

2056 2875 2110 2923 et
2144 2883 2325 2939 regem
2359 2864 2790 2929 confitebuntur,
2824 2862 2952 2920 item
2981 2861 3127 2933 quod
3153 2861 3202 2918 is
3236 2860 3521 2926 Dominus,
3544 2861 3640 2930 qui

2056 2960 2125 3016 ab
2153 2962 2279 3016 unis
2323 2957 2777 3017 Hebraeisantea.
2805 2954 3156 3020 noscebatur,
3200 2952 3369 3027 489
3411 2968 3508 3009 rex
3547 2952 3641 3008 ﬁet

2054 3052 2298 3108 omnium
2335 3065 2527 3111 earum
2566 3049 2872 3112 nationum,
2907 3062 3029 3119 quae
3073 3062 3141 3103 ex
3183 3047 3439 3102 universa
3486 3051 3639 3101 terra

2056 3150 2111 3205 in
2136 3147 2494 3222 ipsius.lidem
2527 3146 2814 3212 venerint;
2841 3153 2895 3200 et
2926 3158 3124 3199 nomen
3154 3141 3276 3212 ejus
3308 3155 3478 3196 unum
3510 3139 3638 3203 erit,

360 3242 449 3306 τίς
481 3242 581 3297 οὐκ
612 3242 680 3297 ἂν
709 3244 851 3315 ὀρῶν
898 3245 1229 3317 ἐκπλαγείη;
1274 3247 1381 3300 ἀπὸ
1409 3247 1539 3316 γοῦν
1573 3250 1671 3319 τῆς
1711 3247 1948 3320 Χριστοῦ

2058 3244 2322 3300 ambiens.
2356 3242 2674 3299 universam
2724 3247 2928 3294 terram
2960 3247 3018 3293 et
3065 3235 3441 3298 solitudinem,
3490 3231 3638 3304 quod

359 3337 761 3409 προσηγορίας,
810 3338 970 3403 αὐτὸς
1001 3338 1059 3392 δὲ
1095 3335 1164 3411 ἦν
1211 3342 1239 3393 6
1280 3341 1514 3412 Χριστὸς
1551 3343 1579 3395 ὁ
1618 3341 1841 3414 Κύριος,
1890 3345 1953 3399 τὸ

357 3426 475 3482 τῶν
515 3429 858 3500 Χριστιανῶν
894 3430 1088 3502 ὄνομα,
1112 3433 1291 3487 πάντα
1347 3435 1510 3489 τόπον
1549 3437 1642 3489 καὶ
1681 3437 1831 3492 πόλιν
1861 3439 1954 3498 καζι

358 3518 571 3597 χώραν,
604 3523 701 3575 καὶ¹
743 3523 887 3576 αὑτά
932 3541 998 3593 γε
1044 3523 1114 3578 τὰ
1159 3528 1217 3579 ἐν
1262 3529 1385 3590 ταῖς
1418 3528 1647 3599 ἐρήμοις
1687 3529 1781 3583 καὶ
1834 3532 1952 3594 ταῖς

356 3612 646 3683 ἐσχατιαῖς
675 3613 775 3684 τῆς
804 3614 908 3684 γῆς
943 3614 1194 3669 οἰκοῦντα
1218 3615 1347 3686 ἔθνη
1382 3618 1952 3689 περιεκύκλωσε,ςτοῖς

355 3703 464 3777 τῆς
493 3705 832 3777 προφητείας
857 3706 1166 3774 ἀκολούθως
1192 3709 1591 3785 θεσπίσμασιν,

367 4031 518 4114 Ἆπρ
536 4033 795 4114 ψαλμοῦ
828 4041 940 4114 κη’.
958 4068 1029 4114 τ
1057 4038 1344 4114 Rapit-dir
1371 4043 1523 4114 κατὰ
1552 4044 1617 4097 τὸ
1657 4046 1955 4114 σωτήριον

424 4101 1200 4188 πάθοςιῷειτελερ-θέντευῶοι
1218 4113 1324 4180 Εἰς
1355 4112 1421 4166 τὸ
1448 4113 1627 4181 τέλος
1660 4101 1954 4186 ὑπὲρ’τῆς

426 4175 820 4245 ἀντιλήψεως
847 4176 959 4246 τῆς
984 4178 1257 4250 ἑωθινῆς.

431 4348 450 4379 ι
483 4327 540 4379 ’0
571 4326 724 4393 Θεὸς,
751 4329 780 4381 6
808 4328 941 4395 Θεός
976 4348 1100 4402 μου,
1159 4333 1396 4407 πρόσχες
1421 4354 1530 4408 μοι·
1560 4338 1647 4393 ἵνα
1674 4339 1727 4391 τί
1755 4342 1953 4409 ἐγκατ-

353 4417 547 4482 έλιπές
581 4437 679 4492 με;
728 4422 945 4494 μακράν
976 4424 1085 4479 άπὸ
1116 4425 1217 4497 τῆς
1246 4431 1520 4503 σωτηρίας
1556 4450 1656 4502 μου
1707 4436 1755 4487 oi
1807 4434 1952 4505 λόγοι

352 4510 467 4564 τῶν
520 4516 983 4587 παραπτωμάτων
1030 4520 1230 4590 μου.⁹υ
1270 4521 1404 4587 Θεός
1449 4542 1572 4596 μου,
1613 4525 1951 4601 κεκράξομαι

2056 3336 2276 3408 quidem
2317 3336 2497 3406 ipsum
2525 3335 2618 3390 ubi
2663 3333 2787 3403 quis
2835 3329 3054 3395 viderit,
3084 3328 3176 3400 qui
3227 3327 3341 3383 ﬁeri
3380 3325 3645 3397 possitut

2056 3445 2175 3486 non
2197 3426 2533 3483 admiretur?
2558 3424 2759 3481 etenim
2787 3439 2817 3477 a
2847 3421 3054 3478 Christi
3079 3418 3367 3485 vocabulo,
3385 3417 3644 3475 Christus
3716 3435 3722 3443 '

2054 3534 2220 3587 porro
2245 3518 2362 3589 ipse
2405 3514 2671 3571 Dominus
2709 3519 2814 3576 est,
2839 3510 3281 3567 Christianorum
3310 3521 3507 3565 nomen
3543 3505 3643 3564 da-

2054 3612 2280 3667 ductum
2341 3623 2558 3666 omnem
2608 3609 2788 3663 locum
2832 3615 2887 3664 et
2939 3606 3216 3662 civitatem
3262 3612 3315 3660 et
3357 3601 3640 3674 regionem

2053 3705 2311 3774 ipsasque
2346 3706 2401 3757 in
2443 3702 2675 3759 desertis
2707 3701 2930 3772 orisque
2968 3699 3233 3758 extremis
3281 3706 3441 3753 terrze
3482 3696 3640 3752 habi-

2054 3804 2237 3850 tantes
2263 3796 2516 3850 nationes
2557 3794 2833 3859 circuivit,
2865 3791 3027 3849 ﬁdem
3060 3805 3127 3847 eo
3159 3789 3323 3845 modo
3353 3789 3563 3844 faciens
3585 3794 3641 3844 et

2054 3888 2412 3947 consentiens
2440 3887 2677 3959 hujusce
2707 3884 3009 3958 prophetiae
3034 3882 3316 3938 vaticinia.

2055 4050 2099 4102 A
2140 4053 2346 4119 psalmo
2374 4062 2487 4102 xm.
2511 4077 2582 4119 :—
2598 4046 2676 4101 De
2699 4048 2765 4100 iis
2788 4061 2903 4116 qua:
2921 4045 2973 4097 in
2992 4040 3369 4119 ipsa_salutan‘
3387 4036 3639 4119 passione

2162 4120 2304 4191 facta
2333 4128 2474 4174 sunt.
2503 4116 2569 4174 In
2596 4119 2755 4188 ﬁnem
2776 4110 2871 4187 pro
2894 4110 3229 4184 susceptione
3246 4110 3530 4165 matutina.

2135 4365 2152 4398 ι
2185 4344 2352 4411 Deus,
2383 4344 2531 4402 Dens
2562 4360 2751 4412 meus,
2767 4342 2979 4414 respice
3006 4343 3070 4399 in.
3091 4355 3415 4411 me;‘quare
3431 4354 3517 4395 me
3546 4337 3639 4395 de.

2055 4438 2381 4510 reliquisti?
2427 4439 2588 4510 longe
2625 4453 2656 4492 a
2703 4436 2882 4493 salute
2928 4449 3048 4490 mea
3101 4434 3268 4488 verba
3314 4431 3643 4487 delictorum

2058 4545 2331 4585 meorum.
2364 4527 2509 4585 Dens
2557 4543 2735 4593 meus,
2776 4525 3026 4583 clamabo
3061 4541 3158 4596 per
3198 4525 3340 4582 diem
3383 4523 3451 4578 ad
3482 4530 3555 4588 te,
3588 4530 3644 4579 et.

352 4603 575 4675 ἡμέρας
606 4607 743 4679 πρὸς
769 4607 849 4670 σὲ,
882 4611 977 4667 καὶ
1006 4613 1109 4668 οὐκ
1140 4591 1467 4689 είσακούσῃί
1508 4619 1600 4673 καὶ
1625 4591 1836 4687 νυκτὸς,
1856 4591 1950 4677 καὶ

2059 4637 2170 4677 non
2202 4620 2496 4688 exandies;
2529 4628 2583 4676 et
2622 4636 2718 4690 per
2748 4629 2987 4683 noctem,
3026 4626 3089 4674 et
3119 4632 3229 4673 non
3274 4617 3341 4672 ad
3378 4614 3643 4687 insipien-

354 4696 463 4749 οὐκ
506 4698 587 4761 είς
633 4699 820 4758 ἄνοιαν
866 4704 1025 4775 ἐμοίι
1050 4706 1121 4759 Σὺ
1174 4707 1231 4761 δὲ
1277 4710 1335 4763 ἐν
1384 4710 1563 4780 ἁγίοις
1596 4718 1892 4783 κατοικεῖς,
1921 4717 1950 4769 ὀ

356 4784 582 4853 ἔπαινος
632 4790 726 4844 τοῦ
769 4793 1001 4868 Ἰσραήλ.
1031 4797 1153 4851 Ἐπὶ
1208 4799 1291 4853 σοι
1334 4800 1567 4872 ἤλπισαν
1610 4806 1661 4857 οί
1712 4808 1950 4879 πατέρες

358 4878 538 4950 ἡμῶν,
573 4880 825 4953 ἤλπισαν,
866 4887 961 4940 καὶ
1004 4888 1222 4965 ἐρρύσω
1266 4893 1481 4957 αὐτούς.
1525 4896 1668 4967 Πρὸς
1718 4899 1777 4950 σὲ
1825 4878 1949 4956 ἐκέ-

358 4968 588 5043 κραξαν,
620 4975 715 5028 καῖι
741 4977 1024 5050 ἐσώθησαν
1043 4997 1057 5011 ·
1091 4982 1185 5034 ἐπὶ
1220 4984 1303 5037 σοι
1328 4985 1584 5055 ἧλπισαν,
1612 4990 1704 5041 καὶ
1731 4990 1791 5043 ού
1822 5009 1951 5045 κατ-

356 5063 728 5137 ῃσχύνθησαν.
748 5068 889 5139 Ἐγὼ
919 5070 977 5124 δέ
1022 5075 1137 5145 είμι
1173 5074 1409 5148 σκώληξ,
1437 5080 1531 5134 καὶ
1580 5082 1682 5136 οὐκ
1739 5083 1950 5155 ἄνθρω-

356 5176 480 5223 πος,
515 5159 714 5226 ὄνειδος
743 5164 1067 5237 ἀνθρώπων,
1097 5172 1192 5224 καὶ
1245 5173 1578 5247 ὲξουδὲνημα
1623 5177 1774 5234 λαοῦ.
1805 5155 1948 5235 Πάν-

351 5266 447 5344 τες
485 5252 545 5307 οί,
579 5252 908 5326 θεωροῦντές
966 5277 1034 5331 με
1079 5261 1519 5338 ἐξεμυκτήρισάν
1553 5287 1640 5339 με,
1676 5271 1947 5344 ἐλάλησαν

354 5341 416 5396 ἐν
456 5344 714 5418 χείλεσιν,
763 5347 1024 5420 ἐκίνησαν
1076 5354 1351 5425 κεφαλήνθ
1388 5358 1651 5413 Ἤλπισεν
1697 5362 1791 5415 ἐπὶ
1829 5341 1946 5418 Κύ-

340 5450 493 5504 ριον,
532 5437 785 5508 ῥυσάσθω
808 5440 991 5507 αὐτὸν,
1021 5445 1251 5501 σωσάτω
1278 5449 1461 5515 αὑτὸν,
1484 5451 1567 5506 ὅτι
1590 5453 1732 5509 θέλει
1759 5457 1941 5515 αὐτόν.

358 5526 480 5620 ius:
514 5530 578 5583 σὺ
611 5526 665 5583 εί
708 5532 736 5584 ὁ
782 5534 1070 5600 ἐκσπάσας
1100 5555 1166 5608 με
1213 5540 1277 5592 ἐκ
1304 5543 1545 5613 γαστρὸς
1585 5545 1618 5616 ή
1650 5545 1805 5612 ἐλπίς
1839 5567 1941 5620 μου

350 5614 467 5712 ἀπὸ
496 5623 714 5691 μαστῶν
744 5626 842 5697 τῆς
874 5628 1080 5700 μητρός
1115 5646 1236 5700 μου.
1257 5632 1380 5687 Ἐπί
1423 5634 1483 5687 σὲ
1529 5614 1856 5712 ἐπέῥρίφηη
1878 5645 1942 5697 ἐκ

355 5708 731 5784 μήτρας.ἀπὺ
777 5720 1011 5792 γαστρὸς
1050 5723 1257 5796 μητρός
1289 5743 1391 5796 μου
1437 5727 1570 5793 Θεός
1606 5708 1709 5805 μου
1741 5708 1807 5787 εί
1856 5734 1942 5790 σύ.

424 5885 472 5917 ⁸⁸
506 5884 664 5946 Joan.
701 5908 789 5959 ιγ,
824 5895 909 5952 l0.

2059 4717 2194 4771 tiam
2225 4716 2376 4770 mihi.
2407 4712 2486 4768 Tu
2519 4720 2699 4769 autem
2735 4714 2790 4768 in
2814 4712 3023 4769 sanctis
3042 4711 3280 4777 habitas,
3306 4712 3429 4766 laus
3452 4708 3641 4765 Israel.

2059 4807 2118 4863 In
2148 4817 2200 4864 te
2226 4814 2587 4877 speraverant
2616 4814 2804 4876 patres
2846 4805 3046 4870 nostri,
3077 4809 3458 4875 speraverant,
3491 4808 3545 4856 et
3580 4800 3642 4853 li-

2060 4900 2263 4954 berasti
2298 4913 2416 4953 eos.
2444 4896 2537 4951 Ad.
2556 4905 2614 4952 te
2636 4897 3035 4959 clamaverunt,
3066 4903 3121 4951 et
3159 4894 3297 4949 salvi
3332 4891 3461 4949 facti
3491 4898 3661 4947 sunt..

2060 4990 2118 5045 ιη
2150 4999 2202 5045 te
2232 4998 2615 5061 speraverunt,
2644 4995 2700 5043 et
2730 5004 2843 5043 non
2871 4995 3002 5043 sunt
3030 4984 3268 5041 confusi.
3301 4983 3417 5053 Ego
3458 4990 3641 5037 autem

2060 5098 2182 5140 sum
2210 5083 2414 5138 vermis
2441 5090 2495 5139 et
2525 5098 2638 5139 non
2666 5079 3242 5151 homo;.opprobrium
3275 5076 3557 5131 hominum
3588 5082 3657 5130 et'

2058 5174 2298 5243 ahjectio
2341 5174 2538 5245 plebis.
2586 5173 2805 5229 Omnes.
2832 5173 3080 5228 videntes
3120 5187 3229 5234 me,
3262 5169 3641 5226 subsannave-

2054 5277 2182 5322 runt
2204 5284 2312 5334 me,
2336 5269 2503 5323 locuti
2531 5276 2662 5324 sunt
2689 5267 2869 5333 labiis,
2897 5270 3261 5322 etmorernnt
3289 5269 3473 5332 caput.
3504 5259 3640 5332 Spe.—

2052 5362 2194 5417 ravit
2222 5360 2275 5415 in
2300 5359 2535 5416 Domino
2569 5378 2582 5414 :
2615 5360 2813 5430 eripiat
2843 5374 2993 5425 eum,
3024 5358 3257 5411 salvum,
3293 5354 3460 5410 faciat
3488 5368 3638 5415 eum,

2053 5457 2311 5527 quoniam
2340 5457 2457 5515 vult
2497 5471 2644 5517 eum,
2685 5453 2944 5524 quoniam
2986 5459 3041 5506 tu
3090 5466 3171 5513 es,
3205 5450 3297 5521 qui
3350 5448 3634 5505 extraxisti

2052 5564 2145 5606 me
2164 5549 2233 5606 de
2274 5557 2465 5606 ventre
2478 5566 2507 5616 -;
2533 5563 2660 5618 spes
2688 5560 2808 5601 mea
2846 5545 2917 5599 ab
2956 5543 3220 5599 uberibus
3252 5542 3445 5597 matris
3482 5555 3635 5596 mea.

2051 5641 2110 5699 In
2136 5650 2191 5700 te
2221 5642 2514 5715 projectus.
2534 5654 2655 5694 sum
2674 5654 2746 5693 ex
2764 5645 2940 5692 utero.
2966 5636 3040 5692 De
3069 5645 3261 5690 ventre
3283 5634 3477 5690 matris
3506 5645 3638 5688 mea

2047 5737 2194 5794 Deus
2217 5746 2379 5793 meus
2400 5750 2459 5791 es
2489 5743 2571 5799 tu,
2597 5746 2666 5786 ne
2689 5729 3019 5786 discesseris
3044 5744 3074 5783 a
3106 5745 3213 5793 me,
3239 5728 3499 5800 quoniam
3531 5726 3638 5783 tri-
