4112 6440
465 407 572 464 739

1138 405 1405 459 EUSEBII
1445 402 1930 459 CESARlENSlS
1979 402 2130 459 OPP.
2172 402 2354 462 PARS
2397 403 2459 460 ll.
2502 434 2571 445 -
2609 401 3110 462 APOLOGETICA.

3606 406 3714 465 760

465 522 677 578 bulatio
704 522 949 592 proxima
978 528 1084 590 est,
1115 522 1374 591 quoniam
1422 535 1529 575 non
1559 528 1643 575 est
1673 521 1767 591 qui
1794 521 2030 591 adjuvet.

2144 523 2230 593 Μὴ
2279 523 2520 591 ἀποστῇς
2575 521 2670 575 ἀπ’
2700 520 2858 590 ἐμοῦ.
2903 522 2984 574 ὅτι
3036 519 3213 585 θλίψις
3263 521 3448 589 ἐγγὺς,
3483 521 3564 574 ὅτι
3614 522 3716 575 οὐκ

462 614 956 671 Circumdederunt
993 630 1080 667 me
1107 613 1264 667 vituli
1294 614 1487 680 multi;
1516 614 1657 669 tauri
1690 615 1917 683 pingues
1946 612 2038 667 ob-

463 705 729 763 sederunt
754 719 862 759 me.
893 704 1238 774 Aperuerunt
1265 717 1432 772 super
1459 717 1546 756 me
1570 716 1634 757 os
1657 718 1839 768 suum,
1866 709 1925 755 ut
1951 701 2035 756 leo

464 800 686 867 rapiens
720 804 773 851 et
800 798 1043 865 rugiens.
1078 793 1231 851 Sicut
1261 809 1402 864 aqua
1436 794 1641 850 ell'usus
1670 808 1819 867 sum,
1852 800 1907 848 et
1952 792 2038 847 di-

463 906 656 961 spersa
687 898 817 946 sunt
849 889 1032 944 omnia
1060 904 1185 945 ossa
1218 904 1358 944 mea.
1388 887 1616 942 Factum
1636 896 1829 945 estcor
1857 900 2038 940 meum

403 1004 412 1015 -
462 989 727 1052 tanquam
773 997 899 1037 cera
947 982 1279 1051 liquescens,
1312 984 1368 1035 in
1420 979 1601 1034 medio
1652 977 1860 1034 ventris
1909 976 2035 1032 mei.

461 1074 623 1132 Aruit
661 1083 921 1144 tanquam
949 1082 1089 1130 testa
1116 1074 1292 1130 virtus
1322 1085 1460 1127 mea.
1489 1069 1556 1125 Et
1587 1069 1768 1140 lingua
1794 1082 1912 1123 mea
1944 1064 2041 1121 ad-

463 1168 623 1223 haesit
650 1167 856 1238 gutturi
881 1182 1023 1231 meo,
1055 1173 1110 1221 et
1141 1166 1196 1220 in
1233 1166 1512 1235 pulverem
1544 1163 1736 1215 mortis
1766 1157 2039 1215 deduxisti

463 1274 551 1314 me
595 1275 608 1309 :
655 1257 819 1335 490
866 1257 1130 1327 quoniam
1197 1252 1684 1309 circumdederunt
1734 1265 1818 1305 me
1870 1262 2039 1305 canes

463 1352 641 1409 multi.
675 1351 1040 1422 Congregatio
1077 1348 1491 1419 malignantium
1526 1343 1741 1407 obsedit
1783 1358 1893 1397 me.
1932 1338 2039 1403 Fo-

461 1446 662 1500 derunt
685 1460 882 1499 manus
904 1458 1053 1497 meas
1075 1450 1128 1497 et
1151 1442 1315 1511 pedes
1339 1453 1490 1494 meos
1518 1452 1530 1488 ε
1553 1435 2040 1490 dinumeraverunt

462 1538 646 1593 omnia
679 1550 806 1591 ossa
837 1549 976 1589 mea.
1008 1532 1116 1603 Ipsi
1164 1547 1293 1586 vero
1323 1529 1831 1589 consideraverunt,
1872 1531 1927 1580 et
1952 1525 2038 1579 in-

462 1634 768 1697 spexerunt
800 1640 885 1679 me
916 1641 928 1676 :
962 1623 1270 1683 diviserunt
1301 1620 1627 1676 vestimenta
1659 1630 1779 1671 mea
1821 1615 1947 1681 sibi,
1982 1621 2040 1670 et

462 1733 631 1789 super
658 1723 863 1772 vestem
898 1731 1073 1775 meam
1123 1716 1393 1767 miserunt
1444 1722 1667 1765 sortem.
1704 1708 1785 1764 Tu
1831 1717 2033 1775 autem,

461 1806 714 1873 Domine,
753 1822 821 1860 ne
856 1805 1049 1877 procul
1090 1816 1345 1858 amoveas
1384 1798 1652 1854 auxilium
1701 1813 1903 1853 meum.
1954 1795 2036 1851 Ad

463 1896 868 1968 susceptionem
924 1910 1099 1950 meam
1136 1892 1366 1963 respice.
1404 1889 1566 1961 Eripe
1612 1906 1643 1944 a
1679 1888 1885 1955 framea
1918 1890 2036 1945 ani-

462 2003 606 2043 mam
639 2003 835 2055 meam,
868 1993 920 2041 et
940 2003 1005 2041 ex
1035 2001 1198 2040 manu
1222 1984 1377 2039 canis
1406 1982 1622 2037 unicam
1646 1998 1842 2038 meam.
1877 1981 2035 2036 Salva

461 2095 548 2134 me
578 2095 637 2135 ex
673 2094 768 2133 ore
800 2078 995 2140 leonis,
1028 2084 1083 2131 et
1116 2092 1146 2131 a
1182 2077 1445 2147 cornibus
1479 2074 1828 2131 unicornium
1859 2072 2036 2129 humie

462 2172 670 2227 litatem
728 2186 925 2226 meam.
982 2168 1228 2223 Narrabo
1296 2184 1495 2224 nomen
1558 2175 1713 2221 tuum
1772 2164 2035 2220 fratribus

459 2263 617 2317 meis.
651 2260 707 2316 ln
761 2261 941 2317 medio
992 2261 1251 2316 Ecclesiae
1303 2259 1538 2315 laudabo
1584 2268 1655 2314 te.
1700 2256 1803 2323 Qui
1834 2257 2034 2312 timetis

458 2353 773 2421 Dominum,
804 2351 1024 2408 laudate
1053 2368 1198 2406 eum.
1235 2351 1409 2407 Omne
1440 2366 1627 2407 semen
1664 2347 1835 2404 Jaeob
1866 2347 2035 2419 glori-

459 2444 615 2501 (icate
641 2461 792 2500 eum.
824 2443 1074 2505 Timeant
1105 2460 1228 2499 eum
1265 2454 1427 2497 Omne
1456 2458 1641 2500 semen
1670 2440 1876 2506 lsrael;
1909 2453 2036 2509 quo-

460 2539 607 2596 niam
644 2552 755 2593 non
789 2538 1017 2608 sprevit,
1043 2552 1221 2607 neque
1252 2536 1480 2590 moleste
1517 2535 1643 2592 tulit
1691 2530 2035 2603 deprecatio-

460 2644 583 2683 nem
618 2629 896 2701 pauperis,
930 2643 1106 2699 neque
1129 2627 1325 2681 avertit
1376 2624 1569 2679 faciem
1604 2639 1756 2681 suam
1786 2641 1815 2677 a
1847 2639 1952 2686 me,
1982 2628 2037 2677 et

461 2738 586 2777 cum
644 2721 936 2775 clamarem
986 2719 1055 2775 ad
1085 2734 1233 2784 eum,
1272 2717 1554 2773 exaudivit
1602 2731 1705 2771 me.
1740 2715 1782 2768 A
1817 2723 1869 2770 te
1917 2716 2035 2769 laus

459 2828 580 2868 mea
611 2814 662 2891 in
700 2812 945 2869 Ecclesia
986 2828 1202 2883 magna.
1235 2808 1372 2864 Vota
1396 2824 1515 2863 mea
1552 2808 1779 2862 reddam
1822 2807 1874 2859 in
1904 2821 2036 2859 eon-

461 2914 651 2981 spectu
683 2906 992 2960 timentium
1023 2919 1171 2959 eum.
1215 2900 1515 2957 Comedent
1545 2914 1833 2971 pauperes,
1865 2905 1920 2953 et
1949 2914 2036 2953 sa-

460 2998 816 3059 turabuntur,
844 3006 898 3065 et
931 2993 1235 3048 laudabunt
1271 2991 1583 3055 Dominum,
1617 2990 1708 3060 qui
1750 2991 2036 3053 requirunt

460 3108 585 3148 eum
615 3107 628 3142 :
658 3091 844 3147 vivent
872 3086 1037 3143 corda
1062 3101 1249 3141 eorum
1301 3085 1357 3139 in
1398 3083 1658 3143 saeculum
1695 3082 1899 3138 saeculi.
1928 3080 2033 3136 Re-

463 3185 826 3259 miniscentur
869 3188 924 3238 et
958 3185 1350 3249 convertentur
1395 3176 1463 3231 ad
1506 3175 1793 3230 Dominum
1843 3190 2036 3239 omnes

465 3272 600 3339 lines
634 3284 811 3336 terra}.
853 3280 909 3329 et
960 3271 1268 3326 adorabunt
1304 3270 1360 3323 in
1412 3277 1713 3338 conspectu
1741 3268 1862 3337 ejus
1912 3268 2037 3327 uni-3

462 3382 635 3422 versa:
669 3365 889 3420 familiae.
932 3367 1213 3436 gentium;
1247 3361 1506 3431 quoniam
1561 3357 1779 3412 Domini
1824 3365 1909 3412 est
1950 3372 2036 3411 re-

462 3474 651 3530 gnum,
693 3466 746 3513 et
773 3458 892 3528 ipse
935 3455 1250 3511 dominatur
1280 3453 1573 3524 gentibus;
1607 3449 1964 3505 comederunt
1986 3456 2041 3503 et

463 3550 832 3613 adoraverunt
877 3562 1070 3602 omnes
1125 3546 1357 3615 pingues
1401 3550 1582 3607 terrae,
1630 3541 1689 3594 in
1740 3548 2040 3610 conspectu

463 3642 587 3711 ejus
649 3640 1007 3711 prolabentur
1060 3653 1275 3701 omnes,
1318 3637 1411 3706 qui
1451 3633 1794 3695 descendunt
1841 3633 1898 3686 in
1931 3642 2043 3694 ter-_-

466 3750 604 3797 ram,
636 3741 691 3787 et
715 3735 899 3787 anima
945 3748 1065 3785 mea
1098 3731 1175 3784 illi
1210 3730 1364 3793 vivit,
1404 3735 1460 3803 et
1500 3743 1688 3783 semen
1721 3741 1900 3780 meum
1925 3741 2044 3781 ser-

462 3826 573 3880 viet
611 3825 682 3889 ei,
718 3823 1139 3881 annuntiabitur
1185 3821 1417 3878 Domino
1456 3820 1737 3891 generatio
1788 3825 2039 3882 ventura,

461 3926 517 3972 et
543 3918 951 3988 annuntiabunt
979 3916 1250 3987 justitiam
1274 3915 1399 3986 ejus
1423 3914 1625 3987 populo
1642 3912 1735 3983 qui
1758 3917 2040 3977 nascetur,

461 4024 625 4079 quem
659 4008 786 4067 fecit
818 4008 1195 4064 Dominus“.i
1230 4006 1369 4063 Illud
1399 4005 1621 4078 quidem
1659 4002 1862 4068 «Deus,
1898 3999 2042 4055 Deus

464 4116 640 4166 meus,
671 4101 883 4172 respice
912 4102 965 4155 in
997 4115 1105 4167 me,
1143 4114 1315 4170 quare
1341 4097 1677 4168 dereliquisti
1709 4095 1832 4150 me?
1852 4114 1870 4147 ›
1896 4092 2043 4165 quod

464 4192 623 4246 initio
653 4191 849 4262 psalmi
870 4190 1076 4245 dictum
1109 4202 1214 4257 est,
1250 4206 1281 4244 a
1315 4189 1597 4247 Salvatore
1629 4195 1841 4252 nostro,
1877 4194 1937 4240 ut
1959 4192 2044 4240 est

462 4283 607 4354 apud
629 4282 967 4347 Matthazum,
1001 4284 1122 4355 ipso
1146 4283 1421 4355 passionis
1444 4290 1687 4351 tempore
1702 4278 1908 4333 dictum
1932 4283 2039 4340 est,

465 4376 520 4429 in
573 4374 721 4429 hunc
760 4373 1020 4430 modum:
1061 4393 1082 4425 ι
1114 4374 1158 4427 A
1203 4381 1358 4429 sexta
1407 4380 1588 4427 autem
1631 4371 1765 4425 hora
1805 4368 2044 4429 tenebrae

466 4466 628 4521 facta:
655 4473 787 4520 sunt
818 4482 984 4537 super
1033 4467 1346 4523 universam
1392 4472 1594 4520 terram
1636 4476 1811 4533 usque
1844 4462 1911 4516 ad
1943 4461 2044 4515 ho-

464 4574 582 4612 ram
612 4574 838 4622 nonam,
873 4567 927 4614 et
957 4558 1093 4613 hora
1122 4573 1266 4613 nona
1292 4557 1547 4612 clamavit
1576 4554 1737 4610 Jesus
1777 4569 1909 4613 voce
1934 4569 2046 4607 ma-

462 4666 567 4722 gna
594 4669 608 4705 :
635 4649 833 4713 Eloim,
885 4647 1083 4712 Eloim,
1134 4654 1332 4704 lamma
1374 4646 1760 4711 sabaclithani,
1800 4644 1946 4714 quod
1975 4660 2041 4699 ex

2142 613 2289 667 ἐστιν
2333 616 2362 667 6
2415 613 2645 683 βοηθῶν.
2685 611 3140 684 Περιεκύκλωσάν
3173 629 3239 682 με
3272 610 3463 683 μόσχοι
3504 611 3712 677 πολλοὶ,

2139 705 2328 776 ταῦροι
2358 705 2537 767 πίονες
2564 703 2853 775 περιέσχον
2884 701 3236 773 με.¹Ἤνοιξαν
3266 704 3351 756 ἐπ’
3379 702 3479 775 ἐμὲ
3507 702 3570 757 τὸ
3594 703 3716 757 στό-

2142 815 2219 868 μα
2255 796 2454 860 αὐτῶν,
2484 796 2558 860 ὼς
2604 795 2739 847 λέων
2787 793 3048 865 ἀρπάζων
3092 794 3188 849 καὶ
3226 794 3718 866 ὠρυόμενος.Ὦσεὶ

2140 888 2283 960 ὕδωρ
2306 887 2587 959 ἐξεχύθην,
2612 888 2706 941 καὶ
2726 885 3113 958 διεσκορπίσθη
3141 887 3316 941 πάντα
3342 888 3411 942 τὰ
3434 889 3568 943 ὀστᾶ
3591 906 3714 960 μου.

2150 980 2411 1051 Ἐγενήθη
2443 982 2475 1051 ἡ
2504 980 2701 1051 καρδία
2730 997 2831 1051 μου
2860 978 2992 1032 ὡσεὶ
3012 977 3180 1048 κηρὸς
3206 977 3507 1050 τηκόμενος
3530 982 3587 1034 ὲν
3618 980 3716 1050 μὲ-

2139 1087 2216 1140 σῳ
2243 1071 2343 1140 τῆς
2374 1070 2579 1133 κοιλίας
2612 1067 3052 1141 μου.Ἐξηράνθη
3083 1067 3157 1131 ὡς
3187 1066 3453 1139 ὄστρακον
3499 1070 3532 1139 ἡ
3564 1067 3717 1139 ἰσχύς

2141 1179 2265 1232 μου,
2295 1164 2387 1215 καὶ
2415 1164 2448 1232 ἡ
2477 1161 2701 1229 γλῶσσά
2727 1179 2827 1232 μου
2859 1159 3182 1229 κεκόλληται
3208 1159 3286 1231 τῷ
3320 1159 3554 1231 λάρυγγί
3591 1176 3715 1231 μου,

2140 1255 2231 1308 καὶ
2269 1254 2349 1317 είς
2378 1252 2506 1324 χοῦν
2546 1251 2777 1306 Θανάτου
2805 1250 3115 1322 κατήγαγες
3147 1267 3214 1321 με
3239 1267 3252 1281 ⁸
3294 1254 3376 1307 ὅτι
3402 1251 3718 1309 ἐκύκλωσαν

2141 1363 2207 1417 με
2259 1343 2420 1409 κύνες
2468 1344 2678 1410 πολλοὶ,
2707 1344 2996 1415 συναγωγὴ
3044 1344 3494 1416 πονηρευομένων
3558 1361 3717 1414 περι-

2138 1439 2294 1509 έσχον
2327 1437 2659 1509 με.¹Ὠρυξαν
2688 1437 2875 1508 χεῖράς
2911 1453 3010 1508 μου
3040 1438 3132 1490 καὶ
3162 1437 3327 1501 πόδας
3382 1452 3506 1507 μου,
3533 1434 3717 1506 ἐξηρί-

2138 1529 2355 1601 θμησαν
2377 1530 2555 1585 πάντα
2584 1529 2652 1592 τὰ
2679 1531 2813 1587 ὀστᾶ
2848 1546 2969 1600 μου.
2988 1528 3147 1582 Αὐτοὶ
3177 1529 3233 1582 δὲ
3264 1528 3597 1599 κατενόησαν
3624 1527 3719 1580 καὶ

2137 1622 2348 1675 ὲπεῖδόν
2380 1639 2448 1692 με
2467 1638 2480 1652 ο
2515 1621 2892 1691 διεμερίσαντο
2922 1619 2990 1675 τά
3017 1621 3210 1691 ίμάτιά
3235 1638 3334 1691 μου
3358 1622 3591 1683 ἑαυτοῖς,
3625 1621 3720 1673 καί⁵

2138 1715 2231 1767 ἐπὶ
2256 1712 2347 1767 τὸν
2372 1712 2661 1783 ἱματισμόν
2692 1730 2795 1783 μου
2824 1712 3013 1767 ἔϐαλον
3037 1713 3258 1784 κλῆρον.
3287 1713 3360 1766 Σὺ
3396 1712 3477 1777 δὲ,
3522 1712 3716 1784 Κύριε.

2141 1805 2216 1878 μὴ
2252 1805 2534 1880 μακρύνῃς
2578 1803 2677 1876 τὴν
2723 1804 2973 1875 βοήθειάν
3009 1823 3135 1877 μου,
3167 1809 3248 1870 είς
3292 1805 3393 1881 τὴν
3434 1805 3719 1876 ἀντίληψίν

2141 1917 2267 1970 μου,
2286 1899 2749 1971 πρόσχες.Ῥῦσαι
2798 1899 2906 1952 ἀπὸ
2931 1899 3226 1971 Ιρομφαίας
3264 1899 3363 1971 τὴν
3389 1900 3565 1970 ψυχήν
3594 1916 3715 1969 μου,

2140 1994 2235 2046 καὶ
2276 1992 2341 2045 ὲκ
2385 1991 2565 2063 χειρὸς
2598 1991 2758 2055 κυνὸς
2784 1993 2884 2063 τὴν
2915 1993 3174 2064 μονογενῆ
3207 2009 3329 2063 μου.
3355 1991 3534 2044 Σῶσόν
3566 2006 3633 2060 με
3656 1991 3720 2042 ὲιι

2143 2084 2405 2155 στόματος
2428 2084 2657 2147 λέοντος,
2686 2084 2780 2137 καὶ
2814 2084 2922 2137 ἀπὺ
2942 2084 3183 2154 κεράτων
3216 2084 3601 2156 μονοκερώτων
3622 2083 3720 2154 τὴν

2142 2175 2465 2230 ταπείνωσιν
2502 2193 2621 2246 μου.
2657 2176 2998 2247 Διηγήσομαι
3025 2175 3087 2229 τὸ
3115 2175 3287 2246 ὅνομά
3316 2193 3407 2229 σου
3441 2179 3554 2239 τοῖς
3577 2175 3724 2230 ἀδελ-

2144 2271 2263 2338 φοῖς
2299 2285 2420 2339 μου,
2448 2269 2506 2320 ἐν
2534 2268 2683 2339 μέσῳ
2721 2267 3045 2339 Ἐκκλησίας
3083 2269 3307 2339 ὑμνήσω
3330 2285 3411 2323 σε.
3442 2269 3506 2322 υί
3536 2266 3724 2337 φοϐού-

2147 2376 2297 2430 μενοι
2323 2359 2413 2412 τὸν
2441 2357 2665 2429 Κύριον,
2700 2358 2951 2411 αἰνέσατε
2976 2357 3137 2411 αὐτόν
3157 2374 3170 2387 ο
3218 2358 3361 2412 ἀπαν
3402 2357 3464 2411 τὸ
3503 2356 3722 2427 σπέρμα

2156 2450 2368 2513 Ἰακὼϐ,
2407 2449 2667 2517 δοξάσατε
2710 2449 2890 2503 αὐτόν.
2932 2449 3329 2520 Φοϐηθήτωσαν
3366 2449 3531 2502 αὐτὸν
3578 2449 3723 2503 ἆπαν

2141 2545 2202 2596 τὸ
2234 2544 2455 2615 σπέρμα
2494 2543 2738 2614 Ἰσραήλ·
2768 2541 2850 2595 ὅτι
2876 2542 2975 2595 οὐκ
3001 2524 3359 2608 ὲξουδὲνωσεν
3389 2539 3509 2594 ούδὲ
3558 2558 3727 2613 προσ-

2141 2633 2342 2705 ώχθισε
2380 2636 2445 2704 τῇ
2477 2632 2657 2702 δεήσει
2706 2630 2797 2685 τοῦ
2849 2631 3101 2703 πτωχοῦ,
3150 2632 3270 2684 οὐδὲ
3313 2631 3627 2703 ἀπέστρεψε
3662 2632 3727 2686 τὸ

2144 2726 2431 2798 πρόσωπον
2459 2722 2624 2778 αὐτοῦ
2665 2723 2759 2777 ἀπ’
2791 2724 2945 2793 ἐμοῦ,
2979 2724 3073 2776 καὶ
3100 2725 3157 2777 ὲν
3184 2722 3261 2793 τῷ
3291 2721 3623 2794 κεκραγέναι
3656 2738 3724 2793 με

2143 2818 2279 2889 πρὸς
2308 2817 2487 2881 αὑτὸν,
2518 2814 2803 2887 είσὴκουσέ
2839 2832 2962 2885 μου.
2994 2814 3153 2887 Παρά
3176 2814 3269 2867 σοῦ
3297 2815 3325 2866 6
3354 2813 3576 2878 ἔπαινός
3622 2829 3723 2884 μου

2142 2912 2199 2962 ἐν
2250 2908 2544 2981 Ἐκκλησία
2581 2908 2824 2982 μεγάλῃ’
2858 2907 2957 2971 τάς
2989 2908 3151 2979 εύχάς
3201 2924 3300 2978 μου
3344 2903 3609 2958 ἀποδώσω
3640 2907 3725 2957 ὲν-

2142 3001 2311 3055 ώπιον
2341 3000 2447 3054 τῶν
2472 3001 2821 3071 φοϐουμένων
2855 2999 3034 3054 αὐτόν.
3062 3000 3327 3067 Φάγονται
3359 2997 3610 3067 πένητες,
3632 2996 3726 3050 καὶ

2143 3092 2637 3165 ὲμπλησθήσονται,
2672 3097 2762 3148 καὶ
2807 3090 3077 3149 αἰνέσουσι
3123 3091 3325 3163 Κύριον
3355 3091 3402 3145 oi
3429 3089 3720 3158 ὲκζητοῦνη

2143 3206 2232 3252 τες
2261 3188 2449 3242 αὐτόν·
2480 3186 2736 3259 ζήσονται
2766 3189 2822 3243 αί
2856 3187 3075 3255 καρδίαι
3105 3185 3285 3239 αὐτῶν
3322 3184 3402 3247 εἰς
3431 3182 3601 3238 αἰῶνα
3625 3179 3719 3233 τοῦ

2143 3280 2355 3343 αἰῶνος.
2420 3279 2839 3350 Μνησθήσονται
2892 3279 2984 3331 καὶ
3045 3276 3532 3347 ὲπιστραφήσονται
3579 3270 3715 3343 πρὸς

2144 3371 2345 3444 Κύριον
2371 3371 2549 3425 πάντα
2575 3370 2644 3424 τά
2673 3370 2888 3440 πέρατα
2914 3367 3015 3439 τῆς
3038 3368 3164 3438 γῆς,
3196 3366 3291 3423 καὶ
3320 3366 3715 3437 προσκυνήσου-

2145 3481 2225 3517 σιν
2258 3462 2485 3518 ὲνώπιον
2519 3462 2681 3517 αὑτοῦ
2715 3462 2884 3515 πᾶσαι
2926 3463 2981 3514 αἱ
3016 3460 3246 3530 ’πατριαὶ¹
3269 3456 3376 3511 τῶν
3410 3455 3609 3511 ἐθνῶν·
3637 3455 3720 3508 ὅτι

2140 3555 2234 3611 τοῦ
2284 3555 2490 3627 Κυρίου
2547 3557 2580 3626 ἡ
2630 3554 2894 3625 βασιλεία,
2956 3553 3050 3606 καὶ
3106 3550 3266 3613 αὐτὸς
3318 3548 3566 3613 δεσπόςει
3616 3545 3722 3615 τῶν

2142 3646 2581 3716 ὲθνῶν.Ἔφαγον
2624 3646 2719 3699 καὶ
2751 3645 3166 3716 προσεκύνησαν
3212 3642 3413 3705 πάντες
3459 3643 3509 3695 οί
3544 3639 3724 3703 πίονες

2142 3739 2239 3809 τῆς
2261 3738 2383 3808 γῆς,
2414 3736 2644 3791 ἐνώπιον
2669 3735 2835 3789 αὑτοῦ
2868 3733 3309 3807 προσπεσοῦνται
3332 3732 3535 3793 πάντες
3559 3730 3611 3783 οἱ
3629 3745 3728 3781 κα-

2143 3812 2490 3891 ταϐαίνοντες
2520 3830 2599 3891 είς
2636 3827 2735 3897 τὴν
2765 3826 2888 3897 γῆν.
2920 3826 3030 3878 Καὶ
3058 3826 3090 3895 ἡ
3115 3823 3259 3893 ψυχή
3311 3838 3412 3891 μου
3462 3819 3613 3890 αύτῷ
3636 3818 3723 3889 ζῇ,

2144 3921 2237 3975 καὶ
2270 3920 2331 3973 τὸ
2372 3920 2592 3991 σπέρμα
2630 3937 2731 3991 μου
2777 3917 3052 3971 δουλεύσει
3086 3912 3729 3986 αὐτῷ.Ἀναγγελήσεται

2142 4012 2220 4085 τῷ
2255 4012 2444 4087 Κυρίῳ
2492 4012 2653 4083 γενεά
2683 4014 2717 4082 ἡ
2754 4010 3047 4082 ἐρχομένη,
3092 4009 3186 4061 καὶ
3225 4004 3585 4074 ἀναγγελοῦσι
3628 4002 3729 4072 τὴν

2142 4105 2490 4176 δικαιοσύνην
2513 4100 2678 4157 αὐτοῦ
2711 4101 2825 4174 λαῷ
2856 4101 2935 4172 τῷ
2956 4098 3357 4169 τεχθησομὲνῳ,
3385 4095 3444 4147 ὃν
3474 4093 3732 4162 ἐποίησεν

2142 4199 2171 4250 6
2205 4197 2425 4271 Κύριος.
2460 4216 2477 4249 ι
2512 4195 2605 4259 Τὸ,
2640 4212 2658 4244 ι
2681 4195 2739 4247 '0
2784 4193 2916 4256 Θεός
2951 4209 3072 4263 μου,
3104 4188 3339 4261 πρόσχες
3394 4200 3485 4253 μοι
3510 4200 3523 4214 ·
3558 4182 3647 4235 ἵνα
3676 4182 3735 4235 τί

2143 4280 2500 4356 ἐγκατέλιπές
2541 4303 2636 4357 με;
2668 4305 2685 4337 ι
2715 4287 2772 4339 ὲν
2799 4286 2996 4355 ἀρχαῖς
3028 4280 3120 4333 τοῦ
3153 4276 3364 4349 ψαλμοῦ
3413 4273 3729 4342 λεγόμενον,

2145 4379 2286 4435 κατὰ
2317 4379 2408 4433 τὸν
2436 4378 2712 4432 Ματθαῖον
2740 4373 2845 4427 ὑπὸ
2877 4371 2970 4425 τοῦ
2999 4369 3249 4439 Σωτῆρος
3276 4363 3433 4438 ἡμῶν
3462 4363 3612 4435 παρά
3635 4362 3733 4417 τὸν

2144 4471 2238 4524 τοῦ
2274 4470 2493 4537 ,πάθους
2545 4467 2733 4538 καιρὸν
2780 4465 2952 4526 οὕτως
2996 4461 3239 4532 εἴρηται*
3287 4477 3304 4509 ι
3332 4455 3631 4527 Γενομένης
3671 4454 3731 4507 δὲ

2145 4562 2295 4635 ὥρας
2339 4561 2525 4630 ἕκτης,
2557 4559 2744 4621 σκότος
2792 4555 3008 4624 ἐγένετο
3048 4552 3133 4623 ἐφ’
3164 4550 3293 4621 ὃλην
3339 4546 3436 4618 τὴν
3457 4545 3583 4615 γῆν,
3624 4544 3733 4635 ἕως

2146 4633 2297 4725 ὥρας
2327 4653 2586 4720 ὲννάτης·
2617 4650 2710 4702 καὶ
2751 4648 2818 4719 τῇ
2865 4645 3059 4717 ὲννάτῃ
3106 4641 3225 4715 ὥρᾳ
3263 4638 3486 4711 ἐϐόησεν
3527 4633 3734 4705 Ἰησοῦς

464 4741 917 4813 interpretatione
940 4750 1057 4797 est:
1081 4740 1250 4808 Deus,
1281 4741 1423 4803 Deus
1465 4756 1642 4803 meus,
1673 4754 1844 4810 quare
1886 4737 2039 4793 dere-

2147 4748 2297 4817 φωνῇ
2336 4742 2579 4817 μεγάλη·
2622 4738 3144 4813 Ἐλωεὶμ,Ἑλωεὶμ,
3170 4734 3368 4805 λαμμᾶ
3397 4728 3694 4799 σαϐαχθανὶ
3714 4766 3730 4792 ,

461 4833 672 4903 liquisti
706 4833 882 4889 me"?
916 4854 935 4886 ι
976 4842 1201 4903 accepta
1230 4848 1359 4888 vero
1402 4839 1531 4889 sunt
1570 4830 1837 4886 llebraica
1876 4829 2042 4885 verba

462 4943 527 4982 ex
562 4941 648 4989 ea,
687 4941 809 4997 quae
838 4941 985 4981 nunc
1013 4933 1099 4981 est
1138 4925 1193 4979 in
1223 4925 1477 4983 manibus
1523 4922 1825 4995 prophetia.
1861 4919 2045 4990 Siqui-

462 5017 587 5073 dem
632 5019 716 5073 vel
763 5018 954 5075 iisdem
1008 5018 1235 5089 syllabis
1280 5017 1416 5071 illud
1469 5017 1650 5087 ipsum
1688 5031 1699 5065 :
1750 5030 1769 5065 ι
1807 5012 1891 5067 Eli
1938 5011 2042 5073 Eii,

461 5109 661 5162 lamma
684 5108 1065 5176 sabachtbani,
1092 5129 1111 5162 ι
1143 5108 1298 5163 initio
1317 5108 1512 5177 psalmi
1536 5106 1869 5170 continetur;
1897 5103 2041 5174 quod

460 5201 659 5270 Aquila
696 5201 751 5260 in
790 5201 938 5257 hunc
978 5200 1201 5255 modum
1251 5200 1645 5269 interpretatus
1693 5206 1778 5253 est
1808 5214 1821 5251 :
1857 5216 1875 5248 ι
1907 5195 2045 5250 For-

460 5294 535 5347 tis
582 5309 767 5357 incus,
817 5295 977 5350 l‘ortis
1037 5309 1233 5358 meus,
1283 5308 1456 5363 quare
1502 5290 1849 5361 dereliquisti
1903 5304 1990 5343 me
2019 5289 2045 5342 ?

460 5382 623 5457 49],
665 5385 836 5442 Porro
862 5386 1008 5457 quod
1043 5387 1157 5440 haec
1185 5385 1430 5440 eamdem
1479 5399 1603 5438 cum
1641 5383 1730 5447 iis,
1765 5397 1885 5452 quae
1914 5395 2043 5450 pas-

466 5476 636 5529 sionis
689 5485 933 5547 tempore
985 5493 1015 5530 a
1079 5474 1361 5531 Salvatore
1416 5482 1605 5530 nostro
1669 5473 1816 5527 dicta
1874 5479 2041 5535 sunt,

465 5564 702 5622 habeant
731 5568 864 5631 vim,
902 5584 1062 5623 nemo
1104 5569 1291 5639 utique
1339 5568 1637 5639 negaverit.
1668 5564 1912 5635 Tempus
1943 5563 2044 5633 igi-

467 5665 559 5711 tur
582 5659 695 5727 jam
729 5678 877 5716 nunc
908 5663 1069 5718 fuerit
1112 5665 1383 5733 psalmum
1438 5664 1617 5733 ipsum
1662 5664 1871 5731 absque
1905 5676 2041 5723 con-

467 5753 733 5809 troversia
760 5752 826 5805 ad
859 5753 1024 5807 alium
1056 5755 1265 5809 nullum
1298 5753 1525 5817 referre,
1549 5767 1709 5822 quam
1744 5742 1811 5805 ad
1843 5751 1996 5804 illum
2025 5772 2042 5807 :

540 5842 586 5877 ⁸⁸
625 5840 765 5897 Psal.
805 5860 929 5911 XXI,
960 5845 1112 5897 2-52.
1192 5846 1235 5875 ’τ
1280 5845 1471 5902 Matth.
1504 5859 1652 5898 xxvn
1678 5882 1691 5906 ,
1766 5842 1953 5906 65,66.

2143 4841 2172 4893 ὅ
2200 4840 2316 4890 ὲστι
2358 4832 2897 4907 μεθερμηνευόμενον
2918 4847 2932 4860 ·
2970 4831 3029 4883 '0
3053 4829 3204 4891 Θεὸς,
3227 4829 3255 4878 ό
3279 4824 3410 4886 Θεός
3434 4839 3556 4893 μου,
3573 4820 3661 4872 ’ίνα
3678 4819 3734 4870 τί

2147 4926 2502 4999 ἐγκατέλιπές
2531 4943 2631 4997 μες
2672 4945 2691 4976 )
2725 4924 2980 4996 εἴληπται
3021 4921 3077 4974 δὲ
3105 4922 3138 4989 ἡ
3166 4915 3428 4987 Ἐϐραϊκὴ
3457 4912 3600 4976 λέξις
3628 4909 3738 4963 ἀπὺ

2146 5013 2244 5091 τῆς
2275 5021 2332 5072 ὲν
2360 5018 2517 5091 χερσὶ
2544 5016 2900 5088 προφητείας.
2931 5013 3128 5076 Λύταίς
3155 5009 3284 5079 γοῦν
3320 5003 3609 5067 συλλαϐαῖς
3650 5000 3734 5063 τὸ,

2154 5130 2171 5162 ι
2196 5109 2365 5175 Ἠλεὶ,
2383 5107 2551 5172 Ἠλεὶ,
2576 5107 2769 5177 λαμμᾶ
2794 5101 3112 5173 σαϐαχθανὶ,
3140 5121 3156 5152 ι
3189 5102 3222 5171 ἡ
3245 5098 3338 5151 τοῦ
3362 5091 3578 5166 ψαλμοῦ
3611 5106 3736 5144 κατ-

2150 5207 2294 5279 αρχὴ
2325 5203 2592 5275 περιέχει,
2609 5202 2746 5270 ὅπερ
2764 5201 2793 5252 ὀ
2819 5196 3052 5260 Ἀκύλας
3071 5193 3260 5247 τοῦτον
3306 5189 3621 5279 ἡρμήνευσε
3642 5181 3737 5279 τόν

2402 5273 2425 5346 -ι
2450 5293 2660 5367 Ἴσχυρέ
2687 5309 2808 5363 μου,
2838 5288 3023 5361 ἰσχυρέ
3052 5305 3175 5358 μου,
3200 5286 3287 5338 ἵνα
3307 5282 3358 5335 τί
3380 5273 3738 5370 ἐγκατέλιπές

2154 5362 2256 5461 μ-ες
2292 5409 2309 5439 ι
2344 5362 2536 5441 Ταῦτα
2549 5362 2612 5439 δὲ⁷
2630 5362 2711 5439 ὅτι
2740 5386 2852 5447 τοῖς
2881 5381 2987 5435 ὑπὸ
3012 5379 3107 5433 τοῦ
3140 5374 3392 5445 Σωτῆρος
3419 5368 3574 5441 ἡμῶν
3593 5362 3739 5420 κατὰ

2147 5483 2241 5533 τὸν
2253 5481 2344 5532 τοῦ
2353 5479 2562 5547 ,πάθους
2579 5477 2767 5545 καιρὸν
2784 5478 2904 5548 είρη
2915 5473 3091 5545 μένοις
3112 5462 3552 5537 ίσοδυναμεῖ,πᾶς
3567 5461 3740 5548 όστιᾼσ·

2151 5572 2245 5626 οῦν
2290 5571 2621 5643 ὁμολογήσαι
2657 5545 2901 5637 ἄν.Ὦρα
2918 5561 3205 5633 τοιγαροῦν
3231 5553 3618 5643 ἀναμφιλόγως
3648 5545 3739 5600 τὶν

2151 5664 2364 5734 ψαλμὸν
2389 5663 2496 5717 οὐδ’
2516 5641 2615 5731 ἐφ’
2639 5661 2824 5731 ἕτερον
2851 5659 2884 5728 ἢ
2914 5656 3007 5708 ἐπὶ
3040 5654 3198 5725 μόνον
3228 5648 3389 5703 αὐτὸν
3423 5641 3739 5734 ἀναφέρειν,

2165 5728 2514 5825 ἐπειδὴιαύτῷ
2537 5728 2681 5822 μόνῳ
2698 5728 2791 5803 καὶ
2809 5746 3073 5816 οὐδετέρῳ
3098 5740 3323 5815 ἁρμόζει
3346 5738 3415 5792 τὰ
3435 5728 3761 5817 ἐμπεῖηδῖθ
