4112 6426
392 402 490 459 7‘5!

1338 400 1994 459 DEMONSTRATIONIS
2027 399 2488 456 EVANGELICE
2529 398 2654 454 LIB.
2689 398 2757 453 Χ.

3537 396 3645 453 762

393 539 548 596 μενα.
560 524 850 594 Ἀντικρυς
860 524 988 589 γοῦν
1000 525 1084 578 ἐπ’
1098 523 1244 595 αύτῷ
1256 541 1323 577 πε
1331 524 1435 595 πλη
1444 542 1520 595 ρω
1524 525 1659 594 μένα
1674 524 1744 577 τά
1756 542 1816 577 τε
1831 524 1955 578 ἄλλα

2067 520 2505 592 quandoquidem
2557 520 2634 574 illi
2680 520 2773 573 uni
2821 525 2877 573 et
2915 517 3047 571 nulli
3077 525 3336 586 praeterea
3378 515 3491 580 alii,
3522 532 3645 587 quae

388 617 787 679 ἀποδείκνυται,
804 626 894 670 καὶ
921 616 984 687 δὴ
1010 617 1069 669 τὸ
1099 617 1305 686 φάσκον
1324 619 1380 669 ἐν
1402 617 1601 687 ψαλμῷ
1618 633 1632 647 ’
1670 635 1689 667 ι
1716 617 1967 687 Διεμερί-

393 726 551 763 σαντο
574 708 645 762 τὰ
675 709 866 781 ἱμάτιά
909 727 1009 780 μου
1044 712 1276 775 ἑαυτοῖς,
1318 711 1414 765 καὶ
1442 713 1534 764 ἐπὶ⁵
1561 711 1649 765 τὸν
1676 712 1966 784 ἱματισμόν

393 816 493 865 μου
547 799 736 853 ἔϐαλον
790 800 1007 872 κλῆρον.
1044 820 1062 852 ι
1096 803 1206 855 Καὶ
1244 803 1346 872 τὴν
1397 803 1743 873 κατάπαρσιν
1769 802 1827 855 δὲ
1858 801 1967 855 τῶν

388 884 551 955 ἥλων,
584 886 692 939 τῶν
719 889 859 942 κατὰ
881 888 991 941 τῶν
1018 890 1216 962 χειρῶν
1248 893 1341 945 καὶ
1364 892 1538 945 ποδῶν
1567 893 1659 946 ἐπὶ
1684 891 1779 945 τοῦ
1809 908 1967 945 σταυ-

389 979 484 1050 ροῦ
502 979 960 1051 προσηλωθέντων
974 982 1142 1054 αὐτῷ,
1159 983 1453 1056 διαρρήδην
1476 983 1751 1055 ἐμφαίνει,
1768 984 1962 1053 λέγων’

392 1070 662 1142 εὨρυξτν
708 1074 896 1143 χεῖράς
946 1091 1048 1145 μου
1092 1077 1187 1130 καὶ
1236 1076 1404 1140 πόδας
1444 1094 1565 1147 μου,
1592 1075 1966 1148 ἐξηρίθμησαν

386 1165 563 1215 πάντα
591 1162 659 1216 τὰ
692 1166 826 1216 ὀστᾶ
856 1182 979 1235 μου.
1012 1184 1030 1217 ι
1058 1165 1168 1218 Καὶ
1190 1166 1258 1222 τὰ
1277 1166 1440 1220 λοιπὰ
1464 1167 1520 1220 δὲ
1546 1167 1690 1238 μόνῳ
1712 1167 1777 1221 ἂν
1799 1169 1966 1240 ἐφαρ-

387 1254 549 1324 μόσαι
594 1254 763 1324 αὐτῷ,
807 1256 879 1319 ὡς
928 1252 1130 1328 προῖὼν
1176 1259 1205 1311 6
1250 1257 1406 1325 λόγος
1443 1260 1893 1330 παραστήσει.“Ἡ
1936 1260 1966 1313 ὁ

386 1346 704 1418 βουλόμενος
728 1348 812 1417 ἐφ’
833 1349 1017 1420 ἕτερον
1048 1349 1367 1419 μεταλαϐεῖν
1392 1353 1699 1424 πρόσωπον,
1725 1355 1841 1425 ἦτοι
1869 1353 1967 1424 βα-

384 1436 596 1502 σιλέως,
631 1437 663 1508 ἢ
694 1440 992 1510 προφήτου,
1024 1442 1057 1511 ἢ
1088 1442 1182 1494 καί
1220 1461 1365 1507 τινος
1408 1444 1516 1497 τῶν
1559 1444 1777 1499 πώποτε
1813 1447 1964 1519 παρὰ

394 1524 666 1589 Ἰουδαίοις
699 1526 980 1597 θεοφιλῶν,
1012 1530 1291 1595 δεικνύτω,
1327 1535 1375 1587 εἰ
1419 1528 1529 1597 οἷός
1560 1550 1619 1587 τε
1648 1534 1754 1605 εἴη,
1794 1536 1965 1607 ἐφαρ-

384 1613 570 1686 μόζειν
601 1616 670 1670 τὰ
701 1618 1185 1691 ἀναγεγραμμένα.
1202 1622 1319 1675 Τίνι
1342 1622 1448 1694 γὰρ
1466 1624 1574 1677 τῶν
1602 1624 1820 1679 πώποτε
1840 1642 1965 1679 κυο-

381 1707 732 1778 φορουμένων
779 1710 872 1763 ὲπὶ
912 1711 1164 1766 τοσοῦτον
1207 1714 1388 1786 παρῆν
1437 1716 1639 1788 ἀρετῆς
1670 1717 1767 1771 καὶ
1799 1717 1963 1772 δυνά-

384 1817 549 1871 μεως,
580 1800 721 1855 ῶστε
764 1802 1067 1858 καθεστῶτι
1108 1805 1370 1877 λογισμῷ,
1405 1809 1499 1862 καὶ
1537 1809 1827 1881 ἀσυγχύτῳ
1859 1809 1962 1880 ψυ-

2069 615 2126 667 in
2158 629 2224 667 eo
2244 613 2619 673 continentur,
2652 611 3005 667 conveniunt.
3038 607 3367 663 Planissime
3392 609 3559 679 igitur
3584 611 3644 666 in

2063 706 2160 762 illo
2185 721 2308 760 cum
2357 707 2461 760 alia
2516 706 2784 775 completa
2819 720 2943 760 esse
2996 711 3233 767 constat,
3280 718 3401 771 quae
3450 704 3506 757 in
3538 702 3645 761 hoc

2066 797 2279 868 psalmo
2308 799 2583 867 leguntur,
2624 804 2739 850 tum
2789 812 2920 851 vero
2952 796 3116 851 etiam
3176 793 3311 849 illud
3369 794 3515 864 quod
3566 796 3642 851 ita

2066 889 2142 942 ait
2173 908 2187 943 :
2217 909 2235 940 ι
2281 888 2592 943 Diviserunt
2640 888 2963 942 vestimenta
3017 901 3136 940 mea
3193 884 3320 952 sibi,
3373 892 3429 940 et
3478 901 3645 954 super

2064 994 2268 1035 vestem
2312 996 2485 1034 meam
2540 982 2808 1034 miserunt
2866 986 3093 1033 sortem.
3168 996 3187 1030 ι
3238 976 3640 1046 Trajeetionetn

2063 1088 2194 1127 vero
2226 1072 2502 1125 clavorum
2539 1070 2632 1140 qui
2684 1071 2831 1125 illius
2879 1070 3134 1124 manibus
3191 1084 3256 1123 ac
3304 1067 3535 1138 pedibus
3584 1068 3643 1121 in

2064 1180 2227 1220 cruce
2268 1162 2408 1217 affixi
2467 1171 2615 1223 sunt,
2651 1161 3061 1217 evidentissinie
3093 1161 3320 1227 indicat,
3356 1160 3483 1215 dum
3513 1160 3591 1214 ait
3622 1178 3638 1216 :

2070 1273 2088 1306 ι
2130 1254 2413 1309 Fuderunt
2454 1268 2653 1309 manus
2683 1267 2833 1308 meas
2869 1260 2923 1307 et
2955 1250 3120 1322 pedes
3165 1266 3338 1314 meos,
3391 1249 3642 1304 dinume-

2062 1355 2321 1400 raverunt
2351 1346 2534 1401 omnia
2581 1360 2708 1400 ossa
2742 1360 2882 1400 mea.
2917 1363 2936 1396 ι
2968 1344 3059 1398 Sic
3102 1344 3267 1399 etiam
3297 1343 3503 1412 reliqua
3547 1341 3642 1395 uni

2064 1440 2140 1494 illi
2178 1453 2279 1493 nec
2305 1438 2396 1491 alii
2433 1438 2668 1507 cuipiam
2703 1445 2962 1508 praeterea
2991 1435 3340 1497 convenient,
3377 1432 3643 1504 quemad-

2063 1529 2280 1585 modum
2314 1545 2602 1600 progressa
2640 1530 2855 1599 longius
2897 1529 3070 1584 oratio
3096 1527 3512 1589 demonstrabit,
3548 1533 3642 1580 aut

2063 1629 2207 1676 certe
2244 1621 2425 1691 quivis
2454 1637 2555 1675 suo
2586 1621 2877 1683 arbitratu,
2904 1618 3155 1689 quamvis
3196 1618 3357 1671 aliam
3397 1616 3640 1688 proferat

2062 1726 2350 1780 personam
2385 1718 2479 1764 aut
2541 1713 2707 1781 regis,
2756 1717 2851 1764 aut
2888 1710 3199 1780 prophetae,
3252 1716 3348 1765 aut
3402 1709 3640 1779 alicujus

2063 1819 2272 1869 eorum,
2295 1802 2389 1873 qui
2421 1804 2694 1873 quondam
2726 1801 2869 1873 apud
2902 1800 3120 1859 Iudaeos
3153 1801 3246 1858 Dei
3280 1802 3442 1856 amici
3473 1810 3528 1858 et
3559 1801 3641 1856 fa-

379 1896 471 1965 χῇ,
520 1895 766 1966 νηφαλίῳ
800 1913 859 1951 τε
911 1900 1215 1970 φρονήματι
1247 1899 1381 1953 Θεοῦ
1411 1901 1611 1970 γνῶσιν
1650 1902 1955 1967 ἀναλαϐεῖν,

2063 1896 2306 1951 miliares
2336 1895 2672 1959 exstiterint,
2700 1894 3063 1965 ostendatque
3102 1895 3147 1950 si
3190 1896 3386 1966 possit,
3410 1910 3478 1951 ea
3517 1910 3640 1966 qua!

379 1986 475 2039 καὶ
500 1989 681 2042 πᾶσαν
710 1989 803 2043 ἐπὶ
829 1991 920 2044 τὸν
947 1991 1078 2046 Θεὸν
1100 1994 1398 2063 ἀναρτῆσαι
1422 1994 1587 2048 αὐτοῦ
1613 1995 1711 2067 τὴν
1736 1996 1958 2061 ἐλπίδα;

378 2077 507 2132 ὥστ’
541 2078 606 2134 ἂν
635 2083 809 2135 εἰπεῖν
830 2100 844 2114 ·
882 2086 1034 2140 «Ὅτι
1071 2086 1135 2138 σὺ
1167 2082 1216 2140 εἷ
1246 2089 1275 2141 ὁ
1306 2087 1592 2150 ἐκσπὰσας
1659 2105 1724 2158 με
1770 2091 1833 2141 ἐκ
1870 2105 1962 2157 γα-

378 2172 541 2244 στρὸς
574 2175 779 2247 μητρός
813 2194 937 2247 μου,
973 2180 1005 2249 ἡ
1036 2179 1190 2243 ἐλπίς
1218 2197 1318 2248 μου
1352 2179 1460 2233 ἀπὸ
1492 2180 1712 2251 μαστῶν
1735 2181 1834 2250 τῆς
1866 2198 1965 2253 μη-

376 2261 502 2331 τρός
535 2280 658 2333 μου.
695 2265 820 2318 Ἐπὶ
872 2266 932 2319 σὲ
977 2267 1280 2338 ἐπεῤῥὶφην
1311 2270 1374 2320 ἐκ
1405 2270 1636 2341 μήτρας,
1668 2272 1732 2322 ἐκ
1754 2270 1962 2335 κοιλίας

378 2354 585 2424 μητρός
630 2374 731 2426 μου
780 2357 911 2421 Θεός
956 2375 1058 2428 μου
1102 2356 1155 2413 εἴ
1195 2359 1279 2412 σύ.
1313 2380 1332 2412 ο
1367 2361 1464 2424 Τίς
1490 2361 1546 2414 δὲ
1571 2361 1812 2425 τοιοῦτος
1841 2362 1960 2434 Θεῷ

378 2443 779 2515 μεμελημένος,
809 2448 1009 2511 ὄνειδος
1053 2450 1355 2522 ἀνθρώπων
1387 2451 1580 2520 γέγονε
1620 2453 1715 2506 καὶ¹
1747 2453 1960 2518 ἐξουθέ-

374 2550 526 2604 νημα
555 2535 714 2602 λαοῦ;
745 2539 849 2592 ὑπὸ
895 2540 1054 2593 τίνων
1098 2542 1155 2594 δέ
1200 2543 1294 2596 καὶ¹
1334 2544 1591 2598 ποδαπῶν
1622 2545 1836 2616 μόσχων
1863 2545 1959 2599 καὶ

373 2626 592 2697 ταύρων
619 2630 724 2701 χρὴ
749 2634 887 2685 νοεῖν
917 2632 1008 2685 τὸν
1042 2634 1241 2687 τοιόνδε
1265 2636 1672 2702 κεκυκλῶσθαι;
1703 2639 1754 2690 τί
1783 2638 1838 2690 δὲ
1864 2655 1959 2691 πα-

375 2714 483 2769 θὼν
516 2719 544 2769 6
579 2718 903 2793 δηλούμενος
932 2724 1064 2777 ὡσεὶ
1104 2724 1246 2798 ὕδωρ
1280 2727 1540 2798 ἐξεχύθης
1579 2729 1673 2780 καὶ
1734 2728 1851 2792 πῶς
1880 2728 1960 2781 δι-

372 2809 708 2882 εσκορπίσθη
737 2813 901 2866 αὐτοῦ
935 2814 1003 2867 τὰ
1034 2815 1200 2881 data;
1232 2818 1346 2882 πῶς
1375 2818 1432 2871 δὲ
1461 2820 1541 2881 εἰς
1569 2818 1695 2888 χοῦν
1725 2818 1956 2873 θανάτου

372 2899 642 2971 κατήχθη,
675 2904 769 2957 καὶ
800 2907 1092 2977 καταχθεὶς
1114 2911 1192 2973 εἰς
1217 2908 1345 2980 χοῦν
1368 2908 1621 2971 θανάτου,
1644 2909 1712 2963 τὰ
1732 2910 1957 2965 τοιαῦτα

372 2990 525 3045 λαλεῖ
554 2993 655 3059 ἔτι,
693 2999 788 3051 καὶ
815 2999 879 3070 ζῇ
911 3002 1004 3053 καὶ
1025 3000 1352 3070 φθέγγεται;
1386 3000 1530 3064 τίνες
1562 3002 1618 3054 δὲ
1647 3004 1696 3055 oi
1723 3002 1883 3067 κύνες
1906 3004 1955 3057 οἱ

372 3082 754 3151 κυκλώσαντες
803 3091 985 3155 αὐτὸν,
1018 3092 1193 3163 ῐἐτεροι
1254 3092 1407 3157 ὄντες
1452 3093 1605 3165 παρὰ
1647 3095 1775 3159 τοὺς
1819 3112 1955 3166 προ-

367 3178 794 3250 ωνομασμένους
819 3182 1053 3255 ταύρους
1070 3187 1162 3247 καὶ
1194 3186 1426 3257 μόσχους
1446 3203 1460 3251 ;
1481 3187 1610 3240 ποία
1635 3187 1692 3240 δὲ
1710 3204 1953 3256 συναγω-

365 3266 438 3341 γὴ
490 3273 941 3343 πονηρευομένων
983 3275 1082 3340 τὰς
1118 3282 1306 3348 χεῖρας
1350 3280 1411 3333 ού
1457 3279 1634 3349 μόνον,
1676 3280 1813 3334 ἀλλὰ
1861 3280 1954 3334 καὶ

361 3359 496 3424 τοὺς
529 3361 695 3426 πόδας
740 3364 835 3417 τοῦ
868 3366 1183 3435 τηλικούτου
1228 3369 1464 3442 ὤρυξαν,
1495 3372 1863 3435 ἀποδύσαντες
1893 3391 1953 3428 τε

359 3448 552 3514 αὐτὸν,
584 3451 654 3505 τὰ
709 3453 809 3524 μέν
849 3472 972 3510 τινα
1012 3457 1266 3512 διείλοντο
1294 3461 1459 3515 αὑτοῦ
1490 3462 1596 3517 τῶν
1621 3462 1951 3534 ἐνδυμάτων,

357 3540 425 3593 τὰ
466 3540 524 3594 δὲ
557 3543 651 3595 καὶ
690 3542 876 3614 κλήρῳ
909 3545 1163 3616 λαχόντες
1191 3549 1412 3616 ἐλαϐον;
1439 3553 1522 3617 τίς
1547 3553 1604 3605 δὲ
1638 3556 1670 3625 ἡ
1714 3556 1956 3625 ῥομφαία

354 3639 461 3690 καὶ
506 3638 535 3690 6
576 3636 744 3705 κύων,
778 3640 877 3720 καὶ.
901 3641 929 3690 6
955 3640 1123 3707 λέων;
1152 3643 1296 3709 τίνες
1325 3645 1381 3698 δέ
1410 3649 1459 3701 οἱ
1493 3648 1774 3719 λεγόμενοι
1806 3666 1956 3718 μονο-

351 3727 627 3799 κέρωτες,
669 3727 762 3781 τὸν
809 3729 1137 3801 δηλούμενον
1173 3735 1547 3806 περιέχοντες;
1581 3737 1699 3802 πῶς
1729 3723 1955 3811 δὲ’μετὰ

353 3821 464 3892 τὴν
493 3820 633 3890 πρὸς
658 3822 944 3887 τοσούτους
974 3824 1173 3895 πάλην,
1200 3828 1338 3896 μετὰ
1366 3829 1428 3882 τὸ
1461 3833 1540 3894 εἰς
1566 3830 1696 3901 χοῦν
1720 3831 1952 3886 θανάτου

358 3910 725 3983 καταχθῆναι,
759 3914 1156 3983 ἐπαγγέλλεται
1184 3919 1246 3972 τὸ
1270 3919 1440 3991 ὄνομα
1480 3919 1574 3975 τοῦ
1636 3922 1850 3993 Πατρὸς
1877 3922 1956 3977 δι-

360 4002 638 4075 ηγεῖσθαι,
656 4005 717 4057 οὐ
745 4006 1079 4073 πᾶσιν,ἀλλὰ
1105 4009 1286 4080 μόνοις
1307 4014 1418 4075 τοῖς
1446 4011 1638 4067 ἐαυτοῦ
1668 4014 1949 4084 ἀδελφοῖς;

358 4095 506 4160 τίνες
534 4112 593 4148 τε
618 4098 669 4149 οἱ
696 4097 934 4167 ἀδελφοὶ,
968 4100 1051 4164 τίς
1081 4118 1141 4154 τε
1173 4105 1205 4174 ἡ
1248 4103 1561 4176 Ἐκκλησία,
1591 4108 1718 4179 περὶ
1745 4101 1813 4179 ἧς
1845 4125 1951 4179 φη-

362 4206 447 4243 σιν
498 4189 528 4241 6
575 4186 643 4241 τὰ
694 4190 919 4261 τοιαῦτα
967 4191 1157 4253 παθὼν
1178 4233 1194 4259 ,
1252 4213 1270 4244 ι
1306 4196 1395 4248 Ἐν
1443 4198 1592 4268 μέσῳ
1628 4198 1952 4269 Ἐκκλησίας

360 4280 591 4351 ὑμνήσω
640 4297 721 4345 σε,
775 4300 794 4332 ι
847 4276 930 4346 οἷς
973 4284 1069 4338 καὶ
1117 4285 1378 4354 ἐπιλέγει,
1409 4286 1485 4350 ὡς
1526 4287 1633 4361 ἄρα
1671 4292 1771 4361 οὐχ
1805 4290 1863 4343 ἓν
1890 4290 1952 4345 τὸ

372 4371 647 4427 Ἰουδαίων
680 4371 854 4438 ἔθνος,
891 4392 911 4425 ι
942 4377 1122 4445 πάντα
1143 4376 1199 4429 δὲ
1230 4377 1298 4430 τὰ
1333 4378 1545 4450 πέρατα
1571 4381 1670 4452 τῆς
1691 4382 1793 4453 γῆς
1826 4400 1951 4436 συν-

358 4464 732 4535 αισθήσονται,
764 4466 859 4519 καὶ
886 4468 1383 4541 ἐπιστραφήσονται
1422 4474 1555 4544 πρὸς
1604 4474 1828 4546 Κύριον,
1855 4478 1950 4532 καὶ

358 4555 831 4625 προσκυνήσουσιν
856 4554 1086 4610 ἐνώπιον
1115 4558 1280 4613 αὑτοῦ
1312 4561 1481 4614 πᾶσαι
1508 4563 1563 4615 αἱ
1588 4563 1817 4635 πατριαὶ
1838 4563 1947 4617 τῶν

359 4638 565 4707 ἐθνῶν;
599 4660 617 4691 ι
643 4642 753 4696 Καὶ
784 4645 847 4697 σὺ
872 4644 949 4708 δὲ,
988 4646 1136 4716 παρὰ
1166 4647 1348 4719 σαυτῷ
1377 4649 1675 4719 βασανίσας
1711 4653 1949 4725 ἑκάστην

357 4730 505 4797 λέξιν
554 4730 648 4783 τοῦ
699 4731 939 4809 ψαλμοῦ,
967 4733 1066 4789 θέα
1110 4737 1159 4789 εί
1206 4737 1429 4793 δυνατὸν
1461 4742 1553 4805 ἐπὶ
1581 4740 1671 4796 τὸν
1718 4744 1950 4815 τυχόντα

357 4822 656 4894 ἀναφέρειν
686 4822 755 4877 τὰ
779 4822 1158 4896 θεσπιζόμενα,
1178 4827 1316 4881 Ἀλλ’
1342 4830 1443 4883 οὐκ
1480 4831 1544 4885 ἂν
1570 4830 1751 4903 εὕροις
1778 4833 1949 4905 ἑτέρῳ

359 4934 440 4987 τῳ
465 4915 831 4986 ἐφαρμόττειν
862 4918 999 4971 αὐτὰ
1030 4919 1062 4991 ἢ
1103 4920 1247 4992 μόνῳ
1272 4922 1482 4994 Σωτῆρι
1516 4925 1695 4995 ἡμῶν,
1724 4925 1783 4990 ὃς
1811 4928 1948 4982 πάν-

357 5026 469 5063 των
509 5009 831 5074 πιστότατος
870 5010 936 5063 ἂν
968 5011 1051 5083 εἴη
1086 5014 1180 5071 καὶ
1219 5013 1603 5086 ἀληθέστατος,
1638 5019 1718 5080 εἰς
1750 5019 1941 5073 ἐαυτοῦ

355 5100 649 5174 πρόσωπον
681 5100 988 5175 ἀνειληφὼς
1015 5103 1113 5175 τὴν
1138 5105 1245 5157 ἀπὸ
1270 5105 1364 5160 τοῦ
1397 5105 1613 5177 ψαλμοῦ
1642 5107 1842 5179 φωνὴν,
1867 5110 1943 5174 ὡς

357 5193 751 5266 ἐμαρτύρησαν
779 5195 829 5247 οἱ
857 5196 1240 5263 εὐαγγελισταί
1258 5213 1271 5227 °
1300 5200 1329 5250 6
1360 5198 1458 5269 μὲν
1480 5197 1755 5262 Ματθαῐος
1779 5199 1846 5253 δι’
1867 5193 1943 5253 ὧν

354 5285 708 5361 παρεθέμεθα
742 5287 906 5341 αὐτοῦ
941 5287 1170 5354 λέξεων⁸
1200 5291 1230 5345 6
1260 5291 1318 5344 δὲ
1360 5292 1588 5362 Μάρκος
1637 5292 1704 5345 δι’
1726 5285 1800 5345 ὧν
1849 5293 1944 5347 καὶ

356 5372 520 5442 αὐτὸς
546 5371 649 5431 ὧδέ
684 5396 800 5441 πως
828 5380 1031 5449 ἱστορεῖ
1062 5379 1234 5448 λέγων
1254 5398 1268 5411 ·
1302 5400 1321 5433 ‹
1353 5383 1661 5453 Γενομένης
1702 5384 1760 5437 δὲ
1797 5382 1945 5455 ῶρας

354 5471 543 5540 ἕκτης,
567 5471 755 5533 σκότος
788 5471 1004 5540 ἐγένετο
1029 5474 1113 5540 ἐφ’
1133 5473 1261 5545 ὅλης
1287 5476 1386 5545 τῆς
1414 5475 1538 5545 γῆς,
1556 5477 1660 5540 ἓως
1690 5475 1838 5548 ὧρας
1866 5477 1952 5531 ἐνη

352 5564 542 5634 νὰτης.
580 5564 690 5618 Καὶ
724 5565 791 5635 τῇ
827 5563 1021 5635 ἐννὰτῃ
1074 5564 1193 5637 ῶρᾳ
1242 5564 1467 5636 ἐϐόησεν
1516 5570 1545 5620 ὁ
1581 5567 1789 5639 Ἰησοῦς
1831 5585 1945 5637 φω-

354 5657 419 5724 νῇ
437 5654 689 5727 μεγάλῃ,
724 5654 896 5726 λέγων
915 5674 929 5687 ο
970 5656 1137 5722 Ἠλεὶ,
1156 5656 1323 5723 Ἠλεὶ,
1341 5658 1537 5731 λαμμᾶ
1567 5659 1891 5731 σαὸαχθανὶ,
1915 5662 1945 5715 ὅ

355 5744 472 5797 ἐστι
512 5745 1050 5820 μεθερμηνευόμενον
1071 5765 1087 5783 ο
1136 5750 1193 5804 '0
1226 5751 1378 5815 Θεὸς,
1408 5754 1438 5807 ὁ
1469 5753 1601 5815 Θεός
1632 5771 1758 5824 μου,
1783 5756 1863 5819 εἰς
1888 5755 1943 5807 τί

364 5833 718 5905 ἐγκατέλιπές
750 5857 849 5911 ps;
878 5842 987 5896 Καί
1030 5859 1174 5911 τινες
1218 5843 1323 5899 τῶν
1356 5844 1701 5901 ἀκουσάντων
1726 5846 1906 5900 ἔλειπον
1925 5865 1937 5878 ο

2063 1987 2137 2040 ita
2167 1986 2442 2056 descripta
2490 1994 2648 2050 sunt,
2685 1986 2815 2041 huic
2845 1986 3159 2043 convenire.
3214 1985 3320 2043 Sed
3369 1988 3512 2043 enim
3548 1986 3640 2041 cui

2062 2093 2303 2149 unquam
2349 2094 2562 2141 eorum,
2591 2093 2731 2148 quos
2788 2079 2842 2133 in
2897 2088 3051 2133 utero
3097 2086 3270 2134 mater
3322 2079 3638 2149 gestaverit,

2063 2180 2272 2227 tantum
2330 2170 2583 2235 virtutis,
2655 2177 2979 2241 tantumque
3040 2170 3237 2244 virium
3303 2168 3523 2224 adfuit?
3578 2179 3640 2225 ut

2060 2265 2333 2321 constanti
2383 2264 2730 2336 cogitatione,
2789 2264 3080 2334 animoque
3112 2261 3531 2332 imperturbata,
3585 2270 3641 2319 ει

2061 2363 2238 2411 mente
2273 2355 2454 2411 sobria
2484 2364 2538 2411 et
2570 2363 2776 2419 erecta,
2826 2354 2921 2410 Dei
2948 2354 3312 2426 cognitionem
3342 2355 3636 2425 acceperit,

2059 2456 2113 2504 et
2144 2463 2359 2503 omnem
2408 2461 2566 2503 suam
2598 2461 2748 2515 spem
2780 2447 2835 2502 in
2865 2446 2977 2502 Deo
3020 2447 3402 2514 collocaverit,
3463 2461 3640 2517 usque

2059 2535 2193 2593 adeo
2222 2545 2281 2591 ut
2327 2539 2566 2608 potuerit
2590 2539 2776 2594 dicere
2810 2559 2822 2595 :
2854 2558 2873 2591 ι
2914 2537 3183 2605 Quoniam
3215 2546 3273 2593 tu
3306 2554 3367 2594 es
3393 2540 3486 2610 qui
3543 2554 3639 2595 επ-
3722 2602 3727 2608 ι

2032 2627 2271 2682 “traxisti
2324 2643 2410 2682 me
2456 2626 2523 2683 de
2570 2636 2761 2683 ventre
2810 2629 3006 2684 matris
3056 2643 3208 2690 mete.
3250 2643 3377 2699 spes
3409 2642 3528 2683 mea
3568 2628 3639 2683 ab

2058 2718 2319 2774 uberibus
2347 2720 2539 2775 matris
2567 2735 2722 2784 meae,
2753 2720 2807 2774 in
2837 2728 2891 2776 te
2916 2720 3195 2791 projectus
3223 2736 3342 2776 sum
3369 2736 3435 2776 ex
3458 2728 3635 2785 utero,

2056 2812 2125 2867 de
2152 2818 2342 2867 ventre
2385 2812 2579 2867 matris
2613 2828 2748 2867 mea:
2805 2811 2948 2867 Deus
3001 2828 3156 2868 meus
3201 2829 3263 2868 es
3308 2821 3387 2868 tu.
3443 2833 3462 2867 ι
3500 2814 3638 2880 Quis

2056 2919 2222 2974 porro
2250 2919 2492 2974 unquam
2517 2904 2609 2959 ubi
2643 2905 2763 2974 ipse
2800 2912 2963 2959 tanta:
2989 2920 3135 2959 curae
3162 2902 3271 2960 Deo
3299 2904 3485 2970 fuerit,
3515 2913 3640 2976 post

2055 3008 2119 3048 ea
2159 2994 2513 3066 opprobrium
2545 2994 2830 3049 hominum
2860 3004 2915 3049 et
2954 2995 3187 3064 abjectio
3220 2996 3405 3067 populi
3459 2997 3639 3053 factus

2055 3084 2178 3140 est?
2199 3100 2228 3138 a
2255 3085 2456 3156 quibus
2492 3096 2674 3141 autem
2724 3093 2778 3141 et
2811 3086 3122 3157 cujusmodi
3147 3088 3358 3152 vitulis,
3394 3097 3487 3143 aut
3515 3099 3642 3144 tau~

2056 3182 2133 3235 ris
2164 3180 2574 3254 intelligendum
2605 3187 2691 3237 est
2738 3181 2884 3237 hunc
2914 3182 3087 3239 fuisse
3116 3184 3556 3240 circumdatum?
3584 3192 3639 3241 et

2056 3275 2187 3344 quid
2210 3274 2427 3330 tandem
2459 3275 2587 3331 huic
2613 3276 2717 3347 ipsi
2746 3278 2968 3342 accidit,
2988 3286 3047 3332 ut
3070 3279 3228 3348 quasi
3260 3294 3401 3349 aqua
3430 3277 3638 3335 effusus

2057 3368 2246 3423 sitIet
2291 3368 2569 3439 quomodo
2596 3369 2846 3438 ejusdem
2906 3385 3034 3425 ossa
3085 3370 3337 3443 dispersa
3387 3373 3554 3429 sunt?
3582 3379 3638 3428 et

2055 3473 2162 3526 qua
2195 3459 2407 3514 ratione
2456 3458 2512 3512 in
2555 3460 2831 3530 pulverem
2869 3460 3084 3516 mortis-
3109 3461 3382 3517 deductus
3432 3464 3557 3517 est?
3581 3470 3638 3518 et

2054 3551 2286 3607 simulac
2342 3551 2397 3605 in
2434 3553 2595 3607 talem
2633 3553 2912 3622 pulverem
2937 3561 3023 3608 est
3047 3554 3337 3619 deductus,
3374 3555 3554 3611 adhuc
3580 3562 3639 3611 et

2052 3643 2186 3697 talia
2233 3643 2499 3714 loquitur,
2539 3651 2596 3699 et
2641 3646 2797 3708 vivit,
2826 3653 2880 3700 et
2910 3645 3153 3701 vocalem
3186 3661 3247 3703 se
3294 3646 3554 3717 praestat?
3581 3655 3637 3703 et

2053 3734 2277 3803 quinam
2328 3734 2421 3794 alii
2475 3750 2642 3791 canes
2688 3736 2841 3791 illum
2893 3735 3379 3792 circumdederunt
3428 3746 3631 3809 prater

2053 3839 2170 3891 eos,
2202 3840 2342 3896 quos
2390 3825 2528 3893 dixit
2572 3833 2627 3881 et
2678 3833 2868 3882 tauros
2917 3834 2972 3881 et
3011 3828 3251 3883 vitulos?
3307 3828 3455 3898 quod
3502 3845 3635 3887 vero

2053 3916 2346 3971 consilium
2404 3917 2822 3988 malignantium
2874 3933 2983 3973 non
3039 3919 3218 3973 solum
3277 3934 3474 3975 tnanus
3535 3921 3633 3977 sed

2052 4006 2217 4062 etiam
2250 4007 2417 4078 pedes
2446 4008 2678 4078 hujusce
2726 4007 2795 4063 de
2827 4022 2939 4078 quo
2972 4023 3153 4064 sermo
3180 4014 3287 4072 est,
3339 4007 3636 4066 foderunt?

2055 4099 2150 4169 qui
2186 4101 2350 4154 etiam
2404 4109 2696 4171 postquam
2749 4101 3002 4167 eumdem
3059 4109 3363 4167 exuerunt,
3421 4111 3632 4173 partem

2054 4190 2275 4260 quidem
2325 4193 2776 4253 vestimentorum
2843 4192 3017 4262 ipsius
3080 4192 3356 4258 divisere,
3417 4201 3631 4264 partem

2050 4296 2181 4335 vero
2209 4280 2375 4350 jactis
2420 4282 2662 4338 sortibus
2693 4283 3087 4359 arripuerunt?
3117 4292 3171 4340 et
3217 4301 3466 4354 quaenam
3519 4285 3633 4341 fra-

2050 4388 2172 4427 mea
2215 4373 2345 4429 illa?
2373 4375 2499 4444 quis
2536 4374 2735 4431 canis?
2771 4376 2896 4446 quis
2935 4375 3063 4431 leo?
3094 4376 3187 4446 qui
3244 4378 3371 4432 item
3404 4377 3481 4432 illi
3535 4378 3632 4449 qui

2052 4463 2308 4518 dicuntur
2340 4466 2635 4523 unicornes
2661 4481 2809 4530 eum,
2849 4467 2918 4521 de
2957 4483 3071 4539 quo
3125 4483 3304 4524 sermo
3336 4477 3443 4534 est,
3476 4470 3630 4526 obsi-

2052 4552 2286 4609 dentes?
2315 4554 2478 4626 492
2510 4564 2566 4613 ει
2593 4567 2701 4626 qua
2732 4556 2931 4613 ﬁducia
2959 4568 3083 4637 post
3118 4566 3327 4615 tantam
3350 4568 3541 4617 contra
3575 4559 3630 4615 id

1979 4625 2026 4686 Π
2052 4661 2223 4715 genus
2275 4625 2499 4713 luctata,
2555 4625 2624 4702 ac
2664 4625 2976 4720 postquam1
3009 4650 3065 4704 in
3117 4651 3393 4721 pulverem
3434 4651 3630 4707 mortis

2047 4735 2317 4793 deductus
2347 4746 2453 4803 est,
2490 4739 2779 4809 pollicetur
2812 4757 2871 4798 se
2895 4757 3095 4798 nomen
3144 4743 3317 4812 patris
3369 4741 3453 4797 sui
3496 4756 3628 4796 nar-

2045 4835 2296 4882 raturum
2334 4845 2447 4885 non
2483 4830 2763 4895 omnibus,
2791 4832 2885 4887 sed
2925 4834 3058 4888 solis
3089 4836 3203 4888 suis
3236 4831 3543 4885 fratribus?
3572 4838 3629 4886 et

2046 4920 2141 4990 qui
2196 4922 2414 4976 tandem
2473 4922 2531 4977 hi
2579 4921 2832 4979 fratres?
2876 4939 3127 4995 quaenam
3193 4940 3321 4979 vero
3381 4922 3626 4978 Ecclesia

2051 5012 2187 5075 haec,
2219 5013 2287 5067 de
2311 5029 2416 5083 qua
2444 5013 2491 5069 is
2525 5015 2618 5084 qui
2653 5016 2780 5070 talia
2807 5016 3051 5086 pertulit,
3082 5015 3155 5068 ita
3192 5013 3473 5084 loquitur?
3500 5033 3519 5066 ε
3565 5014 3628 5069 In

2050 5103 2230 5157 medio
2260 5102 2514 5159 Ecclesiae
2571 5105 2807 5161 laudabo
2845 5114 2929 5174 te;
2989 5124 3009 5157 ι
3043 5105 3243 5174 quibus
3293 5105 3458 5173 etiam
3490 5104 3625 5161 illud

2051 5194 2301 5267 adjungit
2329 5214 2342 5250 :
2375 5197 2521 5267 quod
2561 5198 2751 5269 utique
2780 5214 2889 5253 non
2922 5211 3027 5251 una
3052 5195 3282 5251 Iudaica
3324 5211 3492 5267 gens,
3529 5195 3625 5253 sed

2057 5308 2075 5340 ι
2110 5304 2302 5344 omnes
2333 5289 2468 5345 lines
2497 5299 2657 5345 terra:
2700 5290 3119 5353 reminiscentur
3145 5296 3200 5344 et
3237 5295 3628 5344 convertentur

2052 5380 2121 5438 ad
2153 5382 2467 5447 Dominum,
2497 5390 2551 5440 et
2601 5381 2909 5438 adorabunt
2940 5381 2994 5435 in
3026 5389 3326 5450 conspectu
3356 5379 3479 5450 ejus
3506 5393 3628 5434 om-

2051 5492 2150 5531 nes
2194 5475 2413 5530 familia:
2462 5475 2727 5547 gentium.
2769 5474 3085 5529 iCaeterum
3146 5480 3205 5527 tu
3255 5487 3475 5545 quoque
3529 5473 3627 5532 ubi

2050 5584 2148 5639 per
2168 5577 2221 5624 te
2257 5569 2434 5639 ipsum
2467 5568 2681 5637 singula
2731 5566 2977 5636 ejusdem
3004 5565 3201 5637 psalmi
3251 5566 3417 5622 verba
3438 5566 3653 5637 exple-va

2051 5661 2280 5724 raveris,
2306 5660 2467 5715 facile
2513 5657 2787 5728 intelliges
2819 5667 3003 5713 utrum
3024 5672 3085 5713 ea
3109 5673 3233 5729 qua:
3266 5657 3321 5712 in
3347 5658 3467 5730 ipso
3489 5673 3624 5715 cono

2053 5753 2297 5807 tinentur
2345 5751 2413 5806 ad
2448 5751 2722 5820 vulgarem
2772 5751 3085 5822 quempiam
3115 5749 3311 5810 referri
3359 5752 3619 5824 possint:

2052 5845 2196 5915 quod
2232 5860 2356 5911 cum
2393 5844 2611 5914 feceris,
2636 5854 2785 5900 certe
2829 5860 2940 5901 non
2992 5844 3239 5903 invenies
3270 5849 3359 5902 cui
3401 5842 3622 5901 tandem
