4112 6448
452 405 562 463 763

1157 405 1430 463 EUSEBll
1466 404 1948 463 CJESARIENSIS
1987 406 2140 466 OPP.
2182 406 2365 465 PARS
2393 408 2457 464 ll.
2496 440 2563 452 --
2593 410 3091 468 APOLOGETICA.

3597 413 3705 469 764

451 523 547 579 illa
578 525 927 592 conveniant,
950 531 1149 596 prater
1176 540 1344 579 unum
1383 524 1718 581 Salvatorem
1749 534 2019 591 nostrum,

2137 525 2322 581 Ἠλίαν
2364 532 2549 597 φωνεῖ.
2586 548 2604 580 ι
2637 530 2773 601 Φέρε
2798 530 2860 600 δὴ
2885 527 2977 584 οὖν
3010 530 3221 593 τούτοις
3250 530 3555 595 ἀκολούθως
3580 534 3701 588 ἴδω-

451 621 547 691 qui
600 620 843 676 omnium
885 626 939 673 et
980 619 1292 676 ﬁdelissime
1341 626 1396 674 et
1454 620 1737 675 verissime
1794 619 2024 689 hujusce

451 712 650 783 psalmi
678 726 840 766 voces
870 712 924 765 'm
964 726 1119 767 suam
1149 725 1438 782 personam
1471 712 1795 781 assumpsit,
1834 727 2025 782 quem-

451 802 744 857 admodum
803 803 1150 873 evangelista:
1203 802 1476 858 testiﬁcati
1530 811 1684 858 sunt.
1739 803 2023 862 Mattheus

451 892 669 963 quidem
698 894 808 948 illis
837 893 1018 947 verbis
1068 907 1190 962 quae
1232 901 1391 949 antea
1448 895 1758 950 retulimus.
1807 895 2022 952 Marcus

450 991 633 1039 autem
687 983 755 1040 iis
809 984 1007 1054 quibus
1055 985 1221 1038 etiam
1263 984 1374 1051 ille,
1407 992 1595 1056 utpote
1624 987 1717 1056 qui
1771 989 1826 1041 in
1875 988 2022 1043 hunc

449 1075 671 1130 modum
695 1083 879 1131 narret
906 1095 920 1131 :
951 1094 969 1127 ι
1007 1075 1073 1129 Et
1096 1075 1235 1131 facta
1257 1077 1398 1131 hora
1427 1086 1580 1132 sexta
1610 1079 1846 1133 tenebrae
1867 1078 2023 1134 factae

451 1173 582 1220 sunt
606 1181 772 1236 super
799 1174 966 1222 totam
999 1177 1202 1222 terram
1238 1183 1412 1238 usque
1465 1169 1531 1223 ad
1579 1170 1768 1224 horam
1800 1186 2019 1227 nonam.

448 1255 519 1310 Et
541 1257 676 1313 hora
704 1274 848 1314 nona
875 1259 1198 1315 exclamavit
1215 1257 1380 1317 Iesus
1401 1276 1536 1316 voce
1567 1277 1759 1333 magna
1791 1264 2017 1319 dicens:

449 1346 556 1414 Eli,
583 1348 686 1415 Eli,
708 1350 907 1404 lamma
943 1349 1323 1415 sabachthani,
1364 1350 1509 1420 quod
1542 1360 1627 1405 est
1662 1368 1726 1405 ex
1751 1352 2019 1422 interpre-

449 1442 658 1498 tatione
683 1461 705 1497 τ
725 1442 891 1508 Deus,
927 1442 1071 1499 Deus
1092 1459 1268 1508 meus,
1295 1443 1362 1497 ad
1391 1444 1520 1514 quid
1538 1444 1876 1512 dereliquisti
1902 1445 2024 1498 me?

448 1532 518 1588 Et
572 1535 798 1605 quidam
846 1552 912 1591 ex
946 1537 1294 1592 audientibus
1349 1536 1603 1591 dicebant
1641 1555 1653 1590 :
1705 1535 1878 1590 Elian]
1919 1552 2018 1592 vo-

449 1629 540 1675 cat
568 1622 634 1677 ”.
671 1643 690 1673 ι
717 1626 828 1693 Age
856 1624 1022 1694 igitur
1066 1628 1295 1696 posthac
1328 1627 1450 1697 ipso
1492 1626 1681 1681 ordine
1717 1628 2016 1692 videamus,

448 1728 557 1782 qua
584 1714 804 1770 ratione
830 1731 893 1770 ea
919 1732 1040 1786 quae
1065 1718 1121 1772 in
1156 1718 1260 1773 hoc
1303 1719 1516 1788 psalmo
1547 1720 1919 1787 continentur,
1953 1721 2016 1775 ad

448 1804 603 1859 illum
653 1806 938 1862 referenda
992 1808 1122 1864 sint.
1183 1808 1261 1863 Ac
1306 1810 1542 1880 primum
1606 1811 2018 1883 inscriptionem

448 1894 626 1965 ipsam
648 1904 965 1965 tractemus,
988 1914 1110 1969 quae
1128 1900 1254 1955 talis
1282 1874 1368 1956 e—st
1402 1921 1415 1956 :
1453 1920 1472 1953 ι
1512 1901 1570 1956 in
1601 1901 1760 1958 ﬁnem
1782 1874 1858 1969 λ’,
1890 1925 1909 1955 ι
1938 1906 2020 1960 vel
2050 1874 2093 1933 Β

445 1992 900 2060 quemadmodum
920 1993 1117 2063 Aquila
1150 1994 1319 2050 edidit
1346 2012 1359 2047 :
1391 2013 1410 2046 ι
1453 1996 1696 2050 victoria:
1729 1998 1962 2062 auctori,
1995 2016 2014 2049 ι

444 2083 533 2139 vel
579 2085 742 2139 etiam
789 2092 849 2138 ut
885 2083 1248 2156 Symmachus
1300 2104 1316 2140 :
1376 2105 1395 2138 ι
1459 2086 1527 2141 ad
1579 2087 1861 2143 victoriam
1919 2107 2018 2161 pro

445 2178 817 2247 susceptione.
847 2198 867 2231 ›
902 2178 1029 2234 Haec
1056 2194 1188 2235 sane
1214 2178 1377 2235 nobis
1419 2181 1646 2235 veniunt
1674 2181 1734 2234 in
1760 2191 2015 2247 mentem,

444 2279 735 2341 propterea
780 2274 925 2342 quod
976 2275 1237 2329 salutaris
1291 2275 1383 2329 illa
1438 2276 1646 2346 passio,
1702 2282 1763 2328 ut
1812 2277 2019 2347 scripta

442 2362 904 2431 evangelistarum
934 2363 1336 2431 demonstrant,
1368 2364 1608 2435 perfecta
1660 2373 1740 2420 est
1799 2366 2018 2423 circiter

443 2451 637 2507 horam
659 2459 897 2519 gnonam,
934 2456 1094 2512 factis
1130 2456 1245 2527 jam
1290 2457 1552 2521 tenebris,
1585 2458 1654 2513 ab
1680 2460 1815 2513 hora
1864 2468 2016 2515 sexta

442 2562 619 2618 usque
676 2548 743 2604 ad
795 2548 989 2603 horam
1043 2564 1268 2614 nonam,
1323 2562 1430 2619 qua
1479 2564 1613 2605 sane
1666 2550 1800 2604 hora
1852 2553 2015 2607 etiam

440 2653 632 2695 vocem
660 2654 912 2711 magnam
943 2641 1146 2706 emisit,
1174 2648 1229 2695 et
1261 2656 1325 2696 ea
1356 2658 1477 2712 qua:
1501 2644 1663 2713 paulo
1705 2651 1831 2700 ante
1877 2646 2003 2699 reci-

440 2732 703 2797 tavimus,
749 2732 993 2801 protulit,
1039 2740 1100 2786 ut
1131 2733 1290 2802 plane
1336 2736 1408 2789 sit
1441 2735 1839 2802 conﬁtendum,
1872 2738 2017 2793 illius

440 2820 755 2892 passionem
792 2821 858 2875 ad
892 2835 1172 2891 vesperam
1200 2829 1362 2877 nocte
1381 2823 1708 2881 adventante
1740 2825 1926 2881 fuisse.
1950 2826 2018 2882 At

439 2910 655 2966 reditus
679 2909 926 2979 ejusdem
958 2925 988 2963 a
1019 2911 1273 2976 mortuis,
1287 2927 1409 2981 quae
1430 2912 1533 2968 fuit
1550 2916 1825 2985 susceptio
1845 2919 2020 2986 patris

440 3002 596 3057 illum
652 3002 1025 3071 suscipientis,
1071 3010 1127 3056 et
1172 3003 1239 3057 ad
1296 3004 1537 3073 seipsum
1590 3020 1659 3060 ex
1704 3008 2017 3077 regionibus

440 3090 637 3148 mortis
662 3091 999 3147 adtrahentis
1019 3101 1182 3163 atque
1202 3096 1558 3161 assumentis,
1585 3097 1731 3152 circa
1762 3115 2016 3155 auroram

442 3182 568 3247 fuit,
600 3181 1063 3251 quemadmodum
1117 3199 1312 3239 rursus
1362 3187 1818 3258 evangelistarum
1863 3192 2086 3268 testi-c

442 3277 631 3330 monio
660 3275 1035 3332 conﬁrmatur.
1063 3274 1346 3347 Siquidem
1376 3277 1554 3334 Lucas
1584 3280 1700 3336 haec
1721 3283 1798 3335 ait
1822 3301 1875 3336 τι
1897 3282 2017 3338 Una

442 3376 627 3421 autem
657 3365 1015 3423 Sabbatorum
1043 3368 1202 3426 valde
1232 3369 1474 3425 diluculo
1503 3380 1772 3428 venerunt
1802 3374 1871 3430 ad
1907 3389 2020 3429 mo-

443 3467 768 3514 numentum
819 3458 1077 3524 ferentes,
1123 3478 1244 3532 qua:
1292 3471 1623 3532 paraverant
1665 3474 1944 3531 aromata,
1993 3485 2013 3519 ι

440 3550 607 3623 493
637 3552 894 3607 mulieres
917 3553 1171 3608 videlicet
1204 3562 1259 3609 et
1292 3556 1541 3610 nonnulli
1577 3571 1703 3612 cum
1723 3556 1839 3623 eis;
1877 3578 1895 3610 ι
1934 3559 2020 3613 in-

442 3653 708 3700 venerunt
733 3652 911 3698 autem
942 3645 1175 3715 lapidem
1207 3647 1514 3702 revolutum
1543 3664 1573 3702 a
1616 3660 1967 3704 monumento
2000 3670 2012 3705 :

441 3743 500 3789 et
526 3735 787 3806 ingressa:
819 3751 928 3789 non
975 3736 1302 3791 invenerunt
1333 3751 1533 3806 corpus
1565 3739 1635 3802 '°,
1671 3757 1691 3789 ι
1732 3750 2018 3809 propterea

442 3826 591 3897 quod
617 3826 730 3896 jam
760 3834 877 3881 tum
909 3825 1159 3882 Salvator
1188 3838 1376 3883 noster
1402 3843 1433 3882 a
1466 3836 1644 3884 morte
1674 3838 1794 3883 erat
1810 3832 2019 3886 excita-

443 3924 553 3972 tus.
609 3913 725 3972 Hoc
764 3932 896 3973 vero
944 3919 1123 3988 ipsum
1157 3917 1374 3974 Marcus
1410 3934 1629 3990 quoque
1654 3921 1894 3977 ostendit
1936 3923 2016 3977 sic

441 4007 636 4063 dicens
671 4025 685 4062 :
717 4026 735 4059 ι
776 4007 843 4061 Et
875 4009 1033 4063 valde
1072 4024 1233 4065 mane
1260 4026 1369 4064 una
1404 4010 1766 4066 Sabbatorum
1791 4015 2017 4068 veniunt

443 4097 514 4154 ad
538 4106 974 4162 monumentum,
1008 4109 1128 4153 orto
1150 4099 1262 4168 jam
1292 4101 1426 4167 sole,
1454 4109 1510 4156 et
1555 4101 1809 4158 dicebant
1855 4105 1922 4158 ad
1957 4120 2018 4161 se

443 4189 681 4245 invicem
717 4208 730 4243 :
761 4186 896 4254 Quis
920 4190 1159 4245 revolvet
1190 4190 1348 4247 nobis
1372 4191 1605 4261 lapidem
1631 4194 1699 4248 ab
1725 4195 1868 4249 ostio
1900 4209 2016 4249 mo-

441 4281 728 4336 numenti?
758 4289 876 4336 erat
914 4283 1115 4352 quippe
1164 4297 1395 4354 magnus
1434 4285 1590 4340 valde
1623 4304 1637 4339 :
1667 4292 1721 4340 et
1770 4288 2012 4352 veniunt,

440 4380 498 4430 et
533 4373 816 4429 inveniunt
867 4390 994 4429 eum
1046 4376 1349 4431 revolutum
1378 4376 1445 4429 “.
1482 4395 1503 4427 ι
1538 4377 1669 4431 Erat
1695 4388 1873 4432 autem
1903 4378 2014 4447 jam

440 4475 558 4520 tum
588 4466 876 4523 excitatus.
919 4465 1098 4522 Habes
1131 4469 1273 4538 apud
1326 4466 1588 4522 Joannem
1619 4483 1835 4538 quoque
1873 4469 2015 4523 idem

2128 635 2248 688 μεν,
2274 620 2422 682 ὅπως
2446 622 2527 680 εἰς
2546 620 2705 673 αὐτὸν
2728 620 3142 691 ἀνενεχθήσεται
3157 619 3225 672 τά
3248 620 3334 673 διὰ
3362 619 3457 674 τοῦ
3483 622 3699 694 ψαλμοῦ

2123 709 2447 780 δηλούμενα.
2479 712 2587 764 Καὶ
2614 711 2829 782 πρῶτόν
2861 729 2924 780 γε
2958 710 3299 782 διαλάϐωμεν
3324 712 3423 784 τὴν
3458 714 3698 781 φάσκου-

2126 817 2224 853 σαν
2250 801 2591 872 προγραφὴν,
2639 821 2658 853 ι
2698 804 2779 867 είς
2806 803 2867 855 τὸ
2891 802 3062 866 τέλος,
3100 823 3118 854 ι
3155 804 3210 873 ἦ,
3237 804 3379 856 κατά
3409 806 3501 858 τὸν
3541 805 3699 859 Ἀκύ-

2123 891 2241 957 λαν,
2278 910 2297 942 ι
2324 891 2402 961 τῷ
2443 891 2722 962 νικοποιῷ,
2757 911 2776 943 ι
2816 893 2872 962 ἢ,
2901 892 3043 947 κατά
3065 892 3156 946 τὸν
3182 894 3495 965 Σύμμαχον,
3531 914 3549 947 ι
3582 897 3700 950 ἐπι-

2124 982 2289 1046 νίκιος
2336 983 2479 1054 ὑπὲρ
2522 983 2622 1053 τῆς
2648 983 3002 1055 ἀντιλήψεως.
3033 1002 3051 1035 ι
3085 983 3249 1037 Ταῦθ’
3273 986 3420 1054 ἡμᾶς
3449 985 3701 1059 ὑπεισέρ-

2122 1090 2295 1143 χεται,
2328 1074 2493 1126 ὅτιτὸ
2524 1073 2622 1143 μὲν
2664 1074 2930 1145 σωτήριον
2954 1073 3145 1138 πάθος,
3183 1074 3260 1137 ὼς
3300 1076 3357 1128 at
3390 1074 3565 1141 λέξεις
3591 1074 3701 1130 τῶν

2122 1164 2523 1232 εὐαγγελιστῶν
2570 1166 2941 1236 παρέστησαν,
2987 1166 3210 1230 σκότους
3260 1166 3553 1237 γενομένου
3595 1167 3702 1220 ἀπὸ

2121 1255 2269 1327 ὥρας
2291 1257 2453 1327 ἕκτης
2468 1256 2573 1319 ἕως
2593 1255 2742 1326 ῶρας
2766 1256 3010 1326 ὲννάτης,
3044 1258 3188 1326 ἀμφὶ
3205 1257 3305 1328 τὴν
3328 1257 3555 1328 ἐννάτην
3579 1274 3702 1312 συν-

2122 1348 2399 1421 ετελέσθη,
2429 1351 2517 1402 ὅτε
2542 1351 2635 1402 καὶ
2663 1350 2764 1420 τὴν
2799 1350 2980 1420 φωνὴν
3005 1350 3186 1418 ἀφῆκε
3217 1348 3314 1420 τὴν
3336 1349 3598 1421 μεγάλην,
3631 1350 3702 1403 τά

2125 1440 2303 1511 μικρῷ
2325 1440 2558 1511 πρόσθεν
2576 1440 2918 1512 δεδηλωμένα
2937 1441 3124 1500 εἰπὼν,
3154 1440 3294 1494 ὥστε
3324 1441 3702 1512 ὁμολογεῖσθαι

2124 1530 2309 1600 σαφῶς
2339 1531 2401 1584 τὸ
2421 1530 2592 1595 πάθος
2611 1530 2776 1584 αὑτοῦ
2813 1533 2957 1602 ἀμφὶ
2977 1532 3074 1603 τὴν
3105 1533 3343 1602 ἑσπέραν
3374 1532 3565 1597 νυκτὸς
3598 1535 3700 1587 ὲπ-

2121 1621 2448 1693 ελαυνούσης
2461 1622 2847 1691 γεγονέναι.Τά
2861 1623 2916 1677 δὲ
2927 1625 3024 1694 τῆς
3039 1625 3102 1677 ὲκ
3115 1623 3320 1695 νεκρῶν
3332 1624 3702 1690 ἀναστάσεως,

2120 1715 2240 1785 ἥτις
2269 1709 2336 1785 ἧν
2362 1713 2642 1782 ἀντίληψις
2671 1713 2766 1766 τοῦ
2792 1715 3001 1785 Πατρὸς
3028 1715 3581 1786 ἀντιλαμϐανομένου,
3609 1718 3704 1771 καὶ

2122 1807 2203 1869 είς
2224 1807 2412 1859 ἑαυτὸν
2444 1808 2508 1859 ὲκ
2539 1806 2647 1858 τῶν
2673 1805 2765 1859 τοῦ
2794 1805 3027 1859 θανάτου
3057 1808 3270 1879 χωρίων
3290 1808 3702 1878 ἐπισπωμένου,

2121 1900 2215 1952 καὶ
2235 1899 2300 1952 λα
2308 1899 2600 1969 μϐάνοντος
2618 1900 2800 1963 αὐτὸν,
2813 1901 2954 1971 ἀμφὶ
2972 1900 3069 1970 τὴν
3091 1900 3166 1952 Em
3185 1900 3427 1967 γέγονεν,
3452 1899 3526 1962 ὡς
3546 1896 3705 1963 αὖθις

2120 1991 2228 2044 ἀπὸ
2255 1991 2351 2061 τῆς
2378 1991 2487 2043 τῶν
2518 1991 2916 2060 εύαγγελιστῶν
2943 1990 3247 2062 μαρτυρίας
3276 1991 3626 2062 παρίσταται.
3643 1992 3706 2045 '0

2119 2083 2250 2152 γοῦν
2266 2085 2477 2148 Λουκᾶς
2495 2102 2625 2157 φησι
2643 2103 2655 2115 ·
2682 2107 2699 2137 ι
2713 2086 2790 2156 Τῇ
2813 2085 2869 2137 δὲ
2888 2087 2985 2156 μιᾷ
3001 2084 3109 2138 τῶν
3122 2084 3415 2137 Σαϐϐάτων
3432 2080 3594 2155 ἦλθον
3610 2085 3707 2151 δρ-

2120 2174 2249 2246 θρου
2279 2176 2483 2245 βαθέως
2509 2179 2601 2230 ἐπὶ
2630 2177 2691 2230 τὸ
2727 2181 3007 2249 μνημεῖον,
3044 2178 3303 2248 φέρουσαι
3330 2178 3367 2231 ἃ.
3396 2177 3705 2248 ἡτοίμασαν

2118 2266 2406 2337 ἀρώματα,
2431 2287 2448 2317 ι
2464 2267 2703 2336 δηλονότι
2727 2269 2783 2321 αἱ
2800 2271 3073 2335 γυναῖκες,
3093 2269 3186 2321 καί
3201 2285 3344 2332 τινες
3364 2269 3461 2320 σὺν
3483 2270 3701 2332 αὺταῖς’

2124 2377 2142 2409 ι
2154 2351 2213 2411 εὖ
2223 2375 2311 2427 ρον
2354 2357 2411 2410 δὲ
2435 2358 2527 2411 τὸν
2542 2358 2687 2412 λίθον
2704 2358 3199 2429 ἀποκεκυλισμένον
3220 2361 3285 2412 ὲκ
3298 2359 3392 2411 τοῦ
3408 2358 3700 2429 μνημείουο
3760 2420 3770 2428 ι

2118 2448 2455 2501 εἰσελθοῦσαι
2492 2449 2549 2502 δὲ
2584 2450 2683 2520 οὺχ
2715 2442 2876 2521 εὖρον
2906 2450 2966 2502 τὸ
3002 2449 3181 2520 σῶμα,
3210 2469 3228 2500 ι
3261 2450 3349 2504 διά
3379 2449 3439 2502 τὸ
3473 2450 3572 2521 ἤδη
3606 2451 3703 2502 τὸν

2119 2540 2349 2611 Σωτῆρα
2382 2539 2538 2611 ἡμῶν
2567 2544 2631 2594 ὲκ
2678 2541 2888 2614 νεκρῶν
2920 2541 3241 2613 ὲγηγέρθαι,
3274 2542 3447 2595 Τοῦτο
3476 2542 3535 2594 δὲ
3568 2538 3704 2595 αὐτὸ

2042 2643 2065 2663 ⁶
2118 2633 2211 2686 καὶ
2225 2633 2252 2685 ὁ
2273 2633 2495 2703 Μάρκος
2506 2633 2674 2702 δηλοῖ,
2692 2632 2885 2701 λέγων·
2911 2654 2928 2685 ι
2954 2634 3063 2687 Καὶ
3082 2634 3201 2686 λίαν
3225 2633 3371 2705 πρωῒ
3388 2636 3455 2705 τῇ
3472 2636 3571 2705 μιᾷ
3589 2634 3701 2688 τῶν

2118 2720 2409 2774 Σα66ἀτων
2442 2722 2690 2793 ἔρχονται
2723 2723 2812 2774 ἐπὶ
2844 2723 2904 2776 τὸ
2938 2727 3201 2793 μνημεῖον
3222 2762 3237 2788 ,
3277 2722 3454 2794 Est“)
3484 2725 3705 2778 ἀνατεί-

2117 2811 2308 2876 λαντος
2328 2812 2423 2865 τοῦ
2438 2813 2615 2884 ἡλίου,
2645 2815 2738 2867 καὶ
2754 2814 2940 2882 ἔλεγον
2966 2815 3101 2885 πρὸς
3113 2813 3310 2878 ἑαυτάς
3330 2834 3345 2845 ’
3375 2816 3472 2879 Τίς
3488 2816 3698 2870 ἀποκυρ

2115 2903 2240 2976 λίσῃ
2271 2907 2402 2974 ἡμῖν
2433 2906 2523 2958 τὸν
2566 2905 2708 2959 λίθον
2755 2906 2864 2959 ἀπὸ
2905 2907 3005 2977 τῆς
3054 2905 3222 2976 θύρας
3264 2906 3358 2959 τοῦ
3394 2909 3696 2979 μνημείου;

2116 2992 2184 3067 ἦν
2222 2996 2331 3067 γὰρ
2365 2997 2537 3066 μέγας
2570 2997 2796 3068 σφόδρα.
2844 2999 3175 3071 Ἐρχονται,
3210 3001 3303 3054 καὶ
3349 3001 3701 3072 εὑρίσκουσιν

2118 3087 2280 3141 αὐτὸν
2315 3090 2831 3160 ἀποκεκυλισμένον.
2877 3110 2895 3143 ι
2930 3089 3037 3145 Ἦν
3079 3092 3134 3145 δὲ
3167 3093 3265 3163 ἤδη
3304 3095 3695 3166 ἐγηγερμένος.

2123 3178 2305 3248 Ἔχεις
2334 3181 2430 3233 καὶ
2459 3180 2609 3251 παρά
2637 3181 2713 3252 τῷ
2758 3183 2981 3255 Ἰωάννῃ
3019 3182 3115 3254 τὴν
3163 3185 3331 3254 αὐτὴν
3361 3186 3688 3256 μαρτυρίαν,

2120 3268 2330 3338 λέγοντι
2350 3289 2365 3301 ·
2403 3290 2422 3323 ι
2452 3272 2530 3343 Τῇ
2561 3272 2618 3326 δὲ
2650 3276 2746 3345 μιᾷ
2780 3273 2889 3326 τῶν
2919 3274 3213 3329 Σαϐϐάτων
3246 3276 3459 3348 ἔρχεται
3499 3277 3685 3347 Μαρία

2121 3366 2155 3436 ἡ
2185 3364 2513 3437 Μαγδαληνὴ
2556 3365 2699 3445 πρωῒ
2725 3368 2805 3430 είς
2837 3366 2898 3419 τὸ
2933 3370 3217 3437 μνημεῖον,
3243 3368 3321 3421 ἔτι
3352 3368 3561 3433 σποτίας
3594 3369 3687 3422 οὔ·

2122 3471 2242 3526 σης,
2266 3455 2359 3509 καὶ
2383 3456 2570 3526 βλέπει
2597 3456 2691 3510 τὸν
2713 3457 2859 3510 λίθον
2888 3458 3126 3530 ἠρμένον
3151 3461 3215 3512 ὲκ
3247 3460 3340 3512 τοῦ
3373 3461 3651 3532 μνημείου.
3667 3481 3687 3513 ι

2120 3548 2229 3601 Καὶ
2256 3550 2283 3601 ό
2309 3549 2583 3613 Ματθαῖος
2610 3550 2699 3616 δὲ,
2750 3553 2799 3604 εί
2844 3553 2935 3604 καὶ
2975 3551 3073 3621 ὀψὲ
3125 3552 3418 3606 Σαϐϐάτων
3452 3553 3693 3624 εἴρηκεν,

2120 3641 2232 3694 ἀλλ’
2266 3643 2512 3713 ἐπιφέρει
2545 3642 2748 3711 λέγων·
2797 3664 2813 3695 ι
2847 3644 2961 3713 Τῆς
3005 3644 3425 3716 ὲπιιρωσκούσης
3457 3646 3536 3708 είς
3570 3646 3696 3715 μίαν

2120 3732 2440 3798 Σαϐϐάτων,
2469 3730 2600 3804 ἦλθε
2642 3736 2828 3807 Μαρία
2872 3738 2905 3807 ἡ
2945 3736 3311 3808 Μαγδαληνὴ,
3342 3737 3436 3791 καὶ
3478 3739 3510 3808 ή
3563 3737 3695 3807 ἄλλη

2118 3827 2306 3898 Μαρία
2330 3826 2599 3897 θεωρῆσαι
2629 3828 2717 3880 τὸν
2745 3829 2937 3897 τάφον,
2970 3828 3065 3881 καὶ
3095 3828 3201 3882 ἰδοὺ
3230 3830 3452 3899 σεισμὸς
3483 3829 3699 3898 ἐγένετο

2123 3919 2312 3988 μέγας.
2341 3921 2605 3988 ’Ἄγγελος
2636 3920 2745 3992 γάρ
2782 3922 2988 3993 Κυρίου
3010 3961 3024 3986 ,
3059 3922 3304 3986 καταϐὰς
3336 3922 3393 3988 ἐξ
3427 3922 3658 3993 οὐρανοῦ
3678 3963 3693 3983 ,

2119 4009 2428 4080 προσελθὼν
2464 4011 2762 4065 ἀπεκύλισε
2795 4011 2884 4065 τὸν
2926 4011 3071 4065 λίθον
3113 4013 3221 4066 ἀπὸ
3259 4013 3358 4083 τῆς
3400 4012 3570 4083 θύρας
3602 4012 3696 4065 τοῦ

2122 4102 2404 4173 μνημείου.
2442 4121 2460 4153 ι
2491 4101 2676 4156 Ταῦτα
2706 4103 2761 4155 δὲ
2793 4104 3104 4173 ἀναγκαίως
3131 4104 3449 4175 παρεθέμην
3476 4106 3558 4167 εἰς
3586 4122 3698 4156 πα-

2121 4196 2380 4268 ράστασιν
2403 4192 2504 4264 τῆς
2538 4196 2596 4247 ὲν
2619 4193 2697 4265 τῷ
2719 4194 2918 4266 ψαλμῷ
2954 4195 3436 4267 προφητευσμένης
3467 4193 3696 4265 ἑωθινῆς

2118 4286 2470 4356 ἀντιλήψεως.
2507 4286 2657 4338 Ἐπεὶ
2689 4285 2798 4357 γὰρ
2834 4286 2900 4339 τὰ
2932 4288 3059 4357 περὶ
3098 4287 3191 4338 τοῦ
3226 4286 3430 4348 πάθους
3459 4284 3553 4337 τοῦ
3583 4286 3694 4339 Σω-

2116 4380 2279 4450 τῆρος
2310 4379 2467 4449 ἡμῶν
2498 4377 2788 4449 σημαίνει,
2820 4378 2881 4430 οὐ
2911 4377 3016 4448 μὴν
3045 4376 3339 4446 κατέληξεν
3367 4379 3400 4449 ἡ
3446 4378 3566 4430 κατ’
3596 4379 3694 4432 αὖ·

2116 4470 2205 4523 τὸν
2236 4472 2516 4541 οἰκονομία
2542 4472 2599 4523 ὲν
2633 4470 2710 4539 τῷ
2743 4469 2925 4534 πάθει,
2948 4468 3098 4532 τέλος
3124 4469 3180 4522 δὲ
3206 4469 3299 4522 τοῦ
3336 4469 3541 4534 πάθους
3569 4473 3601 4542 ἡ
3630 4473 3693 4525 ἐκ

439 4562 815 4616 testimonium
840 4562 941 4618 hoc
970 4562 1134 4619 modo
1164 4583 1178 4619 :
1215 4583 1232 4615 ι
1272 4561 1392 4618 Una
1432 4574 1609 4618 autem
1646 4562 2010 4619 Sabbatorum

2118 4561 2324 4633 νεκρῶν
2354 4563 2644 4624 ἀνάστασις
2669 4557 2759 4633 ἦν,
2789 4562 2882 4613 καὶ
2910 4563 2943 4631 ἡ
2975 4561 3258 4631 ἀντίληψις
3287 4565 3320 4633 ἡ
3356 4563 3571 4633 ἑωθινὴ,
3618 4566 3693 4616 είς

439 4652 590 4707 venit
620 4650 790 4706 Maria
807 4651 1121 4724 Magdalene
1142 4668 1301 4709 mane
1330 4654 1395 4707 ad
1426 4661 1859 4716 monumentum,
1880 4648 2010 4708 cum

2119 4655 2290 4717 κότως
2321 4656 2347 4706 ὁ
2367 4653 2521 4722 λόγος
2552 4652 2630 4723 τῷ
2661 4652 2948 4725 παραδόξῳ
2969 4652 3110 4705 τέλει
3133 4655 3231 4724 τὴν
3256 4653 3479 4726 Γραφὴν
3509 4654 3683 4708 ἀνατί-

439 4741 620 4796 adhuc
647 4743 890 4797 tenebras
941 4752 1147 4806 essent,
1182 4751 1237 4798 et
1276 4745 1423 4798 videt
1458 4744 1691 4814 lapidem
1736 4745 2008 4799 sublatum

2118 4745 2270 4798 θεται
2290 4785 2304 4811 ,
2326 4745 2401 4809 ὼς
2431 4745 2529 4817 τῆς
2578 4744 2884 4808 ὑποθέσεως
2916 4745 3152 4815 ἀπάσης,
3192 4747 3288 4798 καὶ
3320 4746 3430 4799 τῶν
3459 4746 3566 4818 πρὸ
3595 4744 3689 4801 atii

439 4846 472 4887 a
519 4843 873 4889 monumento
903 4836 970 4891 θ’.
1016 4856 1035 4888 ι
1072 4836 1358 4892 Matthaeus
1380 4853 1616 4907 quoque,
1642 4839 1857 4893 tametsi
1889 4853 2015 4893 sero

2118 4828 2305 4901 τέλους
2355 4837 2695 4909 παθημάτων
2733 4839 2834 4909 τῆς
2864 4842 2943 4892 λὲκ
2971 4838 3182 4912 νεκρῶν
3215 4840 3564 4902 ἀναστάσεως
3596 4839 3688 4893 καὶ

442 4920 825 4992 Sabbatorum,
843 4928 1002 4993 dixit,
1022 4937 1261 4983 attamen
1293 4929 1573 5000 adiungit:
1598 4949 1616 4981 ι
1652 4930 1726 4984 Ea
1749 4931 2012 5000 quasillu-

2118 4932 2213 5002 τῆς
2241 4929 2576 5001 ἀντιλήψεως
2607 4933 2707 5002 τῆς
2756 4931 2984 5003 ἑωθινῆς
3012 4933 3196 4984 ἕνεκεν
3237 4931 3561 5001 γενομένων.
3595 4930 3688 4982 Ei-

438 5020 609 5076 cescit
637 5020 694 5074 in
724 5036 893 5074 unam
925 5020 1314 5083 Sabbatorum,
1339 5022 1488 5075 venit
1532 5019 1698 5075 Maria
1740 5021 2013 5092 Magdale-

2118 5024 2233 5078 πὼν
2262 5022 2394 5093 γοῦν
2425 5026 2453 5077 ό
2490 5023 2679 5096 Σωτὴρ
2705 5024 2799 5076 καὶ
2826 5023 3029 5095 Κύριος
3057 5023 3212 5094 ἡμῶν
3242 5023 3336 5085 τὸ,
3375 5041 3393 5072 ι
3440 5024 3496 5074 'O
3528 5021 3689 5084 Θεὸς,

437 5122 529 5172 ne,
558 5117 611 5163 et
644 5109 751 5163 alia
781 5107 951 5164 Maria
996 5111 1182 5165 videre
1217 5110 1553 5180 sepulcrum,
1590 5118 1644 5165 et
1668 5126 1798 5167 ecce
1824 5120 2012 5167 teme-

2118 5121 2141 5172 ὑ
2171 5117 2303 5180 Θεός
2341 5134 2441 5188 μου
2464 5156 2479 5180 ,
2517 5117 2755 5187 πρόσχες
2785 5133 2905 5186 μοι,
2946 5116 3033 5169 ἴνα
3061 5117 3115 5167 τί
3148 5114 3501 5183 ἐγκατέλιπές
3532 5130 3629 5185 με;
3667 5133 3685 5164 ι

436 5207 620 5258 motus
654 5200 833 5256 factus
884 5210 969 5257 est
1011 5216 1263 5271 magnus.
1313 5201 1553 5271 Angelus
1597 5201 1741 5255 enim
1797 5202 2013 5258 Domini

2118 5210 2207 5263 καὶ
2239 5210 2363 5279 ἑξῆς
2393 5206 2687 5277 ἐπαγαγὼν
2718 5209 2810 5272 τὸ,
2847 5226 2867 5259 ι
2909 5207 3050 5277 Ἐγὼ
3083 5207 3141 5260 δέ
3182 5210 3295 5279 ειμι
3324 5205 3566 5277 σκώληξ,
3598 5207 3689 5259 καὶ

436 5293 778 5353 descendens
820 5294 888 5349 de
920 5295 1060 5349 cmlo
1113 5294 1372 5358 accessit,
1404 5301 1460 5348 et
1502 5294 1729 5348 revolvit
1773 5295 2009 5364 lapidem

2118 5305 2217 5358 οὐκ
2256 5303 2572 5374 ἄνθρωπος,
2606 5300 2804 5364 ὄνειδος
2846 5299 3181 5371 ἀνθρώπων,
3232 5299 3327 5352 καὶ
3360 5297 3690 5367 ὲξουδένημα

437 5378 507 5442 ab
538 5388 683 5444 ostio
717 5389 1074 5444 monumenti.
1103 5405 1122 5439 ι
1154 5385 1283 5467 [late
1327 5385 1512 5442 addidi
1556 5388 1913 5449 necessario,
1952 5395 2011 5441 ut

2118 5393 2278 5448 λαοῦ·
2318 5414 2336 5445 ι
2369 5395 2464 5446 καὶ
2506 5393 2587 5446 ἔτι
2633 5392 2888 5465 προσθεὶς
2915 5392 3013 5457 τὸ,
3062 5411 3081 5443 ι
3117 5388 3569 5462 Περιεκύκλωσάν

436 5479 777 5537 ostenderem
822 5496 1070 5552 quaenam
1106 5482 1177 5536 sit
1216 5495 1302 5545 ea,
1332 5494 1453 5551 quae
1482 5481 1536 5535 in
1565 5481 1776 5550 psalmo
1813 5480 2011 5551 praedi-

2120 5486 2308 5556 μόσχοι
2354 5485 2566 5550 πολλοὶ,
2597 5484 2787 5555 ταῦροι
2832 5484 3017 5546 πίονες
3060 5483 3348 5553 περιέσχον
3391 5497 3491 5551 με·
3525 5498 3544 5531 ι
3594 5478 3689 5532 καὶ¹

436 5572 581 5626 citur
609 5576 886 5646 susceptio
905 5575 1196 5630 matutina.
1247 5573 1383 5629 Nam
1419 5591 1543 5631 cum
1601 5575 1873 5645 signiﬁcet
1920 5591 2005 5639 ea,

2118 5574 2305 5644 σαφῶς
2334 5575 2423 5627 σὺν
2458 5575 2687 5629 θάνατον
2716 5574 2880 5627 αὑτοῦ
2917 5574 3435 5645 προμαρτυρόμενος
3475 5571 3564 5624 διὰ
3589 5569 3649 5623 τὺ
3670 5608 3689 5634 ,

506 5685 553 5718 ⁸⁸
592 5684 761 5741 Marc.
799 5701 900 5749 xv,
936 5685 1121 5741 55-55.
1201 5685 1246 5716 "’
1283 5682 1429 5740 Psal.
1470 5701 1601 5752 xu,
1641 5686 1691 5739 1.
1770 5684 1816 5716 ’⁸
1857 5683 1992 5739 Luc.

2118 5701 2178 5749 LV,
2209 5684 2323 5738 1-5.
2394 5685 2437 5715 ⁹¹
2479 5685 2646 5742 Marc.
2682 5702 2794 5749 xvi,
2825 5685 2943 5739 2-5.
3020 5685 3065 5715 θ’
3103 5682 3260 5738 Joan.
3295 5700 3387 5750 xx,
3428 5683 3476 5737 l.

507 5778 583 5842 (ll
620 5778 742 5847 Ἔτι
780 5775 958 5847 γνυιε.
992 5777 1179 5842 deest;
1215 5783 1310 5829 aut
1334 5783 1484 5830 certe
1514 5775 1800 5847 legendum
1830 5775 1975 5847 ἀρτι,
2010 5792 2020 5817 η

2126 5776 2323 5831 melius
2346 5776 2551 5839 οὐκέτι,
2590 5775 2737 5847 quod
2768 5783 2822 5830 et
2868 5775 3039 5846 magis
3090 5774 3346 5830 convenit
3402 5774 3481 5845 τῷ
3545 5777 3691 5829 λίαν

436 5849 605 5921 πρωΐ,
636 5846 905 5919 ejusdem,
931 5858 1041 5903 tum
1072 5854 1123 5904 et
1154 5855 1473 5903 cancrorum
1496 5846 1815 5919 evangelist.
1850 5846 2006 5904 lion.
