4112 6420
402 370 509 427 765

1277 370 1930 429 ΒΕΜΟΝΞΤΒᾹΤΙΟΝΙΒ
1968 374 2421 431 ενΑΝςΕωολΕ
2449 376 2580 432 LlB.
2614 373 2687 431 Χ.

3523 372 3630 429 Ἰθϐ

410 506 431 538 ι
461 486 555 549 Ek
584 483 713 555 χοῦν
748 485 975 539 θανάτου
1020 487 1328 557 κατήγαγες
1371 504 1437 558 με
1461 506 1475 518 ·
1522 489 1605 540 ὅτι
1650 489 1965 544 ὲκύκλωσάν

2070 508 2190 562 (ισοξ
2213 494 2279 548 ad
2310 493 2618 563 passionem
2662 489 2963 545 Salvatoris
2989 489 3163 544 nostri
3206 488 3497 558 pertinent,
3529 503 3630 544 nec

409 594 476 648 με
498 575 660 639 κύνες
689 576 904 638 πολλοὶ,
935 577 1219 648 συναγωγὴ
1244 581 1690 650 πονηρευομένων
1715 584 1968 653 περιέσχε

408 686 497 739 με.
524 666 755 739 Ὠρυξαν
777 668 962 739 χεῖράς
994 684 1094 738 μου
1119 670 1212 722 καὶ
1243 670 1414 735 πόδας
1446 689 1545 742 μου
1570 690 1582 701 ο
1616 692 1635 724 ι
1666 673 1761 726 καὶ
1791 673 1869 726 ἔτι
1901 675 1969 727 τὰ

404 760 547 831 ἀμφὶ
574 758 653 829 τῷ
685 758 844 814 πάθει
876 759 1255 830 συμϐεϐηκότα
1288 762 1434 832 αὐτῷ
1459 765 1709 834 σημήνας
1734 764 1821 818 διὰ
1851 766 1965 831 τοῦ,

410 869 431 903 ι
460 849 845 920 Διεμερίσαντο
885 850 955 903 τὰ
989 852 1182 922 ίμάτιά
1218 871 1318 923 μου
1362 855 1594 922 ἑαυτοῖς,
1619 858 1712 909 καὶ
1748 858 1839 909 ὲπὶ
1878 856 1968 910 τὸν

405 940 696 1015 ἱματισμόν
731 959 831 1013 μου
868 941 1060 997 ἔϐαλον
1092 944 1314 1015 κλῆρον·
1354 963 1373 995 ι
1404 946 1576 999 ταῦτα
1607 948 1699 1001 καὶ
1742 948 1808 1000 τὰ
1848 947 1970 1001 τού-

401 1050 515 1098 τοις
559 1033 918 1105 παραπλήσια
962 1036 1270 1107 προειπὼν,
1317 1038 1416 1091 οὐκ
1448 1038 1539 1091 ἐπὶ
1573 1038 1779 1101 τούτοις
1805 1038 1966 1109 ἔστη,

403 1125 521 1179 ἀλλ’
538 1125 778 1194 ἐπιλέγει
802 1143 817 1155 ⁸
847 1144 865 1177 ι
896 1127 959 1180 OE
990 1127 1312 1198 φοϐούμενοι
1336 1129 1432 1203 ,τὸν
1464 1129 1687 1200 Κύριον,
1717 1130 1965 1183 αίνέσατε

398 1217 582 1281 αὐτὸν,
603 1218 686 1270 ὅτι
710 1218 811 1270 οὐκ
837 1216 1188 1283 ὲξουδένωσεν
1204 1260 1217 1281 ,
1241 1221 1361 1273 οὐδὲ
1390 1220 1729 1291 προσώχθισε
1760 1223 1826 1290 τῇ
1848 1221 1971 1290 δεή-

403 1321 485 1359 σει
517 1305 612 1359 τοῦ
640 1304 876 1375 πτωχοῦ,
903 1305 1024 1358 οὐδὲ
1055 1307 1361 1378 ἀπέστρεψε
1385 1309 1444 1361 τὸ
1475 1309 1761 1379 πρόσωπον
1802 1306 1965 1360 αὑτοῦ

338 1413 367 1474 ξ,
400 1398 494 1452 ἀπ’
525 1397 678 1467 ἐμοῦ,
732 1398 827 1451 καὶ
858 1400 917 1450 ὲν
948 1397 1027 1468 τῷ
1055 1401 1384 1470 κεκραγέναι
1417 1418 1481 1471 με
1511 1402 1646 1472 πρὸς
1678 1402 1838 1454 αὑτὸν
1880 1404 1971 1453 ὲπ-

401 1489 601 1560 ήκουσέ
638 1506 758 1560 μου.
784 1507 803 1541 t
835 1488 959 1552 Πῶς
999 1490 1043 1541 δ’
1070 1488 1137 1543 ἂν
1178 1491 1367 1560 ἔλεγεν
1396 1492 1779 1563 είσηκοῦσθαι,
1803 1495 1851 1545 εἰ
1894 1492 1966 1563 μὴ

400 1580 618 1642 πάντως
646 1580 933 1649 τετυχήκει
965 1580 1073 1632 τῶν
1107 1581 1279 1651 εὐχῶν
1298 1621 1313 1644 ,
1349 1582 1444 1634 καὶ
1476 1576 1551 1634 ὧν
1586 1584 1648 1634 ἐν
1688 1586 1801 1646 τοῖς
1830 1582 1966 1653 πρό-

403 1669 527 1723 σθεν
552 1669 814 1741 ὲδεδέητο,
840 1672 929 1724 ὅτε
955 1671 1109 1739 ἔλεγε
1141 1672 1223 1735 τὸ,
1257 1692 1275 1723 ι
1305 1674 1400 1735 Et;
1429 1672 1557 1743 χοῦν
1588 1674 1816 1726 θανάτου
1836 1691 1969 1727 κατ-

401 1758 604 1829 ήγαγες
656 1776 744 1830 με.
795 1760 982 1814 Ῥῦσαι
1023 1762 1131 1815 ἀπὸ
1177 1762 1448 1833 ῥομφαίας
1489 1763 1587 1834 τὴν
1617 1764 1795 1835 ψυχήν
1843 1783 1967 1835 μου,

2068 585 2127 638 in
2153 586 2408 655 passione
2437 584 2660 638 desierit
2698 597 2786 645 ea,
2815 598 2935 651 qua:
2976 581 3044 634 ad
3073 581 3250 650 ipsum
3277 588 3486 649 spectat
3513 580 3631 636 dis-

2066 675 2333 743 pensatio,
2378 673 2653 743 passionis
2699 686 2831 725 vero
2884 670 3009 725 finis
3034 671 3153 741 ipsa
3181 669 3344 726 fuerit
3394 685 3426 724 a
3455 679 3632 739 morte

2067 763 2136 817 ad
2167 763 2332 816 vitam
2365 763 2660 827 restitutio,
2692 767 2747 816 et
2778 761 3044 814 matutina
3094 761 3390 829 susceptio,
3435 762 3631 815 merito

2066 853 2348 908 oraculum
2370 852 2498 906 huic
2528 852 2619 906 fini
2639 852 2944 906 admirabili
2968 852 3138 921 ipsam
3168 851 3383 905 dedicat
3403 850 3633 919 scriptu-

2066 959 2205 1010 ram,
2228 959 2337 997 non
2355 958 2514 998 secus
2538 958 2600 998 ac
2627 943 2675 999 si
2704 957 2864 997 omne
2888 942 3199 1011 hujusmodi
3230 948 3630 1013 argumentum,

2067 1046 2119 1089 et
2161 1050 2347 1090 earum
2395 1034 2741 1107 vexationum
2792 1050 2913 1104 quae
2947 1036 3107 1090 finem
3149 1034 3352 1103 ipsum,
3397 1033 3634 1088 reditum

2066 1126 2254 1196 utique
2282 1126 2350 1180 de
2380 1133 2556 1180 morte
2595 1124 2662 1178 ad
2685 1125 2855 1178 vitam
2890 1132 3326 1187 antecesserunt,
3358 1131 3410 1178 et
3443 1138 3635 1179 susce-

2065 1216 2600 1286 ptionis~matutina3
2642 1229 2829 1277 causa,
2882 1214 3166 1269 inductum
3210 1216 3301 1270 sit.
3356 1212 3460 1270 Ubi
3503 1227 3636 1285 ergo

2069 1306 2319 1360 Salvator
2354 1321 2420 1361 ac
2459 1306 2723 1363 Dominus
2777 1305 2909 1360 illud
2961 1306 3146 1360 dixit:
3204 1323 3223 1357 ι
3282 1305 3445 1369 Deus,
3492 1304 3636 1360 Deus

2067 1413 2252 1462 meus,
2296 1399 2507 1468 respice
2538 1400 2595 1452 in
2643 1413 2762 1463 me,
2802 1413 2970 1468 quare
3015 1398 3348 1467 dereliquisti
3384 1399 3540 1453 me?»
3570 1412 3636 1453 ac

2068 1488 2325 1558 deinceps
2361 1487 2493 1541 illud
2524 1487 2733 1542 addidit
2762 1507 2776 1542 :
2813 1507 2832 1539 ‹
2867 1487 2979 1556 Ego
3017 1493 3192 1541 autem
3214 1503 3334 1543 sum
3350 1488 3554 1542 vermis
3582 1493 3639 1542 et

2068 1592 2177 1632 non
2209 1579 2391 1641 homo,
2414 1579 2767 1648 opprobrium
2790 1578 3093 1643 hominum,
3126 1586 3180 1633 et
3205 1579 3437 1648 abjectio
3463 1593 3639 1649 popu-

2068 1666 2105 1720 li
2141 1686 2154 1720 :
2191 1686 2210 1719 ι
2247 1682 2461 1723 necnon
2499 1668 2634 1723 illud
2669 1670 2902 1740 subjecit
2931 1689 2944 1724 :
2977 1689 2995 1721 ι
3023 1669 3519 1724 Circumdederunt
3550 1684 3640 1726 me

2070 1760 2222 1815 vituli
2252 1762 2432 1825 multi,
2464 1762 2608 1817 tauri
2632 1763 2863 1833 pingues
2892 1763 3224 1818 obsederunt
3255 1777 3363 1826 me,
3396 1781 3415 1813 ι
3448 1768 3503 1817 et
3525 1762 3642 1817 evi-

400 1850 495 1903 κα)⁸
518 1852 583 1903 ὲκ
613 1851 794 1923 χειρὸς
822 1852 982 1915 κυνὸς
1006 1852 1104 1924 τὴν
1133 1854 1393 1924 μονογενῆ
1431 1871 1568 1924 μου;
1605 1874 1624 1905 ι
1660 1834 1965 1927 ταῦταγγάρ

2071 1848 2262 1906 denter
2293 1867 2448 1906 suam
2495 1863 2725 1908 mortem
2764 1854 3107 1909 denuntiavit
3138 1870 3205 1910 ex
3236 1855 3349 1918 illo,
3380 1873 3399 1905 ι
3429 1855 3484 1907 in
3517 1853 3640 1923 pul-

400 1939 730 2012 εὐξάμενος,
769 1944 864 1997 καὶ
903 1943 1117 2014 δεηθεὶς
1152 1946 1220 1997 ἐκ
1256 1944 1460 1998 τούτων
1496 1946 1756 2017 ρυσθῆναί
1788 1964 1848 2000 τε
1877 1950 1972 2002 καὶ

402 2031 673 2102 σωθῆναι,
704 2032 883 2103 τυχὼν
910 2027 983 2087 ὧν
1009 2034 1213 2104 ηὔξατο
1231 2075 1245 2098 ,
1270 2035 1512 2104 ἐπιλέγει
1530 2053 1544 2066 °
1576 2056 1596 2088 ι
1626 2038 1740 2090 Οὐκ
1766 2038 1973 2104 ἐξουδέ-

399 2138 566 2175 νωσεν
602 2123 721 2177 οὐδὲ
762 2124 1103 2195 προσώχθισε
1128 2128 1194 2196 τῇ
1229 2126 1411 2196 δεήσει
1449 2127 1543 2180 τοῦ
1577 2128 1825 2198 πτωχοῦ,
1851 2129 1971 2182 οὐδὲ

397 2211 705 2285 ἀπέστρεψε
734 2214 796 2267 τὸ
825 2215 1115 2286 πρόσωπον
1156 2215 1317 2268 αὐτοῦ
1356 2217 1450 2269 ἀπ’
1480 2216 1645 2286 ἐμοῦ,
1681 2218 1774 2271 καὶ
1808 2221 1866 2271 ὲν
1891 2217 1971 2289 τῷ

397 2305 728 2376 κεκραγέναι
770 2322 839 2374 με
890 2305 1025 2376 πρὸς
1057 2305 1219 2358 αὐτὸν
1264 2308 1537 2376 ἐπήκουσέ
1565 2325 1667 2370 μου
1687 2326 1702 2339 ο
1727 2327 1747 2360 t
1784 2309 1972 2378 σαφῶς

395 2396 495 2467 τὴν
529 2396 665 2466 μετά
714 2395 939 2449 θάνατον
968 2396 1267 2451 ἀναϐίωσιν
1301 2397 1467 2451 αὐτοῦ
1497 2398 1671 2470 δηλῶν
1690 2440 1705 2463 ,
1733 2402 1853 2471 ἥτις
1880 2402 1972 2471 γέ-

405 2503 563 2555 γονεν
595 2487 737 2541 κατὰ
760 2488 858 2558 τὴν
884 2489 1114 2561 ἑωθινὴν
1138 2488 1438 2556 ἀντίληψιν,
1464 2490 1529 2561 ἢν
1561 2490 1689 2560 ἑξῆς
1712 2491 1916 2562 προῖὼν
1943 2495 1973 2546 ὁ

394 2576 606 2648 ψαλμὺς
652 2577 1014 2648 παρέστησεν,
1053 2577 1255 2631 εἰπών’
1293 2597 1311 2629 ι
1342 2579 1414 2631 Σὺ
1437 2577 1514 2641 δὲ,
1544 2577 1736 2649 Κύριε,
1772 2578 1846 2650 μὴ
1870 2596 1974 2649 μα-

396 2667 601 2737 κρύνῃς
617 2666 717 2737 τὴν
743 2666 992 2738 βοήθειάν
1014 2684 1138 2738 μου,
1161 2670 1241 2730 είς
1263 2667 1360 2738 τὴν
1380 2666 1659 2737 ἀντίληψιν
1685 2666 1784 2739 μου
1802 2670 1970 2740 πρόσ-

394 2773 541 2826 σχες.
575 2776 595 2809 ι
617 2759 787 2813 Ποίαν
828 2759 892 2831 δὴ
941 2759 1245 2829 ἀντίληψιν,
1273 2759 1386 2812 ἀλλ’
1419 2761 1485 2830 ἣν
1513 2760 1607 2813 καὶ
1625 2761 1658 2829 ἡ
1680 2761 1969 2832 προγραφὴ

393 2848 490 2903 τοῦ
536 2848 754 2921 ψαλμοῦ
804 2850 1080 2922 ῂνίττετος
1121 2849 1282 2903 Ἀλλά
1311 2849 1484 2903 ταῦτα
1516 2851 1613 2919 μὲν
1659 2852 1788 2920 ἡμῖν
1821 2851 1973 2921 εἰρή-

398 2939 510 2994 σθω
535 2942 615 3005 είς
641 2941 739 3012 τὴν
759 2940 853 2995 τοῦ
873 2940 1088 3012 ψαλμοῦ
1112 2942 1454 3013 προγραφὴν⁸
1474 2943 1551 3004 είς
1579 2942 1636 2994 δὲ
1655 2943 1740 3008 τὸ,
1757 2961 1775 2992 ι
1800 2941 1966 3006 Ἠλεὶ,

408 3033 586 3097 Ἠλεὶ,
618 3032 1164 3106 λαμμᾶ-σαϐαχθανὶ,
1202 3054 1219 3084 υ
1264 3033 1549 3106 εἰρημένον
1585 3033 1684 3103 μὲν
1727 3034 1831 3086 ὑπὸ
1872 3032 1966 3085 τοῦ

393 3123 644 3195 Σωτῆρος
680 3123 836 3194 ἡμῶν
879 3126 1062 3187 αὐτοῖς
1098 3123 1401 3196 Ἑϐραϊκοῖς
1450 3124 1676 3194 ὀνόμασι
1719 3125 1848 3194 περὶ
1877 3123 1966 3178 τὸν

390 3213 487 3267 τοῦ
532 3214 741 3277 πάθους
785 3214 1001 3286 καιρὸν,
1039 3215 1290 3285 κείμενον
1319 3215 1375 3268 δὲ
1409 3216 1503 3269 καὶ
1546 3217 1604 3269 ὲν
1633 3214 1708 3284 τῷ
1737 3213 1964 3285 ψαλμῷ,

387 3310 492 3378 ὅρα
517 3308 590 3379 μή
608 3325 691 3370 τις
716 3306 955 3375 ἔγκειται
982 3306 1253 3381 βαθυτὲρα
1286 3308 1488 3379 θεωρία
1511 3310 1641 3378 παρ’
1676 3307 1962 3379 Ἑϐραίοις.

402 3399 639 3468 Ἐλωεὶμ
669 3399 778 3471 γὰρ
800 3402 829 3452 ὁ
849 3399 981 3462 Θεὸς
1004 3398 1330 3469 ὀνομάζεται
1352 3416 1365 3429 °
1396 3399 1666 3452 καὶτοῦτο
1683 3399 1772 3452 διὰ
1793 3398 1967 3470 πάσης

388 3491 582 3561 σχεδὸν
605 3490 789 3563 εῦροις
821 3490 886 3544 ἂν
906 3492 1003 3562 τῆς
1032 3492 1258 3561 Γραφῆς
1280 3509 1293 3521 ·
1324 3492 1447 3545 ἐπεὶ
1474 3494 1569 3545 καὶ
1597 3492 1799 3563 κυρίως
1826 3490 1967 3543 οὕτω

385 3583 546 3655 παρὰ
590 3586 702 3647 τοῖς
756 3583 1160 3655 Ἐϐδομήκοντα
1204 3583 1284 3636 ἔτι
1323 3584 1418 3637 καὶ
1449 3582 1545 3637 νῦν
1593 3586 1657 3655 τῇ
1703 3582 1966 3653 Ἐϐραίων

383 3673 716 3746 ὀνομάζεται
766 3678 939 3746 φωνῇ.
981 3674 1242 3745 Φέρονται
1273 3691 1336 3742 γε
1368 3674 1475 3746 μὴν
1510 3676 1640 3744 παρ’
1677 3674 1858 3735 αὐτοῖς
1877 3674 1967 3726 επὶ

382 3769 494 3839 τῆς
521 3766 672 3830 θείας
699 3766 1072 3838 προσηγορίας
1100 3768 1195 3819 καὶ¹
1220 3764 1406 3837 ἕτεραί
1432 3782 1576 3827 τινες
1609 3765 1962 3834 ἐκφωνήσεις,

383 3857 678 3930 ὠσπεροῦν
705 3857 799 3910 καὶ
823 3857 883 3909 τὸ
902 3896 918 3921 ,
947 3856 1145 3910 Σαδδαῖ
1162 3897 1178 3922 ,
1202 3858 1295 3909 καὶ¹
1319 3855 1379 3909 τὸ
1418 3854 1567 3920 Ἰαὼ,
1593 3856 1687 3909 καὶ
1713 3856 1817 3908 Ἦλ
1835 3895 1848 3919 ,
1876 3854 1966 3907 καὶ

382 3949 529 4006 ἄλλα
572 3948 785 4012 τούτοις
817 3948 1196 4020 παραπλήσια.
1230 3948 1314 4000 ο⁹Ο
1352 3946 1417 4017 δὴ
1463 3942 1555 3999 οὖν
1603 3945 1740 4016 μετὰ
1779 3948 1969 4017 χεῖρας

381 4040 604 4113 ψαλμὸς
637 4040 746 4093 ἀπὸ
773 4037 868 4092 τοῦ
908 4038 1047 4102 Ἦλ,
1100 4036 1282 4102 Ἠλεὶ,
1337 4035 1511 4098 Ἠλεὶ,
1554 4033 1747 4105 λαημμᾶ
1797 4032 1965 4085 σαϐα-

381 4133 570 4206 χθανὶ,
586 4132 849 4204 περιέχει,
863 4125 907 4198 ᾧ
922 4130 1183 4201 κέχρηται
1200 4129 1295 4182 καὶ
1312 4130 1341 4182 ὁ
1355 4128 1557 4199 Κύριος
1583 4126 1759 4197 ήμῶν,
1777 4125 1837 4178 ού
1861 4125 1965 4196 μὴν

381 4226 503 4283 ἀπὸ
535 4226 630 4279 τοῦ
664 4225 915 4295 Ἐλωείμ.
949 4226 1008 4275 '0
1039 4222 1171 4291 γοῦν
1220 4220 1472 4283 Ἀκύλας,
1499 4219 1760 4290 διαφορὰν
1791 4216 1965 4280 εἰδὼς,

381 4319 492 4390 τῆς
520 4320 650 4389 παρ’
674 4317 947 4386 Ἑϐραίοις
970 4314 1105 4367 Θεοῦ
1128 4313 1496 4384 προσηγορίας
1530 4314 1594 4364 ὲκ
1616 4309 1709 4363 τοῦ
1738 4309 1967 4379 Ἐλωεὶμ

387 4408 819 4481 σημαινομένης,
848 4406 908 4459 τὸ
928 4405 1022 4458 νῦν
1047 4404 1372 4476 δηλούμενον
1404 4405 1462 4456 ἐν
1482 4401 1560 4473 τῷ
1591 4400 1760 4465 Ἠλεὶ,
1794 4400 1962 4463 Ἠλεὶ,

2070 1956 2249 1997 verem
2276 1944 2468 1999 mortis
2506 1943 2778 2000 deduxisti
2808 1960 2893 2000 me
2926 1947 3223 2014 :quoniam
3262 1946 3640 2001 circumdede-

2068 2043 2197 2089 runt
2239 2051 2327 2090 me
2374 2051 2543 2092 canes
2572 2037 2755 2103 multi,
2806 2039 3160 2108 congregatio
3220 2038 3639 2107 malignantium

2070 2128 2283 2184 obsedit
2313 2145 2421 2191 me,
2454 2129 2714 2186 foderunt
2742 2144 2941 2186 manus
2967 2146 3116 2187 meas
3151 2137 3205 2185 et
3240 2130 3405 2200 pedes
3426 2145 3634 2186 meos.»

2069 2217 2334 2274 Praeterea
2366 2221 2457 2275 ubi
2508 2222 2672 2276 etiam
2706 2238 2771 2278 ea
2803 2239 2926 2293 qua:
2958 2223 3061 2278 sub
3107 2223 3280 2292 ipsam
3326 2222 3641 2292 passionem

2070 2309 2172 2365 sibi
2221 2318 2542 2373 evenerunt.
2586 2311 2911 2383 signiﬁcavit
2961 2314 3070 2368 illis
3106 2313 3333 2368 verbis:
3373 2330 3393 2364 ι
3431 2312 3642 2367 Divise-

2069 2410 2198 2455 runt
2236 2403 2559 2458 vestimenta
2609 2418 2727 2459 mea
2757 2404 2884 2468 sibi,
2914 2411 2968 2460 et
3013 2419 3179 2474 super
3227 2411 3432 2459 vestem
3462 2419 3642 2459 meam

2071 2492 2340 2547 miserunt
2369 2501 2594 2549 sortem.
2633 2514 2652 2547 ι
2684 2493 2832 2560 Hazc,
2857 2503 3021 2564 atque
3048 2495 3132 2550 his
3157 2495 3357 2549 similia
3381 2494 3472 2549 ubi
3502 2509 3644 2565 prmo

2070 2584 2227 2651 dixit,
2269 2602 2380 2641 non
2415 2588 2569 2641 intra
2618 2588 2732 2642 haec
2777 2587 2948 2653 stetit,
2983 2585 3150 2659 494,
3202 2586 3296 2640 sed
3340 2584 3639 2655 adjunxit:

2077 2694 2096 2727 ι
2138 2676 2241 2742 Qui
2298 2677 2499 2733 timetis
2554 2677 2866 2742 Dominum,
2911 2675 3129 2731 laudate
3189 2691 3337 2738 eum,
3380 2676 3641 2747 quoniam

2072 2781 2180 2820 non
2223 2767 2427 2835 sprevit
2455 2806 2471 2831 ,
2515 2782 2691 2836 neque
2745 2766 2974 2821 moleste
3035 2767 3158 2818 tu‘lit
3206 2764 3640 2834 deprecationem

2071 2859 2345 2928 pauperis,
2379 2873 2554 2927 neque
2575 2858 2768 2912 avertit
2795 2855 2990 2911 faciem
3022 2867 3176 2911 suam
3224 2871 3254 2909 a
3294 2870 3397 2919 me,
3428 2862 3483 2910 et
3515 2871 3641 2911 cum

2070 2949 2363 3004 clamarem
2397 2950 2465 3003 ad
2498 2964 2648 3012 eum,
2686 2948 2966 3003 exaudivit
2996 2963 3100 3003 me.
3136 2967 3154 3002 ι
3191 2945 3308 3013 Qua
3343 2956 3523 3002 autem
3553 2963 3644 3001 ra-

2069 3041 2217 3095 tione
2244 3040 2451 3096 diceret
2496 3058 2556 3097 se
2600 3040 2955 3095 exauditum?
2983 3041 3028 3095 si
3056 3056 3165 3095 non
3200 3047 3530 3096 consecutus
3555 3055 3643 3095 es-

2070 3141 2175 3198 set,
2226 3149 2346 3205 quae
2401 3141 2706 3205 optaverat,
2739 3147 2968 3203 quaeque
3004 3132 3256 3202 superius
3319 3132 3642 3201 deprecatus

2070 3226 2262 3282 fuerat.
2302 3241 2425 3280 cum
2456 3224 2592 3280 dixit
2620 3224 2791 3279 illud:
2832 3243 2850 3276 ι
2900 3223 2960 3277 In
3006 3225 3283 3293 pulverem
3325 3225 3520 3279 mortis
3545 3222 3642 3277 de-

2067 3316 2270 3372 duxisti
2319 3333 2427 3379 me,
2461 3317 2615 3386 eripe
2650 3331 2680 3369 a
2715 3315 2920 3370 framea
2968 3316 3205 3368 animant
3254 3329 3456 3379 meam,
3487 3325 3543 3369 et
3573 3313 3643 3368 de

2066 3423 2231 3462 manu
2264 3409 2415 3462 canis
2442 3408 2656 3462 unicam
2688 3407 2910 3462 meam?
2954 3425 2972 3457 ι
3005 3404 3130 3460 Haec
3159 3406 3305 3462 enim
3326 3421 3451 3460 cum
3483 3419 3640 3459 oras-

2069 3509 2171 3559 set,
2206 3514 2269 3552 ac
2298 3514 2356 3553 se
2386 3515 2453 3553 ex
2500 3498 2585 3554 his
2614 3499 2751 3567 eripi
2785 3507 2839 3552 et
2871 3498 3092 3552 liberari
3137 3504 3391 3566 precatus
3426 3495 3640 3563 fuisset,

2068 3599 2180 3643 tum
2212 3604 2275 3644 ea
2320 3591 2437 3659 ipsa
2493 3600 2827 3645 consecutus
2876 3605 2997 3659 qua:
3038 3598 3310 3652 oraverat,
3343 3588 3588 3660 adjungit
3622 3608 3638 3645 :

2072 3698 2090 3729 ι
2127 3677 2242 3730 Νοιι
2290 3678 2494 3745 sprevit
2546 3694 2724 3748 neque
2757 3679 2982 3733 moleste
3040 3679 3163 3732 tulit
3200 3678 3642 3749 deprecationem

2066 3767 2345 3837 pauperis,
2379 3783 2556 3837 neque
2585 3769 2781 3822 avertit
2811 3767 3006 3821 faciem
3042 3783 3195 3823 suam
3228 3784 3259 3822 a
3290 3783 3396 3831 me,
3426 3777 3479 3824 et
3513 3784 3639 3824 cum

2066 3860 2357 3913 clamarem
2410 3860 2476 3915 ad
2509 3875 2656 3921 eum,
2699 3860 2978 3915 exaudivit
3012 3876 3099 3914 me
3132 3879 3147 3915 ι
3181 3880 3200 3912 ι
3242 3861 3333 3913 ubi
3362 3861 3643 3916 evidenter

2066 3965 2224 4005 suum
2260 3950 2327 4004 de
2383 3958 2559 4007 morte
2608 3949 2677 4004 ad
2725 3952 2890 4004 vitam
2941 3951 3175 4005 reditum
3222 3951 3512 4020 significat,
3545 3952 3640 4021 qui

2066 4042 2169 4095 sub
2198 4042 2522 4095 matutinam
2555 4043 2957 4110 susceptionem
3001 4040 3232 4104 exstitit,
3277 4055 3440 4111 quam
3487 4041 3637 4110 psal-

2066 4144 2197 4183 mus
2238 4129 2494 4199 deinceps
2548 4129 2768 4200 longius
2823 4144 3148 4199 progressus
3207 4128 3499 4192 indicavit,
3543 4129 3638 4183 ubi

2065 4220 2203 4275 dixit
2244 4239 2257 4273 :
2294 4242 2312 4274 ι
2354 4222 2436 4276 Tu
2474 4231 2678 4285 autem,
2715 4221 2964 4287 Domine,
2991 4237 3061 4277 ne
3119 4238 3370 4277 amoveas
3424 4223 3639 4292 longius

2066 4314 2330 4368 auxilium
2365 4330 2570 4378 meum,
2592 4314 2661 4368 ad
2698 4314 3101 4383 susceptionem
3137 4329 3313 4368 meam
3344 4315 3572 4384 respice.
3613 4333 3634 4367 ι

2069 4404 2174 4460 Sed
2206 4421 2369 4475 quam
2404 4406 2627 4460 tandem
2678 4405 2840 4459 aliam
2897 4403 3317 4474 susceptionem,
3365 4406 3472 4461 nisi
3518 4421 3637 4461 eam

386 4504 492 4557 οὐκ
508 4499 739 4569 ἠξίωσεν
757 4500 957 4570 ὁμοίως
971 4501 1083 4560 τοῖς
1106 4498 1331 4559 λοιποῖς,
1361 4515 1378 4546 ι
1406 4498 1434 4549 ὀ
1455 4495 1606 4558 Θεὸς,
1628 4494 1797 4558 ὀΘεός
1814 4510 1913 4564 μου
1939 4512 1957 4544 t

2067 4512 2225 4565 quam
2263 4497 2553 4565 inscriptio
2583 4496 2778 4565 psalmi
2813 4495 3181 4567 significavit?
3202 4497 3492 4560 Caeterum,
3526 4498 3639 4551 hare

392 4588 743 4657 μεταϐάλλων
756 4591 953 4653 εἰπεῖν,
967 4587 1122 4653 ἀλλὰ,
1134 4607 1151 4638 ι
1166 4586 1352 4658 ίσχυρέ
1371 4604 1493 4657 μου,
1516 4584 1702 4656 ἰσχυρέ
1717 4602 1837 4655 μου.
1852 4605 1869 4636 ι
1889 4583 1960 4637 Τὸ

384 4679 433 4730 δ’
457 4680 683 4748 ἀκριϐές
720 4682 895 4733 ἐστιν’
950 4678 1102 4749 ἰσχύς
1146 4696 1268 4749 μου,
1307 4677 1459 4749 ἰσχύς
1487 4696 1609 4749 μου.
1639 4678 1798 4730 Ὥστε
1824 4676 1961 4730 κατὰ

387 4770 489 4842 τὴν
504 4769 693 4823 τούτου
710 4770 969 4835 διάνοιαν,
1003 4770 1092 4823 τὸν
1111 4769 1283 4840 ἀμνὸν
1302 4768 1396 4821 τοῦ
1419 4768 1555 4821 Θεοῦ
1578 4769 1666 4821 τὸν
1699 4768 1963 4839 ἡμέτερον

388 4860 619 4931 Σωτῆρα
656 4862 935 4928 φάσκοντα
976 4862 1039 4915 τὸ
1086 4861 1265 4928 Ἠλεὶ,
1310 4860 1460 4915 Ἠλεὶ
1480 4900 1497 4924 ,
1542 4861 1677 4931 πρὸς
1716 4860 1805 4913 τὸν
1846 4861 1961 4912 Πα-

383 4952 555 5023 τέρα,
610 4953 815 5021 λέγειν⁸
871 4973 891 4999 ι
931 4952 1139 5024 Ἰσχυρέ
1170 4971 1307 5025 μου,
1350 4952 1534 5023 ίσχυρέ
1589 4969 1689 5022 μου
1715 4991 1730 5014 ,
1778 4952 1862 5003 ἵνα
1907 4951 1960 5003 τί

385 5043 748 5113 ἐγκατέλιπές
778 5061 880 5115 με;
916 5064 936 5097 ι
974 5047 1071 5098 καὶ
1093 5046 1235 5117 τάχα
1264 5046 1385 5097 ἐπεὶ
1408 5043 1761 5112 ἐγκατέλιπεν
1799 5042 1960 5097 αὐτὸν

390 5138 420 5189 6
455 5135 670 5206 ἰσχυρὸς
714 5133 900 5199 αὐτοῦ,
935 5136 1123 5190 τούτου
1155 5137 1315 5208 χάριν
1364 5135 1702 5206 ἐσταυρώθη,
1737 5135 1811 5197 ὥς
1857 5152 1961 5205 φη-

389 5242 476 5279 σιν
519 5227 548 5279 ὁ
594 5224 944 5291 ’Δπόστολος⁸
982 5245 1000 5276 ι
1042 5229 1151 5281 Καὶ
1193 5228 1301 5295 γὰρ
1348 5225 1663 5296 ἐσταυρώοη
1698 5223 1758 5289 ἐξ
1803 5226 1963 5278 ἀσθε-

384 5317 555 5381 νείας,
588 5316 683 5375 καὶ
712 5316 778 5388 ζῇ
814 5320 879 5371 ὲκ
909 5319 1190 5389 δυνάμεως
1233 5319 1394 5381 Θεοῦ,
1436 5338 1455 5371 ι
1491 5319 1568 5381 ὡς
1611 5317 1685 5388 μὴ
1720 5334 1963 5387 σταυρω-

384 5405 500 5470 θείς
531 5406 618 5471 ἂν,
651 5409 699 5460 εί
725 5407 802 5479 μὴ
828 5411 856 5462 ὁ
885 5410 1100 5480 ἰσχυρὸς
1146 5408 1308 5463 αὐτοῦ
1356 5408 1731 5462 καταλελοίπει
1778 5408 1957 5462 αὐτόν.

384 5498 496 5551 Καὶ
528 5499 631 5570 ὅρα
661 5502 709 5552 εί
753 5501 826 5571 μὴ
859 5500 1066 5571 ἔπρεπε
1113 5502 1203 5554 τὸν
1235 5501 1405 5565 ἀμνὸν
1436 5501 1527 5553 τοῦ
1572 5502 1729 5561 Θεοῦ,
1762 5501 1852 5553 τὸν
1884 5501 1959 5563 ὡς

385 5589 654 5659 πρόϐατον
694 5594 787 5645 ἐπὶ
819 5592 1028 5663 σφαγὴν
1073 5593 1325 5664 ἀχθέντα,
1352 5594 1444 5644 καὶ
1474 5593 1550 5654 ὡς
1594 5592 1763 5661 ἀμνὸν
1810 5595 1959 5644 ἐναν-

385 5680 498 5732 τίον
521 5682 616 5735 τοῦ
639 5685 913 5756 κείροντος
931 5685 1164 5754 ἄφωνον,
1192 5685 1292 5748 τὰς
1323 5685 1526 5747 οἰκείας
1555 5685 1809 5754 δυνάμεις
1832 5686 1960 5737 άνα-

384 5766 584 5823 τιθέναι
635 5772 710 5841 τῷ
757 5775 895 5844 Θεῷ,
932 5776 1022 5827 καὶ
1079 5775 1240 5848 μηδὲν
1291 5776 1416 5829 ἴδιον
1464 5777 1605 5845 ἔχειν
1645 5777 1889 5846 ἡγεῖσθαι
1922 5778 1957 5847 ἢ

2066 4586 2286 4657 quidem
2333 4587 2480 4640 dicta
2531 4587 2644 4641 sint
2669 4602 2699 4640 a
2726 4587 2885 4641 nobis
2940 4587 2993 4639 in
3029 4587 3201 4654 ipsam
3232 4586 3421 4655 psalmi
3447 4585 3639 4639 inscri-

2067 4679 2308 4747 ptionem
2344 4694 2358 4744 ;
2390 4677 2444 4731 in
2486 4677 2581 4731 illo
2612 4685 2816 4742 autem,
2847 4696 2865 4728 ι
2899 4676 3001 4743 Eli,
3034 4677 3137 4741 Eli,
3167 4678 3360 4730 lamma
3407 4677 3638 4730 sabaclt-

2068 4772 2244 4834 thani,
2284 4791 2302 4823 ›
2333 4770 2478 4841 quod
2503 4786 2626 4824 cum
2654 4785 2684 4823 a
2715 4771 3000 4824 Salvatore
3028 4779 3217 4824 nostro
3256 4770 3388 4839 ipsis
3410 4768 3637 4823 Hebrai-

2067 4863 2147 4917 cis
2176 4862 2489 4916 nominibus
2517 4862 2723 4916 dictum
2756 4862 2825 4917 sit
2863 4862 2966 4916 sub
2998 4862 3174 4931 ipsum
3207 4861 3477 4929 passionis
3503 4868 3635 4913 tem-

2066 4971 2186 5025 pus,
2222 4953 2276 5007 in
2307 4954 2504 5023 psalmi
2561 4953 2719 5008 initio
2751 4953 2987 5023 positum
3019 4960 3124 5016 est,
3153 4953 3293 5016 vide,
3331 4966 3534 5021 qumso,
3567 4966 3634 5006 ne

2063 5061 2169 5115 qua
2199 5045 2329 5098 insit
2356 5044 2679 5114 profundior
2719 5044 3102 5114 contemplatio
3141 5043 3283 5112 apud
3331 5040 3585 5097 Hebraeos
3614 5062 3628 5097 :

2061 5150 2184 5189 nam
2232 5133 2403 5189 Eloim
2452 5133 2605 5192 Deus
2656 5136 2972 5189 nominatur
3007 5153 3020 5188 :
3062 5140 3116 5188 et
3164 5134 3268 5187 hoc
3314 5148 3410 5201 per
3461 5140 3631 5185 totam

2062 5228 2452 5295 propemodum
2492 5224 2834 5293 Scripturam
2895 5223 3137 5277 invenies
3193 5239 3207 5275 :
3262 5220 3481 5290 quando
3546 5219 3630 5275 vel

2062 5316 2277 5385 proprie
2300 5316 2379 5369 sic
2396 5317 2536 5386 apud
2562 5314 2705 5368 LXX
2727 5315 2890 5369 etiam
2914 5328 3062 5367 nunc
3086 5310 3350 5367 Hebraica
3380 5325 3512 5365 voce
3537 5325 3632 5364 ne-

2063 5409 2320 5469 minatur,
2347 5409 2489 5478 apud
2519 5409 2669 5477 ipsos
2713 5417 2892 5460 tamen
2922 5402 3178 5458 Ilebrmos
3207 5403 3325 5457 alia:
3356 5403 3630 5457 nonnullae

2064 5498 2312 5552 feruntur
2343 5498 2735 5568 appellationes
2761 5495 2828 5549 ad
2852 5495 3095 5551 divinam
3132 5502 3383 5549 naturam
3412 5493 3628 5564 signiﬁ-

2063 5591 2316 5653 candam,
2352 5599 2409 5643 ut
2446 5588 2601 5655 illud,
2641 5587 2865 5650 Saddai,
2894 5595 2952 5641 ut
2997 5588 3155 5652 illud,
3213 5585 3334 5652 Jao,
3364 5594 3425 5641 ut
3470 5587 3628 5654 illud,

2062 5683 2145 5747 El,
2179 5685 2396 5753 aliaque
2439 5683 2534 5745 bis
2567 5681 2762 5734 similia
2841 5695 2968 5739 ergo
2995 5679 3237 5737 psalmus
3272 5680 3367 5748 qui
3398 5695 3543 5735 nunc
3571 5680 3633 5736 in

2062 5778 2313 5832 manibus
2346 5783 2449 5841 est,
2488 5773 2616 5828 illud
2654 5793 2665 5827 :
2700 5772 2803 5840 Eli,
2835 5772 2937 5839 Eli,
2970 5784 3166 5828 lamma
3198 5771 3631 5839 sabachthatti,s
