4112 6430
454 382 561 439 767

1152 378 1423 435 EUSEBH
1454 377 1941 434 CIESABIENSIS
1980 374 2131 431 OPl’.
2174 372 2357 428 PARS
2397 372 2463 427 ll.
2503 402 2574 413 -——
2614 370 3120 427 APOLOGETICA.

3623 371 3730 426 768

457 497 618 553 initio
642 495 827 559 habet,
856 508 966 564 quo
1013 495 1176 549 etiam
1234 494 1486 549 Salvator
1531 500 1721 548 noster
1764 509 1900 549 usus
1929 498 2025 557 est1

2145 488 2304 560 μόνον
2334 487 2426 541 τὸν
2474 487 2721 559 Πατέρα·
2751 486 2832 540 διδ
2875 488 2971 541 καὶ
3007 485 3223 557 ίσχυρδν
3255 484 3346 538 τὸν
3385 485 3604 559 Πατέρα
3634 488 3735 541 αὑ-

459 607 568 645 non
596 596 775 643 autem
809 588 940 642 illud
976 608 988 642 :
1028 586 1224 643 Eloim.
1257 585 1495 643 Proinde
1526 585 1724 655 Aquila
1776 599 1903 639 cum
1953 583 2037 637 dio

455 683 775 738 versitatem
835 679 929 735 Dei
979 679 1386 751 appellationis,
1422 694 1542 751 quae
1576 694 1643 733 ex
1697 678 1818 747 ipso
1864 675 2033 729 Eloim

456 772 804 843 signiﬁcatur
850 771 995 840 apud
1044 770 1302 825 Hebra'os
1352 770 1599 834 vidisset,
1639 769 1768 823 illud
1818 768 1887 822 de
1927 782 2036 837 quo

453 880 607 921 nunc
639 865 871 933 agimus,
909 864 965 919 in
999 863 1114 927 illo,
1147 862 1251 927 Eli,
1284 863 1388 927 Eli,
1425 879 1533 917 non
1572 864 1644 921 ita
1677 860 2035 931 quemadmo-

455 956 586 1010 dum
608 955 804 1023 reliqui
833 970 958 1009 cum
992 962 1355 1018 converteret,
1381 955 1776 1019 enuntiandum
1806 952 2033 1023 putavit,

454 1046 553 1103 sed
589 1067 602 1101 :
649 1065 668 1098 ι
706 1046 887 1101 Fortis
914 1061 1089 1111 meus,
1112 1044 1268 1099 fortis
1292 1061 1468 1108 meus,
1500 1060 1670 1115 quare
1697 1042 2035 1113 dereliquisti

453 1138 581 1192 me?
615 1156 635 1189 ι
674 1137 822 1207 quod
853 1136 1073 1207 quidem
1106 1136 1153 1190 si
1184 1136 1518 1205 exquisitius
1555 1135 1738 1205 eloqui
1771 1135 2031 1197 volneris,

453 1226 627 1291 dices,
659 1228 831 1280 robur
879 1241 1082 1289 meum,
1119 1226 1287 1280 robur
1319 1241 1520 1280 meum.
1551 1224 1732 1291 Quare
1771 1241 1836 1279 cx
1870 1223 2034 1292 hujus

453 1320 927 1390 interpretatione.
960 1319 1149 1388 Agnus
1180 1317 1297 1383 Dei,
1341 1318 1435 1387 qui
1469 1324 1555 1372 est
1605 1325 1795 1370 noster
1839 1313 2031 1368 Salva—

451 1416 559 1469 tor,
600 1409 729 1462 dum
786 1407 920 1461 illud
970 1426 983 1462 :
1038 1406 1141 1472 Eli,
1178 1406 1282 1472 Eli,
1334 1406 1466 1460 dicit
1513 1405 1581 1459 ad
1627 1404 1868 1469 Patrem,
1899 1404 2033 1458 illud

450 1501 585 1555 dicit
638 1521 651 1555 :
689 1516 709 1550 ι
749 1498 932 1554 Fortis
980 1513 1159 1562 meus,
1214 1498 1375 1553 fortis
1427 1514 1603 1561 meus,
1636 1513 1806 1567 quare
1836 1497 2031 1551 dereli-

447 1592 618 1661 quisti
648 1591 777 1644 me?
812 1610 832 1642 ι
881 1597 937 1646 et
978 1590 1207 1645 forsitan
1250 1588 1397 1660 quod
1451 1589 1631 1659 ipsum
1681 1587 2033 1658 dereliquerit

447 1681 613 1754 5,95
639 1681 796 1737 fortis
846 1694 1013 1748 suus,
1067 1682 1275 1737 idcirco
1324 1681 1623 1735 crucifixus
1675 1688 1796 1744 est,
1847 1690 1907 1735 ut
1957 1680 2031 1733 ait

446 1774 746 1843 Apostolus
776 1791 791 1828 :
827 1792 846 1824 ι
883 1773 1092 1828 Etenim
1135 1773 1433 1829 cruciﬁxus
1470 1780 1556 1828 est
1588 1789 1655 1827 ex
1691 1772 2027 1837 inﬁrmitate,

2142 579 2238 632 τοῦ
2292 579 2609 645 ἀποκαλεῖν,
2663 578 2739 642 ὡς
2785 579 2878 632 καὶ
2936 580 2994 631 ἐν
3040 565 3487 648 ἑπτακαιδεκάτῳ
3530 578 3728 650 ψαλμιῖι

2146 671 2298 741 ίσχὺν
2327 670 2502 742 ἐαυτῴ
2540 671 2635 724 καὶ
2664 669 2990 741 κραταίωμα
3017 669 3111 723 καὶ
3144 668 3464 739 καταφυγὴν
3488 668 3581 723 τὸν
3611 670 3727 723 Πα-

2141 764 2276 835 τέρα
2301 762 2574 834 ὀνομάζει,
2595 762 2787 831 λέγων’
2816 781 2835 814 ι
2860 763 3158 833 ’Δγαπήσω
3184 779 3264 825 σε,
3286 761 3482 834 Κύριε,
3506 764 3539 833 ή
3572 761 3728 834 ἰσχύς

2146 872 2270 925 μου,
2301 853 2505 925 Κύριος
2539 853 2827 925 στερέωμά
2861 870 2983 924 μου,
3012 856 3105 907 xal.
3142 854 3432 926 καταφυγή
3473 872 3598 925 μου,
3629 856 3728 911 καὶ

2143 946 2343 1016 ρύστης
2366 964 2489 1017 μου.
2533 948 2591 1000 ’0
2621 947 2751 1011 Θεός
2787 964 2908 1017 μου,
2940 945 3130 1017 βοηθός
3165 963 3287 1017 μου,
3311 945 3408 1000 καὶ
3442 946 3611 1000 ἐλπιῶ
3638 949 3727 1002 ἐπ’

2142 1039 2300 1091 αὐτόν
2319 1056 2330 1068 ·
2366 1041 2782 1111 ὑπερασπιστὴς
2817 1057 2940 1111 μου,
2975 1039 3069 1092 καὶ
3097 1038 3265 1110 κέρας
3297 1039 3572 1111 σωτηρίας
3597 1056 3723 1110 μου,

2140 1130 2235 1184 καὶ
2274 1133 2621 1204 ἀντιλήπτωρ
2674 1149 2795 1203 μου.
2837 1151 2855 1183 ι
2907 1131 3307 1186 Καταλέλοιπεν
3340 1128 3433 1187 οὖν
3492 1132 3653 1186 αὐτὸν
3693 1134 3725 1187 6

2142 1222 2361 1292 ίσχυρὸς
2389 1221 2577 1283 αὐτοῦ,
2626 1221 2859 1294 θελήσας
2904 1221 3067 1275 αὐτὸν
3115 1222 3276 1293 μέχρι
3326 1222 3578 1288 θανάτου,
3627 1225 3725 1278 καὶ⁴

2141 1310 2368 1365 θανάτου
2413 1310 2644 1382 σταυροῦ
2678 1312 2979 1376 κατελθεῖν,
3009 1314 3104 1365 καὶ
3141 1313 3235 1366 τοῦ
3278 1314 3483 1386 κόσμου
3523 1315 3726 1384 παντὸς

2140 1402 2330 1475 λύτρον
2362 1404 2456 1457 καὶ
2503 1403 2796 1475 ἀντίψυχον
2830 1404 3235 1476 ἀποδειχθῆναι,
3288 1406 3383 1459 καὶ
3425 1406 3724 1478 καθάρσιον

2138 1495 2389 1563 γενέσθαι
2421 1495 2520 1566 τῆς
2548 1494 2657 1557 τῶν
2699 1498 2779 1560 είς
2810 1496 2971 1550 αὑτὸν
3016 1497 3419 1552 πιστευσάντων
3450 1499 3616 1571 ζωῆς.
3664 1500 3723 1555 ’0

2138 1586 2215 1650 δὲ,
2258 1587 2453 1640 αὐτίκα
2486 1587 2631 1657 μάλα
2662 1587 3080 1659 συναισθόμενος
3125 1589 3225 1659 τῆς
3258 1588 3443 1643 ἐνθέου
3487 1591 3580 1644 καὶ
3612 1607 3720 1645 πα-

2136 1678 2332 1750 τρικῆς
2383 1678 2601 1749 βουλῆς,
2658 1678 2910 1748 διαγνούς
2958 1697 3039 1744 τε,
3084 1684 3132 1735 εί
3183 1682 3277 1735 καί
3320 1698 3407 1745 τις
3444 1682 3623 1747 ἀλλος,
3651 1683 3723 1738 τά

2139 1771 2287 1825 αἴτια
2317 1772 2411 1826 τοῦ
2457 1771 2874 1842 καταλελεῖφθαι
2919 1773 3080 1827 αὑτὸν
3112 1774 3217 1827 ὑπὸ
3240 1773 3331 1827 τοῦ
3365 1774 3599 1845 Πατρὺς,
3640 1775 3721 1828 ἔτι

446 1871 503 1918 et
526 1865 657 1918 vivit
675 1882 738 1919 ex
760 1866 962 1920 virtute
982 1864 1165 1920 Dei”:
1191 1884 1209 1916 ι
1227 1865 1322 1934 qui
1341 1864 1559 1934 quidem
1577 1880 1858 1935 nunquam
1878 1864 2025 1918 cruci

2133 1864 2267 1917 πολὺ
2299 1864 2459 1918 πλέον
2488 1866 2853 1919 ἐταπείνωσεν
2893 1866 3108 1931 ἑαυτὸν,
3142 1867 3239 1921 καὶ
3268 1866 3360 1920 τὸν
3388 1867 3528 1939 ὑπὲρ
3563 1867 3723 1939 ήμῶν

446 1963 595 2011 esset
632 1956 845 2023 alIixus,
882 1957 986 2011 nisi
1022 1956 1179 2011 fortis
1229 1972 1363 2011 suus
1398 1956 1575 2024 ipsum
1622 1955 2027 2025 dereliquisset.

448 2045 514 2099 Et
546 2062 679 2101 sane
715 2047 927 2117 inspice
960 2056 1040 2115 tu,
1074 2062 1238 2118 quam
1274 2048 1412 2102 bene
1443 2047 1783 2109 convenerit,
1816 2052 2028 2117 Agnum

445 2135 565 2201 Dei,
598 2139 690 2209 qui
732 2148 790 2193 ut
818 2140 938 2194 ovis
968 2140 1034 2193 ad
1070 2139 1433 2194 occidendum
1487 2139 1560 2194 sit
1609 2138 1835 2201 ductus,
1883 2147 1938 2192 et
1969 2145 2030 2191 ut

445 2245 621 2298 agnus
666 2246 852 2285 coram
898 2232 1160 2287 tondente
1204 2231 1561 2293 obmutuerit,
1617 2247 1745 2287 suas
1778 2231 1923 2285 vires
1960 2229 2029 2284 ad

443 2321 627 2393 ipsum
667 2322 838 2378 Deum
884 2324 1111 2385 referre.
1161 2332 1213 2378 et
1236 2323 1373 2378 nihil
1414 2323 1691 2395 proprium
1739 2338 1798 2379 se
1829 2323 2029 2377 habere

442 2415 704 2469 arbitrari
736 2416 840 2470 nisi
875 2432 1044 2470 unum
1085 2417 1323 2471 Patrem.
1355 2414 1594 2470 Proinde
1636 2414 1799 2470 etiam
1835 2413 2027 2469 fortem

441 2520 628 2568 suum,
662 2506 841 2576 ipsum
888 2504 1105 2560 Patrem
1155 2515 1335 2570 vocat,
1386 2521 1519 2561 sane
1563 2505 2026 2577 quemadmodum

441 2599 529 2652 vel
563 2599 617 2652 in
652 2598 866 2653 decimo
908 2599 1143 2669 septimo
1176 2598 1387 2668 psalmo
1429 2598 1600 2651 robur
1632 2613 1817 2658 suum,
1851 2605 1905 2652 et
1933 2598 2026 2649 lir-

441 2699 801 2755 mamentum,
854 2697 910 2744 et
959 2690 1228 2759 refugium
1282 2688 1535 2743 eumdem
1583 2688 1850 2751 nominat,
1898 2687 2025 2741 dum

440 2780 616 2837 dicit:
653 2798 672 2831 ι
702 2780 934 2851 Diligam
979 2787 1055 2843 te,
1104 2779 1353 2842 Domine,
1393 2779 1567 2832 robur
1609 2794 1810 2833 meum.
1844 2777 2029 2832 Domi-

440 2889 548 2929 nus
577 2873 978 2927 tirmamentum
1020 2888 1204 2927 meum
1234 2880 1288 2926 et
1319 2870 1591 2941 refugium
1639 2886 1841 2935 meum,
1880 2881 1933 2927 et
1957 2872 2029 2925 li—

440 2963 664 3021 berator
705 2979 878 3018 meus.
924 2962 1068 3018 Deus
1099 2978 1273 3025 meus,
1324 2963 1544 3031 adjutor
1592 2978 1767 3028 meus,
1818 2971 1871 3018 et
1898 2979 2027 3033 spe-

439 3058 579 3111 raLo
607 3056 662 3110 in
693 3072 842 3111 etlin.
863 3055 1149 3110 Protector
1179 3071 1335 3111 meus
1365 3065 1419 3111 et
1447 3071 1619 3110 cornu
1645 3057 1837 3111 salutis
1867 3073 2021 3122 meae,

440 3156 498 3204 et
529 3156 817 3217 susceptor
848 3162 1003 3202 meus
1026 3148 1092 3203 “.
1123 3166 1143 3200 ι
1184 3147 1484 3218 Dereliquit
1510 3163 1642 3218 ergo
1673 3148 1827 3203 illum
1862 3150 2022 3205 fortis

2133 1954 2362 2011 θάνατον
2395 1957 2563 2029 πολλῇ
2596 1961 2663 2030 τῇ
2699 1957 2983 2030 προθυμίᾳ
3032 1958 3407 2030 περιεϐάλετο,
3446 1979 3465 2011 ι
3504 1959 3721 2028 ἐγένετό

2129 2065 2191 2101 τε
2218 2051 2247 2102 6
2281 2049 2543 2118 πανάγιος
2576 2051 2671 2103 καὶ
2701 2050 2993 2120 εὐλογητὸς
3016 2050 3157 2121 ὑπὲρ
3182 2051 3337 2122 ἡμῶν
3358 2051 3593 2124 κατάρα,
3624 2051 3722 2107 καὶ

2130 2139 2159 2190 6
2187 2138 2260 2209 μὴ
2295 2141 2455 2206 γνοὺς
2500 2141 2772 2211 ἁμαρτίαν
2815 2141 3080 2212 ἁμαρτία,
3125 2140 3213 2194 ἵνα
3241 2144 3402 2212 ἡμεῖς
3432 2141 3720 2212 γενώμεθα

2128 2228 2439 2300 δικαιοσύνη
2470 2228 2605 2283 Θεοῦ
2628 2231 2687 2283 ἐν
2718 2231 2887 2302 αὐτῷ.
2918 2250 2937 2284 ι
2973 2231 3084 2286 Kal
3104 2232 3184 2284 ἔτι
3220 2232 3356 2303 πρὸς
3378 2232 3589 2297 τούτοις
3618 2232 3721 2297 τάς

2130 2320 2404 2391 ἡμετέρας
2473 2322 2748 2393 ἁμαρτίας
2806 2322 3225 2394 ἀναμαξάμενος
3274 2324 3635 2398 ἐσταυρώθη,
3688 2325 3720 2381 δ

2129 2411 2295 2483 ἐχρῆν
2343 2414 2492 2484 ἡμᾶς
2541 2415 2667 2477 τοὺς
2719 2416 2849 2485 πρὶν
2902 2417 3121 2481 ἀσεϐεῖς
3162 2417 3375 2480 παθεῖν,
3424 2418 3719 2490 ἀντίψυχον

2127 2502 2287 2575 ἡμῶν
2320 2506 2414 2558 καὶ
2444 2505 2759 2577 ἀντίλυτρον
2792 2509 3177 2580 γεγενημένος,
3206 2509 3335 2563 ὥστ’
3367 2509 3434 2581 ἀν
3479 2511 3720 2580 εὐλόγως

2128 2597 2303 2650 εἰπεῖν
2333 2599 2480 2668 ἡμᾶς
2517 2597 2581 2650 τὸ
2630 2600 2995 2670 προφητικόνο
3033 2620 3051 2652 ι
3092 2601 3265 2665 Αὐτὸς
3310 2600 3411 2665 τὰς
3444 2602 3719 2673 ἁμαρτίας

2127 2685 2286 2754 ἡμῶν
2338 2687 2513 2757 φέρει,
2566 2688 2662 2741 καὶ
2714 2690 2843 2761 περὶ
2893 2689 3048 2762 ἡμῶν
3097 2690 3367 2751 όδυνᾶται.
3413 2694 3507 2745 καὶ
3555 2693 3719 2757 αὐτὸς

2128 2777 2532 2852 ἐτραυματίσθη
2569 2779 2659 2833 διά
2685 2780 2784 2844 τὰς
2819 2783 3093 2853 ἁμαρτίας
3126 2783 3303 2854 ἡμῶν,
3336 2783 3431 2838 καὶ
3468 2784 3718 2856 μεμαλά-

2127 2886 2309 2923 κισται
2332 2868 2421 2924 διά
2452 2868 2551 2935 τὰς
2583 2873 2814 2943 ἀνομίας
2845 2872 3023 2944 ἡμῶν,
3066 2874 3152 2928 ἵνα
3180 2875 3259 2946 τῷ
3286 2875 3516 2947 μώλωπι
3549 2877 3715 2932 αὑτοῦ

2127 2961 2287 3031 ἡμεῖς
2340 2962 2599 3035 ίαθῶμεν.
2640 2964 2844 3036 Κύριος
2883 2965 2993 3039 γάρ
3050 2967 3367 3038 παρέδωκεν
3400 2968 3563 3022 αὐτὸν
3595 2973 3715 3034 ταῖς

2127 3053 2423 3125 ἁμαρτίαις
2474 3055 2649 3127 ἡμῶν.
2691 3075 2710 3109 ι
2745 3057 2944 3129 Διόπερ
2974 3057 3051 3122 ὡς
3095 3059 3422 3131 παραδοθεὶς
3467 3060 3572 3114 ὑπὸ
3617 3061 3711 3115 τοῦ

2126 3144 2360 3215 Πατρὸς,
2403 3147 2497 3201 καὶ
2557 3147 2935 3219 μαλακισθεὶς,
2988 3150 3083 3204 καὶ
3136 3150 3237 3215 τὰς
3279 3152 3510 3223 ἀνομίας
3554 3153 3710 3224 ἡμῶν

441 3260 598 3308 suus,
636 3260 757 3299 cum
790 3244 961 3298 voluit
993 3244 1143 3297 illum
1182 3258 1356 3314 usque
1396 3243 1464 3298 ad
1496 3253 1749 3308 mortem,
1796 3252 1849 3300 et
1879 3261 2024 3300 mor-

2130 3235 2450 3308 ἀνειληφὼς,
2491 3256 2509 3290 ι
2541 3238 2617 3303 ὡς
2646 3239 2917 3311 πρόϐατον
2940 3241 3033 3295 ἐπὶ
3080 3242 3291 3314 σφαγὴν
3324 3244 3480 3316 ἤχθη.
3514 3264 3534 3296 ι
3571 3223 3705 3300 Συν-

438 3342 549 3390 tem
583 3337 767 3390 erucis
793 3335 1146 3399 descendere,
1172 3344 1226 3391 et
1257 3352 1356 3405 pro
1385 3337 1643 3392 universo
1672 3337 1876 3392 mundo
1900 3354 2024 3410 pre—

439 3427 602 3490 tium,
638 3442 747 3496 quo
795 3428 991 3482 anima:
1026 3429 1449 3490 redimerentur,
1496 3428 1767 3492 exhiberi,
1812 3436 1864 3483 et
1899 3430 2024 3484 vitae

438 3534 630 3573 eorum
681 3520 771 3589 qui
819 3520 873 3573 in
925 3520 1084 3575 ﬁdem
1132 3522 1252 3590 ejus
1304 3522 1602 3585 venissent,
1653 3521 2023 3591 expiationem

439 3610 580 3666 ﬁeri.
617 3611 711 3666 Ille
745 3627 876 3666 vero
919 3614 1173 3682 protinus
1205 3612 1452 3667 divinum
1500 3629 1564 3667 ac
1595 3621 1882 3684 paternum
1926 3614 2023 3668 de-

436 3712 651 3759 cretum
687 3704 997 3776 intelligens
1043 3721 1492 3777 cognoscensque
1534 3707 1579 3762 si
1620 3707 1746 3777 quis
1780 3722 2020 3777 unquam

438 3798 600 3861 alius,
636 3812 834 3853 causas
858 3807 1082 3868 propter
1108 3814 1247 3868 quas
1278 3814 1307 3852 a
1338 3796 1500 3855 Patre
1522 3807 1669 3854 esset
1704 3800 2021 3872 relinquen-

436 3888 562 3951 dus,
593 3890 767 3945 multo
811 3890 976 3945 etiam
1026 3890 1262 3960 amplius
1318 3891 1558 3959 seipsum
1590 3891 1831 3956 demisit,
1875 3907 2023 3947 mor-

436 3993 659 4053 temque
680 3998 779 4053 pro
808 3984 969 4039 nobis
997 3983 1201 4055 ingenti
1222 3985 1504 4040 alacritate
1525 3985 1750 4049 subivit,
1775 4004 1793 4036 ι
1814 3984 2017 4041 factus-

435 4089 543 4142 que
572 4081 658 4129 est
693 4093 712 4126 ι
745 4074 791 4129 is
821 4074 915 4143 qui
942 4082 1083 4137 erat,
1116 4083 1169 4130 et
1198 4077 1584 4141 sanctissimus
1617 4087 1672 4132 et
1700 4078 2020 4135 benedictus

441 4184 460 4216 ι
492 4179 591 4234 pro
616 4164 777 4219 nobis
806 4165 1115 4221 exsecratio
1138 4168 1209 4231 ",
1253 4177 1307 4222 et
1343 4168 1437 4238 qui
1468 4178 1753 4237 peccatum
1786 4185 1895 4223 non
1928 4186 2022 4225 no—

432 4255 536 4317 vit,
593 4263 899 4324 peccatum,
953 4265 1014 4310 ut
1067 4272 1170 4313 nos
1217 4257 1518 4313 efﬁciamur
1554 4260 1772 4328 justitia
1818 4259 1912 4316 Dei
1963 4261 2019 4316 in

438 4345 558 4415 ipso
576 4347 644 4399 “.
682 4365 701 4398 ι
738 4348 820 4400 Ad
851 4348 965 4404 haec
1007 4349 1099 4404 ubi
1139 4359 1363 4420 peccata
1393 4358 1582 4405 nostra
1623 4351 1871 4416 detersit,
1903 4362 2017 4408 tum

434 4439 588 4495 cruci
622 4440 814 4498 aﬂixus
843 4452 947 4507 est,
989 4444 1135 4514 quod
1171 4443 1393 4515 quidem
1430 4460 1532 4500 nos
1563 4447 1675 4516 pati
1706 4447 2016 4517 oportebat,

433 4539 491 4589 et
520 4548 621 4604 pro
656 4534 990 4591 redimendis
1043 4537 1245 4592 animis
1296 4538 1505 4593 nostris
1549 4539 1667 4608 ipse
1711 4539 1888 4597 factus
1934 4546 2020 4597 est

434 4626 696 4696 pretium,
730 4642 903 4695 usque
938 4627 1074 4682 adeo
1099 4636 1156 4682 ut
1183 4643 1292 4682 non
1323 4628 1599 4683 immerito
1624 4630 1755 4684 illud
1780 4630 2017 4699 prophe-

433 4717 607 4773 ticum
636 4720 914 4788 possimus
943 4720 1125 4775 dicere
1155 4740 1167 4775 :
1203 4739 1221 4771 ι
1252 4721 1369 4790 Ipse
1396 4730 1620 4791 peccata
1651 4730 1845 4777 nostra
1882 4722 2011 4787 fert,

434 4817 490 4865 et
516 4825 616 4880 pro
657 4812 818 4867 nobis
847 4813 1013 4868 estin
1051 4814 1259 4868 dolore.
1294 4812 1358 4866 Et
1407 4815 1523 4883 ipse
1567 4814 1889 4870 vulneratus
1930 4824 2016 4871 est

433 4913 659 4972 pmpter
686 4913 907 4974 peccata
945 4916 1156 4967 nostra,
1193 4914 1247 4961 et
1288 4905 1533 4976 elanguit
1562 4915 1785 4976 propter
1812 4907 2019 4976 iniqui—

432 4999 577 5049 tates
608 5002 862 5059 nostras,
915 5006 975 5050 ut
1029 4997 1195 5051 livore
1228 4996 1348 5062 ejus
1390 5011 1493 5051 nos
1542 5012 1887 5053 sanaremnr.
1922 4997 2018 5051 Et-

432 5084 580 5140 enim
613 5085 837 5141 tradidit
877 5086 1028 5141 illum
1073 5088 1313 5154 peccatis
1358 5088 1566 5142 nostris
1583 5089 1649 5141 ’7.
1690 5110 1706 5140 ι
1744 5088 2017 5155 Quocirca

2128 3325 2242 3397 ᾴδει
2264 3328 2473 3393 τούτοις
2495 3333 2589 3384 καὶ
2607 3332 2682 3401 (1)
2715 3333 3035 3397 Ἀπόστολος
3056 3334 3258 3403 λέγων’
3289 3355 3307 3387 ι
3353 3336 3446 3399 Ὃς
3475 3353 3538 3406 γε
3572 3337 3702 3392 ίδίου

2130 3420 2260 3473 Υίοῦ
2289 3422 2388 3476 οὐκ
2440 3424 2712 3493 ἐφείσατο,
2748 3425 2862 3485 ἀλλ’
2910 3426 3051 3499 ὑπὲρ
3089 3427 3247 3499 ἡμῶν
3300 3428 3514 3482 πάντων
3562 3446 3708 3498 παρ-

2129 3513 2327 3573 έδωκεν
2358 3515 2537 3569 αὐτόν.
2577 3535 2595 3568 ι
2628 3517 2807 3570 Κινῶν
2842 3518 2901 3571 δὲ
2934 3520 3081 3589 ἡμᾶς
3110 3520 3202 3572 ἐπὶ
3242 3518 3469 3591 ζήτησιν
3498 3521 3598 3592 τῆς
3626 3522 3711 3576 αι-

2128 3605 2268 3669 τίας,
2300 3607 2367 3661 δι’
2398 3609 2463 3679 ἢν
2497 3609 2658 3662 αὐτὸν
2691 3610 2720 3662 6
2744 3610 2933 3682 Πατὴρ
2958 3611 3235 3676 κατέλιπε,
3267 3612 3467 3681 φάσκει
3486 3629 3499 3643 ·
3538 3631 3558 3664 ι
3596 3614 3711 3666 ’Ἰνα

2127 3697 2179 3750 τί
2211 3715 2276 3769 με
2327 3700 2724 3768 ἐγκατέλιπεςς
2771 3722 2790 3754 ι
2826 3701 2898 3755 T6
2930 3702 2976 3755 δ’
3009 3704 3181 3758 αίτιον
3212 3703 3372 3758 τοῦτο
3412 3702 3503 3777 ἦν,
3542 3708 3575 3778 ἡ
3612 3705 3710 3761 τοῦ

2128 3793 2327 3857 παντὸς
2375 3793 2677 3866 ἀνθρώπων
2709 3795 2902 3863 γένους
2951 3797 3349 3869 ἀπολύτρωσις,
3411 3799 3491 3871 τῷ
3546 3801 3713 3872 τιμίῳ

2125 3885 2319 3955 αἵματι
2374 3885 2814 3959 ὲξαγοραζομένη
2858 3888 2966 3941 ἀπὸ
2997 3890 3094 3961 τῆς
3138 3891 3266 3962 πρὶν
3308 3888 3552 3964 χαλεπῆς
3594 3894 3711 3947 δου-

2124 3977 2293 4044 λείας,
2342 3979 2408 4050 tv
2452 3983 2566 4045 τοῖς
2613 3980 2869 4051 ἀοράτοις
2919 3981 3228 4047 δεσπόταις,
3283 3983 3530 4056 δαίμοσιν
3576 3988 3711 4040 ἀκα-

2127 4070 2344 4143 θάρτοις
2377 4071 2472 4125 καὶ
2497 4075 2754 4144 πονηροῖς
2782 4073 3010 4144 ἄρχουσί
3042 4091 3100 4128 τε
3126 4076 3219 4129 καὶ
3250 4076 3524 4148 πνεύμασι
3549 4094 3711 4134 καταο

2125 4161 2465 4215 δεδούλωντο.
2518 4163 2629 4216 Kal.
2683 4162 2859 4226 ἄλλως
2906 4164 2963 4217 δὲ
3014 4166 3401 4221 καταλέλοιπεν
3462 4168 3624 4220 αὐτὸν
3678 4170 3710 4222 6

2127 4253 2335 4326 Πατὴρ,
2381 4255 2474 4307 καὶ
2502 4254 2666 4308 αὑτοῦ
2698 4254 2794 4308 τοῦ
2829 4254 3066 4326 Χριστοῦ
3095 4256 3192 4327 τὴν
3229 4257 3368 4328 ὑπὲρ
3406 4256 3709 4328 ἀνθρώπω)

2124 4344 2362 4398 διάθεσιν
2399 4346 2785 4417 ἀποδειχθῆναι
2815 4346 3065 4416 θελήσας.
3102 4347 3193 4399 Διὸ
3230 4347 3458 4417 μηδενὸς
3490 4348 3707 4418 ἔχοντος

2125 4436 2368 4502 ἐξουσίαν
2388 4438 2488 4508 τῆς
2515 4437 2680 4492 αὐτοῦ
2697 4438 2875 4509 duxi];
2891 4438 3031 4491 έκὼν
3061 4439 3219 4502 αὐτὸς
3239 4441 3379 4512 ὑπὲρ
3407 4428 3706 4514 ἀνθρώπιον

2124 4529 2293 4600 αὐτὴν
2323 4529 2587 4595 τέθεικεν,
2625 4529 2909 4602 ὼσπεροῦν
2953 4530 3193 4584 διδάσκει
3221 4531 3425 4601 λέγωνε
3472 4553 3490 4584 ι
3518 4534 3703 4597 Οὐδεὶς

2121 4619 2264 4691 αἴρει
2294 4621 2393 4691 τὴν
2417 4619 2593 4691 ψυχήν
2621 4638 2722 4691 μου
2753 4621 2845 4674 ἀπ’
2882 4620 3036 4692 ἐμοῦ.
3081 4622 3358 4688 Ἐξουσίαν
3397 4623 3504 4696 ἐχω
3535 4623 3705 4678 θεῖναι

2120 4713 2311 4783 αὐτὴν,
2368 4715 2462 4765 καὶ
2512 4713 2755 4779 ἐξουσίαν
2811 4712 2917 4784 ἔχω
2980 4714 3143 4767 πάλιν
3200 4714 3380 4767 λαϐεῖν
3443 4716 3632 4785 αὐτήν.
3679 4735 3699 4766 ι

2133 4807 2289 4877 Ἑξῆς
2318 4805 2529 4869 τούτοις
2577 4807 2742 4877 φησί’
2785 4826 2804 4858 ι
2842 4806 3077 4879 Μακράν
3133 4808 3240 4860 ἀπὸ
3278 4808 3380 4878 τῆς
3434 4808 3702 4880 σωτηρίας

2123 4917 2225 4970 μου
2256 4901 2306 4951 οἱ
2334 4899 2483 4966 λόγοι
2519 4898 2626 4951 τῶν
2673 4899 3133 4970 παραπτωμάτων
3190 4917 3312 4970 μου.
3351 4920 3369 4953 ι
3414 4900 3553 4953 Ἀνθ“
3586 4894 3646 4954 οὗ
3674 4900 3704 4954 6

2123 4991 2222 5061 μὲν
2257 4990 2488 5054 Ἀκύλας
2507 5008 2519 5019 ·
2556 5010 2575 5041 ι
2604 4991 2836 5062 Μακράν
2859 4991 2967 5044 ἀπὸ
2989 4994 3089 5062 τῆς
3114 4992 3387 5063 σωτηρίας
3411 5008 3510 5062 μου
3535 4992 3705 5065 ῥήμα-

2116 5101 2183 5135 τα
2233 5082 2580 5154 βρυχήματός
2624 5100 2747 5153 μου,
2790 5103 2807 5134 ι
2854 5082 3140 5146 ἐξέδωκεν·
3191 5086 3221 5137 6
3266 5083 3324 5137 δὲ
3368 5083 3700 5153 Σύμμαχθς⁹

433 5183 697 5247 tanquam
739 5178 973 5234 traditus
1025 5193 1054 5230 ιι
1086 5188 1240 5247 patre
1287 5188 1341 5232 et
1385 5177 1680 5247 languidus
1712 5177 1912 5241 factus,
1961 5185 2018 5233 ct

2130 5193 2143 5224 ι
2199 5175 2595 5244 Ἀφεστήκασιν
2616 5174 2722 5227 ἀπὸ
2752 5176 2849 5246 τῆς
2874 5174 3145 5247 σωτηρίας
3195 5192 3295 5246 μου
3326 5176 3374 5229 οἱ
3412 5173 3562 5243 λόγοι
3596 5172 3703 5227 τῶν

434 5275 698 5338 tanquam
737 5268 786 5323 is
828 5272 919 5338 qui
956 5277 1182 5339 peccata
1240 5277 1427 5323 nostra
1479 5270 1863 5333 assumpserit.
1905 5287 1922 5319 ι
1956 5276 2015 5322 ιιι

2130 5266 2367 5337 ἱδυρμῶν
2399 5282 2529 5337 μου“
2574 5287 2592 5318 ι
2625 5268 2719 5320 καὶ
2740 5267 2859 5320 καθ’
2894 5267 3087 5339 ἑτέραν
3120 5268 3176 5321 δὲ
3208 5266 3510 5339 φερομένην
3532 5266 3707 5338 ἑρμη-

434 5359 554 5415 ovis
583 5359 648 5414 ad
675 5360 878 5414 caedem
910 5370 994 5415 est
1019 5359 1218 5415 ductus
1240 5361 1307 5414 ⁸³.
1342 5381 1359 5413 ι
1398 5359 1494 5415 llis
1517 5359 1820 5414 concordat
1849 5360 2016 5414 etiam

2130 5360 2268 5412 νείαν
2293 5360 2548 5431 πέμπτην
2574 5360 2815 5430 εἴρηται·
2850 5379 2867 5410 ι
2903 5360 3135 5432 Μακρὰν
3167 5361 3278 5413 ἀπὸ
3303 5360 3404 5429 τῆς
3432 5357 3705 5430 σωτηρίας

432 5447 731 5521 Apostolus
780 5452 913 5505 dum
958 5453 1033 5506 ita
1084 5452 1247 5506 nitu
1292 5452 1396 5518 Qui
1448 5452 1672 5522 proprio
1714 5450 1854 5504 Filio
1902 5466 2014 5504 non

2130 5469 2227 5521 μου
2269 5452 2318 5504 οἱ
2350 5450 2495 5520 λόγοι
2545 5450 2653 5504 τῶν
2694 5452 2930 5523 δεήσεων
2973 5469 3092 5523 μου.
3127 5470 3147 5502 ο
3183 5451 3321 5522 Ὅρα
3364 5449 3429 5520 δὴ
3474 5445 3589 5511 οὖν,
3621 5447 3705 5501 ὅτι

436 5543 697 5612 pepercit,
734 5543 827 5598 sed
855 5557 955 5612 pro
983 5544 1237 5600 omnibus
1272 5545 1431 5600 nobis
1462 5542 1686 5598 tradidit
1720 5542 1870 5598 illum
1895 5543 1962 5598 ”.
1992 5562 2009 5593 ι

2130 5544 2243 5595 κατ’
2298 5542 2584 5615 οὐδετέραν
2627 5543 2831 5597 τούτων
2882 5544 2961 5602 τὸ.
3008 5559 3027 5593 ι
3078 5542 3183 5596 τῶν
3242 5541 3705 5612 παραπτιιτμάτων

3146 5658 3190 5688 ’⁷
3233 5656 3337 5711 lsa.
3375 5670 3521 5722 mu,
3582 5653 3700 5711 ιδ.

1895 5662 1938 5692 ’⁸
1980 5659 2097 5713 Gal.
2139 5674 2230 5727 ιιι,
2275 5659 2357 5712 l5.
2507 5661 2551 5691 “
2593 5658 2632 5711 ll
2669 5659 2795 5714 Cor.
2835 5676 2884 5724 ν,
2917 5656 3011 5712 ἳθ.

505 5660 552 5693 ’³
587 5656 630 5711 ll
660 5659 789 5715 Cor.
825 5677 961 5715 xm.
994 5664 1048 5718 6.
1180 5663 1229 5693 θ*
1266 5661 1410 5717 Psal.
1454 5678 1558 5717 xvn
1584 5703 1597 5727 ,
1631 5661 1744 5725 2,5.

440 5726 487 5765 ⁸⁸
525 5730 659 5783 Ibid.
700 5731 750 5783 ’7.
826 5732 871 5764 ⁹⁹
913 5731 1069 5786 Rom.
1109 5749 1244 5796 vin,
1282 5733 1368 5788 52.

509 5821 584 5875 (‘l
616 5820 966 5878 Desideratur
1002 5826 1049 5879 6.
1085 5823 1243 5879 Eon.
