4112 6462
426 379 532 436 7C9

1342 378 1989 436 DEMONSTRATIONIS
2025 381 2484 437 EVANGELICAS
2524 382 2650 437 LIB.
2694 383 2760 438 Χ.

3575 389 3679 444 770

433 511 554 566 μου,
595 510 614 544 3
652 490 887 563 εἴρηται,
934 494 1009 554 ὼς
1057 490 1338 561 συμϐαίνει
1385 493 1513 545 ποτὲ
1554 493 1827 563 σφάλματι
1873 512 1997 564 γρά-

2109 498 2374 552 Caeterum
2407 497 2657 554 excitans
2684 513 2784 552 nos
2818 497 2884 553 ad
2919 498 3293 571 inquirendam
3324 516 3545 560 causam
3579 519 3678 558 cur

429 581 575 653 φικῴ
598 582 850 645 τοιαύτας
880 581 1029 644 τινάς
1051 580 1347 649 ὲναλλαγὰς
1382 582 1658 652 φέρεσθαι.
1710 584 1803 636 Ἐκ
1830 585 1886 638 δὲ
1905 586 2004 654 τῆς

426 675 535 728 τῶν
563 674 819 727 πλειόνων
848 674 1142 745 ἑρμηνείας
1168 673 1568 745 καταληπτέον·
1601 677 1649 728 εί
1686 676 1761 747 μὴ
1787 676 1895 747 ἄρα
1922 694 2005 741 τις

429 765 705 820 κάνταῦθα
746 765 814 818 τὰ
848 765 1090 836 ἡμέτερα
1123 763 1542 836 παραπτώματα
1579 766 2004 839 ἐξοικειούμενον

426 858 599 913 ταῦτα
625 858 784 911 αὑτὸν
801 857 1076 928 εἰρηκέναι
1102 857 1310 928 φήσειε.
1336 857 1557 921 Τούτοις
1586 858 1710 929 ἑξῆς
1740 857 1999 926 ἐπιλέγειο

434 969 454 1001 ί
503 948 560 1002 Ὀ
592 948 724 1011 Θεός
772 963 893 1019 μου,
939 947 1278 1018 κεκράξομαι
1330 948 1565 1019 ἡμέρας,
1603 949 1698 1001 καὶ
1754 948 1853 1002 οὐκ
1891 950 2003 1001 sia-

427 1038 654 1110 ακούσῃ,
693 1039 786 1090 καὶ
816 1038 1026 1102 νυκτὸς,
1057 1039 1151 1090 καὶ
1193 1038 1293 1091 οὐκ
1324 1040 1405 1102 είς
1434 1039 1617 1092 ἄνοιαν
1648 1039 1796 1109 ἑμοί·
1836 1058 1853 1091 3
1884 1039 2000 1093 ἀνθ’

426 1124 487 1185 οὗ
516 1128 676 1182 πάλιν
695 1130 724 1181 6
750 1127 1063 1199 Σύμμαχος*
1097 1147 1115 1179 ι
1140 1129 1197 1181 Ὀ
1217 1128 1348 1192 Θεός
1378 1147 1503 1205 μου,
1546 1149 1565 1182 3
1599 1131 1750 1201 φησὶ,
1781 1149 1799 1180 ι
1823 1131 2001 1202 βοήσω

422 1220 659 1293 ἡμέρας,
687 1222 781 1273 καὶ
810 1220 908 1273 ούκ
931 1219 1246 1293 εἰσακούσῃ,
1277 1223 1372 1273 καὶ
1403 1221 1614 1285 νυκτὸς,
1642 1223 1734 1274 καί
1762 1223 1860 1275 οὐκ
1885 1222 1999 1275 ἔστι

427 1315 575 1385 σιγή.
609 1333 627 1366 3
662 1312 938 1384 Θαυμάζει
987 1311 1052 1383 δὴ
1085 1309 1177 1366 οὖν
1214 1315 1272 1366 ὲν
1308 1313 1515 1377 τούτοις
1552 1315 1642 1368 τὸν
1676 1315 1892 1387 Πατέρα
1924 1315 2000 1379 ὡς

430 1406 509 1478 μὴ
537 1407 888 1459 εἰσακούοντα
910 1404 1093 1470 αὐτοῦ,
1115 1404 1261 1469 ξένον
1278 1422 1330 1457 τι
1349 1405 1506 1458 τοῦτο
1529 1408 1622 1459 καὶ
1642 1407 1791 1478 παρὰ
1804 1407 1862 1459 τὸ
1880 1406 1999 1460 σύν-

425 1497 554 1570 ηθες
597 1496 839 1569 θεωρῶν.
877 1497 933 1550 Ὀ
966 1498 1023 1551 δὲ
1056 1497 1351 1566 ἐιρύλαττεν
1396 1498 1544 1569 αύτῷ
1588 1498 1685 1570 τὴν
1728 1500 1896 1571 ἀκοὴν
1921 1502 2000 1563 είς

423 1590 514 1644 τὸν
546 1588 847 1659 ἐπιτήδειον
869 1587 960 1641 τοῦ
987 1585 1401 1658 εἰσακουσθῆναι
1427 1588 1635 1661 καιρόν.
1668 1583 1833 1652 Οὗτος
1855 1585 2000 1661 δὲῆν

422 1683 453 1734 6
475 1680 576 1750 τῆς
616 1679 948 1751 ἀντιλήψεως
991 1682 1090 1752 τῆς
1120 1679 1347 1749 ἑωθινῆς
1386 1681 1481 1733 καὶ
1523 1681 1553 1731 6
1573 1682 1671 1751 τῆς
1701 1682 1767 1734 ἑκ
1790 1681 1999 1752 νεκρῶν

423 1774 791 1840 ἀναστάσεως,
813 1772 1075 1836 καθ’ὃν,εἱ
1092 1772 1299 1825 καίτινι
1317 1770 1481 1843 άλλῳ,
1499 1772 1594 1825 καὶ
1610 1772 1761 1845 αὐτῷ
1779 1774 2000 1837 δικαίως

2112 589 2290 658 ipsum
2331 599 2482 659 pater
2507 590 2811 645 deseruerit
2844 591 2921 645 ait
2952 612 2965 646 :
3004 611 3022 644 ι
3048 591 3228 658 Quare
3260 609 3346 650 me
3382 596 3680 666 dereliqui-

2111 680 2217 734 sti?
2245 700 2262 733 3
2315 680 2492 735 Causa
2534 697 2698 751 porro
2732 683 2846 737 haec
2894 683 3016 749 fuit,
3050 685 3215 757 496
3237 688 3415 743 omnis
3452 688 3676 743 humani

2109 773 2327 839 generis
2365 772 2666 843 redemptio
2716 789 2779 828 ac
2818 775 3091 839 liberatio,
3142 794 3262 848 quae
3301 780 3540 849 pretioso
3581 779 3678 834 illo

2109 863 2377 931 sanguine
2408 862 2547 919 facta
2601 872 2702 930 est,
2745 881 2773 918 a
2805 867 2986 935 priore
3018 869 3108 922 illa
3143 870 3467 924 intolerabili
3503 872 3679 926 servi-

2107 957 2242 1013 tute,
2271 967 2377 1021 qua
2405 953 2509 1007 sub
2533 954 2707 1008 visum
2736 956 3121 1026 cffugientibus
3155 958 3412 1023 dominis,
3444 961 3678 1029 impuris

2108 1043 2295 1113 utique
2331 1043 2669 1100 daemonibus
2718 1055 2771 1101 et
2801 1049 3054 1119 malignis
3085 1051 3428 1120 principibus
3466 1068 3528 1105 ac
3561 1054 3676 1122 spi-

2106 1132 2304 1186 ritibus
2339 1134 2743 1200 premebantur,
2789 1145 2843 1190 et
2878 1138 2980 1191 alia
3014 1138 3141 1193 item
3185 1142 3397 1196 ratione
3437 1141 3678 1200 deseruit

2106 1221 2258 1275 illum
2291 1221 2474 1285 Pater,
2511 1232 2570 1278 ut
2595 1226 2728 1280 illud
2756 1228 2965 1283 scilicet
3002 1232 3399 1295 ostenderetur,
3432 1234 3678 1290 affectio-

2104 1328 2228 1368 nem
2273 1330 2372 1384 pro
2410 1316 2726 1373 hominibus
2772 1319 2947 1388 ipsius
2982 1337 3200 1391 quoque
3240 1324 3446 1378 Christi
3477 1315 3672 1381 inisse.

2105 1404 2447 1476 Quapropter
2500 1426 2622 1465 cum
2672 1412 2819 1466 illius
2871 1414 3067 1469 animae
3104 1416 3195 1484 jus
3252 1422 3306 1471 et
3349 1424 3675 1487 potestatem

2104 1513 2264 1553 nemo
2296 1500 2539 1565 haberet,
2569 1504 2758 1559 volens
2790 1506 2907 1576 ipse
2936 1522 3036 1575 pro
3065 1507 3377 1565 hominibus
3407 1511 3553 1566 illam
3575 1526 3677 1582 po-

2106 1592 2236 1657 suit,
2272 1592 2346 1646 ita
2387 1608 2518 1648 sane
2543 1596 3001 1664 quemadmodum
3030 1598 3187 1653 docet
3212 1600 3346 1670 ipse,
3380 1601 3509 1656 dum
3532 1604 3673 1657 ait‘:

2111 1699 2130 1732 ι
2158 1682 2329 1737 Nemo
2363 1684 2516 1739 tollet
2545 1687 2781 1741 animam
2824 1703 3001 1744 meam
3031 1705 3061 1744 a
3089 1707 3195 1758 me;
3228 1700 3548 1763 potestatem
3579 1695 3678 1750 ha-

2107 1774 2206 1829 beo
2236 1776 2472 1845 ponendi
2513 1792 2655 1842 eam,
2686 1786 2739 1832 et
2780 1789 3104 1848 potestatem
3148 1783 3321 1839 habeo
3354 1800 3550 1841 rursus
3583 1801 3677 1841 su-

425 1864 491 1918 ἂν
521 1863 713 1935 ἐλέχθη
734 1880 747 1894 ο
778 1883 796 1914 ι
838 1848 935 1916 Ἓν
964 1861 1140 1934 καιρῷ
1165 1861 1337 1932 δεκτῷ
1367 1862 1649 1932 ἐπήκουσά
1672 1880 1786 1928 σου,
1812 1864 1907 1917 καὶ
1949 1867 1997 1917 ἑκ.

2108 1868 2284 1921 mendi
2325 1883 2465 1922 eam.
2496 1868 2568 1923 Iis
2593 1884 2713 1939 qua:
2740 1870 2882 1924 dicta
2918 1880 3066 1937 sunt,
3099 1873 3359 1947 deinceps
3387 1877 3672 1949 adjungit:

421 1956 606 2027 ἡμέρᾳ
640 1955 912 2026 σωτηρίας
958 1953 1230 2025 ἐϐοήθησά
1265 1970 1365 2006 σοι.
1407 1950 1536 2008 Ἰδοὺ
1566 1953 1659 2008 νῦν
1702 1955 1891 2027 καιρὸς
1916 1956 2004 2008 εύ-

424 2045 772 2117 πρόσδεκτος,
806 2045 916 2098 ἰδοὺ
966 2043 1061 2097 νῦν
1092 2045 1274 2116 ἡμέρα
1314 2043 1607 2115 σωτηρίας.
1642 2063 1660 2097 3
1696 2046 1923 2114 Λέγοιτο
1956 2047 2002 2101 δ’

424 2135 490 2189 ἂν
508 2136 679 2188 ταῦτα
702 2136 793 2188 καὶ
816 2135 1016 2207 ἑτέρως
1044 2134 1149 2187 ὑπὸ
1172 2134 1422 2206 Σωτῆρος
1448 2137 1479 2207 ἡ
1488 2133 1625 2205 μῶν,
1655 2135 1730 2199 ὡς
1752 2136 2003 2200 εἰωθότος

427 2228 524 2299 μὲν
552 2229 637 2281 ἀεὶ
678 2229 772 2281 καὶ
802 2228 1029 2281 πάντοτε
1072 2226 1449 2281 είσακούεσθαι
1496 2228 1600 2281 ὑπὸ
1643 2228 1737 2281 τοῦ
1766 2228 2000 2301 Πατρὸς,

420 2319 516 2373 νῦν
553 2319 609 2372 δὲ
643 2319 980 2381 πιστεύοντοςι
1013 2317 1552 2390 εἰσακουσθήσεσθαι,
1581 2319 1714 2372 ὡσεὶ
1749 2321 2004 2390 σαφέστε-

426 2427 517 2482 ρον
548 2409 730 2478 ἔλεγε·
766 2409 856 2481 Μὴ
886 2404 993 2462 οἶόν
1039 2426 1099 2462 τε
1130 2409 1300 2472 ἐστὶν,
1330 2403 1375 2462 ὧ
1420 2410 1623 2481 Πάτερ,
1658 2411 1757 2481 ἐμὲ
1794 2411 1886 2465 τὸν
1913 2412 2002 2466 σὺν

427 2501 688 2572 μονογενῆ
747 2501 839 2554 καὶ
894 2500 1176 2571 ἀγαπητὸν
1231 2500 1393 2567 Υίὸν,
1455 2500 1529 2573 μὴ
1588 2501 2000 2568 εἰσακούεσθαι,

425 2592 632 2664 βοῶντα
662 2593 756 2647 καὶ
777 2594 1084 2664 κεκραγότα
1103 2592 1257 2665 ’πρδς
1280 2593 1340 2646 σὲ
1363 2592 1454 2646 τὸν
1481 2593 1715 2665 ἐμαυτοῦ
1742 2595 1960 2665 Πατέρα
1985 2611 2000 2661 ;

410 2686 661 2740 διδάσκει
692 2684 820 2755 γοῦν
849 2686 979 2739 αὐτὸ
1009 2683 1168 2738 τοῦτο
1192 2686 1249 2738 ὲν
1273 2684 1351 2755 τῷ
1381 2684 1520 2738 κατὰ
1555 2684 1806 2756 Ἰωάννην
1832 2686 2004 2755 Εὐαγ-

414 2777 584 2847 γελίῳ
631 2778 723 2829 ἐπὶ
770 2776 865 2829 τοῦ
909 2775 1186 2846 Λαζάρου,
1231 2775 1463 2847 ὁπηνίκα
1508 2776 1709 2832 εἰπών·
1748 2795 1767 2829 ι
1800 2779 2002 2849 ’Ἄρατε

418 2866 511 2920 τὸν
542 2866 686 2921 λίθον
721 2867 828 2920 ἀπὸ
856 2866 950 2920 τοῦ
991 2867 1277 2939 μνημείου,
1324 2869 1496 2940 ἐπῆρε
1526 2869 1653 2931 τοὺς
1693 2869 2003 2939 ὀφθαλμοὺς

419 2957 614 3011 ἑαυτοῦ
640 2961 719 3022 είς
742 2957 831 3011 τὸν
857 2959 1104 3032 οὐρανὸν,
1140 2960 1232 3012 καὶ
1261 2955 1384 3013 εἶπε
1408 2976 1421 2990 ·
1458 2960 1661 3031 Πάτερ,
1697 2961 2002 3030 εὐχαριστῶ

420 3068 525 3112 σοι,
552 3051 631 3104 ὃτι
663 3051 901 3123 ἤκουσάς
930 3069 1050 3122 μου.
1094 3044 1234 3120 Ἐγὼ
1260 3052 1314 3104 δὲ
1340 3050 1504 3122 ᾔδειν,
1531 3052 1611 3104 ὅτι
1644 3052 1874 3105 πάντοτέ
1899 3068 2000 3122 μου

416 3143 655 3207 ἀκούεις.
700 3164 718 3195 3
750 3144 812 3196 Εἰ
839 3143 1018 3196 τοίνυν
1040 3144 1267 3196 πάντοτε
1294 3139 1459 3196 αὐτοῦ
1490 3141 1811 3207 ἀκούει,ούκ
1831 3143 1998 3213 ἀμφι-

415 3233 650 3299 ϐάλλων,
684 3233 798 3287 ἀλλ’
831 3232 1075 3304 άκριῆῶς
1108 3232 1487 3304 ἐπιστάμενος,
1538 3234 1619 3286 ὅτι
1651 3234 1745 3286 καὶ
1782 3229 1876 3287 νῦν
1903 3233 1998 3286 αὐα

411 3325 511 3380 τοῦ
557 3326 952 3390 εἰσακούσεται,
1013 3325 1088 3389 ὡς
1133 3322 1392 3380 ἀδυνάτου
1441 3326 1592 3390 ὄντος
1622 3326 1717 3380 τοῦ
1767 3327 1840 3400 μὴ
1886 3328 1997 3379 είσ-

410 3417 709 3474 ακούεσθαι
756 3417 949 3482 αὐτὸν,
986 3418 1414 3490 ἐρωτηματικῶς
1453 3434 1644 3489 φησιν’
1692 3436 1711 3468 ‹
1764 3419 1822 3470 '0
1868 3417 1999 3483 Θεός

412 3526 546 3581 μου,
575 3506 909 3579 κεκράξομαι
931 3508 1163 3579 ἡμέρας,
1197 3509 1290 3561 καὶ
1315 3509 1414 3561 οὐκ
1451 3508 1743 3580 είσακούσῃ
1770 3525 1787 3575 ;
1826 3527 1844 3561 3
1873 3509 1998 3562 ὑπο-

411 3602 711 3666 στιζὸντων
760 3600 915 3673 ἡμῶν
950 3602 1006 3655 ὲν
1048 3600 1146 3673 τῷ,
1188 3620 1206 3653 ι
1246 3602 1347 3655 οὐκ
1389 3603 1705 3674 είσακούση,
1747 3623 1766 3656 3
1794 3605 1887 3657 καὶ
1936 3604 1997 3656 τὸ

407 3694 658 3749 ἐναντίον
688 3693 1053 3747 ὑπονοούντων
1084 3693 1161 3765 τῷ
1195 3693 1462 3765 πύσματι.
1497 3694 1666 3748 Τοῦτο
1695 3695 1826 3764 γοῦν
1856 3695 1997 3750 διδάο

407 3801 540 3840 σκει
599 3785 791 3858 μικρὸν
824 3784 1069 3857 ὕστερον,
1123 3785 1327 3858 προῖὼν
1381 3786 1506 3857 ἑξῆς
1544 3788 1601 3839 ἑν
1653 3786 1730 3857 τῷ
1775 3786 1992 3858 ψαλμῷ,

403 3876 592 3944 λέγων
609 3894 622 3906 ·
645 3895 663 3928 ι
703 3878 813 3932 Οὐκ
845 3877 1198 3943 ὲξουδένωσεν
1219 3878 1340 3931 οὐδὲ
1363 3877 1703 3950 προσώχθισε
1728 3881 1795 3950 τῇ
1817 3878 1995 3949 δεήσει

400 3966 513 4023 τοῦ
565 3967 780 4039 πτωχοῦ
800 4008 815 4032 ,
861 3968 982 4022 οὐδὲ
1026 3968 1334 4042 ἀπέστρεψε
1381 3970 1443 4023 τὸ
1488 3970 1778 4042 πρόσωπον
1828 3967 1994 4025 αὐτοῦ

399 4060 512 4115 ἀπ’
544 4057 702 4131 ἐμοῦ,
738 4060 832 4113 καὶ
863 4060 920 4112 ἑν
963 4059 1041 4130 τῷ
1070 4061 1500 4133 κεκραγέναιιμε
1531 4059 1667 4135 πρός
1702 4061 1860 4115 αὐτὸν
1886 4064 1997 4115 εἰσ-

399 4149 616 4224 ήκουσέ
642 4167 761 4222 μου.
778 4170 796 4202 3
819 4150 942 4213 Πῶς
968 4147 1063 4205 οῦν
1088 4152 1439 4220 άποφατικῶς
1464 4151 1608 4221 λέγοι
1626 4150 1713 4217 ἂν,
1738 4172 1757 4204 ι
1781 4154 1838 4207 '0
1864 4154 1995 4217 Θεός

411 4260 544 4316 μου,
593 4241 931 4313 κεκράξομαι
983 4242 1214 4313 ἡμέρας,
1264 4243 1357 4296 καὶ
1386 4242 1486 4295 οὐκ
1532 4243 1845 4316 είσακούση,
1888 4263 1906 4292 3
1945 4245 1993 4297 εί

412 4335 492 4406 μὴ
546 4332 687 4387 κατά
724 4333 824 4406 τὴν
876 4332 1226 4387 ἀποδοθεϊεαν
1266 4334 1395 4405 ἡμῖν
1428 4333 1691 4406 θεωρίαν;
1742 4336 1808 4405 ἣν
1837 4331 1992 4406 οἶμαι

409 4427 509 4482 καὶ
557 4424 718 4478 αὑτὸν
774 4423 1142 4490 αἰνίττεσθαι,
1193 4424 1448 4493 λέγοντα·
1493 4443 1511 4475 ι
1566 4426 1624 4478 Ὁ
1686 4425 1819 4489 Θεός
1866 4442 1988 4498 μου,

410 4515 752 4590 κεκράξομαι
785 4517 1017 4589 ἡμέρας,
1053 4517 1146 4571 καὶ
1177 4518 1276 4570 οὺκ
1308 4517 1622 4591 είσακούσῃ,
1651 4519 1744 4571 καὶ
1776 4518 1985 4583 νυκτὸς,
2019 4549 2063 4605 D

411 4609 511 4663 καὶ
541 4608 642 4661 οὐκ
660 4608 738 4670 είς
762 4608 946 4661 ἄνοιαν
979 4609 1120 4679 ἑμοί.
1156 4628 1174 4661 3
1203 4610 1279 4663 Οὐ
1313 4609 1420 4681 γὰρ
1454 4611 1535 4675 είς
1559 4610 1766 4673 ἄνοιαν,
1802 4610 1985 4682 φησιν,

412 4699 540 4771 ἐμοὶ
562 4697 777 4768 λέγεται
798 4700 880 4763 τὸ,
912 4718 931 4750 ‹
966 4700 1277 4772 εἰσακούσῃ.
1314 4721 1333 4754 3
1367 4698 1496 4757 Οἶδα
1515 4701 1626 4775 γὰρ
1658 4703 1818 4767 αὐτὸς
1842 4703 1989 4767 ὅπως

411 4790 570 4844 τοῦτό
613 4807 776 4861 φημι,
829 4797 1210 4863 πεπεισμένος,
1243 4794 1326 4847 ὅτι
1378 4794 1626 4863 πέφυκας
1676 4796 1774 4865 οὐχ
1809 4796 1890 4849 ὅτι
1923 4811 1988 4863 γε

415 4882 553 4953 ἑμοῦ
588 4883 744 4953 μόνον
768 4885 1251 4956 ἀντιλαμϐάνεσθαι
1275 4886 1367 4938 καὶ
1387 4886 1708 4949 εἰσακούειν,
1744 4885 1879 4939 ἀλλὰ
1897 4887 1989 4939 καὶ

416 4975 636 5030 πάντων
654 4976 762 5029 τῶν
795 4977 963 5046 ἁγίων
997 4994 1109 5032 σου.
1159 4978 1268 5030 Ἀεὶ
1312 4976 1422 5049 γάρ
1454 4979 1548 5030 καὶ
1579 4977 1666 5031 διὰ
1697 4979 1898 5041 παντὸς
1931 4979 1989 5031 ἑν

414 5069 529 5130 τοῖς
559 5066 734 5135 ἁγίοις
767 5083 861 5120 σου
886 5071 1181 5131 κατοικεῖς,
1208 5068 1301 5120 καὶ
1335 5068 1398 5120 σὺ
1432 5063 1483 5120 εἴ
1504 5070 1532 5121 ὁ
1566 5067 1764 5130 παντὸς
1795 5067 1987 5139 ἀνδρὸς

415 5156 713 5226 θεοφιλοῦς,
760 5158 974 5229 Ἰσραὴλ
1006 5160 1563 5232 προσαγορευομένου,
1613 5160 1863 5223 ἔποιινος⁸
1898 5159 1987 5212 διὰ

417 5249 479 5303 σὲ
509 5247 619 5319 γάρ
651 5247 812 5300 παντὶ
840 5247 921 5316 τῷ
955 5263 1013 5299 σε
1048 5247 1356 5317 περιέποντι
1380 5250 1477 5318 οὐχ
1507 5250 1536 5301 6
1560 5247 1738 5317 τυχὼν
1763 5246 1987 5318 προσγί-

415 5356 566 5397 νεται
604 5339 843 5402 ἔπαινος,
892 5340 985 5393 καὶ
1016 5342 1108 5393 ἑπι
1141 5342 1222 5393 σοὶ
1262 5341 1309 5393 oi
1357 5340 1593 5406 πατέρες
1639 5337 1796 5409 ἡμῶν
1830 5337 1987 5410 ἠλπι-

419 5447 539 5495 σαν,
573 5433 668 5484 καὶ
716 5431 1033 5494 ἐλπίσαντες
1071 5430 1180 5483 τῶν
1208 5428 1625 5485 ἐπαναστάντων
1670 5430 1851 5492 αὐτοῖς
1883 5445 1984 5482 κα-

418 5522 529 5577 κῶν
561 5522 924 5597 ἑρρύσθησαν,
958 5524 1053 5577 καὶ⁵
1100 5522 1236 5593 πρὸς
1267 5523 1326 5576 σὲ
1372 5521 1691 5593 ἐκέκραξαν,
1727 5523 1821 5574 καὶ
1852 5519 1988 5573 ἑσώ-

417 5612 610 5685 θησαν,
641 5614 735 5669 ἐπὶ
768 5612 849 5668 σοί
871 5631 930 5667 τε
963 5614 1216 5684 ἤλπισαν,
1251 5614 1344 5667 καὶ
1375 5612 1435 5665 οὐ
1464 5610 1933 5683 κατῃσχύνθησαν.
1964 5629 1982 5662 3

491 5794 510 5824 ³
545 5792 702 5849 Joan.
734 5809 804 5860 ι,
840 5792 927 5849 18.
1002 5793 1022 5826 ⁹
1060 5791 1107 5850 Π
1140 5791 1266 5848 Cor.
1304 5805 1391 5857 vi,
1424 5789 1478 5844 2.

2110 1971 2128 2004 ι
2155 1953 2339 2025 Longe
2367 1970 2396 2008 a
2421 1958 2596 2011 salute
2626 1974 2742 2012 mea
2773 1961 2936 2015 verba
2975 1962 3301 2019 delictorum
3345 1981 3612 2023 meorum.
3647 1987 3668 2022 3

2102 2044 2205 2101 Pro
2255 2062 2362 2116 quo
2401 2049 2595 2118 Aquila
2646 2051 2863 2120 quidem
2910 2072 2922 2107 :
2971 2071 2991 2103 ι
3023 2051 3205 2125 Longe
3248 2071 3277 2109 a
3329 2059 3504 2115 salute
3554 2075 3675 2115 mea

2102 2138 2266 2191 verba
2320 2136 2568 2194 fremitus
2618 2142 2744 2207 mei,
2777 2159 2795 2192 3
2842 2145 3115 2212 exposuit.
3175 2140 3533 2216 Symmachus
3577 2162 3675 2202 au-

2103 2234 2211 2280 tem
2245 2246 2256 2280 :
2290 2245 2307 2278 ι
2346 2226 2712 2284 Recessernnt
2757 2245 2787 2285 a
2842 2233 3019 2288 salute
3067 2248 3189 2289 mea
3237 2236 3403 2289 verba
3429 2236 3674 2292 luctuum

2103 2331 2369 2381 meorum,
2403 2337 2423 2369 3
2454 2333 2667 2372 necnon
2715 2321 2860 2390 apud
2905 2323 3174 2391 quintam,
3212 2338 3332 2393 quae
3362 2323 3552 2388 fertur,
3590 2324 3676 2380 in-

2103 2398 2547 2474 terpretationem
2576 2408 2781 2463 dicitur
2808 2428 2823 2464 :
2857 2429 2875 2460 ι
2900 2410 3086 2483 Longe
3108 2428 3140 2466 a
3164 2415 3338 2469 salute
3368 2429 3485 2468 mea
3505 2415 3672 2471 verba

2102 2496 2542 2568 deprecationnm
2593 2515 2863 2556 mearum.
2894 2520 2914 2554 3
2951 2500 3028 2556 Ita
3077 2503 3230 2559 vides
3280 2504 3336 2557 in
3385 2504 3535 2558 nulla
3578 2503 3677 2559 lia-

2102 2604 2222 2644 ruat
2276 2594 2694 2647 conversionum
2738 2608 2861 2663 quae
2903 2594 3177 2662 posterius
3221 2594 3380 2649 dicta:
3412 2603 3560 2660 sunt,
3608 2595 3677 2650 il-

2104 2680 2216 2745 lud,
2273 2698 2293 2731 ε
2322 2682 2643 2737 delictorum
2688 2699 2957 2751 meorum,
2987 2705 3006 2737 3
3061 2685 3271 2752 haberi,
3317 2686 3518 2756 quippe
3547 2701 3675 2742 cum

2102 2770 2373 2825 interdum
2404 2772 2646 2829 librariis
2689 2778 3001 2832 errantibus
3038 2776 3353 2844 hujusmodi
3384 2780 3674 2834 varietates

2103 2862 2255 2917 libris
2290 2866 2607 2935 contingere
2651 2868 2881 2923 soleant.
2929 2870 3008 2923 Ex
3047 2871 3342 2924 multorum
3376 2878 3557 2924 autem
3582 2871 3673 2925 in-

2102 2957 2491 3024 terpretatione
2519 2958 2955 3027 investigandum
2987 2966 3092 3026 est,
3121 2968 3301 3014 utrum
3330 2961 3383 3014 in
3414 2961 3498 3015 his
3519 2961 3676 3030 quis-

2101 3049 2242 3116 piam
2282 3049 2433 3102 illum
2458 3057 2646 3104 nostra
2670 3050 2869 3105 delicta
2894 3066 2992 3107 sua
3028 3051 3315 3107 facientem
3342 3054 3470 3107 talia
3496 3069 3674 3109 enun-

2102 3137 2266 3192 tiasse
2290 3139 2507 3194 dixerit.
2542 3138 2638 3196 His
2660 3140 2920 3210 deinceps
2952 3142 3200 3213 adjungit
3228 3162 3241 3197 :
3278 3160 3300 3195 ‹
3331 3142 3472 3198 Deus
3494 3160 3671 3210 meus,

2025 3214 2066 3272 C
2100 3228 2349 3283 clamabo
2373 3230 2648 3299 perdiem,
2676 3238 2731 3284 et
2760 3247 2868 3285 non
2900 3234 3183 3296 exandies,
3214 3242 3268 3289 et
3303 3250 3400 3305 per
3432 3243 3672 3301 noctem,

2100 3328 2155 3373 et
2197 3334 2305 3373 non
2365 3320 2433 3374 ad
2473 3321 2844 3392 insipientiam
2909 3325 3127 3393 mihi;3
3181 3342 3278 3396 pro
3328 3343 3436 3398 quo
3479 3345 3674 3386 rursus

2101 3406 2465 3480 Symmachus
2498 3428 2511 3463 :
2544 3429 2563 3462 ι
2595 3409 2738 3465 Deus
2776 3427 2951 3477 meus,
2982 3413 3179 3482 inquit,
3222 3414 3470 3469 clamabo
3504 3418 3675 3471 inter-

2097 3500 2278 3564 diu,et
2320 3516 2447 3567 non,
2484 3502 2767 3565 exaudies,
2814 3509 2868 3557 et
2907 3510 3098 3568 nocte,
3131 3512 3185 3558 et
3219 3520 3329 3558 non
3375 3513 3460 3560 est
3506 3508 3676 3562 silen-

2095 3592 2254 3646 tium.
2291 3611 2311 3645 3
2350 3592 2494 3662 Ergo
2531 3594 2586 3646 in
2631 3593 2716 3648 his
2742 3592 2958 3647 Patrem
2992 3609 3149 3648 suum
3181 3602 3440 3665 tanquam
3470 3613 3530 3654 se
3560 3614 3673 3654 non

2096 3685 2477 3739 exaudientem
2516 3684 2841 3751 admiratur,
2893 3692 3101 3755 utpote,
3146 3701 3270 3739 cum
3322 3702 3521 3742 novum
3567 3690 3675 3744 hoc

2096 3786 2256 3847 atque
2285 3777 2611 3832 inusitatum
2637 3777 2911 3847 inSpiciat.
2948 3776 3043 3831 Ille
3068 3783 3248 3830 autem
3275 3777 3402 3830 huic
3436 3777 3674 3834 audien-

2095 3872 2226 3926 tiam
2278 3870 2345 3925 ad
2400 3870 2655 3925 idoneum
2700 3870 3028 3926 exaudiendi
3071 3879 3287 3942 tempus
3345 3873 3670 3930 reservavit.

2096 3958 2210 4017 Hoc
2233 3975 2365 4016 vero
2393 3959 2519 4026 fuit,
2568 3962 2935 4031 susceptionis
2981 3963 3263 4017 matutinae
3297 3962 3671 4018 excitationis—

2095 4068 2201 4124 que
2225 4068 2259 4106 a
2285 4062 2460 4109 morte
2488 4054 2555 4107 ad
2587 4055 2753 4108 vitam
2792 4065 3024 4124 tempus,
3055 4069 3164 4125 quo
3194 4069 3325 4110 sane
3346 4062 3589 4123 tempore
3619 4055 3668 4110 si

2094 4147 2314 4216 quando
2365 4147 2431 4202 ad
2485 4147 2654 4200 alium
2704 4147 3039 4217 quempiam,
3091 4147 3158 4200 ad
3212 4147 3389 4222 ipsum
3449 4160 3671 4217 quoque

2098 4237 2242 4306 iuste
2278 4236 2569 4292 dicendum
2603 4237 2746 4292 fuit:
2785 4254 2804 4287 ι
2837 4234 2893 4290 In
2940 4247 3183 4306 tempore
3224 4245 3448 4305 accepto
3493 4252 3666 4292 exau-

2093 4328 2204 4383 divi
2239 4336 2312 4394 te,
2350 4337 2403 4383 et
2430 4331 2483 4382 in
2530 4329 2616 4383 die
2649 4329 2844 4383 salutis
2878 4327 3060 4398 adjuvi
3088 4336 3162 4394 te;
3194 4342 3324 4383 ecce
3351 4342 3498 4382 nunc
3528 4334 3669 4383 tem-

2093 4435 2196 4490 pus
2240 4421 2599 4490 acceptabile,
2654 4435 2784 4475 ecce
2841 4435 2990 4475 nunc
3023 4416 3141 4475 dies
3192 4420 3385 4476 salutis
3406 4421 3448 4474 '.
3481 4441 3502 4474 3
3547 4418 3666 4476 Dici

2092 4527 2222 4567 vero
2255 4519 2483 4583 possunt
2518 4513 2633 4567 haec
2667 4511 2773 4565 alia
2815 4526 3034 4582 quoque
3064 4512 3276 4566 ratione
3319 4526 3350 4565 a
3384 4509 3669 4568 Salvatore

2092 4611 2323 4669 nostro,
2369 4612 2626 4673 tanquam
2677 4604 2747 4658 ab
2777 4618 2878 4668 eo,
2923 4605 3016 4673 qui
3059 4604 3408 4660 consueverit
3450 4620 3669 4676 semper

2093 4697 2310 4767 quidem
2340 4703 2394 4751 et
2419 4698 2474 4750 in
2514 4697 2772 4752 omnibus
2805 4699 3055 4753 exaudiri
3096 4713 3126 4752 a
3158 4697 3340 4762 Patre,
3371 4713 3519 4753 nunc
3566 4712 3669 4751 au-

2094 4801 2223 4855 tem,
2260 4792 2353 4859 qui
2379 4790 2541 4844 etiam
2574 4787 2733 4843 fidem
2765 4790 2961 4846 habeat
2991 4805 3050 4847 se
3085 4806 3210 4846 esse
3239 4788 3662 4851 exaudiendum,

2093 4896 2203 4936 non
2230 4895 2389 4935 secus
2426 4892 2489 4933 ac
2523 4877 2571 4932 si
2605 4879 2822 4947 planius
2860 4878 3089 4943 diceret,
3133 4876 3381 4946 nunquid
3412 4874 3529 4930 ﬁeri
3567 4888 3667 4943 po—

2094 4980 2218 5035 test,
2238 4987 2271 5025 o
2285 4969 2465 5034 Pater,
2491 4977 2551 5024 ut
2567 4985 2667 5041 ego
2684 4971 2879 5026 unicus
2898 4985 2963 5024 ac
2984 4970 3217 5025 dilectus
3232 4966 3425 5032 Filius,
3443 4967 3570 5021 dum
3594 4965 3667 5020 ad

2095 5073 2149 5119 te
2168 5062 2386 5118 Patrem
2410 5077 2591 5120 meum
2615 5063 2814 5127 clamo,
2846 5069 2902 5117 et
2921 5060 3213 5125 vociferor,
3234 5075 3343 5113 non
3366 5056 3666 5113 exaudiar?

2091 5155 2252 5228 497
2282 5154 2550 5225 siquidem
2582 5155 2687 5209 boc
2716 5155 2893 5225 ipsum
2925 5155 3014 5209 ille
3049 5153 3190 5208 idem
3223 5151 3381 5206 docet
3409 5152 3463 5203 in
3483 5149 3669 5204 Evan-v

2091 5249 2233 5318 gelio
2267 5246 2516 5306 Joannis.
2548 5246 2642 5301 ubi
2674 5246 2741 5301 de
2769 5245 2975 5300 Lazaro
3009 5259 3188 5300 sermo
3219 5249 3324 5298 est.
3368 5240 3504 5295 Nam
3535 5256 3669 5296 cum

2092 5338 2359 5395 dixisset:
2399 5358 2418 5390 ε
2459 5337 2656 5393 Tollite
2686 5338 2915 5407 lapidem
2945 5352 2975 5390 a
3006 5343 3378 5399 monumento,
3419 5351 3442 5388 3
3471 5340 3670 5389 sustu-

2094 5433 2155 5485 lit
2188 5431 2383 5487 deinde
2418 5431 2609 5487 oculos
2634 5444 2764 5485 suos
2796 5427 2863 5482 ad
2895 5428 3090 5484 caelum
3122 5426 3344 5495 etdixit
3372 5444 3387 5481 :
3421 5443 3442 5478 ι
3476 5424 3665 5492 Pater,

2092 5524 2299 5592 gratias
2330 5537 2432 5594 ago
2467 5523 2584 5588 tibi,
2620 5520 2876 5590 quoniam
2914 5517 3171 5573 audivisti
3201 5531 3306 5576 me.
3338 5516 3453 5588 Ego
3480 5526 3664 5573 autem

2095 5614 2335 5671 sciebam
2367 5613 2514 5685 quod
2542 5626 2757 5681 semper
2780 5626 2868 5667 me
2908 5610 3065 5667 audis
3096 5610 3137 5668 ³,
3175 5628 3195 5664 3
3231 5608 3290 5665 Si
3322 5610 3493 5682 igitur
3521 5624 3667 5666 sem-

1557 5790 1577 5823 ³
1612 5787 1774 5845 Joan.
1808 5804 1863 5844 ιι
1885 5830 1900 5858 ,
1936 5787 2121 5843 59-“.
