4112 6440
424 330 525 385 ’ΠΙ

1104 329 1377 389 EUSEBH
1412 328 1895 387 CAESARIENSIS
1931 330 2082 388 OPP.
2125 328 2311 388 PARS
2344 334 2495 390 11,-
2529 333 3034 391 APOLOGETICA.

3577 340 3687 394 773

562 408 572 429 Ι

427 467 528 523 per
560 453 712 508 illum
763 452 935 516 audit,
990 466 1136 505 nunc
1183 466 1400 521 quoque
1443 465 1555 505 non
1600 451 1879 517 dubitans,
1912 452 1996 518 sed

2122 452 2338 523 Ἐπειδὴ
2364 449 2456 506 οῦν
2481 453 2678 517 πάντες
2711 456 2761 505 οἱ
2789 454 2932 522 ἆγιοι
2954 452 3155 507 τούτων
3177 451 3365 524 ἔτυχον
3393 452 3542 524 παρὰ
3570 454 3688 521 σοῦ,

428 544 593 614 plane
640 553 978 614 compertum
1027 544 1235 598 habens
1280 559 1340 597 se
1387 552 1510 598 esse
1552 543 1902 607 audiendum,
1951 554 2005 599 et

427 646 688 706 tanquam
720 635 834 690 fieri
864 652 976 689 non
1007 637 1203 705 possit,
1240 642 1297 688 ut
1329 649 1439 688 non
1471 634 1745 696 audiatur,
1797 651 1864 688 ex
1921 636 2006 688 in-

426 729 795 798 terrogatione
833 727 909 782 ait.
946 746 960 783 :
1004 746 1023 780 ι
1068 726 1209 782 Deus
1239 742 1414 790 meus,
1468 727 1716 780 clamabo
1745 726 2002 790 interdiu,

428 825 485 873 et
513 833 625 871 non
664 817 966 872 exaudies?
1014 836 1032 868 ι
1071 817 1233 871 nobis
1277 817 1527 871 videlicet
1564 816 2005 886 interrogationis

428 914 614 960 nolam
636 906 963 962 addentibus
986 907 1049 960 ad
1080 907 1326 969 verbum,
1365 925 1384 958 ι
1425 907 1708 971 exaudies,
1742 927 1760 958 ι
1792 916 1845 962 et
1874 924 2006 962 con-

428 996 659 1051 trarium
690 998 832 1067 ejus,
869 998 1017 1068 quod
1041 999 1434 1068 interrogatum
1468 997 1559 1062 sit,
1588 999 2001 1069 subintelligcm

426 1090 596 1145 tibus.
642 1088 923 1161 Siquidem
978 1092 1083 1145 hoc
1136 1092 1315 1160 ipsum
1367 1090 1530 1159 paulo
1582 1100 1704 1160 post
1755 1108 2005 1147 sermone

428 1197 757 1253 progressus
815 1183 1057 1237 ostendit.
1091 1181 1351 1251 deinceps
1402 1182 1456 1234 in
1506 1184 1718 1251 psalmo
1760 1185 1950 1238 dicens
1988 1203 2002 1240 :

384 1282 395 1293 '
434 1293 452 1325 ι
493 1273 614 1329 Non
656 1276 862 1345 sprevit
912 1290 1087 1342 neque
1122 1275 1405 1329 molestam
1444 1276 1634 1330 habuit
1663 1276 2004 1345 deprecatio-

426 1381 552 1421 nem
587 1367 865 1437 pauperis,
894 1382 1071 1435 neque
1104 1366 1300 1419 avertit
1329 1365 1523 1420 faciem
1567 1381 1722 1421 suam
1749 1381 1780 1418 a
1810 1382 1915 1430 me,
1951 1374 2006 1422 et

426 1471 553 1511 cum
582 1458 878 1511 clamarem
909 1459 973 1511 ad
1008 1474 1154 1521 eum,
1206 1457 1484 1513 exaudivit
1517 1472 1620 1511 me.
1671 1477 1689 1508 ι
1722 1457 2004 1523 Quomodo

425 1547 593 1617 igitur
626 1548 873 1617 negative
903 1546 1033 1599 illud
1058 1545 1307 1599 dicetur?
1343 1543 1518 1599 «Deus
1541 1559 1721 1610 meus,
1753 1544 2004 1598 clamabo

427 1637 689 1699 interdiu,
718 1644 771 1689 et
793 1650 901 1689 non
933 1635 1214 1696 exaudies,
1272 1652 1291 1685 ι
1331 1633 1439 1688 nisi
1479 1648 1543 1687 ea
1577 1635 1787 1687 ratione
1840 1649 2000 1703 quam

426 1740 530 1782 nos
560 1727 865 1789 attulimus,
903 1741 1066 1795 quam
1101 1740 1232 1779 sane
1275 1724 1543 1777 rationem
1576 1724 1754 1793 ipsum
1785 1740 2003 1794 quoque

2108 543 2473 614 κεκράξαντές
2505 562 2564 597 τε
2598 546 3050 617 εἰσηκούσθησαν,
3092 544 3185 599 καὶ
3218 545 3277 597 ού
3317 544 3691 617 κατῃσχύνθη-

2110 653 2228 700 σαν,
2265 637 2416 706 πόσῳ
2444 636 2511 707 δὴ
2548 636 2706 689 πλέον
2739 638 2873 708 ἐμοῦ
2920 637 3013 691 τοῦ
3047 636 3139 691 σοῦ
3173 636 3455 708 ἀγαπητοῦ
3503 637 3688 702 παιδὸς

2109 724 2339 795 βοῶντος
2370 725 2565 796 μᾶλλον
2598 726 2851 779 ἁπάντων
2880 728 2972 779 καὶ
2996 727 3236 797 ἐτοιμότε
3244 744 3337 797 ρον
3361 726 3684 797 εἰσακούσῃ;

2105 817 2170 869 Εἰ
2202 817 2258 869 δὲ
2288 817 2383 871 καί
2414 817 2912 887 ἅποθαυμαστικῶς
2946 834 3107 887 φημι,
3145 834 3165 867 ι
3208 815 3688 887 Κεκράξομαι,καὶ

2105 909 2205 961 οὐκ
2226 909 2519 980 εἰσακούσῃ
2541 911 2551 962 !
2584 930 2600 959 ι
2627 909 2740 962 ἀλλ’
2762 910 2861 961 οὐκ
2881 912 2959 973 εἰς
2991 911 3175 964 ἄνοιαν
3200 912 3228 963 6
3251 909 3406 978 λόγος
3441 926 3529 979 μοι
3558 925 3689 979 προσ

2107 999 2348 1070 φέρεται.
2399 994 2528 1052 Οἶδα
2574 999 2705 1067 γοῦν
2751 1000 2896 1062 ὅπως
2948 1000 3045 1071 τὴν
3078 1000 3243 1071 εὐχὴν
3284 1000 3574 1071 προφέρω,
3612 999 3687 1069 μὴ

2106 1090 2531 1160 ἐναϐρυνόμενος
2558 1092 2690 1162 μηδέ
2725 1092 3162 1163 ἐγκαυχώμενος,
3198 1092 3312 1145 ἁλλ’
3344 1092 3420 1155 ὡς
3446 1104 3691 1146 ταπεινο-

2106 1180 2337 1250 φρονῶν.
2388 1180 2540 1234 Ἐπεὶ
2560 1181 2668 1253 γάρ
2702 1182 2875 1253 πρᾶός
2905 1185 3019 1253 εἰμι
3051 1184 3147 1235 καὶ
3177 1182 3429 1245 ταπεινὸς
3458 1179 3527 1253 τῇ
3561 1194 3690 1253 καρ-

2107 1270 2213 1342 δίᾳ,
2247 1272 2515 1336 ταπεινῶς
2548 1275 2637 1326 καί
2662 1278 2727 1345 τῇ
2762 1274 2998 1344 ἐμαυτοῦ
3034 1276 3297 1346 πραότητι.
3320 1276 3532 1340 οἰκείως
3559 1270 3688 1345 περὶ

2105 1362 2342 1432 ἐμαυτοῦ
2374 1363 2605 1416 ταπεινὰ
2630 1363 2957 1435 φθέγγομαι.
3004 1365 3161 1419 Οὕτω
3192 1366 3256 1438 δὴ
3301 1369 3394 1422 καὶ
3429 1367 3686 1440 σκώληκα

2103 1456 2339 1527 ἐμαυτὸν
2370 1454 2623 1528 ὀνομάζω
2647 1474 2659 1487 ·
2695 1458 2749 1509 τί
2791 1457 2900 1529 γὰρ
2929 1458 2993 1512 ἂν
3026 1458 3234 1526 γένοιτο
3280 1459 3560 1532 σκώληκος
3591 1479 3688 1515 τα-

2104 1549 2414 1620 πεινότερον
2439 1566 2454 1615 ;
2482 1549 2604 1603 ὅθεν
2635 1546 2741 1603 οὐδ’
2779 1548 3064 1621 ἄνθρωπον
3096 1550 3333 1621 ἐμαυτὸν
3365 1551 3568 1623 εἴποιμ’
3598 1551 3685 1617 ἂν,

2102 1643 2180 1705 εἰς
2221 1641 2488 1713 τοσαύτην
2541 1642 2868 1696 ταπείνωσιν
2912 1644 2977 1695 ἐκ
3027 1641 3121 1695 τοῦ
3171 1642 3371 1697 οἰκείου
3424 1643 3687 1713 μεγέθους

2103 1732 2397 1796 κατελθὼν,
2432 1733 2571 1786 ῶστε
2607 1735 2700 1786 καὶ
2753 1732 3031 1804 σκώληκος
3080 1734 3245 1806 μηδὲν
3279 1734 3454 1787 δοκεῖν
3504 1734 3688 1804 διαφέ-

425 1815 1003 1886 ειτὺίῑτοιῖδὶεηιίίοιιω
1038 1815 1167 1869 dum
1199 1815 1334 1870 dicit
1376 1835 1389 1871 :
1427 1835 1446 1866 ι
1505 1815 1648 1872 Deus
1679 1833 1853 1881 meus,
1891 1820 1996 1873 cla-

2106 1842 2237 1896 ρειν,
2264 1824 2353 1877 διὰ
2384 1824 2444 1877 τὸ
2489 1826 2583 1877 καί.
2618 1824 2780 1896 μέχρι
2821 1825 3048 1878 θανάτου
3077 1826 3173 1878 καὶ
3217 1825 3319 1896 τῆς
3362 1825 3458 1879 τοῦ
3497 1824 3686 1897 σώμα-

424 1908 591 1963 mabo
624 1907 879 1969 interdiu,
904 1916 955 1961 et
976 1922 1081 1960 non
1111 1906 1396 1970 exaudies,
1427 1914 1481 1961 et
1506 1915 1692 1972 noctu,
1722 1917 1775 1963 et
1806 1925 1913 1963 non
1936 1908 2001 1962 ad

424 1998 798 2070 insipientiam
832 1999 1018 2052 mihi.»
1054 1998 1172 2053 Non
1202 1999 1349 2054 enim
1391 1999 1459 2054 ad
1492 2001 1887 2072 insipientiam,
1922 2002 2004 2054 in-

424 2090 611 2160 quit,a
636 2106 721 2145 me
742 2090 940 2144 dicitur
964 2091 1120 2157 illud,
1146 2110 1165 2142 ι
1200 2090 1480 2147 exaudies.
1508 2108 1527 2143 ι
1560 2092 1693 2145 δι)νί
1722 2093 1865 2145 enim
1890 2093 2004 2161 ipse

425 2197 530 2253 qua
562 2183 773 2238 ratione
802 2182 906 2236 hoc
929 2183 1128 2248 dicam,
1157 2184 1359 2253 quippe
1388 2183 1482 2252 qui
1511 2183 1668 2237 (idem
1698 2182 1927 2237 habeam
1950 2191 2003 2238 te

422 2280 621 2328 natura
674 2287 1009 2343 propensum
1057 2288 1181 2328 esse
1233 2273 1300 2326 ad
1354 2272 1787 2343 suscipiendum,
1839 2282 2002 2344 atque

423 2365 756 2422 audiendum
787 2381 897 2420 non
931 2366 1111 2421 solum
1145 2380 1251 2431 me,
1301 2365 1395 2420 sed
1440 2368 1605 2420 etiam
1646 2382 1837 2423 omnes
1874 2384 2002 2423 san-

422 2468 543 2512 ctos
574 2465 719 2513 tuos.
753 2455 983 2527 Semper
1025 2457 1171 2510 enim
1224 2464 1279 2512 et
1325 2460 1721 2528 usquequaque
1781 2459 1837 2514 in
1890 2461 1999 2516 tuis

422 2548 630 2605 sanctis
658 2549 897 2614 habitas,
930 2549 1185 2619 idemque
1214 2550 1331 2620 ipse
1347 2565 1407 2605 es
1432 2551 1869 2623 uniuscujusque
1889 2552 1999 2609 Deo

421 2642 711 2698 familiaris
745 2651 910 2713 atque
935 2642 1098 2696 amici
1132 2641 1393 2705 hominis,
1417 2644 1510 2711 qui
1540 2641 1707 2698 Israel
1739 2646 1999 2714 appellari

419 2735 791 2801 consueverit,
817 2736 934 2788 laus
966 2753 979 2788 :
1013 2740 1235 2803 propter
1272 2739 1325 2787 te
1353 2732 1502 2786 enim
1532 2735 1597 2788 ad
1634 2749 1848 2789 omnem
1874 2753 1998 2791 eum

422 2826 515 2898 qui
570 2835 624 2881 te
669 2828 990 2899 complexus
1041 2826 1137 2890 sit,
1191 2840 1302 2880 non
1346 2829 1588 2900 vulgaris
1633 2830 1816 2885 venire
1862 2831 2000 2885 solet

421 2918 563 2974 laus.
605 2938 624 2970 ι
660 2918 725 2971 Et
756 2918 812 2971 in
842 2926 895 2971 te
918 2925 1103 2987 patres
1130 2920 1301 2973 nostri
1333 2929 1714 2989 speraverunt,
1747 2939 1765 2973 ι
1801 2929 1998 2976 etcum

423 3018 728 3080 sperarent,
765 3010 833 3062 ab
857 3009 1236 3078 ingruentibus
1260 3012 1314 3064 in
1349 3011 1501 3081 ipsos
1529 3013 1686 3067 malis
1721 3032 1738 3063 ι
1783 3013 1999 3068 liberati

422 3112 572 3168 sunt,
601 3110 656 3157 et
682 3101 748 3155 ad
781 3108 834 3156 te
856 3102 1252 3168 clamaverunt,
1289 3111 1344 3159 et
1380 3105 1520 3159 salvi
1568 3104 1694 3159 facti
1736 3113 1885 3169 sunt,
1917 3113 1999 3158 at-

420 3211 528 3268 que
554 3197 610 3251 in
637 3203 690 3249 te
715 3202 1076 3264 speraverunt
1096 3202 1150 3248 et
1176 3194 1390 3251 confusi
1423 3211 1531 3250 non
1560 3205 1710 3252 sunt.
1749 3216 1768 3248 ι
1803 3196 1860 3251 Si
1893 3198 1998 3267 igi-

418 3294 513 3343 tur
549 3302 742 3343 omnes
789 3286 964 3342 sancti
1014 3286 1129 3341 haec
1178 3301 1209 3340 a
1244 3298 1294 3342 te
1325 3288 1775 3357 impetraverunt,
1809 3300 1863 3345 et
1886 3293 2003 3343 cla-

420 3390 635 3434 mantes
666 3379 906 3434 exauditi
962 3387 1112 3443 sunt,
1149 3394 1257 3434 non
1309 3390 1489 3434 autem
1520 3383 1757 3446 confusi.
1791 3395 1998 3454 quanto

419 3471 597 3541 magis
649 3486 736 3525 me
785 3478 940 3525 tuum
983 3470 1243 3524 dilectum
1292 3471 1460 3524 tilium
1506 3473 1833 3529 clamantem
1887 3492 1999 3545 pra:

419 3562 636 3617 cunctis
656 3562 861 3631 absque
898 3577 1051 3615 mora
1076 3562 1376 3618 exaudies?
1399 3562 1556 3629 Quod
1589 3566 1635 3618 si
1670 3565 1997 3622 admirantis

418 3654 724 3723 cujuspiam
753 3654 927 3709 instar
966 3656 1191 3710 enuntio
1226 3656 1378 3719 illud,
1436 3675 1455 3706 ι
1492 3656 1785 3720 Glarnabo,’
1804 3667 1859 3712 et
1888 3675 1998 3713 non

418 3747 715 3802 exaudies!
757 3765 776 3798 ι
817 3762 929 3801 non
962 3756 1145 3802 tamen
1178 3746 1246 3801 ad
1296 3748 1665 3818 insipientiam
1724 3750 1999 3820 profertur

418 3841 547 3895 talis
577 3855 607 3893 a
647 3855 734 3895 me
763 3840 961 3894 oratio.
995 3837 1134 3894 Novi
1190 3841 1334 3895 enim
1374 3842 1490 3911 ipse
1513 3857 1624 3912 quo
1652 3858 1819 3897 sensu
1847 3859 1997 3898 meas

414 3947 609 4004 preces
639 3932 886 3996 enuntio,
921 3947 1030 3986 non
1079 3933 1475 4002 gloriabundus
1524 3934 1776 3990 videlicet
1819 3951 1995 4006 neque

409 4021 779 4093 jactahundus
812 4040 824 4074 :
858 4037 983 4075 nam
1034 4037 1159 4074 cum
1202 4023 1305 4078 sim
1352 4031 1671 4078 mansuetus
1700 4031 1861 4094 atque
1893 4026 1995 4078 liu-

414 4114 563 4170 milis
588 4113 774 4180 corde,
813 4113 1005 4167 humili
1049 4114 1177 4167 item
1218 4129 1366 4168 more
1394 4121 1449 4168 et
1488 4130 1622 4169 mea:
1671 4124 1993 4171 mansuetu-

414 4204 531 4259 dini
557 4213 948 4267 consentaneo,
985 4202 1214 4257 humilia
1240 4204 1308 4258 de
1335 4205 1547 4275 meipso
1581 4206 1794 4274 loquor.
1826 4205 1993 4277 498

413 4294 654 4351 Proinde
691 4295 857 4350 etiam
904 4295 1173 4364 meipsum
1206 4310 1444 4349 vermem
1494 4298 1744 4365 appello:
1777 4305 1830 4351 et
1859 4298 1991 4367 quid

413 4402 599 4444 verme
631 4386 851 4442 tandem
903 4402 1026 4442 esse
1077 4387 1249 4456 possit
1280 4388 1577 4443 humilius?
1608 4389 1689 4443 sic
1718 4404 1787 4444 ne
1815 4390 1992 4443 homi-

2104 1935 2194 1982 τος
2246 1918 2448 1987 φθάσαι
2497 1918 2721 1990 φθορᾶς.
2759 1918 2928 1972 Πόθεν
2973 1917 3082 1987 γὰρ
3132 1917 3353 1971 ἄλλοθεν
3398 1918 3683 1987 γεννηθείη

2106 2010 2320 2082 σκώληξ
2353 2012 2385 2081 ἢ
2422 2012 2529 2064 ἀπὸ
2576 2013 2841 2083 σωμάτων
2877 2010 3117 2081 φθορᾶςς
3154 2012 3233 2074 είς
3284 2013 3350 2081 ἦν
3401 2013 3495 2064 καὶ
3526 2012 3686 2074 αὐτὸς

2104 2100 2396 2163 κατελθὼν,
2422 2101 2647 2165 εἰκότως
2680 2101 2915 2172 ἐμαυτὸν
2942 2100 3198 2170 σκώληκα
3232 2102 3323 2153 καὶ
3355 2101 3453 2153 οὐκ
3486 2100 3691 2173 ἄνθρω-

2104 2208 2202 2244 πον
2235 2190 2516 2260 γινώσκω·
2563 2189 2643 2245 διὸ
2676 2194 2769 2245 καὶ
2818 2192 3017 2261 γέγονα
3058 2209 3075 2242 ι
3117 2192 3316 2255 ὄνειδος
3361 2191 3685 2263 ἀνθρώπων,

2102 2284 2194 2336 καὶ
2228 2282 2475 2355 ἐξουδένη
2484 2301 2558 2354 μα
2577 2283 2729 2347 λαοῦ,
2761 2303 2777 2334 ι
2816 2284 2917 2337 οὐκ
2938 2282 3003 2336 ἂν
3018 2283 3307 2353 γενόμενος
3333 2284 3453 2337 οὐδὲ
3483 2283 3686 2348 ὄνειδος

2102 2376 2424 2448 ἀνθρώπων,
2472 2377 2591 2429 ούδέ
2645 2376 2994 2447 ἐξουδένημα,
3060 2380 3109 2431 εἰ
3154 2377 3228 2448 μὴ
3273 2378 3436 2450 μέχρι
3470 2378 3685 2449 σκώλη-

2100 2484 2195 2531 κος
2229 2466 2487 2536 ἐφθάκειν
2542 2468 2693 2538 παρὰ
2733 2468 2823 2521 τὸν
2867 2469 2960 2522 τοῦ
3020 2470 3226 2533 πάθους
3259 2470 3468 2542 καιρόν.
3519 2472 3683 2542 Τηνι-

2100 2558 2278 2613 καῦτα
2308 2558 2437 2629 γοῦν
2462 2557 2793 2630 θεωροῦντες
2828 2578 2892 2631 με
2928 2562 3022 2615 ἐπὶ
3047 2562 3140 2615 τοῦ
3185 2562 3417 2634 σταυροῦ
3447 2564 3685 2635 ἀνηρτη-

2103 2652 2283 2723 μένον,
2338 2651 2795 2724 ἐξεμυκτήρίσαν,
2848 2653 2942 2705 καὶ
2992 2652 3258 2723 ἐλάλησαν
3314 2655 3372 2706 ἐν
3425 2654 3683 2725 χείλεσιν,

2099 2744 2354 2816 ἐκίνησαν
2386 2761 2446 2796 τε
2480 2744 2719 2815 κεφαλὴν
2752 2744 3000 2813 λέγοντες
3023 2762 3036 2774 ·
3079 2764 3097 2796 ι
3136 2745 3401 2800 ’Ήλπισεν
3433 2748 3529 2800 ἐπὶ
3573 2748 3682 2801 Κύ-

2102 2853 2238 2907 ριον,
2276 2836 2528 2908 ῥυσάσθω
2561 2837 2744 2899 αὐτὸν,
2783 2836 3010 2890 σωσάτω
3058 2838 3242 2903 αὑτὸν,
3283 2839 3365 2891 δτι
3399 2838 3541 2892 θέλει
3587 2840 3686 2893 αὑ-

2100 2926 2210 2980 τόν.
2247 2948 2265 2980 ι
2305 2927 2490 2982 Ταῦτα
2517 2929 2613 2999 μὲν
2639 2924 2732 2981 οὖν
2757 2930 2973 2983 ἅπαντα
3003 2929 3091 2983 διὰ
3121 2930 3215 2983 τοῦ
3244 2930 3459 3002 ψαλμοῦ
3498 2932 3684 3002 σαφῶς

2100 3022 2229 3092 περὶ
2254 3022 2361 3075 τῶν
2391 3021 2689 3093 μελλόντων
2711 3022 3034 3094 γενήσεσθαι
3059 3026 3288 3094 μακροῖς
3315 3023 3434 3077 ποθ’
3459 3023 3685 3095 ὕστερον

2101 3116 2312 3186 χρόνοις
2337 3113 2669 3179 ἐθεσπίξετο,
2696 3115 2883 3179 τέλους
2908 3116 2966 3169 δὲ
2995 3117 3313 3187 ἐτύγχανεν,
3336 3116 3517 3178 ὁπότε,
3542 3115 3681 3171 κατὰ

2100 3208 2192 3260 τὸν
2217 3207 2512 3270 Ματθαῖον,
2550 3228 2567 3259 ι
2603 3207 3019 3280 σταυρωθέντων
3041 3208 3137 3261 σὺν
3166 3208 3312 3279 αὐτῷ
3339 3207 3430 3261 δύο
3444 3208 3673 3279 λῃστῶν,

2104 3299 2218 3361 ἐνὸς
2250 3299 2314 3351 ἐκ
2342 3298 2549 3364 δεξιῶν,
2587 3301 2679 3352 καὶ
2712 3299 2831 3363 ἐνὸς
2864 3299 2922 3366 ἐξ
2956 3299 3248 3370 εὐωνύμων
3282 3299 3374 3352 τοῦ
3402 3300 3671 3371 Σωτῆρος,

2099 3393 2149 3443 οἱ
2202 3392 2704 3462 παραπορευόμενοι
2759 3392 3143 3464 ἐϐλασφήμουν
3197 3394 3358 3446 αὐτὸν
3406 3391 3677 3459 κινοῦντες

2101 3481 2198 3544 τὰς
2229 3481 2467 3550 κεφαλὰς
2499 3481 2697 3542 αὐτῶν,
2730 3484 2823 3536 καὶ
2855 3482 3103 3551 λέγοντες
3125 3503 3166 3534 ·ι
3193 3484 3329 3538 Οὐαὶ
3350 3487 3378 3537 6
3399 3483 3679 3539 καταλύων

2100 3577 2191 3628 τὸν
2226 3575 2370 3639 ναὸν,
2416 3577 2511 3629 καὶ
2554 3576 2612 3627 ἐν
2658 3578 2835 3647 τρισὶν
2875 3576 3109 3648 ἡμέραις
3156 3576 3479 3648 οἰκοδομῶν,
3507 3578 3682 3632 σῶσον

2103 3668 2350 3720 σεαυτόν·
2390 3671 2438 3720 εἰ
2486 3667 2615 3731 Υἱὸς
2647 3664 2696 3721 εἷ
2739 3667 2832 3721 τοῦ
2885 3668 3042 3732 θέοῦ,
3099 3668 3366 3740 κατάϐηθι
3424 3670 3533 3723 ἀπὸ
3585 3669 3680 3725 τοῦ

2102 3759 2355 3830 σταυροῦ.
2403 3760 2632 3829 Ὁμοίως
2660 3761 2716 3814 δέ
2762 3762 2856 3814 καὶ
2900 3763 2948 3814 οἱ
2996 3762 3273 3833 ἀρχιερεῖς
3320 3762 3682 3833 ἐμπαίζοντες

2101 3851 2239 3921 μετὰ
2281 3852 2389 3905 τῶν
2448 3852 2832 3924 πρεσϐυτέρων
2886 3853 2980 3906 καὶ
3032 3854 3405 3925 γραμματέων
3455 3855 3676 3924 ἔλεγονο

2100 3943 2322 4007 Ἀλλους
2354 3943 2575 4007 ἔσωσεν,
2608 3944 2797 3997 ἑαυτὸν
2836 3944 2895 3996 ού
2931 3944 3153 3998 δύναται
3204 3946 3392 3999 σῶσαι.
3431 3947 3493 3999 Εἰ
3527 3946 3678 4017 βασι⁶

2094 4035 2217 4100 ist;
2250 4036 2343 4089 τοῦ
2390 4035 2603 4109 Ἰσραήλ
2629 4039 2764 4099 ἐστι,
2799 4037 3091 4090 καταῦάτω
3129 4037 3224 4091 νῦν
3257 4039 3364 4091 ἀπὸ
3391 4038 3485 4092 τοῦ
3514 4056 3679 4093 σταυο

2099 4129 2212 4198 ροῦ,
2250 4130 2342 4182 καὶ
2389 4129 2749 4200 πιστεύσομεν
2803 4128 2972 4200 αύτῷ.
3015 4130 3077 4182 Εἰ
3131 4129 3389 4183 πέποιθεν
3437 4129 3531 4183 ἐπὶ
3583 4133 3677 4185 τὸν

2093 4219 2245 4282 θεὸν,
2283 4219 2535 4290 ῥυσάσθω
2566 4220 2661 4274 νῦν
2695 4221 2878 4286 αὐτὸν,
2911 4224 2959 4273 εἰ
2992 4219 3134 4274 θέλει
3165 4221 3345 4274 αὐτόν.
3382 4217 3516 4273 Εἷπε
3542 4222 3672 4294 γὰρ,

2092 4307 2192 4371 ὅτι,
2229 4308 2355 4372 Υἱὸς
2379 4309 2513 4363 Θεοῦ
2548 4312 2682 4381 εἰμι.
2700 4329 2717 4360 ι
2740 4308 2897 4365 Κατὰ
2919 4308 2976 4362 δὲ
3002 4308 3092 4361 τὸν
3108 4310 3341 4363 Λουκᾶν·
3376 4329 3394 4361 ι
3417 4310 3674 4381 Εἰστήκει

2093 4408 2121 4459 6
2150 4406 2274 4469 λαὸς
2308 4406 2547 4478 θεωρῶν,
2581 4407 2675 4460 καὶ
2713 4403 3135 4475 ἐξεμυκτήριζον
3185 4404 3348 4457 αὑτὸν
3392 4406 3441 4457 οἰ
3475 4405 3671 4476 ἄρχον-

413 4496 541 4538 nem
569 4480 789 4551 quidem
821 4480 1090 4550 meipsum
1120 4481 1376 4546 dixerim,
1407 4497 1533 4536 cum
1557 4482 1747 4552 utique
1776 4483 1841 4537 ad
1868 4491 1989 4536 tan-

2099 4515 2181 4561 τες
2228 4499 2324 4551 σὺν
2367 4499 2551 4560 αὐτοῖς
2595 4495 2841 4565 λέγοντες
2865 4513 2878 4526 ·
2919 4494 3143 4563 ’Ἄλλους
3199 4496 3389 4558 ἔσωσε,
3447 4497 3675 4552 σωσάτω

412 4582 528 4630 tam
559 4573 921 4628 humilitatem
958 4572 1148 4627 relicta
1198 4588 1317 4629 mea
1348 4575 1726 4646 magnitudine
1755 4575 1990 4630 descen-

410 4668 611 4732 derim,
651 4673 711 4722 ut
758 4666 927 4721 etiam
965 4681 1148 4721 verme
1194 4666 1366 4721 nihilo
1411 4668 1759 4737 praestantior
1818 4667 1990 4723 videri

411 4761 644 4833 possim,
670 4768 959 4831 propterea
993 4758 1142 4829 quod
1173 4776 1347 4830 usque
1387 4762 1454 4815 ad
1481 4773 1710 4818 mortem
1736 4772 1791 4818 et
1814 4778 1991 4833 usque

413 4856 481 4912 ad
532 4856 815 4912 interitum
863 4857 1112 4926 corporis
1159 4860 1521 4926 pervenerim.
1585 4859 1821 4929 (Etenim
1881 4876 1989 4932 qua

410 4949 632 5006 tandem
681 4948 788 5002 alia
840 4948 1056 5004 ratione
1103 4946 1281 5004 factus
1332 4949 1404 5004 sit
1450 4951 1674 5017 vermis,
1711 4952 1815 5007 nisi
1858 4953 1985 5023 quia

409 5056 643 5112 corpora
669 5042 848 5096 solent
868 5041 1208 5112 corrumpi?)
1230 5042 1312 5096 Ad
1341 5058 1503 5113 quem
1549 5060 1681 5099 sane
1704 5046 1985 5101 interitum

409 5149 535 5189 cum
581 5133 695 5203 ipse
742 5148 961 5204 quoque
1006 5133 1408 5198 descenderim,
1469 5135 1666 5191 merito
1714 5137 1984 5206 meipsum

407 5240 649 5282 vermem
682 5233 737 5279 et
773 5241 880 5280 non
928 5227 1204 5281 hominem
1248 5241 1489 5298 agnosco
1522 5246 1542 5281 ε⁴
1582 5244 1648 5282 ex
1677 5243 1787 5298 quo
1819 5231 1984 5284 etiam

414 5337 433 5368 ι
482 5318 661 5374 tactus
691 5334 813 5375 sum
846 5319 1202 5391 opprobrium
1239 5320 1516 5374 hominum
1551 5328 1606 5376 et
1641 5321 1873 5389 abjectio
1894 5336 1987 5391 po-

406 5411 546 5480 puli,
577 5430 597 5462 ι
628 5413 721 5483 qui
742 5412 963 5482 quidem
994 5428 1274 5481 nunquam
1299 5412 1351 5466 id
1376 5428 1551 5482 genus
1578 5412 1755 5467 factus
1781 5428 1981 5475 essem,

409 5501 515 5555 nisi
543 5517 718 5573 usque
748 5503 817 5557 ad
851 5505 1051 5559 vermis
1092 5505 1458 5560 conditionem
1496 5506 1599 5562 sub
1634 5506 1811 5574 ipsum
1859 5522 1985 5575 pas-

410 5590 585 5647 sionis
610 5601 827 5663 tempus
851 5610 1177 5666 progressus
1206 5612 1406 5652 essem.
1436 5596 1591 5652 Tunc
1616 5598 1780 5668 igitur
1803 5598 1985 5653 viden-

411 5696 494 5736 tes
518 5697 602 5738 me
634 5685 689 5738 in
727 5700 891 5740 cruce
922 5704 1269 5758 suspensum,
1313 5705 1332 5739 ι
1391 5690 1890 5753 subsannaverunt,
1925 5697 1980 5744 et

413 5774 577 5831 locuti
606 5782 734 5831 sunt
764 5776 943 5843 labiis,
999 5786 1052 5832 ct
1099 5789 1382 5837 moverunt
1435 5788 1617 5848 caput,
1663 5780 1909 5836 dicentes
1960 5796 1972 5830 :

2096 4589 2307 4652 ἐαυτὸν,
2342 4592 2390 4643 εἰ
2435 4584 2588 4653 οὗτός
2620 4590 2767 4641 ἐστιν
2798 4591 2826 4642 6
2857 4587 3088 4659 Χριστὸς
3119 4590 3147 4641 6
3180 4588 3305 4651 Υἱὸς
3336 4587 3429 4641 τοῦ
3473 4589 3608 4642 Θεοῦ
3642 4592 3672 4643 6

2095 4682 2369 4746 ἐκλεκτός.
2402 4702 2421 4734 ι
2453 4682 2608 4736 Κατὰ
2644 4682 2699 4735 δὲ
2725 4682 2815 4735 τὸν
2836 4683 3061 4753 Μάρκον
3081 4699 3094 4712 ⁸
3130 4701 3148 4732 ι
3180 4683 3290 4735 Καὶ
3320 4685 3368 4735 οἰ
3412 4683 3674 4754 παράγον-

2094 4793 2184 4839 τες
2215 4775 2597 4847 ἐϐλασφήμουν
2629 4776 2814 4837 αὑτὸν,
2851 4775 3124 4840 κινοῦντες
3171 4775 3270 4840 τὰς
3305 4776 3543 4845 κεφαλάς
3576 4779 3674 4830 αύ-

2094 4867 2223 4933 τῶν,
2249 4867 2343 4922 καὶ
2364 4866 2611 4935 λέγοντες
2630 4885 2642 4897 ο
2673 4868 2810 4921 Οὐαὶ
2832 4870 2861 4921 6
2891 4868 3175 4922 καταλύων
3198 4868 3291 4921 τὸν
3322 4869 3470 4933 ναὸν,
3493 4871 3585 4923 καὶ
3613 4872 3673 4923 ἐν

2095 4961 2270 5031 τρισὶν
2302 4960 2539 5033 ἡμέραις
2590 4960 2890 5032 οἰκοδομῶν
2947 4961 3138 5014 αὐτόν·
3202 4960 3374 5015 σῶσον
3424 4961 3670 5024 σεαυτὸν,

2093 5051 2187 5105 καὶ
2221 5049 2487 5123 κατάϐηθι
2532 5051 2638 5104 ἀπὸ
2686 5050 2780 5103 τοῦ
2841 5050 3096 5122 σταυροῦ.
3139 5068 3160 5101 ι
3202 5050 3432 5121 Ὁμοίως
3465 5053 3560 5105 καὶ
3618 5052 3672 5105 οἱ

2092 5143 2367 5214 ἀρχιερεῖς
2396 5141 2753 5213 ἐμπαίζοντες
2792 5145 2873 5207 εἰς
2896 5142 3159 5213 ἀλλήλους
3189 5141 3327 5213 μετὰ
3355 5141 3464 5195 τῶν
3501 5159 3674 5214 γραμο

2095 5234 2306 5303 ματέων
2339 5232 2521 5301 ελεγον
2540 5250 2552 5263 ο
2575 5251 2593 5282 ι
2623 5232 2850 5296 ’Ἄλλους
2882 5232 3106 5298 ἔσωσεν,
3135 5233 3326 5286 ἐαυτὸν
3358 5233 3419 5285 οὐ
3453 5232 3672 5288 δύναται

2095 5323 2287 5378 σῶσαι·
2323 5326 2352 5377 6
2384 5324 2615 5393 Χριστὸς
2646 5326 2675 5376 6
2702 5323 2954 5393 βασιλεὺς
2994 5323 3088 5376 τοῦ
3136 5323 3349 5395 Ἰσραὴλ
3379 5323 3673 5377 καταϐάτω

2093 5413 2186 5467 νῦν
2230 5415 2338 5467 ἀπὸ
2366 5415 2461 5469 τοῦ
2513 5415 2782 5487 σταυροῦ,
2830 5416 2917 5469 ἵνα
2972 5416 3169 5487 ἴδωμεν
3221 5417 3313 5469 καὶ
3368 5415 3672 5468 πιστεύσω-

2097 5523 2195 5578 μεν
2246 5506 2413 5577 αὐτῷ.
2461 5528 2477 5559 ι
2518 5507 2700 5562 Ταῦτα
2768 5508 2872 5581 γὰρ
2912 5509 2965 5560 τί
3022 5509 3086 5561 ἂν
3149 5508 3395 5579 διαφέροι
3448 5506 3557 5560 τῶν
3613 5509 3672 5559 ἐν

2090 5596 2168 5667 τῷ
2216 5597 2414 5667 ψαλμῶ
2469 5600 3086 5671 προαναπεφωνημένων
3136 5602 3192 5653 ἐν
3244 5598 3341 5669 τῷ,
3372 5615 3393 5650 ι
3440 5596 3581 5665 Ἐγὼ
3614 5597 3673 5652 δέ

2086 5688 2200 5755 εἰμι
2260 5686 2491 5755 σκώληξ,
2551 5689 2645 5741 καὶ
2708 5690 2805 5741 οὐκ
2856 5689 3158 5758 ἄνθρωπος,
3209 5688 3406 5750 ὄνειδος
3459 5687 3672 5759 ἀνθρώ-

2087 5793 2201 5832 πων
2263 5780 2355 5833 καὶ
2413 5780 2743 5857 ἐξουδένημα
2799 5781 2947 5833 λαοῦ.
2980 5782 3182 5842 Πάντες
3236 5782 3284 5835 οἰ
3343 5778 3669 5851 θεωροῦντές
