4112 6480
458 313 565 366 773

1345 308 1658 363 DEMONS'I
1675 309 1999 365 RATIONIS
2026 307 2481 365 EVANGELICIE
2524 309 2648 365 LIB.
2695 310 2759 367 Χ.

3589 314 3687 368 771

459 452 526 506 με
548 430 976 504 ὲξεμυκτήρισάν
1010 449 1097 502 με,
1126 430 1390 500 ἐλάλησαν
1415 435 1473 484 ὲν
1495 434 1750 502 χείλεσιν,
1773 432 2013 504 ὲκίνησαη

2133 450 2150 482 t
2196 429 2445 500 Speravit
2495 430 2550 488 in
2601 429 2853 496 Domino,
2879 432 3074 502 eripiat
3107 448 3253 498 eum,
3286 433 3494 490 salvum
3523 434 3687 490 faciat

454 525 715 595 κεφαλήψ
756 524 1017 576 Ἵίλπισεν
1057 525 1148 575 ἐπὶ
1179 522 1401 593 Κύριον,
1438 522 1692 592 ῥυσάσθω
1726 517 1906 586 αὑτὸν,
1945 524 2026 575 ὅτι

456 615 598 668 θέλει
628 614 808 667 αὐτόν.
853 632 871 665 ι
903 612 1013 665 Καὶ
1049 612 1122 681 μὴ
1169 610 1454 684 θαυμάσῃς
1500 612 1548 662 εί
1591 610 1763 662 ταῦτα
1796 610 1938 662 κατά
1966 612 2028 664 τὸ

456 705 626 768 πάθος
657 704 753 757 τοῦ
784 704 1032 774 Σωτῆρος
1071 705 1104 771 ή
1115 701 1228 772 μῶν
1261 702 1446 773 εἴρητό
1473 718 1534 753 τε
1561 701 1654 753 καὶ
1682 700 2022 773 πεπλήρωτο,

454 798 613 852 ὁπότε
636 797 800 849 εἰσέτι
819 794 974 864 δεῦρο
991 794 1140 866 παρὰ
1166 795 1327 847 πᾶσιν
1358 792 1657 862 ἀνθρώποις
1676 797 1784 856 τοῖς
1806 794 2026 864 μηδέπω

452 886 550 957 τήν
576 888 655 949 εἰς
692 886 851 938 αὑτὸν
885 885 1065 936 πίστιν
1112 883 1452 953 ἀνειληφόσιν
1495 883 1694 945 ὄνειδος
1727 883 2025 954 ἀνθρώπων

453 988 779 1060 νενόμισται.
820 988 885 1040 Τί
920 988 1028 1059 γὰρ
1069 986 1132 1040 ἂν
1176 987 1383 1057 αἴσχιον
1429 987 1522 1039 καὶ
1564 987 1758 1049 παντὸς
1794 985 2022 1050 ὀνείδους

451 1083 631 1151 χεῖρον
657 1079 750 1132 τοῦ
782 1078 1191 1150 σταυρωθῆναι;
1231 1077 1389 1130 Ἀλλά
1427 1078 1518 1130 καὶ
1547 1076 1875 1148 ἐξουδένημα
1894 1076 2021 1130 λαοῦ

452 1173 587 1232 ἑστι,
628 1170 721 1223 τοῦ
762 1171 825 1223 ὲκ
874 1169 1206 1242 περιτομῆς,
1260 1168 1460 1232 παντὸς
1498 1168 1673 1221 αὐτῶν
1707 1169 1798 1221 τοῦ
1839 1168 2022 1231 ἔθνους

451 1262 617 1315 εἰσέτι
640 1261 735 1315 νῦν
774 1264 869 1315 καὶ
902 1264 1136 1333 σήμερον
1166 1261 1443 1331 χλευάζειν
1474 1262 1568 1314 καὶ
1602 1260 1893 1325 ἐξουθενείν
1931 1260 2021 1312 καὶ

450 1353 781 1407 καταπτύειν
798 1353 1046 1416 εἰωθότος
1065 1353 1251 1406 αὐτοῦ.
1284 1353 1441 1407 Ὅθεν
1459 1354 1552 1406 καὶ
1571 1353 1793 1414 εἰκότως
1814 1354 1842 1405 ὁ
1873 1353 2021 1405 Ἀπό-

452 1448 651 1512 nolo:
676 1468 694 1500 ι
715 1449 904 1519 Ἡμεῖς
918 1448 974 1501 δὲ
991 1447 1334 1520 κηρύσσομεν
1349 1447 1576 1518 Χριστὸν
1593 1446 2016 1517 ἐσταυρωμένον,

463 1540 728 1602 Ἰουδαίοις
763 1539 862 1609 μὲν
893 1539 1204 1607 σκάνδαλον,
1234 1537 1408 1592 ἔθνεσι
1427 1538 1483 1591 δὲ
1516 1539 1744 1609 μωρίαν.
1780 1557 1797 1587 ι
1827 1538 1931 1590 Καὶ
1951 1537 2018 1591 τὰ

448 1632 575 1704 ὲξῆς
606 1632 663 1685 δὲ
686 1634 947 1704 εἰρημένα
977 1634 1034 1685 ὲν
1064 1630 1143 1701 τῷ
1168 1629 1364 1700 ψαλμῷ
1394 1628 1557 1681 εἰσέτι
1594 1630 1684 1681 καὶ
1713 1629 1805 1681 νῦν
1841 1628 2019 1701 εὕροις

446 1722 511 1776 ἂν
536 1723 686 1794 παρά
709 1726 818 1786 τοῖς
838 1723 1049 1785 πολλοῖς
1074 1721 1201 1792 περὶ
1230 1720 1321 1773 τοῦ
1349 1719 1509 1773 αὐτοῦ
1535 1719 1818 1790 λεγόμενα.
1838 1719 2017 1773 Ταῦτα

447 1814 547 1883 μὲν
581 1810 672 1867 οὖν
704 1814 830 1884 περὶ
860 1813 959 1883 τῆς
982 1811 1342 1881 διαλαϐούσης
1374 1810 1533 1863 αὑτὸν
1564 1810 1729 1863 εἰσέτι
1766 1810 1881 1863 τότε
1914 1829 2012 1864 πε-

447 1904 746 1976 ριστάσεως
775 1903 989 1975 ηὔχετο·
1012 1904 1164 1968 εἰδὼς
1185 1905 1241 1958 δὲ
1275 1903 1349 1975 μὴ
1369 1903 1585 1974 χείρονα
1604 1897 1766 1954 οὖσαν
1791 1901 1892 1971 τῆς
1919 1901 2012 1954 τοῦ

447 1998 671 2054 θανάτου
716 1999 995 2070 συμφορᾶς
1030 1997 1128 2067 τὴν
1163 1994 1384 2067 πρώτην
1418 1993 1580 2047 αὑτοῦ
1614 1995 1693 2056 είς
1726 1993 1901 2065 σάρκα
1933 1993 2016 2045 ἕν-

443 2091 607 2157 δεσιν,
635 2093 728 2147 καὶ
747 2093 845 2164 τὴν
870 2093 935 2145 ὲκ
963 2090 1181 2161 θηλείας
1206 2088 1299 2141 καὶ
1331 2086 1596 2158 παρθένου
1620 2086 1849 2155 γένεσιν,
1874 2086 2014 2139 κατά

444 2184 633 2256 καιρὸν
663 2186 721 2238 ὲν
751 2186 864 2246 τοίς
888 2182 1015 2254 περὶ
1043 2180 1272 2234 θανάτου
1301 2178 1408 2233 τῶν
1437 2180 1536 2249 τῆς
1560 2179 1826 2247 γενέσεως
1852 2177 2012 2232 αὐτοῦ

445 2274 768 2346 μνημονεύει
800 2274 972 2342 λόγων
1007 2273 1141 2344 πρὸς
1177 2272 1267 2324 τὸν
1306 2270 1554 2341 Πατέρα·
1598 2289 1617 2321 ι
1660 2270 1779 2322 Ὅτι
1816 2271 1878 2323 σὺ
1909 2265 1958 2321 εἷ
1986 2270 2014 2322 ὁ

440 2368 724 2430 ὲκσπάσας
770 2384 837 2438 με
878 2369 943 2420 ἐκ
973 2365 1227 2435 γαστρὸς,
1262 2366 1294 2434 ἡ
1331 2362 1485 2425 ἐλπίς
1520 2379 1621 2432 μου
1660 2361 1765 2414 ἀπὸ
1795 2362 2012 2431 μαστῶν

438 2457 541 2527 τῆς
582 2457 783 2528 μητρός
823 2473 943 2527 μου.
1000 2455 1121 2507 Ἐπὶ
1151 2454 1209 2507 σὲ
1243 2453 1542 2525 ὲπεῤῥίφην
1588 2453 1651 2503 ὲκ
1691 2452 1920 2523 μήτρας,
1950 2452 2012 2503 ὲκ

439 2561 644 2625 κοιλίας
675 2561 877 2633 μητρός
905 2576 1004 2631 μου
1038 2558 1168 2623 Θεός
1200 2575 1300 2629 μου
1336 2554 1385 2611 εἷ
1416 2556 1501 2611 σύ.
1541 2576 1558 2608 ι
1595 2553 1810 2610 Τούτων
1849 2556 1905 2608 δὲ
1939 2559 2014 2611 εξ-

438 2654 613 2718 κότως
632 2653 895 2724 ἀναφέρει
926 2651 1022 2723 τὴν
1055 2652 1273 2722 μνήμην
1303 2652 1380 2714 είς
1406 2647 1758 2719 παραμυθίαν
1782 2647 1882 2717 τῆς
1905 2646 2012 2699 τῶν

439 2744 721 2812 παρόντων
750 2742 1084 2812 ἀπαλλαγῆς.
1112 2742 1320 2812 Ὥσπερ
1341 2740 1470 2812 γὰρ,
1494 2740 1645 2809 φησι,
1661 2739 1888 2807 γέγονάς
1911 2756 2009 2808 μου

439 2834 653 2905 βοηθὸς,
690 2834 847 2905 σῶμα
892 2833 1228 2905 ἀνθρώπειον
1269 2831 1646 2897 ἀναλαϐόντος,
1695 2832 1782 2884 ὅτε
1826 2829 1921 2883 καὶ
1954 2827 2012 2894 ἐξ

435 2925 610 2995 αὐτῆς
634 2926 731 2997 τῆς
756 2925 1123 2996 κυοφορούσης
1157 2941 1223 2993 με
1258 2923 1493 2995 γαστρὸς
1520 2923 1584 2975 σὺ
1618 2923 1776 2985 αὐτὸς
1813 2923 1842 2973 ὁ
1880 2921 2012 2985 Θεός

438 3034 541 3086 μου
569 3017 664 3070 καὶ
683 3018 868 3087 Πατήρ
899 3033 1020 3086 μου,
1044 3015 1229 3086 ὥσπερ
1264 3013 1587 3085 μαιούμενος
1609 3013 1707 3083 τὴν
1730 3012 1852 3082 ἐμοὶ
1882 3028 2010 3064 κατ-

433 3109 842 3179 εσκευασμένην
861 3108 921 3172 ἐξ
945 3107 1097 3176 ἁγίου
1119 3106 1432 3176 Πνεύματος
1453 3107 1651 3177 σάρκα,
1679 3103 2002 3169 ὲξέσπασας,
2031 3109 2075 3168 C

2128 537 2250 576 eum
2282 523 2537 591 quoniam
2565 523 2677 576 vult
2706 537 2851 576 eum.
2884 542 2902 574 ι
2939 522 3063 579 Haec
3106 524 3268 595 igitur
3309 526 3467 595 plane
3499 527 3686 580 omnia

2128 613 2182 666 in
2215 614 2428 682 psalmo
2474 613 2540 667 de
2587 613 2654 667 iis
2685 627 2805 682 qua:
2833 621 2943 667 tam
2975 616 3134 686 longo
3164 626 3287 685 post
3328 624 3568 686 tempore
3599 615 3685 671 fu-

2125 709 2248 754 tura
2278 711 2453 766 erant,
2489 704 2745 772 praedicta
2777 712 2925 769 sunt,
2977 707 3274 776 eademque
3322 722 3482 761 suum
3520 707 3685 762 linem

2126 799 2255 847 sunt
2287 803 2601 857 consecuta,
2635 810 2744 864 quo
2775 804 3039 865 tempore,
3071 803 3130 851 ut
3160 805 3244 851 est
3270 796 3412 866 apud
3444 796 3685 853 Matthia-

2125 899 2238 948 um,
2265 885 2413 938 cruci
2444 886 2613 939 allixis
2646 902 2769 939 cum
2799 902 2863 940 eo
2896 888 3108 943 duobus
3131 889 3455 952 latronibus,
3482 904 3591 944 uno
3617 887 3683 944 ad

2123 975 2389 1039 dextram,
2419 970 2588 1031 altero
2619 977 2685 1031 ad
2718 978 3020 1041 sinistram,
3044 980 3134 1047 qui
3169 980 3292 1033 illac
3315 980 3679 1049 praeteribant,

2120 1066 2264 1119 mala
2296 1067 2351 1119 in
2389 1067 2541 1120 illum
2563 1070 2926 1138 congerebant
2958 1078 3234 1125 moventes
3266 1072 3445 1141 capita
3478 1084 3597 1133 sua,
3629 1078 3685 1126 et

2121 1157 2365 1212 dicentes
2397 1174 2410 1209 :
2439 1175 2458 1206 ι
2497 1155 2635 1223 Vah,
2666 1159 2757 1227 qui
2785 1159 3020 1214 destruis
3051 1161 3306 1229 templum
3336 1168 3390 1215 et
3414 1160 3468 1214 in
3507 1161 3685 1216 tribus

2121 1245 2314 1300 diebus
2344 1246 2602 1301 asdilicas.
2637 1246 2857 1301 Salvum
2887 1246 2972 1302 fac
3004 1250 3235 1319 teipsum
3269 1269 3283 1305 :
3311 1252 3358 1305 si
3392 1248 3561 1305 Filius
3585 1250 3682 1306 Dei

2119 1350 2200 1400 es,
2233 1336 2500 1392 descende
2530 1338 2597 1394 de
2625 1354 2806 1393 cruce.
2836 1338 3097 1393 Similiter
3126 1350 3178 1394 et
3202 1344 3477 1412 principes
3498 1358 3682 1397 sacer-

2119 1425 2308 1481 dotum
2342 1429 2633 1485 illudentcs
2663 1445 2786 1484 cum
2830 1432 3137 1487 senioribus
3166 1443 3219 1487 et
3266 1434 3492 1503 Scribis,
3531 1436 3681 1492 dice-

2118 1516 2249 1571 bant
2284 1536 2296 1572 :
2347 1518 2501 1573 Alios
2551 1520 2732 1575 salvos
2780 1519 2925 1585 fecit,
2957 1522 3195 1591 seipsum
3228 1536 3336 1576 non
3366 1532 3546 1592 potest
3574 1526 3682 1580 sal-

2117 1623 2245 1661 vum
2279 1608 2479 1664 facere.
2511 1608 2567 1664 Si
2604 1609 2715 1665 Rex
2751 1609 2915 1666 Israel
2939 1620 3045 1676 est,
3096 1614 3393 1669 descendat
3436 1631 3583 1671 nunc
3610 1616 3681 1673 de

2118 1712 2301 1764 cruce,
2337 1708 2391 1754 et
2426 1701 2716 1756 credemus
2736 1701 2805 1756 ei.
2844 1699 2901 1756 Si
2935 1702 3176 1759 confisus
3204 1704 3449 1770 est‘Deo,
3483 1707 3681 1763 liberet

2048 1771 2261 1844 Bnunc
2315 1807 2461 1855 eum,
2511 1792 2559 1847 si
2593 1793 2708 1847 vult
2757 1808 2902 1847 eum.
2954 1792 3098 1849 Dixit
3144 1798 3288 1851 enim
3327 1816 3341 1853 :
3378 1796 3547 1855 Filius
3580 1798 3680 1856 Dei

2116 1896 2235 1936 sum
2259 1881 2300 1935 ἰι
2344 1902 2363 1934 ι
2398 1881 2467 1936 Ut
2493 1898 2624 1937 vero
2656 1892 2741 1940 est
2767 1885 2910 1955 apud
2939 1883 3140 1940 Lucam
3177 1906 3190 1942 :
3222 1906 3244 1938 ι
3287 1887 3476 1945 Stabat
3503 1906 3680 1964 popu-

2114 1973 2199 2028 lus
2227 1981 2502 2043 spectans,
2544 1984 2599 2031 et
2640 1978 3054 2033 subsannahant
3080 1995 3205 2034 eum
3244 1983 3521 2053 principes
3549 1998 3676 2039 cum

2114 2065 2213 2130 eis,
2249 2065 2494 2121 dicentes
2543 2087 2556 2121 :
2603 2067 2757 2124 Alios
2809 2071 2991 2125 salvos
3038 2070 3189 2138 fecit,
3250 2073 3461 2126 salvum
3513 2073 3678 2130 faciat

2114 2157 2376 2225 seipsum,
2409 2158 2455 2212 si
2490 2158 2580 2213 hic
2610 2168 2693 2214 est
2723 2160 2976 2216 Christus
3006 2159 3178 2217 Filius
3210 2162 3304 2217 Dei
3342 2165 3548 2220 electus
3569 2166 3610 2221 '.
3648 2184 3669 2218 ι

2112 2248 2181 2300 At
2211 2249 2511 2303 secundum
2546 2248 2825 2305 Marcum:
2856 2270 2875 2302 ‹
2915 2251 3311 2307 Praetereuntes
3332 2253 3675 2323 blasphema~

2110 2337 2243 2392 bant
2278 2355 2422 2403 eum,
2453 2350 2731 2397 moventes
2759 2343 2938 2413 ca'pita
2974 2360 3093 2408 sua,
3120 2352 3175 2399 et
3203 2344 3445 2400 dicentes
3479 2364 3493 2399 :
3531 2342 3668 2409 Vah,

2112 2431 2205 2500 qui
2234 2431 2472 2487 destruis
2502 2435 2763 2504 templum
2809 2441 2865 2488 et
2914 2434 2971 2488 in
3002 2436 3179 2490 tribus
3208 2435 3401 2491 diebus
3432 2437 3671 2495 aediﬁcas

2111 2520 2265 2576 illud.
2299 2521 2519 2577 Salvum
2562 2523 2647 2579 fac
2680 2525 2936 2595 teipsum,
2977 2533 3029 2581 et
3078 2525 3346 2582 descende
3379 2528 3447 2584 de
3485 2543 3668 2584 cruce.

2114 2607 2378 2666 Similiter
2423 2619 2478 2666 et
2529 2613 2805 2683 principes
2859 2614 3203 2669 sacerdotum
3251 2616 3542 2672 illudentes
3585 2619 3673 2671 in-

2111 2708 2195 2756 ter
2246 2717 2305 2757 se
2346 2718 2469 2757 cum
2521 2704 2752 2769 Scribis,
2784 2704 3038 2759 dicebant
3073 2723 3088 2760 :
3121 2706 3270 2762 Alios
3299 2709 3480 2763 salvos
3521 2707 3669 2773 fecit,

2112 2796 2351 2866 seipsum
2396 2811 2504 2849 non
2551 2803 2729 2865 potest
2775 2797 2984 2851 salvum
3020 2797 3218 2852 facere.
3252 2798 3507 2855 Christus
3555 2799 3673 2857 Rex

2111 2886 2276 2941 Israel
2306 2885 2599 2940 descendat
2622 2900 2767 2939 nunc
2789 2884 2856 2940 de
2877 2900 3061 2951 cruce,
3086 2896 3145 2941 ut
3173 2889 3454 2947 videamus
3475 2899 3530 2947 et
3551 2908 3673 2947 cre-

2111 2978 2304 3033 damus
2333 2979 2379 3032 ei
2410 2978 2452 3031 ⁶.
2496 2995 2514 3028 t
2552 2975 2678 3031 Haec
2708 2992 2940 3048 namque
2978 2979 3031 3033 in
3078 2995 3187 3050 quo
3232 2983 3447 3037 tandem
3499 2985 3567 3039 ab
3603 2986 3673 3040 iis

2112 3070 2388 3134 dill‘erunt,
2407 3085 2526 3139 qua:
2553 3070 2607 3123 in
2625 3070 2837 3139 psalmo
2863 3071 3122 3141 praedicta
3149 3082 3278 3129 sunt
3311 3075 3420 3130 illis
3455 3077 3667 3131 verbis:

431 3160 535 3273 τὴν
778 3160 1004 3271 δύναμιν
1032 3199 1244 3271 ὀρέξας,
1266 3160 1349 3263 ,ὡς
1378 3160 1444 3251 ἂν
1477 3160 1550 3270 μή
1586 3160 1669 3260 τις
1696 3160 1882 3269 ἐνέδρα
1914 3196 2003 3250 καὶ

2110 3160 2268 3232 499
2296 3179 2315 3213 ι
2352 3160 2463 3231 Ego
2489 3169 2668 3215 autem
2712 3177 2833 3217 sum
2866 3164 3064 3218 vermis
3092 3171 3146 3218 et
3176 3180 3285 3220 non
3330 3165 3526 3231 homo,
3574 3183 3674 3238 op-

2110 3252 2378 3273 ___;-_,___
2416 3251 2689 3273 ._m=_.w
2748 3262 2791 3273 -.
3108 3269 3205 3273 --μ
3365 3255 3405 3273 η
3629 3261 3639 3272 .

426 3294 456 3344 ἐ
466 3293 695 3365 πιϐουλὴ
707 3290 767 3358 ἐξ
782 3294 1167 3363 ἀντικειμένων
1182 3292 1458 3362 δυνάμεων
1472 3290 1565 3344 καὶ
1583 3289 1831 3360 πονηρῶν
1844 3306 2003 3342 πνευ-

428 3385 623 3452 μάτων
651 3383 1111 3454 διαφθονουμένων
1132 3387 1198 3454 τῇ
1221 3386 1299 3446 εἰς
1323 3381 1639 3455 ἀνθρώπους
1663 3380 1880 3453 παρόδῳ
1902 3392 2010 3450 μου

421 3477 660 3546 γένοιτω
693 3476 817 3528 ἐπεὶ
844 3477 939 3529 καὶ
961 3475 1104 3529 κατά
1130 3476 1225 3547 τὴν
1258 3474 1478 3548 πρώτην
1507 3472 1764 3542 σύλληψιν
1799 3473 1861 3525 σὺ
1896 3472 2001 3525 πά-

419 3570 516 3622 λιν
541 3568 602 3621 τὸ
626 3567 767 3621 κατά
784 3567 1018 3637 γαστρὸς
1036 3567 1389 3629 ὲπεσκίασας,
1410 3567 1486 3629 ὡς
1507 3565 1572 3619 ἂν
1593 3564 1739 3618 λάθω
1765 3565 1890 3627 τοὺς
1914 3564 2002 3635 ἀρ-

417 3678 626 3733 χοντας
664 3660 758 3715 τοῦ
785 3659 979 3723 αἰῶνος
1014 3658 1201 3712 τούτου
1229 3663 1263 3728 ἡ
1294 3658 1353 3723 ἐξ
1380 3658 1536 3727 άγίου
1565 3657 1877 3728 Πνεύματος
1902 3656 2002 3726 τῆς

412 3753 594 3822 ἁγίας
630 3751 906 3824 Παρθένου
953 3750 1227 3821 σύλληψις.
1270 3750 1442 3821 Ὅπερ
1480 3748 1621 3820 μέγα
1655 3749 1945 3820 μυστήριον
1972 3749 2000 3800 ὁ

414 3846 525 3908 σὸς
564 3843 897 3916 ἀρχάγγελος
942 3843 1167 3913 ἐξέφηνε
1209 3840 1466 3913 Γαϐριὴλ,
1495 3843 1561 3911 τῇ
1591 3839 1779 3911 Μαρία
1808 3838 1994 3891 εἰπών’

417 3971 437 4002 ι
492 3948 717 4020 Πνεῦμα
758 3948 910 4016 ἆγιον
960 3945 1308 3999 ἐπελεύσεται
1362 3945 1454 3997 ἐπὶ
1503 3945 1582 4006 σὲ,
1630 3942 1725 3996 καὶ
1777 3941 2001 4011 δύναμις

430 4041 696 4113 ’Υψίστου
729 4038 1036 4093 ἐπισκιάσει
1067 4055 1168 4091 σοι.
1207 4056 1227 4089 ›
1277 4034 1627 4107 Ὠσπεροῦνή
1664 4034 1731 4105 σὴ
1759 4033 1878 4086 τότε
1904 4030 1998 4085 τοῦ

433 4132 696 4201 Ὑψίστου
736 4131 961 4202 δύναμις
1005 4125 1503 4199 συλλαμϐανόμενον
1553 4126 1650 4197 μὲν
1686 4124 1997 4188 ἐπεσκίασε,

421 4223 743 4294 τικτόμενον
774 4221 831 4275 δὲ
862 4220 1161 4288 ἐξέσπασεν
1211 4219 1319 4271 ἀπὸ
1361 4218 1594 4288 γαστρὸς
1615 4214 1842 4306 ’μητρός
1876 4231 1996 4284 μου,

419 4318 569 4371 οὕτω
604 4314 767 4386 πολλή
803 4332 892 4386 μοι
914 4314 1171 4385 τυγχάνει
1199 4311 1540 4385 παραμυθία,
1564 4312 1645 4364 ὅτι
1666 4310 1759 4363 καὶ
1782 4308 1876 4362 τοῦ
1906 4309 2000 4362 θα·-

2102 3252 2382 3322 probrium
2414 3251 2693 3306 hominum
2741 3262 2795 3307 et
2838 3253 3070 3322 abjectio
3107 3256 3311 3325 populi.
3361 3255 3563 3315 Omnes
3592 3261 3673 3315 vi-

2102 3342 2292 3397 dentes
2316 3357 2421 3405 me,
2455 3343 2929 3397 subsannaverunt
2976 3360 3082 3409 me,
3117 3347 3285 3401 locuti
3331 3358 3460 3404 sunt
3491 3352 3670 3418 labiis,

2100 3440 2155 3487 et
2171 3440 2454 3488 moverunt
2479 3441 2641 3502 caput
2663 3448 2677 3484 :
2708 3433 2958 3504 Speravit
2982 3436 3036 3490 in
3054 3436 3299 3504 Domino,
3318 3442 3668 3511 eripiateum,

2101 3524 2307 3578 salvum
2354 3525 2516 3578 faciat
2564 3541 2709 3589 eum,
2739 3529 2997 3597 quoniam
3028 3529 3144 3582 vult
3171 3546 3319 3585 eum.
3357 3552 3377 3585 ι
3414 3533 3533 3589 Noli
3569 3552 3672 3591 au-

2100 3620 2210 3669 tem
2237 3616 2425 3670 mirari
2458 3608 2511 3671 si
2536 3618 2648 3671 haec
2677 3619 2779 3673 sub
2811 3620 2983 3688 ipsam
3015 3619 3314 3678 Salvatoris
3350 3627 3521 3680 nostri
3544 3642 3673 3696 pas-

2100 3704 2308 3759 sionem
2355 3718 2409 3760 et
2452 3706 2596 3761 dicta
2628 3715 2756 3762 sunt
2788 3716 2841 3762 et
2879 3710 3145 3779 completa
3174 3749 3190 3774 ,
3251 3713 3470 3781 quando
3508 3714 3672 3771 hodie

2099 3808 2315 3864 quoque
2346 3796 2486 3864 apud
2516 3812 2705 3853 omnes
2751 3798 3033 3864 homines,
3064 3800 3376 3872 quicunque
3423 3805 3668 3860 nondum

2099 3887 2154 3940 in
2188 3887 2332 3943 illius
2361 3887 2520 3959 ﬁdem
2548 3897 2835 3951 venerunt,
2861 3891 3214 3960 opprobrium
3254 3893 3533 3948 hominum
3565 3896 3666 3948 ha-

2100 3977 2274 4032 betur.
2335 3979 2477 4045 Quid
2516 3980 2662 4035 enim
2694 3981 2908 4050 turpius
2939 3988 2993 4036 et
3038 3981 3186 4036 omni
3234 3984 3435 4052 probro
3463 3984 3666 4049 vilius,

2097 4084 2259 4137 quam
2287 4070 2437 4124 cruci
2461 4085 2583 4126 esse
2610 4070 2868 4125 afﬁxum?
2899 4072 2994 4128 sed
3037 4087 3218 4128 nonne
3277 4074 3439 4128 etiam
3480 4077 3666 4145 populi

2096 4158 2306 4215 Judaici
2347 4163 2582 4231 abjectio
2622 4163 2745 4219 est?
2785 4164 2986 4234 quippe
3014 4179 3137 4219 cum
3169 4165 3420 4220 universa
3451 4165 3540 4219 illa
3575 4182 3667 4222 na-

2101 4251 2175 4304 tio
2200 4251 2362 4305 etiam
2399 4268 2543 4307 nunc
2578 4261 2632 4310 et
2671 4256 2726 4309 in
2754 4255 2901 4310 hunc
2928 4271 3101 4326 usque
3127 4256 3293 4320 diem,
3331 4263 3385 4311 et
3413 4257 3663 4322 irridere,

2097 4348 2150 4394 et
2179 4343 2468 4413 negligere,
2499 4351 2554 4402 et
2597 4343 2862 4414 despuere
2893 4345 3044 4399 illum
3073 4346 3435 4401 consueverit.
3471 4344 3667 4402 Proin-

421 4410 590 4463 νάτου
640 4425 708 4479 με
757 4408 892 4462 πολὺ
944 4406 1141 4478 μᾶλλον
1186 4405 1536 4467 ἀνασπάσεις.
1587 4402 1696 4455 Καὶ
1735 4399 1892 4454 τοῦτό
1935 4416 1997 4468 γε

2110 4434 2165 4489 ie
2190 4399 2481 4503 Aposlolus
2515 4399 2741 4490 merito:
2766 4455 2784 4486 ι
2807 4434 2919 4492 Nos
2957 4445 3159 4503 autem,
3181 4437 3379 4509 inquit,
3401 4439 3666 4509 praedica-

422 4499 680 4563 ἐλπίζων,
710 4500 803 4552 ἐπὶ
829 4500 888 4553 σὲ
908 4497 1141 4553 πέποιθα
1162 4497 1251 4550 τὸν
1270 4494 1507 4567 ἐμαυτοῦ
1531 4494 1660 4548 Θεὸν
1683 4494 1776 4547 καλ⁹
1795 4492 1996 4563 Κύριον

2110 4539 2222 4582 mus
2237 4492 2529 4582 IChristum
2561 4528 2902 4590 cruciﬁxum,
2929 4492 3379 4600 Judazisquiden;

422 4591 523 4646 καὶ
550 4591 786 4662 Πατέρα·
828 4590 922 4644 καὶ
965 4590 1201 4643 πέποιθα
1240 4591 1303 4643 οὐ
1337 4587 1431 4643 νῦν
1460 4587 1675 4660 πρῶτον
1699 4585 2000 4659 ἀρξάμενος

2110 4617 2233 4682 lum,
2262 4618 2514 4686 gentibus
2547 4629 2724 4673 autem
2758 4621 3043 4676 stultitiam
3067 4622 3110 4677 ⁷.
3153 4585 3193 4673 ι⁸
3213 4619 3321 4676 Sed
3351 4637 3453 4676 nec
3480 4623 3665 4678 minus

420 4680 524 4750 τῆς
552 4680 631 4742 είς
660 4678 719 4730 σὲ
740 4678 976 4742 ἐλπίδος,
1007 4678 1141 4732 ἀλλὰ
1164 4680 1257 4733 καὶ
1282 4680 1391 4742 ὅτε,
1421 4679 1528 4731 ἀπὸ
1550 4676 1768 4748 μαστῶν
1797 4676 1997 4748 μητρός

2110 4722 2160 4762 ea
2193 4722 2313 4780 quae
2344 4718 2646 4779 sequuntur
2676 4710 2731 4764 in
2762 4713 2990 4781 psalmo,
3024 4711 3183 4768 facile
3210 4713 3368 4769 etiam
3408 4729 3553 4768 nunc
3577 4715 3663 4768 in-

426 4786 529 4839 μου
558 4768 658 4839 τὴν
688 4768 929 4841 νηπιώδη
966 4772 1170 4843 τροφὴν
1210 4770 1626 4841 ἀναλαμϐάνων,
1675 4768 1998 4839 ὲνομιζόμην

2110 4768 2282 4853 venies
2310 4815 2337 4852 a
2376 4768 2649 4868 plerisque
2668 4801 2736 4856 de
2762 4768 2860 4855 illo
2881 4768 3009 4857 dici.
3042 4801 3165 4856 Haec
3211 4803 3372 4872 igitur
3399 4817 3498 4871 pro
3528 4802 3663 4857 allii-

419 4870 625 4934 ὀμοίως
652 4874 764 4936 τοῖς
786 4872 895 4926 τῶν
915 4873 1214 4946 ἀνθρώπων
1242 4873 1493 4944 βρέφεσιν
1525 4872 1718 4944 ἀτελὴς
1744 4868 1882 4925 εἶναι
1906 4871 1998 4925 καὶ

2110 4890 2279 4944 :tione
2324 4906 2445 4960 quae
2492 4891 2644 4948 illum
2690 4894 3046 4962 apprehendit
3083 4868 3255 4949 etiam
3281 4868 3414 4948 tunc
3447 4893 3659 4947 orabat.

421 4961 637 5040 ἄλογοςο
669 4962 743 5035 μὴ
771 4961 846 5017 ὢν
873 4963 982 5037 γὰρ
1008 4965 1265 5029 τοιοῦτος,
1295 4968 1343 5018 εί
1381 4966 1474 5018 καὶ
1503 4965 1664 5036 σῶμά
1697 4982 1786 5034 μοι
1813 4964 1997 5034 ὅμοιον

2110 4980 2231 5036 Cum
2260 4991 2438 5037 autem
2480 4983 2653 5038 nihilo
2678 4961 2925 5041 viliorem
2968 4986 3197 5055 primam
3246 5000 3522 5054 corporeae
3567 5001 3662 5038 ιι·-

420 5053 729 5125 ἀνθρώποις
763 5051 852 5127 ἦν,
876 5058 971 5109 καὶ
995 5057 1092 5128 τὴν
1119 5058 1368 5129 δύναμιν,
1397 5057 1517 5110 οὐδὲ
1545 5057 1643 5135 τὴν
1671 5056 1858 5120 ρύσίαν
1878 5058 1991 5119 τοῖς

2110 5088 2229 5127 .ura:
2256 5073 2703 5143 assumptionem,
2744 5051 3032 5145 ortumque
3083 5075 3232 5130 illum
3265 5051 3557 5131 delemina
3605 5084 3661 5131 et

420 5144 636 5208 πολλοῖς
663 5144 737 5199 ὢν
767 5146 1030 5218 ἐμφερὴς,
1058 5147 1244 5212 ἄνετος
1267 5149 1322 5202 δὲ
1349 5149 1442 5202 καὶ
1468 5147 1749 5210 ἀπόλυτος,
1777 5140 1865 5198 οἷά
1894 5160 1989 5197 σου

2110 5163 2322 5234 virgine,
2355 5140 2474 5235 ipsa
2526 5140 2722 5221 mortis
2780 5140 3087 5221 calamitate
3135 5180 3258 5221 esse
3305 5164 3658 5235 intelligeret,

417 5238 515 5292 τοῦ
533 5237 667 5290 Θεοῦ
695 5239 883 5308 ἀμνὸς,
930 5240 1024 5293 καὶ
1073 5239 1132 5306 ἐξ
1174 5241 1384 5312 ἐκείνης
1416 5241 1514 5310 τῆς
1541 5240 1755 5311 ήλικίας
1795 5238 1991 5300 γαλου-

2110 5269 2201 5310 ton
2234 5254 2578 5311 incommode
2626 5256 2680 5310 in
2714 5256 2780 5311 iis
2810 5271 2929 5325 qua:
2963 5256 3029 5309 ad
3061 5264 3288 5311 mortem
3345 5257 3656 5326 pertinent,

418 5344 515 5415 χού
524 5360 700 5412 μενος,
730 5344 872 5412 λέγω
894 5345 958 5414 δὴ
989 5345 1095 5399 ἀπὸ
1129 5345 1346 5416 μαστῶν
1376 5344 1476 5414 τῆς
1507 5344 1710 5416 μητρός
1735 5361 1856 5414 μου.
1883 5342 1993 5397 Καὶ

2110 5349 2255 5402 :tiam
2294 5361 2357 5402 ea
2377 5361 2499 5418 qua
2523 5347 2590 5401 ad
2612 5357 2789 5401 ortum
2819 5354 3068 5417 spectant
3100 5354 3524 5411 commemorat,
3577 5352 3658 5403 sic

418 5440 571 5491 οὒπω
600 5437 756 5491 τοῦτο
791 5438 932 5509 μέγα
962 5455 1043 5500 τις
1068 5439 1352 5509 ἡγήσεται,
1395 5438 1442 5488 εἱ
1468 5436 1648 5507 μάθοι,
1680 5435 1760 5490 ὅτι
1792 5436 1885 5488 καὶ
1912 5434 1991 5487 ἔτι

2110 5438 2159 5492 td
2195 5436 2405 5493 Patrem
2435 5439 2650 5494 dicens:
2695 5458 2713 5489 ι
2747 5438 3011 5504 Quoniam
3042 5446 3099 5492 tu
3133 5453 3192 5493 es
3229 5439 3321 5509 qui
3372 5439 3658 5494 extraxisti

421 5528 682 5603 πρότερον
717 5531 810 5584 ἐπὶ
848 5531 907 5584 σὲ
934 5532 1233 5602 ὲπερῤίφην
1273 5533 1336 5583 ὲκ
1369 5531 1601 5601 μήτρας,
1631 5531 1725 5583 καὶ
1753 5529 1860 5583 ἀπὸ
1887 5545 1989 5597 γα-

2110 5545 2179 5584 ne
2202 5530 2268 5584 de
2299 5538 2484 5584 ventre
2504 5570 2519 5593 ,
2560 5544 2683 5597 spes
2724 5544 2842 5582 mea
2872 5530 2940 5583 ab
2969 5528 3226 5586 uberibus
3258 5532 3447 5584 matris
3474 5545 3605 5585 mea:
3638 5549 3654 5586 :

422 5624 581 5694 πρὸς
617 5624 818 5695 μητρός
854 5640 955 5695 μου
984 5623 1114 5686 Θεός
1148 5639 1244 5692 μου
1279 5617 1329 5674 εἶ
1357 5620 1442 5674 σύ.
1476 5622 1596 5674 'F/ct
1623 5620 1732 5691 γὰρ
1756 5620 1901 5674 ἔνδον
1932 5622 1989 5672 ἐν

2122 5639 2154 5675 ιι
2242 5629 2295 5675 te
2372 5621 2652 5689 projectus
2719 5635 2839 5674 sum
2902 5636 2969 5673 ex
3033 5630 3191 5677 utero
3265 5622 3458 5678 matris
3525 5636 3657 5677 mete

526 5721 547 5749 ⁵
586 5718 776 5775 Matth.
812 5735 994 5786 xxvu,
1030 5719 1223 5773 “HS.
1301 5718 1321 5747 ⁸
1362 5715 1485 5770 Luc.
1531 5730 1700 5782 mn,
1736 5716 1825 5771 35.
1902 5717 1922 5747 '
1964 5714 2129 5772 Marc.
2170 5733 2270 5783 xv,
2305 5715 2491 5773 ‘29-'52.
2579 5712 2598 5742 "
2630 5712 2647 5766 Ι
2681 5713 2806 5770 Cor.
2858 5736 2897 5782 ι,
2935 5714 3024 5770 25.
