4112 6444
441 331 553 390 ’175

1127 332 1398 388 EUSEBII
1436 317 2107 390 CESARIENSISDOPP.
2152 332 2332 389 PARS
2370 334 2437 389 Π.
2477 365 2549 377 —-
2580 334 3083 391 APOLOGETICA.

3611 339 3713 394 7'16

442 453 592 512 Deus
618 470 773 510 meus
806 468 866 509 es
899 462 977 507 tu.
1011 469 1029 503 ›
1067 450 1258 507 Merito
1281 462 1461 508 autem
1495 453 1610 509 haec
1659 454 1908 509 meminit
1929 494 1943 515 ,
1976 470 2010 507 υ

2134 452 2211 524 τῷ
2239 454 2447 524 ταμείῳ
2488 454 2589 525 τῆς
2637 454 3009 526 κυοφορούσης
3055 472 3123 527 με
3166 456 3483 528 φερόμενος,
3526 461 3585 516 σὲ
3627 463 3719 518 τὸν

443 550 687 621 seipsum
716 547 1059 607 consoletur,
1093 553 1146 599 et
1192 560 1221 598 a
1273 545 1637 615 praesentibus
1674 547 1832 601 malis
1877 562 2034 601 aver-

445 650 546 698 tat.
593 639 697 705 Qui
746 638 915 703 enim,
961 637 1162 707 inquit,
1206 636 1359 692 fuisti
1408 639 1542 693 mihi
1594 640 1853 707 adjutor,
1905 652 2031 691 cum

445 734 746 790 humanum
777 745 977 799 corpus
1007 744 1341 784 assumerem
1366 769 1380 793 ,
1421 744 1531 797 quo
1559 738 1803 800 tempore
1831 745 1893 782 ex
1951 728 2031 796 ip-

441 829 559 885 sius
588 823 944 897 parturientis
970 830 1147 885 utero,
1182 838 1290 885 me,
1325 831 1383 875 tu
1440 823 1556 892 ipse
1587 822 1729 877 Deus
1769 837 1924 875 meus
1977 829 2031 874 et

440 918 605 975 Pater
651 931 828 979 meus,
864 923 1123 984 tanquam
1166 914 1480 970 obstetricis
1528 913 1761 984 fungens
1801 912 1984 965 ofﬁcio
2010 951 2027 976 ,

438 1027 541 1083 pro
570 1027 635 1066 ea
662 1026 784 1082 qua:
808 1010 939 1063 mihi
974 1009 1040 1064 de
1067 1006 1277 1079 Spiritu
1333 1017 1526 1063 sancto
1554 1015 1869 1075 comparata
1913 1015 2030 1060 erat

438 1119 625 1168 carne,
660 1103 972 1166 extraxisti,
1007 1109 1096 1156 tua
1120 1110 1371 1173 porrecta
1409 1099 1613 1153 virtute
1640 1098 1709 1152 da
1740 1099 1870 1151 mihi
1913 1098 2025 1167 jam

436 1213 586 1252 nunc
619 1198 877 1259 salutem,
913 1211 981 1249 ne
1007 1209 1115 1264 qua
1155 1193 1306 1247 fraus
1359 1200 1454 1245 aut
1505 1192 1629 1245 ulla:
1662 1190 1907 1252 insidiae,
1958 1189 2026 1242 ab

436 1290 689 1345 adversis
740 1286 1105 1359 potestatibus
1152 1285 1514 1355 malignisque
1564 1283 1890 1353 spiritibus,
1930 1281 2026 1352 qui

433 1383 571 1437 mihi
594 1382 758 1439 etiam
790 1382 846 1435 in
878 1394 1104 1435 accessu
1136 1393 1257 1433 meo
1303 1376 1371 1431 ad
1410 1377 1660 1431 homines
1690 1375 2021 1439 inviderunt,

434 1475 591 1542 ﬂant,
621 1475 879 1547 quoniam
921 1474 978 1527 in
1031 1473 1206 1543 prima
1242 1472 1370 1525 item
1422 1469 1783 1538 conceptione
1817 1479 1872 1521 tu
1907 1482 2026 1522 rur-

434 1586 533 1627 sus
563 1569 711 1640 quod
739 1569 794 1623 in
818 1576 974 1623 utero
1002 1566 1102 1631 fui,
1134 1563 1494 1622 obumbrasti.
1524 1571 1581 1615 ut
1613 1562 1889 1631 principes
1921 1577 2024 1615 sae-

433 1662 545 1718 culi
576 1661 742 1731 hujus
765 1660 883 1729 ipsa
906 1659 973 1715 de
999 1657 1207 1728 Spiritu
1250 1660 1441 1712 sancto
1476 1661 1530 1710 et
1575 1664 1766 1709 sancta
1798 1652 2021 1723 Virgine

433 1749 725 1820 conceptio
762 1749 973 1803 lateret.
1036 1745 1192 1813 Quod
1235 1761 1368 1800 sane
1402 1745 1595 1815 ingens
1655 1745 1972 1815 mysterium
1998 1784 2012 1807 ,

431 1848 564 1896 tuus
599 1838 959 1910 archangelus
989 1835 1211 1892 Gabriel
1252 1834 1435 1891 Mariae
1470 1835 1752 1897 indicavit,
1786 1834 2015 1889 dicens:

436 1947 461 1985 ι
505 1929 742 2001 Spiritus
773 1937 998 1985 sanctus
1026 1925 1375 1997 superveniet
1416 1926 1469 1980 in
1499 1934 1551 1981 te
1575 1966 1589 1989 ,
1625 1934 1680 1979 et
1707 1926 1881 1979 virtus
1931 1926 2022 1977 Al-

431 2023 632 2079 tissimi
658 2020 1008 2078 obumbrabit
1046 2019 1143 2074 tibi
1182 2019 1223 2073 ⁸.
1265 2039 1283 2071 ι
1338 2018 1502 2090 500
1550 2016 2018 2084 Quemadmodum

433 2116 601 2187 igitur
632 2124 724 2170 tua
755 2125 916 2195 tunc,
953 2114 1046 2184 qui
1081 2128 1143 2168 es
1175 2112 1492 2167 Altissimus
1522 2151 1535 2171 ,
1601 2110 1772 2164 virtus
1826 2125 1910 2165 me
1964 2111 2019 2163 in

429 2206 791 2278 concipiendo
812 2205 1194 2267 obumbravit,
1227 2205 1283 2259 in
1319 2203 1583 2276 pariendo
1617 2212 1796 2258 autem
1837 2216 2018 2259 extra-

430 2303 509 2357 xit
537 2301 604 2356 de
632 2309 823 2357 ventre
854 2299 1043 2354 matris
1074 2315 1208 2354 mete
1231 2339 1246 2361 .
1299 2299 1375 2352 ita
1422 2315 1644 2370 quoque
1701 2315 1812 2354 non
1853 2313 2018 2369 parva

431 2394 563 2450 mihi
595 2394 751 2448 adest
781 2392 1110 2457 consolatio,
1141 2392 1287 2462 quod
1323 2393 1494 2448 multo
1525 2392 1699 2463 magis
1746 2392 1813 2448 de
1844 2402 2018 2446 morte

428 2485 506 2542 sis
529 2496 897 2542 extracturus.
949 2485 1127 2556 Atque
1165 2485 1421 2556 equidem
1484 2486 1588 2540 hoc
1640 2501 1868 2556 sperans
1918 2487 2016 2541 tibi

428 2578 671 2635 conﬁsus
700 2594 843 2645 sum,
876 2578 969 2649 qui
1011 2593 1166 2633 meus
1202 2577 1344 2632 Deus
1370 2586 1421 2632 et
1455 2576 1719 2632 Dominus
1747 2590 1802 2632 et
1856 2576 2017 2633 Pater

427 2687 489 2729 es
518 2672 537 2725 ':
569 2672 895 2729 etcoufisus
926 2688 1072 2736 sum,
1120 2687 1230 2727 non
1268 2686 1415 2726 nunc
1455 2672 1689 2742 primum
1718 2672 1772 2726 in
1808 2678 1858 2726 te
1892 2686 2017 2742 spe-

426 2765 862 2835 rareincipiens.
894 2764 991 2821 sed
1035 2772 1167 2819 tunc
1221 2778 1438 2833 quoilue
1465 2779 1590 2819 cum
1635 2765 1704 2819 ab
1753 2764 2014 2820 uberibus

424 2859 621 2915 matris
670 2874 803 2914 mea:
831 2858 1136 2913 infantilem
1168 2858 1483 2912 alimoniam
1515 2858 1821 2927 accipiens,
1858 2868 2016 2928 puta-

425 2952 527 3007 bar
555 2960 616 3007 ut
648 2953 846 3024 reliqui
882 2952 1165 3005 hominum
1211 2951 1474 3015 infantes,
1510 2951 1862 3021 imperfectus
1892 2964 2017 3007 esse

424 3050 481 3098 et
509 3044 716 3113 absque
754 3059 857 3099 usu
892 3042 1142 3097 rationis.
1180 3040 1297 3095 Non
1330 3043 1476 3096 enim
1506 3056 1654 3096 eram
1686 3042 1840 3107 talis,
1888 3043 2016 3097 licet

2135 542 2266 596 Θεόν
2307 561 2407 613 μου
2438 543 2645 615 ἐώρων,
2679 545 2772 599 ἅτε
2802 546 3106 618 ἀσύγχυτος
3143 548 3238 601 καὶ
3274 544 3542 612 ἀθόλωτος
3568 552 3627 603 ὲν
3648 557 3716 625 τῇ

2133 634 2367 708 τοσαύτῃ
2398 635 2505 688 τῶν
2537 636 2757 708 σαρκῶν
2786 640 3040 710 κοινωνίᾳ
3071 639 3374 709 διαμείνας,
3423 639 3624 710 μᾶλλον
3662 642 3718 696 δὲ

2133 728 2422 798 ἀσώματος
2445 730 2539 782 καὶ
2557 730 2680 782 τότε
2700 728 2796 793 ῶν,
2823 733 2917 784 καὶ
2938 733 3154 788 πάντων
3175 733 3459 807 ἐλεύθερος
3477 736 3715 807 δεσμῶνο

2132 820 2304 886 οὕτως
2332 824 2387 878 δὲ
2426 828 2518 879 ἐπὶ
2559 828 2617 880 σὲ
2661 831 2965 902 ἐπερρίφην
2994 832 3059 885 ἐκ
3090 834 3324 905 μήτρας,
3365 833 3458 888 καὶ
3483 833 3590 887 ἀπὸ
3615 850 3715 901 γα-

2133 916 2293 987 στρος
2321 918 2525 989 μητρὸς
2555 919 2686 984 Θεός
2722 939 2821 991 μου
2845 918 3008 993 ἦσθα,
3034 923 3111 988 ὡς
3137 922 3423 979 αἰσθέσθαι
3451 924 3553 994 τῆς
3575 923 3718 995 ἐμῆς

2128 1004 2408 1078 δυνάμεως
2432 1009 2510 1063 ἔτι
2540 1013 2984 1085 κυοφορουμένης
3013 1016 3148 1086 πρὸς
3176 1015 3276 1086 τῆς
3304 1015 3464 1085 ἁγίας
3499 1015 3714 1088 Παρθέ-

2127 1116 2242 1162 νου,
2274 1100 2364 1152 τὸν
2396 1102 2528 1173 ἐμὸν
2570 1103 2874 1175 πρόδρομον
2928 1106 3203 1177 Ἰωάννην,
3246 1109 3340 1160 καὶ
3371 1108 3537 1160 αὐτὸν
3573 1109 3716 1163 κατὰ

2127 1193 2360 1265 γαστρὸς
2390 1195 2489 1264 τῆς
2529 1196 2807 1250 Ἐλισάϐεθ
2836 1197 3290 1271 κυοφορούμενον,
3318 1200 3458 1254 ὥστε
3480 1201 3585 1254 ὑπὸ
3616 1201 3715 1271 τῆς

2126 1286 2265 1357 ἐμῆς
2285 1285 2533 1357 θεότητος
2555 1288 2843 1359 κινηθέντα
2873 1292 3162 1363 σκιρτῆσαι
3179 1294 3237 1345 ἐν
3253 1292 3592 1361 ἀγαλλιάσει,
3621 1295 3715 1347 καὶ

2126 1378 2440 1450 Πνεύματος
2480 1381 2635 1450 ἁγίου
2676 1383 3001 1455 πλησθῆναι.
3053 1384 3269 1438 Τούτων
3318 1382 3413 1439 οὖν
3456 1386 3715 1440 ἁπάντων

2123 1473 2409 1546 ἅναιρέρων
2436 1474 2534 1546 τὴν
2575 1477 2814 1548 μνήμην,
2856 1480 2950 1531 καί
2971 1478 3060 1532 διά
3093 1478 3293 1541 παντὸς
3320 1478 3412 1531 τὸν
3443 1478 3575 1531 Θεόν
3610 1494 3712 1548 μου

2122 1567 2216 1619 καὶ
2244 1564 2463 1640 Πατέρα
2499 1587 2598 1640 μου
2633 1570 2739 1643 πρὸ
2768 1572 2876 1624 τῶν
2908 1572 3055 1643 ἐμῶν
3089 1571 3381 1642 ὀφθαλμῶν
3411 1571 3711 1641 τιθέμενος,

2121 1656 2343 1725 εἰκότως
2374 1663 2468 1716 καὶ
2506 1665 2650 1719 κατά
2686 1666 2777 1719 τὸν
2814 1664 3084 1717 ἐνεστῶτα
3126 1664 3220 1718 τοῦ
3262 1665 3607 1737 περιέχοντός
3644 1681 3713 1736 με

2122 1755 2326 1818 πάθους
2349 1755 2558 1829 καιρὸν,
2591 1759 2701 1821 ὅτε,
2734 1754 2816 1811 σοι
2834 1756 2913 1828 τῷ
2942 1759 3057 1810 Πατ
3067 1760 3121 1830 pi.
3137 1759 3425 1828 γενόμενος
3447 1758 3709 1828 ὑπήκοος,

2127 1852 2474 1925 (αὐθαίρετος
2504 1856 2596 1908 καὶ
2626 1854 2767 1908 ἑκὼν
2790 1855 2987 1923 γέγονα
3007 1851 3241 1924 σκώληξ,
3269 1854 3363 1907 καί
3388 1853 3489 1906 οὐκ
3504 1850 3713 1922 ἀνθρω-

2122 1961 2240 2009 πος,
2265 1945 2464 2010 ὄνειδος
2487 1946 2789 2018 ἀνθρώπων
2807 1949 2900 2001 καί
2926 1945 3257 2017 ἐξουδένημα
3277 1945 3428 1999 λαοῦ·
3458 1963 3477 1997 ι
3498 1944 3592 1996 καὶ
3616 1942 3711 1996 νῦν

2120 2037 2208 2089 ὅτε
2247 2038 2448 2103 πάντες
2483 2041 2530 2092 οί
2571 2038 2903 2111 θεωροῦντές
2942 2057 3041 2110 μου
3062 2038 3123 2091 τὸ
3167 2037 3324 2109 σῶμα
3368 2036 3448 2106 τῷ
3493 2034 3711 2106 σταυρῷ

2120 2130 2393 2201 προσηλού
2402 2150 2581 2203 μενον,
2600 2132 2969 2204 ἀποτρόπαιον
2988 2132 3280 2203 ἡγούμενοι
3300 2132 3433 2202 ὁρᾷν
3454 2130 3709 2200 πρᾶγμα,

2119 2219 2555 2293 ἐξεμυκτήρισάν
2592 2240 2679 2294 με,
2727 2221 2995 2292 τοσαύτην
3026 2222 3147 2275 κατ’
3188 2219 3324 2292 ἐμοῦ
3369 2219 3569 2291 χλεύην
3612 2219 3713 2273 καὶ

2117 2312 2416 2384 διασυρμὸν
2440 2313 2814 2385 καταχέοντες,
2837 2314 2913 2378 ὡς
2932 2314 3005 2385 μὴ
3029 2300 3188 2385 μόνον
3210 2315 3267 2367 ὲν
3281 2313 3490 2384 διανοίᾳ
3511 2312 3712 2381 λογίζε-

2122 2403 2245 2457 σθαι
2276 2404 2365 2458 κα)
2397 2404 2744 2475 ἐνθυμεῖσθαι
2779 2405 2907 2478 περὶ
2948 2403 3082 2475 ἐμοῦ
3124 2404 3194 2458 τὰ
3220 2403 3412 2475 ἀσεϐῆ,
3447 2403 3584 2457 ἀλλὰ
3613 2404 3711 2457 καὶ

2118 2497 2337 2565 ἀφόϐως
2359 2494 2688 2567 φθέγγεσθαι
2710 2497 2803 2551 καὶ
2824 2500 2881 2550 ἐν
2904 2497 3122 2569 φανερῷ
3137 2496 3336 2550 λαλεῖν·
3368 2516 3386 2547 ι
3410 2496 3710 2566 Ἐλάλησαν

2117 2587 2248 2657 γοῦν
2276 2589 2332 2640 ἐν
2361 2587 2612 2658 χείλεσιν,
2635 2588 2891 2657 ἐκίνησαν
2911 2585 3171 2657 κεφαλὴν,
3205 2584 3474 2653 λέγοντες·
3510 2584 3708 2636 Ἥλπι-

2120 2697 2209 2734 σεν
2244 2680 2336 2733 ἐπὶ
2363 2672 2587 2752 Κύριον,
2624 2680 2878 2753 ῥυσάσθω
2913 2674 3107 2733 αὐτόν⁸
3143 2698 3160 2728 ο
3207 2678 3302 2730 καὶ
3334 2675 3430 2730 νῦν
3461 2675 3591 2745 γοῦν
3618 2677 3707 2731 ὅτε

2115 2771 2186 2826 τὰ
2220 2772 2445 2826 τοιαῦτά
2492 2790 2558 2843 με
2604 2771 2953 2843 περιέστηκε,
2995 2771 3055 2825 σὲ
3087 2770 3181 2823 τὸν
3210 2769 3430 2839 Πατέρα
3474 2783 3577 2839 μου
3614 2767 3710 2822 τὸν

2117 2861 2473 2929 ὲκσπάσαντά
2516 2878 2583 2933 με
2617 2863 2680 2914 ἐκ
2702 2860 2938 2931 γαστρὸς
2968 2860 3174 2931 μητρός
3198 2876 3321 2930 μου,
3344 2860 3430 2924 ἐφ’
3459 2858 3519 2912 ὃν
3539 2861 3705 2931 ἐπερ-

2119 2953 2284 3025 ρίφην
2310 2956 2374 3007 ἐκ
2406 2955 2638 3026 μήτρας,
2668 2954 2747 3015 είς
2773 2951 2831 3005 ὃν
2856 2951 3062 3023 ἡλπισα
3091 2952 3199 3005 ἀπὸ
3223 2950 3464 3022 μαστῶν,
3485 2951 3579 3004 τὸν
3611 2952 3707 3005 καὶ

2116 3041 2226 3095 ἀπὸ
2282 3042 2519 3114 γαστρὸς
2579 3043 2784 3115 μητρός
2844 3059 2942 3114 μου
2977 3040 3379 3113 γνωριζόμενόν
3428 3058 3552 3112 μοι,
3609 3042 3705 3096 καὶ

424 3135 561 3190 mihi
607 3135 821 3191 caeteris
861 3133 1179 3189 hominibus
1236 3134 1415 3190 simile
1452 3142 1601 3189 esset
1632 3150 1856 3204 corpus.
1907 3134 2011 3189 Sed

2117 3136 2518 3207 γινωσκόμενον
2534 3137 2687 3203 Θεὸν,
2718 3133 2945 3189 ἱκετεύω
2964 3135 3060 3189 καὶ
3078 3133 3343 3188 ἀντιϐολῶ
3364 3133 3438 3205 μὴ
3460 3135 3700 3205 ἀποστῆ-

425 3242 606 3296 neque
632 3227 764 3282 item
788 3227 862 3291 vi,
892 3241 1069 3296 neque
1107 3226 1414 3281 substantia
1450 3227 1725 3296 plerisque
1756 3241 1905 3282 eram
1937 3226 2011 3281 si-

2115 3242 2202 3279 ναι
2248 3225 2342 3278 ἀπ’
2382 3224 2538 3297 ἐμοῦ,
2581 3225 2662 3279 ὅτι
2697 3224 2875 3295 θλίψις
2900 3225 3086 3294 ἐγγύς.
3125 3224 3325 3278 Μέλλει
3367 3224 3492 3296 γὰρ,
3537 3224 3694 3293 φησι,

425 3318 596 3383 milis,
629 3332 817 3373 verum
848 3318 1031 3387 potius
1054 3316 1190 3370 liber
1213 3333 1277 3372 ac
1301 3317 1515 3372 solutus
1543 3325 1802 3387 tanquam
1837 3333 2011 3389 agnus

2115 3318 2208 3371 καὶ
2239 3318 2362 3371 ὅσον
2391 3316 2543 3371 οὔπω
2581 3320 2836 3388 πάρεστι,
2878 3318 2973 3371 καὶ
3008 3317 3297 3389 πλησιάζει
3344 3317 3557 3386 συνέχον
3588 3315 3691 3389 ἤδη

424 3413 578 3471 tuus,
602 3407 696 3478 qui
730 3404 871 3462 Deus
909 3420 990 3469 es,
1022 3421 1146 3460 cum
1177 3407 1248 3460 ab
1291 3405 1384 3459 illa
1424 3421 1597 3476 usque
1648 3411 1809 3459 :etate
1871 3405 2011 3459 lacte

2114 3413 2208 3466 καὶ
2247 3411 2589 3482 ἐπικείμενόν
2647 3428 2735 3483 μοι
2782 3411 2844 3463 τὸ
2886 3410 3103 3463 πάντων
3133 3410 3361 3480 ἔσχατον
3396 3409 3493 3478 τῆς
3521 3409 3695 3479 ὑπερ-

423 3497 688 3561 nutrircr,
713 3498 838 3551 dico
864 3504 1047 3551 autem
1082 3495 1152 3549 ab
1191 3495 1450 3550 uberibus
1479 3494 1673 3550 matris
1703 3507 1854 3549 meat.
1902 3492 2011 3548 Cte-

2114 3502 2412 3574 ϐαλλούσης
2442 3521 2544 3574 μου
2574 3503 2804 3573 θλίψεως
2833 3502 2994 3571 νέφος
3047 3502 3213 3555 Οὔπω
3243 3501 3354 3572 γὰρ
3387 3500 3497 3569 ἐγὼ
3520 3498 3699 3569 θλίψιν

424 3596 601 3644 terum
637 3589 742 3644 hoc
767 3589 1007 3644 nondum
1035 3588 1307 3658 quispiam
1342 3602 1597 3659 magnum
1626 3586 2007 3650 arbitrabitur,

424 3684 473 3740 si
502 3683 788 3753 intelliget,
818 3681 1275 3755 quemadmodum
1327 3682 1478 3751 prius
1514 3696 1733 3751 quoque
1772 3697 1791 3730 ι
1853 3680 1910 3734 in
1957 3687 2010 3735 te

421 3774 700 3846 projectus
739 3791 860 3831 sum
888 3791 956 3830 ex
994 3782 1171 3837 utero,
1204 3782 1258 3830 et
1285 3774 1351 3829 de
1397 3782 1588 3828 ventre
1635 3772 1827 3828 matris
1874 3787 2010 3827 meae

421 3867 568 3925 Deus
602 3886 759 3926 meus
790 3883 849 3924 es
880 3878 959 3924 tu.
997 3889 1016 3921 ι
1045 3868 1182 3923 Cum
1212 3870 1358 3923 enim
1392 3867 1572 3922 adhuc
1616 3866 1759 3922 intra
1809 3866 2006 3921 cellam

420 3963 686 4034 gestantis
735 3979 821 4017 me
872 3965 927 4018 in
982 3970 1139 4017 utero
1171 3963 1437 4027 laterem,
1491 3968 1544 4015 te
1595 3967 1779 4014 tamen
1838 3958 2006 4013 Deum

419 4069 602 4108 meum
628 4052 876 4109 videbam
908 4062 1172 4123 tanquam
1207 4052 1255 4107 is
1279 4091 1295 4117 ,
1339 4052 1433 4122 qui
1468 4061 1522 4106 et
1576 4048 1900 4104 inconfusus
1952 4056 2007 4103 et

417 4145 852 4215 imperturbatus
904 4145 960 4198 in
1009 4151 1159 4198 Ianla
1212 4141 1708 4198 communicatione
1754 4138 2005 4210 corporei

420 4236 607 4292 oneris
638 4236 1087 4306 permansissem,
1120 4249 1184 4287 ac
1231 4234 1414 4302 potius
1470 4232 1826 4300 incorporeus
1870 4237 2005 4283 tunc

419 4342 639 4398 quoque
666 4326 887 4391 fuerim,
920 4334 975 4381 et
1001 4328 1070 4381 ab
1097 4327 1353 4380 omnibus
1378 4324 1612 4379 vinculis
1646 4323 1802 4376 liber.
1829 4320 2001 4375 Porro

419 4428 602 4474 autem
628 4421 709 4475 sic
743 4438 762 4470 ι
797 4419 853 4473 in
884 4427 938 4474 te
972 4419 1248 4489 proiectus
1273 4432 1393 4471 sum
1415 4433 1479 4472 ex
1511 4425 1664 4470 utero
1688 4456 1702 4479 ,
1766 4434 1785 4467 ι
1822 4421 1876 4469 et
1920 4414 2001 4468 sic

2110 3596 2311 3667 ταύτην
2339 3595 2437 3667 τὴν
2462 3595 2558 3649 νῦν
2588 3595 2945 3668 περιέχουσάν
2982 3611 3049 3665 με
3084 3592 3235 3647 καλῶ
3262 3591 3384 3645 οὔτε
3414 3586 3506 3644 τδν
3540 3607 3701 3644 σταυ-

2112 3686 2225 3759 ρὸν,
2266 3685 2388 3740 οὔτε
2425 3688 2552 3750 τοὺς
2598 3687 2657 3754 ἐξ
2700 3685 3005 3758 ἀνθρώπιον
3044 3685 3400 3754 ὀνειδισμοὺς,
3444 3683 3571 3737 οὔτε
3601 3682 3700 3748 τὰς

2110 3778 2323 3850 χλεύας,
2360 3778 2482 3833 οὔτε
2522 3778 2627 3851 μὴν
2659 3778 2729 3833 τὰ
2764 3778 2868 3849 πρὸ
2889 3777 2984 3832 τοῦ
3023 3777 3255 3849 σταυροῦ
3290 3775 3696 3848 συμϐεϐηκότα,

2106 3872 2206 3935 τὰς
2261 3873 2552 3943 μάστιγας,
2610 3871 2711 3935 τὰς
2767 3870 2971 3942 ὕϐρεις,
3026 3871 3119 3924 καὶ
3173 3871 3274 3924 ὅσα
3303 3870 3437 3925 ἄλλα
3472 3870 3700 3941 ἐπαροί-

2106 3981 2277 4035 νησαν
2325 3966 2404 4027 είς
2452 3964 2551 4035 ἐμὲ
2600 3965 2649 4019 οἱ
2704 3965 2810 4017 υἱοὶ
2860 3962 2970 4017 τῶν
3025 3962 3363 4035 ἀνθρώπωνὁ
3408 3961 3544 4016 ἀλλά
3586 3948 3698 4031 γὰρ

2106 4054 2217 4126 ὁρῶ
2246 4056 2345 4126 τὴν
2388 4057 2467 4119 εἰς
2502 4054 2626 4126 ᾅδου
2662 4055 2963 4109 κατάϐασιν
3005 4054 3431 4126 πλησιάζουσαν,
3466 4054 3697 4109 καὶτῶν

2105 4145 2494 4216 ἀντικειμένων
2542 4146 2634 4198 καὶ
2678 4146 2890 4217 ἐχθρῶν
2922 4144 3000 4216 τῷ
3024 4145 3143 4216 Θεῷ
3170 4145 3452 4216 δυνάμεων
3491 4146 3700 4199 ἐπανά-

2108 4254 2313 4291 στασιν.
2359 4239 2450 4291 Διό
2489 4255 2650 4309 φημι·
2682 4258 2700 4288 ι
2739 4239 2856 4291 Ὅτι
2888 4237 3064 4306 θλίψις
3091 4237 3278 4303 ἐγγὺς,
3310 4237 3391 4288 ὅτι
3423 4236 3523 4287 οὐκ
3543 4234 3696 4288 ἔστιν

2103 4330 2131 4381 ὁ
2171 4328 2403 4401 βοηθῶν.
2437 4349 2456 4381 ι
2493 4329 2617 4393 Πῶς
2650 4328 2756 4399 γὰρ
2785 4330 2884 4397 οὐχ
2920 4327 3330 4398 ὑπερϐάλλουσα
3357 4323 3425 4398 ἦν
3462 4327 3558 4379 καὶ
3593 4343 3696 4397 με-

2103 4420 2263 4490 γίστη
2294 4418 2472 4488 θλίψις
2499 4417 2638 4487 αῦτη
2670 4415 2872 4486 ἐκείνη,
2902 4415 2961 4467 ἐν
3066 4415 3166 4467 οὐκ
3200 4413 3347 4466 ἔστιν
3383 4415 3411 4466 ὁ
3446 4412 3689 4484 βοηθῶν;

423 4529 447 4565 ι
485 4512 553 4566 de
586 4519 776 4567 ventre
825 4513 1015 4565 matris
1050 4525 1183 4564 mea:
1229 4508 1373 4564 Deus
1430 4523 1585 4562 meus
1632 4522 1692 4561 es
1739 4515 1839 4573 tu,
1877 4525 1895 4557 ι
1941 4512 2001 4559 ιιι

2116 4511 2173 4563 'O
2203 4511 2300 4581 μὲν
2324 4509 2434 4580 γὰρ
2471 4507 2563 4560 ἐπὶ
2588 4504 2831 4577 σωτηρίᾳ
2863 4504 2973 4557 τῶν
3003 4506 3061 4557 ἐν
3097 4504 3224 4576 ᾅδου
3247 4504 3434 4575 ψυχῶν
3464 4503 3687 4576 παρῄει,

416 4617 595 4659 meam
625 4605 877 4659 virtutem
902 4618 1027 4657 cum
1062 4602 1239 4657 adhuc
1267 4601 1323 4654 in
1357 4609 1512 4656 utero
1545 4614 1577 4652 a
1613 4598 1835 4666 Virgine
1869 4612 1999 4653 sau-

416 4703 507 4750 cta
541 4702 807 4766 gestarer,
840 4711 994 4749 meus
1026 4709 1243 4764 quoque
1272 4692 1385 4762 jam
1428 4700 1540 4745 tum
1594 4689 1829 4744 senserit
1862 4704 1999 4759 prae-'-

416 4802 614 4843 cursor
642 4786 907 4850 Joannes,
931 4786 1023 4856 qui
1055 4787 1217 4839 etiam
1274 4785 1392 4854 ipse
1430 4783 1486 4837 in
1517 4790 1671 4836 utero
1717 4780 1995 4836 Elisabeth

415 4880 751 4951 gestabatur,
786 4893 960 4948 usque
989 4878 1126 4933 adeo
1156 4889 1216 4930 ut
1245 4892 1361 4931 mea
1409 4876 1691 4930 divinitate
1744 4875 1995 4929 concitus

414 4973 777 5028 exsultatione
817 4971 1118 5035 exsilierit,
1174 4978 1229 5023 et
1278 4968 1483 5037 Spiritu
1531 4977 1722 5024 sancto
1756 4968 1995 5038 repletus

414 5065 507 5123 sit.
542 5063 667 5119 Hmc
699 5065 864 5135 igitur
904 5070 1103 5118 cuncta
1139 5064 1207 5117 ad
1249 5062 1566 5116 memoriam
1607 5076 1906 5122 revocans,
1941 5069 1997 5115 et

414 5157 564 5214 omni
597 5164 842 5228 tempore
874 5157 1039 5211 Deum
1078 5166 1133 5211 et
1164 5154 1379 5210 Patrem
1430 5170 1608 5209 memn
1639 5165 1766 5210 aute
1805 5157 1994 5211 oculos

414 5252 548 5307 mihi
582 5251 947 5313 constituens,
981 5250 1173 5304 merito
1202 5260 1253 5302 et
1276 5248 1381 5303 sub
1403 5248 1580 5318 ipsum
1614 5250 1827 5302 instans
1846 5263 1986 5302 eom-

415 5345 807 5420 prehendentis
843 5361 929 5400 me
960 5343 1238 5414 passionis
1268 5353 1513 5413 tempus,
1546 5358 1672 5397 cum
1715 5342 1811 5395 tibi
1843 5340 1993 5396 Patri

415 5439 593 5495 factus
613 5439 897 5501 obediens,
917 5446 1108 5508 sponte
1134 5445 1189 5492 et
1206 5438 1392 5492 volens
1416 5435 1642 5492 effectus
1664 5451 1784 5489 sum
1813 5453 1832 5485 ε
1872 5450 1987 5488 γει-ο

415 5537 543 5597 mis,
572 5541 626 5587 et
651 5548 762 5586 nou
796 5533 976 5593 homo,
1017 5530 1370 5601 opprobrium
1417 5528 1723 5590 hominum,
1753 5535 1804 5582 et
1842 5527 1994 5596 abjea-

415 5625 527 5677 ctio
556 5624 761 5695 pepuli,
801 5642 820 5676 ›
854 5636 907 5679 et
943 5641 1088 5679 nunc
1130 5638 1255 5679 cum
1287 5638 1479 5678 omnes
1506 5635 1687 5677 meum
1712 5621 1866 5674 cruci
1912 5618 1993 5673 af-

486 5809 510 5842 ⁸
544 5806 679 5865 Luc.
721 5826 772 5873 ι,
811 5809 899 5864 εὖ.

2102 4604 2169 4658 ἐκ
2212 4602 2438 4674 μακρῶν
2472 4598 2682 4654 αἰώνων
2708 4599 2807 4669 τὴν
2839 4597 3023 4667 ἄφιξιν
3048 4596 3215 4651 αὑτοῦ
3254 4597 3686 4669 περιμενουσῶν,

2103 4697 2196 4750 καὶ
2218 4695 2408 4767 κατῄει
2433 4711 2498 4764 γε
2526 4692 2696 4765 θύρας
2736 4692 2943 4763 χαλκᾶς
2984 4691 3308 4763 συντρίψων,
3335 4691 3429 4744 καὶ
3457 4690 3689 4762 μοχλοὺς

2104 4788 2355 4861 σιδηροῦς
2406 4786 2739 4849 συνθλάσων,
2791 4785 2885 4838 καὶ
2929 4784 3055 4847 τοὺς
3100 4784 3228 4854 πρὶν
3274 4782 3527 4854 δεσμίους
3558 4781 3685 4850 ᾅδου

2101 4883 2417 4954 ἐλευθέρους
2439 4881 2674 4951 άνήσων·
2703 4878 2732 4931 ὃ
2758 4879 2852 4932 καὶ
2880 4876 3120 4946 γέγονεν,
3147 4877 3232 4929 ὅτε
3260 4874 3430 4928 πολλά
3459 4873 3687 4945 σώματα

2099 4975 2209 5028 τῶν
2258 4971 2675 5044 κεκοιμημένων
2739 4969 2910 5037 ἁγίων
2968 4967 3273 5022 ἀναστάντα
3339 4965 3687 5038 συνεισῆλθον

2101 5067 2252 5138 αύτῷ
2273 5069 2352 5130 εἰς
2374 5066 2475 5137 τὴν
2511 5063 2724 5134 ἀληθῶς
2750 5061 2914 5129 ἁγίαν
2934 5059 3029 5112 τοῦ
3056 5058 3192 5113 Θεοῦ
3224 5058 3397 5112 πόλιν
3430 5060 3488 5113 αἱ
3513 5057 3571 5111 δὲ
3594 5056 3688 5112 δυ-

2100 5162 2291 5231 νάμεις
2321 5161 2378 5212 αί
2404 5158 2794 5227 ἀντικείμεναι,
2831 5153 2967 5227 πρὸς
2987 5154 3099 5215 τοῖς
3123 5151 3232 5205 τῶν
3263 5147 3565 5220 ἀνθρώπων
3584 5164 3685 5201 κα-

2103 5257 2219 5318 κοῖς
2241 5250 2703 5324 ἐπεστρατεύοντο
2726 5245 2897 5316 αὐτῷ,
2930 5244 3108 5315 λύπην
3135 5244 3197 5297 οὐ
3226 5240 3427 5313 μικρὰν
3448 5239 3544 5293 καὶ
3572 5237 3683 5292 θλί-

2101 5348 2195 5417 ψιν
2228 5346 2376 5416 αὐτῷ
2411 5344 2766 5417 παρέχουσαι,
2815 5337 3209 5410 ἀποκλᾳομένῳ
3240 5335 3333 5387 καὶ
3369 5334 3457 5386 ἐπ’
3492 5332 3682 5395 αὑταῖς

2100 5438 2166 5491 δι’
2184 5435 2484 5507 ὑπερϐολὴν
2501 5433 2853 5503 ἁγαθότητος.
2897 5429 3056 5482 Ἀλλά
3082 5427 3191 5499 γὰρ
3216 5426 3397 5496 τήρει,
3419 5422 3540 5476 τίνα
3557 5420 3681 5495 τρό-

2102 5545 2202 5581 πον
2228 5526 2399 5583 ταῦτα
2431 5528 2608 5581 πάντα
2630 5524 2895 5586 λέλεκται,
2918 5521 2992 5584 ὡς
3025 5522 3089 5573 ἐκ
3120 5514 3411 5590 προσώπου
3437 5511 3600 5568 αὐτοῦ
3622 5513 3679 5565 ἐν

2104 5618 2288 5690 μήτρᾳ
2320 5608 2771 5687 κυοῴθρηθέντος,
2816 5612 2910 5665 καὶ
2945 5609 3054 5663 ἀπὸ
3085 5606 3322 5677 γαστρὸς
3353 5603 3557 5679 μητρὸς
3585 5619 3681 5671 γε-
