4112 6482
427 443 529 496 777

1343 445 1988 510 DEMONSTRATIONIS
2029 454 2488 514 EVANGELICAS
2531 456 2656 514 LIB.
2700 460 2765 516 Χ.

3567 469 3668 526 778

427 564 779 634 γεννημένου,
808 563 866 615 δν
900 562 1204 634 ὲςράσκομεν
1233 560 1368 619 εἶναι
1398 567 1489 620 τὸν
1515 569 1683 646 ᾀμνὺν
1715 568 1809 623 τοῦ
1837 570 1982 625 Θεοῦ.

2099 575 2263 629 tlxum
2290 591 2490 646 corpus
2522 578 2768 635 videntes
2791 620 2804 637 .
2857 581 2985 636 dum
3019 588 3129 639 rem
3184 595 3236 638 et
3269 586 3575 657 fugiendam
3612 602 3666 646 et

427 653 613 724 Τούτῳ
638 652 745 723 γὰρ
773 654 867 707 καὶ
899 652 1183 724 συμϐαίνει
1211 655 1281 709 τὰ
1324 659 1450 728 περὶ
1490 658 1552 710 τὸ
1580 658 1768 724 πάθος,
1797 662 1872 724 ὼς
1900 665 1992 716 καὶ

424 748 494 804 τὰ
526 751 623 820 τῆς
651 749 914 820 ὲνσάρκου
938 747 1201 816 γενέσεως
1223 750 1448 820 ἥρμοζε.
1481 751 1553 803 Τὸ
1579 750 1709 819 γοῦν
1737 754 1992 826 γεννηθὲν

425 841 520 895 καὶ
552 839 916 910 ἀποθνήσκει·
959 838 1019 892 τὺ
1059 840 1116 892 δὲ
1158 840 1385 911 θνῆσκον
1421 844 1521 895 οὐκ
1552 843 1724 908 ἄλλως
1760 845 1990 900 Θανάτου

423 932 677 1002 τυγχάνει
711 931 741 1002 ἢ
775 931 1033 1003 πρότερον
1059 931 1278 985 ὁδεῦσαν
1299 933 1387 986 διὰ
1402 934 1684 1001 γενέσεως.
1719 937 1878 990 Ταῦτ’
1899 934 1993 991 οὖν

423 1024 672 1090 διέξεισιν
699 1025 728 1076 ὁ
758 1022 945 1094 Σωτὴρ
971 1024 1063 1077 καὶ
1095 1022 1297 1094 Κύριος
1325 1024 1498 1094 ήμῶν,
1529 1028 1588 1078 οὐ
1622 1027 1740 1080 καθ’
1771 1028 1800 1080 ὃ
1824 1030 1992 1101 ἄσαρ-

424 1135 517 1175 κος
551 1118 644 1171 καὶ
677 1114 963 1186 ἀσώματος
1008 1116 1238 1185 ὑπάρχει
1285 1116 1383 1187 τὴν
1427 1116 1606 1184 φύσιν,
1646 1118 1768 1171 οὐδὲ
1812 1120 1933 1173 καθ’
1961 1120 1990 1172 ὃ

421 1207 556 1261 θεοῦ
584 1207 753 1275 Λόγος
780 1206 871 1259 καὶ
899 1205 1029 1267 Θεὸς
1057 1206 1368 1267 ἐπινοεῖται,
1408 1205 1542 1259 ἀλλά
1582 1207 1702 1260 καθ’
1728 1208 1756 1261 ὃ
1787 1203 1896 1273 οἷός
1928 1226 1988 1263 τε

419 1294 488 1369 ἦν
528 1298 663 1369 πρὸς
689 1299 779 1351 τὸν
817 1297 1033 1368 Πατέρα
1060 1298 1190 1368 εὐχῇ
1226 1297 1425 1366 λέγειν·
1464 1319 1482 1350 ι
1522 1300 1643 1352 Ὅτι
1672 1301 1735 1353 σὺ
1769 1297 1821 1353 εἷ
1844 1303 1872 1354 ὁ
1898 1304 1990 1356 ὲκ-

423 1392 634 1455 σπὰσας
663 1408 731 1462 με
764 1394 828 1444 ὲκ
851 1391 1102 1461 γαστρὸς,
1135 1393 1167 1460 ή
1199 1390 1353 1454 ἐλπίς
1378 1408 1476 1462 μου
1511 1391 1619 1445 ἀπὸ
1648 1392 1867 1463 μαστῶν
1890 1394 1989 1465 τῆς

422 1485 626 1556 μητρός
654 1501 770 1554 μου.
804 1485 941 1538 "Eni.
972 1484 1031 1536 σὲ
1067 1483 1370 1555 ὲπερρίφην
1401 1486 1464 1537 ἐκ
1508 1485 1738 1555 μήτρας,
1764 1485 1870 1539 ἀπὸ
1890 1503 1989 1554 γα-

421 1578 580 1648 στρὸς
623 1576 827 1647 μητρός
874 1593 974 1646 μου
1013 1576 1145 1639 Θεός
1181 1593 1281 1647 μου
1317 1572 1366 1628 εἷ
1405 1576 1488 1629 σύ.
1521 1596 1538 1625 ι
1583 1570 1750 1641 Οὗτος
1779 1578 1841 1648 δὴ
1872 1574 1984 1643 οὖν,

417 1669 553 1739 πρὸς
581 1667 659 1736 τῷ
683 1668 841 1720 πάθει
871 1666 1126 1736 γεγονὼς,
1153 1660 1369 1738 εὔχεται
1395 1667 1464 1720 τὰ
1489 1669 1823 1739 προκείμενα
1853 1670 1987 1741 πρὸς

415 1761 506 1814 τὸν
525 1761 762 1830 Πατέρα,
787 1762 880 1813 καὶ
903 1759 1190 1823 τοσούτων,
1221 1761 1372 1829 φησὶ,
1400 1760 1698 1831 μελλόντων
1735 1778 1801 1831 με
1833 1779 1988 1835 περι-

417 1854 705 1925 στήσεσθαι
727 1854 1111 1924 ἀντικειμένων
1134 1854 1439 1924 ἐνεργειῶν,
1462 1855 1553 1907 καὶ
1569 1855 1838 1925 δαιμόνων
1858 1857 1987 1910 ἀκα-

416 1943 648 2015 θάρτων,
675 1947 767 1999 καὶ
789 1944 1172 2015 πνευματικῶν
1198 1945 1480 2015 πονηρίας,
1508 1947 1602 1999 καὶ
1622 1947 1713 1999 ἐπὶ
1735 1950 1865 2001 πᾶσι
1892 1947 1986 2001 τοῦ

414 2037 630 2089 πάντων
659 2036 948 2107 χειρίστου,
984 2035 1146 2089 αὐτοῦ
1167 2035 1229 2106 δὴ
1260 2036 1353 2088 τοῦ
1384 2036 1641 2107 ἄρχοντος
1672 2039 1765 2092 τοῦ
1795 2038 1987 2104 αἰῶνος

412 2128 599 2181 τούτου
623 2128 737 2199 (οὓς
768 2128 869 2198 τῆς
904 2128 1100 2192 κακίας
1129 2130 1281 2181 ἓνεκε
1304 2128 1474 2200 θῆρας
1496 2131 1764 2200 πονηροὺς
1789 2132 1986 2202 ὀνομά-

413 2219 526 2285 ζειν
559 2220 727 2286 ἄξιον,
768 2222 861 2274 καὶ
890 2222 1010 2292 ἦτοι
1039 2221 1272 2291 ταύρους
1304 2221 1548 2293 ἀγρίους,
1588 2222 1620 2292 ἢ
1668 2223 1923 2293 μόσχους,
1951 2224 1985 2293 ἦ

410 2310 713 2383 λέοντας,ῆ
757 2312 964 2382 κύνας),
1012 2312 1217 2382 μέλλων
1265 2329 1325 2365 τε
1373 2313 1509 2384 πρὸς
1548 2312 1792 2378 ἅπαντας
1833 2316 1987 2368 ἵστα-

413 2401 556 2465 σθαι,
610 2404 704 2456 καὶ
750 2403 913 2473 μηδὲν
957 2404 1159 2472 ἀγαθὸν
1216 2407 1293 2468 εἰς
1341 2406 1536 2468 αὐτοὺς
1587 2406 1847 2477 ἐνεργεῖν,
1910 2406 1987 2477 τῷ

415 2494 582 2563 μηδὲν
627 2495 1024 2565 παραδέχεσθαι
1079 2498 1273 2560 αὐτοὺς
1322 2495 1430 2549 τῶν
1474 2497 1621 2567 ὲμῶν
1663 2498 1881 2566 ἀγαθῶν
1919 2497 1984 2552 δι’

411 2582 587 2653 ἄκραν
609 2583 803 2647 κακίας
827 2583 959 2649 ἕξιν,
991 2585 1125 2639 ἀλλά
1161 2587 1294 2657 μηδὲ
1331 2586 1524 2657 βοηθοῦ
1560 2588 1695 2659 μηδὲ
1722 2590 1982 2660 συνεργοῦ

409 2676 692 2744 τυγχάνων
717 2676 862 2739 τινὸς
892 2678 1002 2730 τῶν
1030 2679 1463 2749 προειρημένων,
1495 2682 1573 2743 είς
1601 2678 1691 2733 τὸν
1710 2682 1849 2752 ὑπὲρ
1877 2682 1984 2735 τῶν

410 2767 470 2819 ἐν
496 2765 623 2836 ᾇδου
657 2765 843 2836 ψυχῶν
888 2763 1077 2834 ἆθλον,
1129 2769 1244 2832 πῶς
1285 2771 1384 2823 οὐκ
1416 2770 1482 2824 ἂν
1507 2771 1740 2840 εὐλόγως
1774 2773 1981 2844 εἴποιμ’

416 2876 434 2908 ι
476 2859 595 2912 Ὅτι
625 2857 802 2928 θλίψις
840 2862 1026 2929 ἐγγὺς,
1073 2861 1154 2915 ὃτι
1186 2863 1285 2915 οὐκ
1331 2862 1477 2916 ἐστιν
1509 2863 1538 2915 ὁ
1568 2863 1810 2934 βοηθῶν;
1844 2886 1862 2917 ι
1911 2867 1984 2919 Τὸ

412 2950 513 3022 μὲν
556 2948 650 3005 οὖν
686 2953 787 3017 τὰς
815 2955 1058 3026 πονηρὰς
1087 2955 1181 3007 καὶ
1209 2955 1585 3025 ἀντικειμένας
1620 2956 1878 3026 δυνάμεις
1907 2958 1981 3028 μὴ

411 3047 687 3115 συνεργεῖν
720 3045 867 3117 αὐτῷ
890 3047 1023 3118 μηδὲ
1051 3046 1262 3117 βοηθεῖν
1297 3048 1382 3100 ἐπ’
1403 3048 1603 3115 ἀγαθὸν
1624 3049 1791 3119 αὐτῷ,
1830 3049 1983 3120 νομίι-

408 3134 594 3207 ζομεν,
627 3139 708 3191 ὅτι
741 3139 891 3192 οὐδὲν
933 3135 1001 3209 ἦν
1033 3138 1374 3209 θαυμαστόν·
1407 3141 1467 3193 τὸ
1493 3139 1549 3193 δὲ
1578 3142 1793 3195 πάντων
1830 3142 1982 3213 μέγιι-

409 3241 534 3282 στον
556 3229 657 3299 τῆς
687 3229 916 3299 θλίψεως
946 3231 1043 3300 τῆς
1085 3231 1316 3301 μάλιστα
1354 3231 1646 3302 πιεζούσης
1684 3234 1845 3287 αὐτὸν
1873 3232 1980 3285 τόδ’
2008 3268 2048 3321 c

406 3315 474 3393 ἦν
494 3320 621 3391 ἄρα,
643 3322 704 3375 τὸ
735 3322 937 3393 μηδένα
962 3322 1095 3393 μηδὲ
1119 3323 1225 3376 τῶν
1245 3325 1435 3377 αἰσίων
1465 3326 1558 3379 καὶ
1598 3324 1786 3389 δεξιῶν
1814 3325 1980 3394 ἀγγέ-

406 3413 533 3478 λων,
594 3414 726 3485 μηδὲ
781 3415 887 3486 μὴν
940 3414 1048 3467 τῶν
1087 3415 1245 3469 θείων
1284 3416 1585 3487 δυνάμεων,
1626 3417 1829 3488 τολμᾷν
1857 3421 1977 3471 ἐπι-

404 3503 607 3557 εαίνειν
638 3506 751 3567 τοῖς
779 3502 872 3556 τοῦ
913 3504 1139 3557 θανάτου
1173 3504 1478 3573 βασιλείοις,
1526 3506 1658 3577 μηδὲ
1700 3510 1977 3578 συνεργεῖν

404 3594 497 3647 ἐπὶ
548 3592 770 3666 βοηθείᾳ
817 3594 925 3647 τῶν
977 3594 1160 3647 αὐτόθι
1210 3595 1413 3665 ψυχῶν.
1468 3597 1629 3667 Μόνῳ
1679 3597 1786 3668 γὰρ
1830 3597 1977 3667 αὐτῷ

403 3683 547 3738 τοῦτ’
576 3685 811 3757 ἀτρεμὲς
834 3681 924 3757 ἦν,
962 3686 1082 3747 ἐπεὶ
1124 3687 1217 3739 καὶ
1251 3687 1392 3757 μόνῳ
1420 3687 1768 3758 ἠνεῴχθησαν
1817 3688 1976 3742 πύλαι

405 3775 657 3843 θανάτου,
685 3779 779 3831 καὶ
811 3778 969 3848 μόνον
990 3778 1152 3831 αὐτὸν
1174 3779 1409 3850 πυλωροὶ
1438 3778 1567 3850 ᾅδου
1592 3780 1790 3844 ἰδόντες
1815 3780 1979 3851 ἔπτη-

405 3863 523 3930 ξαν,
556 3866 717 3930 αὐτός
751 3884 811 3920 τε
836 3871 865 3921 ὁ
891 3868 952 3920 τὸ
987 3868 1186 3939 κράτος
1228 3869 1363 3939 ἔχων
1395 3869 1490 3921 τοῦ
1527 3868 1776 3933 θανάτου,
1808 3871 1978 3924 ὑπεκ-

405 3955 536 4018 στὰς
552 3955 661 4009 τῶν
682 3956 966 4027 βασιλείων
995 3957 1218 4029 θρόνων,
1242 3957 1336 4010 ἅτε
1363 3958 1521 4028 μόνον
1540 3958 1703 4011 αὐτὸν
1723 3960 1978 4025 ἐπιγνοὺς

405 4046 600 4101 ἑαυτοῦ
630 4047 855 4117 Κύριον,
900 4048 1159 4120 ἐλάλησεν
1193 4048 1340 4119 αὐτῷ
1379 4049 1557 4120 δεήσει
1602 4049 1696 4101 καὶ
1730 4049 1979 4121 ἱκετηρία

406 4139 682 4210 μαλακῶς,
699 4140 840 4193 κατά
852 4140 921 4193 τὰ
936 4140 1099 4212 δηλού
1109 4159 1242 4211 μενο.
1272 4144 1329 4195 ἐν
1347 4140 1425 4212 τῷ
1460 4141 1581 4195 ’1ὼὸ
1605 4141 1731 4214 περὶ
1750 4141 1975 4197 τούτων.

404 4230 552 4303 Πλὴν
578 4230 712 4284 ἀλλά
742 4232 840 4303 τὴν
873 4233 1045 4303 ἀσεϐῆ
1087 4232 1181 4286 τοῦ
1208 4233 1471 4305 τυράννου
1518 4233 1979 4288 καταδυναστείαν

401 4322 653 4378 τοσοῦτον
695 4324 837 4396 ὁρῶν
881 4324 1185 4396 ἰσχύουσαν,
1224 4325 1297 4389 ὡς
1342 4325 1543 4396 μηδένα
1583 4325 1744 4381 ἄλλον
1774 4327 1979 4398 τολμᾷν

402 4414 511 4469 τῶν
536 4417 656 4470 κατ’
679 4417 906 4487 οὐρανὸν
935 4418 992 4471 ἐν
1014 4421 1127 4481 τοῖς
1156 4417 1341 4472 αὐτόθι
1369 4419 1586 4491 χωρίοις
1611 4422 1978 4491 συμπαρεῖναι

404 4507 572 4578 αὐτῷ,
605 4512 698 4564 καὶ
725 4513 792 4581 τῇ
822 4509 930 4564 τῶν
959 4511 1145 4564 αὐτόθι
1176 4510 1361 4582 ψυχῶν
1396 4514 1676 4583 συνεργεῖν
1712 4511 1974 4585 σωτηρίᾳ,

2096 667 2395 721 ominosam
2425 679 2617 737 putant
2649 687 2709 726 se
2754 672 2968 736 videre,
3017 692 3102 731 me
3154 677 3663 745 subsanuaverunt,

2094 764 2301 810 tantum
2324 759 2611 813 adversum
2655 778 2742 817 me
2783 764 3077 826 irrisionis.
3116 776 3437 839 tantumque
3484 771 3667 827 detra-

2093 849 2606 917 ctionisjactantes.
2643 863 2700 907 ut
2740 855 2807 911 de
2862 870 2948 911 me
2978 874 3084 913 non
3141 861 3303 915 modo
3360 865 3663 934 cogitantes

2090 943 2553 999 ratiocinarentur
2605 948 2894 1019 animoque
2928 962 3208 1007 versarent
3263 955 3472 1009 nefaria
3504 997 3518 1017 ,
3566 958 3660 1012 sed

2092 1030 2360 1101 intrepide
2377 1050 2592 1105 quoque
2622 1036 2974 1108 loquerentur
2996 1048 3049 1095 et
3073 1042 3247 1110 palam
3289 1046 3660 1111 enuntiarent,

2094 1139 2114 1172 ι
2136 1123 2398 1191 siquidem
2423 1126 2584 1179 locuti
2604 1136 2729 1181 sunt
2744 1128 2899 1183 labiis
2913 1138 2965 1185 et
2978 1140 3261 1187 moverunt
3276 1143 3457 1202 caput,
3476 1137 3660 1192 diecu-

2089 1220 2204 1268 tes:
2233 1214 2388 1285 501
2414 1214 2657 1286 Speravit
2676 1221 2727 1272 in
2742 1218 2990 1283 Domino,
3009 1223 3398 1294 eripiateum,»
3435 1234 3489 1281 et
3517 1244 3661 1282 nunc

2088 1305 2274 1374 igitur,
2307 1317 2365 1360 ut
2396 1306 2666 1373 dicebam,
2701 1325 2824 1363 eum
2855 1313 2980 1366 talia
3025 1329 3111 1368 me
3155 1315 3657 1379 circumsteterunt.

2088 1403 2142 1446 te
2168 1392 2383 1447 Patrem
2416 1410 2615 1459 meum,
2649 1399 2740 1467 qui
2775 1402 3063 1456 extraxisti
3093 1418 3178 1457 me
3218 1403 3284 1459 de
3311 1417 3500 1462 ventre
3546 1424 3662 1463 ma-

2087 1484 2189 1537 tris
2218 1500 2369 1548 nicae,
2399 1486 2453 1540 in
2486 1502 2645 1557 quem
2679 1491 2956 1560 projectus
2987 1509 3107 1549 sum
3151 1510 3218 1550 ex
3252 1504 3429 1557 utero.
3463 1498 3519 1552 in
3547 1514 3660 1569 quo

2088 1576 2305 1643 speravi
2364 1576 2433 1630 ab
2472 1578 2756 1645 uberibus,
2801 1584 2895 1652 qui
2940 1586 3100 1640 etiam
3138 1587 3206 1643 de
3246 1597 3435 1644 ventre
3469 1593 3660 1648 matris

2087 1681 2223 1721 mea:
2251 1668 2467 1737 agnitus
2500 1687 2560 1725 es
2592 1672 2744 1734 mihi.
2781 1683 2835 1729 et
2878 1675 3096 1731 interim
3143 1683 3457 1749 agnosreris
3489 1682 3653 1747 Deus,

2088 1762 2310 1830 supplex
2343 1776 2440 1817 oro
2467 1778 2529 1817 ac
2561 1779 2756 1836 precor
2794 1786 2814 1817 ι
2840 1784 2907 1825 ne
2936 1771 3158 1827 recedas
3184 1787 3213 1825 a
3256 1789 3362 1837 me,
3399 1777 3657 1844 quoniam

2087 1852 2142 1907 in
2182 1858 2430 1924 proximo
2478 1865 2564 1913 est
2595 1858 2867 1913 afﬂictio.»
2923 1859 3086 1916 Venit
3126 1864 3292 1930 enim,
3349 1866 3546 1936 inquit,
3602 1874 3658 1922 et

2089 1955 2291 2011 quanta
2340 1947 2580 2000 nondum
2628 1947 2878 2011 antehac,
2947 1949 3102 2005 adest
3150 1959 3314 2020 atque
3363 1956 3659 2025 appropin-

2088 2044 2239 2106 quat,
2270 2052 2391 2107 qua:
2419 2039 2833 2108 comprehendit
2868 2039 3002 2109 jam,
3038 2053 3091 2096 et
3118 2042 3248 2096 mihi
3282 2044 3450 2098 instat
3477 2054 3657 2101 extre-

2090 2143 2177 2181 ma
2231 2129 2473 2182 onmium
2531 2131 2838 2186 immodica:
2896 2146 3031 2187 mea!
3096 2133 3403 2189 aﬂlictionis
3456 2140 3652 2196 nubes.

2086 2217 2273 2289 Neque
2302 2221 2446 2275 enim
2492 2237 2591 2293 ego
2647 2238 2743 2292 per
2789 2222 3131 2278 aﬂlictionem
3163 2225 3306 2280 lianc
3358 2242 3479 2295 quae
3511 2244 3656 2283 nunc

2087 2323 2174 2363 me
2231 2309 2568 2373 circumstat,
2624 2326 2843 2367 crucem
2919 2313 3090 2382 ipsam
3153 2314 3416 2386 intelligo,
3479 2334 3655 2388 neque

2086 2399 2286 2469 probra
2319 2416 2385 2455 ex
2417 2401 2750 2466 hominibus,
2793 2420 2972 2474 neque
3018 2405 3272 2469 ludibria,
3321 2421 3496 2476 neque
3524 2422 3655 2462 vero

2086 2508 2150 2548 ea
2179 2508 2299 2561 quae
2325 2503 2447 2549 ante
2471 2509 2688 2549 crucem
2721 2495 2853 2549 mihi
2883 2494 3222 2560 acciderunt,
3249 2496 3480 2568 ﬂagella,
3516 2514 3655 2553 eon-

2086 2585 2339 2639 tumelias
2369 2592 2424 2639 et
2477 2585 2583 2639 alia
2630 2601 2971 2655 quaecunque
3017 2585 3335 2641 debacchati
3364 2596 3491 2643 sunt
3519 2604 3653 2644 con-

2087 2684 2170 2729 tra
2193 2692 2277 2730 me
2314 2677 2405 2730 lilii
2450 2676 2755 2741 hominum,
2812 2678 2907 2733 sed
2956 2678 3113 2733 video
3152 2689 3277 2748 post
3322 2665 3651 2736 solutionem

2078 2765 2330 2832 corporis
2364 2767 2416 2818 in
2450 2765 2566 2835 ipsa
2593 2773 2768 2820 morte
2814 2774 2869 2819 et
2899 2765 2967 2820 ad
3003 2766 3209 2823 inferos
3243 2767 3511 2824 descensu
3556 2785 3653 2841 ap—

2083 2857 2532 2926 propinquantem
2586 2858 3022 2913 adversariarum
3065 2871 3117 2913 et
3149 2859 3496 2914 inimicorum
3542 2862 3653 2917 Deo

2084 2952 2414 3014 potestatum
2464 2947 2785 3002 insolentem
2820 2948 3104 3019 impetum.
3157 2950 3499 3023 Quapmpter
3528 2953 3652 3007 dico

2083 3037 2425 3095 amictionem
2472 3040 2525 3092 iu
2566 3040 2813 3108 proximo
2845 3055 2990 3105 esse,
3055 3060 3073 3091 ι
3103 3046 3362 3113 quoniam
3402 3060 3511 3098 non
3565 3057 3651 3101 est

2076 3129 2174 3197 qui
2216 3130 2452 3197 adjuvet.
2488 3148 2507 3180 ι
2534 3127 2640 3195 Qui
2665 3134 2807 3188 enim
2840 3131 2955 3186 ﬁeri
2989 3139 3188 3201 potest,
3223 3142 3282 3187 ut
3312 3149 3419 3188 non
3463 3134 3655 3189 immo-

2086 3217 2208 3272 dica
2245 3227 2299 3271 et
2348 3219 2582 3273 maxima
2635 3222 2751 3289 ipsa
2807 3223 2898 3275 illa
2946 3223 3111 3279 fuerit
3154 3225 3393 3286 afﬂictio.
3447 3228 3501 3281 in
3542 3243 3652 3298 qua

2080 3324 2191 3361 non
2225 3308 2387 3361 fuerit
2422 3310 2514 3379 qui
2553 3310 2837 3375 adjuvaret
2862 3314 2885 3365 ?
2908 3314 2998 3369 ille
3024 3317 3168 3370 enim
3202 3333 3300 3387 pro
3324 3334 3511 3373 earum
3540 3321 3651 3374 ani-

2079 3415 2290 3453 marum
2317 3402 2493 3455 salute
2528 3404 2840 3467 accedebat,
2873 3421 2994 3475 qua:
3019 3409 3163 3477 apud
3199 3410 3404 3465 inferos
3426 3427 3490 3465 ex
3527 3414 3646 3467 lon-

2076 3494 2301 3562 gissimo
2357 3503 2600 3565 tempore
2653 3496 2943 3553 adventum
3002 3501 3123 3569 ejus
3153 3504 3560 3571 eXSpectabant,
3597 3512 3653 3557 et

2077 3584 2441 3641 descendebat
2501 3586 2648 3645 fores
2700 3607 2873 3649 aereas
2911 3594 3269 3655 contr-iturus,
3292 3603 3348 3649 et
3372 3605 3554 3650 vectes
3577 3611 3653 3649 ae-

2079 3689 2203 3730 reos
2229 3679 2637 3747 contracturus,
2670 3695 2722 3739 et
2745 3700 2860 3747 eos,
2884 3686 2977 3755 qui
2997 3693 3153 3739 antea
3172 3688 3334 3741 vincti
3353 3689 3493 3755 apud
3519 3688 3652 3743 infe-

2078 3783 2169 3822 ros
2198 3777 2374 3833 erant,
2406 3771 2462 3825 in
2495 3773 2797 3830 libertatem
2839 3776 3236 3838 vindicaturus,
3277 3777 3435 3846 'quod
3469 3780 3647 3847 ipsum
3682 3768 3683 3771 “

2077 3861 2241 3917 etiam
2302 3864 2503 3920 factum
2542 3876 2647 3930 est,
2678 3866 2898 3937 quando
2945 3848 3112 3922 multa
3163 3884 3396 3938 corpora
3453 3886 3645 3925 eorum

2078 3955 2170 4022 qui
2220 3954 2557 4012 dormierant
2610 3968 2926 4014 sanctorum
2976 3962 3278 4029 surgentia,
3319 3963 3477 4017 simul
3520 3978 3647 4016 cum

2078 4061 2144 4101 eo
2177 4046 2422 4118 ingressa
2464 4058 2593 4105 sunt
2644 4051 2699 4105 in
2754 4067 2876 4106 vere
2915 4059 3160 4107 sanctam
3206 4051 3299 4106 Dei
3347 4053 3645 4119 civitatem.

2083 4142 2435 4197 adversantes
2464 4158 2592 4197 vero
2614 4150 2912 4213 potestates
2936 4151 2994 4197 ut
3021 4143 3336 4198 hominibus
3361 4151 3645 4206 nocerent.

2079 4244 2267 4287 contra
2324 4235 2475 4288 illum
2511 4235 2666 4304 Quasi
2724 4234 2777 4287 in
2814 4234 2931 4290 acie
2987 4236 3301 4300 veniebant,
3351 4249 3645 4291 mmrorem

2079 4338 2188 4377 non
2214 4338 2439 4394 parvum
2469 4308 2632 4393 atqtte
2651 4323 2996 4378 alﬂictionem
3017 4325 3090 4377 illi
3114 4324 3425 4388 aﬂ‘erentes,
3446 4326 3650 4394 quippe

2079 4413 2172 4483 qui
2213 4414 2376 4468 etiam
2423 4413 2546 4469 illas
2600 4413 2763 4468 nimia
2807 4412 3050 4465 bonitate
3085 4410 3327 4466 deﬁeret.
3376 4410 3647 4466 Cmterum

2081 4505 2300 4560 attende
2352 4519 2647 4574 quemnam
2696 4505 2753 4558 in
2800 4505 3021 4558 modum
3084 4511 3283 4558 cuncta
3341 4504 3456 4558 haec
3500 4503 3648 4564 dicta

405 4600 629 4664 εἰκότως
663 4603 846 4673 φησίνο
884 4622 904 4655 ι
947 4604 1068 4657 ’Ότι
1098 4602 1276 4674 θλίψις
1301 4605 1488 4673 ἐγγὺς,
1519 4605 1599 4658 ὅτι
1634 4607 1734 4658 οὐκ
1764 4604 1910 4658 ἔστιν
1947 4605 1976 4656 ὁ

2082 4598 2211 4664 sint,
2246 4598 2402 4666 quasi
2430 4610 2494 4651 ex
2536 4612 2767 4667 persona
2800 4595 2921 4665 ejus
2950 4595 3042 4666 qui
3067 4599 3312 4650 in-utero
3354 4597 3420 4650 sit
3466 4605 3647 4664 gesta-

406 4689 634 4761 βοηθῶν,
658 4711 678 4744 ι
703 4692 819 4756 ἐνὸς
845 4692 1006 4763 μόνου
1033 4691 1126 4745 τοῦ
1154 4695 1373 4748 κάκεῖσε
1409 4688 1621 4767 βοηθεῖν
1644 4693 1792 4766 αὐτῷ
1817 4695 1977 4747 δυνα-

408 4782 591 4855 μένου,
625 4784 1071 4849 καταλελοιπότος
1098 4786 1279 4850 αὐτὸν,
1312 4786 1387 4851 ὡς
1408 4786 1474 4841 ἂν
1496 4789 1575 4851 εἰς
1604 4787 1812 4850 πάντας
1841 4786 1975 4839 ἀναι-

405 4872 699 4945 κηρυχθειη
740 4875 801 4928 τὸ
843 4875 1092 4949 λαμπρὸν
1132 4879 1226 4932 καὶ
1262 4875 1535 4951 ἐξαίρετον
1566 4879 1664 4950 τῆς
1703 4877 1836 4941 ἰδίας
1875 4877 1973 4931 αὐ-

403 4963 499 5018 τοῦ
531 4967 920 5038 προαιρέσεως,
965 4968 1066 5040 τῆς
1110 4986 1170 5024 τε
1216 4971 1356 5024 κατά
1405 4970 1620 5024 πάντων
1660 4969 1835 5039 νίκης.
1866 4969 1976 5023 Καὶ

405 5056 701 5129 ἐπειδήπερ
751 5058 782 5110 ὁ
835 5057 994 5129 μόνος
1051 5058 1201 5129 αὐτῷ
1250 5058 1460 5130 βοηθεῖν
1519 5059 1815 5130 δυνάμενος
1876 5060 1976 5112 οὐκ

404 5144 473 5222 ἦν
508 5146 658 5218 αὐτῷ
697 5149 818 5202 τότε
865 5148 1076 5221 βοηθὸς,
1120 5149 1343 5214 εἰκότως
1378 5150 1675 5222 ἀρχόμενος
1706 5149 1860 5218 ἔλεγε
1891 5150 1973 5212 τὸ,

411 5261 433 5293 ε
454 5239 638 5304 Ἠλεὶ,
703 5239 883 5305 Ἠλεὶ,
941 5240 1137 5311 λαμμᾶ
1191 5241 1490 5312 σαϐαχθανὶ
1511 5282 1527 5307 ,
1554 5260 1574 5293 ι
1629 5241 1774 5296 τοῦτ’
1824 5240 1938 5295 ἐστι
1956 5256 1970 5272 ·

413 5352 434 5386 σ
453 5334 557 5388 Θεέ
588 5350 720 5405 μου,
762 5332 865 5389 Θεέ
893 5350 1031 5405 μου,
1066 5334 1154 5388 ἵνα
1177 5332 1229 5388 τί
1265 5334 1616 5404 ἐγκατέλιπές
1663 5349 1762 5405 tte;
1789 5354 1806 5385 ι
1846 5334 1974 5388 συλ-

406 5420 799 5495 λαμϐανομένῳ
859 5422 959 5493 μὲν
1002 5416 1095 5477 οὖν
1146 5423 1242 5476 καὶ
1284 5423 1703 5495 κυοφορουμένῳ
1739 5424 1846 5478 ὑπὸ
1873 5422 1975 5492 τῆς

408 5515 568 5584 ἁγίας
614 5514 892 5588 Παρθένου
928 5513 1008 5584 τῷ
1044 5513 1352 5586 δηλουμένῳ
1388 5518 1422 5587 ή
1477 5515 1715 5587 πατρική
1747 5515 1975 5587 δύναμις

410 5608 574 5678 συνῆν
596 5645 612 5671 ,
659 5608 751 5661 ὅτε
788 5603 1014 5676 Πνεῦμα
1047 5604 1200 5674 ἅγιον
1227 5606 1429 5676 ἐπῆλθε
1455 5608 1522 5678 τῇ
1556 5605 1843 5678 Παρθένῳ,
1880 5607 1974 5659 καὶ

405 5694 630 5768 δύναμις
673 5698 928 5769 Ὑψίστου
958 5699 1284 5752 ἐπεσκίασεν
1318 5699 1489 5768 αὐτῇ,
1524 5697 1685 5762 αὐτός
1711 5712 1768 5750 τε
1806 5698 1836 5749 ό
1858 5698 1974 5750 Πα-

407 5789 514 5863 τὴρ
539 5791 629 5844 τδν
658 5793 992 5864 γεννώμενον
1012 5834 1028 5858 ,
1061 5792 1137 5856 ὡς
1184 5794 1212 5845 ὁ
1254 5791 1409 5859 λόγος
1448 5790 1785 5862 παρέστησεν
1805 5830 1821 5848 ,
1868 5789 1977 5841 ἀπὸ

397 5870 505 5950 ’τῆς
540 5883 773 5953 γαττρὸς
808 5884 1101 5949 ἐξέσπασεν
1125 5900 1139 5911 ·
1202 5881 1566 5952 ἀποδυομένου
1605 5879 1661 5927 δὲ
1693 5876 1843 5948 παρά
1882 5876 1974 5929 τὸν

722 5982 988 6040 PunoL.
1036 5981 1152 6041 Gn.
1188 5981 1391 6043 XXII.

2078 4695 2186 4753 tus,
2220 4696 2275 4744 et
2297 4689 2364 4742 de
2391 4695 2580 4743 ventre
2611 4687 2804 4742 matris
2832 4695 3013 4751 natus,
3044 4697 3099 4741 et
3131 4702 3293 4757 quem
3327 4686 3647 4741 dicebamus

2076 4795 2200 4836 esse
2249 4781 2460 4849 Agnum
2514 4779 2629 4835 Dei.
2688 4776 2827 4834 Huic
2857 4781 3001 4834 enim
3056 4780 3163 4848 ipsi
3215 4780 3289 4831 ita
3330 4777 3649 4831 acciderunt

2077 4886 2198 4941 quae
2245 4871 2312 4925 ad
2353 4871 2664 4941 passionem
2710 4878 2984 4940 spectant,
3026 4868 3483 4939 quemadmodum
3525 4881 3650 4936 quan

2078 4961 2147 5015 ad
2180 4968 2362 5016 ortum
2394 4961 2450 5015 in
2490 4974 2722 5032 corpore
2752 4960 3184 5016 conveniebant:
3221 4972 3348 5011 nam
3376 4956 3521 5025 quod
3545 4969 3642 5009 or-

2078 5062 2192 5107 tum
2225 5060 2330 5115 est,
2373 5052 2428 5106 id
2456 5052 2620 5107 etiam
2658 5052 2904 5118 occidit;
2933 5049 3078 5120 quod
3110 5062 3240 5103 vero
3266 5047 3489 5109 occidit,
3535 5062 3646 5101 non

2078 5141 2215 5195 alias
2244 5147 2476 5194 mortem
2520 5140 2810 5209 contingit,
2865 5152 3030 5209 quam
3077 5138 3124 5192 si
3156 5137 3309 5207 prius
3338 5150 3434 5206 per
3464 5143 3645 5191 ortum

2077 5232 2386 5303 ingressum
2422 5231 2517 5287 sit.
2565 5230 2692 5287 Haec
2720 5232 2887 5302 igitur
2917 5230 3142 5301 exponit
3171 5229 3422 5284 Salvator
3449 5241 3513 5281 ac
3540 5225 3647 5281 Do-

2076 5327 2261 5381 minus
2298 5333 2507 5388 noster,
2544 5339 2655 5380 non
2692 5334 2961 5395 quatenus
2993 5328 3047 5377 et
3077 5321 3262 5376 carnis
3305 5326 3360 5374 et
3400 5320 3648 5386 corporis
3684 5358 3689 5361 -

2076 5433 2271 5488 expers
2313 5425 2435 5473 erat
2488 5426 2708 5479 natura,
2742 5428 2918 5486 neque
2957 5424 3230 5486 quatenus
3275 5411 3370 5467 Dei
3408 5409 3646 5466 Verbum

2078 5509 2331 5580 Deosque
2384 5510 2502 5580 ipse
2557 5509 2894 5571 intelligitur,
2941 5506 3035 5562 sed
3095 5514 3370 5573 quatenus
3411 5503 3647 5557 idoneus

2076 5608 2196 5654 erat
2223 5601 2276 5653 in
2306 5600 2556 5654 oratione
2581 5598 2646 5651 ad
2678 5596 2888 5652 Patrem
2919 5597 3129 5652 dicere:
3151 5596 3311 5667 502
3334 5614 3350 5644 ι
3377 5594 3648 5661 Quoniam

2076 5702 2134 5747 tu
2193 5709 2255 5749 es
2312 5694 2406 5765 qui
2447 5692 2737 5748 extruxisti
2792 5706 2880 5745 me
2912 5691 2981 5746 de
3007 5698 3220 5754 ventre,
3253 5704 3381 5758 spes
3432 5704 3549 5747 mea
3580 5693 3649 5740 ab

2080 5785 2342 5839 uberibus
2398 5783 2608 5837 matris
2651 5797 2805 5836 meat.
2868 5779 2926 5835 In
2983 5790 3037 5838 te
3083 5782 3360 5852 projectus
3408 5794 3531 5835 sum
3579 5792 3646 5834 ex

2081 5886 2253 5931 utero.
2295 5874 2366 5926 Ex
2403 5882 2590 5928 ventre
2622 5873 2815 5927 matris
2854 5890 2986 5929 mea:
3034 5874 3176 5929 Deus
3222 5887 3376 5927 meus
3420 5886 3482 5927 es
3526 5875 3643 5927 tu»

3298 5967 3372 6032 25
