4112 6444
480 423 583 481 779
1111 420 1375 475 EUSEBII
1404 419 1884 476 C/ESARIENSIS
1921 419 2071 476 OPP.
2117 419 2297 475 PARS
2334 420 2398 474 ιι.
2435 454 2502 465 -
2532 421 3036 483 APOLOGETICA.
3609 436 3718 491 786

478 534 580 593 llic
611 537 774 608 igitur
805 536 934 589 dum
978 535 1041 588 in
1091 534 1206 604 ipsa
1241 533 1495 604 passione
1536 543 1642 600 est,
1695 537 1924 606 supplex
1972 537 2040 591 ad
2072 543 2102 599 Α

2092 544 2115 598 ι
2144 537 2335 607 καιρὸν
2366 537 2459 591 τοῦ
2499 539 2705 605 πάθους
2743 543 2877 614 πρὸς
2910 545 3008 614 τὴν
3042 545 3181 599 κατά
3224 549 3317 600 τοῦ
3353 549 3581 605 θανάτου
3611 551 3716 608 πά-

479 626 693 683 Patrem
726 641 885 681 suum
943 638 1007 679 ea
1055 624 1207 688 dicit,
1246 639 1367 693 qu:e
1421 629 1533 695 jam
1587 627 1838 696 exposita
1889 636 2039 683 sunt.

2143 628 2241 699 λην
2260 667 2274 691 ,
2328 628 2510 682 οὐκέτι
2542 630 2733 701 βοηθὸς
2764 633 2911 706 αὐτῷ
2947 635 3144 708 παρῆν.
3216 638 3385 694 Τοῦτο
3412 642 3541 711 γοῦν
3571 646 3717 716 αὺτῷ

482 718 546 773 Et
593 732 717 772 cum
772 724 881 771 tam
937 715 1141 782 multas,
1187 717 1383 785 inquit,
1447 733 1534 772 me
1590 719 2045 774 circumventum

2147 722 2509 790 μαρτυροῦντι
2557 724 2833 778 πιστεύω·
2885 726 2946 778 τὸ
2999 729 3142 799 γὰρ,
3214 750 3233 782 ι
3279 733 3464 800 Ἠλεὶ,
3538 715 3713 800 Ἰίλεὶῗ.

479 809 588 865 sint
615 807 785 877 copiae
816 821 883 861 ex
921 806 1151 862 adverso
1180 806 1447 876 eﬂicaces,
1482 818 1535 863 et
1585 810 1783 878 impuri
1833 810 2041 864 daemoo

2143 809 2337 881 λαμμᾶ
2376 813 2675 884 σαϐαχθανὶ
2698 856 2713 880 ,
2742 835 2761 867 ι
2805 818 3089 888 εἰρημένον
3126 820 3273 892 αὐτῷ
3306 825 3398 878 ἐπὶ
3425 826 3517 880 τοῦ
3554 846 3715 883 σταυ-

468 914 596 963 nes,
637 906 690 953 et
730 898 1036 968 spiritualia
1065 898 1339 968 nequitiae,
1372 908 1426 954 et
1454 900 1690 969 denique
1715 901 1762 955 is
1791 901 1885 971 qui
1921 916 2043 955 om-

2146 900 2240 992 ροῦ
2265 941 2280 966 ,
2321 904 2415 955 καὶ
2446 904 2550 957 ὑπὸ
2596 904 2689 958 τοῦ
2723 906 2937 977 ψαλμοῦ
2970 914 3320 983 προφητικῶς
3359 917 3719 992 ἀναπεφωνη-

475 994 627 1047 nium
666 993 940 1063 pessimus
978 999 1083 1056 est,
1116 994 1251 1063 ipse,
1285 994 1528 1063 inquam,
1574 994 1830 1064 princeps
1858 994 2044 1049 saeculi

2148 990 2307 1061 μένον
2331 1031 2345 1055 ,
2383 993 2511 1057 καὶ,
2573 1012 2591 1044 ι
2618 995 2737 1048 ’Ότι
2776 994 2951 1065 θλίψις
2979 1000 3177 1068 ἐγγὺς,
3234 1003 3314 1056 ὅτι
3347 1006 3445 1058 οῦκ
3491 1006 3635 1061 ἔστιν
3677 990 3717 1063 ⁷ὁ

479 1083 641 1153 hujus
685 1084 845 1154 (quos
868 1092 1090 1154 propter
1130 1085 1418 1149 malitiam,
1454 1083 1600 1141 feras
1642 1085 1910 1155 malignas
1939 1101 2041 1140 no—

2135 1079 2354 1171 βοηθῶν
2379 1128 2388 1145 ,
2418 1102 2437 1134 ι
2497 1084 2548 1136 τί
2585 1083 2770 1155 ἓτερον
2803 1088 2992 1158 ἐδήλου
3034 1091 3067 1162 ἢ
3108 1092 3190 1144 ὅτι
3228 1093 3305 1157 ὡς
3345 1096 3518 1165 μέγας
3548 1098 3711 1171 ἀθλη-

475 1176 684 1230 minare
713 1190 810 1246 par
838 1183 944 1241 est,
981 1183 1036 1230 et
1074 1177 1159 1232 vel
1200 1184 1389 1230 tauros
1412 1182 1679 1246 agrestes,
1708 1178 1791 1231 vel
1819 1177 2041 1240 vitulos,

2141 1170 2241 1242 τὴς
2277 1174 2387 1237 τοῖς
2440 1174 2711 1239 τοσούτοις
2766 1178 3081 1243 ἀντιπάλοις
3132 1183 3573 1257 προϐεϐλημένος

478 1267 560 1321 vel
604 1269 806 1333 leones,
839 1268 924 1322 vel
970 1269 1182 1333 canes),
1229 1275 1283 1322 et
1322 1282 1409 1322 me
1447 1275 1636 1321 contra
1674 1281 1865 1322 omnes
1892 1276 2042 1323 stare

2143 1263 2601 1329 ἀγωνοθετοῦντος
2636 1269 2731 1322 καὶ
2764 1267 3116 1342 βραϐεύοντος
3145 1278 3256 1340 τοῖς
3285 1279 3592 1349 γινομένοις
3621 1279 3715 1335 τοῦ

475 1366 744 1430 oporteat,
774 1373 951 1428 neque
987 1357 1284 1428 quidquam
1317 1357 1444 1411 boni
1474 1357 1530 1410 in
1559 1371 1653 1412 eos
1679 1356 1781 1410 sim
1811 1356 2045 1410 collatu-

2142 1354 2236 1407 ἐπὶ
2283 1357 2415 1409 πᾶσι
2454 1356 2631 1423 Θεοῦ;
2688 1359 2920 1432 Ἔφορον
2971 1363 3016 1416 δ’
3049 1360 3142 1420 οὖν
3184 1367 3293 1421 τῶν
3331 1373 3716 1441 πραττομένων

476 1467 594 1518 rus,
642 1461 931 1525 propterea
960 1451 1107 1522 quod
1149 1452 1256 1521 ipsi
1282 1458 1501 1522 propter
1538 1464 1853 1519 supremum
1884 1450 2043 1503 mali-

2143 1447 2442 1517 παρεκάλει
2478 1448 2568 1503 τὸν
2605 1450 2823 1524 Πατέρα
2854 1454 2949 1507 καὶ
2981 1455 3249 1528 πάρεδρον
3271 1502 3285 1525 ,
3344 1460 3418 1524 ὡς
3450 1462 3516 1516 ἂν
3546 1463 3717 1530 δεξιὸν

477 1547 566 1601 tiae
604 1546 872 1610 habitum,
909 1558 1157 1599 meorum
1192 1543 1460 1599 bonorum
1485 1557 1716 1613 capaces
1750 1557 1857 1595 non
1890 1549 2041 1603 sunt.

2142 1537 2438 1611 ἀλείπτην,
2495 1541 2645 1612 αὐτῷ
2698 1549 3101 1616 συμπαρεῖναι,
3140 1550 3313 1622 ταύτῃ
3369 1554 3600 1622 μάλιστα
3628 1558 3717 1610 ὅτε

474 1652 655 1706 neque
698 1636 1006 1703 adjutorem
1058 1640 1153 1687 aut
1204 1634 1415 1689 socium
1452 1633 1682 1687 habeam
1732 1632 2042 1703 quempiam

2145 1628 2270 1700 μηδ’
2325 1630 2568 1701 ὑπῆρχεν
2620 1631 2769 1703 αὐτῷ
2815 1633 3006 1706 βοηθὸς
3066 1637 3251 1709 ἔτερος
3282 1639 3315 1710 ἦ
3352 1641 3511 1711 μ’όνος
3561 1639 3642 1708 εἷς
3689 1647 3718 1697 ό

478 1742 674 1784 eorum
708 1728 955 1797 ipsorum
993 1727 1087 1797 qui
1133 1725 1264 1780 dicti
1297 1731 1447 1789 sunt,
1494 1724 1549 1778 in
1584 1723 1882 1779 certamine
1911 1722 2043 1778 mihi

2142 1718 2447 1794 βραϐευτὴς
2496 1723 2605 1777 τῶν
2654 1727 2970 1796 γινομένων.
3047 1729 3141 1783 Διό
3190 1749 3354 1801 φησιν
3385 1735 3712 1806 εὐχόμενος·

476 1834 576 1888 pro
607 1819 782 1873 salute
806 1817 1109 1872 animarum
1134 1816 1397 1882 ineundo,
1434 1830 1559 1886 quat
1585 1822 1714 1870 sunt
1737 1816 1880 1886 apud
1906 1815 2043 1871 infe-
2075 1880 2100 1893 _

2093 1881 2114 1893 ι
2147 1813 2283 1886 «Μὴ
2330 1814 2573 1887 ἀποστῇς
2617 1816 2712 1869 ἀπ’
2765 1818 2934 1889 ἐμοῦ,
2998 1820 3081 1873 ὅτι
3142 1820 3319 1892 θλίψις
3348 1826 3552 1893 ἐγγὺς,
3633 1828 3717 1881 ὅτι

476 1924 589 1972 ros,
618 1925 717 1962 cur
742 1909 956 1963 tandem
985 1922 1093 1961 non
1112 1906 1304 1961 merito
1328 1905 1594 1961 dixerim:
1619 1923 1638 1957 ι
1661 1902 1887 1972 Quodin
1911 1921 2041 1976 pro-
2074 1880 2100 1936 ε

2088 1881 2116 1936 Β
2139 1901 2242 1955 οὐκ
2272 1880 2422 1956 ἔστιν
2450 1905 2479 1957 ό
2510 1880 2740 1976 βοηθῶν.
2771 1880 2809 1958 ι’
2884 1880 3056 1980 Ὁρῶν
3086 1909 3142 1963 δὲ
3187 1880 3400 1977 ἐνθέοις
3426 1880 3712 1986 δείμασιν,

474 1998 626 2056 xime
678 2002 750 2055 sit
801 1998 1040 2067 aﬂlictio,
1099 2008 1153 2054 et
1195 1998 1342 2070 quod
1389 2013 1498 2054 non
1540 1999 1613 2053 sit
1652 1997 1747 2068 qui
1786 1996 2041 2067 adjuvet?

2141 1992 2221 2046 ἔτι
2252 1993 2344 2046 ἐπὶ
2374 1992 2469 2047 τοῦ
2506 1995 2680 2066 ίκρίου
2736 2000 3181 2070 προσηρτημένου
3211 2003 3359 2073 αὐτῷ
3392 2006 3486 2058 τοῦ
3534 2006 3716 2077 σῶμα·

479 2092 772 2148 «ϐαιιοηιιη
822 2091 1090 2161 malignas
1127 2089 1348 2161 quidem
1389 2100 1552 2159 atque
1600 2090 1860 2146 adversas
1888 2097 2042 2159 pote-

2139 2099 2230 2144 τος
2259 2120 2275 2147 ,
2333 2082 2431 2147 τὰς
2490 2083 2688 2148 ἔξωθεν
2720 2088 2865 2157 ἀμφὶ
2908 2088 3000 2141 τὸν
3037 2090 3176 2161 ἀέρα
3227 2092 3413 2147 τοῦτον
3445 2096 3717 2168 ἀσάρκους

475 2193 642 2241 states
674 2199 784 2239 non
818 2182 995 2239 fuisse
1028 2183 1106 2237 illi
1135 2182 1362 2245 auxilio,
1395 2195 1575 2252 neque
1596 2181 1940 2237 succurrisse
1968 2180 2039 2235 ad

2140 2175 2234 2229 καὶ
2289 2176 2595 2248 ἀνθρώποις
2665 2180 2929 2251 ἀοράτους
3000 2181 3256 2254 δυνάμεις
3308 2186 3463 2258 δίκην
3513 2189 3716 2243 οἰωνῶν

473 2281 674 2335 bonum
702 2281 1038 2352 properanti,
1067 2278 1252 2334 mirari
1278 2278 1413 2332 nihil
1450 2291 1678 2333 necesse
1716 2286 1820 2343 est,
1850 2289 2038 2330 verum

2139 2267 2431 2342 ὠμοϐόρων
2460 2272 2552 2324 καὶ⁹
2575 2272 2772 2344 τρόπον
2800 2272 3004 2346 θηρίων
3042 2279 3170 2348 περὶ
3196 2279 3359 2335 αὑτὸν
3406 2281 3708 2354 ἰλυσπωμέν-

471 2374 617 2444 quod
645 2374 890 2428 omnium
926 2372 1228 2427 maximum
1261 2378 1366 2433 est,
1407 2383 1475 2425 ex
1502 2382 1567 2425 ea
1600 2367 1889 2423 amictione
1919 2381 2041 2438 quae

2139 2375 2237 2421 νας
2260 2397 2275 2422 ,
2317 2359 2411 2412 καὶ
2445 2360 2580 2431 πρὸς
2611 2362 2671 2415 τὸ
2711 2362 2901 2433 μέλλον
2927 2365 3051 2419 ὅσον
3078 2366 3230 2422 οὔπω
3266 2371 3458 2442 νεκρὸν
3501 2372 3716 2429 ἔσεσθαι

474 2466 626 2520 iilum
679 2465 916 2519 maxime
958 2463 1262 2534 premebat,
1294 2462 1349 2517 id
1393 2474 1526 2517 sane
1576 2459 1696 2526 fuit,
1740 2475 1808 2515 ne
1855 2457 2041 2513 faven-

2139 2448 2303 2503 αὐτοῦ
2328 2449 2388 2502 τὸ
2411 2449 2572 2521 σῶμα
2589 2493 2603 2517 ,
2633 2454 2963 2525 πανταχόθεν
2982 2472 3041 2509 τε
3071 2459 3402 2529 συρρεούσας
3427 2463 3524 2526 τὰς
3544 2465 3716 2535 epla:

472 2558 607 2612 tium
642 2555 859 2626 quidem
894 2568 959 2609 ac
988 2553 1347 2624 propitiorum
1368 2552 1687 2623 angelorum
1706 2551 2036 2622 quempiam,

2140 2542 2235 2595 καὶ
2260 2540 2505 2607 ἐξουσίας
2537 2543 2629 2596 τοῦ
2661 2544 2822 2616 ἀέρος
2845 2545 2970 2609 ,τοῦ
3001 2548 3306 2621 πνεύματος
3337 2551 3428 2605 τοῦ
3457 2553 3551 2607 νῦν
3578 2556 3718 2629 ὲνερ

474 2663 575 2702 nec
603 2648 908 2702 divinarum
942 2651 1278 2716 potestatum
1323 2658 1553 2714 prorsus
1603 2644 1794 2704 ullam.
1848 2656 2039 2698 ausam

2140 2632 2362 2702 γοῦντος
2385 2636 2442 2687 ὲν
2463 2637 2577 2698 τοῖς
2598 2636 2731 2701 υἱοῖς
2752 2638 2850 2709 τῆς
2872 2637 3170 2705 ἀπειθείας,
3196 2642 3291 2696 καὶ
3318 2641 3398 2697 ἔτι
3427 2643 3552 2708 τοὺς
3578 2647 3720 2717 ἀμφὶ

470 2751 593 2791 esse
625 2736 807 2806 regias
844 2735 1037 2788 mortis
1067 2734 1260 2788 domos
1300 2731 1586 2795 invadere,
1622 2741 1785 2801 atque
1827 2729 1897 2783 ad
1935 2745 2037 2784 au-

2140 2728 2237 2797 τὴν
2269 2728 2371 2800 γῆν
2402 2727 2788 2799 διιπταμένους
2820 2729 2942 2784 καθ’
2976 2729 3105 2801 ὅλης
3133 2731 3235 2802 τῆς
3266 2732 3377 2786 τῶν
3418 2734 3718 2807 ἀνθρώπιον

473 2827 662 2880 xilium
693 2828 1021 2888 animarum,
1052 2839 1173 2893 quae
1223 2822 1336 2877 illic
1367 2829 1548 2885 erant,
1577 2823 1780 2878 sociam
1814 2836 1874 2878 se
1902 2835 2041 2893 prae-

2141 2819 2460 2891 οξκουμένης
2487 2820 2745 2891 δαίμονας
2765 2837 2780 2850 °
2835 2821 2983 2886 εἰκὸς
3012 2822 3056 2875 δ’
3080 2823 3163 2877 ὅτι
3191 2825 3287 2878 καὶ
3315 2826 3443 2890 τοὺς
3492 2827 3720 2900 ὑποχθο-

475 2922 623 2976 bere.
673 2919 729 2974 Si
759 2920 978 2991 quidem
1004 2918 1099 2972 uni
1122 2918 1201 2972 illi
1242 2918 1346 2972 hoc
1379 2916 1668 2970 immotum
1699 2915 2037 2979 servabatur,

2141 2910 2286 2975 νίους
2315 2911 2413 2981 ἤδη
2435 2950 2450 2975 ,
2477 2912 2573 2965 καὶ
2598 2911 2724 2975 τοὺς
2751 2912 2808 2966 ἐν
2836 2913 2984 2984 αὐτῷ
3011 2915 3266 2987 ταρτάρῳ
3294 2916 3467 2989 θῆρας
3496 2919 3718 2992 ἀγρίους

473 3012 915 3084 quandoquidem
962 3011 1057 3065 uni
1083 3011 1249 3066 etiam
1279 3016 1479 3079 apertae
1510 3017 1644 3065 sunt
1677 3016 1847 3078 porta:
1896 3022 2041 3062 mor-

2141 2999 2234 3054 καὶ
2263 2998 2559 3071 φοϐεροὺς,
2595 3002 2722 3074 περὶ
2748 2996 2824 3055 ὧν
2862 3002 3087 3067 Ἡσαΐας
3119 3004 3255 3076 πρὸς
3301 3007 3391 3059 τὸν
3434 3009 3718 3064 ἐκπεπτω-

473 3107 566 3172 tis,
594 3112 650 3161 et
682 3119 850 3158 unum
885 3103 1034 3157 illum
1065 3104 1179 3158 orci
1214 3103 1484 3173 janitores
1515 3100 1820 3170 conspicati
1853 3097 2042 3153 formi—

2141 3090 2275 3143 κότα
2330 3090 2424 3143 τοῦ
2462 3092 2692 3163 ούρανοῦ
2774 3092 3081 3164 Ἑωσφόρον
3133 3095 3549 3168 ἀποτεινόμενος
3596 3099 3712 3151 ἕλεα

472 3197 761 3260 daverunt,
796 3198 1022 3266 ipseque
1052 3196 1143 3250 ille
1159 3197 1254 3266 qui
1283 3194 1479 3249 mortis
1501 3193 1791 3264 imperium
1814 3192 2037 3257 habeat,
2066 3219 2096 3278 ε

2082 3219 2108 3278 3
2142 3197 2268 3250 γεν·
2319 3200 2338 3233 ι
2375 3183 2433 3235 '0
2454 3182 2586 3254 ᾅδης
2635 3183 2877 3239 κάτωθεν
2903 3185 3204 3258 ἐπικράνθη
3240 3190 3573 3258 συναντήσας
3607 3206 3706 3252 σοι,

476 3283 544 3339 de
576 3285 743 3355 regiis
776 3284 997 3339 sedibus
1043 3283 1264 3347 cedens,
1312 3290 1500 3351 utpote
1547 3285 1642 3352 qui
1684 3297 1853 3337 unum
1884 3282 2036 3336 illum
2073 3270 2100 3278 ⁷

2083 3270 2108 3278 ⁷
2142 3270 2552 3343 συνηγέρθησάν
2579 3290 2659 3326 σοι
2683 3273 2881 3337 πάντες
2904 3275 2951 3327 οἱ
2977 3275 3228 3343 γίγαντες
3249 3292 3263 3307 ’
3291 3296 3311 3328 ι
3335 3276 3497 3329 ταῦτα
3525 3276 3588 3348 δὴ
3615 3272 3707 3330 οὗν

475 3389 634 3430 suum
662 3374 950 3428 Dominum
981 3384 1353 3447 cognosceret,
1386 3388 1513 3428 cum
1559 3373 1654 3427 illo
1681 3379 1766 3428 est
1815 3371 2039 3427 locutus

2140 3361 2354 3415 ἅπαντα
2392 3363 2631 3433 συνορῶν
2670 3361 2867 3429 ἔξωθεν
2904 3362 2963 3415 τὸ
2999 3364 3512 3436 ἀνεσκολοπισμένον
3552 3364 3707 3435 σῶμα

483 3467 886 3539 leprecantium
923 3481 987 3521 ac
1039 3467 1464 3537 supplicantium
1516 3480 1671 3520 more
1698 3479 1811 3519 non
1855 3464 2039 3519 minus

2140 3452 2463 3518 κυκλοῦντα,
2494 3456 2587 3508 καὶ
2616 3457 3145 3530 παρασκευαζόμενα
3171 3460 3290 3511 κατ’
3319 3457 3503 3521 αὐτοῦ,
3537 3458 3594 3511 τὸ
3628 3458 3712 3511 σύ·

492 3559 758 3626 gnaviter,
787 3570 950 3626 quam
986 3553 1129 3625 apud
1168 3553 1271 3609 Job
1300 3555 1368 3609 de
1399 3555 1485 3610 bis
1525 3554 1658 3624 ipsis
1701 3554 1865 3609 rebus
1903 3554 2041 3609 scri-

2136 3560 2325 3615 .στημα
2355 3544 2532 3599 αὐτῶν
2562 3545 2852 3618 διαγράφει
2886 3548 3111 3617 φάσκων
3140 3565 3154 3579 ·
3214 3567 3232 3599 ι
3260 3548 3708 3620 Περιεκύκλωσάν

475 3656 624 3718 ptum
661 3656 785 3703 est:
830 3645 928 3700 sed
968 3655 1149 3701 tamen
1197 3644 1464 3700 nefariam
1508 3646 1656 3702 illius
1680 3645 1901 3717 tyranni
1933 3646 2039 3700 im-

2134 3652 2210 3707 με
2241 3637 2429 3708 μόσχοι
2453 3637 2655 3703 πολλοὶ,
2681 3638 2871 3710 ταῦροι
2890 3640 3071 3703 πίονες
3099 3640 3382 3711 περιέσχον
3411 3658 3499 3711 με.
3530 3642 3710 3695 Ἢνοιιι

471 3740 771 3810 potentiam
800 3753 975 3808 usque
1001 3736 1136 3792 adeo
1164 3751 1396 3792 cernens
1422 3735 1742 3802 invaluisse,
1775 3746 1835 3790 ut
1855 3735 2040 3790 nullus

2140 3726 2238 3794 ξαν
2264 3730 2356 3781 ,ἐπ’
2380 3728 2481 3799 ἐμὲ
2503 3729 2563 3783 τὸ
2590 3729 2765 3800 στόμα
2792 3731 2990 3793 αὐτῶν,
3015 3731 3090 3795 ὡς
3111 3731 3245 3785 λέων
3273 3733 3301 3784 ό
3331 3731 3594 3803 ἁρπάζων
3622 3734 3716 3787 καί

472 3833 611 3888 alius
636 3832 941 3886 cmlestium
967 3828 1163 3883 adesse
1198 3828 1277 3883 illi
1304 3828 1361 3884 in
1388 3826 1590 3884 talibus
1625 3829 1761 3883 locis
1793 3826 2038 3892 auderet,

2131 3819 2466 3892 ⁸ὠρυόμενος.
2497 3842 2515 3873 ι
2549 3823 2740 3895 Ψυχὴν
2759 3822 2867 3896 γάρ
2888 3866 2902 3889 ,
2932 3824 3007 3887 ὡς
3030 3825 3176 3887 εἰκὸς
3194 3863 3208 3888 ,
3232 3824 3714 3896 ἁνθρωπείαν,καὶ

470 3927 633 3987 atque
664 3919 732 3971 ad
771 3932 963 3973 earum
986 3919 1295 3974 animarum
1334 3920 1594 3983 salutem,
1627 3932 1748 3989 quae
1780 3915 1892 3971 illic
1942 3914 2041 3969 de-

2140 3915 2209 3984 τῇ
2245 3913 2352 3966 τῶν
2384 3913 2596 3969 πολλῶν
2625 3914 3045 3987 παραπλησίαν,
3086 3916 3251 3971 πλέον
3276 3917 3333 3971 δὲ
3363 3917 3515 3971 οὐδὲν
3545 3917 3708 3988 ηγού-

471 4010 789 4066 tinebantur
806 4009 1023 4065 socium
1054 4026 1115 4066 se
1154 4012 1422 4083 przebere,
1462 4010 1659 4077 merito
1697 4008 1773 4063 ait
1796 4005 2041 4061 alliictio—

2142 4022 2293 4075 μενοι
2344 4002 2486 4061 εῖναι
2518 4008 2618 4079 τὴν
2646 4008 2708 4062 τὸ
2739 4008 2895 4079 σῶμα
2929 4008 3103 4079 Ἰησοῦ
3144 4010 3592 4081 κατασκηνοῦσαν
3611 4049 3626 4071 ,
3659 4009 3715 4077 ἧς

472 4115 599 4155 nem
623 4102 856 4172 propius
898 4102 1112 4167 adesse,
1141 4111 1433 4172 propterea
1472 4099 1622 4172 quod
1664 4114 1777 4154 non
1826 4096 2040 4180 sitqui

2140 4096 2320 4163 νοιξαν
2356 4100 2418 4153 τὸ
2456 4100 2631 4171 στόμα
2669 4102 2717 4155 οι
2754 4101 3139 4174 προειρημένοι
3170 4141 3186 4164 ,
3248 4102 3325 4165 ὡς
3361 4103 3561 4173 ὁμοίως
3594 4105 3715 4165 ταῖς

471 4195 709 4265 adjuvet.
737 4196 937 4265 quippe
980 4211 1106 4251 cum
1142 4213 1283 4252 unus
1327 4198 1421 4252 ille
1445 4197 1537 4266 qui
1577 4195 1847 4266 potuisset
1876 4192 2039 4248 etiam

2140 4189 2328 4254 ἄλλαις
2351 4189 2458 4245 τῶν
2477 4191 2779 4265 ἀνθρώπων
2807 4193 3005 4263 ψυχαῖς
3025 4195 3120 4249 καὶ
3146 4195 3315 4265 αὐτὴν
3344 4194 3606 4247 καταπιού
3614 4211 3715 4264 με-

470 4285 672 4339 talibus
704 4285 760 4339 in
782 4287 927 4341 locis
959 4287 1037 4341 illi
1064 4288 1340 4357 opitulari,
1374 4284 1946 4357 ipsum'deserui-sset,
1978 4290 2039 4338 ut

2141 4299 2254 4336 VOt'
2311 4282 2393 4338 διό
2426 4300 2587 4355 φησιν
2609 4300 2623 4314 ·
2665 4302 2684 4335 ι
2715 4284 2967 4349 Ἤνοιξαν
2998 4286 3083 4337 ἐπ’
3118 4285 3215 4355 ἐμὲ
3242 4285 3302 4338 τὸ
3329 4284 3503 4354 στόμα
3533 4285 3714 4339 αὐτῶν

471 4377 725 4432 videlicet
755 4378 967 4433 illustre
1002 4379 1137 4434 illud
1161 4380 1534 4449 eximiumque
1560 4378 1886 4447 inemptum,
1918 4374 2040 4429 illa-

2138 4373 2215 4440 ὡς
2261 4374 2396 4429 λέων
2427 4377 2456 4428 ό
2485 4373 2744 4446 ἁρπάξων
2776 4376 2870 4429 καὶ
2902 4376 3209 4447 ὠρυόμενος
3233 4393 3246 4405 ·
3269 4394 3287 4426 ι
3324 4370 3405 4439 οἷς
3436 4376 3561 4445 ἑξῆς
3595 4379 3718 4430 ἐπι-

472 4484 579 4540 que
620 4470 920 4540 singularis
946 4471 1213 4527 adversus
1259 4486 1452 4527 omnes
1495 4471 1728 4527 victoria
1775 4478 2036 4540 tanquam

2140 4464 2319 4537 λέγει’
2382 4485 2402 4519 ι
2422 4466 2565 4519 Ὠσεὶ
2595 4465 2737 4537 ὕδωρ
2765 4466 3051 4539 ἐξεχύθην
3084 4487 3102 4518 ι
3140 4468 3279 4540 ὅπερ
3307 4467 3579 4541 αἰσθητῶς
3615 4470 3713 4540 μὲν

471 4562 694 4632 propria
746 4561 920 4633 ipsius
969 4562 1114 4633 apud
1153 4579 1342 4620 omnes
1381 4563 1792 4634 praedicaretur.
1846 4562 2035 4631 Itaque
2066 4584 2095 4639 ί

2088 4585 2112 4639 )
2134 4555 2235 4609 καὶ
2255 4554 2396 4609 κατά
2415 4555 2510 4627 τὴν
2533 4556 2774 4626 ἱστορίαν
2792 4558 2933 4610 εἴποι
2956 4559 3021 4613 ἄν
3051 4577 3133 4624 τις
3165 4561 3557 4631 πεπληρῶσθαι
3578 4604 3593 4628 ,
3621 4564 3712 4619 ὅτε

469 4664 595 4705 cum
643 4650 737 4706 ille
783 4649 878 4720 qui
929 4665 1072 4708 unus
1103 4652 1207 4724 ipsi
1257 4652 1461 4706 auxilio
1487 4666 1611 4706 esse
1630 4656 1869 4722 poterat,
1903 4657 2038 4705 tunc

2137 4641 2223 4711 ,εἷς
2250 4646 2357 4701 τῶν
2387 4650 2731 4720 στρατιωτῶν
2750 4689 2765 4715 ,
2816 4652 2966 4707 κατά
2992 4653 3083 4706 τὸν
3108 4653 3495 4727 εὐαγγελιστὴν
3535 4657 3713 4711 Ἰωάν-

468 4741 573 4812 ipsi
593 4740 811 4810 adjutor
825 4757 941 4797 non
965 4751 1135 4807 esset,
1156 4743 1355 4799 merito
1380 4743 1435 4797 in
1457 4743 1577 4812 ipso
1594 4740 1751 4797 initio
1767 4742 1843 4796 ait
1863 4740 2031 4796 illud:

2142 4756 2268 4811 νην,
2304 4739 2396 4794 τοῦ
2426 4742 2599 4813 ἀμνοῦ
2639 4742 2732 4797 τοῦ
2762 4742 2896 4799 Θεοῦ
2927 4744 3093 4817 λόγχῃ
3130 4746 3229 4817 τὴν
3258 4747 3496 4820 πλευρὰν
3524 4749 3674 4815 ἔνυξε
3694 4790 3708 4809 .

467 4830 628 4903 503
660 4851 678 4884 ι
700 4832 807 4896 Eli,
839 4834 946 4900 Eli,
980 4835 1185 4889 lamma
1218 4833 1603 4899 sabaclitliani,
1634 4833 1738 4889 hoc
1766 4841 1872 4897 est,
1895 4831 2039 4890 Deus

2142 4834 2236 4887 καὶ
2262 4832 2483 4905 ἐξῆλθεν
2514 4835 2677 4900 εὐθὺς
2705 4835 2849 4909 ὕδωρ
2880 4839 2976 4892 καὶ
3002 4834 3161 4909 αἷμα.
3194 4858 3213 4892 ι
3275 4840 3421 4912 Πλὴν
3451 4840 3588 4894 ἀλλά
3618 4844 3712 4897 καὶ

466 4939 641 4988 meus,
690 4924 836 4982 Deus
869 4940 1047 4990 meus,
1079 4941 1251 4996 quare
1276 4941 1363 4981 me
1392 4925 1806 4995 dereliquisti’?
1844 4945 1862 4976 ι
1901 4924 2036 4978 Nam

2141 4924 2238 4996 τὴν
2286 4925 2412 4996 ὃλην
2439 4928 2537 4999 τῆς
2565 4929 2936 5000 πνευματικῆς
2969 4931 3183 4998 φύσεως
3227 4931 3490 5003 νέκρωσιν
3520 4931 3711 5002 δηλοῦν

465 5030 592 5071 cum
612 5015 754 5072 idem
783 5017 1187 5087 conciperetur,
1209 5028 1272 5073 et
1297 5019 1351 5071 in
1369 5024 1527 5072 utero
1541 5032 1575 5070 a
1608 5024 1797 5071 saneta
1816 5013 2038 5085 Virgine

2141 5016 2283 5071 ἔοικε
2301 5017 2367 5071 δι’
2387 5015 2461 5073 ῶν
2484 5037 2644 5091 φησιν
2664 5037 2677 5050 ·
2703 5040 2719 5071 ι
2745 5021 2885 5073 Ὠσιῄ⁸
2900 5021 3048 5093 ὕδωρ
3066 5021 3346 5093 ἐξεχύθην,
3369 5024 3463 5076 καὶ
3480 5023 3715 5095 διεσκορ-

465 5114 790 5178 gestaretur,
810 5118 940 5164 tunc
968 5108 1187 5178 quidem
1208 5117 1441 5179 paterna
1465 5109 1553 5162 vis
1587 5123 1710 5161 cum
1742 5107 1861 5175 ipso
1895 5112 2039 5171 erat,

2140 5107 2306 5178 πίσθη
2333 5108 2512 5162 πάντα
2544 5109 2611 5162 τὰ
2642 5110 2775 5163 ὀστᾶ
2827 5127 2951 5178 μου.
3007 5112 3268 5183 Ἐγενήθη
3315 5113 3347 5183 ἡ
3390 5111 3584 5184 καρδία
3610 5130 3709 5182 μου

465 5215 578 5271 quo
625 5210 867 5271 tempore
894 5200 1141 5271 Spiritus
1194 5208 1420 5257 sanctus
1460 5199 1667 5269 Virgini
1702 5197 2036 5267 supervenit,

2137 5197 2270 5251 ὡσεὶ
2321 5199 2489 5271 κηρὸς
2534 5199 2831 5270 τηκόμενος
2878 5202 2937 5254 ὲν
2995 5202 3144 5272 μέσῳ
3190 5202 3289 5272 τῆς
3347 5202 3553 5267 κοιλίας
3587 5220 3709 5273 μου.

421 5339 436 5349 .
464 5298 522 5347 et
552 5292 726 5347 virtus
754 5294 1025 5348 Altissimi
1071 5293 1418 5348 obumbravit
1447 5291 1550 5355 illi,
1614 5292 1838 5361 ipseque
1876 5288 2037 5343 Pater

2152 5288 2450 5360 Ἐξηράνθη
2485 5290 2560 5354 ὡς
2592 5290 2855 5362 ὄστρακον
2889 5294 2922 5362 ἡ
2953 5291 3105 5362 ἰσχύς
3144 5310 3278 5363 μου,
3304 5293 3396 5347 καὶ
3435 5294 3714 5365 ήγλῶσσά

465 5385 706 5455 eumqui
736 5385 1078 5456 gignebatur,
1125 5384 1269 5440 sicut
1318 5384 1602 5439 oraculum
1636 5382 1916 5444 indicavit,
1967 5381 2036 5436 de

2144 5397 2245 5451 μου
2271 5381 2594 5451 κεκόλληται
2642 5382 2719 5453 τῷ
2750 5382 2980 5454 λάρυγγί
3010 5401 3133 5454 μου.
3160 5404 3183 5435 θ
3265 5385 3330 5438 Τί
3358 5384 3467 5458 γὰρ
3495 5387 3562 5440 ἂν
3588 5384 3714 5441 ἄλλο

466 5484 657 5533 ventre
685 5477 877 5532 matris
901 5477 1156 5542 extraxit,
1186 5492 1311 5532 cum
1336 5483 1516 5532 autem
1557 5475 1659 5529 sub
1693 5475 1871 5543 ipsum
1905 5487 2035 5542 pas.-

2142 5471 2313 5524 ταῦτα
2344 5473 2520 5530 πάντα
2549 5474 2799 5545 σημαίνοι
2846 5475 2877 5545 ἢ
2910 5475 3102 5545 νεκροῦ
3137 5474 3388 5546 σώματος
3420 5476 3714 5542 σύστασινς

467 5565 637 5622 sionis
663 5577 877 5636 tempus
905 5568 973 5621 ad
1007 5569 1207 5623 luctam
1232 5569 1504 5625 adversus
1536 5576 1766 5623 mortem
1810 5581 2037 5622 exuere-

2156 5562 2436 5634 Ἐπιφέρει
2470 5564 2601 5630 γοῦν
2632 5566 2793 5630 εὐθὺς
2823 5563 3033 5634 λέγων’
3090 5588 3112 5619 ι
3134 5570 3243 5622 Καὶ⁵
3276 5571 3355 5632 εὶς
3387 5569 3515 5641 χοῦν
3551 5570 3714 5625 θανά-

465 5660 578 5719 tur,
608 5670 719 5710 non
738 5655 866 5710 item
915 5657 991 5710 illi
1025 5664 1157 5711 tunc
1198 5665 1321 5712 erat
1370 5656 1618 5726 .adjutor.
1649 5654 1760 5727 Ego
1797 5671 2035 5727 namque

2132 5671 2234 5708 -του
2257 5656 2568 5732 κατήγαγες
2602 5675 2691 5729 με.
2714 5678 2737 5712 ι
2769 5659 2952 5714 Ταῦτα
2981 5660 3082 5731 μὲν
3102 5660 3260 5715 οὔπω
3290 5663 3558 5734 γενόμενα
3585 5676 3714 5735 προ-

539 5826 559 5860 ⁹
594 5820 784 5882 Hatth.
823 5842 1007 5892 um,
1041 5828 1128 5884 40.
