4112 6438
412 449 509 503 781

1283 439 1938 498 DEMONSTRATIONIS
1982 436 2439 495 EVANGELICE
2476 436 2606 492 LIB.
2652 436 2723 491 Χ.

3544 430 3649 488 Ἶδῗι

411 565 654 630 ϐλέπων,
705 565 780 629 ὡς
807 564 971 633 ἐγγὺς
1001 562 1055 615 δὲ
1088 562 1180 615 καὶ
1211 559 1433 630 πλησίον
1461 559 1562 629 ήδη
1590 557 1833 621 ἑστῶτα,
1884 556 1979 609 καὶ

2097 570 2185 610 ioc
2216 555 2393 624 ipsum
2419 551 2497 606 illi
2550 548 2865 605 testillcanti
2893 547 3056 603 credo
3074 563 3091 599 .:
3128 560 3256 601 nam
3282 544 3414 601 illud
3445 560 3462 600 ι
3498 560 3519 596 ι
3543 541 3647 607 Eli,

415 656 840 730 περικυκλοῦντα
868 655 1026 709 αὑτὸν
1048 694 1062 718 ,
1116 652 1320 721 ἔλεγεν.
1354 647 1519 714 Αὖθις
1542 649 1601 703 δὲ
1630 645 1982 702 ὲπαναλαϐὼν

415 747 484 804 τά
513 746 613 821 ήδη
647 744 1115 820 προπεπραγμενα
1148 746 1227 807 είς
1257 743 1355 814 τὴν
1376 740 1484 795 τῶν
1516 740 1814 812 μελλόντων
1848 756 1984 809 συμ-

417 840 676 913 ϐήσεσθαι
704 838 1053 911 παραμυθίαν
1075 878 1089 902 ,
1119 830 1206 890 οἷα
1239 835 1528 906 ὑπέμεινεν
1560 830 1981 895 ἐπιϐουλευθεὶς,

415 932 655 988 διδάσκει
687 931 878 1000 λέγων·
918 949 939 981 ι
969 931 1088 982 Ὀτι
1123 927 1435 982 ὲκύκλωσάν
1479 943 1547 997 με
1584 926 1744 988 κύνες
1778 923 1981 987 πολλοὶ,

420 1022 703 1095 συναγωγὴ
731 1020 1170 1093 πονηρευομένων
1191 1018 1475 1091 περιέσχον
1499 1035 1564 1089 με
1584 1035 1597 1048 ι
1612 1037 1631 1069 ι
1653 1016 1741 1070 διὰ
1760 1015 1982 1079 τούτων,

418 1118 494 1183 ὡς
519 1116 663 1180 εἰκὸς
682 1157 696 1180 ,
718 1113 891 1186 δηλῶν
915 1111 1048 1184 ὁμοῦ
1077 1113 1174 1183 μὲν
1200 1111 1439 1173 καὶτοὺς
1462 1108 1795 1181 στρατιώτας
1814 1147 1829 1170 ,
1850 1105 1984 1179 όμοῦ

419 1209 599 1264 eam
627 1208 751 1271 τοὺς
778 1209 843 1260 ὲκ
876 1203 1175 1277 περιτομῆς
1208 1202 1615 1265 ἑπαναστάντας
1647 1198 1815 1269 αὐτῷ.
1885 1218 1903 1251 ι
1924 1199 1986 1252 Οί

424 1300 518 1373 μὲν
548 1299 656 1371 γὰρ
679 1296 1004 1370 στρατιῶται
1029 1296 1120 1350 τοῦ
1143 1294 1373 1349 Πιλάτου
1397 1334 1413 1359 ,
1465 1293 1869 1365 παραλαϐόντες
1895 1291 1988 1345 τὸν

432 1390 636 1463 Ἰησοῦν
662 1391 742 1454 είς
768 1390 831 1443 τὸ
856 1386 1212 1460 πραιτώριον,
1239 1387 1542 1457 συνήγαγον
1563 1385 1691 1456 ὃλην
1711 1384 1808 1456 τὴν
1832 1385 1986 1439 σπεῖ-

424 1500 519 1555 ραν
544 1482 630 1537 ἐπ’
656 1482 836 1536 αὐτόν.
887 1480 997 1534 Καὶ
1023 1478 1342 1542 ἐκδύσαντες
1371 1477 1552 1541 αὑτὸν,
1581 1476 1827 1547 χλαμύδα
1858 1494 1987 1530 κοκ-

421 1574 575 1643 κείνην
602 1570 931 1645 περιέθηκαν
959 1568 1125 1639 αύτῷ.
1191 1569 1301 1623 Καὶ
1332 1566 1623 1634 πλέξαντες
1648 1567 1904 1636 στέφανον
1929 1567 1990 1632 ἐξ

420 1664 667 1720 ἀκανθῶν
689 1662 960 1733 ἐπέθηκαν
988 1662 1078 1716 επὶ
1101 1662 1199 1732 τῆς
1221 1659 1460 1730 κεφαλῆς
1487 1659 1650 1713 αὑτοῦ
1669 1699 1685 1725 ,
1715 1659 1810 1713 καὶ
1832 1659 1992 1713 κάλα-

425 1772 523 1826 μον
555 1757 612 1807 ὲν
636 1757 702 1825 τῇ
728 1754 870 1825 χειρὶ
897 1753 1080 1807 αὑτοῦ.
1155 1752 1262 1806 Καὶ
1284 1752 1755 1822 γονυπετήσαντες
1784 1748 1991 1821 ἐμπρο-

424 1846 548 1900 σθεν
576 1847 643 1899 αύ
655 1845 760 1911 τοῦ,
782 1846 1062 1911 ἐνέπαιζον
1112 1843 1261 1915 αύτῷ
1300 1842 1545 1912 λέγοντες
1570 1859 1584 1872 ·
1625 1843 1818 1913 Χαῖρε,
1840 1842 1871 1894 ό
1897 1840 1992 1911 βα-

2085 645 2193 707 Eli,
2231 645 2432 699 lamma
2486 639 2864 701 sabacbthani,
2890 660 2908 690 ι
2945 639 3088 708 quod
3123 639 3192 693 ab
3229 638 3349 708 ipso
3396 636 3452 691 in
3483 651 3649 692 cruce

2085 734 2289 789 dictum
2323 741 2427 796 est,
2462 745 2675 786 necnon
2720 744 2752 784 a
2802 729 3013 799 psalmo
3042 728 3359 799 prophetico
3398 726 3652 784 enuntia-

2085 832 2220 887 tum,
2255 824 2490 891 itemque
2519 820 2666 891 quod
2693 818 2911 874 aﬂlictio
2938 833 3106 888 prope
3142 817 3381 884 adesset,
3412 824 3467 872 et
3503 815 3651 887 quod

2085 928 2196 968 non
2221 919 2367 967 esset
2397 910 2491 982 qui
2542 910 2826 980 adjuvaret
2856 948 2873 972 ,
2926 908 3058 979 quid
3088 908 3307 963 tandem
3362 908 3466 964 sibi
3504 903 3650 963 aliud

2083 1004 2295 1067 volunt,
2321 1018 2483 1073 quam
2512 1001 2662 1075 quod
2691 1010 2947 1070 tanquam
2992 1015 3222 1071 magnus
3247 1006 3512 1063 certator,
3540 1007 3653 1053 tam

2084 1096 2272 1152 multis
2328 1094 2602 1163 tantisque
2660 1094 2990 1150 adversariis
3044 1094 3160 1164 ipse
3202 1102 3350 1149 esset
3379 1092 3655 1161 objectus,

2086 1189 2341 1260 praefecto
2363 1188 2484 1259 ejus
2498 1188 2818 1244 certaminis
2854 1194 2910 1243 et
2958 1188 3131 1242 totius
3155 1188 3357 1258 negotii
3383 1187 3657 1259 guberna‘

2081 1287 2205 1335 tore
2236 1295 2496 1351 supremo
2518 1278 2765 1334 omnium
2792 1276 2941 1331 Deo?
2973 1275 3262 1346 praesidem
3293 1290 3423 1346 ergo
3472 1289 3653 1329 rerum

2089 1373 2451 1444 gerendarum
2490 1381 2651 1442 atque
2674 1385 3011 1426 assessorem
3063 1370 3389 1441 precabatur
3415 1366 3652 1429 Patrem,

2090 1471 2150 1519 ut
2204 1464 2361 1535 quasi
2418 1462 2785 1534 peritissimus
2831 1462 3038 1531 Aliptes
3092 1461 3199 1517 sibi
3257 1459 3476 1515 adesset
3526 1466 3659 1513 tunc

2089 1557 2346 1618 maxime,
2378 1571 2501 1611 cum
2533 1557 2673 1612 alius
2700 1555 2804 1628 ipsi
2831 1555 3051 1625 adiutor
3075 1553 3267 1609 adesse
3299 1559 3514 1624 poterat
3534 1552 3659 1606 nul-

2089 1648 2197 1712 lus,
2234 1656 2432 1719 praeter
2460 1664 2628 1702 unum
2654 1649 2830 1718 ipsum
2854 1647 3135 1717 quitotius
3159 1645 3360 1716 negotii
3378 1652 3525 1701 esset
3553 1659 3659 1715 gu-

2089 1737 2368 1795 bernator.
2398 1736 2668 1805 Quocirca
2695 1739 2825 1793 dum
2851 1745 2994 1803 orat,
3028 1737 3107 1794 sic
3131 1738 3208 1791 ait
3233 1752 3248 1788 :
3278 1754 3302 1788 ι
3333 1734 3412 1792 Ne
3436 1735 3658 1792 recedas

2094 1845 2126 1885 a
2155 1846 2265 1897 me,
2299 1832 2558 1903 quoniam
2586 1830 2804 1889 afﬂictio
2841 1846 3014 1903 prope
3059 1831 3236 1894 adest,
3265 1831 3525 1902 quoniam
3551 1845 3658 1884 non

423 1936 601 1997 σιλεὺς
630 1902 758 1991 τῶν,
783 1902 1067 1993 Ἰουδαίων.
1146 1902 1257 1990 Καὶ
1293 1902 1669 2006 ἐμπτύσαντες
1700 1902 1780 2000 είς
1804 1902 1988 1997 αὐτὸν,

2096 1932 2176 1980 est
2204 1924 2297 1994 qui
2322 1902 2571 1993 adjuvet.
2601 1944 2623 1976 ι
2657 1923 2867 1980 Divinis
2897 1902 3079 1979 autem
3131 1921 3373 1979 oraculis
3404 1937 3656 1983 cernens.

423 2028 614 2084 ἔλαϐον
655 2030 745 2083 τὸν
774 2029 1015 2100 κάλαμον
1043 2070 1059 2095 ,
1114 2029 1208 2083 καὶ
1239 2028 1467 2082 ἔτυπτον
1500 2030 1580 2092 είς
1624 2028 1724 2101 τὴν
1752 2027 1992 2101 κεφαλὴν

423 2121 607 2176 αὐτοῦ.
670 2121 781 2176 Καὶ
827 2123 915 2176 ὅτε
952 2121 1239 2189 ἒνέπαιξαν
1275 2121 1425 2194 αὐτῷ
1449 2162 1464 2187 ,
1523 2122 1779 2191 ἐξέδυσαν
1832 2123 1993 2178 αὐτὸν

423 2213 520 2285 τὴν
560 2212 805 2285 χλαμύδα
830 2253 847 2278 ,
883 2213 978 2267 καὶ
1006 2213 1259 2268 ἐνέδυσαν
1286 2214 1449 2267 αύτδν
1467 2212 1547 2269 ,τά
1575 2213 1766 2283 ἱμάτια
1787 2213 1951 2268 αὑτοῦ
1972 2231 1989 2249 ο

424 2306 517 2359 καὶ⁵
553 2306 839 2375 ἀπήγαγον
875 2305 1036 2359 αὐτὸν
1073 2306 1153 2369 είς
1193 2305 1257 2358 τὸ
1296 2304 1627 2377 σταυρῶσαι*
1660 2323 1679 2357 ι
1714 2307 1995 2377 μονονουχὶ

424 2396 571 2467 ἔργῳ
631 2395 962 2467 πληροῦντες
1008 2395 1070 2450 τδ
1094 2436 1109 2462 ,
1179 2415 1198 2448 ι
1225 2398 1348 2452 Ὀτι
1380 2396 1695 2451 ἐκύκλωσαν
1732 2415 1799 2469 με
1835 2398 1997 2462 κύνες

426 2485 610 2540 πολλοὶ
631 2524 646 2549 ,
682 2485 967 2557 συναγωγὴ
1020 2488 1467 2559 πονηρευομένων
1496 2489 1782 2560 περιέσχον
1844 2505 1911 2561 με
1930 2505 1943 2519 ο
1970 2508 1989 2539 ι

426 2576 559 2629 ἀλλὰ
594 2577 688 2631 καὶ
729 2576 812 2642 τὸ,
867 2595 886 2629 ι
913 2576 1149 2648 Ὠρυξαν
1181 2578 1368 2650 χεῖράς
1405 2596 1506 2650 μου
1542 2579 1635 2634 καὶ
1668 2579 1835 2644 πόδας
1871 2597 1994 2651 μου,

427 2664 798 2744 ἐξηρίθμησαν
854 2671 1031 2725 πάντα
1083 2670 1152 2724 τὰ
1203 2671 1338 2725 ὀστᾶ
1391 2689 1491 2743 μου
1514 2690 1528 2703 ·
1566 2690 1584 2723 ι
1637 2672 1733 2725 καὶ
1787 2671 1867 2724 ἐτι
1911 2672 1994 2738 τὸ,

435 2780 455 2816 ι
487 2764 649 2819 Αὐτοὶ
697 2764 755 2818 δὲ
798 2764 1133 2836 κατενόησαν
1182 2763 1275 2817 καὶ
1320 2763 1532 2817 ὲπεῖδόν
1574 2780 1640 2835 με
1659 2805 1674 2829 ,
1707 2782 1726 2815 ι
1776 2765 1871 2817 καὶ
1900 2763 1961 2817 τὸ
1979 2802 1995 2827 ,

435 2876 455 2910 ι
487 2858 873 2930 Διεμερίσαντο
912 2856 983 2911 τὰ
1021 2857 1215 2928 ἱμάτιά
1245 2874 1346 2929 μου
1387 2858 1618 2920 ἑαυτοῖς,
1654 2856 1746 2909 καὶ
1783 2856 1878 2908 ἐπὶ
1906 2854 1998 2909 τὸν

430 2950 717 3021 ἱματισμόν
743 2967 845 3023 μου
872 2949 1061 3005 ἔϐαλον
1084 2949 1305 3022 κλῆρον,
1331 2969 1350 3001 ι
1386 2945 1540 3013 αὖθις
1564 2946 1885 3019 ἐπληροῦτο,
1908 2948 1998 3004 ὅτε

428 3043 577 3112 ἥλοις
605 3041 767 3095 αὐτοῦ
804 3042 904 3106 τάς
932 3045 1120 3114 χεῖρας
1159 3041 1255 3096 καὶ
1290 3042 1418 3105 τοὺς
1452 3040 1615 3104 πόδας
1656 3039 1734 3111 τῷ
1780 3037 1998 3115 σταυρῷ

430 3134 781 3206 κατέπειραν,
823 3135 915 3188 καὶ
948 3134 1187 3206 ὁπηνίκα
1218 3131 1287 3187 τὰ
1317 3131 1508 3204 ίμάτια
1545 3131 1711 3187 αὑτοῦ
1744 3130 1998 3194 λαϐόντες

428 3224 805 3298 διεμερίσαντο
865 3226 1094 3289 ἑαυτοῖς.
1168 3225 1227 3278 '0
1288 3221 1421 3292 γοῦν
1479 3222 1730 3292 Ἰωάννης
1791 3222 1996 3292 ἱστορεῖ

2093 2026 2217 2067 cum
2242 2012 2421 2067 adhue
2449 2012 2526 2067 illi
2574 2026 2773 2084 corpus
2822 2012 2879 2067 in
2911 2012 3060 2083 ligno
3110 2018 3259 2069 esset
3307 2026 3658 2082 suspensum,

2093 2104 2437 2160 extrinsecus
2465 2105 2677 2159 circum
2726 2104 2873 2159 hunc
2907 2117 3088 2159 aerem
3144 2111 3429 2160 versantes
3477 2103 3663 2158 incor-

2095 2210 2288 2267 poreas
2313 2207 2367 2252 et
2393 2196 2710 2252 hominibus
2739 2196 3039 2252 invisibiles
3056 2203 3381 2267 potestates,
3403 2212 3523 2266 quae
3550 2197 3662 2251 cir-

2095 2304 2219 2344 cum
2250 2290 2428 2360 ipsum
2464 2290 2622 2361 quasi
2652 2288 2959 2344 crudivorae
2986 2304 3115 2346 aves
3142 2297 3196 2344 et
3231 2288 3356 2344 ierat
3404 2289 3660 2344 advolve-

2093 2379 2312 2442 bantur,
2336 2386 2391 2435 et
2417 2378 2482 2433 ad
2513 2385 2785 2434 mortuum
2816 2379 2927 2433 cito
2958 2378 3200 2433 futurum
3242 2378 3414 2449 ipsius
3439 2392 3661 2447 corpus,

2096 2470 2336 2541 undique
2364 2469 2702 2526 conﬂuentes
2734 2470 3073 2540 principatus
3106 2477 3160 2524 et
3191 2474 3488 2540 potestates
3520 2469 3664 2523 aeris

2090 2561 2261 2631 ‘hujus
2296 2576 2360 2616 ac
2384 2561 2627 2631 spiritus,
2658 2560 2911 2631 quinnnc
2930 2559 3225 2617 efﬁcaciam
3266 2575 3419 2617 suam
3447 2568 3664 2615 exercet

2096 2653 2153 2708 in
2185 2653 2310 2709 ﬁliis
2336 2655 2717 2714 contumaciae,
2747 2667 2846 2708 nec
2872 2667 2984 2708 non
3012 2653 3164 2708 circa
3198 2659 3401 2707 terram
3450 2664 3546 2721 per
3574 2657 3663 2703 too

2094 2752 2212 2800 tum
2244 2745 2453 2809 orbem,
2483 2745 2577 2815 qui
2613 2744 2869 2800 incolitur
2910 2743 2983 2799 ab
3033 2742 3346 2797 hominibus
3376 2742 3665 2798 volitantes

2094 2836 2395 2899 daemones,
2421 2835 2683 2891 credibile
2708 2843 2890 2891 autem
2919 2843 3004 2891 est
3035 2834 3237 2891 vidisse
3266 2832 3509 2889 infernas
3537 2850 3666 2904 quo-

2096 2944 2208 3000 que
2245 2943 2308 2982 ac
2337 2934 2605 2982 tartareas
2631 2927 2841 2983 belluas
2874 2934 3119 2998 agrestes
3157 2934 3323 2996 atque
3343 2924 3666 2983 formidabis-

2096 3018 2199 3081 ies,
2227 3018 2295 3074 de
2316 3018 2516 3089 quibus
2556 3016 2723 3074 Isaias
2740 3057 2756 3082 ,
2781 3016 2850 3072 ad
2876 3032 3000 3072 eum
3030 3016 3123 3087 qui
3147 3016 3213 3072 de
3234 3017 3375 3072 caelo
3397 3016 3668 3076 ceciderat

2098 3108 2412 3166 Luciferum
2460 3123 2770 3165 sermonem
2822 3108 3131 3171 intendens,
3174 3109 3250 3163 ita
3302 3108 3664 3180 loquebatur;

2104 3221 2124 3257 ι
2146 3201 2398 3259 infernus
2429 3201 2618 3257 subter
2654 3201 3012 3256 conturbatus
3048 3200 3210 3256 estin
3239 3215 3530 3257 occursum
3574 3201 3670 3255 ad-

428 3316 626 3388 λέγων’
664 3334 683 3367 ι
714 3318 776 3369 Oi
812 3310 904 3370 οῦν
950 3313 1277 3388 στρατιῶται
1299 3353 1314 3378 ,
1364 3313 1454 3367 ὅτε
1501 3312 1853 3385 ἐσταύρωσαν
1903 3312 1995 3366 τὸν

2096 3304 2294 3353 ventus
2315 3295 2415 3359 tui,
2432 3292 2681 3351 suscitati
2706 3293 2944 3350 sunttibi
2972 3307 3168 3349 omnes
3195 3293 3443 3364 gigantes
3471 3314 3483 3348 :
3512 3313 3531 3345 ι
3554 3293 3670 3349 haec

440 3407 682 3479 Ἰησοῦν,
733 3405 923 3460 ἔλαϐον
969 3406 1039 3461 τά
1094 3406 1284 3478 ίμάτια
1330 3404 1531 3469 αὐτοῦ,
1592 3406 1683 3459 καὶ
1735 3404 1997 3476 ἐποίησαν

431 3497 669 3569 τέσσαρα
698 3497 858 3568 μέρη,
886 3497 1101 3568 ἑκάστῳ
1129 3496 1436 3571 στρατιώτῃ
1462 3497 1643 3569 μέρος.
1665 3496 1770 3550 Τὸν
1797 3495 1999 3568 χιτῶνα

430 3588 509 3652 δὲ,
537 3589 619 3641 ὅτι
645 3589 889 3658 ἆρραφος
914 3583 1003 3659 ἦν,
1037 3590 1102 3641 ὲκ
1125 3588 1233 3640 τῶν
1260 3587 1465 3642 ἄνωθεν
1493 3588 1727 3659 ὑφαντὸς
1754 3587 1821 3641 δι’
1851 3588 1996 3651 ὅλου,

433 3675 586 3734 εἶπον
631 3679 765 3750 πρὸς
809 3678 1067 3750 ἀλλήλους
1090 3695 1103 3709 °
1154 3678 1244 3749 Μὴ
1294 3678 1568 3750 σχίσωμεν
1619 3678 1803 3740 αὐτὸν,
1861 3676 1999 3745 ἀλλὰ

433 3770 683 3843 λάχωμεν
726 3770 853 3843 περ)⁹
903 3769 1066 3823 αὑτοῦ
1113 3769 1256 3834 τίνος
1279 3769 1463 3833 ἐσται,
1517 3770 1604 3823 ἴνα
1644 3767 1903 3840 πληρωθῇ
1963 3768 1997 3837 ἡ

434 3861 624 3937 Γραφὴ
652 3862 687 3932 ἡ
710 3862 941 3931 λέγουσα
961 3878 975 3893 ⁸
1007 3863 1395 3934 Διεμερίσαντο
1418 3861 1488 3915 τὰ
1519 3860 1709 3932 ἱμάτιά
1738 3878 1839 3932 μου
1866 3861 1998 3913 εαυ-

432 3954 578 4016 τοῖς,
624 3952 716 4005 καὶ
757 3952 851 4005 ἐπὶ
895 3950 988 4005 τὸν
1032 3951 1324 4024 ἱματισμόν
1384 3967 1485 4022 μου
1542 3949 1730 4004 ἔϐαλον
1776 3948 1997 4021 κλῆρον.

432 4046 498 4097 0i
566 4044 664 4115 μὲν
726 4040 820 4098 οὖν
888 4043 1217 4115 στρατιῶται
1274 4041 1446 4097 ταῦτα
1504 4042 1742 4097 ἐποίουν.
1792 4060 1812 4094 ι
1891 4041 2003 4097 Kd‘t

433 4134 710 4199 Ματθαῖος
751 4134 808 4190 δὲ
851 4138 964 4199 τοῖς
1001 4134 1385 4206 γεγενημένοις
1430 4134 1620 4190 τοῦτον
1664 4135 1755 4189 τὸν
1801 4134 2002 4207 τρόπον

437 4229 706 4300 μαρτυρεῖ
733 4226 937 4296 λέγων’
989 4245 1009 4279 ι
1042 4226 1460 4299 Σταυρώσαντες
1500 4226 1558 4281 δὲ
1595 4227 1777 4290 αὐτὸν,
1821 4227 2005 4298 διεμε-

436 4318 657 4391 ρίσαντο
681 4317 748 4372 τὰ
787 4317 975 4401 ἱμάτια
998 4317 1186 4383 αύτοῦ,
1216 4318 1465 4389 βαλόντες
1489 4319 1709 4392 κλῆρον,
1738 4319 1825 4373 ῖνα
1861 4319 2002 4391 πλη·-

436 4403 584 4477 ρωθῇ
618 4404 680 4458 τὸ
711 4403 873 4476 ῥηθὲν
909 4403 997 4459 διὰ
1030 4405 1125 4459 τοῦ
1161 4406 1441 4478 προφήτου
1462 4423 1475 4437 ⁸
1509 4407 1894 4481 Διεμερίσαντο
1934 4409 2006 4464 τὰ

438 4495 630 4566 ἱμάτιά
677 4513 777 4569 μου
820 4497 1028 4562 ἑαυτοῖς
1053 4536 1069 4561 ,
1128 4499 1221 4552 καὶ
1270 4499 1364 4553 ἐπὶ
1409 4500 1499 4557 τὸν
1555 4500 1846 4572 ἱματισμόν
1900 4518 2002 4572 μου

2101 3388 2284 3459 itaque
2313 3389 2497 3443 omnia
2530 3386 2909 3458 conspiciens,
2941 3402 3099 3441 suum
3143 3386 3490 3443 extrinsecus
3518 3386 3669 3441 cruci

2101 3478 2315 3534 allixum
2336 3482 2538 3550 corpus
2564 3479 2619 3534 in
2656 3479 2841 3534 orbem
2872 3478 3174 3548 cingentia,
3208 3492 3376 3548 seque
3405 3477 3669 3534 adversus

2101 3572 2279 3641 ipsum
2310 3571 2686 3641 comparantia
2714 3570 3116 3624 multitudinem
3160 3584 3352 3625 eorum
3385 3570 3668 3625 collectam

2099 3663 2381 3728 describit,
2416 3664 2496 3718 sic
2521 3663 2712 3718 dicens
2742 3682 2755 3716 :
2794 3682 2812 3713 ι
2853 3661 3351 3718 Cirwmdederunt
3395 3678 3483 3718 me
3515 3664 3669 3717 vituli

2100 3754 2283 3817 multi,
2314 3754 2458 3808 tauri
2500 3754 2733 3825 pingues
2784 3754 3120 3811 obsederunt
3166 3769 3274 3810 me.
3324 3755 3671 3826 Aperuerunt

2096 3859 2266 3916 super
2284 3859 2373 3900 me
2391 3859 2453 3899 os
2480 3859 2663 3907 suum,
2688 3852 2746 3899 ut
2768 3845 2853 3900 leo
2884 3846 3104 3917 rapiens
3123 3853 3178 3902 et
3206 3846 3447 3918 rugiens.
3475 3868 3495 3901 υ
3514 3846 3673 3920 505

2100 3936 2311 3993 Etenim
2338 3936 2468 3992 dum
2497 3938 2754 3999 animam,
2786 3947 2845 3991 ut
2875 3952 2977 4008 par
3010 3944 3115 4001 est,
3151 3939 3443 3993 humanam
3479 3946 3534 3995 et
3567 3955 3672 3993 ca:-

2100 4030 2234 4086 teris
2258 4030 2497 4086 similem
2532 4044 2632 4086 nec
2663 4030 2899 4104 amplius
2929 4039 3190 4100 praeterea
3226 4030 3519 4102 quidquam
3549 4048 3672 4088 esse

2100 4122 2459 4185 arbitrantur,
2488 4122 2634 4193 quod
2681 4123 2737 4179 in
2778 4138 3008 4193 corpore
3045 4120 3174 4181 Jesu
3222 4124 3522 4190 habitabat,
3558 4125 3669 4181 bel-

2101 4214 2228 4280 luat,
2255 4215 2323 4271 dc
2346 4215 2554 4286 quibus
2609 4214 2873 4279 diximus,
2917 4224 3248 4285 aperuerunt
3286 4231 3350 4273 os
3401 4232 3583 4283 suum,
3612 4226 3669 4273 ut

2098 4308 2559 4379 quemadmodum
2583 4308 2725 4364 alias
2775 4308 3058 4364 hominum
3114 4311 3324 4366 animas
3376 4326 3672 4369 consueve-

2100 4406 2248 4465 rant,
2284 4401 2359 4454 ita
2406 4401 2571 4457 etiam
2614 4401 2762 4456 hanc
2814 4401 3163 4465 devorarent,
3216 4413 3547 4474 quaprOpter
3592 4405 3673 4460 sic

2105 4493 2182 4547 ait
2218 4512 2232 4548 :
2275 4512 2295 4545 ι
2331 4494 2676 4564 Aperncrunt
2734 4512 2899 4568 super
2952 4512 3040 4551 me
3077 4512 3141 4553 os
3199 4513 3381 4563 suum,
3416 4505 3671 4563 tanquam

435 4587 624 4644 ἔϐαλον
672 4588 869 4680 κλήρον
890 4605 904 4621 ο
955 4590 1050 4645 καὶ
1105 4590 1404 4663 καθήμενοι
1464 4594 1696 4665 ἐτήρουν
1739 4592 1922 4647 αὐτόν.
1978 4612 1995 4646 ι

2105 4581 2195 4639 leo
2216 4584 2438 4655 rapiens
2466 4592 2529 4640 et
2561 4586 2804 4657 rugiens,
2838 4605 2858 4638 ι
2913 4588 3115 4657 quibus
3169 4586 3428 4663 deinceps
3481 4587 3675 4657 adjun-

437 4680 611 4743 Κύνες
649 4678 710 4733 δὲ
750 4675 890 4751 ἦσαν
939 4681 1264 4747 κυκλοῦντες
1313 4683 1507 4748 αὑτὸν,
1563 4684 1658 4738 καὶ
1713 4682 2001 4756 συναγωγή

435 4769 899 4841 πονηρευομένων,
936 4772 986 4824 oi
1017 4773 1082 4826 ὲκ
1106 4774 1407 4846 περιτομῆς
1434 4775 1695 4846 ἄρχοντες
1725 4777 1834 4832 τῶν
1871 4778 2002 4832 Ἰου-

434 4859 619 4925 δαίων,
655 4862 716 4915 οῖ
746 4879 806 4915 τε
841 4868 1185 4935 γραμματεῖς
1239 4867 1331 4919 καὶ
1377 4868 1427 4919 oi
1464 4868 1770 4941 ἀρχιερεῖς,
1816 4871 1908 4924 καὶ
1951 4872 2002 4925 οἱ

434 4950 736 5020 Φαρισαῖοι,
764 4953 813 5005 οἱ
844 4953 937 5007 καὶ
974 4955 1038 5007 τὸ
1065 4956 1172 5009 πᾶν
1213 4956 1595 5021 ἁνασείσαντες
1625 4958 1826 5030 πλῆθος
1856 4956 1999 5024 ἐξαν-

434 5041 700 5115 τήσασθαι
736 5046 797 5102 τὸ
822 5040 962 5117 αἷμα
990 5047 1155 5102 αὐτοῦ
1184 5049 1307 5103 καθ’
1329 5050 1537 5105 ἑαυτῶν
1575 5051 1669 5105 καὶ
1707 5051 1852 5106 κατὰ
1892 5052 2001 5106 τῶν

436 5131 583 5188 ἰδίων
618 5136 842 5192 τέκνων.
882 5139 1073 5208 Σαφῶς
1100 5138 1231 5209 γοῦν
1273 5143 1302 5195 ό
1332 5141 1560 5206 Ἡσαΐας
1605 5141 1773 5206 κύνας
1804 5144 2004 5206 αὐτοὺς

433 5227 699 5283 ἀποκαλεῖ
741 5231 1000 5298 φάσκωνι
1057 5250 1076 5282 ι
1109 5234 1317 5297 Πάντες
1360 5232 1520 5298 κύνες
1560 5235 1722 5298 ὲνεοὶ,
1746 5235 1812 5290 ού
1836 5234 2000 5290 δυνά-

438 5336 588 5391 μενοι
623 5319 891 5377 ὑλακτεῖν.
924 5342 941 5373 ι
984 5323 1113 5377 Δέον
1147 5324 1257 5395 γὰρ
1293 5326 1513 5390 αὐτοὺς,
1546 5327 1594 5380 εί
1634 5328 1726 5382 καὶ
1756 5327 1830 5399 μὴ
1874 5344 1999 5381 ποι-

438 5408 612 5481 μένων
644 5410 840 5482 τρόπον
873 5412 1251 5483 ἀνειλήφεσαν,
1289 5413 1423 5469 ἀλλὰ
1447 5415 1608 5489 δίκην
1630 5416 1760 5485 γοῦν
1773 5417 1999 5487 ἀγαθῶν

435 5500 632 5565 κυνῶν,
670 5502 771 5573 τὴν
809 5502 905 5556 τοῦ
947 5504 1203 5559 δεσπότου
1248 5505 1471 5578 λογικὴν
1515 5508 1750 5580 ποίμνην
1796 5511 1890 5564 καὶ
1931 5509 2004 5564 τὰ

436 5593 679 5665 πρόϐατα
702 5595 796 5649 τοῦ
826 5595 975 5651 οίκου
1011 5598 1227 5672 Ἰσραὴλ
1272 5600 1655 5670 φυλάττοντας.
1701 5604 2001 5676 ἐπιστημο-

437 5684 601 5749 νικῶς
632 5686 903 5753 ὑλακτεῖν,
943 5687 1223 5756 σαίνοντας
1260 5692 1360 5767 μὲν
1401 5692 1494 5750 καὶ
1536 5694 2002 5763 ἑπιγινὼσκοντας

550 5861 591 5893 ⁸⁸
626 5862 776 5920 Joan.
815 5883 905 5924 xix
927 5911 940 5933 ,
974 5869 1062 5928 5i.

2108 4676 2224 4747 git:
2260 4695 2279 4728 ι
2319 4676 2487 4744 Quasi
2514 4692 2655 4748 aqua
2684 4678 2891 4736 eﬂ'usus
2921 4695 3064 4743 sum,
3105 4698 3124 4730 ι
3159 4678 3306 4750 quod
3346 4678 3563 4749 quidem
3587 4681 3673 4735 vel

2108 4772 2245 4844 ipsis
2272 4772 2524 4829 sensibus
2550 4772 2756 4842 percipi
2785 4772 2982 4842 potuit,
3012 4780 3175 4843 atque
3227 4771 3455 4833 historia
3514 4771 3671 4831 ﬁdem

2106 4865 2340 4921 faciente
2365 4865 2690 4934 completum
2710 4874 2952 4930 est,cum
2969 4865 3220 4921 videlicet
3244 4879 3388 4919 unus
3413 4864 3669 4927 militum,

2110 4964 2173 5012 ut
2195 4963 2281 5013 est
2307 4955 2448 5027 apud
2478 4958 2866 5028 evangelistam
2894 4956 3183 5022 Joannem,
3222 4975 3243 5009 ι
3271 4955 3407 5027 Agni
3431 4953 3525 5011 Dei
3552 4966 3673 5016 lau-

2106 5062 2205 5103 cea
2233 5048 2376 5103 latus
2406 5047 2639 5118 aperuit,
2667 5059 2723 5103 et
2771 5048 2940 5107 exivit
2973 5048 3237 5105 continuo
3290 5060 3428 5116 aqua
3458 5053 3514 5101 et
3544 5058 3673 5099 san-

2107 5140 2233 5211 guis
2264 5139 2333 5203 “,
2373 5158 2392 5191 ι
2428 5139 2525 5195 sed
2556 5147 2737 5195 tamen
2769 5149 2938 5195 totam
2967 5138 3265 5209 spiritualis
3286 5145 3494 5192 natura:
3521 5149 3671 5189 mor.-

2107 5230 2460 5287 titicationem
2506 5230 2817 5302 signiﬁcare
2866 5230 3103 5293 videtur,
3135 5228 3228 5284 ubi
3283 5228 3404 5284 ait:
3445 5244 3465 5280 ι
3503 5225 3672 5292 Quasi

2109 5338 2250 5394 aqua
2291 5323 2498 5380 eﬂusus
2545 5339 2688 5387 sum,
2722 5331 2777 5379 et
2823 5323 3069 5395 dispersa
3118 5327 3249 5377 sunt
3302 5320 3483 5376 omnia
3545 5332 3673 5377 ossa

2107 5429 2247 5469 mea.
2288 5411 2512 5469 Factum
2556 5424 2642 5475 est
2672 5428 2769 5469 cor
2805 5427 2984 5475 meum
3030 5420 3285 5480 tanquam
3329 5423 3454 5467 cera
3500 5408 3675 5477 lique-

2110 5523 2272 5564 scens
2306 5509 2361 5563 in
2395 5504 2575 5561 medio
2602 5504 2808 5569 ventris
2854 5504 2981 5559 mei.
3019 5502 3178 5556 Aruit
3222 5508 3482 5572 tanquam
3529 5507 3675 5556 testa

2105 5600 2284 5655 virtus
2314 5615 2449 5665 mea,
2478 5605 2532 5655 et
2560 5598 2746 5669 lingua
2776 5610 2894 5650 mea
2941 5595 3171 5651 adhaesit
3216 5593 3423 5667 gutturi
3465 5607 3608 5650 meo.
3649 5610 3670 5644 ι

2107 5692 2251 5761 Quid
2285 5692 2433 5756 enim
2468 5689 2616 5753 aliud
2667 5688 2888 5753 tandem
2918 5690 3172 5754 universa
3202 5689 3319 5753 haec
3346 5685 3672 5767 signiﬁcent,
3700 5676 3703 5679 λ
