4112 6484
498 451 608 509 733

1152 452 1420 508 EUSEBII
1455 453 1935 511 CJESABIENSIS
1964 456 2117 511 OPP.
2159 457 2341 514 PARS
2383 462 2444 515 ll.
2480 494 2547 503 --
2582 465 3079 526 APOLOGETICA.

3635 481 3733 538 78‘

494 586 658 642 quam
694 586 892 624 mortui
927 571 1172 639 corporis
1208 570 1613 625 conditionem?
1638 571 1864 640 proinde
1914 573 2018 627 illic

2118 574 2253 635 ιτὸν
2303 579 2511 632 ἑαυτῶν
2555 577 2821 653 δεσπότην
2874 586 2967 638 καὶ
3018 588 3418 660 ἀρχιποιμένα,
3483 593 3633 671 πάσῃ
3672 617 3731 654 τι

496 662 742 733 adjungit
773 661 903 716 illud
942 680 955 715 :
997 679 1016 713 ι
1054 659 1120 714 Et
1148 663 1202 715 in
1229 662 1505 732 pulverem
1556 663 1750 718 mortis
1781 663 2057 718 deduxisti

492 769 600 809 me.
636 772 656 805 ι
693 751 817 807 Haac
847 752 1010 822 igitur
1034 753 1162 807 dum
1222 754 1471 823 providet
1527 755 1766 809 nondum
1809 755 1972 819 facta,
2000 767 2059 811 ut

2162 669 2373 741 φυλακῇ
2419 672 2519 743 τὴν
2570 678 3004 749 πεπιστευμένην
3059 680 3246 745 αὐτοῖς
3293 683 3529 757 ποίμνην
3568 669 3732 760 φρου-

2159 759 2403 831 ροῦντας,
2432 764 2680 819 ὑλακτεῖν
2710 767 2790 832 δὲ,
2826 771 2874 822 εἰ
2901 770 3027 841 ἄρα,
3057 772 3199 825 κατά
3240 773 3352 828 τῶν
3381 775 3580 841 ἔξωθεν
3611 759 3729 836 επι-

491 843 836 899 adventantia
870 852 1051 899 tamen
1077 843 1213 899 etde
1240 849 1487 914 proximo
1512 845 1872 908 imminentia,
1900 858 1954 903 et
1977 862 2018 902 st

2157 850 2518 907 ϐουλευόντων
2554 858 2620 926 τῇ
2650 856 2855 929 ποίμνῃ
2876 874 2891 889 ο
2927 860 2977 911 οί
3008 859 3062 912 δὲ
3105 860 3285 916 κυνῶν
3313 864 3513 936 τρόπον
3541 869 3727 936 ὲνεῶν,

489 936 665 1006 ipsum
689 934 916 1005 jamjam
967 936 1469 1000 circumvenientia,
1500 935 1733 991 dicebat.
1788 936 1892 992 Sed
1932 953 2055 992 rur-

486 1041 582 1082 sus
610 1026 855 1097 repetitis
885 1027 954 1083 iis
990 1042 1112 1097 quae
1132 1026 1246 1097 jam
1283 1034 1444 1081 antea
1496 1035 1644 1097 gesta
1666 1042 1675 1047 ·
1701 1036 1848 1090 sunt,
1882 1037 1938 1083 ut
1968 1044 2055 1086 se-

485 1118 663 1189 ipsum
696 1119 763 1174 de
796 1118 866 1175 iis
891 1133 1013 1189 qua:
1053 1126 1241 1189 postea
1294 1129 1553 1174 eventura
1582 1127 1760 1183 erant,
1794 1123 2053 1177 consola-

485 1219 657 1272 retur,
691 1225 816 1281 quae
846 1210 1169 1265 sustinuerit
1191 1209 1407 1267 insidiis
1436 1212 1861 1277 circumventus,
1895 1213 2054 1268 docet

481 1301 569 1358 bis
592 1301 818 1357 verbis:
857 1319 876 1352 ι
916 1303 1183 1367 Quoniam
1230 1302 1707 1359 circumdederunt
1742 1318 1827 1358 me
1885 1318 2050 1360 canes

482 1395 657 1449 multi.
712 1393 1074 1465 Congregatio
1122 1393 1536 1463 malignantium
1592 1394 1809 1450 obsedit
1859 1410 1982 1450 me:
2022 1413 2042 1446 ι

479 1485 680 1555 quibus
709 1500 844 1541 sane
886 1486 1067 1540 verbis
1105 1492 1227 1539 tum
1282 1484 1433 1556 ipsos
1488 1484 1691 1540 milites
1737 1496 1853 1541 tum
1881 1487 2045 1541 etiam

477 1578 695 1634 Iuda-os
744 1580 839 1648 qui
907 1578 963 1632 in
1013 1578 1252 1648 seipsum
1299 1578 1767 1647 conspiraverant,
1816 1577 2045 1648 intelligi

478 1671 614 1725 vult.
654 1668 937 1741 Siquidem
973 1687 996 1721 ι
1034 1671 1235 1725 milites
1259 1667 1419 1724 Pilati
1466 1669 1829 1738 suscipientes
1853 1667 2042 1725 Jesum

479 1763 535 1817 in
592 1762 863 1833 puetorio,
899 1767 1369 1831 congregaverunt
1427 1761 1496 1815 ad
1544 1775 1668 1815 eum
1733 1760 2042 1816 universam

475 1856 774 1913 cohortem.
806 1855 874 1909 Et
902 1865 1164 1911 exucntes
1185 1871 1331 1919 eum,
1361 1854 1697 1927 chlamydem
1726 1852 2039 1910 coccineam

2153 945 2230 1009 ὡς
2273 947 2487 1017 ἀληθῶς
2520 951 2615 1003 καὶ
2664 952 2978 1023 μεμηνότων
3021 956 3147 1019 τοὺς
3191 956 3466 1029 ὑλαγμοὺς
3511 961 3723 1035 ἔφερον,

2151 1035 2219 1088 τὰ
2254 1037 2495 1107 πρόϐατα
2529 1038 2623 1091 τοῦ
2660 1041 2916 1110 ποιμένος
2965 1042 3365 1115 ἐξαγριοῦντες,
3400 1047 3542 1103 ὥστε
3583 1051 3726 1108 εἰκό-

2149 1140 2258 1186 τως
2282 1125 2467 1188 αὐτοῖς
2496 1127 2756 1197 ἁρμόζειν
2780 1130 2870 1183 τόο
2929 1148 2947 1182 ι
2973 1132 3424 1203 Περιεκύκλωσάν
3454 1156 3522 1209 με
3563 1141 3725 1210 κύνες

2149 1213 2367 1277 πολλοὶ,
2412 1218 2700 1289 συναγωγὴ
2746 1221 3195 1292 πονηρευομένων
3254 1227 3541 1298 περιέσχον
3581 1248 3669 1302 με.
3695 1251 3715 1285 ι

2147 1305 2257 1358 Καὶ
2292 1307 2493 1372 πάντες
2519 1307 2576 1361 δὲ
2609 1311 2659 1362 οί
2699 1312 2779 1374 είς
2814 1310 2972 1384 δεῦρο
2998 1314 3088 1367 τὸν
3121 1315 3304 1386 ὅμοιον
3340 1321 3542 1391 τρόπον
3576 1323 3721 1378 ὲκεί-

2145 1413 2255 1461 vos;
2276 1397 2743 1471 διαπραττόμενοι,
2778 1403 2837 1456 ὲν
2868 1403 2947 1474 τῷ
2978 1404 3314 1479 βλασφημεῖν
3344 1408 3438 1464 καὶ
3471 1411 3718 1467 ὑλακτεῖν

2144 1490 2232 1543 τὸν
2265 1491 2497 1561 Χριστὸν
2532 1491 2626 1545 τοῦ
2657 1492 2811 1556 Θεοῦ,
2840 1495 2940 1548 οὐκ
2983 1494 3048 1553 ἂν
3081 1497 3347 1570 ἀλλότριοι
3379 1499 3600 1556 ἐκείνων
3631 1502 3718 1559 λο-

2142 1578 2394 1648 γισθείεν.
2448 1580 2607 1634 Ἀλλά
2651 1582 2743 1635 καὶ
2781 1583 2831 1635 οἱ
2868 1582 3023 1656 δίκην
3068 1585 3177 1639 τῶν
3214 1588 3335 1640 τότε
3374 1588 3715 1646 ἀσεϐούντων

2143 1672 2489 1743 στρατιωτῶν
2533 1674 2995 1746 ἀνασταυροῦντες
3036 1677 3129 1731 τὸν
3152 1678 3278 1732 Υίὸν
3309 1678 3403 1732 τοῦ
3430 1679 3565 1734 Θεοῦ
3617 1681 3714 1737 καὶ

2140 1762 2723 1835 παραδειγματίζοντες
2752 1767 2852 1820 οὐκ
2885 1766 2950 1821 ἂν
2978 1767 3079 1838 τῆς
3110 1769 3334 1824 ἐκείνων
3362 1770 3579 1843 μακρὰν
3612 1772 3680 1841 γέ

2141 1869 2313 1906 νοιντο
2345 1852 2654 1919 διαθέσεως.
2708 1855 2911 1920 Πάντες
2949 1852 3043 1910 οὖν
3084 1858 3252 1911 εἰσέτι
3305 1860 3400 1913 καὶ
3431 1859 3526 1913 νῦν
3558 1863 3607 1915 οί
3646 1861 3709 1917 τὸ

471 1949 948 2005 circumdederunt
976 1948 1049 2003 ei.
1099 1947 1165 2002 Et
1196 1948 1491 2018 plectentes
1523 1961 1781 2003 coronam
1832 1945 1897 2001 de
1926 1944 2018 2014 spit

2139 1940 2297 2012 σῶμα
2327 1942 2422 1996 τοῦ
2448 1942 2705 2014 Χριστοῦ,
2738 1945 2984 1999 τουτέστι
3017 1946 3117 2018 τὴν
3154 1946 3498 2019 Ἐκκλησίαν,
3524 1948 3708 2004 λωϐὠο

473 2041 581 2105 nis,
619 2041 994 2110 imposuerunt
1023 2053 1186 2109 super
1227 2047 1392 2108 caput
1439 2038 1582 2108 ejus,
1629 2044 1684 2093 et
1715 2038 2035 2092 arundinem

472 2134 528 2187 in
559 2132 778 2187 dextera
806 2130 946 2201 ejus.
971 2128 1037 2183 Et
1067 2128 1295 2200 genibus
1325 2129 1479 2183 ﬂexis
1500 2136 1627 2184 ante
1659 2145 1805 2193 eum,
1840 2129 2034 2184 illude-

470 2225 603 2280 bant
631 2224 681 2281 ei
703 2223 950 2279 dicentes
974 2242 987 2277 :
1015 2222 1148 2287 Ave,
1172 2219 1285 2276 Rex
1314 2220 1648 2278 Iudaeorum.
1685 2220 1748 2275 Et
1764 2236 2035 2291 exspuen-

469 2327 551 2371 tes
585 2320 639 2372 in
667 2331 812 2380 eum,
846 2323 1174 2385 acceperunt
1206 2312 1550 2378 arundinem,
1573 2324 1627 2368 et
1653 2315 2031 2385 percutiebant

464 2418 631 2480 caput
663 2409 803 2477 ejus.
860 2407 925 2463 Et
972 2416 1261 2478 postquam
1303 2407 1597 2462 illuserunt
1643 2407 1717 2471 ei,
1764 2413 2031 2461 exuerunt

465 2518 588 2557 eum
641 2499 1022 2572 chlamydem,
1097 2507 1152 2553 et
1205 2498 1502 2554 induerunt
1558 2512 1682 2552 eum
1731 2502 2028 2551 vestimen-

463 2601 535 2653 tis
584 2598 700 2655 suis
732 2617 746 2652 :
775 2604 829 2652 et
882 2596 1225 2652 abduxerunt
1251 2611 1375 2651 eum
1405 2603 1463 2649 ut
1491 2592 1870 2663 cruciﬁgerent
1894 2591 1967 2657 ¹¹;
2003 2610 2021 2643 ι

462 2689 852 2761 propemodum
905 2703 966 2743 re
1017 2689 1134 2759 ipsa
1180 2690 1513 2758 complentes
1574 2685 1704 2738 illud
1760 2703 1773 2739 :
1814 2703 1833 2736 ι
1873 2683 2024 2751 Quo-

460 2784 607 2838 niam
681 2781 1157 2837 circumdederunt
1216 2796 1301 2836 me
1366 2794 1531 2834 canes
1603 2778 1755 2831 multi
1822 2796 1835 2831 :
1890 2792 2027 2832 con-

460 2877 643 2929 cilium
692 2875 1102 2946 malignantium
1151 2870 1365 2926 obsedit
1417 2885 1523 2925 me.
1582 2889 1601 2921 ι
1661 2867 1819 2939 505
1882 2868 2025 2935 Quin

458 2967 591 3022 illud
642 2969 805 3023 etiam
851 2985 865 3021 :
912 2984 930 3016 ι
983 2964 1261 3020 Foderunt
1302 2977 1499 3016 manus
1540 2975 1691 3016 meas
1740 2969 1795 3016 et
1855 2960 2020 3032 pedes

386 3074 395 3081 ·
451 3073 646 3122 meos,
677 3055 1158 3110 dinumeraveruut
1206 3052 1389 3107 omnia
1452 3067 1576 3107 ossa
1628 3065 1770 3106 mea.
1828 3070 1847 3102 ι
1888 3049 2022 3104 Item

449 3149 591 3203 illud
634 3167 652 3203 τ
705 3166 724 3198 ι
772 3146 881 3217 Ipsi
917 3154 1098 3200 autem
1146 3145 1634 3200 consideraverunt
1674 3150 1728 3198 et
1769 3142 2021 3212 inspexe-

447 3248 584 3297 runt
625 3241 679 3295 in
720 3254 837 3303 me,
873 3258 893 3292 ι
927 3246 982 3294 et
1038 3239 1169 3293 illud
1217 3258 1230 3293 :
1268 3257 1287 3291 ι
1331 3237 1647 3294 Diviserunt
1696 3237 2017 3292 vestimenta

450 3346 574 3388 mea
623 3332 754 3394 sibi,
805 3339 863 3387 et
896 3345 1060 3401 super
1087 3341 1290 3386 vestem
1343 3345 1523 3385 meam
1577 3333 1844 3385 miserunt
1897 3340 2017 3382 sor-

452 3434 583 3477 tem.
619 3442 639 3476 ι
675 3420 820 3487 Haec,
857 3422 1103 3493 inquam.
1132 3422 1315 3476 omnia
1364 3429 1495 3475 tunc
1541 3422 1810 3491 completa
1863 3425 2013 3484 sunt,

448 3530 574 3567 cum
607 3514 663 3569 in
687 3528 849 3568 cruce
880 3523 934 3566 et
958 3527 1152 3568 manus
1186 3513 1333 3568 illius
1359 3521 1409 3568 et
1435 3512 1618 3582 pedes.
1648 3513 1818 3567 clavis
1842 3519 2018 3567 trans-

450 3609 705 3672 tixerunt,
757 3614 811 3660 et
844 3620 967 3659 cum
994 3606 1151 3660 illius
1180 3606 1503 3661 vestimenta
1550 3606 1904 3673 accipientes,
1950 3618 2013 3659 ea

450 3700 588 3747 inter
620 3708 680 3749 se
699 3691 1024 3747 diviserunt.
1058 3692 1189 3747 Nam
1213 3708 1332 3753 eam
1360 3709 1474 3748 rem
1521 3692 1760 3749 Joannes
1789 3695 2013 3764 exponit

439 3786 530 3840 his
554 3786 781 3841 verbis:
819 3804 837 3837 ι
876 3785 1076 3839 Milites
1126 3786 1290 3855 igitur
1323 3801 1446 3840 cum
1481 3786 1885 3842 crueilixissent
1917 3785 2009 3842 Je-

438 3893 588 3940 sum,
616 3882 946 3947 acceperunt
965 3876 1288 3932 vestimenta
1330 3876 1472 3945 ejus,
1509 3885 1565 3931 ct
1598 3876 1844 3932 fecerunt
1873 3894 2010 3949 qua-

441 3976 567 4023 tuor
597 3976 800 4038 partes,
826 3968 1124 4038 unicuique
1142 3966 1301 4022 militi
1326 3975 1535 4038 partem
1580 3985 1599 4023 :
1636 3970 1824 4023 tunica
1855 3986 2004 4033 vero.

439 4058 566 4126 quia
591 4070 707 4113 erat
730 4058 1076 4113 incozzsutilis
1106 4073 1135 4111 a
1160 4073 1375 4114 summo
1402 4064 1656 4113 contexta
1684 4075 1779 4129 per
1805 4068 2003 4127 totum,

439 4152 694 4206 dixerunt
718 4151 860 4205 inter
894 4166 954 4205 se
985 4168 998 4205 :
1036 4149 1113 4206 Ne
1143 4150 1461 4206 scindamus
1492 4165 1634 4213 eam.
1669 4152 1763 4207 sed
1808 4155 2005 4208 sortia-

434 4259 560 4298 mur
591 4244 658 4299 de
688 4245 777 4297 illa
805 4245 965 4312 cujus
1005 4243 1098 4307 sit,
1131 4252 1192 4298 ut
1224 4245 1542 4313 impleretur
1566 4243 1857 4314 Scriptura
1886 4262 2005 4316 quae

427 4332 569 4386 dicit
593 4353 610 4388 :
653 4333 842 4388 Partiti
886 4341 1016 4389 sunt
1068 4335 1393 4389 vestimenta
1441 4349 1561 4390 mea
1591 4334 1718 4398 sibi,
1755 4343 1809 4389 et
1840 4351 2005 4406 super

432 4432 637 4480 vestem
665 4440 840 4485 meum
874 4425 1141 4481 miserunt
1186 4435 1390 4481 sortem
1424 4444 1437 4479 :
1472 4436 1526 4482 et
1552 4428 1753 4484 milites
1780 4428 1999 4498 quidem

434 4518 548 4570 h-cc
580 4516 823 4573 fecerunt
850 4519 919 4572 “.
971 4537 989 4568 ι
1028 4516 1317 4574 Matthazus
1346 4534 1477 4574 vero
1502 4519 1694 4574 iisdem
1722 4520 1888 4576 rebus
1908 4536 2001 4591 ge-

2139 2049 2287 2103 μενοι
2321 2036 2508 2105 χεῖρας
2540 2034 2706 2089 αὐτοῦ
2748 2036 2841 2089 καὶ
2873 2036 3036 2101 πόδας
3076 2038 3168 2092 καὶ
3202 2040 3422 2111 προσέτι
3450 2041 3521 2097 re
3543 2040 3705 2097 ὀστέα

2133 2125 2588 2198 διαχειρίζονται,
2645 2128 2702 2182 εί
2744 2145 2808 2197 γε
2856 2129 3059 2195 πάντες
3108 2131 3167 2184 ἒν
3224 2132 3382 2204 σῶμά
3427 2135 3593 2206 ὲσμεν
3645 2137 3704 2191 ἑν

2132 2217 2374 2290 Χριστῷ,
2426 2220 2454 2272 ό
2501 2219 2559 2272 δὲ
2607 2220 2803 2285 καθείς
2847 2222 3089 2293 ἀλλήλων
3137 2225 3293 2297 μέλη.
3353 2229 3461 2284 Καὶ
3493 2230 3594 2282 οὐκ
3636 2227 3703 2283 ἀν

2131 2307 2273 2362 εἴποι
2305 2310 2337 2379 ἡ
2368 2309 2577 2381 κεφαλὴ
2605 2313 2718 2374 τοῖς
2752 2313 2911 2366 ποσί·
2953 2315 3184 2385 «Χρείαν
3217 2316 3371 2386 ὑμῶν
3394 2317 3497 2370 οὐκ
3523 2317 3652 2389 ἔχω,
3677 2338 3696 2370 ι

2128 2399 2204 2463 ὼς
2237 2400 2356 2453 οὐδὲ
2396 2403 2515 2465 ταῖς
2550 2402 2737 2474 χερσὶν
2792 2404 2841 2456 οί
2879 2403 3163 2476 ὀφθαλμοί.
3213 2408 3369 2460 Κατά
3408 2408 3539 2478 γοῦν
3573 2412 3702 2476 τοὺς

2131 2494 2356 2563 καιροὺς
2380 2492 2488 2545 τῶν
2516 2493 2792 2564 διωγμῶν,
2821 2496 2875 2549 εἴ
2899 2498 3028 2551 ποτέ
3059 2514 3180 2552 τινα
3205 2500 3346 2553 κατά
3373 2499 3481 2554 τῶν
3524 2500 3700 2572 μελῶν

2127 2582 2221 2636 τοῦ
2248 2582 2480 2656 Χριστοῦ
2519 2585 2656 2657 πρὸς
2689 2587 2797 2640 τῶν
2847 2587 3055 2660 ἐχθρῶν
3101 2591 3195 2643 καὶ
3240 2590 3513 2663 πολεμίων
3548 2595 3702 2665 ἐνερ-

2129 2678 2294 2744 γοίτο,
2343 2674 2485 2729 εἴποι
2534 2675 2601 2729 ἂν
2642 2677 2735 2732 καὶ
2788 2681 2915 2750 περὶ
2962 2681 3141 2733 αὐτῶν
3180 2683 3280 2736 οὐκ
3328 2683 3574 2755 ἀκαίρως
3614 2685 3696 2751 τὸ,

2132 2785 2152 2818 ι
2188 2768 2421 2838 Ὠρυξαν
2480 2772 2668 2843 χεῖράς
2730 2789 2862 2843 μου,
2925 2774 3020 2828 καὶ
3084 2775 3247 2840 πόδας
3306 2794 3407 2847 μου
3438 2817 3454 2843 ,
3511 2778 3696 2851 ἐξηρί-

2128 2857 2341 2930 θμησαν
2392 2861 2570 2916 πάντα
2615 2865 2686 2918 τά
2730 2865 2868 2919 ὀστᾶ
2908 2883 3030 2937 μου.
3080 2868 3241 2921 Αὐτοὶ
3268 2866 3325 2920 δὲ
3362 2870 3696 2942 κατενόησαν

2126 2953 2220 3006 καὶ⁵
2263 2953 2471 3008 ἐπεῖδόν
2528 2972 2613 3025 με.
2644 2975 2666 3008 ι
2722 2957 2855 3011 Τότε
2913 2958 2969 3012 δὲ
3024 2961 3117 3013 καὶ
3178 2958 3581 3032 διαμερίζονται
3625 2963 3695 3018 τὰ

2123 3043 2318 3113 ίμάτια
2348 3044 2512 3098 αὐτοῦ
2540 3046 2772 3110 ἑαυτοῖς,
2810 3048 2905 3101 καὶ
2941 3049 3033 3101 ἐπὶ
3052 3049 3143 3102 τὸν
3193 3038 3482 3121 ἱματισμὸῦ
3529 3051 3691 3107 αὑτοῦ

2124 3133 2373 3205 βάλλουσι
2424 3139 2654 3210 κλῆρον,
2699 3141 2787 3194 ὅτε
2830 3142 2924 3195 τὸν
2951 3141 3045 3194 τοῦ
3089 3141 3247 3212 λόγου
3294 3144 3528 3216 κόσμον,
3570 3145 3688 3217 ἦτοι

2120 3229 2218 3291 τὰς
2244 3227 2413 3294 λέξεις
2437 3228 2546 3284 τῶν
2581 3231 2740 3284 θείων
2767 3233 3016 3303 Γραφῶν,
3057 3234 3245 3288 ἄλλοτε
3268 3235 3435 3300 ἄλλως
3459 3236 3686 3301 ἕκαστος

2046 3294 2088 3351 c
2119 3321 2444 3394 διαφθείρων
2478 3294 2923 3389 ὲπισπᾶταιίκαὶ
2949 3294 3037 3380 ὅτε
3068 3327 3167 3392 τὰς
3195 3332 3317 3401 περί
3339 3294 3497 3384 αὐτοῦ
3523 3294 3680 3396 δόξας

2117 3409 2459 3485 διαστρόφοις
2516 3414 2886 3481 διδασκαλίαις
2950 3417 3454 3489 ἀπολαμϐάνουσιν,
3523 3423 3680 3477 ὁποῖα

2119 3504 2346 3577 σύνηθες
2387 3510 2499 3571 τοῖς
2538 3507 2719 3571 ἀθέοις
2751 3509 3093 3580 αἱρεσιώταις
3141 3516 3332 3566 ποιεῖν.
3384 3512 3504 3567 Ἐπὶ
3553 3516 3697 3570 πᾶσι.

2114 3596 2323 3661 τούτοις
2370 3598 2505 3669 πρὸς
2550 3598 2641 3653 τὸν
2686 3600 2882 3653 ἑαυτοῦ
2920 3601 3051 3655 Θεὸν
3098 3604 3189 3656 καὶ
3214 3603 3415 3675 Κύριον
3451 3604 3547 3658 καὶ
3576 3605 3693 3659 Πα-

2114 3689 2247 3761 τέρα
2290 3690 2387 3760 τὴν
2417 3691 2581 3762 εὐχὴν
2624 3692 2944 3756 ἀποτείνας,
2990 3694 3244 3765 ἐπιφέρει
3299 3695 3472 3763 λέγων
3498 3712 3511 3726 ·
3564 3715 3582 3747 ι
3614 3696 3691 3749 Σὺ

2112 3780 2189 3845 δὲ,
2229 3781 2433 3852 Κύριε,
2484 3783 2557 3853 μὴ
2594 3782 2877 3857 μακρύνῃς
2921 3784 3020 3855 τὴν
3059 3785 3310 3856 βοήθειάν
3357 3803 3478 3857 μου.
3522 3807 3541 3841 ι
3599 3787 3686 3840 Ὠ»

2111 3872 2220 3945 γὰρ
2266 3875 2345 3937 εἰς
2393 3873 2565 3945 βραχὺ
2601 3874 2979 3944 καταλειφθεὶς
3016 3878 3152 3949 πρὸς
3195 3878 3292 3948 τὴν
3329 3878 3424 3933 τοῦ
3479 3880 3685 3948 ἀγῶνος

2109 3964 2388 4031 ἐπίδειξιν,
2438 3966 2530 4019 καὶ
2578 3967 2737 4036 μόνος
2771 3966 2890 4038 δίχα
2927 3968 3120 4039 βοηθοῦ
3154 3970 3290 4042 πρὸς
3324 3973 3417 4026 τὸν
3458 3974 3685 4027 θάνατον

2108 4058 2537 4129 ἀποδυσάμενος,
2574 4055 2633 4113 εὖ
2669 4059 2824 4124 εἰδὼς
2859 4060 2958 4132 τὴν
2992 4062 3244 4135 βοήθειαν
3276 4066 3376 4137 τὴν
3407 4067 3557 4139 παρὰ
3589 4067 3685 4121 τοῦ

2108 4151 2318 4222 Πατρός
2363 4151 2466 4204 οὐκ
2509 4151 2682 4216 ἄλλως
2727 4152 2875 4224 αὐτῷ
2919 4155 3242 4226 γενήσεσθαι
3287 4156 3443 4226 ἦδιά
3479 4159 3578 4228 τῆς
3618 4160 3686 4214 ἐκ

2105 4244 2313 4316 νεκρῶν
2390 4244 2738 4309 ἀναστάσεως
2764 4286 2779 4309 ,
2843 4246 3065 4309 εἰκότως
3130 4248 3221 4300 ἐπὶ
3250 4247 3342 4299 τοῦ
3415 4249 3686 4319 παρόντος

2103 4336 2318 4406 εὔχεται
2358 4335 2589 4403 διεξόδου
2638 4339 2820 4404 τυχεῖν
2864 4338 2962 4407 τῆς
3001 4335 3108 4389 τῶν
3153 4337 3460 4407 ἀντιπάλων
3502 4355 3685 4412 παρα-

2101 4427 2325 4492 τάξεως.
2371 4427 2462 4480 Διό
2488 4441 2649 4498 φησιο
2681 4427 2786 4479 «Σὺ
2817 4426 2893 4489 δὲ,
2923 4426 3114 4496 Κύριε,
3150 4427 3222 4498 μὴ
3261 4427 3542 4502 μακρύνῃς
3580 4431 3682 4502 τὴν

2105 4516 2351 4590 βοήθειάν
2403 4533 2535 4587 μου,
2589 4517 2671 4578 εἰς
2715 4514 2814 4585 τὴν
2855 4515 3139 4587 ἀντίληψίν
3195 4533 3294 4587 μου
3351 4518 3606 4589 πρόσχες.
3654 4536 3674 4571 ι

431 4611 533 4666 stis
580 4612 634 4666 in
668 4612 814 4667 hunc
855 4613 1074 4668 modum
1107 4612 1265 4668 Iidem
1297 4612 1426 4667 facit
1459 4632 1473 4667 :
1509 4630 1527 4663 ι
1568 4612 1863 4682 Postquam
1895 4629 1995 4667 au-

2118 4608 2200 4662 ne
2233 4608 2341 4680 γὰρ
2382 4608 2480 4678 τῆς
2529 4608 2629 4677 σῆς
2679 4606 2932 4677 βοηθείας
2978 4608 3321 4680 ἡάντίληψίς
3375 4628 3464 4681 μοι
3519 4611 3681 4683 γενή.

426 4712 534 4757 tem
564 4705 956 4759 crucitixerunt
983 4720 1129 4767 eum,
1162 4705 1466 4759 diviserunt
1494 4706 1818 4759 vestimenta
1842 4705 1995 4775 ejus,

426 4802 626 4848 sortem
677 4796 974 4859 mittentes,
1008 4803 1066 4849 ut
1113 4796 1429 4865 impleretur
1476 4795 1622 4866 quod
1668 4795 1874 4851 dictum
1910 4805 1996 4850 cst

423 4898 523 4954 per
556 4886 870 4956 prophetam
927 4904 941 4941 :
993 4886 1305 4943 Diviserunt
1336 4889 1657 4943 vestimenta
1705 4903 1822 4943 mea
1862 4887 1991 4953 sibi,

420 4985 476 5030 et
501 4992 667 5048 super
685 4988 894 5034 vestem
927 4994 1102 5034 meam
1125 4980 1394 5035 miserunt
1423 4988 1624 5036 sortem
1650 5000 1671 5035 τε
1703 4988 1760 5035 et
1796 4980 1996 5036 seden»

420 5075 503 5122 tes
537 5070 826 5125 servabant
865 5086 990 5125 eum
1012 5071 1076 5124 ⁸³.
1118 5091 1137 5124 ι
1185 5070 1362 5127 Canes
1386 5079 1566 5127 autem
1599 5071 1874 5142 erantqui
1920 5071 1992 5126 il-

419 5160 530 5214 lum
554 5160 1052 5225 circumdederant,
1095 5167 1151 5216 et
1197 5169 1501 5217 conventus
1547 5162 1986 5232 malignantium,

416 5248 522 5318 ipsi
555 5250 621 5304 ad
649 5250 1123 5306 circumcisionem
1149 5251 1483 5322 pertinentes
1511 5252 1866 5321 magistratus
1895 5249 1989 5304 Ju-

416 5339 680 5404 daeorum,
704 5348 758 5395 et
779 5338 989 5397 Scriba
1015 5350 1069 5397 et
1094 5343 1368 5413 principes
1395 5341 1743 5397 sacerdotum
1768 5350 1822 5396 et
1843 5340 1988 5396 Pha-

417 5431 580 5494 risaei,
629 5432 725 5503 qui
755 5433 919 5487 etiam
952 5434 1265 5490 universam
1298 5434 1707 5488 multitudinem
1757 5448 1986 5503 compu-

416 5519 614 5583 lerunt,
651 5531 710 5577 ut
740 5523 1062 5594 sanguinem
1097 5524 1246 5582 illius
1268 5530 1321 5580 et
1351 5525 1643 5580 adversum
1688 5525 1910 5597 seipsos
1933 5537 1987 5581 et

416 5611 703 5667 adversum
729 5614 867 5670 tilios
893 5629 1027 5672 suos
1055 5624 1324 5686 peterent.
1356 5613 1595 5670 Proinde
1614 5614 1787 5671 Isaias
1818 5616 1983 5685 plane

413 5697 535 5754 illos
561 5717 724 5759 canes
756 5712 930 5769 vocat,
965 5707 1094 5762 dum
1120 5707 1251 5761 dicit
1284 5726 1296 5761 :
1339 5725 1358 5759 ι
1399 5705 1602 5762 Omnes
1653 5722 1818 5763 canes
1858 5714 1977 5761 stu-

2106 4715 2275 4762 σεται,
2313 4699 2382 4751 δι’
2404 4699 2468 4769 ἣν
2491 4696 2772 4766 ἀντίληψιν
2798 4698 2827 4750 ό
2856 4699 2963 4762 πᾶς
2993 4699 3218 4763 εἰκότως
3263 4699 3677 4770 προγέγραπται

2100 4789 2310 4859 ψαλμὸς
2342 4790 2481 4860 ὑπὲρ
2503 4790 2601 4860 τῆς
2625 4789 2853 4860 ἑωθινῆς
2895 4791 3247 4862 ἀντιλήψεως.
3270 4792 3366 4855 Εἰς
3398 4794 3497 4864 τὴν
3529 4792 3679 4846 ἀντί-

2098 4880 2258 4953 ληψιν
2302 4880 2591 4954 τοιγαροῦν
2643 4882 2918 4953 πρόσχες,
2970 4892 3225 4956 παρέχων
3276 4902 3366 4957 μοι
3411 4887 3509 4959 τὴν
3551 4887 3676 4941 ὅσον

2094 4974 2247 5027 οὔπω
2271 4974 2411 5028 κατά
2431 4975 2530 5046 τὴν
2564 4974 2637 5027 ἕω
2661 4976 2725 5028 ἐκ
2751 4976 2959 5048 νεκρῶν
2987 4978 3336 5042 ἀναστάσεως
3368 4979 3672 5050 ἀντίληψιν,

2092 5059 2160 5137 ἦς
2206 5063 2409 5128 ἐλπίζω
2471 5063 2796 5130 τεύξεσθαι,
2865 5067 3044 5130 ὲπάν,
3109 5067 3183 5139 μὴ
3239 5068 3519 5140 μακρύνας
3572 5085 3673 5139 μου

2092 5154 2287 5227 αὐτὴν,
2335 5174 2353 5205 ι
2389 5156 2527 5228 ῥύσῃ
2581 5154 2690 5207 ἀπὸ
2739 5158 3010 5228 ῥομφαίας
3062 5158 3161 5230 τὴν
3203 5157 3380 5230 ψυχήν
3423 5176 3544 5230 μου,
3579 5160 3675 5213 καὶ

2090 5249 2156 5300 ὲκ
2201 5245 2382 5318 χειρὸς
2433 5245 2593 5309 κυνὸς
2637 5245 2738 5315 τὴν
2795 5247 3053 5318 μονογενῆ
3108 5263 3242 5318 μου·
3304 5248 3443 5302 ἐπὰν
3492 5247 3673 5321 σώσῃς

2093 5355 2160 5409 με
2242 5339 2308 5391 ἐκ
2382 5339 2650 5408 στόματος
2736 5335 2947 5402 λέοντος
2971 5378 2985 5403 ,
3070 5340 3165 5392 καὶ
3232 5339 3340 5393 ἀπὸ
3422 5340 3670 5410 κεράτων

2092 5430 2478 5505 μονοκερώτων
2509 5430 2610 5500 τὴν
2634 5430 2958 5485 ταπείνωσιν
2994 5447 3097 5501 μου
3116 5447 3130 5460 ·
3163 5449 3183 5483 ›
3220 5431 3298 5484 Δι’
3326 5424 3402 5485 ὧν
3430 5431 3667 5504 ἡγοῦμαι

2087 5525 2249 5578 αὐτὸν
2278 5522 2377 5587 τὰς
2410 5521 2794 5593 καταχθονίους
2832 5521 3163 5576 αἰνίττεσθαι
3190 5522 3469 5592 δυνάμεις,
3498 5517 3574 5576 ὧν
3601 5525 3665 5579 οὐ

2088 5614 2206 5669 καθ’
2234 5615 2383 5685 ἡμᾶς
2435 5614 2503 5668 ἂν
2554 5612 2640 5684 εἴη
2693 5614 2811 5667 κατ’
2844 5609 2981 5678 εἶδος
3038 5612 3436 5668 διαστείλασθαι
3464 5614 3558 5670 καὶ
3586 5614 3661 5669 δι-

2086 5708 2244 5771 ελεῖν,
2262 5707 2408 5770 ὃπως
2436 5707 2471 5776 ὴ
2497 5705 2597 5775 μέν
2621 5721 2702 5768 τις
2726 5704 2904 5759 αὐτῶν
2930 5705 3174 5776 ῥομφαία
3202 5701 3337 5760 οὖσα
3360 5706 3665 5761 ἀνετείνετο

484 5881 527 5914 ³⁸
568 5882 756 5939 Matth.
792 5902 972 5952 xxvu,
1008 5887 1195 5941 27-3l.
1270 5889 1317 5921 ³³
1355 5887 1513 5945 Joan.
1552 5904 1639 5944 ιιι
1665 5934 1678 5959 ,
1713 5891 1900 5961 εδβι.
1976 5892 2018 5923 ¹²

2151 5890 2249 5945 t-th.
2291 5905 2319 5943 ι
2334 5902 2479 5955 xv",
2513 5887 2700 5953 55,36.
