4112 6448
446 363 553 420 785

1358 350 2007 410 DEMONSTRATIONIS
2046 347 2502 405 EVANGELICA‘Z
2534 350 2660 403 LIB.
2702 348 2768 403 Χ.

3597 345 3689 402 786

448 474 589 533 κατά
620 474 717 546 τῆς
753 473 926 544 ψυχῆς
958 470 1052 525 τοῦ
1085 470 1331 541 Σωτῆρος
1363 468 1521 540 ἡμῶν
1540 486 1553 500 ·
1598 472 1631 539 ἠ
1665 469 1722 522 δέ
1750 484 1833 532 τις
1872 467 2018 520 κύων

2130 463 2257 535 pidi.
2279 465 2372 534 qui
2405 473 2684 535 nequeunt
2713 465 2915 518 latrare
2936 464 2997 517 ιδ.
3034 485 3052 515 ι
3086 464 3219 519 Cum
3251 464 3394 519 enim
3417 479 3512 519 eos
3532 479 3691 534 opor-

447 565 582 624 οῦσα
624 565 859 633 θανάτῳ,
892 563 991 634 τὴν
1033 561 1402 632 θανατηφόρον
1431 563 1589 632 χεῖρα
1635 558 2019 632 προύϐάλλετο,

450 661 529 722 είς
572 655 633 710 τὸ
679 651 1021 721 καθάψασθαι
1067 648 1256 719 αὐτῆς.
1305 648 1396 701 Διό
1441 664 1604 720 φησι·
1644 646 1871 700 ιῬῦσαι
1915 644 2023 697 ἀπὸ

452 748 727 823 ῥομφαίας
774 744 870 816 τὴν
911 743 1086 813 ψυχήν
1134 758 1259 812 μου,
1285 740 1380 794 καὶ
1410 742 1474 793 ἐκ
1501 739 1681 812 χειρὸς
1724 737 1883 799 κυνὸς
1927 734 2023 806 τὴν

452 837 714 913 μονογενῆ
749 853 849 907 μου
868 851 881 865 ·
918 853 936 886 ι
974 832 1105 903 ἀλλη
1137 832 1195 885 δέ
1223 849 1306 895 τις
1342 830 1553 903 πονηρά
1584 832 1677 884 καὶ
1709 828 1815 882 τῶν
1845 830 2021 882 ἐκεῖσε

450 930 653 1003 θηρίων
702 927 979 1001 ἡγουμένη
1029 925 1277 995 δύναμὶς,
1306 923 1443 976 λέων
1486 919 2019 993 προσαγορευομένη,

450 1019 510 1074 τὸ
547 1017 716 1072 πλατὺ
759 1016 851 1069 καί
881 1014 1078 1084 ἀχανὲς
1109 1013 1201 1066 τοῦ
1232 1012 1463 1066 θανάτου
1495 1012 1669 1081 στόμα
1692 1008 2020 1075 ὃιανοίξασα,

452 1109 590 1182 μετά
613 1107 720 1161 τῶν
751 1106 924 1162 ἄλλων
950 1104 1059 1157 τῶν
1085 1106 1165 1167 εἰς
1199 1103 1324 1175 ᾆδου
1360 1103 1656 1156 κατιόντων
1681 1101 1776 1155 καὶ
1798 1100 1894 1171 τὴν
1927 1101 2024 1153 αὐ·-

450 1201 543 1256 τοῦ
573 1200 748 1272 ψυχὴν
775 1201 1061 1253 καταπιεῖν
1091 1196 1337 1269 ὥρμητο,
1363 1194 1644 1268 ὠσπεροῦν
1685 1194 1850 1248 πάλαι
1892 1192 2025 1264 πρό-

446 1304 605 1365 τερον
632 1292 892 1346 κατέπιεν
917 1292 946 1344 6
969 1289 1195 1351 θάνατος
1231 1287 1474 1358 ἰσχύσας,
1498 1287 1595 1356 οὑχ
1623 1286 1809 1357 ἕτερος
1834 1284 1908 1339 ὢν
1928 1285 2024 1339 τοῦ

449 1382 679 1438 ἐνταῦθα
719 1382 950 1445 λέοντος,
984 1379 1077 1433 τοῦ
1122 1379 1186 1432 το
1231 1377 1404 1447 στόμα
1449 1377 1589 1430 κατά
1637 1377 1727 1430 τοῦ
1775 1377 2022 1447 Σωτῆρος

450 1474 607 1546 ἡμῶν
639 1471 989 1544 ἀνεῲξαντος,
1025 1471 1116 1538 ἀφ’
1141 1463 1200 1523 οῦ
1232 1469 1325 1522 καὶ
1353 1469 1515 1521 αὑτοῦ
1547 1468 1781 1539 σωθῆναι
1809 1467 1896 1520 τὸν
1922 1467 2025 1520 Πα-

448 1565 582 1638 τέρα
630 1563 935 1637 παρακαλεῖ
983 1561 1190 1629 λέγων·
1252 1579 1269 1610 ι
1298 1559 1477 1613 Σῶσόν
1528 1576 1593 1630 με
1644 1562 1708 1612 ὲκ
1760 1558 2023 1627 στόματος

448 1656 680 1722 λέοντος.
714 1677 731 1708 ι
767 1652 888 1710 Εἶεν
920 1654 964 1708 δ’
987 1652 1054 1707 ἂν
1077 1654 1169 1706 καὶ
1193 1652 1347 1706 άλλαι
1371 1651 1515 1714 τινὲς
1536 1651 1770 1722 πονηραὶ
1800 1650 1893 1703 καὶ
1917 1648 2025 1701 θεό-

453 1763 617 1819 μαχοι
658 1744 934 1815 δυνάμεις,
980 1741 1056 1813 τῷ
1104 1741 1428 1813 μονοκέρωτι
1448 1738 1540 1791 τοῦ
1564 1738 1697 1792 Θεοῦ
1730 1736 2024 1807 ἀντιπράτ-

448 1855 639 1893 τουσαι
687 1837 782 1891 καὶ
822 1834 1278 1906 ἀντιπαρεξάγειν
1303 1829 1469 1885 αὑτοῦ
1505 1833 1748 1902 ὲπιχειρο
1787 1846 1896 1894 σαι,
1931 1829 2023 1897 ἀφ’
2057 1818 2104 1876 Β

448 1925 527 1985 ὧν
557 1931 651 1983 καὶ
680 1928 857 1981 αὐτῶν
884 1929 913 1979 6
943 1925 1034 1979 τοῦ
1055 1925 1189 1981 Θεοῦ
1226 1924 1553 1995 μονόκερως,
1581 1922 1740 1986 αὐτὸς
1764 1920 1792 1971 6
1822 1921 2025 1991 Κύριος

450 2021 630 2094 ἡμῶν,
650 2021 806 2092 μόνον
834 2017 925 2071 τὸν
952 2016 1173 2088 Πατέρα
1202 2014 1367 2087 κέρας
1396 2013 1555 2084 ἔχων,
1586 2011 1683 2083 τὴν
1717 2008 1907 2064 ἑαυτοῦ
1939 2026 2028 2064 τα-

451 2112 707 2166 πείνωσιν
743 2108 1003 2182 ρυσθῆναι
1031 2106 1191 2172 ἀξιοῖ,
1221 2104 1393 2171 λέγων
1412 2121 1425 2134 ·
1460 2122 1479 2154 ι
1514 2103 1623 2156 Καὶ
1651 2101 1757 2154 ἀπὸ
1782 2101 2025 2171 κεράτων

452 2200 833 2275 μονοκερώτων
870 2201 959 2271 τὴν
998 2197 1324 2253 ταπείνωσιν
1361 2213 1481 2262 μου.
1513 2213 1530 2244 ι
1566 2193 1731 2247 Ποίαν
1759 2191 1815 2245 δὲ
1835 2192 2024 2250 ταπεί-

448 2312 612 2351 νωσιν
661 2294 695 2367 ἢ
746 2293 950 2363 ταύτην
1000 2291 1187 2361 αὐτὴν,
1226 2289 1345 2342 καθ’
1377 2288 1441 2358 ἢν
1501 2306 1519 2338 ι
1551 2288 1608 2338 ὲν
1660 2288 1837 2356 μορφῇ
1891 2283 2026 2339 Θεοῦ

451 2387 711 2459 ὑπάρχων
738 2384 1100 2439 ἐταπείνωσεν
1127 2380 1315 2436 ἑαυτὸν
1337 2380 1430 2433 καλ⁵
1457 2378 1712 2442 ὲκένωσε,
1738 2377 2026 2447 γενόμενος

451 2481 690 2552 ὑπήκοος
725 2477 885 2549 μέχρι
916 2474 1167 2536 θανάτου,
1196 2472 1421 2525 θανάτου
1451 2471 1508 2523 δὲ
1534 2468 1799 2541 σταυροῦ;
1839 2488 1857 2520 ι
1891 2468 2025 2523 ἀλλά

451 2571 562 2643 γὰρ
593 2569 688 2623 ἐπὶ
720 2566 972 2622 τοσοῦτον
1018 2563 1312 2629 κατελθὼν,
1344 2564 1436 2616 καὶ
1482 2561 1641 2633 μέχρι
1672 2559 1860 2613 τούτου
1886 2559 2024 2630 φθά-

455 2677 572 2725 σας,
602 2660 744 2729 λέγω
774 2660 835 2732 δὴ
868 2660 1028 2731 μέχρι
1049 2659 1147 2730 τῆς
1171 2660 1228 2712 έν
1256 2656 1333 2728 τῷ
1362 2656 1463 2728 ᾄδῃ
1490 2655 1781 2727 ῥομφαίας,
1811 2655 1904 2714 καὶ
1927 2654 2027 2725 τῆς

452 2751 633 2824 χειρὸς
658 2751 749 2806 τοῦ
787 2751 973 2806 αὐτόθι
997 2750 1287 2820 λεγομένου
1322 2749 1482 2811 κυνὸς
1519 2747 1659 2818 (ὅθεν
1701 2748 1794 2800 καὶ
1830 2746 2024 2808 παῖδας

461 2844 730 2916 Ἑλλήνων
743 2842 904 2908 εἰκὼς
920 2843 938 2914 (
954 2844 997 2914 Ι)
1027 2841 1264 2896 τοιοῦτόν
1280 2857 1399 2895 τινα
1412 2839 1862 2910 παρακούσαντας
1890 2838 2024 2891 κύνα

453 2936 705 3000 θανάτου,
732 2936 826 2991 καὶ
859 2934 1044 2988 τοῦτον
1075 2932 1396 3006 τρικέφαλον
1421 2932 1827 3004 ἀναζωγραφεϊν
1843 2930 1883 2996 ),
1931 2931 2024 2983 καὶ

453 3031 615 3104 μέχρι
645 3030 703 3084 δὲ
726 3030 833 3083 τῶν
867 3027 1160 3101 φαρύγγων
1188 3024 1282 3080 τοῦ
1312 3025 1778 3099 προδεδηλωμένου
1813 3021 2022 3086 λέοντος

451 3124 641 3188 ὲλθὼν,
672 3124 765 3177 καὶ
786 3120 883 3193 τὴν
908 3120 1231 3176 ταπείνωσιν
1262 3117 1426 3173 αὑτοῦ
1454 3121 1564 3181 τοῖς
1589 3115 1900 3179 ἀντιπάλοις
1930 3114 2024 3168 καὶ

451 3215 739 3287 θεομάχοις
765 3212 1125 3286 μονοκέρωσιν
1152 3209 1527 3281 ὑποστρώσας,
1557 3208 1652 3261 καὶ
1672 3208 1764 3262 ἐπὶ
1787 3206 1942 3261 τοῦτό
1961 3223 2023 3274 γε

452 3304 600 3370 τέλος
630 3306 727 3377 τὴν
760 3306 937 3358 πᾶσαν
966 3300 1278 3373 οἰκονομίαν
1306 3300 1406 3371 τῆς
1432 3297 1624 3353 ἑαυτοῦ
1658 3295 1937 3359 κενώσεὼς
1965 3313 2024 3350 τε

453 3398 545 3452 καὶ
568 3396 950 3460 ταπεινώσεως
977 3397 1200 3466 στήσας,
1218 3395 1451 3449 κᾶπειτα
1475 3391 1771 3462 εὐξάμενος
1792 3391 1892 3462 ήδη
1920 3388 2026 3444 λοι-

452 3486 550 3541 πὸν
581 3489 760 3557 τυχεῖν
797 3486 897 3557 τῆς
942 3484 1193 3557 βοηθείας
1232 3485 1324 3537 καὶ
1355 3483 1454 3553 τῆς
1492 3482 1642 3555 παρά
1678 3480 1772 3535 τοῦ
1817 3480 2028 3552 Πατρὸς

452 3574 806 3645 ἀντιλήψεως,
833 3572 1074 3641 ἐπιλέγει
1093 3590 1115 3606 ι
1156 3591 1173 3623 ι
1205 3573 1277 3625 Σὺ
1299 3571 1378 3635 δὲ,
1404 3571 1598 3642 Κύριε,
1637 3570 1710 3643 μὴ
1745 3570 2027 3643 μακρύνῃς

452 3666 548 3738 τὴν
579 3664 829 3737 βοήθειάν
875 3682 999 3737 μου,
1025 3667 1103 3729 είς
1128 3664 1226 3736 τὴν
1256 3663 1538 3735 ἀντίληψιν
1570 3681 1673 3735 μου
1715 3664 1967 3735 πρόσχες.
2002 3682 2020 3714 ι

453 3756 561 3810 Καὶ
583 3755 728 3809 τοῦτ’
757 3757 925 3811 εἰπὼν
953 3756 1054 3810 οὐκ
1082 3757 1162 3819 είς
1196 3754 1412 3827 μακρὰν
1439 3754 1677 3825 ὲπηκόου
1698 3754 1792 3808 τοῦ
1819 3752 2030 3823 Πατρδς

450 3847 732 3917 τυγχάνει,
779 3846 861 3921 μὴ
907 3844 1309 3919 μακρυνθέντος
1329 3883 1345 3907 ,
1395 3844 1528 3916 μηδὲ
1580 3841 1642 3897 τὸ
1695 3842 2028 3915 βραχύτατον

452 3934 842 4007 ὑπερθεμένου,
871 3936 1052 3998 αὐτοῖς
1093 3934 1151 3988 δὲ
1205 3933 1386 4007 ἔργοις
1441 3934 1723 4006 μονονουχὶ
1763 3935 2031 4005 φήσαντος

450 4023 632 4095 αὐτῷ*
676 4025 827 4078 ιἝτι
869 4023 1155 4088 λαλοῦντός
1199 4041 1316 4089 σου,
1350 4024 1491 4096 ἐρῶ·
1532 4024 1663 4078 Ἰδοὺ
1710 4024 1960 4097 πάρειμι.
2006 4043 2025 4075 ι

452 4117 562 4172 Καὶ
588 4117 651 4187 δὴ
675 4116 818 4173 τοῦτ’
851 4116 1193 4187 αἰσθόμενος,
1227 4118 1325 4188 τῆς
1353 4133 1414 4169 τε
1448 4117 1719 4189 πατρικῆς
1759 4116 2029 4188 βοηθείας,

453 4209 705 4282 καθάπερ
743 4208 963 4282 ηὔξατο,
992 4207 1190 4280 τυχὼν,
1221 4207 1469 4263 ἐντεῦθεν
1514 4208 1698 4263 λοιπὸν
1735 4209 2032 4281 ἀπέρχεται

451 4300 546 4354 τοῦ
588 4302 851 4356 ἐπινικίου
888 4300 1077 4373 ὕμνου,
1108 4302 1247 4372 ὑπὲρ
1287 4302 1386 4372 τῆς
1425 4301 1654 4373 ἑωθινῆς
1698 4302 2032 4372 ἀντιλήψεως

451 4394 544 4449 τὸν
565 4392 774 4465 ψαλμὸν
807 4393 1147 4465 ποιούμενος,
1171 4394 1228 4446 ὲν
1260 4387 1341 4457 οἷς
1371 4410 1532 4463 φηοιο
1568 4411 1587 4443 ι
1615 4395 1952 4466 Διηγήσομαι
1971 4395 2032 4447 τὸ

2126 564 2285 621 teret,
2316 558 2529 613 tametsi
2580 565 2863 627 pastorum
2924 571 3132 610 morem
3169 571 3277 611 non
3309 567 3685 626 susceperant,

2125 654 2363 703 attamen
2395 649 2662 703 bonorum
2697 663 2894 702 canum
2930 647 3123 712 instar,
3161 645 3373 701 Domini
3403 647 3485 719 sui
3522 650 3689 699 ratio.

2125 740 2303 795 nalem
2337 756 2555 810 gregem
2587 748 2750 809 atque
2775 754 2904 794 oves
2939 736 3135 793 domus
3177 739 3342 794 Israel
3374 739 3689 792 custodien-

2126 841 2230 895 tes,
2262 831 2423 886 docte
2449 847 2513 886 ac
2542 834 2836 901 prudenter
2857 833 3079 893 latrare,
3105 832 3500 902 Dominumque
3529 847 3685 886 suum

2125 936 2190 975 ac
2213 929 2490 992 pastorum
2520 922 2815 991 principem
2842 924 3152 978 demulcere
3184 931 3345 992 atque
3369 937 3683 993 agnoscere,

2123 1016 2382 1084 omnique
2426 1014 2673 1069 custodia
2707 1015 2974 1070 creditum
3016 1015 3117 1070 sibi
3148 1031 3362 1086 gregem
3393 1029 3688 1070 conserva-

2124 1120 2206 1169 re,
2238 1107 2439 1159 latrare
2465 1112 2645 1159 autem
2676 1103 2723 1159 si
2761 1104 2899 1158 forte
2934 1106 3192 1160 acerbius
3222 1105 3441 1166 vellent,
3496 1115 3688 1158 contra

2124 1214 2220 1253 eos
2254 1197 2308 1251 id
2347 1196 2545 1259 facere,
2577 1197 2667 1266 qui
2697 1196 3042 1251 extrinsecus
3082 1197 3232 1267 gregi
3273 1196 3685 1257 insidiarentur,

2127 1290 2231 1360 ipsi
2265 1299 2479 1351 contra,
2524 1303 2723 1343 canum
2779 1288 3123 1358 stupidorum
3176 1302 3346 1356 reque
3375 1302 3500 1342 vera
3542 1287 3690 1340 insa-

2126 1382 2392 1435 nientium
2425 1382 2616 1445 instar,
2664 1381 2897 1435 latratus
2923 1395 3053 1435 suos
3081 1378 3400 1443 emiserunt,
3454 1387 3508 1434 ct
3560 1393 3689 1433 oves

2125 1472 2367 1542 pastoris
2397 1471 2714 1536 eﬂ‘erarunt,
2747 1481 2807 1526 ut
2835 1472 3030 1526 merito
3061 1471 3349 1525 conveniat
3386 1470 3467 1525 eis
3503 1470 3634 1523 illud
3671 1488 3685 1523 :

2131 1583 2149 1616 ι
2196 1563 2689 1620 Circumdederunt
2720 1579 2805 1619 me
2835 1578 3002 1617 canes
3035 1563 3212 1629 multi,
3246 1563 3537 1617 concilium
3575 1579 3690 1616 ma-

2127 1655 2452 1724 lignantium
2499 1654 2715 1708 obsedit
2745 1670 2851 1710 me.
2892 1673 2910 1705 ι
2949 1653 3113 1725 506
3136 1653 3277 1720 Quin
3308 1655 3470 1708 etiam
3502 1666 3691 1707 omnes

2127 1747 2439 1815 quicunque
2472 1744 2526 1798 in
2555 1744 2702 1799 hunc
2731 1760 2907 1815 usque
2947 1745 3098 1799 diem
3147 1744 3332 1799 itidem
3365 1752 3425 1797 ut
3463 1744 3538 1797 illi
3576 1758 3693 1812 per-

2129 1844 2264 1908 gunt
2293 1836 2616 1892 maledicere
2639 1850 2703 1889 ac
2731 1836 2932 1890 latrare
2962 1834 3226 1892 adversus
3252 1835 3532 1891 Christum
3570 1834 3688 1896 Dei.

2128 1929 2197 1985 ab
2227 1929 2335 1984 illis
2358 1929 2558 1983 diversi
2594 1928 2821 1998 putandi
2845 1942 2955 1981 non
2986 1935 3134 1982 sunt.
3171 1927 3281 1982 Nec
3311 1929 3493 1984 minus
3519 1927 3575 1991 ii,
3595 1927 3691 1997 qui

2127 2028 2259 2075 tunc
2294 2020 2349 2074 in
2385 2020 2538 2074 illum
2571 2020 2736 2090 impie
2783 2019 3152 2090 grassantium
3204 2018 3439 2073 militum
3497 2019 3689 2080 instar,
3743 2034 3750 2039 ·

2128 2129 2276 2168 nunc
2314 2113 2509 2168 Filium
2549 2113 2643 2169 Dei
2681 2115 2879 2170 iterum
2928 2113 3081 2168 cruci
3126 2111 3371 2184 aﬂigunt,
3407 2114 3694 2184 palamque

2126 2204 2424 2275 ignominia
2475 2204 2735 2269 alliciunt,
2788 2221 2897 2261 non
2943 2204 3103 2275 longe
3147 2204 3439 2260 admodum
3473 2206 3542 2261 ab
3572 2206 3694 2260 illo-

2127 2313 2249 2352 rum
2299 2296 2507 2353 nel‘aria
2540 2299 2822 2354 voluntate
2869 2300 3164 2365 recedunt;
3217 2312 3409 2353 omnes
3458 2312 3587 2353 vero
3635 2297 3691 2353 ιιι

2129 2395 2280 2450 sunt,
2309 2388 2402 2458 qui
2443 2388 2605 2441 etiam
2646 2403 2793 2442 nunc
2818 2386 3021 2442 Christi
3051 2401 3271 2456 corpus,
3304 2385 3405 2439 hoc
3447 2382 3692 2451 estrEc-

2127 2482 2353 2537 clesiam
2379 2480 2768 2550 suscipientes,
2793 2495 2990 2534 manus
3021 2479 3168 2533 illius
3197 2485 3251 2533 et
3285 2478 3450 2548 pedes
3482 2486 3538 2532 et
3563 2490 3692 2532 ossa

2130 2580 2391 2644 prmterea
2432 2571 2724 2641 dissipant,
2771 2571 2816 2625 si
2859 2569 3022 2623 modo
3069 2584 3260 2623 omnes
3293 2583 3460 2622 unum
3492 2580 3692 2635 corpus

2130 2679 2323 2720 sumus
2346 2663 2399 2717 in
2434 2662 2655 2717 Christo
2683 2660 2835 2721 Jesu,
2879 2660 3077 2731 singuli
3122 2667 3302 2715 autem
3349 2658 3689 2729 singulorum

2128 2753 2360 2807 invicem
2414 2753 2677 2808 membra.
2728 2771 2747 2802 ‹
2788 2750 2974 2821 Neque
3001 2766 3131 2806 vero
3159 2758 3322 2822 caput
3352 2752 3581 2823 pedibus
3608 2749 3694 2804 di-

2129 2844 2290 2907 xerit,
2327 2859 2491 2914 opera
2514 2852 2692 2898 vestra
2725 2859 2834 2898 non
2864 2838 3101 2914 indigeo,
3137 2843 3281 2899 sicut
3305 2860 3405 2899 nec
3439 2844 3694 2898 manibus

2128 2934 2348 3006 quidem
2384 2936 2530 2990 oculi
2559 2935 2624 2990 ³⁸.
2670 2955 2689 2988 ι
2717 2933 2829 2990 lllis
2858 2950 2987 3005 ergo
3015 2937 3356 3006 temporibus
3386 2936 3584 3006 quibus
3611 2935 3695 2988 in-

2127 3025 2463 3081 sectationes
2510 3032 2853 3095 grassantur,
2891 3026 2938 3081 si
2979 3042 3088 3097 qua
3126 3026 3265 3082 forte
3292 3026 3493 3082 Christi
3524 3040 3731 3080 mem--

2130 3117 2227 3172 bra
2258 3117 2327 3172 ab
2356 3117 2595 3173 inimicis
2640 3127 2803 3189 atque
2842 3117 3095 3175 hostibus
3139 3128 3426 3182 verentur,
3472 3133 3583 3171 non
3611 3118 3695 3170 in-

2130 3210 2452 3280 tempestive
2484 3209 2552 3265 de
2574 3210 2682 3266 illis
2717 3221 2829 3267 tum
2854 3229 3072 3285 quoque
3100 3211 3331 3267 dixerit:
3364 3230 3382 3261 ι
3422 3209 3697 3266 Foderunt

2128 3315 2328 3356 manus
2350 3315 2498 3355 meas
2531 3309 2583 3355 et
2606 3303 2773 3371 pedes
2797 3319 2967 3368 meos,
2995 3304 3482 3358 dinumeraverunt
3515 3302 3696 3355 omnia

2129 3406 2256 3446 ossa
2291 3406 2432 3446 mea.
2468 3390 2573 3460 Ipsi
2604 3403 2783 3447 autem
2809 3395 3318 3457 eonsidcraverunt,
3353 3402 3408 3448 et
3446 3395 3698 3461 inspexe-

2129 3489 2259 3536 runt
2289 3482 2342 3536 in
2370 3497 2476 3537 me.
2510 3501 2529 3534 ι
2561 3481 2716 3537 Tunc
2747 3486 2912 3539 etiam
2944 3487 3194 3541 dividunt
3225 3486 3347 3556 ejus
3376 3487 3696 3541 vestimenta

2130 3572 2256 3634 sibi,
2294 3580 2351 3627 et
2380 3573 2434 3626 in
2462 3581 2664 3628 vestem
2693 3574 2815 3643 ejus
2842 3584 3042 3630 sortem
3072 3577 3292 3631 mittunt
3330 3593 3343 3627 :
3371 3591 3496 3628 cum
3524 3575 3696 3644 ipsius

2130 3663 2282 3719 verbi
2334 3672 2613 3723 ornatum.
2661 3667 2767 3722 hoc
2805 3677 2913 3733 est,
2940 3667 3253 3723 divinarum
3284 3665 3697 3737 Scripturarum

2131 3772 2297 3812 voces
2346 3757 2482 3814 alias
2530 3758 2688 3814 aliter
2725 3761 3106 3831 unusquisque
3138 3759 3443 3828 corrumpit
3472 3767 3526 3813 et
3554 3760 3699 3813 lace-

2131 3856 2240 3915 rat,
2292 3850 2421 3904 item
2477 3864 2602 3904 cum
2651 3852 2936 3922 opiniones
2965 3851 3032 3906 de
3065 3852 3160 3906 illo
3212 3851 3485 3921 perversis
3527 3850 3699 3903 docu-

2131 3943 2334 3998 mentis
2366 3941 2670 4011 excipiunt,
2700 3941 3007 4009 cuiusmodi
3040 3950 3188 4005 sum,
3230 3956 3352 4012 quas
3375 3939 3568 3994 nefarii
3589 3939 3699 3994 hie-

2132 4035 2287 4089 retici
2318 4034 2498 4091 facere
2528 4036 2720 4090 solent.
2745 4033 2875 4089 Post
2891 4033 3074 4088 omnia
3103 4033 3215 4087 haec
3244 4032 3312 4086 ad
3346 4046 3504 4086 suum
3528 4029 3699 4083 Deum

2134 4133 2189 4181 et
2221 4124 2511 4181 Dominum
2541 4136 2593 4180 et
2628 4124 2843 4180 Patrem
2877 4124 3176 4179 orationem
3209 4121 3495 4177 intendens
3527 4117 3698 4188 subji-

2133 4218 2210 4273 cit
2245 4218 2380 4274 illud
2407 4236 2421 4272 :
2460 4236 2479 4269 ι
2527 4216 2608 4272 Tu
2636 4226 2838 4279 autem,
2862 4215 3112 4279 Domine,
3144 4229 3213 4269 ne
3233 4213 3422 4286 procul
3447 4226 3700 4267 amoveas

2136 4311 2399 4366 auxilium
2423 4326 2625 4367 meum.
2661 4331 2680 4363 ι
2718 4308 2998 4378 Siquidem
3037 4317 3297 4378 tanquam
3326 4306 3379 4361 in
3408 4317 3700 4377 angustum

2135 4400 2394 4455 redactus
2426 4400 2493 4455 ad
2518 4401 2693 4471 ipsam
2717 4399 3033 4455 certaminis
3055 4399 3497 4461 ostentationem,
3530 4405 3584 4452 et
3613 4411 3702 4450 so-

450 4485 622 4558 δνομὰ
671 4503 764 4541 σου
811 4490 923 4552 τοῖς
968 4488 1214 4558 ἀδελφοῖς
1246 4504 1382 4559 μου’
1414 4491 1473 4542 ὲν
1518 4487 1668 4559 μέσῳ
1708 4486 2027 4558 Ἐκκλησίας

2138 4492 2226 4548 lus
2257 4494 2465 4564 absque
2489 4494 2740 4564 adjutore
2759 4494 3024 4548 adversus
3051 4508 3156 4547 moi
3171 4500 3279 4547 tem
3301 4493 3556 4555 nudatus,
3577 4506 3701 4546 cum

453 4580 678 4650 ὑμνήσω
708 4595 787 4632 σε.
822 4598 841 4629 ι
878 4579 1121 4649 Πρώτοις
1157 4580 1255 4651 μὲν
1276 4576 1367 4634 οῦν
1396 4582 1508 4645 τοῖς
1542 4579 1732 4633 ἑαυτοῦ
1762 4578 2029 4650 μαθηταῖς

452 4668 548 4723 καὶ
572 4669 888 4735 ἀποστόλοις
908 4671 1300 4741 ἐπαγγέλλεται
1336 4672 1403 4726 τά
1445 4672 1542 4743 τῆς
1571 4673 1656 4725 ἐπ’
1683 4669 1830 4742 αὐτῷ
1856 4671 2032 4741 χαρᾶς

453 4761 548 4815 καὶ
601 4761 972 4830 ἀγαλλιάσεως
1013 4762 1478 4831 εὑαγγελίσεσθαι,
1523 4762 1786 4839 ἀδελφοὺς
1834 4761 2030 4824 αὐτοὺς

452 4854 731 4927 ὀνομάζων
757 4872 771 4886 ⁸
816 4850 896 4921 οἷς
940 4854 1204 4908 ἀκόλουθα
1251 4855 1344 4908 καὶ
1394 4856 1423 4907 6
1467 4854 1745 4919 Ματθαῖος
1791 4854 2031 4908 διδάσκει

452 4946 655 5016 λέγων·
690 4967 708 4999 ι
736 4949 848 5001 Καὶ
879 4948 987 5001 ἰδοὺ
1020 4947 1049 4998 ὁ
1090 4946 1296 5018 Ἰησοῦς
1320 4948 1631 5019 ἀπήντησεν
1656 4948 1865 5012 αὑταῖς,
1898 4968 1915 4999 ι
1940 4948 2033 5018 δη-

452 5038 624 5093 λονότι
655 5043 775 5104 ταῖς
819 5040 962 5111 ἀμφὶ
1005 5039 1102 5111 τὴν
1149 5038 1513 5110 Μαγδαληνὴν
1543 5040 1782 5108 Μαρίαν,
1818 5039 1991 5108 λέγων
2013 5057 2025 5068 ·

458 5151 478 5184 ι
510 5130 766 5204 Χαίρετε.
799 5151 816 5182 ι
868 5133 934 5185 Αἱ
970 5131 1027 5185 δὲ
1074 5130 1467 5202 προσελθοῦσαι
1506 5131 1816 5202 ἐκράτησαν
1865 5131 2029 5185 αὑτοῦ

450 5224 578 5289 τοὺς
613 5223 800 5287 πόδας,
829 5225 924 5277 καὶ
955 5222 1368 5296 προσεκύνησαν
1396 5221 1564 5292 αὐτῷ.
1595 5223 1728 5276 Τότε
1760 5223 1906 5292 λέγει
1934 5225 2032 5276 αὑ-

451 5319 571 5383 ταῖς
600 5317 629 5368 ό
674 5314 909 5385 Ἰησοῦς·
953 5333 972 5366 ι
1006 5315 1099 5389 Μὴ
1138 5313 1413 5383 φοϐεῖσθε.
1433 5313 1722 5389 Ὑπάγετε,
1760 5316 2028 5385 ἀπαγγεί-

450 5409 576 5464 λατε
605 5410 717 5472 τοῖς
749 5407 996 5477 ἀδελφοῖς
1041 5424 1162 5481 μου,
1193 5407 1280 5460 ἵνα
1313 5406 1618 5461 ἀπέλθωσιν
1644 5410 1724 5471 είς
1752 5407 1850 5480 τὴν
1880 5409 2033 5464 Γαλι-

452 5502 629 5567 Ααίαν,
657 5503 819 5555 κάκεῖ
851 5517 920 5571 με
960 5498 1199 5569 ἅψονται.
1234 5517 1252 5550 ι
1285 5499 1342 5552 '0
1382 5499 1631 5572 Ἰωάννης
1667 5500 1722 5554 δὲ
1771 5502 1906 5572 μετά
1930 5504 2031 5576 τὴν

452 5597 516 5648 ὲκ
557 5593 764 5668 νεκρῶν
798 5595 1100 5655 ἀνάστασιν,
1123 5594 1331 5663 εἰσάγει
1373 5593 1468 5657 καὶ
1494 5594 1656 5658 αὐτὸς
1699 5596 1787 5659 τὸν
1826 5597 2037 5667 Ἰησοῦν

529 5688 570 5719 ίδ
612 5689 716 5742 lsa.
755 5705 877 5752 ινι,
919 5688 1003 5742 l0.
1085 5688 1129 5718 ”
1169 5688 1185 5742 Ι
1221 5689 1348 5742 (Sor.
1390 5702 1474 5751 ιιι,
1515 5686 1604 5741 2|.

525 5780 601 5849 (1)
640 5779 849 5847 Εικώςκ,
878 5780 1014 5851 Lege
1043 5784 1203 5846 εἰκός.
1237 5778 1396 5836 Eun.

2137 4586 2299 4657 plane
2355 4595 2698 4658 compertum
2748 4586 2995 4651 haberet,
3041 4586 3306 4641 auxilium
3353 4584 3457 4641 sihi
3486 4599 3515 4637 a
3544 4584 3703 4636 Patre

2135 4693 2246 4732 non
2280 4678 2441 4733 aliter
2471 4678 2638 4733 all‘ore
2675 4693 2838 4748 quam
2870 4694 2966 4748 per
2994 4679 3400 4734 restitutionem
3452 4690 3480 4728 a
3530 4682 3703 4728 morte

2136 4769 2203 4823 ad
2236 4769 2428 4835 vitam,
2463 4771 2659 4825 merito
2690 4771 2745 4824 in
2776 4770 3066 4840 praesentia
3101 4776 3223 4825 orat
3260 4784 3325 4823 ex
3372 4766 3490 4820 acie
3511 4765 3700 4819 adver-

2136 4863 2409 4916 sariorum
2438 4862 2687 4917 evadere.
2724 4861 2994 4929 Quocirca
3040 4862 3121 4916 sic
3167 4861 3242 4914 ait
3273 4877 3287 4915 :
3326 4877 3346 4910 ι
3388 4858 3470 4912 Τιι
3498 4865 3701 4917 autem,

2137 4952 2384 5018 Domine,
2412 4969 2480 5009 ne
2513 4954 2703 5024 procul
2760 4968 3016 5009 amoveas
3061 4951 3324 5008 auxilium
3377 4964 3555 5004 meum
3590 4965 3604 5001 :
3636 4948 3701 5000 ad

2138 5046 2540 5116 susceptionem
2571 5061 2745 5101 meam
2799 5046 3033 5116 reSpice.
3085 5064 3104 5097 ι
3154 5043 3366 5098 Etenim
3397 5041 3466 5096 ab
3502 5040 3702 5095 auxilio

2139 5146 2235 5193 tuo
2266 5139 2544 5209 susceptio
2573 5138 2702 5192 mihi
2727 5139 2926 5203 veniet,
2958 5145 3180 5206 propter
3209 5149 3373 5205 quam
3400 5131 3699 5201 susceptio-

2137 5246 2263 5285 nem
2319 5239 2467 5287 totus
2516 5232 2760 5302 psalmus
2812 5232 3007 5283 merito
3056 5226 3354 5296 inscriptus
3406 5230 3512 5285 est,
3549 5241 3569 5273 ι
3607 5237 3700 5291 pre

2138 5323 2487 5393 susceptione
2511 5323 2797 5378 matutina.
2831 5342 2850 5373 ι
2886 5321 2966 5375 Ad
2994 5320 3400 5390 susceptionem
3432 5316 3598 5386 igitur
3620 5331 3687 5370 re

2136 5415 2307 5485 spice,
2329 5424 2596 5485 praestans
2614 5415 2744 5469 mihi
2771 5428 2937 5484 quam
2968 5412 3251 5467 celerrime
3276 5410 3380 5466 sub
3410 5409 3581 5480 ipsam
3606 5422 3693 5462 au-

2138 5523 2317 5563 roram
2350 5508 2679 5564 reversionis
2714 5520 2741 5559 a
2802 5505 3031 5560 mortuis
3081 5504 3508 5572 susceptionem,
3540 5516 3702 5572 quam

2138 5614 2269 5657 sane
2298 5616 2458 5671 spero
2492 5616 2577 5655 me
2607 5604 3052 5657 consecuturum.
3084 5612 3208 5653 cum
3233 5588 3353 5653 eam
3375 5610 3484 5651 non
3509 5593 3698 5666 procul
