4112 6448
398 358 503 420 ⁸187
1032 361 1300 417 EUSEBll
1335 358 1818 415 CA‘JSARIENSIS
1856 358 2005 413 OPP.
2039 357 2219 412 PARS
2245 357 2309 413 ll.
2344 388 2414 398 -——
2442 356 2936 412 APOLOGETICA.
3538 362 3641 418 788

397 500 430 538 a
476 481 901 546 meamov’eris,
934 487 988 535 ct
1015 479 1278 550 eripueris
1317 497 1335 529 ι
1378 494 1408 532 a
1459 477 1661 533 framea
1701 477 1959 542 animam,

2073 475 2286 544 λέγοντα
2314 476 2448 545 πρὸς
2472 474 2569 546 τὴν
2607 474 2863 546 Μαριάμ·
2899 491 2918 524 ι
2945 474 3033 545 Μή
3094 490 3194 544 μου
3254 474 3444 529 ἀπτου’
3492 476 3645 532 οὔπω

397 586 453 631 et
528 591 596 629 ex
661 590 822 628 manu
885 573 1039 627 canis
1123 572 1340 627 unicam
1400 584 1620 632 meam,
1664 587 1683 621 ι
1731 580 1784 624 et
1841 581 1965 621 cum

2073 565 2176 637 γὰρ
2211 564 2526 635 ἀναϐέϐηκα
2570 565 2707 635 πρὸς
2755 564 2845 618 τὸν
2888 564 3107 636 Πατέρα
3147 581 3281 636 μουο
3310 566 3541 638 πορεύου
3584 566 3644 622 δὶ

399 666 704 722 servaveris
768 683 785 716 ι
850 680 935 720 me
987 680 1053 719 ex
1097 678 1192 718 ore
1249 661 1465 725 leonis,
1528 669 1582 716 et
1634 675 1662 713 a
1705 659 1969 715 cornibus

2073 653 2207 729 πρδς
2224 659 2351 721 τοὺς
2380 656 2639 727 ἀδελφούς
2678 672 2799 727 μου,
2824 658 2918 711 καὶ
2950 658 3069 710 είπὲ
3097 658 3305 722 αὐτοῖς·
3348 658 3645 715 Ἀναϐαίνω

400 756 559 827 507
601 757 944 811 unicornium
1010 752 1370 808 humilitatem
1427 766 1641 805 meam:
1689 771 1707 803 ι
1769 750 1968 820 quibus

2073 752 2208 821 πρὸς
2238 750 2329 804 τὸν
2362 753 2581 822 Πατέρα
2628 765 2727 821 μου
2763 751 2856 803 καὶ
2901 751 3119 822 Πατέρα
3164 752 3338 823 ὑμῶν,
3370 754 3465 806 καὶ
3511 752 3645 808 Θεὸν

402 848 578 902 verbis
607 846 760 901 illitm
793 847 1029 902 arbitror
1053 844 1361 916 signiﬁcare
1384 844 1626 899 infernas
1644 850 1961 910 potestates,

398 953 535 1006 quas
570 952 699 992 sane
730 952 840 993 non
865 944 1117 991 nostrum
1144 934 1309 991 fuerit
1334 935 1614 1004 speciatim
1633 934 1967 1002 distinguere

398 1044 462 1084 ac
493 1028 765 1088 dividere.
812 1028 1268 1098 quemadmodum
1313 1042 1380 1081 ex
1422 1026 1502 1082 eis
1555 1026 1661 1080 alia
1713 1024 1965 1094 quidem,

398 1135 519 1188 quae
558 1118 760 1174 framea
786 1119 877 1184 sit,
910 1120 1121 1173 intenta
1148 1118 1221 1175 sit
1273 1118 1329 1172 in
1376 1117 1612 1171 animam
1666 1114 1966 1170 Salvatoris

400 1213 613 1280 nostri;
647 1213 752 1267 alia
775 1227 924 1279 vero,
952 1227 1073 1284 qua:
1104 1212 1204 1282 ipsi
1239 1210 1400 1264 morti
1451 1210 1520 1266 sit
1554 1210 1742 1271 canis,
1778 1207 1967 1262 morti-

401 1305 570 1358 l‘eram
619 1318 839 1357 manum
897 1302 1222 1373 porrexerit,
1256 1305 1316 1354 ut
1347 1299 1496 1353 illam
1526 1299 1848 1368 attingeret,
1902 1311 1972 1350 ex

399 1409 509 1463 quo
538 1394 613 1446 ait
647 1412 661 1446 :
700 1412 718 1443 ς
755 1390 916 1461 Eripe
946 1406 979 1445 a
1016 1390 1220 1446 framea
1246 1390 1481 1444 animam
1515 1403 1691 1443 meam
1716 1427 1731 1450 ,
1791 1394 1846 1441 et
1902 1386 1971 1442 de

400 1501 563 1539 manu
598 1484 751 1540 canis
803 1483 1042 1537 animam
1087 1498 1304 1549 meam;
1356 1502 1374 1534 ι
1414 1481 1519 1534 alia
1555 1481 1680 1535 item
1732 1478 1973 1548 maligna

400 1577 648 1646 quaedam
675 1582 936 1645 potestas,
976 1575 1220 1630 omnium
1270 1574 1381 1630 illic
1411 1575 1646 1629 ferarum
1676 1571 1968 1642 princeps,

401 1683 523 1739 quas
551 1668 635 1721 leo
668 1666 1009 1736 appelletur,
1063 1665 1154 1720 ubi
1206 1665 1372 1719 latum
1422 1677 1696 1733 supraque
1752 1676 1973 1718 omnem

402 1758 625 1813 modum
657 1757 815 1811 hians
844 1756 1034 1811 mortis
1055 1770 1117 1821 os
1144 1753 1435 1820 diduxerit,
1468 1769 1576 1808 una
1605 1768 1729 1808 cum
1757 1751 1969 1807 caneris

2072 859 2170 913 μου
2199 843 2290 895 καὶ
2315 840 2446 895 Θεδν
2475 842 2646 913 ὑμῶν.
2672 860 2690 892 ι
2725 840 2970 912 Πρώτοις
2997 844 3095 913 μὲν
3121 840 3213 897 οὖν
3256 848 3368 908 τοῖς
3412 844 3644 899 ἀποστό-

2069 935 2179 999 λοις
2220 935 2406 999 αὐτοῦ,
2434 935 2526 1000 οὓς
2572 935 2734 999 ἰδίους
2778 928 3040 1006 ἀδελφοὺς
3080 937 3351 1009 ὀνομάζει,
3381 937 3442 991 τὸ
3477 938 3644 1009 ὄνομα

2069 1026 2161 1079 τοῦ
2186 1026 2398 1098 Πατρὸς
2418 1023 2771 1098 διηγήσεσθαί
2813 1044 2980 1099 φησι·
3021 1028 3156 1100 μετά
3191 1024 3249 1081 δὲ
3280 1029 3519 1093 ἐκείνους
3545 1028 3644 1082 τά·

2072 1117 2148 1183 ξει
2175 1118 2268 1172 καὶ
2296 1117 2584 1189 ἀκολουθίᾳ
2615 1120 2715 1191 τὴν
2741 1119 2862 1173 καθ’
2888 1121 3017 1190 ὅλης
3049 1121 3149 1190 τῆς
3191 1120 3512 1193 οἰκουμένης
3549 1122 3645 1177 ἐπὶ

2068 1208 2146 1279 τῷ
2180 1210 2401 1281 ὀνόματι
2436 1209 2601 1264 αὑτοῦ
2632 1213 2904 1265 συστᾶσαν
2943 1211 3267 1283 Ἐκκλησίαν
3296 1212 3525 1279 διδάξειν
3550 1211 3643 1267 τὸν

2070 1307 2333 1377 πατρικὸν
2363 1306 2530 1378 ὕμνον
2560 1307 3190 1381 ὲπαγγέλλεται.’Ὠσπερ
3212 1307 3321 1380 γὰρ
3369 1308 3423 1362 εί
3460 1326 3546 1371 τις
3584 1310 3643 1361 ὲν

2073 1399 2221 1469 μέσῳ
2258 1398 2512 1470 μαθητῶν
2539 1397 2824 1464 διεξοδεύοι
2855 1401 3045 1471 λόγους
3069 1402 3161 1454 ἐπὶ
3207 1399 3367 1472 σοφίᾳ
3412 1398 3641 1471 διαπρέ-

2072 1510 2189 1546 πων
2237 1491 2580 1557 διδάσκαλος,
2631 1493 2771 1565 ὑπὲρ
2819 1492 2913 1546 τοῦ
2965 1493 3251 1556 κάκείνους
3305 1492 3644 1554 ἀκούσαντας

2070 1583 2547 1655 προππακοῦσαι·
2593 1584 2684 1638 τὸν
2729 1584 2889 1638 αὐτὸν
2929 1584 3127 1656 τρόπον
3172 1581 3266 1638 καί
3313 1580 3494 1647 αὐτὸς,
3528 1602 3547 1636 ι
3582 1585 3641 1636 ἐν

2075 1677 2223 1747 μέσῳ
2260 1674 2601 1747 Ἐκκλησίας,
2640 1695 2659 1727 ι
2692 1676 2875 1753 φησιν,
2902 1694 2921 1727 t
2955 1676 3183 1746 ὑμνήσω
3217 1690 3297 1739 σε,
3329 1694 3347 1726 ι
3381 1675 3519 1746 ὑπὲρ
3545 1674 3642 1728 τοῦ

2077 1768 2349 1840 μαθοῦσαν
2396 1768 2495 1840 τὴν
2537 1766 2859 1840 Ἐκκλησίαν
2903 1766 2998 1821 καῖ⁵
3045 1766 3352 1821 ἀκούσασαν
3387 1767 3514 1840 παρ’
3548 1767 3644 1819 αύ-

401 1866 524 1920 qua:
556 1847 624 1902 ad
656 1849 860 1904 inferos
886 1847 1251 1911 descendunt,
1284 1845 1431 1902 illius
1474 1860 1691 1917 quoque
1729 1846 1965 1899 animam

2073 1825 2182 1923 τοῦ,
2214 1860 2273 1913 δν
2328 1825 2591 1931 προσήκει
2642 1825 2865 1931 τρύπον,
2911 1857 3101 1930 μηκέθ’
3126 1859 3201 1922 ὡς
3244 1858 3306 1911 τὸ
3347 1825 3481 1928 πρὶν,
3520 1859 3644 1921 τοὺς

400 1942 667 1996 devorare
695 1950 887 1995 conata
913 1942 1004 2003 sit,
1030 1955 1140 1993 non
1166 1939 1324 1993 aliter
1355 1952 1484 1993 sane
1511 1952 1675 2009 quam
1705 1935 1969 2007 quemad-

2073 1951 2347 2023 δαίμονας,
2377 1950 2492 2004 ἀλλ’
2522 1950 2686 2003 αὐτὸν
2718 1950 2875 2023 μόνον
2901 1949 2992 2002 τὸν
3016 1949 3230 2003 πάντων
3263 1946 3415 2013 Θεὸν,
3438 1946 3525 2001 διὰ
3550 1947 3641 2001 τοῦ

401 2033 623 2088 modum
652 2032 779 2086 olim
806 2032 957 2102 prius
975 2031 1264 2086 devoverat
1293 2044 1442 2086 mors
1471 2029 1971 2099 invalescens,quae

2073 2044 2517 2112 καταγγείλαντος
2550 2040 2710 2095 αὑτὸν
2749 2041 3025 2111 ἀνυμνεῖν.
3057 2040 3101 2091 Τ
3104 2038 3240 2092 αὗτα
3265 2039 3493 2108 πράξειν
3541 2026 3643 2092 ὕπ-

402 2127 617 2196 quidem
644 2143 793 2182 mors
816 2141 922 2180 non
954 2125 1059 2180 alia
1092 2124 1256 2180 fuerit
1286 2138 1444 2194 quam
1467 2124 1558 2194 qui
1592 2123 1697 2178 hoc
1727 2123 1847 2176 loco
1885 2122 1969 2176 leo

2073 2132 2248 2202 ισχνού
2259 2148 2433 2202 μενος,
2455 2131 2654 2202 σφόδρα
2671 2129 2974 2194 ἀκολούθως
2991 2129 3235 2183 ἐντεῦθεν
3257 2130 3356 2201 ήδη
3386 2128 3647 2201 προστάτ·

402 2220 736 2281 nominatur,
761 2227 817 2274 et
850 2218 943 2289 qui
990 2234 1052 2273 os
1088 2225 1279 2273 contra
1327 2216 1661 2271 Salvator-cm
1718 2223 1971 2272 nostrum

2073 2239 2149 2275 τει
2182 2225 2248 2293 τῇ
2290 2221 2583 2293 Ἐκκλησία
2613 2222 2709 2276 καὶ
2740 2224 2852 2285 τοῖς
2879 2220 3043 2275 αὑτοῦ
3069 2221 3313 2290 ἀδελφοῖς
3343 2221 3527 2291 ὑμνεῖν
3552 2220 3645 2273 τὸν

402 2313 635 2382 aperuit,
669 2327 698 2364 a
726 2326 834 2380 quo
866 2311 979 2381 ipse
1001 2325 1060 2366 se
1081 2311 1290 2365 salvum
1317 2309 1547 2365 evadere
1576 2306 1791 2363 Patrem
1808 2322 1969 2363 suum

2073 2314 2312 2386 Πατέρα.
2340 2313 2433 2366 Διό
2474 2330 2662 2384 φησιν·
2691 2333 2708 2364 ι
2730 2314 2792 2366 Οἱ
2822 2311 3145 2383 φοϐούμενοι
3176 2313 3265 2365 τὸν
3299 2310 3521 2382 Κύριον.
3555 2313 3644 2365 al-

402 2414 560 2467 orat,
605 2402 839 2457 dicens:
876 2419 896 2452 ι
936 2402 1094 2456 Salva
1142 2416 1231 2457 me
1270 2417 1336 2456 ex
1375 2415 1471 2456 ore
1522 2400 1717 2455 leonis.
1757 2419 1776 2451 ι
1822 2398 1969 2461 Fieri

2073 2406 2259 2459 νέσατε
2310 2406 2501 2458 αὐτόν’
2567 2407 2710 2458 ἅπαν
2756 2404 2818 2457 τὸ
2872 2404 3093 2476 σπέρμα
3140 2402 3333 2457 Ἰακὼϐ
3385 2400 3644 2469 δοξάσατε

400 2496 563 2548 etiam
596 2502 772 2565 potest
799 2502 858 2549 ut
883 2494 1003 2549 aliae
1029 2503 1291 2564 prasterea
1310 2494 1420 2549 sint
1446 2494 1692 2564 quasdam
1720 2492 1969 2561 malignae

2073 2497 2231 2550 αὑτὸν
2261 2513 2275 2527 ’
2338 2518 2357 2549 ι
2415 2498 2526 2560 καὶ,
2586 2517 2604 2548 ι
2661 2495 3062 2568 Φοδηθήτωσαν
3134 2496 3226 2549 ἀπ’
3271 2494 3434 2548 αὐτοῦ
3500 2491 3647 2548 ἅπαν

402 2602 467 2641 ac
496 2584 606 2641 Deo
634 2587 861 2643 rebelles
888 2594 1181 2657 potestates
1205 2585 1467 2642 adversus
1508 2584 1603 2640 Dei
1650 2586 1970 2639 unicornem

2073 2591 2129 2643 τὸ
2153 2591 2375 2661 σπέρμα
2418 2587 2655 2661 Ἰσραήλ,
2682 2589 2764 2642 ὅτι
2795 2589 2894 2641 οὑκ
2921 2586 3295 2651 ὲξουδένωτεν,
3324 2580 3445 2637 οὑδὲ
3474 2600 3645 2656 προσ-

401 2680 660 2745 nitentes,
689 2693 924 2749 eumque
956 2679 1009 2733 in
1035 2678 1341 2733 contrarias
1371 2666 1556 2747 partes
1583 2676 1856 2732 abducere
1876 2690 1971 2730 co-

2073 2680 2268 2752 ώχθισε
2319 2682 2383 2753 τῇ
2429 2682 2609 2752 δεήσει
2649 2678 2741 2734 τοῦ
2790 2678 3033 2751 πτωχοῦ,
3062 2678 3181 2731 οὐδὲ
3231 2674 3540 2749 ἀπέστρεψε
3586 2675 3647 2729 τδ

402 2776 633 2847 nantes,
662 2784 692 2823 a
721 2769 921 2839 quibus
956 2771 1107 2833 item,
1135 2767 1230 2824 Dei
1264 2767 1551 2823 unicornis
1571 2804 1586 2834 ,
1633 2768 1750 2838 ipse
1783 2766 1970 2823 Domi—

2073 2772 2357 2844 πρόσωπον
2390 2773 2552 2826 αὑτοῦ
2585 2774 2678 2827 ἀπ’
2708 2772 2863 2843 ἐμοῦ,
2893 2772 2990 2825 καὶ
3020 2772 3080 2824 ὲν
3111 2770 3190 2841 τῷ
3219 2769 3547 2841 κεκραγέναι
3578 2783 3644 2840 μα

400 2876 510 2917 nus
547 2870 753 2926 noster,
778 2861 954 2916 solum
983 2858 1199 2915 Patrem
1228 2874 1399 2914 cornu
1442 2860 1681 2923 habens,
1707 2874 1860 2914 suam
1906 2859 1972 2912 li-

2073 2860 2208 2934 πρδς
2248 2862 2409 2916 αὑτὸν
2455 2863 2740 2934 είσήκουσέ
2777 2877 2916 2933 μουο
2969 2880 2989 2914 ι
3036 2858 3101 2915 δι’
3133 2855 3206 2914 ὧν
3264 2859 3452 2929 σαφῶς
3505 2874 3644 2932 παρ·

401 2952 582 3006 lierari
611 2952 967 3007 humilitatem
998 2952 1270 3020 postulat,
1305 2950 1492 3007 dicens
1521 2966 1535 3006 :
1576 2970 1595 3003 ι
1642 2949 1709 3004 Et
1734 2965 1764 3003 a
1791 2949 1972 3005 corni-

2073 2956 2267 3026 ἔστησε
2297 2955 2405 3008 τῶν
2434 2955 2939 3027 προωνομασμένων
2968 2953 3151 3007 κακῶν
3178 2953 3243 3025 τὴ
3259 2972 3278 3005 ,ι
3303 2952 3643 3023 ἀπαλλαγήν.

401 3044 506 3099 bus
552 3040 893 3096 unicornium
936 3039 1297 3096 humilitatem
1352 3054 1551 3094 meam.
1582 3059 1602 3093 ι
1656 3038 1764 3095 Sed
1808 3055 1970 3110 quam

2073 3049 2136 3101 Εἰ
2171 3047 2279 3119 γὰρ
2306 3050 2366 3101 ὲν
2389 3047 2467 3118 τῷ
2499 3046 2825 3118 κεκραγέναι
2850 3047 2988 3119 πρὸς
3019 3042 3176 3099 αὑτὸν
3206 3046 3525 3115 είσήκουσεν
3550 3044 3648 3097 αὐι

402 3135 623 3192 tandem
663 3133 1054 3195 humilitatem,
1116 3132 1221 3188 nisi
1267 3132 1409 3187 hanc
1453 3132 1626 3202 ipsam
1676 3133 1971 3188 secundam

2073 3138 2188 3201 τοῦ,
2221 3136 2423 3209 ηὔξατο
2450 3139 2506 3192 δὲ
2544 3139 2803 3210 ρυσθῆναι
2831 3138 2938 3191 ἀπὸ
2976 3137 3073 3207 μὲν
3123 3132 3395 3210 ῥομφαίας
3414 3134 3513 3206 τὴν
3538 3134 3641 3205 ψυ-

401 3242 590 3298 quam,
622 3244 642 3277 ‹
683 3241 808 3280 cum
859 3226 913 3279 in
967 3226 1139 3279 l'orma
1172 3223 1265 3280 Dei
1295 3231 1462 3292 esset,
1493 3225 1801 3280 humiliavit
1831 3227 1974 3296 seip-

403 3336 526 3375 sum
575 3326 629 3373 et
664 3318 949 3373 evacuavit
980 3316 1156 3373 factus
1189 3316 1451 3372 obediens
1500 3332 1673 3387 usque
1715 3316 1783 3371 ad
1829 3332 1976 3371 mor-

376 3418 534 3473 tem,
568 3418 799 3465 mortem
830 3420 1008 3465 autem
1034 3410 1216 3465 crucis
1246 3410 1327 3463 "‘1
1366 3429 1385 3462 ι
1421 3408 1687 3464 Caeterum
1719 3410 1766 3465 is
1789 3412 1885 3479 qui
1907 3408 1979 3463 ad

401 3507 612 3554 tantam
635 3498 995 3553 humilitatem
1023 3498 1306 3554 descendit
1355 3510 1410 3555 et
1450 3498 1736 3569 hucusque
1780 3515 1975 3571 perve-

402 3594 507 3655 nit.
534 3592 636 3648 hoc
675 3601 759 3648 est
798 3607 971 3660 usque
1020 3590 1087 3646 ad
1121 3592 1234 3646 orci
1271 3591 1532 3648 frameam
1596 3600 1650 3647 ct
1700 3609 1872 3664 usque
1906 3592 1976 3648 ad

402 3700 626 3739 manum
657 3686 799 3756 ejus,
830 3686 922 3756 qui
973 3686 1102 3741 illuc
1132 3688 1333 3742 dicitur
1368 3687 1519 3742 canis
1548 3686 1633 3757 (ex
1668 3703 1779 3758 quo
1813 3689 1975 3743 etiam

404 3778 702 3850 scriptores
739 3777 1049 3834 Graecorum
1078 3795 1177 3849 par
1205 3788 1291 3837 est
1334 3796 1457 3835 cum
1483 3781 1551 3836 de
1589 3782 1683 3835 tali
1712 3797 1850 3837 cane
1876 3797 1976 3836 au-

402 3866 692 3929 divissent,
727 3882 837 3937 quo
867 3882 1000 3922 orco
1027 3868 1335 3933 inserviret,
1371 3868 1518 3923 hunc
1549 3869 1727 3939 ipsum
1759 3870 1975 3941 tricipi-

403 3965 508 4012 tem
532 3956 819 4029 pinxisse),
848 3959 975 4013 item
1003 3960 1096 4029 qui
1130 3975 1302 4031 usque
1324 3960 1390 4014 ad
1424 3960 1607 4017 fauces
1626 3961 1853 4033 ejus,de
1869 3979 1978 4033 quo

398 4049 510 4120 jam
532 4051 741 4107 dictum
762 4059 869 4117 est,
887 4052 1061 4107 leonis
1086 4055 1342 4122 perrexit,
1365 4067 1419 4110 et
1440 4056 1799 4110 humilitatem
1821 4071 1976 4111 suam

2075 3232 2175 3302 χὴν
2204 3232 2389 3294 αὑτοῦ,
2427 3232 2490 3283 ἐκ
2517 3230 2573 3283 δὲ
2607 3231 2765 3294 κυνὸς
2795 3230 2893 3302 τὴν
2930 3230 3193 3300 μονογενῆ
3224 3227 3404 3293 αὑτοῦ,
3434 3222 3527 3279 καί
3558 3224 3638 3277 ἔτι

2075 3320 2143 3371 ὲκ
2167 3318 2429 3390 στόματος
2460 3318 2691 3383 λέοντος,
2725 3320 2821 3373 καὶ
2849 3319 2954 3372 ἀπὸ
2986 3317 3237 3388 κεράτων
3264 3312 3636 3387 μονοκερώτων

2073 3412 2172 3483 τὴν
2214 3411 2536 3464 ταπείνωσιν
2567 3410 2753 3477 αὐτοῦ,
2800 3410 3091 3465 ἀκόλουθόν
3128 3411 3247 3462 ἐστι
3277 3410 3413 3462 νοεῖν
3437 3405 3641 3459 τούτων

2075 3504 2390 3576 ἀπαλλαγὴν
2439 3503 2691 3574 εὑρέσθαι
2739 3502 2831 3556 τὸν
2880 3505 3150 3573 φήσαντα,
3184 3503 3265 3556 ὅτι
3313 3520 3331 3552 ι
3363 3500 3436 3572 μὴ
3481 3512 3646 3570 inma-

2074 3598 2303 3669 ὡχθιαεν
2334 3600 2362 3651 ὁ
2393 3595 2526 3658 Θεὸς
2555 3597 2619 3668 τῇ
2654 3596 2831 3667 δεήσει
2880 3593 3067 3659 αὑτοῦ,
3097 3590 3230 3665 μηδὲ
3256 3590 3317 3646 τό
3359 3591 3650 3662 πρόσωπον

2075 3688 2414 3760 ἀπέστρεψεν
2429 3688 2522 3742 ἀπ’
2556 3686 2740 3750 αὐτοῦ,
2776 3685 2890 3739 ἀλλ’
2936 3686 2994 3740 ὲν
3037 3685 3116 3757 τῷ
3162 3683 3491 3757 κεκραγέναι
3542 3684 3652 3736 sio-

2076 3782 2305 3853 ήκουσεν
2335 3777 2517 3832 αὑτοῦ.
2536 3796 2554 3829 ›
2584 3774 2674 3830 At?)
2698 3775 2790 3830 καὶ
2814 3775 3053 3849 ὑπῆρξεν
3086 3774 3231 3846 αὐτῷ
3263 3774 3513 3847 ρυσθέντι
3542 3772 3652 3826 τῶν

2075 3867 2363 3932 τοσούτων,
2396 3867 2489 3920 καὶ
2514 3866 2579 3919 ὲκ
2609 3865 2702 3918 τοῦ
2738 3864 2968 3919 θανάτου
3001 3863 3312 3934 διαφυγόντι
3352 3862 3653 3934 συνδιατρί-

2078 3959 2193 4012 ϐειν
2234 3962 2344 4021 τοῖς
2383 3955 2574 4011 ἑαυτοῦ
2630 3954 2900 4028 μαθηταῖς
2943 3955 3078 4028 ὁμοῦ
3127 3957 3222 4009 καὶ
3261 3954 3530 4024 ἀδελφοῖς,
3559 3952 3652 4007 καὶ

2079 4051 2266 4122 ὑμνεῖν
2309 4052 2367 4103 ὲν
2413 4050 2562 4121 μέσῳ
2605 4047 2932 4118 Ἐκκλησίας
2963 4048 3055 4101 τὸν
3098 4046 3336 4117 Πατέρα.
3385 4046 3555 4117 Τήρει
3594 4044 3652 4098 δὲ

403 4142 731 4199 adversariis
765 4150 819 4196 et
849 4144 959 4201 Deo
987 4146 1223 4202 inimicis
1256 4148 1615 4204 unicornibus
1653 4148 1972 4214 substravit,

2079 4142 2240 4196 πάλιν
2266 4141 2342 4203 ὡς
2384 4141 2598 4211 πτωχὸν
2629 4135 2783 4215 αὖθις
2824 4139 3016 4193 ἑαυτὸν
3049 4137 3314 4191 ἀποκαλεῖ
3351 4133 3654 4206 συμφώνως

402 4242 458 4286 et
486 4233 797 4303 huiusmodi
845 4236 952 4291 line
988 4252 1209 4291 omnem
1252 4254 1366 4294 sua;
1396 4241 1769 4297 evacuationis
1789 4249 1844 4297 et
1875 4242 1972 4296 liu-

2076 4237 2196 4298 ταῖς
2220 4233 2482 4305 πρότερον
2510 4232 2932 4305 παρατεθείσαις
2957 4229 3333 4302 προφητείαις,
3358 4226 3424 4280 δι’
3452 4220 3527 4279 ὧν
3555 4225 3655 4278 πέ-

403 4320 650 4375 niilitatis
705 4321 1166 4392 dispensationem
1240 4329 1592 4397 terminavit,
1654 4346 1718 4386 ac
1779 4331 1972 4387 deinde

2077 4346 2175 4399 νης
2206 4328 2300 4381 καὶ
2337 4326 2550 4397 πτωχὸς
2577 4324 2905 4396 ὠνομάζετο.
2947 4322 3084 4375 Ἀλλ’
3119 4320 3242 4374 ἐπεὶ
3274 4319 3367 4371 καὶ
3392 4316 3493 4388 τὴν
3520 4317 3626 4371 ἀνά

406 4421 659 4481 precatus
683 4421 791 4480 est,
828 4416 974 4486 quod
997 4417 1110 4486 jam
1138 4420 1405 4490 reliquum
1433 4431 1579 4487 erat,
1609 4439 1670 4480 se
1698 4430 1750 4480 et
1787 4425 1972 4479 auxilii

2081 4438 2269 4473 στασιν
2301 4419 2466 4473 αὑτοῦ
2497 4418 2584 4472 διά
2609 4416 2812 4470 τούτων
2841 4415 3201 4486 παρέστησεν,
3228 4406 3379 4473 αὖθις
3404 4409 3539 4481 πρὸς
3563 4408 3655 4463 τὸν

402 4509 459 4557 et
483 4506 846 4575 susceptionis
868 4523 898 4562 a
924 4507 1085 4564 Patre
1113 4520 1417 4582 compotem
1444 4512 1582 4580 ﬁeri,
1610 4515 1743 4570 illud
1775 4514 1972 4585 adjun-

2079 4513 2297 4584 Πατέρα
2341 4510 2682 4581 ἐπιστρέφων
2715 4508 2805 4561 τὸν
2850 4506 3041 4574 λόγον·
3079 4524 3098 4556 ι
3131 4502 3288 4576 Παρά
3322 4500 3437 4567 σοῦ,
3482 4519 3503 4554 ι
3553 4517 3657 4572 φη-

404 4597 483 4665 git
508 4615 522 4651 :
560 4615 579 4647 ι
608 4596 687 4652 Tu
710 4609 916 4666 autem,
944 4600 1191 4667 Domine.
1222 4621 1291 4660 ne
1316 4608 1504 4675 procul
1536 4622 1791 4664 amoveas
1818 4608 1972 4662 σηπία

2083 4607 2186 4669 σίν,
2232 4624 2249 4654 ι
2307 4607 2336 4658 ὁ
2381 4602 2600 4665 ἔπαινός
2641 4617 2741 4672 μου
2783 4601 2840 4652 ὲν
2879 4597 3175 4669 Ἐκκλησία
3215 4595 3444 4668 μεγάλῃ,
3489 4612 3508 4645 ι
3555 4592 3657 4664 τῆς

405 4690 537 4743 lium
570 4706 771 4756 meum,
801 4701 855 4749 et
881 4696 1279 4766 susceptionem
1308 4713 1482 4753 meam
1512 4701 1740 4769 respice.
1767 4718 1786 4751 ι
1809 4698 1972 4765 ‘Quod

2080 4699 2166 4753 ἐπ’
2196 4698 2420 4769 ὀνόματι
2450 4695 2616 4749 αὐτοῦ
2650 4693 2925 4764 συστάσης
2948 4692 3006 4759 ἐξ
3039 4690 3207 4745 ἐθνῶν
3236 4688 3358 4743 καθ’
3390 4687 3519 4759 ὅλης
3557 4685 3656 4757 τῆς

405 4796 538 4837 sane
564 4783 651 4838 ubi
679 4784 835 4850 dixit,
859 4802 970 4841 non
999 4787 1091 4843 diu
1121 4798 1366 4844 moratus
1386 4803 1416 4843 a
1443 4787 1603 4845 Patre
1625 4806 1726 4846 suo
1758 4798 1843 4846 est
1876 4806 1972 4844 au-

2078 4793 2402 4865 οἰκουμένης
2442 4788 2764 4861 Ἐκκλησίας
2793 4784 3163 4859 μνημονεύων,
3194 4786 3253 4837 ὲν
3282 4778 3317 4856 ᾖ
3349 4784 3377 4835 ὁ
3404 4780 3531 4852 περὶ
3560 4778 3657 4833 τοῦ

405 4874 573 4942 ditus,
592 4876 685 4946 qui
708 4879 925 4946 quidem
959 4897 1134 4951 neque
1165 4889 1453 4936 cunctatus
1472 4892 1587 4954 est,
1614 4882 1777 4954 508
1797 4898 1972 4953 neque

2081 4886 2333 4957 Σωτῆρος
2377 4884 2531 4957 ήμῶν
2573 4883 2792 4945 ἔπαινος
2828 4880 2916 4934 διὰ
2946 4878 3146 4942 παντὸς
3183 4877 3385 4949 ᾄδεται,
3428 4873 3656 4944 νεύματι

403 4966 488 5021 τοι
524 4967 845 5025 brevissimo
886 4979 1132 5042 tempore
1164 4974 1503 5042 supersedit,
1559 4977 1818 5045 operibus
1845 4991 1972 5031 vero

2078 4976 2172 5030 τοῦ
2202 4976 2414 5048 Πατρὸς
2443 4974 2611 5030 αὐτοῦ
2643 4974 2737 5029 καὶ
2775 4973 3034 5043 συνεργίᾳ
3059 4987 3074 5001 ·
3119 4969 3198 5023 διό
3243 4983 3409 5039 φησι·
3448 4985 3466 5019 ι
3497 4965 3660 5038 Παρά

404 5061 784 5116 tantummodo
812 5063 946 5133 ipsis
995 5064 1062 5118 ad
1099 5080 1223 5119 eum
1252 5067 1572 5136 respondit;
1607 5085 1629 5118 σ
1670 5068 1861 5123 Adhuc
1893 5070 1972 5125 lo-

2082 5068 2174 5122 σοῦ
2201 5070 2231 5121 ὁ
2262 5068 2480 5132 ἔπαινός
2523 5085 2623 5141 μου
2664 5068 2720 5119 ὲν
2759 5062 3053 5135 Ἐκκλησία
3085 5062 3298 5136 μεγάλῃ
3321 5075 3335 5093 ⁸
3387 5079 3405 5112 ι
3445 5058 3656 5132 μεγάλη

404 5160 602 5223 queute
631 5161 702 5219 te,
726 5154 927 5222 dicam,
948 5171 1076 5212 ecce
1101 5156 1293 5212 adsum
1324 5159 1386 5212 ".
1421 5177 1440 5210 ι
1468 5156 1654 5230 Itaque
1676 5159 1726 5216 is
1746 5161 1839 5230 qui
1872 5161 1972 5216 hoc

2079 5161 2189 5233 γάρ
2213 5162 2289 5223 ὡς
2320 5160 2535 5233 ἀληθῶς
2564 5162 2597 5231 ή
2644 5156 2938 5227 Ἐκκλησία
2961 5152 3122 5226 αὕτη,
3151 5156 3215 5207 ὲκ
3247 5152 3445 5216 παντὸς
3470 5151 3660 5221 γένους

405 5245 582 5313 ipsum
602 5243 713 5313 jam
737 5255 1009 5313 senserat,
1028 5255 1083 5302 et
1111 5249 1322 5317 paterni
1371 5249 1556 5303 auxilii
1582 5288 1597 5315 ,
1634 5250 1972 5320 quemadmo-

2081 5251 2384 5324 ἀνθρώπιον
2429 5249 2930 5322 συγκεκροτημένη,
2974 5246 3095 5301 οὐδὲ
3139 5242 3527 5315 συγκρίνεσθαι
3571 5240 3661 5296 διὰ

405 5349 530 5389 cum
561 5335 982 5406 supplicaverat,
1019 5352 1251 5407 compos
1275 5338 1452 5394 factus
1483 5349 1624 5400 erat,
1656 5348 1771 5393 tum
1820 5339 1972 5395 deni-

2080 5343 2142 5396 τὸ
2176 5343 2373 5413 σεμνὸν
2416 5343 2510 5397 καὶ
2541 5341 2818 5413 ὑπερφυὲς
2854 5338 2948 5393 τοῦ
2994 5338 3132 5408 βίου,
3180 5334 3274 5389 καὶ
3313 5335 3401 5389 διὰ
3441 5335 3502 5388 τὸ
3551 5333 3659 5387 τῶν

404 5441 511 5496 que
541 5426 693 5481 illinc
719 5428 981 5499 hymnum
1008 5429 1077 5484 ad
1117 5430 1405 5485 victoriam
1448 5430 1687 5499 inchoat,
1712 5432 1840 5486 dum
1877 5447 1972 5503 pro

2083 5431 2365 5503 δογμάτων
2415 5431 2660 5504 μέγεθος,
2695 5429 2821 5495 ἀξία
2861 5429 2938 5501 τῷ
2979 5428 3245 5484 Ἰουδαίων
3277 5426 3420 5480 ἔθνει
3467 5425 3562 5479 καὶ
3590 5427 3657 5496 τῇ

406 5517 675 5573 matutina
732 5520 1081 5592 susceptione
1135 5521 1407 5591 psalmum
1460 5521 1632 5586 iacit,
1706 5520 1797 5577 ubi
1856 5525 1972 5577 ait:

2084 5523 2194 5576 τῶν
2242 5526 2307 5577 ὲκ
2338 5522 2639 5596 περιτομῆς
2684 5525 2991 5594 συναγωγῇ,
3028 5521 3178 5594 πάσῃ
3214 5517 3455 5590 πτωχεία
3498 5516 3658 5585 λόγου

414 5626 432 5667 ς
466 5607 711 5664 Narrabo
739 5624 938 5667 nomen
970 5620 1123 5668 tuum
1169 5611 1430 5669 fratribus
1476 5612 1658 5669 meis:
1687 5613 1747 5668 in
1799 5612 1972 5670 medio

2088 5616 2181 5668 xz‘.
2215 5613 2352 5686 βίου,
2384 5617 2478 5669 κοιλ⁹
2510 5617 2877 5687 φρονήματος,
2914 5614 3008 5670 καὶ
3036 5614 3135 5685 τῆς
3172 5611 3337 5682 ἄλλης
3366 5609 3494 5682 περὶ
3521 5606 3659 5663 Θεοῦ

483 5794 525 5827 ⁸⁸
564 5790 800 5863 Philipp.
843 5807 916 5856 ιι.
951 5792 1069 5859 6,7.
1145 5795 1187 5829 ’τ
1229 5788 1335 5851 isa.
1411 5808 1583 5866 ινιιι,
1611 5794 1669 5850 θ.
