4112 6488
481 316 589 374 789

1339 310 1993 369 DEMONSTRATIONIS
2030 309 2485 369 ΕΥΑΝΩΕΗΟΛΕ
2526 313 2655 372 LIB.
2695 313 2763 371 Χ.

3637 319 3735 376 790

483 431 638 505 δόξης
684 433 1125 506 ἐσμικρυμμένῃ.
1170 425 1281 484 Εἶτ’
1334 429 1609 497 ἐπιλέγει·
1672 447 1691 480 ι
1742 429 1855 491 Τὰς
1899 429 2064 498 εὐχάς

2181 428 2428 486 Ecclesia:
2456 429 2684 487 laudabo
2727 442 2797 488 te.
2845 453 2863 485 ι
2901 433 3100 490 Primis
3134 435 3281 491 enim
3309 436 3424 494 suis
3453 436 3735 510 discipulis

490 544 590 599 μου
610 526 689 597 τῷ
720 526 909 597 Κυρίῳ
941 523 1205 579 ἀποδώσω
1229 521 1457 577 ἐνώπιον
1489 521 1705 575 πάντων
1730 521 1839 575 τῶν
1866 521 2061 590 φοϐου-

491 618 665 691 μένων
691 618 849 672 αύτόν
868 635 881 647 ·
897 637 914 670 ι
939 614 1301 686 φοϐουμένους
1320 614 1480 667 αὐτὸν
1501 612 1790 667 ἀποκαλῶν
1808 613 1906 684 τὴν
1937 612 2061 684 πρό-

486 726 642 783 τερον
675 709 1061 781 ὀνομασθεῖσαν
1095 708 1419 778 Ἐκκλησίαν
1453 705 1714 778 μεγάλην,
1740 701 1822 770 οἷς
1848 706 2058 774 ἐλεγενο

495 822 515 858 ι
551 805 614 858 Οἰ
636 801 952 872 φοϐούμενοι
970 800 1058 853 τὸν
1088 798 1311 872 Κύριον,
1341 799 1591 852 αἰνέσατε
1620 799 1800 853 αὐτόν.
1848 817 1867 850 ι
1898 799 2064 862 Ποίας

489 893 547 950 δέ
579 894 744 965 εὐχὰς
776 892 1074 947 ἀποδώσειν
1110 892 1294 962 φησιν,
1324 891 1356 962 ἦ
1383 890 1449 955 ἃς
1477 892 1874 962 ὲπηγγείλατο;
1905 891 2064 955 ποίας

490 986 548 1041 δὲ
579 984 940 1057 ἐπηγγείλατο
968 985 1001 1056 ἢ
1042 985 1273 1048 ἐκείνας,
1297 983 1362 1037 δι’
1394 977 1468 1036 ὧν
1500 983 1668 1055 ἔφησε
1687 1001 1700 1014 ο
1743 1002 1761 1034 ι
1800 984 2064 1055 Διηγήσο-

497 1093 588 1148 μαι
627 1075 690 1129 τὸ
718 1075 888 1145 ὄνομά
932 1092 1026 1128 σου
1063 1077 1174 1139 τοῖς
1209 1074 1458 1143 ἀδελφοῖς
1491 1091 1619 1146 μου’
1657 1077 1716 1129 ἐν
1754 1075 1903 1146 μέσῳ
1945 1076 2067 1128 Ἐκ-

494 1165 719 1235 κλησίας
747 1166 974 1236 ὑμνήσω
1006 1182 1086 1230 σε,
1114 1185 1131 1219 ι
1162 1165 1317 1236 εὐχαὶ
1354 1167 1449 1238 γάρ
1472 1167 1609 1219 εἰσιν
1637 1167 1691 1219 αἱ
1721 1164 2064 1235 ἐπαγγελίαι,

491 1258 560 1322 ἃς
591 1257 1055 1328 ἐπαγγειλάμενος
1098 1256 1290 1311 δώσειν
1334 1261 1391 1312 ἐν
1432 1258 1582 1329 μέσῳ
1624 1258 1948 1329 Ἐκκλησίας
1989 1258 2069 1310 δι-

493 1350 820 1405 εϐεϐαιοῦτο.
855 1350 1075 1413 Τούτοις
1101 1347 1225 1419 ἑξῆς
1246 1348 1521 1418 ἐπιλέγει·
1559 1370 1576 1401 ι
1601 1349 1867 1418 Φάγονται
1900 1349 2067 1419 πένη-

495 1462 586 1506 τες
629 1444 720 1498 καί
763 1441 1266 1516 ἐμπλησθήσονται,
1312 1442 1407 1495 καὶ
1456 1441 1727 1494 αἰνέσουσι
1772 1440 1974 1511 Κύριον
2020 1442 2068 1494 οἱ

498 1534 851 1606 ἐκζητοῦντες
889 1533 1071 1588 αὐτόν.
1113 1535 1377 1604 Ζήσονται
1427 1532 1483 1585 αἰ
1516 1531 1737 1604 καρδίαι
1784 1530 1961 1585 αὐτῶν
1994 1532 2072 1593 εἰς

498 1623 669 1677 αἰῶνα
721 1622 932 1686 αἰῶνος.
977 1622 1392 1693 Μνησθήσονται
1434 1621 1527 1674 καὶ
1574 1622 2072 1692 ἐπιστραφήσονται

500 1714 637 1787 πρὸς
668 1713 871 1786 Κύριον
911 1713 1088 1767 πάντα
1127 1711 1194 1765 τὰ
1232 1713 1445 1785 πέρατα
1485 1712 1585 1784 τῆς
1616 1713 1740 1783 γῆς,
1775 1713 1868 1766 καὶ
1902 1727 2072 1783 προσ-

2161 533 2216 578 et
2244 526 2505 595 apostolis
2542 542 2662 596 quae
2703 526 2770 580 ad
2805 542 2960 581 suam
2996 526 3238 581 laetitiam
3301 537 3354 583 et
3411 531 3733 586 exsultatio-

2160 628 2283 669 nem
2316 614 2622 684 pertinent,
2676 616 2961 685 pollicetur
2989 631 3046 671 se
3095 617 3495 684 nuntiaturum,
3529 635 3624 676 eos
3654 622 3733 674 in-

2162 706 2320 761 terim
2356 707 2646 761 nominans
2684 706 2917 762 fratres:
2950 709 3148 777 quibus
3177 709 3339 764 etiam
3371 722 3735 770 consentanea

2162 797 2448 852 Matthaeus
2482 799 2728 868 exponit,
2759 799 2886 852 dum
2917 799 3049 853 dicit
3079 819 3092 854 :
3125 819 3144 851 ‹
3209 800 3282 854 Er
3297 816 3425 857 ecce
3451 800 3611 859 Jesus
3642 820 3736 860 oe-

2164 891 2340 944 currit
2383 891 2513 955 illis,
2550 911 2569 944 ι
2620 892 2708 946 ubi
2744 892 2865 947 illas
2903 893 3195 963 intelligit,
3232 910 3354 965 quae
3388 911 3511 950 cum
3568 896 3736 952 Maria

2167 975 2481 1047 Magdalene
2514 987 2671 1034 erant
2691 1019 2706 1042 ,
2743 999 2762 1031 ι
2791 980 2982 1036 dicens
3009 1001 3021 1035 :
3054 980 3288 1039 Salvete.
3316 983 3425 1039 Illa:
3448 993 3628 1040 autem
3654 1002 3740 1042 ac-

2166 1076 2451 1125 cesserunt
2478 1078 2531 1126 et
2564 1079 2855 1126 tenuerunt
2883 1072 3002 1140 ejus
3030 1074 3194 1142 pedes
3215 1115 3229 1138 ,
3280 1083 3335 1130 et
3378 1076 3739 1133 adoraverunt

2166 1176 2313 1217 eum.
2350 1160 2504 1217 Tunc
2530 1164 2606 1216 ait
2640 1164 2745 1219 illis
2769 1163 2970 1220 Iesus;
3014 1163 3192 1221 Nolite
3228 1167 3436 1222 timere.
3488 1167 3597 1233 Ite,
3641 1187 3740 1225 an-

2169 1251 2418 1307 nuntiate
2446 1250 2709 1307 fratribus
2745 1254 2901 1317 meis,
2932 1262 2989 1308 ut
3018 1256 3217 1310 abeant
3248 1257 3301 1311 in
3337 1256 3612 1313 Galilaeam
3632 1300 3646 1321 ,
3688 1269 3741 1315 et

2170 1345 2243 1401 ibi
2277 1360 2364 1401 me
2393 1345 2654 1401 videbunt
2684 1347 2745 1399 ⁸⁸.
2782 1367 2803 1400 ι
2845 1346 2914 1401 At
2939 1363 3070 1403 vero
3099 1348 3340 1405 Joannes
3367 1358 3488 1421 post
3520 1351 3744 1407 reditio-

2171 1449 2293 1490 nem
2328 1450 2358 1489 a
2385 1436 2615 1492 mortuis
2637 1438 2753 1508 ipse
2784 1454 2998 1509 quoque
3022 1439 3231 1494 inducit
3255 1440 3439 1497 Jesum
3470 1443 3741 1498 dicentem

2173 1526 2240 1581 ad
2282 1525 2456 1597 ipsam
2506 1526 2779 1584 Mariam:
2829 1548 2848 1581 ι
2899 1530 3018 1586 Noli
3053 1547 3136 1588 tne
3186 1539 3448 1603 tangere:
3500 1536 3742 1589 nondum

2172 1618 2316 1672 enim
2348 1619 2569 1673 ascendi
2621 1619 2687 1673 ad
2737 1618 2952 1676 Patrem
2990 1638 3192 1678 meum.
3261 1622 3409 1679 Vade
3461 1632 3639 1680 autem
3675 1626 3743 1680 ad

2175 1706 2373 1764 fratres
2400 1723 2569 1772 meos,
2599 1718 2652 1763 et
2677 1709 2765 1764 dic
2793 1711 2872 1765 eis
2904 1730 2919 1765 :
2951 1710 3201 1768 Ascendo
3231 1713 3296 1767 ad
3319 1712 3532 1768 Patrem
3564 1731 3743 1770 meum

501 1806 822 1877 κυνήσουσιν
877 1802 1103 1856 ἐνώπιον
1151 1801 1313 1856 αὐτοῦ
1368 1804 1536 1856 πᾶσαι
1590 1805 1643 1856 αἰ
1706 1803 1931 1874 πατριαί
1967 1801 2074 1855 τῶν

2181 1807 2230 1854 et
2260 1797 2478 1854 Patrem
2510 1807 2752 1854 vestrum
2777 1839 2791 1864 ,
2850 1808 2903 1856 et
2934 1799 3102 1855 Deum
3155 1817 3333 1857 meum
3355 1812 3425 1858 ‘et
3457 1802 3624 1858 Deum
3651 1819 3746 1858 ve-

502 1895 697 1949 ἐθνῶψ
731 1896 812 1949 ὅτι
836 1894 930 1949 τοῦ
964 1893 1169 1964 Κυρίου
1201 1895 1234 1966 ή
1266 1893 1530 1963 βασιλεία,
1559 1895 1652 1947 καί
1685 1894 1847 1956 αὐτὸς
1878 1893 2070 1947 δεσπό-

503 1987 585 2053 {et
616 1986 725 2042 τῶν
757 1985 943 2041 ἐθνῶν.
984 2006 1003 2039 ι
1039 1986 1116 2038 Δι’
1151 1978 1226 2039 ὧν
1257 1985 1462 2057 σφόδρα
1496 1984 1805 2049 ἀκολούθως
1836 1984 1904 2039 τὰ
1941 1984 2079 2057 μετά

504 2080 603 2151 τὴν
631 2079 924 2134 ἀνάστασιν
956 2075 1120 2131 αὑτοῦ
1154 2074 1553 2148 κατορθώματα
1598 2077 1887 2145 ἀναφωνεῖ,
1915 2076 1951 2131 ἃ
1984 2077 2078 2131 καὶ

504 2168 856 2241 πεπλήρωται
880 2167 966 2221 διὰ
992 2168 1093 2238 τῆς
1121 2167 1179 2235 ἐξ
1207 2166 1459 2221 ἀπάντων
1484 2166 1591 2221 τῶν
1616 2165 1783 2221 ἐθνῶν
1811 2168 2079 2239 κλήσεως,

501 2261 590 2314 διά
617 2277 678 2313 τε
705 2260 805 2331 τῆς
834 2260 890 2312 ἐν
914 2262 1029 2323 τοῖς
1057 2259 1256 2330 πέρασι
1288 2259 1386 2329 τῆς
1417 2259 1742 2330 οἰκουμένης
1778 2258 2079 2332 ἀνθρώπων

503 2349 755 2419 ἐκλογῆς,
806 2343 882 2403 ὧν
930 2350 986 2402 αἰ
1043 2348 1298 2413 ἐκϐάσεις
1355 2348 1653 2420 ὀφθαλμοῖς
1711 2348 2079 2422 θεωρούμεναι

505 2442 721 2496 πάντων
753 2441 819 2494 ἃν
862 2441 1101 2509 γένοιντο
1126 2441 1234 2495 τῶν
1276 2441 1364 2496 διὰ
1398 2441 1493 2495 τοῦ
1526 2442 1742 2513 ψαλμοῦ
1774 2441 2079 2514 λεγομένων

506 2534 932 2605 παραπατικαί.
983 2535 1223 2607 Πένητες
1268 2536 1325 2589 δέ
1372 2536 1534 2591 πάλιν
1583 2539 1767 2608 ἡμεῖς,
1812 2537 1905 2601 οὒς
1942 2537 2117 2591 κατὰ·

506 2625 638 2679 Θεὸν
672 2625 1049 2696 πτωχεύοντας
1096 2627 1376 2699 ἐκτρέφων
1428 2630 1456 2681 6
1500 2629 1765 2699 σωτήριος
1792 2628 1963 2697 Λόγος
2002 2628 2081 2698 τῷ

508 2717 681 2788 νοητῷ
712 2719 804 2771 καὶ
834 2717 1036 2788 λογικῷ
1077 2718 1225 2791 ἄρτῳ
1253 2716 1373 2783 ταῖς
1419 2719 1701 2784 ζωοποιοῖς
1747 2718 1854 2772 τῶν
1896 2718 2081 2790 ψυχῶν

506 2811 750 2880 τροφαῖς,
790 2808 886 2881 τὴν
917 2807 1134 2864 αἰώνιον
1165 2813 1294 2882 ἡμῖν
1335 2811 1565 2883 παρέχει
1598 2810 1761 2883 ζωήν.
1797 2811 1885 2865 Διό
1918 2829 2093 2881 φησινπ

507 2902 536 2954 6
564 2900 777 2973 ψαλμός
794 2918 808 2932 ·
876 2922 893 2955 ι
928 2904 1194 2972 Φάγονται
1221 2904 1453 2975 πένητες
1473 2904 1566 2957 καὶ
1589 2904 2081 2976 ἐμπλησθήσονται,

508 2993 603 3049 καὶ
634 2993 905 3048 αἰνέσουσι
935 2995 1138 3068 Κύριον
1174 2996 1224 3050 οἰ
1263 2994 1618 3067 ὲκζητοῦντες
1666 2994 1846 3050 αὐτόν.
1886 2996 2082 3066 Ζήσον-

509 3099 599 3138 ται
627 3086 684 3140 αἰ
715 3087 930 3157 καρδίαι
964 3087 1143 3142 αὐτῶν
1171 3088 1251 3152 εἰς
1276 3086 1448 3141 αἰῶνα
1468 3085 1682 3149 αἰῶνος.
1722 3104 1740 3137 ›
1777 3087 1887 3141 Καὶ
1911 3088 1939 3140 6
1967 3086 2085 3139 sitf-

509 3172 666 3244 λογος
687 3177 744 3231 δὲ
768 3178 866 3249 τῆς
892 3178 1019 3252 ὅλης
1045 3177 1379 3253 προφητείας
1413 3177 1552 3249 μετά
1575 3177 1752 3232 πάντα
1779 3178 2079 3251 ἐπιφέρωνσ

515 3287 533 3319 ι
587 3267 1042 3342 Ἀναγγελήσεται
1063 3271 1140 3342 τῷ
1170 3271 1363 3343 Κυρίῳ
1390 3268 1556 3338 γενεά
1584 3271 1617 3340 ή
1652 3267 1939 3340 ἐρχομένη..
1972 3267 2085 3321 Καὶ

508 3359 864 3429 ἀναγγελοῦσι
888 3362 986 3432 τὴν
1014 3361 1359 3432 δικαιοσύνην
1389 3361 1554 3414 αὐτοῦ
1586 3359 1700 3431 λαῷ
1721 3361 1799 3432 τῷ
1827 3358 2085 3430 τεχθησο-

513 3449 679 3522 μένῳ,
732 3451 791 3504 ὃν
842 3452 1097 3523 ἐποίησεν
1133 3454 1163 3505 6
1219 3453 1452 3524 Κύριος·
1498 3472 1517 3504 ι
1555 3452 1813 3523 ἄντικρυς
1858 3450 1949 3503 τδν
2025 3447 2092 3514 ἐξ

510 3541 680 3595 ἐθνῶν
713 3542 1065 3615 προθεσπίζει
1094 3544 1242 3607 λαὸν,
1294 3545 1387 3597 καὶ
1419 3545 1517 3616 τὴν
1566 3542 1655 3596 διὰ
1692 3542 1785 3595 τοῦ
1836 3542 2086 3611 Σωτῆρος

511 3627 669 3700 ήμῶν
710 3628 883 3700 Ἰησοῦ
912 3629 1149 3702 Χριστοῦ
1183 3633 1455 3685 συστᾶσαν
1489 3632 1580 3685 ἐπὶ
1611 3624 1709 3701 τῆς
1737 3631 1839 3701 γῆς
1871 3630 2079 3698 γενεάν.

513 3721 611 3784 Τίς
634 3719 740 3793 γὰρ
767 3721 833 3775 ἂν
856 3721 940 3793 εἴη
974 3723 1002 3775 6
1040 3724 1178 3794 μετά
1202 3723 1375 3777 ταῦτα
1414 3723 1766 3795 τεχθήσεσθαί
1798 3723 2087 3793 λεγόμενος

511 3810 590 3882 τῷ
622 3811 739 3884 Θεῷ
765 3812 913 3878 λαὸς,
946 3813 1111 3869 πάλαι
1145 3814 1220 3887 μὴ
1247 3814 1342 3882 ὣν,
1373 3815 1490 3887 μηδ’
1518 3814 1763 3884 ὑφεστὼς
1800 3817 1856 3868 ἐν
1888 3813 2093 3885 ἀνθρώ-

515 3921 655 3968 ποις,
691 3904 914 3976 ὖστερον
946 3906 1003 3959 δὲ
1035 3905 1307 3976 γεγονὼς;
1355 3906 1439 3971 τίς
1482 3925 1541 3960 τε
1582 3906 1642 3959 ού
1680 3907 1754 3979 μὴ
1785 3904 1920 3959 οὖσα
1944 3906 2090 3970 τότε,

512 3995 777 4067 λεγομένη
799 3996 857 4049 δὲ
887 3997 1200 4052 ἐλεύσεσθαι
1223 3998 1408 4067 γενεὰ,
1443 4000 1491 4051 εἰ
1519 3999 1593 4070 μὴ
1647 3997 1781 4070 αῦτη
1810 4001 1842 4070 ή
1870 3998 1961 4053 διὰ
1993 3997 2089 4051 τοῦ

514 4086 764 4159 Σωτῆρος
792 4090 824 4158 ή
834 4087 948 4158 μῶν
977 4090 1035 4141 ἐν
1069 4091 1230 4143 παντί
1264 4088 1344 4160 τῷ
1371 4091 1564 4162 κόσμῳ
1584 4093 1828 4145 συστᾶσα
1863 4089 2091 4159 Ἐκκλη-

514 4177 636 4244 σία;
668 4180 762 4232 καὶ
788 4182 815 4233 ὀ
837 4181 955 4244 νέος
984 4180 1042 4245 ἐξ
1067 4180 1236 4235 ἐθνῶν
1266 4182 1415 4247 λαὸς,
1450 4184 1537 4253 ἐφ’
1567 4178 1610 4252 ᾧ
1633 4183 1728 4237 καὶ
1755 4183 1843 4237 διὰ
1871 4183 2088 4237 Ἡσαΐου

512 4272 573 4326 τὸ
619 4271 846 4344 Πνεῦμα
872 4275 933 4328 τὸ
980 4275 1134 4343 ἅγιον
1165 4275 1555 4346 θαυμαστικῶς
1586 4272 1963 4344 ἀπεφθέγξατο
1989 4275 2093 4345 φῆ“

515 4381 614 4419 σαν
638 4382 651 4396 ·
691 4385 709 4417 ι
757 4366 852 4430 Τίς
871 4367 1068 4439 ήκουσε
1101 4369 1345 4436 τοιαῦτα,
1376 4370 1470 4424 καὶ
1495 4370 1580 4434 τίς
1612 4368 1855 4441 ἑώρακεν
1878 4366 2049 4431 οὕτως
2071 4383 2090 4434 ;

2176 1898 2350 1945 strum
2389 1892 2451 1948 τ’.
2495 1911 2514 1944 ι
2549 1890 2746 1947 Primis
2774 1905 2905 1964 ergo
2935 1894 3198 1964 apostolis
3250 1894 3395 1960 suis,
3432 1911 3571 1965 quos
3616 1911 3748 1953 suos

2176 1981 2374 2039 fratres
2400 1985 2664 2048 nominat,
2700 2000 2896 2040 nomen
2941 2002 3000 2041 se
3030 1984 3209 2042 Patris
3256 1988 3339 2041 sui
3395 1996 3746 2043 narraturum

2178 2076 2274 2130 ait.
2303 2074 2435 2131 Post
2465 2076 2587 2132 illos
2621 2085 2838 2142 autem,
2890 2077 3010 2151 ipso
3042 2078 3235 2135 ordine
3286 2080 3514 2152 ipsaque
3552 2095 3746 2136 conse-

2176 2169 2376 2240 quendi
2411 2168 2623 2224 ratione
2645 2168 2920 2235 Ecclesiae,
2955 2188 3074 2242 quae
3103 2187 3198 2242 per
3222 2179 3394 2226 totum
3431 2175 3617 2229 orbem
3641 2180 3750 2229 ter-

2176 2275 2361 2315 rutrum
2411 2260 2464 2314 in
2499 2261 2720 2315 nomine
2775 2261 2949 2331 ipsius
3006 2262 3230 2318 fundata
3290 2271 3406 2329 est,
3464 2272 3749 2333 paternum

2179 2351 2440 2423 hymnum
2476 2366 2533 2406 se
2562 2352 2934 2423 expositurum
2967 2355 3252 2424 promittit.
3281 2354 3750 2421 Quemadmodum

2178 2441 2325 2496 enim
2363 2440 2411 2496 si
2458 2441 2582 2511 quis
2624 2443 2898 2497 excellens
2928 2443 3193 2514 sapientia
3223 2452 3523 2514 praeceptor
3554 2445 3609 2498 in
3639 2460 3754 2500 me-

2179 2531 2286 2588 diis
2318 2532 2434 2586 suis
2466 2531 2752 2602 discipulis
2782 2533 2949 2588 verba
2982 2542 3301 2604 percurrat,
3364 2542 3425 2588 ut
3478 2531 3585 2607 ipsi
3614 2550 3753 2603 quo-

2181 2637 2287 2692 que
2315 2621 2598 2677 audientes
2629 2623 2962 2687 auscultent,
2994 2624 3069 2678 ita
3101 2625 3265 2680 etiam
3312 2625 3403 2679 ille
3437 2642 3455 2674 ι
3494 2624 3546 2678 in
3576 2624 3754 2680 medio

2182 2712 2458 2778 Ecclesiae,
2489 2714 2687 2783 inquit,
2719 2714 2955 2771 laudabo
2987 2722 3060 2780 te,
3100 2736 3122 2768 ι
3178 2723 3237 2770 ut
3269 2731 3394 2771 cum
3435 2716 3537 2771 hoc
3565 2714 3756 2772 Eccle-

2184 2810 2264 2865 sia
2291 2809 2561 2877 didicerit,
2590 2810 2718 2864 dum
2753 2810 2821 2865 ab
2857 2812 2976 2880 ipso
3009 2812 3198 2875 audit,
3254 2826 3365 2865 non
3397 2812 3537 2865 ultra
3567 2819 3625 2865 ut
3655 2826 3754 2867 an-

2183 2910 2271 2957 tea
2302 2901 2607 2967 dzemonas,
2661 2903 2791 2966 sed,
2840 2911 2900 2956 ut
2955 2919 3047 2974 par
3105 2911 3229 2967 est,
3278 2903 3455 2973 ipsum
3516 2903 3753 2959 universi

2185 2988 2352 3047 Deum
2384 3006 2483 3062 per
2502 3007 2646 3056 eum,
2679 2991 2771 3063 qui
2803 2991 2955 3046 illum
2986 2992 3270 3048 denuntiat
3294 3033 3310 3058 ,
3368 2993 3582 3064 hymnis
3619 3008 3756 3046 con-

2186 3083 2440 3140 celebret.
2467 3081 2592 3138 }laec
2620 3084 2712 3140 ubi
2740 3099 2800 3140 se
2835 3082 3109 3139 facturum
3137 3085 3386 3156 promisit
3418 3124 3433 3149 ,
3492 3093 3606 3139 tum
3657 3082 3753 3138 ad-

2186 3174 2407 3230 modum
2431 3178 2820 3232 convenienter
2845 3185 3009 3247 atque
3054 3187 3177 3248 apte
3225 3177 3337 3247 jam
3371 3176 3494 3231 inde
3527 3176 3757 3245 imperat

2186 3266 2445 3324 Ecclesiae
2473 3282 2536 3323 ac
2580 3268 2697 3323 suis
2742 3267 3039 3334 fratribus,
3096 3276 3157 3322 ut
3210 3269 3430 3340 hymnis
3484 3266 3758 3322 celebrent

2184 3356 2422 3425 Patrem,
2467 3359 2561 3413 ubi
2593 3359 2705 3413 ait:
2742 3378 2762 3410 ι
2803 3357 2909 3427 Qui
2960 3359 3165 3414 timetis
3198 3357 3508 3423 Dominum,
3541 3356 3757 3411 laudate

2185 3466 2332 3506 eum.
2387 3449 2559 3506 Omne
2608 3466 2793 3506 semen
2831 3449 3024 3513 Jacob,
3060 3450 3358 3522 glorificate
3399 3466 3543 3506 cum.
3580 3448 3646 3503 Et
3690 3449 3758 3504 ti-

2184 3554 2369 3599 meant
2391 3543 2461 3598 ab
2481 3557 2546 3598 eo
2569 3556 2729 3597 omne
2754 3557 2939 3597 semen
2970 3539 3134 3596 Israel
3155 3581 3168 3603 ,
3195 3541 3451 3611 quoniam
3482 3554 3589 3593 non
3615 3553 3758 3609 spre-

2185 3636 2282 3698 vit,
2333 3650 2511 3704 neque
2558 3633 2787 3688 moleste
2833 3634 2958 3687 tulit
2983 3633 3419 3703 deprecationem
3465 3628 3757 3702 pauperis.

2189 3726 2353 3798 509
2391 3742 2568 3798 neque
2615 3727 2813 3781 avertit
2855 3725 3050 3781 faciem
3094 3741 3251 3781 suam
3302 3741 3333 3778 a
3374 3740 3496 3788 me,
3536 3733 3589 3781 et
3635 3739 3760 3778 cum

2187 3820 2481 3874 clamarem
2528 3817 2596 3873 ad
2627 3834 2751 3874 eum
2777 3858 2792 3884 ,
2826 3818 3103 3874 exaudivit
3136 3833 3242 3871 me.
3281 3836 3300 3867 ι
3330 3815 3540 3882 Quibus
3580 3815 3761 3870 verbis

2191 3912 2352 3983 plane
2394 3912 2635 3967 ostendit
2675 3927 2734 3966 se
2780 3911 2850 3966 ab
2897 3910 3008 3965 illis
3055 3925 3179 3965 esse
3225 3909 3514 3964 liberatum
3568 3906 3769 3966 malis.

2191 4018 2312 4073 quas
2340 4003 2596 4073 superius
2626 4002 2771 4059 dicta
2802 4010 2951 4057 sunt.
2986 4000 3041 4056 Si
3075 4002 3217 4056 enim
3253 4017 3377 4055 eum
3404 4000 3664 4055 clamaret
3693 3998 3761 4050 ad

2189 4095 2377 4160 illum,
2410 4095 2478 4151 ab
2509 4096 2600 4151 illo
2634 4095 2926 4152 exauditus
2957 4106 3042 4149 est
3063 4136 3079 4162 ,
3127 4102 3181 4149 et
3222 4094 3467 4148 clamans
3508 4098 3764 4162 precatus

2191 4196 2308 4252 est,
2340 4196 2399 4242 ut
2427 4188 2663 4258 eriperet
2694 4202 2723 4241 a
2761 4186 2966 4241 framea
2996 4186 3215 4257 quidem
3247 4185 3482 4241 animam
3514 4198 3699 4246 suam,
3732 4198 3761 4235 a

2191 4294 2329 4336 eane
2369 4288 2547 4334 autem
2595 4279 2809 4333 unicam
2856 4293 3011 4334 suam
3036 4317 3052 4343 ,
3087 4293 3189 4334 nec
3228 4294 3336 4333 non
3371 4279 3440 4333 ab
3471 4292 3566 4332 ore
3594 4276 3766 4331 leonis

2192 4378 2246 4426 et
2287 4385 2319 4424 a
2364 4370 2626 4426 cornibus
2666 4369 3014 4425 unicornium
3058 4369 3418 4424 humilitatem
3452 4382 3644 4430 suam,
3674 4382 3765 4421 se-

515 4458 562 4510 εἰ
591 4455 746 4510 ὥδινε
773 4458 842 4530 γῆ
867 4459 924 4511 ἐν
965 4458 1146 4532 ἡμέρᾳ
1181 4461 1300 4532 μιᾷ,
1336 4461 1433 4514 καὶ
1464 4461 1512 4512 εἰ
1545 4460 1737 4531 ἐτέχθη
1774 4459 1925 4524 ἔθνος
1979 4460 2080 4511 εἰσ-

2196 4463 2384 4531 quitur
2415 4471 2470 4517 ut
2512 4461 2881 4532 intelligamus
2912 4460 3064 4514 illum
3095 4459 3473 4515 liberationem
3505 4474 3535 4512 a
3566 4456 3766 4511 talibus

515 4544 681 4615 ἅπαξ.
720 4567 739 4599 ι
768 4548 954 4604 Ταῦτα
977 4552 1074 4622 μὲν
1103 4547 1197 4606 οῦν
1228 4553 1411 4623 ἡμεῖς,
1437 4553 1522 4621 ἐφ’
1547 4550 1714 4624 ἕτερα
1744 4549 2089 4605 συνελαύνον-

512 4655 605 4704 τος
633 4640 727 4693 τοῦ
772 4642 990 4714 καιροῦ,
1034 4644 1423 4717 διαδραμόντες
1474 4643 1782 4716 ἀκροθιγῶς
1825 4642 2093 4716 διεξήλθο-

516 4747 637 4800 μεν,
673 4732 779 4803 ὃτῳ
816 4733 860 4787 δ’
895 4733 960 4788 ἂν
989 4734 1138 4806 μέλοι
1177 4735 1278 4805 τῆς
1302 4734 1398 4788 τοῦ
1445 4736 1695 4808 Σωτῆρος
1726 4734 1884 4806 ήμῶν
1914 4752 2093 4806 παρα-

514 4821 831 4888 κελεύσεως,
864 4823 1160 4896 [φήσαντος
1182 4843 1195 4856 ·
1234 4845 1252 4878 ι
1300 4825 1587 4898 Ἐρευνᾶτε
1624 4828 1723 4890 τὰς
1748 4827 1971 4898 Γραφάς
1991 4844 2004 4856 ·
2032 4829 2090 4880 ἐν

514 4908 840 4991 αἴςοδοκεῖτε
880 4913 1025 4987 ζωὴν
1069 4916 1285 4970 αἰώνιον
1323 4915 1488 4986 ἔχειν,
1518 4917 1611 4971 καὶ
1658 4917 1817 4970 αὐταί
1858 4918 1995 4970 εἰσιν
2034 4918 2090 4971 αἰ

515 5007 890 5080 μαρτυροῦσαι
934 5009 1061 5081 περὶ
1106 5008 1261 5081 ἐμοῦ.
1307 5028 1326 5060 ›
1375 5008 1613 5079 Ἑκάστῃ
1644 5007 1791 5072 λέξει
1821 5007 1916 5061 τοῦ
1956 5008 2093 5078 ψαλ-

516 5096 618 5167 μοῦ
650 5098 743 5152 τὸν
773 5099 901 5154 νοῦν
919 5099 1249 5171 ἐμϐαθύνας,
1277 5100 1376 5172 τήν
1402 5099 1604 5171 ἀκριὸῆ
1633 5099 1872 5153 διάνοιαν
1901 5100 2094 5174 θηρεύ-

512 5204 603 5242 σαι
636 5188 703 5242 ἂν
725 5191 824 5262 τῆς
846 5193 904 5245 ἐν
936 5195 1049 5256 τοῖς
1079 5193 1391 5264 εἰρημένοις
1419 5192 1677 5264 ἀληθείας
1707 5191 1834 5264 (1).]

2194 4551 2356 4606 malis
2384 4559 2740 4605 consecutum
2764 4590 2779 4616 ,
2814 4549 3015 4620 quippe
3054 4549 3148 4620 qui
3185 4548 3421 4611 dixerit,
3457 4547 3627 4601 Deum
3657 4561 3767 4599 non

2194 4645 2425 4699 moleste
2446 4643 2642 4697 tulisse
2667 4642 3107 4712 deprecationem
3138 4656 3293 4696 suam
3314 4679 3328 4704 ,
3363 4653 3541 4708 neque
3570 4636 3765 4691 faciem

2193 4751 2346 4791 suam
2377 4736 2645 4792 avertisse
2667 4736 2736 4790 ab
2763 4735 2902 4805 ipso,
2927 4733 3022 4790 sed
3048 4735 3374 4788 clamantem
3401 4731 3578 4801 ipsum
3602 4743 3765 4784 exau-

2198 4828 2419 4882 divisse.
2464 4827 2735 4894 Quocirca
2765 4828 2939 4882 eidem
2970 4827 3035 4881 de
3067 4826 3232 4881 tantis
3263 4824 3421 4879 malis
3461 4824 3680 4892 erepto,
3714 4828 3766 4875 ct

2197 4919 2300 4993 ipsi
2341 4918 2409 4974 de
2450 4928 2626 4974 morte
2667 4919 2854 4990 elapso
2884 4918 3100 4973 abunde
3128 4915 3395 4985 contingit
3426 4929 3532 4968 una
3557 4913 3766 4967 versari

2198 5025 2262 5065 ac
2289 5010 2485 5080 degere
2512 5026 2636 5064 cum
2669 5011 2786 5066 suis
2812 5014 2868 5066 et
2891 5009 3178 5080 discipulis
3217 5018 3271 5063 et
3303 5006 3583 5068 fratribus,
3623 5011 3677 5059 et
3710 5004 3766 5059 in

2197 5099 2375 5155 media
2400 5100 2646 5156 Ecclesia
2672 5109 2880 5170 patrem
2905 5101 3147 5156 laudare.
3176 5099 3282 5154 Sed
3304 5098 3525 5153 attende
3550 5110 3766 5159 rursus,

2201 5201 2261 5246 ut
2295 5208 2590 5264 pauperem
2624 5193 2864 5264 seipsum
2896 5193 3091 5248 iterum
3133 5200 3313 5254 vocat,
3360 5193 3415 5245 in
3443 5204 3509 5245 eo
3535 5203 3767 5244 concor—

512 5283 651 5338 dans
678 5298 802 5338 cum
830 5289 957 5339 ante
985 5284 1250 5354 expositis
1271 5285 1609 5357 prophetiis,
1637 5284 1696 5339 in
1756 5284 1958 5354 quibus
2014 5298 2221 5355 pauper
2265 5291 2321 5340 et
2365 5300 2570 5355 egenus
2612 5293 2696 5339 est
2742 5285 3098 5352 nominatus;
3144 5284 3240 5339 sed
3282 5283 3410 5354 quia
3472 5296 3633 5338 suum
3702 5280 3767 5333 ad

504 5379 678 5433 vitam
722 5378 957 5434 reditum
1000 5380 1056 5434 in
1095 5379 1185 5435 bis
1226 5379 1526 5446 indicavit,
1558 5396 1752 5436 rursus
1783 5395 2091 5436 sermonem
2132 5388 2461 5435 convertens
2491 5380 2558 5433 ad
2589 5379 2804 5435 Patrem
2826 5419 2841 5444 ,
2876 5398 2895 5430 ι
2927 5386 3072 5442 ate,
3106 5377 3319 5449 inquit,
3383 5377 3505 5432 laus
3567 5388 3687 5430 mea
3714 5373 3767 5428 in

512 5472 759 5530 Ecclesia
792 5488 986 5545 magna
1011 5516 1026 5543 ,
1055 5494 1074 5526 ι
1134 5475 1188 5531 in
1218 5476 1423 5546 quibus
1451 5492 1584 5532 sane
1613 5476 1796 5533 verbis
1856 5476 2160 5533 Ecclesiam
2200 5479 2257 5531 in
2290 5477 2513 5531 nomine
2544 5475 2722 5545 ipsius
2749 5490 2817 5529 ex
2844 5473 3099 5545 gentibus
3127 5473 3412 5528 collectam
3436 5510 3451 5537 ,
3484 5479 3537 5526 et
3566 5484 3625 5527 ππ
3651 5482 3763 5528 τοι(

585 5630 629 5664 ⁸⁸
664 5629 854 5685 Matth.
891 5646 1067 5686 xxvm
1090 5670 1104 5696 ,
1137 5630 1284 5694 9,10.
1364 5632 1408 5664 "
1448 5628 1613 5687 Joan.
1648 5647 1755 5696 xx,
1791 5631 1881 5685 i7.

584 5751 660 5820 (l)
700 5752 871 5808 Unci:
911 5755 1168 5811 (om-lusa
1208 5754 1484 5825 supplevit
1528 5752 1832 5810 Fabricius.
1859 5751 1997 5809 Vide
2046 5752 2470 5807 Admonitionem
2522 5747 2677 5805 initio
2729 5745 3040 5803 voluminis.
