4112 6440
372 382 476 440 795

1083 375 1732 433 DEMONSTRATIONIS
1756 374 2212 431 ΕνΑΝοΕωιιΑε
2252 373 2510 430 FRAGM.
2555 375 2644 430 EX
2684 376 2813 433 LIB.
2853 377 2973 432 XV.

3518 378 3622 438 794

374 511 467 558 νας
495 495 552 547 ὲν
580 491 1044 561 πεντεκαιδεκάτῳ
1070 490 1220 561 τόμῳ
1246 490 1343 561 τῆς
1357 489 1762 560 Εὑαγγελικῆς
1793 492 1935 545 Ἀπο-

2051 490 2526 544 Demonstratiom's
2554 488 2884 560 Evangelia
2912 491 3054 545 libro
3090 500 3326 547 exstant.
3350 492 3400 548 is
3427 510 3621 567 nempe

371 585 612 650 δείξεως
629 600 642 614 ·
673 579 825 649 οὗτος
852 583 960 654 γὰρ
988 583 1166 635 πᾶσαν
1196 581 1483 652 ἐκθέμενος
1514 582 1613 653 τὴν
1635 583 1822 654 ὅρασιν
1850 582 1943 636 ού-

368 692 479 741 τως
531 675 695 747 φησί·
731 694 750 726 ι
802 674 1067 745 Ἡγοῦμαι
1109 673 1281 727 ταῦτα
1332 674 1494 745 μηδὲν
1537 674 1808 746 διαφέρειν
1847 676 1945 745 τῆς

373 767 651 839 προφήτου
693 765 956 837 θεωρίας·
996 765 1072 828 ὡς
1124 765 1232 836 γὰρ
1268 767 1297 821 6
1340 768 1625 837 προφήτης
1674 766 1944 819 θάλασσαν

370 857 517 930 ἑώρα
547 857 804 929 μεγάλην,
826 856 998 920 οὕτως
1014 860 1042 911 6
1063 856 1315 926 βασιλεὺς
1342 861 1525 913 εἰκόνα
1559 858 1759 929 πολλήν
1779 900 1791 913 .
1836 860 1944 913 Καὶ

372 948 533 1005 πάλιν
577 949 652 1013 ὠς
695 951 723 1002 6
772 950 1056 1020 προφήτης
1094 949 1240 1022 ἑώρα
1283 950 1323 1003 δ’
1370 950 1553 1022 θηρία,
1594 951 1735 1021 άπερ
1772 953 1943 1021 ἑρμη-

371 1040 539 1097 νεύων
580 1039 869 1112 μετέϐαλεν
907 1043 985 1104 εἰς
1024 1041 1064 1093 δ’
1104 1041 1398 1110 βασιλείας,
1431 1040 1602 1104 οὕτως
1628 1044 1656 1094 6
1694 1042 1944 1112 punish;

370 1135 468 1199 τὰς
493 1134 581 1188 διὰ
599 1133 691 1186 τοῦ
720 1137 920 1206 χρυσοῦ
960 1136 1053 1188 καὶ
1082 1134 1323 1206 ἀργύρου
1354 1135 1447 1188 καί⁷
1477 1134 1676 1204 χαλκοῦ
1719 1134 1810 1187 καὶ
1858 1152 1940 1188 σι-

370 1226 555 1297 δήρου,
580 1225 850 1298 τέσσαρας
880 1225 1153 1296 βασιλείας
1183 1226 1455 1297 ᾐνίττετο·
1505 1228 1598 1279 καὶ
1627 1222 1780 1289 αὖθις
1809 1228 1882 1289 ὡς
1911 1227 1940 1278 6

372 1319 655 1389 προφήτης
704 1319 811 1372 τῶν
858 1318 952 1371 τοῦ
1001 1318 1231 1371 ὑπάτου
1279 1317 1467 1389 θηρίου
1519 1319 1763 1389 κεράτων
1808 1319 1937 1372 δέκα

370 1406 626 1479 διαίρεσιν
648 1406 814 1479 ἑώρα,
848 1409 941 1460 καὶ
970 1408 1094 1478 τρία
1144 1406 1348 1477 κέρατα
1387 1407 1477 1474 ὑφ’
1509 1405 1625 1470 ἐνὸς
1665 1406 1940 1472 συντριϐό-

374 1516 533 1570 μενα·
576 1499 667 1552 καί¹
696 1502 723 1552 6
753 1498 1004 1569 βασιλεὺς
1045 1497 1304 1560 ὡσαύτως
1334 1498 1425 1549 ἐπὶ
1467 1496 1574 1549 τῶν
1619 1496 1942 1550 τελευταίων

369 1588 470 1658 τῆς
500 1588 704 1650 εἰκόνος
737 1588 899 1658 μέρος
929 1603 982 1638 τι
1023 1584 1274 1655 σιδηροῦν
1313 1585 1404 1638 καὶ
1436 1584 1597 1655 μέρος
1624 1583 1940 1653 ὀστράκινον

370 1679 623 1751 ἐθεώρει·
658 1680 750 1732 καὶ
780 1679 871 1730 ἐπί
914 1677 1139 1739 τούτοις,
1167 1678 1242 1739 ὡς
1278 1678 1306 1730 ὁ
1348 1677 1634 1747 προφήτης
1670 1676 1808 1745 μετὰ
1839 1677 1939 1747 τὴν

368 1772 476 1827 τῶν
519 1771 797 1842 τεσσάρων
846 1768 1129 1839 βασιλειῶν
1165 1770 1352 1840 ὅρασιν
1388 1766 1535 1839 ἐώρα
1574 1767 1686 1820 υἱὸν
1734 1767 1941 1839 ἀνθρώ-

2048 587 2360 641 universum
2430 587 2606 642 visum
2663 589 2944 657 explicans
3001 588 3082 644 sic
3126 584 3256 644 ait:
3295 608 3315 642 ι
3350 588 3617 651 Existimo

2045 677 2147 730 hoc
2172 679 2345 732 visum
2380 676 2603 731 minime
2628 675 2848 732 differre
2895 678 2966 733 ab
3010 677 3183 748 ipsius
3224 681 3500 750 prephette
3534 683 3616 738 vi-

2044 770 2215 825 sione.
2251 768 2404 823 Sicut
2424 769 2568 823 enim
2595 770 2855 840 propheta
2885 769 3016 824 vidit
3055 784 3206 826 mare
3238 787 3515 842 maguum,
3535 774 3618 831 sic

2043 875 2135 914 rex
2170 864 2440 930 ingentem
2477 868 2735 915 statuam.
2764 863 3083 932 Rursusque
3113 871 3170 916 ut
3195 864 3453 933 propheta
3482 866 3617 921 vidit

2044 950 2189 1007 feras
2216 963 2473 1020 quatuor,
2528 967 2667 1021 quas
2704 954 3070 1024 interpretans
3099 954 3151 1009 in
3185 964 3422 1024 quatuor
3450 973 3615 1028 regna

2042 1044 2309 1097 convertit
2329 1060 2342 1107 ;
2363 1044 2433 1095 ita
2458 1059 2549 1100 rex
2569 1058 2724 1106 auro,
2747 1053 2991 1114 argento,
3011 1059 3119 1099 aere
3138 1054 3192 1099 et
3211 1046 3356 1101 ferro
3381 1057 3616 1117 quatuor

2042 1149 2207 1204 regna
2269 1134 2630 1204 signiﬁcabat.
2670 1134 2962 1204 Denuoque
2996 1144 3055 1189 ut
3113 1137 3371 1206 propheta
3427 1140 3480 1191 in
3517 1152 3617 1208 po-

2041 1233 2242 1277 strema
2273 1224 2448 1278 bellua
2478 1239 2683 1278 cornua
2715 1224 2902 1278 decem
2931 1225 3102 1280 divisa
3128 1226 3363 1289 videbat,
3400 1227 3616 1297 triaque

2042 1330 2244 1369 cornua
2288 1318 2356 1369 ah
2414 1332 2523 1370 uno
2556 1317 2820 1373 contrita:
2876 1319 3127 1372 similiter
3171 1334 3265 1373 rex
3315 1319 3368 1373 in
3419 1328 3614 1375 statua!

2040 1410 2478 1463 extremitatibus
2545 1421 2755 1479 partem
2826 1409 2954 1464 ferri
3016 1409 3233 1464 videbat
3294 1420 3614 1482 partemque

2042 1507 2210 1553 testae.
2234 1501 2481 1569 Insuper,
2503 1509 2563 1553 ut
2597 1501 2856 1571 prupheta
2891 1509 3013 1571 post
3052 1510 3287 1571 quatuor
3322 1519 3611 1573 regnorum

2038 1590 2321 1652 visionem,
2357 1590 2524 1643 lilium
2556 1590 2794 1645 hominis
2826 1592 3035 1660 aspexit
3060 1609 3273 1647 summo
3302 1593 3525 1662 imperio
3546 1608 3613 1649 ac

2040 1690 2309 1752 potestate
2338 1697 2612 1750 regnoque
2646 1683 2975 1750 potientem;
3006 1685 3078 1736 ita
3104 1698 3198 1737 rex
3227 1683 3456 1752 lapidem
3491 1698 3612 1738 cer-

2042 1790 2169 1827 nere
2204 1774 2304 1827 sibi
2336 1772 2640 1834 videbatur,
2676 1772 2768 1841 qui
2814 1774 3122 1827 universam
3158 1781 3465 1829 contereret
3499 1784 3613 1829 sta-

369 1880 472 1916 που
500 1863 598 1933 τὴν
628 1860 767 1915 κατὰ
806 1860 1021 1913 πάντων
1051 1849 1223 1930 ἀρχὴν
1252 1861 1345 1913 καὶ
1384 1860 1630 1925 ἐξουσίαν
1659 1861 1751 1913 καὶ
1784 1859 1935 1929 βασι-

2042 1873 2188 1919 tuam
2226 1865 2483 1931 ﬁeretque
2513 1878 2671 1919 mons
2706 1879 2956 1934 magnus,
2983 1865 3056 1918 ita
3087 1873 3146 1919 ut
3172 1882 3320 1921 mare
3346 1867 3609 1937 oppleret.

369 1952 520 2007 λείαν
550 1952 917 2025 παρειληφότα
937 1969 950 1983 ο
982 1952 1154 2014 οὕτως
1190 1951 1282 2004 καὶ
1305 1950 1333 2002 6
1363 1950 1614 2020 βασιλεὺς
1639 1950 1782 2003 λίθον
1815 1967 1938 2002 συν-

367 2049 620 2122 τίίϐοντα
652 2051 750 2120 τὴν
782 2050 965 2103 εἰκόνα
1012 2050 1193 2100 πᾶσαν
1236 2046 1328 2100 καὶ
1369 2045 1656 2116 γινομένην
1686 2046 1766 2104 εἰς
1812 2044 1939 2115 ὅρος

371 2141 512 2211 μέγα
552 2142 644 2194 καὶ
685 2140 925 2212 πληροῦν
953 2136 1224 2192 θάλασσαν
1268 2137 1441 2190 ἐδόκει
1471 2138 1634 2208 ὁρᾷψ
1667 2136 1757 2189 καὶ
1796 2135 1923 2188 είκό

363 2242 499 2292 τως·
534 2227 736 2299 ἔπρεπε
772 2227 879 2300 γάρ
925 2228 1001 2298 τῷ
1041 2229 1136 2298 μὲν
1177 2227 1514 2297 ὴπατημένῳ
1556 2225 1683 2297 περὶ
1720 2225 1817 2296 τὴν
1842 2223 1936 2277 τοῦ

368 2312 481 2386 βίου
520 2315 815 2380 φαντασίαν
848 2315 1074 2384 βασιλεῖ,
1112 2315 1204 2367 καὶ
1257 2314 1352 2385 τὴν
1386 2313 1495 2368 τῶν
1539 2313 1808 2384 αἰσθητῶν
1851 2309 1937 2368 οἷα

364 2406 669 2479 χρωμάτων
695 2406 1018 2477 ὡραιότητα,
1053 2405 1362 2476 ἐπιγραφῆς
1409 2404 1772 2474 ἀνακειμένης
1810 2404 1939 2459 θαυ-

369 2494 610 2569 μάζοντι,
643 2496 809 2550 εἰκόνι
838 2495 1045 2567 μεγάλῃ
1086 2495 1179 2548 τὸν
1212 2495 1424 2548 πάντων
1453 2494 1752 2566 ἀνθρώπων
1782 2497 1939 2548 dust-

366 2587 552 2652 κάζειν
583 2587 725 2657 βίονθ
757 2588 848 2640 τὸν
876 2587 931 2639 δὲ
959 2586 1265 2656 προφήτην.
1308 2586 1396 2639 τὸν
1428 2585 1592 2639 πολὺν
1631 2586 1722 2639 καὶ
1767 2586 1937 2657 μέγαν

366 2682 525 2741 σάλον
576 2679 670 2734 τοῦ
714 2680 829 2750 βίου
871 2679 1080 2753 μεγάλῃ
1125 2679 1367 2751 θαλάσσῃ
1399 2678 1796 2751 παραϐάλλειν·
1844 2679 1937 2734 καὶ

362 2772 441 2843 τῷ
468 2773 563 2843 μὲν
597 2771 823 2842 βασιλεῖ,
850 2770 948 2835 τὰς
978 2770 1126 2843 παρὰ
1143 2770 1445 2841 ἀνθρώποις
1473 2772 1778 2835 πολυτελεῖς
1806 2771 1937 2837 ὕλας

362 2862 565 2934 χρυσοῦ
607 2863 697 2915 καὶ
728 2860 966 2933 ἀργύρου
1005 2860 1207 2931 χαλκοῦ
1235 2879 1293 2914 τε
1325 2862 1420 2914 καὶ
1463 2862 1681 2932 σιδήρου
1724 2860 1936 2932 θαυμά-

363 2952 529 3018 ζοντι,
557 2955 655 3017 τὰς
697 2954 836 3008 κατὰ
864 2954 1087 3025 χρόνους
1129 2955 1186 3006 ὲν
1226 2952 1303 3023 τῷ
1352 2951 1450 3023 βίῳ
1496 2953 1602 3006 τῶν
1638 2951 1935 3025 ἀνθρώπων

361 3048 674 3119 ὲπικρατεῖς
706 3045 1001 3116 βασιλείας,
1027 3045 1246 3108 ταύταις
1283 3043 1574 3115 ἀφομοιοῦν
1600 3046 1718 3108 ταῖς
1745 3044 1896 3108 ὕλαις
1920 3062 1934 3075 ·

359 3137 439 3208 τῷ
457 3138 512 3190 δὲ
544 3139 793 3210 προφήτῃ
838 3138 895 3189 ἐν
940 3139 1175 3208 μορφαῖς
1206 3135 1409 3206 θηρίων
1439 3135 1538 3198 τὰς
1579 3135 1748 3199 αὐτὰς
1779 3128 1935 3205 βασι-

359 3230 509 3294 λείας
527 3230 872 3300 καταλλήλως
894 3230 971 3301 τῷ
986 3231 1084 3300 τῆς
1108 3230 1283 3302 ἀρχῆς
1306 3229 1489 3301 τρόπῳ
1504 3229 1895 3301 διαγράφεσθαι
1915 3247 1928 3258 ·

359 3324 454 3375 καὶ
486 3323 644 3376 πάλιν
670 3322 746 3393 τῷ
778 3323 875 3392 μὲν
911 3321 1118 3392 βασιλεῖ
1146 3322 1307 3392 μέγα,
1341 3324 1417 3381 ὡς
1450 3322 1613 3386 εἰκὸς,
1643 3322 1727 3390 ἐφ’
1757 3320 1933 3391 ἐαυτῷ

361 3413 665 3485 φρονοῦντι,
710 3415 802 3468 καὶ
823 3412 1263 3484 ἀλαζονευομένῳ
1287 3414 1396 3481 ,ἐπὶ
1426 3416 1493 3485 τῇ
1520 3413 1628 3465 τῶν
1657 3412 1933 3484 προγόνων

362 3505 627 3574 βασιλείῃ,
652 3510 684 3576 ή
716 3506 824 3558 τῶν
854 3507 1192 3576 πραγμάτων
1224 3505 1490 3576 μεταϐολὴ
1520 3505 1809 3567 δείκνυται,
1841 3505 1934 3557 καί⁵

357 3595 467 3650 τῶν
494 3597 585 3650 ἐπὶ
618 3597 721 3666 γῆς
753 3596 1036 3667 βασιλειῶν
1063 3598 1123 3650 τὸ
1150 3596 1301 3660 τέλος
1322 3613 1335 3626 ’
1377 3599 1458 3661 εἰς
1499 3597 1811 3668 καθαίρεσιν
1838 3596 1932 3650 τοῦ

357 3687 418 3742 ὲν
445 3687 592 3757 αὐτῷ
610 3688 799 3756 τύφου,
830 3690 924 3741 καὶ
961 3690 1040 3752 εἰς
1066 3688 1126 3741 τὸ
1156 3687 1319 3759 μηδὲν
1347 3686 1596 3759 ἡγεῖσθαι
1639 3686 1850 3757 βέϐαιον
1872 3685 1934 3739 τὸ

357 3781 417 3835 ὲν
445 3779 770 3852 ἀνθρώποις,
803 3781 835 3853 ἢ
867 3782 1024 3852 μόνον
1054 3780 1114 3833 τὺ
1154 3780 1247 3833 ἐπὶ
1279 3781 1495 3833 πάντων
1527 3779 1678 3842 τέλος
1703 3778 1802 3848 τῆς
1839 3778 1931 3832 τοῦ

355 3875 492 3929 Θεοῦ
520 3875 821 3945 βασιλείαςο
854 3873 1071 3927 ἔσεσθαι
1102 3871 1209 3944 γάρ
1245 3870 1380 3943 μετὰ
1420 3870 1517 3942 τὴν
1543 3869 1765 3942 πρώτην
1809 3870 1932 3922 Ἀσ-

358 3968 559 4040 συρίων
597 3968 790 4039 ἀρχὴν,
835 3967 901 4037 ἢν
944 3967 971 4018 6
1015 3964 1210 4036 χρυσὸς
1256 3963 1492 4034 ᾐνίξατο,
1536 3960 1792 4033 δευτέραν
1832 3962 1932 4033 τὴν

355 4042 465 4111 τῶν
512 4058 758 4129 Περσῶν,
807 4059 906 4130 τὴν
950 4054 1038 4110 διὰ
1092 4051 1187 4106 τοῦ
1241 4053 1478 4125 ἀργύρου
1527 4051 1927 4125 δεδηλωμένην’

353 4148 541 4204 ἔπειτα
562 4150 749 4222 τρίτην
775 4149 874 4219 τὴν
905 4146 1246 4210 Μακεδόνων,
1273 4147 1340 4217 ἢν
1368 4147 1396 4197 6
1425 4144 1623 4215 χαλκὸς
1650 4144 1747 4215 ὲσή
1758 4161 1894 4214 μανε
1915 4161 1931 4177 ·

358 4240 477 4311 μεθ’
521 4242 586 4310 ἣν
617 4240 883 4312 τετάρτην
917 4238 1258 4304 διαδέξασθαι
1307 4237 1415 4290 τῶν
1455 4237 1760 4308 Ῥωμαίων,
1798 4253 1935 4309 κρει-

353 4329 654 4400 ταιωτέραν
679 4324 846 4381 οὖσαν
868 4328 975 4382 τῶν
1000 4328 1105 4400 πρὸ
1127 4329 1295 4398 αὐτῆς
1312 4344 1324 4356 ·
1352 4325 1432 4379 διὸ
1466 4327 1558 4379 καὶ
1596 4327 1797 4396 σιδήρῳ
1837 4342 1936 4379 πα-

355 4420 644 4493 ρεϐάλλετο
661 4438 673 4450 ·
700 4423 881 4493 εἴρητο
912 4420 1039 4489 γοῦν
1063 4420 1154 4473 καὶ
1180 4420 1307 4491 περὶ
1334 4417 1524 4488 αὐτῆς.
1550 4419 1658 4471 Καὶ
1691 4417 1933 4488 βασιλεία

2039 1958 2174 2027 Apte
2223 1956 2274 2009 id
2313 1954 2551 2027 quidem.
2582 1955 2694 2010 Rex
2744 1958 2964 2026 quippe.
3018 1957 3143 2011 vitae
3174 1957 3313 2012 fastu
3344 1959 3609 2025 irretitus,

2040 2050 2482 2118 seusibiliumquc
2511 2063 2689 2102 rerum
2742 2048 3198 2118 pulchritudinem
3228 2057 3484 2119 tanquam
3516 2064 3613 2107 co-

2040 2141 2229 2194 loriam
2264 2141 2500 2194 tabulam
2543 2139 2715 2194 titulis
2747 2139 2946 2207 adjecti
3014 2140 3254 2201 mirans,
3310 2156 3611 2212 congruum

2038 2241 2174 2292 erat,
2208 2238 2265 2285 ut
2292 2246 2501 2302 magna}
2535 2240 2729 2287 statua:
2761 2239 3085 2285 cunctorum
3130 2231 3409 2285 hominum
3446 2232 3610 2287 vitam

2038 2332 2379 2392 compararet
2424 2343 2436 2378 :
2482 2323 2802 2393 prophetam
2852 2330 3032 2377 autem
3087 2323 3345 2385 decebat,
3385 2324 3612 2379 multam

2040 2415 2180 2470 hanc
2219 2424 2273 2469 et
2297 2431 2544 2486 magnam
2576 2417 2701 2470 vitae
2742 2414 3176 2476 ﬂuctuationem,
3233 2415 3342 2469 lato
3373 2416 3506 2468 mari
3536 2418 3614 2472 si-

2039 2506 2218 2561 milem
2242 2507 2440 2561 dicere.
2474 2503 2697 2577 Regem,
2728 2506 2973 2576 inquam,
3007 2520 3108 2575 par
3142 2517 3257 2560 erat
3292 2506 3527 2576 pretiosa
3555 2506 3610 2562 in

2037 2594 2316 2649 hominum
2350 2596 2707 2650 aestimatione
2728 2596 2943 2649 metalla
2962 2611 3180 2661 aurum,
3209 2605 3518 2665 argentum,
3536 2612 3613 2652 aes

2039 2684 2350 2754 ferrumque
2375 2687 2784 2755 suspicientem,
2822 2688 3074 2741 conferre
3099 2702 3219 2740 cum
3250 2687 3334 2739 his
3370 2687 3614 2743 materiis

2037 2786 2393 2849 praepotentes
2447 2779 2609 2830 rariis
2663 2780 3000 2847 temporibus
3043 2777 3184 2831 inter
3227 2777 3475 2833 homines
3511 2778 3615 2850 dy-

2037 2868 2289 2921 nastias:
2339 2868 2658 2937 prophetam
2705 2882 2836 2921 vero
2886 2883 2991 2921 non
3039 2867 3312 2931 dedecuit,
3374 2868 3612 2922 ferarum

2040 2959 2224 3029 ﬁguris
2252 2958 2440 3013 eadem
2491 2972 2656 3028 regna
2689 2959 3001 3028 designare,
3045 2966 3410 3027 congruenter
3454 2959 3615 3015 nimi-

2038 3068 2156 3105 rum
2183 3051 2535 3122 imperiorum
2583 3051 2849 3106 moribus.
2883 3050 3125 3120 Denique
3154 3053 3287 3121 regi,
3322 3063 3375 3105 ut
3409 3050 3487 3117 fit,
3519 3067 3613 3107 su-

2041 3144 2205 3214 perbo
2249 3152 2303 3198 et
2347 3143 2612 3211 majorum
2673 3157 2898 3197 suorum
2962 3143 3178 3197 diutina
3240 3142 3615 3197 dominatione

2034 3237 2210 3301 elato,
2259 3250 2442 3290 rerum
2497 3235 2785 3289 conversio
2829 3235 3163 3296 ostenditur,
3198 3250 3615 3305 regnorumque

2035 3327 2377 3382 terrestrium
2414 3324 2539 3379 finis
2568 3339 2581 3375 :
2610 3325 2821 3379 scilicet
2861 3325 2930 3378 ob
2953 3324 3072 3393 ejus
3102 3324 3269 3377 animi
3315 3325 3613 3379 curandam

2035 3418 2419 3481 tqmiditatem.
2452 3425 2614 3485 atque
2647 3424 2705 3470 ut
2738 3415 2785 3470 is
2812 3415 2944 3468 nihil
2981 3417 3033 3469 in
3071 3415 3386 3470 hominibus
3415 3416 3615 3471 stabile

2029 3509 2319 3578 judicarct,
2353 3520 2547 3578 praeter
2573 3508 2740 3562 divini
2773 3522 2937 3577 super
2968 3520 3158 3561 omnes
3180 3507 3437 3561 mortales
3461 3508 3612 3577 regni

2033 3601 2580 3655 consummationem.
2617 3598 2752 3653 Nam
2790 3599 3021 3669 primam
3053 3599 3402 3669 Assyriorum
3435 3598 3595 3652 dumi-

2035 3694 2335 3753 nationem.
2376 3708 2539 3763 quam
2585 3707 2779 3746 aurum
2818 3690 3200 3761 portendebat,
3252 3699 3611 3760 excepturum

2033 3793 2150 3839 erat
2181 3785 2424 3841 secundo
2452 3785 2574 3838 loco
2605 3783 2894 3838 Persarum
2926 3781 3215 3850 imperium
3265 3787 3492 3849 argento
3519 3780 3610 3835 de‘

2034 3885 2422 3931 monstratum.
2457 3874 2662 3930 Deinde
2703 3874 2926 3928 tertium
2973 3871 3330 3926 Macedonum
3361 3884 3610 3938 regnum,

2034 3967 2179 4039 quod
2232 3982 2339 4023 aere
2383 3966 2814 4037 significabatur.
2871 3961 3003 4017 Post
3049 3962 3195 4033 quod
3246 3960 3612 4014 Romanorum

2033 4067 2312 4132 quartum,
2349 4058 2563 4113 caeteris
2589 4072 2709 4128 qua:
2746 4061 3141 4126 praecesserant
3172 4052 3368 4106 fortius
3397 4070 3410 4106 ι
3443 4064 3621 4120 quare

2033 4164 2083 4208 et
2131 4149 2276 4207 ferro
2333 4157 2682 4220 comparatur
2739 4148 3051 4217 diciturque
3088 4144 3154 4200 de
3194 4160 3260 4200 eo
3302 4163 3315 4199 :
3350 4148 3617 4214 quartum

2033 4240 2138 4295 erit
2169 4255 2394 4310 regnum
2426 4239 2664 4292 validum
2702 4234 2831 4292 ferri
2867 4236 3061 4290 instar.
3094 4234 3172 4289 Ae
3216 4233 3381 4288 veluti
3408 4231 3614 4286 ferrum

2035 4330 2216 4385 omnia
2255 4336 2513 4386 extenuat
2557 4329 2876 4397 dematque,
2916 4328 2990 4380 ita
3033 4326 3138 4381 hoc
3174 4341 3400 4396 regnum
3431 4323 3616 4378 omnia

2036 4425 2498 4478 etmimiuuturum
2535 4437 2598 4476 ac
2628 4421 3072 4490 subjugaturum.
3112 4416 3244 4472 Post
3291 4417 3405 4472 haec
3433 4416 3617 4473 omnia

353 4513 584 4596 τετάρτη
618 4512 767 4566 ἔσται
818 4512 1011 4584 ἰσχυρά
1057 4513 1133 4575 ὼς
1177 4511 1422 4581 σίδηροςο
1473 4509 1530 4563 ὃν
1562 4510 1760 4581 τρόπον
1787 4511 1814 4562 6
1852 4509 1933 4562 σί-

2038 4517 2130 4571 Dei
2178 4532 2402 4587 regnum
2448 4515 2502 4568 in
2553 4513 2731 4583 lapide
2781 4523 2948 4567 totam
3009 4519 3245 4566 statuam
3301 4517 3618 4565 conterente

349 4602 514 4675 δηρος
548 4604 796 4657 λεπτύνει
843 4605 935 4657 καὶ
986 4602 1218 4674 δαμάζει
1270 4604 1482 4667 πάντα,
1524 4601 1698 4666 οὕτως
1756 4602 1933 4657 πάντα

350 4694 605 4749 λεπτυνεῖ
633 4698 725 4750 καὶ
761 4696 991 4767 δαμάσει
1011 4712 1023 4725 '
1056 4696 1150 4748 καὶ
1181 4695 1317 4767 μετὰ
1344 4694 1441 4758 τὰς
1463 4695 1759 4766 εἰρημένας
1787 4694 1933 4748 ἁπά-

351 4804 471 4851 σας,
496 4787 593 4859 τὴν
614 4787 706 4841 τοῦ
731 4787 864 4840 Θεοῦ
896 4788 1190 4858 βασιλείαν,
1209 4787 1296 4840 διὰ
1322 4787 1415 4840 τοῦ
1436 4786 1808 4858 συντρίϐοντος
1834 4786 1933 4857 τὴν

351 4882 531 4933 πᾶσαν
557 4879 740 4933 εἰκόνα
779 4879 925 4932 λίθου
975 4878 1382 4949 παρισταμένην
1406 4892 1419 4907 ’
1459 4878 1553 4931 καὶ
1587 4880 1615 4931 6
1646 4878 1933 4949 προφήτης

348 4970 551 5026 τούτων
584 4969 908 5034 ἀκολούθως,
939 4970 1037 5042 τὴν
1072 4970 1165 5023 ἐπὶ
1190 4969 1330 5023 τέλει
1366 4967 1476 5021 τῶν
1502 4967 1637 5021 ὅλων
1668 4967 1801 5021 Θεοῦ
1832 4966 1931 5036 βα-

351 5063 574 5124 σιλείαν,
604 5063 664 5115 ού
694 5063 955 5134 πρότερον
980 5062 1191 5134 θεωρεῖ,
1220 5061 1252 5133 ἢ
1284 5064 1383 5125 τὰς
1409 5060 1703 5131 εἰρημένας
1731 5059 1927 5112 τέσσα-

352 5173 447 5228 ρας
472 5156 787 5219 δυναστείας
812 5155 1108 5227 διαγράψαι
1153 5154 1242 5208 τὸν
1269 5154 1446 5223 λόγον.
1468 5152 1568 5206 Διὰ
1592 5152 1700 5206 τῶν
1737 5152 1930 5206 τεσσά-

350 5268 458 5322 ρων
485 5250 659 5323 μόνων
685 5250 778 5304 καὶ
800 5250 919 5304 οὐδὲ
956 5248 1154 5319 ἐτέρων
1184 5247 1423 5319 ἡγοῦμαι
1452 5245 1551 5310 τὰς
1586 5247 1804 5316 ὁράσεις
1834 5245 1928 5299 καὶ

345 5341 426 5413 τῷ
454 5342 663 5413 βασιλεῖ
683 5343 776 5396 καὶ
800 5340 879 5412 τῷ
906 5341 1159 5413 προφήτῃ
1187 5337 1471 5406 δεδεῖχθαι,
1502 5337 1588 5390 διὰ
1612 5336 1674 5390 τὸ
1700 5335 1928 5399 ταύταις

346 5433 819 5505 καταδουλωθῖψαι
874 5436 936 5488 τὸ
1002 5432 1271 5487 Ἰουδαίων
1321 5432 1472 5497 ἔθνος
1516 5430 1625 5487 ἀπὸ
1670 5429 1779 5484 τῶν
1829 5428 1925 5483 τοῦ

349 5526 627 5598 προφήτου
651 5523 828 5597 χρόνω
836 5545 878 5577 ν.
927 5543 945 5573 ι

2037 4621 2331 4677 agnoscere
2356 4612 2459 4677 es}.
2485 4603 2622 4657 Tum
2655 4613 2708 4658 et
2741 4603 3002 4673 propheta
3029 4602 3114 4659 his
3145 4615 3478 4661 consonans,
3502 4600 3617 4653 uni—

2034 4698 2247 4753 versale
2282 4695 2372 4750 Dei
2415 4704 2700 4765 postremo
2737 4696 2858 4748 loco
2912 4694 3151 4760 futurum
3201 4707 3429 4762 regnum
3473 4688 3616 4744 haud

2034 4797 2162 4844 ante
2180 4777 2345 4851 videt,
2365 4801 2527 4857 quam
2553 4785 2825 4855 praedictae
2842 4794 3077 4855 quatuor
3093 4783 3358 4855 dynastia:
3378 4787 3617 4851 quatuor

2032 4880 2333 4935 belluarum
2363 4880 2549 4950 ﬁguris
2578 4894 2849 4949 expressa:
2873 4894 2924 4932 ιιι
2960 4891 3212 4933 sermone
3245 4876 3478 4930 fuerunt.
3509 4871 3607 4928 How

2032 4990 2152 5027 rum
2170 4988 2300 5041 ergo
2313 4981 2546 5042 quatuor
2559 4986 2850 5042 regnorum
2865 4967 3260 5027 tantummodo,
3283 4973 3336 5020 ct
3358 4979 3464 5018 non
3482 4964 3617 5017 alien

2036 5081 2179 5127 rum,
2214 5066 2454 5119 arbitror
2482 5063 2721 5119 visiones
2737 5074 2849 5117 tum
2879 5061 2990 5130 regi
3024 5070 3134 5114 tum
3162 5057 3437 5129 propheta:
3461 5053 3616 5107 obla-

2034 5165 2119 5211 tas
2154 5155 2343 5222 fuisse,
2375 5156 2502 5225 quia
2553 5154 2811 5209 nimirum
2843 5152 2910 5206 ab
2960 5151 3046 5206 his
3081 5148 3265 5219 regnis
3296 5144 3616 5201 Judaaorum

2035 5251 2269 5321 populus
2298 5250 2522 5306 servitio
2546 5248 2645 5302 fuit
2672 5261 2992 5318 oppressus,
3028 5251 3186 5312 capto
3217 5256 3247 5294 a
3272 5236 3616 5309 temporibu;

2034 5341 2309 5412 propheta:
2337 5340 2513 5395 initio.
2543 5359 2562 5393 ι

1792 5702 2093 5715 w
