4112 6432
367 369 472 429 791

1488 375 1689 430 LIBER
1726 374 2008 431 CONTRA
2046 373 2465 432 IIIEBOCLEM.

3523 383 3626 444 798

297 568 306 577 '
362 508 456 555 τος
478 488 730 545 ἰστασθαι
762 491 862 562 (5),
903 489 978 562 μὴ
1008 489 1174 545 αὐτοῦ
1211 490 1319 563 ἰδίᾳ
1345 492 1703 560 τυγχάνοντα,
1734 492 1934 563 σφόδρα

2046 492 2283 563 pretium
2321 492 2487 553 fuerit
2519 492 2624 548 hoc
2654 501 2899 563 tempore
2928 494 3211 552 immorari
3240 529 3254 552 ι
3281 500 3484 571 quippe
3498 516 3621 573 quas

365 583 422 639 δὲ
460 584 690 649 ἀναιδῶς
714 583 773 650 ἐξ
811 584 1010 657 ἐτέρων
1029 626 1044 650 ,
1075 583 1177 637 οὐκ
1204 585 1383 647 αὐτοῖς
1420 585 1700 656 μονονουχὶ
1734 585 1944 655 νοήμα-

368 690 474 737 σιν,
498 673 632 727 ἀλλά
663 675 755 728 καὶ
785 675 992 745 ῥήμασι
1021 673 1115 726 καὶ
1143 673 1434 738 συλλαϐαῖς
1467 675 1940 746 ἀποσεσυλημένα.

366 760 531 834 Τύχοι
576 763 674 833 μὲν
710 762 774 817 ἂν
803 764 896 817 καὶ
926 763 1065 817 αὐτὰ
1093 763 1196 834 τῆς
1237 765 1621 837 προσηκούσης
1654 766 1797 819 κατά
1823 783 1947 820 και-

370 855 458 926 ρὸν
485 854 842 923 ἀπελέγξεως,
865 855 1091 927 δυνάμει
1120 856 1165 910 δ’
1187 857 1288 928 ἤδη
1318 858 1412 911 καὶ
1439 858 1545 929 πρὸ
1576 859 1674 929 τῆς
1708 858 1842 924 ἰδίας
1867 858 1942 930 (6)

366 947 484 1000 κατ’
534 945 712 1000 αὐτῶν
757 947 975 1018 γραφῆς
1034 947 1441 1019 ἀνατέτραπται
1487 955 1582 1003 και
1628 950 1945 1022 προαπελή⁴

365 1037 588 1107 λεγκται
618 1040 675 1091 ἐν
707 1038 849 1102 ὅλοις
879 1037 1025 1091 ὀκτὼ
1053 1039 1446 1111 ξυγγράμμασι
1465 1081 1483 1100 .
1519 1044 1632 1105 τοῖς
1682 1041 1946 1113 Ὠριγένει

363 1132 619 1201 γραφεῖσι
677 1130 812 1200 πρὸς
872 1130 964 1183 τὸν
1018 1131 1377 1197 ἀλαζονικώτε
1388 1149 1484 1204 ρον
1530 1131 1623 1186 τοῦ
1680 1133 1944 1200 Φιλαλή-

364 1226 508 1288 θσυς
536 1221 612 1292 (7)
654 1223 1132 1295 ἐπιγεγραμμένον
1164 1224 1373 1279 Κέλσου
1436 1224 1662 1294 Ἀληθῆ
1714 1226 1938 1296 Λόγον·

431 1315 529 1379 τὰς
553 1314 784 1379 εὐθύνας
812 1315 1269 1388 ἀπαραλείπτως,
1298 1320 1357 1370 ἐν
1387 1317 1533 1381 ὅσοις
1566 1319 1890 1389 εἰρήκαμεν,
1914 1318 1944 1371 6

358 1405 723 1478 δεδηλωμένος
749 1406 1109 1479 παραγαγὼν,
1148 1406 1448 1481 ξυλλήόδην
1476 1411 1576 1463 ὅσα
1620 1410 1678 1474 ἐς
1716 1410 1815 1481 τὴν
1843 1411 1942 1463 αὐ·-

357 1496 457 1571 τὴν
499 1499 752 1553 ὑπόθεσιν
804 1499 967 1554 παντί
1007 1514 1090 1572 τῳ
1140 1500 1353 1573 εἴρηταί
1394 1519 1455 1555 τε
1504 1502 1600 1557 καὶ
1639 1504 1939 1575 εἰρήσεται,

359 1590 647 1662 προλαῦὼν
700 1590 1016 1646 διελύσατο·
1073 1593 1158 1662 ἐφ’
1209 1592 1246 1647 ἃ
1294 1595 1422 1659 τοὺς
1470 1595 1559 1648 ἐπ’
1608 1595 1833 1668 ἀκριϐὲς
1874 1595 1946 1651 τά

358 1681 480 1734 καθ’
511 1683 662 1753 ἡμᾶς
702 1682 994 1752 διαγνῶναι
1043 1682 1265 1755 ἔχοντας
1299 1684 1647 1754 φιλαλήθως
1689 1686 1764 1757 (8)
1814 1689 1945 1742 ἀνα-

2045 598 2156 637 non
2193 586 2412 656 propria
2439 585 2607 650 illius,
2637 587 2732 642 sed
2749 601 2817 641 ex
2839 587 3071 643 aliorum
3093 590 3336 660 scriptis,
3367 608 3475 648 non
3497 609 3627 652 sen-

2048 675 2236 731 tentiis
2267 677 2451 741 modo,
2485 693 2674 733 verum
2696 679 3033 735 dictionibus
3066 696 3286 753 quoque
3315 684 3529 752 iisdem,
3560 702 3625 744 ac

2043 766 2271 823 totidem
2302 784 2440 839 pene
2493 772 2741 841 syllabis,
2795 773 3143 844 impudenter
3190 786 3320 830 sunt
3353 778 3622 836 subiecta.

2047 853 2153 910 Sed
2182 864 2363 912 tamen
2401 866 2457 915 et
2491 860 2611 931 ipsa
2656 877 2757 918 suo
2797 871 3042 935 tempore
3072 866 3354 923 decentem
3385 871 3624 925 sortien-

2046 952 2135 998 tur
2178 947 2566 1005 refutationem
2616 970 2629 1006 :
2680 954 2899 1010 tametsi
2936 964 3228 1025 potestate,
3282 958 3446 1014 etiam
3500 970 3627 1018 ante

2043 1051 2208 1107 quam
2241 1040 2540 1109 peculiaris
2567 1043 2649 1098 eis
2679 1044 2906 1115 scriptio
2928 1056 3257 1116 opponatur,
3294 1064 3488 1105 eversa
3515 1052 3627 1105 sint

2044 1137 2208 1213 atque
2232 1132 2564 1204 jampridem
2589 1138 2834 1207 explosa,
2859 1140 3233 1199 voluminibus
3265 1142 3494 1213 integris
3529 1157 3627 1198 oc-

2042 1211 2120 1286 ιό,
2154 1223 2223 1278 ab
2255 1225 2488 1294 Origene
2517 1231 2865 1300 conscriptis,
2918 1232 3186 1290 adversus
3231 1211 3402 1299 Celsi,
3449 1236 3626 1307 magis

2044 1315 2278 1384 superbe
2307 1332 2473 1386 quam
2512 1317 2835 1375 Philalethes
2881 1320 3201 1393 insignitam
3249 1325 3430 1389 titulo,
3479 1325 3623 1380 Ora-

2044 1408 2237 1462 tionem
2269 1426 2464 1466 veram.
2497 1411 2675 1478 Quam
2705 1422 2965 1470 accurate
3019 1416 3124 1471 sub
3175 1431 3407 1473 examen
3463 1432 3625 1476 revo-

2043 1515 2196 1567 cans,
2221 1504 2447 1559 totidem
2476 1505 2630 1560 libris
2660 1516 2793 1577 quot
2829 1508 3092 1575 diximus,
3138 1508 3300 1581 512
3359 1511 3626 1581 allegatus

2045 1591 2303 1661 scriptor,
2340 1595 2662 1664 compendio
2691 1594 2954 1667 quidquid
2984 1596 3053 1653 de
3073 1612 3141 1653 eo
3162 1607 3482 1669 argumento
3505 1600 3625 1655 cui-

2043 1698 2206 1753 quam
2234 1686 2317 1738 vel
2346 1686 2554 1740 dictum
2576 1687 2662 1741 vel
2683 1687 2978 1743 dicendum
3001 1690 3292 1760 occupavit
3322 1699 3488 1762 atque
3515 1691 3626 1748 dis-

360 1773 674 1844 πέμψαντες
695 1815 710 1839 ,
741 1772 874 1846 φέρε
907 1774 1074 1847 μόνην
1115 1775 1209 1828 ἐπὶ
1247 1773 1340 1829 τοῦ
1368 1776 1636 1848 παρόντος
1669 1778 1768 1850 τὴν
1802 1779 1934 1834 κατὰ

2042 1775 2233 1830 cussit.
2268 1774 2350 1830 Ad
2388 1791 2530 1846 quos
2565 1778 2802 1847 proinde
2827 1780 3339 1850 cognoscendarum
3362 1790 3623 1839 accurate

356 1863 448 1916 τὸν
478 1863 680 1936 Κύριον
716 1865 871 1936 ἡμῶν
907 1864 1112 1937 Ἰησοῦν
1144 1865 1377 1938 Χριστὸν
1411 1866 1504 1920 τοῦ
1561 1871 1934 1936 Φιλαλήθους

2042 1868 2214 1938 magis
2245 1882 2429 1922 rerum
2461 1877 2774 1925 nostrarum
2808 1870 3038 1939 cupidos
3065 1871 3207 1925 bona
3232 1872 3336 1928 [ide
3365 1872 3625 1942 ablegan-

356 1955 567 2008 τουτουῖ
608 1955 768 2026 λόγου
811 1956 1116 2029 παράθεσιν
1164 1956 1626 2030 ἐπισκεψώμεθα·
1676 1961 1842 2031 μηδέν
1884 1978 1934 2015 τι

2043 1970 2147 2023 tes.
2174 1962 2349 2017 solam
2379 1977 2478 2033 age
2508 1964 2562 2017 in
2593 1965 2849 2035 praesenti
2873 1979 2996 2019 cum
3027 1964 3261 2020 Domino
3283 1977 3473 2023 nostro
3490 1964 3622 2022 Jesu

359 2047 651 2101 σπουδαῖον
689 2049 983 2120 ἡγούμενοι
1035 2050 1175 2122 πρὸς
1205 2051 1276 2105 τά
1306 2049 1468 2104 λοιπά
1517 2049 1629 2104 τῶν
1673 2052 1934 2124 ἑτέρωθεν

2041 2054 2265 2109 Christo
2297 2055 2351 2109 in
2382 2056 2635 2110 oratione
2659 2056 2750 2110 illa
2784 2055 3083 2112 Philalethe
3114 2057 3429 2112 institutam
3466 2075 3621 2114 com-

356 2141 844 2212 ύποσεσυλημένιινδ
874 2142 1026 2213 αὐτῷ
1047 2142 1428 2215 διαμάχεσθαι.
1456 2146 1612 2200 Μόνα
1633 2144 1688 2198 δὲ
1714 2146 1934 2211 εἰκότως

2042 2144 2379 2214 parationem
2432 2144 2844 2215 expendemus:
2877 2162 2992 2201 rem
3039 2162 3204 2218 opera
3245 2155 3432 2201 nostra
3481 2148 3624 2203 indi-

353 2233 471 2285 νυν)¹
509 2233 577 2287 τά
625 2235 752 2306 περὶ
793 2233 884 2288 τὸν
930 2235 1286 2291 Ἀπολλώνιον
1316 2238 1662 2309 ἐποψόμεθα,
1690 2239 1809 2291 ἐπεὶ
1842 2240 1934 2293 καὶ

2040 2250 2200 2305 gnam
2231 2235 2575 2306 deputantes,
2594 2237 2661 2292 de
2691 2238 2914 2308 reliquis
2935 2239 3122 2301 etiam,
3140 2254 3264 2309 quae
3289 2239 3509 2294 aliunde
3538 2249 3625 2295 est

357 2324 503 2395 μόνῳ
536 2327 663 2397 περὶ
708 2328 834 2391 τοὺς
868 2327 943 2398 (9)
993 2326 1212 2381 πώποτε
1247 2329 1367 2382 καθ’
1399 2329 1557 2400 ἡμῶν
1589 2330 1934 2402 γεγραφότας

2045 2330 2366 2397 sull'uratus,
2398 2347 2522 2386 cum
2551 2347 2621 2387 eo
2646 2332 2955 2402 digladiari.
2994 2332 3186 2389 Merito
3214 2341 3395 2387 autem
3437 2331 3504 2387 de
3552 2332 3624 2389 iis

354 2414 629 2486 ἐξαίρετος
655 2416 752 2471 νῦν
785 2418 959 2489 τούτῳ
987 2419 1213 2490 γέγονεν
1242 2422 1276 2493 ἡ
1317 2419 1473 2474 τοῦδε
1513 2419 1652 2492 πρὸς
1681 2421 1772 2475 τὸν
1801 2422 1933 2494 ἡμέ-

2042 2425 2204 2481 unice
2235 2440 2356 2494 quae
2387 2424 2452 2479 ad
2508 2425 2854 2495 Apollonium
2886 2434 3135 2496 spectant
3168 2427 3332 2482 modo
3361 2426 3623 2496 dispicie—

352 2523 511 2577 τερον
541 2508 767 2582 Σωτῆρα
795 2510 1094 2581 παράθεσίς
1120 2528 1180 2564 τε
1213 2512 1307 2566 καὶ
1335 2512 1643 2583 ξύγκρισις.

2039 2530 2181 2579 mus,
2212 2516 2656 2586 quandoquidem
2702 2518 2797 2572 uni
2848 2519 3011 2572 etiam
3040 2519 3170 2574 huic
3199 2534 3311 2590 pra:
3340 2518 3619 2583 omnibus.

353 2601 448 2672 qui
483 2611 675 2657 contra
710 2619 811 2659 nos
852 2606 976 2676 styli
1013 2622 1252 2676 unquam
1300 2608 1472 2663 aciem
1518 2606 1938 2674 distrinxerant,
1980 2611 2255 2681 peculiare
2286 2619 2392 2678 est,
2425 2612 2703 2669 hominem
2767 2628 2892 2669 cum
2929 2612 3212 2671 Salvatore
3274 2625 3467 2671 nostro
3496 2629 3601 2668 con

354 2696 579 2754 tendere
602 2699 777 2765 illum,
810 2708 975 2772 atque
1001 2717 1345 2773 comparare.

880 2816 1282 2871 ΚΕΦΑΛΑΙΟΝ
1320 2818 1399 2871 B’.

424 2926 700 2999 Θαυμάζει
728 2922 825 2983 οὖν
841 2929 935 2983 κα)¹
959 2930 1302 3001 ἀποδέχεται,
1328 2928 1445 3002 θείᾳ
1468 2932 1574 2985 τινὶ
1598 2932 1692 2986 καὶ
1716 2932 1942 3004 ἀρρήτῳ

353 3020 551 3092 σοφίᾳ,
585 3020 707 3092 οὐχὶ
752 3020 809 3074 δέ
859 3022 1116 3092 γοητείας
1153 3022 1457 3093 σοφίσμασι
1506 3021 1617 3094 (10)
1662 3022 1939 3094 τεθαυμαρ

350 3114 714 3185 τουργηκέναι
754 3114 979 3184 φάσκων
1012 3115 1208 3180 αὐτὸν,
1242 3116 1335 3169 καὶ
1375 3114 1551 3173 ταῦτα
1590 3114 1808 3187 ἀληθῶς
1849 3114 1940 3168 οὖ-

2661 2816 2892 2874 CAPUT
2936 2816 3002 2874 ll.

2113 2932 2437 2988 Admiratur
2460 2948 2592 3004 ergo
2614 2939 2779 3004 atque
2806 2933 3158 3011 amplectitur
3191 2933 3317 2997 hoc,
3352 2935 3498 3005 quod
3529 2936 3619 2992 di-

2040 3023 2173 3080 vina
2210 3024 2448 3095 quadam
2496 3032 2663 3095 atque
2691 3038 2894 3079 arcana
2928 3024 3220 3094 sapientia,
3250 3039 3361 3079 non
3393 3027 3621 3098 magicis

2043 3116 2256 3173 artibus
2305 3117 2571 3172 miracula
2609 3115 2977 3189 [Apollonius]
3025 3116 3115 3172 ille
3159 3119 3456 3186 patraverit
3508 3137 3521 3173 :
3567 3119 3619 3174 id

349 3225 458 3271 τως
489 3207 631 3278 ἔχειν
664 3206 969 3273 πιστεύων,
1002 3208 1095 3262 καὶ
1135 3207 1542 3271 ἀναποδείκτως
1579 3207 1934 3281 ἀπισχυριζό-

2039 3208 2114 3263 ita
2144 3222 2335 3263 revera
2368 3223 2428 3264 se
2457 3207 2660 3263 habere
2685 3214 2739 3263 et
2766 3206 2998 3262 credens
3022 3207 3161 3278 ipse,
3190 3214 3244 3262 et
3278 3207 3396 3264 sine
3424 3209 3625 3278 proba-

354 3300 743 3368 μενος.“Ακουε
768 3299 813 3353 δ’
835 3296 928 3354 οὖν
953 3300 989 3354 ἆ
1009 3316 1172 3371 φησιν
1196 3300 1390 3363 αὑταῖς
1416 3298 1726 3363 συλλαϐαῖς·
1757 3319 1776 3350 ι
1792 3300 1939 3352 Ἀνω

351 3393 445 3445 καὶ
488 3392 638 3445 κάτω
665 3392 712 3461 (1
733 3392 782 3462 ι)
819 3392 1110 3465 θρυλλοῦσι
1128 3431 1143 3457 ,
1173 3391 1529 3464 σεμνύνοντες
1558 3391 1651 3446 τὸν
1688 3390 1894 3464 Ἰησοῦν
1918 3431 1937 3458 ,

351 3481 428 3545 ὼς
484 3483 705 3551 τυφλοῖς
751 3482 1052 3552 ἀναϐλέψαι
1105 3500 1165 3536 τε
1220 3483 1603 3555 παρασχόντα,
1664 3483 1757 3536 καί
1815 3498 1937 3536 τινα

348 3572 573 3625 τοιαῦτα
600 3573 872 3644 δράσαντα
903 3573 1202 3644 θαυμάσια.
1236 3593 1259 3625 ι
1301 3570 1436 3627 Εἶτά
1477 3590 1601 3628 τινα
1633 3573 1833 3645 μεταξὺ
1862 3574 1941 3626 εἰ-

349 3660 490 3726 πὼν,
518 3663 763 3728 ἐπιλέγει
780 3680 793 3692 ·
816 3682 834 3713 ι
860 3660 1201 3733 Σκεψώμεθά
1221 3678 1285 3731 γε
1321 3661 1426 3733 μὴν
1448 3662 1561 3733 (12)
1588 3663 1698 3734 ὅσῳ
1731 3661 1939 3733 βέλτιον

347 3753 446 3806 καὶ
488 3748 851 3825 συνετώτερον
892 3755 1055 3824 ἡμεῖς
1088 3750 1421 3823 ἐκδεχόμεθα
1451 3752 1519 3806 τὰ
1550 3752 1809 3817 τοιαῦτα,
1842 3754 1936 3806 καὶ

345 3844 417 3916 ἦν
446 3845 575 3917 περὶ
598 3844 709 3900 τῶν
738 3844 1005 3917 ἐναρέτων
1031 3843 1229 3916 ἔχομεν
1248 3842 1477 3916 γνώμην
1500 3844 1729 3916 ἀνδρῶν.
1755 3863 1774 3897 ι
1812 3845 1937 3898 Ἐπὶ

422 4020 498 4092 (5)
533 4023 872 4079 Ἵστασθαι.
905 4020 1059 4078 Hanc
1089 4037 1277 4078 vocem
1300 4037 1363 4078 ex
1399 4035 1535 4092 mss.
1577 4019 1783 4083 addidi,
1814 4021 1933 4077 sine

341 4108 458 4162 qua
483 4090 713 4148 mutilus
735 4102 789 4148 ct
810 4108 1038 4149 mancus
1068 4094 1157 4148 hic
1197 4094 1372 4148 locus.
1402 4090 1678 4161 interpres
1718 4092 1935 4162 (Accio-

341 4162 458 4234 lus)
489 4176 712 4218 sensum
742 4165 866 4230 ejus
907 4171 1142 4234 nonest
1176 4171 1483 4234 assecutus.
1515 4177 1676 4231 quem
1708 4164 1806 4234 sic
1829 4177 1935 4234 pex-

338 4230 587 4304 priinere
616 4234 897 4289 debuisset
932 4253 946 4289 ε
990 4232 1057 4287 Et
1098 4234 1316 4304 reliquis
1344 4230 1549 4304 quidem
1580 4247 1699 4304 quis
1736 4231 1929 4286 Phila-

338 4301 483 4359 lethe
536 4305 868 4358 continentur
911 4304 1027 4373 (hoc
1070 4301 1220 4357 enim'
1256 4301 1516 4373 praéclaro
1570 4301 1749 4373 titulo
1774 4319 1931 4373 suum

333 4374 481 4430 illud
512 4383 695 4428 contra
728 4390 822 4430 nos
852 4389 981 4443 opus
1014 4374 1116 4429 sibi
1145 4372 1508 4429 exornandam
1535 4372 1762 4444 putavit)
1785 4372 1929 4444 haud

332 4448 421 4498 ita
455 4459 701 4515 magnum
720 4461 891 4513 opera:
913 4446 1140 4514 pretium
1181 4445 1340 4514 fuerit
1366 4444 1461 4498 hoc
1502 4443 1925 4515 temporerefelg

332 4514 517 4587 (endis
545 4511 837 4569 immorari
865 4532 884 4570 :
914 4511 1112 4587 quippe
1142 4511 1259 4585 qua:
1291 4532 1394 4587 non
1422 4514 1637 4587 propria
1669 4511 1803 4566 illud
1835 4512 1925 4587 sed

329 4601 406 4642 ex
441 4584 672 4638 aliorum
697 4576 1067 4655 scriptis,'non
1102 4576 1373 4641 sententiis
1415 4576 1587 4646 modo,
1626 4600 1802 4655 verum
1841 4583 1926 4655 di-
1957 4576 2005 4631 D

330 4656 543 4726 ctiones
575 4671 785 4726 quoque
804 4656 1011 4712 iisdem.
1043 4673 1105 4709 ac
1139 4658 1353 4711 totidem
1378 4670 1524 4724 paene
1550 4654 1770 4726 syllabis
1796 4654 1928 4709 satis

330 4723 676 4793 impudenter
693 4723 959 4782 subiecta.
990 4726 1194 4793 Quibus
1223 4736 1271 4780 et
1305 4723 1435 4795 ipsis
1466 4742 1564 4778 sua
1592 4724 1927 4794 quandoque,

329 4808 395 4852 ut
431 4810 534 4863 par
560 4806 659 4859 est,
690 4795 939 4865 fortassis
974 4798 1228 4866 refutatio
1259 4808 1544 4866 opponatur
1577 4810 1595 4847 :
1631 4796 1929 4866 tametsire

326 4866 577 4939 quidem,
609 4877 738 4939 etc.,
774 4864 1040 4939 hisenim
1069 4864 1299 4922 tandem
1318 4864 1650 4937 respondent
1678 4865 1770 4919 illa
1795 4864 1928 4936 φέρε

331 4936 518 5012 μόνην
546 4936 658 5012 ἐπί,
676 4944 795 5012 _etc.
833 4936 1037 5012 ﬂogsr.

408 5002 793 5080 ((ᾓΔυντέμιιιιΔ
905 5007 1021 5077 ἤδη
1055 5005 1156 5062 καὶ
1193 5006 1307 5075 πρὸ
1342 5004 1453 5080 τῆς
1707 5002 1926 5080 _Sensus

324 5073 430 5138 est‘
460 5073 730 5131 Hieroclis
763 5073 1124 5132 deliramenta
1154 5073 1351 5132 caetera
1372 5076 1424 5129 in
1460 5073 1767 5128 Philaletha
1798 5089 1925 5143 pro-

326 5151 545 5226 posita,
576 5147 642 5226 de
668 5146 985 5226 Scripturis
1002 5164 1196 5226 nempe
1234 5146 1340 5202 sibi
1377 5146 1512 5215 ipsis
1543 5145 1925 5226 contradicen-

325 5214 514 5279 tibus.
558 5225 611 5272 et
641 5214 896 5287 aspersas
926 5214 1148 5273 Christo
1201 5226 1363 5287 atque
1400 5214 1925 5287 apostolisucalum-

322 5296 486 5353 nias,
521 5283 747 5358 δυνάμει
777 5288 1091 5344 conlutatas
1116 5288 1228 5358 jam
1261 5283 1405 5350 esse,
1434 5283 1562 5358 dum
1597 5283 1809 5358 scilicet
1840 5283 1920 5358 si-

322 5364 491 5421 milia
531 5374 562 5412 a
592 5353 753 5413 Celso
780 5360 1058 5429 proposita
1108 5356 1375 5427 Origenes
1408 5353 1922 5429 esploserit.__llnde

323 5430 697 5491 manifestum
742 5424 828 5483 est
869 5424 1009 5483 {nale
1050 5428 1104 5483 in
1150 5424 1272 5481 Aldi
1324 5434 1378 5482 et
1424 5424 1637 5480 Norelli
1684 5424 1921 5480 editione

324 5520 466 5560 mox
524 5500 629 5571 legi
683 5499 822 5571 προς
847 5499 960 5571 τῆςΔ
1001 5498 1091 5563 ιδ.,
1127 5514 1224 5568 pro
1260 5513 1329 5571 eo
1366 5496 1525 5571 quod
1557 5503 1706 5571 recte
1747 5502 1834 5550 est
1863 5495 1918 5549 in

324 5574 520 5629 Holst.
560 5564 625 5626 e'd
684 5564 791 5641 πρὸ
837 5564 988 5622 τ.ἰδ.
1031 5564 1225 5638 nempe
1262 5564 1527 5641 ἰδία”κατ’
1552 5564 1734 5641 αὐτῶν
1756 5581 1918 5641 -γρα-

327 5646 436 5715 φή,
476 5649 569 5715 est
608 5634 752 5715 quod
785 5642 947 5715 paulo
991 5648 1118 5695 ante
1161 5634 1513 5715 προσῄκουσα
1541 5634 1919 5715 ἀπέλεγξις-ει

326 5703 640 5783 opponitur
682 5703 1025 5783 rQBuva’tpst
1078 5703 1794 5783 npoirqué-{xeu._Yerani
1845 5706 1918 5760 le-

328 5776 579 5838 ctionem
596 5776 862 5852 rAcci'oltts
886 5776 1103 5852 quoque
1125 5776 1348 5852 secutus
1378 5776 1502 5852 eSSe
1532 5776 1769 5852 videtur;
1797 5784 1929 5852 ve_r-‘

330 5863 479 5909 terat
518 5851 665 5905 enim
706 5865 718 5900 :
760 5850 801 5905 Τ
806 5845 991 5906 (ιηιὲιεί
1015 5845 1197 5922 'reipsa
1223 5848 1431 5921 quidem
1473 5845 1817 5918 jampridem,
1852 5845 1913 5898 lt-

2039 3298 2190 3353 tioue
2220 3299 2435 3353 iirmum
2460 3314 2585 3354 esse
2606 3304 2660 3353 et
2687 3297 3054 3353 indubitatqu
3080 3298 3300 3365 jubens.
3323 3298 3464 3354 Audi
3491 3316 3623 3355 vero

2038 3405 2159 3460 quae
2188 3389 2335 3445 dicat
2384 3389 2579 3445 iisdem
2631 3389 2859 3460 syllabis
2915 3408 2929 3443 :
2991 3406 3009 3439 ι
3061 3387 3223 3444 Ultro
3252 3399 3504 3462 citroque
3534 3392 3621 3461 ja-

2039 3484 2210 3540 ctant,
2247 3476 2613 3547 laudibusque
2644 3475 2832 3531 Jesum
2869 3478 3094 3540 tollunt,
3129 3486 3189 3533 ut
3219 3480 3313 3549 qui
3347 3482 3507 3537 caecis
3538 3482 3617 3537 vi-

2035 3567 2199 3623 dendi
2226 3567 2438 3624 dederit
2472 3568 2813 3634 facultatem,
2852 3577 2905 3624 et
2932 3569 3038 3622 alia
3074 3569 3128 3623 id
3169 3586 3343 3639 genus
3369 3573 3616 3627 miranda

2036 3661 2415 3732 praestiterit.)
2457 3658 2968 3732 Tum,quibusdam
3002 3663 3330 3731 interiectis,
3358 3665 3462 3720 ista
3489 3668 3622 3721 sub~

2033 3753 2234 3825 jungit.
2277 3772 2295 3805 ι
2330 3752 2638 3809 Videndum
2666 3770 2799 3810 vero
2823 3763 3030 3824 quanto
3055 3754 3254 3809 melius
3289 3765 3343 3810 et
3375 3757 3619 3826 pruden-

2034 3847 2147 3902 tius
2172 3861 2276 3903 nos
2305 3845 2460 3913 talia,
2489 3854 2544 3902 et
2574 3862 2738 3918 quam
2775 3847 3043 3903 habemus
3076 3846 3145 3903 de
3176 3847 3315 3904 viris
3350 3859 3619 3919 praestan-

2033 4030 2119 4144 te;
2143 4037 2245 4075 non
2289 4020 2550 4076 destinato
2581 4029 2768 4076 contra
2812 4018 2881 4074 de
2907 4020 3069 4091 style,
3111 4020 3247 4075 satis
3303 4019 3402 4074 illa
3440 4037 3619 4075 eversa

2033 4108 2081 4144 ιν
2120 4104 2331 4144 cantur.

2031 4093 2331 4147 rideantur.

2104 4162 2181 4233 (7)
2221 4163 2331 4216 Τοῦ
2367 4160 2764 4233 eamusque.
2801 4159 2928 4216 Vid.
2958 4163 3121 4231 paulo
3146 4166 3273 4215 ante
3306 4170 3421 4233 not.
3459 4161 3511 4233 l_._

2222 4232 2592 4300 Φιλαλήθως.
2625 4231 2877 4289 Allusum
2895 4230 2971 4288 ad,
2997 4234 3218 4287 titulum
3255 4232 3438 4302 operis
3482 4230 3617 4288 Hie-

2104 4318 2128 4357 [ι
2153 4320 2220 4357 ts.

2032 4318 2220 4360 106118.

2128 4375 2183 4438 9)
2218 4373 2361 4442 Περὶ
2393 4374 2555 4439 τούς.
2583 4370 2766 4427 Malim
2795 4387 2896 4442 ego
2928 4371 3081 4443 παρά
3105 4369 3253 4443 τούς.

2130 4445 2215 4512 ΙΟ)
2244 4440 2389 4512 Οὖχί
2413 4443 2481 4497 δὲ
2504 4443 2778 4513 γοητείας
2798 4440 3163 4513 σοφίσμασι.
3191 4440 3451 4513 Γοῃτείαν
3476 4442 3620 4498 male

2030 4510 2311 4585 legebatur
2329 4510 2648 4585 Esubs'titui
2668 4529 2735 4568 ex
2765 4510 2894 4585 mss.
2922 4510 3199 4585 γοητείαςΖ
3232 4510 3437 4585 liotsr.

2106 4580 2151 4653 (l
2174 4586 2219 4652 l)
2252 4586 2411 4639 Ἀνω
2436 4583 2535 4637 καὶ
2573 4580 2754 4637 κάτω.
2789 4583 2847 4653 in
2881 4580 3120 4638 editione
3156 4581 3423 4638 Holstenii
3468 4582 3617 4653 lege-

2034 4651 2196 4709 batur
2225 4654 2336 4709 ἄνω
2363 4654 2423 4708 δὲ
2451 4654 2544 4708 καὶ
2580 4653 2749 4708 κάτω.
2791 4651 2898 4709 Sed
2929 4653 2986 4707 δέ
3019 4653 3227 4709 rectius
3256 4651 3539 4708 omissum
3558 4652 3615 4707 in

2032 4725 2245 4781 caeteris
2276 4724 2479 4794 putavi.

2104 4794 2216 4866 (l2)
2238 4791 2614 4866 -Σιιεψώμεθά
2640 4811 2708 4863 τε
2733 4794 2879 4863 μήν,
2916 4792 3097 4850 Locus
3127 4792 3216 4848 hic
3263 4791 3406 4848 foede
3442 4792 3612 4866 muti-

2029 4862 2175 4921 latus
2213 4867 2267 4920 in
2302 4862 2484 4936 priore
2514 4862 2759 4936 editione
2789 4866 3091 4935 legebatur.
3124 4878 3287 4936 quem
3317 4876 3511 4933 magna
3533 4862 3615 4917 la-

2028 4951 2171 4991 cuna
2218 4933 2463 4992 liberavi.
2512 4934 2569 4989 ln
2605 4933 2993 5006 Regio_codice
3022 4934 3462 5006 supplementum
3503 4946 3616 4988 ore

2028 5007 2327 5076 ascriptum
2357 5016 2470 5060 erat
2498 5022 2514 5071 ;
2540 5006 2590 5076 id
2618 5002 2741 5060 cuiu
2769 5002 3287 5076 Philostratieditor
3310 5002 3611 5076 ignoraret,

2026 5073 2289 5146 quorsum
2321 5074 2664 5131 referendum
2687 5085 2855 5137 esset,
2887 5074 3286 5146 scholiiinstar
3319 5073 3609 5146 i_ti_calceiit

2026 5140 2150 5201 libri
2184 5148 2400 5215 rejecit,
2450 5148 2689 5201 lacerum
2726 5155 2782 5201 et
2826 5146 2962 5201 satis
3010 5145 3279 5215 vitiatum.
3330 5140 3613 5215 Librarius

2025 5213 2375 5286 religiosior,
2424 5218 2666 5272 oll'ensus
2712 5213 3419 5286 horrendisAblasphetniis
3460 5228 3611 5286 quas

2023 5281 2270 5342 mortalis
2302 5288 2394 5342 ille
2441 5288 2623 5358 γυμνῇ
2664 5287 2873 5356 κεφαλῇ
2908 5288 2960 5339 in
3005 5281 3281 5358 Christum
3321 5281 3611 5358 Dominum

2022 5366 2276 5412 nostrum
2302 5352 2551 5421 ell‘undit',
2570 5352 2817 5411 castrare
2841 5352 3021 5410 lucum
3051 5355 3263 5411 maluit.
3285 5368 3352 5408 ne
3382 5352 3484 5422 piae
3514 5368 3615 5406 au-

2021 5442 2117 5484 res
2146 5430 2194 5483 ei
2220 5430 2641 5484 incestarentnr.
2674 5424 2785 5483 Nec
2814 5427 2932 5495 ipse
2960 5440 3063 5481 suo
3106 5424 3287 5479 ordini
3320 5425 3613 5478 restituere

2021 5497 2248 5555 fuissem
2279 5514 2469 5561 ausus,
2504 5498 2609 5552 nisi
2645 5496 2784 5551 infra
2811 5497 3036 5551 totidem
3075 5495 3271 5550 litteris
3304 5507 3616 5563 repeteren-

2020 5577 2135 5633 tur,
2195 5576 2254 5622 et
2292 5577 2465 5624 totum
2500 5567 2721 5622 Eusebii
2766 5568 2965 5621 librum
2997 5566 3163 5620 veluti
3198 5564 3522 5631 ἀλεξίκακον
3556 5569 3616 5618 et

2020 5639 2363 5718 scorpiacum
2391 5639 2519 5694 huic
2539 5652 2775 5718 _veneno
2801 5633 3618 5718 Oppositumvidissem..HoL-v

2019 5704 2172 5766 srrn'.
2197 5709 2495 5785 —-_lfartcm
2539 5708 2704 5779 hujus
2749 5704 2962 5765 lacinia:
2985 5708 3270 5785 repetitam
3301 5705 3405 5761 ini.
3439 5704 3619 5763 habe-

2017 5797 2141 5837 mus
2176 5795 2226 5836 c.
2261 5778 2348 5837 ‘20.
