4112 6394
387 417 495 473 8θό

916 528 1308 593 ΚΕΦΑΛΛΙΟΝ
1341 531 1431 596 ς’.

455 647 582 710 Πῶς
603 649 657 703 δὲ
692 644 849 700 τοῦτό
871 663 1031 715 φημι,
1062 645 1155 697 καὶ
1186 641 1347 695 πόθεν
1372 641 1707 713 ὁρμώμενος,
1731 643 1962 715 ἐρωτᾷςν

392 738 650 811 μάνθανε.
676 733 833 807 ὐροι
876 735 1109 804 φύσεως,
1158 733 1355 805 ἀρχὰς,
1382 734 1474 786 καὶ
1523 733 1684 804 μέσα,
1720 733 1816 787 καὶ
1836 734 1965 804 τέλη

385 829 488 899 τῆς
546 826 655 880 τῶν
717 827 854 879 ὅλων
907 825 1091 889 οὐσίας
1147 824 1593 895 περιειληφότες,
1651 824 1826 897 μέτρα
1871 826 1966 879 καὶ

388 918 623 989 θεσμοὺς
654 918 846 982 ἅπασι,
870 915 936 975 δι’
970 909 1045 969 ὧν
1075 916 1195 969 τόδε
1214 915 1275 969 τὸ
1315 917 1422 970 πᾶν
1450 916 1750 988 μηχάνημά
1781 934 1840 969 τε
1871 919 1967 971 καὶ

386 1008 823 1083 ἀρχιτεκτόνημα
862 1007 957 1061 τοῦ
992 1007 1193 1071 παντὸς
1235 1009 1442 1078 κόσμου
1482 1007 1962 1080 τελεσιουργεῖται.

385 1101 717 1156 Διατεθείναί
746 1117 805 1153 τε
836 1101 1020 1172 νόμοις
1045 1100 1279 1165 ἀλύτοις,
1310 1101 1403 1154 καὶ
1429 1101 1647 1171 δεσμοῖς
1668 1102 1965 1175 ἀρρήκτοις

383 1194 483 1265 τῆς
512 1194 582 1247 τά
610 1193 788 1247 πάντα
836 1192 1228 1264 οἱκονομούσης
1273 1191 1562 1262 Προνοίας,
1588 1193 1649 1246 τὸ
1690 1194 1964 1264 πάνσοφον

385 1284 629 1357 βούλημα
684 1284 1155 1354 διαφυλάττοντες.
1214 1284 1423 1337 Οὔκουν
1456 1284 1699 1355 κινήσειέ
1752 1302 1839 1349 τι,
1869 1288 1965 1339 καὶ

385 1375 644 1447 μεταθείη
676 1376 776 1447 τῆς
820 1375 1048 1441 τάξεως,
1080 1375 1187 1428 τῶν
1209 1375 1354 1441 ἅπαξ
1385 1374 1822 1446 διατεθειμένων.
1851 1379 1963 1431 Κε-

382 1470 652 1541 κράτηται
710 1468 755 1520 δ’
788 1463 882 1521 οὖν
935 1466 1121 1538 θεσμῷ
1154 1466 1369 1536 φύσεως
1403 1466 1494 1520 τὺν
1519 1467 1659 1520 θεῖον
1701 1469 1967 1541 ὑπερανα-

382 1560 586 1615 6αίνειν
618 1560 783 1632 νόμον
818 1562 944 1624 πᾶς,
979 1560 1086 1631 ὅτῳ
1111 1577 1196 1624 τις
1224 1559 1557 1631 θρασύτερος
1586 1558 1681 1613 τοῦ
1711 1560 1964 1615 ἐπέκεινα

383 1653 585 1725 βαίνειν
639 1653 817 1707 ἔνεστι
868 1653 1050 1717 πόθος.
1138 1651 1265 1706 οὕτ’
1347 1646 1444 1705 οὖν
1520 1652 1671 1723 παρά
1721 1652 1881 1722 φύσιν
1935 1656 1964 1707 ὁ

382 1746 622 1818 ἔνυδρος,
656 1747 749 1800 ἐπὶ
772 1746 869 1817 τὴν
892 1746 1086 1817 χέρσον
1125 1743 1366 1816 μεταΰὰς
1389 1784 1405 1808 ,
1456 1742 1644 1813 βιῶναι
1676 1744 1961 1815 δυνήσεται

383 1838 555 1911 ἰχθύς·
589 1840 650 1891 οὐ
675 1838 734 1891 τὸ
767 1839 823 1890 ὲν
843 1837 1023 1908 χέρσῳ
1041 1836 1242 1908 τραφὲν
1265 1839 1378 1897 τοῖς
1402 1834 1556 1888 ὕδασι
1577 1834 1957 1901 καταδύσεται,

378 1930 477 2001 τὴν
522 1932 722 1983 είκείσε
756 1929 976 2000 διηνεκῆ
1020 1929 1187 1999 μονὴν
1227 1928 1606 2000 ἀσπαζόμενον
1634 1946 1647 1959 ·
1697 1930 1780 1991 οὐ,
1819 1930 1960 2000 μέγα

379 2021 645 2094 πηδήσας,
677 2022 948 2093 μετέωρός
978 2038 1063 2084 τις
1088 2020 1198 2074 τῶν
1224 2021 1317 2074 ἐπὶ
1345 2020 1450 2091 γῆς
1481 2021 1785 2093 ἀρθήσεται
1823 2023 1961 2094 πρὸς

376 2113 532 2185 ἀέρα,
561 2113 979 2184 ξυμπεριπολείν
1007 2114 1185 2176 ἀετοῖς
1238 2111 1541 2184 ἐπιθυμῶν·
1560 2116 1652 2167 καὶ
1676 2113 1781 2185 μὴν
1793 2114 1959 2167 κεῖνοί

375 2222 458 2274 γε,
495 2204 595 2258 κᾶν
621 2206 712 2258 ἐπὶ
745 2206 848 2276 γῆς
880 2205 1104 2269 ἔλθοιεν,
1142 2205 1431 2278 βρίσαντες
1472 2207 1566 2260 ἐπὶ
1596 2207 1659 2259 τὸ
1686 2207 1837 2260 κάτω
1860 2207 1958 2277 τὴν

373 2295 622 2368 δύναμιν,
659 2299 753 2351 καὶ
779 2297 869 2351 τοῦ
900 2297 1099 2370 πτεροῦ
1132 2297 1488 2368 χαλάσαντες,
1513 2302 1608 2352 καὶ
1628 2298 1844 2362 ἀνέντες
1860 2297 1959 2370 τὴν

375 2387 562 2457 φύσιν·
606 2390 728 2443 ἐπεὶ
779 2389 1063 2443 καὶτοῦτο
1107 2388 1272 2453 θείοις
1332 2388 1561 2462 ὥρισται
1604 2390 1810 2462 νόμοις,
1860 2391 1956 2444 τοῦ

376 2480 543 2550 ὕψους
564 2481 625 2534 τὸ
659 2482 932 2553 μετέωρον
957 2481 1411 2536 ὑποκαταϐαίνειν
1441 2481 1700 2536 δύνασθαι
1723 2499 1736 2514 ·
1758 2484 1818 2537 οὐ
1849 2483 1955 2554 μὴν

375 2576 468 2627 καὶ
502 2572 737 2644 ἔμπαλιν
769 2572 829 2625 τὸ
858 2572 1111 2625 ταπεινὸν
1135 2573 1228 2625 καὶ
1248 2571 1451 2642 γεῶδες
1481 2573 1573 2626 ἐπὶ
1593 2573 1651 2626 τὸ
1681 2573 1956 2644 μετέωρον

373 2665 642 2738 αἴρεσθαι.
669 2665 851 2737 Ταύτῃ
897 2665 961 2736 δὴ
1011 2665 1103 2718 καὶ
1134 2665 1194 2717 τὸ
1227 2664 1419 2735 θνητὸν
1452 2665 1754 2737 ἀνθρώπων
1774 2667 1951 2735 γένος,

372 2757 548 2829 ψυχῆς
592 2758 816 2829 μετέχον
848 2758 942 2810 καὶ
996 2756 1270 2828 σώματος,
1326 2757 1472 2828 ὅροις
1514 2757 1954 2828 περιγέγραπται

374 2850 554 2914 θείοις.
621 2848 746 2903 οὖτ’
803 2845 1014 2919 οὗν-τῷ
1082 2847 1294 2920 σώματι
1335 2849 1404 2903 δι’
1439 2849 1599 2920 ἀέρος
1623 2849 1764 2903 ἔλθοι
1799 2850 1950 2915 ποτὲ,

372 2944 479 2998 τῶν
502 2944 595 2996 ἐπὶ
623 2944 726 3014 γῆς
756 2943 1179 3015 καταφρονήσας
1220 2941 1531 3015 διατριϐῶν,
1571 2944 1645 3015 μὴ
1674 2942 1794 3014 οὐχὶ
1826 2944 1952 2997 τοὺ-

374 3036 595 3107 πίτιμον
617 3036 817 3089 αὐτίκα
848 3035 947 3106 τῆς
978 3034 1166 3098 ἀνοίας
1188 3032 1488 3106 παρασχών
1507 3050 1519 3064 ·
1555 3033 1616 3086 οὐ
1636 3033 1733 3105 τὴν
1774 3032 1951 3104 ψυχὴν

370 3127 556 3198 ἀρθεὶς
628 3129 935 3198 φρονήματι
995 3125 1276 3192 καθίξεται
1341 3126 1450 3179 τῶν
1510 3127 1852 3195 ἀνεφίκτων,
1914 3125 1947 3197 ἢ

373 3218 728 3290 μελαγχολίας
777 3219 1043 3289 νοσήματι
1081 3219 1148 3272 ἂν
1179 3217 1485 3291 περιπέσοι.
1521 3219 1794 3288 Σωφρονοῖ
1809 3219 1855 3272 δ’
1884 3217 1949 3272 ἂν

369 3310 576 3381 ἀρτίοις
631 3311 726 3379 μὲν
758 3309 820 3361 τὸ
853 3308 1012 3380 σῶμα
1044 3307 1201 3361 ποσὶν
1246 3309 1339 3362 ἐπὶ
1365 3309 1470 3379 γῆς
1501 3308 1817 3379 φερόμενος,
1850 3308 1949 3379 τὴν

369 3401 426 3453 δὲ
488 3400 666 3470 ψυχὴν
721 3399 938 3470 παιδείᾳ
996 3400 1089 3452 καὶ
1143 3399 1430 3470 φιλοσοφία
1465 3401 1782 3470 σκηρίπτων
1816 3397 1945 3470 (56).

372 3488 607 3554 Εΰξαιτο
660 3490 717 3542 δὲ
763 3490 856 3543 καί
887 3506 1010 3543 τινα
1036 3488 1290 3561 ξυνεργδν
1317 3490 1523 3546 ἄνωθέν
1548 3490 1709 3544 ποθεν
1748 3491 1813 3544 ἐκ
1839 3490 1949 3543 τῶν

371 3590 492 3634 κατ’
525 3580 750 3651 οὐρανὸν
782 3580 1072 3651 διατριϐῶν
1095 3580 1292 3643 ἐλθεῖν,
1336 3581 1555 3651 καὶτῆς
1584 3582 1761 3634 ἐκεῖσε
1802 3580 1949 3634 διδά-

372 3669 569 3725 σκαλον
601 3668 751 3740 αὐτῷ
771 3670 1007 3740 φανῆναι
1028 3670 1320 3741 σωτηρίας.
1367 3671 1696 3742 Ἐῤῥωμένῳ
1756 3670 1948 3742 γάρτοι

371 3761 762 3833 παραδείγματι
795 3761 927 3832 (37),
962 3760 1206 3815 νοσοῦντι
1249 3762 1346 3832 μὲν
1391 3763 1484 3815 τὸν
1520 3762 1701 3833 ἰατρὸν
1729 3764 1948 3831 ἐπιφοιο

369 3855 467 3925 τᾷν
501 3853 677 3924 θέμις,
708 3852 804 3906 καὶ
833 3852 925 3907 τὸν
955 3852 1271 3907 διδάσκαλον
1322 3853 1661 3924 εἰσαγομένῳ
1703 3855 1812 3917 τοῖς
1845 3870 1949 3923 μα-

370 3943 578 4015 θήμασι
612 3942 1002 4016 ξυμφέρεσθαι,
1038 3946 1135 3999 καὶ
1176 3946 1268 3999 τὸν
1307 3947 1420 4001 ἄνω
1444 3962 1572 4008 που,
1595 3946 1688 3999 καὶ
1708 3949 1766 3999 ἐν
1799 3945 1943 4015 ὕψει,

370 4038 718 4107 ξυγκατιέναι
757 4040 869 4100 τοῖς
912 4039 1223 4101 ’ταπεινοῖς⁸
1258 4038 1318 4092 οὐ
1367 4037 1473 4108 μὴν
1516 4038 1610 4090 καὶ
1656 4037 1940 4091 ἀνάπαλιν.

372 4131 534 4185 Ὅθεν
563 4132 627 4203 δὴ
652 4130 803 4184 θείαν
835 4129 934 4201 μὲν
967 4127 1148 4198 φύσιν,
1183 4128 1461 4200 εὐεργέτιν
1493 4124 1676 4191 οὖσαν,
1711 4129 1804 4181 καὶ
1837 4127 1944 4181 σώ-

365 4239 572 4294 τειραν,
608 4223 705 4277 καὶ
737 4222 1098 4294 προνοητικὴν
1120 4221 1227 4275 τῶν
1258 4221 1444 4285 ὄντων,
1479 4219 1785 4293 ἀνθρώποις
1816 4223 1946 4274 ποτὲ

367 4316 427 4378 ἐς
475 4313 694 4386 ὁμιλίαν
755 4313 949 4379 ἐλθεῖν,
1011 4312 1184 4377 οὐδεὶς
1213 4311 1278 4366 ἂν
1311 4311 1562 4384 ἀπείργοι
1611 4312 1785 4380 λόγος,
1834 4312 1945 4384 ὅρῳ

367 4405 517 4470 θείας
560 4406 816 4477 προνοίας
866 4405 979 4479 (58)
1024 4405 1120 4458 καὶ
1177 4404 1366 4458 τούτου
1429 4403 1938 4475 ξυγκεχωρημένου.

372 4514 392 4548 ι
438 4498 665 4566 ’Δγαθὸς
698 4499 808 4568 γὰρ
855 4492 924 4568 ἦν
964 4516 983 4548 ι
1016 4494 1159 4550 κατά
1191 4496 1282 4548 τὸν
1341 4494 1603 4549 Πλάτωνα
1624 4510 1639 4524 ο
1694 4511 1714 4545 t
1754 4491 1942 4564 ἀγαθῷ

1446 424 1453 433 ‘
1489 410 1691 466 LIBER
1730 410 2003 468 CONTRA
2046 413 2457 469 lllEROCLEM.

1997 561 2042 617 Α

3542 427 3647 483 806

2674 533 2901 590 CAPUT
2943 534 3031 589 Vl.

2138 642 2251 698 Hoc
2298 660 2429 700 vero
2471 647 2747 715 quomodo
2791 647 3060 704 allirmare
3099 650 3331 720 possim.
3377 650 3645 721 quibusve

2069 736 2371 792 rationibus
2409 746 2614 802 motus,
2645 740 2990 811 interrogas:
3019 742 3205 811 accipe
3249 742 3435 813 igitur.
3472 740 3644 797 Limi-

2042 830 2149 880 ‘tes
2180 825 2426 901 [dantur]
2465 839 2692 897 naturae,
2727 833 2819 902 qui
2853 832 3028 896 initia,
3071 834 3446 904 mediumque.
3484 841 3539 889 et
3578 833 3643 888 li-

2065 933 2166 973 nes
2206 919 2582 976 universitatis
2627 937 2808 977 rerum
2839 926 3181 988 contineant,
3230 939 3545 979 mensuram
3585 932 3642 980 et

2066 1009 2216 1079 leges
2270 1026 2453 1065 rerum
2504 1013 2772 1077 omnium,
2809 1015 3009 1083 quibus
3053 1023 3164 1068 tota
3212 1015 3326 1070 lucc
3363 1016 3637 1079 machina,

2065 1101 2365 1172 mundique
2399 1102 2569 1159 totius
2596 1104 2885 1159 aedilicium
2909 1106 3236 1161 absolvitur.
3274 1105 3354 1160 llli
3390 1103 3637 1179 [limites]

2065 1208 2193 1247 vero
2224 1195 2340 1265 lege
2374 1195 2695 1250 immutabili
2725 1197 2988 1268 sc’itisque
3019 1198 3420 1254 inviolabilibus
3447 1196 3640 1252 Provi-

2064 1284 2282 1345 (lentiae.
2325 1288 2581 1343 omnibus
2627 1289 2794 1344 rebus
2829 1290 3238 1360 prospicientis,
3287 1298 3415 1346 sunt
3448 1290 3635 1362 positi,

2064 1376 2280 1430 consilii
2308 1391 2523 1431 summe
2547 1378 2814 1447 sapientis
2839 1381 3118 1435 custodes.
3143 1379 3262 1435 Non
3288 1381 3454 1452 igitur
3476 1382 3639 1452 quid-

2063 1482 2227 1536 quam
2262 1478 2451 1522 eorum
2481 1470 2601 1523 loco
2629 1486 2689 1525 se
2720 1478 2956 1535 moveat,
2986 1471 3304 1553 ordinemve
3341 1480 3638 1528 commutet

2064 1560 2211 1623 licet,
2245 1576 2367 1630 quae
2389 1562 2559 1616 semel
2590 1574 2718 1617 sunt
2746 1564 3066 1618 constituta.
3094 1563 3273 1634 Atque
3304 1563 3440 1619 adeo
3473 1572 3637 1619 natu-

2062 1667 2138 1706 ra:
2164 1653 2281 1723 lege
2304 1654 2569 1708 retinetur
2590 1670 2700 1724 quo
2723 1656 2905 1716 minus
2924 1656 3168 1710 divinum
3190 1655 3435 1711 ordinem
3461 1656 3654 1711 transi—

2063 1743 2178 1807 liat,
2203 1760 2584 1816 quemcunque
2624 1746 2914 1802 audentior
2936 1747 3190 1809 subierit,
3228 1746 3369 1800 ultra
3404 1744 3636 1818 [naturae

2064 1835 2231 1908 leges]
2272 1837 2459 1901 eundi,
2493 1838 2746 1908 impetus.
2774 1838 2893 1892 Non
2924 1839 3091 1908 igitur
3120 1846 3317 1908 praeter
3354 1848 3631 1901 naturam,

1992 1908 2033 1962 Β
2063 1931 2115 1982 in
2145 1943 2301 1999 aquis
2321 1930 2503 1984 vivere
2531 1937 2691 1985 natus
2721 1915 2912 2001 piscis,
2941 1930 3033 1984 ubi
3058 1930 3110 1983 in
3134 1938 3314 1986 terras
3334 1933 3635 1987 translatus

2064 2018 2252 2082 fuerit,
2300 2020 2484 2074 vivere
2513 2021 2712 2089 poterit
2746 2037 2760 2074 :
2793 2035 2900 2074 non
2950 2019 3112 2074 terris
3142 2019 3467 2074 innutritum
3512 2021 3633 2074 aui-

2057 2114 2165 2167 mal
2194 2128 2366 2182 aquas
2405 2114 2632 2181 subibit,
2666 2121 2930 2170 constans
2961 2115 3034 2169 ibi
3069 2113 3409 2169 domicilium
3438 2115 3543 2169 sibi
3573 2124 3632 2168 ut

2056 2204 2277 2271 deligat.
2310 2202 2428 2258 Non
2453 2205 2742 2275 quisquam
2765 2220 2952 2260 eorum
2977 2205 3070 2274 qui
3106 2213 3267 2259 terras
3299 2204 3442 2259 δαίιί
3478 2214 3630 2269 sunt,

2058 2313 2255 2369 magno
2280 2298 2408 2353 licet
2449 2299 2591 2354 saltu
2642 2300 2696 2353 in
2735 2298 2969 2355 sublime
3015 2314 3074 2353 se
3103 2299 3273 2361 tollat,
3326 2297 3394 2351 ad
3446 2312 3627 2352 aerem

2057 2405 2231 2461 usque
2258 2390 2581 2456 elevabitur,
2621 2398 2681 2444 ut
2710 2405 2833 2445 cum
2876 2389 3075 2459 aquilis
3107 2404 3203 2460 per
3234 2404 3359 2444 eum
3397 2388 3627 2452 feratur,

2054 2489 2177 2537 utut
2221 2484 2350 2538 velit
2398 2499 2521 2538 cum
2554 2482 2809 2537 maxime.
2863 2480 2926 2535 Et
2969 2491 3148 2535 tamen
3194 2482 3301 2535 illis
3341 2480 3395 2534 in
3426 2487 3628 2535 terram

2054 2583 2273 2639 quoque
2305 2585 2365 2624 se
2394 2571 2682 2625 demittere
2706 2568 2918 2632 datum,
2947 2569 3206 2624 deorsum
3239 2569 3630 2625 inclinantibus

2053 2661 2250 2715 virium
2310 2663 2593 2732 impetum,
2627 2672 2681 2719 et
2735 2661 3046 2716 laxantibus
3099 2661 3235 2724 alas,
3280 2677 3501 2732 sumque
3545 2662 3631 2716 in-

2054 2756 2195 2807 dous
2227 2751 2336 2806 vim
2388 2751 2795 2807 remittentibus
2830 2770 2846 2808 :
2880 2752 3142 2823 quoniam
3186 2760 3241 2807 et
3283 2753 3388 2808 hoc
3429 2753 3629 2809 divinis

2053 2847 2326 2902 sancitum
2358 2845 2571 2916 legibus
2592 2852 2696 2909 est,
2721 2851 2781 2899 ut
2808 2860 2873 2900 ex
2908 2845 3127 2900 sublimi
3153 2844 3226 2909 id,
3251 2845 3397 2915 quod
3427 2862 3483 2901 ιιι
3505 2861 3631 2901 aere

2053 2935 2431 3006 suspenditur,
2477 2937 2655 3006 possit
2692 2935 3205 2991 descendereznon
3257 2945 3440 2992 autem
3468 2952 3631 2993 versa

2051 3028 2171 3083 vice
2207 3028 2263 3082 in
2310 3028 2481 3083 altum
2529 3029 2670 3092 tolli,
2708 3029 2855 3100 quod
2898 3028 3050 3082 humi
3080 3029 3219 3100 repit
3249 3037 3517 3100 terraeque
3545 3028 3631 3083 af-

2054 3114 2223 3170 ﬁxum
2252 3116 2421 3187 degit.
2466 3116 2665 3173 Eadem
2697 3118 2911 3174 ratione
2943 3119 3174 3175 mortale
3221 3119 3501 3175 hominum
3535 3136 3630 3191 ge-

1976 3245 2021 3306 C
2052 3223 2178 3273 nus,
2234 3209 2429 3264 anima:
2468 3210 2743 3282 particeps
2792 3212 3172 3282 corporisque,
3203 3212 3471 3270 limitibus
3518 3215 3629 3269 cir-

2051 3299 2448 3369 cumscriptum
2483 3310 2568 3353 est
2599 3299 2882 3354 divinitus.
2919 3298 3031 3355 Nec
3057 3315 3290 3370 corpore
3320 3299 3503 3371 itaque
3531 3317 3630 3372 per

2047 3404 2230 3446 aerem
2266 3391 2389 3444 vebi
2437 3389 2624 3443 datum
2666 3398 2750 3445 est
2780 3391 2905 3460 ipsi,
2940 3406 3108 3445 moras
3153 3393 3207 3445 in
3241 3402 3387 3448 terra
3416 3392 3626 3448 facien-

2050 3480 2132 3534 dae
2159 3488 2409 3550 pertaesa,
2453 3483 2559 3538 nisi
2588 3497 2765 3551 poena:
2801 3481 2986 3536 statim
3021 3483 3342 3538 stoliditatis
3384 3485 3627 3553 praebere

2045 3569 2355 3639 exemplum
2389 3571 2556 3638 velit;
2585 3586 2764 3642 neque
2796 3573 2979 3626 animo
3010 3575 3260 3630 sublatus
3290 3574 3623 3644 cogitatione

2049 3664 2268 3732 assequi
2298 3664 2499 3735 poterit
2541 3680 2662 3735 quae
2693 3681 2861 3736 supra
2908 3682 3032 3722 eum
3079 3676 3209 3722 sunt
3239 3667 3438 3738 posita,
3488 3669 3624 3738 quin

2048 3758 2233 3824 potius
2265 3756 2317 3810 in
2361 3758 2609 3811 morbum
2642 3758 2848 3813 incidet
2885 3759 3278 3814 atrabiliorem.
3315 3758 3625 3815 Prudenter

2051 3846 2216 3915 igitur
2250 3847 2439 3902 fecerit
2481 3848 2632 3903 sanis
2662 3849 2894 3918 pedibus
2938 3865 3139 3920 corpus
3165 3851 3222 3905 in
3260 3859 3406 3906 terra
3455 3852 3624 3908 susti-

2047 3954 2206 4003 nens,
2234 3940 2475 4006 animum
2509 3956 2638 3995 vero
2664 3940 2913 3996 doctrina
2953 3957 3017 3995 ac
3051 3942 3393 4014 philosophia
3420 3943 3617 3998 suil‘ul-

2047 4031 2221 4086 ciens.
2264 4029 2466 4102 Optare
2506 4044 2687 4087 tamen
2732 4034 2895 4088 etiam
2932 4035 3135 4098 licebit.
3184 4044 3244 4091 ut
3277 4036 3513 4108 desuper
3548 4050 3620 4092 ex

2045 4124 2367 4180 cmlestibus
2399 4125 2622 4181 sedibus
2657 4124 2877 4194 adjutor
2905 4126 3212 4192 subveniat,
3254 4127 3488 4198 indeque
3531 4128 3620 4183 de-

2045 4213 2288 4270 rivanda
2337 4217 2536 4271 salutis
2582 4216 2778 4271 doctor
2821 4218 2923 4271 sibi
2976 4219 3227 4273 exsistat.
3268 4216 3619 4274 Validissimo

2044 4306 2190 4360 enim
2229 4316 2573 4378 argumento,
2606 4308 2674 4362 ad
2718 4318 2980 4379 aegrotum
3034 4308 3295 4365 accedere
3342 4310 3618 4366 medicum

2048 4399 2129 4454 fas
2154 4407 2261 4461 est.
2302 4407 2357 4455 et
2404 4401 2727 4472 magistrum
2756 4402 3024 4472 discipulo
3060 4401 3519 4466 condescendere,
3565 4412 3620 4458 et

2039 4491 2167 4546 loco
2188 4493 2473 4562 superiore
2500 4501 2665 4563 atque
2699 4493 2754 4548 in
2781 4494 3002 4550 sublimi
3028 4495 3266 4564 positum
3296 4495 3361 4550 ad
3393 4495 3618 4550 inferio-

363 4586 605 4653 δὲοὺδεὶς
638 4586 988 4661 περὶοίῶενδς
1019 4587 1293 4656 ἐγγίνεται
1315 4585 1506 4655 φθόνος
1533 4585 1664 4657 (59).
1694 4603 1711 4637 ›
1734 4583 1940 4639 Οὔκουν

2048 4599 2134 4641 res
2182 4599 2304 4640 sese
2351 4585 2679 4641 demittere:
2712 4600 2821 4640 non
2864 4602 3024 4642 versa
3067 4588 3203 4642 vice.
3251 4584 3614 4653 Quamobrem

1131 4743 1394 4817 ίιιιετεσθαι2
1438 4743 1811 4817 ἐπερείδεσθαι
1841 4745 1942 4817 ῥάτ

437 4743 549 4815 (56)
580 4745 945 4813 Σκηρίπτων.
977 4744 1052 4797 Σκ
1131 4743 1394 4807 ίπτεσθαι,
1438 4743 1811 4816 ὲπερείδεσθαι
1841 4745 1940 4817 ῥά-

437 4814 545 4887 ιρῆ
571 4813 716 4885 ἄλλῳ
758 4813 882 4880 τινί,
919 4822 1028 4869 etc.
1056 4759 1304 4885 1lfesycb.
1359 4812 1571 4868 Similia
1600 4816 1750 4885 legas
1796 4815 1940 4887 apud

571 4813 716 4885 ἄλλῳ
758 4813 882 4880 τινί,
919 4822 1028 4869 etc.

367 4885 613 4940 Stlidam.

437 4954 546 5025 (37)
593 4954 834 5025 ‘Eppwy.
875 4951 1083 5025 γάρτοι
1109 4951 1477 5025 μπαραδείτμ.
1542 4951 1778 5009 Sensum
1816 4970 1940 5012 esse

364 5023 534 5107 puto:
578 5023 1124 5107 .eretnplumun‘ed'ici
1152 5026 1458 5107 etagrot],
1488 5026 1838 5107 praeceptoris
1885 5037 1941 5081 et

365 5092 425 5151 in
457 5094 801 5168 disciplinam
843 5092 1093 5168 admissi,
1128 5095 1263 5150 satis
1293 5092 1528 5149 validum
1555 5092 1693 5168 esse
1725 5102 1785 5147 ut
1817 5110 1940 5168 per-

365 5164 794 5231 suadeat'nobis,
819 5165 1151 5219 conveniens
1175 5180 1318 5228 esse,
1340 5171 1398 5217 ut
1427 5164 1758 5219 revelatione
1781 5165 1938 5219 nobis

366 5238 637 5307 sapientia
668 5234 1245 5307 cmlestissubveniat.
1279 5234 1351 5287 Οὐ
1391 5233 1495 5307 μῂν
1526 5234 1935 5307 και-ἀνάπαλιν,

364 5304 468 5361 non
498 5321 649 5361 versa
674 5320 850 5362 autem
880 5306 1005 5367 vice,
1037 5311 1115 5357 ut‘
1141 5320 1240 5360 nos
1270 5304 1504 5373 propriis
1528 5305 1739 5359 viribus
1765 5305 1939 5359 subli-

362 5378 472 5432 mia
517 5383 784 5446 petamus,
825 5375 1104 5446 altumque
1145 5372 1442 5444 sapiamus.
1466 5372 1529 5427 Si
1572 5374 1639 5428 ad
1674 5376 1935 5446 :egrotum

360 5443 784 5503 eninimedicus
807 5446 1008 5506 veniat,
1041 5443 1109 5497 ad
1140 5443 1240 5498 nos
1264 5459 1480 5513 quoque
1501 5452 1736 5513 aegrotos
1764 5445 1937 5498 medi-

362 5532 487 5571 cum
522 5515 708 5572 venire
731 5516 953 5577 debere,
999 5529 1108 5567 non
1148 5529 1249 5568 nos
1295 5514 1361 5584 ad
1408 5515 1583 5584 ipsum
1611 5533 1623 5568 :
1658 5515 1705 5570 si
1737 5529 1937 5570 conre-

363 5587 522 5641 niens
563 5586 636 5656 sit
683 5593 743 5640 ut
777 5586 1096 5655 magistrum
1136 5583 1507 5654 εἰσαγόμενος,
1542 5584 1714 5656 ipsuts
1761 5584 1937 5656 μαθή-

365 5671 500 5722 μασι
538 5655 610 5708 sit
646 5655 985 5709 obaudieust
1028 5669 1143 5708 non
1175 5668 1301 5709 vero
1343 5670 1520 5723 lpSllllt
1565 5670 1625 5709 se
1653 5655 1932 5709 doctorem

363 5739 486 5780 esse
528 5724 724 5779 stolida
755 5727 1014 5795 opinione
1057 5732 1376 5795 praesumat;
1407 5726 1740 5781 conveniens
1767 5725 1932 5795 etiam

363 5806 510 5856 esse,
554 5800 613 5846 ut
653 5808 754 5849 nos
794 5793 993 5857 divina
1038 5793 1315 5862 sapientia:
1364 5797 1647 5864 praeceptis
1676 5794 1931 5850 obaudia-

366 5874 510 5927 mas,
536 5877 644 5918 non
679 5864 1002 5945 ipsos‘vem
1038 5865 1278 5919 scientia:
1305 5878 1524 5919 causam
1557 5881 1658 5919 nos
1685 5880 1806 5921 esse
1831 5880 1927 5920 no-

2042 4743 2129 4798 bis
2177 4758 2340 4813 posse
2371 4743 2743 4799 arbitremur.
2778 4742 2956 4813 Atque
3008 4743 3145 4798 adeo
3191 4741 3616 4813 sapientiam‘et

2039 4810 2202 4884 λόγον
2247 4822 2671 4884 mteruum,qua:
2719 4815 2791 4867 sit
2840 4810 3009 4884 super
3044 4810 3340 4884 ontnia,'ad
3379 4826 3481 4865 nos
3515 4810 3614 4865 dc-

2042 4883 2324 4945 sceudere,
2353 4899 2462 4938 non
2493 4883 2621 4938 vero
2650 4883 2717 4938 ad
2740 4900 2858 4939 eam
2892 4883 2992 4939 nos
3018 4883 3306 4939 subvolare
3330 4889 3609 4949 oportere:
3689 4910 3693 4914 -

2041 4952 2406 5025 qtuePelagio
2457 4955 2727 5024 opposita,
2762 4955 3272 5025 obscurioralcraut
3305 4950 3380 5025 in_
3407 4951 3609 5025 _Ac_c_i_oli

2040 5020 2673 5146 versittilnefdiligeutius
2716 5026 2945 5096 proinde
2992 5022 3153 5094 paulo
3199 5035 3229 5074 a
3290 5020 3450 5076 nobis
3488 5021 3614 5073 ἰὶιιι⁴

2040 5103 2189 5146 stran
2232 5108 2283 5145 τι.

2039 5103 2283 5149 strauda.

2112 5163 2225 5236 (38)
2253 5163 2395 5218 οὐδ.
2435 5164 2516 5219 ἂν
2552 5164 2783 5235 ἀπείργ.
2827 5165 3011 5234 λόγος
3040 5161 3156 5231 ὅρῳ
3197 5164 3279 5236 θ.-
3304 5159 3605 5236 προνοίας.

2039 5228 2242 5305 Nempe
2269 5250 2432 5305 supra
2475 5228 2707 5298 dixerat,
2735 5228 2849 5289 'uon
2892 5228 3280 5305 posse'niutari
3307 5231 3417 5305 ὅρῳ
3460 5228 3609 5294 θείας

2041 5301 2745 5377 προνοίαςξδιατεθειμένα,
2801 5301 3330 5377 prudentissimeque
3392 5301 3604 5365 facere,

2038 5372 2155 5442 qui,
2193 5375 2406 5430 viribus
2453 5372 2665 5431 natura:
2698 5383 2845 5429 recte
2897 5380 3132 5434 utentes,
3169 5372 3310 5425 ultra
3362 5384 3472 5442 non
3519 5384 3605 5423 sa-

2040 5439 2210 5512 piant.
2250 5446 2456 5501 Caetera
2505 5446 2706 5500 rationi
2746 5443 3074 5499 conveniens
3110 5457 3264 5505 esse,
3313 5439 3608 5512 infimoer

2038 5509 2105 5587 ad
2136 5532 2315 5569 veram
2346 5516 2667 5587 sapientiam
2691 5514 2926 5568 divinum
2953 5521 3290 5587 exspectare.
3326 5509 3390 5564 Et
3420 5509 3600 5587 ne_di.

2036 5585 2176 5639 vina:
2214 5579 2428 5641 naturai
2453 5600 2577 5640 cum
2622 5587 2855 5637 humana
2896 5579 3366 5638 conversationem
3420 5579 3609 5635 itidem‘

2033 5653 2169 5727 ὅρον
2192 5656 2445 5727 προνοίας
2468 5655 2730 5727 excedere
2759 5654 2883 5723 quis
2916 5654 3080 5727 dicat,
3115 5668 3238 5707 cum
3265 5651 3445 5723 potius
3483 5649 3584 5717 ξυγ

2033 5725 2279 5797 χωρῆσαι
2310 5726 2608 5797 permittere
2637 5725 2740 5797 b_oc
2767 5726 3028 5797 ostendit.

2104 5791 2216 5866 (59)
2254 5791 2499 5865 Ἀ’γαθύς
2526 5794 2633 5863 γὰρ
2652 5791 2796 5865 ἦν...
2821 5795 3060 5866 φθόνος.
3085 5792 3211 5866 Ipsa
3220 5791 3464 5866 Platonis
3485 5803 3594 5844 vcr-

2036 5861 2262 5921 htt‘sunt
2291 5861 2575 5936 tlesuntpta
2598 5861 3037 5936 fex'ejusTima‘o
3069 5861 3123 5937 μζ
3152 5864 3244 5919 ΞΟ.
3274 5873 3313 5916 t.
3340 5861 3428 5917 ΙΙΙ.
