  <div class='ocr_page' id='page_1' title='image "/cluster/home/n/w/nwhite01/storage/ocr_20150623/22:no.4/coo.31924054873025/420.png"; bbox 0 0 4112 6420; ppageno 0'>
   <div class='ocr_carea' id='block_1_1' title="bbox 455 318 560 376">
    <p class='ocr_par' dir='ltr' id='par_1_1' title="bbox 455 318 560 376">
     <span class='ocr_line' id='line_1_1' title="bbox 455 318 560 376; baseline 0.019 -2"><span class='ocrx_word' id='word_1_1' title='bbox 455 318 560 376; x_wconf 75' lang='lat'><strong>8-15</strong></span> 
     </span>
    </p>
   </div>
   <div class='ocr_carea' id='block_1_2' title="bbox 1583 312 2553 370">
    <p class='ocr_par' dir='ltr' id='par_1_2' title="bbox 1583 312 2553 370">
     <span class='ocr_line' id='line_1_2' title="bbox 1583 312 2553 370; baseline -0.002 -2"><span class='ocrx_word' id='word_1_2' title='bbox 1583 312 1781 368; x_wconf 78' lang='lat' dir='ltr'><strong>LIBER</strong></span> <span class='ocrx_word' id='word_1_3' title='bbox 1821 313 2100 369; x_wconf 78' lang='lat' dir='ltr'><strong>CONTRA</strong></span> <span class='ocrx_word' id='word_1_4' title='bbox 2140 312 2553 370; x_wconf 75' lang='lat' dir='ltr'><strong>HIE&#39;ROCLEM.</strong></span> 
     </span>
    </p>
   </div>
   <div class='ocr_carea' id='block_1_3' title="bbox 3607 321 3715 378">
    <p class='ocr_par' dir='ltr' id='par_1_3' title="bbox 3607 321 3715 378">
     <span class='ocr_line' id='line_1_3' title="bbox 3607 321 3715 378; baseline 0.019 -3"><span class='ocrx_word' id='word_1_5' title='bbox 3607 321 3715 378; x_wconf 67' lang='lat' dir='ltr'><strong>8H»</strong></span> 
     </span>
    </p>
   </div>
   <div class='ocr_carea' id='block_1_4' title="bbox 453 431 2028 510">
    <p class='ocr_par' dir='ltr' id='par_1_4' title="bbox 453 431 2026 510">
     <span class='ocr_line' id='line_1_4' title="bbox 453 431 2026 510; baseline -0.004 -18"><span class='ocrx_word' id='word_1_6' title='bbox 453 437 834 510; x_wconf 80' lang='grc' dir='ltr'><strong>πορευόμενος,</strong></span> <span class='ocrx_word' id='word_1_7' title='bbox 863 435 1060 506; x_wconf 79' lang='grc' dir='ltr'>ἄριστα</span> <span class='ocrx_word' id='word_1_8' title='bbox 1081 431 1491 502; x_wconf 79' lang='grc' dir='ltr'><strong>γιγνωσκόντων</strong></span> <span class='ocrx_word' id='word_1_9' title='bbox 1530 447 1588 483; x_wconf 84' lang='grc' dir='ltr'><strong>τε</strong></span> <span class='ocrx_word' id='word_1_10' title='bbox 1630 433 1722 484; x_wconf 70' lang='grc' dir='ltr'>καὶ</span> <span class='ocrx_word' id='word_1_11' title='bbox 1759 434 2026 503; x_wconf 88' lang='grc' dir='ltr'>πραττόν-</span> 
     </span>
    </p>
   </div>
   <div class='ocr_carea' id='block_1_5' title="bbox 2132 431 3710 510">
    <p class='ocr_par' dir='ltr' id='par_1_5' title="bbox 2132 432 3710 502">
     <span class='ocr_line' id='line_1_5' title="bbox 2132 432 3710 502; baseline 0.003 -13"><span class='ocrx_word' id='word_1_12' title='bbox 2132 435 2484 489; x_wconf 88' lang='lat' dir='ltr'><strong>animantium</strong></span> <span class='ocrx_word' id='word_1_13' title='bbox 2520 432 2622 488; x_wconf 84' lang='lat' dir='ltr'><strong>sibi</strong></span> <span class='ocrx_word' id='word_1_14' title='bbox 2666 433 3025 502; x_wconf 98' lang='lat' dir='ltr'><strong>comparavit.</strong></span> <span class='ocrx_word' id='word_1_15' title='bbox 3061 433 3118 488; x_wconf 89' lang='lat' dir='ltr'><strong>Id</strong></span> <span class='ocrx_word' id='word_1_16' title='bbox 3157 449 3291 489; x_wconf 86' lang='lat' dir='ltr'><strong>vero</strong></span> <span class='ocrx_word' id='word_1_17' title='bbox 3325 435 3541 498; x_wconf 87' lang='lat' dir='ltr'><strong>didicit,</strong></span> <span class='ocrx_word' id='word_1_18' title='bbox 3578 437 3710 494; x_wconf 86' lang='lat' dir='ltr'><strong>dum</strong></span> 
     </span>
    </p>
   </div>
   <div class='ocr_carea' id='block_1_6' title="bbox 452 522 2029 598">
    <p class='ocr_par' dir='ltr' id='par_1_6' title="bbox 452 522 2029 598">
     <span class='ocr_line' id='line_1_6' title="bbox 452 522 2029 598; baseline -0.004 -14"><span class='ocrx_word' id='word_1_19' title='bbox 452 547 561 584; x_wconf 91' lang='grc' dir='ltr'><strong>των</strong></span> <span class='ocrx_word' id='word_1_20' title='bbox 589 529 719 583; x_wconf 81' lang='grc' dir='ltr'>αὑτό</span> <span class='ocrx_word' id='word_1_21' title='bbox 749 527 878 598; x_wconf 86' lang='grc'>(68).</span> <span class='ocrx_word' id='word_1_22' title='bbox 914 527 1069 579; x_wconf 87' lang='grc' dir='ltr'>Ἔστι</span> <span class='ocrx_word' id='word_1_23' title='bbox 1101 523 1211 594; x_wconf 84' lang='grc' dir='ltr'><strong>γὰρ</strong></span> <span class='ocrx_word' id='word_1_24' title='bbox 1238 523 1344 576; x_wconf 82' lang='grc' dir='ltr'><strong>τῶν</strong></span> <span class='ocrx_word' id='word_1_25' title='bbox 1383 522 1650 595; x_wconf 83' lang='grc' dir='ltr'>Ἀραϐίων</span> <span class='ocrx_word' id='word_1_26' title='bbox 1692 523 1904 576; x_wconf 83' lang='grc' dir='ltr'>κύκνων</span> <span class='ocrx_word' id='word_1_27' title='bbox 1931 525 2029 596; x_wconf 65' lang='grc' dir='ltr'>ἥδη</span> 
     </span>
    </p>
   </div>
   <div class='ocr_carea' id='block_1_7' title="bbox 455 611 2031 690">
    <p class='ocr_par' dir='ltr' id='par_1_7' title="bbox 455 611 2031 690">
     <span class='ocr_line' id='line_1_7' title="bbox 455 611 2031 690; baseline -0.006 -15"><span class='ocrx_word' id='word_1_28' title='bbox 455 619 550 676; x_wconf 71' lang='grc' dir='ltr'>καὶ</span> <span class='ocrx_word' id='word_1_29' title='bbox 593 617 821 690; x_wconf 82' lang='grc' dir='ltr'>ὀρνίθων</span> <span class='ocrx_word' id='word_1_30' title='bbox 859 615 968 688; x_wconf 88' lang='lat'><strong>(69)</strong></span> <span class='ocrx_word' id='word_1_31' title='bbox 1018 614 1435 684; x_wconf 81' lang='grc' dir='ltr'><strong>μαντευομένων</strong></span> <span class='ocrx_word' id='word_1_32' title='bbox 1477 611 1734 677; x_wconf 79' lang='grc' dir='ltr'><strong>ἀκούειν,</strong></span> <span class='ocrx_word' id='word_1_33' title='bbox 1769 613 1944 666; x_wconf 84' lang='grc' dir='ltr'>ὁπόσα</span> <span class='ocrx_word' id='word_1_34' title='bbox 1985 615 2031 666; x_wconf 86' lang='grc' dir='ltr'>οἱ</span> 
     </span>
    </p>
   </div>
   <div class='ocr_carea' id='block_1_8' title="bbox 456 704 2031 784">
    <p class='ocr_par' dir='ltr' id='par_1_8' title="bbox 456 704 2031 784">
     <span class='ocr_line' id='line_1_8' title="bbox 456 704 2031 784; baseline -0.003 -21"><span class='ocrx_word' id='word_1_35' title='bbox 456 711 718 784; x_wconf 85' lang='grc' dir='ltr'>χρησμοί.</span> <span class='ocrx_word' id='word_1_36' title='bbox 750 707 1156 778; x_wconf 86' lang='grc' dir='ltr'>Ξυμϐάλλονται</span> <span class='ocrx_word' id='word_1_37' title='bbox 1198 705 1255 758; x_wconf 82' lang='grc' dir='ltr'>δὲ</span> <span class='ocrx_word' id='word_1_38' title='bbox 1298 705 1405 757; x_wconf 81' lang='grc' dir='ltr'>τῶν</span> <span class='ocrx_word' id='word_1_39' title='bbox 1433 704 1673 772; x_wconf 79' lang='grc' dir='ltr'>ἀλόγων,</span> <span class='ocrx_word' id='word_1_40' title='bbox 1729 705 2031 776; x_wconf 79' lang='grc' dir='ltr'><strong>σιτούμενοι</strong></span> 
     </span>
    </p>
   </div>
   <div class='ocr_carea' id='block_1_9' title="bbox 454 791 2026 874">
    <p class='ocr_par' dir='ltr' id='par_1_9' title="bbox 454 791 2026 874">
     <span class='ocr_line' id='line_1_9' title="bbox 454 791 2026 874; baseline -0.005 -18"><span class='ocrx_word' id='word_1_41' title='bbox 454 803 563 857; x_wconf 81' lang='grc' dir='ltr'>τῶν</span> <span class='ocrx_word' id='word_1_42' title='bbox 582 802 886 874; x_wconf 76' lang='grc' dir='ltr'>δρακόντων</span> <span class='ocrx_word' id='word_1_43' title='bbox 909 802 956 852; x_wconf 82' lang='grc' dir='ltr'>οἱ</span> <span class='ocrx_word' id='word_1_44' title='bbox 991 799 1088 869; x_wconf 80' lang='grc' dir='ltr'>μὲν</span> <span class='ocrx_word' id='word_1_45' title='bbox 1118 799 1366 870; x_wconf 81' lang='grc' dir='ltr'><strong>καρδίαν,</strong></span> <span class='ocrx_word' id='word_1_46' title='bbox 1411 799 1593 866; x_wconf 61' lang='grc' dir='ltr'>φασιν,</span> <span class='ocrx_word' id='word_1_47' title='bbox 1622 797 1670 848; x_wconf 90' lang='grc' dir='ltr'>οἱ</span> <span class='ocrx_word' id='word_1_48' title='bbox 1705 797 1761 849; x_wconf 88' lang='grc' dir='ltr'><strong>δέ</strong></span> <span class='ocrx_word' id='word_1_49' title='bbox 1807 791 1978 868; x_wconf 74' lang='grc' dir='ltr'>ἧπαρ.</span> <span class='ocrx_word' id='word_1_50' title='bbox 2009 817 2026 848; x_wconf 71' lang='grc' dir='ltr'><strong>ι</strong></span> 
     </span>
    </p>
   </div>
   <div class='ocr_carea' id='block_1_10' title="bbox 469 888 2032 962">
    <p class='ocr_par' dir='ltr' id='par_1_10' title="bbox 469 888 2032 962">
     <span class='ocr_line' id='line_1_10' title="bbox 469 888 2032 962; baseline -0.004 -15"><span class='ocrx_word' id='word_1_51' title='bbox 469 894 734 948; x_wconf 78' lang='grc' dir='ltr'><strong>Ἐνταῦθα</strong></span> <span class='ocrx_word' id='word_1_52' title='bbox 767 892 985 956; x_wconf 83' lang='grc' dir='ltr'>πάντως</span> <span class='ocrx_word' id='word_1_53' title='bbox 1015 911 1114 944; x_wconf 86' lang='grc' dir='ltr'><strong>που</strong></span> <span class='ocrx_word' id='word_1_54' title='bbox 1141 892 1445 962; x_wconf 77' lang='grc' dir='ltr'>δρακόντων</span> <span class='ocrx_word' id='word_1_55' title='bbox 1473 889 1698 960; x_wconf 90' lang='grc' dir='ltr'>καρδίας</span> <span class='ocrx_word' id='word_1_56' title='bbox 1725 888 1895 958; x_wconf 81' lang='grc' dir='ltr'>δήπου</span> <span class='ocrx_word' id='word_1_57' title='bbox 1937 889 2032 941; x_wconf 75' lang='grc' dir='ltr'>καὶ</span> 
     </span>
    </p>
   </div>
   <div class='ocr_carea' id='block_1_11' title="bbox 454 984 2031 1058">
    <p class='ocr_par' dir='ltr' id='par_1_11' title="bbox 454 984 2031 1058">
     <span class='ocr_line' id='line_1_11' title="bbox 454 984 2031 1058; baseline -0.002 -19"><span class='ocrx_word' id='word_1_58' title='bbox 454 989 660 1058; x_wconf 74' lang='grc' dir='ltr'>ἥπατος</span> <span class='ocrx_word' id='word_1_59' title='bbox 692 986 782 1038; x_wconf 88' lang='grc' dir='ltr'>τὸν</span> <span class='ocrx_word' id='word_1_60' title='bbox 827 985 1226 1055; x_wconf 77' lang='grc' dir='ltr'>Πυθαγόρειον,</span> <span class='ocrx_word' id='word_1_61' title='bbox 1279 984 1535 1055; x_wconf 65' lang='grc' dir='ltr'>ἐμψύχων</span> <span class='ocrx_word' id='word_1_62' title='bbox 1570 1000 1632 1036; x_wconf 88' lang='grc' dir='ltr'><strong>τε</strong></span> <span class='ocrx_word' id='word_1_63' title='bbox 1671 984 1875 1054; x_wconf 65' lang='grc' dir='ltr'>τροφῆς</span> <span class='ocrx_word' id='word_1_64' title='bbox 1923 985 2031 1036; x_wconf 84' lang='grc' dir='ltr'>ἀπ-</span> 
     </span>
    </p>
   </div>
   <div class='ocr_carea' id='block_1_12' title="bbox 456 1073 2032 1149">
    <p class='ocr_par' dir='ltr' id='par_1_12' title="bbox 456 1073 2032 1149">
     <span class='ocr_line' id='line_1_12' title="bbox 456 1073 2032 1149; baseline -0.003 -19"><span class='ocrx_word' id='word_1_65' title='bbox 456 1078 730 1149; x_wconf 87' lang='grc' dir='ltr'>εχόμενον,</span> <span class='ocrx_word' id='word_1_66' title='bbox 755 1077 850 1129; x_wconf 75' lang='grc' dir='ltr'>καὶ</span> <span class='ocrx_word' id='word_1_67' title='bbox 873 1077 1002 1148; x_wconf 83' lang='grc' dir='ltr'>μηδὲ</span> <span class='ocrx_word' id='word_1_68' title='bbox 1034 1077 1180 1130; x_wconf 82' lang='grc' dir='ltr'>θύειν</span> <span class='ocrx_word' id='word_1_69' title='bbox 1196 1077 1440 1146; x_wconf 73' lang='grc' dir='ltr'>δαίμοσιν</span> <span class='ocrx_word' id='word_1_70' title='bbox 1466 1073 1856 1144; x_wconf 85' lang='grc' dir='ltr'>ὲπιτολμῶντα,</span> <span class='ocrx_word' id='word_1_71' title='bbox 1883 1074 2032 1138; x_wconf 78' lang='grc' dir='ltr'>εἰκὸς</span> 
     </span>
    </p>
   </div>
   <div class='ocr_carea' id='block_1_13' title="bbox 453 1165 2032 1242">
    <p class='ocr_par' dir='ltr' id='par_1_13' title="bbox 453 1165 2032 1242">
     <span class='ocr_line' id='line_1_13' title="bbox 453 1165 2032 1242; baseline -0.003 -20"><span class='ocrx_word' id='word_1_72' title='bbox 453 1166 521 1242; x_wconf 74' lang='grc' dir='ltr'>ἦν</span> <span class='ocrx_word' id='word_1_73' title='bbox 545 1169 971 1239; x_wconf 89' lang='grc' dir='ltr'>ἀπογεύσασθαι,</span> <span class='ocrx_word' id='word_1_74' title='bbox 1008 1170 1082 1232; x_wconf 86' lang='grc' dir='ltr'>ὡς</span> <span class='ocrx_word' id='word_1_75' title='bbox 1107 1168 1171 1222; x_wconf 83' lang='grc' dir='ltr'>ἂν</span> <span class='ocrx_word' id='word_1_76' title='bbox 1217 1169 1309 1220; x_wconf 78' lang='grc' dir='ltr'><strong>καὶ</strong></span> <span class='ocrx_word' id='word_1_77' title='bbox 1345 1168 1443 1237; x_wconf 84' lang='grc' dir='ltr'>τῆς</span> <span class='ocrx_word' id='word_1_78' title='bbox 1480 1165 1631 1237; x_wconf 88' lang='grc' dir='ltr'><strong>παρά</strong></span> <span class='ocrx_word' id='word_1_79' title='bbox 1667 1165 1877 1228; x_wconf 84' lang='grc' dir='ltr'>τούτοις</span> <span class='ocrx_word' id='word_1_80' title='bbox 1921 1183 2032 1218; x_wconf 87' lang='grc' dir='ltr'>κοι-</span> 
     </span>
    </p>
   </div>
   <div class='ocr_carea' id='block_1_14' title="bbox 452 1255 2030 1334">
    <p class='ocr_par' dir='ltr' id='par_1_14' title="bbox 452 1255 2030 1334">
     <span class='ocr_line' id='line_1_14' title="bbox 452 1255 2030 1334; baseline -0.005 -19"><span class='ocrx_word' id='word_1_81' title='bbox 452 1266 678 1334; x_wconf 82' lang='grc' dir='ltr'>νωνήσοι</span> <span class='ocrx_word' id='word_1_82' title='bbox 711 1262 922 1330; x_wconf 70' lang='grc' dir='ltr'>σοφίας.</span> <span class='ocrx_word' id='word_1_83' title='bbox 951 1261 1094 1332; x_wconf 84' lang='grc' dir='ltr'>Πρὸς</span> <span class='ocrx_word' id='word_1_84' title='bbox 1120 1259 1227 1330; x_wconf 87' lang='grc' dir='ltr'><strong>γὰρ</strong></span> <span class='ocrx_word' id='word_1_85' title='bbox 1251 1258 1466 1311; x_wconf 87' lang='grc' dir='ltr'>τοιῶνδε</span> <span class='ocrx_word' id='word_1_86' title='bbox 1492 1256 1890 1327; x_wconf 81' lang='grc' dir='ltr'>διδασκομένων</span> <span class='ocrx_word' id='word_1_87' title='bbox 1915 1255 2030 1319; x_wconf 84' lang='grc' dir='ltr'>πῶς</span> 
     </span>
    </p>
   </div>
   <div class='ocr_carea' id='block_1_15' title="bbox 451 1347 2021 1427">
    <p class='ocr_par' dir='ltr' id='par_1_15' title="bbox 451 1347 2021 1427">
     <span class='ocr_line' id='line_1_15' title="bbox 451 1347 2021 1427; baseline -0.006 -16"><span class='ocrx_word' id='word_1_88' title='bbox 451 1357 517 1412; x_wconf 86' lang='grc' dir='ltr'>ἂν</span> <span class='ocrx_word' id='word_1_89' title='bbox 551 1357 746 1420; x_wconf 77' lang='grc' dir='ltr'>ἄλλως,</span> <span class='ocrx_word' id='word_1_90' title='bbox 782 1356 855 1427; x_wconf 81' lang='grc' dir='ltr'>μὴ</span> <span class='ocrx_word' id='word_1_91' title='bbox 881 1355 1002 1424; x_wconf 72' lang='grc' dir='ltr'>οὐχ).</span> <span class='ocrx_word' id='word_1_92' title='bbox 1045 1353 1113 1406; x_wconf 84' lang='grc' dir='ltr'><strong>τά</strong></span> <span class='ocrx_word' id='word_1_93' title='bbox 1151 1354 1310 1423; x_wconf 81' lang='grc' dir='ltr'>ὃμοια</span> <span class='ocrx_word' id='word_1_94' title='bbox 1343 1355 1453 1414; x_wconf 87' lang='grc' dir='ltr'>τοῖς</span> <span class='ocrx_word' id='word_1_95' title='bbox 1482 1349 1820 1412; x_wconf 72' lang='grc' dir='ltr'>διδασκάλοις</span> <span class='ocrx_word' id='word_1_96' title='bbox 1855 1347 2021 1420; x_wconf 80' lang='grc' dir='ltr'><strong>ζηλώ-</strong></span> 
     </span>
    </p>
   </div>
   <div class='ocr_carea' id='block_1_16' title="bbox 453 1437 2028 1519">
    <p class='ocr_par' dir='ltr' id='par_1_16' title="bbox 453 1437 2028 1519">
     <span class='ocr_line' id='line_1_16' title="bbox 453 1437 2028 1519; baseline -0.006 -17"><span class='ocrx_word' id='word_1_97' title='bbox 453 1466 626 1512; x_wconf 88' lang='grc' dir='ltr'>σαντι,</span> <span class='ocrx_word' id='word_1_98' title='bbox 654 1447 1004 1519; x_wconf 81' lang='grc' dir='ltr'>κατωρθοῦτο</span> <span class='ocrx_word' id='word_1_99' title='bbox 1043 1446 1104 1498; x_wconf 82' lang='grc' dir='ltr'>τὸ</span> <span class='ocrx_word' id='word_1_100' title='bbox 1141 1444 1512 1516; x_wconf 81' lang='grc' dir='ltr'>ἐπιτήδευμα;</span> <span class='ocrx_word' id='word_1_101' title='bbox 1565 1443 1799 1512; x_wconf 81' lang='grc' dir='ltr'>Ἐχομεν</span> <span class='ocrx_word' id='word_1_102' title='bbox 1840 1441 1903 1512; x_wconf 83' lang='grc' dir='ltr'>δὴ</span> <span class='ocrx_word' id='word_1_103' title='bbox 1937 1437 2028 1494; x_wconf 77' lang='grc' dir='ltr'>οὖν</span> 
     </span>
    </p>
   </div>
   <div class='ocr_carea' id='block_1_17' title="bbox 452 1534 2020 1613">
    <p class='ocr_par' dir='ltr' id='par_1_17' title="bbox 452 1534 2020 1613">
     <span class='ocr_line' id='line_1_17' title="bbox 452 1534 2020 1613; baseline -0.004 -18"><span class='ocrx_word' id='word_1_104' title='bbox 452 1541 588 1613; x_wconf 78' lang='grc' dir='ltr'>πρὸς</span> <span class='ocrx_word' id='word_1_105' title='bbox 649 1543 761 1604; x_wconf 87' lang='grc' dir='ltr'>τοῖς</span> <span class='ocrx_word' id='word_1_106' title='bbox 810 1538 1292 1610; x_wconf 81' lang='grc' dir='ltr'>καταλελεγμένοις</span> <span class='ocrx_word' id='word_1_107' title='bbox 1331 1535 1439 1606; x_wconf 89' lang='grc'>(70)</span> <span class='ocrx_word' id='word_1_108' title='bbox 1491 1536 1584 1590; x_wconf 75' lang='grc' dir='ltr'>καὶ</span> <span class='ocrx_word' id='word_1_109' title='bbox 1620 1536 1745 1598; x_wconf 82' lang='grc' dir='ltr'>τοὺς</span> <span class='ocrx_word' id='word_1_110' title='bbox 1778 1534 2020 1605; x_wconf 77' lang='grc' dir='ltr'>Ἀράϐων</span> 
     </span>
    </p>
   </div>
   <div class='ocr_carea' id='block_1_18' title="bbox 452 1631 2030 1704">
    <p class='ocr_par' dir='ltr' id='par_1_18' title="bbox 452 1631 2030 1704">
     <span class='ocr_line' id='line_1_18' title="bbox 452 1631 2030 1704; baseline -0.003 -16"><span class='ocrx_word' id='word_1_111' title='bbox 452 1635 650 1704; x_wconf 70' lang='grc' dir='ltr'>σοφοὺς</span> <span class='ocrx_word' id='word_1_112' title='bbox 679 1634 1028 1696; x_wconf 83' lang='grc' dir='ltr'>διδασκάλους</span> <span class='ocrx_word' id='word_1_113' title='bbox 1059 1634 1158 1704; x_wconf 85' lang='grc' dir='ltr'>τῆς</span> <span class='ocrx_word' id='word_1_114' title='bbox 1211 1632 1350 1685; x_wconf 77' lang='grc' dir='ltr'>κατὰ</span> <span class='ocrx_word' id='word_1_115' title='bbox 1394 1631 1492 1702; x_wconf 77' lang='grc' dir='ltr'>τὴν</span> <span class='ocrx_word' id='word_1_116' title='bbox 1535 1631 1876 1702; x_wconf 80' lang='grc' dir='ltr'>οἰωνιστικὴν</span> <span class='ocrx_word' id='word_1_117' title='bbox 1904 1631 2030 1683; x_wconf 90' lang='grc' dir='ltr'>τάν-</span> 
     </span>
    </p>
   </div>
   <div class='ocr_carea' id='block_1_19' title="bbox 450 1721 2028 1800">
    <p class='ocr_par' dir='ltr' id='par_1_19' title="bbox 450 1721 2028 1800">
     <span class='ocr_line' id='line_1_19' title="bbox 450 1721 2028 1800; baseline -0.004 -20"><span class='ocrx_word' id='word_1_118' title='bbox 450 1726 574 1800; x_wconf 71' lang='grc' dir='ltr'>δρὸς</span> <span class='ocrx_word' id='word_1_119' title='bbox 597 1727 906 1798; x_wconf 73' lang='grc' dir='ltr'>ἐπιστήμης</span> <span class='ocrx_word' id='word_1_120' title='bbox 927 1743 938 1756; x_wconf 91' lang='grc'><strong>·</strong></span> <span class='ocrx_word' id='word_1_121' title='bbox 965 1725 1057 1795; x_wconf 78' lang='grc' dir='ltr'>ἀφ’</span> <span class='ocrx_word' id='word_1_122' title='bbox 1091 1721 1158 1796; x_wconf 79' lang='grc' dir='ltr'><strong>ἧς</strong></span> <span class='ocrx_word' id='word_1_123' title='bbox 1187 1724 1410 1787; x_wconf 80' lang='grc' dir='ltr'>εἰκότως</span> <span class='ocrx_word' id='word_1_124' title='bbox 1437 1721 1778 1795; x_wconf 81' lang='grc' dir='ltr'>ὁρμώμενος,</span> <span class='ocrx_word' id='word_1_125' title='bbox 1805 1721 2028 1794; x_wconf 75' lang='grc' dir='ltr'>ὕστερόν</span> 
     </span>
    </p>
   </div>
   <div class='ocr_carea' id='block_1_20' title="bbox 453 1813 2029 1890">
    <p class='ocr_par' dir='ltr' id='par_1_20' title="bbox 453 1813 2029 1890">
     <span class='ocr_line' id='line_1_20' title="bbox 453 1813 2029 1890; baseline -0.004 -18"><span class='ocrx_word' id='word_1_126' title='bbox 453 1836 584 1872; x_wconf 88' lang='grc' dir='ltr'>ποτε</span> <span class='ocrx_word' id='word_1_127' title='bbox 616 1819 706 1872; x_wconf 86' lang='grc' dir='ltr'>τὸν</span> <span class='ocrx_word' id='word_1_128' title='bbox 731 1817 1006 1890; x_wconf 83' lang='grc' dir='ltr'>στρουθὸν,</span> <span class='ocrx_word' id='word_1_129' title='bbox 1035 1818 1063 1870; x_wconf 86' lang='grc' dir='ltr'>ὅ</span> <span class='ocrx_word' id='word_1_130' title='bbox 1090 1835 1142 1870; x_wconf 90' lang='grc' dir='ltr'><strong>τι</strong></span> <span class='ocrx_word' id='word_1_131' title='bbox 1169 1818 1262 1870; x_wconf 73' lang='grc' dir='ltr'>καὶ</span> <span class='ocrx_word' id='word_1_132' title='bbox 1290 1815 1550 1887; x_wconf 82' lang='grc' dir='ltr'>βούλοιτο,</span> <span class='ocrx_word' id='word_1_133' title='bbox 1592 1813 1875 1883; x_wconf 80' lang='grc' dir='ltr'>ξυγκαλῶν</span> <span class='ocrx_word' id='word_1_134' title='bbox 1903 1813 2029 1876; x_wconf 79' lang='grc' dir='ltr'>τοὺς</span> 
     </span>
    </p>
   </div>
   <div class='ocr_carea' id='block_1_21' title="bbox 452 1898 2030 1984">
    <p class='ocr_par' dir='ltr' id='par_1_21' title="bbox 452 1898 2030 1984">
     <span class='ocr_line' id='line_1_21' title="bbox 452 1898 2030 1984; baseline -0.004 -19"><span class='ocrx_word' id='word_1_135' title='bbox 452 1911 700 1984; x_wconf 78' lang='grc' dir='ltr'>ἑταίρους</span> <span class='ocrx_word' id='word_1_136' title='bbox 753 1912 846 1964; x_wconf 81' lang='grc' dir='ltr'>ἐπὶ</span> <span class='ocrx_word' id='word_1_137' title='bbox 891 1911 1118 1982; x_wconf 83' lang='grc' dir='ltr'>τροφὴν,</span> <span class='ocrx_word' id='word_1_138' title='bbox 1180 1908 1502 1981; x_wconf 79' lang='grc' dir='ltr'>προειπὼν,</span> <span class='ocrx_word' id='word_1_139' title='bbox 1547 1898 1730 1978; x_wconf 81' lang='grc' dir='ltr'>θαῦμα</span> <span class='ocrx_word' id='word_1_140' title='bbox 1779 1907 2030 1978; x_wconf 86' lang='grc' dir='ltr'>μέγιστον</span> 
     </span>
    </p>
   </div>
   <div class='ocr_carea' id='block_1_22' title="bbox 454 1999 2023 2076">
    <p class='ocr_par' dir='ltr' id='par_1_22' title="bbox 454 1999 2023 2076">
     <span class='ocr_line' id='line_1_22' title="bbox 454 1999 2023 2076; baseline -0.004 -20"><span class='ocrx_word' id='word_1_141' title='bbox 454 2005 712 2076; x_wconf 89' lang='grc' dir='ltr'>παρέχειν</span> <span class='ocrx_word' id='word_1_142' title='bbox 740 2002 884 2070; x_wconf 76' lang='grc' dir='ltr'>ἔδοξε</span> <span class='ocrx_word' id='word_1_143' title='bbox 910 2005 1021 2065; x_wconf 87' lang='grc' dir='ltr'>τοῖς</span> <span class='ocrx_word' id='word_1_144' title='bbox 1050 2001 1301 2072; x_wconf 79' lang='grc' dir='ltr'>παροῦσι.</span> <span class='ocrx_word' id='word_1_145' title='bbox 1332 2000 1516 2073; x_wconf 79' lang='grc' dir='ltr'>Ταύτῃ</span> <span class='ocrx_word' id='word_1_146' title='bbox 1545 2001 1608 2072; x_wconf 81' lang='grc' dir='ltr'>δὴ</span> <span class='ocrx_word' id='word_1_147' title='bbox 1643 2001 1736 2054; x_wconf 74' lang='grc' dir='ltr'>καὶ</span> <span class='ocrx_word' id='word_1_148' title='bbox 1773 1999 1870 2070; x_wconf 85' lang='grc' dir='ltr'>τὴν</span> <span class='ocrx_word' id='word_1_149' title='bbox 1915 2000 2023 2052; x_wconf 84' lang='grc' dir='ltr'>ἀπ-</span> 
     </span>
    </p>
   </div>
   <div class='ocr_carea' id='block_1_23' title="bbox 457 2091 2020 2167">
    <p class='ocr_par' dir='ltr' id='par_1_23' title="bbox 457 2091 2020 2167">
     <span class='ocr_line' id='line_1_23' title="bbox 457 2091 2020 2167; baseline -0.004 -17"><span class='ocrx_word' id='word_1_150' title='bbox 457 2097 806 2167; x_wconf 82' lang='grc' dir='ltr'>εσφαγμένην</span> <span class='ocrx_word' id='word_1_151' title='bbox 832 2099 953 2149; x_wconf 78' lang='grc' dir='ltr'>ὅσον</span> <span class='ocrx_word' id='word_1_152' title='bbox 979 2095 1130 2149; x_wconf 75' lang='grc' dir='ltr'>οὔπω</span> <span class='ocrx_word' id='word_1_153' title='bbox 1157 2094 1371 2146; x_wconf 82' lang='grc' dir='ltr'>λέαιναν</span> <span class='ocrx_word' id='word_1_154' title='bbox 1395 2095 1509 2163; x_wconf 83' lang='grc' dir='ltr'>ἆμα</span> <span class='ocrx_word' id='word_1_155' title='bbox 1550 2095 1662 2156; x_wconf 86' lang='grc' dir='ltr'>τοῖς</span> <span class='ocrx_word' id='word_1_156' title='bbox 1701 2091 1843 2145; x_wconf 85' lang='grc' dir='ltr'>ὀκτὼ</span> <span class='ocrx_word' id='word_1_157' title='bbox 1889 2091 2020 2145; x_wconf 87' lang='grc' dir='ltr'>σκύ-</span> 
     </span>
    </p>
   </div>
   <div class='ocr_carea' id='block_1_24' title="bbox 457 2183 2026 2258">
    <p class='ocr_par' dir='ltr' id='par_1_24' title="bbox 457 2183 2026 2258">
     <span class='ocr_line' id='line_1_24' title="bbox 457 2183 2026 2258; baseline -0.001 -20"><span class='ocrx_word' id='word_1_158' title='bbox 457 2202 608 2256; x_wconf 90' lang='grc' dir='ltr'>μνοις</span> <span class='ocrx_word' id='word_1_159' title='bbox 636 2185 776 2239; x_wconf 87' lang='grc' dir='ltr'><strong>κατά</strong></span> <span class='ocrx_word' id='word_1_160' title='bbox 809 2187 906 2258; x_wconf 81' lang='grc' dir='ltr'>τὴν</span> <span class='ocrx_word' id='word_1_161' title='bbox 942 2186 1241 2256; x_wconf 83' lang='grc' dir='ltr'>Ἀσσυρίων</span> <span class='ocrx_word' id='word_1_162' title='bbox 1269 2184 1385 2237; x_wconf 86' lang='grc' dir='ltr'>όδὸν</span> <span class='ocrx_word' id='word_1_163' title='bbox 1422 2183 1780 2253; x_wconf 86' lang='grc' dir='ltr'>θεασάμενος,</span> <span class='ocrx_word' id='word_1_164' title='bbox 1808 2183 2026 2246; x_wconf 82' lang='grc' dir='ltr'>αὐτίκα,</span> 
     </span>
    </p>
   </div>
   <div class='ocr_carea' id='block_1_25' title="bbox 450 2274 2026 2350">
    <p class='ocr_par' dir='ltr' id='par_1_25' title="bbox 450 2274 2026 2350">
     <span class='ocr_line' id='line_1_25' title="bbox 450 2274 2026 2350; baseline -0.001 -20"><span class='ocrx_word' id='word_1_165' title='bbox 450 2277 529 2348; x_wconf 83' lang='grc' dir='ltr'>τῷ</span> <span class='ocrx_word' id='word_1_166' title='bbox 562 2279 840 2350; x_wconf 85' lang='grc' dir='ltr'>μαθήματι</span> <span class='ocrx_word' id='word_1_167' title='bbox 870 2277 1190 2349; x_wconf 80' lang='grc' dir='ltr'>ξυμϐαλὼν,</span> <span class='ocrx_word' id='word_1_168' title='bbox 1230 2278 1329 2347; x_wconf 82' lang='grc' dir='ltr'>τῆς</span> <span class='ocrx_word' id='word_1_169' title='bbox 1369 2277 1631 2347; x_wconf 77' lang='grc' dir='ltr'>ἐσομένης</span> <span class='ocrx_word' id='word_1_170' title='bbox 1679 2274 1828 2346; x_wconf 81' lang='grc' dir='ltr'>αὐτῷ</span> <span class='ocrx_word' id='word_1_171' title='bbox 1878 2275 2026 2347; x_wconf 78' lang='grc' dir='ltr'>παρὰ</span> 
     </span>
    </p>
   </div>
   <div class='ocr_carea' id='block_1_26' title="bbox 452 2367 1743 2442">
    <p class='ocr_par' dir='ltr' id='par_1_26' title="bbox 452 2367 1743 2442">
     <span class='ocr_line' id='line_1_26' title="bbox 452 2367 1743 2442; baseline -0.002 -20"><span class='ocrx_word' id='word_1_172' title='bbox 452 2371 688 2442; x_wconf 84' lang='grc' dir='ltr'>Πέρσαις</span> <span class='ocrx_word' id='word_1_173' title='bbox 716 2371 993 2442; x_wconf 87' lang='grc' dir='ltr'>διατριϐῆς</span> <span class='ocrx_word' id='word_1_174' title='bbox 1017 2370 1108 2423; x_wconf 87' lang='grc' dir='ltr'>τὸν</span> <span class='ocrx_word' id='word_1_175' title='bbox 1139 2369 1326 2441; x_wconf 86' lang='grc' dir='ltr'>χρόνον</span> <span class='ocrx_word' id='word_1_176' title='bbox 1356 2367 1743 2439; x_wconf 88' lang='grc' dir='ltr'>ἐμαντεύσατο.</span> 
     </span>
    </p>
   </div>
   <div class='ocr_carea' id='block_1_27' title="bbox 2135 523 3714 597">
    <p class='ocr_par' dir='ltr' id='par_1_27' title="bbox 2135 523 3714 597">
     <span class='ocr_line' id='line_1_27' title="bbox 2135 523 3714 597; baseline 0.003 -17"><span class='ocrx_word' id='word_1_177' title='bbox 2135 541 2230 595; x_wconf 86' lang='lat' dir='ltr'><strong>per</strong></span> <span class='ocrx_word' id='word_1_178' title='bbox 2264 526 2399 579; x_wconf 77' lang='lat' dir='ltr'><strong>istos</strong></span> <span class='ocrx_word' id='word_1_179' title='bbox 2424 523 2638 578; x_wconf 70' lang='lat' dir='ltr'><strong>Arabiae</strong></span> <span class='ocrx_word' id='word_1_180' title='bbox 2673 525 2904 594; x_wconf 89' lang='lat' dir='ltr'><strong>populos</strong></span> <span class='ocrx_word' id='word_1_181' title='bbox 2935 525 3038 578; x_wconf 90' lang='lat' dir='ltr'><strong>iter</strong></span> <span class='ocrx_word' id='word_1_182' title='bbox 3068 524 3294 590; x_wconf 79' lang='lat' dir='ltr'><strong>faceret,</strong></span> <span class='ocrx_word' id='word_1_183' title='bbox 3327 528 3422 597; x_wconf 89' lang='lat' dir='ltr'><strong>qui</strong></span> <span class='ocrx_word' id='word_1_184' title='bbox 3455 537 3508 583; x_wconf 92' lang='lat' dir='ltr'><strong>et</strong></span> <span class='ocrx_word' id='word_1_185' title='bbox 3540 531 3714 584; x_wconf 83' lang='lat' dir='ltr'><strong>scicn-</strong></span> 
     </span>
    </p>
   </div>
   <div class='ocr_carea' id='block_1_28' title="bbox 2133 617 3714 687">
    <p class='ocr_par' dir='ltr' id='par_1_28' title="bbox 2133 617 3714 687">
     <span class='ocr_line' id='line_1_28' title="bbox 2133 617 3714 687; baseline 0.003 -15"><span class='ocrx_word' id='word_1_186' title='bbox 2133 621 2205 672; x_wconf 89' lang='lat' dir='ltr'><strong>tia</strong></span> <span class='ocrx_word' id='word_1_187' title='bbox 2245 625 2297 672; x_wconf 93' lang='lat' dir='ltr'><strong>et</strong></span> <span class='ocrx_word' id='word_1_188' title='bbox 2319 634 2420 671; x_wconf 89' lang='lat' dir='ltr'><strong>usu</strong></span> <span class='ocrx_word' id='word_1_189' title='bbox 2448 617 2568 685; x_wconf 89' lang='lat' dir='ltr'>ejus</span> <span class='ocrx_word' id='word_1_190' title='bbox 2594 617 2671 670; x_wconf 87' lang='lat' dir='ltr'><strong>rei</strong></span> <span class='ocrx_word' id='word_1_191' title='bbox 2713 617 2948 671; x_wconf 80' lang='lat' dir='ltr'><strong>maxime</strong></span> <span class='ocrx_word' id='word_1_192' title='bbox 2971 618 3266 687; x_wconf 83' lang='lat' dir='ltr'><strong>pollebant.</strong></span> <span class='ocrx_word' id='word_1_193' title='bbox 3301 619 3398 675; x_wconf 84' lang='lat' dir='ltr'><strong>Est</strong></span> <span class='ocrx_word' id='word_1_194' title='bbox 3426 623 3572 676; x_wconf 90' lang='lat' dir='ltr'><strong>enim</strong></span> <span class='ocrx_word' id='word_1_195' title='bbox 3609 623 3714 677; x_wconf 90' lang='lat' dir='ltr'><strong>hoc</strong></span> 
     </span>
    </p>
   </div>
   <div class='ocr_carea' id='block_1_29' title="bbox 2132 711 3711 784">
    <p class='ocr_par' dir='ltr' id='par_1_29' title="bbox 2132 711 3711 784">
     <span class='ocr_line' id='line_1_29' title="bbox 2132 711 3711 784; baseline 0.004 -20"><span class='ocrx_word' id='word_1_196' title='bbox 2132 711 2393 773; x_wconf 86' lang='lat' dir='ltr'><strong>Arabum,</strong></span> <span class='ocrx_word' id='word_1_197' title='bbox 2428 719 2487 764; x_wconf 92' lang='lat' dir='ltr'><strong>ut</strong></span> <span class='ocrx_word' id='word_1_198' title='bbox 2537 725 2739 782; x_wconf 79' lang='lat' dir='ltr'><strong>cycnos</strong></span> <span class='ocrx_word' id='word_1_199' title='bbox 2779 711 3105 776; x_wconf 85' lang='lat' dir='ltr'><strong>bodienum,</strong></span> <span class='ocrx_word' id='word_1_200' title='bbox 3152 713 3401 784; x_wconf 90' lang='lat' dir='ltr'><strong>aliasque</strong></span> <span class='ocrx_word' id='word_1_201' title='bbox 3459 713 3711 770; x_wconf 79' lang='lat' dir='ltr'><strong>fatidicas</strong></span> 
     </span>
    </p>
   </div>
   <div class='ocr_carea' id='block_1_30' title="bbox 2133 803 3710 876">
    <p class='ocr_par' dir='ltr' id='par_1_30' title="bbox 2133 803 3710 876">
     <span class='ocr_line' id='line_1_30' title="bbox 2133 803 3710 876; baseline 0.004 -21"><span class='ocrx_word' id='word_1_202' title='bbox 2133 818 2261 858; x_wconf 82' lang='lat' dir='ltr'><strong>aves</strong></span> <span class='ocrx_word' id='word_1_203' title='bbox 2284 804 2634 859; x_wconf 71' lang='lat' dir='ltr'><strong>scisoitentur</strong></span> <span class='ocrx_word' id='word_1_204' title='bbox 2661 803 2887 868; x_wconf 84' lang='lat' dir='ltr'><strong>perinde</strong></span> <span class='ocrx_word' id='word_1_205' title='bbox 2921 813 3083 874; x_wconf 87' lang='lat' dir='ltr'><strong>atque</strong></span> <span class='ocrx_word' id='word_1_206' title='bbox 3113 807 3358 860; x_wconf 90' lang='lat' dir='ltr'><strong>oracula.</strong></span> <span class='ocrx_word' id='word_1_207' title='bbox 3391 807 3710 876; x_wconf 81' lang='lat' dir='ltr'><strong>Conjiciunt</strong></span> 
     </span>
    </p>
   </div>
   <div class='ocr_carea' id='block_1_31' title="bbox 2131 896 3706 968">
    <p class='ocr_par' dir='ltr' id='par_1_31' title="bbox 2131 896 3706 968">
     <span class='ocr_line' id='line_1_31' title="bbox 2131 896 3706 968; baseline 0.004 -23"><span class='ocrx_word' id='word_1_208' title='bbox 2131 910 2262 956; x_wconf 86' lang='lat' dir='ltr'><strong>vero</strong></span> <span class='ocrx_word' id='word_1_209' title='bbox 2303 896 2492 949; x_wconf 86' lang='lat' dir='ltr'><strong>brutas</strong></span> <span class='ocrx_word' id='word_1_210' title='bbox 2533 911 2693 949; x_wconf 86' lang='lat' dir='ltr'><strong>voces</strong></span> <span class='ocrx_word' id='word_1_211' title='bbox 2730 896 3026 950; x_wconf 81' lang='lat' dir='ltr'><strong>draconum</strong></span> <span class='ocrx_word' id='word_1_212' title='bbox 3064 898 3228 967; x_wconf 89' lang='lat' dir='ltr'><strong>pasti,</strong></span> <span class='ocrx_word' id='word_1_213' title='bbox 3265 907 3323 951; x_wconf 91' lang='lat' dir='ltr'><strong>ut</strong></span> <span class='ocrx_word' id='word_1_214' title='bbox 3357 899 3448 951; x_wconf 91' lang='lat' dir='ltr'><strong>alii</strong></span> <span class='ocrx_word' id='word_1_215' title='bbox 3493 907 3706 968; x_wconf 88' lang='lat' dir='ltr'><strong>putant,</strong></span> 
     </span>
    </p>
   </div>
   <div class='ocr_carea' id='block_1_32' title="bbox 2132 987 3709 1061">
    <p class='ocr_par' dir='ltr' id='par_1_32' title="bbox 2132 987 3709 1061">
     <span class='ocr_line' id='line_1_32' title="bbox 2132 987 3709 1061; baseline 0.003 -20"><span class='ocrx_word' id='word_1_216' title='bbox 2132 987 2317 1049; x_wconf 90' lang='lat' dir='ltr'><strong>corde,</strong></span> <span class='ocrx_word' id='word_1_217' title='bbox 2367 995 2428 1040; x_wconf 93' lang='lat' dir='ltr'><strong>ut</strong></span> <span class='ocrx_word' id='word_1_218' title='bbox 2461 988 2574 1049; x_wconf 90' lang='lat' dir='ltr'><strong>alii,</strong></span> <span class='ocrx_word' id='word_1_219' title='bbox 2617 988 2830 1059; x_wconf 85' lang='lat' dir='ltr'><strong>hepate.</strong></span> <span class='ocrx_word' id='word_1_220' title='bbox 2871 1009 2888 1040; x_wconf 83' lang='grc'>›</span> <span class='ocrx_word' id='word_1_221' title='bbox 2931 989 3030 1044; x_wconf 84' lang='lat' dir='ltr'><strong>Hic</strong></span> <span class='ocrx_word' id='word_1_222' title='bbox 3073 1007 3270 1061; x_wconf 86' lang='lat' dir='ltr'><strong>nempe</strong></span> <span class='ocrx_word' id='word_1_223' title='bbox 3299 991 3526 1045; x_wconf 87' lang='lat' dir='ltr'><strong>omnino</strong></span> <span class='ocrx_word' id='word_1_224' title='bbox 3579 993 3709 1046; x_wconf 87' lang='lat' dir='ltr'><strong>dra-</strong></span> 
     </span>
    </p>
   </div>
   <div class='ocr_carea' id='block_1_33' title="bbox 2131 1077 3709 1152">
    <p class='ocr_par' dir='ltr' id='par_1_33' title="bbox 2131 1077 3709 1152">
     <span class='ocr_line' id='line_1_33' title="bbox 2131 1077 3709 1152; baseline 0.004 -22"><span class='ocrx_word' id='word_1_225' title='bbox 2131 1092 2353 1138; x_wconf 78' lang='lat' dir='ltr'><strong>conum,</strong></span> <span class='ocrx_word' id='word_1_226' title='bbox 2395 1077 2510 1132; x_wconf 85' lang='lat' dir='ltr'><strong>sive</strong></span> <span class='ocrx_word' id='word_1_227' title='bbox 2534 1093 2648 1140; x_wconf 87' lang='lat' dir='ltr'><strong>cor,</strong></span> <span class='ocrx_word' id='word_1_228' title='bbox 2677 1079 2789 1133; x_wconf 81' lang='lat' dir='ltr'><strong>sive</strong></span> <span class='ocrx_word' id='word_1_229' title='bbox 2813 1079 2980 1148; x_wconf 88' lang='lat' dir='ltr'><strong>hepar</strong></span> <span class='ocrx_word' id='word_1_230' title='bbox 3002 1079 3425 1152; x_wconf 80' lang='lat' dir='ltr'><strong>Pythagoricum</strong></span> <span class='ocrx_word' id='word_1_231' title='bbox 3471 1083 3646 1148; x_wconf 91' lang='lat' dir='ltr'><strong>illum,</strong></span> <span class='ocrx_word' id='word_1_232' title='bbox 3675 1097 3709 1136; x_wconf 91' lang='lat' dir='ltr'><strong>a</strong></span> 
     </span>
    </p>
   </div>
   <div class='ocr_carea' id='block_1_34' title="bbox 2133 1167 3705 1243">
    <p class='ocr_par' dir='ltr' id='par_1_34' title="bbox 2133 1167 3705 1243">
     <span class='ocr_line' id='line_1_34' title="bbox 2133 1167 3705 1243; baseline 0.004 -23"><span class='ocrx_word' id='word_1_233' title='bbox 2133 1169 2280 1220; x_wconf 87' lang='lat' dir='ltr'><strong>victu</strong></span> <span class='ocrx_word' id='word_1_234' title='bbox 2306 1167 2688 1222; x_wconf 79' lang='lat' dir='ltr'><strong>abhorrentem</strong></span> <span class='ocrx_word' id='word_1_235' title='bbox 2731 1170 3114 1233; x_wconf 88' lang='lat' dir='ltr'><strong>animantium,</strong></span> <span class='ocrx_word' id='word_1_236' title='bbox 3150 1180 3203 1226; x_wconf 91' lang='lat' dir='ltr'><strong>et</strong></span> <span class='ocrx_word' id='word_1_237' title='bbox 3242 1189 3311 1227; x_wconf 92' lang='lat' dir='ltr'><strong>ne</strong></span> <span class='ocrx_word' id='word_1_238' title='bbox 3341 1173 3449 1226; x_wconf 81' lang='lat' dir='ltr'><strong>(liis</strong></span> <span class='ocrx_word' id='word_1_239' title='bbox 3479 1173 3705 1243; x_wconf 86' lang='lat' dir='ltr'><strong>quidem</strong></span> 
     </span>
    </p>
   </div>
   <div class='ocr_carea' id='block_1_35' title="bbox 2131 1262 3710 1331">
    <p class='ocr_par' dir='ltr' id='par_1_35' title="bbox 2131 1262 3710 1331">
     <span class='ocr_line' id='line_1_35' title="bbox 2131 1262 3710 1331; baseline 0.002 -15"><span class='ocrx_word' id='word_1_240' title='bbox 2131 1263 2397 1331; x_wconf 82' lang='lat' dir='ltr'><strong>sanguine</strong></span> <span class='ocrx_word' id='word_1_241' title='bbox 2427 1278 2540 1315; x_wconf 88' lang='lat' dir='ltr'><strong>rem</strong></span> <span class='ocrx_word' id='word_1_242' title='bbox 2609 1277 2821 1316; x_wconf 86' lang='lat' dir='ltr'><strong>sacram</strong></span> <span class='ocrx_word' id='word_1_243' title='bbox 2867 1262 3047 1318; x_wconf 84' lang='lat' dir='ltr'><strong>facere</strong></span> <span class='ocrx_word' id='word_1_244' title='bbox 3082 1266 3466 1330; x_wconf 84' lang='lat' dir='ltr'><strong>sustinentem,</strong></span> <span class='ocrx_word' id='word_1_245' title='bbox 3500 1267 3710 1322; x_wconf 88' lang='lat' dir='ltr'><strong>verosi-</strong></span> 
     </span>
    </p>
   </div>
   <div class='ocr_carea' id='block_1_36' title="bbox 2132 1353 3709 1429">
    <p class='ocr_par' dir='ltr' id='par_1_36' title="bbox 2132 1353 3709 1429">
     <span class='ocr_line' id='line_1_36' title="bbox 2132 1353 3709 1429; baseline 0.004 -23"><span class='ocrx_word' id='word_1_246' title='bbox 2132 1356 2259 1410; x_wconf 89' lang='lat' dir='ltr'><strong>mile</strong></span> <span class='ocrx_word' id='word_1_247' title='bbox 2291 1363 2375 1410; x_wconf 90' lang='lat' dir='ltr'><strong>est</strong></span> <span class='ocrx_word' id='word_1_248' title='bbox 2402 1353 2730 1416; x_wconf 88' lang='lat' dir='ltr'><strong>comedisse,</strong></span> <span class='ocrx_word' id='word_1_249' title='bbox 2764 1370 2871 1423; x_wconf 88' lang='lat' dir='ltr'><strong>quo</strong></span> <span class='ocrx_word' id='word_1_250' title='bbox 2901 1357 3186 1411; x_wconf 88' lang='lat' dir='ltr'><strong>scilicetin</strong></span> <span class='ocrx_word' id='word_1_251' title='bbox 3223 1359 3504 1428; x_wconf 75' lang='lat' dir='ltr'><strong>sapientia:</strong></span> <span class='ocrx_word' id='word_1_252' title='bbox 3529 1360 3709 1429; x_wconf 88' lang='lat' dir='ltr'><strong>gentis</strong></span> 
     </span>
    </p>
   </div>
   <div class='ocr_carea' id='block_1_37' title="bbox 2132 1441 3709 1519">
    <p class='ocr_par' dir='ltr' id='par_1_37' title="bbox 2132 1441 3709 1519">
     <span class='ocr_line' id='line_1_37' title="bbox 2132 1441 3709 1519; baseline 0.006 -24"><span class='ocrx_word' id='word_1_253' title='bbox 2132 1441 2290 1498; x_wconf 89' lang='lat' dir='ltr'><strong>istius</strong></span> <span class='ocrx_word' id='word_1_254' title='bbox 2327 1453 2510 1513; x_wconf 88' lang='lat' dir='ltr'><strong>partes</strong></span> <span class='ocrx_word' id='word_1_255' title='bbox 2551 1444 2666 1513; x_wconf 90' lang='lat' dir='ltr'><strong>ipse</strong></span> <span class='ocrx_word' id='word_1_256' title='bbox 2697 1459 2912 1513; x_wconf 90' lang='lat' dir='ltr'><strong>quoque</strong></span> <span class='ocrx_word' id='word_1_257' title='bbox 2947 1447 3177 1501; x_wconf 78' lang='lat' dir='ltr'><strong>veniret.</strong></span> <span class='ocrx_word' id='word_1_258' title='bbox 3215 1447 3373 1517; x_wconf 86' lang='lat' dir='ltr'><strong>Apud</strong></span> <span class='ocrx_word' id='word_1_259' title='bbox 3412 1451 3709 1519; x_wconf 81' lang='lat' dir='ltr'><strong>magistros</strong></span> 
     </span>
    </p>
   </div>
   <div class='ocr_carea' id='block_1_38' title="bbox 2129 1535 3710 1610">
    <p class='ocr_par' dir='ltr' id='par_1_38' title="bbox 2129 1535 3710 1610">
     <span class='ocr_line' id='line_1_38' title="bbox 2129 1535 3710 1610; baseline 0.005 -22"><span class='ocrx_word' id='word_1_260' title='bbox 2129 1535 2273 1588; x_wconf 88' lang='lat' dir='ltr'><strong>enim</strong></span> <span class='ocrx_word' id='word_1_261' title='bbox 2316 1535 2608 1604; x_wconf 81' lang='lat' dir='ltr'><strong>ejusmodi,</strong></span> <span class='ocrx_word' id='word_1_262' title='bbox 2651 1550 2758 1604; x_wconf 90' lang='lat' dir='ltr'><strong>qua</strong></span> <span class='ocrx_word' id='word_1_263' title='bbox 2803 1535 2906 1588; x_wconf 90' lang='lat' dir='ltr'><strong>alia</strong></span> <span class='ocrx_word' id='word_1_264' title='bbox 2941 1538 3172 1598; x_wconf 82' lang='lat' dir='ltr'><strong>ratione,</strong></span> <span class='ocrx_word' id='word_1_265' title='bbox 3220 1539 3322 1592; x_wconf 92' lang='lat' dir='ltr'><strong>nisi</strong></span> <span class='ocrx_word' id='word_1_266' title='bbox 3369 1540 3554 1595; x_wconf 89' lang='lat' dir='ltr'><strong>eadem</strong></span> <span class='ocrx_word' id='word_1_267' title='bbox 3589 1555 3710 1610; x_wconf 69' lang='lat' dir='ltr'><strong>qua)</strong></span> 
     </span>
    </p>
   </div>
   <div class='ocr_carea' id='block_1_39' title="bbox 2131 1626 3708 1702">
    <p class='ocr_par' dir='ltr' id='par_1_39' title="bbox 2131 1626 3708 1702">
     <span class='ocr_line' id='line_1_39' title="bbox 2131 1626 3708 1702; baseline 0.006 -24"><span class='ocrx_word' id='word_1_268' title='bbox 2131 1636 2488 1696; x_wconf 66' lang='lat' dir='ltr'><strong>praeceptores</strong></span> <span class='ocrx_word' id='word_1_269' title='bbox 2540 1626 2838 1695; x_wconf 87' lang='lat' dir='ltr'><strong>sequendo,</strong></span> <span class='ocrx_word' id='word_1_270' title='bbox 2890 1627 2944 1681; x_wconf 89' lang='lat' dir='ltr'><strong>iu</strong></span> <span class='ocrx_word' id='word_1_271' title='bbox 2997 1629 3250 1683; x_wconf 89' lang='lat' dir='ltr'><strong>instituto</strong></span> <span class='ocrx_word' id='word_1_272' title='bbox 3295 1646 3396 1684; x_wconf 88' lang='lat' dir='ltr'><strong>suo</strong></span> <span class='ocrx_word' id='word_1_273' title='bbox 3440 1633 3708 1702; x_wconf 80' lang='lat' dir='ltr'><strong>prolicere</strong></span> 
     </span>
    </p>
   </div>
   <div class='ocr_carea' id='block_1_40' title="bbox 2130 1718 3705 1795">
    <p class='ocr_par' dir='ltr' id='par_1_40' title="bbox 2130 1718 3705 1795">
     <span class='ocr_line' id='line_1_40' title="bbox 2130 1718 3705 1795; baseline 0.003 -24"><span class='ocrx_word' id='word_1_274' title='bbox 2130 1719 2432 1795; x_wconf 85' lang='lat' dir='ltr'><strong>potuisset?</strong></span> <span class='ocrx_word' id='word_1_275' title='bbox 2475 1718 2747 1775; x_wconf 90' lang='lat' dir='ltr'><strong>Tenemus</strong></span> <span class='ocrx_word' id='word_1_276' title='bbox 2781 1721 2944 1790; x_wconf 84' lang='lat' dir='ltr'><strong>igitur</strong></span> <span class='ocrx_word' id='word_1_277' title='bbox 2973 1723 3114 1777; x_wconf 88' lang='lat' dir='ltr'><strong>inter</strong></span> <span class='ocrx_word' id='word_1_278' title='bbox 3155 1723 3431 1793; x_wconf 88' lang='lat' dir='ltr'><strong>Apollonii</strong></span> <span class='ocrx_word' id='word_1_279' title='bbox 3466 1739 3705 1793; x_wconf 82' lang='lat' dir='ltr'><strong>praecep-</strong></span> 
     </span>
    </p>
   </div>
   <div class='ocr_carea' id='block_1_41' title="bbox 2131 1813 3707 1882">
    <p class='ocr_par' dir='ltr' id='par_1_41' title="bbox 2131 1813 3707 1882">
     <span class='ocr_line' id='line_1_41' title="bbox 2131 1813 3707 1882; baseline 0.003 -19"><span class='ocrx_word' id='word_1_280' title='bbox 2131 1818 2298 1875; x_wconf 88' lang='lat' dir='ltr'><strong>tores,</strong></span> <span class='ocrx_word' id='word_1_281' title='bbox 2337 1827 2569 1880; x_wconf 91' lang='lat' dir='ltr'><strong>quorum</strong></span> <span class='ocrx_word' id='word_1_282' title='bbox 2606 1813 2915 1882; x_wconf 88' lang='lat' dir='ltr'><strong>catalogum</strong></span> <span class='ocrx_word' id='word_1_283' title='bbox 2956 1814 3229 1881; x_wconf 85' lang='lat' dir='ltr'><strong>dedimus,</strong></span> <span class='ocrx_word' id='word_1_284' title='bbox 3269 1815 3510 1869; x_wconf 80' lang='lat' dir='ltr'><strong>Arabum</strong></span> <span class='ocrx_word' id='word_1_285' title='bbox 3539 1816 3707 1869; x_wconf 89' lang='lat' dir='ltr'><strong>etiam</strong></span> 
     </span>
    </p>
   </div>
   <div class='ocr_carea' id='block_1_42' title="bbox 2133 1903 3710 1976">
    <p class='ocr_par' dir='ltr' id='par_1_42' title="bbox 2133 1903 3710 1976">
     <span class='ocr_line' id='line_1_42' title="bbox 2133 1903 3710 1976; baseline 0.002 -18"><span class='ocrx_word' id='word_1_286' title='bbox 2133 1904 2430 1973; x_wconf 86' lang='lat' dir='ltr'><strong>sapientes,</strong></span> <span class='ocrx_word' id='word_1_287' title='bbox 2460 1903 2596 1959; x_wconf 88' lang='lat' dir='ltr'><strong>artis</strong></span> <span class='ocrx_word' id='word_1_288' title='bbox 2629 1906 2926 1974; x_wconf 84' lang='lat' dir='ltr'><strong>auguralis,</strong></span> <span class='ocrx_word' id='word_1_289' title='bbox 2961 1922 3068 1976; x_wconf 90' lang='lat' dir='ltr'><strong>qua</strong></span> <span class='ocrx_word' id='word_1_290' title='bbox 3094 1908 3210 1976; x_wconf 90' lang='lat' dir='ltr'><strong>ipse</strong></span> <span class='ocrx_word' id='word_1_291' title='bbox 3256 1909 3575 1976; x_wconf 65' lang='lat' dir='ltr'><strong>prmstahat,</strong></span> <span class='ocrx_word' id='word_1_292' title='bbox 3609 1905 3710 1961; x_wconf 77' lang='lat' dir='ltr'><strong>dc-</strong></span> 
     </span>
    </p>
   </div>
   <div class='ocr_carea' id='block_1_43' title="bbox 2129 1995 3707 2070">
    <p class='ocr_par' dir='ltr' id='par_1_43' title="bbox 2129 1995 3707 2070">
     <span class='ocr_line' id='line_1_43' title="bbox 2129 1995 3707 2070; baseline 0.004 -22"><span class='ocrx_word' id='word_1_293' title='bbox 2129 2002 2310 2050; x_wconf 89' lang='lat' dir='ltr'><strong>ctores</strong></span> <span class='ocrx_word' id='word_1_294' title='bbox 2337 2011 2352 2046; x_wconf 88' lang='lat'><strong><em>:</em></strong></span> <span class='ocrx_word' id='word_1_295' title='bbox 2384 1995 2565 2065; x_wconf 90' lang='lat' dir='ltr'><strong>cujus,</strong></span> <span class='ocrx_word' id='word_1_296' title='bbox 2599 2008 2658 2050; x_wconf 92' lang='lat' dir='ltr'><strong>ut</strong></span> <span class='ocrx_word' id='word_1_297' title='bbox 2679 1998 2988 2052; x_wconf 89' lang='lat' dir='ltr'><strong>verosimile</strong></span> <span class='ocrx_word' id='word_1_298' title='bbox 3013 2006 3117 2060; x_wconf 86' lang='lat' dir='ltr'><strong>est,</strong></span> <span class='ocrx_word' id='word_1_299' title='bbox 3149 1999 3486 2066; x_wconf 78' lang='lat' dir='ltr'><strong>adiumento,</strong></span> <span class='ocrx_word' id='word_1_300' title='bbox 3518 2008 3707 2070; x_wconf 70' lang='lat' dir='ltr'><strong>postea</strong></span> 
     </span>
    </p>
   </div>
   <div class='ocr_carea' id='block_1_44' title="bbox 2129 2088 3708 2159">
    <p class='ocr_par' dir='ltr' id='par_1_44' title="bbox 2129 2088 3708 2159">
     <span class='ocr_line' id='line_1_44' title="bbox 2129 2088 3708 2159; baseline 0.003 -17"><span class='ocrx_word' id='word_1_301' title='bbox 2129 2088 2422 2159; x_wconf 86' lang='lat' dir='ltr'><strong>aliquando</strong></span> <span class='ocrx_word' id='word_1_302' title='bbox 2453 2088 2520 2142; x_wconf 92' lang='lat' dir='ltr'><strong>de</strong></span> <span class='ocrx_word' id='word_1_303' title='bbox 2543 2091 2948 2158; x_wconf 73' lang='lat' dir='ltr'><strong>passerculo“,</strong></span> <span class='ocrx_word' id='word_1_304' title='bbox 2980 2089 3112 2159; x_wconf 89' lang='lat' dir='ltr'><strong>quid</strong></span> <span class='ocrx_word' id='word_1_305' title='bbox 3134 2090 3241 2145; x_wconf 88' lang='lat' dir='ltr'><strong>sibi</strong></span> <span class='ocrx_word' id='word_1_306' title='bbox 3279 2092 3430 2154; x_wconf 86' lang='lat' dir='ltr'><strong>velit,</strong></span> <span class='ocrx_word' id='word_1_307' title='bbox 3465 2091 3593 2145; x_wconf 87' lang='lat' dir='ltr'><strong>dum</strong></span> <span class='ocrx_word' id='word_1_308' title='bbox 3617 2108 3708 2146; x_wconf 80' lang='lat' dir='ltr'><strong>so-</strong></span> 
     </span>
    </p>
   </div>
   <div class='ocr_carea' id='block_1_45' title="bbox 2129 2181 3707 2250">
    <p class='ocr_par' dir='ltr' id='par_1_45' title="bbox 2129 2181 3707 2250">
     <span class='ocr_line' id='line_1_45' title="bbox 2129 2181 3707 2250; baseline 0.001 -15"><span class='ocrx_word' id='word_1_309' title='bbox 2129 2181 2244 2236; x_wconf 91' lang='lat' dir='ltr'><strong>cios</strong></span> <span class='ocrx_word' id='word_1_310' title='bbox 2283 2181 2350 2234; x_wconf 91' lang='lat' dir='ltr'><strong>ad</strong></span> <span class='ocrx_word' id='word_1_311' title='bbox 2381 2187 2597 2250; x_wconf 86' lang='lat' dir='ltr'><strong>pastum</strong></span> <span class='ocrx_word' id='word_1_312' title='bbox 2630 2181 2908 2246; x_wconf 87' lang='lat' dir='ltr'><strong>invitaret,</strong></span> <span class='ocrx_word' id='word_1_313' title='bbox 2940 2182 3296 2244; x_wconf 82' lang='lat' dir='ltr'><strong>vaticinatus,</strong></span> <span class='ocrx_word' id='word_1_314' title='bbox 3325 2197 3440 2236; x_wconf 88' lang='lat' dir='ltr'><strong>rem</strong></span> <span class='ocrx_word' id='word_1_315' title='bbox 3470 2184 3707 2237; x_wconf 69' lang='lat' dir='ltr'><strong>maxime</strong></span> 
     </span>
    </p>
   </div>
   <div class='ocr_carea' id='block_1_46' title="bbox 2130 2273 3702 2343">
    <p class='ocr_par' dir='ltr' id='par_1_46' title="bbox 2130 2273 3702 2343">
     <span class='ocr_line' id='line_1_46' title="bbox 2130 2273 3702 2343; baseline 0.001 -17"><span class='ocrx_word' id='word_1_316' title='bbox 2130 2273 2436 2326; x_wconf 88' lang='lat' dir='ltr'><strong>mirandam</strong></span> <span class='ocrx_word' id='word_1_317' title='bbox 2472 2281 2731 2342; x_wconf 83' lang='lat' dir='ltr'><strong>praestare</strong></span> <span class='ocrx_word' id='word_1_318' title='bbox 2755 2275 3115 2343; x_wconf 79' lang='lat' dir='ltr'><strong>praesentibus</strong></span> <span class='ocrx_word' id='word_1_319' title='bbox 3140 2275 3396 2328; x_wconf 89' lang='lat' dir='ltr'><strong>omnibus</strong></span> <span class='ocrx_word' id='word_1_320' title='bbox 3420 2282 3502 2328; x_wconf 88' lang='lat' dir='ltr'><strong>est</strong></span> <span class='ocrx_word' id='word_1_321' title='bbox 3524 2289 3702 2329; x_wconf 81' lang='lat' dir='ltr'><strong>visus.</strong></span> 
     </span>
    </p>
   </div>
   <div class='ocr_carea' id='block_1_47' title="bbox 2133 2364 3709 2432">
    <p class='ocr_par' dir='ltr' id='par_1_47' title="bbox 2133 2364 3709 2432">
     <span class='ocr_line' id='line_1_47' title="bbox 2133 2364 3709 2432; baseline 0.001 -12"><span class='ocrx_word' id='word_1_322' title='bbox 2133 2364 2418 2430; x_wconf 90' lang='lat' dir='ltr'><strong>Similiter,</strong></span> <span class='ocrx_word' id='word_1_323' title='bbox 2453 2382 2650 2422; x_wconf 71' lang='lat' dir='ltr'><strong>cazsam</strong></span> <span class='ocrx_word' id='word_1_324' title='bbox 2683 2369 2844 2422; x_wconf 90' lang='lat' dir='ltr'><strong>modo</strong></span> <span class='ocrx_word' id='word_1_325' title='bbox 2873 2369 3122 2432; x_wconf 72' lang='lat' dir='ltr'><strong>lezcnam,</strong></span> <span class='ocrx_word' id='word_1_326' title='bbox 3152 2384 3261 2422; x_wconf 92' lang='lat' dir='ltr'><strong>una</strong></span> <span class='ocrx_word' id='word_1_327' title='bbox 3301 2384 3429 2422; x_wconf 91' lang='lat' dir='ltr'><strong>cum</strong></span> <span class='ocrx_word' id='word_1_328' title='bbox 3456 2377 3582 2422; x_wconf 89' lang='lat' dir='ltr'><strong>octo</strong></span> <span class='ocrx_word' id='word_1_329' title='bbox 3614 2383 3709 2422; x_wconf 77' lang='lat' dir='ltr'><strong>ca-</strong></span> 
     </span>
    </p>
   </div>
   <div class='ocr_carea' id='block_1_48' title="bbox 454 2461 3710 2536">
    <p class='ocr_par' dir='ltr' id='par_1_48' title="bbox 454 2461 3710 2536">
     <span class='ocr_line' id='line_1_48' title="bbox 454 2461 3710 2536; baseline -0.001 -18"><span class='ocrx_word' id='word_1_330' title='bbox 454 2468 603 2531; x_wconf 90' lang='lat' dir='ltr'><strong>tulis,</strong></span> <span class='ocrx_word' id='word_1_331' title='bbox 637 2467 692 2520; x_wconf 93' lang='lat' dir='ltr'><strong>in</strong></span> <span class='ocrx_word' id='word_1_332' title='bbox 733 2468 925 2521; x_wconf 87' lang='lat' dir='ltr'><strong>itinere</strong></span> <span class='ocrx_word' id='word_1_333' title='bbox 956 2482 1051 2536; x_wconf 90' lang='lat' dir='ltr'><strong>per</strong></span> <span class='ocrx_word' id='word_1_334' title='bbox 1092 2466 1376 2536; x_wconf 89' lang='lat' dir='ltr'><strong>Assyriam</strong></span> <span class='ocrx_word' id='word_1_335' title='bbox 1427 2463 1812 2533; x_wconf 81' lang='lat' dir='ltr'><strong>conspicatus,</strong></span> <span class='ocrx_word' id='word_1_336' title='bbox 1848 2461 2017 2528; x_wconf 86' lang='lat' dir='ltr'><strong>illico,</strong></span> <span class='ocrx_word' id='word_1_337' title='bbox 2057 2477 2126 2518; x_wconf 76' lang='lat' dir='ltr'><strong>ex</strong></span> <span class='ocrx_word' id='word_1_338' title='bbox 2160 2465 2265 2519; x_wconf 89' lang='lat' dir='ltr'><strong>isto</strong></span> <span class='ocrx_word' id='word_1_339' title='bbox 2289 2463 2659 2532; x_wconf 86' lang='lat' dir='ltr'><strong>conjecturam</strong></span> <span class='ocrx_word' id='word_1_340' title='bbox 2721 2463 2930 2519; x_wconf 81' lang='lat' dir='ltr'><strong>faciens</strong></span> <span class='ocrx_word' id='word_1_341' title='bbox 2956 2464 2997 2495; x_wconf 80' lang='lat'><strong>”‘</strong></span> <span class='ocrx_word' id='word_1_342' title='bbox 3037 2463 3391 2528; x_wconf 87' lang='lat' dir='ltr'><strong>documento,</strong></span> <span class='ocrx_word' id='word_1_343' title='bbox 3446 2461 3710 2516; x_wconf 73' lang='lat' dir='ltr'><strong>faciendae</strong></span> 
     </span>
    </p>
   </div>
   <div class='ocr_carea' id='block_1_49' title="bbox 453 2560 1690 2632">
    <p class='ocr_par' dir='ltr' id='par_1_49' title="bbox 453 2560 1690 2632">
     <span class='ocr_line' id='line_1_49' title="bbox 453 2560 1690 2632; baseline -0.002 -15"><span class='ocrx_word' id='word_1_344' title='bbox 453 2562 556 2617; x_wconf 79' lang='lat' dir='ltr'><strong>sibi</strong></span> <span class='ocrx_word' id='word_1_345' title='bbox 583 2562 723 2632; x_wconf 86' lang='lat' dir='ltr'><strong>apud</strong></span> <span class='ocrx_word' id='word_1_346' title='bbox 753 2560 947 2617; x_wconf 84' lang='lat' dir='ltr'><strong>Persas</strong></span> <span class='ocrx_word' id='word_1_347' title='bbox 979 2575 1143 2616; x_wconf 72' lang='lat' dir='ltr'><strong>morm</strong></span> <span class='ocrx_word' id='word_1_348' title='bbox 1171 2571 1384 2631; x_wconf 84' lang='lat' dir='ltr'><strong>tempus</strong></span> <span class='ocrx_word' id='word_1_349' title='bbox 1416 2561 1690 2631; x_wconf 73' lang='lat' dir='ltr'><strong>praedixit.</strong></span> 
     </span>
    </p>
   </div>
   <div class='ocr_carea' id='block_1_50' title="bbox 970 2682 1510 2737">
    <p class='ocr_par' dir='ltr' id='par_1_50' title="bbox 970 2682 1510 2737">
     <span class='ocr_line' id='line_1_50' title="bbox 970 2682 1510 2737; baseline -0.004 -1"><span class='ocrx_word' id='word_1_350' title='bbox 970 2682 1366 2737; x_wconf 79' lang='grc' dir='ltr'><strong>ΚΕΦΑΛΑῘΟΝ</strong></span> <span class='ocrx_word' id='word_1_351' title='bbox 1408 2683 1510 2735; x_wconf 84' lang='lat' dir='ltr'><strong>IA&#39;.</strong></span> 
     </span>
    </p>
   </div>
   <div class='ocr_carea' id='block_1_51' title="bbox 535 2774 2028 2847">
    <p class='ocr_par' dir='ltr' id='par_1_51' title="bbox 535 2774 2028 2847">
     <span class='ocr_line' id='line_1_51' title="bbox 535 2774 2028 2847; baseline -0.001 -19"><span class='ocrx_word' id='word_1_352' title='bbox 535 2775 822 2829; x_wconf 81' lang='grc' dir='ltr'>Ἀκόλουθα</span> <span class='ocrx_word' id='word_1_353' title='bbox 873 2776 930 2829; x_wconf 81' lang='grc' dir='ltr'>δὲ</span> <span class='ocrx_word' id='word_1_354' title='bbox 973 2778 1038 2846; x_wconf 85' lang='grc' dir='ltr'>τῇ</span> <span class='ocrx_word' id='word_1_355' title='bbox 1101 2775 1251 2847; x_wconf 86' lang='grc' dir='ltr'><strong>παρά</strong></span> <span class='ocrx_word' id='word_1_356' title='bbox 1295 2779 1406 2837; x_wconf 79' lang='grc' dir='ltr'>τοῖς</span> <span class='ocrx_word' id='word_1_357' title='bbox 1459 2774 1734 2845; x_wconf 86' lang='grc' dir='ltr'>Ἀραϐίοις</span> <span class='ocrx_word' id='word_1_358' title='bbox 1787 2774 2028 2845; x_wconf 83' lang='grc' dir='ltr'>φοιτήσει</span> 
     </span>
    </p>
   </div>
   <div class='ocr_carea' id='block_1_52' title="bbox 453 2867 2032 2940">
    <p class='ocr_par' dir='ltr' id='par_1_52' title="bbox 453 2867 2032 2940">
     <span class='ocr_line' id='line_1_52' title="bbox 453 2867 2032 2940; baseline -0.001 -19"><span class='ocrx_word' id='word_1_359' title='bbox 453 2869 722 2940; x_wconf 79' lang='grc' dir='ltr'>ἐγχειρεῖν</span> <span class='ocrx_word' id='word_1_360' title='bbox 753 2869 914 2922; x_wconf 79' lang='grc' dir='ltr'>αὐτὸν</span> <span class='ocrx_word' id='word_1_361' title='bbox 945 2870 1038 2922; x_wconf 72' lang='grc' dir='ltr'>καὶ</span> <span class='ocrx_word' id='word_1_362' title='bbox 1072 2867 1224 2940; x_wconf 75' lang='grc' dir='ltr'>παρὰ</span> <span class='ocrx_word' id='word_1_363' title='bbox 1257 2869 1495 2939; x_wconf 83' lang='grc' dir='ltr'>Πέρσαις</span> <span class='ocrx_word' id='word_1_364' title='bbox 1533 2869 1560 2920; x_wconf 81' lang='grc' dir='ltr'>ὁ</span> <span class='ocrx_word' id='word_1_365' title='bbox 1593 2867 1756 2932; x_wconf 78' lang='grc' dir='ltr'>αὐτὸς</span> <span class='ocrx_word' id='word_1_366' title='bbox 1791 2867 2032 2938; x_wconf 84' lang='grc' dir='ltr'>ξυγγρα-</span> 
     </span>
    </p>
   </div>
   <div class='ocr_carea' id='block_1_53' title="bbox 455 2957 2027 3030">
    <p class='ocr_par' dir='ltr' id='par_1_53' title="bbox 455 2957 2027 3030">
     <span class='ocr_line' id='line_1_53' title="bbox 455 2957 2027 3030; baseline 0 -20"><span class='ocrx_word' id='word_1_367' title='bbox 455 2957 588 3028; x_wconf 73' lang='grc' dir='ltr'>φεὺς</span> <span class='ocrx_word' id='word_1_368' title='bbox 622 2961 839 3030; x_wconf 79' lang='grc' dir='ltr'>ἱστορεῖ.</span> <span class='ocrx_word' id='word_1_369' title='bbox 873 2958 962 3030; x_wconf 82' lang='grc' dir='ltr'><strong>Τῷ</strong></span> <span class='ocrx_word' id='word_1_370' title='bbox 991 2957 1100 3028; x_wconf 85' lang='grc' dir='ltr'><strong>γάρ</strong></span> <span class='ocrx_word' id='word_1_371' title='bbox 1124 2977 1205 3012; x_wconf 88' lang='grc' dir='ltr'><strong>τοι</strong></span> <span class='ocrx_word' id='word_1_372' title='bbox 1245 2959 1458 3028; x_wconf 85' lang='grc' dir='ltr'>Δάμιδι,</span> <span class='ocrx_word' id='word_1_373' title='bbox 1488 2958 1546 3022; x_wconf 85' lang='grc' dir='ltr'>ὃς</span> <span class='ocrx_word' id='word_1_374' title='bbox 1574 2958 1731 3029; x_wconf 84' lang='grc' dir='ltr'>μόνος</span> <span class='ocrx_word' id='word_1_375' title='bbox 1771 2959 2027 3029; x_wconf 79' lang='grc' dir='ltr'>φοιτητὴς</span> 
     </span>
    </p>
   </div>
   <div class='ocr_carea' id='block_1_54' title="bbox 451 3043 2026 3123">
    <p class='ocr_par' dir='ltr' id='par_1_54' title="bbox 451 3043 2026 3123">
     <span class='ocr_line' id='line_1_54' title="bbox 451 3043 2026 3123; baseline 0.001 -23"><span class='ocrx_word' id='word_1_376' title='bbox 451 3043 520 3120; x_wconf 81' lang='grc' dir='ltr'>ἧν</span> <span class='ocrx_word' id='word_1_377' title='bbox 547 3047 693 3118; x_wconf 81' lang='grc' dir='ltr'>αὐτῷ</span> <span class='ocrx_word' id='word_1_378' title='bbox 733 3049 826 3102; x_wconf 58' lang='grc' dir='ltr'><strong>κα)⁹</strong></span> <span class='ocrx_word' id='word_1_379' title='bbox 872 3051 1106 3122; x_wconf 77' lang='grc' dir='ltr'>ἑταῖρος,</span> <span class='ocrx_word' id='word_1_380' title='bbox 1137 3050 1521 3120; x_wconf 84' lang='grc' dir='ltr'>ἀπαγορεύσας</span> <span class='ocrx_word' id='word_1_381' title='bbox 1558 3050 1670 3123; x_wconf 82' lang='grc'>(71)</span> <span class='ocrx_word' id='word_1_382' title='bbox 1719 3049 1868 3122; x_wconf 80' lang='grc' dir='ltr'><strong>παρά</strong></span> <span class='ocrx_word' id='word_1_383' title='bbox 1901 3051 2026 3114; x_wconf 78' lang='grc' dir='ltr'>τοὺς</span> 
     </span>
    </p>
   </div>
   <div class='ocr_carea' id='block_1_55' title="bbox 456 3141 2026 3216">
    <p class='ocr_par' dir='ltr' id='par_1_55' title="bbox 456 3141 2026 3216">
     <span class='ocr_line' id='line_1_55' title="bbox 456 3141 2026 3216; baseline 0 -20"><span class='ocrx_word' id='word_1_384' title='bbox 456 3143 660 3212; x_wconf 85' lang='grc' dir='ltr'>μάγους</span> <span class='ocrx_word' id='word_1_385' title='bbox 697 3142 852 3206; x_wconf 77' lang='grc' dir='ltr'>ξέναι,</span> <span class='ocrx_word' id='word_1_386' title='bbox 880 3142 1036 3213; x_wconf 88' lang='grc' dir='ltr'>μόνος</span> <span class='ocrx_word' id='word_1_387' title='bbox 1059 3143 1240 3208; x_wconf 79' lang='grc' dir='ltr'>αὐτὸς,</span> <span class='ocrx_word' id='word_1_388' title='bbox 1269 3144 1344 3208; x_wconf 80' lang='grc' dir='ltr'>ὡς</span> <span class='ocrx_word' id='word_1_389' title='bbox 1379 3143 1444 3197; x_wconf 88' lang='grc' dir='ltr'>ἂν</span> <span class='ocrx_word' id='word_1_390' title='bbox 1470 3145 1544 3215; x_wconf 85' lang='grc' dir='ltr'>μὴ</span> <span class='ocrx_word' id='word_1_391' title='bbox 1578 3145 1692 3216; x_wconf 84' lang='grc' dir='ltr'>μετ’</span> <span class='ocrx_word' id='word_1_392' title='bbox 1715 3141 2026 3214; x_wconf 78' lang='grc' dir='ltr'>ἀγνώμονος</span> 
     </span>
    </p>
   </div>
   <div class='ocr_carea' id='block_1_56' title="bbox 451 3234 2026 3308">
    <p class='ocr_par' dir='ltr' id='par_1_56' title="bbox 451 3234 2026 3308">
     <span class='ocr_line' id='line_1_56' title="bbox 451 3234 2026 3308; baseline -0.002 -20"><span class='ocrx_word' id='word_1_393' title='bbox 451 3234 649 3307; x_wconf 70' lang='grc' dir='ltr'>δηλαδὴ</span> <span class='ocrx_word' id='word_1_394' title='bbox 681 3237 749 3289; x_wconf 83' lang='grc' dir='ltr'>τὰ</span> <span class='ocrx_word' id='word_1_395' title='bbox 768 3236 867 3306; x_wconf 85' lang='grc' dir='ltr'>τῆς</span> <span class='ocrx_word' id='word_1_396' title='bbox 897 3237 1126 3308; x_wconf 85' lang='grc' dir='ltr'>μαγείας</span> <span class='ocrx_word' id='word_1_397' title='bbox 1157 3236 1448 3307; x_wconf 88' lang='grc' dir='ltr'>μανθάνοι,</span> <span class='ocrx_word' id='word_1_398' title='bbox 1481 3235 1822 3308; x_wconf 84' lang='grc' dir='ltr'>μεσημϐρίας</span> <span class='ocrx_word' id='word_1_399' title='bbox 1842 3253 1922 3298; x_wconf 87' lang='grc' dir='ltr'><strong>τε,</strong></span> <span class='ocrx_word' id='word_1_400' title='bbox 1950 3234 2026 3300; x_wconf 85' lang='grc' dir='ltr'>ὡς</span> 
     </span>
    </p>
   </div>
   <div class='ocr_carea' id='block_1_57' title="bbox 451 3325 2023 3399">
    <p class='ocr_par' dir='ltr' id='par_1_57' title="bbox 451 3325 2023 3399">
     <span class='ocr_line' id='line_1_57' title="bbox 451 3325 2023 3399; baseline -0.001 -19"><span class='ocrx_word' id='word_1_401' title='bbox 451 3328 594 3397; x_wconf 74' lang='grc' dir='ltr'>ἀμφὶ</span> <span class='ocrx_word' id='word_1_402' title='bbox 625 3328 795 3398; x_wconf 82' lang='grc' dir='ltr'>μέσας</span> <span class='ocrx_word' id='word_1_403' title='bbox 822 3327 1042 3391; x_wconf 88' lang='grc' dir='ltr'>νύκτας,</span> <span class='ocrx_word' id='word_1_404' title='bbox 1067 3327 1168 3392; x_wconf 81' lang='grc' dir='ltr'><strong>τὰς</strong></span> <span class='ocrx_word' id='word_1_405' title='bbox 1197 3329 1312 3398; x_wconf 83' lang='grc' dir='ltr'>μετ’</span> <span class='ocrx_word' id='word_1_406' title='bbox 1341 3327 1516 3380; x_wconf 82' lang='grc' dir='ltr'>αὐτῶν</span> <span class='ocrx_word' id='word_1_407' title='bbox 1547 3328 1782 3380; x_wconf 83' lang='grc' dir='ltr'>ἐποιεῖτο</span> <span class='ocrx_word' id='word_1_408' title='bbox 1811 3325 2023 3399; x_wconf 83' lang='grc' dir='ltr'>σχολάς.</span> 
     </span>
    </p>
   </div>
   <div class='ocr_carea' id='block_1_58' title="bbox 456 3414 2026 3487">
    <p class='ocr_par' dir='ltr' id='par_1_58' title="bbox 456 3414 2026 3487">
     <span class='ocr_line' id='line_1_58' title="bbox 456 3414 2026 3487; baseline -0.001 -19"><span class='ocrx_word' id='word_1_409' title='bbox 456 3416 578 3468; x_wconf 85' lang='grc' dir='ltr'>Ἔτι</span> <span class='ocrx_word' id='word_1_410' title='bbox 603 3417 658 3469; x_wconf 84' lang='grc' dir='ltr'>δὲ</span> <span class='ocrx_word' id='word_1_411' title='bbox 687 3416 969 3487; x_wconf 77' lang='grc' dir='ltr'>Οὐαρδάνῃ</span> <span class='ocrx_word' id='word_1_412' title='bbox 1001 3415 1328 3486; x_wconf 82' lang='grc' dir='ltr'>Βαϐυλωνίῳ</span> <span class='ocrx_word' id='word_1_413' title='bbox 1363 3419 1422 3479; x_wconf 79' lang='grc' dir='ltr'><strong>ἐς</strong></span> <span class='ocrx_word' id='word_1_414' title='bbox 1455 3416 1646 3484; x_wconf 89' lang='grc' dir='ltr'>λόγους</span> <span class='ocrx_word' id='word_1_415' title='bbox 1679 3414 1895 3468; x_wconf 82' lang='grc' dir='ltr'>ἐλθόντα</span> <span class='ocrx_word' id='word_1_416' title='bbox 1929 3415 2026 3486; x_wconf 88' lang='grc' dir='ltr'>βα-</span> 
     </span>
    </p>
   </div>
   <div class='ocr_carea' id='block_1_59' title="bbox 456 3501 2028 3579">
    <p class='ocr_par' dir='ltr' id='par_1_59' title="bbox 456 3501 2028 3579">
     <span class='ocr_line' id='line_1_59' title="bbox 456 3501 2028 3579; baseline 0 -20"><span class='ocrx_word' id='word_1_417' title='bbox 456 3506 612 3568; x_wconf 81' lang='grc' dir='ltr'>σιλεῖ,</span> <span class='ocrx_word' id='word_1_418' title='bbox 633 3501 736 3560; x_wconf 83' lang='grc' dir='ltr'><strong>ὧδέ</strong></span> <span class='ocrx_word' id='word_1_419' title='bbox 761 3525 876 3570; x_wconf 87' lang='grc' dir='ltr'><strong>πως</strong></span> <span class='ocrx_word' id='word_1_420' title='bbox 904 3507 1082 3576; x_wconf 88' lang='grc' dir='ltr'>λέγειν</span> <span class='ocrx_word' id='word_1_421' title='bbox 1111 3508 1274 3560; x_wconf 80' lang='grc' dir='ltr'>αὑτὸν</span> <span class='ocrx_word' id='word_1_422' title='bbox 1311 3508 1697 3579; x_wconf 83' lang='grc' dir='ltr'>παρατίθεται·</span> <span class='ocrx_word' id='word_1_423' title='bbox 1731 3525 1749 3556; x_wconf 73' lang='grc' dir='ltr'><strong>ι</strong></span> <span class='ocrx_word' id='word_1_424' title='bbox 1779 3506 1946 3576; x_wconf 81' lang='grc' dir='ltr'>Σοφία</span> <span class='ocrx_word' id='word_1_425' title='bbox 1971 3506 2028 3560; x_wconf 81' lang='grc' dir='ltr'><strong>δέ</strong></span> 
     </span>
    </p>
   </div>
   <div class='ocr_carea' id='block_1_60' title="bbox 381 3598 2030 3670">
    <p class='ocr_par' dir='ltr' id='par_1_60' title="bbox 381 3598 2030 3670">
     <span class='ocr_line' id='line_1_60' title="bbox 381 3598 2030 3670; baseline -0.001 -18"><span class='ocrx_word' id='word_1_426' title='bbox 381 3599 387 3605; x_wconf 85' lang='grc'><em>’</em></span> <span class='ocrx_word' id='word_1_427' title='bbox 456 3615 546 3670; x_wconf 85' lang='grc' dir='ltr'><strong>μοι</strong></span> <span class='ocrx_word' id='word_1_428' title='bbox 598 3599 954 3669; x_wconf 86' lang='grc' dir='ltr'>Πυθαγόρου,</span> <span class='ocrx_word' id='word_1_429' title='bbox 997 3598 1201 3668; x_wconf 87' lang='grc' dir='ltr'>Σαμίου</span> <span class='ocrx_word' id='word_1_430' title='bbox 1267 3599 1491 3669; x_wconf 76' lang='grc' dir='ltr'>ἀνδρὸς,</span> <span class='ocrx_word' id='word_1_431' title='bbox 1553 3599 1612 3662; x_wconf 71' lang='grc' dir='ltr'>ὃς</span> <span class='ocrx_word' id='word_1_432' title='bbox 1665 3598 1820 3662; x_wconf 83' lang='grc' dir='ltr'>θεοὺς</span> <span class='ocrx_word' id='word_1_433' title='bbox 1870 3598 2030 3670; x_wconf 87' lang='grc' dir='ltr'>θερα-</span> 
     </span>
    </p>
   </div>
   <div class='ocr_carea' id='block_1_61' title="bbox 453 3683 2028 3760">
    <p class='ocr_par' dir='ltr' id='par_1_61' title="bbox 453 3683 2028 3760">
     <span class='ocr_line' id='line_1_61' title="bbox 453 3683 2028 3760; baseline -0.001 -18"><span class='ocrx_word' id='word_1_434' title='bbox 453 3687 639 3742; x_wconf 87' lang='grc' dir='ltr'>πεύειν</span> <span class='ocrx_word' id='word_1_435' title='bbox 665 3690 777 3760; x_wconf 74' lang='grc'>(72)</span> <span class='ocrx_word' id='word_1_436' title='bbox 815 3683 920 3743; x_wconf 83' lang='grc' dir='ltr'><strong>ὦδὲ</strong></span> <span class='ocrx_word' id='word_1_437' title='bbox 953 3707 1019 3760; x_wconf 88' lang='grc' dir='ltr'><strong>με</strong></span> <span class='ocrx_word' id='word_1_438' title='bbox 1051 3687 1348 3753; x_wconf 77' lang='grc' dir='ltr'>ἐδιδάξατο,</span> <span class='ocrx_word' id='word_1_439' title='bbox 1374 3687 1450 3750; x_wconf 83' lang='grc' dir='ltr'><strong>ὡς</strong></span> <span class='ocrx_word' id='word_1_440' title='bbox 1474 3689 1586 3756; x_wconf 79' lang='grc'>(75)</span> <span class='ocrx_word' id='word_1_441' title='bbox 1619 3686 1852 3751; x_wconf 83' lang='grc' dir='ltr'>ξυνιέναι</span> <span class='ocrx_word' id='word_1_442' title='bbox 1879 3687 2028 3756; x_wconf 78' lang='grc' dir='ltr'>σφῶν</span> 
     </span>
    </p>
   </div>
   <div class='ocr_carea' id='block_1_62' title="bbox 450 3780 2031 3853">
    <p class='ocr_par' dir='ltr' id='par_1_62' title="bbox 450 3780 2031 3853">
     <span class='ocr_line' id='line_1_62' title="bbox 450 3780 2031 3853; baseline -0.001 -19"><span class='ocrx_word' id='word_1_443' title='bbox 450 3781 744 3853; x_wconf 82' lang='grc' dir='ltr'>δρωμένων</span> <span class='ocrx_word' id='word_1_444' title='bbox 772 3799 833 3835; x_wconf 90' lang='grc' dir='ltr'><strong>τε</strong></span> <span class='ocrx_word' id='word_1_445' title='bbox 879 3783 972 3836; x_wconf 68' lang='grc' dir='ltr'>καὶ</span> <span class='ocrx_word' id='word_1_446' title='bbox 995 3782 1091 3852; x_wconf 78' lang='grc' dir='ltr'>οὐχ</span> <span class='ocrx_word' id='word_1_447' title='bbox 1135 3780 1457 3852; x_wconf 87' lang='grc' dir='ltr'>ὁρωμένων·</span> <span class='ocrx_word' id='word_1_448' title='bbox 1509 3781 1698 3850; x_wconf 81' lang='grc' dir='ltr'>φοιτᾷν</span> <span class='ocrx_word' id='word_1_449' title='bbox 1737 3796 1797 3831; x_wconf 93' lang='grc' dir='ltr'><strong>τε</strong></span> <span class='ocrx_word' id='word_1_450' title='bbox 1825 3781 1882 3844; x_wconf 88' lang='grc' dir='ltr'><strong>ἐς</strong></span> <span class='ocrx_word' id='word_1_451' title='bbox 1916 3781 2031 3833; x_wconf 90' lang='grc' dir='ltr'>δια-</span> 
     </span>
    </p>
   </div>
   <div class='ocr_carea' id='block_1_63' title="bbox 452 3869 2030 3943">
    <p class='ocr_par' dir='ltr' id='par_1_63' title="bbox 452 3869 2030 3943">
     <span class='ocr_line' id='line_1_63' title="bbox 452 3869 2030 3943; baseline 0.003 -21"><span class='ocrx_word' id='word_1_452' title='bbox 452 3870 624 3935; x_wconf 80' lang='grc' dir='ltr'>λέξεις</span> <span class='ocrx_word' id='word_1_453' title='bbox 653 3872 810 3925; x_wconf 86' lang='grc' dir='ltr'>θεῶν.</span> <span class='ocrx_word' id='word_1_454' title='bbox 843 3893 860 3924; x_wconf 75' lang='grc' dir='ltr'><strong>ι</strong></span> <span class='ocrx_word' id='word_1_455' title='bbox 883 3873 978 3936; x_wconf 91' lang='grc' dir='ltr'>Τίς</span> <span class='ocrx_word' id='word_1_456' title='bbox 1009 3872 1053 3925; x_wconf 85' lang='grc' dir='ltr'>δ’</span> <span class='ocrx_word' id='word_1_457' title='bbox 1080 3871 1226 3943; x_wconf 81' lang='grc' dir='ltr'>αὐτῷ</span> <span class='ocrx_word' id='word_1_458' title='bbox 1264 3872 1434 3924; x_wconf 76' lang='grc' dir='ltr'>ταῦτα</span> <span class='ocrx_word' id='word_1_459' title='bbox 1462 3869 1897 3942; x_wconf 82' lang='grc' dir='ltr'>ξυγχωρήσειεν;</span> <span class='ocrx_word' id='word_1_460' title='bbox 1939 3874 2030 3926; x_wconf 84' lang='grc' dir='ltr'>ὅτε</span> 
     </span>
    </p>
   </div>
   <div class='ocr_carea' id='block_1_64' title="bbox 455 3963 2030 4035">
    <p class='ocr_par' dir='ltr' id='par_1_64' title="bbox 455 3963 2030 4035">
     <span class='ocr_line' id='line_1_64' title="bbox 455 3963 2030 4035; baseline 0.004 -21"><span class='ocrx_word' id='word_1_461' title='bbox 455 3963 746 4035; x_wconf 80' lang='grc' dir='ltr'>Πυθαγόρα</span> <span class='ocrx_word' id='word_1_462' title='bbox 806 3964 902 4034; x_wconf 85' lang='grc' dir='ltr'>μὲν</span> <span class='ocrx_word' id='word_1_463' title='bbox 951 3964 1178 4034; x_wconf 82' lang='grc' dir='ltr'>οὐδεμία</span> <span class='ocrx_word' id='word_1_464' title='bbox 1215 3981 1298 4027; x_wconf 81' lang='grc' dir='ltr'><strong>τις</strong></span> <span class='ocrx_word' id='word_1_465' title='bbox 1348 3963 1568 4035; x_wconf 82' lang='grc' dir='ltr'>τοιαύτη</span> <span class='ocrx_word' id='word_1_466' title='bbox 1615 3963 2030 4021; x_wconf 82' lang='grc' dir='ltr'>καταλέλειπται</span> 
     </span>
    </p>
   </div>
   <div class='ocr_carea' id='block_1_65' title="bbox 453 4054 2030 4126">
    <p class='ocr_par' dir='ltr' id='par_1_65' title="bbox 453 4054 2030 4126">
     <span class='ocr_line' id='line_1_65' title="bbox 453 4054 2030 4126; baseline 0.003 -20"><span class='ocrx_word' id='word_1_467' title='bbox 453 4054 658 4124; x_wconf 75' lang='grc' dir='ltr'>γραφὴ,</span> <span class='ocrx_word' id='word_1_468' title='bbox 675 4054 781 4107; x_wconf 78' lang='grc' dir='ltr'>οὐδ’</span> <span class='ocrx_word' id='word_1_469' title='bbox 807 4055 1092 4125; x_wconf 75' lang='grc' dir='ltr'>ἀπόρρητά</span> <span class='ocrx_word' id='word_1_470' title='bbox 1111 4073 1232 4108; x_wconf 87' lang='grc' dir='ltr'>τινα</span> <span class='ocrx_word' id='word_1_471' title='bbox 1255 4055 1657 4126; x_wconf 78' lang='grc' dir='ltr'>ξυγγράμματα</span> <span class='ocrx_word' id='word_1_472' title='bbox 1676 4055 1810 4126; x_wconf 72' lang='grc'>(74),</span> <span class='ocrx_word' id='word_1_473' title='bbox 1827 4057 1902 4120; x_wconf 87' lang='grc' dir='ltr'>ὡς</span> <span class='ocrx_word' id='word_1_474' title='bbox 1927 4058 2030 4112; x_wconf 80' lang='grc' dir='ltr'><strong>κᾶν</strong></span> 
     </span>
    </p>
   </div>
   <div class='ocr_carea' id='block_1_66' title="bbox 455 4145 2032 4218">
    <p class='ocr_par' dir='ltr' id='par_1_66' title="bbox 455 4145 2032 4218">
     <span class='ocr_line' id='line_1_66' title="bbox 455 4145 2032 4218; baseline 0.003 -20"><span class='ocrx_word' id='word_1_475' title='bbox 455 4145 750 4215; x_wconf 77' lang='grc' dir='ltr'>ὑπονοῆσαι</span> <span class='ocrx_word' id='word_1_476' title='bbox 781 4145 944 4200; x_wconf 82' lang='grc' dir='ltr'>αὑτὸν</span> <span class='ocrx_word' id='word_1_477' title='bbox 969 4146 1027 4210; x_wconf 79' lang='grc' dir='ltr'>ἐξ</span> <span class='ocrx_word' id='word_1_478' title='bbox 1051 4146 1272 4199; x_wconf 78' lang='grc' dir='ltr'>ἐκείνων</span> <span class='ocrx_word' id='word_1_479' title='bbox 1297 4147 1601 4217; x_wconf 76' lang='grc' dir='ltr'>ὁρμᾶσθαι·</span> <span class='ocrx_word' id='word_1_480' title='bbox 1628 4150 1657 4201; x_wconf 88' lang='grc' dir='ltr'><strong>ό</strong></span> <span class='ocrx_word' id='word_1_481' title='bbox 1693 4147 1752 4201; x_wconf 82' lang='grc' dir='ltr'><strong>δέ</strong></span> <span class='ocrx_word' id='word_1_482' title='bbox 1802 4166 1865 4218; x_wconf 92' lang='grc' dir='ltr'><strong>γε</strong></span> <span class='ocrx_word' id='word_1_483' title='bbox 1890 4149 2032 4203; x_wconf 86' lang='grc' dir='ltr'>διδά-</span> 
     </span>
    </p>
   </div>
   <div class='ocr_carea' id='block_1_67' title="bbox 456 4232 2032 4312">
    <p class='ocr_par' dir='ltr' id='par_1_67' title="bbox 456 4232 2032 4312">
     <span class='ocr_line' id='line_1_67' title="bbox 456 4232 2032 4312; baseline 0.003 -22"><span class='ocrx_word' id='word_1_484' title='bbox 456 4237 652 4302; x_wconf 72' lang='grc' dir='ltr'>σκαλος</span> <span class='ocrx_word' id='word_1_485' title='bbox 679 4237 827 4308; x_wconf 85' lang='grc' dir='ltr'>αύτῷ</span> <span class='ocrx_word' id='word_1_486' title='bbox 851 4232 1126 4308; x_wconf 83' lang='grc' dir='ltr'>τῆς’κατά</span> <span class='ocrx_word' id='word_1_487' title='bbox 1160 4238 1482 4311; x_wconf 85' lang='grc' dir='ltr'>Πυθαγόραν</span> <span class='ocrx_word' id='word_1_488' title='bbox 1526 4241 1846 4312; x_wconf 71' lang='grc' dir='ltr'>φιλοσοφίας</span> <span class='ocrx_word' id='word_1_489' title='bbox 1881 4241 2032 4294; x_wconf 69' lang='grc' dir='ltr'>οὐδέν</span> 
     </span>
    </p>
   </div>
   <div class='ocr_carea' id='block_1_68' title="bbox 454 4329 2034 4407">
    <p class='ocr_par' dir='ltr' id='par_1_68' title="bbox 454 4329 2034 4407">
     <span class='ocr_line' id='line_1_68' title="bbox 454 4329 2034 4407; baseline 0.004 -25"><span class='ocrx_word' id='word_1_490' title='bbox 454 4346 509 4382; x_wconf 92' lang='grc' dir='ltr'><strong>τι</strong></span> <span class='ocrx_word' id='word_1_491' title='bbox 537 4331 808 4403; x_wconf 78' lang='grc' dir='ltr'>διαφέρειν</span> <span class='ocrx_word' id='word_1_492' title='bbox 845 4329 953 4384; x_wconf 83' lang='grc' dir='ltr'><strong>τῶν</strong></span> <span class='ocrx_word' id='word_1_493' title='bbox 1005 4332 1391 4402; x_wconf 88' lang='grc' dir='ltr'>Ἐπικουρείων</span> <span class='ocrx_word' id='word_1_494' title='bbox 1434 4333 1571 4405; x_wconf 76' lang='grc' dir='ltr'>πρὸς</span> <span class='ocrx_word' id='word_1_495' title='bbox 1607 4335 1771 4388; x_wconf 76' lang='grc' dir='ltr'>αὑτοῦ</span> <span class='ocrx_word' id='word_1_496' title='bbox 1821 4349 2034 4407; x_wconf 80' lang='grc' dir='ltr'>μεμαρ-</span> 
     </span>
    </p>
   </div>
   <div class='ocr_carea' id='block_1_69' title="bbox 2618 2667 3167 2739">
    <p class='ocr_par' dir='ltr' id='par_1_69' title="bbox 2618 2667 3167 2739">
     <span class='ocr_line' id='line_1_69' title="bbox 2618 2667 3167 2739; baseline 0.002 -14"><span class='ocrx_word' id='word_1_497' title='bbox 2618 2667 2781 2739; x_wconf 86' lang='lat'><strong>519</strong></span> <span class='ocrx_word' id='word_1_498' title='bbox 2815 2669 3042 2726; x_wconf 69' lang='lat' dir='ltr'><strong>canor</strong></span> <span class='ocrx_word' id='word_1_499' title='bbox 3078 2671 3167 2726; x_wconf 71' lang='grc' dir='ltr'><strong>χι.</strong></span> 
     </span>
    </p>
   </div>
   <div class='ocr_carea' id='block_1_70' title="bbox 2203 2764 3704 2837">
    <p class='ocr_par' dir='ltr' id='par_1_70' title="bbox 2203 2764 3704 2837">
     <span class='ocr_line' id='line_1_70' title="bbox 2203 2764 3704 2837; baseline -0.001 -15"><span class='ocrx_word' id='word_1_500' title='bbox 2203 2767 2582 2824; x_wconf 88' lang='lat' dir='ltr'><strong>Consentanea</strong></span> <span class='ocrx_word' id='word_1_501' title='bbox 2609 2775 2789 2823; x_wconf 88' lang='lat' dir='ltr'><strong>autem</strong></span> <span class='ocrx_word' id='word_1_502' title='bbox 2808 2768 3110 2837; x_wconf 71' lang='lat' dir='ltr'><strong>disciplinae</strong></span> <span class='ocrx_word' id='word_1_503' title='bbox 3135 2767 3276 2836; x_wconf 91' lang='lat' dir='ltr'><strong>apud</strong></span> <span class='ocrx_word' id='word_1_504' title='bbox 3297 2764 3526 2830; x_wconf 82' lang='lat' dir='ltr'><strong>Arabes,</strong></span> <span class='ocrx_word' id='word_1_505' title='bbox 3559 2765 3704 2837; x_wconf 89' lang='lat' dir='ltr'><strong>apud</strong></span> 
     </span>
    </p>
   </div>
   <div class='ocr_carea' id='block_1_71' title="bbox 2133 2859 3710 2930">
    <p class='ocr_par' dir='ltr' id='par_1_71' title="bbox 2133 2859 3710 2930">
     <span class='ocr_line' id='line_1_71' title="bbox 2133 2859 3710 2930; baseline 0 -17"><span class='ocrx_word' id='word_1_506' title='bbox 2133 2859 2331 2916; x_wconf 88' lang='lat' dir='ltr'><strong>Persas</strong></span> <span class='ocrx_word' id='word_1_507' title='bbox 2360 2875 2578 2930; x_wconf 90' lang='lat' dir='ltr'><strong>quoque</strong></span> <span class='ocrx_word' id='word_1_508' title='bbox 2611 2875 2930 2930; x_wconf 86' lang='lat' dir='ltr'><strong>aggressum</strong></span> <span class='ocrx_word' id='word_1_509' title='bbox 2959 2874 3080 2913; x_wconf 90' lang='lat' dir='ltr'><strong>eum</strong></span> <span class='ocrx_word' id='word_1_510' title='bbox 3112 2859 3301 2922; x_wconf 80' lang='lat' dir='ltr'><strong>fuisse,</strong></span> <span class='ocrx_word' id='word_1_511' title='bbox 3347 2859 3488 2914; x_wconf 89' lang='lat' dir='ltr'><strong>idem</strong></span> <span class='ocrx_word' id='word_1_512' title='bbox 3516 2867 3710 2914; x_wconf 88' lang='lat' dir='ltr'><strong>auctor</strong></span> 
     </span>
    </p>
   </div>
   <div class='ocr_carea' id='block_1_72' title="bbox 2133 2950 3710 3020">
    <p class='ocr_par' dir='ltr' id='par_1_72' title="bbox 2133 2950 3710 3020">
     <span class='ocr_line' id='line_1_72' title="bbox 2133 2950 3710 3020; baseline -0.002 -14"><span class='ocrx_word' id='word_1_513' title='bbox 2133 2961 2546 3008; x_wconf 87' lang='lat' dir='ltr'><strong>commemorat.</strong></span> <span class='ocrx_word' id='word_1_514' title='bbox 2584 2950 2864 3006; x_wconf 87' lang='lat' dir='ltr'><strong>Damidem</strong></span> <span class='ocrx_word' id='word_1_515' title='bbox 2910 2951 3078 3014; x_wconf 91' lang='lat' dir='ltr'><strong>enim,</strong></span> <span class='ocrx_word' id='word_1_516' title='bbox 3113 2951 3206 3020; x_wconf 89' lang='lat' dir='ltr'><strong>qui</strong></span> <span class='ocrx_word' id='word_1_517' title='bbox 3261 2951 3413 3005; x_wconf 90' lang='lat' dir='ltr'><strong>solus</strong></span> <span class='ocrx_word' id='word_1_518' title='bbox 3461 2950 3562 3020; x_wconf 89' lang='lat' dir='ltr'><strong>ipsi</strong></span> <span class='ocrx_word' id='word_1_519' title='bbox 3591 2961 3710 3006; x_wconf 90' lang='lat' dir='ltr'><strong>erat</strong></span> 
     </span>
    </p>
   </div>
   <div class='ocr_carea' id='block_1_73' title="bbox 2131 3042 3706 3115">
    <p class='ocr_par' dir='ltr' id='par_1_73' title="bbox 2131 3042 3706 3115">
     <span class='ocr_line' id='line_1_73' title="bbox 2131 3042 3706 3115; baseline -0.003 -15"><span class='ocrx_word' id='word_1_520' title='bbox 2131 3044 2433 3115; x_wconf 91' lang='lat' dir='ltr'><strong>discipulus</strong></span> <span class='ocrx_word' id='word_1_521' title='bbox 2449 3044 2763 3113; x_wconf 88' lang='lat' dir='ltr'><strong>sociusque,</strong></span> <span class='ocrx_word' id='word_1_522' title='bbox 2781 3043 3078 3114; x_wconf 91' lang='lat' dir='ltr'><strong>prohibens</strong></span> <span class='ocrx_word' id='word_1_523' title='bbox 3104 3043 3172 3097; x_wconf 87' lang='lat' dir='ltr'><strong>ad</strong></span> <span class='ocrx_word' id='word_1_524' title='bbox 3196 3057 3384 3113; x_wconf 85' lang='lat' dir='ltr'><strong>magos</strong></span> <span class='ocrx_word' id='word_1_525' title='bbox 3399 3042 3706 3104; x_wconf 76' lang='lat' dir='ltr'><strong>accessu“,</strong></span> 
     </span>
    </p>
   </div>
   <div class='ocr_carea' id='block_1_74' title="bbox 2128 3135 3708 3208">
    <p class='ocr_par' dir='ltr' id='par_1_74' title="bbox 2128 3135 3708 3208">
     <span class='ocr_line' id='line_1_74' title="bbox 2128 3135 3708 3208; baseline -0.002 -17"><span class='ocrx_word' id='word_1_526' title='bbox 2128 3137 2278 3192; x_wconf 88' lang='lat' dir='ltr'><strong>solus</strong></span> <span class='ocrx_word' id='word_1_527' title='bbox 2305 3136 2440 3204; x_wconf 80' lang='lat' dir='ltr'><strong>ipse,</strong></span> <span class='ocrx_word' id='word_1_528' title='bbox 2470 3135 2610 3208; x_wconf 92' lang='lat' dir='ltr'><strong>(eam</strong></span> <span class='ocrx_word' id='word_1_529' title='bbox 2633 3136 2704 3190; x_wconf 96' lang='lat' dir='ltr'><strong>ob</strong></span> <span class='ocrx_word' id='word_1_530' title='bbox 2732 3150 2956 3190; x_wconf 87' lang='lat' dir='ltr'><strong>causam</strong></span> <span class='ocrx_word' id='word_1_531' title='bbox 2989 3136 3216 3199; x_wconf 89' lang='lat' dir='ltr'><strong>scilicet,</strong></span> <span class='ocrx_word' id='word_1_532' title='bbox 3251 3151 3318 3190; x_wconf 92' lang='lat' dir='ltr'><strong>ne</strong></span> <span class='ocrx_word' id='word_1_533' title='bbox 3346 3135 3520 3198; x_wconf 89' lang='lat' dir='ltr'><strong>illum,</strong></span> <span class='ocrx_word' id='word_1_534' title='bbox 3545 3150 3708 3206; x_wconf 89' lang='lat' dir='ltr'><strong>quem</strong></span> 
     </span>
    </p>
   </div>
   <div class='ocr_carea' id='block_1_75' title="bbox 2128 3228 3711 3300">
    <p class='ocr_par' dir='ltr' id='par_1_75' title="bbox 2128 3228 3711 3300">
     <span class='ocr_line' id='line_1_75' title="bbox 2128 3228 3711 3300; baseline 0 -18"><span class='ocrx_word' id='word_1_535' title='bbox 2128 3229 2446 3300; x_wconf 87' lang='lat' dir='ltr'><strong>planissime</strong></span> <span class='ocrx_word' id='word_1_536' title='bbox 2479 3228 2722 3298; x_wconf 87' lang='lat' dir='ltr'><strong>liquebat</strong></span> <span class='ocrx_word' id='word_1_537' title='bbox 2751 3241 2936 3282; x_wconf 87' lang='lat' dir='ltr'><strong>rerum</strong></span> <span class='ocrx_word' id='word_1_538' title='bbox 2973 3228 3306 3298; x_wconf 88' lang='lat' dir='ltr'><strong>magicarum</strong></span> <span class='ocrx_word' id='word_1_539' title='bbox 3340 3228 3558 3298; x_wconf 85' lang='lat' dir='ltr'><strong>penitus</strong></span> <span class='ocrx_word' id='word_1_540' title='bbox 3585 3243 3711 3284; x_wconf 90' lang='lat' dir='ltr'><strong>esse</strong></span> 
     </span>
    </p>
   </div>
   <div class='ocr_carea' id='block_1_76' title="bbox 2129 3319 3709 3391">
    <p class='ocr_par' dir='ltr' id='par_1_76' title="bbox 2129 3319 3709 3391">
     <span class='ocr_line' id='line_1_76' title="bbox 2129 3319 3709 3391; baseline -0.002 -17"><span class='ocrx_word' id='word_1_541' title='bbox 2129 3319 2906 3390; x_wconf 86' lang='lat' dir='ltr'><strong>imperitum,condiscipulum</strong></span> <span class='ocrx_word' id='word_1_542' title='bbox 2929 3319 3202 3391; x_wconf 87' lang='lat' dir='ltr'><strong>haberet,)</strong></span> <span class='ocrx_word' id='word_1_543' title='bbox 3232 3320 3380 3374; x_wconf 89' lang='lat' dir='ltr'><strong>circa</strong></span> <span class='ocrx_word' id='word_1_544' title='bbox 3403 3319 3709 3380; x_wconf 88' lang='lat' dir='ltr'><strong>meridiem,</strong></span> 
     </span>
    </p>
   </div>
   <div class='ocr_carea' id='block_1_77' title="bbox 2128 3409 3707 3476">
    <p class='ocr_par' dir='ltr' id='par_1_77' title="bbox 2128 3409 3707 3476">
     <span class='ocr_line' id='line_1_77' title="bbox 2128 3409 3707 3476; baseline 0.001 -10"><span class='ocrx_word' id='word_1_545' title='bbox 2128 3413 2206 3466; x_wconf 90' lang='lat' dir='ltr'><strong>uti</strong></span> <span class='ocrx_word' id='word_1_546' title='bbox 2236 3419 2290 3467; x_wconf 94' lang='lat' dir='ltr'><strong>et</strong></span> <span class='ocrx_word' id='word_1_547' title='bbox 2319 3413 2465 3466; x_wconf 89' lang='lat' dir='ltr'><strong>circa</strong></span> <span class='ocrx_word' id='word_1_548' title='bbox 2508 3409 2719 3466; x_wconf 89' lang='lat' dir='ltr'><strong>medias</strong></span> <span class='ocrx_word' id='word_1_549' title='bbox 2765 3419 2982 3476; x_wconf 88' lang='lat' dir='ltr'><strong>noctes,</strong></span> <span class='ocrx_word' id='word_1_550' title='bbox 3015 3427 3210 3468; x_wconf 89' lang='lat' dir='ltr'><strong>eorum</strong></span> <span class='ocrx_word' id='word_1_551' title='bbox 3262 3413 3488 3468; x_wconf 88' lang='lat' dir='ltr'><strong>scholas</strong></span> <span class='ocrx_word' id='word_1_552' title='bbox 3515 3413 3707 3470; x_wconf 85' lang='lat' dir='ltr'><strong>obivit.</strong></span> 
     </span>
    </p>
   </div>
   <div class='ocr_carea' id='block_1_78' title="bbox 2129 3502 3711 3576">
    <p class='ocr_par' dir='ltr' id='par_1_78' title="bbox 2129 3502 3711 3576">
     <span class='ocr_line' id='line_1_78' title="bbox 2129 3502 3711 3576; baseline 0.003 -20"><span class='ocrx_word' id='word_1_553' title='bbox 2129 3502 2504 3573; x_wconf 65' lang='lat' dir='ltr'><strong>Praetereaque</strong></span> <span class='ocrx_word' id='word_1_554' title='bbox 2527 3503 2595 3557; x_wconf 87' lang='lat' dir='ltr'><strong>ad</strong></span> <span class='ocrx_word' id='word_1_555' title='bbox 2616 3503 2881 3557; x_wconf 87' lang='lat' dir='ltr'><strong>Bardanis</strong></span> <span class='ocrx_word' id='word_1_556' title='bbox 2911 3503 3197 3574; x_wconf 80' lang='lat' dir='ltr'><strong>Babylonii</strong></span> <span class='ocrx_word' id='word_1_557' title='bbox 3232 3507 3377 3576; x_wconf 88' lang='lat' dir='ltr'><strong>regis</strong></span> <span class='ocrx_word' id='word_1_558' title='bbox 3409 3506 3711 3562; x_wconf 88' lang='lat' dir='ltr'><strong>admissum</strong></span> 
     </span>
    </p>
   </div>
   <div class='ocr_carea' id='block_1_79' title="bbox 2130 3593 3713 3670">
    <p class='ocr_par' dir='ltr' id='par_1_79' title="bbox 2130 3593 3713 3670">
     <span class='ocr_line' id='line_1_79' title="bbox 2130 3593 3713 3670; baseline 0.004 -24"><span class='ocrx_word' id='word_1_559' title='bbox 2130 3593 2486 3662; x_wconf 84' lang='lat' dir='ltr'><strong>colloquium,</strong></span> <span class='ocrx_word' id='word_1_560' title='bbox 2518 3593 2604 3648; x_wconf 88' lang='lat' dir='ltr'><strong>his</strong></span> <span class='ocrx_word' id='word_1_561' title='bbox 2636 3593 2751 3648; x_wconf 83' lang='lat' dir='ltr'><strong>fere</strong></span> <span class='ocrx_word' id='word_1_562' title='bbox 2796 3594 2980 3649; x_wconf 90' lang='lat' dir='ltr'><strong>verbis</strong></span> <span class='ocrx_word' id='word_1_563' title='bbox 3010 3611 3173 3650; x_wconf 88' lang='lat' dir='ltr'><strong>usum</strong></span> <span class='ocrx_word' id='word_1_564' title='bbox 3205 3611 3331 3650; x_wconf 90' lang='lat' dir='ltr'><strong>eum</strong></span> <span class='ocrx_word' id='word_1_565' title='bbox 3357 3595 3530 3652; x_wconf 83' lang='lat' dir='ltr'><strong>fuisse</strong></span> <span class='ocrx_word' id='word_1_566' title='bbox 3559 3596 3713 3670; x_wconf 84' lang='lat' dir='ltr'><strong>[Phi-</strong></span> 
     </span>
    </p>
   </div>
   <div class='ocr_carea' id='block_1_80' title="bbox 2131 3684 3713 3760">
    <p class='ocr_par' dir='ltr' id='par_1_80' title="bbox 2131 3684 3713 3760">
     <span class='ocr_line' id='line_1_80' title="bbox 2131 3684 3713 3760; baseline 0.004 -22"><span class='ocrx_word' id='word_1_567' title='bbox 2131 3685 2411 3757; x_wconf 88' lang='lat' dir='ltr'><strong>lostratus]</strong></span> <span class='ocrx_word' id='word_1_568' title='bbox 2441 3684 2611 3740; x_wconf 78' lang='lat' dir='ltr'><strong>refert</strong></span> <span class='ocrx_word' id='word_1_569' title='bbox 2632 3686 2675 3717; x_wconf 79' lang='lat'><strong>&quot;’</strong></span> <span class='ocrx_word' id='word_1_570' title='bbox 2708 3706 2722 3741; x_wconf 89' lang='lat'>:</span> <span class='ocrx_word' id='word_1_571' title='bbox 2757 3704 2776 3738; x_wconf 71' lang='grc' dir='ltr'><strong>ι</strong></span> <span class='ocrx_word' id='word_1_572' title='bbox 2816 3687 3152 3756; x_wconf 86' lang='lat' dir='ltr'><strong>Sapientiam</strong></span> <span class='ocrx_word' id='word_1_573' title='bbox 3194 3697 3376 3743; x_wconf 90' lang='lat' dir='ltr'><strong>autem</strong></span> <span class='ocrx_word' id='word_1_574' title='bbox 3411 3692 3713 3760; x_wconf 87' lang='lat' dir='ltr'><strong>amplector</strong></span> 
     </span>
    </p>
   </div>
   <div class='ocr_carea' id='block_1_81' title="bbox 2130 3775 3710 3852">
    <p class='ocr_par' dir='ltr' id='par_1_81' title="bbox 2130 3775 3710 3852">
     <span class='ocr_line' id='line_1_81' title="bbox 2130 3775 3710 3852; baseline 0.006 -22"><span class='ocrx_word' id='word_1_575' title='bbox 2130 3775 2450 3849; x_wconf 73' lang='lat' dir='ltr'><strong>Pythagora:</strong></span> <span class='ocrx_word' id='word_1_576' title='bbox 2482 3777 2674 3841; x_wconf 90' lang='lat' dir='ltr'><strong>Samii,</strong></span> <span class='ocrx_word' id='word_1_577' title='bbox 2703 3781 2794 3848; x_wconf 92' lang='lat' dir='ltr'><strong>qui</strong></span> <span class='ocrx_word' id='word_1_578' title='bbox 2827 3790 2881 3834; x_wconf 89' lang='lat' dir='ltr'><strong>et</strong></span> <span class='ocrx_word' id='word_1_579' title='bbox 2909 3780 3091 3836; x_wconf 90' lang='lat' dir='ltr'><strong>colere</strong></span> <span class='ocrx_word' id='word_1_580' title='bbox 3125 3781 3258 3836; x_wconf 87' lang='lat' dir='ltr'><strong>deos</strong></span> <span class='ocrx_word' id='word_1_581' title='bbox 3289 3797 3374 3836; x_wconf 87' lang='lat' dir='ltr'><strong>me</strong></span> <span class='ocrx_word' id='word_1_582' title='bbox 3401 3783 3472 3836; x_wconf 89' lang='lat' dir='ltr'><strong>ita</strong></span> <span class='ocrx_word' id='word_1_583' title='bbox 3501 3783 3710 3852; x_wconf 87' lang='lat' dir='ltr'><strong>docuit,</strong></span> 
     </span>
    </p>
   </div>
   <div class='ocr_carea' id='block_1_82' title="bbox 2131 3873 3714 3945">
    <p class='ocr_par' dir='ltr' id='par_1_82' title="bbox 2131 3873 3714 3945">
     <span class='ocr_line' id='line_1_82' title="bbox 2131 3873 3714 3945; baseline 0.004 -21"><span class='ocrx_word' id='word_1_584' title='bbox 2131 3879 2387 3926; x_wconf 90' lang='lat' dir='ltr'><strong>utmeute</strong></span> <span class='ocrx_word' id='word_1_585' title='bbox 2416 3887 2511 3927; x_wconf 89' lang='lat' dir='ltr'><strong>eos</strong></span> <span class='ocrx_word' id='word_1_586' title='bbox 2542 3873 2897 3941; x_wconf 86' lang='lat' dir='ltr'><strong>complectar,</strong></span> <span class='ocrx_word' id='word_1_587' title='bbox 2926 3873 3040 3928; x_wconf 91' lang='lat' dir='ltr'><strong>sive</strong></span> <span class='ocrx_word' id='word_1_588' title='bbox 3059 3873 3324 3929; x_wconf 86' lang='lat' dir='ltr'><strong>videndos</strong></span> <span class='ocrx_word' id='word_1_589' title='bbox 3355 3890 3414 3929; x_wconf 92' lang='lat' dir='ltr'><strong>se</strong></span> <span class='ocrx_word' id='word_1_590' title='bbox 3436 3877 3714 3945; x_wconf 66' lang='lat' dir='ltr'><strong>praebeant</strong></span> 
     </span>
    </p>
   </div>
   <div class='ocr_carea' id='block_1_83' title="bbox 2135 3964 3713 4036">
    <p class='ocr_par' dir='ltr' id='par_1_83' title="bbox 2135 3964 3713 4036">
     <span class='ocr_line' id='line_1_83' title="bbox 2135 3964 3713 4036; baseline 0.003 -16"><span class='ocrx_word' id='word_1_591' title='bbox 2135 3964 2250 4020; x_wconf 90' lang='lat' dir='ltr'><strong>sive</strong></span> <span class='ocrx_word' id='word_1_592' title='bbox 2281 3966 2487 4029; x_wconf 90' lang='lat' dir='ltr'><strong>minus,</strong></span> <span class='ocrx_word' id='word_1_593' title='bbox 2534 3965 2762 4034; x_wconf 88' lang='lat' dir='ltr'><strong>pariter,</strong></span> <span class='ocrx_word' id='word_1_594' title='bbox 2813 3972 2978 4034; x_wconf 86' lang='lat' dir='ltr'><strong>atque</strong></span> <span class='ocrx_word' id='word_1_595' title='bbox 3032 3964 3090 4018; x_wconf 90' lang='lat' dir='ltr'><strong>in</strong></span> <span class='ocrx_word' id='word_1_596' title='bbox 3129 3966 3401 4036; x_wconf 89' lang='lat' dir='ltr'><strong>colloquia</strong></span> <span class='ocrx_word' id='word_1_597' title='bbox 3433 3982 3558 4022; x_wconf 93' lang='lat' dir='ltr'><strong>cum</strong></span> <span class='ocrx_word' id='word_1_598' title='bbox 3604 3968 3713 4025; x_wconf 83' lang='lat' dir='ltr'><strong>diis</strong></span> 
     </span>
    </p>
   </div>
   <div class='ocr_carea' id='block_1_84' title="bbox 2133 4054 3714 4124">
    <p class='ocr_par' dir='ltr' id='par_1_84' title="bbox 2133 4054 3714 4124">
     <span class='ocr_line' id='line_1_84' title="bbox 2133 4054 3714 4124; baseline 0.004 -15"><span class='ocrx_word' id='word_1_599' title='bbox 2133 4055 2480 4110; x_wconf 87' lang='lat' dir='ltr'><strong>descendam.</strong></span> <span class='ocrx_word' id='word_1_600' title='bbox 2521 4074 2539 4106; x_wconf 77' lang='grc' dir='ltr'><strong>ι</strong></span> <span class='ocrx_word' id='word_1_601' title='bbox 2569 4054 2674 4109; x_wconf 90' lang='lat' dir='ltr'><strong>Sed</strong></span> <span class='ocrx_word' id='word_1_602' title='bbox 2707 4056 2849 4109; x_wconf 92' lang='lat' dir='ltr'><strong>enim</strong></span> <span class='ocrx_word' id='word_1_603' title='bbox 2891 4055 3016 4124; x_wconf 90' lang='lat' dir='ltr'><strong>quis</strong></span> <span class='ocrx_word' id='word_1_604' title='bbox 3053 4057 3156 4110; x_wconf 93' lang='lat' dir='ltr'><strong>hoc</strong></span> <span class='ocrx_word' id='word_1_605' title='bbox 3210 4056 3289 4111; x_wconf 91' lang='lat' dir='ltr'><strong>illi</strong></span> <span class='ocrx_word' id='word_1_606' title='bbox 3331 4059 3714 4116; x_wconf 67' lang='lat' dir='ltr'><strong>concesserit!</strong></span> 
     </span>
    </p>
   </div>
   <div class='ocr_carea' id='block_1_85' title="bbox 2133 4146 3714 4220">
    <p class='ocr_par' dir='ltr' id='par_1_85' title="bbox 2133 4146 3714 4220">
     <span class='ocr_line' id='line_1_85' title="bbox 2133 4146 3714 4220; baseline 0.001 -17"><span class='ocrx_word' id='word_1_607' title='bbox 2133 4147 2271 4203; x_wconf 91' lang='lat' dir='ltr'><strong>Cum</strong></span> <span class='ocrx_word' id='word_1_608' title='bbox 2312 4146 2651 4218; x_wconf 85' lang='lat' dir='ltr'><strong>Pythagoras</strong></span> <span class='ocrx_word' id='word_1_609' title='bbox 2696 4147 2818 4216; x_wconf 86' lang='lat' dir='ltr'><strong>ejus</strong></span> <span class='ocrx_word' id='word_1_610' title='bbox 2861 4149 3079 4218; x_wconf 80' lang='lat' dir='ltr'><strong>generis</strong></span> <span class='ocrx_word' id='word_1_611' title='bbox 3123 4151 3389 4218; x_wconf 90' lang='lat' dir='ltr'><strong>scriptum</strong></span> <span class='ocrx_word' id='word_1_612' title='bbox 3429 4151 3714 4220; x_wconf 83' lang='lat' dir='ltr'><strong>reliquerit</strong></span> 
     </span>
    </p>
   </div>
   <div class='ocr_carea' id='block_1_86' title="bbox 2133 4240 3714 4310">
    <p class='ocr_par' dir='ltr' id='par_1_86' title="bbox 2133 4240 3714 4310">
     <span class='ocr_line' id='line_1_86' title="bbox 2133 4240 3714 4310; baseline 0.002 -14"><span class='ocrx_word' id='word_1_613' title='bbox 2133 4242 2366 4305; x_wconf 92' lang='lat' dir='ltr'><strong>nullum,</strong></span> <span class='ocrx_word' id='word_1_614' title='bbox 2401 4256 2577 4309; x_wconf 90' lang='lat' dir='ltr'><strong>neque</strong></span> <span class='ocrx_word' id='word_1_615' title='bbox 2608 4240 2827 4309; x_wconf 88' lang='lat' dir='ltr'><strong>aliquod</strong></span> <span class='ocrx_word' id='word_1_616' title='bbox 2861 4241 3130 4310; x_wconf 89' lang='lat' dir='ltr'><strong>scriptum</strong></span> <span class='ocrx_word' id='word_1_617' title='bbox 3162 4241 3282 4310; x_wconf 87' lang='lat' dir='ltr'><strong>ejus</strong></span> <span class='ocrx_word' id='word_1_618' title='bbox 3333 4249 3513 4299; x_wconf 79' lang='lat' dir='ltr'><strong>exstet</strong></span> <span class='ocrx_word' id='word_1_619' title='bbox 3549 4258 3714 4299; x_wconf 88' lang='lat' dir='ltr'><strong>arca-</strong></span> 
     </span>
    </p>
   </div>
   <div class='ocr_carea' id='block_1_87' title="bbox 2135 4332 3716 4406">
    <p class='ocr_par' dir='ltr' id='par_1_87' title="bbox 2135 4332 3716 4406">
     <span class='ocr_line' id='line_1_87' title="bbox 2135 4332 3716 4406; baseline 0.003 -17"><span class='ocrx_word' id='word_1_620' title='bbox 2135 4351 2264 4389; x_wconf 87' lang='lat' dir='ltr'><strong>num</strong></span> <span class='ocrx_word' id='word_1_621' title='bbox 2286 4335 2479 4406; x_wconf 83' lang='lat' dir='ltr'><strong>magis,</strong></span> <span class='ocrx_word' id='word_1_622' title='bbox 2515 4345 2575 4388; x_wconf 83' lang='lat' dir='ltr'><strong>ut</strong></span> <span class='ocrx_word' id='word_1_623' title='bbox 2603 4333 2689 4389; x_wconf 89' lang='lat' dir='ltr'><strong>vel</strong></span> <span class='ocrx_word' id='word_1_624' title='bbox 2719 4332 2991 4404; x_wconf 86' lang='lat' dir='ltr'><strong>suspicari</strong></span> <span class='ocrx_word' id='word_1_625' title='bbox 3021 4333 3182 4389; x_wconf 87' lang='lat' dir='ltr'><strong>liceat</strong></span> <span class='ocrx_word' id='word_1_626' title='bbox 3205 4336 3407 4394; x_wconf 87' lang='lat' dir='ltr'><strong>talibus</strong></span> <span class='ocrx_word' id='word_1_627' title='bbox 3435 4352 3560 4393; x_wconf 87' lang='lat' dir='ltr'><strong>eum</strong></span> <span class='ocrx_word' id='word_1_628' title='bbox 3581 4338 3716 4394; x_wconf 85' lang='lat' dir='ltr'><strong>sub-</strong></span> 
     </span>
    </p>
   </div>
   <div class='ocr_carea' id='block_1_88' title="bbox 531 4485 2028 4566">
    <p class='ocr_par' dir='ltr' id='par_1_88' title="bbox 531 4485 2005 4564">
     <span class='ocr_line' id='line_1_88' title="bbox 531 4485 2005 4564; baseline 0.005 -18"><span class='ocrx_word' id='word_1_629' title='bbox 531 4491 575 4523; x_wconf 76' lang='lat'>“</span> <span class='ocrx_word' id='word_1_630' title='bbox 611 4491 702 4549; x_wconf 89' lang='lat' dir='ltr'><strong>lib.</strong></span> <span class='ocrx_word' id='word_1_631' title='bbox 743 4485 831 4559; x_wconf 83' lang='lat' dir='ltr'><strong>iv,</strong></span> <span class='ocrx_word' id='word_1_632' title='bbox 868 4509 917 4550; x_wconf 92' lang='lat' dir='ltr'><strong>c.</strong></span> <span class='ocrx_word' id='word_1_633' title='bbox 951 4495 1006 4550; x_wconf 73' lang='lat'><strong>2.</strong></span> <span class='ocrx_word' id='word_1_634' title='bbox 1085 4497 1132 4528; x_wconf 79' lang='grc'><strong>¹⁵</strong></span> <span class='ocrx_word' id='word_1_635' title='bbox 1168 4495 1263 4551; x_wconf 91' lang='lat' dir='ltr'><strong>lib.</strong></span> <span class='ocrx_word' id='word_1_636' title='bbox 1308 4513 1356 4559; x_wconf 83' lang='grc' dir='ltr'><strong>ι,</strong></span> <span class='ocrx_word' id='word_1_637' title='bbox 1396 4512 1447 4551; x_wconf 93' lang='lat' dir='ltr'><strong>c.</strong></span> <span class='ocrx_word' id='word_1_638' title='bbox 1483 4496 1576 4552; x_wconf 71' lang='lat'><strong>22.</strong></span> <span class='ocrx_word' id='word_1_639' title='bbox 1655 4499 1698 4530; x_wconf 81' lang='grc'><strong>¹⁶</strong></span> <span class='ocrx_word' id='word_1_640' title='bbox 1740 4499 1831 4554; x_wconf 89' lang='lat' dir='ltr'><strong>lib.</strong></span> <span class='ocrx_word' id='word_1_641' title='bbox 1868 4514 1920 4564; x_wconf 86' lang='grc' dir='ltr'><strong>ι,</strong></span> <span class='ocrx_word' id='word_1_642' title='bbox 1955 4515 2005 4554; x_wconf 92' lang='lat' dir='ltr'><strong>c.</strong></span> 
     </span>
    </p>
   </div>
   <div class='ocr_carea' id='block_1_89' title="bbox 2132 4485 2620 4566">
    <p class='ocr_par' dir='ltr' id='par_1_89' title="bbox 2209 4501 2620 4566">
     <span class='ocr_line' id='line_1_89' title="bbox 2209 4501 2620 4566; baseline 0.002 -12"><span class='ocrx_word' id='word_1_643' title='bbox 2209 4502 2252 4533; x_wconf 83' lang='grc'><strong>¹⁷</strong></span> <span class='ocrx_word' id='word_1_644' title='bbox 2293 4501 2388 4556; x_wconf 86' lang='lat' dir='ltr'><strong>lib.</strong></span> <span class='ocrx_word' id='word_1_645' title='bbox 2431 4517 2486 4566; x_wconf 81' lang='grc' dir='ltr'><strong>ι,</strong></span> <span class='ocrx_word' id='word_1_646' title='bbox 2529 4501 2620 4556; x_wconf 68' lang='grc'><strong>⁸52.</strong></span> 
     </span>
    </p>
   </div>
   <div class='ocr_carea' id='block_1_90' title="bbox 531 4635 2028 4729">
    <p class='ocr_par' dir='ltr' id='par_1_90' title="bbox 531 4645 2024 4729">
     <span class='ocr_line' id='line_1_90' title="bbox 531 4645 2024 4729; baseline 0.005 -29"><span class='ocrx_word' id='word_1_647' title='bbox 531 4645 642 4717; x_wconf 85' lang='grc'>(68)</span> <span class='ocrx_word' id='word_1_648' title='bbox 672 4650 964 4729; x_wconf 50' lang='grc' dir='ltr'>ιῖιγνωσκ.</span> <span class='ocrx_word' id='word_1_649' title='bbox 1015 4668 1086 4729; x_wconf 54' lang='grc' dir='ltr'><strong>τε</strong></span> <span class='ocrx_word' id='word_1_650' title='bbox 1129 4653 1226 4729; x_wconf 72' lang='grc' dir='ltr'><strong>καί</strong></span> <span class='ocrx_word' id='word_1_651' title='bbox 1268 4669 1474 4729; x_wconf 64' lang='grc' dir='ltr'>πραττ.</span> <span class='ocrx_word' id='word_1_652' title='bbox 1525 4656 1690 4708; x_wconf 82' lang='grc' dir='ltr'>αὐτό.</span> <span class='ocrx_word' id='word_1_653' title='bbox 1741 4653 2024 4729; x_wconf 77' lang='lat' dir='ltr'><strong>Philostr.,</strong></span> 
     </span>
    </p>
   </div>
   <div class='ocr_carea' id='block_1_91' title="bbox 2132 4635 2932 4729">
    <p class='ocr_par' dir='ltr' id='par_1_91' title="bbox 2132 4657 2932 4729">
     <span class='ocr_line' id='line_1_91' title="bbox 2132 4657 2932 4729; baseline 0.006 -19"><span class='ocrx_word' id='word_1_654' title='bbox 2132 4657 2301 4713; x_wconf 74' lang='lat' dir='ltr'><strong>hanc&#39;</strong></span> <span class='ocrx_word' id='word_1_655' title='bbox 2324 4657 2616 4713; x_wconf 91' lang='lat' dir='ltr'><strong>lectionem</strong></span> <span class='ocrx_word' id='word_1_656' title='bbox 2648 4661 2932 4729; x_wconf 88' lang='lat' dir='ltr'><strong>sequentia</strong></span> 
     </span>
    </p>
   </div>
   <div class='ocr_carea' id='block_1_92' title="bbox 455 4721 2029 4798">
    <p class='ocr_par' dir='ltr' id='par_1_92' title="bbox 455 4721 2029 4798">
     <span class='ocr_line' id='line_1_92' title="bbox 455 4721 2029 4798; baseline 0.009 -30"><span class='ocrx_word' id='word_1_657' title='bbox 455 4721 867 4798; x_wconf 61' lang='grc' dir='ltr'>γιγνωσκόντων</span> <span class='ocrx_word' id='word_1_658' title='bbox 879 4738 948 4798; x_wconf 34' lang='grc' dir='ltr'>,τε</span> <span class='ocrx_word' id='word_1_659' title='bbox 971 4722 1102 4776; x_wconf 77' lang='grc' dir='ltr'>αὐτὸ</span> <span class='ocrx_word' id='word_1_660' title='bbox 1128 4724 1221 4776; x_wconf 71' lang='grc' dir='ltr'>καὶ</span> <span class='ocrx_word' id='word_1_661' title='bbox 1243 4724 1609 4794; x_wconf 85' lang='grc' dir='ltr'>πραττόντων,</span> <span class='ocrx_word' id='word_1_662' title='bbox 1641 4725 1786 4796; x_wconf 86' lang='lat' dir='ltr'><strong>quod</strong></span> <span class='ocrx_word' id='word_1_663' title='bbox 1807 4728 2029 4798; x_wconf 80' lang='lat' dir='ltr'><strong>elegans</strong></span> 
     </span>
    </p>
   </div>
   <div class='ocr_carea' id='block_1_93' title="bbox 460 4791 1075 4855">
    <p class='ocr_par' dir='ltr' id='par_1_93' title="bbox 460 4791 1075 4855">
     <span class='ocr_line' id='line_1_93' title="bbox 460 4791 1075 4855; baseline 0.005 -13"><span class='ocrx_word' id='word_1_664' title='bbox 460 4791 634 4855; x_wconf 78' lang='lat' dir='ltr'><strong>magis</strong></span> <span class='ocrx_word' id='word_1_665' title='bbox 678 4791 808 4842; x_wconf 89' lang='lat' dir='ltr'><strong>mihi</strong></span> <span class='ocrx_word' id='word_1_666' title='bbox 843 4791 1075 4846; x_wconf 80' lang='lat' dir='ltr'><strong>videtur.</strong></span> 
     </span>
    </p>
   </div>
   <div class='ocr_carea' id='block_1_94' title="bbox 532 4855 2028 4936">
    <p class='ocr_par' dir='ltr' id='par_1_94' title="bbox 532 4855 2028 4936">
     <span class='ocr_line' id='line_1_94' title="bbox 532 4855 2028 4936; baseline 0.007 -27"><span class='ocrx_word' id='word_1_667' title='bbox 532 4855 641 4936; x_wconf 75' lang='lat'><strong>(69)</strong></span> <span class='ocrx_word' id='word_1_668' title='bbox 675 4861 923 4936; x_wconf 65' lang='grc' dir='ltr'><strong>Ιςρκνων</strong></span> <span class='ocrx_word' id='word_1_669' title='bbox 953 4861 1070 4930; x_wconf 78' lang='grc' dir='ltr'>ἤδη</span> <span class='ocrx_word' id='word_1_670' title='bbox 1111 4862 1207 4936; x_wconf 72' lang='grc' dir='ltr'>καὶ</span> <span class='ocrx_word' id='word_1_671' title='bbox 1231 4864 1413 4931; x_wconf 79' lang='grc' dir='ltr'>ὀρνίθ.</span> <span class='ocrx_word' id='word_1_672' title='bbox 1447 4863 1728 4936; x_wconf 48' lang='lat' dir='ltr'><strong>Philostrq</strong></span> <span class='ocrx_word' id='word_1_673' title='bbox 1779 4867 1877 4936; x_wconf 74' lang='grc' dir='ltr'>ἢδη</span> <span class='ocrx_word' id='word_1_674' title='bbox 1913 4883 2028 4919; x_wconf 81' lang='grc' dir='ltr'>κοι-</span> 
     </span>
    </p>
   </div>
   <div class='ocr_carea' id='block_1_95' title="bbox 460 4928 2027 5006">
    <p class='ocr_par' dir='ltr' id='par_1_95' title="bbox 460 4928 2027 5006">
     <span class='ocr_line' id='line_1_95' title="bbox 460 4928 2027 5006; baseline 0.004 -24"><span class='ocrx_word' id='word_1_675' title='bbox 460 4928 570 4992; x_wconf 80' lang='grc' dir='ltr'>νὺν,</span> <span class='ocrx_word' id='word_1_676' title='bbox 603 4928 852 5006; x_wconf 84' lang='grc' dir='ltr'>ὀρνίθων,</span> <span class='ocrx_word' id='word_1_677' title='bbox 888 4928 1023 4995; x_wconf 54' lang='lat' dir='ltr'><strong>etc},</strong></span> <span class='ocrx_word' id='word_1_678' title='bbox 1060 4928 1205 5002; x_wconf 84' lang='lat' dir='ltr'><strong>quod</strong></span> <span class='ocrx_word' id='word_1_679' title='bbox 1237 4928 1556 5003; x_wconf 66' lang='lat' dir='ltr'><strong>:imgismihi</strong></span> <span class='ocrx_word' id='word_1_680' title='bbox 1583 4928 2027 5006; x_wconf 54' lang='lat' dir='ltr'><strong>pl&#39;obatiii&#39;.&#39;Nam</strong></span> 
     </span>
    </p>
   </div>
   <div class='ocr_carea' id='block_1_96' title="bbox 459 5004 2028 5071">
    <p class='ocr_par' dir='ltr' id='par_1_96' title="bbox 459 5004 2028 5071">
     <span class='ocr_line' id='line_1_96' title="bbox 459 5004 2028 5071; baseline 0.006 -20"><span class='ocrx_word' id='word_1_681' title='bbox 459 5009 513 5071; x_wconf 76' lang='lat' dir='ltr'><strong>et</strong></span> <span class='ocrx_word' id='word_1_682' title='bbox 544 5009 664 5068; x_wconf 88' lang='lat' dir='ltr'><strong>post</strong></span> <span class='ocrx_word' id='word_1_683' title='bbox 688 5004 921 5069; x_wconf 87' lang='lat' dir='ltr'><strong>speciem</strong></span> <span class='ocrx_word' id='word_1_684' title='bbox 964 5019 1134 5071; x_wconf 86' lang='lat' dir='ltr'><strong>genus</strong></span> <span class='ocrx_word' id='word_1_685' title='bbox 1169 5006 1438 5058; x_wconf 86' lang='lat' dir='ltr'><strong>nominari</strong></span> <span class='ocrx_word' id='word_1_686' title='bbox 1470 5004 1597 5058; x_wconf 61' lang='lat' dir='ltr'><strong>nou</strong></span> <span class='ocrx_word' id='word_1_687' title='bbox 1621 5009 1756 5061; x_wconf 89' lang='lat' dir='ltr'><strong>adeo</strong></span> <span class='ocrx_word' id='word_1_688' title='bbox 1810 5022 2028 5060; x_wconf 89' lang='lat' dir='ltr'><strong>conve-</strong></span> 
     </span>
    </p>
   </div>
   <div class='ocr_carea' id='block_1_97' title="bbox 461 5068 2024 5142">
    <p class='ocr_par' dir='ltr' id='par_1_97' title="bbox 461 5068 2024 5142">
     <span class='ocr_line' id='line_1_97' title="bbox 461 5068 2024 5142; baseline 0.008 -24"><span class='ocrx_word' id='word_1_689' title='bbox 461 5068 901 5142; x_wconf 81' lang='lat' dir='ltr'><strong>_nieus,etcycui</strong></span> <span class='ocrx_word' id='word_1_690' title='bbox 937 5068 1078 5125; x_wconf 81' lang='lat' dir='ltr'><strong>inter</strong></span> <span class='ocrx_word' id='word_1_691' title='bbox 1106 5078 1393 5142; x_wconf 85' lang='lat' dir='ltr'><strong>augurales</strong></span> <span class='ocrx_word' id='word_1_692' title='bbox 1421 5091 1549 5128; x_wconf 86' lang='lat' dir='ltr'><strong>aves</strong></span> <span class='ocrx_word' id='word_1_693' title='bbox 1574 5091 1681 5130; x_wconf 91' lang='lat' dir='ltr'><strong>non</strong></span> <span class='ocrx_word' id='word_1_694' title='bbox 1711 5077 1846 5130; x_wconf 89' lang='lat' dir='ltr'><strong>adeo</strong></span> <span class='ocrx_word' id='word_1_695' title='bbox 1883 5078 2024 5131; x_wconf 77' lang='lat' dir='ltr'><strong>cele-</strong></span> 
     </span>
    </p>
   </div>
   <div class='ocr_carea' id='block_1_98' title="bbox 459 5138 2032 5216">
    <p class='ocr_par' dir='ltr' id='par_1_98' title="bbox 459 5138 2032 5216">
     <span class='ocr_line' id='line_1_98' title="bbox 459 5138 2032 5216; baseline 0.006 -26"><span class='ocrx_word' id='word_1_696' title='bbox 459 5138 606 5216; x_wconf 70' lang='lat' dir='ltr'><strong>bres,</strong></span> <span class='ocrx_word' id='word_1_697' title='bbox 651 5141 759 5192; x_wconf 91' lang='lat' dir='ltr'><strong>imo</strong></span> <span class='ocrx_word' id='word_1_698' title='bbox 783 5138 1067 5216; x_wconf 60' lang='lat' dir='ltr'><strong>corvorum</strong></span> <span class='ocrx_word' id='word_1_699' title='bbox 1104 5138 1260 5216; x_wconf 64' lang='lat' dir='ltr'><strong>ea:in</strong></span> <span class='ocrx_word' id='word_1_700' title='bbox 1295 5162 1350 5199; x_wconf 91' lang='lat' dir='ltr'><strong>re</strong></span> <span class='ocrx_word' id='word_1_701' title='bbox 1383 5147 1648 5200; x_wconf 87' lang='lat' dir='ltr'><strong>celebrior</strong></span> <span class='ocrx_word' id='word_1_702' title='bbox 1693 5163 1855 5214; x_wconf 81' lang='lat' dir='ltr'><strong>opera</strong></span> <span class='ocrx_word' id='word_1_703' title='bbox 1889 5147 2032 5216; x_wconf 85' lang='lat' dir='ltr'><strong>apud</strong></span> 
     </span>
    </p>
   </div>
   <div class='ocr_carea' id='block_1_99' title="bbox 457 5208 2032 5333">
    <p class='ocr_par' dir='ltr' id='par_1_99' title="bbox 457 5208 2032 5333">
     <span class='ocr_line' id='line_1_99' title="bbox 457 5208 2032 5333; baseline 0.007 -74"><span class='ocrx_word' id='word_1_704' title='bbox 457 5208 689 5333; x_wconf 47' lang='grc' dir='ltr'>ὲτηιὸξί,</span> <span class='ocrx_word' id='word_1_705' title='bbox 723 5218 781 5264; x_wconf 81' lang='grc' dir='ltr'><strong>ιιι</strong></span> <span class='ocrx_word' id='word_1_706' title='bbox 805 5213 1151 5267; x_wconf 85' lang='lat' dir='ltr'><strong>observatum</strong></span> <span class='ocrx_word' id='word_1_707' title='bbox 1184 5213 1485 5286; x_wconf 88' lang='lat' dir='ltr'><strong>Porphyrio</strong></span> <span class='ocrx_word' id='word_1_708' title='bbox 1514 5217 1590 5271; x_wconf 87' lang='lat' dir='ltr'><strong>De</strong></span> <span class='ocrx_word' id='word_1_709' title='bbox 1615 5208 1780 5283; x_wconf 44' lang='lat' dir='ltr'><strong>abst},</strong></span> <span class='ocrx_word' id='word_1_710' title='bbox 1808 5216 1902 5271; x_wconf 91' lang='lat' dir='ltr'><strong>lib.</strong></span> <span class='ocrx_word' id='word_1_711' title='bbox 1925 5208 2032 5282; x_wconf 57' lang='lat' dir='ltr'><strong>&#39;m,</strong></span> 
     </span>
    </p>
   </div>
   <div class='ocr_carea' id='block_1_100' title="bbox 534 5351 2033 5424">
    <p class='ocr_par' dir='ltr' id='par_1_100' title="bbox 534 5351 2033 5424">
     <span class='ocr_line' id='line_1_100' title="bbox 534 5351 2033 5424; baseline 0.007 -21"><span class='ocrx_word' id='word_1_712' title='bbox 534 5351 644 5419; x_wconf 83' lang='grc'>(70)</span> <span class='ocrx_word' id='word_1_713' title='bbox 677 5353 930 5421; x_wconf 79' lang='grc' dir='ltr'>Ἔχομεν</span> <span class='ocrx_word' id='word_1_714' title='bbox 972 5354 1040 5423; x_wconf 78' lang='grc' dir='ltr'>δὴ</span> <span class='ocrx_word' id='word_1_715' title='bbox 1093 5351 1208 5409; x_wconf 81' lang='grc' dir='ltr'><strong>οὗν</strong></span> <span class='ocrx_word' id='word_1_716' title='bbox 1241 5367 1340 5424; x_wconf 77' lang='grc' dir='ltr'><strong>πρ.</strong></span> <span class='ocrx_word' id='word_1_717' title='bbox 1386 5375 1439 5411; x_wconf 80' lang='grc' dir='ltr'>τ.</span> <span class='ocrx_word' id='word_1_718' title='bbox 1476 5361 1756 5414; x_wconf 70' lang='grc' dir='ltr'>καταλελ.</span> <span class='ocrx_word' id='word_1_719' title='bbox 1802 5356 1926 5412; x_wconf 62' lang='lat' dir='ltr'><strong>Hac</strong></span> <span class='ocrx_word' id='word_1_720' title='bbox 1965 5373 2033 5414; x_wconf 89' lang='lat' dir='ltr'><strong>eo</strong></span> 
     </span>
    </p>
   </div>
   <div class='ocr_carea' id='block_1_101' title="bbox 459 5426 2032 5493">
    <p class='ocr_par' dir='ltr' id='par_1_101' title="bbox 459 5426 2032 5493">
     <span class='ocr_line' id='line_1_101' title="bbox 459 5426 2032 5493; baseline 0.004 -17"><span class='ocrx_word' id='word_1_721' title='bbox 459 5430 731 5488; x_wconf 67' lang='lat' dir='ltr'><strong>spectant,</strong></span> <span class='ocrx_word' id='word_1_722' title='bbox 763 5426 908 5493; x_wconf 90' lang='lat' dir='ltr'><strong>quod</strong></span> <span class='ocrx_word' id='word_1_723' title='bbox 942 5428 1046 5479; x_wconf 90' lang='lat' dir='ltr'><strong>ista</strong></span> <span class='ocrx_word' id='word_1_724' title='bbox 1080 5427 1146 5480; x_wconf 91' lang='lat' dir='ltr'><strong>de</strong></span> <span class='ocrx_word' id='word_1_725' title='bbox 1177 5428 1446 5482; x_wconf 86' lang='lat' dir='ltr'><strong>Arabibus</strong></span> <span class='ocrx_word' id='word_1_726' title='bbox 1479 5431 1791 5484; x_wconf 88' lang='lat' dir='ltr'><strong>narratione</strong></span> <span class='ocrx_word' id='word_1_727' title='bbox 1819 5437 2032 5483; x_wconf 88' lang='lat' dir='ltr'><strong>contra-</strong></span> 
     </span>
    </p>
   </div>
   <div class='ocr_carea' id='block_1_102' title="bbox 459 5493 2031 5570">
    <p class='ocr_par' dir='ltr' id='par_1_102' title="bbox 459 5493 2031 5570">
     <span class='ocr_line' id='line_1_102' title="bbox 459 5493 2031 5570; baseline 0.006 -27"><span class='ocrx_word' id='word_1_728' title='bbox 459 5493 613 5570; x_wconf 72' lang='lat' dir='ltr'><strong>dicat</strong></span> <span class='ocrx_word' id='word_1_729' title='bbox 652 5495 753 5570; x_wconf 82' lang='lat' dir='ltr'><strong>sibi</strong></span> <span class='ocrx_word' id='word_1_730' title='bbox 797 5495 1325 5570; x_wconf 67' lang='lat' dir='ltr'><strong>ipsiPhilostratus.</strong></span> <span class='ocrx_word' id='word_1_731' title='bbox 1371 5514 1494 5552; x_wconf 92' lang='lat' dir='ltr'><strong>cum</strong></span> <span class='ocrx_word' id='word_1_732' title='bbox 1541 5501 1668 5553; x_wconf 86' lang='lat' dir='ltr'><strong>alibi</strong></span> <span class='ocrx_word' id='word_1_733' title='bbox 1708 5501 2031 5570; x_wconf 83' lang='lat' dir='ltr'><strong>sapientiam</strong></span> 
     </span>
    </p>
   </div>
   <div class='ocr_carea' id='block_1_103' title="bbox 456 5559 2033 5642">
    <p class='ocr_par' dir='ltr' id='par_1_103' title="bbox 456 5559 2033 5642">
     <span class='ocr_line' id='line_1_103' title="bbox 456 5559 2033 5642; baseline 0.007 -29"><span class='ocrx_word' id='word_1_734' title='bbox 456 5559 731 5642; x_wconf 62' lang='lat' dir='ltr'><strong>Apollonii</strong></span> <span class='ocrx_word' id='word_1_735' title='bbox 753 5559 1130 5620; x_wconf 70' lang='grc' dir='ltr'>αὐτοδίδακτον</span> <span class='ocrx_word' id='word_1_736' title='bbox 1154 5583 1276 5623; x_wconf 89' lang='lat' dir='ltr'><strong>esse</strong></span> <span class='ocrx_word' id='word_1_737' title='bbox 1298 5576 1521 5624; x_wconf 83' lang='lat' dir='ltr'><strong>statuat.</strong></span> <span class='ocrx_word' id='word_1_738' title='bbox 1547 5570 1700 5637; x_wconf 89' lang='lat' dir='ltr'><strong>Quod</strong></span> <span class='ocrx_word' id='word_1_739' title='bbox 1726 5559 1886 5641; x_wconf 73' lang='lat' dir='ltr'><strong>paulo</strong></span> <span class='ocrx_word' id='word_1_740' title='bbox 1905 5578 2033 5624; x_wconf 88' lang='lat' dir='ltr'><strong>ante</strong></span> 
     </span>
    </p>
   </div>
   <div class='ocr_carea' id='block_1_104' title="bbox 459 5636 1114 5702">
    <p class='ocr_par' dir='ltr' id='par_1_104' title="bbox 459 5636 1114 5702">
     <span class='ocr_line' id='line_1_104' title="bbox 459 5636 1114 5702; baseline 0.008 -14"><span class='ocrx_word' id='word_1_741' title='bbox 459 5636 513 5689; x_wconf 82' lang='lat' dir='ltr'><strong>ei</strong></span> <span class='ocrx_word' id='word_1_742' title='bbox 545 5636 954 5702; x_wconf 81' lang='lat' dir='ltr'><strong>exprobratum,</strong></span> <span class='ocrx_word' id='word_1_743' title='bbox 980 5653 1031 5691; x_wconf 91' lang='lat' dir='ltr'><strong>c.</strong></span> <span class='ocrx_word' id='word_1_744' title='bbox 1060 5643 1114 5694; x_wconf 84' lang='lat'><strong>9.</strong></span> 
     </span>
    </p>
   </div>
   <div class='ocr_carea' id='block_1_105' title="bbox 535 5702 2027 5782">
    <p class='ocr_par' dir='ltr' id='par_1_105' title="bbox 535 5702 2027 5782">
     <span class='ocr_line' id='line_1_105' title="bbox 535 5702 2027 5782; baseline -0.009 -2"><span class='ocrx_word' id='word_1_745' title='bbox 535 5702 648 5780; x_wconf 70' lang='grc' dir='ltr'><strong>(Ἠ)</strong></span> <span class='ocrx_word' id='word_1_746' title='bbox 681 5706 1141 5782; x_wconf 58' lang='grc' dir='ltr'>Ἀεΐαγορειὲσας.</span> <span class='ocrx_word' id='word_1_747' title='bbox 1176 5710 1252 5764; x_wconf 77' lang='lat' dir='ltr'><strong>lla</strong></span> <span class='ocrx_word' id='word_1_748' title='bbox 1282 5711 1569 5782; x_wconf 83' lang='lat' dir='ltr'><strong>legendum</strong></span> <span class='ocrx_word' id='word_1_749' title='bbox 1601 5726 1724 5768; x_wconf 90' lang='lat' dir='ltr'><strong>esse</strong></span> <span class='ocrx_word' id='word_1_750' title='bbox 1757 5711 1871 5767; x_wconf 89' lang='lat' dir='ltr'><strong>sole</strong></span> <span class='ocrx_word' id='word_1_751' title='bbox 1908 5711 2027 5766; x_wconf 88' lang='lat' dir='ltr'><strong>cla-</strong></span> 
     </span>
    </p>
   </div>
   <div class='ocr_carea' id='block_1_106' title="bbox 463 5772 2026 5856">
    <p class='ocr_par' dir='ltr' id='par_1_106' title="bbox 463 5772 2026 5856">
     <span class='ocr_line' id='line_1_106' title="bbox 463 5772 2026 5856; baseline 0.006 -26"><span class='ocrx_word' id='word_1_752' title='bbox 463 5772 580 5830; x_wconf 74' lang='lat' dir='ltr'><strong>rius</strong></span> <span class='ocrx_word' id='word_1_753' title='bbox 605 5772 698 5841; x_wconf 54' lang='lat' dir='ltr'><strong>{si</strong></span> <span class='ocrx_word' id='word_1_754' title='bbox 761 5772 940 5834; x_wconf 78' lang='lat' dir='ltr'><strong>locum</strong></span> <span class='ocrx_word' id='word_1_755' title='bbox 989 5772 1304 5838; x_wconf 81' lang='lat' dir='ltr'><strong>Philostrati</strong></span> <span class='ocrx_word' id='word_1_756' title='bbox 1337 5772 1652 5855; x_wconf 46' lang='lat' dir='ltr'><strong>Vconferas,</strong></span> <span class='ocrx_word' id='word_1_757' title='bbox 1699 5783 2026 5856; x_wconf 79' lang='lat' dir='ltr'><strong>ﬁrmantque</strong></span> 
     </span>
    </p>
   </div>
   <div class='ocr_carea' id='block_1_107' title="bbox 2974 4659 3718 4732">
    <p class='ocr_par' dir='ltr' id='par_1_107' title="bbox 2974 4659 3718 4732">
     <span class='ocr_line' id='line_1_107' title="bbox 2974 4659 3718 4732; baseline 0.005 -20"><span class='ocrx_word' id='word_1_758' title='bbox 2974 4675 2989 4712; x_wconf 89' lang='lat'><strong>:</strong></span> <span class='ocrx_word' id='word_1_759' title='bbox 3036 4659 3113 4724; x_wconf 84' lang='grc' dir='ltr'><strong>ὡς</strong></span> <span class='ocrx_word' id='word_1_760' title='bbox 3157 4660 3225 4714; x_wconf 86' lang='grc' dir='ltr'>ἂν</span> <span class='ocrx_word' id='word_1_761' title='bbox 3276 4661 3350 4732; x_wconf 82' lang='grc' dir='ltr'>μὴ</span> <span class='ocrx_word' id='word_1_762' title='bbox 3383 4663 3511 4732; x_wconf 84' lang='grc' dir='ltr'>’μετ’</span> <span class='ocrx_word' id='word_1_763' title='bbox 3539 4659 3718 4730; x_wconf 77' lang='grc' dir='ltr'>ἀγνώ-</span> 
     </span>
    </p>
   </div>
   <div class='ocr_carea' id='block_1_108' title="bbox 2139 4731 3718 4800">
    <p class='ocr_par' dir='ltr' id='par_1_108' title="bbox 2139 4731 3718 4800">
     <span class='ocr_line' id='line_1_108' title="bbox 2139 4731 3718 4800; baseline 0.004 -20"><span class='ocrx_word' id='word_1_764' title='bbox 2139 4746 2298 4797; x_wconf 83' lang='grc' dir='ltr'>μονος</span> <span class='ocrx_word' id='word_1_765' title='bbox 2322 4739 2428 4783; x_wconf 87' lang='lat' dir='ltr'><strong>etc.</strong></span> <span class='ocrx_word' id='word_1_766' title='bbox 2463 4731 2707 4795; x_wconf 85' lang='lat' dir='ltr'><strong>Quorum</strong></span> <span class='ocrx_word' id='word_1_767' title='bbox 2740 4733 2928 4787; x_wconf 85' lang='lat' dir='ltr'><strong>nullus</strong></span> <span class='ocrx_word' id='word_1_768' title='bbox 2960 4747 3083 4786; x_wconf 85' lang='lat' dir='ltr'><strong>esse</strong></span> <span class='ocrx_word' id='word_1_769' title='bbox 3114 4740 3290 4800; x_wconf 89' lang='lat' dir='ltr'><strong>potest</strong></span> <span class='ocrx_word' id='word_1_770' title='bbox 3323 4731 3539 4794; x_wconf 86' lang='lat' dir='ltr'><strong>sensus,</strong></span> <span class='ocrx_word' id='word_1_771' title='bbox 3568 4733 3614 4787; x_wconf 90' lang='lat' dir='ltr'><strong>si</strong></span> <span class='ocrx_word' id='word_1_772' title='bbox 3637 4749 3718 4788; x_wconf 84' lang='lat' dir='ltr'><strong>re-</strong></span> 
     </span>
    </p>
   </div>
   <div class='ocr_carea' id='block_1_109' title="bbox 2134 4800 3719 4872">
    <p class='ocr_par' dir='ltr' id='par_1_109' title="bbox 2134 4800 3719 4872">
     <span class='ocr_line' id='line_1_109' title="bbox 2134 4800 3719 4872; baseline 0.006 -23"><span class='ocrx_word' id='word_1_773' title='bbox 2134 4802 2408 4872; x_wconf 75' lang='lat' dir='ltr'><strong>tineamus</strong></span> <span class='ocrx_word' id='word_1_774' title='bbox 2451 4800 2739 4872; x_wconf 83' lang='lat' dir='ltr'><strong>lectionem</strong></span> <span class='ocrx_word' id='word_1_775' title='bbox 2780 4802 3133 4872; x_wconf 87' lang='lat' dir='ltr'><strong>depravalam</strong></span> <span class='ocrx_word' id='word_1_776' title='bbox 3177 4802 3448 4856; x_wconf 87' lang='lat' dir='ltr'><strong>editorum</strong></span> <span class='ocrx_word' id='word_1_777' title='bbox 3492 4805 3586 4870; x_wconf 88' lang='lat' dir='ltr'><strong>qui</strong></span> <span class='ocrx_word' id='word_1_778' title='bbox 3617 4803 3719 4858; x_wconf 84' lang='lat' dir='ltr'><strong>ha-</strong></span> 
     </span>
    </p>
   </div>
   <div class='ocr_carea' id='block_1_110' title="bbox 2133 4869 2757 4941">
    <p class='ocr_par' dir='ltr' id='par_1_110' title="bbox 2133 4869 2757 4941">
     <span class='ocr_line' id='line_1_110' title="bbox 2133 4869 2757 4941; baseline 0.005 -20"><span class='ocrx_word' id='word_1_779' title='bbox 2133 4869 2284 4941; x_wconf 86' lang='lat' dir='ltr'><strong>bent_</strong></span> <span class='ocrx_word' id='word_1_780' title='bbox 2297 4869 2757 4941; x_wconf 82' lang='grc' dir='ltr'>ἀπαγορεύσαντι.</span> 
     </span>
    </p>
   </div>
   <div class='ocr_carea' id='block_1_111' title="bbox 2205 4939 3718 5012">
    <p class='ocr_par' dir='ltr' id='par_1_111' title="bbox 2205 4939 3718 5012">
     <span class='ocr_line' id='line_1_111' title="bbox 2205 4939 3718 5012; baseline 0.004 -22"><span class='ocrx_word' id='word_1_781' title='bbox 2205 4939 2316 5012; x_wconf 77' lang='grc'>(72)</span> <span class='ocrx_word' id='word_1_782' title='bbox 2351 4939 2533 5005; x_wconf 73' lang='grc' dir='ltr'><strong>Θεοῦς</strong></span> <span class='ocrx_word' id='word_1_783' title='bbox 2566 4943 2930 5008; x_wconf 78' lang='grc' dir='ltr'>θεραπεύειν.</span> <span class='ocrx_word' id='word_1_784' title='bbox 2964 4940 3332 4998; x_wconf 86' lang='lat' dir='ltr'><strong>Philostratus</strong></span> <span class='ocrx_word' id='word_1_785' title='bbox 3362 4941 3563 5012; x_wconf 88' lang='lat' dir='ltr'><strong>omittit</strong></span> <span class='ocrx_word' id='word_1_786' title='bbox 3591 4958 3718 5012; x_wconf 87' lang='lat' dir='ltr'><strong>par-</strong></span> 
     </span>
    </p>
   </div>
   <div class='ocr_carea' id='block_1_112' title="bbox 2130 5007 3718 5080">
    <p class='ocr_par' dir='ltr' id='par_1_112' title="bbox 2130 5007 3718 5080">
     <span class='ocr_line' id='line_1_112' title="bbox 2130 5007 3718 5080; baseline 0.004 -18"><span class='ocrx_word' id='word_1_787' title='bbox 2130 5007 2356 5062; x_wconf 83' lang='lat' dir='ltr'><strong>ticulam</strong></span> <span class='ocrx_word' id='word_1_788' title='bbox 2398 5026 2458 5063; x_wconf 85' lang='grc' dir='ltr'><strong>τε</strong></span> <span class='ocrx_word' id='word_1_789' title='bbox 2498 5007 2660 5080; x_wconf 86' lang='lat' dir='ltr'><strong>quam</strong></span> <span class='ocrx_word' id='word_1_790' title='bbox 2700 5013 2791 5066; x_wconf 89' lang='lat' dir='ltr'><strong>hic</strong></span> <span class='ocrx_word' id='word_1_791' title='bbox 2827 5015 3084 5067; x_wconf 86' lang='lat' dir='ltr'><strong>insertam</strong></span> <span class='ocrx_word' id='word_1_792' title='bbox 3121 5014 3321 5067; x_wconf 87' lang='lat' dir='ltr'><strong>habent</strong></span> <span class='ocrx_word' id='word_1_793' title='bbox 3363 5012 3506 5066; x_wconf 88' lang='lat' dir='ltr'><strong>edita</strong></span> <span class='ocrx_word' id='word_1_794' title='bbox 3546 5007 3718 5069; x_wconf 80' lang='lat' dir='ltr'><strong>Euse-</strong></span> 
     </span>
    </p>
   </div>
   <div class='ocr_carea' id='block_1_113' title="bbox 2131 5080 3716 5153">
    <p class='ocr_par' dir='ltr' id='par_1_113' title="bbox 2131 5080 3716 5153">
     <span class='ocr_line' id='line_1_113' title="bbox 2131 5080 3716 5153; baseline 0.003 -21"><span class='ocrx_word' id='word_1_795' title='bbox 2131 5080 2316 5153; x_wconf 82' lang='lat' dir='ltr'><strong>biaua,</strong></span> <span class='ocrx_word' id='word_1_796' title='bbox 2348 5082 2541 5153; x_wconf 86' lang='lat' dir='ltr'><strong>melius</strong></span> <span class='ocrx_word' id='word_1_797' title='bbox 2571 5097 2691 5136; x_wconf 90' lang='lat' dir='ltr'><strong>eam</strong></span> <span class='ocrx_word' id='word_1_798' title='bbox 2726 5099 2826 5152; x_wconf 84' lang='lat' dir='ltr'><strong>ego</strong></span> <span class='ocrx_word' id='word_1_799' title='bbox 2854 5099 3071 5153; x_wconf 87' lang='lat' dir='ltr'><strong>quoque</strong></span> <span class='ocrx_word' id='word_1_800' title='bbox 3104 5084 3280 5136; x_wconf 62' lang='lat' dir='ltr'><strong>Oll‘lilli</strong></span> <span class='ocrx_word' id='word_1_801' title='bbox 3314 5093 3517 5150; x_wconf 85' lang='lat' dir='ltr'><strong>putem,</strong></span> <span class='ocrx_word' id='word_1_802' title='bbox 3545 5083 3622 5136; x_wconf 89' lang='lat' dir='ltr'><strong>illi</strong></span> <span class='ocrx_word' id='word_1_803' title='bbox 3653 5100 3716 5137; x_wconf 87' lang='grc' dir='ltr'><strong>τε</strong></span> 
     </span>
    </p>
   </div>
   <div class='ocr_carea' id='block_1_114' title="bbox 2139 5152 3720 5221">
    <p class='ocr_par' dir='ltr' id='par_1_114' title="bbox 2139 5152 3720 5221">
     <span class='ocr_line' id='line_1_114' title="bbox 2139 5152 3720 5221; baseline 0.003 -18"><span class='ocrx_word' id='word_1_804' title='bbox 2139 5152 2282 5203; x_wconf 90' lang='lat' dir='ltr'><strong>enim</strong></span> <span class='ocrx_word' id='word_1_805' title='bbox 2321 5152 2453 5205; x_wconf 90' lang='lat' dir='ltr'><strong>nihil</strong></span> <span class='ocrx_word' id='word_1_806' title='bbox 2498 5153 2809 5220; x_wconf 84' lang='lat' dir='ltr'><strong>respondet.</strong></span> <span class='ocrx_word' id='word_1_807' title='bbox 2846 5152 2899 5207; x_wconf 80' lang='lat' dir='ltr'><strong>et</strong></span> <span class='ocrx_word' id='word_1_808' title='bbox 2951 5155 3234 5221; x_wconf 85' lang='lat' dir='ltr'><strong>sequentia</strong></span> <span class='ocrx_word' id='word_1_809' title='bbox 3285 5153 3394 5206; x_wconf 91' lang='lat' dir='ltr'><strong>duo</strong></span> <span class='ocrx_word' id='word_1_810' title='bbox 3424 5153 3542 5205; x_wconf 85' lang='lat' dir='ltr'><strong>cola</strong></span> <span class='ocrx_word' id='word_1_811' title='bbox 3576 5155 3720 5208; x_wconf 87' lang='lat' dir='ltr'><strong>inter</strong></span> 
     </span>
    </p>
   </div>
   <div class='ocr_carea' id='block_1_115' title="bbox 2139 5222 3718 5294">
    <p class='ocr_par' dir='ltr' id='par_1_115' title="bbox 2139 5222 3718 5294">
     <span class='ocr_line' id='line_1_115' title="bbox 2139 5222 3718 5294; baseline 0.003 -20"><span class='ocrx_word' id='word_1_812' title='bbox 2139 5235 2200 5274; x_wconf 86' lang='lat' dir='ltr'><strong>se</strong></span> <span class='ocrx_word' id='word_1_813' title='bbox 2232 5222 2435 5294; x_wconf 81' lang='lat' dir='ltr'><strong>rectius</strong></span> <span class='ocrx_word' id='word_1_814' title='bbox 2466 5223 2555 5276; x_wconf 88' lang='lat' dir='ltr'><strong>illa</strong></span> <span class='ocrx_word' id='word_1_815' title='bbox 2593 5224 2856 5292; x_wconf 88' lang='lat' dir='ltr'><strong>particula</strong></span> <span class='ocrx_word' id='word_1_816' title='bbox 2890 5225 3214 5294; x_wconf 78' lang='lat' dir='ltr'><strong>junguntur,</strong></span> <span class='ocrx_word' id='word_1_817' title='bbox 3247 5230 3504 5290; x_wconf 86' lang='lat' dir='ltr'><strong>tanquam</strong></span> <span class='ocrx_word' id='word_1_818' title='bbox 3536 5235 3718 5291; x_wconf 86' lang='lat' dir='ltr'><strong>partes</strong></span> 
     </span>
    </p>
   </div>
   <div class='ocr_carea' id='block_1_116' title="bbox 2139 5293 3716 5364">
    <p class='ocr_par' dir='ltr' id='par_1_116' title="bbox 2139 5293 3716 5364">
     <span class='ocr_line' id='line_1_116' title="bbox 2139 5293 3716 5364; baseline 0.003 -20"><span class='ocrx_word' id='word_1_819' title='bbox 2139 5293 2475 5346; x_wconf 86' lang='lat' dir='ltr'><strong>continentia</strong></span> <span class='ocrx_word' id='word_1_820' title='bbox 2524 5301 2727 5357; x_wconf 85' lang='lat' dir='ltr'><strong>cultus,</strong></span> <span class='ocrx_word' id='word_1_821' title='bbox 2772 5307 2932 5363; x_wconf 82' lang='lat' dir='ltr'><strong>quem</strong></span> <span class='ocrx_word' id='word_1_822' title='bbox 2981 5293 3012 5347; x_wconf 84' lang='lat' dir='ltr'><strong>a</strong></span> <span class='ocrx_word' id='word_1_823' title='bbox 3075 5293 3398 5364; x_wconf 60' lang='lat' dir='ltr'><strong>Pythagorae</strong></span> <span class='ocrx_word' id='word_1_824' title='bbox 3447 5295 3716 5362; x_wconf 81' lang='lat' dir='ltr'><strong>sapientia</strong></span> 
     </span>
    </p>
   </div>
   <div class='ocr_carea' id='block_1_117' title="bbox 2140 5365 2631 5432">
    <p class='ocr_par' dir='ltr' id='par_1_117' title="bbox 2140 5365 2631 5432">
     <span class='ocr_line' id='line_1_117' title="bbox 2140 5365 2631 5432; baseline 0.002 -18"><span class='ocrx_word' id='word_1_825' title='bbox 2140 5375 2200 5414; x_wconf 89' lang='lat' dir='ltr'><strong>se</strong></span> <span class='ocrx_word' id='word_1_826' title='bbox 2222 5369 2498 5432; x_wconf 82' lang='lat' dir='ltr'><strong>accepisse</strong></span> <span class='ocrx_word' id='word_1_827' title='bbox 2537 5365 2631 5416; x_wconf 91' lang='lat' dir='ltr'><strong>ait.</strong></span> 
     </span>
    </p>
   </div>
   <div class='ocr_carea' id='block_1_118' title="bbox 2211 5432 3129 5502">
    <p class='ocr_par' dir='ltr' id='par_1_118' title="bbox 2211 5432 3129 5502">
     <span class='ocr_line' id='line_1_118' title="bbox 2211 5432 3129 5502; baseline 0.004 -18"><span class='ocrx_word' id='word_1_828' title='bbox 2211 5432 2324 5502; x_wconf 78' lang='grc'>(75)</span> <span class='ocrx_word' id='word_1_829' title='bbox 2378 5433 2492 5498; x_wconf 82' lang='grc' dir='ltr'><strong>Ὧς.</strong></span> <span class='ocrx_word' id='word_1_830' title='bbox 2527 5432 2784 5487; x_wconf 86' lang='lat' dir='ltr'><strong>Philostr.</strong></span> <span class='ocrx_word' id='word_1_831' title='bbox 2821 5432 2983 5487; x_wconf 85' lang='lat' dir='ltr'><strong>habet</strong></span> <span class='ocrx_word' id='word_1_832' title='bbox 3013 5434 3129 5488; x_wconf 81' lang='grc' dir='ltr'>καί.</span> 
     </span>
    </p>
   </div>
   <div class='ocr_carea' id='block_1_119' title="bbox 2213 5502 3716 5575">
    <p class='ocr_par' dir='ltr' id='par_1_119' title="bbox 2213 5502 3716 5575">
     <span class='ocr_line' id='line_1_119' title="bbox 2213 5502 3716 5575; baseline 0.001 -19"><span class='ocrx_word' id='word_1_833' title='bbox 2213 5502 2327 5573; x_wconf 71' lang='grc'>(74)</span> <span class='ocrx_word' id='word_1_834' title='bbox 2377 5503 2701 5572; x_wconf 71' lang='grc' dir='ltr'>Ἇπόρῤητά</span> <span class='ocrx_word' id='word_1_835' title='bbox 2719 5520 2850 5556; x_wconf 79' lang='grc' dir='ltr'>τινα</span> <span class='ocrx_word' id='word_1_836' title='bbox 2879 5502 3319 5575; x_wconf 66' lang='grc' dir='ltr'>ξυτηφάμματα.</span> <span class='ocrx_word' id='word_1_837' title='bbox 3343 5502 3472 5560; x_wconf 85' lang='lat' dir='ltr'><strong>H.e.</strong></span> <span class='ocrx_word' id='word_1_838' title='bbox 3509 5504 3716 5575; x_wconf 84' lang='lat' dir='ltr'><strong>scripta</strong></span> 
     </span>
    </p>
   </div>
   <div class='ocr_carea' id='block_1_120' title="bbox 2137 5575 3718 5640">
    <p class='ocr_par' dir='ltr' id='par_1_120' title="bbox 2137 5575 3718 5640">
     <span class='ocr_line' id='line_1_120' title="bbox 2137 5575 3718 5640; baseline 0.001 -14"><span class='ocrx_word' id='word_1_839' title='bbox 2137 5575 2306 5628; x_wconf 84' lang='lat' dir='ltr'><strong>variis</strong></span> <span class='ocrx_word' id='word_1_840' title='bbox 2353 5575 2650 5627; x_wconf 87' lang='lat' dir='ltr'><strong>involucris</strong></span> <span class='ocrx_word' id='word_1_841' title='bbox 2688 5589 2910 5628; x_wconf 89' lang='lat' dir='ltr'><strong>sensum</strong></span> <span class='ocrx_word' id='word_1_842' title='bbox 2955 5575 3312 5640; x_wconf 87' lang='lat' dir='ltr'><strong>involvenlia,</strong></span> <span class='ocrx_word' id='word_1_843' title='bbox 3352 5583 3414 5629; x_wconf 93' lang='lat' dir='ltr'><strong>ut</strong></span> <span class='ocrx_word' id='word_1_844' title='bbox 3463 5577 3718 5631; x_wconf 85' lang='lat' dir='ltr'><strong>solebant</strong></span> 
     </span>
    </p>
   </div>
   <div class='ocr_carea' id='block_1_121' title="bbox 2139 5644 3720 5714">
    <p class='ocr_par' dir='ltr' id='par_1_121' title="bbox 2139 5644 3720 5714">
     <span class='ocr_line' id='line_1_121' title="bbox 2139 5644 3720 5714; baseline 0.003 -19"><span class='ocrx_word' id='word_1_845' title='bbox 2139 5644 2402 5714; x_wconf 78' lang='lat' dir='ltr'><strong>symbolis</strong></span> <span class='ocrx_word' id='word_1_846' title='bbox 2432 5645 2548 5698; x_wconf 89' lang='lat' dir='ltr'><strong>suis</strong></span> <span class='ocrx_word' id='word_1_847' title='bbox 2575 5646 2655 5698; x_wconf 89' lang='lat' dir='ltr'><strong>uti</strong></span> <span class='ocrx_word' id='word_1_848' title='bbox 2699 5645 2766 5698; x_wconf 88' lang='lat' dir='ltr'><strong>ad</strong></span> <span class='ocrx_word' id='word_1_849' title='bbox 2809 5645 3069 5714; x_wconf 86' lang='lat' dir='ltr'><strong>tegendas</strong></span> <span class='ocrx_word' id='word_1_850' title='bbox 3095 5646 3409 5702; x_wconf 84' lang='lat' dir='ltr'><strong>reconditas</strong></span> <span class='ocrx_word' id='word_1_851' title='bbox 3439 5646 3720 5702; x_wconf 81' lang='lat' dir='ltr'><strong>doctrinas</strong></span> 
     </span>
    </p>
   </div>
   <div class='ocr_carea' id='block_1_122' title="bbox 2136 5712 3724 5789">
    <p class='ocr_par' dir='ltr' id='par_1_122' title="bbox 2136 5712 3724 5789">
     <span class='ocr_line' id='line_1_122' title="bbox 2136 5712 3724 5789; baseline 0.003 -23"><span class='ocrx_word' id='word_1_852' title='bbox 2136 5712 2628 5789; x_wconf 87' lang='lat' dir='ltr'><strong>illi_phi_losophi,_</strong></span> <span class='ocrx_word' id='word_1_853' title='bbox 2667 5712 3025 5786; x_wconf 60' lang='lat' dir='ltr'><strong>symbol&#39;icam</strong></span> <span class='ocrx_word' id='word_1_854' title='bbox 3083 5716 3282 5772; x_wconf 89' lang='lat' dir='ltr'><strong>imitati</strong></span> <span class='ocrx_word' id='word_1_855' title='bbox 3333 5715 3724 5789; x_wconf 43' lang='lat' dir='ltr'><strong>Egyptiorum,</strong></span> 
     </span>
    </p>
   </div>
   <div class='ocr_carea' id='block_1_123' title="bbox 2135 5784 2733 5856">
    <p class='ocr_par' dir='ltr' id='par_1_123' title="bbox 2135 5784 2733 5856">
     <span class='ocr_line' id='line_1_123' title="bbox 2135 5784 2733 5856; baseline 0.003 -16"><span class='ocrx_word' id='word_1_856' title='bbox 2135 5784 2456 5856; x_wconf 72' lang='lat' dir='ltr'><strong>sapientiam</strong></span> <span class='ocrx_word' id='word_1_857' title='bbox 2483 5784 2733 5856; x_wconf 70' lang='lat' dir='ltr'><strong>passim.‘</strong></span> 
     </span>
    </p>
   </div>
  </div>
