4112 6418
420 456 525 514 81⁸1

1542 450 1747 506 LIBER
1780 448 2058 506 CONTRA
2097 445 2516 505 BIEROCLEM.

3561 446 3685 505 8l8‘

417 576 529 628 νεῖν
557 570 753 633 ἔπεισι,
784 569 877 623 καὶ
913 567 1009 640 τὴν
1041 567 1168 640 περὶ
1195 565 1382 622 τούτου
1412 567 1594 622 πίστιν
1637 570 1829 633 αἰτεῖν,
1863 569 1985 623 οὐδὲ

2094 576 2210 623 ctro
2246 567 2600 637 "inquirere,
2634 565 2859 636 ejusque
2889 570 3208 636 argumenta
3239 571 3299 618 ut
3325 563 3450 620 edat
3478 572 3670 635 postu-

419 664 528 720 τῶν
570 662 697 735 παρ’
729 660 876 732 αὑτῷ
912 659 1124 714 κύκνων
1155 660 1253 724 τὰς
1294 660 1613 728 ἀποδείξεις,
1644 660 1737 725 οὓς
1765 661 1987 731 γελοίως

418 756 706 811 τίκτουσαν
730 753 891 807 αὑτὸν
915 750 1011 823 τὴν
1040 753 1253 825 μητέρα
1276 752 1371 808 καὶ
1392 754 1716 825 περιστῆσαι
1738 753 1869 824 (85),
1896 753 1989 806 καὶ

425 845 709 921 μαιοῦσθαι
735 846 955 916 ἱστορεῖ.
999 843 1137 897 Ἀλλ’
1170 844 1291 898 οὑδὲ
1324 845 1451 917 περὶ
1481 844 1573 898 τοῦ
1605 844 1849 918 σκηπτοῦ
1878 844 1989 917 (84)

424 937 746 1010 μυθολογίας
772 937 863 990 τὸν
900 936 1150 1008 μάρτυρα
1191 935 1452 1008 παρέχειν
1495 935 1649 1001 ἀξιῶ.
1685 936 1759 991 Οὑ
1788 937 1893 1009 γὰρ
1925 936 1990 1006 δὴ

421 1026 516 1081 καὶ
546 1027 768 1088 τούτων,
802 1026 877 1088 ὡς
906 1025 1030 1096 ἔφη,
1067 1024 1241 1095 Δάμις
1268 1027 1401 1095 ἡμῖν
1446 1023 1710 1097 ξυνίστωρ
1737 1025 1845 1097 (85)
1890 1026 1993 1094 ἀφ-

422 1115 609 1185 ίξεται,
640 1115 833 1187 μακρῷ
851 1114 1075 1187 ὕστερον
1103 1116 1160 1168 ἐν
1188 1112 1334 1186 Νίνῳ
1358 1115 1456 1187 τῆς
1494 1114 1778 1186 Ἀσσυρίας
1806 1112 1993 1185 τάνδρὶ

422 1206 679 1277 ξυνάψας.
727 1206 871 1276 Ἐγὼ
909 1206 1006 1277 μὲν
1037 1201 1129 1260 οὖν
1163 1201 1221 1260 εὖ
1261 1206 1405 1278 μάλα
1450 1205 1744 1278 προθύμως
1774 1206 1995 1269 τοῖςεί-

420 1299 538 1353 κόσι
563 1317 622 1354 τε
666 1301 759 1353 καὶ
792 1297 1049 1369 ἀληθείας
1096 1298 1377 1369 ἐχομένοις
1421 1296 1760 1368 πειθόμενος,
1808 1298 1856 1349 εί
1900 1296 1995 1350 καὶ

423 1392 645 1464 μείζονά
669 1410 790 1446 τινα
815 1391 938 1446 καθ’
973 1390 1272 1463 ὑπερϐολὴν
1299 1392 1356 1455 ὲς
1382 1390 1601 1444 ἔπαινον
1634 1390 1825 1462 ἀνδρὸς
1860 1391 1998 1460 ἀγα-

420 1483 513 1539 θοῦ
570 1485 770 1554 λέγοιτ’
810 1484 896 1552 ἂν,
954 1483 1121 1538 πιστά
1174 1484 1268 1538 καὶ
1328 1480 1671 1555 παραδεκτέα
1717 1478 1853 1536 εἷναί
1907 1498 1994 1553 μοι

418 1576 580 1641 δοκῶ,
613 1577 694 1631 ὅτι
741 1576 815 1648 μὴ
870 1575 1003 1647 μόνα
1042 1575 1110 1629 τὰ
1158 1573 1435 1648 τερατώδη
1479 1575 1575 1630 καὶ
1623 1573 1788 1645 λήρου
1835 1572 1993 1629 πλέα.

419 1667 627 1723 Οὑκουν
668 1667 940 1740 φθονείην,
987 1668 1041 1721 ετ
1078 1684 1241 1738 φησιν
1287 1667 1315 1719 ό
1357 1665 1700 1739 ξυγγραφεὺς
1732 1665 1890 1734 γένος
1936 1681 1997 1717 τε

419 1762 663 1832 ἀρχαῖον,
690 1759 782 1813 καὶ
812 1760 920 1813 τῶν
946 1760 1199 1813 οἰκιστῶν
1227 1758 1538 1830 ἀνημμένον
1569 1756 1646 1828 τῷ
1666 1757 1819 1830 ἀνδρὶ
1847 1773 2000 1825 γεγο-

420 1851 568 1906 νέναι
587 1867 602 1883 ⁸
630 1852 725 1905 καὶ
751 1850 997 1905 πλουτῶν
1020 1852 1070 1903 εί
1096 1849 1268 1915 οὑτως
1299 1850 1488 1922 ἔτυχεν
1513 1850 1652 1921 ὑπὲρ
1680 1849 1806 1914 τοὺς
1833 1850 2001 1919 ἐγχω-

2094 659 2228 722 lare,
2264 667 2320 713 ut
2347 660 2499 723 item,
2532 648 2599 713 de
2620 658 2811 730 cycnis
2834 672 2954 727 quae
2988 656 3151 711 habet
3181 657 3249 722 ‘°,
3274 657 3502 728 probet,
3529 672 3669 727 quies

2090 750 2322 805 ridicule
2353 757 2583 804 matrem
2627 748 2772 819 ejus,
2830 748 3007 819 ipsum
3044 748 3156 818 jam
3206 749 3527 820 parientem.
3558 749 3670 804 cir—

2093 840 2464 903 cumstetisse,
2488 841 2647 910 eique
2692 840 3064 895 obstetriciam
3101 841 3420 910 prmstitisse
3443 856 3664 911 operam

2093 941 2300 985 narrat.
2357 929 2471 985 lmo
2501 946 2677 1001 neque
2731 938 2788 985 ut
2823 929 3019 985 fabulas
3047 931 3090 962 ¹¹
3127 931 3192 986 de
3224 932 3449 986 fulmine
3471 937 3664 987 testem

2093 1020 2363 1092 producat
2385 1029 2599 1091 expeto.
2643 1018 2831 1091 Neque
2872 1022 3016 1076 enim
3060 1020 3287 1075 istorum
3320 1022 3479 1075 etiam
3534 1036 3669 1075 con-

2094 1112 2245 1168 scius
2275 1110 2481 1173 Damis.
2512 1110 2579 1165 ad
2624 1126 2785 1182 quem
2843 1114 3179 1182 provocavit,
3214 1112 3372 1167 nobis
3407 1112 3666 1182 prodibit,

2093 1204 2187 1274 qui
2218 1204 2312 1259 diu
2361 1212 2484 1276 post
2536 1202 2754 1259 demum
2811 1202 2959 1270 Nini,
2989 1203 3226 1276 Assyria:
3256 1206 3409 1269 urbe,
3462 1206 3581 1260 viro
3606 1220 3668 1261 se

2094 1296 2366 1365 adjunxit.
2404 1294 2609 1367 Nempe
2651 1310 2751 1367 ego
2774 1294 2991 1367 quidem
3019 1297 3394 1353 lubentissime
3415 1298 3670 1368 probabi-

2093 1388 2236 1443 libus
2256 1388 2439 1451 rebus,
2460 1397 2515 1442 et
2540 1387 2606 1442 ad
2643 1403 2828 1442 verum
2846 1387 3072 1459 propius
3101 1388 3485 1444 accedentibus
3510 1388 3666 1444 iidem

2097 1479 2325 1542 habens,
2355 1479 2482 1533 licet
2528 1479 2690 1533 etiam
2743 1479 2986 1551 quaedam
3037 1480 3321 1550 magnifice
3351 1481 3543 1551 magis,
3573 1495 3670 1552 per

2097 1570 2597 1641 exaggerationem,
2632 1570 2697 1625 ad
2731 1571 3261 1626 commendationem
3300 1572 3396 1626 viri
3434 1572 3558 1627 boni
3586 1571 3668 1625 al“-

2098 1659 2366 1724 ferantur,
2423 1676 2487 1715 ea
2547 1659 2820 1715 credenda
2853 1676 2976 1715 esse
3023 1661 3504 1732 amplectendaque
3534 1659 3669 1714 mihi

2101 1749 2424 1822 persuadeo,
2458 1752 2618 1806 modo
2639 1766 2709 1806 ne
2752 1764 3059 1806 monstrosa
3094 1752 3207 1806 sint
3264 1753 3445 1824 plane,
3478 1761 3530 1806 et
3558 1759 3673 1805 sto-

2100 1843 2225 1899 lidis
2259 1844 2529 1916 ﬁgmentis
2568 1843 2790 1899 referta.
2824 1841 3010 1913 Neque
3039 1844 3174 1899 adeo
3203 1842 3494 1908 invideam,
3526 1843 3672 1914 quod

421 1943 569 2016 ρίους
600 1943 847 2009 ἅπαντας
870 1962 882 1974 ο
914 1943 1250 1998 διδασκάλων
1283 1959 1363 2009 τε,
1412 1943 1529 1997 νέον
1561 1942 1709 2007 ὄντα,
1748 1942 1807 1995 οὑ
1839 1943 1994 2014 μόνον

2098 1936 2246 1990 dicat
2283 1936 2599 2000 historicus,
2655 1952 2828 2008 genus
2886 1951 3007 1991 esse
3053 1937 3172 1989 viro
3199 1936 3586 2005 antiquum”,
3618 1943 3674 1988 et

417 2034 525 2089 τῶν
569 2035 955 2107 δεδηλωμένων
1008 2038 1211 2106 τυχεῖν,
1258 2034 1395 2099 ἀλλ’,
1439 2036 1488 2088 εἰ
1529 2035 1694 2098 δοκεῖ,
1726 2033 1821 2087 καὶ
1869 2031 1993 2087 τοὺ-

417 2143 523 2181 των
551 2126 659 2199 (86)
690 2128 851 2181 αὑτὸν
878 2127 1195 2181 διδάσκαλον
1221 2128 1315 2181 καὶ
1348 2125 1665 2199 καθηγητὴν
1693 2123 1990 2195 γεγονέναι.

422 2219 601 2273 Ἔστω
633 2220 678 2273 δ’
711 2222 804 2274 ἐπὶ
837 2219 1048 2284 τούτοις
1091 2220 1349 2292 ἐντρεχὴς
1374 2221 1467 2272 καὶ
1497 2218 1566 2273 τά
1598 2218 1775 2283 κοινὰ,
1804 2216 1879 2281 ὡς
1903 2216 1995 2270 τὸν

416 2311 476 2377 ἔς
521 2311 848 2384 Ἀσκληπιοῦ
878 2311 1173 2385 θεραπείας
1205 2312 1365 2383 χάριν
1394 2312 1719 2382 ἀφιγμένον,
1752 2311 1840 2364 διὰ
1855 2309 1997 2380 γνώ-

420 2417 529 2473 μης
576 2402 806 2474 ἀρίστης
853 2400 1162 2468 ἀπαλλάξαι
1209 2401 1312 2471 τῆς
1355 2401 1684 2475 ἀρρωστίας.
1733 2398 1994 2455 Νοσοῦντι

416 2493 604 2563 γάρζδὴ
639 2492 829 2564 ὑδέρου
876 2491 1061 2554 πάθει,
1109 2490 1445 2561 κατάλληλον
1492 2491 1818 2563 ἐγκρατείας
1868 2491 1995 2543 ὑπο-

417 2583 602 2639 θέσθαι
641 2582 849 2638 δίαιταν
893 2583 972 2655 τῷ
999 2584 1280 2656 κάμνοντι,
1313 2584 1406 2639 καὶ
1452 2582 1624 2655 ταύτῃ
1666 2583 1827 2637 αὑτὸν
1869 2583 1997 2653 ὑγιᾶ

417 2676 776 2747 καταστῆσαι,
804 2676 898 2731 καὶ
937 2675 1111 2748 τούτῳ
1136 2693 1200 2747 γε
1232 2677 1330 2748 τῆς
1360 2677 1673 2749 φρονήσεως
1702 2675 1996 2732 ἀποδεκτόν

415 2767 477 2825 τὸ
513 2768 817 2843 μειράκιον.
836 2770 945 2825 Καὶ
976 2769 1052 2834 ὡς
1079 2770 1170 2823 τὸν
1199 2768 1505 2832 πολυτελῶς
1529 2768 1640 2839 (87)
1684 2768 1834 2823 θύειν
1856 2786 1998 2841 παρ-

422 2860 823 2933 εσκευασμένον
860 2854 1057 2933 εἷρξεν,
1086 2856 1174 2914 οἷα
1205 2860 1350 2923 εἰκὸς
1388 2859 1480 2913 ἐπὶ
1510 2860 1676 2932 κακίᾳ
1715 2858 1998 2932 διαϐεϐοη-

422 2952 580 3025 μένον
603 2972 617 2986 ·
677 2953 771 3007 καὶ
821 2952 931 3023 γὰρ
974 2952 1038 3024 δὴ
1092 2954 1184 3006 καὶ
1240 2951 1350 3006 τῶν
1404 2952 1685 3022 ἐγχωρίων
1730 2950 1995 3005 ’ἁπάντων

418 3039 818 3095 πλουσιώτατόν
842 3040 952 3109 (88)
984 3057 1045 3094 τε
1076 3040 1171 3094 καὶ
1202 3039 1665 3112 περιφανέστατον
1688 3040 1851 3095 αὑτὸν
1873 3041 1999 3094 ὑπο-

415 3131 641 3187 τίθεται.
676 3132 788 3186 Καὶ
826 3134 883 3185 ὲν
922 3131 1164 3205 σώφροσι
1190 3133 1234 3186 δ’
1268 3131 1429 3185 αὑτὸν
1457 3131 1650 3202 φθόνος
1678 3133 1853 3197 οὐδεὶς
1873 3133 2000 3187 ἀνα-

414 3224 668 3297 γράφειν,
695 3225 778 3278 ὃτι
811 3242 870 3279 τε
900 3225 1035 3298 πρὸς
1066 3224 1158 3278 τὸν
1181 3223 1435 3296 ἐραστὴν,
1463 3223 1800 3297 πειρώμενον
1828 3223 1994 3280 αὑτοῦ

413 3317 513 3388 τῆς
541 3316 710 3388 ὥρας,
748 3316 1200 3388 διελοιδορήσατο,
1242 3317 1337 3370 καὶ
1360 3317 1676 3386 γυναικείας
1707 3317 1789 3369 ὅτι
1821 3315 1993 3370 καθα·
2022 3299 2065 3358 C

427 3410 517 3480 ρδν
560 3409 749 3462 ἑαυτὸν
786 3409 984 3480 μίξεως
1026 3409 1115 3464 διὰ
1158 3409 1365 3475 τέλους,
1415 3411 1492 3474 ὼς
1532 3411 1561 3462 ὁ
1606 3410 1764 3479 λόγος
1808 3411 1995 3481 φησὶν,

421 3501 616 3570 ἦγαγε.
642 3500 814 3553 Πιστά
848 3501 895 3554 δ’
935 3501 1075 3554 ἔστω
1114 3501 1209 3555 καὶ
1247 3501 1315 3555 τά
1345 3502 1447 3571 τῆς
1490 3501 1818 3567 πενταετοῦς
1854 3505 1999 3559 κατὰ

419 3590 742 3662 Πυθαγόραν
773 3592 983 3663 σιωπῆς
1013 3593 1201 3656 αὑτοῦ,
1230 3593 1323 3646 καὶ
1364 3594 1452 3655 τὰ,
1497 3595 1646 3658 ὅπως
1670 3594 1873 3666 ταύτην
1908 3594 1992 3649 δι-

418 3682 636 3753 ήνυσεν,
666 3682 889 3736 ὲπαίνου
921 3682 1065 3748 ἄξια.
1099 3681 1284 3737 Ταῦτα
1300 3682 1384 3754 δὴ,
1404 3684 1498 3737 καὶ
1530 3684 1633 3738 ὃσα
1660 3683 1885 3738 τοιαῦτα
1903 3687 1998 3740 ἀν-

416 3772 683 3845 θρώπινα,
718 3775 813 3828 καὶ
834 3775 909 3838 ὡς
932 3775 1148 3845 ἀληθῶς
1176 3774 1493 3845 φιλοσοφίας
1522 3775 1616 3829 καὶ
1648 3774 1904 3846 ἀληθείας
1933 3777 1994 3830 οὐ

416 3866 628 3939 πόρρω,
658 3866 861 3939 δέχοιμ’
890 3867 978 3931 ἂν,
1015 3869 1144 3941 περὶ
1184 3866 1378 3921 πολλοῦ
1411 3867 1472 3920 τὸ
1494 3866 1774 3939 εὑγνωμόν
1800 3886 1861 3922 τε
1904 3869 1996 3923 καὶ

416 3957 707 4031 φιλάληθες
736 3960 1061 4032 τιμώμενος.
1104 3959 1176 4012 Τό
1200 3959 1265 4029 γέ
1292 3976 1374 4013 τοι
1420 3961 1667 4032 κρεῖττον
1705 3958 1993 4032 ἀνθρώπου

412 4049 511 4122 τὴν
538 4050 698 4120 φύσιν
737 4051 1105 4116 ὑποτίθεσθαι,
1138 4052 1233 4106 καὶ
1277 4050 1426 4123 παρά
1465 4051 1630 4125 πόδας
1676 4052 1785 4121 (89)
1832 4053 1991 4107 ἐναν-

412 4142 691 4212 τιολογείν,
738 4144 838 4210 τῆς
884 4160 944 4197 τε
999 4142 1247 4215 δοθείσης
1284 4145 1615 4215 ἀμνημονεῖν
1661 4142 1988 4211 ὑποθέσεως,

412 4233 556 4307 ἔχειν
580 4235 746 4306 ψόγον
777 4236 864 4301 ἂν,
896 4237 992 4291 καὶ
1031 4236 1281 4310 διαϐολὴν
1310 4236 1457 4309 αὑτῷ
1496 4255 1556 4291 τε
1595 4237 1673 4310 τῷ
1703 4238 1988 4312 γράφοντι,

332 4343 340 4361 ·
414 4326 507 4379 καὶ
538 4326 674 4381 πολὺ
707 4328 970 4401 πρότερον
1009 4327 1089 4400 τῷ
1118 4328 1469 4401 γραφομένῳ,
1506 4327 1791 4400 περιάψειν
1824 4327 1985 4400 ἡγοῦ-

418 4431 537 4484 μαι.

2097 2028 2241 2100 quod
2276 2027 2330 2081 in
2376 2028 2584 2097 primos
2640 2027 2956 2083 conditores
2986 2024 3220 2101 [patriae]
3247 2027 3479 2082 desinat.
3512 2025 3671 2093 Quod

2101 2120 2229 2189 item
2259 2118 2459 2173 civium
2494 2118 2737 2173 omnium
2766 2118 3097 2174 ditissimum
3132 2119 3267 2174 heat
3298 2118 3497 2175 fuisse:
3531 2133 3672 2189 prae-

2095 2185 2455 2283 cep‘toresque
2481 2212 2530 2244 ⁸³
2568 2212 2971 2267 adolescentem
3010 2226 3119 2266 non
3173 2212 3513 2268 clarissimos
3551 2221 3674 2266 tan-

2095 2312 2210 2358 tuan
2259 2319 2382 2360 esse
2434 2313 2682 2368 nactum,
2736 2319 2925 2359 verum
2962 2305 3150 2367 etiam,
3212 2306 3258 2361 si
3308 2305 3383 2359 ita
3435 2306 3668 2375 placeat,

2093 2412 2283 2452 eorum
2309 2398 2484 2467 ipsum
2509 2397 2831 2468 magistrum
2871 2397 3151 2453 exstitisse
3184 2404 3347 2468 atque
3369 2397 3667 2459 doctorem.

2096 2491 2227 2547 Esto
2250 2502 2427 2547 autem
2460 2502 2742 2563 praeterea,
2778 2494 2939 2548 etiam
2974 2493 3026 2549 in
3064 2494 3225 2549 rebus
3248 2492 3564 2566 [ordinariis
3591 2488 3670 2564 et]

2095 2586 2410 2656 vulgaribus
2445 2600 2611 2656 sagax
2644 2603 2656 2638 :
2689 2584 2763 2639 ita
2802 2591 2863 2640 ut
2893 2585 2961 2640 ad
3023 2585 3363 2656 Asclepieum
3389 2568 3672 2641 medicina)

2098 2692 2266 2732 causa
2300 2677 2647 2733 accedentem
2685 2679 2753 2742 ",
2782 2678 2989 2748 optimo
3011 2680 3242 2735 consilio
3266 2680 3333 2734 ab
3351 2679 3674 2751 aegritudine

2097 2768 2343 2825 liberarit
2392 2768 2581 2840 (Aquae
2628 2768 2913 2826 intercutis
2959 2770 3105 2825 enim
3156 2771 3347 2839 morbo
3378 2770 3670 2834 laboranti,

2096 2860 2513 2915 convenientem
2573 2876 2721 2932 aegro
2749 2860 2807 2916 in
2864 2862 3012 2918 victu
3059 2865 3475 2934 temperantiam
3525 2861 3676 2933 quod

2097 2952 2435 3022 praeceperit,
2487 2969 2723 3025 eumque
2775 2953 2910 3010 adeo
2960 2955 3263 3010 restituerit
3298 2954 3544 3017 sanitati,
3602 2956 3675 3012 ob

2096 3042 2201 3099 boc
2252 3059 2471 3115 quoque
2524 3048 2830 3118 prudentiae.
2874 3046 3305 3122 [argumentum]
3365 3047 3675 3104 laudandus

2095 3138 2461 3211 adolescens);
2515 3139 2590 3193 ita
2623 3138 2811 3212 [porro
2858 3140 2915 3195 in
2968 3140 3133 3197 rebus
3161 3141 3480 3213 vulgaribus
3506 3157 3678 3213 sagax

2098 3228 2191 3304 sit]
2239 3239 2310 3285 σιιι
2339 3240 2393 3286 et
2438 3230 2725 3303 magniﬁce
2760 3233 2934 3289 sacris
2978 3243 3294 3304 operantem
3342 3233 3582 3305 abegerit
3603 3233 3674 3300 ³⁸,

2097 3325 2298 3397 quippe
2326 3323 2529 3380 aﬂ'atim
2560 3325 2632 3380 ob
2647 3326 2782 3381 vitia
2809 3326 3075 3383 famosum
3120 3326 3340 3399 (nempe
3395 3326 3675 3383 hominem

2098 3424 2158 3471 ut
2212 3416 2454 3487 regionis
2506 3417 2653 3474 illius
2714 3418 2951 3474 maxime
2998 3419 3220 3473 divitem
3281 3426 3675 3488 repraesentat,

2097 3508 2442 3578 maximeque
2461 3507 2877 3579 conspicuum);
2905 3524 3082 3580 neque
3099 3509 3371 3564 invideam
3403 3510 3458 3564 in
3480 3509 3680 3566 castis-

2096 3599 2252 3656 simis
2279 3615 2404 3655 eum
2445 3600 2683 3663 censeri,
2746 3601 3003 3671 quodque
3057 3607 3327 3656 amantem
3359 3601 3426 3664 “,
3461 3608 3674 3656 atatem

2097 3690 2220 3761 ejus
2247 3705 2602 3761 corrumpere
2631 3697 2959 3757 tentantem,
2997 3692 3350 3761 objurgatum
3381 3691 3673 3760 repulerit;

2097 3780 2244 3852 quod
2283 3781 2409 3835 item
2439 3794 2470 3834 a
2510 3780 2763 3835 muliebri
2820 3781 3158 3837 commercio
3208 3796 3402 3852 puram
3434 3797 3674 3853 semper,

2098 3878 2159 3924 ut
2187 3869 2419 3926 historia
2445 3869 2613 3924 refert
2634 3870 2703 3932 ³⁷,
2736 3871 2903 3926 vitam
2953 3872 3146 3943 egerit.
3181 3870 3367 3927 Fidem
3388 3872 3553 3927 etiam
3589 3873 3677 3927 in-

2097 3962 2339 4025 veniant,
2371 3978 2492 4034 que
2517 3962 2584 4016 ad
2604 3961 2999 4037 [observatum]
3040 3965 3141 4035 ipsi
3164 3964 3319 4033 juxta
3349 3962 3675 4036 Pythagora:

2106 4055 2351 4111 instituta
2375 4056 2750 4127 quinquennio
2782 4058 3055 4111 silentium
3084 4068 3331 4127 spectant
3350 4057 3416 4119 ",
3440 4064 3494 4110 et
3524 4057 3675 4126 quid-

2106 4142 2259 4213 quid,
2291 4142 2419 4197 dum
2452 4144 2579 4199 illud
2603 4144 2794 4210 obivit,
2815 4144 2972 4199 laude
3003 4133 3127 4200 récn
3147 4146 3393 4218 dignum.
3415 4144 3558 4213 Haec,
3587 4146 3673 4199 in-

2106 4248 2290 4303 quam,
2307 4242 2363 4288 et
2380 4236 2641 4305 quidquid
2664 4235 2783 4304 ejus
2807 4247 2891 4291 est
2909 4236 3143 4305 generis,
3163 4237 3455 4292 humanam
3473 4247 3673 4293 sortem

2105 4344 2213 4383 non
2254 4327 2570 4384 excedentia
2595 4370 2609 4393 ,
2646 4327 2802 4398 521
2852 4336 2907 4382 et
2957 4343 3098 4383 vera:
3154 4328 3515 4398 philosophiae
3549 4344 3679 4383 con-

2099 4429 2385 4487 sentanea,
2419 4437 2599 4492 neque
2635 4423 2803 4478 nimis
2835 4421 2904 4477 ab
2933 4422 3049 4493 ipsa
3071 4423 3301 4478 veritate
3329 4423 3529 4488 aliena,
3566 4438 3677 4477 non

414 4505 619 4564 invitus
651 4509 1004 4578 admiserim;
1040 4511 1223 4583 magni
1260 4525 1392 4568 sane
1425 4510 1717 4566 candorem
1753 4511 1985 4576 faciens,
2025 4522 2081 4570 et
2115 4515 2356 4569 studium
2393 4513 2663 4570 veritatis.
2691 4513 2760 4566 At
2779 4528 2908 4567 vero
2937 4513 3177 4569 hominis
3235 4513 3385 4569 illius
3440 4512 3677 4568 indolem

413 4597 653 4657 humana
695 4605 953 4675 majorem
987 4606 1210 4678 lingere,
1243 4609 1539 4679 statimque
1568 4609 1673 4666 sibi
1704 4608 1809 4680 ipsi
1842 4610 2245 4678 contradicere,
2273 4617 2329 4667 et
2390 4625 2587 4681 parum
2616 4624 2913 4666 memorem
2955 4625 3081 4666 esse
3136 4621 3296 4670 antea
3351 4610 3679 4680 positorum,

484 4754 829 4832 ’f_lib._‘t,hc.
861 4760 917 4815 4.
994 4762 1040 4794 ²⁰
1081 4761 1174 4832 lib.
1216 4765 1356 4825 tt',c.
1394 4764 1447 4817 5.
1525 4763 1718 4819 “ibid.
1795 4765 1840 4799 ⁸³
1880 4766 1973 4820 lib.

2107 4781 2155 4820 c.
2197 4766 2253 4820 4.
2329 4767 2376 4797 ’³
2415 4765 2510 4821 lib.
2542 4781 2596 4832 ι,
2631 4781 2682 4822 c.
2717 4767 2769 4821 '5.
2864 4766 2911 4799 “
2960 4767 3054 4822 lib.
3099 4784 3146 4830 I,
3189 4781 3239 4820 c.
3273 4764 3328 4820 9.
3404 4765 3450 4797 ”
3490 4762 3585 4817 lib.
3622 4775 3678 4829 1,

412 4838 465 4881 c.
500 4824 586 4881 ιο.
660 4828 707 4860 ⁸⁸
743 4829 840 4884 lib.
877 4846 930 4896 ι,
963 4848 1015 4888 c.
1051 4831 1137 4886 12.
1216 4835 1259 4866 ⁸⁷
1299 4835 1392 4890 lib.
1432 4852 1479 4899 ι,
1513 4852 1564 4890 c.
1599 4836 1688 4891 15.
1762 4835 1808 4868 ⁸⁸
1847 4836 1941 4892 lib.
1977 4853 1993 4892 ι

2094 4853 2129 4892 :.
2163 4836 2230 4891 14
2255 4845 2310 4891 et
2344 4835 2433 4892 16.

476 4979 597 5064 ,(85)
632 4982 1015 5064 Περιστῇσαι.
1035 4985 1400 5064 _Rest_i_tuenda
1436 5005 1503 5046 ex
1535 4988 1867 5049 Philostrato
1884 5008 1988 5047 vox

410 5051 535 5112 fuit.
566 5067 687 5121 qua
719 5051 995 5110 exciderat
1034 5058 1090 5112 in
1120 5060 1303 5116 editis.

481 5123 594 5200 (8})
629 5122 739 5177 Τοῦ
784 5127 1077 5200 σκηπτοῦ.
1127 5127 1441 5200 Legendum
1490 5131 1585 5185 τοῦ
1630 5132 1895 5200 σκηπτοῦ,
1930 5143 1989 5187 ιιι

409 5206 477 5263 ex
513 5191 642 5263 Reg.
684 5209 783 5247 ms.
816 5191 1252 5253 et'Philostrat'o
1294 5201 1663 5258 emendaram.
1708 5191 1983 5261 Hoesrex.

409 5262 615 5333 Nempe
648 5263 702 5317 in
747 5263 964 5321 Eusebii
993 5268 1157 5323 editis
1196 5270 1377 5342 inepte
1419 5274 1683 5343 scriptum
1705 5282 1822 5329 erat
1858 5276 1988 5348 περὶ

409 5334 793 5405 τοὺςηκήπους.

408 5350 535 5396 τους
568 5350 793 5397 κηπους.

617 5403 952 5492 ξμνίστωρ.
985 5407 1500 5492 agminum-reposui
1532 5427 1630 5482 pro
1664 5411 1771 5492 €bv_
1817 5413 1985 5492 l’gtpcp

409 5473 576 5558 (quod
599 5484 716 5558 erat
744 5475 797 5529 in
839 5473 1114 5546 prioribus
1154 5473 1506 5555 editionibus)
1532 5473 1808 5540 sententia
1839 5473 1988 5558 ηειξῖ-

411 5552 558 5599 tante
613 5544 883 5602 Hocsrsn.

479 5614 880 5697 (86)]‘odtwif.
920 5616 1012 5697 Sic
1035 5622 1259 5697 _resti_tui
1276 5638 1391 5697 pro
1427 5623 1635 5689 τοῦτον,
1675 5629 1986 5697 postulante

479 5638 595 5685 (ου)
632 5638 880 5700 μουτωτς.
921 5638 1012 5676 mc
1046 5638 1259 5677 resumi
1275 5638 1391 5747 ‘pro
1427 5640 1635 5689 τουτον,
1675 5638 1984 5697 postulante

411 5694 703 5768 sententia,
739 5698 795 5742 et
843 5705 961 5768 Ipsa
995 5691 1224 5768 historia
1293 5695 1592 5768 _hilos_trati
1634 5698 1984 5766 concinente,

410 5756 504 5839 qui
536 5755 1155 5839 Euxenonmagistrpjn
1188 5762 1547 5839 Pythagorica
1567 5769 1834 5839 sapientia
1858 5755 1981 5833 suo.

410 5823 569 5950 ἓξὲξ
627 5823 961 5898 summm?"
1018 5831 1190 5891 ίυίδεθ
1232 5823 1579 5907 “imbutum
1632 5823 1981 5909 Ἀροιιοηῐῡέιί

2165 4990 2277 5064 (87)
2315 4968 2535 5063 Kal
2577 4996 2687 5052 τόν
2726 4999 2939 5050 uolut.
2975 4992 3345 5064 Suspenditur
3370 4990 3559 5064 oratio
3581 5008 3680 5063 per

2020 5036 2068 5094 θ
2092 5036 2415 5133 ροῖιίέιιιοιη
2591 5036 2643 5122 αν
2663 5065 3060 5133 superioribus,
3086 5036 3229 5117 ἔστω
3254 5060 3297 5114 δ’
3329 5061 3423 5133 ἐπὶ
3450 5036 3678 5133 ,τούτοις
3718 5070 3722 5077 '

2094 5130 2350 5206 ὲντρεχὴς
2377 5139 2468 5190 καὶ
2493 5138 2561 5193 τὰ
2605 5130 2780 5197 κοινὰ,
2826 5137 2924 5189 ὨΣ
2946 5135 3038 5188 τὸν
3080 5130 3421 5206 Ἀσκληπιοξ
3437 5131 3678 5206 ἀφιγμέ-

2092 5221 2181 5286 νον
2228 5206 2533 5272 ἀπαλλάξαι
2574 5210 2674 5280 τῆς
2727 5206 3041 5279 ἀρρωστίας
3064 5245 3078 5258 .
3097 5242 3110 5251 .
3133 5242 3147 5257 .

2092 5285 2208 5328 Λυτ.
2239 5285 2347 5332 etc.

2163 5346 2271 5416 (88)
2299 5350 2409 5404 Kal
2431 5348 2557 5418 7.6.
2576 5348 2678 5418 καὶ
2715 5365 2766 5401 τ.
2798 5345 3130 5414 ἐγχωρ.ἀπ.
3157 5346 3381 5418 aloud.
3419 5341 3677 5418 Qualintn

2092 5420 2299 5472 scelera
2341 5416 2555 5474 facilius
2576 5417 2632 5471 in
2656 5417 2853 5488 vulgus
2876 5431 3134 5488 emanare
3169 5416 3369 5488 solent,
3427 5423 3485 5468 ut
3541 5416 3678 5488 adeo

2089 5488 2412 5556 Apollonius
2455 5491 2573 5545 sine
2607 5484 2791 5543 divina
2844 5487 3095 5552 scientia,
3127 5502 3193 5541 ex
3241 5484 3407 5548 fama,
3440 5499 3563 5556 qua:
3608 5487 3678 5541 ad

2093 5557 2369 5614 hominem
2404 5562 2565 5615 istum
2597 5556 2940 5628 spectabam,
2974 5558 3213 5627 potuerit
3242 5557 3563 5612 resciscere.

2163 5629 2278 5700 (89)
2309 5630 2473 5700 Παρὰ
2496 5623 2700 5695 πόὄάς.
2735 5623 2990 5700 lta__Reg.'
3018 5628 3158 5700 cod.
3182 5642 3282 5698 pro
3306 5629 3469 5700 edito
3499 5644 3678 5698 παρα-

2092 5694 2273 5766 δόάας,
2300 5694 2445 5770 quod
2473 5700 2632 5755 nauci
2668 5706 2773 5754 est.
2807 5694 3082 5770 Hocsrsn.
3116 5694 3271 5754 Hzinc
3302 5694 3592 5770 lectionem
3610 5705 3675 5770 Aet

2094 5765 2407 5896 ipsedprobo
2432 5785 2447 5835 ;
2472 5771 2787 5840 suspicatus
2835 5767 2966 5823 olim
3009 5770 3240 5838 fueram,
3266 5765 3583 5842 παραδόξως
3608 5768 3675 5822 ιο-

2094 5856 2193 5896 ιιεη
2236 5857 2327 5896 um
2363 5856 2504 5896 esse.

2092 5856 2327 5913 genuum
2363 5856 2504 5898 esse.

3187 5204 3280 5256 καὶ
3326 5202 3425 5254 ὨΣ
3448 5203 3541 5256 τὸν
3574 5202 3678 5257 που
