4112 6430
449 450 555 512 819

1082 448 1352 507 EUSEBH
1390 451 1866 509 CESARIENSIS
1902 452 2054 511 OPP.
2094 453 2293 512 PARS.
2339 454 2402 513 ll.
2443 486 2512 499 —-
2550 457 3048 517 APOLOGETICA.

3587 462 3693 518 δὶα)

447 569 500 624 id
530 566 1007 637 reprehensionem
1053 568 1274 634 mereri,
1306 578 1468 641 atque
1497 578 1612 624 tum
1672 570 1775 641 ipsi
1829 572 2084 643 scriptori
2126 583 2241 630 tum
2262 576 2434 632 multo
2447 577 2611 632 etiam
2657 578 2831 649 magis
2874 578 2944 645 ei,
2980 577 3047 633 de
3067 592 3176 648 quo
3207 575 3417 643 scribit,
3450 578 3686 649 turpitu-

444 660 626 714 dinem
660 658 858 715 all‘erre
872 659 1131 716 arbitror.

1038 774 1269 832 CAPUT
1297 775 1434 833 XIII.

513 870 694 939 Atque
709 868 826 925 haec
850 869 1068 940 quidem
1097 879 1247 935 sunt,
1273 886 1394 941 quae
1421 886 1487 925 ex
1521 871 1698 942 primo
1726 869 1869 925 libro
1891 867 2016 942 [ob-

445 961 714 1017 servanda
741 960 943 1034 fuere].
985 959 1381 1017 Percurramus
1406 978 1467 1019 ea
1490 964 1656 1019 etiam
1681 980 1804 1035 quae
1838 965 1892 1018 in
1929 979 2017 1019 se-

442 1054 622 1110 cundo
672 1064 997 1110 occurrunt.
1032 1057 1076 1088 ²⁹
1105 1054 1303 1113 Itinere
1331 1073 1398 1113 ex
1431 1057 1656 1113 Perside
1706 1057 1760 1112 in
1809 1055 2015 1112 Indiam

439 1162 565 1202 eum
615 1162 782 1218 porro
840 1156 1133 1218 prosecuta
1188 1148 1465 1222 [historia]
1518 1149 1759 1206 deducit.
1814 1148 2017 1205 Deinde

440 1254 564 1292 cum
624 1240 831 1310 aliquid
882 1241 932 1296 ei
980 1241 1293 1298 obvenisset
1363 1242 1523 1312 plane
1568 1243 1859 1305 absonum,
1912 1242 2016 1295 hoc

437 1341 522 1386 est
556 1333 1090 1399 insolitum,d2emon
1128 1334 1337 1390 scilicet
1366 1334 1585 1405 aliquis,
1619 1348 1779 1403 quem
1816 1330 2017 1401 Empu-

438 1438 556 1478 sam
589 1440 807 1495 quoque
842 1425 1135 1495 appellat’°
1162 1443 1176 1480 :
1227 1440 1351 1480 eum
1375 1424 1430 1478 in
1467 1425 1551 1478 via
1584 1424 1675 1478 ubi
1706 1433 1851 1479 esset
1881 1437 2014 1477 con-

438 1515 702 1585 spicatus,
733 1516 1000 1571 conviciis
1018 1516 1177 1587 juxta
1207 1530 1330 1571 cum
1378 1517 1545 1572 sociis
1575 1517 1844 1584 abegisse,
1884 1528 2013 1568 nar-

437 1615 548 1664 rat.
596 1606 987 1663 Animantibus
1032 1624 1162 1664 vero
1211 1612 1314 1674 eis,
1371 1607 1572 1679 quibus
1628 1615 2009 1672 vescerentur,

436 1705 636 1760 oblatis
652 1706 719 1770 δι,
761 1704 831 1759 ad
860 1704 1051 1760 Damin
1083 1705 1311 1770 dixisse,
1341 1720 1400 1761 se
1437 1704 1658 1776 quidem
1691 1703 1797 1773 ipsi
1833 1710 1889 1759 et
1919 1717 2011 1759 εοε-

435 1794 541 1849 ciis
573 1795 876 1850 concedere
924 1811 1034 1850 non
1075 1796 1350 1851 illibenter
1384 1805 1443 1849 ut
1494 1795 1754 1850 carnibus
1784 1809 2010 1849 vescan-

434 1894 558 1942 tur:
600 1888 986 1943 abstinentiam
1035 1888 1181 1943 enim
1213 1888 1281 1942 ab
1324 1888 1394 1943 iis
1437 1888 1505 1943 ad
1556 1890 1764 1943 nullam
1817 1903 2007 1943 eorum

433 1986 683 2048 spectare
716 1978 1007 2032 utilitatem
1035 1997 1050 2033 :
1098 1979 1203 2034 sibi
1238 1987 1420 2034 autem
1453 1979 1556 2034 hoc
1595 1978 1907 2035 conducere
1936 1978 2005 2032 ad

431 2078 643 2137 votum,
674 2070 820 2140 quod
851 2086 984 2140 puer
1014 2069 1203 2125 fecerit
1234 2071 1613 2142 philosophia.
1654 2070 1725 2129 At
1757 2086 1887 2126 vero
1914 2069 2004 2125 cui

2044 783 2093 841 Α

2640 778 3038 832 ΚΕΦΑΛΑΙΟΝ
3069 776 3165 835 ll".

2191 868 2300 920 Καὶ
2346 866 2517 921 ταῦτα
2557 868 2653 939 μὲν
2696 868 2802 921 ἀπὸ
2843 869 2936 923 τοῦ
2989 868 3206 940 πρώτου
3240 870 3688 946 ξυγγράμματος.

2132 958 2405 1030 Ἐπίωμεν
2446 961 2505 1015 δὲ
2545 960 2613 1015 τά
2660 962 2724 1015 ὲκ
2773 960 2868 1016 τοῦ
2920 962 3191 1037 δευτέρου.
3240 967 3351 1039 Τὴν
3396 964 3504 1023 ἀπὸ
3545 970 3691 1046 Περ-

2120 1050 2264 1115 σίδος
2313 1054 2398 1106 ἐπ’
2454 1052 2645 1118 Ἰνδοὺς
2696 1054 2920 1125 πορείαν
2968 1056 3090 1125 ἄγει
3138 1060 3470 1131 παραλαϐὼν
3528 1063 3691 1122 αὑτὸν

2116 1142 2147 1195 ὁ
2193 1142 2367 1212 λόγος.
2415 1141 2550 1199 Εἶτά
2586 1165 2641 1199 τι
2686 1147 2970 1201 πεπονθότ’
3021 1151 3399 1223 ἀπειρόκαλον,
3449 1155 3588 1230 ὅπερ
3634 1174 3691 1215 τι

2117 1235 2440 1306 παράδοξον,
2471 1236 2748 1308 δαιμόνιόν
2768 1256 2841 1303 τι,
2867 1239 2897 1292 ὃ
2925 1240 3020 1293 καὶ
3052 1242 3372 1312 Ἔμπουσαν
3409 1246 3686 1320 ὀνομάζει,

2116 1326 2256 1379 κατά
2286 1327 2384 1398 τὴν
2422 1328 2538 1381 ὁδὸν
2571 1329 2768 1390 ἰδόντα,
2802 1329 3089 1402 λοιδορίαις
3122 1334 3237 1404 ἅμα
3276 1338 3386 1400 τοῖς
3418 1338 3554 1410 ἀμφ’
3587 1339 3688 1395 αὐ-

2114 1419 2206 1473 τὸν
2238 1419 2506 1475 ἀπελάσαι
2552 1422 2701 1491 φησί.
2750 1424 2859 1477 Καὶ
2888 1422 3043 1488 ζώων
3078 1425 3133 1478 δὲ
3168 1428 3351 1492 αὐτοῖς
3392 1433 3451 1495 ἑς
3481 1437 3689 1505 τροφὴν

2114 1511 2547 1584 προσαχθέντων,
2581 1515 2860 1587 εἰρηκέναι
2896 1516 3055 1571 αὑτὸν
3086 1518 3165 1590 τῷ
3205 1520 3419 1591 Δάμιδι,
3465 1524 3542 1590 ὡς
3578 1525 3688 1597 ἄρα

2114 1603 2419 1678 ξυγχωροίη
2467 1607 2616 1679 αὐτῷ
2644 1625 2703 1661 τε
2743 1610 2974 1674 καὶτοῖς
3011 1611 3247 1683 ἑταίροις
3274 1614 3382 1684 (90)
3423 1616 3689 1672 σιτεῖσθαι

2110 1699 2218 1752 τῶν
2243 1699 2420 1771 κρεῶν
2438 1716 2452 1729 ’
2486 1701 2549 1754 τὸ
2572 1700 2681 1772 γὰρ
2721 1701 3020 1772 ἀπέχεσθαι
3063 1703 3262 1771 αὐτῶν,
3297 1707 3480 1771 αὐτοῖς
3504 1708 3604 1778 μὲν
3629 1710 3689 1774 ἑς

2109 1793 2258 1847 οὐδὲν
2286 1796 2418 1867 ὀρᾷν
2450 1796 2740 1866 προϐαῖνον
2771 1793 2904 1865 (91),
2947 1795 3125 1868 ἑαυτῷ
3153 1796 3210 1849 δὲ
3251 1798 3308 1861 ἐς
3339 1798 3374 1853 ἆ
3401 1798 3686 1874 ὡμολόγη-

2108 1903 2196 1939 ται
2232 1887 2370 1956 πρὸς
2413 1886 2730 1957 φιλοσοφίαν
2768 1887 2834 1941 ἐκ
2877 1888 3085 1952 παιδός.
3134 1890 3325 1945 Καίτοι
3365 1892 3449 1955 τίς
3475 1893 3574 1946 οὐκ
3619 1893 3687 1948 ἂν

2108 1979 2458 2050 ἀπορήσειεν,
2489 1980 2572 2032 δτι
2609 1979 2731 2051 μηδ’
2756 1980 2939 2045 αὐτὸν,
2963 1981 3022 2034 ὃν
3058 1981 3215 2052 μόνον
3246 1982 3417 2036 ἐδόκει
3446 1985 3539 2039 τοῦ
3569 1985 3687 2056 βίου

2108 2070 2354 2142 ζηλωτὴν
2385 2070 2702 2143 κεκτῆσθαι,
2737 2074 2831 2126 καὶ
2853 2071 3196 2145 προῦτρεπεν
3226 2076 3319 2128 ἐπὶ
3348 2076 3686 2147 φιλοσοφίαν,

429 2159 751 2216 incredibile
806 2176 916 2216 non
955 2161 1226 2226 videatur,
1272 2162 1418 2232 quod
1464 2178 1533 2217 ne
1578 2177 1703 2217 eum
1758 2163 1998 2231 quidem],

2105 2156 2257 2233 εἶργὲ
2276 2178 2357 2224 τε,
2385 2156 2473 2214 οἷα
2513 2160 2784 2231 φίλτατον,
2811 2163 2909 2232 τῆς
2945 2163 3052 2217 τῶν
3088 2164 3367 2235 ἐμψύχων,
3394 2167 3470 2230 ὡς
3499 2168 3565 2221 ἂν
3588 2169 3686 2240 οὐχ

428 2267 591 2322 quem
615 2267 786 2306 unum
816 2252 1019 2309 habere
1049 2254 1173 2308 vita:
1206 2254 1558 2322 imitatorem,
1607 2259 2006 2326 praeceptisque

429 2347 787 2417 philosophiae
841 2362 1003 2418 quem
1067 2347 1412 2411 instituebat,
1466 2362 1576 2402 non
1637 2349 2001 2418 prohibuerit,

426 2440 943 2511 coniunctissimum
979 2443 1123 2508 licet,
1163 2442 1310 2497 victu
1359 2443 1744 2507 animantium,
1801 2442 2003 2513 quippe

2108 2255 2279 2319 ὁσίας,
2313 2253 2453 2307 κατά
2482 2252 2820 2325 Πυθαγόραν,
2846 2255 3069 2327 τροφῆς.
3107 2256 3163 2308 '0
3183 2255 3247 2320 δ’,
3271 2257 3371 2310 οὐκ
3390 2254 3485 2310 οἷδ’
3514 2259 3685 2330 ὁποίῳ

2108 2348 2270 2419 λόγῳ,
2311 2348 2456 2418 λέγει
2490 2348 2597 2419 (92)
2637 2349 2733 2418 μὲν
2766 2348 2826 2401 οὐ
2869 2348 3135 2414 ξυνοίσειν
3174 2350 3378 2421 ἑαυτῷ·
3412 2352 3613 2415 κείνοις
3637 2350 3686 2405 δ’

2108 2442 2260 2496 οὐδὲν
2281 2443 2412 2514 ὁρᾷν
2443 2440 2551 2494 ἀπὸ
2572 2442 2671 2513 τῆς
2693 2440 2905 2511 ἀποχῆς
2937 2441 3223 2513 προϐαῖνον
3253 2443 3541 2515 ὡμολόγει.

424 2537 674 2606 impurus
736 2537 833 2607 qui
911 2543 1057 2592 esset
1101 2536 1258 2605 juxta
1305 2535 1630 2607 Pythagora:
1679 2536 1952 2593 instituta.
2012 2537 2081 2590 At
2120 2537 2256 2607 ipse,
2297 2534 2485 2592 nescio
2523 2551 2630 2605 qua
2666 2536 2875 2591 ratione
2926 2537 3147 2603 ductus,
3202 2539 3305 2594 sibi
3352 2541 3574 2611 quidem
3627 2540 3683 2597 id

424 2629 607 2683 minus
655 2628 912 2699 expedire
969 2630 1045 2683 ait
1097 2649 1110 2685 :

422 2736 534 2777 non
567 2721 755 2778 videre
782 2722 1006 2780 fatetur.

1023 2840 1254 2897 CAPUT
1294 2841 1435 2897 XIV.

492 2932 626 2990 Post
673 2934 791 2988 haec
838 2932 1230 2998 Philostratus,
1270 2936 1364 3006 qui
1397 2935 1644 2992 veritatis
1685 2936 2001 2992 amantissi-

420 3040 544 3081 mus
564 3045 583 3077 i
607 3024 925 3081 Philalethze
949 3048 968 3078 ι
990 3027 1306 3082 testimonio
1338 3029 1675 3099 perhibetur,
1709 3045 1830 3101 qua:
1860 3029 2002 3083 veri-

420 3118 554 3172 tatis
581 3117 884 3186 spccimina
912 3116 1061 3180 edat,
1098 3118 1413 3176 considera.
1455 3119 1539 3174 Ad
1569 3120 1732 3176 Indos
1758 3120 1998 3176 delatum

418 3209 775 3279 Apollonium
829 3208 1183 3279 interpretem
1230 3210 1337 3265 sibi
1374 3213 1453 3265 ait
1498 3211 1765 3268 aseivisse
1794 3211 1873 3277 ³³,
1914 3220 1996 3266 at-

417 3315 528 3355 uue
571 3314 682 3369 iper
711 3314 838 3354 eum
883 3300 1218 3355 collocutum
1262 3317 1387 3357 esse
1444 3317 1570 3357 eum
1624 3302 1886 3370 Phraota,
1940 3304 1997 3357 id

414 3389 564 3444 enim
611 3388 779 3445 india:
820 3390 938 3461 regi
993 3405 1192 3445 nomen
1228 3389 1420 3447 fuisse.
1472 3392 1680 3465 Nempe
1712 3395 1805 3466 qui
1833 3395 1997 3466 paulo

417 3490 567 3547 ante,
623 3483 926 3538 secundum
981 3481 1377 3539 Pliilostratum
1397 3484 1479 3551 ³³,
1533 3487 1844 3557 linguarum
1878 3501 1997 3541 om-

415 3575 573 3629 nium
600 3582 723 3632 erat
753 3575 1204 3642 callentissimus,
1232 3578 1346 3648 jam
1363 3579 1520 3649 juxta
1550 3578 1802 3634 eumdem
1828 3578 1998 3634 inter-

413 3676 569 3738 prete
607 3667 777 3723 habet
827 3685 987 3740 opus.
1042 3668 1107 3724 Et
1144 3686 1366 3726 rursum
1413 3672 1508 3748 qui
1546 3687 1612 3727 ea
1654 3670 1828 3737 novit,
1875 3686 1999 3740 quae

415 3759 602 3814 animo
624 3759 875 3816 homines
903 3770 1162 3833 premunt
1185 3768 1241 3817 et
1269 3768 1484 3816 tantum
1519 3775 1632 3816 non
1667 3768 1729 3815 ut
1762 3758 1907 3816 Deus
1932 3759 1999 3814 il-

412 3855 617 3919 lorum,

489 3967 633 4023 Huti
658 3978 738 4023 est
772 3971 1070 4038 concipiens
1093 3970 1331 4023 animum
1363 3985 1649 4040 sensusque
1676 3969 1920 4031 tacentis,

403 4082 520 4152 jam
567 4098 667 4152 per
697 4083 1076 4154 interpretem,
1113 4099 1223 4155 quo
1255 4084 1405 4138 victu
1430 4099 1527 4139 rex
1573 4091 1781 4148 utatur,
1817 4083 1991 4138 inter-

1177 2631 1287 2685 illis
1346 2639 1528 2684 tamen
1573 2628 1705 2700 quid
1752 2645 1817 2685 ex
1862 2630 2195 2687 abstinentia
2261 2631 2330 2686 ab
2389 2629 2761 2686 animantibus
2814 2630 3086 2686 commodi
3126 2633 3417 2701 provenire
3478 2635 3674 2706 possit,

2622 2839 3014 2893 RE‘PAAAION
3054 2841 3152 2893 lA'.

2185 2930 2310 2983 Ἐπὶ
2381 2929 2591 2994 τούτοις
2637 2933 2667 2984 ὁ
2712 2930 3106 3003 Φιλόστρατος,
3163 2933 3194 2984 ὁ
3231 2932 3462 3005 τάληθὲς
3512 2936 3681 3006 τιμᾷν

2103 3020 2241 3094 πρὸς
2273 3019 2367 3074 τοῦ
2408 3041 2426 3073 ε
2457 3022 2791 3093 Φιλαλήθους
2825 3041 2844 3073 ι
2900 3023 3393 3094 μεμαρτυρημένος
3419 3024 3556 3096 (95),
3578 3027 3681 3096 δρα

2099 3114 2203 3184 τῆς
2233 3113 2490 3186 ἀληθείας
2524 3116 2687 3168 ὁποῖα
2716 3114 2990 3183 δείγματα
3033 3115 3351 3186 παρίστησι.
3387 3117 3685 3187 Γενόμενον

2103 3211 2233 3279 παρ’
2271 3207 2450 3271 Ἰνδοῖς
2492 3209 2584 3262 τὸν
2629 3206 2982 3262 ’Λπολλώνιον
3023 3208 3471 3278 παραστήσασθαί
3512 3225 3682 3279 φησιν

2101 3301 2383 3373 ἑρμηνέα,
2424 3302 2518 3355 καὶ
2559 3302 2627 3354 δι’
2676 3299 2841 3354 αὐτοῦ
2876 3297 3356 3371 προσδιαλέγεσθαι
3408 3298 3683 3371 Φραώτῃ,

2100 3392 2260 3447 τοῦτο
2296 3393 2341 3446 δ’
2383 3390 2522 3446 εἶναι
2567 3392 2646 3464 τῷ
2682 3391 2891 3463 βασιλεῖ
2912 3391 3020 3445 τῶν
3054 3389 3226 3443 Ἰνδῶν
3265 3390 3454 3461 ὄνομα.
3500 3392 3611 3444 Καὶ
3646 3392 3680 3445 '6

2106 3485 2286 3558 μικρῷ
2314 3486 2567 3558 πρόσθεν,
2599 3490 2717 3539 κατ’
2745 3486 2927 3550 αὐτὸν,
2961 3482 3150 3539 πασῶν
3183 3483 3440 3551 γλωττῶν
3479 3483 3677 3551 ξυνεὶς,

2099 3578 2194 3633 νῦν
2223 3576 2313 3644 αὖ,
2337 3578 2478 3633 κατά
2507 3579 2599 3633 τὸν
2634 3579 2814 3644 αὑτὸν,
2839 3576 3124 3651 ἑρμηνέως
3155 3576 3340 3630 δεῖται.
3379 3576 3492 3630 Καὶ
3521 3575 3682 3629 πάλιν

2097 3671 2129 3723 ὁ
2157 3669 2227 3724 τὰ
2256 3669 2399 3725 κατὰ
2437 3669 2671 3733 διανοίας
2705 3669 2815 3739 (94)
2845 3667 3147 3740 ἀνθρώπων
3170 3665 3349 3732 εἰδὼς,
3375 3668 3468 3731 καὶ
3498 3684 3683 3739 μονον-

2099 3765 2219 3835 ουχὶ
2251 3763 2394 3819 κατά
2417 3764 2509 3819 τὸν
2541 3763 2673 3835 παρ’
2703 3764 2888 3826 αὐτοῖς
2914 3760 3046 3815 Θεὸν
3082 3762 3218 3836 (95),

2154 3964 2366 4034 Κωφοῦ
2403 3981 2469 4019 τε
2497 3963 2741 4031 ξυνιεὶς,
2782 3964 2879 4018 καὶ
2912 3967 2985 4019 οὐ
3015 3963 3354 4029 λαλοῦντος
3378 3962 3636 4025 ἀκούων,

2098 4080 2262 4134 ὁποία
2286 4081 2370 4144 τίς
2403 4079 2490 4150 εἴη
2522 4078 2600 4150 τῷ
2635 4078 2843 4151 βασιλεῖ
2872 4079 2937 4132 δι’
2964 4076 3247 4151 ἑρμηνέως
3273 4075 3451 4147 ἐρωτᾷ
3480 4074 3685 4137 δίαιτα,

479 4237 527 4270 ⁸⁸
566 4238 659 4293 lib.
695 4251 759 4295 tt.
834 4237 881 4271 ³⁸
918 4238 1013 4296 lib.
1053 4253 1114 4305 II,
1158 4250 1210 4294 c.
1247 4239 1304 4294 4.
1381 4238 1425 4271 ³¹
1469 4238 1564 4293 lib.
1602 4253 1672 4302 tt,
1710 4252 1760 4292 c.
1797 4238 1851 4291 7.
1927 4237 1975 4269 ⁸²
2013 4238 2111 4293 lib.
2146 4254 2221 4304 rt,
2254 4254 2303 4294 c.
2339 4237 2431 4293 26.
2505 4239 2550 4270 ³³
2586 4238 2681 4294 lib.
2721 4255 2770 4303 I,
2806 4253 2858 4296 c.
2897 4237 2983 4293 I9.

482 4395 594 4466 (90)
643 4396 945 4464 Ἑταίρας.
979 4392 1058 4449 Ita
1108 4395 1278 4451 malui
1343 4410 1508 4466 quam
1566 4394 1798 4467 ἑτέροις,
1847 4393 1998 4465 quod

403 4475 524 4523 erat
564 4468 614 4520 in
655 4467 838 4522 editis.

480 4537 591 4609 (91)
640 4538 740 4603 Ἐς
772 4535 955 4609 οὐδὲν
983 4540 1070 4605 ὀρ.
1113 4537 1457 4605 προϐαῖνον.
1497 4534 1638 4609 Male
1676 4533 1996 4590 Philostrati

2106 4401 2161 4449 et
2192 4393 2314 4447 θεόν
2346 4394 2471 4465 ipse
2517 4393 2670 4449 Plato
2720 4395 3037 4465 frequenter
3070 4389 3339 4465 appellat;
3363 4388 3431 4465 Et
3464 4387 3683 4465 Ap_ulei_i

2105 4465 2174 4520 de
2201 4464 2303 4520 deo
2335 4455 2578 4519 socratis
2619 4465 2756 4518 liber
2786 4455 2985 4525 eistat,
3021 4455 3124 4516 hoc
3145 4455 3245 4516 'est
3284 4455 3681 4528 nepita—17:01”:

2105 4534 2455 4604 Σωκράτους
2468 4533 2795 4602 δαιμονίου,
2812 4544 2866 4588 ιιι
2884 4532 3210 4587 Plutarchus
3222 4529 3560 4604 et_Maximus
3574 4528 3683 4601 Ty-

403 4600 536 4697 editi
574 4600 659 4672 ’ὡς
704 4600 981 4662 habebant
1008 4600 1108 4679 pro
1141 4600 1235 4697 ἐς,¹
1248 4616 1302 4664 et
1333 4606 1998 4697 _1rpoc36aivovhproLatpo-‘-

2105 4600 2397 4697 rius'suosL
2412 4600 2773 4688 inscripsere.
2815 4605 2881 4659 Et
2916 4605 3062 4658 hunc
3100 4604 3217 4697 sive
3260 4600 3415 4655 deum
3449 4601 3566 4656 sive
3594 4600 3679 4671 ge-

404 4680 611 4740 ϐαῖνον,
633 4694 828 4762 .quam
885 4674 1176 4762 utranique
1220 4674 1512 4735 lectionem
1564 4693 1633 4733 ex
1683 4674 1920 4733 Eusebio
1943 4684 1999 4732 et
2034 4674 2073 4697 ν
2102 4675 2270 4758 nium,
2303 4674 2562 4757 arbitrum
2612 4677 2857 4762 omnimer
2886 4692 2990 4758 non
3021 4675 3179 4762 mode
3208 4682 3468 4753 actorum,
3504 4687 3681 4753 verum

404 4767 541 4806 mss.
568 4750 863 4819 rejecimus
881 4765 994 4819 _s_uo
1020 4750 1160 4805 loco.

476 4817 823 4893 (92),Ὰέγει.
879 4817 1193 4893 verissima
1233 4820 1422 4884 lectio,
1459 4833 1625 4889 quam
1662 4818 1999 4893 sola_ta_men

402 4888 729 4962 conjectura
768 4892 921 4945 ducti
978 4891 1325 4946 restituimus
1374 4910 1387 4946 :
1430 4888 1557 4945 nam
1608 4890 1741 4945 editi
1797 4888 2001 4943 habent

401 4961 567 5035 λόγῳ,
605 4962 754 5035 quod
788 4962 1002 5035 incuria
1031 4962 1429 5035 amanuensis
1453 4970 1643 5015 natum
1693 4976 1762 5035 ex_
1796 4973 2000 5035 praece-

400 5029 566 5089 dcnie
598 5029 855 5103 proximo
876 5033 997 5087 loco
1030 5032 1195 5104 λόγῳ.
1233 5033 1394 5088 Unde
1418 5033 1673 5104 iteratum
1705 5029 1848 5101 λόγῳ
1880 5029 1997 5084 fru-

400 5111 517 5160 stra
542 5100 667 5160 esse
691 5104 781 5157 alii
809 5100 1281 5172 suspicati,plane
1300 5104 1559 5164 omisere,
1580 5100 1999 5172 indeque'porro

400 5175 636 5230 formam
666 5175 939 5244 inﬁnitam
979 5176 1033 5244 in
1066 5175 1460 5241 subjunctiram
1490 5183 1795 5244 mutavere,
1826 5172 1999 5236 ξυνοί-

404 5263 549 5299 σειεν
596 5242 839 5316 legentes
870 5259 968 5314 pro
1004 5242 1293 5309 ξυνοίσειν,
1337 5260 1459 5315 qum
1499 5246 1612 5312 jam
1647 5242 1775 5297 inde
1803 5256 1998 5297 corru-

403 5319 562 5385 ptelae
606 5315 873 5372 Hiilstenii
911 5325 1116 5370 textum
1153 5331 1516 5385 occupavere.

472 5387 783 5511 (952)17pdq
839 5403 893 5438 τ.
950 5389 1164 5441 dum.
1219 5380 1548 5458 μεμαρτυρ.
1628 5380 1767 5438 Vide
1824 5397 1993 5453 supra

472 5473 521 5511 υ.
597 5497 610 5511 .

398 5472 521 5512 can.
554 5472 610 5512 2.

640 5530 696 5581 ’0
732 5527 805 5583 τὰ
838 5527 989 5584 κατὰ
1020 5528 1310 5595 διανοίας.
1355 5526 1551 5581 Verior
1588 5527 1705 5580 hac
1734 5522 1993 5595 editionis

401 5595 774 5655 linistenianm
806 5600 965 5653 lectio
991 5609 1095 5655 est.
1132 5594 1275 5653 Nam,
1301 5599 1477 5654 Aldus
1504 5607 1559 5653 et
1589 5597 1849 5652 Morellus
1881 5594 1996 5649 edi-

401 5667 597 5723 derant
618 5670 647 5720 ὁ
670 5670 812 5723 κατὰ
836 5669 1094 5723 διάνοιαν.

472 5740 587 5812 (95)
628 5740 926 5812 Κατὰμτὸν
957 5742 1096 5812 παρ’
1123 5741 1328 5807 αὐτοῖς
1352 5740 1520 5794 Θεόν.
1544 5736 1799 5812 verterat
1829 5738 1996 5812 inter-

400 5807 741 5881 pres,'quasi
778 5810 921 5881 Deus
952 5807 1060 5863 illis
1086 5812 1300 5871 insitus,
1334 5822 1397 5865 ac
1430 5812 1474 5866 si
1500 5810 1720 5881 genium
1740 5807 1992 5881 homi_ni-

400 5879 505 5933 bus
536 5877 772 5948 singulis
810 5880 1152 5944 adjunctum,
1201 5877 1560 5949 μυσταγωγδν
1598 5879 1692 5932 τοῦ
1730 5879 1844 6004 ρίου
1884 5877 1993 5931 Eu-

400 5949 590 6004 sebius
616 5948 975 6004 intellexisset
996 5966 1011 6004 :
1038 5964 1199 6004 auem
1226 5963 1339 6004 non
1366 5950 1640 6004 δαιμόνιον
1663 5965 1728 6004 so
1753 5965 1866 6004 um.
1895 5946 1989 6004 sed

396 5949 590 6005 sebius
616 5946 1011 6015 intellexisset;
1038 5946 1212 6017 quem
1226 5963 1339 6005 non
1366 5946 1640 6018 δαιμόνιον
1663 5946 1866 6018 solum,
1895 5946 1989 6004 sed

2103 4748 2264 4800 etiam
2298 4745 2678 4815 cogitationum
2720 4747 2984 4816 Apuleius
3024 4751 3205 4816 vocat.
3250 4758 3412 4816 quem
3447 4742 3510 4816 in?
3546 4740 3683 4816 ipsis

2103 4811 2446 4886 penitissintis
2473 4817 2732 4870 mentibus
2762 4811 2869 4873 uice
2893 4814 3229 4871 conscientia:
3253 4811 3513 4886 diuersari
3537 4811 3682 4865 allir-

2104 4883 2238 4951 ntat,
2279 4903 2439 4957 quem
2470 4886 2819 4942 domesticum
2858 4889 3264 4957 speculatorem,
3310 4883 3682 4957 intimum!»-

2100 4950 2382 5028 gnitOrém.
2416 4957 2744 5013 individuum
2774 4950 3033 5012 arbitrum
3067 4956 3320 5028 appellat.
3345 4950 3678 5028 veruntliu-

2103 5023 2288 5085 sebius
2313 5029 2416 5083 hoc
2445 5031 2565 5101 loco
2586 5046 2689 5084 non
2713 5031 2942 5101 genium,
2967 5029 3060 5101 sed
3086 5023 3391 5101 Apollinea:
3408 5023 3677 5101 intelligit,

2101 5102 2262 5174 cuius
2293 5100 2572 5174 hocquod
2597 5092 2845 5174 sequitur
2872 5092 3154 5174 oraculum
3179 5094 3321 5174 apud
3350 5092 3676 5174 Herodotum

2100 5163 2195 5225 lih'.
2224 5188 2265 5237 ι,
2302 5188 2356 5242 p.
2392 5163 2572 5242 ll'ide
2621 5163 2742 5241 ipso
2793 5172 3038 5242 Apolline
3089 5163 3681 5242 prol'ertur.__Meminit

2099 5243 2221 5311 ejus
2252 5233 2427 5298 vet-iam
2460 5233 2973 5318 Tertul'lianus'__lib.
3008 5233 3282 5318 D‘e'orat"
3309 5250 3358 5318 ο..
3391 5235 3498 5318 ίδτ
3538 5233 3679 5287 Deus

2101 5324 2277 5368 autem
2307 5330 2409 5367 non
2439 5314 2578 5367 vocis
2612 5312 2702 5367 sed
2737 5314 2912 5366 cordis
2946 5311 3163 5365 auditor
3189 5317 3267 5364 est
3298 5311 3679 5382 sicut_con_s_pe-

2100 5394 2234 5439 ctar.
2269 5384 2605 5439 Dccmouium
2643 5384 2849 5438 oraculi
2886 5382 3072 5454 Pythii
3102 5387 3164 5454 et
3188 5386 3401 5454 mutum
3439 5374 3683 5454 intelligo

2098 5465 2285 5509 etnon
2320 5456 2629 5524 loquentem
2653 5454 2851 5515 audio,
2897 5450 3086 5524 inquit.
3128 5450 3302 5524 Cujus
3355 5450 3680 5524 auctoritate

2097 5540 2317 5580 versum
2352 5511 2496 5579 hunc
2535 5527 2610 5580 ita
2654 5511 2889 5591 reddidi,
2931 5511 3072 5576 Muli
3099 5511 3417 5588 concipiens,
3445 5523 3550 5571 etc.
3579 5511 3683 5565 ln-

2098 5602 2312 5665 terpres
2346 5615 2360 5651 :
2395 5593 2556 5649 Surdi
2588 5597 2881 5663 concipiens
2911 5596 3149 5665 animum
3175 5591 3475 5665 pariterque
3507 5595 3677 5639 tacen~

2099 5660 2440 5720 tisflnl'erius
2472 5665 2613 5735 (cap.
2646 5660 2746 5734 Μ)
2779 5665 2919 5718 idem
2955 5664 3240 5735 repetitur.
3277 5660 3553 5735 llonsrss.

2168 5735 2372 5806 Nempe
2393 5739 2422 5788 6
2446 5727 2575 5807 παρς
2602 5727 2785 5798 αὐτοῖς
2807 5735 2939 5797 Θεός
2958 5727 3063 5795 est,
3090 5734 3181 5802 qui
3203 5731 3344 5798 apud
3366 5732 3507 5797 ipsos
3532 5727 3686 5853 (ﬁen-

2168 5823 2226 5853 μς
2257 5822 2470 5853 nmnne-
2507 5815 2561 5853 et
2596 5805 2944 5853 adversarios
2975 5802 3199 5853 Eusebii
3229 5802 3525 5853 imprimis.
3608 5813 3686 5853 te-

2096 5807 2226 5863 tiles
2256 5800 2470 5870 nempe,
2507 5800 2561 5861 et
2596 5805 2944 5861 adversarios
2975 5800 3199 5859 Eusebii
3229 5802 3525 5870 imprimis,
3559 5800 3688 5854 Hie-

2099 5823 2226 5863 ules
2256 5823 2377 5863 nem
2421 5823 2470 5867 e.
2507 5823 2561 5861 Bt
2596 5823 2944 5861 adversarios
2975 5823 3199 5859 buseuu
3229 5823 3501 5870 Imprimis

2099 5880 2330 5943 roclem,
2367 5823 2662 5933 ligusebium
2695 5885 2748 5931 et
2771 5874 3058 5946 reliquos),
3090 5873 3311 5927 habetur
3338 5870 3504 5926 Deus.
