4112 6434
3541 371 3642 425 821

395 386 505 444 825
1041 386 1311 444 EUSEBII
1345 382 1824 445 CESARIENSIS
1855 383 2006 441 OPP.
2040 382 2223 439 PARS
2260 379 2324 436 II.
2366 411 2436 422 -
2474 373 2983 435 APOLOCETICA.

397 503 559 558 istam
605 502 870 556 rationem
911 516 1168 571 sequens,
1238 501 1560 570 neutiquam
1616 499 1773 568 juxta
1840 513 1945 554 ean

2063 497 2183 567 ούχὶ
2226 496 2442 559 πάντως
2481 494 2714 563 φαύλους
2743 492 2903 555 δντας
2952 488 3043 542 τὸν
3082 489 3282 559 τρόπον
3301 504 3315 516 ·
3359 490 3471 550 τοῖς
3502 488 3559 540 δὲ
3586 488 3647 540 τὸ

392 594 525 649 deos
535 594 851 649 hominibus
867 593 972 648 illis
989 594 1358 664 pauperculis,
1378 592 1464 648 bis
1482 592 1638 661 ipsis.
1666 587 1945 662 [inquam,j

2068 583 2201 657 ἦθος
2251 584 2698 654 ἀκολαστοτέροις
2743 580 2948 650 ἄφθονα
2999 578 3093 632 καὶ⁵
3139 576 3209 629 τὰ
3256 577 3330 664 μὴ
3375 577 3646 664 ἀναγκαῖα

392 684 485 753 qui
505 683 846 753 philosophia
863 663 1188 754 praestantes
1210 681 1384 745 fuere,
1408 683 1526 752 ipsa
1549 696 1766 751 quoque
1792 678 1859 733 ad
1879 678 1945 733 vi-

2071 678 2393 747 παρασχεῖν,
2430 675 2477 727 εί
2515 673 2589 743 μὴ
2619 670 2857 741 βελτίους
2889 666 3183 739 ἐτύγχανον
3212 663 3321 717 τῶν
3341 663 3643 735 προτέρων.

390 783 539 829 ctum
570 777 878 845 spectantia
918 775 1304 832 subtracturos
1334 773 1525 838 fuisse,
1572 772 1679 828 nisi
1708 771 1963 841 pessimis

389 864 470 920 iili
495 868 741 923 moribus
760 867 1137 923 exstitissent:
1172 882 1349 938 neque
1370 867 1502 931 illis,
1528 863 1623 943 qui
1642 862 1807 919 soluti
1834 871 1964 917 sunt

2083 767 2174 832 Ἐξ
2206 762 2280 821 ὧν
2316 766 2478 822 παντί
2510 782 2573 835 γε
2614 763 2930 834 καταφανὴς
2971 762 3004 833 ἡ
3044 760 3137 814 τοῦ
3182 757 3647 831 ξυμπεράσματος

2069 860 2286 915 ἀτοπία.

389 960 659 1025 moribus,
692 961 899 1017 aﬂatim
943 965 1108 1019 etiam
1129 964 1313 1017 minus
1349 941 1657 1017 necessaria
1681 959 2045 1032 praestituros,
2074 958 2179 1013 nisi
2226 957 2502 1027 prioribus
2529 952 2873 1011 exstitissent
2916 950 3191 1005 meliores.
3224 946 3380 1001 Unde
3434 941 3639 1000 nemini

388 1053 625 1113 obscura
648 1054 811 1112 istius
839 1058 1214 1112 conclusionis
1246 1064 1330 1111 est
1360 1056 1691 1111 absurditas.

871 1143 1031 1216 523
1072 1142 1298 1203 CAPUT
1341 1142 1499 1197 λιιι.

457 1232 619 1291 Hisce
649 1251 716 1291 ex
746 1235 989 1291 secundo
1017 1236 1160 1291 libro
1189 1236 1455 1305 etspositis
1485 1237 1553 1291 ad
1582 1235 1800 1292 tertium
1837 1248 1987 1303 perm

383 1326 1019 1396 gemus,consideraturi
1069 1340 1190 1396 quae
1242 1327 1308 1381 ad
1359 1325 1765 1390 Brachmanas,
1817 1320 1959 1375 fama

384 1416 522 1473 adeo
544 1418 870 1482 celebratos,
896 1419 1169 1489 pertinent
1200 1419 1244 1449 ³⁹
1273 1438 1285 1474 :
1319 1435 1425 1489 qua
1460 1426 1613 1488 parte
1647 1416 1818 1486 magis
1860 1427 1959 1465 oc»

383 1517 614 1565 currunt
664 1509 1023 1574 incredibilia,
1056 1526 1216 1580 quam
1264 1511 1332 1566 de
1387 1510 1561 1564 Thule
1623 1506 1954 1562 referuntur.

383 1597 497 1654 Imo
535 1601 581 1657 si
617 1601 746 1671 quid
785 1602 935 1657 aliud
992 1618 1231 1673 unquam
1289 1601 1651 1672 scriptoribus
1696 1596 1960 1653 fabulosis

381 1700 758 1750 monstrosum
781 1695 1147 1765 excogitatum
1184 1694 1317 1757 fuit,
1377 1695 1428 1749 id
1462 1709 1623 1749 omne
1651 1691 1956 1748 verisimile

379 1785 562 1850 valde,
595 1787 704 1840 imo
733 1787 1097 1852 verissimum,
1124 1788 1171 1841 si
1192 1801 1315 1840 cum
1336 1787 1456 1857 istis
1483 1801 1789 1856 compares,
1811 1784 1956 1838 vide-

2586 1133 2977 1190 ΚΕΦΑΛΑῘΟΝ
3009 1134 3109 1187 IZ'.

2132 1232 2315 1288 Ταῦτα
2345 1231 2441 1286 καὶ
2470 1229 2579 1284 ἀπὸ
2620 1228 2715 1283 τοῦ
2746 1228 2998 1300 δευτέρου
3049 1225 3435 1298 παραθέμενοι,
3471 1224 3641 1296 ἴωμεν

2062 1326 2156 1379 ἐπὶ
2187 1325 2249 1378 τδ
2277 1324 2479 1395 τρίτον,
2520 1321 2589 1376 τὰ
2622 1319 2763 1374 κατὰ
2792 1321 2918 1382 τοὺς
2962 1317 3321 1389 βεδοημένους
3366 1318 3642 1390 ἐποψὸμε-

2062 1436 2144 1473 νοι
2176 1418 2543 1490 Βραχμᾶνας’
2593 1413 2724 1468 ἔνθα
2769 1414 2832 1484 δὴ
2860 1411 2930 1465 τὰ
2975 1411 3118 1483 ὑπὲρ
3158 1411 3363 1482 Θοῶιην
3409 1412 3637 1467 ἀπιστα.

2065 1512 2175 1564 Καὶ
2206 1508 2261 1563 εί
2283 1509 2469 1579 τίοπερ
2498 1506 2624 1562 ἄλλο
2651 1504 2954 1578 τερατῶδές
2992 1520 3121 1557 ποτε
3157 1503 3471 1575 μυθολόγοις
3495 1503 3640 1558 τισὶν

2062 1601 2504 1662 ἀναπέπλασται,
2536 1596 2595 1652 εὖ
2646 1597 2790 1669 μάλα
2833 1595 3002 1650 πιστά
3032 1595 3128 1649 καὶ
3171 1595 3530 1667 ἀληθέστατα,
3560 1595 3640 1659 ὡς

2063 1695 2121 1746 ὲν
2151 1692 2447 1765 παραθέσει
2469 1690 2693 1752 τούτων,
2715 1690 3115 1758 ἀναφανήσεται
3132 1704 3148 1719 ·
3178 1684 3261 1751 οἷς
3286 1688 3381 1740 καὶ
3403 1686 3495 1740 τὸν
3513 1687 3639 1742 νοῦν

2063 1785 2349 1857 ἐπιστῆσαι
2374 1784 2522 1850 ἄξιον
2549 1782 2648 1853 τῆς
2677 1780 2771 1834 τοῦ
2800 1800 2817 1832 ι
2850 1779 3180 1851 Φιλαλήθους
3210 1798 3228 1829 ι
3265 1779 3447 1832 ἕνεκεν
3472 1779 3639 1834 αύθα-

383 1876 554 1930 bitur.
576 1877 783 1943 Quibus
799 1878 1022 1932 omnino
1038 1887 1268 1932 mentem
1288 1878 1571 1933 advertere
1590 1877 1752 1931 etiam
1772 1890 1945 1944 opem:

2053 1875 2220 1940 δείας,
2256 1878 2385 1947 ἡμῖν
2426 1874 2525 1947 μὲν
2581 1873 2862 1944 εὐχέρειαν
2904 1871 2980 1944 (4)
3030 1873 3124 1926 καὶ
3166 1872 3473 1942 κουφότητα
3514 1870 3638 1943 τρό-

380 1968 614 2036 pretium
667 1977 751 2024 est
807 1978 1029 2038 propter
1082 1986 1099 2020 ι
1147 1966 1465 2025 Philaletha:
1510 1989 1529 2022 ι
1592 1968 1951 2039 jactantiam,

378 2060 539 2115 nobis
567 2058 943 2116 credulitatem
973 2077 1294 2134 morumque
1329 2062 1600 2117 levitatem
1633 2062 1950 2125 tribuentis,

378 2151 483 2207 sibi
516 2167 644 2207 vero
689 2168 756 2208 ac
797 2154 883 2209 sui
926 2156 1199 2212 similibus
1231 2166 1549 2211 accuratum
1584 2156 1950 2225 solidumque,

376 2256 442 2295 ac
470 2241 702 2297 scientia
738 2242 925 2298 nixum
958 2243 1248 2315 judicium.
1297 2243 1433 2300 Vide
1463 2245 1628 2316 igitur
1656 2245 1858 2314 quibus
1893 2260 1953 2300 se

371 2332 540 2403 jartet
571 2335 860 2403 portentis,
892 2337 1100 2393 sanctis
1130 2337 1481 2408 evangelistis
1527 2337 1732 2393 nostris
1775 2336 1952 2392 Philo-

375 2430 607 2477 stratum
639 2431 1012 2495 anteponens,
1070 2436 1129 2483 ut
1171 2428 1263 2498 qui
1301 2428 1611 2484 eruditione
1644 2443 1753 2482 non
1786 2428 1950 2483 modo

372 2516 666 2585 proiecerit
692 2520 945 2586 maxime,
978 2523 1073 2578 sed
1122 2522 1366 2577 veritatis
1388 2522 1554 2578 etiam
1606 2524 1680 2579 sit
1712 2524 1950 2579 maxime

372 2606 676 2664 studiosus.

924 2723 1154 2781 CAPUT
1197 2725 1385 2782 XVIII.

440 2810 687 2870 Primum
731 2813 898 2887 igitur
930 2817 1153 2888 quidem
1189 2818 1245 2873 in
1275 2818 1473 2874 itinere
1505 2818 1777 2890 Apollonii
1808 2819 1853 2853 ⁸ο
1879 2820 1947 2876 ad

371 2898 742 2960 Brachmanas
769 2904 969 2961 femina
1000 2907 1248 2978 quaedam
1295 2909 1365 2963 ab
1400 2924 1465 2964 eo
1495 2911 1681 2966 colore
1728 2910 1947 2965 induci-

371 3004 483 3065 tur,
514 3014 545 3054 a
579 3000 758 3070 capite
785 3000 853 3054 ad
885 3001 1063 3055 femur
1091 3016 1265 3072 usque
1306 3003 1716 3066 candidissima,
1742 3003 1949 3073 reliqua

370 3105 501 3145 vero
535 3094 780 3161 corporis
804 3086 958 3162 parte
987 3095 1161 3163 nigra.
1196 3094 1408 3149 Montes
1440 3110 1626 3165 porro,
1667 3097 1947 3166 pergenti-

2059 1985 2159 2022 που
2196 1967 2607 2040 περιάπτοντος,
2642 1963 2790 2035 αὐτῷ
2817 1964 2873 2018 δὲ
2902 1964 2996 2018 καὶ
3023 1966 3136 2027 τοῖς
3168 1962 3316 2034 αὐτῷ
3345 1961 3639 2035 παραπληο

2057 2060 2191 2124 σίοις
2222 2060 2321 2132 τὴν
2352 2058 2552 2129 ἀκριϐῆ
2589 2058 2684 2111 καὶ
2713 2055 2935 2126 βεϐαίαν
2968 2055 3105 2127 μετά
3137 2054 3400 2121 ξυνέσεως
3430 2054 3631 2127 κρίσιν.

2056 2153 2199 2224 ὐρα
2237 2151 2367 2221 γοῦν
2393 2154 2475 2221 ἐφ’
2506 2146 2586 2215 οἷς
2624 2148 2942 2221 σεμνύνεται
2990 2147 3327 2221 παραδόξοις,
3361 2147 3470 2201 τῶν
3497 2148 3635 2219 ήμεο

2052 2243 2227 2315 τέρων
2260 2243 2418 2297 θείων
2450 2240 2849 2311 εύαγγελιστῶν
2880 2240 3188 2311 προκρίνων
3219 2240 3310 2293 τὸν
3338 2238 3632 2311 Φιλόστρα-

2050 2351 2161 2400 τον,
2191 2335 2268 2399 ὡς
2299 2336 2372 2408 μὴ
2407 2336 2565 2406 μόνον
2596 2334 2845 2398 παιδείας
2865 2335 2957 2387 ἐπὶ
2979 2333 3224 2387 πλεῖστον
3242 2334 3466 2405 ῆκοντα,
3496 2331 3633 2387 ἀλλὰ

2051 2428 2145 2481 καὶ
2173 2427 2427 2501 ἀληθείας
2452 2426 2942 2499 ὲπιμεμελημένον.

2570 2726 2962 2781 ΚΕΦΑΛΑΙΟΝ
3000 2725 3103 2780 IH'.

2120 2822 2321 2894 Πρῶτα
2350 2822 2448 2893 μὲν
2478 2816 2571 2875 οὖν
2624 2822 2684 2874 ὲν
2710 2822 2777 2892 τῇ
2822 2820 2960 2891 πρὸς
3005 2822 3132 2884 τοὺς
3163 2821 3494 2893 Βραχμᾶνας
3533 2840 3631 2877 πο-

2054 2915 2175 2988 ρεία
2222 2915 2317 2968 τοῦ
2358 2913 2712 2968 Ἀπολλωνίου
2753 2915 2889 2986 γυνή
2955 2932 3043 2979 τις
3081 2915 3230 2986 αύτῷ
3272 2916 3371 2987 τὴν
3416 2916 3626 2988 χροιὰν,

2050 3010 2326 3077 εἰσάγεται
2362 3008 2471 3062 ἀπὸ
2501 3006 2603 3078 τῆς
2633 3007 2872 3079 κεφαλῆς
2903 3009 2960 3072 ἐς
2994 3009 3164 3078 ὀσφὺν
3195 3008 3492 3081 λευκοτάτη
3528 3009 3625 3080 (5),

2049 3100 2110 3153 τὸ
2155 3100 2213 3154 δὲ
2250 3101 2434 3172 ἕτερον
2468 3100 2633 3173 μέρος
2661 3099 2754 3153 τοῦ
2802 3098 3054 3172 σώματος
3105 3101 3327 3173 μέλαινα
3350 3117 3364 3131 ·
3419 3101 3489 3153 τά
3544 3101 3623 3165 δὲ,

371 3184 475 3269 llus
505 3183 561 3238 in
586 3185 782 3242 itinere
814 3187 879 3241 ad
912 3186 1282 3243 Brachmanas
1314 3186 1554 3262 [oblati],
1598 3189 1782 3259 pipere
1814 3204 1945 3244 con-

2052 3191 2345 3265 προῖόντων
2373 3194 2470 3265 τῆς
2502 3194 2593 3247 ἐπὶ
2622 3194 2749 3258 τοὺς
2779 3193 3106 3267 Βραχμᾶνας
3135 3192 3272 3257 ὀδοῦ,
3297 3194 3417 3265 ὅρη,
3455 3209 3621 3248 καται-

371 3264 462 3332 siti
497 3274 563 3341 ιι,
588 3277 816 3350 ejusque
844 3280 1022 3334 coloni
1070 3282 1276 3345 simiae,
1321 3282 1695 3353 draconesque
1722 3280 1944 3352 quidam

368 3369 748 3439 magnitudine
776 3372 1040 3441 stupenda
1068 3373 1134 3441 δ’,
1157 3374 1223 3429 de
1246 3390 1478 3444 qttorum
1508 3374 1777 3442 capitibus
1804 3373 1945 3444 ignis

369 3458 599 3517 ﬂammas
629 3463 948 3528 seintiflent,
979 3483 1118 3538 quos
1143 3468 1187 3521 si
1224 3468 1350 3537 quis
1383 3468 1633 3537 perimat,
1669 3467 1721 3519 in
1754 3480 1943 3521 eorum

369 3554 547 3627 capite
575 3558 853 3613 mirabiles
884 3559 1120 3615 inveniat
1152 3560 1387 3631 lapillus,
1417 3559 1579 3631 Gygze
1611 3559 1810 3627 lapidi,
1845 3574 1944 3613 cu-

364 3649 457 3721 jus
482 3650 623 3720 apud
659 3648 937 3708 Platonem
972 3655 1193 3715 mentio,
1221 3653 1445 3709 similes.
1482 3650 1546 3705 Et
1585 3651 1699 3706 haec
1724 3652 1942 3722 quidem

370 3753 500 3799 sunt
551 3759 713 3813 quas,
754 3753 1046 3817 antequam
1111 3744 1179 3799 ad
1220 3744 1621 3800 Brachmanum
1674 3744 1942 3799 tumulum

368 3836 737 3905 perveniatur,
770 3847 1084 3893 occurrunt.
1123 3836 1193 3893 Ut
1241 3854 1370 3893 vero
1405 3838 1552 3894 bunc
1579 3852 1797 3908 quoque
1826 3836 1944 3891 atti-

366 3937 563 3998 gerunt
594 3927 661 3992 “,
696 3926 1130 3983 Sandaracinum
1182 3929 1295 3984 illic
1346 3940 1566 4001 puteum
1598 3930 1803 3985 vidisse
1831 3929 1941 3996 ait,

367 4035 522 4090 aquae
570 4020 731 4091 plane
761 4020 1068 4076 mirabilis:
1103 4020 1370 4092 juxtaque
1403 4030 1666 4077 craterem
1688 4062 1704 4086 ,
1762 4023 1940 4092 ignem

367 4112 761 4195 continentem,
793 4127 859 4167 ex
888 4128 997 4183 quo
1031 4113 1265 4182 plumbei
1299 4115 1500 4169 coloris
1548 4113 1765 4168 ﬂamma
1811 4129 1941 4169 sur-

368 4215 491 4257 sum
522 4200 729 4256 tendat.
761 4199 900 4256 Tum
931 4209 984 4257 et
1018 4203 1161 4258 dolia
1205 4203 1315 4258 duo
1351 4204 1548 4273 lapidis
1581 4204 1939 4274 nigricantis.

364 4291 595 4345 alterum
647 4290 942 4360 imbrium,
996 4294 1335 4365 alterumque
1396 4303 1682 4350 ventorum
1713 4335 1727 4359 ,
1798 4295 1942 4351 unde

363 4379 732 4438 Brachmanes
764 4383 831 4439 iis
863 4385 1065 4455 quibus
1094 4384 1313 4443 faveant
1338 4387 1610 4459 indigenis
1641 4385 1854 4460 [ventos
1876 4402 1940 4442 ac

363 4470 627 4545 pluviam]
646 4473 1045 4545 impertiantur.
1062 4476 1201 4543 Quin
1224 4486 1435 4535 statuas
1452 4494 1670 4549 quoque
1683 4477 1824 4549 apud
1842 4493 1937 4535 eos

360 4578 486 4619 esse
520 4582 542 4618 ι
583 4564 819 4623 Poliadis
858 4588 876 4621 ι
918 4567 1194 4637 Minervae,
1223 4568 1514 4642 Pythiique
1552 4571 1851 4641 Apollinis,
1884 4578 1939 4625 et

360 4650 581 4718 Bacchi,
611 4655 951 4727 aliorumque
967 4658 1329 4731 quorumdam
1360 4660 1609 4725 deorum,
1639 4674 1762 4730 qua:
1788 4657 1935 4714 Grae-

361 4744 409 4799 ci
439 4745 645 4800 colunt.
678 4744 926 4802 Iarcham
960 4757 1141 4804 autem
1177 4748 1247 4816 “,
1279 4749 1373 4821 qui
1420 4751 1676 4806 omnibus
1708 4754 1891 4820 praesit
1915 4787 1933 4816 ,

359 4837 622 4905 appellari
645 4856 665 4890 ι
700 4835 1056 4908 magistrum:
1084 4858 1103 4892 ›
1133 4855 1296 4910 quem
1314 4840 1510 4901 viderit
1530 4843 1930 4907 considentem,

359 4927 548 4985 habitu
606 4930 742 4984 adeo
777 4946 808 4986 a
852 4932 1231 5003 pbilosophico
1262 4933 1596 5000 dissidente,
1647 4944 1707 4990 ut
1740 4945 1932 4992 satra-

358 5036 486 5093 pam
520 5023 769 5080 retulerit
810 5030 1030 5096 potius,
1065 5026 1123 5083 in
1161 5027 1383 5085 sublimi
1414 5029 1714 5089 collocatus
1768 5034 1928 5089 solio.

2049 3287 2430 3358 πεφυτευμένα
2469 3286 2530 3340 τὸ
2577 3286 2797 3359 πέπερι,
2832 3286 2926 3342 καὶ
2969 3284 3156 3339 τούτου
3199 3284 3416 3357 πίθηκοι
3444 3300 3619 3355 γεωρ-

2045 3378 2154 3446 γοὶ,
2188 3379 2281 3431 καὶ
2325 3377 2614 3451 παράδοξοι
2641 3394 2787 3441 τινες
2842 3377 2903 3431 τὸ
2936 3376 3156 3448 μέγεθος
3200 3377 3512 3448 δράκοντες,
3546 3367 3621 3429 ὧν

2045 3470 2154 3525 ἀπὸ
2176 3470 2413 3542 κεφαλῆς
2442 3469 2723 3541 λαμπάδες
2749 3467 3211 3541 ἀπορριπτοῦνται
3233 3465 3423 3539 πυρὸς,
3450 3464 3545 3530 οὓς
3576 3466 3625 3519 εἴ

2043 3578 2127 3626 τις
2153 3561 2349 3625 ἀνέλοι,
2368 3561 2517 3633 εὖροι
2539 3562 2626 3622 ἂν,
2655 3563 2806 3634 φησὶ,
2838 3559 3175 3633 παραδόξους
3199 3558 3376 3623 λίθους
3402 3557 3495 3611 ὲπὶ
3525 3557 3623 3629 τῆς

2043 3652 2305 3724 κεφαλῆς,
2327 3652 2403 3725 τῷ
2432 3654 2524 3707 τοῦ
2552 3655 2745 3725 Γύγου,
2765 3653 2858 3706 τοῦ
2876 3653 3027 3725 παρά
3053 3651 3130 3724 τῷ
3152 3651 3420 3714 Πλάτωνι,
3450 3668 3600 3722 παρα

2046 3743 2323 3815 πλησίους.
2344 3746 2455 3798 Καὶ
2478 3745 2648 3799 ταῦτα
2680 3745 2778 3816 μὲν
2804 3744 2875 3797 τά
2896 3744 3002 3816 πρὸ
3030 3743 3124 3798 τοῦ
3157 3743 3262 3797 τῶν
3287 3742 3624 3813 Βραχμάνων

2044 3836 2229 3906 λόφου.
2271 3836 2359 3901 Ὦς
2389 3837 2445 3891 δὲ
2489 3839 2584 3892 καὶ
2626 3840 2705 3903 είς
2737 3838 2897 3892 αὑτὸν
2936 3838 3210 3907 ἀφίκοντο,
3245 3834 3623 3907 Σανδαρίκινον

2043 3929 2277 3983 ἐνταῦθα
2304 3930 2479 4003 φρέαρ
2523 3930 2716 3995 ὓδατος
2782 3930 2909 3984 ἰδεῖν
2966 3929 3292 4003 παραδόξου,
3345 3928 3440 3981 καὶ
3488 3943 3623 3998 κρα-

2042 4019 2185 4089 τῆρα
2221 4019 2443 4091 πλησίον
2466 4020 2657 4092 πυρὸς,
2680 4014 2741 4074 οὗ
2764 4020 2935 4089 φλόγα
2967 4018 3388 4090 ἀναπέμπεσθαι
3420 4016 3622 4089 μολυϐ-

2041 4109 2202 4180 δὼδη’
2236 4110 2330 4165 δύο
2360 4128 2419 4164 τε
2445 4111 2632 4175 πίθους
2653 4110 2800 4164 λίθου
2841 4112 3087 4182 μέλανος·
3122 4109 3213 4162 τὸν
3243 4109 3341 4180 μὲν
3375 4107 3622 4179 ὅμῦρων,

2041 4201 2131 4255 τὸν
2152 4201 2208 4255 δὲ
2226 4202 2459 4272 ἀνέμων,
2479 4203 2570 4271 ἀφ’
2583 4195 2656 4255 ὧν
2679 4203 2803 4265 τοὺς
2816 4201 3163 4272 Βραχμᾶνας,
3180 4193 3260 4260 οἷς
3286 4196 3352 4249 ἂν
3368 4193 3474 4248 εἷεν
3496 4194 3622 4264 ἵλεῳ

2040 4292 2137 4363 τῆς
2166 4291 2367 4365 χώρας,
2417 4297 2690 4366 χορηγεῖν.
2739 4292 2899 4346 Ἀλλά
2923 4309 2986 4361 γε
3036 4292 3129 4344 καὶ
3160 4289 3451 4358 ἀγάλματα
3488 4285 3620 4359 παρ’

2046 4388 2231 4450 αὐτοῖς
2273 4387 2500 4459 Ἀθηνᾶς
2529 4406 2546 4437 ι
2581 4385 2844 4449 Πολιάδος
2876 4406 2893 4438 ι
2922 4380 3363 4442 καὶἈπὸλλωνος
3395 4377 3618 4445 Πυθίου,

2042 4484 2137 4536 καὶ
2166 4481 2414 4535 Διονύσου
2447 4480 2542 4551 (6),
2572 4481 2665 4533 καὶ
2689 4479 2862 4534 ἄλλων
2898 4476 3060 4531 τινῶν
3099 4473 3423 4544 Ἑλληνικῶν
3458 4471 3617 4527 θεῶν.

1971 4551 2015 4607 D
2053 4575 2266 4647 ’ίάρχαν
2297 4573 2372 4635 δὲ,
2403 4572 2494 4625 τὸν
2538 4572 2629 4625 ἐπὶ
2675 4572 2910 4634 πάντων,
2966 4589 2982 4619 ι
3023 4567 3339 4623 διδάσκαλον
3377 4586 3395 4618 ι
3434 4564 3619 4620 καλεῖ-

2042 4665 2166 4719 σθαι.
2189 4681 2203 4696 ο
2233 4664 2293 4717 ὃν
2331 4664 2425 4718 καὶ
2462 4662 2587 4715 ἰδεῖν
2623 4660 3002 4731 καθεζόμενον,
3035 4657 3229 4713 πολλοῦ
3260 4675 3323 4727 γε
3347 4658 3430 4711 δεῖ
3472 4656 3617 4727 φιλο-

2040 4755 2297 4825 σοφικῶς,
2334 4754 2654 4826 σατραπικῷ
2687 4753 2765 4824 (7)
2811 4754 2855 4807 δ’
2891 4753 2956 4807 ἂν
2989 4753 3184 4825 μᾶλλον
3229 4751 3488 4821 σχήματι,
3532 4750 3618 4818 ἐφ’

2039 4847 2373 4917 ὑψηλοτάτου
2412 4846 2620 4919 δίφρου.
2670 4844 2886 4900 Χαλκοῦ
2936 4844 2993 4898 δὲ
3045 4844 3271 4915 μέλανος
3320 4838 3475 4905 οὗτος
3524 4836 3615 4911 ἦν,

2038 4940 2134 4993 καὶ
2189 4938 2499 4993 πεποίκιλτο
2534 4936 2785 5011 χρυσέοις
2833 4937 3162 5008 ἀγάλμασιν,
3213 4932 3300 4988 οά
3339 4934 3404 5004 δὴ
3448 4933 3615 4996 είκδς,

2039 5032 2383 5104 τεχνουργῶν
2424 5030 2705 5103 βαναύσων
2735 5029 2955 5103 τρόπον,
2986 5029 3120 5102 πυρὶ
3165 5027 3260 5081 καὶ
3286 5026 3487 5097 σιδήρῳ
3522 5042 3618 5096 μο-

426 5177 473 5209 ³⁹
510 5177 606 5235 lib.
637 5193 722 5235 ιιι.
794 5178 844 5214 ⁸⁸
879 5180 976 5238 lib.
1011 5197 1107 5246 ιιι,
1140 5195 1188 5236 c.
1221 5183 1275 5237 5.
1353 5184 1395 5216 δι
1438 5185 1533 5240 lib.
1567 5200 1662 5251 ιιι,
1695 5202 1745 5242 c.
1779 5186 1834 5242 4.
1911 5186 1945 5219 ⁸¹

2046 5188 2089 5244 b.
2125 5203 2223 5254 ιιι,
2258 5204 2307 5245 c.
2341 5187 2396 5243 8.
2472 5186 2520 5218 ⁸³
2558 5186 2653 5241 lib.
2687 5201 2769 5248 ιιι,
2802 5199 2853 5240 c.
2891 5185 2974 5239 M.
3052 5182 3099 5214 “
3136 5181 3235 5239 lib.
3267 5196 3363 5247 ιιι,
3395 5195 3442 5235 c.
3482 5180 3567 5237 16.

426 5329 507 5472 μζ
556 5331 723 5402 Ἡμῖν
745 5333 862 5403 μὲν
888 5333 1217 5406 εὐχέρειαν,
1251 5344 1355 5390 etc.
1397 5336 1529 5394 Vide
1554 5354 1718 5409 supra
1746 5354 1796 5393 c.
1828 5339 1883 5394 2.

450 5400 485 5455 5
542 5403 676 5457 Ἀπὸ
705 5422 757 5458 τ.
789 5422 920 5471 κερ.
957 5410 1024 5472 ἐς
1056 5408 1196 5472 ὀσφ.
1227 5411 1398 5462 levae.
1435 5407 1511 5461 Ex
1544 5410 1807 5463 memoria
1837 5427 1883 5465 ει

450 5400 507 5475 5)
542 5400 676 5457 Ἆέτὸ
705 5400 758 5458 τζ
789 5422 920 5475 κερ.
957 5400 1196 5475 ἒόόσφ.
1227 5411 1398 5462 levae.
1435 5407 1511 5461 Ex
1544 5400 1807 5463 memoria
1837 5425 1935 5465 sua

355 5472 541 5540 potius
563 5490 724 5543 quam
748 5490 814 5530 ex
838 5472 1175 5531 Philostrato
1204 5477 1317 5532 hanc.
1346 5478 1617 5544 depromit
1641 5477 1933 5543 Eusebius,

397 5556 478 5596 uae
508 5549 688 5619 tamen
703 5561 834 5619 eum
858 5546 949 5601 hic
968 5546 1234 5619 destituit.
1267 5546 1400 5601 Nam
1425 5547 1789 5605 Philostratus
1813 5551 1936 5619 qui-

395 5625 479 5692 em
515 5611 661 5692 illam
698 5614 957 5692 feminam
1004 5632 1034 5671 a
1078 5618 1257 5686 capite
1302 5635 1478 5692 usque
1527 5611 1933 5692 ad‘lllalllltlas,

357 5684 593 5756 nigram,
625 5684 751 5756 inde
783 5685 992 5756 reliquo
1018 5684 1247 5756 corpore
1277 5684 1567 5743 candidam
1600 5688 1769 5745 fuisse
1800 5690 1895 5743 ait.

430 5750 521 5833 (6)_
681 5750 995 5833 Διονύσου.
1016 5750 1261 5833 ln_é_ditis
1283 5757 1525 5814 additum
1547 5759 1761 5830 Δηλίου.
1785 5759 1930 5833 quod

354 5819 580 5878 Eusebii
611 5839 735 5880 esse
766 5825 976 5896 nequit,
1007 5827 1101 5895 qui
1128 5827 1380 5897 ignorare
1410 5843 1519 5885 non
1550 5819 1763 5901 pu'terat
1791 5819 1931 5885 Delii

2038 5356 2339 5413 cognomen
2374 5341 2430 5413 in
2471 5339 2753 5413 Bacchicis
2783 5339 2927 5394 haud
2959 5355 3103 5413 esse.
3151 5337 3292 5413 Puto
3326 5353 3426 5413 ego
3454 5338 3612 5391 ducta

2038 5410 2202 5465 manu
2242 5412 2475 5481 quadam
2506 5410 2699 5482 Δηλίου
2730 5411 2784 5465 in
2817 5411 3064 5480 margine
3083 5410 3268 5533 primo
3294 5410 3609 5462 adnotatum

2039 5481 2229 5533 fuisse.
2263 5489 2320 5533 ut
2354 5482 2564 5533 scilicet
2596 5489 2875 5533 notaretur
2902 5484 3045 5533 anud
3131 5482 3477 5533 hilustratum
3513 5492 3609 5533 pro

2039 5481 2229 5544 fuisse,
2263 5489 2320 5534 ut
2354 5481 2875 5537 scilicet'notaretur
2902 5484 3045 5550 apud
3083 5481 3477 5534 Philustratum
3513 5492 3610 5548 pro

2050 5550 2381 5615 ’Λπόλλωνος
2412 5551 2611 5605 Πυθίου
2646 5551 2772 5621 legi,
2815 5552 3147 5615 ’Λπόλλωνος
3175 5550 3366 5621 Δηλίου
3404 5568 3417 5602 :
3449 5550 3610 5621 idque

2039 5630 2224 5691 postea
2256 5621 2533 5675 indoctum
2564 5620 2846 5676 librarium
2880 5623 2935 5676 in
2966 5631 3172 5676 textum
3201 5620 3325 5689 pOSt
3352 5620 3606 5675 Διονύσου

2039 5692 2289 5760 imperite
2316 5692 2628 5760 intrusisse.

2110 5758 2187 5831 (7)
2229 5758 2593 5829 Σατραπικῷ.
2631 5758 3014 5831 ltalegendum
3035 5760 3261 5816 omnino
3282 5774 3382 5829 pro
3406 5776 3611 5830 σατρα-

2040 5828 2215 5896 mus,-
2241 5828 2386 5903 quOd
2420 5837 2538 5886 erat
2575 5831 2629 5884 in
2664 5828 2846 5885 editis.
