4112 6422
351 405 457 466 825
1483 398 1689 456 LIBER
1724 396 2003 455 CONTRA
2042 399 2462 459 HIEROCLEM.
3494 405 3599 465 9526

348 519 613 595 χϐοῦντας
642 518 773 583 τοὺς
808 516 1129 588 φιλοσόφους
1169 515 1539 587 τεχνουργεϊν,
1569 514 1603 584 ἢ
1643 514 1759 581 καὶ,
1795 513 1926 569 θαυ-

2033 515 2161 572 Erat
2192 526 2370 574 autem
2399 518 2529 577 illud
2556 532 2623 575 ex
2660 531 2769 574 aere
2809 517 2985 590 nigro,
3016 517 3307 590 aureisque
3347 531 3601 578 ornatum

350 612 660 687 ματοποιῶν
692 611 868 682 δίκην,
912 608 1215 678 αὐτόματον
1257 606 1538 660 ἀποτελεῖν
1577 607 1640 660 τὸ
1677 606 1926 677 δημιούρι

2034 612 2253 675 statuis,
2293 611 2482 682 quales
2506 612 2737 677 scilicet,
2770 610 3050 666 fabrorum
3091 628 3244 668 more
3292 614 3604 671 verosimile

346 723 522 780 γημα.
559 706 624 760 Οἱ
668 704 725 758 δὲ
763 702 873 757 τῶν
904 701 1079 757 ἀλλων
1109 700 1219 753 τῶν
1261 700 1377 771 μετ’
1411 700 1573 753 αὐτὸν
1616 697 1926 753 διδάσκαλον

2030 702 2106 756 sit
2136 705 2452 775 sapientes,
2494 704 2606 774 igni
2653 702 2908 774 ferroque
2956 704 3237 769 adhibito,
3291 702 3598 773 fabricare;

344 797 524 869 δίφροι
562 796 754 869 χαλκοῖ
785 795 905 867 μὲν,
935 793 1121 863 φησὶν,
1146 792 1350 864 ἄσημοι
1378 792 1422 846 δ’
1454 787 1616 864 ἦσαν,
1643 792 1739 845 καὶ
1770 786 1926 863 ἦττον

2029 793 2162 864 quin
2184 803 2239 851 et
2262 795 2719 865 praestigiatorum
2761 796 2871 849 ritu
2917 795 2992 849 ita
3019 810 3161 867 opus.
3184 795 3488 859 instruere,
3538 802 3601 852 ut

347 887 562 961 ὑψηλοί.
612 888 760 941 Ἔδει
796 874 911 957 γάρ
959 902 1061 938 που
1110 883 1373 956 τυράννου
1425 885 1643 948 πάντως
1687 884 1925 955 σχήματι

2031 893 2227 954 sponte
2270 901 2369 941 sua
2405 894 2706 942 moveatur.
2738 885 3068 941 Caeterarum
3102 894 3303 950 autem,
3336 887 3429 958 qui
3460 888 3604 944 assi-

348 979 648 1051 προνομίας
670 977 770 1047 τῆς
798 978 855 1030 ἐν
881 975 1180 1046 ἀγάλμασι,
1209 975 1302 1030 καὶ
1329 974 1515 1048 χρυσῷ
1545 975 1636 1029 τὸν
1659 974 1757 1045 τῆς
1778 973 1926 1039 θείας

2037 975 2241 1031 debant
2268 976 2561 1047 magistro,
2594 977 2775 1041 sedes,
2797 992 2950 1031 aereae
2977 976 3227 1048 quidem,
3259 980 3338 1032 uti
3397 979 3602 1041 ait,si-

347 1070 663 1139 φιλοσοφίας
684 1067 1001 1123 διδάσκαλον
1032 1067 1333 1133 ἀξιοῦσθαι.

2032 1068 2155 1140 guis
2186 1078 2366 1124 tamen
2394 1083 2597 1123 ornata:
2648 1084 2757 1124 non
2782 1077 2962 1134 erant,
3001 1072 3291 1142 minusque
3318 1072 3598 1130 sublimes.

345 1159 549 1233 Nempe
574 1169 692 1218 erat
727 1163 1060 1219 conveniens
1099 1163 1322 1218 omnino
1362 1163 1511 1233 regio
1539 1163 1754 1218 ornatui
1791 1164 2178 1235 praerogativa,
2227 1164 2283 1220 in
2331 1168 2529 1221 statuis
2559 1166 2667 1221 illis
2705 1163 3391 1236 consistens,[conveniens
3423 1165 3575 1242 item]

345 1271 480 1312 auro
508 1257 779 1322 honorare
807 1257 1003 1312 divina:
1024 1258 1378 1327 philosophiae
1404 1260 1749 1330 magistrum.

867 1355 1265 1409 ΚΕΦΑΛΑΙΟΝ
1303 1355 1403 1409 19'.

413 1446 636 1519 Πρῶτον
680 1447 737 1501 δὲ
779 1446 871 1501 τὸν
917 1447 1130 1519 ’ἰάρχαν
1176 1449 1367 1512 ἰδόντα,
1398 1449 1548 1521 φησὶ,
1598 1448 1689 1504 τδν
1731 1451 1921 1506 Ἀπολ-

341 1534 552 1602 λώνιον,
599 1537 658 1604 ἐξ
703 1538 966 1609 ὀνόματός
1008 1556 1067 1591 τε
1118 1543 1438 1610 προσειπεῖν
1478 1540 1552 1611 (8)
1599 1540 1808 1596 Ἐλλάδι
1853 1546 1920 1616 τῇ

342 1633 516 1704 φωνῇ,
548 1631 642 1686 καὶ
673 1633 739 1703 ἢν
764 1630 911 1702 αύτῷ
940 1629 1091 1703 παρά
1115 1629 1370 1702 Φραὼτου
1395 1632 1609 1704 κομίζει
1635 1634 1920 1707 ἐπιστολὴν

340 1725 583 1796 αἰτῆσαι,
633 1723 776 1779 κατά
825 1724 1131 1796 πρόγνωσιν
1177 1724 1277 1795 ἤδη
1326 1724 1486 1778 τοῦτο
1531 1726 1920 1798 προειληφότα.

353 1813 720 1878 Ἕνδείξασθαί
747 1831 807 1868 τε
850 1814 910 1868 τὸ
956 1812 1136 1868 ἔνθεον
1180 1815 1281 1885 τῆς
1313 1815 1689 1887 προγνώσεως,
1738 1835 1923 1890 προει-
1954 1850 1996 1906 Β

345 1906 569 1979 ρηκότα,
597 1906 673 1970 ὡς
715 1905 822 1976 ἄρα
852 1908 931 1960 ὲνὶ
954 1906 1260 1978 γράμματι,
1299 1908 1378 1980 τῷ
1415 1926 1434 1959 ι
1470 1908 1659 1973 Δέλτα,
1700 1928 1719 1961 ι
1753 1908 1924 1963 λείποι

339 2002 373 2071 ἡ
416 1999 694 2071 ἐπιστολή.
736 1999 1036 2069 Ἀρξασθαί
1084 2017 1143 2053 τε
1184 2000 1561 2072 ἀπειροκάλως
1604 2001 1766 2065 εὐθὺς
1818 2001 1927 2055 ἀπὸ

342 2095 568 2166 πρώτης
597 2092 836 2163 ὁμιλίας,
881 2092 1311 2166 ἀπειροπλούτου
1353 2094 1529 2166 δίκην,
1571 2094 1927 2150 ὲνεπιδείκνυο

342 2184 467 2240 σθαι
500 2184 561 2239 τὸ
602 2184 705 2256 τῆς
756 2185 1118 2257 προγνώσεως
1161 2187 1562 2259 πλεονέκτημα,
1595 2188 1802 2261 πατέρα
1832 2189 1926 2242 καὶ

344 2276 558 2349 μητέρα
594 2277 961 2346 καταλέγοντα
1005 2276 1098 2331 τοῦ
1140 2278 1518 2342 Ἀπολλωνίου,
1553 2280 1708 2349 γένος
1740 2298 1797 2333 τε
1833 2284 1927 2335 καὶ

339 2369 568 2442 τροφὴν,
601 2369 696 2423 καὶ
724 2370 995 2433 παιδείαν,
1037 2369 1132 2423 καὶ
1158 2370 1258 2435 τὰς
1285 2370 1428 2425 κατὰ
1465 2372 1689 2444 χρόνους
1720 2373 1923 2445 ἀποδη-

343 2461 496 2532 μίας,
526 2461 621 2515 καὶ
650 2460 749 2531 τὴν
788 2462 845 2525 ἐς
887 2461 1049 2515 αὑτὸν
1095 2461 1340 2533 πορείαν,
1372 2464 1467 2517 καὶ
1508 2463 1578 2516 τά
1610 2466 1729 2518 κατ’
1757 2465 1925 2537 αὐτὴν

339 2551 707 2624 πεπραγμένα
760 2551 907 2623 αύτῷ
960 2553 1055 2606 καὶ⁹
1096 2552 1438 2624 ὡμιλημένα.
1473 2549 1608 2607 Εἶτα
1655 2553 1713 2608 δέ
1761 2572 1924 2627 φησιν

338 2635 494 2708 οὗτος
536 2644 566 2697 ὁ
617 2643 920 2715 θαυμάσιος
978 2646 1348 2717 συγγραφεὺς,
1400 2647 1526 2709 τοὺς
1574 2645 1922 2718 Βραχμᾶνας,

339 2738 459 2810 ἅμα
511 2736 591 2809 τῷ
631 2737 993 2815 Ἀπολλωνίῳ,
1040 2738 1407 2810 χρισαμένους
1457 2737 1757 2810 ἡλεκτρίνῳ
1790 2755 1926 2810 φαρ-

343 2829 521 2901 μάκῳ,
549 2829 843 2884 λούσασθαι
867 2845 881 2859 ο
913 2830 1009 2884 καὶ
1053 2830 1415 2901 περιστάντας
1443 2830 1519 2894 ὠς
1551 2831 1610 2883 ὲν
1644 2829 1794 2903 χορῷ
1826 2831 1925 2903 τὴν

338 2920 446 2992 γῆν
476 2920 643 2992 τύψαι
685 2925 806 2987 ταῖς
856 2922 1103 2996 ῥάϐδοις·
1132 2922 1229 2995 τὴν
1275 2921 1331 2975 δὲ
1382 2921 1752 2995 κυρτωθεῖσαν
1796 2924 1927 2977 ἀνα-

341 3015 557 3086 πέμψαι
591 3015 789 3080 αὐτοὺς
812 3016 872 3081 ὲς
917 3015 1117 3087 δίπηχυ
1150 3015 1245 3069 τοῦ
1277 3016 1459 3089 ἀέρος,
1488 3014 1710 3068 ἑστάναι
1747 3032 1807 3068 τε
1835 3014 1929 3067 αύ-

337 3109 465 3173 τοὺς
495 3107 803 3181 μετεώρους
830 3110 887 3162 ὲν
907 3108 1054 3180 αύτῷ
1076 3108 1196 3180 ἀέρι
1219 3107 1311 3161 ἐπί
1332 3125 1384 3160 τι
1411 3108 1604 3180 χρόνου
1630 3107 1922 3178 διάστημα,

2504 1345 2666 1418 524
2701 1345 2926 1404 CAPUT
2964 1343 3106 1403 XIX.

2098 1442 2348 1499 larcham
2394 1452 2574 1497 autem
2601 1481 2616 1505 ,
2646 1443 2738 1497 ubi
2788 1443 3024 1512 primum
3094 1441 3437 1514 Apollonium
3469 1460 3604 1500 con-

2027 1534 2294 1608 spexisset
2316 1574 2330 1597 ,
2351 1532 2673 1586 nominatim
2707 1547 2832 1586 eum
2865 1532 3129 1587 salutasse
3183 1534 3257 1586 ait
3287 1532 3471 1589 Gmca
3504 1536 3599 1589 lin-

2026 1641 2153 1697 gua,
2183 1623 2444 1694 reddique
2476 1623 2579 1679 sibi
2608 1623 2893 1693 epistolam
2916 1663 2931 1688 ,
2974 1639 3138 1694 quam
3172 1638 3203 1677 a
3230 1622 3464 1680 Pliraota
3497 1626 3601 1696 ipsi

2029 1717 2290 1774 alierehat
2309 1757 2324 1780 ,
2359 1716 2671 1788 postulasse
2697 1756 2711 1779 ,
2738 1723 2920 1771 mente
2953 1730 3197 1788 praesaga
3229 1731 3293 1772 ea
3321 1717 3387 1771 de
3414 1717 3602 1786 rejam

2031 1820 2189 1866 antea
2211 1808 2488 1866 edoctum.
2542 1806 2746 1877 Nempe
2772 1807 3178 1862 demonstrasse
3203 1807 3465 1863 divinitus
3497 1806 3602 1863 sibi

2025 1918 2114 1957 res
2141 1910 2301 1957 antea
2340 1906 2656 1970 perspectas
2697 1914 2842 1961 esse,
2870 1898 3214 1969 praedicendo
3256 1914 3364 1953 una
3396 1899 3599 1963 littera,

2029 2012 2049 2046 ι
2080 1992 2253 2057 Delta,
2278 2012 2308 2061 ¹ι
2339 1993 2568 2049 deiicere
2600 1992 2905 2061 epistolam.
2927 1992 3173 2062 Cmpisse
3197 2001 3376 2047 autem
3411 2006 3602 2063 parum

2023 2088 2271 2144 modeste
2293 2087 2469 2158 prima
2501 2085 2688 2142 statim
2742 2086 3192 2147 conversatione,
3232 2100 3386 2141 more
3411 2100 3602 2142 eorum

2024 2183 2113 2252 qui
2148 2182 2318 2236 vastis
2348 2179 2553 2235 divitiis
2581 2177 2885 2240 abundant,
2929 2177 3374 2233 absconditarum
3417 2193 3600 2233 rerum

2019 2275 2230 2344 jactare
2262 2273 2568 2336 scientiam,
2606 2279 2815 2343 patrem
2858 2271 3203 2326 recensendo
3226 2271 3497 2341 Apollonii
3548 2276 3604 2326 et

2022 2374 2275 2430 matrem,
2303 2374 2355 2421 et
2383 2381 2556 2436 genus
2595 2380 2778 2428 omne,
2803 2363 3295 2434 educationemque
3345 2372 3400 2420 et
3444 2363 3603 2418 insti-

2023 2456 2307 2525 tutionem,
2330 2455 2606 2525 variisque
2650 2455 2991 2526 temporibus
3042 2463 3329 2524 susceptas
3355 2453 3603 2526 peregri-

2023 2547 2294 2609 nationes,
2326 2555 2379 2602 et
2408 2547 2554 2618 quod
2584 2547 2649 2602 ad
2674 2546 2854 2617 ipsum
2882 2546 3194 2602 instituerat
3219 2546 3340 2610 iter,
3373 2560 3605 2615 quaeque

2023 2640 2127 2710 ipsi
2154 2641 2209 2694 in
2239 2654 2305 2695 eo
2334 2646 2485 2711 gesta
2520 2638 2734 2694 dictave
2782 2637 3018 2694 fuerant.
3060 2637 3192 2694 Inde
3233 2652 3397 2708 porro
3450 2652 3604 2708 egre-

2024 2734 2145 2805 gius
2173 2734 2264 2789 ille
2295 2733 2530 2803 scriptor
2555 2739 2748 2786 narrat
2778 2730 2848 2797 ",
2876 2730 3143 2787 electrino
3188 2740 3467 2802 unguento
3497 2746 3602 2784 un-

2024 2836 2144 2884 ctos
2168 2826 2539 2883 Brachmanas
2568 2839 2693 2880 cum
2714 2822 2988 2896 Tyanensi
3010 2866 3024 2891 ,
3057 2824 3255 2880 balneo
3283 2839 3418 2879 usos
3446 2839 3567 2879 esse
3586 2864 3602 2881 .

2022 2934 2255 2987 euntque
2284 2917 2623 2979 ambientes.
2658 2916 2828 2972 choro
2853 2915 3044 2986 quasi,
3101 2922 3307 2971 terram
3351 2917 3608 2986 scipioni-

2023 3009 2126 3064 hus
2149 3007 2394 3073 l‘criisse;
2427 3021 2547 3061 eam
2579 3019 2711 3061 vero
2740 3003 2798 3060 in
2834 3005 3058 3075 gibbum
3088 3006 3449 3071 rcsilientem,
3482 3009 3607 3063 alti-

2021 3100 2212 3180 tudine
2244 3098 2527 3155 hicubitali
2556 3114 2652 3155 eos
2676 3100 2731 3153 in
2778 3114 2964 3155 aerem
3022 3099 3306 3166 extulisse,
3338 3101 3604 3171 pensiles-

340 3200 519 3255 ἕλκειν
544 3200 602 3256 δὲ
634 3202 728 3256 καὶ
768 3199 879 3273 πῦρ
913 3199 1020 3254 ἀπὸ
1047 3199 1142 3254 τοῦ
1162 3192 1165 3195 ’
1184 3199 1359 3272 ἡλίου,
1396 3200 1484 3254 ὅτε
1512 3199 1803 3270 βούλοιντο,
1832 3200 1923 3252 αύο

2026 3209 2129 3264 que
2156 3191 2475 3262 aliquandiu
2505 3191 2563 3246 in
2594 3192 2713 3262 ipso
2756 3206 2883 3247 aere
2921 3191 3045 3247 illos
3071 3191 3406 3248 substitisse.
3453 3190 3607 3249 Deri-

338 3293 608 3364 τομάτως.
639 3292 860 3357 Τούτοις
891 3292 935 3346 δ’
966 3292 1217 3364 ἐπιφέρει
1251 3291 1550 3365 παράδοξον
1578 3294 1607 3345 ὁ
1643 3290 1916 3363 θαυματο-

338 3381 495 3452 λόγος
514 3401 527 3415 ο
560 3384 636 3446 ὡς
667 3384 775 3456 ἄρα
803 3383 1054 3456 τρίποδες
1087 3384 1314 3438 Πυθικοὶ
1334 3385 1592 3455 τέτταρες
1624 3383 1919 3456 ἐξεκυκλή-

342 3475 516 3547 θησαν
545 3475 643 3546 (9),
677 3476 974 3545 αὐτόματοι
1015 3476 1334 3545 φοιτῶντες·
1372 3477 1467 3531 καὶ
1498 3476 1705 3541 εἰκάζει
1732 3475 1795 3547 δὴ
1825 3472 1920 3530 οῦν

342 3567 541 3630 αὐτοὺς
579 3569 695 3631 τοῖς
734 3565 1040 3639 ὀμηρείοις
1060 3587 1073 3599 ·
1113 3569 1383 3638 οἰνοχόους
1421 3569 1472 3621 τ’
1500 3569 1593 3621 ἐπὶ
1619 3566 1828 3632 τούτοις
1856 3570 1922 3621 ἐκ

343 3657 549 3729 χαλκοῦ
591 3656 871 3723 διακόνους
920 3659 1022 3730 τὴν
1072 3657 1204 3731 ῦλην
1248 3660 1358 3731 (10)
1402 3660 1581 3731 ἵστησι
1631 3660 1917 3732 τέτταρας.

355 3750 626 3820 Ἐπιλέγει
646 3750 704 3804 δὲ
735 3750 811 3815 ώς
843 3748 950 3823 ἄρα
990 3752 1085 3804 καὶ
1113 3753 1146 3823 ἡ
1171 3751 1240 3822 γῆ
1262 3751 1582 3822 αὐτομάτως
1610 3750 1923 3823 ὑπεστρών-

341 3862 469 3901 νυτο
507 3845 693 3908 αὐτοῖς
725 3843 881 3908 πόας.
913 3842 1034 3897 Τῶν
1073 3841 1130 3897 δὲ
1160 3843 1430 3916 τριπόδων
1467 3843 1518 3897 oi
1552 3843 1650 3914 μὲν
1676 3841 1790 3907 δύο,
1821 3860 1924 3915 φη-

344 3939 451 4003 σὶν,
493 3936 638 3991 οἴνου
669 3932 960 4009 ἀπέρρεον,
1006 3938 1053 3992 οἱ
1091 3937 1149 3990 δὲ
1192 3937 1368 4007 ἕτεροι
1402 3936 1517 4000 δύο,
1545 3936 1575 3989 ὁ
1608 3936 1706 4007 μὲν
1732 3934 1923 4001 ὓδατος

341 4028 547 4101 θερμοῦ
599 4032 796 4103 κρᾶσιν
840 4033 1122 4102 παρεῖχεν,
1167 4032 1196 4084 ὁ
1235 4030 1282 4085 δ’
1321 4025 1387 4083 αὖ
1424 4029 1652 4101 ψυχροῦ.
1695 4030 1835 4094 Τοὺς
1865 4028 1923 4083 δὲ

339 4124 611 4195 οἰνοχόους
662 4126 788 4188 τοὺς
820 4121 1057 4195 χαλκοῦς
1106 4120 1370 4195 ἀρύεσθαι
1421 4122 1701 4194 εύμέτρως
1740 4120 1835 4175 τοῦ
1863 4138 1924 4176 τε

339 4215 486 4271 οἴνου
540 4216 636 4271 καὶ
667 4215 762 4269 τοῦ
812 4215 1037 4280 ὓδατος·
1085 4215 1459 4287 περιελαύνειν
1499 4232 1562 4284 γε
1604 4214 1789 4288 κύκλῳ
1827 4213 1927 4279 τὰς

343 4308 593 4375 κύλικας,
624 4309 813 4382 ὥσπερ
832 4310 892 4363 ὲν
912 4311 1025 4373 τοῖς
1049 4308 1232 4373 πότοις
1260 4308 1393 4383 (11).

876 4576 1273 4630 ΚΕΦΔΛᾹΙΟΝ
1309 4577 1396 4629 Κ’.

417 4664 603 4719 Ταῦτα
646 4666 919 4737 Ἱεροκλεῖ,
947 4668 1017 4722 τὰ
1038 4668 1300 4723 ἀνωτάτω
1330 4667 1439 4739 (12)
1469 4669 1562 4722 καὶ
1606 4667 1833 4722 καθόλου
1858 4668 1932 4722 δι-

346 4760 619 4832 καστήρια
682 4761 1117 4832 πεπιστευμένῳ,
1167 4760 1307 4833 μετά
1364 4759 1564 4833 πολλῆς
1624 4760 1931 4824 ἀνετάσεως

425 4953 473 4986 ⁸⁸
513 4952 610 5008 lib.
645 4967 729 5018 ιιι,
760 4967 812 5008 c.
847 4952 937 5006 17.
1013 4954 1059 4987 ⁸⁸
1097 4955 1194 5011 lib.
1232 4971 1327 5020 ιιι,
1361 4968 1412 5009 c.
1448 4954 1542 5011 27.

2021 3297 2152 3338 vare
2183 3283 2313 3339 item
2334 3296 2430 3337 eos
2454 3280 2549 3335 ubi
2580 3281 2874 3346 voluerint,
2901 3294 2967 3334 ex
2998 3281 3112 3336 sole
3139 3280 3319 3352 ignem
3342 3321 3358 3347 ,
3412 3290 3608 3352 sponte

2025 3382 2364 3445 sequentem.
2407 3373 2585 3443 Atque
2614 3371 2737 3428 istis
2762 3373 3018 3427 omnibus
3047 3387 3162 3428 rem
3192 3374 3350 3443 plane
3379 3383 3607 3446 stupen-

2024 3467 2148 3521 dam
2183 3474 2536 3538 portentosus
2566 3465 2657 3520 ille
2682 3464 2920 3535 scriptor
2943 3464 3126 3536 jungit
3156 3465 3237 3533 “;
3270 3473 3329 3521 ut
3362 3468 3607 3537 tripodes

2027 3574 2242 3629 nempe,
2268 3557 2479 3629 Pythiis
2511 3557 2748 3622 similes,
2802 3564 3057 3627 quatuor,
3089 3565 3283 3627 sponte
3332 3574 3433 3614 sua
3484 3575 3606 3615 mo—

2025 3658 2239 3717 ventes,
2271 3651 2326 3704 in
2354 3650 2591 3705 medium
2617 3649 3025 3719 processerint;
3059 3663 3265 3718 eosque
3297 3648 3607 3709 Homericis

2028 3743 2235 3799 similes
2260 3757 2385 3798 esse
2434 3742 2528 3795 ait.
2573 3740 2872 3796 Pincernas
2924 3748 3106 3795 autem
3139 3741 3207 3797 iis
3254 3756 3323 3797 ex
3377 3756 3525 3806 tere,
3556 3744 3606 3799 si

2027 3831 2313 3889 materiam
2360 3839 2600 3903 spectes,
2627 3831 2719 3903 qui
2757 3831 3168 3899 ministrarent,
3219 3833 3412 3887 statuit
3465 3850 3606 3906 qua-

2028 3934 2176 3980 tuor.
2208 3923 2374 3979 Addit
2400 3925 2566 3979 etiam
2591 3965 2606 3992 ,
2646 3931 2707 3979 ut
2755 3932 2900 3980 terra
2948 3930 3143 3993 sponte
3184 3922 3434 3994 gramina
3474 3925 3609 3980 sub-

2029 4018 2309 4075 straverit.
2334 4016 2633 4089 Tripodum
2657 4024 2836 4073 autem
2863 4015 3024 4072 binos
3054 4016 3130 4071 ait
3156 4019 3285 4071 vino
3316 4031 3568 4072 manasse
3585 4056 3603 4082 ,

2028 4111 2366 4182 reliquorum
2423 4126 2556 4166 vero
2612 4111 2843 4165 alterum
2889 4111 3080 4165 calida:
3127 4108 3492 4165 admiscendae
3519 4126 3608 4166 co-

2024 4205 2170 4275 piam
2198 4203 2414 4270 fecisse,
2448 4204 2677 4259 alterum
2720 4202 2965 4274 frigidae;
3007 4218 3287 4274 aereosque
3316 4202 3606 4274 pincernas

2023 4297 2214 4352 vinum
2247 4297 2452 4368 pariter
2483 4302 2538 4351 et
2584 4310 2783 4366 aquam
2829 4296 2978 4367 larga
3029 4297 3282 4353 hausisse
3316 4311 3603 4364 mensura;

2025 4389 2226 4444 calices
2254 4388 2405 4444 enim
2435 4388 2790 4444 cireumlatos
2822 4403 2965 4454 esse,
3000 4395 3062 4444 ut
3093 4388 3209 4444 ﬁeri
3242 4390 3301 4444 in
3329 4400 3609 4461 compota-

2026 4481 2270 4536 tionibus
2300 4481 2525 4537 assolet.

2526 4570 2684 4642 525
2721 4572 2948 4629 CAPUT
2986 4570 3103 4626 xx.

2101 4662 2208 4719 Ista
2251 4660 2527 4731 Hierocli,
2574 4663 2847 4734 supremis
2896 4663 2952 4717 in
3002 4663 3301 4732 provinciis
3350 4661 3608 4732 praefecto

2031 4757 2362 4823 dicasteriis,
2401 4760 2571 4813 multa
2596 4755 2847 4812 instituta
2881 4755 3301 4827 disquisitione,
3327 4769 3455 4809 vera
3484 4768 3609 4811 esse

416 5110 494 5183 (8)
534 5112 913 5181 Προσειπεῖν.
967 5111 1046 5183 ita
1073 5128 1139 5167 ex
1166 5111 1500 5167 Philostrato
1535 5108 1923 5177 scribendum;
1959 5119 2004 5175 ι)
2032 5106 2206 5183 invito
2231 5106 2429 5183 linguae
2448 5108 2630 5178 genio,
2654 5121 2774 5161 eam
2797 5109 2983 5181 itaque
3004 5105 3181 5164 omitti
3208 5104 3368 5177 plane
3391 5103 3601 5172 malim,

345 5181 488 5239 male
511 5183 655 5254 enim
689 5184 742 5237 in
774 5183 937 5254 editis
966 5181 1185 5254 Eusebii
1213 5191 1297 5254 est
1327 5183 1628 5254 προειπεῖν.

419 5254 495 5325 (9)
548 5252 1100 5322 Ἐξεκυκλήθησαν.
1128 5251 1246 5325 Vox
1276 5253 1330 5306 in
1366 5250 1597 5307 theatris
1626 5250 1824 5325 usitata
1859 5250 1930 5306 de

345 5323 476 5388 illis,
503 5339 624 5394 qum
645 5324 915 5380 machinis
947 5324 1180 5394 Occultis
1205 5323 1260 5394 in
1284 5338 1512 5394 scenam
1549 5323 1928 5394 proveheban-

344 5403 466 5461 tur;
501 5392 675 5449 utitur
700 5394 912 5455 eadem,
947 5394 1039 5449 ubi
1072 5395 1141 5449 de
1170 5393 1254 5449 his
1284 5392 1683 5447 Brachmanum
1719 5392 1930 5448 artibus

346 5466 613 5535 loquitur,
632 5464 972 5535 Thespesion
998 5464 1443 5535 gymnosophista
1459 5464 1612 5535 _apu_d
1630 5461 1929 5516 Philostra-

348 5532 461 5589 ιιιιίι
498 5537 592 5590 lib.
620 5553 693 5599 vt,
722 5532 796 5591 De
836 5538 945 5590 vita
976 5532 1264 5602 Apollonii,
1301 5549 1422 5602 cap.
1448 5533 1536 5587 10.
1567 5532 1714 5587 Loco
1744 5540 1929 5602 autem

348 5607 439 5677 ubi
469 5605 585 5661 hinc
621 5606 936 5661 referuntur
973 5601 1195 5676 proprio
1231 5601 1459 5660 verbum
1498 5601 1931 5677 ὲξεπορεύθησαν

347 5671 610 5732 Philostr.
648 5678 919 5732 adhibuit.

424 5747 536 5818 (1ο)
573 5748 818 5818 Χαλκοῦ
847 5747 1167 5814 διακόνους
1211 5745 1327 5816 τὴν
1365 5744 1543 5818 ὕλην.
1590 5742 1763 5815 ,ἄζει-θ
1795 5742 1926 5798 mihi

346 5815 487 5889 .l'acit
519 5815 625 5873 vox
651 5817 933 5883 διακόνους
964 5815 1286 5889 interposita
1331 5816 1790 5889 vocibuspnatura
1818 5828 1924 5889 sua

351 5887 772 5960 conjungendis,
804 5904 981 5959 neque
1020 5884 1127 5945 hac
1158 5889 1371 5944 ratione
1415 5886 1763 5953 divellendis,
1814 5884 1923 5943 nisi

2031 5178 2168 5232 nihil
2190 5179 2335 5232 enim
2367 5192 2429 5233 ea
2460 5185 2543 5233 est
2569 5193 2728 5248 opus.

2105 5247 2219 5320 (11)
2256 5248 2486 5314 Πότοις.
2522 5246 2659 5303 Male
2700 5249 2754 5303 in
2788 5250 2952 5305 editis
2982 5246 3286 5320 habebatur
3314 5248 3602 5320 ποταμοῖς,

2072 5316 2178 5374 uod
2201 5316 2398 5375 secure
2422 5321 2584 5376 nimis
2607 5328 2831 5376 secutus
2855 5320 2958 5375 fuit
2984 5317 3264 5379 Acciolus,
3287 5316 3380 5385 qui
3401 5317 3567 5371 vertit
3584 5331 3602 5359 ρ

2072 5335 2178 5374 ιιοα
2203 5335 2398 5375 secure
2422 5336 2584 5376 nimis
2607 5335 2831 5376 secutus
2855 5335 2958 5375 tutt
2984 5335 3264 5379 ACCIOIUS,
3287 5335 3380 5385 qui
3402 5335 3567 5371 verm.
3584 5335 3602 5359 ρο

2031 5335 2139 5446 god
2171 5399 2222 5445 et
2251 5390 2448 5461 calices,
2473 5401 2619 5445 actos
2644 5390 2699 5443 in
2719 5407 2907 5461 gyrum
2928 5390 3082 5461 quasi
3106 5388 3362 5461 verticoso
3387 5386 3607 5461 ﬂumine

2031 5460 2391 5531 impellebant.
2414 5460 2488 5515 Eo
2512 5462 2682 5515 tutius
2705 5458 2883 5516 autem
2909 5458 3094 5531 πότοις
3116 5458 3439 5531 ειιιιςῃίιιιιιε,
3456 5459 3603 5531 quod

2034 5527 2152 5600 ipsa
2191 5532 2280 5586 hic
2322 5529 2640 5585 Philostrati
2695 5532 2858 5585 verba
2898 5530 3190 5586 retinuerit
3223 5527 3603 5600 Eusebiusuiu

2037 5599 2196 5671 cujus
2228 5609 2378 5656 textu
2416 5602 2599 5665 πότοις
2647 5601 2895 5671 codicum
2946 5600 3187 5654 omnium
3220 5613 3493 5653 consensu
3526 5599 3605 5671 le-

2038 5670 2204 5744 gitur.
2232 5671 2493 5744 Eamdem
2523 5671 2808 5744 lectionem
2840 5670 3169 5725 Salmasium
3198 5684 3416 5741 quoque
3435 5670 3603 5725 restio

2036 5740 2232 5814 tuisse,
2259 5751 2394 5814 post
2408 5740 2786 5814 animadverti.

2105 5813 2216 5885 (12)
2259 5808 2337 5869 Τὰ
2365 5809 2662 5893 ἀνωτάτω,
2691 5818 2800 5869 etc.
2838 5810 3036 5869 Eadem
3071 5808 3253 5872 verbis
3284 5808 3480 5870 iisdem
3508 5808 3607 5864 ha-

2032 5882 2129 5942 bes
2163 5882 2353 5956 supra,
2382 5897 2501 5955 cap.
2535 5882 2587 5938 5.
