4112 6436
505 423 613 480 8T7

1179 415 1445 472 EUSEBII
1486 410 1963 471 CESARIENSIS
1999 408 2151 467 OPP.
2195 407 2374 464 PARS
2414 406 2481 462 ll.
2514 438 2586 451 —-
2624 403 3120 462 APOLOGETICA.

505 540 760 595 videntur
790 541 954 604 atque
979 530 1280 602 explorata,
1305 538 1494 585 nostra
1521 537 1702 583 autem
1726 526 2058 597 simplicitas1

2174 522 2348 595 ἀληθῆ
2384 526 2480 577 καὶ
2508 521 2675 576 πιστὰ
2717 517 2856 575 εἶναι
2885 521 3054 574 δοκεῖ.
3088 518 3197 571 Καὶ
3247 515 3402 587 ἡμῶν
3455 517 3553 586 μὲν
3597 518 3755 590 εὐχέ-

505 631 807 699 levitasque
850 626 1017 681 animi
1067 624 1227 692 longe
1276 622 1514 675 maxima
1555 621 1623 675 ab
1660 635 1725 674 eo
1762 618 2070 673 damnatur.

505 724 623 793 Ipse
648 730 828 775 autem
856 720 983 772 talia
1015 716 1247 771 credens
1283 713 1638 778 Philostrato,
1664 712 1750 767 his
1790 712 1927 782 ipsis
1950 726 2075 765 ver-

503 816 588 870 bis
618 828 678 869 se
700 815 890 883 jactat,
922 811 1176 881 inquiens
1212 831 1227 863 :
1257 827 1277 860 ι
1316 806 1613 862 Videamus
1653 806 1795 861 enim
1817 843 1833 867 ,
1868 812 2074 874 quanto

502 921 605 960 nos
666 905 862 959 melius
915 902 1030 956 haec
1093 908 1257 971 atque
1294 899 1621 970 prudentius
1679 896 2069 962 admittamus,

500 1004 554 1051 et
585 1011 705 1065 quae
743 995 810 1050 de
842 992 1121 1064 praeclaris
1154 991 1357 1046 virtute
1386 989 1520 1046 viris
1570 987 1843 1045 sententia
1883 995 2072 1042 nostra

501 1088 593 1143 sit.
633 1105 654 1139 ι

1080 1193 1312 1253 CAPUT
1350 1192 1494 1252 XXI.

568 1311 628 1367 In
685 1320 948 1382 apparato
996 1326 1162 1383 porro
1211 1312 1315 1365 hoc
1373 1310 1536 1365 modo
1578 1308 1861 1374 convivio,
1916 1307 2074 1378 juxta

498 1404 678 1476 ipsum
724 1405 1117 1460 Philostratum
1169 1404 1250 1468 ⁵⁷,
1307 1402 1563 1456 Indorum
1613 1402 1891 1456 inducitur
1938 1415 2068 1464 rex,

496 1498 953 1567 compotatiOnem
1006 1497 1299 1552 instituens
1339 1510 1463 1549 cum
1506 1492 1865 1563 plii1050pliis.
1914 1489 2073 1547 Hunc

494 1604 625 1644 vero
656 1589 890 1658 superbe
923 1603 981 1643 se
1003 1590 1242 1658 gessisse
1270 1596 1323 1641 et
1348 1587 1402 1639 in
1434 1585 1835 1656 philosophiam
1879 1583 2076 1638 debac—

494 1679 715 1734 chatum
740 1686 949 1743 narrat,
994 1679 1217 1748 crapula
1263 1678 1392 1732 item
1432 1676 1575 1747 apud
1616 1692 1712 1732 eos
1756 1676 2070 1745 incaluisse,

494 1786 731 1847 cumque
760 1771 878 1842 ipso
908 1772 1022 1826 sole
1062 1772 1130 1824 de
1165 1770 1475 1840 principatu
1518 1769 1871 1826 contendisse
1893 1811 1908 1834 ,
1941 1771 2073 1824 alia-

2179 633 2297 688 ρεια
2316 617 2409 670 καὶ
2432 616 2701 687 κουφότης
2717 615 2826 685 (15)
2845 612 3068 683 πλείστη
3094 613 3191 681 ὅση
3223 610 3593 677 κατέγνωσται
3619 611 3753 683 παρ’

2172 710 2349 782 αύτῷο
2394 711 2555 773 αὐτὸς
2584 707 2663 770 δὲ,
2697 708 2921 761 τοιαῦτα
2957 704 3302 775 ⁴ιιιλοστρόιτῳ
3330 701 3621 766 πιστεύων,
3654 705 3753 757 αύο

2173 807 2285 869 τοῖς
2328 803 2392 875 δὴ
2453 804 2662 875 ῥήμασι
2716 799 3041 872 σεμνύνεται
3102 798 3297 867 λέγων’
3363 815 3382 847 ι
3416 795 3756 867 Σκεψώμεθά

2172 914 2237 965 γε
2293 896 2398 968 μὴν
2450 896 2560 966 ὅσῳ
2600 894 2807 966 βέλτιον
2864 893 2961 946 καὶ
2995 889 3355 962 ξυνετώτερον
3404 890 3564 960 ἡμεῖς
3608 889 3756 943 ἐκδερ

2172 989 2381 1061 χόμεθα
2401 989 2471 1044 τὰ
2494 988 2741 1054 τοιαῦτα,
2763 988 2858 1042 καὶ
2873 989 2939 1058 ἣν
2964 985 3093 1057 περὶ
3117 984 3225 1039 τῶν
3249 984 3517 1056 ἑναρέτων
3541 982 3755 1054 ἀνδρῶν

2172 1082 2366 1154 ἔχομεν
2393 1080 2637 1155 γνώμην.
2682 1101 2701 1135 ι
3084 1076 3092 1084 ’

2673 1193 3073 1248 ΚΕΦΑΛΑΙΟΝ
3108 1193 3240 1247 KA'.

2254 1315 2379 1370 Ἐπὶ
2408 1312 2633 1383 τοιούτῳ
2659 1312 2724 1382 δὴ
2752 1309 2831 1382 τῷ
2860 1308 3168 1381 συμποσίῳ,
3201 1306 3342 1361 κατά
3368 1306 3457 1361 τὸν
3480 1306 3641 1361 αὐτὸν
3666 1307 3756 1361 Φτσ

2172 1411 2479 1481 λόστρατον,
2531 1404 2782 1477 βασιλεὺς
2824 1402 3174 1475 ἐγχωριάζων
3226 1400 3408 1465 Ἰνδοῖς
3449 1400 3750 1470 εἰσάγεται,

2174 1503 2456 1575 συμπίνων
2496 1502 2608 1564 τοῖς
2638 1497 2966 1568 φιλοσόφοις.
3000 1494 3200 1548 Τοῦτον
3240 1493 3298 1547 δὲ
3325 1491 3626 1565 ἐνυϐρίζειν
3656 1494 3758 1548 καὶ

2172 1597 2522 1668 ὲμπαροινεῖν
2555 1591 2863 1663 φιλοσοφίᾳ,
2901 1585 3266 1660 μεθύσκεσθαί
3293 1604 3354 1640 τε
3388 1588 3517 1657 παρ’
3547 1586 3752 1650 αὐτοῖς,

2172 1685 2268 1737 καὶ
2328 1678 2781 1752 ἀντιπαρεξάγειν
2825 1676 2903 1748 τῷ
2960 1675 3115 1748 ἡλίῳ,
3182 1675 3276 1730 καὶ
3334 1675 3752 1741 ἀλαζονεύεσθαι

2175 1778 2397 1849 ἱστορεῖ.
2433 1773 2543 1826 Καὶ
2577 1771 2737 1826 πάλιν
2768 1769 2858 1823 τὸν
2899 1766 3253 1821 Ἀπολλώνιον
3276 1766 3344 1821 δι’
3375 1768 3655 1840 ἑρμηνέως
3682 1769 3753 1822 τά

492 1882 602 1939 que
632 1868 776 1922 elato
801 1862 985 1919 animo
1015 1861 1316 1933 jactitasse.
1351 1858 1592 1919 Rursum
1617 1870 1798 1919 autem
1837 1876 1934 1933 per
1978 1862 2058 1917 in-

2165 1869 2315 1942 παρὰ
2343 1867 2529 1924 τούτου
2562 1863 2849 1939 μανθάνειν
2872 1880 2886 1895 ’
2914 1862 3009 1919 καὶ
3026 1858 3092 1920 αὖ
3125 1862 3288 1920 πάλιν
3308 1862 3445 1932 πρὸς
3463 1861 3751 1922 αὐτόνδω-

491 1970 785 2033 terpretem
820 1962 924 2015 ista
960 1960 1030 2015 ab
1072 1975 1138 2014 eo
1174 1958 1455 2029 accepisse
1483 1958 1865 2028 Apollonium;
1897 1958 2065 2014 vicis-

494 2054 705 2123 simque
726 2066 905 2122 regem
937 2051 1234 2105 allocutum
1270 2065 1422 2115 esse,
1459 2051 1649 2105 larcha
1680 2049 1854 2106 vicem
1901 2050 2068 2106 inter-

493 2146 660 2216 pretis
692 2144 1017 2199 sustinente.
1058 2142 1162 2210 Qui
1207 2152 1390 2199 autem
1436 2143 1796 2200 admiratione
1842 2142 2065 2215 dignum

491 2233 636 2289 haud
666 2234 1067 2297 existimemus,
1108 2233 1253 2303 quod
1279 2234 1576 2305 superbum
1612 2243 1927 2306 tantopere,
1971 2237 2066 2290 ab—

491 2326 659 2381 surde
691 2324 825 2380 adeo
851 2324 1201 2391 debacchari,
1230 2331 1286 2378 et
1327 2327 1566 2396 crapulae
1611 2326 1892 2398 indulgere
1918 2345 2068 2383 vero-

491 2418 669 2474 simile
726 2425 892 2488 queat
928 2417 1135 2482 videri,
1183 2432 1343 2486 quem
1382 2434 1454 2474 ne
1502 2418 1571 2474 ad
1615 2420 2062 2491 philosophorum

488 2512 729 2581 quidem,
762 2510 962 2567 nedum
987 2512 1106 2567 deis
1136 2512 1401 2568 similium
1430 2512 1676 2567 virorum
1716 2522 1940 2583 penates
1967 2530 2065 2584 par

487 2610 606 2657 erat
648 2601 942 2658 accedere?
972 2602 1114 2669 Quid
1141 2618 1269 2659 vero
1306 2610 1414 2670 est,
1461 2604 1607 2673 quod
1656 2603 1930 2660 semideos
1968 2620 2065 2660 eos

487 2694 722 2764 appello,
743 2702 798 2749 et
826 2695 1080 2768 dignitati
1103 2698 1347 2751 virorum
1367 2696 1537 2751 illudo
1555 2696 1578 2750 ?
1598 2696 2062 2767 quandoquidem,

486 2786 775 2857 Apollonio
809 2788 1177 2860 interrogante
1218 2789 1293 2853 ⁸⁸,
1326 2803 1595 2859 quosnam
1639 2805 1701 2844 se
1744 2805 1867 2845 esse
1906 2798 2066 2861 puta-

487 2878 649 2933 rent?
678 2878 812 2934 deos
846 2895 906 2935 se
935 2894 1057 2935 esse
1089 2880 1371 2949 respondit
1403 2878 1645 2935 larclias.
1686 2878 1790 2946 Qui
1827 2881 1991 2935 etiam
2019 2879 2064 2911 "

486 2971 628 3041 apud
667 2972 949 3034 convivas,
1000 2981 1059 3025 ut
1100 2972 1192 3042 qui
1243 2971 1379 3026 deus
1429 2982 1595 3035 esset,
1646 2971 1808 3026 modo
1844 2972 2062 3041 quidem

486 3060 873 3131 phil050phun1
902 3062 1126 3116 minime
1157 3061 1485 3127 addecente,
1526 3062 1697 3117 multo
1723 3062 1904 3118 minus
1930 3078 2064 3118 con-

483 3150 735 3206 veniente
766 3150 875 3217 dei,
902 3166 1061 3221 quem
1096 3167 1155 3206 se
1190 3167 1313 3208 esse
1338 3151 1621 3222 professus
1643 3162 1748 3219 est,
1784 3153 2059 3224 dignitati,

2166 1965 2439 2036 λέγεσθαι,
2456 1961 2923 2033 ὑφερμηνεύοντος
2943 1958 3035 2012 τοῦ
3052 1958 3256 2031 Ἱάρχα.
3276 1960 3388 2013 Kal.
3409 1960 3526 2025 πῶς
3543 1961 3605 2014 ού
3622 1960 3751 2015 θαυ-

2170 2059 2359 2131 μάζειν
2392 2055 2569 2123 ἄξιον,
2604 2055 2750 2117 ὅπως
2808 2053 2899 2105 τὸν
2950 2051 3209 2123 ὑϐριστὴν
3246 2052 3339 2105 καὶ
3400 2052 3749 2107 ἀτοπώτατον

2166 2152 2446 2223 παροινεῖν
2477 2147 2570 2201 καὶ
2622 2144 2986 2217 μεθύσκεσθαι
3030 2143 3180 2215 παρά
3222 2142 3560 2216 τηλικούτοις
3602 2144 3751 2210 εἰκός

2163 2238 2253 2315 ἦν,
2289 2242 2346 2296 δν
2393 2241 2513 2294 οὐδὲ
2559 2237 2809 2309 παριέναι
2857 2236 3003 2300 ἄξιον
3048 2236 3106 2288 ὲν
3152 2235 3474 2306 φιλοσόφων,
3506 2238 3636 2309 μήτι
3682 2253 3750 2307 γε

2165 2334 2260 2386 καὶ
2304 2331 2527 2385 ἰσοθέων
2554 2329 2735 2401 toria;
2771 2328 2834 2383 Τί
2877 2327 2934 2380 δέ
2982 2343 3072 2397 μοι
3106 2325 3344 2391 ἰσοθέους
3384 2330 3605 2393 τούτους
3651 2348 3752 2387 κα-

2164 2422 2296 2486 λεῖν,
2343 2423 2437 2476 καὶ
2474 2422 2574 2492 τῆς
2604 2420 2760 2485 ἀξίας
2792 2416 3093 2489 ἐνυϐρίζειν
3118 2421 3244 2482 τοὺς
3283 2418 3514 2491 ἄνδραςς
3564 2422 3746 2488 ὁπότε,

2165 2514 2468 2586 πυθομένου
2495 2512 2585 2566 τοῦ
2627 2509 3007 2571 Ἀπολλωνίου,
3034 2509 3184 2573 τίνας
3203 2512 3429 2575 ἑαυτοὺς
3455 2510 3713 2581 ἡγοῦνται
3731 2552 3748 2573 ,

2165 2606 2342 2670 θεοὺς,
2375 2604 2479 2675 ἔφη
2509 2606 2539 2657 ό
2576 2603 2821 2674 Ἶάρχας·
2857 2602 2916 2664 ὃς
2944 2603 3037 2654 καὶ
3068 2602 3179 2663 τοῖς
3214 2600 3538 2671 συμπόταις,
3561 2597 3649 2655 οἷα
3683 2601 3748 2655 δὴ

2165 2698 2285 2761 θεὸς
2307 2695 2537 2768 (ιι-15),
2562 2692 2853 2763 φιλοσόφου
2892 2692 2988 2764 μὲν
3007 2692 3207 2763 ἥκιστα
3234 2692 3442 2763 τρόπῳ,
3468 2692 3664 2745 πολλοῦ
3686 2708 3754 2761 γε

2163 2791 2262 2855 δεῖ,
2305 2790 2434 2860 μήτι
2471 2804 2535 2856 γε
2566 2785 2785 2858 μᾶλλον,
2816 2779 2876 2838 οὗ
2909 2784 3101 2854 ἔφησε.
3133 2784 3255 2838 θεοῦ
3294 2784 3479 2849 ἀξίως,
3508 2785 3610 2856 τὴν
3632 2785 3755 2854 ea.

2164 2882 2261 2953 λην
2290 2881 2609 2933 ὲπικύπτων
2634 2877 2744 2948 (16)
2775 2877 3025 2948 ἐξῆρχεν.
3066 2876 3131 2929 Ἦ
3152 2875 3229 2941 δὲ,
3254 2878 3419 2947 φησιν
3452 2878 3481 2929 ό
3518 2890 3758 2947 συγγραο

2166 2976 2319 3045 φεὺς,
2363 2973 2438 3037 ὡς
2489 2971 2598 3043 ἄρα
2640 2968 2857 3034 ὲπότιζε
2894 2971 3003 3041 (l7)
3039 2969 3242 3034 ἱκανῶς
3292 2969 3517 3034 πάντας,
3569 2967 3754 3022 ἐπεδί-

2163 3064 2254 3118 δου
2293 3063 2425 3135 (18),
2453 3061 2704 3133 καθάπερ
2748 3063 2803 3114 αἰ
2848 3061 3149 3133 ἀπόρρητοι
3181 3060 3355 3131 πηγαὶ
3386 3061 3746 3131 τοῖς-ἀνιμω-

2169 3157 2372 3228 μένοις.

483 3244 679 3313 phiala:
734 3244 1078 3311 incumbens,
1128 3248 1584 3318 compotationem
1624 3249 1851 3320 incepit.
1886 3249 1962 3305 Ea
2029 3269 2161 3309 vero
2198 3253 2350 3317 dum.
2400 3259 2659 3307 narrante
2694 3251 2991 3313 historico,
3024 3248 3277 3303 omnibus
3312 3245 3512 3301 all‘alim
3551 3252 3736 3316 potum

482 3342 768 3411 praeberet,
808 3343 1110 3399 liberaliter
1168 3342 1404 3417 [latices]
1465 3346 1854 3415 submittebat,
1890 3349 2115 3420 perinde
2153 3366 2217 3407 ac
2280 3350 2460 3406 fontes
2502 3349 2707 3406 occulti
2758 3347 3133 3403 haurientihus
3177 3345 3375 3417 [aquas
3419 3342 3740 3398 submittere

480 3435 705 3510 solent].

1049 3532 1283 3591 CAPUT
1326 3534 1487 3590 XXII.

554 3620 870 3679 Succedunt
896 3624 1022 3680 inde
1043 3628 1220 3681 mutui
1254 3643 1538 3686 sermones
1570 3638 1626 3686 et
1662 3631 2059 3703 philosophice

480 3716 904 3786 disputationes,
934 3714 1126 3771 larcha
1154 3718 1383 3773 docente
1407 3719 1453 3751 ⁵⁸
1483 3728 1543 3774 ιιι
1580 3737 1679 3777 sua
1708 3723 1837 3776 olim
1875 3722 2057 3777 anima

477 3809 535 3864 in
570 3809 677 3863 alio
719 3809 978 3868 hominis.
1014 3810 1107 3884 qui
1147 3826 1243 3867 rex
1270 3812 1456 3879 fuerit,
1486 3814 1761 3870 exstiterit
1802 3830 2055 3887 corpore,

477 3906 642 3969 atque
685 3899 817 3953 talia
859 3900 1110 3969 quaedam
1167 3901 1222 3957 in
1269 3919 1337 3959 eo
1386 3905 1723 3974 patraverit:
1770 3905 2059 3975 Apollonio

477 3992 720 4046 vicissim
749 3991 818 4055 σί,
861 4002 921 4047 ιιι
959 3994 1117 4049 navis
1162 3993 1435 4067 Egyptian
1471 3997 1744 4053 exstiterit
1785 4000 2058 4070 guberna-

475 4088 600 4149 tor,
665 4096 893 4151 quaeque
938 4084 1044 4139 sibi
1092 4095 1243 4155 gesta
1281 4095 1398 4141 tum
1457 4086 1703 4156 fuerint,
1767 4096 2049 4145 narrante.

474 4170 820 4239 Quaestiones
840 4191 971 4231 vero
997 4186 1051 4232 et
1073 4179 1464 4248 responsiones
1495 4181 1784 4251 utriusque
1813 4189 1942 4236 sunt
1970 4189 2055 4236 ta-

472 4265 574 4331 les,
606 4267 850 4336 qualium
876 4284 945 4324 ne
971 4271 1301 4327 mentionem
1327 4273 1548 4342 quidem
1581 4273 1804 4343 fecisse,
1830 4276 2052 4346 sapien-

471 4358 549 4413 tia
576 4361 812 4418 maxime
843 4371 963 4418 erat
993 4364 1239 4437 dignum.
1285 4364 1659 4438 Interrogasse
1702 4385 1834 4441 ergo
1882 4372 2050 4443 Apol-

472 4450 677 4506 Ionium
705 4453 872 4509 refert
899 4456 968 4521 ",
994 4472 1230 4512 aureane
1267 4458 1410 4529 apud
1451 4474 1547 4515 eos
1591 4475 1732 4530 aqua
1778 4461 2051 4518 invenire-

469 4543 651 4600 ωτιο
680 4545 892 4615 plenam
930 4549 1244 4619 sapientiae,
1273 4565 1307 4604 ο
1350 4549 1729 4606 admirandam
1776 4555 2035 4623 quaestio-

2674 3532 3070 3587 ΚΕΦΑΛΑΙΟΝ
3120 3533 3248 3584 KB’.

2229 3625 2386 3681 Μετά
2411 3624 2583 3680 ταῦτα
2611 3626 2789 3678 κοιναὶ
2810 3625 2984 3694 λόγων
3015 3623 3243 3695 ὁμιλίαι,
3277 3624 3370 3677 καὶ
3398 3623 3741 3677 σπουοαιολο-

2160 3720 2276 3789 γίαι
2325 3719 2435 3774 τῶν
2478 3718 2807 3788 φιλοσόφων,
2860 3716 2954 3769 τοῦ
3007 3717 3103 3787 μὲν
3148 3716 3331 3787 Ἰάρχα
3380 3714 3741 3777 διδάσκοντος,

2160 3812 2237 3876 ὡς
2266 3813 2373 3884 ἄρα
2401 3812 2532 3865 ποτὲ
2553 3809 2702 3881 αύτῷ
2733 3812 2765 3881 ἡ
2795 3808 2940 3880 ψυχὴ
2968 3810 3026 3860 ἐν
3061 3808 3252 3880 ἑτέρῳ,
3285 3805 3572 3877 ἀνθρώπου
3597 3806 3744 3876 βασι-

2159 3906 2318 3969 λέως,
2344 3904 2554 3973 γένοιτο
2584 3902 2819 3974 σώματι,
2852 3902 2944 3954 καὶ
2982 3899 3154 3953 τοιάδε
3192 3898 3311 3953 τινὰ
3355 3897 3503 3968 αὐτῷ
3531 3916 3745 3969 πεπρα-

2160 4000 2339 4071 γμένα
2381 3997 2466 4068 εῐη
2486 4013 2501 4028 ⁶
2526 3995 2622 4050 τοῦ
2668 3994 3022 4049 Ἀπολλωνίου
3061 3992 3140 4056 δὲ,
3169 3993 3243 4056 ὡς
3267 3992 3391 4062 νηὸς
3438 3992 3745 4060 Αἰγυπτίας

2156 4093 2287 4147 ποτὲ
2320 4092 2530 4160 γένοιτο
2576 4090 2936 4162 κυϐερνήτης,
2967 4089 3062 4142 καὶ
3107 4086 3344 4140 τοσαῦτα
3372 4083 3750 4156 διαπράξοιτοκ

2156 4185 2383 4249 Πεύσεις
2408 4202 2467 4238 τε
2496 4184 2592 4237 καὶ
2635 4182 2955 4254 ἀποκρίσεις
2997 4180 3251 4242 ἑκάστου,
3287 4171 3360 4230 ὧν
3387 4177 3483 4233 καὶ
3511 4176 3609 4244 τῆς
3656 4191 3753 4227 σο-

2155 4276 2281 4346 φίας
2310 4275 2459 4340 ἄξιον
2497 4274 2763 4346 μηδαμῶς
2797 4270 3164 4345 παρεκθέσθαι
3193 4268 3288 4339 τὴν
3320 4269 3556 4338 μνήμην,
3597 4266 3747 4338 Ἐρέ;

2155 4372 2279 4425 σθαι
2321 4372 2378 4424 δέ
2403 4387 2535 4441 φησι
2575 4370 2666 4422 τὸν
2732 4364 3104 4428 Ἀπολλώνιον,
3146 4365 3195 4416 εί
3236 4364 3352 4415 ἑστι
3394 4362 3522 4432 παρ’
3556 4361 3745 4424 αὐτοῖς

2154 4463 2382 4534 χρύσεον
2421 4460 2603 4529 ὔδωρ;
2640 4459 2704 4511 Ὣ
2743 4457 2836 4511 τοῦ
2868 4453 3031 4525 σοφοῦ
3061 4455 3156 4507 κα)⁸
3189 4450 3488 4524 παραδόξου
3524 4449 3743 4520 πύσμα-

2154 4572 2244 4617 τος
2269 4556 2281 4606 ἰ
2312 4554 2419 4607 Καὶ
2453 4552 2581 4621 περὶ
2611 4548 2913 4622 ἀνθρώπων
2945 4548 3001 4601 δὲ
3037 4546 3142 4600 ὑπὸ
3166 4545 3268 4616 γῆν
3300 4542 3614 4607 οἰκούντων,
3645 4541 3741 4596 καὶ

534 4659 579 4694 ⁸⁷
619 4660 728 4739 lib._
769 4676 859 4728 ιιι,
896 4677 947 4719 c.
977 4663 1068 4727 25,
1144 4667 1191 4701 ⁵⁸
1230 4670 1325 4727 lib‘.
1361 4687 1455 4736 ιιι,
1495 4672 1582 4729 18.
1656 4672 1705 4704 ⁸³
1734 4671 1829 4730 lib.
1871 4688 1957 4739 ιιι,
1987 4689 2039 4730 c.

2162 4716 2169 4727 .
2243 4674 2294 4704 “
2334 4671 2430 4727 lib.
2462 4687 2561 4736 ιιι,
2593 4686 2644 4726 c.
2681 4671 2864 4732 19,20.
2939 4669 2979 4700 "
3029 4667 3126 4724 lib.
3162 4680 3223 4720 tu
3246 4706 3263 4731 ,
3298 4681 3348 4721 c.
3382 4664 3473 4721 23.
3548 4664 3598 4696 ⁸⁸
3637 4665 3734 4720 lib.

469 4748 554 4798 ιιι,
575 4747 624 4789 c.
659 4731 750 4789 45.

537 4887 647 4958 (l5)
702 4889 888 4961 Ἠμὼν
910 4891 1029 4961 μὲν
1052 4894 1183 4961 εὺχ.
1212 4893 1310 4944 καὶ
1335 4895 1582 4961 κουφότ.
1624 4892 1743 4961 Ipsa
1778 4891 2044 4947 Hieroclis

2162 4891 2303 4947 dum.
2339 4899 2608 4949 IIoLs'rsN.

461 4964 652 5024 verba,
684 4964 884 5033 quibus
929 4978 1051 5018 eam
1087 4962 1420 5018 Christianis
1453 4964 1843 5033 exprobrabat,
1874 4965 2043 5019 habes

464 5046 652 5095 supra,
683 5048 803 5095 cap.
838 5035 889 5087 1.

562 5049 897 5173 ἶῗίίἓφὸίά
925 5103 1001 5172 δὴ
1036 5104 1189 5171 θεός.
1213 5102 1393 5159 Verba
1416 5104 1522 5158 ista
1547 5104 1681 5158 mihi
1709 5111 1908 5174 praeter
1927 5120 2042 5161 rem

460 5173 735 5232 videntur.
769 5176 956 5230 nescio
990 5177 1153 5238 unde,
1187 5177 1241 5230 in
1272 5184 1476 5232 textum
1508 5191 1631 5230 esse
1659 5173 1922 5231 admissa.

535 5244 647 5311 (16)
702 5245 1090 5299 Ἐπικύπτων.
1141 5246 1219 5299 Ita
1273 5245 1582 5301 certissime
1636 5247 2039 5301 restituendum

462 5331 530 5371 ex
548 5313 885 5370 Philostrato
919 5336 933 5373 :
970 5314 1108 5371 Vide
1138 5317 1427 5373 observata
1459 5318 1526 5371 ad
1559 5315 1654 5370 lib.
1685 5332 1768 5378 ιιι,
1797 5332 1919 5385 cap.
1949 5317 2041 5380 52,

461 5402 520 5441 ιι.
559 5387 612 5451 5,
651 5395 706 5441 et
735 5387 823 5442 lib.
854 5404 915 5453 ιι,
944 5403 1066 5458 cap.
1093 5387 1184 5453 28,
1220 5405 1276 5443 ιι.
1305 5388 1361 5454 6,
1396 5402 1590 5457 nempe
1617 5386 1921 5450 κύπτοντας
1956 5388 2046 5441 πί·-

459 5473 581 5530 νεινί
602 5464 687 5512 est
715 5473 913 5513 canum
945 5460 1284 5530 aliorumque
1309 5466 1430 5529 ejus
1456 5458 1671 5529 generis
1697 5458 2041 5530 animalium,

463 5537 521 5602 ut
549 5527 721 5602 liquet
750 5546 816 5602 ex
854 5531 1163 5586 observatis
1190 5527 1496 5602 posteriore
1532 5531 1674 5602 loco,
1713 5528 1880 5602 idque
1903 5527 2043 5583 adeo

460 5597 597 5671 viris
619 5601 895 5667 gravibus,
926 5602 1138 5658 nedum.
1152 5597 1512 5671 philosophis,
1540 5599 1697 5654 valde
1724 5599 2036 5671 indignum.

462 5666 647 5740 bibere
692 5684 756 5723 ex
786 5678 951 5728 tanta;
989 5666 1500 5737 molis'crateri'bus,
1554 5677 1613 5724 ut
1653 5666 2040 5740 pronis'etiam

459 5752 527 5791 ex
566 5738 632 5791 iis
664 5746 826 5808 potus
851 5752 995 5799 esset
1026 5742 1382 5801 hauriendus.

533 5807 646 5876 (l7)
674 5807 970 5873 “Ἐπότιζε.
1010 5811 1245 5867 Delenda
1275 5824 1393 5867 erat
1427 5828 1528 5867 vox
1573 5812 1727 5867 nihili
1762 5810 2038 5875 ὲπόντιζε,

459 5885 513 5932 et
531 5892 596 5933 ex
619 5878 950 5937 Philostrato
974 5892 1134 5951 atque
1153 5882 1281 5953 Reg.
1307 5883 1429 5940 cod.
1457 5883 1671 5950 ὲπότιζε
1695 5882 2043 5941 substituen-

2224 4963 2337 5034 (l8)
2386 4965 2713 5019 Ἐπεδίδου.
2776 4963 3093 5020 Holstenius
3144 4981 3211 5019 ex
3264 4960 3602 5034 Philostrato
3645 4962 3729 5034 ad-

2154 5031 2332 5090 denda
2374 5042 2497 5104 post
2539 5036 2781 5090 ἐπεδίδου
2831 5037 3055 5105 putabat
3091 5036 3254 5089 verba
3292 5033 3353 5086 τὸ
3384 5035 3531 5105 νᾶμα
3567 5031 3727 5105 ἀφρός

2153 5124 2278 5169 νως,
2299 5101 2418 5161 sine
2487 5106 2646 5164 uibus
2675 5101 2870 5161 caetera
2902 5122 3010 5160 non
3041 5106 3318 5160 cohrerere
3346 5101 3597 5173 putabat.
3618 5101 3726 5157 Sed

2153 5193 2282 5230 nace
2308 5176 2428 5230 eius
2447 5123 2656 5230 dictum
2689 5176 2781 5230 sit.
2806 5178 2928 5230 sine
2962 5177 3081 5230 istis
3106 5176 3271 5230 etiam
3307 5186 3430 5230 ante
3460 5173 3726 5229 cohaerent“

2151 5193 2282 5247 pace
2308 5176 2428 5246 ejus
2449 5173 2656 5231 dictum
2685 5176 2781 5247 sit.
2806 5178 2928 5233 sine
2962 5177 3081 5231 istis
3106 5176 3271 5247 etiam
3307 5186 3430 5247 apte
3460 5173 3728 5247 cohaeret?

2149 5243 2381 5317 reliqua,
2423 5263 2548 5301 nam
2585 5245 2874 5318 ἐπιδιδόναι
2904 5248 3079 5318 πηγή,
3115 5243 3401 5318 nullaalia
3436 5259 3496 5299 re
3526 5245 3733 5318 addita,

2150 5315 2415 5375 dici—fons
2447 5325 2647 5387 potest.
2680 5316 2771 5371 Sic
2799 5319 2945 5372 enim
2971 5315 3131 5386 apud
3172 5315 3385 5368 Atticos
3432 5315 3735 5387 scriptores

2149 5383 2865 5511 ipsumque—Philostratum
2894 5383 3101 5457 passim
3126 5387 3306 5456 aliqua
3328 5399 3416 5439 res
3438 5383 3736 5463 ἐπιδιδόναι

2190 5469 2371 5511 untur.
2408 5476 2515 5511 non
2554 5460 2737 5511 addita
2788 5475 2841 5511 ιιι
2883 5468 3038 5511 sexto
3081 5473 3212 5511 casu
3258 5471 3340 5511 re.
3380 5470 3485 5511 uua
3519 5451 3734 5511 proiicit

2190 5451 2371 5522 icitur;
2408 5476 2515 5514 non
2554 5460 2737 5514 addita
2788 5459 2841 5512 in
2883 5451 3038 5514 sexto
3081 5451 3232 5512 casu'
3258 5471 3340 5519 re,
3380 5470 3485 5525 qua
3519 5451 3734 5523 proﬁcit

2150 5530 2235 5602 vel
2268 5531 2604 5602 incrementa
2631 5533 2935 5602 capit._qute
2955 5530 3091 5602 adeo
3113 5544 3178 5602 ex
3206 5527 3342 5597 ipsis
3364 5530 3734 5602 circumstan-

2149 5600 2242 5654 tiis
2268 5601 2345 5670 psit
2373 5592 2743 5670 intelligenda.
2776 5592 3088 5655 omittenda
3126 5592 3310 5667 itaque
3342 5612 3405 5649 ea
3431 5592 3613 5670 verba
3641 5592 3733 5647 hic

2146 5669 2429 5736 duximus,
2458 5666 2583 5725 cum
2618 5685 2796 5736 neque
2825 5671 3132 5725 necessitas
3163 5666 3231 5723 ea
3258 5666 3523 5736 postulet,
3551 5677 3735 5731 neque

2145 5755 2337 5795 eorum
2380 5735 2445 5796 in
2486 5739 2645 5795 codd.
2680 5735 3006 5797 Eusebianis
3036 5735 3322 5810 vestigium
3356 5735 3528 5791 ullum
3562 5747 3734 5805 appa-

2140 5818 2279 5867 τεειι.
