4112 6422
395 444 501 502 ετξ)

1534 449 1735 505 LIBER
1771 447 2051 505 CONTRA
2089 446 2507 505 BIEROCLEM.

3536 442 3644 498 830

395 565 694 637 Πυγμαίων
730 562 924 627 ἀλλων,
974 565 1067 619 καὶ
1104 566 1416 620 ..κιαπόδων
1461 562 1726 640 ἀνερωτᾷ.
1774 568 1885 622 Καὶ
1921 584 1941 619 ε

2043 622 2045 627 ,
2071 568 2231 621 nem!
2261 565 2636 636 Interrogasse
2659 562 2788 620 item
2817 563 2886 619 de
2906 561 3221 618 hominibus
3252 560 3644 616 subterraneas

391 657 632 725 γίγνοιτο
652 659 780 730 παρ’
806 659 988 722 αὐτοῖς
1013 656 1152 722 ζώον
1176 661 1497 731 τετράπουν,
1529 661 1557 714 δ
1580 660 1793 729 λέγεται
1818 662 1970 715 Μαν-

389 748 583 819 τιχόρα
611 749 743 821 (19),
766 750 794 803 ὃ
819 750 917 822 τὴν
939 738 1178 823 κεφαλὴν
1198 751 1470 824 ἀνθρώπῳ
1492 752 1764 819 εἰκάσθαι,
1794 753 1967 807 λέοντι

388 838 450 894 δὲ
498 840 807 911 ὠμοιῶσθαι
844 839 905 893 τὸ
957 840 1206 911 μέγεθος,
1257 840 1356 913 τὴν
1395 842 1450 895 δὲ
1492 841 1660 913 ούράν
1715 841 1967 912 ἐκφέρειν

389 931 665 1002 πηχυαίας
696 931 789 983 καὶ
828 930 1158 997 ἀκανθώδεις
1198 932 1297 996 τάς
1342 934 1533 1004 τρίχας
1563 932 1671 1004 (ἳο)
1697 973 1713 998 ,
1738 932 1804 995 ἃς
1846 932 1968 1001 βάλ-

388 1014 501 1076 λειν
522 1021 707 1093 ὥσπερ
725 1023 1028 1094 τοξεύματα
1055 1024 1113 1088 ἐς
1132 1026 1258 1088 τοὺς
1281 1024 1583 1096 θηρῶντας.
1604 1025 1715 1077 Καὶ
1740 1023 1965 1078 τοιαῦτα

390 1110 489 1184 μὲν
532 1114 623 1167 τὸν
673 1112 1024 1169 Ἀπολλώνιον
1067 1118 1342 1188 ἀνερωτᾷν
1365 1132 1379 1148 ³
1413 1118 1505 1171 τὸν
1544 1116 1601 1170 δὲ
1648 1119 1863 1189 Ἰἀρχαν
1892 1118 1966 1171 δι-

383 1202 602 1259 δάσκειν
648 1206 808 1259 αὐτὸν
839 1209 968 1279 περί
998 1208 1095 1279 μὲν
1131 1208 1238 1262 τῶν
1272 1209 1589 1281 Πυγμαίων,
1620 1209 1695 1274 ὡς
1722 1209 1829 1281 ἄρα
1853 1205 1961 1262 εἷεν

384 1295 658 1362 οἰκοῦντες
682 1297 779 1368 μὲν
813 1298 1076 1367 ὑπόγειοι,
1100 1300 1464 1371 διατρίϐοντες
1490 1302 1548 1355 δὲ
1574 1301 1677 1357 ὑπὸ
1703 1302 1791 1354 τὸν
1821 1302 1962 1370 Γάγ-

381 1404 485 1458 γην
514 1390 758 1461 ποταμὸν
806 1388 1006 1456 ζῶντες
1030 1409 1043 1422 ο
1077 1393 1205 1466 περὶ
1243 1393 1300 1446 δὲ
1355 1393 1465 1448 τῶν
1502 1393 1707 1459 ἄλλων,
1749 1394 1825 1459 ὡς
1866 1395 1961 1448 ἀν-

385 1478 636 1550 ύπαρκτα
668 1480 776 1554 εἴη.

885 1700 1282 1755 ΚΕΦΑΛΑΙΟΝ
1320 1701 1448 1754 KI".

450 1788 637 1863 Ἕριον
672 1789 766 1844 ἐπὶ
813 1792 1024 1858 τούτοις
1076 1794 1340 1866 φυόμενον
1385 1796 1569 1859 αὐτοῖς
1606 1796 1714 1849 ἀπὸ
1747 1797 1852 1868 γῆς
1896 1797 1953 1861 ἐς

377 1882 604 1953 ἐσθῆτος
638 1882 766 1953 ὓλην
793 1886 821 1937 ὁ
851 1884 1204 1958 Φιλόστρατος
1234 1886 1562 1957 ἀναγράφει,
1597 1888 1815 1952 πάντως
1859 1888 1954 1960 δή·
1985 1912 2025 1967 Β

377 1992 479 2028 που
524 1974 634 2030 τῶν
680 1976 983 2046 φιλοσόφων
1029 1979 1173 2032 ἱστὸν
1222 1980 1612 2050 ἐποιχομένων,
1646 1980 1739 2033 καὶ
1785 1979 1950 2035 ταλα-

372 2067 675 2138 σιουργίαις
718 2070 776 2132 ἐς
820 2069 1047 2140 ἐσθῆτος
1113 2071 1477 2144 κατεργασίαν
1540 2072 1949 2144 ὲκπονουμὲνων

372 2160 516 2229 (οὐδὲ
549 2157 659 2232 γὰρ
691 2162 940 2232 εἰσῆκται
980 2162 1090 2234 (2-1)
1124 2164 1252 2235 παρ’
1291 2164 1474 2228 αὐτοῖς
1515 2167 1821 2233 γυναικεῖον
1849 2164 1950 2234 φῦ·-

370 2252 515 2318 λον),
543 2254 591 2305 εἰ
628 2251 702 2323 μὴ
748 2254 844 2306 καὶ
868 2254 1026 2307 τοῦτο
1058 2256 1279 2327 φήσειεν
1308 2257 1615 2327 αὐτόματον
1640 2258 1822 2321 αὐτοῖς
1844 2274 1948 2311 πα-

371 2343 608 2414 ραδόξως
662 2343 728 2397 δι’
780 2345 962 2416 ἰερέας
1008 2347 1120 2418 (22)
1169 2349 1229 2411 ἐς
1293 2348 1498 2419 ἐσθῆτα
1552 2349 1943 2419 μεταφύεσθαι.

368 2433 561 2507 Φέρειν
587 2435 631 2488 δ’
654 2436 881 2490 ἕκαστον
907 2437 1085 2491 αὐτῶν
1109 2438 1302 2509 ῥάϐδον
1325 2440 1419 2493 καὶ
1447 2439 1750 2505 δακτύλιον,
1781 2441 1948 2513 ἀπόρ-

371 2529 533 2600 ρητον
565 2527 758 2599 ἔχοντα
807 2531 980 2602 ἰσχύν.
1023 2528 1156 2585 Εἶτα
1192 2530 1632 2603 παραδοξοποιίαι
1677 2532 1771 2586 τοῦ
1810 2533 1947 2606 Βραο

367 2620 593 2690 χμᾶνος,
629 2620 703 2684 ὼς
732 2621 1069 2693 δαιμονῶντα
1111 2624 1178 2677 δι’
1204 2625 1491 2696 ἐπιστολῆς
1535 2624 1939 2693 ἀνακαλέσοιτο,

364 2710 442 2773 ὡς
470 2711 775 2781 χωλεύοντα
809 2714 1125 2786 καταψήσας
1152 2716 1243 2770 τὸν
1269 2717 1493 2787 γλουτὸν
1536 2716 1939 2788 θεραπεύσειεν,

362 2800 442 2865 ὼς
486 2804 672 2875 τυφλῷ
708 2806 771 2858 τὸ
812 2805 1050 2876 βλέπειν,
1082 2810 1178 2863 καὶ
1223 2809 1443 2879 ἀδρανεί
1486 2826 1595 2864 τινι
1639 2810 1738 2881 τὴν
1785 2812 1943 2881 χεῖρα

367 2893 512 2949 σώαν
544 2897 837 2970 χαρίζοιτο.

868 3148 1263 3247 ΚΕΦΔᾸΔΙΟΝ
1295 3193 1387 3246 ΚΔ
1407 3235 1421 3247 .

2072 659 2323 727 regiones
2362 656 2762 721 incolentibus,
2798 655 2920 711 aliis
2971 656 3101 710 item
3149 654 3245 726 qui
3279 655 3504 725 pygmaei
3555 653 3641 706 di-

2068 757 2287 815 cantur,
2318 758 2373 804 et
2408 748 2774 819 umbripedes.
2808 749 2894 802 An
2918 749 3045 804 item
3079 748 3223 819 apud
3256 762 3351 802 eos
3398 746 3641 816 quadru-

2067 855 2163 910 pes
2186 842 2405 896 obvium
2436 843 2508 896 sit
2538 841 2763 905 animal,
2795 838 3152 904 Mantichora,
3183 838 3329 909 quod
3360 838 3637 892 hominem

2066 934 2247 1003 capite
2278 932 2498 994 referat,
2531 932 2675 987 mole
2708 932 2958 1002 corporis
2987 930 3197 987 leonem
3226 936 3490 999 exaequet,
3516 943 3641 983 cau-

2064 1025 2254 1096 daeque
2290 1026 2411 1080 loeo
2446 1025 2728 1094 promittat
2763 1024 3029 1079 cubitales
3075 1030 3253 1088 setas,
3284 1020 3535 1075 acanthis
3563 1020 3635 1075 si-

2063 1117 2242 1180 miles,
2273 1133 2411 1187 quas
2445 1117 2612 1172 veluti
2650 1116 2878 1185 sagittas
2918 1115 2972 1168 in
3018 1124 3306 1169 venatores
3341 1113 3636 1183 jaculetur.

2060 1208 2238 1279 Atque
2263 1208 2377 1263 haec
2408 1206 2760 1279 Apollonium
2805 1205 3023 1276 quidem
3065 1203 3186 1277 {ait}
3230 1206 3633 1274 interrogasse,

2070 1297 2315 1355 larcham
2349 1308 2529 1355 autem
2553 1300 2621 1354 de
2643 1298 2902 1370 pygmteis
2928 1297 3150 1367 quidem
3184 1313 3309 1352 eum
3343 1298 3633 1362 docuisse,

2060 1392 2445 1447 subterraneas
2468 1407 2664 1461 specus
2686 1407 2783 1448 eos
2816 1392 3085 1456 habitare,
3112 1389 3214 1446 sub
3251 1390 3438 1460 Gange
3469 1389 3635 1443 ﬂuvio

2057 1485 2225 1539 vitam
2283 1484 2574 1556 degentes;
2636 1485 2705 1541 de
2757 1486 2973 1540 caeteris
3025 1497 3191 1550 vero,
3254 1484 3507 1553 nuspiam
3567 1495 3634 1537 ea

2056 1578 2343 1634 exsistere.

2505 1666 2668 1737 526
2702 1661 2929 1718 CAPUT
2967 1660 3154 1716 xxnl.

2124 1760 2393 1815 Praeterea
2436 1759 2618 1813 lanam
2667 1768 3060 1813 commemorat
3107 1754 3475 1811 Philostratus
3520 1749 3570 1781 ⁸³
3600 1765 3634 1807 e

2054 1862 2202 1907 terra
2225 1852 2335 1907 illis
2357 1851 2789 1922 provenientem,
2824 1859 2883 1904 ut
2915 1848 3162 1905 vestibus
3185 1853 3468 1906 materiam
3494 1864 3628 1921 pra:-

2054 1946 2212 2011 beat;
2247 1944 2589 2015 philosophis
2616 1959 2812 2014 nempe
2847 1942 3067 2013 pectine
3093 1943 3232 1997 telas
3254 1942 3477 1996 omnino
3504 1957 3631 2012 per-

2048 2037 2418 2104 currentihus,
2466 2044 2520 2091 et
2553 2035 2855 2089 lanificium
2900 2037 2966 2089 ad
3007 2042 3190 2089 vestes
3232 2033 3632 2104 comparandas

2046 2129 2426 2183 exercentibus
2472 2128 2673 2199 (neque
2716 2128 2863 2183 enim
2912 2127 3198 2182 muliebris
3240 2142 3405 2182 sexus
3436 2135 3633 2181 contu-

2045 2220 2237 2276 bernio
2271 2221 2412 2291 apud
2446 2236 2541 2277 eos
2587 2221 2960 2294 admittitur),
3009 2221 3116 2275 nisi
3161 2227 3216 2275 et
3255 2220 3433 2273 lanam
3481 2219 3635 2273 dicat

2045 2323 2239 2386 sponte
2256 2330 2354 2370 sua
2379 2315 2521 2386 apud
2547 2329 2643 2370 eos
2664 2315 2930 2370 miraculo
2943 2313 3180 2385 quodam
3207 2316 3259 2368 in
3283 2312 3628 2368 sacerdotum

2045 2408 2279 2480 gratiam
2349 2405 2735 2461 transformari
2804 2406 2862 2461 in
2918 2415 3120 2462 vestes.
3186 2404 3413 2461 Gestare
3466 2420 3630 2475 porro

2043 2500 2294 2570 quemvis
2328 2515 2519 2555 eorum
2556 2499 2815 2553 baculum
2840 2497 3011 2553 refert
3032 2509 3086 2553 et
3111 2498 3394 2564 annulum,
3427 2510 3627 2551 arcana

2043 2599 2392 2663 praestantem
2437 2592 2658 2647 virtute.
2723 2588 3041 2663 Sequuntur
3090 2589 3217 2644 inde
3270 2588 3627 2645 Brachmanis

2045 2683 2333 2750 miracula,
2373 2692 2435 2738 ut
2469 2683 2715 2738 daemone
2761 2684 2904 2737 malo
2936 2689 3247 2753 correptum
3294 2680 3464 2735 missa
3510 2681 3628 2751 epi-

2043 2774 2184 2827 stola
2232 2773 2537 2828 restituerit
2569 2772 2638 2839 “,
2678 2778 2739 2825 ut
2773 2772 2901 2826 item
2939 2771 3059 2826 solo
3100 2778 3305 2824 attactu
3340 2783 3494 2834 eum,
3530 2768 3626 2839 qui

2041 2866 2283 2921 lunatam
2317 2866 2554 2922 habebat
2601 2865 2906 2936 apophysin
2939 2864 3087 2920 ossis
3118 2863 3346 2933 majoris
3376 2861 3625 2930 femoris,

2041 2959 2319 3016 sanaverit
2356 2960 2399 2991 ⁵⁸
2436 2978 2449 3014 :
2483 2966 2542 3013 ut
2578 2958 2756 3012 oculis
2780 2957 2923 3043 item.
2964 2966 3126 3027 capto
3178 2956 3359 3010 visum
3386 2998 3400 3020 ,
3457 2962 3624 3025 atque

2040 3066 2207 3106 manu
2235 3051 2528 3120 laboranti,
2561 3049 2827 3122 integram
2860 3063 2981 3103 eam
3009 3046 3311 3104 restituerit
3341 3046 3408 3099 ⁸⁸.

2603 3178 2834 3236 CAPUT
2875 3177 3066 3233 XXIV.

430 3285 608 3341 Πολλά
626 3285 844 3355 κάγαθά
860 3287 1068 3355 γένοιτο
1088 3287 1430 3359 πραγμάτων
1449 3288 1597 3358 ἡμᾶς
1616 3286 1941 3340 ἀπολύσαντι

2114 3276 2260 3334 Bene
2307 3278 2526 3334 eveniat
2562 3276 2797 3340 auctori,
2844 3276 2940 3346 qui
2982 3291 3085 3331 nos
3131 3290 3298 3346 opera
3348 3274 3622 3329 sublevat.

362 3374 476 3444 (25)
507 3376 587 3447 τῷ
621 3380 945 3448 συγγραφεῖ.
1005 3378 1151 3449 Δῆλα
1181 3378 1291 3450 γὰρ
1317 3378 1395 3442 ὡς
1424 3377 1598 3449 ἀληθῆ
1633 3375 1940 3439 καὶταῦτα,

358 3462 449 3516 ὅτε
484 3463 709 3534 βροντάς
744 3482 804 3518 τε
842 3465 937 3518 καὶ
976 3466 1212 3537 ἀνέμους
1243 3469 1301 3521 ὲν
1336 3467 1546 3532 πίθοις,
1594 3466 1851 3539 τρίποδάς
1881 3482 1943 3520 τε

359 3554 426 3606 ὲκ
453 3552 599 3606 λίθου
639 3553 933 3623 φοιτῶντας
971 3544 1336 3627 αὐτομάτως,
1399 3558 1494 3609 καὶ
1529 3557 1797 3628 οἰνοχόους
1834 3556 1942 3609 ἀπὸ

358 3642 559 3714 χαλκοῦ
591 3643 963 3716 περιελαύνειν
993 3648 1050 3699 ὲν
1088 3644 1271 3716 κύκλῳ
1302 3644 1400 3708 τάς
1433 3644 1658 3708 κύλικας
1689 3649 1942 3716 προϊστο-

362 3736 551 3806 ρήσας,
577 3735 665 3789 διὰ
689 3736 787 3807 τῆς
816 3737 944 3808 περὶ
964 3736 1165 3791 τούτων
1185 3776 1200 3800 ,
1230 3737 1306 3800 ὡς
1331 3735 1579 3809 ἀληθῶν,
1609 3737 1937 3808 ἀφηγήσεως

356 3827 452 3879 καὶ
478 3825 586 3880 τῶν
608 3826 808 3881 λοιπῶν
827 3828 1078 3882 ἀπάντων
1110 3828 1337 3901 ἐξέφηνὲ
1366 3846 1425 3882 τε
1454 3828 1548 3882 καὶ
1572 3827 1817 3900 διήλεγξε
1836 3828 1936 3901 τὴν

358 3916 705 3988 μυθολογίαν.

855 4011 1249 4065 ΚΕΦΑΛΑΙΟΝ
1295 4012 1426 4068 KE'.

425 4099 716 4171 Εἰρηκέναι
743 4100 801 4153 δέ
827 4118 991 4172 φησιν
1018 4104 1046 4156 ὁ
1070 4102 1428 4174 Φιλόστρατος
1451 4103 1543 4159 τὸν
1568 4104 1740 4175 Δάμιν
1764 4146 1779 4171 ,
1808 4102 1932 4175 δίχα

348 4188 450 4262 τῆς
482 4192 645 4247 αὐτοῦ
678 4193 977 4265 παρουσίας
1001 4194 1198 4266 καὶτῷ
1240 4196 1425 4268 Ἰἀρχᾳ
1471 4195 1934 4268 συμφιλοσοφῆσαι

350 4280 442 4337 τὸν
474 4282 823 4339 Ἀπολλώνιον
843 4324 858 4349 ,
880 4284 1156 4356 εἰληφέναι
1183 4302 1243 4339 τε
1278 4289 1407 4358 παρ’
1429 4285 1592 4340 αὐτοῦ
1617 4286 1936 4350 δακτυλίους

388 4456 393 4459 ‘
440 4443 500 4516 ff
536 4444 631 4500 lib.
667 4462 752 4513 ιιι,
776 4461 827 4501 c.
861 4448 947 4504 15.
1050 4449 1100 4481 ⁸⁴
1137 4449 1233 4504 lib.
1266 4465 1357 4516 ιιι,
1388 4464 1441 4503 c.
1472 4448 1564 4505 58.

350 4524 402 4568 c.
431 4513 524 4568 27.
598 4517 646 4549 ⁸’
677 4518 770 4573 lib.
802 4533 897 4583 ιιι,
928 4535 981 4573 c.
1011 4520 1104 4574 41.

446 4667 532 4807 19)
569 4672 926 4740 Μαντιχόρα.
968 4672 1124 4742 Apud
1158 4672 1418 4759 Philostr.
1458 4684 1545 4758 est
1579 4677 1915 4760 Mapttxépa.

440 4737 510 4794 20
577 4740 688 4807 Τὰς
713 4742 940 4809 τρίχας.
970 4743 1158 4800 Manca
1192 4762 1416 4800 omnino
1452 4762 1573 4803 sme
1608 4756 1729 4804 tstts
1766 4749 1915 4804 voci-

346 4806 451 4885 bus
471 4806 680 4885 gratio,
716 4806 853 4881 quas
883 4806 949 4867 ex
988 4813 1321 4870 Philostrato
1354 4817 1580 4885 proinde
1616 4819 1915 4874 restituen-

340 4876 445 5002 2as
468 4878 701 5002 igtrsebio
722 4876 1051 4953 putavimus,
1082 4887 1288 4957 pariter
1310 4876 1374 4943 ac
1400 4889 1648 4942 voculam
1674 4890 1769 4944 καί
1792 4898 1921 4947 ante

383 4965 482 5002 καν
520 4966 699 5002 ωεειε.

383 4965 699 5015 κανυωεεις.

417 5019 528 5091 (21)
568 5020 877 5099 εἰσῆκται.
905 5022 1023 5099 Yox
1054 5023 1274 5099 Eusebii
1303 5035 1463 5083 aetate
1485 5030 1540 5084 in
1569 5028 1673 5084 hoc
1698 5029 1922 5099 nogotio

343 5087 808 5173 frequentissima,
845 5094 975 5173 i_nde_
1015 5097 1354 5173 συνείσακτοι
1384 5087 1803 5173 όίοιδιΐρπιίιιωῖ
1826 5115 1924 5152 va-

340 5164 443 5241 riis
477 5164 795 5241 ministeriis
816 5165 1144 5241 destinata},
1197 5179 1251 5222 et
1284 5170 1338 5223 in
1372 5171 1720 5241 clericorum,
1766 5186 1922 5225 seve—

340 5235 543 5285 riorem
587 5236 748 5305 etiam
778 5235 945 5287 vitam
996 5238 1390 5305 professorum,
1440 5240 1802 5295 contubernio
1834 5241 1920 5294 vi-

342 5309 553 5379 ventes,
597 5304 665 5358 de
685 5306 910 5379 _quibus
939 5304 1126 5379 multa
1174 5308 1227 5361 in
1271 5311 1509 5379 antiquis
1551 5310 1917 5365 Ecclesiarum

338 5373 663 5455 ςιιιιριιίίιιιεἶ
685 5373 1021 5455 Epiphanius
1045 5378 1194 5455 luem
1214 5395 1344 5433 uin
1372 5373 1439 5435 de
1466 5379 1702 5451 quodam
1723 5383 1783 5455 _in
1808 5380 1882 5455 Pa
1898 5410 1920 5421 ο

340 5443 552 5515 {aestiua
571 5444 859 5515 episcopo,
886 5447 979 5515 qui
1006 5464 1036 5501 e
1060 5448 1438 5504 confessor-um
1463 5443 1694 5506 numero
1716 5452 1913 5507 fuerit:

351 5512 675 5593 ᾚσχηκότος
771 5512 1045 5593 τοιαύτας-
1057 5520 1916 5593 γυναῖκας,ἐξυπηρετουμένας

253 5606 261 5619 τ
337 5582 506 5655 αύτῷ,
525 5586 686 5655 *φημὶ
705 5585 762 5638 δὲ
789 5582 1251 5655 συνεισάῖὶτους.
1299 5582 1443 5646 idem
1475 5582 1864 5647 de—llierdcilis
1892 5582 1912 5648 ξ

337 5651 698 5737 Χλευάζονται
714 5656 831 5709 τελε
841 5658 1025 5737 ξότατα
1126 5660 1192 5737 a5
1209 5651 1505 5737 κέκτηνται
1526 5662 1751 5727 ἕκαστος
1771 5678 1916 5717 συν-

334 5729 654 5804 εισᾰκζοιξς
701 5729 1016 5804 γυναῖκαςλ-
1039 5729 1103 5804 δι”
1147 5730 1215 5792 ἃς
1250 5729 1473 5804 εἰώθασι
1524 5732 1921 5804 φιλοτιμεῖσθαι

338 5789 479 5869 ἔχειν
494 5794 571 5855 εἰς
584 5789 1118 5869 ﬂammeolum—Vides
1139 5789 1265 5855 σιίνε
1276 5802 1526 5868 ισάκτους
1537 5789 1647 5859 ’(1ίεί
1664 5789 1922 5861 mulieres

340 5860 483 5925 illas.
508 5878 628 5935 quae
656 5860 933 5923 niinisterii
963 5884 1127 5927 causa
1163 5887 1287 5929 cum
1325 5874 1448 5929 istis
1480 5860 1795 5933 hominibus
1836 5860 1919 5931 vié

1663 4451 1710 4483 "
1750 4451 1844 4508 lib.
1882 4468 1941 4507 tu
1965 4493 1979 4518 ,

968 4672 1124 4761 apud
1158 4672 1418 4759 Philostr.
1458 4684 1545 4758 est
1579 4677 1920 4761 Μαρτιχόρα.

2043 4678 2388 4761 ἵππω-γάμου
2418 4682 2513 4761 καὶ
2542 4682 2827 4743 συνουσίας
2855 4698 2935 4751 χω

2044 3367 2249 3437 Nempe
2277 3383 2441 3436 quam
2470 3382 2597 3422 vera
2623 3367 2729 3422 ista
2772 3366 2884 3421 sint
2907 3365 3073 3419 etiam
3128 3364 3482 3421 manifestum
3513 3373 3619 3427 est,

2042 3459 2263 3532 quando
2293 3460 2536 3514 tonitrua
2564 3467 2869 3529 ventosque
2905 3458 2961 3511 in
2994 3457 3159 3512 doliis
3183 3458 3252 3521 ",
3294 3466 3348 3512 et
3376 3458 3623 3528 tripodas

2042 3569 2109 3609 ex
2134 3566 2269 3609 saxo
2307 3551 2532 3623 proprio
2583 3558 2733 3605 motu
2791 3550 3213 3604 obambulantes
3236 3548 3302 3612 ⁵⁸,
3332 3564 3623 3620 aeneosque

2043 3646 2361 3715 pincernas,
2414 3644 2616 3699 calices
2648 3642 2705 3697 in
2736 3642 2924 3695 orbem
2958 3640 3433 3704 circumferentes,
3471 3655 3622 3696 com-

2044 3749 2357 3788 memorans
2384 3734 2645 3803 primam.
2678 3731 2794 3786 hac
2831 3730 2947 3799 ipsa
2981 3729 3138 3799 quasi
3160 3743 3288 3782 vera
3321 3728 3618 3793 narrando,

2042 3827 2252 3897 reliqua
2275 3827 2440 3880 etiam
2469 3825 2657 3879 omnia
2694 3838 2878 3880 meras
2917 3822 3130 3877 fabulas
3161 3835 3284 3876 esse
3317 3819 3499 3889 prodit
3526 3829 3613 3875 at.

2040 3934 2147 3990 que
2171 3917 2371 3989 arguit.

2601 4006 2832 4064 CAPUT
2882 4005 3050 4061 XXV.

2110 4100 2301 4157 Refert
2331 4108 2513 4156 autem
2552 4099 2919 4157 Philostratus
2941 4100 2987 4131 "
3015 4098 3181 4154 etiam
3217 4094 3410 4151 Damin
3443 4095 3618 4153 dixis-

2043 4209 2122 4257 se,
2157 4209 2217 4249 se
2254 4208 2362 4247 non
2400 4201 2671 4263 przesente
2712 4207 2932 4264 quoque
2975 4206 3099 4245 cum
3149 4189 3339 4243 larcha
3388 4187 3612 4258 Apollo-

2042 4287 2195 4341 nium
2230 4284 2677 4357 philosophatum
2712 4301 2856 4353 esse,
2890 4297 3200 4352 munusque
3240 4284 3393 4335 abeo
3425 4280 3617 4337 tulisse

3285 4446 3333 4479 ⁸⁸
3372 4446 3467 4502 lib.
3512 4464 3569 4502 ιιι
3591 4486 3608 4513 ,

2027 4466 2078 4508 c.
2124 4452 2213 4508 59.
2320 4452 2371 4486 “
2409 4453 2544 4509 ibid.
2657 4451 2700 4485 "
2742 4453 2840 4507 lib.
2873 4468 2965 4518 ιιι,
2997 4467 3047 4507 c.
3083 4449 3170 4503 Η.

2977 4681 3045 4745 ἰς,
3093 4689 3155 4754 ut
3186 4680 3612 4754 Chrysostomus

2029 4697 2181 4741 vant,
2208 4697 2388 4767 γαμου
2418 4697 2513 4732 και
2542 4697 2827 4743 συνουσιας
2855 4697 3045 4804 χοΈις,
3095 4697 3155 4735 ιιι
3186 4697 3608 4754 Lurysosmmus

2016 4758 2154 4822 orat.
2170 4753 2271 4822 Εἰς
2291 4751 2695 4822 τουςξχοντας
2706 4767 2925 4822 συνεισ
2968 4769 3056 4805 κτ.
3072 4751 3253 4817 docet,
3270 4764 3307 4806 t.
3324 4770 3398 4814 Vl,
3416 4752 3608 4822 p.214,

2022 4820 2162 4894 edit.
2216 4819 2408 4894 Savil.‘
2445 4819 2582 4875 Vide
2633 4822 2789 4894 plura
2831 4821 2899 4877 de
2954 4823 3041 4894 his
3084 4823 3228 4894 apud
3276 4819 3610 4878 Cotelerium

2021 4893 2089 4948 ad
2120 4890 2332 4945 Hermas
2358 4890 2463 4947 vis.
2498 4907 2546 4955 1,
2577 4899 2693 4945 not.
2730 4892 2784 4954 1,
2814 4900 2868 4946 et
2910 4893 2978 4946 ad
3020 4890 3137 4948 vis:
3177 4907 3236 4955 ll,
3286 4903 3400 4948 not.
3438 4893 3525 4955 15.
3554 4901 3612 4947 et

2023 4965 2279 5031 Bevereg.
2308 4962 2362 5015 in
2383 4977 2507 5016 can.
2538 4976 2596 5015 ιιι
2620 4963 2839 5031 concilii
2886 4961 3091 5018 Niczeni
3114 4980 3151 5015 ι.
3173 4962 3312 5018 Hinc
3341 4963 3609 5018 Eusebius

2023 5041 2153 5104 apte
2185 5030 2390 5104 vocem,
2411 5030 2727 5100 εἰσάγεσθαι
2751 5048 2816 5088 ex
2840 5049 2942 5088 usu
2972 5033 3118 5087 illius
3146 5033 3244 5087 aevi
3276 5032 3515 5095 adhibet.
3540 5034 3609 5089 de

2027 5102 2350 5174 mulieribus
2380 5103 2631 5174 loquens,
2672 5118 2793 5173 quae
2825 5103 3274 5174 philosophorum
3319 5104 3363 5157 si
3401 5119 3511 5159 non
3540 5104 3610 5158 li-

2031 5173 2225 5245 bidini,
2256 5173 2582 5245 ministeriis
2607 5173 2921 5242 saltem,de
2947 5174 3150 5245 quibus
3172 5173 3262 5227 hic
3282 5189 3486 5241 sermo,
3512 5189 3608 5229 va-

2032 5260 2159 5299 care
2182 5243 2472 5301 debebant.

2100 5313 2557 5397 (.?2)_At:.18péqc.
2583 5312 2719 5397 haec
2759 5313 3059 5397 adduntur,
3088 5314 3176 5397 ad_
3196 5314 3602 5397 efprimendam

2025 5383 2342 5439 Philostrati
2382 5386 2708 5457 sententiam
2748 5384 2924 5457 τοῦτο
2953 5384 3105 5456 ἰερὲιν
3129 5456 3137 5457 7
3160 5383 3604 5457 éaﬂﬁtaAmtoﬁv-

2022 5473 2133 5519 ται,
2160 5470 2355 5524 nempe
2388 5471 2495 5510 non
2528 5456 2841 5510 ordinarius
2871 5455 2962 5510 ille
3000 5455 3256 5525 vestitus,
3286 5455 3383 5512 Sed
3410 5470 3599 5510 eorum

2021 5527 2114 5596 qui
2147 5527 2510 5596 sacerdotalia
2543 5526 2760 5596 obirent
2791 5525 2984 5580 oﬂicia.

2091 5595 2203 5667 (23)
2233 5594 2596 5667 Πραῃαάτων
2633 5593 2789 5664 ἡμᾶς
2824 5596 3219 5667 ἀπολύσαντα
3272 5594 3477 5665 Nempe

2019 5665 2241 5722 strenue
2286 5676 2340 5719 et
2368 5665 2574 5730 aperte
2612 5666 2831 5719 mentiri
2858 5665 3038 5719 innuit
3076 5665 3487 5730 Philostratum,
3533 5674 3596 5718 ut

2020 5738 2221 5792 fabulis
2257 5736 2566 5792 manifestis
2595 5743 2849 5806 suspecta
2881 5736 3091 5805 reliqua
3119 5738 3283 5793 etiam
3311 5737 3508 5802 faciat;
3533 5742 3596 5806 ut

2020 5808 2157 5862 adeo
2188 5806 2534 5879 refutationis
2567 5802 3080 5879 operasublevetur
3126 5809 3261 5879 ipse,
3293 5802 3592 5879 mentiendi

2020 5894 2074 5932 ιιι
2107 5894 2138 5933 a
2178 5878 2425 5934 versario
2460 5876 2814 5948 impudentia.
3145 5876 3163 5879 ’
3448 5876 3456 5883 ’

3526 5594 3596 5648 ita
