4112 6422
525 366 624 420 851

1205 379 1470 436 EUSEBII
1507 384 1996 463 CIESARlENSlS
2035 394 2053 449 ί

2152 396 2187 451 ⁹.
2226 396 2406 454 PARS
2443 402 2511 455 Il.
2548 433 2615 444 -
2655 404 3159 465 APOLOGET‘CA.

3659 421 3767 477 83!

525 486 758 543 annulos
784 498 1010 561 septem,
1043 495 1386 565 planetarum
1411 504 1723 562 nominibus
1759 510 2047 581 insignitos

2152 564 2157 575 ,
2186 516 2326 570 ἑπτὰ
2346 559 2363 583 ,
2384 520 2703 593 ἐπωνύμους
2722 524 2966 599 ἀστέρων
2983 566 2998 590 ,
3019 527 3112 592 οὓς
3132 530 3225 583 καὶ
3249 534 3435 603 φορεῖν
3457 534 3616 590 αὑτὸν
3639 538 3770 591 καθ.-

522 593 662 645 quos
696 580 858 635 etiam
912 590 1227 655 gestaverit,
1263 607 1432 647 unum
1466 604 1593 666 post
1643 600 1836 667 alium,
1869 620 1968 675 pro
1996 621 2088 660 ra-

521 669 670 722 tione
702 672 986 729 nominum
1040 677 1234 735 diebus
1289 682 1692 754 impositorum.
1738 692 1862 749 Haec
1908 705 2086 753 tamen

520 758 626 813 isto
650 763 869 830 quidem
903 767 1023 822 loco
1072 770 1339 840 referens,
1374 779 1466 847 qui
1517 783 1763 840 veritatis
1806 787 2087 846 studiosus

518 849 830 910 Philaletlue
866 858 1073 927 judicio
1104 872 1208 930 est,
1247 868 1353 924 alio
1391 873 1579 943 scripti
1606 875 1754 931 illius
1771 878 2087 951 loco,quasi

514 941 783 1002 damnans
815 947 1215 1010 Brachmanum
1246 958 1673 1029 incantamenta,
1717 977 1885 1038 utque
1917 972 1987 1026 ab
2015 972 2084 1027 iis

516 1033 808 1093 immunem
855 1052 1075 1111 praestet
1123 1048 1469 1119 Apollonium
1505 1071 1650 1112 curae
1692 1058 1921 1125 habens,
1953 1063 2083 1118 sub-

508 1123 686 1196 juugit
714 1132 1042 1191 verbotcnus
1072 1139 1173 1194 ista
1207 1143 1289 1198 σοι
1327 1164 1347 1197 ι
1391 1145 1590 1205 Videns
1625 1159 1805 1206 autem
1836 1123 2081 1224 tripodas

511 1217 652 1285 apud
687 1216 868 1288 ludos,
906 1224 1326 1301 pincernasque.
1350 1241 1404 1289 et
1433 1253 1771 1309 quaecunque
1806 1216 2080 1299 suo-motu

509 1317 626 1362 acta
679 1315 978 1380 procedere
1026 1319 1158 1383 dixi,
1207 1339 1384 1394 neque
1428 1328 1785 1402 interrogavit
1823 1350 1928 1404 qua
1960 1344 2078 1392 arte

505 1398 899 1460 confectalnec
940 1408 1074 1474 sint,
1111 1428 1289 1484 neque
1328 1416 1580 1473 discendi
1613 1436 1677 1476 ea
1718 1422 1895 1493 ipsum
1921 1426 2076 1481 volu-

506 1500 625 1559 ptas
660 1494 908 1553 incessit.
954 1499 1153 1557 Verum
1201 1505 1444 1563 laudavit
1477 1512 1721 1581 quidem,
1756 1515 1955 1571 imitari
1990 1526 2075 1572 ta-

501 1598 624 1637 men
669 1584 927 1656 dignatus
964 1590 1107 1648 haud
1152 1592 1276 1650 fuit.
1331 1617 1351 1649 »
1401 1598 1566 1657 lllene
1606 1618 1736 1657 vero
1769 1602 1895 1675 [hoc
1926 1605 2073 1662 fece-

499 1674 633 1746 rit?]
662 1678 755 1746 qui
790 1678 1012 1739 Damide
1036 1686 1291 1742 submoto
1321 1705 1445 1745 cum
1468 1694 1535 1748 iis
1556 1699 1868 1753 conversari
1890 1701 2071 1770 magni

499 1761 756 1833 faciebat,
805 1777 969 1839 atque
1016 1774 1259 1830 sodalem
1308 1781 1557 1849 unicum,
1609 1784 1876 1856 quidquid
1909 1761 2069 1843 etiam

494 1861 602 1918 est,
632 1853 780 1927 [cum
816 1859 907 1932 iis]
933 1864 1078 1931 quod
1108 1867 1239 1936 egit,
1288 1869 1544 1939 ignorare
1593 1853 1848 1944 oportere
1879 1893 2071 1934 cense-
2100 1874 2143 1928 Β

495 1944 627 2001 bat?
657 1947 760 2015 Qui
789 1968 919 2008 vero
946 1955 1148 2011 imitari
1179 1959 1437 2031 dignatus
1462 1964 1606 2020 haud
1631 1966 1735 2022 sit?
1768 1969 1860 2039 qui
1888 1970 2070 2039 plane-

493 2044 671 2092 tarum
692 2043 1005 2100 nominibus
1039 2048 1329 2120 insignitos
1354 2056 1589 2112 annulos
1618 2060 1829 2129 accepit
1852 2063 1915 2123 σί,
1940 2077 2065 2117 eos-

488 2144 598 2198 que
640 2146 737 2202 per
769 2146 985 2189 omnem
1049 2138 1220 2195 vitam
1273 2152 1488 2213 gestare
1539 2151 1908 2206 necessarium
1960 2154 2063 2210 sibi

484 2218 659 2285 duxit,
696 2233 858 2293 prout
907 2225 1113 2283 ferrent
1140 2233 1359 2288 nomina
1392 2236 1639 2307 cujusvis
1666 2241 1773 2297 diei
1807 2261 1820 2297 :
1848 2253 1903 2299 et
1934 2249 2060 2318 qui-

483 2311 605 2367 dem
644 2330 709 2369 eo
744 2318 889 2386 quod
924 2336 1147 2387 arcana,
1178 2325 1254 2378 uti
1296 2327 1412 2398 ipse
1449 2330 1553 2394 ais,
1596 2332 1798 2389 virtute
1828 2348 2057 2406 prazsta-

481 2414 625 2461 rent.
663 2406 736 2462 Ut
760 2426 890 2465 vero
918 2415 1289 2474 concedamus
1315 2420 1501 2486 etiam,
1538 2423 1740 2481 imitari
1774 2428 1879 2483 ista
1924 2447 2052 2491 eum

479 2497 746 2564 noluisse,
784 2515 1070 2574 propterea
1103 2516 1252 2564 certe
1285 2526 1391 2565 non
1421 2514 1690 2570 imitatum
1723 2534 1846 2575 esse
1878 2522 2054 2576 mani-

480 2586 679 2643 festum
710 2592 837 2654 erit,
869 2595 1016 2664 quod
1048 2608 1195 2654 recte
1228 2600 1335 2655 sibi
1367 2601 1515 2657 haud
1570 2604 1752 2662 facere
1804 2610 2052 2668 videren-

478 2682 586 2734 tur.
623 2678 908 2746 Quomodo
938 2686 1104 2757 igitur
1134 2689 1203 2744 ob
1233 2706 1296 2745 ea
1325 2691 1590 2757 laudavit,
1640 2714 1763 2768 qua:
1808 2717 1919 2757 non
1964 2705 2049 2759 di-

477 2779 738 2837 gnaretur
785 2773 1023 2831 imitari?
1050 2777 1136 2843 Et,
1172 2780 1218 2835 si
1267 2790 1525 2853 tanquam
1558 2796 1676 2843 arte
1703 2790 1885 2846 divina
1918 2810 2047 2867 ope.

476 2847 659 2920 rantes
693 2866 1044 2931 collaudavit.
1080 2888 1179 2927 cur
1220 2873 1468 2933 imitatus
1504 2878 1647 2935 haud
1677 2891 1781 2945 est,
1831 2847 2046 2945 laudem

470 2967 591 3022 quae
631 2962 1011 3035 mererentur?
1051 2960 1223 3018 Porro
1272 2981 1401 3021 vero
1451 2976 1574 3038 post
1640 2987 1846 3030 moram
1903 2980 2044 3049 apud

2190 605 2288 660 ἐνα
2318 609 2452 680 πρὸς
2476 612 2543 665 τὰ
2571 612 2806 684 ὀνόματα
2833 615 2941 670 τῶν
2969 618 3210 690 ἡμερῶν,
3269 620 3453 676 Ταῦτα
3479 624 3536 677 δέ
3563 624 3657 679 νῦν
3683 628 3764 681 ει-

2188 696 2305 752 πὼν
2329 740 2343 764 ,
2386 702 2414 753 ὅ
2445 704 2492 753 τ’
2521 702 2716 775 ἀληθὲς
2751 709 2916 778 τιμᾷν
2946 709 3097 781 παρὰ
3129 710 3205 781 τῷ
3244 731 3262 762 ι
3284 712 3567 786 Φιλαλήθει
3593 737 3611 769 ι

2186 793 2567 863 νενομισμένος
2584 835 2599 859 ,
2633 795 2749 865 μεθ’
2774 796 2935 868 ἕτερα
2958 799 3058 870 τῆς
3078 803 3295 873 γραφῆς
3315 843 3328 865 ,
3354 804 3431 868 ὡς
3456 805 3521 859 ἂν
3540 807 3603 880 δὴ
3629 824 3762 881 γοη-

2183 884 2333 937 τείαν
2368 884 2474 937 τῶν
2512 886 2849 961 Βραχμάνων
2878 896 3179 960 καταγνοὺς
3200 936 3215 960 ,
3256 896 3348 949 καὶ
3377 897 3577 969 ταύτης
3607 900 3762 959 ἐλεύ-

2184 973 2340 1044 θερον
2368 976 2702 1047 καταστῆσαι
2729 978 2821 1032 τὸν
2872 980 3224 1037 Ἀπολλώνιον
3256 988 3544 1057 φροντίσας
3568 1027 3584 1053 ,
3633 992 3757 1045 ἐπι-

2183 1064 2375 1134 φέρει,
2415 1067 2635 1134 φάσκων
2673 1068 2812 1122 κατὰ
2868 1068 3011 1136 λέξιν
3036 1089 3050 1102 ·
3118 1091 3137 1123 ι
3178 1073 3321 1128 Ἰδὼν
3358 1076 3415 1129 δέ
3453 1080 3606 1151 παρὰ
3641 1084 3754 1146 τοῖς

2194 1152 2372 1218 Ἰνδοῖς
2399 1157 2523 1220 τοὺς
2549 1158 2809 1229 τρίποδας
2829 1202 2844 1224 ,
2885 1163 2979 1215 καὶ
3009 1164 3137 1229 τοὺς
3166 1168 3433 1239 οἰνοχόους
3456 1210 3471 1237 ,
3526 1174 3621 1226 καὶ
3651 1174 3754 1230 ὅσα

2179 1246 2460 1317 αὐτόματα
2515 1251 2769 1323 ἐσφοιτᾷν
2812 1252 2924 1325 (25)
2966 1251 3146 1325 εἷπον,
3230 1258 3343 1313 οὗθ’
3397 1264 3546 1329 ὅπως
3596 1270 3752 1338 σοφί-

2177 1336 2350 1403 ζοιντο
2381 1341 2515 1395 αὐτὰ
2542 1382 2556 1407 ,
2597 1344 2757 1415 ἠρετο
2795 1345 2907 1418 (ἓὸ)
2933 1388 2947 1411 ,
2988 1349 3109 1403 οὔτε
3146 1352 3338 1427 ἐδεήθη
3370 1356 3590 1427 μαθεῖν’
3632 1336 3748 1416 ἀλλ’

2175 1431 2362 1504 ἐπῄνει
2397 1434 2497 1505 μὲν
2521 1476 2534 1498 ,
2585 1435 2778 1508 ζηλοῦν
2826 1441 2884 1494 δὲ
2928 1443 3028 1497 ούκ
3060 1445 3231 1514 ἠξίου.
3260 1467 3279 1500 ι
3370 1453 3480 1504 Καὶ
3513 1454 3664 1521 πῶς,
3700 1451 3749 1511 ὦ

2173 1519 2325 1589 οὗτος
2349 1566 2364 1591 ,
2399 1528 2499 1582 οὐκ
2531 1530 2681 1599 ἠξίου
2718 1530 2949 1603 ζηλοῦν;
2984 1539 3013 1589 ὁ
3048 1537 3170 1609 δίχα
3205 1540 3299 1593 τοῦ
3333 1542 3563 1615 Δάμιδος
3589 1519 3747 1602 σπου-

2171 1616 2267 1689 δήν
2336 1620 2656 1694 ποιούμενος
2723 1627 3145 1697 συμφιλοσοφεῖν
3199 1634 3419 1699 αὐτοῖς,
3500 1640 3594 1692 καὶ
3652 1641 3745 1695 τὸν

2175 1710 2367 1779 μόνον,
2430 1713 2459 1766 ὃ
2504 1731 2558 1767 τι
2604 1717 2697 1768 κα)⁵
2750 1718 3012 1789 πράττοι,
3065 1722 3349 1780 λανθάνειν
3380 1727 3497 1783 δέον
3528 1732 3740 1803 ἑταῖρον

2172 1800 2488 1874 ἡγούμενος.
2547 1805 2672 1869 Πῶς
2716 1807 2773 1860 δέ
2802 1810 2901 1863 οὐκ
2932 1811 3085 1881 ἠξίου
3133 1812 3369 1887 ζηλοῦν;
3423 1820 3453 1872 ό
3477 1822 3605 1887 τοὺς
3632 1800 3739 1878 τῶν

2171 1894 2415 1966 ἀστέρων
2446 1898 2764 1969 ἐπωνύμους
2795 1904 3227 1977 καταδεχόμενος
3255 1909 3570 1978 δακτυλίους
3593 1955 3608 1980 ,
3644 1918 3735 1972 καὶ

2166 1983 2387 2050 τούτους
2438 1986 2731 2056 ἀναγκαῖον
2770 1991 3051 2064 τιθέμενος
3101 1996 3189 2050 διὰ
3246 1999 3447 2065 παντὸς
3476 2003 3569 2056 τοῦ
3620 2004 3735 2074 βίου

2166 2077 2350 2149 φέρειν
2406 2079 2542 2149 πρὸς
2596 2080 2664 2134 τὰ
2710 2083 2950 2154 ὀνόματα
2996 2087 3106 2141 τῶν
3155 2092 3409 2164 ἡμερῶνο
3470 2096 3731 2167 καίτοιγε,

2163 2169 2515 2242 ἀπόρρητον,
2566 2173 2641 2237 ῶς
2689 2175 2795 2246 φῂς
2846 2177 3041 2242 αὐτὸς,
3078 2180 3296 2251 ἔχοντας
3327 2185 3499 2256 ἰσχύν.
3561 2188 3624 2241 Et
3674 2189 3732 2243 δὲ

2163 2260 2260 2313 καὶ
2313 2260 2491 2335 δοθείη
2527 2264 2586 2317 τὸ
2641 2265 2715 2337 μὴ
2748 2266 2943 2336 ζηλοῦν
2975 2269 3264 2340 ἠξιωκέναι
3296 2277 3495 2342 αὑτὸν,
3547 2277 3621 2343 ῶς
3656 2279 3730 2353 μὴ

2160 2346 2218 2405 εὖ
2254 2352 2588 2423 πράττοντας
2629 2358 2726 2411 οὐκ
2771 2358 2960 2431 ἐζήλου
3003 2361 3259 2433 δηλονότι.
3319 2368 3443 2433 Πῶς
3491 2365 3583 2424 οὖν
3634 2346 3732 2425 ἐπί

2158 2440 2293 2512 ῄνει,
2324 2445 2409 2514 ἐφ’
2438 2439 2519 2509 οἷς
2553 2448 2625 2519 μή
2653 2449 2803 2518 ἠξίου
2837 2449 3031 2523 ζηλοῦν
3056 2470 3071 2517 ;
3128 2456 3191 2508 Εἰ
3219 2456 3263 2509 δ’
3291 2457 3366 2522 ῶς
3393 2459 3552 2525 θείως
3577 2463 3727 2535 ἐνερ-

2155 2534 2386 2604 γοῦντας
2429 2538 2650 2611 ἐπῄνει,
2699 2541 2816 2607 πῶς
2855 2546 2955 2599 οὐκ
2980 2546 3173 2619 ἐζήλου
3203 2548 3272 2605 τὰ
3298 2553 3534 2608 ἐπαίνων
3560 2534 3683 2620 ἄξια
3708 2573 3723 2623 ;

2168 2624 2328 2679 Ἀλλὰ
2357 2626 2466 2699 γὰρ
2515 2633 2653 2700 μετὰ
2684 2634 2784 2705 τὴν
2812 2636 2963 2708 παρὰ
2994 2638 3202 2704 τούτοις
3251 2641 3532 2717 διατριϐὴν
3552 2688 3567 2712 ,
3622 2665 3728 2700 πα-

2154 2714 2495 2774 λινοστοῦντα
2522 2723 2682 2776 αὐτὸν
2704 2724 2819 2796 ἅμα
2840 2731 2951 2792 τοῖς
2979 2731 3216 2803 ἑταίροις
3232 2774 3246 2799 ,
3269 2714 3582 2807 ἐληλυθέναι
3619 2757 3725 2810 φη-

2156 2809 2240 2862 σὶν
2272 2812 2330 2874 ἐς
2353 2812 2450 2883 τήν
2478 2815 2585 2869 τῶν
2618 2817 2841 2890 Ὡριτῶν
2864 2820 2975 2893 (27)
3009 2823 3210 2897 χώραν,
3243 2825 3369 2882 ἔνθα
3400 2829 3599 2899 χαλκαῖ
3626 2809 3723 2904 μέν

2148 2900 2330 2967 αὐτοῖς
2346 2907 2402 2958 at
2424 2905 2640 2980 πέτραι,
2665 2912 2837 2984 χαλκῆ
2857 2914 2911 2967 δὲ
2929 2917 2961 2987 ἠ
2978 2916 3218 2989 ψάμμος,
3237 2920 3437 2991 χαλκοῦ
3455 2922 3512 2976 δέ
3526 2900 3724 2994 ψῆγμα

2145 2990 2195 3042 at
2222 2997 2456 3066 ποταμοὶ
2484 3000 2695 3067 ἄγουσι.
2732 3005 2841 3057 Καὶ
2868 3006 3106 3063 τοσαῦτα
3138 2990 3245 3081 μὲν
3264 2990 3332 3066 τά
3360 2990 3720 3088 κατὰ

471 3043 572 3100 bos
606 3044 828 3112 factam,
859 3052 1206 3120 Apollonium
1243 3073 1350 3112 una
1385 3074 1511 3113 cum
1541 3062 1659 3119 suis
1681 3078 2041 3128 revertentem

471 3137 535 3161 ...Ι
563 3137 833 3161 Λ-ε.----ᾏκ
898 3159 905 3161 ι
927 3146 959 3161 ο.
988 3147 1032 3161 Α.
1172 3150 1183 3161 ο
1430 3154 1442 3161 .
1702 3159 1714 3161 _

2152 3043 2235 3134 τον
2251 3043 2254 3044 ν
2269 3043 2627 3161 σύγγραμμα.

2316 3137 2319 3138 ⁷
2349 3139 2359 3155 I
2385 3137 2437 3160 ΙΓ
2450 3137 2627 3161 ’⁷8⁷⁷1⁷⁷⁷⁸⁸

469 3137 536 3190 ad
563 3137 840 3197 Oritarum
888 3146 966 3199 ait
988 3147 1032 3177 ⁶¹
1063 3150 1281 3205 venisse
1331 3154 1630 3223 regionem,
1662 3159 1754 3213 ubi
1793 3178 1935 3219 terea
1974 3183 2126 3232 saxa.
2166 3189 2439 3250 arenaque
2463 3200 2624 3250 aerea,
2654 3188 2888 3261 aerisque
2923 3201 3164 3250 ramenta
3194 3194 3340 3251 ﬂuvii
3374 3195 3710 3255 vehunt.At-

467 3248 575 3302 que
600 3233 705 3289 ista
729 3246 877 3305 sunt,
912 3257 1033 3311 quae
1063 3243 1118 3297 in
1160 3246 1323 3301 tertio
1355 3248 1496 3304 libro
1525 3256 1895 3313 continentur.

928 3355 1090 3427 527
1123 3355 1353 3414 CAPUT
1391 3360 1580 3417 XXVI.

540 3457 834 3531 Sequentia
861 3465 974 3533 jam
1009 3484 1448 3539 percenseamus.
1494 3476 1570 3533 Ex
1618 3477 1769 3537 lndia
1810 3483 1862 3539 in
1891 3483 2042 3541 Grie—

463 3551 609 3606 ciam
636 3555 893 3611 reducem
926 3559 970 3590 “
1006 3561 1075 3615 ab
1128 3563 1263 3633 ipsis
1299 3567 1406 3623 diis
1437 3569 1606 3626 refert
1664 3575 1873 3629 socium
1908 3578 2040 3635 deo-

460 3657 583 3697 rum
618 3661 741 3700 eum
769 3662 893 3703 esse
923 3647 1261 3708 declaratum
1292 3659 1417 3728 :qui
1453 3667 1507 3714 et
1532 3669 1766 3732 aegrotos
1795 3674 1861 3719 ad
1886 3682 2033 3732 eum,

459 3735 713 3792 sanitatis
747 3743 1136 3810 recuperanda:
1164 3760 1356 3814 causa,
1402 3752 1754 3808 remiserunt.
1805 3754 2037 3828 Jamque

458 3828 612 3896 quasi
645 3829 715 3883 ab
764 3828 1057 3898 Arabibus,
1103 3841 1386 3910 magisque
1415 3852 1472 3898 et
1507 3842 1655 3901 Indis
1705 3848 2033 3917 stupendum
2133 3864 2244 3919 Καὶ

454 3919 632 3974 virum
662 3927 717 3976 et
748 3922 905 3992 plane
939 3925 1184 3983 divinum
1215 3931 1512 4000 advehens,
1547 3937 1716 3995 miras
1744 3939 1873 3994 inde
1904 3955 2033 3995 nar-

453 4009 698 4067 rationes
733 4012 995 4071 instituit.
1029 4017 1196 4089 Atqui
1243 4039 1353 4078 non
1408 4024 1687 4084 immerito
1732 4031 1879 4086 dicat
1930 4033 2032 4088 ali-

452 4104 597 4171 quis,
653 4107 801 4176 quod
854 4109 900 4163 si
945 4110 1056 4179 jam
1095 4114 1226 4169 olim
1267 4119 1696 4186 excellentioris,
1747 4140 1911 4193 quam
1941 4135 2028 4181 est

451 4194 713 4263 humana,
744 4203 1050 4259 exstitisset
1089 4216 1317 4273 naturae,
1356 4227 1466 4266 non
1510 4213 1623 4282 jam
1653 4215 1896 4283 demum,
1929 4220 2025 4274 sed

448 4285 635 4354 potius
666 4298 957 4362 antequam
1008 4298 1246 4355 aliorum
1294 4302 1618 4372 profecisset
1655 4308 2023 4376 institutione,

449 4376 839 4437 miraculorum
872 4388 1266 4455 patrandorum
1301 4394 1517 4450 initium
1551 4413 1675 4453 eum
1712 4397 1892 4457 facere
1923 4418 2022 4474 par

2628 3393 3018 3452 κεειΑΑΑιοΝ
3070 3400 3214 3469 κεῖν.

2222 3497 2493 3570 Ἑπίωμεν
2524 3502 2569 3555 δ’
2596 3503 2697 3576 ἠδη
2729 3506 2799 3561 τὰ
2832 3507 2979 3579 ἑξῆς.
3049 3511 3435 3569 Ἐπανελθόντα
3454 3557 3469 3583 ,
3521 3520 3708 3591 φησὶν,

2138 3588 2299 3642 αὐτὸν
2327 3591 2424 3662 τῆς
2466 3593 2641 3650 Ἰνδῶν
2665 3595 2847 3671 χώρας
2873 3601 2965 3655 ἐπὶ
2992 3603 3091 3676 τὴν
3144 3605 3365 3661 Ἐλλάδα
3389 3648 3403 3669 ,
3459 3588 3710 3664 κοινωνὸν

2136 3679 2245 3733 τῶν
2275 3681 2411 3737 θεῶν
2444 3684 2579 3756 πρὸς
2610 3688 2789 3743 αὐτῶν
2817 3692 2924 3746 τῶν
2972 3693 3109 3748 θεῶν
3140 3695 3581 3770 ἀνακεκηρύχθαι
3605 3744 3618 3765 ,
3658 3702 3707 3756 οῖ

2135 3772 2227 3826 καὶ
2258 3775 2384 3838 τοὺς
2411 3776 2716 3848 κάμνοντας
2739 3782 2814 3847 ὡς
2845 3785 3006 3840 αὑτὸν
3036 3788 3121 3858 ἐφ’
3142 3788 3300 3861 ὑγεία
3324 3792 3704 3864 παρέπεμπον.

2290 3865 2424 3938 δῆτα
2463 3869 2540 3933 ὼς
2569 3869 2627 3936 ἐξ
2675 3872 2920 3945 Ἀράϐων
2944 3917 2959 3940 ,
2995 3879 3089 3933 καὶ
3123 3881 3348 3951 μάγων,
3401 3885 3493 3938 καὶ
3534 3885 3707 3941 Ἰνδῶν

2124 3957 2434 4029 ’παράδοξόν
2459 3978 2583 4016 τινα
2612 3965 2707 4019 καὶ
2736 3966 2877 4020 θεῖον
2894 3969 3055 4023 αὐτὸν
3077 3972 3208 4043 ἡμῖν
3238 3974 3460 4044 ἀγαγὼν
3482 4017 3497 4039 ,
3532 3996 3707 4050 παροι-⁹

2128 4046 2292 4116 δόξων
2314 4051 2562 4107 ἐντεῦθεν
2590 4056 2967 4130 ἀφηγημάτων
2996 4064 3462 4137 κατάρχεται.Καὶ
3479 4068 3540 4123 τὸ
3570 4046 3704 4139 (ΞΥ)

2127 4138 2193 4193 ἄν
2213 4158 2296 4205 τις
2319 4143 2461 4198 εἴποι
2488 4146 2741 4218 εὐλόγως,
2765 4152 2846 4205 ὅτι
2861 4152 2946 4224 δὴ,
2967 4156 3015 4208 εί
3037 4153 3311 4228 θειοτέρας
3326 4158 3357 4230 ἢ
3374 4161 3706 4234 κατ’άνθρωο

2126 4247 2226 4286 πον
2259 4232 2472 4303 φύσεως
2499 4232 2566 4309 ἦν
2599 4240 2765 4294 πάλαι
2789 4282 2804 4306 ,
2851 4242 2966 4296 ἀλλ’
2993 4244 3054 4297 ού
3081 4243 3176 4298 νῦν
3203 4245 3307 4299 ἔδει
3326 4287 3342 4310 ,
3390 4248 3497 4319 πρὸ
3521 4232 3621 4321 τῆς
3645 4251 3703 4305 δὲ

2123 4323 2327 4396 ἑτέρων
2373 4329 2726 4402 μεταλήψεως
2782 4334 2889 4388 τῶν
2943 4335 3259 4406 θαυμασίων
3306 4340 3698 4412 κατάρχεσθαι.

2122 4413 2358 4489 Περιττή
2407 4419 2453 4472 δ’
2483 4419 2548 4473 ἂν
2588 4422 2682 4476 καὶ
2713 4425 2746 4494 ἡ
2797 4424 2857 4492 ἐξ

2902 4425 3144 4497 ’Δράϐων
3172 4426 3321 4499 αὑτῷ
3344 4469 3360 4492 ,
3415 4431 3606 4499 μάγων
3637 4449 3699 4486 τε

445 4479 580 4524 erat.
612 4468 878 4531 Praeterea
910 4480 1302 4548 superforanea
1356 4484 1536 4541 futura
1594 4488 1809 4556 fuisset,
1854 4509 2020 4564 quam

451 4558 713 4591 Annl‘n‘..-
772 4568 1048 4591 ......_:--__-
1113 4580 1152 4591 _.
1208 4573 1227 4591 1
1290 4577 1321 4591 ι.
1419 4589 1426 4591 Α
1492 4581 1526 4591 ..
1632 4583 1702 4591 ...
1927 4586 1938 4591 -
1976 4587 1988 4591 -

2152 4468 2218 4556 εαῖ
2256 4468 2451 4571 Ἰνδῶν,
2481 4468 2570 4563 διὰ
2590 4468 3188 4588 σπουδῆς-,ἐπεχειρεῖτο
3243 4468 3580 4591 πῖλῦμὲθέια
3599 4563 3615 4586 ,
3649 4526 3699 4578 εί

442 4558 735 4624 Arabibus.
772 4568 1053 4640 magisque
1103 4580 1157 4628 et
1208 4573 1357 4633 Indis
1384 4581 1567 4636 studio
1602 4583 1703 4638 sibi
1739 4558 2023 4655 conquisi~

442 4653 539 4718 vit,
568 4653 843 4722 doetrina,
877 4660 922 4715 si
954 4664 1079 4726 quis
1105 4680 1229 4720 eum
1256 4667 1413 4738 juxta
1444 4687 1530 4733 ea.
1567 4690 1688 4745 qua:
1721 4674 2020 4732 Philostra-

441 4751 529 4800 tus
552 4748 722 4815 ponit,
757 4753 1127 4810 extollendum
1152 4766 1324 4828 putet.
1359 4759 1465 4818 Sed
1491 4772 1675 4821 tamen
1705 4769 1815 4833 ille,
1840 4768 2001 4839 juxta
2039 4757 2085 4812 Π

439 4839 849 4897 veracissimum
872 4843 1041 4899 istum
1069 4851 1415 4920 scriptorem,
1444 4855 1553 4924 jam
1580 4857 1799 4915 demum
1830 4861 2008 4927 adest,

435 4929 716 4998 sapientiae
745 4946 1063 5005 argumenta
1101 4942 1317 5009 publice
1342 4946 1628 5004 exhibens.

2120 4594 2182 4681 δή
2217 4614 2302 4661 τις
2356 4600 2498 4653 κατὰ
2555 4604 2653 4675 τὴν
2685 4605 2929 4662 δοθεῖσαν
2965 4609 3174 4681 ὑπῆρεν
3234 4611 3508 4668 ὑπόθεσιν.
3556 4616 3696 4670 Ἀλλ’

2118 4679 2293 4754 οὗτος,
2321 4691 2463 4746 κατὰ
2487 4694 2578 4747 τὸν
2601 4695 2775 4769 ἀληθῆ
2803 4679 3124 4773 συγγραφέα
3166 4703 3299 4776 (28),
3321 4705 3414 4759 νῦν
3440 4707 3502 4778 δή
3556 4710 3697 4783 πάρ-

2111 4797 2249 4845 εστι,
2276 4784 2412 4854 μετά
2435 4787 2718 4856 τοσούτους
2729 4790 3081 4860 διδασκάλους
3094 4794 3193 4868 τήν
3215 4798 3405 4869 σοφίαν
3424 4801 3696 4859 ἐνδεικνύ-

2120 4892 2299 4946 μενος.

505 5019 551 5053 ⁸ο
591 5021 685 5075 lib.
722 5039 789 5088 v,
824 5041 876 5084 c.
913 5027 1000 5083 19..
1078 5031 1120 5062 θ’
1165 5031 1259 5088 lib.
1304 5048 1399 5100 In,
1443 5051 1492 5091 c.
1535 5040 1621 5094 15.
1701 5042 1746 5074 ⁸³
1785 5042 1884 5101 lib.
1928 5060 2025 5114 ιιι,

2152 5054 2238 5109 54.
2317 5056 2362 5087 ⁸³
2402 5055 2494 5111 lib.
2529 5073 2616 5122 iv,
2652 5075 2703 5114 c.
2737 5061 2790 5116 ι.

652 5116 821 5198 ῌ-ειρά
851 5119 945 5198 τῷ.
961 5122 1306 5198 Φιᾼαλῄθει.
1338 5125 1512 5198 Supra
1543 5147 1592 5185 c.
1630 5133 1684 5187 2.

502 5182 615 5266 (ἐξ)
644 5182 1005 5266 ,Ἐσφοιζᾷῃ
1032 5192 1118 5266 _Ita
1149 5182 1377 5251 Philost.
1407 5182 1877 5262 habetet—‘Euseb.
1906 5208 2004 5266 inf.

430 5266 483 5308 ο.
644 5255 927 5330 Ὲνκφοιτᾷν
959 5262 1227 5318 habebant
1256 5269 1408 5322 editi.

499 5323 613 5409 (ῇδι
646 5323 884 5409 ’ῌρέτοί
912 5331 1055 5409 Editi
1106 5333 1232 5389 οὔτε
1285 5339 1468 5409 ἤρετο.
1503 5339 1620 5397 Hoc
1663 5344 1787 5398 οὔτε
1822 5353 2003 5404 tamen

428 5396 788 5486 pmitteudum
815 5403 994 5486 putavi
1011 5416 1026 5464 ;
1045 5420 1209 5486 pam,_
1226 5417 1286 5486 ut
1307 5396 1541 5486 "taceam
1566 5396 1571 5397 ί
1590 5396 1999 5486 Philostrato-tn,

428 5462 625 5540 ipseng
647 5462 860 5540 omittit
892 5462 1324 5540 Eusebius'infq
1360 5462 1537 5537 «J56.

498 5532 613 5607 (27)
646 5535 903 5616 Ὠριτῶγ.
941 5542 1018 5616 Ita
1056 5543 1253 5601 Indica:
1280 5532 1471 5616 gent—is.
1496 5532 1694 5607 nomen
1744 5558 2002 5613 scriben—

426 5599 556 5698 dptn
593 5599 778 5698 monet
826 5599 1507 5698 S.tleplianus,Eu_§tat—hii_ts
1553 5623 2003 5698 ad_l_)ionysium,

428 5671 632 5770 aliique
675 5672 804 5770 [non
857 5671 1222 5770 Ὠρεηιτῶνίιι

438 5739 694 5813 Ὠρᾶίτήξ
718 5755 893 5803 autem
917 5739 1143 5808 ’ἐθνικδν
1173 5739 1291 5809 τοῦ
1310 5739 1515 5829 λιἱρέῶ

2117 5146 2232 5229 linea
2257 5147 2467 5229 insula.
2499 5149 2761 5208 Similiter
2785 5154 2930 5225 apud
2965 5153 3356 5213 Philostratum
3406 5169 3687 5229 peccatum

2115 5226 2218 5272 est.
2257 5218 2528 5275 HOLSTEN.

2164 5289 2300 5364 (Ξῖ)
2326 5291 2436 5344 Καὶ
2460 5292 2550 5364 τό.
2580 5291 2739 5364 Forte
2765 5294 3054 5364 legendum
3093 5296 3290 5350 καίτοι.
3310 5295 3472 5354 Εοιτ.

2156 5359 2297 5439 ,(⁸28)
2344 5363 2505 5416 Κατὰ
2554 5359 2903 5439 τὸν.λάέηῖἳῆ
2952 5383 3163 5437 συγ-πρ.
3206 5366 3415 5421 Dictum
3460 5370 3686 5439 είρωνι-

2110 5434 2244 5491 κῶς,
2275 5446 2467 5501 nempe
2483 5448 2582 5503 pro
2610 5434 2703 5487 tali
2736 5434 3126 5492 Philo'stratum
3160 5434 3683 5493 vendideratﬂiero.

2112 5499 2242 5578 ._*:_les,
2267 5499 2431 5570 supra
2456 5499 2504 5556 εἰ
2533 5504 2749 5578 tuMale
2779 5507 2943 5574 igitur
2973 5508 3230 5578 Acciolus
3261 5510 3372 5563 haec
3406 5511 3470 5563 ad
3501 5511 3680 5578 ipsum

2112 5566 2414 5623 Hieroclem
2470 5575 2747 5635 retulerat.
2773 5566 2827 5629 et
2874 5586 3063 5631 contra
3099 5576 3268 5631 Graeci
3314 5590 3493 5635 textus
3524 5566 3684 5633 iidem

2110 5646 2347 5693 verterat
2361 5661 2374 5696 :
2393 5641 2686 5698 Philaletlie
2699 5655 2876 5700 tamen
2901 5658 3140 5705 auctore.
3154 5650 3362 5703 nonnisi
3378 5660 3450 5705 tot
3482 5654 3684 5706 exhau-

2106 5710 2202 5762 stis
2233 5713 2498 5782 magistris
2525 5715 2838 5782 sapientiam
2871 5718 3141 5788 patefecit.
