4112 6426
349 351 453 410 853

851 468 1244 525 ΚΕΦΑΛΑῘΟΝ
1299 470 1424 522 KZ‘.

414 565 524 618 Kal.
556 564 749 637 πρῶτα
786 566 886 638 μὲν
910 604 926 628 ,
956 558 1043 618 οἷα
1062 563 1119 629 ἐξ
1153 562 1396 635 Ἀράϐων
1420 563 1533 644 (29)
1553 564 1647 617 xui.
1668 563 1769 634 τῆς
1795 565 1924 636 παρ’

344 656 526 720 αὐτοῖς
545 656 887 727 οἰωνιστικῆς
906 653 1222 727 ὁρμώμενος
1246 692 1262 717 ,
1290 654 1384 707 τὸν
1406 653 1660 726 στρουθὸν
1682 654 1711 707 ὃ
1737 671 1789 706 τι
1812 653 1928 724 βού-

346 748 488 803 λοιτο
507 789 521 813 ,
550 749 678 813 τοὺς
705 747 919 819 ἑτέρους
939 746 1033 800 ἐπὶ
1057 746 1264 819 τροφὴν
1293 747 1628 818 παρακαλῶν
1653 786 1667 810 ,
1692 748 1928 819 ἐφερμη-

343 843 490 895 νεύει
518 845 630 905 τοῖς
653 840 944 912 παροῦσινο
973 836 1088 893 εἶτα
1133 839 1190 892 δὲ
1211 880 1226 904 ,
1256 839 1444 912 λοιμοῦ
1477 839 1922 913 προαισθόμενος,

349 935 778 1006 προμαντεύεται
805 938 912 998 τοῖς
935 936 1197 1001 πολίταις.
1229 936 1339 1008 Τὴν
1358 936 1401 988 δ’
1419 937 1597 991 αἰτίαν
1624 936 1717 988 καὶ
1736 933 1924 988 τούτου

348 1030 408 1081 ὲν
435 1031 500 1100 τῇ
538 1029 670 1101 πρὸς
702 1028 1027 1099 Δομετιανὸν
1057 1029 1321 1100 ἀπολογίᾳ
1352 1027 1512 1092 αὐτὸς
1544 1026 1923 1099 παρατίθεται.

361 1120 647 1191 Ἐρομένου
662 1120 769 1190 γάρ
778 1137 860 1173 τοι
875 1121 1057 1186 αὐτὸν,
1077 1121 1271 1175 ὁπόθεν
1290 1120 1605 1193 ὁρμώμενος
1621 1119 1778 1174 τοῦτο
1795 1136 1928 1191 προ-

347 1209 509 1275 είποι,
539 1211 898 1284 «Λεπτοτέρᾳ,
922 1211 1047 1283 ἔφη,
1070 1212 1369 1284 χρώμενος,
1396 1206 1440 1265 ὦ
1460 1210 1701 1283 βασιλεῦ,
1721 1211 1921 1286 διαίτῃ,

343 1301 559 1379 πρῶτος
588 1301 681 1355 τοῦ
739 1302 912 1357 δεινοῦ
962 1304 1210 1376 ᾐσθόμην
1233 1322 1248 1335 ο
1288 1324 1306 1356 ι
1356 1305 1448 1358 καὶ
1476 1303 1657 1375 τρίτον
1696 1303 1740 1356 δ’
1774 1303 1924 1374 αὐτῷ

345 1391 527 1463 θαῦμα
564 1393 784 1462 γεγονὸς
825 1396 1027 1467 ἱστορεῖ
1048 1435 1063 1460 ,
1102 1395 1177 1459 ὡς
1208 1395 1272 1468 δὴ
1306 1395 1667 1466 ἀλεξήσαντος
1696 1395 1789 1449 τὸν
1821 1395 1925 1450 λοι-

347 1483 445 1555 μόν
494 1485 622 1556 (50).
676 1487 851 1559 Ὅπερ
902 1489 952 1540 εἰ
996 1487 1064 1541 τὰ
1106 1488 1338 1559 μάλιστα
1380 1489 1438 1541 ὲν
1481 1489 1602 1551 ταῖς
1652 1487 1744 1540 ἐπὶ
1779 1487 1923 1541 τέλει

338 1578 459 1632 κατ’
501 1577 666 1632 αὐτοῦ
721 1579 1075 1651 κατηγορίαις
1104 1580 1166 1632 ού
1197 1578 1442 1633 τέθεικεν
1484 1580 1513 1632 ὁ
1548 1578 1920 1651 συγγραφεὺς,

337 1667 422 1721 ὅτι
450 1666 524 1740 μὴ
557 1670 758 1741 παρῆν,
793 1671 869 1734 ὼς
897 1670 1064 1735 εἰκὸς,
1099 1669 1247 1741 αὐτῷ
1278 1669 1349 1724 δι’
1383 1669 1680 1741 ἀπολογίας
1721 1666 1925 1725 άπολύ-

340 1759 534 1813 σασθαι
560 1758 669 1830 (51)
695 1760 757 1813 τὸ
788 1759 954 1832 ἐγκλη
964 1778 1058 1832 μα,
1077 1761 1209 1833 φέρε
1235 1760 1299 1831 δὴ
1329 1756 1420 1814 οὖν
1454 1761 1623 1831 ὅμως,
1646 1761 1799 1814 αὐτοὶ
1822 1760 1923 1831 τὴν

1476 349 1676 404 LIBER
1713 349 1993 406 CONTRA
2032 347 2457 407 HIEROCLEM.

1943 478 1991 536 Α

3476 350 3603 409 '836

2558 466 2791 525 CAPUT
2827 467 3043 527 XXVII.

2097 560 2177 615 Ac
2199 561 2380 632 primo
2406 561 2628 632 quidem
2656 561 2720 629 “,
2744 562 2913 617 veluti
2947 562 3016 617 ab
3043 561 3399 619 Arabibus'et
3430 576 3602 633 angu-

2027 653 2129 707 rali
2154 668 2343 709 eorum
2374 655 2562 709 schola
2593 653 2918 720 adventans,
2949 656 3305 727 passerculus
3334 654 3467 726 quid
3494 655 3599 711 sibi

2025 745 2209 812 vellet,
2253 745 2323 800 ad
2373 757 2592 816 pastum
2625 752 2852 802 caeteros
2883 747 2979 817 qui
3013 748 3301 812 invitabat,
3330 747 3598 802 auditori-

2024 836 2131 892 bus
2166 837 2577 908 interpretatur.
2608 836 2747 894 Tum
2773 839 2817 872 "
2847 848 3192 910 appetentem
3227 838 3597 910 pestilentiam

2028 937 2156 984 ante
2180 931 2441 993 sentiens,
2498 930 2713 986 civibus
2743 931 2891 985 illam
2924 933 3194 1001 praedicit.
3246 931 3489 1001 Ejusque
3519 928 3599 985 rei

2022 1021 2292 1076 rationem
2343 1022 2483 1091 apud
2540 1020 2913 1077 Domitianum
2962 1025 3078 1093 ipse
3140 1039 3356 1094 quoque
3406 1021 3595 1079 edidit.

2024 1112 2272 1184 Rogante
2324 1114 2468 1167 enim
2538 1128 2666 1168 eum
2726 1112 3057 1177 Domitiano,
3119 1129 3231 1185 quo
3286 1112 3340 1169 id
3397 1111 3597 1184 praedi-

2025 1204 2199 1260 xisset
2253 1204 2540 1269 instinctu,
2597 1222 2618 1256 ι
2679 1202 2880 1269 Diaeta,
2933 1204 3129 1274 inquit,
3181 1220 3216 1259 ο
3267 1204 3594 1275 imperator,

2023 1299 2202 1368 magis
2272 1297 2431 1353 tenui
2495 1312 2673 1362 usus,
2742 1297 2954 1368 primus
3022 1298 3268 1351 omnium
3346 1295 3596 1367 persensi

2023 1394 2249 1446 malum.
2316 1409 2336 1442 ι
2408 1389 2654 1446 Tertium
2712 1389 2843 1446 inde
2914 1398 3257 1460 patratorum
3317 1391 3369 1447 ei
3424 1391 3596 1447 mira-

2022 1483 2272 1537 culorum
2328 1484 2552 1553 exponit
2620 1483 2710 1547 “,
2774 1489 2835 1538 ut
2896 1490 3106 1553 pestem
3178 1498 3372 1552 nempe
3426 1483 3597 1556 depu-

2022 1575 2166 1630 lerit.
2190 1574 2343 1640 Quod
2377 1576 2596 1631 tametsi
2617 1591 2741 1632 cum
2762 1576 2995 1631 maxime
3016 1576 3253 1645 scriptor
3278 1575 3334 1630 in
3361 1576 3449 1640 iis,
3474 1593 3597 1648 qua:

2023 1666 2128 1722 sub
2166 1666 2328 1722 ﬁnem
2371 1667 2666 1733 habentur,
2719 1668 3165 1724 accusationibus
3202 1682 3313 1723 non
3356 1682 3598 1724 comme-

2020 1759 2338 1821 moraverit,
2388 1759 2671 1829 quoniam,
2709 1768 2770 1814 ut
2824 1759 3143 1815 verosimile
3180 1767 3288 1826 est,
3342 1760 3596 1831 apologia

337 1852 579 1925 ἱστορίαν
609 1854 667 1917 ἐς
701 1854 933 1927 φανερὸν
966 1852 1314 1924 ὑποθῶμεθα,
1344 1853 1485 1907 οὕτω
1509 1852 1573 1925 δὴ
1608 1854 1700 1907 καὶ
1723 1853 1912 1924 ταύτηκ

2027 1851 2160 1909 illud
2191 1852 2402 1908 crimen
2446 1866 2560 1907 non
2596 1860 2811 1923 poterat
2838 1849 3085 1917 diluere;
3121 1850 3482 1908 nihilominus
3513 1861 3597 1907 ta-

342 1944 673 2008 εὐθύνοντες.
712 1945 779 1998 Ei’
822 1963 928 2000 τινι
980 1944 1090 2017 γὰρ
1137 1946 1239 1999 οὐκ
1283 1944 1349 1999 ἂν
1396 1945 1481 2017 εἴη
1521 1945 1708 2015 σαφὲς,
1744 1945 1924 2020 ὁτιδὴ

338 2034 472 2089 πολὺ
500 2036 563 2089 τὸ
595 2035 838 2106 πλάσμα,
868 2037 962 2090 καὶ
994 2035 1291 2107 ἀπατηλὸν,
1319 2037 1577 2107 γοητείας
1606 2053 1667 2089 τε
1692 2036 1767 2101 ὡς
1792 2035 1924 2109 άλη-

336 2126 444 2192 θῶς
464 2127 715 2200 ἔμπλεον,
731 2128 892 2192 αὐτὸς
921 2130 951 2182 ὁ
978 2128 1176 2201 τρόπος
1201 2128 1494 2200 ἀπελέγχει
1520 2129 1622 2199 τῆς
1652 2131 1918 2202 ἱστορίας.

335 2219 440 2272 Τὸν
465 2219 573 2291 γάρ
595 2236 676 2272 τοι
706 2219 894 2292 λοιμὸν
928 2220 1239 2275 ὑποτίθεται
1264 2222 1323 2275 ὲν
1354 2221 1483 2275 εἴδει
1516 2220 1908 2292 πτωχεύοντος,

335 2310 427 2366 κα)⁸
472 2311 694 2384 ῥάκεσιν
739 2314 1120 2384 ἠμφιεσμένον
1171 2312 1479 2385 πρεσϐύτου
1515 2313 1708 2386 ἀνδρὸς
1739 2315 1917 2387 ἑωρᾶ-

336 2403 485 2457 σθαι’
524 2404 584 2457 ὃν
616 2403 934 2458 καταλεύειν
982 2404 1476 2477 ἐπικελευσαμένου
1516 2405 1609 2458 τοῦ
1644 2405 1917 2459 Ἀπολλωη

333 2489 466 2553 νίου,
501 2491 762 2562 πρότερον
798 2492 896 2563 μὲν
929 2492 1041 2566 πῦρ
1082 2492 1297 2564 βάλλειν
1326 2493 1437 2547 τῶν
1469 2494 1786 2566 ὀφθαλμῶν,
1815 2491 1916 2548 εἶθ’

334 2580 558 2652 ὕστερον
608 2581 872 2655 βληθέντα
896 2582 1083 2649 λίθοις,
1121 2584 1255 2638 κύνα
1309 2586 1786 2658 συντετριμμένον,
1821 2586 1916 2640 καὶ

334 2675 722 2748 παραπτύοντα
764 2676 955 2749 ἀφρὸν,
988 2678 1064 2741 ὡς
1091 2680 1139 2731 οἱ
1173 2678 1491 2744 λυττῶντες,
1527 2679 1800 2750 φανῆναι·
1836 2681 1914 2732 εί-

335 2764 562 2837 ρηκέναι
592 2765 636 2819 δ’
667 2766 828 2820 αὑτὸν
862 2767 991 2841 περὶ
1022 2766 1214 2821 τούτου
1263 2768 1355 2822 καί¹
1386 2770 1444 2822 ὲν
1476 2771 1544 2840 τῇ
1585 2769 1721 2842 πρὸς
1753 2769 1910 2822 αὐτο·

2025 1960 2148 2001 men
2178 1960 2304 2008 nos,
2333 1959 2456 2015 age,
2486 1944 2648 1999 istam
2692 1944 2978 2000 historiam
3014 1944 3071 1998 in
3110 1945 3286 2001 lucem
3321 1948 3594 2017 produca-

2022 2047 2166 2095 mus,
2189 2047 2309 2087 eam
2338 2046 2558 2103 quoque
2587 2031 2663 2085 ita
2691 2032 3076 2089 examinaturi.
3106 2031 3164 2088 Si
3192 2034 3282 2089 cui
3314 2037 3459 2091 enim
3491 2036 3595 2093 mi.

2019 2137 2127 2177 nus
2161 2123 2300 2179 alias
2332 2131 2609 2180 constaret
2638 2123 2868 2194 liquido,
2898 2125 3137 2193 spissum
3160 2123 3264 2181 hoc
3288 2142 3413 2184 esse
3439 2144 3595 2184 men-

2027 2216 2333 2281 dacium,et
2364 2216 2571 2287 magica
2607 2231 2790 2271 revera
2820 2214 2983 2286 528
3005 2218 3389 2287 superstitione
3422 2217 3590 2273 refer-

2029 2317 2165 2371 tum,
2189 2309 2304 2377 ipsa
2326 2309 2652 2364 narrationis
2681 2308 2820 2363 ratio
2845 2309 2897 2362 id
2929 2318 3072 2365 esset
3098 2309 3357 2365 evictura.
3379 2307 3587 2364 Pestem

2027 2401 2173 2456 enim
2198 2399 2387 2454 statuit
2419 2401 2676 2466 mendici,
2712 2400 3013 2471 pannisque
3053 2401 3244 2455 laceris
3287 2400 3461 2455 induti
3503 2417 3591 2455 se-

2030 2493 2118 2547 nis
2163 2492 2349 2547 habitu
2396 2493 2731 2562 apparuisse.
2768 2492 2937 2558 Quem
2961 2508 3084 2548 cum
3124 2492 3390 2562 lapidibus
3432 2490 3587 2545 obrui

2008 2578 2271 2650 jussisset
2293 2580 2638 2651 Apollonius,
2675 2580 2911 2651 primum
2936 2580 3013 2635 ait
3042 2577 3314 2633 ﬂammam
3338 2579 3591 2634 emisisse

2013 2673 2189 2727 oculis
2218 2692 2230 2727 :
2260 2680 2374 2726 tum
2404 2687 2536 2727 vero
2565 2672 2837 2743 lapidibus
2881 2673 3135 2727 obrutum
3186 2688 3379 2728 canem
3413 2673 3587 2728 obtri-

2011 2773 2125 2819 tum
2148 2771 2202 2819 et
2228 2780 2322 2820 ore
2356 2773 2724 2834 spumantem,
2755 2763 3068 2818 rabidorum
3101 2779 3273 2828 more,
3304 2766 3590 2835 apparuis-

333 2854 575 2928 γράτορα
626 2856 948 2925 Δομετιανὸν
999 2855 1264 2928 ἀπολογίᾳ
1301 2856 1475 2911 ταῦτα
1508 2858 1729 2930 γράφει·
1773 2878 1791 2908 ι
1838 2857 1912 2910 Τὸ

2013 2869 2092 2911 se.
2124 2852 2307 2924 Ipsum
2358 2861 2540 2908 autem
2586 2853 2655 2909 de
2689 2866 2754 2908 eo
2778 2854 2942 2907 etiam
2987 2854 3360 2924 Apollonium.
3397 2858 3454 2911 in
3487 2872 3587 2912 sua

334 2946 442 3018 γὰρ
471 2947 660 3019 λοιμοῦ
694 2944 854 3012 εἶδος,
892 2947 1113 3019 πτωχῷ,
1152 2942 1253 3003 ὧδε
1283 2951 1554 3021 ἀγείροντι
1589 2949 1721 3021 (52),
1757 2948 1911 3003 εἴκαη

2013 2946 2077 3002 ad
2109 2945 2476 3001 Domitianum
2508 2947 2893 3017 imperatorem
2942 2947 3214 3017 apologia,
3240 2947 3315 3001 ita
3343 2949 3587 3004 locutum

335 3055 429 3095 στο
446 3056 460 3070 θ
512 3040 606 3095 καὶ
654 3036 814 3105 εἶδον,
845 3040 939 3094 καὶ¹
994 3040 1136 3104 ίδὼν,
1172 3037 1334 3119 εἷλον,
1370 3043 1431 3095 οὐ
1487 3041 1700 3105 παύσας
1732 3041 1905 3105 νόσον,

2013 3054 2131 3095 esse
2161 3039 2355 3095 scribit
2383 3057 2399 3093 :
2441 3056 2460 3089 ι
2495 3036 2831 3093 Pestilentia:
2856 3038 3001 3093 enim
3031 3036 3203 3093 forma
3232 3039 3505 3103 mendico,
3522 3055 3591 3094 eo

328 3130 445 3186 ἀλλ’
493 3131 706 3200 ἐξελών.
752 3154 770 3187 ι
809 3136 905 3197 Τίς
936 3134 1001 3205 δὴ
1035 3129 1128 3189 οὖν
1160 3134 1252 3189 ἐπὶ
1278 3134 1492 3198 τούτοις
1540 3136 1601 3188 οὐ
1638 3135 1781 3206 μέγα
1808 3133 1908 3205 τὴν

2013 3131 2199 3186 habitu
2234 3129 2687 3202 circumvaganti,
2717 3130 3159 3186 assimilabatur:
3191 3145 3423 3202 eamque
3454 3131 3586 3197 vidi,

328 3223 423 3279 τοῦ
455 3224 855 3297 θαυματοποιοῦ
883 3228 1172 3297 γελάσεται
1213 3225 1705 3299 παραδοξοποιίαν;
1749 3224 1910 3290 ζώων

2013 3225 2295 3296 visamque
2337 3224 2466 3289 vici,
2494 3239 2603 3279 non
2651 3232 2713 3278 ut
2759 3231 3002 3279 cessaret
3047 3223 3165 3279 lues
3203 3222 3460 3288 eﬂiciens,
3490 3226 3588 3281 sed

328 3317 646 3389 ὀφθαλμοῖς,
679 3320 773 3374 καὶ
800 3319 964 3373 λίθων
993 3319 1366 3375 ὑποπίπτοντα
1401 3319 1602 3391 βολαῖς,
1632 3316 1910 3390 ξυντριϐό-

2013 3318 2168 3388 plane
2198 3333 2229 3372 e
2246 3316 2425 3372 medio
2447 3330 2569 3370 eam
2599 3315 2816 3370 tollens.
2842 3333 2860 3367 ι
2879 3314 3018 3381 Quis
3038 3330 3191 3381 vero,
3213 3315 3346 3370 talia
3380 3316 3588 3387 legens,

333 3408 492 3473 μενόν
523 3426 583 3462 τε
618 3409 754 3482 πρὸς
800 3408 1120 3479 ἀνθρώπων,
1157 3412 1250 3484 καὶ
1281 3411 1453 3482 ἀφρὸν
1494 3410 1908 3483 παραπτύοντα,

331 3500 431 3570 τὴν
477 3500 572 3554 τοῦ
626 3502 814 3570 λοιμοῦ
864 3504 1023 3572 φύσιν
1070 3504 1303 3568 ἀκούων,
1332 3505 1407 3568 ὡς
1439 3505 1548 3558 οὐδ’
1591 3503 1705 3559 ἄλλ’
1732 3504 1912 3560 ὁτιοῦν

331 3591 587 3661 υγχάνει
627 3592 660 3663 ἢ
706 3592 901 3666 φθορά,
957 3596 1052 3649 καὶ
1103 3594 1344 3658 κάκωσις
1370 3595 1575 3666 ,ἀέρος,
1609 3598 1702 3650 ἐπὶ
1734 3597 1797 3651 τὸ
1823 3614 1911 3650 νο-

328 3678 498 3745 σῶδες
544 3686 896 3755 τρεπομένου,
941 3686 1037 3740 τοῦ
1070 3686 1431 3760 περιέχοντος,
1468 3688 1531 3739 ὲκ
1561 3686 1810 3760 πονηρῶν
1840 3705 1903 3742 τε

331 3776 425 3828 καὶ
472 3776 689 3846 φαύλων
729 3780 1165 3852 ἀναθυμιάσεων,
1251 3778 1404 3848 λόγος
1435 3778 1677 3850 ἰατρικὸς
1721 3796 1903 3851 παρα-

329 3866 531 3934 δίδωσι,
571 3870 982 3943 ξυνισταμένου.
1029 3872 1139 3927 Καὶ
1180 3871 1353 3935 ἄλλως
1383 3870 1560 3942 (55)δ’
1594 3871 1660 3925 ἂν
1698 3871 1761 3926 τὸ
1805 3873 1911 3943 φάο

330 3982 442 4035 σμα
471 3967 581 4039 (54)
608 3963 959 4037 διευθυνθείη,
980 3964 1210 4036 ἐπείπερ
1241 3960 1378 4037 μόνῃ
1409 3966 1479 4035 τῇ
1510 3962 1618 4017 τῶν
1648 3964 1908 4033 Ἐφεσίων

327 4061 502 4125 πόλει,
532 4059 645 4114 ἀλλ’
677 4058 798 4131 οὐχὶ
826 4057 918 4112 καὶ
947 4060 1062 4121 τοῖς
1091 4057 1310 4128 ὁμόροις
1330 4056 1421 4110 τὸν
1455 4054 1641 4127 λοιμὸν
1675 4057 1905 4128 ἐπισκῆ-

326 4149 424 4222 ψαί
483 4166 647 4221 φησιν
692 4152 721 4203 ὁ
770 4149 924 4218 λόγος
946 4165 960 4178 ·
995 4149 1131 4219 ὅπερ
1161 4149 1269 4202 οὐκ
1294 4146 1362 4201 ἂν
1398 4147 1631 4216 γεγόνοι,
1659 4148 1902 4202 κάκωσιν

325 4242 420 4299 τοῦ
452 4243 799 4317 περιέχοντος
853 4239 1179 4304 πεπονθότος
1198 4256 1211 4270 ·
1246 4240 1307 4292 οὐ
1350 4240 1459 4309 γάρ
1500 4239 1585 4311 δὴ,
1613 4238 1904 4293 κατακλει-

329 4334 474 4401 σθὲν,
494 4336 642 4408 μόνῳ
669 4335 738 4391 ἂν
752 4334 1052 4408 ὲφήδρευσε
1080 4332 1159 4405 τῷ
1175 4331 1303 4403 περὶ
1320 4332 1420 4404 τὴν
1436 4332 1668 4401 Ἔφεσον
1698 4331 1822 4403 άέρι
1842 4331 1904 4384 τὸ

327 4426 558 4499 νόσημα.
1218 4432 1227 4441 ⁸

2006 3409 2425 3480 praestigiatoris
2464 3423 2664 3478 magno
2701 3407 2820 3463 risu
2873 3422 2985 3463 non
3027 3409 3268 3478 excipiat
3299 3409 3591 3478 portenta?

2012 3499 2366 3575 [monstrum]
2405 3500 2583 3555 oculis
2629 3499 2951 3566 viventium,
2996 3505 3053 3555 et
3111 3498 3385 3570 lapidibus
3438 3500 3493 3555 in
3530 3516 3591 3556 se

1996 3592 2275 3662 .conjeclis
2303 3591 2623 3653 obnoxium,
2656 3590 2725 3644 ab
2770 3590 3087 3646 hominibus
3130 3605 3263 3645 vero
3294 3590 3585 3652 obtritum,

2012 3694 2068 3739 et
2111 3698 2207 3737 ore
2252 3696 2512 3752 spumans
2548 3699 2560 3734 :
2595 3680 2765 3749 pestis
2823 3688 3077 3735 naturam
3113 3682 3204 3752 qui
3239 3682 3400 3747 sciat,
3437 3683 3588 3752 qupd

2015 3775 2159 3836 aliud
2212 3781 2285 3836 sit
2331 3778 2467 3834 nihil
2501 3794 2666 3848 quam
2725 3778 3035 3848 corruptela
3085 3784 3142 3832 et
3168 3775 3363 3831 vitium
3418 3774 3585 3839 aeris,

2015 3882 2229 3929 nosmet
2254 3871 2569 3933 ambientis,
2595 3878 2759 3940 atque
2787 3872 2842 3925 in
2876 3869 3098 3923 noxium
3136 3866 3280 3922 versi
3313 3860 3583 3927 babitum‘,

2017 3971 2072 4018 et
2103 3960 2354 4031 malignis
2382 3975 2446 4015 ac
2477 3959 2788 4029 depravatis
2823 3958 3283 4022 exhalationibus,
3316 3965 3374 4011 nt
3408 3954 3586 4010 inedi~

2016 4068 2208 4110 eorum
2254 4053 2418 4109 tradit
2473 4051 2745 4115 doctrina,
2781 4050 3083 4120 inspissati.
3131 4047 3246 4103 lmo
3295 4053 3351 4103 et
3398 4044 3584 4101 habita

2009 4154 2327 4202 ceterarum
2375 4143 2915 4200 circumstantiarum
2946 4140 3160 4196 ratione
3200 4140 3370 4194 hocce
3396 4136 3584 4207 explo-

2010 4239 2141 4295 dere
2191 4238 2352 4293 liceat
2402 4243 2701 4308 spectrum,
2745 4233 3002 4304 quoniam
3049 4245 3245 4300 nempe
3305 4229 3407 4287 soli
3460 4229 3583 4283 urbi

2011 4327 2278 4399 Ephesia,
2307 4342 2418 4382 non
2456 4341 2586 4382 vero
2632 4324 2882 4380 ﬁnitimis
2913 4323 3080 4378 etiam
3116 4328 3326 4392 pestem
3363 4332 3581 4390 gravem

2012 4419 2333 4477 incubuisse
2361 4426 2550 4473 narrat
2593 4418 2772 4474 oratio
2805 4433 2820 4470 :
2856 4416 3000 4486 quod
3028 4414 3231 4469 factum
3258 4420 3407 4468 certe
3437 4410 3581 4466 haud

328 4529 494 4581 esset,
523 4518 571 4574 si
605 4518 795 4574 vitium
846 4520 917 4574 ab
963 4533 1090 4574 aere
1152 4516 1431 4572 ambiente
1473 4512 1676 4571 fuisset
1731 4522 2124 4571 contractum:
2160 4512 2386 4569 minime
2449 4511 2620 4576 enim,
2674 4509 2945 4580 angustiis
2999 4508 3332 4571 conclusus,
3401 4505 3581 4562 solum

329 4609 620 4683 Ephesium
654 4626 832 4668 aerem
862 4614 1090 4669 morbus
1118 4610 1374 4667 obsidere
1400 4610 1692 4682 potuisset.

399 4706 448 4741 “
487 4707 585 4764 lib.
615 4724 700 4772 tv,
733 4723 782 4762 c.
814 4708 869 4765 3.

401 4798 514 4870 (29)
548 4795 653 4853 Οἴα
690 4799 758 4864 ἐξ
800 4798 1077 4867 Ἀράϐων.
1111 4800 1316 4868 Nempe
1346 4794 1652 4856 doctissimi
1688 4795 1766 4850 illi
1800 4795 1899 4919 τῇς
1930 4804 1974 4858 D

401 4871 667 4919 υνιστικῆς
699 4870 964 4919 magistri.
996 4868 1131 4919 Vide
1163 4878 1408 4919 nostrum
1444 4882 1609 4919 sunra
1641 4881 1762 4919 cao.
1805 4866 1827 4919 1
1877 4903 1892 4918 .

328 4868 667 4941 οἰωνιστικῆς
699 4870 964 4941 magistri.
996 4868 1143 4941 Vide,
1163 4878 1408 4941 nostrum
1441 4882 1609 4941 supra
1641 4881 1762 4936 cap.

408 4941 518 5009 (30)
556 4937 810 5010 Λὸιμόνξ
840 4939 1043 4994 Vitium
1088 4940 1295 4995 Aldina:
1324 4937 1607 5010 editionis,
1645 4951 1766 5007 quae
1799 4937 1897 4988 ba-

328 5008 490 5066 bebat
540 5008 814 5081 λογισμόν,
891 5010 1273 5081 Morellianam
1309 5023 1526 5081 quoque
1566 5008 1892 5081 _invaser_at,

327 5076 710 5155 quamvis'vei
758 5081 962 5135 Accioli
990 5082 1195 5155 _versio
1225 5076 1508 5155 Morellu'm
1548 5076 1615 5132 de
1646 5091 1780 5155 vc_ra_
1803 5077 1895 5130 le-

328 5146 510 5207 ctione
537 5154 828 5207 admonere
852 5151 1138 5220 potuisset.
1178 5151 1234 5205 In
1265 5147 1620 5206 Holsteniana
1653 5146 1894 5202 editione

326 5225 583 5278 mendum
611 5223 754 5277 istud
786 5223 1057 5277 sublatum
1084 5221 1338 5276 observo.

401 5294 674 5366 (5I)_:'0tt
703 5292 789 5362 μὴ
823 5306 962 5366 παρ.
1101 5296 1209 5346 stac.
1246 5293 1379 5366 αὐτ.
1404 5289 1501 5366 ὁι⁹
1530 5290 1724 5366 duo};
1751 5287 1899 5366 ἀπο-

324 5357 719 5420 λύὶγᾏΝρεείό
755 5357 824 5417 an
868 5357 1161 5418 Eusebium
1212 5363 1354 5415 ratio
1404 5360 1492 5415 hic
1539 5375 1650 5414 non
1701 5357 1892 5426 fugiat.

327 5438 461 5491 Cum
493 5438 659 5498 enim,
697 5436 839 5504 quod
878 5434 994 5504 ipsc
1025 5433 1185 5503 paulo
1211 5440 1334 5504 post
1362 5432 1638 5504 observat.
1676 5428 1896 5504 Apollo-

325 5512 452 5562 nius
504 5506 645 5576 apud
696 5499 1311 5576 Dom.tiannmgea'de
1362 5517 1420 5576 re
1468 5500 1680 5576 prolixe
1715 5499 1895 5576 egisse

326 5569 598 5641 narretur,
648 5578 834 5631 nescio
882 5592 948 5628 an
983 5574 1315 5628 Philostrato
1366 5569 1483 5628 ista'
1515 5569 1683 5626 tribui
1719 5570 1896 5641 possit

325 5639 717 5717 praavaricatio.
744 5647 878 5702 Vide
933 5647 1040 5699 huc
1072 5646 1395 5716 spectantia,
1459 5643 1554 5698 lib.
1597 5639 1803 5705 vin,'c.
1840 5639 1891 5705 7,

760 5782 875 5842 ὦδε
925 5786 1234 5857 ἀγείροντι.
1270 5782 1587 5859 Holstenius
1614 5796 1680 5836 ex
1707 5780 1894 5835 Philo-

946 4707 992 4742 ⁸⁸
1032 4707 1127 4763 lib.
1164 4722 1254 4771 Ir,
1287 4721 1337 4762 e.
1371 4702 1428 4758 4.
1507 4703 1554 4735 ⁸⁸
1595 4702 1691 4757 lib.
1726 4717 1825 4766 ιιι,
1854 4717 1907 4756 c.
1949 4698 2039 4753 {0.

2001 4785 2106 4845 ὧδε
2151 4786 2385 4858 γέροντι,
2430 4785 2523 4842 sed
2572 4781 3093 4858 ροιὶιιεπτωχῷ
3124 4780 3580 4858 γέροντι-Ιεείιιιτ

2003 4859 2146 4931 apud
2163 4850 2589 4931 'Pbilostratum:
2623 4854 2738 4931 Nec
2768 4856 2822 4908 in
2869 4850 3094 4931 proclivi
3126 4850 3308 4931 est‘ea
3346 4850 3577 4931 lectione

2001 4919 2281 4986 obtinente
2314 4926 2637 4998 particulam
2673 4919 2773 4979 ὧδε
2803 4919 3086 4980 coinmode
3109 4922 3411 4998 grplicare.

1999 5017 2066 5056 ex
2097 4990 2332 5053 Eusebio
2365 4997 2777 5060 Philostratum,
2810 5010 2973 5065 quam
3007 5010 3074 5065 ex
3104 4990 3437 5047 Philostrato
3465 4990 3574 5046 Ett-

2000 5072 2210 5129 sehium
2243 5070 2350 5123 isto
2383 5069 2500 5122 loco
2535 5068 2715 5121 malim
2740 5064 3041 5122 emendari.

2072 5142 2184 5211 (55)
2219 5139 2329 5193 Καὶ
2353 5136 2573 5203 ἄλλως.
2609 5137 2672 5211 ιι.
2705 5153 2756 5192 e.
2786 5138 2918 5211 licet
2951 5148 3077 5189 vero
3113 5132 3275 5211 etiam
3306 5131 3569 5187 conceda-

1998 5202 2089 5267 tur
2117 5202 2353 5264 fabulam
2386 5225 2509 5264 esse
2532 5202 2737 5263 tradita
2769 5207 2837 5261 de
2860 5213 3012 5275 peste
3042 5204 3190 5259 senis
3224 5202 3398 5257 forma
3421 5217 3545 5275 con

1999 5284 2211 5353 spicua,
2242 5289 2296 5336 et
2325 5288 2519 5353 caetera
2558 5296 2624 5333 eo
2658 5270 2983 5353 pertinentia
3032 5281 3362 5353 nugamenta
3414 5270 3575 5328 fabu~

1996 5343 2113 5409 losa
2140 5368 2295 5418 esse;
2318 5365 2417 5404 nec
2440 5350 2521 5404 sic
2550 5343 2729 5402 tam'en
2753 5343 3392 5418 etiamacquiescendum
3409 5359 3424 5409 ;
3444 5359 3571 5398 nam

1996 5425 2220 5479 omnino
2261 5414 2467 5492 pestem
2514 5419 2826 5493 Ephesiam,
2857 5414 3184 5493 etiam'.siii_e
3210 5414 3353 5493 _i_stis
3399 5429 3572 5482 nuga-

1997 5496 2194 5550 mentis
2218 5484 2538 5562 spectatam,
2559 5484 2662 5544 ’καὶ
2685 5488 2879 5562 άλλως,
2904 5484 3116 5539 ratione
3139 5484 3318 5562 habita
3348 5493 3574 5562 caetera-

1995 5580 2115 5620 rum
2143 5554 2703 5622 circ-iiunstantiarum,
2729 5558 3033 5612 fabulosam
3066 5571 3188 5612 esse
3214 5554 3568 5624 deprehendi.

2072 5636 2186 5707 (34)
2220 5632 2452 5707 φάσμα.
2487 5630 2813 5707 Φάσμαῂορ
2844 5629 2964 5681 loco
3007 5622 3572 5707 nil_al_iud‘sigi_i-i_licat

1999 5695 2180 5776 quam'
2217 5695 2398 5776 fucujn
2448 5695 2624 5776 oculis
2649 5701 2980 5776 obstipa_t_u_m
3016 5718 3029 5751 :
3063 5697 3144 5776 sic
3167 5696 3357 5776 .inf._c.
3383 5696 3476 5751 55.
3491 5695 3570 5776 με

1996 5762 2186 5832 eadem
2221 5790 2299 5839 re,
2332 5773 2451 5825 Ὀτι
2474 5771 2662 5842 φάσμα
2691 5762 2969 5825 καὶόὐδέν
2997 5784 3050 5821 τι
3082 5765 3242 5823 πλέον
3272 5762 3570 5841 ἦν,προδε-

321 5846 519 5927 strato,
567 5846 931 5933 68:"7épovrt,
960 5846 1247 5930 legendum
1279 5864 1455 5936 putat.
1483 5855 1556 5912 At
1585 5867 1765 5925 neque
1792 5867 1886 5907 πτ.

2013 5846 2250 5922 ῑήλωται.
