4112 6444
527 325 638 384 835

1049 435 1276 493 CAPUT
1317 435 1552 492 XXVIII.

597 561 782 628 Quarti
829 555 1080 612 miraculi
1115 554 1237 607 loco
1266 553 1492 606 Achillis
1523 551 1775 621 producit
1807 565 1995 604 manes
2023 549 2089 614 "',

529 655 758 726 primum
800 649 1020 723 quidem
1074 649 1131 703 in
1177 648 1459 718 chlamyde
1513 645 1754 716 quinque
1803 642 2092 706 cubitales,

529 745 651 800 inde
683 742 970 798 duedecim
1027 740 1337 794 cubitorum
1392 733 1766 805 magnitudine
1817 732 1885 785 ad
1909 729 2093 800 sepul-

527 851 678 892 crum
735 833 908 904 ipsius
939 831 1224 902 Apollonio
1273 834 1618 896 conspectos,
1645 832 1697 880 et
1719 823 1786 878 de
1817 821 2094 876 Thessalis

525 932 941 996 Conquerentes,
976 921 1123 992 quod
1154 921 1256 976 sibi
1282 919 1528 981 inferias,
1561 923 1621 970 ut
1669 929 1820 970 more
1861 921 1980 968 erat
2007 928 2093 966 re-

524 1029 763 1088 ceptum,
795 1031 904 1070 non
935 1015 1207 1068 solverent
1238 1031 1250 1066 :
1280 1011 1534 1080 Trojanis
1588 1019 1848 1079 praeterea
1899 1007 2088 1070 iratos,

523 1112 593 1166 ob
623 1126 684 1166 ea
717 1125 837 1180 quze
887 1109 942 1162 in
992 1123 1114 1162 eum
1147 1105 1546 1175 peccavissent,
1581 1114 1742 1172 atque
1783 1098 2089 1170 Apollonio,

523 1212 583 1258 ut
611 1187 849 1272 quinque
873 1206 1197 1272 proponeret
1217 1197 1567 1267 qmesliones,
1602 1211 1742 1264 quas
1765 1195 1924 1248 vellet
1954 1192 2090 1261 ipse,

522 1307 576 1352 et
610 1295 793 1350 Parcae
855 1292 1080 1364 proponi
1139 1297 1472 1361 paterentur,
1523 1287 1919 1357 permittentes.
1965 1280 2094 1336 Inde

523 1391 606 1445 vir
627 1389 735 1452 ille,
769 1403 951 1441 rerum
985 1384 1228 1440 omnium
1270 1382 1466 1442 solers,
1491 1389 1546 1434 et
1573 1378 1752 1432 futura
1783 1385 1942 1431 antea
1987 1374 2092 1430 sibi

522 1483 868 1537 innotescere
915 1477 1206 1548 gloriatus,
1239 1473 1419 1528 adhuc
1447 1472 1575 1524 dum
1615 1471 1849 1541 ignorat,
1875 1468 2094 1521 funera-

525 1581 684 1628 tusne
727 1572 978 1642 sepulcro
1006 1570 1243 1624 Achilles
1302 1567 1482 1628 fuerit,
1508 1562 1870 1633 Musaqueilli
1893 1576 1957 1614 ac
1988 1558 2095 1614 Ne-

521 1666 703 1722 reides
757 1681 825 1719 an
876 1665 1113 1718 lamenta
1165 1659 1528 1730 profuderint,
1562 1657 1738 1726 deque
1795 1656 1880 1710 his
1941 1655 2093 1709 illum

523 1757 688 1812 rebus
712 1761 1136 1825 percunctatur:
1167 1766 1344 1820 neque
1399 1749 1582 1802 minus
1618 1763 1688 1801 an
1726 1745 1995 1817 Polyxena
2024 1745 2090 1797 il-

1161 297 1168 301 θ
1199 320 1470 376 EUSEBII
1498 313 1984 375 CESARIENSIS
2017 311 2170 369 OPP.
2207 307 2405 364 PARS.
2449 301 3126 362 II.—APOLOGETICA.

2125 433 2173 486 Α

3687 303 3792 357 836

2699 443 3096 499 ΚΕΦᾹΛΑΙΟΝ
3148 441 3283 496 ΚΗ’.

2262 563 2532 634 Τέταρτον
2559 560 2706 630 αὐτῷ
2740 557 3040 631 παράδοξον
3056 556 3344 628 Ἀχιλλέως
3366 549 3435 626 ἦν
3457 555 3625 626 ψυχὴ,
3655 555 3790 627 πρό-

2193 671 2352 726 τερον
2383 654 2480 724 μὲν
2512 654 2570 704 ἐν
2591 651 2822 723 χλαμύδι
2855 651 3223 720 πεντάπηχυς,
3247 643 3366 701 εἶτα
3397 647 3790 718 δωδεκάπηχυς

2192 749 2255 801 τὸ
2286 747 2538 818 μέγεθος,
2570 745 2722 815 παρὰ
2744 743 2822 814 τῷ
2847 743 2964 812 ἰδίῳ
2997 741 3160 795 αὑτοῦ
3189 741 3292 811 μνή
3305 757 3433 811 ματι
3459 740 3787 812 φαινομένη,

2193 837 2493 900 Θετταλούς
2536 853 2596 889 τε
2643 834 3071 904 καταιτιωμένη,
3105 834 3188 885 ὅτι
3227 832 3292 904 δὴ
3338 833 3407 886 τὰ
3444 832 3790 903 ἐναγίσματα

2193 931 2360 1002 αύτῷ,
2393 930 2468 992 ὼς
2523 928 2641 990 έθος
2676 923 2764 998 ἦν,
2799 927 2898 980 οὐκ
2933 925 3216 978 ἐπετέλουν
3238 943 3251 955 ο
3299 924 3548 995 μηνιῶσά
3577 942 3637 978 τε
3670 927 3787 979 εἰσ-

2193 1021 2300 1075 έτι.
2384 1021 2566 1089 Τρωσὶ
2597 1020 2704 1074 τῶν
2761 1021 2818 1084 ἐς
2863 1010 3024 1072 αὐτὸν
3073 1017 3643 1089 πεπλημμελημένων,
3693 1019 3790 1073 καὶ

2193 1115 2602 1185 προστάττουσα
2633 1113 2711 1184 τῷ
2745 1113 3088 1183 Ἀπολλωνίῳ
3144 1113 3303 1165 πέντε
3350 1111 3562 1180 λόγους,
3594 1110 3687 1174 οὒς
3721 1111 3789 1164 ἂν

2193 1208 2356 1270 αύτός
2398 1222 2460 1258 τε
2505 1203 2768 1274 βούλοιτο,
2805 1203 2904 1256 καὶ
2936 1206 2991 1256 αἱ
3024 1206 3204 1273 μοῖραι
3232 1201 3558 1271 ξυγχωρεῖεν
3592 1203 3788 1272 ἀνέρε-

2195 1299 2338 1354 σθαι.
2389 1295 2502 1351 Εἶθ’
2543 1299 2571 1350 ὁ
2625 1297 2801 1350 πάντα
2833 1295 3010 1359 εἰδὼς,
3046 1295 3138 1347 καὶ
3169 1293 3278 1346 τῶν
3320 1292 3626 1363 μελλόντων
3648 1292 3785 1364 πρό-

2191 1407 2390 1459 γνωσιν
2440 1389 2642 1461 αὐχῶν,
2671 1389 2750 1442 ἐτι
2782 1389 2966 1458 ἀγνοεῖ
3004 1389 3052 1440 εἰ
3082 1387 3256 1456 τάφου
3286 1386 3439 1456 τύχοι
3486 1385 3782 1456 Ἀχιλλεὺς,

2192 1484 2286 1536 καὶ
2311 1485 2360 1536 εί
2386 1482 2616 1536 Μουσῶν
2644 1481 2855 1554 θρῆνοι,
2885 1482 2978 1534 καὶ
3009 1480 3298 1552 Νηρηίδων
3338 1480 3426 1532 ἐπ’
3451 1479 3600 1548 αὐτῷ
3624 1479 3782 1547 γεγό-

2192 1592 2335 1638 νασι,
2369 1574 2463 1628 καὶ
2492 1574 2619 1645 περὶ
2653 1574 2857 1626 τούτων
2904 1573 3066 1627 αὐτὸν
3115 1573 3379 1642 ἀνερωτᾷ,
3415 1573 3509 1626 καὶ
3560 1573 3784 1626 διαπυν-

2193 1668 2434 1731 θάνεται,
2462 1670 2510 1720 εἰ
2536 1665 2806 1738 Πολυξένη
2845 1667 3130 1735 ἐπεσφάγη
3182 1664 3348 1735 αύτῷ,
3386 1666 3482 1718 καὶ
3507 1667 3555 1716 εί
3589 1665 3775 1736 Ἑλένη

2195 1763 2253 1826 ἐς
2285 1762 2484 1833 Τροίαν
2515 1760 2784 1832 ἐληλύθει.
2829 1760 2916 1823 Ὠς
2951 1760 3124 1829 σεμνά
3155 1776 3240 1826 γε,
3270 1759 3362 1812 καὶ
3387 1757 3778 1824 κατεπείγοντα

523 1850 630 1903 lius
663 1848 730 1903 ad
775 1845 1040 1901 tumulum
1077 1857 1217 1898 caesa
1252 1842 1415 1896 fuerit
1457 1841 1777 1908 interrogat,
1801 1836 2086 1906 Trojamve

2192 1857 2250 1918 ἐς
2274 1855 2368 1906 τὸν
2404 1853 2689 1923 φιλόσοφον
2720 1853 2829 1923 βίον
2873 1850 2967 1904 τοῦ
3001 1851 3113 1904 δίου
3148 1852 3258 1922 ('55)
3287 1851 3356 1904 τὰ
3384 1851 3616 1919 σπουδῆς
3650 1849 3777 1913 ἀξια

523 1940 726 1996 Helena
761 1955 828 1992 an
860 1935 1185 2008 pervenerit.
1233 1933 1536 1987 Przeclaras
1564 1947 1717 1991 vero,
1750 1931 2090 1998 multumque

523 2033 589 2087 ad
617 2031 1048 2102 philosophicam
1090 2028 1260 2108 divini
1295 2027 1440 2081 illius
1471 2025 1572 2080 viri
1596 2025 1759 2078 vitam
1797 2022 2088 2078 conferen-

521 2130 640 2185 tes,
673 2121 926 2191 scrioque
981 2117 1210 2190 proinde
1260 2117 1445 2174 studio
1492 2115 1685 2187 dignas
1734 2115 2086 2185 quaestiones.

522 2229 749 2284 Miratur
783 2228 910 2283 item
955 2235 1237 2296 praeterea,
1263 2223 1406 2293 quod
1437 2230 1517 2276 tot
1544 2222 1737 2277 heroes
1773 2219 1912 2274 inter
1943 2217 2086 2273 Grae-

522 2335 616 2373 cos
641 2325 797 2372 aetate
827 2315 1014 2372 eadem
1045 2329 1168 2370 esse
1200 2315 1497 2383 potuerint,
1531 2320 1585 2368 et
1606 2312 1750 2383 quod
1774 2311 1839 2366 ad
1870 2310 2091 2382 Trojam

524 2408 834 2464 Palamedes
865 2407 1029 2462 fuerit
1054 2422 1308 2477 praesens.
1332 2403 1519 2458 Virum
1541 2411 1719 2458 autem
1749 2422 1768 2454 ι
1799 2419 1920 2458 cum
1939 2403 2045 2457 diis
2068 2423 2086 2454 ι

522 2500 864 2556 familiariter
890 2508 1191 2562 versatum,
1235 2515 1253 2548 σ
1289 2496 1406 2552 sive
1435 2495 1610 2549 forma
1647 2495 2022 2565 apparentium
2046 2493 2093 2526 ⁸⁸

520 2593 742 2655 visibili,
773 2593 896 2648 sive
927 2607 1037 2646 non
1079 2591 1441 2646 obnoxiorum
1490 2588 1686 2650 oculis,
1725 2606 1743 2639 ι
1778 2587 1907 2641 talia
1938 2587 2093 2658 igno-

521 2702 664 2748 rare,
697 2692 750 2740 et
798 2685 864 2739 de
897 2683 1166 2751 ejusmodi
1215 2682 1553 2751 interrogare
1588 2681 1776 2746 rebus,
1817 2681 2092 2750 quomodo

521 2775 896 2844 turpissimum
924 2791 1029 2828 non
1048 2774 1367 2827 censeatur?
1384 2772 1495 2826 Nisi
1522 2771 1679 2836 forte,
1696 2772 1821 2840 quia
1841 2780 2085 2828 mortuos

521 2861 862 2933 interrogans
901 2863 1202 2924 inducitur,
1235 2861 1398 2932 529
1441 2861 1563 2917 ideo
1604 2861 1908 2930 frigidiores
1943 2874 2091 2930 quae-

527 2957 829 3010 stiunculas
872 2963 1061 3009 auctor
1091 2953 1260 3024 lingit,
1299 2964 1356 3008 ut
1389 2955 1536 3008 tollat
1562 2955 1946 3022 suspicionem,
1979 2969 2086 3022 qua

525 3051 616 3104 ille
654 3049 794 3102 ultra
841 3063 1001 3116 quam
1051 3063 1148 3117 par
1191 3055 1275 3101 est
1317 3048 1571 3102 curiosus
1607 3049 1880 3102 exstitisse
1915 3047 2086 3103 videri

520 3147 751 3210 poterat.
801 3137 944 3193 Sane
971 3139 1115 3192 cnim
1155 3147 1208 3193 et
1251 3139 1500 3210 apologia
1550 3155 1711 3194 usum
1747 3141 1906 3195 nobis
1942 3143 2089 3198 sistit

519 3231 864 3301 Apollonium
894 3232 960 3296 δ’,
989 3231 1132 3301 (ιιιοά
1156 3247 1222 3286 eo
1249 3233 1434 3297 modo,
1465 3247 1574 3302 quo
1603 3233 1655 3286 in
1677 3232 2085 3304 Necyomantiis

521 3321 638 3377 ﬁeri
683 3323 841 3386 solet,
872 3323 972 3392 ipsi
1007 3325 1122 3378 visa
1152 3323 1334 3378 oblata
1377 3325 1521 3378 haud
1557 3325 1802 3381 fuerint:
1834 3345 1854 3378 ‹
1897 3327 2083 3399 Neque

520 3419 688 3482 enim,
733 3418 927 3489 inquit,
959 3426 1017 3472 ut
1043 3418 1265 3489 Ulysses
1302 3419 1494 3474 scrobe
1529 3419 1945 3494 eﬂossa,neque
1977 3439 2080 3479 caa-

520 3509 598 3563 sis
625 3509 781 3580 agnis
810 3510 1061 3566 manibus
1095 3511 1345 3582 placatis,
1379 3511 1434 3564 in
1487 3511 1718 3569 Achillis
1749 3515 2082 3585 colloquium

2191 1943 2553 2015 ἐρωτήματαί
2608 1942 2874 2012 θαυμάζει
2924 1941 2967 1994 δ’
3017 1941 3109 1993 ἐπὶ
3146 1940 3376 2002 τούτοις,
3435 1941 3484 1992 εί
3536 1937 3776 1992 τοσοῦτοι

2188 2035 2365 2105 ἥρωες
2410 2034 2562 2105 παρά
2613 2033 2722 2096 τοῖς
2751 2032 3004 2102 Ἓλλησιν
3037 2032 3116 2084 ἐνὶ
3148 2032 3324 2102 χρόνῳ
3370 2030 3644 2098 γεγόνασι,
3681 2029 3775 2082 καὶ

2190 2128 2238 2178 εἰ
2258 2124 2503 2194 ἀφίκοιτο
2529 2127 2585 2187 ἐς
2609 2125 2804 2196 Τροίαν
2830 2122 3182 2193 Παλαμήδης.
3203 2123 3304 2174 Τὸν
3329 2121 3391 2192 δὴ
3424 2141 3441 2171 (
3477 2121 3614 2174 θεῶν
3647 2124 3780 2193 ὁρω-

2195 2220 2370 2290 μένων
2423 2236 2482 2272 τε
2540 2219 2632 2271 καὶ
2679 2219 2777 2288 οὐχ
2828 2218 3127 2289 ὁρωμένων
3185 2237 3202 2268 ι
3244 2215 3507 2287 ὁμιλητὴν
3552 2214 3779 2268 τοιαῦτα

2191 2315 2423 2381 ἀγνοεῖν,
2454 2314 2546 2368 καὶ
2589 2313 2716 2384 περὶ
2761 2311 2964 2364 τούτων
2996 2311 3296 2381 ἀνερωτᾷν,
3327 2311 3483 2372 ποίας
3530 2310 3650 2379 οὐχὶ
3683 2308 3778 2377 γέ-

2189 2407 2317 2459 νοιτ’
2349 2406 2414 2459 ἂν
2439 2405 2731 2476 αἰσχύνης;
2767 2406 2814 2457 εἰ
2853 2405 2926 2475 μὴ
2961 2403 3068 2476 ἄρ’,
3110 2402 3297 2474 ἐπειδὴ
3330 2405 3545 2474 νεκροῖς
3571 2400 3779 2472 ὁμιλῶν

2195 2497 2468 2567 εἰσῆκται,
2504 2498 2596 2549 ἐπὶ
2647 2498 2708 2550 τὸ
2751 2496 3083 2567 ψυχρότερον
3121 2497 3405 2566 μεταποιεῖ
3428 2497 3526 2555 τὰς
3559 2493 3779 2556 πεύσεις

2191 2590 2221 2641 ὁ
2253 2588 2616 2661 ξυγγραφεὺς,
2659 2588 2736 2652 ὡς
2786 2589 2852 2642 ἂν
2904 2586 3182 2658 ύπεκλύσῃ
3229 2588 3330 2659 τὴν
3388 2587 3644 2640 ὑπόνοιαν
3683 2583 3778 2638 τοῦ

2198 2680 2342 2752 πέρα
2391 2681 2498 2733 τῶν
2549 2680 2932 2752 προσηκόντων
2994 2678 3155 2732 αὑτὸν
3211 2678 3626 2750 περιειργάσθαι
3669 2677 3778 2746 ('56)

2194 2771 2394 2825 δοκεῖν.
2447 2773 2558 2826 Καὶ
2597 2771 2706 2843 γὰρ
2755 2773 2818 2844 δὴ
2854 2772 2949 2825 καὶ
2995 2771 3428 2842 ἀπολογούμενον
3459 2771 3619 2824 αὑτὸν
3649 2772 3781 2824 ὐπο-

2196 2863 2418 2934 γράφει,
2458 2865 2539 2916 δτι
2577 2864 2649 2934 μὴ
2683 2863 2823 2917 κατὰ
2867 2864 3289 2934 νεκρομαντείαν
3341 2865 3370 2916 ὁ
3399 2864 3601 2934 τρόπος
3635 2860 3782 2932 αύτῷ

2186 2955 2286 3024 τῆς
2303 2955 2562 3026 φανείσης
2579 2955 2754 3024 ὅψεως
2767 2954 2988 3022 γένοιτο
3015 2973 3032 3004 ι
3053 2953 3188 3008 Ούτε
3223 2955 3332 3026 γὰρ
3358 2953 3572 3025 βόθρον,
3607 2949 3777 3014 εἶπεν,

2208 3045 2501 3108 Ὀδυσσέως
2517 3045 2869 3118 ὀρυξάμενος,
2896 3045 3198 3119 οὐδ’ἀρνῶν
3237 3046 3430 3115 αἵμασι
3454 3045 3780 3114 ψυχαγωγήο

2199 3150 2318 3199 σας,
2337 3138 2392 3197 ἐς
2409 3134 2639 3199 διάλεξιν
2664 3134 2758 3187 τοῦ
2775 3135 3060 3205 Ἀχιλλέως
3077 3131 3238 3205 ἦλθον
3263 3133 3394 3202 (57),
3418 3132 3777 3203 ἀλλἐύξάμε-

2191 3243 2278 3290 νος
2293 3226 2463 3280 ὁπόσα
2486 3231 2596 3291 τοῖς
2619 3229 2824 3301 ἥρωσιν
2852 3225 3001 3282 Ἰνδοί
3017 3243 3174 3295 φασιν
3189 3223 3444 3289 εύξασθαι
3460 3224 3590 3277 δεῖν.
3623 3243 3640 3275 ι
3661 3224 3770 3276 Καὶ

2193 3317 2368 3371 ταῦτα
2400 3317 2494 3373 νῦν
2530 3319 2665 3390 πρὸς
2692 3321 2782 3373 τὸν
2815 3321 3024 3391 ἐταῖρον
3055 3317 3509 3386 ἀποσεμνύνεται,
3543 3317 3574 3368 ὁ
3610 3315 3772 3386 μηδὲν

2198 3409 2389 3480 μαθεῖν
2405 3411 2535 3482 παρ’
2566 3411 2762 3476 Ἰνδῶν,
2790 3411 2921 3484 μηδὲ
2949 3410 3186 3481 ζηλῶσαι
3212 3408 3323 3480 ('58)
3340 3407 3436 3478 τὴν
3454 3407 3773 3478 παράύτοῖς

2197 3503 2411 3571 σοφίαν,
2457 3505 2593 3574 πρὸς
2653 3503 2748 3558 τοῦ
2793 3503 3147 3574 ξυγγραφέως
3204 3500 3715 3572 μεμαρτυρημένος.

517 3602 662 3665 veni,
704 3602 797 3656 sed
832 3602 1086 3671 precibus
1119 3602 1279 3665 fusis,
1309 3618 1446 3673 quas
1484 3602 1600 3658 Indi
1635 3613 1863 3660 censent
1904 3607 2162 3665 heroibus
2198 3610 2351 3667 fundi
2389 3623 2665 3684 oportere.
2710 3635 2728 3668 ι
2763 3615 2940 3685 Atque
3011 3615 3076 3669 de
3142 3614 3264 3670 istis
3320 3614 3432 3684 iam
3488 3611 3630 3683 apud
3683 3627 3776 3665 so-

517 3691 691 3749 dalem
713 3697 997 3766 gloriatur,
1027 3696 1120 3765 qui
1144 3696 1278 3750 nihil
1311 3697 1380 3750 ab
1403 3696 1547 3752 Indis
1576 3699 1877 3768 accepisse,
1912 3715 2090 3772 neque
2125 3719 2315 3760 eorum
2341 3707 2588 3764 imitatus
2615 3708 2942 3779 sapientiam
2973 3722 3096 3763 esse
3161 3705 3294 3761 alibi
3355 3705 3486 3760 huic
3521 3695 3780 3774 scriptori

517 3789 836 3860 perhibetur
865 3791 935 3843 το.

1075 3927 1304 3984 CAPUT
1327 3928 1519 3986 XXIX.

588 4040 716 4105 Sed,
740 4041 904 4097 heus!
929 4041 1070 4097 bone
1095 4043 1197 4106 vir,
1227 4044 1341 4118 nisi,
1363 4043 1685 4100 damnabilis
1713 4045 1804 4099 illa
1822 4053 1940 4100 erat
1971 4061 2088 4100 ma-

517 4136 622 4206 gia,
649 4135 778 4204 quid
830 4143 914 4189 est
967 4135 1113 4204 quod
1161 4137 1244 4191 vel
1290 4137 1510 4190 unicum
1563 4136 1660 4190 tibi
1720 4137 2085 4194 familiarissi-

515 4243 704 4290 mum,
777 4242 1010 4296 eumque
1087 4228 1299 4294 solum,
1374 4227 1702 4294 Damidem,
1776 4230 2082 4286 admirandi

516 4320 679 4389 hujus
743 4320 1039 4390 spectaculi
1101 4331 1156 4375 et
1224 4320 1687 4378 confabulationis
1756 4325 2080 4394 participem

514 4411 657 4466 haud
688 4411 880 4468 fecisti.
929 4412 1043 4469 Cur
1122 4414 1250 4468 item
1300 4416 1459 4485 plena
1491 4415 1580 4470 die
1631 4415 1684 4469 id
1733 4414 1912 4471 facere
1941 4416 2086 4470 haud

515 4503 689 4568 licuit,
765 4503 861 4560 sed
913 4513 1074 4559 nocte
1123 4506 1474 4576 intempesta,
1519 4515 1632 4561 ate
1682 4508 1868 4578 peragi
1924 4525 2089 4578 opor-

513 4598 618 4651 tuit
650 4598 800 4653 solo?
823 4598 932 4651 Cur
981 4597 1108 4652 item
1143 4600 1410 4670 gallorum
1443 4609 1640 4654 cantus
1678 4599 1862 4654 herois
1892 4615 2082 4654 manes

515 4689 1015 4761 fugaruntfrAbiit
1039 4693 1206 4756 enim,
1248 4693 1444 4762 inquit,
1487 4707 1612 4747 cum
1670 4691 1882 4762 fulgure
1946 4706 2083 4761 quo-

512 4783 635 4836 dam
657 4783 890 4849 modico,
927 4799 1161 4854 namque
1189 4793 1241 4840 et
1263 4785 1384 4854 galli
1413 4785 1819 4855 gallinaceijam
1859 4794 2081 4838 cantum

510 4877 692 4930 exorsi
724 4876 952 4930 fuerant.
991 4895 1010 4928 ι
1049 4878 1283 4948 lmpuris
1330 4878 1512 4948 itaque
1546 4877 1890 4932 daemonibus
1943 4877 2083 4931 forte

2697 3940 3086 3995 ΚΕΦΑΛΑΙΟΝ
3118 3942 3221 3996 ΚΘ⁹
3234 3977 3254 3995 .

2263 4047 2576 4123 Τίδῆτόὗν,
2613 4046 2657 4106 ὦ
2690 4047 2929 4117 οὖτος,εἰ
2951 4055 3022 4125 μή
3044 4071 3126 4116 τις
3143 4049 3212 4124 ἦν
3241 4051 3517 4122 κακοήθης
3548 4067 3770 4122 περιερ-

2189 4144 2304 4213 γία,
2337 4143 2471 4216 μηδέ
2501 4144 2592 4197 τὸν
2617 4143 2712 4197 ἕνα
2739 4162 2842 4208 σοι,
2874 4145 2964 4197 καὶ
2982 4146 3223 4212 γνήσιον,
3245 4143 3337 4195 καὶ
3360 4143 3519 4212 μόνον
3538 4143 3775 4214 ἑταῖρον,

2189 4237 2381 4307 Δάμιν,
2401 4237 2577 4290 κοινὸν
2607 4236 2790 4290 ἐποιοῦ
2823 4237 2922 4306 τῆς
2956 4235 3274 4304 θαυμαστῆς
3298 4233 3495 4302 ταύτης
3516 4233 3690 4302 ὄψεώς
3712 4251 3775 4287 τε

2192 4325 2288 4376 καὶ
2301 4323 2516 4392 ὁμιλίας
2532 4341 2546 4388 ;
2565 4324 2628 4376 Τί
2648 4325 2692 4378 δ’
2709 4325 2828 4394 ούχὶ
2845 4325 2933 4377 καὶ
2947 4323 3014 4376 δι’
3034 4325 3065 4392 ἡ
3075 4322 3243 4392 μέρας
3257 4321 3416 4374 τοῦτο
3431 4321 3557 4391 ἐξῆν
3577 4327 3772 4388 ποιεῖν,

2194 4416 2328 4471 ἀλλὰ
2349 4417 2456 4470 τῶν
2480 4417 2688 4470 νυκτῶν
2711 4417 2868 4487 ἀωρὶ,
2900 4415 2993 4467 καὶ
3027 4414 3182 4484 μόνον
3205 4430 3217 4477 ;
3243 4413 3305 4463 Τί
3337 4413 3393 4466 δὲ
3425 4414 3520 4466 καὶ
3542 4414 3778 4484 ἤλαυνον

2193 4510 2292 4577 τὴν
2333 4509 2426 4562 τοῦ
2469 4509 2647 4580 ἥρωος
2682 4507 2856 4578 ψυχὴν
2901 4505 3270 4575 ἀλεκτρυόνων
3303 4505 3454 4573 βοαῖς
3483 4525 3501 4556 ‹
3538 4505 3778 4577 Ἀπῆλθε

2190 4601 2316 4672 γὰρ,
2360 4602 2510 4672 φησὶ,
2565 4601 2658 4667 ξὺν
2716 4602 2966 4672 ἀστραπῇ
3005 4599 3234 4670 μετρίᾳ·
3296 4599 3387 4651 καὶ
3440 4597 3548 4668 γὰρ
3579 4598 3645 4669 δὴ
3678 4601 3775 4652 καὶ

2188 4693 2542 4765 ἀλεκτρυόνες
2582 4693 2684 4764 ἥδη
2724 4693 2867 4764 ᾠδῆς
2908 4695 3158 4763 ἣπτοντο.
3204 4711 3222 4742 ι
3260 4691 3485 4762 Δαίμοσι
3543 4691 3642 4762 μὲν
3679 4689 3777 4745 οὖν

2188 4787 2441 4855 πονηροῖς
2471 4784 2670 4853 γένοιτ’
2700 4785 2766 4836 ἂν
2816 4784 2944 4847 ἴσως
2975 4785 3003 4835 ὁ
3035 4781 3136 4850 τῆς
3185 4780 3331 4852 ῶρας
3379 4779 3683 4850 ἐπιτήδειος
3717 4783 3778 4842 ἐς

2190 4879 2512 4950 περιέργους
2561 4877 2774 4950 ὁμιλίας
2808 4876 3028 4948 καιρὸς,
3068 4873 3183 4928 ἀλλ’
3214 4873 3334 4942 ούχὶ
3375 4871 3569 4944 ἡρωῖδι
3599 4870 3774 4954 ψυχῇ.

615 5031 659 5062 ⁸⁸⁷
697 5031 794 5087 lib.
828 5049 916 5096 Iv,
947 5047 996 5086 c.
1032 5031 1118 5087 16.
1194 5032 1238 5064 ⁸⁸
1277 5032 1374 5088 lib.
1408 5047 1454 5095 ι,
1491 5048 1543 5087 c.
1579 5033 1667 5088 32.
1745 5035 1790 5064 ⁶⁹
1827 5033 1920 5088 lib.
1956 5049 2010 5088 tv
2035 5075 2049 5098 ,
2079 5052 2086 5082 ι

2203 5032 2257 5088 6.
2334 5035 2380 5067 ⁷⁰
2421 5035 2515 5090 lib.
2550 5050 2612 5101 v,
2647 5049 2696 5090 c.
2733 5033 2824 5089 12.

582 5205 691 5279 (35)
731 5208 841 5261 Τοῦ
869 5208 1021 5263 δίου.
1055 5208 1197 5262 Editi
1233 5209 1504 5264 habebant
1529 5209 1622 5263 τοῦ
1650 5209 1934 5279 Διός,(]ιιο(1
1968 5225 2079 5266 non

509 5278 760 5345 ingratiis
804 5279 1078 5334 Musarum
1109 5281 1164 5335 in
1192 5281 1302 5332 δίου
1333 5297 1435 5335 nos
1481 5297 1545 5335 ex
1598 5278 1915 5350 conjectura
1960 5299 2078 5336 mu-

508 5359 656 5401 tasse
685 5351 1028 5405 confidimus.

719 5420 1180 5491 Περιειργάσθαι.
1215 5419 1384 5473 Notus
1417 5435 1483 5474 ex
1515 5419 1734 5472 Actibus
1773 5422 2080 5492 apostolicis

506 5490 659 5541 vocis
705 5492 992 5561 περίεργος
1039 5493 1106 5545 de
1159 5493 1321 5545 rebus
1366 5493 1591 5560 magicis
1629 5507 1780 5554 usus,
1809 5490 1883 5545 ad
1917 5509 2080 5562 quem

509 5572 732 5612 censum
767 5566 968 5615 reierre
997 5571 1212 5631 oportet
1249 5562 1693 5630 νεκυομαντείαν,
1725 5564 2083 5631 curiosusque

510 5636 847 5683 mortuorum
873 5635 1319 5686 consultationes.
1343 5631 1706 5696 Quamobrem
1735 5636 1860 5686 nolo
1884 5634 1950 5686 de
1974 5635 2076 5685 hac

509 5711 648 5776 voce.
667 5699 730 5751 ad
746 5715 970 5776 _sacram
999 5703 1144 5776 illam
1171 5707 1538 5776 apostolorum
1569 5703 1846 5760 historiam
1877 5719 1908 5758 a
1941 5704 2077 5759 viris

507 5766 685 5822 doctis
710 5769 997 5827 observata
1029 5773 1132 5826 hoc
1171 5766 1291 5828 loco
1320 5780 1583 5843 repetere.

2254 5215 2364 5286 (57)
2396 5211 2644 5271 τΗλΟον.
2681 5213 2824 5268 Editi
2861 5213 3002 5286 ξλθοι
3035 5212 3330 5286 habebant,
3372 5227 3536 5286 sensu
3573 5211 3770 5275 invito,

2183 5284 2417 5355 cumque
2468 5288 2583 5357 ipsa
2629 5287 2720 5340 hic
2747 5302 2834 5357 exg
2861 5284 3178 5339 Philostrati
3207 5285 3431 5357 historia
3467 5284 3778 5357 allegentur

2181 5352 2457 5424 Apollonii
2491 5352 2690 5420 verba,
2744 5352 2906 5426 ἦλθον
2937 5372 3000 5411 ex
3033 5369 3098 5410 ea
3144 5355 3434 5408 restituere
3465 5369 3571 5408 non
3605 5353 3780 5407 dubi-

2187 5428 2318 5480 tavi.
2539 5467 2543 5472 .

2258 5496 2368 5565 (58)
2401 5496 2567 5563 Μηδὲ
2597 5495 2856 5566 ζὴλῶσαι
2885 5505 2994 5552 etc.
3026 5495 3268 5564 Respicit
3297 5497 3476 5566 locum
3504 5495 3559 5548 in
3593 5492 3786 5546 histo-

2187 5566 2268 5620 ria
2324 5567 2662 5625 Philostrati.
2699 5585 2865 5639 supra
2924 5570 3088 5620 etiam
3135 5565 3782 5639 cap.“24,_alleg:utnm,

2183 5653 2344 5704 quem
2376 5654 2499 5690 cum
2534 5640 2694 5692 modo
2727 5636 2974 5706 allegatis
3017 5636 3289 5704 Apollonii
3325 5637 3505 5689 verbis
3539 5639 3788 5706 conten-

2186 5708 2342 5776 dens,
2375 5710 2650 5763 contraria
2682 5704 2907 5764 narrare
2941 5707 3331 5762 Philostratum
3362 5704 3620 5761 ostendit.
