4112 6436
375 329 476 385 857

1491 323 1696 378 LIBER
1731 321 2010 378 CONTRA
2049 317 2466 376 HIEROCLEM.

3506 319 3614 376 838

368 451 455 520 ἢν,
489 450 590 519 τῆς
619 447 848 520 παχείας
877 447 969 500 τοῦ
1010 446 1254 516 σώματος
1279 443 1727 516 ἐλευθερωθεῖσαν
1756 442 1884 514 ὕλης
1902 485 1917 509 ,

2051 433 2219 502 magis
2251 441 2621 502 Opportunum
2655 429 2820 486 fuerit
2867 429 2934 485 ad
2965 429 3208 500 magicas
3239 428 3614 482 conversatio-

371 539 579 611 ἀγαθὴν
622 541 713 594 καὶ
747 537 1045 608 πανάρετον
1071 533 1208 589 εἶναι
1239 534 1432 606 χρεών.
1463 536 1528 587 Ὂ
1559 551 1621 602 γε
1673 535 1776 606 μὴν
1818 536 1929 586 εἱσ-

374 631 610 702 ηγμένος
639 630 871 684 ἐνταῦθα
899 628 1104 698 δαίμων
1133 626 1414 696 βάσκανος,
1447 628 1538 679 καὶ
1566 625 1818 696 φθονερὸς
1839 625 1929 678 τὸν

370 724 588 794 τρόπον,
624 721 835 792 ὀργίλος
873 736 930 771 τε
975 719 1066 770 καὶ
1113 717 1366 779 ταπεινὸς
1398 719 1495 787 τὴν
1525 715 1757 770 διάθεσιν
1799 716 1930 767 ὑπο-

372 812 700 865 τετύπωται.
736 812 805 864 ’Ἡ
835 810 954 880 οὐχὶ
981 808 1265 870 τοιοῦτοςὸ
1299 809 1389 860 τὸν
1424 808 1784 878 Ἀντισθένην,
1821 823 1932 876 μει-

374 903 563 974 ράκιόν
587 920 637 955 τι
669 901 972 962 σπουδαῖον,
999 899 1072 962 ὼς
1112 899 1177 952 ἂν
1213 899 1276 968 δὴ
1305 897 1573 967 φιλοσόφῳ
1611 895 1928 962 ξυνέπεσθαι

374 994 452 1062 τῷ
490 991 825 1060 Ἀπολλωνίῳ
857 989 1209 1060 πειρώμενον,
1252 989 1568 1059 ἀπείργων;
1601 986 1926 1056 Προστάττει

376 1082 486 1155 γὰρ
528 1081 589 1136 τὸ
636 1081 709 1152 μὴ
738 1077 1004 1132 ποιεῖσθαι
1054 1078 1212 1130 αὑτὸν
1256 1076 1592 1150 ξυνέμπορον
1618 1079 1718 1149 τῆς
1753 1077 1942 1132 ἑαυτοῦ

377 1174 708 1244 φιλοσοφίας,
727 1171 988 1239 ἐπιλέγων
1008 1171 1106 1242 τὴν
1126 1170 1326 1224 αίτίανο
1366 1190 1385 1222 ι
1408 1171 1710 1242 Πριαμίδης
1737 1189 1794 1225 τε
1815 1173 1943 1244 γάρ,

375 1268 559 1337 φησὶν,
611 1264 813 1328 ἱκανῶς
853 1263 983 1334 (58‘)
1015 1265 1150 1326 ἐστι,
1201 1263 1294 1317 καὶ
1339 1262 1430 1317 τὸν
1459 1265 1697 1335 Ἕκτορα
1761 1263 1944 1334 ὑμνῶν

368 1361 434 1413 ού
486 1356 736 1412 παύεται.
780 1377 798 1410 ι
830 1356 954 1420 Πῶς
983 1358 1040 1411 δὲ
1084 1359 1184 1410 οὐκ
1228 1357 1441 1428 ὀργίλος
1478 1357 1572 1410 καὶ
1607 1359 1886 1422 ταπεινός;
1918 1360 1946 1411 ό

373 1450 682 1514 Θετταλοῖς,
739 1451 819 1503 ὅτι
889 1450 962 1520 μὴ
1027 1449 1204 1502 θύοιεν
1234 1449 1402 1520 αὐτῷ,
1433 1449 1789 1520 θυμούμενος,
1853 1452 1944 1504 καὶ

377 1543 610 1616 Τρωσὶν,
636 1542 806 1612 ὁτιδὴ
831 1541 937 1613 πρὸ
973 1541 1178 1612 μυρίων
1206 1542 1345 1594 ὅσων
1389 1541 1523 1595 ὲτῶν
1586 1543 1642 1606 ὲς
1676 1542 1834 1595 αὑτὸν
1863 1543 1944 1595 δι-

376 1635 748 1706 ημαρτήκασι,
783 1633 856 1704 μὴ
885 1631 1404 1703 καταλλασσόμενος,
1431 1632 1526 1686 καὶ
1551 1633 1722 1686 ταῦτα
1739 1632 1942 1697 θύουσι,

377 1726 470 1779 καὶ
519 1723 753 1794 ξυνεχῶς
787 1723 1162 1793 σπενδομένοις
1190 1741 1202 1752 ·
1243 1723 1377 1776 ἀλλά
1419 1727 1513 1777 καὶ
1550 1725 1641 1778 τὸν
1687 1725 1945 1795 Παλαμή-

2044 539 2143 579 nes
2177 524 2320 579 istud
2354 533 2590 594 tempus,
2626 538 2739 578 non
2770 538 2902 577 vero
2928 521 3112 576 herois
3146 519 3422 584 manibus,
3450 533 3613 588 quos.

2044 629 2230 669 crassa
2273 616 2377 669 ista
2405 615 2654 684 corporis
2701 614 2910 670 solutos
2954 614 3203 676 materia,
3239 611 3440 681 probos
3468 627 3614 674 esse,

2044 709 2304 777 omnique
2330 707 2594 761 virtutum
2617 722 2828 777 genere
2875 706 3155 761 abundare
3184 705 3485 774 oportebat.
3522 705 3615 766 At,

2044 801 2135 871 qui
2164 800 2330 855 isthic
2366 799 2643 855 inducitur
2680 801 2914 863 daemon,
2949 799 3150 853 invidis
3199 806 3282 854 est
3323 804 3377 851 et
3424 813 3616 867 parum

2044 893 2295 964 benignis
2339 895 2582 950 moribus
2618 910 2630 945 :
2667 893 2965 948 iracundus
3017 893 3144 946 item
3190 899 3618 960 representatur

2043 983 2209 1047 idem,
2257 994 2312 1040 et
2340 985 2540 1055 pusillo
2592 987 2797 1040 animo.
2836 985 3030 1039 Annon
3075 985 3220 1038 enim
3267 983 3392 1038 talis
3419 982 3618 1037 haben-

2044 1078 2148 1134 dus
2176 1079 2270 1142 sit,
2301 1079 2393 1148 qui
2424 1078 2886 1142 Antisthenem“,
2925 1078 3156 1147 probum
3190 1076 3616 1138 adolescentem,

2045 1177 2104 1224 ut
2133 1171 2226 1241 qui
2258 1171 2641 1240 philoSOphum
2667 1170 2864 1225 sectari
2904 1169 3251 1238 Apollonium
3277 1175 3518 1238 cuperet,
3547 1166 3617 1221 ab

2045 1278 2109 1318 eo
2154 1262 2390 1318 avulsit?
2421 1261 2628 1332 Nempe
2673 1278 2798 1316 eum
2831 1261 3151 1330 Apollonius
3187 1277 3256 1315 nc
3297 1261 3619 1330 participem

2045 1356 2405 1426 philosophia-
2457 1355 2662 1410 faceret
2695 1370 2807 1409 sua:
2843 1355 3114 1424 prohibet,
3145 1354 3358 1408 ratione
3390 1353 3573 1406 addita
3600 1366 3616 1403 :

2051 1465 2068 1498 ι
2100 1447 2404 1503 Priamides
2427 1449 2568 1502 enim
2595 1454 2674 1502 est
2699 1446 2992 1517 genuinus,
3011 1456 3064 1500 et
3092 1445 3377 1502 Hectorem
3397 1445 3622 1498 laudare

2045 1555 2155 1594 non
2184 1539 2407 1595 desinit.
2447 1560 2466 1593 ι
2507 1539 2612 1606 Qui
2656 1537 2980 1592 iracundum
3027 1537 3157 1592 item
3195 1543 3248 1590 ct
3289 1535 3472 1589 animo
3519 1549 3616 1604 pu-

2047 1631 2170 1688 sillo
2194 1647 2302 1686 non
2322 1632 2500 1686 dicam
2521 1631 2788 1701 esse?qui
2813 1629 3093 1685 Thessalis
3122 1636 3433 1690 succenset,
3464 1624 3613 1696 quod

2046 1742 2204 1782 sacra
2236 1726 2339 1782 sibi
2373 1741 2480 1780 non
2529 1725 2818 1787 faciant",
2851 1735 2904 1780 et
2951 1722 3228 1787 Troianis,
3282 1721 3427 1790 quod
3458 1721 3623 1773 innu-

372 1818 498 1880 δους
521 1818 708 1886 τάφον,
734 1815 882 1886 αὐτῷ
909 1815 1181 1886 ἀγάλματι
1211 1816 1426 1886 φαύλως
1451 1818 1796 1890 ἐρριμμένον,
1830 1819 1948 1872 ἀνα-

2051 1818 2216 1874 meris
2249 1825 2375 1872 ante
2407 1817 2566 1872 annis
2601 1818 2802 1886 injuria
2833 1833 2956 1872 eum
3003 1816 3336 1879 effecissent,
3377 1815 3624 1870 reconci-

373 1910 560 1963 λαϐεῖν
590 1908 1006 1979 ἐγκελευόμενος
1025 1924 1040 1974 ;

903 2199 1298 2252 ΚΕΦΑΛΑΙΟΝ
1335 2199 1413 2252 A'.

459 2293 521 2347 Γδ
570 2289 751 2364 μέντοι
794 2293 1044 2363 πέμπτον
1078 2294 1173 2345 καὶ
1215 2292 1372 2344 ἕκτον
1423 2291 1606 2363 θαῦμα
1649 2292 1710 2345 οὐ
1752 2292 1950 2364 πολλῆς

367 2386 545 2442 δέοιτο
567 2383 662 2438 τοῦ
689 2383 846 2454 λόγου
875 2383 1179 2455 διατριϐῆς,
1216 2385 1274 2448 ὲς
1306 2383 1527 2449 ἔνδειξιν
1556 2385 1657 2456 τῆς
1685 2384 1782 2438 τοῦ
1815 2403 1952 2457 γρα-

378 2479 568 2548 φέντος
619 2474 732 2548 (59)
785 2474 1095 2545 εὐχερείαςο
1156 2475 1414 2546 δαίμονας
1479 2475 1588 2546 γὰρ
1641 2477 1948 2543 ἀπελαύνει,

377 2572 521 2642 ἄλλῳ
551 2568 726 2631 ἄλλον,
853 2582 982 2636 φασι
1041 2564 1174 2637 (40),
1221 2565 1451 2637 δαίμονι.
1482 2567 1585 2621 Τὸν
1630 2567 1727 2638 μὲν
1755 2569 1864 2640 γάρ
1893 2569 1952 2636 ἐξ

375 2661 675 2714 ἀκολάστου
710 2656 1014 2728 μειρακίου,
1060 2657 1150 2709 τὸν
1191 2657 1236 2710 δ’
1264 2657 1612 2724 ὲπιπλάστως
1663 2663 1722 2724 ἐς
1769 2678 1952 2730 γυναι-

371 2755 530 2809 κείαν
567 2754 775 2825 μορφὴν
824 2750 1304 2822 σχηματιζόμενον.
1343 2753 1561 2806 Τουτονὶ
1602 2753 1658 2807 δὲ
1700 2755 1791 2808 τὸν
1838 2755 1953 2808 δαί-

383 2865 519 2919 μονα
557 2865 575 2896 ι
615 2847 938 2918 Ἔμπουσαν
974 2864 991 2894 ι
1023 2848 1115 2897 καὶ
1156 2863 1174 2895 ι
1215 2845 1455 2915 Λαμίαν,
1493 2865 1511 2897 ι
1546 2848 1728 2911 αὐτοῖς
1754 2847 1952 2919 ὀνόμα-

377 2957 485 3004 σιν,
509 2939 538 2990 ὁ
586 2937 892 3006 σοφώτατος
922 2936 1202 2991 ἀποκαλεῖ.
1237 2936 1309 2990 Τό
1346 2955 1407 3007 γε
1443 2939 1550 3011 μὴν
1574 2939 1666 2992 ἐπὶ
1693 2941 1792 3012 τῆς
1825 2942 1956 2994 Ῥω-

383 3028 557 3100 μαίων
588 3027 795 3091 πόλεως
827 3027 962 3098 μετά
995 3027 1169 3082 ταῦτα
1197 3029 1397 3102 κόριον,
1425 3032 1506 3084 ὅτι
1539 3031 1601 3104 δὴ
1635 3033 1772 3104 μετὰ
1795 3032 1956 3086 θάνα-

377 3125 478 3179 τον·
498 3121 590 3174 ἐπὶ
614 3121 870 3192 δευτέραν
897 3119 1041 3192 ζωὴν
1067 3122 1289 3192 ἢγαγεν,
1329 3125 1687 3179 ἀπιστότατον
1722 3125 1831 3196 (41)
1863 3127 1954 3179 καὶ

378 3213 529 3282 αὐτῷ
558 3212 715 3278 δόξαν
743 3212 820 3282 τῷ
843 3213 1203 3285 Φιλοστράτῳ.
1237 3215 1616 3287 παραιτητέον.
1662 3218 1748 3270 Ἑν
1776 3217 1949 3270 διστα‹

370 3301 506 3373 -γμῷ
537 3302 714 3372 μέντοι
742 3303 1090 3373 ἀμφιϐάλλει,
1143 3305 1216 3377 μὴ
1255 3305 1363 3377 ἄρα
1397 3307 1629 3380 σπινθὴρ
1652 3308 1752 3379 τῆς
1778 3309 1956 3380 ψυχῆς

376 3393 698 3464 ’ἐνυπάρχων
737 3392 815 3463 τῷ
863 3394 1033 3459 παιδὶ,
1076 3397 1202 3459 τοὺς
1251 3393 1649 3468 θεραπεύοντας
1691 3399 1951 3469 ἐλελήθει.

381 3483 646 3551 Δέγεσθαι
694 3483 802 3552 γάρ
837 3500 1017 3554 φησιν,
1056 3487 1132 3551 ὡς
1162 3487 1387 3556 ψεκάζοι
1434 3491 1532 3560 μὲν
1571 3493 1600 3544 ὁ
1638 3491 1794 3554 Ζεὺς,
1830 3493 1864 3562 ἡ
1898 3491 1956 3544 δὲ

377 3575 596 3645 ιάτμίζοι
635 3577 744 3630 ἀπὸ
770 3577 865 3630 τοῦ
911 3577 1218 3650 προσώπου.
1255 3581 1364 3633 Καὶ
1394 3582 1503 3652 γὰρ
1541 3581 1605 3652 δὴ
1650 3585 1698 3635 εί
1741 3582 1956 3653 ἀληθῶς

381 3668 512 3722 αὐτὸ
541 3669 740 3723 τοιόνδε
784 3671 870 3722 ἐπ’
913 3671 1082 3740 αὐτῆς
1132 3669 1350 3743 Ῥώμης
1390 3673 1724 3744 ἐπέπρακτο,
1764 3676 1863 3728 οὐκ
1891 3675 1957 3728 ἂν

377 3761 619 3832 ἐλελήθει
665 3761 886 3832 βασιλέα
939 3781 999 3816 τε
1047 3763 1281 3836 πρῶτον,
1334 3768 1427 3820 καὶ
1469 3767 1594 3831 τοὺς
1642 3769 1759 3837 μετ’
1795 3767 1956 3822 αὑτὸν

377 3850 626 3915 ἅπαντας
664 3852 962 3924 ὑπάρχους,
1011 3854 1245 3925 μάλιστα
1289 3857 1345 3910 δὲ
1388 3857 1478 3910 τὸν
1525 3858 1809 3928 φιλόσοφον
1851 3860 1957 3912 Εὐ-

382 3945 624 4017 φράτην,
671 3949 1074 4019 ἐγχωριάζοντα
1116 3951 1235 4002 κατ’
1260 3953 1433 4004 ἐκεῖνο
1469 3953 1693 4024 καιροῦ,
1742 3953 1836 4006 καὶ
1865 3953 1958 4006 ἐπὶ

380 4038 479 4108 τῆς
519 4037 735 4110 Ῥώμης
773 4041 1132 4112 διατρίϐοντα,
1179 4043 1237 4106 ὃς
1265 4043 1327 4116 δὴ
1361 4046 1418 4108 ἐς
1449 4044 1672 4117 ὕστερον
1703 4047 1802 4118 τὴν
1837 4049 1957 4100 κατ’

383 4129 546 4183 αὑτοῦ
582 4133 934 4202 κατηγορίαν,
965 4133 1041 4197 ὡς
1085 4135 1148 4206 δὴ
1190 4136 1329 4190 κατά
1374 4137 1585 4208 γόητος,
1638 4127 1959 4192 ὑποϐάλλειν

381 4222 681 4294 ῖστέρηται.
716 4226 937 4290 Πάντως
966 4227 1074 4298 γὰρ
1105 4228 1170 4281 ἂν
1194 4229 1484 4292 καὶτοῦτο,
1516 4233 1563 4284 εί
1591 4230 1654 4303 δὴ
1681 4232 1837 4285 τοῦτο
1867 4251 1960 4302 γε-

382 4315 536 4382 γονὸς
558 4311 645 4385 ἦν,
675 4320 793 4380 ταῖς
814 4317 1001 4381 ἄλλαις
1036 4320 1155 4372 κατ’
1199 4320 1365 4373 αὑτοῦ
1396 4322 1666 4387 διαϐολαῖς
1692 4325 1826 4396 πρὸς
1862 4325 1957 4379 τοῦ

383 4405 686 4474 κατηγόρου
715 4407 1150 4475 συγκατείλεκτο.
1193 4411 1302 4463 Καὶ
1334 4411 1402 4464 τὰ
1435 4413 1530 4482 μὲν
1560 4414 1617 4465 ἐν
1655 4415 1808 4485 μέρει
1866 4418 1962 4470 καὶ

382 4496 503 4546 κατ’
533 4489 669 4558 εἶδος
698 4498 844 4568 αὐτῷ
876 4501 1256 4572 πεπραγμένα,
1283 4505 1518 4556 τοσαῦτα
1537 4522 1550 4534 σ
1589 4506 1756 4577 μυρία
1782 4506 1838 4558 δὲ
1868 4509 1962 4560 καὶ

454 4649 499 4681 ¹¹¹
541 4650 750 4732 lib._1v,
782 4667 835 4708 c.
868 4654 958 4710 12.
1031 4657 1077 4688 ⁷³
1119 4657 1212 4713 lib.
1255 4674 1344 4724 tv,
1377 4674 1428 4713 c.
1467 4660 1554 4714 16.
1631 4663 1679 4694 ⁷³
1716 4662 1814 4718 lib.
1851 4679 1938 4729 tv,

2056 4663 2147 4719 20.
2223 4665 2272 4697 '”
2313 4664 2409 4719 lib.
2443 4680 2533 4732 ιν,
2569 4679 2620 4719 c.
2655 4664 2748 4720 25.
2823 4667 2870 4698 ⁷⁵
2909 4665 3004 4720 lib.
3037 4680 3090 4720 tv
3114 4705 3129 4731 ,
3163 4679 3213 4718 c.
3256 4664 3350 4718 45.

388 4733 484 4773 Vm
500 4761 516 4785 ,
548 4736 596 4775 c.
633 4722 686 4776 5.

460 4830 591 4902 (58‘)
631 4833 882 4899 Ἱκανῶς.
916 4833 1077 4890 Forte
1104 4837 1307 4901 ἱκανός.
1337 4837 1494 4895 Εοιτ.

457 4902 567 4985 (5_9)
635 4905 995 4985 Γραεξέντος,
1057 4905 1200 4985 _Editi
1258 4910 1530 4985 habebant
1594 4912 1950 4985 πραχθέντος.

381 4967 560 5045 Paule
600 4967 862 5028 audacius
903 4967 1071 5030 videri
1105 4990 1417 5045 poteramus
1469 4983 1559 5038 hic
1609 4967 1948 5038 eine'itdasse.

384 5042 492 5116 Sed
519 5046 837 5109 necessitas,
872 5057 930 5100 ut
961 5042 1141 5116 spero,
1180 5051 1463 5103 audaciam
1496 5055 1800 5116 excusabit;
1832 5054 1954 5106 nul-

387 5114 505 5193 lt_un_
541 5116 685 5168 enim
728 5114 1078 5193 sensum_bic
1130 5117 1310 5193 fundit
1358 5124 1712 5193 πραχθέντος.
1746 5114 1952 5178 COntra

384 5184 664 5265 εύχέρειαν
705 5193 756 5240 et
811 5187 1139 5265 κουφότητα.
1171 5184 1506 5265 Christianis
1547 5184 1952 5263 exprobraverat

384 5253 680 5333 Hierocles,
705 5271 865 5324 quam
881 5253 1094 5333 passim
1130 5259 1310 5333 in_hoc
1338 5253 1953 5333 opusculo'retorquen-

379 5332 488 5404 tem
531 5326 1140 5404 vidunusmcalumniam
1183 5326 1517 5388 Eu5ebium:
1555 5337 1728 5404 ipsum
1770 5326 1952 5404 p'otius

380 5393 702 5472 llicroclem,
746 5395 1242 5472 Philostratumque
1287 5393 1678 5472 tantopere-ab
1705 5393 1954 5459 eolcom-

381 5465 714 5526 t'ucnda‘tum,
745 5468 1036 5543 εὐχερείας.
1060 5480 1113 5543 et.
1148 5465 1485 5543 κουφότητος
1528 5491 1650 5530 reos
1697 5491 1818 5530 esse
1852 5474 1950 5528 de-

383 5545 773 5617 n'tonstrantetu
800 5558 811 5590 :
849 5540 991 5617 quod
1025 5540 1112 5592 hic
1141 5540 1506 5617 qttoque__'ettm
1538 5545 1716 5600 facere
1745 5547 1952 5617 liquido

382 5615 631 5686 constare
677 5616 825 5686 puto.
873 5609 1484 5686 Caeterum—sivehillutl
1531 5609 1831 5686 γραφέντος
1883 5617 1952 5670 ad

383 5671 688 5756 liierocleni
714 5678 942 5756 referas,
988 5681 1102 5735 sive
1135 5683 1201 5734 ad
1236 5671 1622 5756 Philostratuin
1653 5671 1762 5743 non
1810 5671 1952 5741 inul-

377 5750 492 5798 tum
524 5749 788 5817 intererit,
825 5766 947 5804 nam
977 5760 1154 5820 potest
1181 5755 1411 5825 γραφείς
1439 5773 1562 5813 esse
1589 5758 1678 5813 ille
1710 5772 1949 5830 quoque,

2050 1912 2170 1966 liari
2206 1912 2361 1973 nolit,
2399 1911 2835 1967 sacrificantibus
2877 1909 3004 1963 licet
3037 1917 3200 1978 atque
3250 1908 3549 1962 libentibus
3572 1906 3624 1962 ei

2050 2005 2444 2059 indesinenter.
2475 2001 2580 2057 Sed
2618 2010 2671 2055 et
2695 1999 3003 2056 Palamedis
3040 2001 3350 2070 sepulcrum
3376 2016 3484 2054 una
3500 2013 3626 2054 cum

2051 2098 2196 2152 illius
2222 2104 2404 2152 statua
2434 2095 2573 2149 male
2602 2095 2843 2149 dirutum
2878 2095 3179 2151 restaurari
3205 2093 3383 2164 jubet.

2520 2206 2680 2277 53o
2715 2203 2940 2260 CAPUT
2977 2202 3144 2259 xxx.

2120 2302 2380 2370 Quintum
2406 2317 2570 2372 porro
2615 2307 2940 2370 sextumque
2978 2299 3307 2354 miraculum
3335 2313 3446 2352 non
3485 2311 3627 2367 opus

2052 2392 2271 2453 habent,
2300 2400 2359 2446 ut
2389 2393 2549 2461 longa
2581 2393 2661 2446 eis
2689 2393 2948 2446 oratione
2983 2391 3357 2452 immoremur,
3387 2404 3492 2460 qua
3533 2403 3628 2459 pa-

2052 2493 2158 2540 teat
2183 2485 2378 2539 stolida
2397 2485 2684 2553 scriptoris
2714 2483 3037 2552 simplicitas
3073 2501 3086 2533 :
3123 2481 3402 2536 daemonas
3426 2494 3621 2550 nempe

2051 2579 2325 2642 exturbat,
2351 2577 2539 2638 alium,
2567 2584 2626 2630 ut
2660 2576 2818 2646 vulgo
2839 2576 3013 2638 aiunt,
3039 2590 3140 2644 ope
3165 2574 3409 2628 alterius.
3442 2573 3624 2626 Alium

2053 2684 2249 2738 nempe
2282 2684 2346 2722 ex
2375 2667 2725 2722 adolescente
2755 2666 3023 2720 iufrunito
3040 2667 3109 2729 ⁷³,
3140 2666 3307 2719 alium
3340 2679 3506 2734 porro
3531 2663 3629 2734 qui

2054 2759 2191 2814 facie
2216 2759 2466 2814 muliebri
2506 2767 2654 2814 esset
2687 2758 2992 2814 indutus”.
3019 2757 3197 2828 Atque
3231 2757 3378 2810 hunc
3406 2756 3627 2826 quidem

2059 2850 2362 2906 «Lamiam»
2387 2859 2440 2907 et
2457 2850 2803 2920 «Empusam,
2820 2871 2837 2902 ι
2861 2850 2995 2920 ipsis
3022 2851 3174 2904 hisce
3205 2849 3462 2903 adhibitis
3482 2847 3632 2902 voci-

2066 2943 2190 3001 bus.
2221 2943 2666 3014 sapientiséimus
2689 2952 2880 2996 auctor
2897 2943 3150 3012 appellat.
3174 2940 3413 2996 Puellam
3433 2940 3557 2994 inde
3573 2939 3630 2993 in

2053 3037 2188 3092 urbe
2213 3037 2457 3090 Romana
2475 3037 2520 3068 ⁷⁸
2541 3036 2683 3105 quod
2704 3043 2827 3106 post
2843 3047 3069 3089 mortem
3091 3034 3145 3088 in
3167 3033 3332 3088 vitam
3355 3032 3635 3088 reduxerit

1980 3163 2024 3222 ϐ
2057 3129 2284 3192 iterum,
2334 3144 2458 3183 cum
2489 3130 2572 3183 vel
2598 3129 2703 3198 ipsi
2734 3127 3068 3182 Philostrato
3103 3127 3263 3195 plane
3306 3124 3627 3179 incredibile

2059 3219 2323 3282 videatur,
2342 3220 2502 3289 plane
2517 3219 2935 3288 repudiandum.
2969 3217 3028 3273 In
3067 3218 3321 3289 ambiguo
3348 3219 3492 3272 enim
3523 3217 3633 3271 hae.

2057 3319 2160 3372 ret.
2193 3327 2322 3364 num
2371 3310 2555 3364 vitalis
2580 3325 2727 3364 aurae
2767 3311 3027 3373 scintilla,
3064 3310 3120 3364 in
3156 3311 3337 3380 puella
3386 3307 3630 3371 residua,

2058 3403 2300 3458 medicos
2342 3403 2584 3457 latuerit.
2627 3400 2848 3455 Famam
2900 3402 3045 3456 enim
3095 3417 3220 3456 esse
3260 3401 3357 3464 ait,
3391 3400 3630 3469 pluviam

2059 3500 2171 3546 tum
2195 3494 2461 3550 cecidisse
2497 3493 2948 3562 placidissimam.
2984 3507 3052 3546 ex
3092 3492 3284 3561 puellae
3331 3507 3464 3546 vero
3491 3489 3634 3546 facie

2058 3601 2309 3654 vaporem
2349 3585 2660 3640 exhalasse.
2701 3583 2770 3636 At
2803 3591 2972 3646 certe,
3015 3583 3062 3637 si
3112 3599 3237 3637 vere
3268 3583 3373 3636 tale
3414 3582 3542 3652 quid
3575 3582 3633 3636 in

2057 3678 2175 3746 ipsa
2219 3678 2353 3732 urbe
2379 3675 2626 3730 Romana
2668 3675 2863 3730 fuisset
2897 3681 3170 3745 patratum
3195 3716 3209 3738 ,
3240 3672 3427 3742 fugere
3455 3673 3634 3744 primo

2057 3768 2234 3838 ipsum
2275 3767 2494 3838 quidem
2537 3781 2644 3820 non
2681 3767 2952 3835 potuisset.
3003 3765 3417 3833 imperatorem,
3455 3779 3634 3833 neque

2058 3861 2357 3932 principes,
2381 3859 2474 3930 qui
2505 3859 2816 3929 proximum
2838 3857 2889 3911 ei
2918 3857 3095 3909 locum
3125 3856 3392 3921 obtinent,
3417 3869 3632 3920 omnes,

2060 3951 2330 4020 praecipue
2361 3957 2564 4013 autem,
2603 3948 2696 4018 qui
2725 3963 2789 4002 ea
2829 3953 3148 4015 tempestate
3170 3946 3224 3998 in
3243 3945 3366 4000 istis
3388 3945 3634 4014 partibus

2060 4037 2276 4113 agebat,
2313 4043 2423 4095 imo
2465 4043 2516 4095 in
2567 4041 2683 4110 ipsa
2730 4040 2865 4094 urbe
2911 4037 3082 4091 Roma
3129 4045 3243 4092 tum
3287 4039 3633 4102 versabatur,

2064 4135 2387 4204 Euphratem
2419 4133 2827 4204 philosophum,
2863 4132 2956 4202 qui
3005 4130 3468 4200 subsequentibus
3497 4137 3636 4184 tem-

2061 4230 2310 4298 poribus,
2335 4228 2766 4282 controversiam
2787 4236 3047 4296 tanquam
3068 4239 3225 4295 mago
3251 4239 3300 4278 ei
3335 4224 3636 4278 intentasse

2064 4324 2402 4379 narratur".
2439 4321 2579 4377 Sane
2626 4337 2756 4377 vero
2790 4323 2894 4376 hoc
2939 4321 3164 4375 omnino
3212 4320 3402 4382 etiam,
3436 4319 3482 4377 si
3515 4317 3640 4388 qui-

2061 4413 2180 4469 dem
2215 4414 2420 4468 factum
2450 4415 2500 4468 id
2530 4423 2695 4476 esset,
2731 4413 2944 4468 caeteris
2981 4412 3434 4482 imputationibus
3460 4412 3525 4463 ab
3546 4426 3643 4465 ac-

2065 4515 2320 4563 cusatore
2354 4507 2600 4562 additum
2645 4506 2858 4562 fuisset.
2891 4507 3069 4575 Atque
3103 4506 3206 4560 ista
3240 4504 3462 4580 quidem
3509 4511 3640 4559 sunt

3451 4663 3496 4694 ⁷⁸
3536 4663 3635 4718 lib.

1988 4850 2031 4904 D
2060 4847 2150 4914 qui
2184 4845 2329 4920 [item
2351 4847 2598 4908 intendit,
2630 4864 2751 4918 quae
2776 4850 2960 4920 γραφή
2999 4848 3200 4903 dicitur
3225 4867 3252 4920 _:
3294 4847 3462 4920 forma
3491 4847 3636 4903 enim

2062 4917 2277 4984 passiva
2322 4917 2423 4971 hoc
2471 4917 2695 4973 verbum
2734 4917 2910 4975 active
2951 4917 3140 4973 tamen
3190 4918 3496 4989 significare
3537 4921 3640 4972 tri-

2062 4996 2195 5038 tum.

2133 5056 2243 5126 (40)
2283 5050 2358 5128 ᾞ
2382 5074 2552 5126 φασι.
2580 5058 2774 5114 Forma
2807 5060 2921 5114 haec
2952 5059 3209 5128 loquendi
3245 5059 3466 5128 vulgare
3498 5058 3633 5114 illttd

2059 5125 2265 5179 dictum
2295 5125 2461 5183 fuisse
2489 5130 2686 5194 innuit,
2719 5140 2901 5183 natum
2934 5125 3070 5182 forte
3097 5146 3162 5182 ex
3195 5125 3505 5182 Jutlzeorum
3537 5130 3635 5182 ad-

2060 5212 2251 5251 versus
2277 5197 2612 5254 Salvatorem
2645 5201 2938 5264 calumnia,
2957 5201 3041 5253 vel
3070 5200 3136 5253 iis
3155 5199 3316 5253 etiam
3338 5201 3447 5265 jam
3476 5210 3634 5254 antea

2059 5267 2192 5340 trito
2223 5283 2322 5322 usu
2351 5280 2648 5338 receptum,
2674 5281 2726 5324 et
2753 5273 2953 5340 passim
2983 5270 3144 5340 deiiis
3183 5269 3510 5340 adhibitum,
3535 5271 3630 5338 qui

2056 5337 2261 5411 malum
2292 5341 2441 5411 malo
2469 5337 2820 5411 depellerent.
2859 5340 2949 5395 Sic
2985 5339 3110 5406 inf.,
3146 5353 3196 5393 c.
3237 5339 3328 5405 52,
3358 5340 3496 5394 ἀλλά
3524 5337 3631 5411 γὰρ

2057 5408 2150 5459 καὶ
2165 5407 2388 5481 τυφλῷ,
2419 5407 2572 5480 φασϊ,
2608 5411 2793 5481 δῆλον,
2816 5421 2922 5466 etc.

2129 5477 2239 5547 (41)
2294 5477 2727 5535 Ἀπιστότατον.
2779 5480 2856 5533 Ita
2914 5484 3160 5538 rescribo
3219 5481 3482 5537 audacter
3535 5495 3635 5549 pro

2057 5547 2424 5624 ἀπιστοτάτην
2456 5554 2612 5624 quod
2641 5561 2730 5624 cst.
2763 5551 2816 5604 in
2850 5553 3036 5624 editis.
3073 5553 3342 5624 Imperitis
3366 5623 3370 5624 ν
3392 5547 3636 5604 librariis

2056 5617 2240 5671 fucum
2274 5617 2402 5674 fecit
2430 5617 2573 5690 quod
2596 5621 2750 5686 δόξαν
2775 5617 3167 5678 substantivuni
3193 5623 3501 5692 femininum
3535 5637 3636 5691 pu-

2057 5695 2258 5771 tarem,
2303 5693 2450 5771 quod
2495 5703 2674 5748 tamen
2709 5700 2792 5747 est
2837 5697 3181 5765 participium
3223 5694 3471 5768 ἀόριστον
3506 5707 3634 5747 neu-

2062 5767 2432 5832 triqueneris.
