4112 6432
531 358 638 416 839
1168 353 1438 413 EUSEBII
1476 356 1954 412 CAESARIENSiS
1993 356 2142 412 OPP.
2179 357 2379 415 PARS.
2415 358 2457 413 ll
2500 391 2568 402 —
2604 359 3117 417 APOLOGETICA.
3689 367 3796 427 8εο

532 482 886 554 particularia
923 481 1198 550 Apollonii
1249 481 1392 536 facta
1446 488 1611 552 atque
1658 481 2004 550 specialiora.
2038 482 2107 536 At
2135 502 2156 554 Α

2173 480 2365 554 γᾶλλα,
2406 485 2498 536 καὶ
2538 483 2678 538 κατὰ
2726 485 3034 557 πρόγνωσιν
3074 485 3236 538 αὑτὸν
3284 485 3500 554 λέγειν,
3554 505 3797 561 προμαν-

533 578 638 630 alia
669 576 830 629 etiam
876 574 1165 628 innumera
1210 589 1454 644 praesaga
1498 581 1680 630 mente
1721 573 1929 632 dixisse
1954 590 2102 641 eum,

2207 574 2501 628 τεύσασθαί
2555 593 2614 628 τε
2670 578 2762 629 καὶ
2828 578 3212 649 προειρηκέναι
3281 578 3503 650 γράφει.
3562 581 3671 636 Καὶ
3716 584 3794 648 ὡς

533 669 999 737 vaticinatnmqne
1049 683 1170 721 esse
1200 678 1253 722 et
1301 667 1704 738 praececinisse,
1749 669 1959 724 scribit.
1991 668 2106 724 Hoc

2221 666 2471 739 Ἀθήνῃσι
2495 665 2819 737 βουληθέντα
2869 669 3137 740 μυηθῆναι
3181 669 3250 723 τὰ
3284 671 3583 726 Ἐλευσίνια
3609 677 3636 727 ό
3665 675 3788 746 τῇδε

530 761 682 824 item,
715 770 770 813 nl
789 761 1013 815 Athenis
1038 760 1240 814 initiari
1270 759 1563 816 Eleusiniis
1592 760 1766 817 sacris
1795 763 2102 832 cupiens",

2206 755 2381 830 εἷρξεν
2405 761 2433 811 ό
2467 759 2662 830 ἱερεὺς,
2691 759 2763 830 μὴ
2794 761 2857 813 ἄν
2887 778 3013 813 ποτε
3046 763 3224 832 φήσας
3269 764 3569 835 μυήσεσθαι
3595 767 3787 838 γόητα,

529 867 561 907 a
591 852 808 908 Cereris
859 853 1142 908 sacerdote
1177 854 1482 924 prohibitus
1531 854 1716 922 fuerit,
1765 857 1910 911 nolle
1959 872 2102 919 sese.

2208 853 2340 923 μηδὲ
2368 851 2438 905 τά
2472 851 2769 904 Ἐλευσίνια
2793 853 2997 918 ἀνοῖξαι
3030 851 3302 924 ἀνθρώπῳ
3349 855 3424 925 μὴ
3462 855 3687 928 καθαρῷ
3721 857 3788 912 τὰ

529 947 731 1009 aiente,
766 961 982 1016 magum
1008 946 1247 1010 initiare,
1284 946 1628 1003 Eleusiniave
1671 963 1828 1003 sacra
1864 949 2103 1019 pandere

2203 946 2470 1015 δαιμόνια.
2514 944 2672 998 Ἀλλὰ
2707 945 2800 996 καὶ
2825 943 2902 1014 τῷ
2935 945 3179 1013 ἀσελγῶς
3210 945 3480 1017 ἀγείροντι
3517 948 3656 1002 κατὰ
3687 948 3789 1021 τὴν

525 1038 759 1105 homini,
789 1040 970 1094 minus
1001 1041 1154 1108 puris
1196 1039 1416 1094 addicto
1460 1042 1654 1095 sacris.
1694 1038 1806 1094 lmo
1839 1042 2002 1096 etiam
2027 1044 2098 1105 ei,

2215 1035 2450 1108 Ῥώμην,
2480 1037 2572 1089 καὶ
2604 1035 2702 1100 τὰς
2730 1034 2980 1106 Νέρωνος
3031 1035 3169 1106 μετὰ
3212 1036 3442 1109 κιθάρας
3480 1038 3573 1091 ἐπὶ
3609 1037 3787 1110 μισθῴ

525 1131 619 1199 qui
656 1131 928 1199 impudice
974 1131 1201 1184 Romam
1252 1133 1728 1201 pervagabatur",
1761 1131 2101 1203 Neronisque

2200 1128 2446 1194 διεξιόντι
2481 1128 2642 1200 ᾠδὰς,
2699 1128 2886 1200 μισθὸν
2931 1128 3205 1182 ἐπιδοῦναι
3245 1132 3358 1193 τοῖς
3405 1130 3641 1202 ἑταίροις
3684 1131 3785 1202 τῆς

526 1221 774 1274 carmina
822 1222 889 1275 ad
919 1222 1189 1276 citharam
1233 1225 1481 1279 mercede
1517 1225 1857 1290 cantillabat,
1889 1242 2099 1280 merce-

2201 1221 2370 1290 σοφῆς
2395 1221 2596 1290 ταύτης
2621 1220 3037 1290 ἐπιτηδεύσεως,
3068 1223 3096 1274 ό
3119 1220 3550 1290 φιλοσοφώτατος
3577 1221 3663 1276 διὰ
3691 1221 3783 1274 τὸν

524 1313 648 1369 dem
687 1324 746 1368 ut
789 1315 1063 1369 solverent
1088 1314 1158 1369 ob
1184 1317 1498 1386 praclaram
1543 1333 1786 1388 operam,
1815 1317 2097 1373 sodalibus

1395 1333 1498 1371 ram
1543 1333 1786 1388 operam,
1815 1317 2097 1373 sodalibus
2198 1312 2448 1384 Νέρωνος
2482 1311 2644 1381 φόϐον
2677 1313 3019 1384 προστάττει.

525 1407 641 1462 suis
674 1421 924 1462 summus
976 1406 1065 1460 ille
1107 1407 1489 1478 phiIOSOphus,
1525 1407 1794 1464 Neronem
1819 1416 2091 1466 metuens.

522 1501 798 1571 praecepit.

1080 1591 1310 1646 CAPUT
1347 1591 1539 1647 XXXI.
2700 1601 2704 1653 Ι

2700 1599 3092 1653 ΚΕΦΑΛΑΙΟΝ
3134 1600 3236 1653 AA'

586 1703 764 1775 Atque
809 1703 932 1758 istis
979 1703 1198 1773 quidem
1245 1710 1444 1772 quarto
1498 1703 1663 1757 etiam
1714 1702 1988 1768 absoluto,
2018 1704 2090 1770 in
2273 1718 2363 1771 Ἐν
2393 1719 2601 1781 τούτοις
2634 1717 2726 1771 καὶ
2747 1714 2838 1769 τοῦ
2868 1715 3129 1786 τετάρτου
3161 1714 3592 1785 περιγραφέντος
3615 1715 3672 1767 ὲν
3695 1731 3776 1787 τῳ

517 1798 713 1868 quinto
762 1797 1028 1851 institutae
1060 1794 1128 1849 de
1167 1809 1233 1849 eo
1265 1793 1585 1864 scriptionis
1629 1795 1852 1859 libro",
1884 1796 1976 1850 ubi
2022 1797 2090 1851 de
2125 1859 2141 1880 ι

2148 1861 2162 1880 ,
2193 1811 2428 1880 πέμπτῳ
2469 1811 2568 1880 τῆς
2607 1809 2732 1879 περί
2779 1805 2943 1860 αὑτοῦ
2984 1806 3220 1877 γραφῆς,
3265 1803 3434 1858 εἰπών
3481 1823 3601 1860 τινα
3644 1808 3772 1880 περὶ

516 1859 740 1945 fatidica
785 1889 904 1959 ejus
955 1888 1213 1943 facultate
1257 1859 1520 1943 nonnulla
1571 1888 1822 1951 dixisset,
1855 1859 2140 1957 eumquel

2142 1860 2162 1913 3
2612 1859 3334 1968 αὑτοῦ,κα“ιάπόθα¹υμάσας
3354 1899 3382 1951 ό
3401 1859 3766 1968 συγγραφεὺς,

515 1983 817 2037 admiratus
850 1988 996 2036 esset
1025 1982 1283 2050 scriptor,
1335 1980 1439 2035 ista
1479 1981 1546 2034 ad
1601 1980 1827 2034 verbum
1861 1979 2090 2048 subjun-

2191 1992 2430 2061 ἐπιλέγει
2478 1993 2648 2046 ταῦτα
2699 1992 2838 2045 κατὰ
2881 1990 3055 2055 λέξιν·
3088 2011 3105 2042 ι
3134 1993 3255 2043 Ὅτι
3307 1991 3405 2061 μὲν
3444 1991 3506 2061 δὴ
3546 1991 3615 2044 τὰ
3655 1991 3767 2062 (45)

512 2073 622 2142 git:
657 2090 673 2120 ι
707 2070 857 2136 Quod
891 2077 1070 2122 autem
1117 2069 1233 2125 haec
1276 2067 1462 2123 divino
1487 2068 1721 2138 quodam
1755 2075 1905 2122 motu
1936 2081 2070 2133 prte-

2188 2084 2412 2138 τοιαῦτα
2435 2085 2684 2155 δαιμονίᾳ
2711 2085 2918 2154 κινήσει
2953 2083 3209 2155 προέλεγε
3247 2082 3378 2153 (44),
3409 2083 3501 2136 καὶ
3543 2084 3625 2136 ὅτι
3658 2086 3769 2147 τοῖς

510 2163 724 2224 dixerit,
741 2162 995 2231 quodque
1012 2176 1199 2230 parum
1222 2175 1352 2214 sana
1377 2167 1600 2213 utantur
1622 2167 1820 2223 mente,
1853 2172 2066 2226 magum

2188 2178 2360 2248 γόητα
2397 2178 2718 2248 ἡγουμένοις
2749 2176 2842 2232 τὸν
2884 2175 3052 2245 ἄνδρα
3103 2175 3472 2245 οὑχὺγιαίνει
3516 2179 3544 2230 ό
3589 2176 3767 2244 λόγος,

511 2255 679 2310 fuisse
714 2255 864 2308 illum
896 2255 988 2323 qui
1024 2256 1347 2324 opinantur,
1380 2253 1560 2325 531,
1599 2252 1730 2308 satis
1764 2259 1976 2304 constat
2001 2264 2068 2303 ex

2184 2271 2333 2341 δηλοῖ
2373 2273 2468 2340 μὲν
2501 2271 2594 2324 καὶ
2635 2270 2705 2324 τά
2736 2270 2998 2341 εἰρημένα
3019 2286 3031 2298 '
3075 2268 3402 2339 σκεψώμεθα
3434 2268 3490 2322 δὲ
3517 2270 3764 2322 κάκεῖνα⁸

511 2346 668 2401 dictis
712 2345 1012 2414 hucusque.
1065 2346 1392 2408 Sed,tamen
1431 2362 1492 2400 ea
1523 2358 1740 2414 quoque
1769 2343 1835 2397 de
1863 2357 1922 2396 re
1953 2356 2070 2395 am-

2185 2364 2248 2416 Οἰ
2273 2363 2467 2432 γόητες
2514 2360 2776 2432 (ἡγοῦμαι
2816 2361 2862 2413 δ’
2892 2361 3087 2422 αὐτοὺς
3120 2358 3228 2428 ἐγὼ
3271 2360 3766 2431 κακοδαιμονεστά-

509 2436 652 2504 plius
670 2435 1047 2506 diSpiciamus.
1074 2435 1466 2503 lncantatores,
1490 2451 1585 2491 eos
1617 2446 1798 2490 autem
1826 2452 1925 2507 ego
1946 2453 2086 2491 mor-

2182 2472 2307 2518 τους
2347 2452 2691 2526 ἀνθρώπων),
2721 2455 2770 2516 οἰ
2826 2451 2922 2523 μὲν
2988 2453 3046 2515 ἐς
3095 2451 3357 2522 βασάνους
3388 2451 3620 2506 εἰδώλων
3653 2470 3767 2524 χω-

505 2530 694 2582 talium
729 2528 1140 2584 infelicissimos
1201 2535 1330 2598 puto
1364 2543 1509 2593 esse,
1547 2530 1744 2598 partim
1794 2530 2081 2599 spiritibus

2186 2546 2426 2617 ροῦντες,
2481 2547 2530 2598 οἰ
2577 2544 2634 2598 δὲ
2701 2549 2758 2608 ὲς
2809 2543 2996 2608 Θυσίας
3047 2542 3374 2615 βαρϐάρους,
3421 2545 3471 2597 οἰ
3509 2544 3565 2598 δὲ
3616 2547 3675 2610 ἐς
3704 2546 3766 2600 τὴ

505 2619 825 2689 torquendis
859 2635 981 2675 sese
1019 2620 1316 2691 applicant,
1345 2621 1543 2690 partim
1590 2621 1838 2676 barbaris
1879 2624 2076 2686 sacris,

2180 2640 2379 2711 ὲπᾷσαί
2424 2657 2476 2694 τι
2550 2640 2581 2710 ἢ
2624 2638 2860 2708 ἀλεῖψαι,
2914 2639 3229 2708 μεταποιεῖν
3274 2654 3406 2706 φασι
3455 2637 3522 2691 τὰ
3571 2641 3765 2710 εἰμαρ-

502 2711 701 2780 partim
725 2712 1061 2766 carminibus
1102 2720 1196 2766 aut
1226 2711 1451 2766 venenis
1500 2709 1735 2766 fatorum
1776 2714 1984 2768 sancita
2019 2731 2079 2770 se

2183 2709 2318 2805 μένα
2369 2733 2498 2806 (45).
2657 2732 2713 2785 δὲ
2763 2732 2946 2784 εἵπετο
2992 2731 3088 2801 μὲν
3139 2734 3250 2794 τοῖς
3301 2732 3364 2784 ὲκ
3411 2709 3635 2803 μοιρῶν,
3667 2732 3761 2785 καὶ

499 2802 721 2871 quidem
775 2812 988 2859 mutare
1033 2804 1208 2860 aiunt.
1239 2804 1565 2875 Apollonius
1610 2814 1793 2860 autem
1841 2807 2076 2862 fatorum

2181 2802 2472 2898 προέλεγεν
2506 2823 2642 2895 (to),
2678 2825 2752 2888 ὼς
2787 2825 3000 2893 ἀνάγκη
3032 2823 3248 2878 ἔσεσθαι
3289 2824 3398 2894 (47)
3428 2802 3584 2878 αὑτά.
3630 2826 3762 2897 Προ-

499 2890 719 2949 decreta
751 2897 1104 2966 sequebatur,
1162 2896 1423 2966 fatalique
1454 2899 1786 2954 necessitate
1814 2909 2076 2955 eventura

2177 2890 2328 2988 έλεγε
2382 2890 2522 2989 ('48)‘
2563 2890 2619 2972 δέ
2663 2918 2724 2971 οὑ
2778 2890 3088 2988 γοητεύων,
3146 2916 3259 2970 ἀλλ’
3298 2890 3388 2984 Ἴὲξν
3422 2910 3496 2970 ὧν
3545 2918 3595 2969 οἱ
3647 2890 3759 2970 θεοὶ

496 2987 825 3056 praedicebat
853 3007 867 3056 ;
900 2989 1228 3059 praedicebat
1258 2998 1438 3044 autem
1464 3007 1574 3046 non
1603 2994 1793 3064 magia:
1829 3008 1950 3064 ope,
1984 3010 2076 3049 ve-

2175 3009 2414 3080 ἐφαινον.
2484 3011 2628 3063 Ἰδών
2673 3027 2731 3062 τε
2779 3007 2931 3078 παρὰ
2988 3012 3101 3072 τοῖς
3167 3009 3346 3072 Ἰνδοῖς
3395 3009 3522 3073 τοὺς
3572 3009 3757 3079 τρίπο-

498 3095 619 3133 rum
672 3079 900 3134 deorum
957 3082 1290 3137 revelatione
1341 3084 1589 3138 edoctus.
1637 3084 1882 3155 Cumque
1928 3085 2071 3156 apud

2173 3101 2289 3164 δας,
2331 3101 2424 3154 καί⁹
2449 3102 2574 3164 τοὺς
2602 3099 2891 3170 οἰνοχόους,
2927 3099 3022 3152 καὶ
3054 3101 3153 3152 ὅσα
3187 3099 3465 3169 αὐτόματα
3499 3101 3753 3169 ὲσφοιτᾷν

495 3168 657 3227 ludos
685 3171 913 3227 vidisset
943 3171 1209 3242 tripodas,
1230 3175 1630 3245 pincernasque
1660 3184 1712 3230 ct
1729 3186 1930 3241 cetera,
1950 3195 2070 3249 quae
2099 3210 2119 3269 (

2119 3209 2140 3269 ;
2173 3189 2343 3256 εἷπον,
2369 3193 2481 3247 οὗθ’
2506 3196 2652 3259 ὅπως
2688 3193 2986 3262 σοφίζοιντο
3015 3193 3152 3246 αὐτὰ
3183 3194 3361 3262 ἤρετο,
3399 3191 3525 3244 οὔτε
3559 3191 3743 3262 ἐδεήθη

491 3272 798 3332 spontaneo
846 3274 995 3320 motu
1047 3269 1103 3321 in
1139 3267 1377 3322 medium
1419 3268 1642 3338 prodire
1681 3268 1920 3335 aiebant,
1971 3288 2068 3327 ne-

2118 3267 2127 3269 »
2175 3286 2384 3357 μαθεῖν,
2416 3286 2528 3339 ἀλλ’
2560 3286 2747 3357 ἐπῄνει
2777 3285 2896 3356 μὲν,
2923 3283 3189 3355 ζηλοῦνδὲ
3211 3283 3309 3334 οὑκ
3337 3281 3542 3352 ἠξίου.»
3563 3281 3742 3335 Ταῦτα

491 3371 598 3425 que
653 3371 760 3426 qua
836 3367 1153 3428 comparata
1224 3368 1408 3416 essent
1487 3371 1603 3415 arte
1675 3361 2064 3434 interragavil,

2167 3378 2223 3432 δὲ
2245 3378 2436 3447 λέγων,
2467 3377 2625 3449 δῆλός
2649 3381 2763 3432 ἐστι
2786 3378 2911 3440 τοὺς
2936 3374 3287 3447 περιϐοήτους
3323 3373 3499 3426 Ἰνδῶν
3531 3373 3741 3442 φιλοσό-

489 3463 686 3517 neque,
723 3457 782 3502 ut
819 3451 1140 3506 educeretur
1171 3452 1447 3523 quomodo
1474 3453 1615 3508 facta
1647 3462 1853 3519 essent,
1888 3458 2062 3526 petiit,

2167 3488 2301 3540 φους
2333 3472 2532 3540 γόητας
2565 3472 2900 3540 ἀποφαίνων.
2923 3469 3058 3538 Περὶ
3090 3467 3196 3537 γάρ
3223 3483 3306 3518 τοι
3338 3468 3545 3537 γοήτων
3566 3465 3747 3518 ποιού-

487 3556 673 3598 verum
709 3541 1206 3614 laudavitquidem,
1232 3546 1434 3600 imitari
1467 3555 1648 3604 tamen
1685 3548 1829 3602 haud
1862 3562 1946 3605 est
1978 3550 2064 3604 di-

2169 3580 2328 3634 μενος
2351 3564 2441 3616 τὸν
2474 3565 2650 3632 λόγον,
2695 3561 3023 3634 μνημονεύει
3056 3565 3148 3615 καὶ
3179 3560 3403 3614 τούτων·
3437 3557 3747 3626 σοφίζεσθαι

486 3643 704 3699 gnatus.
741 3655 758 3685 ι
787 3634 911 3690 llaec
945 3637 1208 3703 referens,
1228 3641 1618 3697 celeberrimos
1648 3643 1773 3698 illos
1805 3644 2060 3700 Indorum

2164 3656 2230 3709 τὰ
2256 3656 2318 3726 δὴ
2350 3655 2628 3723 παράδοξα
2659 3655 2831 3724 λέγων
2860 3655 3077 3718 αὐτοὺς.
3105 3653 3196 3706 καὶ
3225 3653 3337 3717 τὸν,
3373 3651 3499 3722 περὶ
3523 3642 3582 3702 οὑ
3611 3651 3639 3702 ὁ
3661 3649 3747 3701 λό-

481 3727 836 3798 phil030phos
869 3732 1378 3802 magosmanifeste
1413 3732 1615 3789 fatetur
1649 3751 1794 3792 esse.
1821 3736 1956 3792 Nam
1993 3738 2062 3793 de

2163 3762 2277 3813 γος,
2300 3746 2399 3814 τῆς
2419 3745 2617 3798 τοιᾶσδ’
2648 3745 2827 3798 αὑτῶν
2859 3743 3186 3814 σοφιστείας,
3218 3741 3293 3804 ὡς
3320 3741 3384 3794 ἂν
3408 3739 3482 3810 μὴ
3504 3739 3743 3802 ἀστείας,

479 3820 654 3890 magis
684 3835 992 3876 sermonem
1032 3817 1348 3887 instituens,
1384 3840 1574 3880 eorum
1611 3829 1944 3882 mentionem
1981 3828 2059 3882 fa-

2160 3832 2436 3905 ἀλλότριον
2467 3834 2873 3904 ὑποτιθέμενος.
2921 3831 3128 3886 Οὐκοῦν
3168 3834 3215 3885 εἰ
3255 3832 3496 3900 φαίνοιτο
3526 3829 3747 3891 τούτους

478 3911 554 3966 cit
588 3931 602 3968 :
637 3915 905 3982 stupenda
936 3930 1100 3984 opera
1132 3932 1228 3971 eos
1270 3926 1387 3972 arte
1419 3934 1519 3973 sua
1550 3921 1852 3990 producere
1879 3925 2054 3988 aiens,

2161 3921 2312 3986 θεοὺς
2344 3924 2653 3988 ἀποκαλῶν,
2689 3925 2782 3978 καὶ
2811 3923 3165 3987 διδασκάλους
3193 3921 3631 3994 ἐπιγραφόμενος
3658 3921 3750 3976 αὑ-

477 4005 706 4074 cjusque
734 4021 923 4060 eorum
948 4008 1104 4073 artis,
1139 4017 1398 4079 tanquam
1442 4028 1633 4082 parum
1663 4014 1926 4078 liberalis,
1954 4015 2056 4068 iiu-

2156 4012 2283 4076 τους
2310 4015 2338 4064 ὁ
2372 4013 2745 4076 Ἀπολλώνιος,
2771 4012 2888 4084 ὥρα
2913 4012 3022 4082 (49)
3047 4015 3167 4076 ταῖς
3197 4012 3339 4065 κατὰ
3361 4010 3472 4064 τῶν
3501 4009 3745 4065 διδασκά-

477 4099 709 4166 peritum
741 4115 887 4158 eum.
923 4101 990 4154 de
1019 4118 1128 4171 quo
1158 4104 1465 4158 oralionem
1501 4106 1756 4169 inStituit,
1793 4123 1914 4162 esse
1940 4118 2055 4162 sta-

2157 4103 2264 4156 λων
2304 4105 2398 4156 καὶ
2443 4104 2602 4158 αὑτὸν
2651 4105 2882 4172 ὑπάγειν
2920 4103 3210 4166 διαϐολαῖς.
3248 4102 3512 4170 Είσῆκται
3553 4101 3618 4172 δὴ
3650 4096 3743 4154 οὖν

477 4197 658 4243 tuens.
697 4187 750 4241 Si
784 4189 950 4258 igitur
994 4194 1279 4248 convictus
1312 4194 1475 4248 fuerit
1523 4194 1868 4266 Apollonius,
1906 4201 2052 4269 quod

2157 4197 2285 4266 παρ’
2328 4189 2408 4258 οἷς
2456 4211 2586 4266 φησι
2632 4195 2862 4264 Γυμνοῖς
2909 4194 3242 4262 Αἰγυπτίων,
3289 4195 3528 4264 ῥήμασιν
3559 4193 3743 4256 αὑτοῖς

473 4277 606 4333 deos
681 4281 956 4335 vocaverit
993 4281 1095 4340 hos
1146 4284 1325 4354 ipsos,
1379 4293 1434 4340 et
1477 4303 1577 4356 pro
1627 4291 2051 4360 prazceptoribus

2153 4287 2328 4340 ταῦτα
2348 4287 2591 4356 φάσκων·
2618 4305 2634 4334 ι
2662 4287 2774 4339 Ούκ
2796 4286 3020 4350 ἀπεικός
3040 4304 3092 4338 τι
3114 4285 3308 4338 παθεῖν
3332 4303 3422 4355 μοι
3448 4284 3589 4338 δοκῶ
3607 4283 3739 4354 (50),

473 4375 777 4443 agnoverit,
833 4376 1276 4448 intempestivum
1331 4381 1477 4434 haud
1509 4381 1637 4443 erit,
1693 4383 1796 4446 eis,
1848 4384 2052 4453 quibus

2156 4379 2472 4448 φιλοσοφίας
2495 4379 2747 4450 ἡττηθεὶς
2775 4376 2833 4433 εὖ
2859 4379 3295 4451 κεκοσμημένης,
3325 4379 3392 4449 ἡν
3416 4381 3471 4441 ὲς
3500 4377 3560 4430 τὸ
3581 4377 3743 4449 πρόσ·

473 4466 720 4536 magistri
744 4468 864 4537 ejus
895 4479 1167 4537 tenentur,
1204 4473 1660 4544 imputationibus
1699 4477 1878 4547 ipsum
1908 4495 2047 4548 quo.

2156 4489 2319 4542 φορόν
2343 4472 2452 4542 (51)
2495 4472 2644 4526 Ἰνδοὶ
2677 4473 3004 4536 στείλαντες.
3030 4474 3113 4542 ἐφ’
3142 4472 3353 4542 ὑψηλῆς
3383 4488 3441 4524 τε
3475 4472 3567 4524 καὶ
3589 4470 3741 4534 θείας

470 4571 578 4626 que
611 4557 908 4613 obnoxium
940 4576 1184 4617 censere.
1238 4561 1521 4618 lnducitur
1555 4581 1686 4636 ergo
1737 4566 1882 4636 apud
1934 4567 2048 4622 Nu-
2081 4564 2094 4617 l

2119 4578 2124 4608 ι
2159 4565 2406 4636 μηχανῆς
2443 4563 2820 4621 ὲκκυκλοῦσιύ.
2875 4568 2962 4630 Ὡς
3003 4566 3068 4636 δὴ
3101 4566 3158 4618 ὲν
3191 4565 3318 4638 δίκῃ
3355 4564 3454 4637 μὲν
3489 4564 3743 4636 ἠγάσθην

469 4648 592 4713 dos,
622 4665 764 4719 quos
816 4659 976 4706 vocat
1021 4651 1460 4726 [PhilostratusJ
1515 4653 1922 4726 Egyptiorum,
1974 4657 2044 4710 ad

2154 4657 2286 4728 (5‘2).
2337 4659 2394 4710 ὲν
2437 4657 2562 4731 δίκῃ
2601 4658 2659 4711 δὲ
2694 4657 2930 4728 ἠγοῦμαι
2961 4657 3158 4728 σοφούς
3186 4673 3247 4710 τε
3282 4657 3377 4710 καὶ
3409 4655 3739 4728 μακαρίους.

535 4829 578 4862 ⁷⁷
618 4829 714 4884 lib.
749 4845 837 4899 tv,
869 4844 924 4885 c.
955 4831 1045 4886 58.
1122 4832 1166 4863 ⁷⁸
1207 4832 1298 4888 lib.
1336 4849 1390 4885 Iv
1414 4872 1430 4898 ,
1467 4850 1518 4889 c.
1556 4834 1648 4888 59.
1725 4835 1770 4866 "'
1813 4833 1906 4890 lib.
1945 4851 1998 4888 v.

677 4987 986 5064 ζνώσεῳς.
1009 4989 1203 5064 ⁸Μιιίίιῃ
1235 4989 1636 5064 προγνώσεως..
1724 5063 1732 5064 7
1858 5061 1866 5064 Α
2001 5062 2008 5064 _
2148 5010 2157 5024 ·

2148 4993 2416 5064 ἠγάσθην,
2439 4992 2559 5063 ὥρα
2607 4993 2896 5064 μανθάνειν
2919 5006 2938 5054 ;
2965 4999 3020 5064 et
3057 4989 3216 5064 plane
3265 4989 3431 5064 simili
3462 4987 3732 5064 orationis

553 5059 643 5132 45)
687 5059 821 5132 Ὅτι
838 5060 956 5129 μὲν
997 5061 1072 5127 δὴ
1111 5061 1202 5115 τά.
1251 5059 1532 5121 l‘hilostr..
1565 5063 1646 5115 ὅτι
1683 5063 1782 5132 μὲν
1808 5061 1916 5132 γάρ
1950 5062 2038 5116 τά.
2149 5059 2177 5116 s

2149 5059 2423 5117 s‘lrtictiira
2475 5059 2619 5117 inlra
2669 5064 2811 5132 apud
2841 5063 3064 5122 Euseb.,
3122 5060 3351 5132 sub_lin.
3390 5075 3440 5132 (ζ.
3494 5059 3562 5132 52
3603 5080 3616 5114 :
3667 5063 3726 5114 Ei

669 5129 977 5217 Ιζροέλεπε.
1010 5132 1292 5217 Pliiltbstl'._,
1325 5129 1760 5217 xposfivaaif‘.
1888 5129 1908 5217 '_
1985 5211 1994 5217 ἠ
2144 5135 2251 5217 γάρ
2337 5135 2626 5217 Εύφράτης
2668 5129 2816 5217 παρὰ
2856 5135 2968 5195 τοῖς
2996 5133 3128 5184 πᾶσι
3172 5129 3459 5217 φιλοσοφίᾳ
3505 5130 3730 5217 διαπρέ-

529 5200 1036 5276 (45χΕἰμαρμένα.
1074 5200 1380 5276 Verissima'
1398 5203 1578 5268 lectio,
1607 5219 1672 5276 ex
1705 5203 2038 5258 Philostrato
2140 5220 2153 5254 ι

2140 5200 2237 5272 ψαί
2290 5200 2676 5276 ὁμολογηθείη,
2721 5200 2840 5276 ὥρα
2900 5201 3309 5275 μεσοπονηρίαν
3360 5200 3459 5270 μὲν
3516 5200 3732 5256 ἐκείνου

459 5284 489 5323 a
537 5272 696 5346 nobis
740 5281 1012 5346 restituta.
1043 5274 1442 5341 rcjiculntnque
1480 5275 1704 5327 omnino
1731 5275 2033 5345 εἰρημένα,

999 5315 1012 5333 .
1043 5274 1442 5341 rcjiculntnque
1480 5275 1704 5327 omnino
1731 5275 1998 5345 εἰρημένα
2019 5315 2033 5339 ,
2140 5272 2623 5346 κατηγορεῖν,οιο.

455 5344 600 5410 quod
634 5344 701 5415 in?
726 5344 890 5397 editis
921 5353 1060 5406 erat,
1092 5362 1266 5414 neque
1312 5348 1532 5399 turbare
1566 5362 1673 5399 non
1706 5342 1882 5415 putuit
1929 5347 2035 5399 Ac-
2213 5342 2321 5415 (50)
2352 5342 2540 5400 Ἀοκῶ.
2572 5346 2682 5401 lloc
2706 5347 2879 5415 magis
2907 5343 3040 5398 mihi
3067 5343 3352 5412 probatur,
3382 5354 3547 5412 quam
3580 5342 3740 5412 quod

456 5416 656 5486 cioltun
693 5414 1064 5486 interpreti-In.
1174 5485 1193 5486 ί
1711 5414 1720 5415 ⁷⁷
2137 5415 2191 5469 in
2233 5414 2548 5470 Philostrati
2581 5425 2726 5471 textu
2763 5414 2958 5486 legitur
2987 5416 3152 5468 δοκεῖ.

528 5485 640 5558 (dij)
672 5483 780 5558 Kal
806 5485 1145 5558 προέλεγεν.
1171 5485 1428 5541 Philostr.
1458 5487 1620 5541 habet
1645 5486 1913 5558 προύλεγε
1947 5486 2025 5542 δέ.

2210 5488 2319 5556 (’il)
2375 5490 2464 5552 Ἐς
2510 5489 2577 5540 τὸ
2606 5483 2836 5557 πρόσφῖ
2865 5486 2957 5541 Sic
3001 5487 3142 5556 apud
3197 5483 3456 5558 Philostr.
3507 5499 3743 5558 quoque

682 5556 991 5628 ξβσεσθαι.
1019 5553 1308 5628 ΑΡΙιίιοςιιθη
1340 5558 1613 5626 γενέσθαι.
1692 5553 1703 5558 ’
1864 5553 1871 5555 ⁷
2138 5572 2150 5609 ι

2138 5553 2374 5619 restitui,
2410 5561 2551 5626 apud
2597 5553 2936 5628 queni'tualc
2981 5553 3141 5611 aiitca
3185 5553 3535 5611 scribebatur
3575 5553 3743 5610 σε’τὸ

676 5626 985 5700 ζίροέλεγε.
1014 5626 1296 5700 ΡΙιὶίοεῐϊ..
1329 5624 1758 5700 προεγίγνωσκες.
2136 5631 2336 5700 πρόσφ.

549 5694 638 5763 49)
682 5694 842 5770 Ὥρα.
890 5696 964 5770 lta
995 5713 1071 5770 ex
1121 5694 1437 5770 conjectura
1479 5694 1875 5770 ircscripsimus
1925 5712 2026 5766 pro

2183 5694 2320 5768 '(5‘2)
2375 5700 2466 5764 Ὡς
2499 5698 2574 5766 δὴ
2601 5701 2672 5752 ἐν
2697 5698 2835 5765 δίκῃ
2863 5698 2980 5770 μὲν
3003 5699 3306 5770 ἠγάσθην.
3333 5695 3737 5770 Αηιεεόίιιιπι

453 5764 576 5835 δρα,
597 5779 731 5842 qua:
765 5766 1098 5842 ineptissima
1126 5764 1295 5842 lectio
1341 5785 1531 5842 (mines
1580 5764 1758 5842 editos
1781 5764 2025 5842 _invase-

2134 5764 2254 5824 erat
2281 5764 2374 5833 οὒς
2402 5769 2466 5840 δὴ
2496 5764 2706 5842 ἐνδίκῃ
2743 5764 2840 5839 μὲν
2862 5764 3112 5840 ἦγάσθην
3149 5768 3368 5832 αὐτούς.
3405 5767 3524 5823 Viti.
3553 5771 3736 5838 paulo

456 5833 561 5889 rat.
596 5833 687 5889 Sic
708 5835 872 5898 paulo
889 5843 1012 5903 post
1031 5852 1098 5891 ex
1125 5837 1475 5903 Philostrato,
1503 5837 1576 5900 ὡς
1599 5838 1655 5890 δὲ
1689 5840 1746 5890 ὲν
1775 5839 1900 5910 δίκῃ
1927 5841 2022 5909 μὲν

917 5843 1012 5890 post
1031 5852 1098 5891 ex
1125 5837 1475 5903 Philostrato,
1503 5837 1576 5900 ὡς
1599 5838 1655 5890 δὲ
1689 5840 1746 5890 ὲν
1775 5839 1900 5910 δίκῃ
1927 5841 2022 5909 μὲν
2132 5850 2278 5910 post,
2314 5848 2425 5895 not.
