4112 6422
389 336 483 390 ΒΗ

1506 331 1710 387 LIBER
1744 333 2023 390 CONTRA
2059 331 2475 391 HIEROCLEM.

3532 337 3639 393 853

388 452 506 525 ὥρα
548 452 833 523 μανθάνειν
856 452 986 525 (55).
1028 471 1045 503 ι
1083 453 1193 506 Καὶ
1238 452 1374 520 μετὰ
1409 452 1612 525 βραχέα
1644 454 1752 525 (54)
1778 457 1963 528 φησίν·

2072 459 2297 512 verbum
2323 455 2642 526 prolocutus
2678 454 2964 525 sequentia
2982 455 3029 488 ⁸⁸
3063 472 3076 507 :
3111 474 3129 508 ι
3151 455 3340 528 Neque
3370 458 3637 514 absonum

392 565 410 596 ε
440 541 596 599 Οὗτοι
635 545 731 616 μὲν
762 544 871 615 γὰρ
903 544 1013 597 θεοί
1046 544 1105 597 τέ
1142 546 1266 608 εἰσι,
1294 546 1388 598 καὶ
1420 546 1790 617 κεκόσμηνται
1824 550 1964 604 κατὰ

387 634 483 705 τὴν
502 634 705 687 Πυθίαν
725 634 855 704 (55).
898 654 918 686 ι
944 635 1053 688 Καὶ
1078 635 1389 706 Δομετιανῷ
1417 635 1473 689 δὲ
1495 638 1743 708 εἰσῆκται
1767 638 1959 708 λέγων’

393 747 413 778 ι
438 727 542 780 Καὶ
558 727 640 790 τίς
664 726 800 797 πρὸς
832 727 1042 797 Ἰάρχαν
1057 743 1139 779 σοι
1152 726 1408 798 πόλεμος,
1428 729 1520 781 καὶ
1539 728 1822 802 Φραώτην,
1835 732 1962 796 τοὺς

401 816 623 881 Ἰνδούς;
650 815 743 881 οὓς
766 816 874 886 ἐγὼ
899 818 1093 888 μόνους
1116 818 1415 890 ἀνθρώπων
1438 819 1592 883 θεούς
1617 839 1675 874 τε
1697 822 1833 892 ἡγοῦ
1843 840 1958 893 μαι,

389 908 483 961 καὶ
506 908 686 975 ἀξίους
715 910 811 980 τῆς
836 908 1154 981 ἐπωνυμίας
1176 910 1399 981 ταύτης.
1438 929 1456 962 ι
1478 911 1588 965 Καὶ
1626 914 1683 965 ὲν
1700 912 1879 976 ἄλλοις
1904 914 1961 966 δὲ

278 1047 282 1051 .
389 1001 587 1071 ὁμοίως
622 1000 775 1065 θεούς
820 1019 879 1055 τε
930 1005 1023 1056 καὶ
1072 1003 1423 1078 διδασκάλους
1451 1005 1679 1077 τάνδρὸς
1731 1007 1963 1078 ἐπιγρά-

389 1094 495 1162 ψας
527 1094 632 1165 (56)
663 1096 690 1147 ὁ
718 1095 875 1164 λόγος
908 1097 1035 1159 τοὺς
1080 1096 1503 1166 δεδηλωμένους,
1545 1097 1862 1162 δακτυλίους
1907 1116 1964 1152 τε

390 1188 518 1257 παρ’
536 1185 715 1240 αὐτῶν
746 1187 1023 1258 εἰληφέναι
1055 1188 1391 1259 ὁμολογήσας
1415 1189 1596 1256 αὐτὸν,
1621 1190 1966 1261 ἐπιλέλησται

387 1276 502 1341 νῦν,
531 1276 624 1330 καὶ
654 1277 1049 1331 συνδιαϐάλλων
1083 1281 1195 1341 τοῖς
1214 1277 1557 1343 διδασκάλοις
1599 1280 1691 1333 τὸν
1722 1280 1971 1354 μαθητὴν

392 1369 493 1422 οὐκ
524 1369 727 1423 ἐπαΐει.

2072 549 2203 617 quid
2235 548 2365 603 mihi
2414 547 2634 603 evenire
2679 558 2830 617 puto,
2876 548 2922 602 si
2968 546 3326 618 philosophia
3369 550 3638 606 obnoxius

2072 639 2300 694 evadam
2333 636 2700 708 pulcherrime
2744 648 2971 702 ornata,
3011 652 3173 708 quam
3209 636 3425 693 decenti
3450 639 3638 695 habitu

2069 729 2336 793 indutam,
2370 728 2486 783 Indi
2516 726 2739 782 sublimi
2788 735 2842 781 et
2869 727 3027 797 plane
3055 726 3240 782 divina
3286 734 3499 782 vectam
3522 743 3638 782 ma-

2066 821 2248 884 china,
2280 820 2337 874 in
2364 834 2586 875 scenam
2615 818 2940 889 provehunt.
2972 818 3146 885 Quam
3171 818 3296 890 jure
3325 826 3508 875 autem
3542 835 3638 876 eos

2067 912 2328 976 admirer,
2358 910 2484 979 jure
2516 912 2792 981 sapientes
2843 926 2965 967 esse
3010 918 3174 981 atque
3216 912 3408 966 beatos
3447 912 3638 967 existi-

2066 1019 2231 1067 mem,
2255 1005 2367 1073 jam
2394 1009 2606 1073 tempus
2626 1011 2710 1058 est
2732 1010 2794 1057 ut
2813 1003 3146 1074 percipiatis.
3188 1022 3207 1056 ι
3233 1002 3298 1059 Ει
3325 1007 3488 1074 paulo
3514 1013 3640 1075 post

2066 1097 2199 1150 ait“
2230 1111 2243 1147 :
2280 1113 2299 1145 σ
2330 1094 2396 1148 Hi
2424 1095 2501 1149 dii
2535 1097 2680 1150 enim
2706 1095 3409 1166 sunt,eththiaexemplo
3431 1110 3637 1150 ornan-

2070 1195 2180 1242 tur.
2206 1208 2226 1240 ›
2260 1186 2627 1241 Domitianum
2663 1202 2879 1257 quoque
2904 1190 3288 1258 imperatorem
3317 1186 3636 1258 hujusmodi

2068 1280 2254 1336 verbis
2285 1278 2567 1334 inducitur
2594 1280 2923 1335 allocutus"
2952 1298 2965 1334 :
2997 1278 3280 1346 Quodnam
3308 1280 3406 1334 tibi
3448 1280 3640 1335 adver-

2072 1389 2170 1428 sus
2196 1371 2444 1427 Iarcham
2489 1381 2545 1428 et
2575 1371 2863 1427 Phraotem
2910 1372 3072 1428 Indos
3113 1380 3197 1429 est
3233 1373 3471 1428 bellum?
3498 1387 3638 1444 quos

389 1480 493 1535 ego
525 1465 673 1520 solos
717 1467 857 1521 inler
886 1465 1137 1522 homines
1195 1467 1328 1523 deos
1372 1482 1495 1524 esse
1548 1476 1703 1540 puto,
1741 1484 1915 1541 eaque
1970 1470 2330 1540 appellatione
2362 1469 2559 1540 dignos
2622 1484 2843 1525 censeo.
2884 1490 2903 1523 ι
2937 1469 3182 1541 Aliisque
3212 1472 3268 1525 in
3309 1471 3444 1526 locis
3478 1470 3640 1526 simi-

392 1559 514 1615 liter
564 1560 697 1616 deos
753 1560 1025 1630 Apollonii
1056 1571 1218 1631 atque
1264 1564 1557 1632 magistros
1615 1580 1920 1635 agnoscens
1970 1564 2199 1619 historia
2240 1564 2332 1617 illa
2361 1564 2652 1633 pradictos
2694 1562 3122 1637 [philosophos],
3173 1565 3514 1636 annulosque
3568 1565 3638 1620 ab

391 1653 459 1707 iis
495 1655 775 1722 accepisse
839 1653 1065 1719 fassa”,
1103 1670 1251 1709 nunc
1281 1656 1513 1710 istorum
1540 1658 1687 1712 velut
1715 1656 2059 1712 obliviscitur
2086 1671 2193 1712 una
2216 1670 2341 1710 cum
2367 1656 2652 1727 magistris
2704 1658 3055 1729 discipulum,
3107 1658 3416 1728 opprobriis
3463 1659 3636 1717 obno-

389 1746 537 1800 xium
571 1760 692 1802 sese
716 1746 943 1802 reddere
970 1761 1080 1800 non
1104 1747 1367 1804 sentiens.

892 1865 1287 1918 ΚΕΦΑΛᾹΙΟΝ
1340 1866 1459 1920 AB’.

470 1955 707 2019 ’Υποϐὰς
740 1955 783 2008 δ’
813 1957 870 2008 ἐν
900 1959 965 2028 τῇ
997 1959 1204 2028 γραφῇ,
1243 1956 1480 2029 αὐλητὴν
1509 1958 1838 2023 ὑποτίθεται,
1872 1959 1967 2013 καὶ

386 2046 479 2099 τὸν
516 2048 888 2113 Ἀπολλώνιον,
939 2049 1125 2121 ὥσπερ
1169 2048 1313 2113 τινὸς
1357 2048 1524 2121 οὔσης
1569 2050 1835 2122 μεγίστης
1874 2050 1968 2104 καὶ

390 2141 706 2210 σοφωτάτης
726 2140 1052 2211 ἐπιστήμης,
1076 2138 1310 2210 τρόπους
1333 2140 1610 2211 αὐλήσεως
1635 2142 1777 2213 μάλα
1801 2159 1969 2195 σπου-

385 2226 550 2291 δαίως
583 2233 809 2300 μακροῖς
851 2233 961 2293 τοῖς
1005 2230 1335 2301 διηγήμασιν
1372 2230 1586 2300 είροντα
1614 2229 1965 2302 διεξέρχεται.

386 2321 496 2376 Καὶ
521 2323 895 2395 αὐτοκράτορα
926 2324 1352 2388 Οὐεσπασιανὸν,
1385 2318 1472 2376 οἷα
1504 2323 1568 2395 δὴ
1596 2323 1715 2395 Θεῷ
1739 2323 1972 2398 προσεύ-

388 2413 581 2480 ξασθαι
612 2414 760 2485 αὐτῷ
795 2416 1015 2487 ἱστορεῖ’
1049 2415 1141 2468 καὶ
1177 2415 1270 2468 τὸν
1311 2416 1428 2486 μὲν,
1459 2415 1533 2477 ὡς
1568 2416 1726 2487 εὐχῇ,
1754 2415 1971 2487 εἰρηκέ-

386 2523 475 2559 ναι
505 2506 636 2576 (57)·
678 2525 696 2557 ι
742 2507 973 2578 Ποίησον
1008 2525 1073 2578 με
1110 2507 1352 2578 βασιλέα·
1401 2526 1418 2558 ι
1463 2507 1555 2560 τὸν
1584 2508 1641 2561 δὲ
1671 2507 1964 2579 ἀποκρίνα-

390 2598 531 2652 σθαι·
568 2618 585 2648 ι
626 2599 905 2671 Ἐποίησα.
930 2618 949 2651 ι
982 2601 1091 2654 Καὶ
1118 2600 1202 2664 τίς
1229 2601 1328 2653 οὐκ
1350 2599 1415 2653 ἂν
1438 2602 1718 2673 μισήσειεν
1734 2601 1970 2668 εὐλόγως

387 2692 486 2762 τῆς
515 2689 828 2755 ἀλαζονείας
852 2691 949 2763 τὴν
975 2690 1175 2764 φωνὴν,
1212 2693 1406 2763 μανίας
1433 2692 1493 2745 τὸ
1521 2692 1689 2763 μηθὲν
1716 2692 1972 2746 ἀποδέου-

391 2799 507 2845 σαν,
557 2783 645 2835 ὅτε
692 2799 757 2850 γε
798 2783 895 2855 ἤδη
927 2784 1088 2847 αὐτὸς
1119 2783 1270 2848 Θεὸς,
1313 2784 1406 2837 καὶ
1443 2783 1707 2854 βασιλέων
1740 2784 1972 2855 ποιητὴς

388 2871 527 2931 εἶναι
551 2878 901 2949 φρυάττεται,
931 2879 959 2929 ὁ
990 2878 1089 2949 τῆς
1114 2878 1414 2946 Αἰγυπτίας
1440 2877 1779 2949 κυϐερνήτης
1804 2874 1969 2943 νεὼςς

388 2966 557 3021 Τοῦτο
576 2967 684 3038 γὰρ
706 2967 866 3030 αὐτὸς
894 2968 1082 3021 ἑαυτὸν
1113 2970 1141 3021 ὁ
1180 2965 1536 3032 Ἀπολλώνιος
1572 2967 1852 3036 γεγονέναι
1874 2966 1971 3036 τὴν

386 3059 585 3132 ψυχὴν,
621 3062 677 3113 ὲν
705 3063 822 3124 ταῖς
850 3060 984 3131 πρὸς
1022 3059 1112 3113 τὸν
1163 3059 1321 3113 Ἰνδὸν
1361 3060 1601 3131 ὁμιλίαις
1632 3057 1812 3131 μικρῷ
1841 3058 1973 3128 πρό-

389 3150 514 3205 σθεν
540 3153 672 3225 ἡμῖν
697 3152 981 3223 δεδήλωκε.

900 3265 1295 3319 ΚΕΦΑΛΑῙΟΝ
1344 3266 1464 3319 AI".

457 3377 550 3448 Τῷ
583 3379 626 3430 δ’
656 3377 805 3449 αὐτῷ
840 3377 1084 3447 βασιλεῖ,
1132 3378 1222 3444 οὒς
1259 3379 1327 3432 ἂν
1353 3379 1515 3443 αὐτὸς
1547 3377 1827 3448 δοκιμάζοι
1860 3377 1969 3431 τῶν

389 3468 693 3537 φιλοσόφων
725 3469 1062 3539 συμϐούλους
1093 3470 1201 3523 τῶν
1234 3470 1545 3540 πρακτέων,
1580 3469 1846 3541 γνωρίσαι
1874 3470 1970 3521 αὐ-

386 3559 465 3629 τῷ
497 3559 756 3624 ἀξιοῦντι,
799 3560 940 3614 κατὰ
968 3560 1115 3625 λέξιν
1145 3563 1325 3632 φησίν
1366 3581 1384 3613 ι
1430 3560 1649 3631 Ἀγαθοὶ
1676 3561 1733 3614 δὲ
1765 3559 1969 3614 τούτων

391 3650 683 3722 σύμϐουλοι
716 3652 809 3704 καὶ
837 3652 945 3705 οἵδε
982 3653 1031 3705 οἱ
1067 3652 1280 3724 ἄνδρες,
1317 3653 1406 3706 τὸν
1442 3652 1616 3705 Δίωνα
1640 3651 1840 3718 δείξας,
1875 3652 1969 3704 xal.

388 3741 479 3794 τὸν
524 3741 836 3812 Εὐφράτην,
887 3743 1052 3814 μήπω
1088 3742 1236 3813 αὐτῷ
1278 3745 1337 3807 ἐς
1366 3743 1632 3814 διαφορὰν
1674 3744 1896 3814 ἥκοντα.
1939 3761 1959 3794 ι

388 3833 499 3886 Καὶ
556 3829 746 3898 αὖθις·
805 3852 822 3884 ι
855 3828 924 3887 Ὦ
975 3833 1224 3905 βασιλεῦ,
1286 3832 1467 3899 εἶπεν,
1521 3834 1812 3906 Εὐφράτης
1870 3834 1965 3887 καὶ

387 3925 547 3989 Δίων,
578 3926 745 3980 πάλαι
789 3943 868 3980 σοι
909 3925 1176 3998 γνώριμοι
1207 3926 1380 3992 ὄντες,
1412 3926 1549 4000 πρὸς
1579 3925 1771 3997 θύραις
1804 3925 1963 3988 εἰσὶν,

386 4018 487 4071 οὐκ
516 4018 828 4090 ἀφρόντιδες
856 4020 964 4073 τῶν
986 4017 1115 4072 σῶν.
1149 4019 1323 4073 Κάλει
1344 4019 1408 4090 δὴ
1436 4019 1720 4081 κάκείνους
1760 4020 1817 4081 ὲς
1851 4033 1967 4070 κοι-

388 4106 478 4161 νὸν
501 4107 656 4177 λόγον
677 4126 689 4139 ·
722 4107 871 4178 σοφὼ
898 4106 1009 4192 γᾲρ
1037 4108 1117 4162 τὼ
1149 4109 1328 4181 ἄνδρε.
1359 4129 1378 4162 ι
1407 4110 1553 4178 Πρὸς
1573 4109 1608 4164 ἃ
1627 4111 1968 4162 Οὐεσπασια-

2619 1862 2849 1918 CAPUT
2875 1862 3089 1919 XXXII.

2140 1956 2274 2011 Dum
2300 1956 2475 2028 pergit
2493 1971 2621 2011 vero
2639 1958 2903 2021 scribere,
2934 1957 3215 2011 tibicinem
3230 1957 3521 2028 quemdam
3554 1959 3642 2013 in-

2068 2051 2271 2107 ducit“
2293 2049 2664 2121 :Apolloninm
2683 2060 2864 2105 autem
2883 2049 3038 2121 quasi
3056 2048 3291 2103 maxima
3306 2049 3396 2104 illa
3411 2044 3569 2117 532
3587 2058 3640 2105 et

2070 2142 2485 2214 praclarissima
2508 2142 2737 2199 scientia
2768 2150 2937 2206 esset,
2968 2141 3162 2198 modos
3192 2141 3339 2196 tibia
3364 2141 3637 2205 inﬂanda,

2069 2249 2267 2304 magno
2302 2234 2507 2300 studio,
2538 2234 2754 2305 prolixo
2800 2234 3078 2302 discursu,
3123 2243 3472 2306 prosecutum
3510 2250 3642 2289 nar-

2070 2334 2176 2382 rat.
2209 2325 2604 2397 Vespasianum
2626 2341 2789 2397 porro
2819 2327 3205 2397 imperatorem
3236 2327 3309 2391 ei,
3328 2328 3485 2398 quasi
3507 2325 3639 2391 Deo,

2072 2414 2371 2485 supplicem
2398 2413 2603 2469 factum
2635 2414 2789 2468 ait”.
2825 2414 3003 2485 Atque
3030 2416 3207 2485 ipsum
3242 2415 3484 2487 quidem,
3520 2431 3645 2488 sup-

2071 2506 2327 2576 plicantis
2348 2521 2520 2569 more,
2558 2524 2577 2557 ‹
2616 2504 3001 2578 Imperatorem
3032 2521 3121 2563 me
3147 2506 3333 2572 facito,
3368 2526 3387 2560 ι
3412 2506 3639 2565 dixisse.

2074 2597 2360 2670 Huncque,
2393 2618 2411 2652 ι
2446 2598 2566 2654 Jam
2594 2598 2718 2664 feci,
2757 2619 2776 2651 ι
2804 2599 3174 2669 respondisse.
3215 2602 3349 2668 Quis
3377 2617 3508 2657 vero
3532 2619 3640 2657 non

2072 2689 2197 2745 odio
2229 2690 2425 2746 habeat
2445 2692 2664 2758 merito,
2697 2690 3002 2746 insolentia
3032 2692 3268 2763 plenam,
3306 2693 3647 2764 proximam-

2073 2798 2178 2854 que
2212 2783 2441 2838 insania
2482 2784 2711 2840 vocem?
2737 2784 2955 2855 quando
2981 2784 3096 2855 jam
3128 2786 3306 2857 ipsum
3347 2800 3407 2843 se
3447 2780 3642 2851 Deum,

2071 2883 2127 2932 et
2165 2877 2525 2947 imperatores
2567 2877 2789 2932 creandi
2837 2883 3160 2948 potestatem
3194 2878 3397 2933 habere
3437 2876 3640 2943 fremit,

2074 2967 2231 3023 navis
2255 2968 2523 3040 Aigyptia
2556 2967 2685 3022 olim
2728 2967 3060 3039 gubernator
3075 2967 3160 3020 ⁸⁶ἳ
3190 2966 3375 3022 Talem
3405 2969 3551 3024 enim
3585 2985 3645 3025 se

2075 3056 2267 3122 fuisse,
2311 3067 2416 3128 qua
2465 3059 2730 3122 animum,
2779 3059 2896 3129 ipse
2941 3057 3264 3130 Apollonius
3309 3060 3366 3115 in
3395 3058 3644 3118 sermone

2073 3164 2199 3205 cum
2232 3148 2367 3204 Indo
2389 3150 2552 3221 paulo
2582 3158 2709 3205 ante
2749 3152 2906 3206 nobis
2952 3150 3233 3208 indicavit.

2607 3260 2835 3318 CAPUT
2874 3260 3095 3316 XXXIII

2142 3378 2330 3434 Eidem
2348 3378 2686 3449 imperatori,
2717 3378 2897 3433 utsibi
2929 3379 3195 3435 indicaret
3217 3380 3450 3450 roganti,
3475 3395 3647 3450 quos-

2073 3487 2198 3527 nam
2235 3470 2596 3541 philosophos
2647 3469 2705 3525 in
2735 3469 3025 3525 consilium
3072 3485 3255 3526 rerum
3284 3470 3645 3543 gerendarum

2072 3560 2415 3617 adhibendos
2458 3562 2694 3617 maxime
2742 3561 3041 3632 probaret?
3076 3561 3151 3615 ita
3181 3561 3251 3617 ad
3289 3562 3516 3618 verbum
3558 3578 3641 3618 re-

2072 3654 2305 3724 spondet
2321 3654 2367 3686 ⁸⁷
2401 3672 2416 3709 ι
2453 3672 2473 3707 ι
2503 3653 2640 3709 Boni
2672 3653 2889 3707 illarum
2918 3669 3100 3709 rerum
3138 3654 3443 3711 consiliarii
3471 3663 3526 3711 et
3551 3656 3643 3712 isti

2074 3752 2225 3809 sunt,
2261 3744 2489 3802 Dionem
2522 3744 2965 3816 Euphratemque
2997 3760 3163 3799 manu
3187 3753 3526 3813 monstrans,
3555 3747 3645 3802 cui

2069 3836 2208 3889 nihil
2228 3835 2406 3891 adhuc
2420 3836 2548 3890 dum
2573 3850 2695 3890 cum
2719 3850 2786 3891 eo
2807 3834 3588 3891 controversiaintercedebat.
3620 3856 3639 3887 ι

2074 3926 2142 3980 Et
2168 3942 2386 3984 rursum
2401 3927 2448 3960 ³⁸
2472 3946 2485 3982 :
2510 3945 2529 3979 ι
2557 3923 2717 3991 Sunt,
2747 3925 3322 3997 inquit,oimperator,
3341 3925 3647 3999 Euphrates

2075 4023 2131 4071 et
2165 4014 2325 4082 Dion,
2367 4025 2579 4075 veteres
2612 4017 2775 4073 amici
2822 4015 2926 4081 tui,
2958 4016 3011 4070 in
3042 4015 3270 4084 limine;
3311 4031 3494 4073 rerum
3524 4024 3647 4073 tua~

2077 4123 2199 4162 rum
2231 4116 2564 4180 satagentes,
2593 4108 2719 4164 illos
2750 4107 2918 4180 igitur
2939 4108 3008 4163 ad
3042 4106 3407 4165 conferendas
3431 4124 3643 4165 sermo-

457 4290 637 4369 ‘1lib.
671 4307 760 4355 vl,
796 4292 1021 4369 alii.“
1050 4294 1253 4369 ff_ibial.
1340 4295 1391 4369 ’ξ
1411 4295 1521 4369 Δ1η).
1541 4311 1675 4369 fit,
1700 4312 1751 4351 c.
1790 4295 1882 4352 52.
1960 4302 1963 4328 ¹

2070 4298 2141 4357 ib.
2181 4317 2261 4369 Iv,
2293 4317 2344 4358 c.
2382 4302 2469 4359 I9.
2546 4302 2591 4334 “
2630 4303 2726 4358 lib.
2758 4319 2829 4367 v,
2866 4317 2917 4358 c.
2947 4300 3039 4356 21.
3114 4300 3160 4334 ⁸⁵
3200 4299 3299 4356 lib.
3337 4317 3406 4369 ν,
3444 4315 3494 4357 c.
3551 4298 3645 4354 29.

388 4360 432 4395 ⁸⁸
470 4360 566 4417 lib.
598 4375 694 4427 ιιι,
726 4378 776 4417 c.
807 4363 898 4417 9.5.
974 4364 1021 4396 ⁸⁷
1050 4365 1147 4422 lib.
1186 4383 1246 4430 ν,
1279 4380 1331 4421 c.
1365 4365 1459 4422 29.
1535 4366 1582 4399 ⁸⁸
1621 4367 1716 4421 lib.
1751 4383 1814 4432 v,
1851 4382 1902 4422 ο.
1941 4369 2030 4425 51.

458 4514 567 4594 (ὅᾷ)
605 4517 883 4594 Καὶ-μασι.
920 4519 1042 4594 ὥρα
1080 4524 1257 4594 para.
1300 4520 1473 4575 Verba
1503 4520 1620 4594 ὥρα
1665 4521 1955 4591 μανθάνειν

387 4587 753 4662 omnino_ad'
794 4587 1151 4659 praecedentia
1202 4594 1497 4660 pertinere,
1551 4587 1798 4662 adeoque
1847 4608 1954 4647 non

388 4662 538 4721 ante,
559 4657 652 4733 sed
704 4657 827 4733 post
863 4674 927 4715 ea
964 4657 1269 4733 ponendam
1319 4663 1553 4733 στιγμήν
1605 4657 1749 4729 esse,
1795 4678 1955 4718 secus

386 4738 548 4802 quam
584 4726 870 4802 factumnin
905 4726 1177 4802 prioribus
1228 4726 1598 4802 editioiiibus;
1633 4726 1956 4802 particulam

385 4793 445 4848 δέ
474 4795 598 4873 item
625 4807 746 4873 post
773 4793 1199 4873 6)p_a:d_elendam
1231 4818 1375 4865 esse,
1400 4793 1718 4873 Philostrati
1748 4811 1957 4858 textum

387 4864 1053 4945 conferentibus'dubium
1094 4872 1239 4926 haud
1265 4864 1388 4927 esse
1418 4874 1640 4945 poterit.
1683 4872 1875 4928 Omnis
1902 4874 1958 4927 in

384 4936 865 5014 vulgatisEuse-Ibii
892 4955 1058 5014 error
1097 4957 1164 4996 ex
1193 4951 1393 5014 eoest.
1418 4936 1576 5011 "quod
1607 4945 1792 4997 statim
1833 4950 1958 5014 post

382 5005 518 5083 hac.
527 5009 696 5083 verba
736 5010 1013 5083 indicium
1031 5011 1182 5083 fieret
1211 5005 1461 5083 allegatai
1488 5014 1698 5083 ρήσεως
1730 5005 1958 5083 alterius

383 5076 678 5155 Δροιιρηὶί,
711 5080 893 5155 verbis
909 5081 1145 5155 quidem
1177 5076 1655 5155 praniissis'is'tis‘:
1681 5076 1782 5155 καὶ
1813 5082 1952 5155 μετὰ

385 5145 807 5222 βραχέα-φησίν.
844 5145 1079 5222 Αᾴᾟαιο
1118 5145 1289 5222 igitur
1328 5154 1510 5222 aptius
1556 5152 1746 5208 referri
1787 5145 1951 5221 posse

378 5215 653 5293 judicavit
679 5215 844 5274 verba
885 5219 1014 5293 ᾧρα
1044 5215 1331 5290 μανθάνειν
1366 5215 1663 5293 nasutulns
1703 5215 1949 5293 quidam,

382 5302 545 5363 quam
582 5287 655 5363 ad
693 5287 1075 5363 praecedentia,
1118 5307 1183 5363 eo
1211 5293 1357 5363 quod
1398 5287 1788 5348 Philostratum
1839 5307 1952 5348 non

383 5356 735 5427 inspexisset,
760 5375 941 5432 neque
967 5362 1105 5416 adeo
1129 5356 1369 5432 legisset,
1397 5378 1518 5432 qua
1547 5363 1689 5432 apud
1715 5379 1838 5419 eum
1863 5378 1952 5418 se-

383 5435 645 5503 quuntur,
682 5430 881 5499 quibus
919 5430 1261 5503 demonstrat
1298 5430 1496 5488 merito
1529 5430 1796 5503 seilndos
1838 5434 1953 5503 phi-

384 5496 796 5621 loso‘phosnpro
840 5501 1128 5575 μακαρίοις
1176 5504 1396 5567 habere,
1449 5512 1509 5557 ut
1556 5502 1694 5557 adeo
1744 5496 1951 5575 optime

385 5581 489 5621 uua
532 5574 615 5621 l‘et
654 5585 722 5621 IIS
762 5573 905 5621 aliud
944 5582 1298 5621 urar-cesserat
1324 5571 1441 5621 ὥρα
1480 5573 1785 5621 μανθάνειν-
1819 5574 1951 5621 num

385 5569 615 5655 quadret
648 5569 722 5655 iis
762 5569 905 5654 quod
944 5569 1797 5655 ριίιιιοᾳρεςται’ᾄδραμμανθάνεινς
1819 5574 1952 5655 Qua

384 5639 435 5714 s_i_
465 5639 709 5714 vidisset,
739 5639 1048 5714 quicunque
1077 5643 1362 5714 illeil'uerit
1375 5639 1626 5708 criticus,
1658 5639 1954 5700 statim—vi-

383 5705 556 5786 disset
602 5709 683 5786 ad_
709 5705 874 5786 verba
917 5705 1189 5786 Apollonii
1233 5705 1668 5786 ex__Philostrato
1719 5716 1952 5786 allegata

382 5778 651 5842 pertinere
670 5781 808 5837 ista:
835 5781 953 5854 ὥρα
969 5778 1281 5854 μανθάνειν.
1307 5783 1423 5841 Ηοο
1451 5801 1578 5845 vero
1604 5786 1772 5843 semel
1801 5778 1952 5842 com-

698 5870 970 5936 ΡΑτιιοι..
1008 5871 1126 5934 Gn.
1160 5873 1359 5938 XXII.

2062 4524 2234 4580 misso
2259 4538 2445 4579 errore
2473 4529 2668 4578 catera
2697 4521 2882 4576 omnia
2902 4521 3044 4577 idem
3076 4534 3173 4591 pro
3197 4520 3371 4576 lubitu
3399 4520 3638 4585 reﬁnxit.

1988 4631 2031 4686 ο
2060 4603 2130 4686 :25
2162 4591 3643 4686 .8}!i339???"lﬂ‘liief'f‘i'i_§2{'l"lf‘;'1‘i€z3ﬂ‘l‘3.393"

2059 4663 2134 4733 ita
2162 4672 2329 4718 totam
2357 4666 2517 4717 istam
2551 4662 2708 4733 ῥῆσιν
2735 4663 3057 4733 excerebro
3078 4678 3179 4733 suo
3201 4664 3640 4732 repraesentavit:

2057 4731 2166 4804 Οὓς
2191 4734 2256 4803 δὴ
2282 4735 2339 4787 ὲν
2369 4733 2494 4804 δίκῃ
2523 4731 2622 4803 μιν
2660 4731 2928 4804 ἠγάσθην,
2958 4733 3017 4786 ὲν
3040 4732 3166 4804 δίκῃ
3197 4731 3644 4804 δὲ-ήγοῢμαινσος

2057 4796 2193 4874 φούς
2224 4796 2282 4857 τε
2332 4805 2425 4856 καὶ
2464 4796 2804 4875 μακαρίους.
2853 4796 2994 4874 ’Ὦρα
3040 4802 3099 4856 δὲ
3135 4796 3554 4874 μανθάνειν’καὶ
3611 4796 3652 4852 ἃ.

2060 4874 2199 4942 μετὰ
2234 4873 2443 4942 βραχέα
2474 4873 2660 4942 φησίν.

2102 4890 2199 4928 ετα
2235 4890 2443 4928 οοανεα
2474 4891 2548 4928 φη
2556 4890 2660 4927 σιν.

2060 4890 2199 4945 μετα
2234 4890 2443 4945 ρραχαῑ
2474 4890 2660 4997 φηισιν.

2069 5011 2080 5015 Α
2129 4944 2241 5015 (δέ)
2281 4945 2554 5015 Καὶμετᾲ
2587 4944 2843 5013 βραχέα.
2874 4943 3016 4999 Ante
3048 4944 3257 5015 editum
3293 4945 3387 4999 καὶ
3432 4943 3470 4998 ἃ.
3502 4942 3643 5014 μετὰ

2055 5011 2146 5137 Pp.
2180 5013 2383 5083 Nempe
2411 5011 2457 5067 ὃ.
2492 5011 2745 5068 additum
2783 5030 2852 5068 ex
2901 5013 3070 5069 semel
3106 5022 3375 5084 concepto
3427 5011 3513 5071 de'
3537 5015 3641 5068 hoc

2078 5099 2178 5137 oeo
2203 5099 2410 5137 errore.
2443 5083 2513 5137 de
2536 5099 2647 5137 auo
2677 5091 2805 5137 nota
2837 5084 3071 5137 nraced.

2078 5083 2178 5138 eeo
2203 5099 2423 5154 errore.
2443 5083 2647 5154 dequo
2677 5091 2805 5139 nota
2837 5084 3071 5154 praced.

2131 5154 2242 5224 (55)
2280 5153 2443 5209 Κατὰ
2470 5151 2586 5222 tiri-
2624 5151 2874 5225 Hqﬂlaij.
2905 5153 3101 5225 Pythia
3123 5151 3396 5224 Apollinis
3426 5152 3641 5223 ὐποφῆ-

2055 5223 2159 5288 τις.
2197 5233 2256 5295 ut
2283 5232 2494 5289 notum,
2512 5223 2759 5295 ἀτεχνῶς
2789 5223 2999 5294 μάντις.

2128 5293 2241 5365 (56)
2290 5291 2670 5364 Ἐπιπρὰψαᾷ
2708 5291 2846 5349 Male
2881 5294 3013 5349 editi
3058 5292 3385 5365 ἐπιγράψαι.
3437 5291 3638 5365 Veram

2057 5363 2380 5436 lectionem,
2422 5363 2789 5436 praterquam
2835 5367 2982 5436 quod
3046 5363 3323 5436 sententia
3374 5364 3637 5436 postulat,

2057 5434 2240 5489 ﬁrmat
2259 5434 2443 5507 statim
2469 5449 2706 5507 sequens
2728 5434 3071 5507 participium
3099 5434 3460 5507 ὁμολογήσας,
3492 5435 3638 5507 quod

2056 5505 2408 5574 praecessisse
2435 5506 2580 5559 aliud
2610 5505 2956 5574 participium
2983 5504 3333 5561 interCedens
3357 5505 3556 5574 copula
3577 5519 3640 5558 τε

2053 5575 2278 5631 evincit.

2127 5644 2240 5727 (57)
2296 5643 2631 5727 ῌὶρηςιέναι.
2674 5643 2934 5726 Additum
2989 5644 3046 5698 in
3091 5642 3255 5701 editis
3297 5646 3638 5727 Οὐεσπασια-

2052 5715 2168 5781 νόν,
2213 5722 2384 5798 invito
2426 5717 2624 5785 lingua
2675 5729 2868 5798 gemo,
2912 5730 3076 5798 quam
3123 5716 3363 5798 glossam
3399 5716 3639 5798 _promde

2055 5786 2410 5857 marginalem
2443 5800 2566 5842 esse
2600 5785 2809 5857 putavi,
2839 5801 2906 5841 ex
2935 5792 3084 5843 textu
3117 5785 3533 5843 eliminandam.

3279 5876 3361 5939 2'1
