4112 6444
467 324 573 383 855
1133 319 1404 377 EUSEBll
1441 318 1928 376 CESABIENSIS
1962 316 2115 376 OPP.
2151 316 2351 373 PARS.
2394 314 2460 374 li.
2499 342 2571 358 -ε-
2606 311 3108 374 APOLOGETICA.
3622 319 3731 375 8H

464 442 1037 516 nes.quaeso,admitle
1052 442 1214 497 etiam
1237 459 1252 506 ;
1276 441 1375 496 viri
1389 441 1533 495 enim
1555 441 1831 512 sapientes
1850 448 1994 496 sunt.
2011 458 2029 491 ι

2137 440 2245 499 νός·
2274 455 2292 486 ι
2316 436 2676 499 Ἀκλείστους,
2698 435 2823 505 ἔφη,
2852 435 3021 507 θύρας
3064 431 3289 505 παρέχω
3311 432 3493 503 σοφάς
3528 432 3736 505 ἄνδρα·

465 536 551 592 Ad
579 553 699 608 quae
734 534 1106 605 Vespasianus
1146 550 1158 586 :
1204 553 1221 586 ι
1257 532 1632 603 Sapientibus,
1665 532 1863 603 inquit,
1909 533 2029 587 viris

2143 544 2245 582 σιν.
2267 547 2286 579 ι
2308 525 2449 597 Εὖγε
2474 527 2571 599 τῆς
2600 526 2963 599 προγνώσεως
2980 524 3073 579 τοῦ
3095 527 3302 597 ἦρωοςῑ
3322 525 3615 598 Ευφράτης
3634 526 3732 579 νῦν

468 616 616 683 iores
644 639 863 695 semper
885 624 1136 694 praebere
1166 623 1317 679 soleo
1363 630 1636 694 patentes.
1676 642 1694 674 ι
1726 622 1875 694 Euge
1909 638 2029 678 verc

2141 618 2343 687 ἀγαθός
2371 636 2430 673 τε
2458 619 2553 673 καὶ
2588 619 2771 688 σοφὸς,
2803 618 2925 672 ἐπεὶ
2960 618 3036 690 μὴ
3075 620 3132 681 ἐς
3165 616 3429 688 διαφοράν
3460 634 3551 670 πω
3578 617 3733 689 αὐτῷ

465 719 737 790 egregiam
756 733 951 773 rerum
983 718 1292 772 futurarum
1323 716 1377 770 in
1410 716 1503 771 illo
1525 716 1688 771 heroe
1719 716 2036 772 scientiam!

466 809 650 866 Bonus
672 809 784 878 jam
807 815 890 865 est
908 816 962 864 et
991 809 1208 878 sapiens
1234 806 1559 878 Euphrates,
1585 808 1712 879 quia
1739 807 1889 862 nulla
1910 807 2039 862 dum

466 904 613 958 inter
638 918 736 958 eos
773 910 894 958 orta
933 903 1233 958 contentio.
1260 902 1358 956 Sin
1396 915 1528 956 vero
1561 902 1743 971 aliqua
1790 902 2038 967 oriatur,

464 1010 628 1067 quam
662 995 843 1066 longe,
874 994 998 1049 talis
1038 1004 1098 1047 ιιι
1124 993 1410 1058 habeatur,
1445 993 1641 1050 aberit.
1679 992 1893 1049 Entibi
1919 1010 2042 1064 qua:

465 1086 533 1141 de
576 1087 768 1142 eodem
818 1085 962 1141 idem
1010 1083 1080 1138 ad
1132 1084 1501 1139 Domitianum
1550 1083 1815 1140 scribat"
1857 1102 1871 1134 :
1907 1103 1925 1137 ι
1975 1084 2040 1139 Et

464 1187 614 1235 certe
651 1189 886 1250 quantas
913 1192 1234 1249 comparare
1265 1192 1398 1246 opes
1448 1176 1810 1246 philosophus
1840 1177 2035 1245 possit,

459 1271 867 1345 potentioribus
888 1270 935 1325 si
965 1269 1238 1333 aduletur,
1275 1266 1564 1337 Euphratis
1595 1266 1825 1322 fortunae
1853 1276 2039 1323 osten-

465 1364 620 1419 dunt.
661 1361 742 1417 llli
793 1377 988 1433 nempe
1027 1362 1178 1426 inde,
1214 1360 1367 1431 (quid
1417 1360 1563 1415 enim
1616 1376 1748 1430 opes
1797 1359 2035 1431 dicam?)

464 1454 775 1510 inexhausti
842 1460 977 1509 sunt
1038 1452 1355 1508 divitiarum
1419 1451 1617 1507 fontes.
1674 1450 1905 1521 Jamque
1969 1451 2038 1506 ad

465 1561 687 1603 mensas
723 1544 1124 1615 disputationes
1174 1544 1360 1607 habet,
1390 1552 1666 1599 mercator
1696 1545 2035 1614 magnarius,

462 1641 589 1697 vilis
634 1640 831 1704 cocio,
880 1638 1207 1709 publicanus
1247 1636 1495 1701 danista,
1553 1637 1670 1707 ipse
1706 1636 1890 1690 omnia
1952 1636 2035 1690 fa-

463 1740 621 1798 ctus,
668 1731 881 1789 venalis
932 1742 986 1787 et
1027 1730 1286 1787 vendens.
1339 1727 1567 1799 Semper
1614 1735 1795 1783 autem
1844 1736 2040 1799 poten-

2140 711 2411 784 ὲληλύθει.
2452 713 2515 765 Εἰ
2538 711 2586 765 δ’
2611 710 2773 775 ἔλθοι,
2798 711 2920 764 ὅσον
2943 708 3098 763 οὔπω
3123 710 3181 763 δὲ
3207 709 3350 763 τοῦτ’
3379 708 3552 763 ἔσται.
3585 710 3734 782 Ὅρα

2139 798 2226 857 οἷα
2254 804 2381 875 περὶ
2409 801 2571 856 αὑτοῦ
2599 804 2627 855 ὁ
2654 801 2814 865 αὐτὸς
2838 801 2975 874 πρὸς
3006 800 3332 871 Δομετιανὸν
3352 800 3558 873 γράφει
3576 799 3689 870 (58)
3711 817 3730 830 ⁸

2146 912 2165 946 ι
2185 894 2291 947 Καὶ
2310 893 2413 967 μὴν
2439 893 2613 946 ὁπόσα
2637 893 2848 961 γίνεται
2872 893 3147 963 φιλοσόφῳ
3166 892 3343 964 ἀνδρὶ,
3377 891 3733 946 κολακεύοντι

2138 987 2555 1051 τοὺς¹δυνατοὺς,
2570 985 2720 1056 δηλοῖ
2729 984 2799 1038 τὰ
2809 986 3114 1057 Εὐφράτου.
3129 985 3314 1057 Τούτῳ
3328 970 3441 1057 γὰρ
3453 986 3727 1050 ἐντεῦθεν,

2137 1080 2190 1132 τί
2216 1078 2357 1147 λέγω
2381 1079 2493 1150 (59)
2533 1080 2823 1150 χρήματα;
2854 1077 3030 1150 πηγαὶ
3066 1078 3163 1148 μὲν
3201 1074 3296 1131 οὖν
3327 1080 3437 1131 εἱσι
3466 1078 3724 1133 πλούτου.

2140 1171 2293 1223 Κάπὶ
2318 1169 2427 1240 (60)
2457 1170 2563 1223 τῶν
2605 1169 2895 1242 τραπεζῶν
2935 1170 3035 1242 ήδη
3084 1170 3408 1239 διαλέγεται,
3454 1172 3724 1242 κάπηλος,

2139 1262 2487 1333 ὐποκάπηλος
2510 1302 2525 1325 ,
2579 1261 2846 1335 τελώνης,
2897 1261 3291 1332 ὀϐολοστάτης,
3351 1263 3528 1316 πάντα
3575 1264 3728 1332 γινό-

2142 1369 2336 1424 μενος,
2400 1354 2468 1407 τὰ
2528 1352 2853 1425 πωλούμενα
2909 1370 2970 1405 τε
3023 1353 3117 1406 καὶ
3168 1354 3470 1408 πωλοῦντα.
3539 1356 3723 1409 Ἐντε-

2136 1447 2379 1501 τύπωται
2425 1448 2483 1501 δὲ
2538 1448 2624 1501 ἀεὶ
2674 1450 2733 1502 ὲν
2771 1449 3014 1521 ταῖς(6ι)
3065 1449 3172 1504 τῶν
3215 1450 3457 1504 δυνατῶν
3504 1452 3720 1524 θύραις,

2138 1537 2232 1590 καὶ
2273 1538 2644 1608 προσέστηκεν
2682 1538 2793 1609 (62)
2835 1540 3026 1603 αὑταῖς
3065 1538 3232 1593 πλείω
3268 1540 3514 1612 καιρὸνῆ
3543 1544 3593 1595 οί
3621 1541 3721 1596 θυ-

2139 1629 2328 1701 ρωροί.
2368 1630 2678 1702 Ἀπελήφθη
2708 1631 2817 1701 (65)
2843 1631 2900 1684 δὲ
2934 1634 3027 1685 καὶ
3057 1632 3161 1684 ὑπὸ
3183 1630 3291 1684 τῶν
3316 1632 3580 1705 θυρωρῶν
3607 1633 3718 1705 (64)

2138 1722 2417 1787 πολλάκις,
2450 1721 2639 1795 ὥσπερ
2668 1722 2774 1776 τῶν
2808 1723 2984 1776 κυνῶν
3033 1724 3084 1777 οἱ
3120 1723 3309 1794 λίχνοι.
3358 1726 3618 1798 Δραχμὴν
3661 1726 3720 1780 δὲ

466 1823 667 1878 tiorum
721 1822 1006 1877 liminibus
1054 1823 1220 1877 haeret
1270 1818 1499 1884 aliixus,
1549 1820 1716 1889 inque
1773 1820 1842 1876 iis
1895 1820 2029 1875 ultra

2138 1815 2259 1869 οὐδὲ
2295 1815 2567 1887 φιλοσόφῳ
2593 1815 2744 1886 ἀνδρί
2766 1833 2893 1869 ποτε
2918 1816 3241 1888 προέμενος,
3272 1819 3591 1889 ὲπιτειχίζει
3608 1819 3716 1892 (65)

462 1915 628 1970 etiam
684 1930 849 1985 quam
911 1914 1180 1984 ianitores
1250 1914 1524 1971 subsistit.
1590 1913 1733 1979 Quin
1805 1928 1948 1983 sazpe
2004 1928 2035 1967 a

457 2010 789 2081 janitoribus
817 2025 942 2065 eum
993 2007 1281 2062 intercludi
1333 2004 1588 2074 contigit,
1624 2014 1683 2059 ut
1730 2017 1893 2058 canes
1930 2013 2027 2070 gu-

468 2101 566 2158 losi
607 2101 892 2156 intercludi
930 2101 1125 2155 solent.
1162 2098 1494 2169 Philosopbo
1544 2108 1727 2152 autem
1774 2097 1856 2151 vel
1901 2097 2030 2151 dra-

467 2192 684 2246 cbmam
730 2190 1036 2262 impertitus
1069 2205 1346 2259 nunquam
1365 2228 1381 2253 ,
1411 2204 1543 2259 opes
1569 2204 1698 2244 suas
1727 2190 1899 2245 muris
1925 2190 2032 2244 cir-

460 2279 776 2343 cumvallat,
814 2281 1045 2335 extortis
1076 2281 1144 2335 ab
1176 2281 1298 2336 aliis
1335 2280 1551 2336 huncce
1594 2279 1911 2351 Egyptium
1942 2295 2032 2349 pe-

460 2369 640 2425 cuniis
668 2384 922 2440 pascens,
951 2370 1301 2442 linguamque
1329 2370 1382 2425 in
1416 2386 1502 2425 me
1528 2386 1754 2436 acuens,
1786 2371 2034 2427 exscindi

460 2467 781 2516 merentem.
830 2458 900 2512 At
942 2458 1273 2530 Euphratem
1330 2459 1427 2513 tibi
1464 2459 1740 2529 relinquo,
1792 2467 1850 2514 tu
1889 2463 2033 2516 enim

458 2553 563 2609 nisi
592 2552 969 2609 adulatoribus
999 2553 1289 2607 admodum
1321 2551 1630 2617 delecteris,
1664 2554 1838 2607 multo
1869 2568 2033 2624 quam

454 2643 584 2700 dico
644 2645 921 2700 hominem
978 2643 1308 2700 deteriorem
1368 2660 1494 2701 esse
1537 2645 1805 2703 invenies.
1860 2665 1878 2698 ι
1928 2646 2033 2713 Qui

453 2751 589 2808 ergo
644 2737 789 2807 apud
837 2734 1231 2806 Vespasianum
1288 2744 1499 2805 patrem
1562 2737 1865 2807 sapientem
1911 2752 2036 2793 esse

460 2819 810 2893 Euphratem,
859 2834 911 2879 et
945 2824 1177 2894 probum
1231 2832 1316 2879 est
1351 2831 1602 2892 testatus,
1640 2826 1743 2880 ista
1793 2827 1936 2898 apud
1973 2827 2037 2882 li-

459 2911 591 2968 lium
626 2922 806 2970 autem
836 2914 1065 2984 profert,
1100 2913 1391 2970 manifeste
1417 2916 1666 2984 ejusdem
1696 2918 1800 2973 viri
1829 2927 1883 2974 et
1912 2919 2033 2973 lau-

458 3005 617 3061 dator
650 3021 775 3061 esse
800 3006 1247 3076 deprehenditur,
1277 3016 1333 3064 et
1371 3020 1675 3065 accusator.
1714 3010 1865 3066 Itane
1903 3026 2034 3067 vero

457 3097 551 3167 qui
577 3096 881 3152 futurorum
910 3099 1167 3166 praeditus
1190 3100 1417 3154 scientia
1439 3102 1736 3170 est,qualis
1769 3103 1861 3168 sit,
1891 3119 2025 3172 quav

455 3190 591 3246 iisve
623 3191 838 3245 futurus
877 3191 948 3245 sit
983 3189 1285 3260 Euphrates
1320 3190 1740 3263 ignorat?533
1755 3194 1824 3248 At
1850 3210 2025 3265 neque

459 3297 607 3336 nunc
643 3282 898 3351 primum,
934 3285 1026 3337 sed
1070 3284 1240 3353 ipsius
1264 3286 1377 3353 jam
1408 3282 1719 3353 Vespasiani
1757 3301 1871 3339 aevo
1902 3303 2025 3341 car-

459 3388 588 3446 pere
611 3373 966 3445 Euphratem,
997 3383 1057 3432 ut
1099 3379 1193 3448 qui
1226 3380 1504 3448 perversis
1532 3379 1606 3435 sit
1644 3380 1916 3445 moribus,
1946 3381 2035 3437 in-

457 3466 636 3522 stituit
663 3468 732 3522 “.
776 3468 1060 3535 Quomodo
1105 3470 1269 3525 talem
1310 3472 1478 3543 igitur
1521 3471 1837 3543 imperatori
1882 3489 2035 3530 com-

456 3557 698 3623 mendat,
748 3557 823 3612 ita
861 3568 924 3613 ut
957 3559 1060 3630 ipsi
1101 3575 1320 3630 quoque
1370 3568 1640 3632 patentes,
1684 3563 1834 3620 illius
1890 3580 2035 3622 com-

522 3715 569 3749 ”
609 3716 704 3774 lib.
745 3736 874 3781 vui.
904 3735 958 3780 c.
995 3721 1044 3777 7.
1122 3721 1167 3754 '°
1206 3720 1302 3777 lib.
1337 3736 1400 3786 ν,
1438 3735 1490 3776 c.
1530 3722 1623 3778 39.

522 3878 635 3954 (58)
674 3881 916 3951 Γράφει.
947 3882 1152 3954 Nempe
1179 3883 1471 3954 inscripta
1510 3882 1784 3954 Apollonii
1816 3883 1883 3939 ad
1916 3882 2024 3936 Do-

450 3951 738 4025 mitianum
781 3954 1041 4025 Apologia
1085 3951 1199 4025 haec
1249 3951 1625 4019 inveniuntur,
1670 3970 1834 4024 quam
1886 3955 2024 4008 reci-

449 4027 568 4095 tare
592 4021 640 4075 ei
679 4021 867 4095 datum
899 4021 1040 4078 haud
1074 4023 1195 4083 fuit,
1220 4032 1281 4077 ut
1304 4040 1372 4078 ex
1397 4025 1493 4079 lib.
1523 4021 1715 4088 vm,c'.
1747 4024 1803 4088 6,
1833 4026 2024 4095 liquet;

450 4090 577 4167 hinc
615 4091 849 4163 γράφειν
897 4109 1021 4149 eum
1059 4109 1189 4167 quae
1240 4103 1549 4167 sequuntur
1586 4090 2022 4167 Eusebius-ait.

446 4160 630 4236 Aliter
649 4160 933 4236 acceperat
956 4160 1192 4236 verbum
1206 4160 1438 4236 γράξρειν
1458 4165 1743 4236 _A_cciolus,
1783 4166 1875 4236 qui
1906 4180 2027 4236 ver.-

449 4232 516 4284 tit
536 4251 550 4285 :
568 4229 715 4296 Vide,
731 4229 929 4305 quaeso,
947 4235 1133 4305 quibus
1154 4229 1305 4287 illum
1327 4229 1468 4304 apud
1488 4229 1846 4289 Domitianum
1860 4235 2026 4289 verbis

448 4313 678 4377 accuset.
724 4303 793 4357 At
835 4303 1025 4359 dubito
1062 4305 1286 4377 verbum
1325 4303 1560 4377 γράφειν
1607 4306 1661 4360 h.
1691 4307 1729 4359 l.
1755 4322 1820 4377 eo
1846 4322 2025 4377 sensu

430 4373 620 4447 ;a_ccipi
650 4389 830 4441 posse,
862 4391 1036 4447 neque
1063 4376 1248 4447 γραφή
1280 4373 1427 4431 enim
1452 4373 1543 4431 est
1576 4377 1711 4431 illud
1741 4376 1808 4431 ad
1842 4375 2024 4431 Domi-

434 4441 654 4516 tianum
683 4459 841 4516 opus,
873 4441 964 4501 sed
998 4441 1276 4516 Apologia.

497 4513 630 4583 .(59)
676 4517 737 4567 Τί
765 4515 940 4589 λέγω.
969 4513 1240 4589 ΔΜόιειξιιιῖει
1274 4515 1329 4589 in
1361 4516 1614 4589 margine
1635 4517 2024 4573 observaverat

446 4580 501 4658 i_n_
529 4580 657 4658 ints.
691 4600 758 4658 se
804 4580 1077 4642 invenisse
1131 4587 1184 4640 τί
1230 4586 1392 4655 λέγω,
1438 4580 1561 4658 quae
1602 4587 1762 4643 lectio
1804 4603 1926 4641 cum
1968 4589 2020 4642 in

442 4650 775 4727 Philostrati
801 4672 1021 4727 quoque
1060 4666 1209 4712 textu
1254 4650 1584 4725 inveniatur,
1629 4659 1915 4713 retinenda
1951 4660 2023 4712 vi-

442 4724 696 4849 ;lzclﬁtur.
735 4724 881 4782 Editi
921 4724 1100 4783 tamen
1142 4729 1197 4782 b.
1245 4729 1281 4783 l.
1316 4724 1591 4784 habebant
1629 4728 1883 4801 ἄπληστα
1924 4746 2021 4798 pro

588 4813 687 4849 γω.

440 4808 687 4850 τιλενακ

515 4813 849 4939 (ἳὶἷωὶίἀπί.
891 4867 982 4925 Sic
1025 4868 1287 4923 Philostr.
1330 4866 1472 4923 Editi
1506 4869 1561 4923 h.
1599 4869 1635 4924 ι,
1670 4869 1875 4924 habent
1925 4869 2028 4922 καῖ

441 4937 780 5012 περίίιιυοα
818 4941 1002 4995 minus
1041 4939 1336 4994 convenire
1380 4940 1596 4995 videtur
1636 4942 1876 5012 genitivo
1927 4956 2015 4995 se-

439 5019 649 5133 quifit"
674 5079 770 5131 Ἐν
797 5080 944 5148 ταῖς.
976 5080 1132 5149 Apud
1171 5079 1426 5137 Philostr.
1456 5081 1729 5136 omittitur
1755 5083 1832 5134 ὲν.

507 5080 621 5221 (69.)
661 5151 1105 5221 Προσέοιτηκεν.
1145 5151 1238 5205 Sic
1271 5166 1396 5206 cum
1429 5149 1689 5207 Philostr.
1725 5153 1828 5205 mal

508 5149 621 5221 (69.)
661 5151 1105 5218 Προσέοιτηκεν.
1145 5151 1238 5205 Sic
1271 5166 1396 5206 cum
1429 5149 1689 5207 Philostr.
1725 5151 2013 5216 maleham,

477 5235 600 5300 nam
634 5220 1002 5300 Ῑςροι-εστηκεν,
1043 5221 1189 5290 quod
1234 5221 1289 5300 in
1336 5221 1501 5300 editis
1532 5221 1764 5300 Eusebii
1808 5222 2012 5300 inveni.

471 5292 599 5345 trius
631 5290 995 5347 ill’udzreotius
1018 5293 1275 5347 convenit
1304 5293 1375 5354 ei,
1402 5292 1548 5361 quod
1587 5295 1747 5361 paulo
1774 5299 1899 5361 post
1931 5293 2016 5346 di-

435 5361 599 5432 citur,
636 5362 936 5432 canumad
962 5363 1137 5417 instar
1157 5378 1305 5432 saepe
1333 5363 1666 5432 interclusus
1690 5378 1832 5418 esse.

506 5431 615 5504 (65)
650 5430 1003 5504 Ἀπελήερᾲθη.
1033 5430 1294 5489 Philostr.
1322 5431 1608 5504 ἀπελήφθη
1644 5433 1823 5488 habet.
1857 5430 2014 5485 Prior

432 5500 602 5575 editio
642 5508 697 5556 et
731 5518 839 5557 .ms.
868 5500 1023 5575 Reg.
1070 5503 1404 5575 ᾀπειλήιρθη,
1456 5500 1782 5575 nescioquo
1822 5520 2008 5557 sensu.

432 5566 698 5657 Putabam
734 5566 1139 5657 θεεὴπεῖλήιθη
1181 5566 1543 5657 νςέςξῇιιέιοεὶ.
1593 5566 1866 5657 interpres
1909 5574 2011 5627 hoc

433 5640 553 5694 loco
598 5640 796 5695 mirum
846 5640 902 5696 in
950 5640 1170 5698 modum
1203 5640 1495 5709 delirarat,
1519 5644 1612 5715 qui
1655 5640 1813 5699 nobis
1843 5660 2010 5698 canes

429 5710 789 5836 ῧῖεὲξεὲυοε
814 5713 1178 5783 lucernarios,
1206 5716 1416 5773 foribus
1446 5717 1725 5788 appositus
1754 5715 2006 5770 ﬁnxerat.

480 5795 708 5835 οιετει.

2137 1908 2228 1961 τὸν
2262 1908 2452 1962 ἑαυτοῦ
2486 1908 2733 1974 πλοῦτον,
2779 1909 2987 1980 ἑτέροις
3020 1908 3128 1980 (66)
3163 1909 3253 1962 τὸν
3274 1911 3569 1979 Αίγύπτιον
3597 1929 3720 1966 του-

2136 2001 2249 2052 τον).
2279 1999 2489 2070 βόσκων
2533 2003 2802 2074 χρήμασι,
2832 1999 2926 2053 καὶ
2966 1999 3167 2066 ὀξύνων
3201 2001 3287 2053 ἐπ’
3319 2001 3420 2072 ἐμὲ
3446 2002 3715 2071 γλῶσσαν,

2135 2090 2295 2157 ἀξίαν
2358 2094 2742 2165 ἐκτετμῆσθαι.
2802 2092 3091 2164 Εὐφράτην
3156 2093 3253 2165 μὲν
3300 2093 3363 2165 δὴ
3408 2093 3720 2147 καταλείπω

2139 2202 2256 2240 σοι·
2298 2187 2361 2239 σὺ
2415 2186 2543 2259 γὰρ,
2576 2187 2641 2258 ἢν
2677 2187 2750 2259 μὴ
2776 2188 3015 2252 κόλακας
3059 2189 3310 2259 ἐπαινῇς,
3345 2190 3599 2260 εὑρήσεις
3627 2186 3719 2243 τὸν

2136 2277 2421 2350 ἄνθρωπον
2454 2278 2638 2332 κακίω
2665 2279 2698 2351 ἢ
2735 2279 3020 2350 ἑρμηνεύω
3051 2278 3185 2350 (67).
3227 2298 3245 2330 ι
3290 2279 3347 2331 Ὁ
3368 2279 3431 2351 δὴ
3463 2279 3598 2350 πρὸς
3628 2277 3718 2333 τὸν

2137 2372 2349 2443 πατέρα
2381 2371 2472 2425 τὸν
2504 2372 2914 2426 Οὐεσπασιανὸν
2942 2373 3103 2441 σοφὸν
3136 2372 3230 2425 καὶ
3258 2371 3459 2440 ἀγαθὸν
3491 2372 3583 2425 τὸν
3607 2370 3716 2424 Εὐ-

2137 2465 2348 2536 φράτην
2404 2465 2832 2538 μαρτυρόμενος,
2870 2466 3006 2535 πρὸς
3036 2465 3092 2517 δὲ
3120 2463 3209 2516 τὸν
3244 2465 3358 2516 υἱὸν
3396 2464 3564 2517 ταῦτα
3589 2460 3718 2537 περ)⁵

2135 2556 2298 2610 αὐτοῦ
2359 2555 2592 2622 διεξιὼν,
2653 2557 2813 2628 δῆλος
2864 2558 2929 2612 ἂν
2959 2558 3042 2629 εἴη
3077 2558 3169 2611 τὸν
3201 2557 3362 2611 αὐτὸν
3391 2555 3630 2610 ἐπαινῶν
3655 2572 3716 2610 τε

2135 2650 2229 2702 καὶ
2247 2649 2452 2720 ψέγων.
2501 2645 2625 2723 Ἀρ*
2648 2647 2740 2705 οὖν
2793 2653 2821 2705 ό
2848 2651 2946 2722 τὴν
2978 2651 3085 2704 τῶν
3126 2650 3430 2721 μελλόντων
3460 2649 3716 2721 προειλη-

2136 2738 2251 2809 φὼς
2281 2740 2482 2809 γνῶσιν
2533 2743 2717 2812 ἠγνόει
2744 2742 2803 2806 ὃς
2826 2739 2893 2813 ἦν
2930 2761 2989 2796 τε
3020 2742 3114 2796 καὶ
3157 2741 3308 2795 ἔσται
3334 2743 3362 2794 ό
3390 2741 3713 2814 Εὐφράτηςς

2135 2832 2246 2885 Καὶ
2271 2832 2379 2904 γὰρ
2408 2833 2467 2885 οὐ
2503 2832 2598 2887 νῦν
2621 2832 2856 2902 πρῶτον,
2878 2833 3012 2887 ἀλλὰ
3040 2836 3134 2887 καὶ
3165 2835 3251 2887 ἐπ’
3282 2833 3446 2887 αὑτοῦ
3473 2835 3719 2888 Οὐεσπα-

2138 2924 2319 2979 σιανοῦ
2357 2908 2662 2980 διαϐάλλειν
2694 2925 2878 2989 αὑτὸν,
2929 2926 3004 2989 ὡς
3034 2926 3098 2998 δὴ
3128 2924 3188 2980 τὸ
3205 2922 3340 2998 ἦθος
3375 2925 3717 2998 μοχθηρότα-

2135 3034 2244 3081 τον,
2280 3018 2546 3089 βούλεται.
2574 3017 2698 3082 Πῶς
2719 3019 2783 3090 δὴ
2824 3013 2915 3071 οὖν
2948 3019 3149 3072 τοιόνδε
3205 3018 3428 3090 συνίστη
3484 3018 3713 3088 βασιλεῖ,

2137 3108 2213 3174 ὡς
2244 3111 2337 3163 καὶ
2370 3110 2688 3173 ἀκλείστους
2742 3110 2889 3181 αὑτῴ
2925 3109 3034 3182 (68)
3084 3109 3173 3165 διὰ
3212 3109 3314 3174 τὰς
3366 3109 3498 3180 παρ’
3545 3108 3712 3162 αὐτοῦ

2139 3201 2425 3265 συστάσεις
2455 3202 2563 3255 τῶν
2592 3201 2875 3273 βασιλείων
2898 3201 3339 3257 ἀναπεπετάσθαι
3370 3201 3468 3266 τὰς
3496 3202 3707 3266 πύλαςς

2145 3292 2303 3348 Ἀλλὰ
2332 3294 2441 3366 γὰρ
2473 3295 2569 3349 καὶ
2583 3293 2788 3365 τυφλῷ,
2818 3295 2967 3363 φασὶ,
2997 3293 3172 3364 δῆλον,
3209 3293 3287 3357 ὡς
3323 3293 3430 3365 ἄρα
3460 3294 3710 3363 πρόγνω-

2135 3401 2218 3437 σιν
2250 3387 2348 3454 μὲν
2377 3387 2794 3456 συκοφαντεῖται
2831 3386 2964 3457 πρὸς
3014 3384 3108 3439 τοῦ
3144 3384 3506 3457 συγγραφέως
3537 3388 3565 3439 ό
3612 3386 3707 3440 ἄν·

2132 3476 2369 3547 θρωπος.
2418 3477 2517 3549 Είη
2579 3479 2624 3531 δ’
2652 3477 2719 3532 ἂν
2765 3478 2940 3542 ἄλλως
2983 3479 3244 3547 γενναῖος,
3290 3476 3423 3529 πολὺ
3459 3474 3566 3545 (69)
3613 3474 3711 3545 μὲν

2132 3568 2435 3639 προπείρας
2490 3569 2603 3641 (70)
2643 3570 2909 3642 ἑταίροις
2955 3569 3098 3642 ἀτὰρ
3130 3570 3225 3624 καὶ
3250 3567 3329 3640 τῷ
3360 3567 3623 3641 Εὐφράτῃ
3653 3568 3716 3631 ὲς

2199 3881 2348 3960 Pace
2374 3883 2474 3960 viri
2507 3882 2669 3960 docti
2690 3899 2883 3960 sanum
2904 3899 3039 3960 esse
3082 3893 3214 3954 puto
3242 3885 3550 3960 ᾇπελήφθη,
3585 3887 3710 3949 vida

2128 3969 2250 4025 qum
2284 3954 2349 4010 ad
2375 3955 2529 4008 illum
2552 3954 2869 4011 Philostrati
2903 3956 3082 4010 locum
3107 3970 3137 4009 a
3171 3958 3331 4013 nobis
3362 3954 3709 4015 fuere'anno—

2133 4032 2269 4079 tata.

2227 4094 2317 4167 (ii)
2358 4094 2954 4167 ΘυρωρῶνηΡΙιίζοειτ.
2980 4094 3144 4150 habet
3173 4094 3375 4167 θυρῶν.

2228 4164 2317 4234 65)
2377 4164 2752 4234 Ἐπιτειχίζει.
2790 4164 3067 4222 Omissum
3099 4179 3130 4218 a
3177 4164 3265 4221 me
3295 4167 3411 4233 νῦν,
3447 4168 3501 4222 in
3541 4167 3708 4225 Euse-

2136 4235 2402 4291 biieditis
2441 4236 2686 4306 additum
2720 4247 2844 4306 post
2883 4238 3024 4291 banc
3076 4249 3287 4306 vocem,
3322 4237 3426 4293 ﬁde
3458 4239 3706 4294 lcetionis

2135 4321 2257 4376 quae
2289 4306 2431 4375 apud
2470 4304 2858 4361 Philostratum
2898 4307 3159 4362 occurrit.
3203 4305 3317 4364 Nec
3344 4324 3545 4365 sensus
3581 4324 3701 4365 an:

2173 4377 2458 4431 articulam
2490 4376 2632 4432 ferre
2654 4378 2889 4431 videtur.

2136 4392 2458 4446 particulam
2490 4392 2632 4432 terre
2654 4392 2889 4431 videtur.

2054 4424 2102 4480 ί)
2200 4448 2321 4521 (66)-
2368 4445 2637 4521 Ὲτέρρις.
2669 4446 2804 4521 Diale
2826 4455 2951 4521 post
2978 4447 3121 4501 hanc
3143 4462 3330 4521 vocem
3362 4448 3541 4517 posita
3573 4450 3706 4504 ὑπο-

2129 4519 2330 4589 στιγμή
2380 4517 2436 4572 in
2481 4517 2932 4589 editis_Euse"bii,
2970 4533 3091 4586 qua:
3132 4519 3336 4572 rectius
3378 4530 3505 4573 ante
3553 4521 3704 4573 illam

2126 4586 2451 4659 collocatur,
2487 4599 2544 4642 ut
2564 4589 2627 4659 in
2654 4586 2971 4659 Philostrati
3003 4595 3152 4641 textu
3172 4603 3187 4651 ;
3210 4602 3335 4659 nam
3367 4589 3435 4642 ad
3467 4604 3706 4659 sequen-

2125 4659 2198 4712 tia
2226 4658 2465 4729 pertinet
2486 4658 2712 4729 ἑτέροις.
2748 4658 2881 4729 Vide
2912 4659 3196 4729 notata_ad
3227 4656 3486 4729 Philostr.

2195 4720 2306 4798 (67)
2349 4730 2417 4783 Ἦ
2441 4720 2744 4799 span-retice
2802 4727 3060 4783 Philostr.
3097 4720 3171 4799 thy
3209 4728 3520 4799 ἑρμηνεύω.

2194 4797 2306 4868 (68)
2357 4799 2450 4864 Ὠς
2490 4797 2589 4852 καὶ
2613 4800 2979 4864 ἀκλείστους
3004 4797 3182 4863 αὐτῷ.
3219 4797 3499 4868 ᾹΙιιιᾶἰιιιν
3526 4799 3594 4852 ad
3625 4800 3707 4852 al-

2122 4867 2298 4949 legata
2327 4870 2490 4940 paulo
2512 4876 2639 4922 ante
2668 4886 2733 4924 ex
2756 4870 2793 4923 Ι.
2820 4885 2870 4934 v,
2904 4888 2954 4922 ιτ.
2988 4868 3078 4930 31,
3104 4867 3209 4922 sub
3229 4867 3350 4921 init.
3377 4867 3701 4940 Vespasiani

2122 4940 2303 5081 iiiis?)
2345 5011 2529 5065 Πολύ.
2570 5008 2648 5063 Ita
2682 5009 2833 5081 haud
2883 5008 3049 5064 dubie
3094 5010 3385 5079 legendum
3432 5023 3537 5080 pro
3588 5011 3697 5065 πά.

2119 5079 2227 5140 λαι,
2260 5079 2406 5152 quod
2430 5088 2515 5137 est
2544 5082 2598 5135 in
2629 5080 2809 5152 editis.

2187 5149 2311 5235 (70).
2356 5151 2707 5233 Πρρπειρας.
2758 5151 2835 5204 ita
2885 5149 3172 5219 legendum
3217 5153 3425 5221 putavi,
3460 5166 3583 5277 (ἕνα
3631 5165 3696 5206 eo

2187 5223 2265 5277 od
2299 5239 2353 5277 ut
2380 5222 2544 5276 editis
2565 5229 2670 5277 est.
2702 5235 2878 5277 neque
2902 5222 3075 5276 ullum
3113 5237 3336 5277 sensum
3361 5222 3455 5277 l'un
3519 5232 3561 5277 t.
3588 5222 3696 5277 πρὸ

2116 5222 2265 5290 quod
2299 5223 2353 5277 in
2380 5222 2544 5276 editis
2565 5229 2670 5285 est,
2702 5235 2878 5290 neque
2902 5222 3075 5276 ullum
3113 5237 3336 5277 sensum
3361 5222 3561 5284 l'und-it,
3588 5241 3631 5276 π
3668 5222 3699 5276 δ

2116 5292 2329 5347 πείρας.
2361 5290 2458 5347 Est
2488 5300 2667 5346 autem
2700 5291 3004 5347 ποοπείρας
3034 5293 3125 5347 qui
3147 5293 3438 5347 periculum
3462 5310 3558 5347 pro
3586 5239 3699 5347 ego

2116 5307 2329 5376 πειρας.
2361 5307 2458 5347 ut
2488 5307 2667 5346 autem
2700 5307 3004 5372 προπειρας
3034 5307 3124 5359 (ιω
3147 5307 3438 5360 periculum
3462 5310 3558 5363 pro
3586 5307 3699 5347 auo

2115 5364 2280 5425 subit,
2308 5363 2452 5433 quod
2487 5370 2573 5417 est
2600 5375 2837 5433 maxime
2862 5362 3147 5433 γενναίων.
3180 5362 3385 5433 Nempe
3415 5364 3700 5418 derivatur

2116 5446 2145 5484 a
2177 5430 2352 5503 πείρω
2381 5430 2684 5503 νθιῄπερώ,
2727 5432 2870 5501 quod
2924 5434 3143 5501 proprie
3193 5430 3415 5488 “unum
3461 5435 3697 5488 transire

2114 5511 2238 5557 est:
2273 5501 2398 5557 inde
2432 5501 2499 5556 ad
2530 5501 2917 5572 quodcunque,
2955 5505 3100 5571 quod
3136 5505 3356 5565 subeas,
3388 5505 3694 5572 periculum

2114 5575 2463 5645 translatum,
2500 5571 2663 5645 unde
2684 5571 2916 5645 ’Δνδρῷν
2941 5589 3002 5624 τε
3032 5572 3302 5645 πολέμους
3346 5571 3613 5645 ἀλεγεινᾴγ
3632 5590 3695 5626 τε

2112 5643 2333 5714 κύματα
2355 5643 2580 5713 πείρων,
2607 5640 2829 5713 Ulysses
2860 5640 3181 5699 Homericus
3202 5644 3400 5715 Odyss.
3432 5640 3521 5701 IX.
3553 5644 3695 5697 Hinc

2110 5722 2166 5769 et
2197 5715 2424 5785 ἀπορεῖν
2451 5724 2505 5767 et
2540 5715 2794 5785 εὐπορεῖν
2825 5710 3060 5785 destitui
3081 5713 3137 5768 in
3179 5717 3431 5780 transitu,
3467 5724 3519 5771 et
3552 5714 3695 5785 faci-

2048 5856 2057 5877 ‘
2119 5786 2217 5840 lem
2258 5782 2545 5838 transitum
2594 5782 2863 5846 invenire,
2910 5782 2981 5836 ad
3020 5799 3111 5840 res
3150 5787 3384 5841 fortuna:
3428 5782 3694 5842 translata
