4112 6436
401 365 510 420 845

1532 360 1734 415 LIBER
1768 360 2046 416 CONTRA
2084 359 2501 416 HlEROCLEM.

3545 360 3650 415 διο

404 481 470 538 τά
497 480 743 549 βασίλεια
777 481 1021 554 παρόδου
1055 479 1342 541 κοινωνῶν,
1378 478 1601 550 ὕστερον
1634 481 1692 532 δὲ
1737 482 1838 550 τῆς
1870 481 1973 535 δια-

2091 480 2459 545 mendatione,
2488 480 2675 550 palatii
2696 481 3043 550 imperatoris
3075 478 3222 537 fores
3253 479 3652 550 pandet-exitur?

403 576 575 645 φορᾶς
635 574 796 627 ἕνεκα
850 572 1072 627 τοιαῦτα
1119 572 1245 640 περὶ
1273 571 1436 625 αὐτοῦ
1472 572 1662 640 λέγων,
1700 571 1852 625 οὔπω
1887 589 1975 642 μοι

403 665 705 719 διαϐάλλειν
750 668 778 718 ὀ
837 665 991 733 λόγος
1047 663 1291 734 βούλεται
1334 662 1425 716 τὸν
1460 664 1648 733 ἄνδρα,
1685 662 1759 726 ὼς
1792 663 1857 716 ἂν
1885 663 1977 715 τὸν

406 757 695 827 Εὐφράτην
729 755 1182 824 συκοφαντοῦντα,
1236 755 1537 824 φιλοσόφων
1562 754 1670 806 τῶν
1702 754 1820 807 καθ’
1855 755 1979 805 ἑαυο

405 848 494 900 τὸν
518 847 627 917 (7|)
672 846 1059 913 ὲπιδοξότατον,
1089 845 1164 908 ὡς
1194 847 1289 898 καὶ
1315 846 1373 908 ἐς
1419 844 1589 915 δεῦρ’,
1627 841 1706 909 οἷς
1759 844 1976 914 μέτεστι

407 938 739 1007 φιλοσοφίας,
776 937 1031 1009 ᾄδεσθαις
1063 939 1129 990 Ὃ
1162 937 1253 989 καὶ
1296 938 1550 1008 μέγιστον
1577 934 1730 989 λάϐοι
1776 937 1840 989 ἄν
1870 952 1974 999 τις,

405 1032 455 1082 εί
484 1029 741 1099 βούλοιτο,
788 1029 1142 1100 παράδειγμα
1179 1029 1278 1099 τῆς
1323 1027 1465 1081 κατά
1495 1026 1589 1079 τοῦ
1628 1025 1977 1078 Ἀπολλωνίου

402 1117 670 1186 διαϐολῆς.
731 1119 792 1170 Et
821 1118 928 1190 γὰρ
959 1121 987 1171 ό
1026 1119 1318 1190 Εὐφράτης
1345 1116 1496 1189 παρὰ
1527 1119 1639 1179 τοῖς
1668 1117 1801 1169 πᾶσι
1826 1115 1977 1185 φιλο-

407 1210 568 1281 σοφία
593 1210 886 1281 διαπρέψαι
914 1211 1295 1283 ὁμολογηθείη,
1316 1210 1435 1281 ὥρα
1461 1208 1850 1280 μισοπονηρίαν
1881 1209 1978 1278 μὲν

402 1301 611 1354 ἐκείνου
659 1305 1016 1372 κατηγορεῖν,
1071 1301 1375 1364 ἐπεξιόντος
1428 1302 1540 1361 τοῖς
1578 1298 1794 1361 ἀτόπως
1874 1297 1977 1351 ὑπὸ

401 1392 557 1445 τοῦδε
574 1391 869 1463 δρωμένοις
888 1408 903 1457 ;
924 1393 1133 1445 τουτονὶ
1163 1392 1218 1444 δὲ
1245 1392 1382 1463 πρὸς
1415 1391 1621 1444 ἐκείνου
1643 1388 1976 1462 κατηγορού-

406 1499 584 1555 μενον,
641 1481 849 1552 φαύλην
908 1481 1329 1553 περιϐάλλεσθαι
1352 1481 1534 1546 δόξαν,
1566 1481 1648 1533 ὅτι
1679 1481 1743 1551 δὴ
1777 1481 1851 1551 μὴ
1882 1481 1974 1534 τὸν

400 1577 703 1649 ἀρέσκοντα
725 1576 802 1647 τῷ
836 1575 1107 1646 φιλοσόφῳ
1140 1575 1327 1646 μετῄει
1353 1576 1483 1645 βίον.

2083 571 2285 627 Verum
2315 573 2401 627 vel
2437 586 2602 636 caeco,
2634 579 2694 626 ut
2752 572 2806 627 in
2828 573 3141 642 .proverbio
3172 573 3347 637 aiunt,
3385 571 3499 643 jam
3530 587 3652 642 per-

2083 667 2333 734 spicuum
2387 664 2492 728 sit,
2538 665 2683 735 quod
2735 665 2789 720 in
2838 666 3119 721 divinandi
3170 674 3288 722 arte
3330 665 3652 721 detrahatur

2083 756 2203 810 viro
2255 757 2323 812 ab
2370 757 2650 811 historico.
2684 757 3061 814 Concedamus
3107 768 3286 813 autem
3334 759 3388 813 in
3438 758 3651 813 caeteris

2083 862 2206 901 eum
2262 862 2583 917 generosum
2636 850 2877 903 animum
2921 849 3356 917 demonstrasse,
3405 848 3650 919 pericula

2083 939 2249 993 etiam
2284 954 2385 1007 pro
2439 939 2631 993 amicis
2681 940 2966 995 subeundo
3008 940 3344 1011 frequenter.
3383 939 3456 993 At
3500 945 3650 994 certe

2084 1027 2436 1098 Euphratem,
2468 1029 2649 1085 aditus
2679 1031 2746 1085 ad
2795 1031 3140 1101 imperatoris
3181 1033 3442 1103 palatium
3473 1032 3647 1102 parti-

2084 1122 2257 1190 cipem
2294 1120 2549 1184 reddens,
2576 1133 2763 1190 postea
2813 1132 3017 1187 tamen,
3051 1125 3121 1179 ob
3155 1124 3505 1180 intereedens
3534 1123 3649 1179 dis-

2084 1210 2307 1276 sidium,
2339 1211 2467 1263 talia
2499 1211 2565 1265 de
2591 1227 2656 1266 eo
2688 1212 2991 1281 proferens,
3015 1230 3216 1277 nonne,
3241 1215 3357 1285 ipsa
3385 1215 3648 1270 suadente

2084 1300 2215 1353 mihi
2248 1300 2479 1365 ratione,
2515 1298 2808 1371 Euphratis
2838 1303 3014 1372 egisse
3043 1304 3433 1374 sycophantam
3464 1304 3648 1374 argui-

2085 1399 2204 1455 tur,
2238 1392 2684 1463 philosophorum
2714 1410 2826 1448 suae
2864 1397 3039 1450 aetatis
3079 1396 3393 1460 clarissimi,
3421 1395 3513 1465 qui
3549 1396 3649 1450 ho-

2081 1481 2171 1537 die
2199 1486 2362 1538 etiam
2390 1485 2573 1549 abiis,
2614 1486 2708 1555 qui
2743 1486 3100 1557 philosophiae
3146 1488 3336 1542 imbuti
3366 1494 3497 1542 sunt
3535 1496 3651 1544 stu-

2079 1573 2206 1638 diis,
2230 1575 2573 1629 celebratur?
2596 1577 2748 1642 Quod
2778 1580 2954 1648 ipsum
2983 1581 3063 1634 vel
3089 1578 3521 1635 illustrissimum
3547 1579 3649 1633 ali-

402 1671 515 1735 eui,
543 1672 590 1725 si
615 1670 769 1734 velit,
837 1668 1042 1742 [instar]
1074 1670 1345 1740 Apollonii
1408 1669 1852 1741 reprehensionis
1906 1670 2210 1740 exemplum
2255 1671 2513 1740 praebeat.
2563 1670 2622 1725 Si
2671 1672 2973 1743 Euphrates
3021 1675 3164 1731 enim
3226 1675 3467 1729 omnium
3514 1689 3648 1729 eon-

400 1781 566 1820 sensu
598 1766 955 1835 philosophiae
990 1767 1185 1821 studiis
1210 1767 1551 1821 clarissimus
1597 1766 1880 1829 habeatur,
1921 1765 2358 1835 intempestivum
2401 1774 2547 1821 certe
2612 1768 2834 1822 minime
2879 1767 3064 1831 fuerit,
3100 1769 3248 1825 illius
3278 1784 3344 1823 eo
3399 1768 3649 1823 evincere

400 1856 566 1928 534
597 1858 860 1914 adversus
902 1861 1299 1931 improbitatem
1365 1863 1546 1916 odium
1569 1902 1584 1927 ,
1637 1859 1781 1931 quod
1841 1861 1982 1942 mala
2019 1860 2291 1931 Apollonii
2323 1860 2460 1916 facta
2487 1861 2650 1918 fuerit
2682 1864 3000 1918 insectatus.
3038 1863 3194 1919 llunc
3247 1878 3396 1928 vero,
3424 1862 3517 1934 qui
3581 1861 3649 1916 ab

399 1964 470 2003 eo
501 1949 848 2018 arguebatur,
876 1949 1254 2023 [concludere]
1287 1951 1425 2005 mala
1459 1951 1598 2007 fama
1633 1949 1972 2022 oppressisse
2008 1966 2152 2017 eum,
2194 1951 2350 2021 quasi
2382 1952 2546 2009 vitam
2581 1962 2763 2025 ageret
2794 1954 3151 2025 philosophim
3214 1955 3441 2009 minime
3509 1967 3647 2008 con-

400 2053 743 2098 sentaneam.

922 2143 1314 2196 ΚΕΦΑΛΑῙΟΝ
1340 2145 1458 2197 ΛΔ’.

475 2231 642 2287 Πάλιν
691 2235 749 2287 ὲν
780 2232 859 2305 τῷ
909 2234 1069 2304 ἕκτῳ,
1137 2234 1578 2305 παραὼξολογῶν
1611 2237 1639 2289 ὁ
1666 2235 1976 2306 μυθολόγος,

398 2323 524 2391 ἄγει
558 2325 655 2393 μὲν
678 2324 835 2377 αὐτὸν
862 2323 976 2394 ἅμα
1010 2327 1121 2387 τοῖς
1142 2325 1374 2396 ἑταίροις
1401 2325 1633 2397 καμήλῳ
1669 2326 1978 2397 ὀχούμενον,

402 2415 488 2483 ἐφ’
507 2414 599 2478 οὓς
622 2432 783 2486 φησιν
816 2417 1127 2484 Αἰγυπτίων
1150 2417 1412 2487 Γυμνοὺς,
1456 2418 1793 2487 φιλοσόφους.
1814 2419 1981 2471 Ἔνθα

400 2506 465 2577 δὴ
489 2507 889 2578 προστάξαντος
927 2506 1021 2560 τοῦ
1065 2508 1294 2578 γυμνοῦ,
1332 2509 1548 2574 πτελέα,
1599 2512 1750 2581 φησὶ,
1783 2513 1843 2565 τὸ
1874 2513 1983 2565 δέν-

398 2596 526 2667 δρον
582 2597 974 2668 προσαγορεύει
1014 2598 1106 2650 τὸν
1165 2599 1540 2661 Ἀπολλώνιον,
1598 2600 1842 2673 ἐνὰρθρῳ
1885 2603 1979 2655 καὶ

403 2687 593 2759 θηλείᾳ
622 2691 686 2758 τῇ
712 2692 881 2759 φωνῇ.
916 2690 1025 2741 Καὶ
1044 2689 1253 2751 τούτοις
1279 2707 1339 2759 γε
1364 2693 1512 2761 ἡμᾶς
1531 2694 1559 2744 ὁ
1580 2710 1598 2742 ι
1627 2692 1929 2763 Φιλαλήθης
1955 2712 1973 2744 ι

401 2780 678 2833 πιστεύειν
713 2779 874 2844 ἀξιοῖ.
910 2777 1041 2844 Εἶτα
1091 2781 1406 2852 Πυγμαίους
1450 2784 1652 2855 ἄνδρας
1698 2785 1838 2856 ὑπὲρ
1882 2788 1979 2859 τὴν

399 2870 605 2924 τούτων
655 2873 860 2943 ἱστορεῖ
903 2871 1122 2943 χώραν,
1170 2873 1260 2925 καὶ
1320 2872 1802 2951 Ἀνθρωποιηάγους
1844 2875 1977 2946 (7:2),

399 2963 498 3016 καὶ
553 2963 875 3026 Σκιάποδας,
934 2964 1172 3034 Σάτυρόν
1206 2981 1264 3017 τε
1314 2964 1448 3034 πρὸς
1494 2965 1588 3018 τοῦ
1625 2966 1978 3019 Ἀπολλωνίου

402 3053 830 3125 μεθυσκόμενον.
884 3054 974 3119 Ἐξ
1019 3056 1241 3108 ἐκείνων
1267 3052 1425 3118 αὖθις
1471 3056 1747 3110 ἐπάνεισιν
1768 3059 1860 3110 ἐπὶ
1881 3057 1979 3128 τὴν

413 3148 654 3204 Ἐλλάδα.
723 3150 957 3221 Ὀμιλίαι
1012 3169 1070 3205 τε
1123 3152 1281 3206 πάλιν
1312 3153 1500 3224 αὐτῷ,
1535 3156 1629 3207 καὶ
1648 3153 1980 3224 προγνώσεις

398 3240 805 3296 ἀνακοινοῖΝται
834 3244 968 3315 πρὸς
995 3243 1172 3296 Τῖτον.
1206 3245 1316 3297 Καὶ
1342 3244 1605 3317 δηχθέντα
1649 3246 1847 3317 ἔφηϐον
1875 3244 1979 3299 ὑπὸ

399 3332 696 3397 λυττῶντος
746 3336 923 3399 κυνὸς,
972 3336 1030 3389 ὃν
1085 3336 1148 3407 δὴ
1178 3337 1269 3389 καὶ
1318 3338 1690 3407 ἐμαντεύσατο
1720 3339 1867 3401 ὅστις
1890 3338 1976 3408 εἴη

399 3425 498 3497 τὴν
519 3426 718 3496 ψυχὴν,
748 3428 834 3480 ὅτι
858 3430 885 3479 ό
923 3429 1024 3497 τῆς
1056 3429 1329 3498 Αἰγύπτου
1354 3431 1483 3482 ποτὲ
1517 3429 1767 3500 βασιλεὺς
1802 3432 1978 3498 Ἀμα-

2598 2141 2829 2200 CAPUT
2881 2141 3117 2197 XXXIV.

2152 2233 2391 2290 Rursum
2420 2241 2669 2305 portenta
2696 2235 2750 2289 in
2780 2242 2935 2291 sexto
2961 2236 3100 2290 libro
3130 2235 3358 2307 loquens
3388 2245 3644 2309 nugator,

2082 2327 2304 2381 camelis
2327 2342 2449 2381 eum
2484 2340 2590 2379 una
2622 2341 2746 2380 eum
2781 2327 2946 2382 sociis
2984 2335 3199 2382 vectum
3242 2328 3387 2384 sistit
3428 2330 3495 2384 ad
3526 2330 3649 2402 phi-

2081 2419 2361 2489 losophos,
2412 2432 2549 2487 quos
2594 2416 2780 2471 Nudos
2824 2418 3069 2488 appellat
3103 2418 3503 2490 Egyptiorum.
3545 2420 3645 2478 Ubi

2080 2510 2547 2582 gymnosophista,
2609 2520 2669 2565 ut
2717 2511 2935 2581 quidem
2983 2519 3169 2565 narrat
3189 2512 3524 2583 ",jubente,
3571 2516 3650 2568 ul-

2081 2618 2203 2657 mus
2239 2602 2405 2656 arbor
2434 2602 2779 2672 Apollonium
2815 2617 2948 2657 voce
2983 2603 3269 2658 articulata
3309 2612 3362 2659 et
3397 2606 3645 2661 muliebri

2082 2692 2240 2746 ali‘ata
2282 2698 2385 2746 est.
2427 2690 2588 2746 Hisce
2619 2698 2800 2745 autem
2834 2710 2851 2742 ι
2878 2690 3210 2747 Philaletth
3240 2711 3258 2743 ι
3288 2691 3447 2747 (idem
3479 2709 3511 2748 a
3554 2711 3648 2749 no-

2080 2784 2168 2839 bis
2200 2785 2317 2838 vult
2354 2784 2566 2838 haberi.
2608 2782 2809 2839 Deinde
2837 2798 3110 2854 pygmaeos
3132 2784 3199 2848 ⁸³,
3234 2786 3380 2840 ultra
3416 2801 3648 2858 gymno-

2082 2876 2453 2945 sophistarum
2498 2877 2727 2944 patriam
2773 2874 3004 2943 positos,
3039 2873 3647 2947 Anthropophagosquu

2080 2977 2136 3023 et
2167 2966 2523 3036 Umbripedes
2549 2974 2960 3032 commemorat,
2999 2962 3360 3036 Satyrumque
3382 2968 3451 3022 ab
3483 2968 3645 3038 Apol—

2079 3058 2228 3111 Ionio
2263 3056 2589 3111 inebriatum
2607 3055 2675 3107 ⁸³.
2713 3053 2841 3108 Inde
2867 3064 3044 3108 autem
3090 3055 3146 3109 in
3175 3054 3439 3111 Graaciam
3476 3057 3644 3123 redit;

2079 3157 2127 3202 et
2156 3161 2375 3200 rursum
2408 3160 2533 3199 cum
2569 3145 2894 3214 imperatore
2914 3140 3048 3198 Tito.
3069 3145 3428 3203 “sermones
3470 3157 3524 3202 et
3555 3164 3648 3202 va-

2079 3236 2266 3290 ticinia
2295 3235 2683 3290 communicat.
2718 3234 2894 3304 Atque
2932 3234 3356 3300 adolescentem,
3388 3251 3418 3291 ιι
3454 3237 3648 3292 rabido

2078 3344 2323 3385 morsum
2356 3343 2488 3383 eane
2510 3327 2578 3393 ",
2619 3327 2776 3396 cujus
2796 3327 2958 3381 etiam
2991 3328 3169 3381 anima
3192 3343 3313 3398 qum
3341 3328 3434 3393 sit,
3462 3327 3651 3399 (Ama-

2080 3419 2157 3472 sis
2185 3433 2381 3487 nempe
2411 3416 2649 3488 .Egyptii
2689 3415 2966 3484 quondam
3006 3417 3175 3487 regis)
3210 3418 3441 3485 divinat,
3484 3418 3553 3473 ab
3583 3414 3671 3474 eo'

403 3532 489 3580 σις
515 3518 647 3587 (7'5),
698 3518 797 3586 τῆς
838 3521 1122 3589 συμφορᾶς
1178 3520 1529 3585 ἀπαλλάττει,
1558 3522 1717 3591 μέχρι
1751 3522 1843 3573 καὶ
1886 3519 1973 3573 τοῦ

2078 3509 2277 3563 liberat
2315 3508 2547 3562 morbo:
2580 3508 2757 3577 ipsum
2783 3521 3001 3577 quoque
3039 3521 3230 3562 canem
3259 3509 3311 3562 in
3346 3508 3649 3580 benignita-

403 3607 564 3669 κυνὸς
587 3607 857 3669 ἐπιτείνας
882 3609 943 3660 τὸ
979 3609 1354 3680 φιλάνθρωπον
1385 3611 1517 3681 (74).
1560 3613 1728 3665 Ταυτὶ
1760 3611 1857 3683 μὲν
1879 3607 1972 3665 οὖν

399 3698 471 3752 τά
495 3699 600 3770 πρὸ
628 3698 730 3769 τῆς
755 3700 1084 3770 κατηγορίας
1116 3699 1264 3772 αὐτῷ
1292 3701 1677 3773 πεπραγμένα.

902 3898 1294 3953 ΚΕΦΑΛΑΙΟΝ
1343 3900 1466 3956 ΛΕ’.

485 3986 804 4057 Ἐπιστῆσαι
853 3986 895 4040 δ’
927 3987 1074 4055 ἀξιον
1128 3989 1195 4042 δι’
1244 3990 1371 4061 ὅλης
1409 3991 1509 4061 τῆς
1549 3991 1930 4064 πραγματείας
1956 4030 1970 4055 ,

397 4075 476 4139 ὡς
502 4077 603 4142 ὅτι,
634 4077 734 4130 κᾶν
761 4077 1043 4148 ἀληθεύειν
1086 4079 1211 4151 δοοῇ
1254 4080 1330 4152 τῷ
1365 4084 1665 4154 συγγραφεῖ
1694 4082 1760 4135 τὰ
1796 4081 1973 4154 παρά-

394 4165 544 4233 δοξα,
565 4168 852 4241 συνεργείᾳ
876 4169 1127 4241 δαίμονος
1151 4172 1378 4225 ἕκαστον
1404 4171 1552 4243 αὐτῷ
1571 4172 1970 4245 διαπεπρᾶχθαι

392 4258 601 4312 τούτων
620 4259 807 4328 σαφῶς
827 4259 1118 4314 δείκνυται.
1142 4262 1214 4315 Τό
1236 4279 1295 4315 τε
1318 4262 1424 4336 γὰρ
1449 4262 1542 4316 τοῦ
1571 4262 1760 4333 λοιμοῦ
1790 4280 1974 4333 προαι-

398 4348 617 4404 σθέσθαι
664 4349 793 4415 ἴσως
820 4352 917 4423 μὲν
946 4354 1046 4405 οὐκ
1087 4354 1416 4427 ἀπερίεργον
1445 4353 1666 4421 δόξειεν,
1689 4356 1758 4418 εί,
1789 4352 1971 4418 καθὼς

468 4490 513 4522 ⁹¹
554 4490 648 4545 lib.
681 4508 772 4557 γι,
805 4507 856 4546 c.
892 4492 980 4549 10.

396 4557 447 4588 ⁸⁸
487 4559 582 4613 lib.
619 4576 720 4630 ιιι,
753 4576 802 4615 c.
841 4562 895 4616 4.

395 4676 548 4744 sunt.
580 4670 905 4744 ῌροπειρειν
941 4687 1092 4744 vero,
1125 4679 1198 4744 ,ιιι
1234 4674 1687 4744 προκινδυνεύειν,
1717 4691 1811 4744 pro
1851 4676 1960 4730 alio

395 4739 701 4816 periculum
743 4739 945 4816 subire.
985 4741 1139 4807 Quod
1176 4739 1373 4816 fecisse
1403 4739 1751 4816 Apollonium
1794 4762 1962 4816 agno-

395 4808 756 4885 Scit,_virique
789 4809 947 4885 fortis
973 4820 1025 4865 et
1046 4815 1291 4885 generosi
1313 4808 1539 4885 gloriam
1569 4816 1673 4870 hoe
1699 4816 1817 4885 ipso
1831 4808 1958 4870 Eum

1068 4494 1115 4526 "
1153 4493 1248 4549 lib.
1282 4509 1337 4546 vr
1360 4533 1376 4558 ,
1443 4508 1496 4547 c.
1529 4493 1619 4551 25.
1696 4494 1741 4527 ’⁸
1782 4495 1874 4548 lib.
1911 4510 1965 4552 vr

2077 4535 2089 4550 .
2125 4493 2216 4548 ‘27.
2293 4493 2341 4525 “
2379 4493 2477 4548 lib.
2513 4510 2605 4558 vt,
2667 4507 2718 4547 c.
2778 4491 2848 4545 29
2902 4507 3016 4563 seq.

2078 3599 2149 3653 tis
2180 3612 2293 3653 sua:
2314 3606 2522 3667 partem
2555 3599 2867 3653 admittens.
2897 3599 3075 3668 Atque
3100 3597 3214 3652 haec
3243 3598 3464 3668 quidem
3497 3609 3644 3662 sunt,

2077 3704 2199 3759 quae
2256 3694 2546 3758 antequam
2601 3685 2768 3758 [apud
2819 3688 3203 3757 imperatorem
3248 3685 3643 3763 Domitianum]

2079 3778 2406 3841 deferretur,
2436 3787 2588 3847 gesta
2613 3779 2685 3832 ab
2713 3792 2780 3832 eo
2812 3775 2987 3833 fuere.

2616 3888 2846 3945 CAPUT
2885 3888 3101 3945 XXXV.

2146 3985 2204 4039 ld
2238 3998 2370 4038 vero
2397 3981 2453 4036 in
2496 3989 2609 4036 tota
2640 3981 2729 4033 illa
2759 3980 3052 4035 tenendum
3081 3980 3309 4035 historia
3331 3988 3439 4046 est,
3466 3982 3639 4052 quod,

2074 4078 2119 4134 si
2151 4076 2484 4133 concedatur
2506 4074 2589 4129 vel
2629 4074 2863 4127 maxime
2908 4073 3189 4143 scriptori,
3236 4087 3362 4127 vera
3407 4087 3530 4129 eum
3563 4074 3645 4130 di-

2073 4185 2216 4236 cere,
2243 4174 2494 4239 portenta
2540 4166 2630 4219 illa
2665 4166 2792 4219 dum
2848 4164 3046 4233 refert;
3095 4164 3225 4219 mali
3267 4163 3529 4221 dtemonis
3557 4175 3644 4220 ta-

2073 4277 2201 4316 men
2235 4274 2422 4330 opera,
2449 4250 2633 4313 omnia
2677 4258 2783 4312 ista
2818 4263 3032 4328 patrata
3066 4271 3188 4313 esse
3229 4257 3301 4312 ab
3334 4255 3644 4327 Apollonio,

2075 4352 2235 4407 facile
2264 4351 2568 4406 evincatur.
2606 4347 2760 4417 Quod
2798 4350 2943 4405 enim
2970 4359 3177 4420 pestem
3209 4360 3337 4406 ante
3376 4350 3550 4408 sensit
3571 4351 3641 4417 ⁸⁵,

3115 4493 3163 4525 ’³
3199 4492 3296 4549 lib.
3333 4509 3391 4550 vr
3415 4535 3430 4561 ,
3462 4509 3515 4550 e.
3550 4494 3639 4549 55.

2066 4678 2275 4819 Ρείξιῒξί-
2295 4748 2396 4799 Ὃν
2436 4745 2514 4814 δὴ
2564 4747 2664 4801 καὶ
2695 4747 3169 4819 ἐμαντεύσατο...
3202 4749 3293 4802 ὅτι
3314 4750 3349 4802 ὀ
3378 4746 3490 4815 τῆς
3507 4753 3636 4819 Αὶτ.

2067 4815 2212 4870 ποτὲ
2231 4817 2443 4881 βασιλ.
2474 4815 2736 4885 Ἄμασιςζ
2765 4815 2926 4872 Fallit
2966 4818 3057 4873 hic
3087 4821 3347 4875 memoria
3387 4833 3487 4872 sua
3530 4815 3638 4874 Ειί-

398 4864 563 4954 tueri,
617 4864 867 4954 cancedi
892 4864 1359 4954 posseojaithu‘ir
1377 4864 1958 4951 'géiiiIEe'i'iir’Nér'JaE;
1995 4864 2036 4917 θ
2066 4864 2276 4942 sebium
2303 4903 2316 4951 ;
2348 4864 2577 4954 juvenis
2601 4864 2745 4941 eniin
2765 4864 3000 4942 "Eam;
3030 4864 3261 4945 ἷηὸίζιῑέ
3278 4864 3636 4944 non—Amasis

394 4946 534 5001 Rulli
587 4959 640 5003 et
669 4949 825 5036 Οιςιίιιί
855 4946 1385 5036 imprimis-gratiam.
1424 4954 1738 5036 προέπειρε.
1771 4955 1838 5008 At
1862 4946 1966 5036 ,ιιιέ

394 5032 615 5092 eunque
645 5035 704 5075 se
727 5019 960 5092 habeant
982 5021 1108 5083 ista,
1131 5019 1184 5073 iu
1208 5021 1426 5090 negotio
1452 5019 1599 5092 quod
1623 5019 1671 5078 ci
1705 5040 1829 5078 eum
1860 5023 1969 5078 Eu-

394 5087 589 5208 phratc
617 5089 953 5152 intercessit,
984 5092 1225 5157 γενναῖον
1251 5087 1310 5145 se
1337 5087 1600 5162 probasse
1619 5094 1965 5164 Apollonium

394 5171 531 5208 uena
563 5195 578 5208 .

394 5172 578 5210 negat.

487 5227 577 5294 Ἠ)
616 5223 970 5302 φιλοσόφων
1010 5226 1149 5302 τῶν.
1168 5231 1296 5302 καθ’
1339 5230 1573 5285 ἑαυτόν.
1615 5231 1964 5302 ΙιιιίΙοηιιιιιι-

392 5294 485 5373 tur
509 5294 760 5373 puriores
790 5294 1088 5373 scriptores
1111 5295 1306 5373 Graeci,
1339 5309 1535 5373 nonut
1561 5302 1616 5373 in
1646 5294 1814 5373 editis
1833 5303 1958 5373 legi-

393 5363 835 5443 ιυιδίφιλοσόφων
855 5363 1158 5443 γενομένων
1177 5367 1284 5421 τῶν
1307 5368 1426 5443 καθ’
1456 5371 1663 5425 ἑαυτὸν.
1688 5363 1955 5443 Βοιοεξιῖι-

391 5434 533 5512 dum_
565 5434 857 5505 igiturfuit
890 5434 1403 5512 ysvouévwv,fluod_
1441 5455 1505 5494 ex
1547 5444 1806 5512 margine,
1824 5434 1954 5512 'qua

392 5505 694 5580 ascriptum
767 5516 933 5580 erat,
1002 5505 1502 5580 ad__explicandum
1567 5505 1745 5580 tyroni
1796 5505 1957 5569 vid-io-

392 5574 639 5635 tismum,
669 5581 724 5645 _et
766 5574 986 5645 quidem
1028 5574 1207 5631 alieno
1250 5578 1390 5645 loco,
1432 5579 1488 5633 in
1528 5574 1732 5636 teitum
1772 5581 1953 5638 immi-

389 5645 568 5723 gravit
595 5660 631 5723 :_
660 5643 812 5723 ferri;
829 5648 972 5723 enim
1016 5654 1294 5718 utcunque
1330 5643 1533 5720 pesset,
1574 5651 1618 5705 si
1668 5660 1791 5723 post
1831 5654 1956 5706 ἑαυ-

389 5712 498 5782 τόν,
520 5714 752 5782 positum
786 5715 999 5772 fuisset.

460 5781 572 5855 (72)
605 5784 1415 5857 ’ΛνθρωποφάτουᾳΡιιίΙοειικ
1451 5790 1842 5865 Ἀνδροφάγους
1863 5807 1957 5863 ap-

2067 4972 2191 5029 gsse
2237 4955 2559 5029 dieitur_ab
2600 4956 2906 5026 Apollonio,
2951 4959 3046 5029 sed
3101 4957 3372 5029 Telephus
3404 4956 3633 5029 Mysitts.

2068 5024 2303 5099 Videtur
2336 5024 2659 5099 confudisse
2684 5043 2807 5082 eum
2840 5024 2924 5099 ea,
2956 5028 3024 5082 de
3058 5043 3165 5099 qua
3201 5024 3637 5099 a‘git,i_re,'gesta

2061 5096 2575 5168 Alexandriaeuni
2612 5096 2806 5168 leone,
2854 5098 2906 5152 in
2957 5096 3257 5168 quo-regis
3312 5096 3638 5168 illius'ani-

2063 5181 2205 5220 mam
2227 5181 2350 5290 es‘see
2383 5166 2561 5223 aiebat
2595 5167 2936 5236 Apollonius.
2976 5166 3118 5222 ‘Vide
3152 5166 3327 5221 Vitam
3359 5167 3504 5235 ejus,
3534 5169 3630 5225 lii).

2063 5251 2135 5290 vr.
2177 5250 2227 5289 c.

2058 5251 2135 5299 γι,
2177 5250 2227 5289 c.

2129 5305 2242 5376 (74)
2264 5305 2451 5377 Μέχρι
2466 5306 2686 5362 καὶτοῦ
2706 5305 2890 5373 κυνός
2903 5307 3202 5377 ἐπιτείνας
3215 5305 3282 5359 τὸ
3303 5307 3634 5377 φιλάνθριιμ

2058 5376 2372 5446 πονεΜίιέ
2409 5376 2503 5446 ιιὶο
2533 5377 2717 5432 omnia
2761 5376 3040 5446 pervertit,
3084 5391 3184 5446 pro
3222 5392 3395 5438 more,
3431 5376 3633 5433 AcCio-

2057 5445 2173 5516 lus:
2199 5445 2356 5501 facile
2382 5445 2512 5516 quid
2536 5461 2624 5501 res
2644 5447 2712 5503 sit
2730 5445 3127 5516 ‘asseeuturus,
3156 5447 3201 5502 si
3237 5447 3416 5515 ipsum
3437 5462 3637 5502 consu-

2056 5515 2251 5588 luisset
2281 5514 2688 5588 Philostratum.
2721 5514 2940 5569 Scilicet
2971 5524 3221 5588 spectant
3249 5514 3351 5570 ista
3375 5517 3441 5572 ad
3462 5517 3633 5588 Apol-

2056 5586 2188 5640 lonii
2210 5587 2292 5658 in
2324 5587 2502 5658 ipsum
2522 5601 2745 5658 quoque
2767 5600 2975 5658 eanem_
2991 5586 3404 5658 benignitatem,
3435 5586 3637 5658 nempe

2058 5603 2188 5640 Iomt
2230 5603 2284 5641 in
2324 5603 2502 5657 ipsum
2526 5603 2745 5709 quoque
2767 5603 2959 5639 canem
2993 5603 3404 5653 benignitatem,
3435 5603 3630 5658 nempe

2057 5656 2343 5729 περιῴφθη
2370 5657 2426 5711 δὲ
2451 5657 2540 5709 οὐδ
2594 5659 2623 5710 ό
2654 5654 2821 5729 κύων,
2855 5664 2915 5709 ιιι
2945 5654 3313 5729 Philostratus
3347 5658 3446 5729 ait;
3471 5671 3630 5715 name

2056 5725 2164 5798 que
2186 5725 2287 5798 ipsi
2318 5725 2535 5799 quoque
2563 5727 2820 5782 restituta
2851 5728 3058 5783 sanitas
3082 5725 3206 5786 fuit.
