4112 6440
460 356 576 414 857

1140 358 1407 413 EUSEBII
1444 356 1919 414 CIESARLENSIS
1951 358 2100 416 OPP.
2145 358 2323 414 PARS
2360 358 2510 415 ll.—-—
2547 358 3041 419 APOLOGETICA.

3610 365 3715 421 863

472 480 611 536 forte
640 495 746 534 non
779 479 987 534 carebit
1035 480 1445 549 superstitione,
1489 481 1532 535 si
1566 488 1625 534 ut
1681 481 1795 549 ipse
1829 478 2030 552 [facit,]

2138 481 2314 544 αὐτὸς.
2353 500 2371 533 t
2403 482 2509 535 ἀπὸ
2540 482 2871 552 λεπτοτάτης
2893 487 2987 537 καὶ
3019 484 3264 557 καθαρᾶς
3291 486 3503 557 διαίτης
3528 505 3547 538 ι
3578 504 3713 542 κατ-

474 589 497 624 ε
525 572 915 628 extenuivictu
949 590 968 622 ι
1007 569 1285 625 derivetur
1310 589 1328 621 ι
1365 578 1416 625 et
1436 585 1593 640 puro,
1628 590 1646 622 ι
1676 578 1839 640 prout
1863 569 2038 624 aPhi-

469 662 701 717 lostrato
732 671 1014 715 narratum
1042 681 1054 715 :
1084 660 1224 716 forte
1258 669 1439 715 tamen
1465 677 1530 715 ex
1548 662 1879 716 commercio
1910 661 2035 715 mali

469 756 699 826 spiritus
731 753 853 821 ejus
899 754 976 807 rei
1018 752 1278 807 indicium
1309 752 1415 823 ipsi
1455 759 1539 808 est
1577 750 1802 806 factum.
1850 750 2038 805 Enim-

467 862 600 902 vero
638 852 833 899 cmtera
874 846 1037 900 etiam
1070 860 1191 915 qua:
1237 844 1461 899 fatidica
1492 847 1695 899 virtute
1725 851 2035 899 assecutum

470 944 634 1007 atque
675 935 1057 1005 prmdicentem
1112 935 1341 1001 inducit,
1386 937 1470 991 vel
1525 936 1673 991 mille
1705 936 2038 1007 argumentis

468 1041 534 1080 ex
566 1025 688 1095 ipso
710 1024 1027 1079 Philostrati
1049 1025 1251 1094 scripto
1279 1040 1507 1096 arguere
1537 1026 1684 1091 licet,
1722 1033 1779 1078 ttt
1804 1040 1912 1079 una
1935 1025 2038 1079 hoc

469 1131 688 1187 quoque
720 1115 791 1170 sit
827 1114 1258 1175 concedendum,
1289 1116 1500 1184 magica
1535 1123 1673 1177 arte,
1709 1115 1819 1168 imo
1847 1129 2035 1184 parum

470 1209 626 1264 abest
652 1208 788 1278 quin
816 1206 994 1262 dicam
1018 1223 1113 1277 per
1134 1208 1382 1277 spiritum
1413 1206 1755 1271 familiarem,
1774 1206 2035 1277 quasdam

469 1314 652 1355 rerum
678 1298 1007 1364 futurarum,
1032 1314 1138 1351 non
1167 1297 1311 1351 enim
1337 1296 1403 1352 de
1434 1298 1689 1353 omnibus
1712 1297 1928 1366 loquor,
1949 1310 2037 1350 as-

471 1399 719 1445 secutum
753 1404 877 1444 eum
926 1387 1110 1442 fuisse.
1144 1388 1313 1457 quue
1342 1389 1648 1442 luculenter
1674 1402 1739 1442 eo
1768 1386 2033 1448 firmatur,

469 1479 616 1549 quod
677 1493 785 1533 non
848 1492 1063 1547 semper
1117 1487 1171 1532 et
1219 1477 1273 1532 in
1341 1478 1597 1532 omnibus
1658 1473 2033 1530 divinatricem

470 1571 631 1625 istam
666 1571 774 1624 vim
804 1571 1208 1625 conservaverit
1244 1590 1257 1625 :
1293 1585 1480 1624 verum
1535 1568 1735 1623 dubius
1773 1565 1936 1621 fuerit
1981 1566 2035 1618 in

468 1670 635 1726 quam
664 1654 936 1725 plurimis,
967 1655 1034 1709 de
1053 1653 1258 1714 multis,
1288 1653 1431 1722 qttod
1453 1667 1515 1707 ea
1541 1652 1835 1721 ignoraret,
1863 1652 2033 1706 inter-

469 1743 746 1817 rogaverit
777 1762 790 1798 :
830 1742 883 1798 id
913 1744 1059 1813 quod
1089 1742 1160 1801 ei.
1202 1743 1245 1796 si
1280 1742 1464 1796 divina
1493 1741 1697 1796 virtu’te
1725 1742 2032 1812 polluisset,

468 1815 788 1906 neutiquam
818 1834 1098 1904 obtingere
1129 1840 1359 1902 poterat.
1410 1831 1590 1902 Ipsum
1620 1848 1747 1891 vero
1772 1833 1936 1888 etiam
1970 1834 2025 1888 Ιί-
2067 1815 2106 1869 Β

468 1943 595 1983 nem
622 1926 764 1998 pesti
812 1925 1127 1995 impositum
1150 1925 1220 1987 ’⁷,
1251 1939 1413 1994 quem
1441 1932 1659 1979 nactum
1685 1925 1819 1980 illud
1845 1925 2035 1980 drama

470 2019 596 2083 fuit,
627 2032 832 2072 meram
864 2017 1247 2087 imposturam,
1273 2027 1644 2087 prretereaque
1673 2018 1807 2071 nihil
1841 2017 2031 2084 fuisse,

463 2111 576 2181 jam
598 2117 758 2165 antea
781 2124 809 2162 a
834 2108 994 2163 nobis
1022 2116 1107 2163 est
1133 2106 1587 2163 demonstratum.
1632 2106 1735 2163 Sed
1777 2114 1832 2163 et
1851 2106 2036 2163 Achil-

467 2203 535 2259 lis
560 2202 766 2258 umbra:
794 2200 842 2233 "
875 2200 1017 2271 apud
1051 2200 1320 2254 tumulum
1354 2199 1527 2270 ipsius
1566 2199 1697 2270 quid
1723 2215 1890 2256 morte
1913 2216 2036 2257 esse

466 2294 663 2366 possit,
690 2293 901 2348 relictis
951 2293 1060 2348 illis
1106 2291 1161 2345 in
1192 2292 1479 2346 beatorum
1514 2291 1732 2354 insulis,
1786 2300 1845 2347 ut
1897 2292 2036 2349 forte

465 2387 592 2459 quis
620 2393 861 2448 censeat,
892 2384 1238 2448 habitaculis,
1270 2384 1376 2438 nisi
1410 2384 1513 2437 hoc
1537 2399 1753 2454 quoque
1794 2400 2033 2454 praesen-

466 2480 539 2533 tis
569 2485 751 2533 actum
783 2476 855 2532 sit
892 2474 1156 2530 daemonis
1207 2473 1591 2544 apparitione?
1618 2473 1790 2528 Porro
1830 2475 2036 2529 daemo-

466 2587 615 2634 nem,
643 2572 737 2642 qui
774 2577 1088 2639 protervum
1143 2567 1297 2621 illum
1354 2566 1649 2622 luculentis
1699 2566 1917 2622 indiciis
1945 2567 2035 2621 ob-

468 2660 683 2719 sidebat
713 2659 1113 2714 adolescentem
1139 2655 1208 2722 9’,
1240 2661 1293 2710 et
1318 2669 1537 2709 rursum
1572 2655 1884 2724 Empusam,
1930 2652 2035 2708 La-

467 2753 724 2817 miamve,
747 2765 908 2822 quam
941 2748 1252 2816 Menippum
1287 2746 1363 2799 ait
1397 2746 1655 2816 agitasse,
1680 2744 1905 2814 majoris
1927 2746 2038 2800 dae-

466 2841 647 2897 monis
695 2855 798 2911 ope
846 2854 970 2894 eum
1008 2836 1284 2907 expulisse
1310 2843 1395 2889 est
1424 2835 1759 2890 verosimile.
1794 2834 2036 2890 Pariter-

468 2950 574 3004 que
601 2932 844 2988 vicissim
872 2938 1052 2984 mente
1076 2935 1282 2983 motum
1313 2925 1714 2982 adolescentem
1744 2927 1919 2981 rabidi
1944 2942 2037 2981 ρας

2139 572 2380 643 είληπτο,
2437 574 2513 637 ὡς
2566 576 2729 639 αὐτὸς
2768 576 2987 645 ἔφησεν.
3039 579 3195 641 Ἴσως
3225 577 3282 630 δὲ
3334 579 3428 631 καὶ
3489 580 3621 633 αὐτὸ
3654 582 3714 647 ἐξ

2137 661 2352 732 ὁμιλίας
2377 662 2626 733 δαίμονος
2645 664 2793 735 αὑτῷ
2814 682 2945 736 προε
2954 684 3016 737 με
3027 668 3245 737 μήνυτο.
3266 669 3377 721 Καὶ
3405 668 3514 742 γὰρ
3534 671 3598 741 δὴ
3619 673 3713 725 καὶ

2138 752 2205 804 τὰ
2259 753 2440 813 λοιπὰ,
2492 754 2592 807 ὃσα
2641 755 2783 808 κατά
2835 757 3139 827 πρόγνωσιν
3185 758 3474 830 διειληφώς
3516 779 3575 815 τε
3620 762 3713 815 καὶ

2140 844 2483 915 προειρηκὼς
2533 847 2801 916 εἰσῆκται,
2847 849 2894 901 εἰ
2952 852 3044 903 καὶ
3103 850 3316 922 μυρίοις
3359 852 3600 923 ἐλέγχοις
3652 855 3711 921 ἐξ

2139 937 2308 1007 αὐτῆς
2361 938 2590 1008 πάρεστι
2639 938 2739 1009 τῆς
2797 938 2893 991 τοῦ
2936 941 3297 1013 Φιλοστράτου
3344 944 3563 1014 γραφῆς
3616 945 3707 998 εὐ-

2139 1026 2337 1092 θύνειν,
2376 1028 2523 1099 ὅμως
2554 1029 2639 1081 ἵνα
2685 1031 3061 1104 συγχωρηθείη
3097 1035 3189 1088 καὶ
3227 1034 3368 1089 τοῦτ’
3397 1032 3533 1089 εἶναι
3575 1038 3710 1111 ἀλη-

2139 1119 2246 1183 θὲς,
2285 1119 2424 1173 κατά
2465 1122 2752 1191 περίεργον
2789 1124 3051 1195 μηχανὴν,
3088 1126 3290 1198 εἴποιμ’
3318 1126 3382 1182 ἂν
3410 1128 3546 1201 πρὸς
3595 1132 3713 1186 δαί-

2141 1229 2299 1282 μονος
2348 1212 2494 1284 αὐτῷ
2547 1214 2816 1285 παρέδρου
2883 1217 3003 1271 τινὰ
3056 1218 3164 1272 τῶν
3215 1220 3545 1290 μελλόντων,
3589 1225 3712 1278 οὐδὲ

2137 1302 2246 1373 γὰρ
2298 1304 2493 1367 πάντα,
2536 1305 2909 1375 κατειλῆφθαι.
2962 1308 3133 1362 Τοῦτο
3165 1310 3220 1363 δὲ
3276 1314 3574 1385 παρίστησι
3614 1332 3710 1368 σα-

2139 1395 2256 1462 φὲς,
2309 1395 2371 1447 τὸ
2431 1395 2503 1467 μὴ
2556 1397 2623 1449 δι’
2656 1398 2777 1450 ὅλου
2821 1400 2914 1452 καὶ
2967 1402 3095 1473 περ)¹
3150 1404 3365 1457 πάντων
3412 1407 3511 1475 τὴν
3569 1410 3709 1480 πρό-

2136 1497 2336 1549 γνωσιν
2367 1484 2527 1537 αὐτὸν
2571 1486 2902 1552 ἀποσώζειν⁸
2951 1490 3173 1562 ἀπορεῖν
3214 1493 3269 1546 δὲ
3306 1496 3364 1547 ὲν
3412 1495 3705 1564 πλείστοις,

2138 1572 2233 1625 καὶ
2278 1572 2642 1637 πυνθάνεσθαι
2680 1577 2745 1630 δι’
2788 1577 3030 1647 ἄγνοιαν,
3066 1582 3202 1654 ὅπερ
3232 1583 3330 1636 οὐκ
3360 1584 3445 1649 ἂν,
3478 1587 3526 1639 εί
3556 1587 3710 1653 θείας

2137 1666 2338 1737 ἀρετῆς
2368 1667 2535 1738 μετῆν
2566 1669 2732 1740 αὐτῷ,
2752 1672 3024 1726 πεπόνθοι.
3053 1675 3162 1728 Καὶ
3182 1676 3312 1729 αὐτὸ
3329 1677 3386 1729 δὲ
3412 1677 3473 1730 τὸ
3502 1680 3706 1734 παῦσαι

2135 1757 2228 1811 τὸν
2254 1759 2458 1830 λοιμὸν,
2494 1761 2674 1815 ὁποῖον
2702 1763 2882 1835 εἴληχε
2908 1767 2968 1818 τὸ
2995 1767 3197 1839 δρᾶμα,
3241 1768 3321 1821 ὃτι
3351 1771 3540 1840 φάσμα
3569 1770 3701 1842 (75),

2136 1851 2229 1904 καὶ
2276 1851 2426 1904 οὐδέν
2483 1871 2533 1907 τι
2591 1854 2751 1907 πλέον
2805 1852 2894 1927 ἦν,
2939 1857 3336 1930 προδεδήλωται
3397 1860 3705 1933 (76).Ἀλλά

2136 1940 2289 2011 καὶὴ
2321 1939 2466 2012 ψυχὴ
2502 1941 2612 2011 (77)
2657 1942 2938 2013 Ἀχιλλέως
2964 1946 3113 2017 παρὰ
3147 1946 3225 2017 τῷ
3258 1948 3421 2002 αὐτοῦ
3466 1952 3703 2022 μνήματι

2134 2029 2189 2082 τί
2227 2031 2293 2084 ἂν
2328 2031 2609 2103 διατρίϐοι,
2644 2033 2742 2097 τάς
2775 2037 2831 2088 ὲν
2874 2037 3134 2107 μακάρων
3170 2040 3369 2109 νήσοις,
3401 2039 3476 2105 ὡς
3503 2040 3567 2094 ἂν
3602 2044 3706 2115 φή-

2138 2122 2247 2176 σειέ
2283 2140 2365 2186 τις
2397 2124 2527 2195 (78),
2550 2125 2916 2181 ἀπολειποῦσα
2951 2128 3081 2199 (78')
3104 2128 3396 2200 διαγωγάς,
3428 2135 3475 2186 εί
3509 2133 3582 2205 μὴ
3612 2136 3705 2188 καὶ

2133 2212 2290 2266 τοῦτο
2334 2215 2585 2285 δαίμονος
2614 2212 2682 2287 ἦν
2732 2218 3048 2287 ἐπιφανείας
3104 2222 3413 2291 παρουσίας
3459 2225 3568 2277 Καὶ
3611 2224 3704 2278 τοῦ

2134 2301 2398 2370 ἀσελγοῦς
2427 2302 2484 2355 δὲ
2532 2306 2815 2375 μειρακίου
2860 2307 3046 2375 σαφῶς
3098 2308 3303 2363 ἓνοικον
3333 2310 3580 2382 δαίμονα,
3612 2315 3707 2366 καὶ

2136 2392 2295 2447 πάλιν
2333 2394 2401 2464 ἢν
2448 2393 2648 2465 ἔφησεν
2683 2396 3003 2466 Ἐμπουσάν
3031 2416 3088 2452 τε
3134 2401 3228 2453 καὶ
3276 2402 3488 2471 Λαμίαν
3533 2406 3704 2473 ἐμπε-

2136 2483 2520 2554 παρῳνηκέναι
2553 2484 2629 2555 τῷ
2658 2486 2946 2557 Μενίππῳ,
2984 2488 3187 2558 μείζονι
3216 2491 3335 2561 τάχ’
3364 2493 3492 2556 ἴσως
3522 2493 3706 2565 ἐξελή-

2135 2575 2265 2629 λακε
2288 2576 2518 2646 δαίμονι.
2537 2578 2762 2648 Ὁμοίως
2780 2596 2837 2632 τε
2866 2575 2932 2632 αὖ
2955 2582 3156 2634 καὶτὸν
3175 2581 3274 2646 τὰς
3297 2584 3497 2654 φρένας
3533 2603 3709 2658 παρα-

2135 2665 2413 2735 τραπέντα
2455 2667 2666 2721 νεανίαν
2713 2668 2817 2721 ὑπὸ
2869 2668 2963 2722 τοῦ
3011 2670 3308 2736 λυττῶντος
3337 2673 3517 2738 κυνὸς,
3547 2676 3708 2730 αὐτόν

2134 2772 2194 2808 τε
2217 2756 2308 2809 τὸν
2336 2756 2671 2827 δαιμονῶντα
2699 2759 2853 2824 κύνα,
2884 2764 2949 2832 τῇ
2980 2763 3116 2835 αὐτῇ
3155 2765 3451 2837 μετήλλαξε
3476 2767 3705 2839 μεθόδῳ.

2139 2844 2281 2916 Ὅρα
2321 2845 2384 2917 δὴ
2416 2844 2530 2927 οξν,
2562 2849 2637 2911 ὡς
2669 2849 2823 2919 ἔφην,
2867 2851 2966 2922 τὴν
3009 2854 3187 2906 πᾶσαν
3221 2854 3367 2925 αὐτῷ
3408 2856 3708 2928 παραδοξο-

2138 2935 2338 3001 ποιίαν,
2386 2938 2460 3001 ὡς
2518 2938 2605 2991 διά
2658 2940 2975 3011 δαιμονικῆς
3024 2944 3337 2998 ἀπετελεῖτο
3386 2948 3704 3020 ὑπουργίας.

465 3026 554 3081 nis
584 3038 769 3077 morsu
802 3023 843 3087 ¹,
893 3021 1182 3091 ipsumque
1222 3018 1468 3074 daemone
1500 3027 1815 3090 correptum
1847 3034 2034 3075 canem

2138 3024 2210 3077 Τὸ
2225 3024 2332 3098 γὰρ
2347 3026 2447 3097 τῆς
2474 3027 2851 3098 ἀναϐιωσάσης
2878 3029 3066 3101 κόρης,
3094 3032 3193 3086 εἴτ’
3212 3033 3452 3103 ἔμπνους
3473 3018 3706 3107 ὑπῆρχε,

467 3117 655 3172 eadem
702 3123 821 3170 arte
866 3113 1096 3168 curavit.
1151 3111 1398 3181 Agnosce
1430 3111 1616 3181 igitur,
1665 3119 1827 3180 prout
1877 3120 2034 3167 antea

2140 3117 2410 3191 σπινθῆρα
2442 3118 2638 3189 ψυχῆς,
2678 3121 2817 3174 κατά
2858 3122 2947 3174 τὸν
2991 3124 3321 3195 συγγραφέα,
3361 3125 3457 3179 καὶ
3505 3126 3706 3197 ἰκμάδα

464 3209 607 3272 dixi,
642 3206 826 3261 omnia
855 3205 976 3274 ejus
1003 3210 1258 3275 portenta
1295 3204 1562 3257 malorum
1602 3204 1906 3259 daemonum
1936 3220 2034 3275 pa-

2141 3209 2233 3261 ἐπὶ
2279 3210 2372 3262 τοῦ
2421 3208 2712 3280 προσώπου
2756 3212 2995 3283 φέρουσα
3031 3212 3162 3285 (79),
3194 3215 3568 3285 περιαιρετέον
3603 3216 3704 3286 τῆς

466 3312 611 3359 trata
640 3298 943 3356 ministerio
971 3313 1111 3352 esse.
1142 3295 1275 3349 Nam
1298 3294 1444 3364 quod
1468 3294 1535 3349 ad
1566 3295 1801 3365 puellam
1824 3304 2034 3366 spectat

2140 3298 2582 3371 θαυματοποιίας.
2603 3306 2677 3357 Οὐ
2703 3302 2811 3376 γάρ
2834 3304 2921 3368 ἀν,
2947 3303 3021 3367 ὡς
3043 3305 3135 3358 καὶ
3156 3306 3386 3376 πρόσθεν
3413 3306 3549 3378 ἔφην
3566 3307 3699 3376 (80),

436 3395 540 3451 ὀὶ)
569 3393 758 3450 inferis
788 3396 1096 3447 revocatam
1129 3388 1173 3452 ’,
1209 3388 1254 3442 si
1283 3388 1539 3459 spiritum
1574 3387 1754 3442 adhuc
1783 3402 1845 3443 ea
1886 3390 2034 3445 intus

2142 3394 2317 3463 σιωπῇ
2348 3393 2410 3446 τὸ
2456 3395 2769 3465 τηλικοῦτον
2810 3398 3099 3470 παρεδόθη,
3141 3399 3227 3453 ἐπ’
3268 3399 3439 3471 αὐτῆς
3488 3397 3705 3471 Ῥώμης

468 3485 726 3549 habebat,
755 3481 939 3538 vitalis
970 3494 1116 3535 aurae
1149 3477 1466 3542 scintillam,
1492 3474 1638 3546 quod
1669 3477 1745 3531 ait
1774 3477 2031 3548 scriptor,

2143 3480 2404 3552 βασιλέως
2435 3486 2527 3539 ἐπὶ
2547 3487 2809 3558 παρόντος
2836 3491 3214 3563 γεγενημένον.

468 3580 864 3649 humidumque
902 3589 1158 3648 vaporem
1193 3573 1331 3628 facie
1378 3571 1558 3627 adhuc
1611 3570 1943 3640 praeferens;
1980 3572 2035 3627 id
2073 3574 2292 3644 quidem
2358 3594 2588 3635 numero
2650 3582 3040 3639 miraculorum
3072 3591 3158 3639 est
3185 3584 3554 3639 eximendum.
3602 3581 3710 3638 Nc-

468 3690 575 3748 que
598 3672 765 3737 enim,
832 3670 975 3726 sicut
1000 3675 1055 3723 et
1088 3675 1212 3721 ante
1239 3665 1448 3727 monui,
1483 3670 1593 3717 tam
1625 3662 1831 3733 grande
1888 3662 2107 3719 facinus
2150 3668 2365 3725 silentio
2409 3672 2677 3741 potuisset
2726 3676 2961 3738 involvi,
2995 3678 3052 3730 in
3105 3676 3225 3747 ipsa
3268 3675 3403 3731 urbe
3435 3673 3623 3728 Romae
3651 3674 3706 3727 in

469 3772 764 3838 conspectu
791 3762 950 3834 quasi
979 3758 1326 3831 imperatoris
1358 3764 1654 3828 patratum.

908 3904 1068 3979 535
1106 3902 1338 3961 CAPUT
1379 3898 1620 3958 xxxvr.

541 4022 802 4095 Equidem
837 4022 942 4075 alia
972 4022 1255 4074 innumera
1277 4033 1344 4073 ex
1373 4015 1565 4071 iisdem
1595 4013 1750 4069 libris
1779 4014 2036 4085 colligere

466 4118 676 4180 liceret,
708 4115 910 4185 quibus
932 4126 1094 4182 quam
1128 4110 1289 4164 facile
1318 4105 1595 4163 confutari
1624 4114 1848 4177 queant,
1873 4123 2036 4178 quam

466 4220 661 4281 parum
697 4205 929 4261 invicem
975 4203 1082 4259 sibi
1130 4200 1518 4271 respondentia
1562 4199 1820 4263 habeant,
1874 4214 2037 4269 quam

468 4300 580 4354 sint
604 4297 873 4361 fabulosa,
913 4310 1076 4366 quam
1100 4295 1258 4366 plena
1286 4291 1548 4346 monstris
1574 4290 1913 4345 evincamus.
1942 4289 2040 4343 At-

468 4400 651 4448 tamen
673 4387 1114 4462 quandoquidem
1145 4401 1255 4442 non
1284 4391 1547 4439 accurato
1578 4382 1745 4437 nimis
1774 4382 2038 4437 adversus

467 4481 743 4538 hominem
770 4479 953 4536 studio
978 4478 1139 4533 nobis
1158 4491 1296 4548 opus
1319 4482 1438 4541 est;
1471 4472 1616 4543 quod
1645 4479 1858 4527 tantum
1893 4471 2038 4527 absit

2648 3905 3040 3959 ΚΕΦΑΛΑΙΟΝ
3072 3906 3209 3973 AC’.

2212 4015 2394 4086 Μυρία
2425 4016 2523 4087 μὲν
2552 4013 2645 4071 οὖν
2676 4018 2770 4071 καὶ
2807 4017 2941 4073 ἄλλα
2985 4020 3247 4090 πάρεστιν
3285 4020 3349 4072 ἐκ
3391 4018 3499 4072 τῶν
3530 4016 3711 4075 αὐτῶν

2144 4105 2503 4172 ἀναλέξασθαι
2549 4111 3013 4181 συγγραμμάτων,
3081 4109 3141 4162 τό
3178 4126 3238 4163 τε
3283 4112 3340 4163 ὲν
3395 4111 3582 4172 αὐτοῖς
3623 4110 3711 4163 εὐ-

2143 4197 2415 4266 έλεγκτον,
2447 4201 2541 4254 καὶ
2564 4200 2881 4266 ἀσύστατον,
2913 4200 3152 4273 μυθῶδές
3184 4218 3243 4253 τε
3282 4201 3376 4254 καὶ
3411 4200 3711 4273 τερατῶδες

2142 4289 2488 4344 ἀπευθύνειν·
2528 4291 2676 4363 ὅμως
2710 4291 2831 4346 ἐπεί
2871 4310 2932 4361 γε
2962 4293 3079 4346 οὐδὲ
3116 4290 3315 4363 πολλῆς
3345 4291 3413 4345 τὰ
3450 4291 3591 4346 κατὰ
3619 4293 3712 4345 τὸν

2142 4381 2309 4455 ἄνδρα
2337 4382 2503 4436 δεῖται
2544 4382 3002 4452 σπουδαιολογίας,
3028 4383 3126 4454 οὐχ
3153 4384 3234 4436 ὅτι
3262 4400 3324 4451 γε
3347 4385 3406 4436 ὲν
3427 4383 3588 4447 θεοῖς,
3614 4384 3713 4437 καὶ

2141 4473 2482 4546 παραδόξοις,
2516 4475 2610 4527 καὶ
2649 4474 2986 4545 θαυμασίοις,
3020 4474 3133 4528 ἀλλ’
3174 4474 3283 4528 οὐδ’
3322 4477 3380 4528 ὲν
3405 4473 3713 4544 φιλοσόφοις

468 4585 533 4630 ιιι
586 4572 727 4626 inter
773 4570 906 4626 deos
953 4568 1320 4640 stupendosve
1385 4567 1533 4621 viros
1579 4571 1635 4619 et
1687 4562 2037 4618 admirandos

2143 4567 2295 4639 παρά
2323 4583 2433 4620 τισι
2462 4566 2569 4619 τῶν
2597 4566 2692 4620 νῦν
2737 4567 2957 4638 μνήμης
2990 4564 3344 4638 ὑπαρχούσης
3380 4565 3565 4631 αὐτοῦ,
3599 4568 3713 4629 τοῖς

470 4659 650 4737 [locus
680 4662 785 4732 ipsi
823 4657 1136 4732 habeatur],
1173 4668 1231 4713 ut
1262 4672 1330 4711 ne
1365 4655 1508 4711 inter
1536 4653 1892 4725 philosophos
1910 4652 2037 4721 qui-

467 4755 595 4811 dem
625 4768 656 4809 a
681 4753 1008 4823 quibusdam
1046 4750 1215 4807 nostri
1243 4749 1342 4803 aevi
1366 4746 1679 4802 hominibus
1699 4746 1903 4800 mentio
1917 4742 2039 4812 ejus

473 4847 598 4914 fiat;
634 4832 841 4901 idcirco
871 4844 938 4899 iis
973 4840 1214 4898 contenti
1244 4854 1367 4909 qua:
1387 4839 1532 4893 dicta
1566 4845 1716 4901 sunt,
1750 4836 1818 4891 ad
1865 4835 2034 4905 septi-

467 4953 618 4994 mum
646 4951 864 5009 quoque
885 4936 951 4991 de
978 4949 1044 4989 eo
1075 4934 1274 4988 librum
1304 4930 1709 5002 progredimur.

2140 4656 2446 4728 είρημέδοις
2482 4657 2858 4729 ἀρκεσθέντες,
2890 4656 3163 4730 μετίωμεν
3200 4656 3293 4710 καὶ
3331 4656 3424 4710 ἐπὶ
3459 4656 3522 4711 τδ
3565 4655 3718 4712 ἕϐδο-

2144 4765 2245 4818 μον
2275 4749 2402 4820 περ).
2431 4747 2596 4802 αὑτοῦ
2627 4747 2985 4821 σύγγραμμα.

536 5050 585 5091 ⁸⁷
624 5054 718 5112 lib.
747 5071 841 5119 tv,
874 5069 924 5109 c.
958 5053 1046 5109 10.
1120 5051 1166 5084 ⁸⁸
1207 5050 1301 5105 lib.
1337 5064 1425 5116 tv,
1459 5063 1511 5104 c.
1544 5047 1632 5102 l6.
1706 5047 1751 5077 "
1795 5043 1888 5098 lib.
1924 5057 2013 5108 Iv,
2048 5057 2097 5098 c.
2129 5039 2221 5099 20.
2309 5039 2326 5072 ⁸
2367 5038 2464 5094 lib.
2499 5053 2587 5103 vr,
2625 5052 2675 5093 c.
2710 5038 2798 5093 55.
2877 5038 2898 5068 ’
2936 5034 3032 5091 lib.
3072 5050 3160 5100 tv,
3192 5048 3244 5089 c.
3272 5032 3365 5089 45.

530 5189 652 5261 (75)
691 5188 923 5261 Φᾴσμα.
966 5185 1101 5242 Vide
1144 5186 1213 5243 de
1254 5187 1356 5240 hac
1386 5200 1520 5239 voce
1545 5184 1832 5238 observata
1868 5192 2033 5250 supra

470 5259 1161 5401 Μὸἒξληῗρίὲδεδήλωται.
1200 5326 1405 5401 Nempe
1440 5324 1600 5401 paulo
1626 5329 1752 5401 ante
1790 5335 1910 5401 cap.
1940 5316 2030 5401 26.

473 5469 495 5482 ..
543 5390 801 5482 mw
827 5401 865 5482 τι
892 5390 1085 5482 me
1109 5399 1235 5482 ,κω
1262 5390 1415 5482 ὅτίη
1432 5390 1575 5482 ίέυκή
1601 5393 1810 5482 sentiet
1831 5390 2041 5482 terra}:

469 5466 560 5522 ὅτι
585 5466 938 5537 rejiciendum
984 5466 1287 5528 videbatur,
1321 5466 1467 5536 quod
1510 5466 1572 5537 i_n_
1598 5478 1702 5517 ms.
1734 5477 1801 5537 ex
1829 5473 2035 5537 praece-

471 5531 800 5595 dente-linea
832 5542 901 5594 ab
925 5541 1193 5595 oscitante
1237 5531 1463 5592 librario
1487 5533 1701 5588 videtur
1727 5531 2032 5586 derivatum

472 5623 655 5746 est???)
705 5677 797 5741 Ὡς
828 5676 904 5731 ἂν
938 5677 1152 5746 φήσειέ
1183 5694 1290 5743 τις.
1335 5674 1457 5729 Htec
1508 5669 1889 5746 addita,‘q_t_tod
1951 5667 2035 5746 in-

470 5737 955 5811 sulas'bcat'orum,
986 5737 1038 5802 et
1073 5748 1127 5800 in
1164 5737 1593 5802 iis'babitantem
1639 5737 1864 5799 Achillis
1911 5737 2043 5814 anis

2140 5192 2306 5241 mam,
2329 5191 2435 5230 non
2467 5174 2581 5246 ipse
2608 5174 2830 5245 quidem
2860 5179 3127 5244 agnoscat
3154 5166 3561 5246 E‘ttsebiusmed
3589 5167 3719 5246 κατ’

2140 5239 2423 5319 ἀνθρωπον
2454 5239 2729 5319 Ιιῑῳιείιιιι,
2757 5259 2826 5298 ex
2856 5239 3035 5319 mente
3057 5241 3380 5319 gentilium,
3401 5239 3618 5319 heroem
3649 5240 3720 5291 il-

2144 5308 2256 5371 luni
2292 5317 2345 5369 in
2379 5308 2575 5370 insulis
2608 5316 2889 5368 beatorum
2927 5308 3187 5368 felicitate
3220 5310 3326 5364 frui
3360 5310 3518 5379 juxta
3555 5308 3718 5362 theo-

2136 5387 2292 5457 logite
2321 5400 2433 5457 sua:
2466 5388 2661 5455 placita
2692 5383 3146 5457 existimantium.

2234 5456 2342 5527 78⁸)
2379 5445 2842 5527 Ἀσὲολειποῇονω
2871 5454 3011 5527 Lege
3030 5445 3656 5527 ἀπολιποῦσιίξὶογὲἒ

2234 5465 2342 5526 78‘)
2379 5465 2842 5510 Ἀπολειπουσα.
2874 5465 3011 5523 Lege
3030 5465 3394 5505 απολιπουσα.
3423 5465 3581 5502 non.

2210 5465 2321 5596 (79)
2361 5525 2650 5594 Φέρουσα.
2690 5523 2795 5580 Pro
2818 5524 3091 5596 φέρουσαν
3110 5520 3275 5591 (quod
3300 5525 3420 5573 erat
3444 5518 3499 5572 in
3524 5515 3711 5587 editis)

2137 5592 2445 5667 legendum
2465 5598 2726 5667 putabant
2756 5592 3016 5667 (gr-Emesa,
3050 5592 3321 5667 llotsrstv.

2210 5657 2320 5737 (80)
2370 5657 2588 5732 ξος-’καὶ
2616 5657 2880 5734 πρόοίθέν
2900 5659 3076 5733 ἔφην.
3121 5660 3297 5731 SUpra
3328 5673 3448 5729 cap.
3475 5657 3565 5713 29.
