4112 6486
1551 456 1755 512 LIBER
1785 454 2064 513 CONTRA
2098 451 2516 513 HIEROCLEM.
3571 454 3677 510 850

930 574 1326 631 ΚΕΦΑΛΛΙΟΝ
1364 574 1482 630 AZ’.
2026 578 2075 635 Α

414 454 522 518 849

2629 570 2858 629 CAPUT
2899 570 3156 628 XXXVII.

485 664 886 738 Κατηγορεῖται
923 666 1055 738 δῆτα
1094 666 1350 739 γοητείαν
1392 668 1420 719 ὁ
1453 666 1609 737 ἁνήρ.
1645 659 1778 719 Εἶτα
1810 664 1993 735 Δημη-

413 754 552 827 τρίῳ
575 756 867 829 φιλοσόφῳ,
903 757 1264 829 ἀποτρέποντι
1296 756 1458 811 αὐτὸν
1484 756 1582 827 τῆς
1611 755 1704 809 ἐπὶ
1725 755 1825 827 τὴν
1861 753 1992 808 Ῥώ-

419 863 527 919 μην
564 848 820 919 παρόδου,
854 849 930 921 μὴ
963 848 1300 921 πειθόμενος,
1326 848 1535 918 ἐπαχθῆ
1562 865 1705 911 τινα,
1747 848 1842 901 καὶ
1863 863 1994 917 φορ-

413 936 543 992 τικά
575 941 703 1010 περὶ
728 940 919 994 ἑαυτοῦ
947 935 1051 997 ὧδέ
1083 959 1201 1006 πως
1227 941 1410 1009 λέγει·
1446 960 1464 992 ι
1489 937 1630 1009 Ἐγὼ
1652 938 1709 991 δὲ
1738 938 1992 1009 γινώσκω

419 1029 521 1101 μὲν
553 1032 775 1085 πλεῖστα
808 1032 1132 1105 ἀνθρώπων,
1179 1034 1275 1088 ἆτε
1317 1033 1381 1104 δὴ
1416 1032 1524 1104 (81)
1574 1030 1731 1094 εἰδὼς
1773 1031 1950 1086 πάντα
1972 1048 1986 1061 ·

414 1116 532 1174 οῖδα
554 1122 611 1175 δὲ
641 1116 715 1177 ὧν
744 1119 863 1179 οἶδα
893 1124 962 1178 τὰ
1004 1126 1103 1196 μὲν
1132 1108 1462 1189 σπουδαίοις,
1493 1124 1560 1178 τά
1586 1124 1642 1177 δὲ
1687 1125 1889 1193 σοφοῖς,
1922 1122 1991 1176 τὰ

409 1210 470 1264 δὲ
498 1212 741 1283 ἐμαυτῷ,
775 1213 844 1267 τά
865 1215 923 1269 δὲ
945 1215 1106 1280 θεοῖς.
1143 1236 1163 1268 ι
1200 1217 1310 1270 Καὶ
1331 1216 1394 1287 δὴ
1422 1218 1450 1269 ό
1477 1218 1535 1269 ὲν
1570 1215 1781 1279 τούτοις
1815 1215 1992 1269 πάντα

413 1299 610 1355 εἰδέναι
638 1302 1166 1376 μεγαλαυχούμενος,
1192 1303 1415 1377 προῖὼν,
1432 1306 1650 1374 ἄγνοιάν
1668 1323 1830 1359 τινων
1852 1306 1990 1381 πρὸς

410 1388 504 1443 τοῦ
530 1390 689 1460 λόγου
717 1398 1122 1467 κατηγορεῖται.
1153 1391 1288 1449 Εἶτα
1311 1396 1485 1468 Δάμις
1508 1395 1658 1468 αὑτῷ
1687 1396 1992 1468 μεταπλάτ-

409 1498 583 1546 τεται,
615 1484 705 1538 διὰ
732 1483 960 1540 θανάτου
1007 1487 1176 1557 φόϐον
1212 1488 1304 1541 τὸν
1338 1487 1623 1559 φιλόσοφον
1651 1490 1989 1561 ἐπικρυπτό-

413 1590 593 1646 μενος.
627 1578 822 1631 ’Ἄκουε
854 1580 900 1633 δ’
932 1576 1025 1634 οὗν
1065 1580 1157 1633 τοῦ
1200 1581 1576 1654 συγγραφέως,
1604 1581 1640 1637 ἃ
1668 1582 1797 1653 περὶ
1824 1582 1986 1636 αὑτοῦ

411 1684 575 1739 φησιν
611 1669 1080 1743 ἀπολογούμενος·
1118 1692 1137 1725 ε
1183 1673 1340 1726 Atria.
1370 1674 1469 1746 μὲν
1499 1674 1594 1745 ἥδε
1626 1674 1739 1745 (82)
1768 1673 1860 1726 τοῦ
1895 1691 1989 1744 με-

406 1758 660 1813 ταϐαλεῖν
685 1760 859 1832 Δάμιν
886 1762 947 1815 τὸ
973 1762 1083 1816 τῶν
1115 1762 1497 1835 Πυθαγορείων
1531 1763 1734 1835 σχῆμα.
1773 1766 1845 1818 Οὐ
1880 1765 1988 1837 γάρ

406 1850 492 1919 ὡς,
529 1852 707 1906 κακίω
752 1853 860 1925 (85)
911 1871 975 1923 γε
1031 1858 1162 1912 αὐτὸ
1209 1859 1318 1928 (84)
1357 1857 1593 1928 μετεῖναί
1638 1875 1820 1928 φησιν,
1868 1859 1986 1912 οὐδὲ

2173 667 2362 738 Magia
2399 666 2567 738 igitur
2621 667 2742 723 dica
2776 667 3068 738 Apollonio
3100 660 3381 721 scribitur.
3412 662 3543 719 Inde
3569 677 3672 717 au-

2099 765 2208 814 tem
2240 758 2516 814 Demetrio
2543 759 2898 830 philosopho.
2918 758 3228 814 dehortanti
3250 771 3376 814 eum
3396 756 3672 812 abitinere

2100 849 2327 906 Romam
2358 851 2760 917 continuando,
2818 851 3041 907 minime
3068 850 3391 913 obaudiens,
3424 847 3661 905 insoleno

2102 951 2186 996 ter
2219 942 2487 1012 quaedam,
2521 958 2587 998 ae
2615 942 2851 1014 superbe
2884 941 2951 998 de
2989 957 3049 997 se
3080 941 3201 1015 ipso
3232 941 3318 996 bis
3351 939 3462 996 fere
3487 939 3668 995 verbis

2102 1031 2306 1100 profert
2328 1031 2387 1088 ἰ
2421 1052 2440 1085 ι
2472 1031 2585 1103 Ego
2634 1034 2940 1088 mortalium
2991 1042 3311 1089 cunctorum
3345 1033 3457 1087 scio
3495 1030 3669 1102 pluri-

2105 1137 2250 1178 mum
2284 1143 2297 1180 :
2330 1123 2446 1181 scio
2489 1125 2633 1179 enim
2675 1124 2879 1180 omnia.
2917 1124 3047 1191 Quae
3093 1125 3209 1181 scio
3252 1133 3432 1180 autem
3472 1124 3668 1193 partim

2096 1214 2212 1267 scio
2263 1213 2424 1270 bonis
2475 1214 2634 1278 viris,
2671 1212 2866 1283 partim
2903 1213 3265 1284 sapientibus,
3313 1212 3510 1284 partim
3557 1211 3664 1284 ipsi

2095 1304 2250 1369 mihi,
2276 1304 2478 1375 partim
2499 1305 2624 1359 diis.
2666 1323 2684 1357 ι
2726 1302 2995 1359 S.-denim
3021 1307 3114 1374 qui
3140 1303 3462 1361 verbisislis
3482 1303 3664 1358 omnia

2096 1410 2156 1450 se
2189 1410 2355 1451 nosse
2382 1395 2674 1466 magnifice
2707 1396 2994 1464 gloriatur,
3029 1396 3192 1464 paulo
3239 1402 3362 1468 post
3416 1395 3664 1468 ignorano

2094 1487 2185 1541 tiae
2227 1488 2282 1542 in
2325 1488 2656 1559 quibusdam
2714 1488 2770 1542 iu
2818 1488 2934 1558 ipsa
2977 1488 3068 1541 illa
3114 1488 3346 1543 historia
3390 1486 3660 1558 arguitur.

2095 1579 2225 1634 Inde
2264 1594 2427 1651 porro
2473 1579 2658 1636 Darnis
2697 1578 3122 1635 transformatur
3156 1578 3332 1643 abeo,
3369 1579 3438 1634 ob
3469 1577 3662 1632 mortis

2093 1680 2296 1727 metum
2331 1672 2715 1742 philosophum
2764 1670 3131 1750 abscondens.
3183 1668 3289 1727 Sed
3326 1670 3454 1724 audi
3480 1666 3665 1724 Philo-

2095 1769 2303 1817 stratus
2334 1777 2455 1833 qua:
2508 1762 2658 1817 dicat
2701 1761 2743 1825 ⁸,
2793 1761 2848 1817 id
2896 1762 3101 1817 factum
3146 1761 3268 1833 ejus
3312 1761 3656 1818 defendens:

2099 1870 2118 1904 ι
2163 1852 2228 1907 Et
2250 1867 2420 1909 causa
2446 1852 2667 1924 quidem
2716 1855 2925 1909 exstitit
2961 1853 3088 1919 ista,
3118 1868 3219 1909 cur
3264 1852 3658 1926 Pythagoreum

411 1942 712 2010 μεταγνοὺς
741 1943 891 2009 αὐτὸ,
919 1944 1112 2018 τέχνην
1133 1947 1189 2000 δὲ
1221 1948 1536 2012 ἐπαινέσας,
1569 1947 1636 2017 ἣν
1667 1946 1904 2017 ὑπῆλθεν
1932 1949 1981 2011 ἐς

2089 1945 2272 2001 Damis
2298 1946 2543 2001 habitum
2591 1955 2855 2002 mutaret.
2888 1945 3077 2018 Neque
3122 1947 3269 2002 enim
3304 1947 3570 2019 ahjecisse
3602 1961 3663 2002 se

405 2030 468 2084 τὸ
491 2030 766 2106 ξυμφέρον
793 2035 886 2088 τοῦ
924 2037 1137 2110 καιροῦ.
1182 2059 1201 2091 ›

2089 2038 2165 2091 ait
2194 2051 2343 2101 eum,
2375 2045 2435 2091 ut
2474 2039 2566 2109 qui
2594 2039 2719 2094 vita:
2765 2038 3077 2095 institutum
3125 2047 3394 2095 mutasset
3423 2041 3481 2096 in
3510 2040 3662 2095 dete—

406 2126 544 2191 rius,
613 2144 791 2199 neque
856 2132 1005 2202 quod
1057 2134 1181 2205 ejus
1220 2136 1400 2206 ipsum
1440 2135 1752 2206 pmniteret,
1788 2133 1881 2190 sed
1907 2130 2052 2204 quod
2091 2141 2269 2189 astum
2313 2133 2590 2204 probaret,
2624 2133 2714 2188 cui
2760 2148 2820 2188 se
2865 2132 3383 2198 accommodaverit,
3432 2133 3661 2204 tempori

407 2221 792 2280 inserviturus.
839 2245 858 2278 ι

914 2321 1311 2382 ΚΕΦΑΛΑΙΟΝ
1351 2325 1484 2378 AH'.

488 2410 611 2464 Ἐπὶ
650 2411 861 2477 τούτοις
892 2414 921 2467 ὸ
959 2414 1316 2487 Φιλόστρατος
1345 2417 1620 2489 τέσσαρας
1655 2416 1852 2481 αἰτίας,
1887 2416 1988 2480 τὰς

403 2500 470 2572 δὴ
505 2501 756 2575 εὐχερεῖς
788 2504 936 2576 αὐτῷ
973 2507 1110 2580 πρὸς
1139 2507 1431 2577 ἀπολογίαν
1462 2507 1810 2579 νομισθείσας
1841 2510 1988 2562 mt-

406 2590 585 2663 θησιν,
637 2596 746 2649 ἀπὸ
798 2597 1067 2653 πλείστων
1118 2600 1397 2671 ὁμολογῶν
1445 2602 1539 2655 καὶ
1590 2601 1763 2655 ἄλλων
1817 2602 1986 2666 αὐτὰς

405 2681 728 2752 ἀνειλέχθαι.
762 2678 860 2740 Ὧν
898 2688 931 2757 ἡ
972 2686 1071 2758 μέν
1107 2704 1192 2751 τις
1223 2683 1311 2758 ἦν’
1352 2707 1371 2740 ‹
1410 2689 1473 2741 Τί
1519 2688 1651 2761 δῆτα
1703 2686 1891 2759 μαθὼν
1922 2687 1982 2739 οὐ

403 2775 503 2846 τὴν
534 2775 705 2848 αὐτὴν
734 2777 939 2832 ἅπασιν
981 2779 1093 2850 ἔχοι
1122 2780 1347 2852 στολήν;
1381 2800 1399 2833 ι
1443 2783 1476 2852 ἡ
1507 2780 1585 2834 δέ’
1621 2801 1640 2832 ι
1673 2779 1780 2834 Τοῦ
1823 2780 1981 2851 χάριν

402 2869 453 2921 οἱ
485 2867 761 2940 ἄνθρωποι
789 2869 921 2923 Θεὸν
952 2872 1114 2926 αὑτὸν
1139 2873 1484 2944 νενομίκασι;
1522 2893 1539 2925 ι
1570 2873 1728 2945 τρίτη
1758 2889 1772 2902 ·
1814 2892 1832 2923 ι
1869 2874 1977 2926 Πό-

405 2960 497 3015 θεν
550 2965 799 3036 προείποι
835 2966 1102 3035 Ἐφεσίοις
1149 2967 1239 3020 τὸν
1282 2967 1500 3038 λοιμόν;
1536 2986 1555 3019 ι
1591 2960 1684 3021 ιτξι
1727 2966 1973 3031 ταύταις

407 3070 435 3103 ‹
467 3053 584 3107 Τίνι
631 3055 742 3127 (85)
792 3055 1014 3127 βαδίσας
1048 3059 1104 3122 ἐς
1150 3059 1318 3130 ἀγρὸν
1362 3059 1652 3129 ἀνατέμνει
1690 3058 1780 3112 τὸν
1812 3058 1978 3112 παῖδα

400 3147 494 3201 τὸν
539 3149 804 3220 Ἀρκάδα;
843 3171 863 3204 ι
901 3150 1047 3224 Πρὸς
1077 3152 1279 3221 ταύτας
1313 3153 1371 3207 δέ
1407 3170 1539 3224 φησι
1571 3155 1665 3206 καὶ
1703 3152 1802 3223 τὴν
1844 3152 1978 3205 ἀπο-

401 3237 586 3310 λογίαν
627 3243 790 3298 αὐτὸν
829 3247 1182 3317 γεγραφέναι.
1238 3245 1508 3318 Πρότερον
1548 3245 1592 3298 δ’
1641 3245 1842 3316 ἱστορεῖ
1890 3243 1979 3297 δε-
2010 3277 2049 3333 C

405 3340 560 3406 σμοῖς
592 3338 754 3391 αὑτὸν
781 3341 1174 3412 παραδοθῆναι,
1208 3338 1301 3393 καί
1324 3355 1378 3391 τι
1408 3335 1721 3407 θαυμαστὸν
1744 3335 1980 3390 ἐνταῦθα

314 3470 318 3473 .
402 3427 863 3495 κατεργάσασθαι.
911 3431 1000 3502 Τῷ
1026 3428 1134 3499 γάρ
1168 3448 1247 3483 τοι
1286 3430 1478 3500 Δάμιδι
1515 3428 1657 3500 μάλα
1697 3425 1975 3498 λυπηρῶς.

402 3514 479 3577 ὡς
509 3514 575 3569 ἂν
606 3519 701 3571 ἐπὶ
741 3522 995 3591 συμφορᾷ
1035 3521 1129 3575 τοῦ
1160 3521 1479 3574 διδασκάλου
1509 3520 1856 3590 διακειμένῳ,
1884 3518 1980 3570 αύ-

401 3605 639 3676 τόματον
661 3607 923 3671 ἐπιδεῖξαι
965 3607 1254 3681 λελυμένον
1297 3610 1393 3663 τοῦ
1427 3610 1627 3680 δεσμοῦ
1673 3610 1736 3663 τὸ
1764 3607 1971 3670 σκέλος·

402 3691 522 3750 εἶτα
556 3690 718 3751 πάλιν
751 3697 1066 3753 ἀναλαϐόντ’
1102 3700 1262 3753 αὐτὸν
1297 3700 1396 3772 τῆς
1428 3699 1624 3770 λύπης,
1653 3700 1882 3754 ἐνθεῖναι
1920 3703 1978 3762 ἐς

400 3787 461 3842 τὸ
489 3790 750 3863 πρότερον
784 3793 969 3865 σχῆμα
1014 3791 1105 3846 τὸν
1150 3792 1302 3846 πόδα.
1335 3792 1486 3846 Μετὰ
1518 3791 1696 3856 τοῦτο,
1723 3793 1977 3864 κρινόμε-

401 3899 490 3935 νον
522 3883 685 3937 αὐτὸν
726 3886 820 3938 ὲπὶ
864 3884 1127 3955 βασιλέως
1161 3885 1510 3955 Δομετιανοῦ,
1541 3884 1744 3955 γράφει
1768 3880 1887 3938 εἶτα
1912 3884 1975 3955 δὴ

397 3974 506 4027 τῶν
565 3976 928 4048 ἐγκλημάτων
983 3976 1338 4047 ἀπολυθῆναι,
1393 3978 1509 4031 καὶ·
1538 3975 1675 4048 μετὰ
1720 3976 1819 4047 τὴν
1866 3974 1976 4029 τῶν

397 4066 758 4140 ἐγκλημάτων
788 4069 960 4135 λύσιν,
998 4070 1098 4122 οὐκ
1144 4065 1239 4123 οἷδ’
1277 4070 1425 4133 ὅπως
1459 4068 1722 4141 ἀκαίρως,
1762 4069 1853 4140 μοὶ
1888 4068 1976 4129 ,δο-

396 4160 502 4221 κεῖ,
528 4160 584 4212 ὲν
624 4158 703 4230 τῷ
730 4160 1070 4232 δικαστηρίῳ
1099 4160 1235 4215 αὑτά
1276 4161 1340 4232 δὴ
1379 4161 1551 4215 ταῦτα
1579 4163 1930 4234 ἀναφωνῆσαι
1954 4180 1967 4192 ·

400 4263 421 4296 t
460 4246 579 4311 Δὸς,
612 4249 660 4300 εί
686 4247 864 4318 βούλει
899 4249 1030 4320 (86),
1056 4249 1224 4321 κάμοὶ
1260 4251 1441 4304 τόπον.
1469 4252 1532 4305 El
1564 4251 1621 4305 δὲ
1655 4252 1751 4324 μὴ,
1785 4253 1971 4324 πέμπε

393 4335 486 4389 τὸν
522 4335 824 4410 ληψόμενόν
857 4358 958 4412 μου
987 4341 1049 4394 τὸ
1076 4340 1266 4413 σῶμαο
1298 4342 1399 4414 τὴν
1432 4341 1541 4414 γὰρ
1571 4343 1748 4416 ψυχὴν
1775 4343 1970 4398 ἀδύνα-

393 4442 506 4491 τον,
539 4430 740 4500 μᾶλλον
778 4431 823 4485 δ’
863 4431 971 4486 οὐδ’
1001 4431 1068 4487 ἂν
1102 4433 1162 4486 τὸ
1205 4433 1364 4505 σῶμα
1392 4435 1592 4507 τούμὸν
1628 4435 1829 4500 λάϐοις.
1875 4455 1894 4487 ι

468 4718 550 4771 οὐ
580 4718 688 4789 γάρ
719 4738 797 4789 με
820 4722 1095 4791 κτενέεις,
1127 4725 1255 4780 ἐπεὶ
1295 4727 1459 4782 οὗτοι
1494 4726 1789 4797 μόρσιμός
1825 4729 1960 4797 εἰμι.

462 4826 573 4881 Καὶ
605 4829 669 4901 δὴ
712 4830 805 4883 ἐπὶ
842 4832 1015 4905 τούτῳ
1047 4833 1125 4906 τῷ
1169 4836 1478 4908 περιόοήτῳ
1525 4839 1729 4908 ῥήματι
1776 4839 1967 4906 ἀφανι-

394 4914 584 4984 σθῆναι
608 4918 703 4971 τοῦ
734 4919 1083 4994 δικαστηρίου
1120 4926 1284 4996 φησὶν
1313 4927 1496 4979 αὐτόν.
1521 4927 1630 4980 Καὶ
1652 4930 1709 4981 ὲν
1735 4927 1964 4992 τούτοις,

389 5006 447 5060 τὲ
484 5009 611 5080 περ)⁸
641 5010 806 5066 αὑτοῦ
839 5016 1208 5087 καταστρέφει
1229 5017 1433 5089 δρᾶμα.

2598 2315 2832 2372 CAPUT
2869 2316 3136 2373 XXXVIII

2161 2405 2292 2462 Post
2322 2406 2438 2462 haec
2457 2406 2826 2464 Philostratus
2851 2421 3084 2480 quatuor
3109 2410 3477 2467 accusationis
3509 2413 3658 2484 capi-

2087 2505 2163 2562 ta,
2219 2514 2343 2570 quae
2390 2497 2551 2555 facile
2592 2514 2652 2557 se
2697 2501 2945 2571 apologia
2985 2502 3193 2557 diluere
3223 2518 3386 2572 posse
3418 2513 3654 2573 putaret,

2088 2590 2314 2661 eitponit
2342 2591 2401 2646 ἐ
2434 2607 2499 2647 ex
2530 2591 2781 2661 pluribus
2809 2591 2931 2647 aliis
2968 2608 3159 2647 eorum
3192 2592 3463 2649 delectum
3495 2594 3654 2649 habi—

2087 2691 2201 2736 tum
2223 2698 2347 2739 esse
2377 2683 2649 2755 inquiens.
2678 2683 2883 2740 [lorum
2918 2686 3151 2756 primum
3185 2694 3341 2741 erat:
3386 2705 3404 2737 ι
3444 2686 3561 2754 Qua
3589 2686 3655 2742 de

2088 2789 2258 2830 causa
2279 2775 2467 2832 eodem
2501 2792 2609 2847 quo
2632 2780 2814 2835 caeteri
2838 2779 3025 2834 habitu
3063 2795 3175 2834 non
3205 2781 3424 2836 utatur?
3455 2801 3474 2835 ι
3507 2780 3656 2836 Alte-

2087 2885 2211 2924 rum
2240 2884 2407 2941 porro
2438 2888 2450 2924 :
2482 2888 2501 2922 ι
2539 2870 2719 2933 Ouare
2758 2872 2919 2926 deum
2975 2872 3155 2943 ipsum
3186 2873 3436 2930 homines
3464 2883 3655 2944 putent

2084 2962 2240 3018 esse?
2268 2982 2287 3015 ι
2309 2961 2583 3018 Tertium:
2607 2982 2625 3014 ι
2647 2962 2891 3030 Quanam
2921 2964 3136 3020 ratione
3169 2972 3378 3036 pestem
3404 2965 3654 3036 Ephesiis

2084 3053 2459 3110 imminentem
2509 3056 2861 3125 praedixerit?
2899 3076 2917 3109 ι
2953 3056 3220 3113 Praeterea
3255 3077 3269 3112 :
3305 3077 3325 3109 ι
3379 3058 3438 3113 In
3493 3058 3652 3130 cujus

2083 3145 2316 3216 gratiam
2351 3146 2407 3201 in
2441 3162 2632 3218 agrum
2656 3147 2956 3218 profectus,
2985 3148 3252 3205 Arcadem
3272 3166 3503 3220 puerum
3532 3150 3650 3207 dis-

2085 3238 2395 3310 eerpserit?
2432 3259 2451 3292 »
2485 3240 2664 3311 Atque
2704 3240 2773 3295 ad
2826 3240 3147 3312 depellenda
3192 3241 3293 3298 ista
3346 3242 3651 3314 apologiam

2083 3346 2304 3402 quoque
2335 3347 2460 3387 eum
2493 3333 2782 3402 scripsisse
2811 3333 2888 3387 ait
2918 3334 2958 3389 ⁸.
2991 3335 3132 3389 Ante
3159 3350 3290 3390 vero
3333 3335 3386 3388 in
3431 3334 3652 3391 vincula

2081 3437 2207 3478 eum
2238 3422 2551 3494 conjectum
2581 3432 2867 3488 memorat,
2910 3433 3072 3495 atque
3095 3426 3151 3480 in
3186 3425 3254 3482 iis
3280 3427 3446 3481 etiam
3474 3426 3649 3481 admio

2081 3513 2256 3568 randa
2310 3513 2557 3582 quaedam
2617 3515 2958 3583 praestitisse.
3011 3515 3220 3571 Damidi
3270 3518 3414 3571 enim
3465 3519 3651 3573 animo

2081 3605 2237 3659 valde
2274 3605 2496 3670 aliiicto,
2532 3612 2591 3660 ut
2622 3621 2723 3676 par
2749 3612 2868 3662 erat
2918 3605 2973 3660 in
3026 3605 3131 3661 ista
3177 3607 3528 3678 praeceptoris
3559 3609 3646 3664 sui

2081 3691 2323 3757 fortuna,
2371 3701 2566 3763 sponte
2608 3693 2742 3763 pede
2785 3692 3008 3762 delapsa
3054 3693 3268 3748 vincula
3321 3707 3445 3747 eum
3488 3708 3646 3747 mon-

2080 3791 2285 3840 strasse
2315 3785 2359 3850 ",
2395 3784 2524 3839 inde
2550 3800 2703 3850 vero,
2740 3785 2832 3840 ubi
2861 3784 2981 3856 ejus
3011 3783 3295 3839 tristitiam
3318 3791 3465 3839 esset
3494 3782 3644 3840 sola-

2080 3883 2190 3937 tus.
2228 3877 2397 3947 priori
2437 3878 2606 3932 statui
2640 3877 2829 3947 pedem
2866 3877 3199 3934 restituisse.
3230 3875 3364 3931 Post
3410 3876 3525 3931 haec
3550 3891 3645 3931 eo-

2079 3983 2194 4022 ram
2227 3966 2537 4023 Domitiano
2571 3968 2901 4039 imperatore
2936 3983 3159 4023 causam
3191 3968 3484 4031 dicentem,
3513 3982 3640 4023 mox

2075 4059 2304 4116 crimine
2352 4060 2664 4117 absolutum
2710 4061 2924 4127 scribit,
2953 4059 3249 4130 dilutisque
3279 4074 3401 4130 qua:
3428 4057 3641 4127 objecta

2078 4151 2294 4206 fuerant
2322 4152 2667 4217 criminibus,
2699 4152 2886 4207 nescio
2917 4151 3190 4221 quomodo
3216 4165 3407 4222 parum
3442 4164 3642 4220 oppor-

2075 4252 2206 4299 tune
2237 4244 2543 4315 sequentia,
2595 4244 2731 4314 ipsis
2780 4242 2979 4306 verbis,
3030 4243 3084 4297 in
3124 4241 3418 4297 dicasterio
3445 4256 3640 4311 magno

2073 4338 2314 4394 clamore
2335 4337 2629 4408 protulisse
2647 4338 2669 4367 ⁸
2706 4355 2719 4391 :
2762 4354 2781 4386 ι
2817 4335 2927 4391 Fac
2950 4342 3005 4391 et
3028 4336 3160 4390 mihi
3184 4332 3428 4408 [dicenti]
3455 4348 3639 4405 quaeso

2073 4427 2274 4481 locum.
2334 4426 2430 4482 Sin
2483 4428 2689 4487 minus,
2747 4425 2979 4482 immitte
3033 4424 3127 4495 (lui
3184 4439 3386 4495 corpus
3434 4422 3641 4479 vinciat

2072 4534 2292 4586 meum;
2348 4517 2792 4589 quandoquidem
2839 4516 2997 4588 ligari
3040 4516 3222 4570 anima
3266 4514 3475 4586 nequit.
3525 4512 3639 4569 lmo

2005 4621 2048 4676 ι)
2076 4610 2259 4682 potius
2281 4626 2349 4666 ne
2376 4625 2576 4681 corpus
2605 4610 2822 4681 quidem
2849 4624 3030 4665 meum
3059 4608 3289 4664 vincias.
3337 4626 3358 4661 ι

2073 4720 2186 4776 Nec
2216 4738 2297 4777 me
2322 4723 2461 4777 enim
2506 4723 2731 4787 occides,
2784 4721 2976 4777 Parcis
3009 4738 3088 4776 me
3121 4721 3331 4791 auferre
3371 4729 3632 4790 negatum.

2070 4836 2318 4907 Dumque
2358 4838 2502 4893 istud
2531 4847 2639 4893 tam
2677 4839 2891 4895 celebre
2914 4837 3119 4894 dictum
3152 4835 3438 4908 proferret,
3479 4831 3642 4903 536

2070 4945 2101 4984 e
2125 4929 2423 4985 dicasterio
2453 4945 2579 4985 eum
2611 4929 2947 5002 diSparuisse
2974 4930 3071 4984 ait.
3101 4928 3279 4998 Atque
3299 4926 3414 4982 haec
3434 4934 3519 4982 est
3553 4925 3636 4980 fa-

2074 5019 2219 5075 bulae
2244 5021 2366 5091 ejus
2392 5022 2759 5092 catastrophe.

460 5162 481 5194 ³
521 5162 616 5244 lib.
650 5177 726 5217 vn
752 5201 767 5225 ,
802 5162 1000 5245 c._14._
1053 5164 1076 5196 ⁸
1106 5166 1311 5245 li_b__yn
1334 5209 1349 5234 ,
1384 5183 1436 5223 e.
1471 5168 1557 5223 16.
1593 5171 1656 5245 *³
1697 5170 1928 5245 lib._ytl,
1962 5188 2015 5228 c.
2048 5173 2158 5235 20;
2197 5173 2334 5229 adde
2362 5189 2413 5229 c.
2447 5176 2533 5229 ll.
2564 5183 2620 5231 et
2650 5177 2746 5232 lib.
2781 5193 2913 5243 vm,
2948 5192 2999 5233 c.
3032 5175 3101 5241 5,
3134 5189 3294 5245 quem
3333 5173 3512 5244 locum
3541 5171 3629 5227 hie

388 5237 627 5286 maxime
676 5237 876 5303 respici
910 5241 1063 5304 puto.
1140 5237 1161 5268 ⁸
1198 5237 1294 5292 lib.
1331 5254 1467 5303 vm,
1500 5254 1553 5294 c.
1584 5239 1637 5295 6.
1713 5249 1735 5281 ν
1777 5242 1872 5297 lib.
1909 5261 2016 5308 vn,
2052 5259 2101 5299 c.
2138 5245 2228 5300 59.
2306 5245 2328 5276 "
2370 5245 2463 5300 lib.
2498 5263 2633 5311 vm,
2671 5262 2721 5302 c.
2760 5247 2812 5302 5.

612 5348 740 5425 ξᾼ-ζε
761 5349 857 5425 δή.
899 5350 1184 5425 omittitur
1210 5354 1273 5425 δή
1303 5355 1444 5424 apud
1472 5353 1880 5413 Philostralum.

458 5417 571 5496 (82)
612 5418 1049 5496 Ἦδελοιῃῃίληο
1072 5417 1359 5496 legendum
1389 5425 1481 5496 ἥδε
1511 5441 1575 5481 ex
1599 5426 1953 5491 Philostrato,

386 5487 896 5569 referturqueillud
925 5492 1018 5565 ἥδε
1038 5487 1212 5569 ad'ea
1251 5509 1371 5564 qua:
1404 5487 1781 5569 praecedebant
1813 5487 1958 5569 apud

386 5565 551 5634 istum
587 5565 933 5634 scriptorem,
958 5565 1160 5634 quibus
1188 5579 1366 5620 causa:
1396 5567 1589 5621 mutati
1617 5581 1649 5621 a
1676 5568 1830 5623 Dami
1848 5565 1959 5625 'ha-

385 5625 534 5683 bitus
566 5625 1008 5689 continebantur.

460 5696 567 5768 (85)
619 5699 712 5765 Ὠς
728 5702 936 5759 κακίω.
974 5703 1160 5758 Lectio
1193 5702 1494 5761 indubitate
1530 5722 1673 5770 vera,
1706 5716 1767 5762 ut
1804 5724 1957 5766 naavo

386 5765 638 5851 laborent
683 5771 818 5851 editi
850 5775 965 5842 qui.
998 5775 1204 5851 o_mi_s_so
1231 5775 1326 5839 ὡς,
1356 5775 1556 5832 habent
1584 5765 1803 5851 κακίας.
1835 5765 1953 5835 Me-

387 5835 577 5891 liorem
608 5835 894 5897 lectionem
922 5860 988 5899 ex
1022 5835 1350 5900 Philostrato
1378 5835 1774 5903 revocavimus.

460 5905 573 5979 (84)
612 5911 788 5968 Αὺτό.
830 5911 1137 5975 Pronomen
1185 5916 1288 5973 hoc
1336 5915 1645 5975 addidimus
1672 5935 1739 5975 ex
1770 5918 1951 5977 Philo-

2057 5367 2253 5417 strato.

2131 5430 2255 5502 (85);
2285 5431 2425 5502 rm.
2468 5430 2667 5502 Notum
2698 5437 2781 5484 est
2806 5431 2949 5502 apud
2972 5431 3188 5502 Graecos
3212 5430 3418 5502 pariter
3437 5443 3500 5483 ac
3522 5425 3623 5502 La-

2058 5494 2205 5571 tinos
2226 5494 2409 5571 dativo
2429 5494 2972 5571 exprimiperso'nam
2990 5494 3055 5571 in
3087 5494 3247 5568 cuju's
3269 5499 3498 5571 gratiam
3521 5500 3627 5571 alio

2058 5570 2191 5641 quid
2221 5572 2298 5625 tit.
2335 5567 2622 5642 Nempein
2652 5567 2842 5642 Neryae
2863 5570 3092 5640 gratiam
3123 5567 3486 5642 abominanda
3519 5568 3627 5624 ista

2060 5639 2219 5710 sacra
2270 5639 2490 5709 peracta
2541 5639 2714 5694 fuisse
2763 5639 3103 5695 Domitianus
3136 5640 3547 5710 suspicabatur,
3566 5645 3627 5710 ut

2060 5726 2129 5764 ex
2159 5706 2473 5765 Philostrati
2515 5710 2821 5764 clarissime
2860 5718 3076 5766 constat
3112 5706 3358 5766 historia.
3389 5706 3497 5764 Sed
3534 5706 3625 5763 hic

2058 5789 2239 5853 tamen
2269 5781 2433 5853 etiam
2460 5779 2716 5835 Acciolus
2749 5780 2990 5852 impegit.
3022 5778 3126 5836 Ubi
3158 5795 3289 5839 vero
3310 5794 3421 5835 non
3453 5778 3623 5853 imm:

2057 5849 2301 5921 sitiam?

2129 5918 2240 5990 (86)
2278 5920 2506 5976 Βούλει.
2547 5920 2830 5991 Philostr.,
2865 5921 3083 5994 βούλοιο.
