4112 6432
458 399 555 455 851

992 508 1223 565 CAPUT
1262 509 1502 565 XXXIX.

533 618 787 680 Historia:
818 629 997 676 autem
1034 622 1209 692 ipsius
1245 623 1503 693 scriptor,
1537 622 1664 676 dum
1699 622 2020 676 miraculum

458 716 510 770 in
561 730 784 771 carcere
834 722 1107 784 patratum
1152 715 1409 785 exponit,
1453 715 1600 784 quod
1634 712 1759 769 fuco
1789 715 2021 784 phanta-

460 807 589 871 size,
625 814 683 860 ut
714 805 938 861 credere
969 821 1068 877 par
1099 818 1213 873 est,
1258 806 1437 873 facto,
1476 808 1761 863 familiaris
1795 806 2021 878 spiritus

456 914 557 969 ope
587 897 772 953 Damis
808 899 1015 955 viderat
1034 939 1049 964 ,
1080 899 1195 954 haec
1224 902 1391 955 verba
1424 901 1704 971 subjungit
1733 901 1754 932 '
1787 916 1799 951 :
1828 918 1847 949 ι
1881 898 2020 954 Tum

458 989 690 1057 primum
733 989 920 1044 Damis
962 991 1036 1044 ait
1078 998 1331 1045 naturam
1374 990 1644 1061 Apollonii
1706 988 2021 1045 accuratius

455 1080 844 1149 perspexisse,
887 1080 1071 1135 divina
1115 1080 1263 1151 quod
1311 1082 1417 1145 sit,
1454 1089 1507 1136 et
1542 1081 1777 1136 humana
1822 1080 2017 1149 major.

463 1166 647 1238 Neque
689 1169 832 1224 enim
878 1184 1034 1224 sacra
1079 1170 1189 1223 ulla
1234 1171 1525 1224 obeuntem
1611 1167 1735 1239 (qui
1776 1167 1920 1222 enim
1963 1166 2019 1219 in

458 1275 682 1314 carcere
736 1260 1119 1331 potuisset?),
1147 1275 1323 1329 neque
1371 1260 1774 1330 precationibus
1823 1274 2015 1323 usum,

455 1368 628 1423 neque
678 1354 907 1408 verbum
958 1350 1323 1423 proferentem
1371 1352 1577 1415 ullum,
1620 1350 1841 1419 pedicas
1885 1364 2020 1403 con-

454 1446 680 1515 temptui
725 1444 1029 1500 habuisse:
1073 1458 1382 1513 rursusque
1424 1457 1586 1497 crure
1622 1441 1730 1496 illis
1759 1442 2006 1503 inserto,

452 1542 512 1587 ut
558 1534 793 1589 vinculis
834 1533 929 1604 qui
965 1539 1111 1589 esset
1145 1533 1478 1588 constrictus
1499 1572 1513 1594 ,
1547 1546 1670 1585 sese
1699 1528 1955 1600 gessisse.
1990 1545 2010 1579 ι

452 1623 565 1692 Ego
623 1639 753 1679 vero
805 1624 937 1679 vitio
994 1631 1201 1678 vertere
1249 1620 1466 1691 quidem
1522 1619 1793 1688 discipulo
1846 1617 2015 1671 nolim

453 1714 762 1769 tarditatem
811 1730 1000 1781 suam,
1046 1714 1192 1784 quod
1225 1727 1385 1767 omne
1414 1726 1537 1765 cum
1578 1727 1644 1766 eo
1688 1724 2016 1765 consumens

450 1821 654 1870 aevum,
684 1813 737 1862 et
768 1806 1274 1877 superstitiosorum
1303 1802 1667 1874 quorumdam
1700 1801 1900 1855 rituum
1930 1801 2015 1853 in-

454 1906 699 1953 terventu
741 1898 1011 1952 mirabilia
1045 1912 1168 1951 eum
1208 1905 1423 1967 patrare
1457 1894 1686 1955 videns.
1723 1893 1857 1947 nihil
1891 1908 2015 1946 eum

450 1991 664 2045 mortali
699 2000 959 2060 praestare
985 1997 1183 2043 natura
1221 1987 1569 2043 existimarit.
1600 1990 1669 2039 At
1697 2000 1825 2040 vero
1854 1986 2017 2039 etiam

450 2091 573 2152 post
626 2090 832 2137 tantum
882 2097 1020 2154 opus
1063 2089 1375 2151 patratum,
1422 2081 1603 2149 qualis
1648 2080 1738 2133 ille
1783 2079 2013 2140 existat,

450 2177 701 2247 ignorat:
732 2183 821 2241 et,
868 2188 925 2230 ιιι
969 2175 1051 2229 fas
1100 2175 1172 2230 sit
1218 2173 1523 2244 ignoranti,
1555 2173 1625 2227 oh
1657 2173 1832 2241 ipsum
1864 2171 2017 2240 angi-

448 2278 554 2332 tur,
587 2278 747 2341 atque
772 2271 961 2337 timet,
992 2270 1215 2341 perinde
1243 2284 1306 2322 ac
1336 2269 1380 2324 si
1411 2271 1574 2322 homo
1600 2268 1671 2321 sit
1701 2265 1881 2320 nudus
1903 2305 1917 2328 ,
1947 2279 2017 2318 ne

446 2363 573 2431 quid
602 2364 650 2417 ei
674 2405 688 2426 ,
718 2362 861 2432 quod
893 2362 1118 2417 minime
1144 2361 1308 2425 velit,
1340 2360 1579 2415 eveniat.
1610 2355 1784 2411 Porro
1809 2357 1855 2412 si
1892 2363 2014 2423 post

448 2458 658 2524 longam
694 2453 830 2507 adeo
860 2452 1334 2523 conversationem
1363 2450 1582 2504 demum
1613 2447 1856 2502 divinum
1887 2461 2012 2500 eum

442 2561 600 2609 esse,
629 2550 683 2599 et
711 2544 1145 2605 excellentioris,
1178 2556 1340 2612 quam
1374 2541 1610 2594 humana
1638 2539 1741 2602 sit,
1776 2536 2008 2598 indolis,

446 2636 708 2691 intellexit
736 2653 750 2701 ;
783 2635 902 2704 ejus
934 2636 1011 2689 rei
1043 2634 1180 2689 ratio
1210 2642 1449 2688 meretur
1478 2629 1818 2692 examinari,
1848 2643 2011 2698 quam

365 2766 373 2781 .
444 2731 560 2797 ipse
611 2727 846 2796 scriptor
899 2728 988 2781 ille
1042 2725 1251 2780 iudicat
1303 2725 1492 2779 dicens
1524 2742 1538 2777 :
1569 2741 1587 2773 ι
1620 2720 1804 2791 Neque
1857 2734 2012 2774 sacra

441 2821 731 2875 obeuntem
774 2835 899 2873 eum
948 2819 1093 2880 ulla,
1140 2832 1318 2885 neque
1358 2814 1768 2886 precationibus
1810 2826 2008 2873 usum,

444 2928 617 2982 neque
654 2912 841 2966 arcani
880 2910 1175 2981 quidquam
1214 2911 1591 2965 mussitantem
1624 2927 1641 2956 ι
1672 2905 1863 2959 Damin
1901 2904 2004 2957 mi-

444 3006 686 3060 raculum
721 3005 865 3060 istud
901 3013 1117 3075 patrare
1146 3002 1369 3056 vidisse.
1399 3002 1569 3055 Antea
1602 3001 1767 3069 igitur
1796 3008 2009 3068 patrata

443 3113 541 3168 per
582 3097 822 3169 magicas
870 3103 1016 3152 artes
1058 3094 1323 3165 quasdam
1364 3094 1432 3147 ab
1470 3094 1758 3163 Apollonio
1786 3102 2007 3161 peracta

1092 392 1357 451 EUSEBII
1389 391 1864 449 CESARIENSIS
1895 389 2047 449 OPP.
2082 388 2264 446 PARS
2301 390 2368 447 ll.
2406 422 2480 433 —
2514 389 3014 449 APOLOGETICA.

2055 516 2103 570 A

3599 394 3701 450 85?.

2639 511 3036 566 ΚΕΦΑΛΑΙΟΝ
3070 511 3199 565 ΛΘ.

2207 623 2264 675 '0
2296 623 2393 694 μὲν
2421 619 2513 677 οὖν
2551 626 2896 695 συγγραφεὺς
2918 626 3012 677 ἐπὶ
3042 626 3137 678 τοῦ
3170 625 3310 678 κατὰ
3335 624 3397 677 τὸ
3420 624 3707 697 δεσμωτή-

2126 733 2239 786 ριον
2264 716 2557 786 θαύματος,
2593 716 2733 769 κατὰ
2766 717 3094 785 φαντασίαν,
3120 719 3195 781 ὡς
3219 717 3417 781 ἔοικεν,
3461 718 3566 770 ὑπὸ
3602 719 3702 771 τοῦ

2126 806 2393 878 παρέδρου
2419 807 2672 875 δαίμονος
2714 807 2791 876 τῷ
2831 807 3024 877 Δάμιδι
3061 808 3380 879 ἑωραμένον
3402 847 3418 871 ,
3446 808 3699 880 ἐπιφέρει

2122 897 2291 965 λέγων
2310 914 2324 927 ’
2350 915 2368 947 ι
2397 896 2529 949 Τότε
2576 896 2790 967 πρῶτον
2819 899 2848 949 6
2876 898 3050 967 Δάμις
3087 900 3250 967 φησὶν
3287 898 3531 971 ἀκριϐῶς
3577 897 3698 962 ξυν-

2120 995 2258 1043 εῖναι
2296 992 2393 1060 τῆς
2429 989 2781 1042 Ἀπολλωνίου
2824 990 3065 1058 φύσεως,
3113 990 3195 1042 ὅτι
3234 990 3353 1043 θεία
3384 1008 3443 1043 τε
3485 990 3569 1060 εἴη
3600 992 3697 1043 καὶ

2124 1085 2383 1155 κρείττων
2411 1082 2717 1153 ἀνθρώπου.
2750 1082 2834 1153 Μὴ
2861 1083 2968 1153 γὰρ
3010 1082 3248 1135 θύσαντά
3293 1099 3348 1135 τι
3389 1082 3497 1151 (87)
3548 1082 3697 1150 (πῶς

2121 1175 2230 1245 γὰρ
2253 1176 2309 1226 ἐν
2336 1173 2690 1244 δεσμωτηρίῳ
2708 1174 2769 1243 ;),
2802 1173 2934 1243 μηδὲ
2968 1172 3286 1243 εὐξάμενον,
3314 1174 3448 1244 μηδὲ
3471 1172 3697 1225 εἰπόντα

2121 1283 2192 1329 τι,
2222 1264 2586 1334 καταγελάσαι
2610 1264 2705 1317 τοῦ
2742 1263 2941 1334 δεσμοῦ
2963 1304 2978 1327 ,
3011 1266 3105 1317 καὶ
3139 1264 3515 1335 ἐναρμόσαντα
3544 1263 3696 1333 αὐτῷ

2118 1356 2178 1409 τὸ
2206 1356 2398 1419 σκέλος
2428 1355 2498 1409 τὰ
2532 1355 2626 1408 τοῦ
2670 1355 2947 1424 δεδεμένου
2978 1356 3255 1427 πράττειν.
3288 1375 3306 1405 ι
3344 1353 3486 1422 Ἐγὼ
3517 1356 3575 1408 δὲ
3597 1353 3689 1407 οῦ-

2120 1448 2236 1498 ποτ¹
2263 1445 2328 1498 ἂν
2362 1446 2690 1515 καταγνοίην
2734 1444 3037 1515 βραδύτητα
3066 1443 3159 1496 τοῦ
3206 1443 3482 1514 φοιτητοῦ,
3511 1446 3559 1496 εί
3600 1442 3696 1497 τὸν

2120 1537 2296 1589 πάντα
2338 1536 2451 1606 βίον
2499 1535 2672 1589 συνὼν
2705 1535 2883 1605 αὐτῷ,
2923 1536 3016 1588 καὶ
3055 1535 3143 1588 διά
3185 1551 3347 1587 τινων
3385 1520 3701 1605 περιέργων

2118 1627 2256 1697 ὀρῶν
2285 1628 2446 1680 αὐτὸν
2484 1627 2846 1680 ἀποτελοῦντα
2874 1627 2943 1680 τὰ
2985 1624 3280 1698 παράδοξα,
3314 1626 3465 1680 ούδέν
3498 1644 3549 1679 τι
3582 1626 3699 1679 δια-

2120 1717 2303 1787 φέρειν
2358 1717 2521 1770 αὐτὸν
2556 1719 2739 1787 ἡγεῖτο
2768 1718 2865 1787 τῆς
2907 1717 3104 1788 θνητῆς
3148 1717 3377 1786 φύσεως.
3432 1715 3570 1768 Ἀλλ’
3612 1716 3696 1771 ἔτι

2120 1809 2214 1861 καὶ
2242 1808 2336 1861 νῦν
2367 1809 2505 1879 μετὰ
2539 1809 2806 1879 τοσαύτην
2834 1808 3275 1880 θαυματουργίαν
3299 1807 3367 1860 τὰ
3390 1810 3510 1860 κατ’
3534 1809 3695 1862 αὑτὸν

2116 1899 2332 1966 ἀγνοεῖ·
2374 1900 2598 1962 εἰκότως
2622 1899 2677 1953 δὲ
2716 1900 2923 1970 ἀγωνιᾷ
2965 1898 3060 1951 καὶ
3099 1900 3235 1952 δέδιε
3266 1898 3396 1969 (88),
3438 1900 3514 1961 ὡς
3555 1899 3697 1970 ὑπὲρ

2116 1990 2424 2061 ἀνθρώπου,
2463 1994 2533 2063 μή
2572 2010 2621 2045 τι
2670 1992 2829 2045 πάθοι
2877 1992 3029 2062 παρὰ
3068 1991 3405 2062 προαίρεσιν.
3435 1993 3497 2044 El
3530 1990 3589 2044 δὲ
3629 1990 3695 2063 δὴ

2115 2082 2330 2151 πρῶτον
2359 2083 2481 2152 ἄρτι
2521 2082 2659 2153 μετὰ
2700 2084 2798 2151 τὴν
2831 2082 3098 2150 τοσαύτην
3137 2081 3415 2153 διατριϐὴν
3439 2122 3454 2145 ,
3497 2083 3579 2134 ὅτι
3626 2082 3692 2153 δὴ

2115 2170 2257 2233 θεῖος
2283 2171 2365 2241 εἴη
2410 2173 2503 2223 καὶ
2549 2172 2858 2241 κρείττονος
2889 2172 3173 2243 ἀνθρώπου
3211 2173 3448 2241 φύσεως,
3482 2172 3695 2243 ξυνίησι

2113 2263 2209 2334 τὴν
2236 2264 2422 2317 τούτου
2447 2266 2673 2331 ξυνιδεῖν
2698 2265 2844 2330 ἄξιον
2881 2268 3081 2329 αἰτίαν,
3105 2270 3170 2339 ἢν
3199 2270 3358 2331 αὐτὸς
3393 2272 3421 2323 6
3456 2286 3695 2340 συγγρα-

2114 2359 2246 2426 φεὺς
2271 2358 2422 2428 δηλοῖ
2448 2360 2619 2426 λέγων
2638 2377 2649 2388 ·
2687 2379 2704 2410 ι
2731 2359 2821 2430 Μὴ
2856 2360 2963 2431 γὰρ
2993 2360 3232 2415 θύσαντά
3253 2380 3330 2423 τι,
3360 2363 3492 2433 μηδὲ
3528 2364 3694 2415 ἐπευ-

2113 2449 2373 2519 ξάμενον,
2425 2450 2559 2520 μηδέ
2603 2468 2655 2504 τι
2702 2451 2809 2503 τῶν
2856 2452 3181 2523 ἀπορρήτων
3227 2455 3515 2524 εξπκότα,
3563 2473 3583 2505 ι
3631 2454 3696 2505 τὸ
3790 2486 3803 2500 ι

2112 2542 2411 2612 παράδοξον
2445 2544 2574 2597 ἰδεῖν
2598 2545 2760 2599 αὑτὸν
2801 2547 3159 2616 πεποιηκότα.
3203 2547 3411 2600 υύκοῦν
3451 2548 3520 2600 τὰ
3562 2547 3695 2618 πρό-

2110 2651 2265 2705 τερον
2288 2634 2375 2687 διὰ
2417 2637 2712 2706 περιέργου
2748 2638 2995 2708 μηχανῆς
3019 2637 3253 2691 ἐτελεῖτο
3276 2637 3353 2709 τῷ
3388 2638 3572 2709 ἀνδρί-
3613 2638 3694 2691 διὸ

2115 2725 2249 2795 μηδὲ
2278 2725 2750 2795 καταπλήττεσθαι
2784 2726 2923 2779 αὐτὰ
2957 2729 3092 2797 μηδὲ
3130 2727 3429 2799 θαυμάζειν
3464 2729 3554 2781 τὸν
3588 2728 3693 2781 Δέξ-

2116 2835 2227 2886 μιν.
2253 2817 2491 2881 Εἰκότως
2519 2818 2572 2870 δὲ
2595 2818 2689 2871 νῦν
2714 2818 2872 2871 τοῦτο
2893 2819 3110 2890 πρῶτον
3134 2821 3509 2884 πέπονθεν,ὡς
3538 2821 3692 2884 ξένου

2109 2906 2251 2969 τινὸς
2268 2908 2357 2959 ὑπ’
2372 2908 2535 2959 αὑτοῦ
2559 2908 2705 2979 παρὰ
2722 2908 2789 2961 τὰ
2814 2909 3012 2980 συνήθη
3035 2909 3530 2983 διαπεπραγμένου.
3545 2911 3694 2982 Πρὸς

2108 2998 2167 3050 τὸ
2187 2999 2393 3069 δειχθὲν
2419 3001 2474 3052 δὲ
2490 3000 2582 3051 τοῦ
2605 3001 2803 3071 δεσμοῦ
2828 3003 3041 3071 φάσμα,
3059 3005 3152 3056 καὶ
3172 3004 3269 3075 τὴν
3294 3005 3399 3057 ἀπὸ
3417 3002 3510 3056 τοῦ
3537 3003 3691 3055 δικα-

2113 3108 2208 3162 στη
2219 3093 2332 3162 ρίου
2362 3093 2728 3165 ἀναχώρησιν,
2760 3096 3025 3177 τᾶςπρδς
3056 3094 3377 3167 Δομετιανὸν
3403 3094 3564 3148 αὑτοῦ
3590 3093 3687 3146 τοῦ

442 3192 624 3254 fuere,
661 3199 1060 3260 proptereaque
1100 3203 1280 3256 neque
1320 3185 1671 3255 obstupuissc
1697 3201 1791 3245 ea,
1828 3200 2006 3255 neque

2124 3184 2475 3237 Ἀπολλωνίου
2505 3187 2684 3254 φωνὰς
2714 3186 3062 3257 παραθείμην
3105 3187 3189 3241 ἄν.
3225 3188 3450 3256 Δεσμοίς
3491 3185 3685 3254 γάρτοι

441 3284 768 3340 admiratum
800 3297 921 3336 esse
948 3280 1141 3334 Damin
1173 3278 1316 3351 [ait].
1366 3278 1557 3332 Merito
1589 3288 1768 3332 autem
1803 3275 1885 3347 [ιιι
1915 3276 2006 3328 ad-

441 3372 753 3445 miraretur]
786 3389 929 3427 nune
958 3373 1189 3442 primum
1224 3373 1274 3441 ei
1304 3370 1520 3436 evenit,
1549 3368 1694 3439 quod
1722 3368 2003 3422 insolitum

440 3464 572 3531 quid
621 3465 689 3518 ab
732 3464 1021 3534 Apollonio
1069 3471 1123 3518 et
1174 3471 1371 3533 prteter
1417 3477 1623 3515 morem
1673 3459 1998 3514 efﬁceretur.

439 3558 591 3622 Quod
641 3564 821 3610 autem
858 3555 1167 3628 [objectum
1202 3554 1448 3626 Damidi]
1485 3552 1689 3624 pedica:
1715 3560 2005 3622 spectacu—

440 3652 546 3702 lum
597 3649 824 3711 attinet,
870 3647 1290 3716 discessumque
1333 3662 1398 3700 ex
1446 3644 1775 3705 dicastcrio,
1825 3640 2003 3710 ipsius

436 3755 499 3792 ea
537 3740 604 3793 de
644 3754 702 3793 re
738 3737 1008 3807 Apollonii
1046 3737 1109 3791 ad
1145 3737 1507 3791 Domitianum
1540 3748 1823 3789 sermones
1853 3731 2000 3785 haud

437 3830 638 3885 invitus
670 3843 959 3899 apponam.
988 3825 1239 3881 ‘iinculis
1284 3827 1431 3881 enim
1480 3842 1605 3880 cum
1657 3825 1808 3879 illum
1844 3822 2001 3892 ligari

434 3925 728 3992 imperator
750 3921 1040 3989 jussisset,
1070 3919 1276 3989 optimo
1306 3917 1725 3985 argumentandi
1754 3931 1893 3970 nexu
1927 3915 2002 3967 ita

434 4013 753 4084 Apollonius
774 4020 1062 4081 argutatus
1110 4012 1210 4065 fuit
1241 4012 1284 4044 “
1310 4030 1323 4065 :
1359 4028 1377 4061 ι
1411 4009 1468 4066 Si
1515 4025 1731 4079 magum
1763 4024 1848 4062 me
1878 4021 2002 4062 esse

431 4106 754 4169 arbitraris,
806 4118 1041 4174 quanam
1095 4105 1306 4159 ratione
1354 4102 1608 4157 vincies?
1648 4098 1744 4155 Sin
1793 4100 2001 4153 vincire

432 4214 516 4253 me
546 4200 750 4270 poteris
771 4239 785 4262 ,
817 4198 1088 4269 quomodo
1130 4212 1253 4252 esse
1296 4209 1511 4266 magum
1554 4192 1813 4264 putabis?
1844 4210 1861 4240 ι
1894 4189 2000 4245 Sed

428 4305 703 4360 opponere
745 4291 848 4360 ipsi
883 4291 985 4345 hoc
1031 4290 1190 4344 modo
1222 4287 1422 4357 aliquis
1463 4295 1667 4357 posset,
1713 4284 2000 4339 occasione

428 4396 493 4434 ex
523 4382 643 4437 istis
667 4390 887 4452 accepta
915 4402 926 4437 :
961 4380 1017 4436 Si
1050 4388 1109 4435 tu
1138 4396 1328 4451 magus
1356 4394 1462 4433 non
1491 4394 1570 4441 es,
1600 4376 1873 4447 quomodo
1900 4374 1997 4429 tibi

428 4484 558 4522 crus
585 4481 668 4525 est
693 4470 931 4524 Solutum
955 4471 1066 4524 ?At
1098 4470 1144 4526 si
1174 4470 1412 4525 solutum
1437 4479 1551 4532 est,
1585 4465 1859 4537 quomodo
1887 4478 1997 4519 non

426 4579 487 4617 es
514 4563 745 4634 magus?
772 4562 938 4633 Sique
962 4564 1098 4620 adeo
1123 4579 1188 4619 eo
1215 4562 1359 4633 quod
1388 4562 1441 4617 in
1469 4561 1684 4617 vincula
1712 4575 1771 4614 se
1796 4558 1996 4628 conjici

2113 3277 2274 3330 αὑτὸν
2296 3278 2663 3348 παραδοθῆναι
2696 3280 3092 3349 προστάξαντος
3129 3276 3410 3346 pactum.
3449 3276 3588 3329 πάνυ
3615 3292 3682 3342 γε

2114 3368 2419 3429 ἀκολούθως
2445 3371 2473 3421 ὁ
2506 3370 2858 3433 Ἀπολλώνιος
2888 3368 3258 3435 συνελογίσατο
3278 3367 3372 3419 ὡδί
3402 3384 3516 3429 πως
3539 3382 3553 3395 ⁸
3577 3386 3594 3415 ι
3618 3366 3684 3419 Εἰ

2116 3460 2214 3531 μὲν
2239 3461 2409 3530 γόητά
2437 3478 2501 3532 με
2544 3465 2673 3533 ἡγῇ,
2718 3463 2835 3527 πῶς
2872 3464 3086 3533 δήσεις;
3127 3461 3174 3512 εἰ
3213 3460 3270 3511 δὲ
3309 3458 3517 3529 δήσεις,
3567 3456 3685 3519 πῶς

2112 3553 2283 3622 γόητα
2326 3550 2464 3607 εἶναι
2509 3557 2732 3626 φήσεις;
2769 3576 2786 3607 ι
2845 3552 3212 3625 Ἀντικρούσει
3242 3550 3369 3620 γοῦν
3418 3548 3567 3619 αύτῷ
3604 3566 3686 3609 τις

2110 3644 2206 3698 ὡδί
2253 3663 2389 3709 πως,
2432 3646 2495 3700 ἐκ
2527 3647 2731 3700 τούτων
2778 3646 3124 3717 ὁρμώμενοςο
3178 3644 3241 3695 Et
3281 3642 3377 3712 μὲν
3419 3641 3481 3692 οὐ
3532 3638 3685 3707 γόης.

2112 3733 2230 3796 πῶς
2262 3734 2476 3787 λέλυται
2522 3753 2615 3789 σου
2649 3736 2711 3789 τὸ
2741 3737 2963 3801 σκέλο;;
3005 3734 3137 3787 εἰδὲ
3180 3731 3429 3792 λέλυται,
3469 3727 3584 3790 πῶς
3624 3726 3686 3778 οὐ

2110 3826 2270 3897 γόηςς
2313 3829 2421 3883 Καὶ
2459 3830 2507 3881 εἰ
2542 3828 2619 3899 τῷ
2647 3828 2936 3899 ὑπομεῖναι
2976 3826 3068 3879 τὸν
3094 3824 3291 3895 δεσμὸν
3324 3821 3384 3875 οὐ
3420 3819 3574 3889 γόης,
3608 3817 3689 3886 τῷ

2114 3917 2188 3987 μὴ
2235 3919 2559 3988 ὑπομεῖναι,
2595 3921 2712 3973 κατ’
2749 3921 2941 3983 αὐτὸν,
3001 3918 3347 3989 ὡμολόγηται
3381 3915 3534 3985 γόης.
3576 3913 3690 3966 Καὶ

2109 4005 2175 4062 αὖ
2220 4009 2419 4074 πάλιν,
2468 4013 2516 4064 εῑ
2566 4011 2869 4082 ὑπομείνας
2929 4012 2990 4064 τὸ
3026 4010 3374 4080 δικαστήριον
3424 4007 3484 4059 οὐ
3531 4006 3696 4084 γόης..

2106 4100 2185 4171 τῷ
2210 4101 2265 4154 δὲ
2292 4101 2573 4172 διαδρᾶναι
2600 4102 2778 4164 τοῦτο,
2804 4105 2897 4156 καὶ
2932 4105 3057 4166 τοὺς
3085 4102 3222 4171 ἀμφ’
3250 4099 3415 4152 αὐτὸν
3440 4096 3684 4168 βασιλέα,

2106 4191 2248 4259 λέγω
2278 4192 2371 4244 καὶ
2403 4194 2528 4255 τοὺς
2566 4194 2624 4245 ὲν
2650 4192 2835 4262 κύκλῳ
2870 4190 3228 4262 δορυφόρους,
3271 4184 3457 4255 σαφῶς
3495 4182 3688 4235 ἐναπέ-

2106 4302 2275 4353 φηνεν
2308 4285 2442 4354 (82")
2474 4285 2503 4336 6
2524 4285 2673 4356 γόης.
2698 4284 2878 4346 Ὅθεν,
2921 4286 3011 4353 μοι
3033 4280 3196 4343 δοκῶ,
3224 4275 3629 4350 συνῃσθημένος
3656 4275 3689 4326 6

2104 4376 2279 4445 λόγος.
2310 4376 2602 4447 θεραπεύει
2641 4378 2701 4430 τὸ
2729 4379 2949 4447 γεγονὸς
2967 4417 2980 4440 ,
3010 4376 3086 4439 ὡς
3117 4374 3181 4445 δὴ
3204 4373 3333 4427 ἄνευ
3361 4367 3568 4424 θυσιῶν
3590 4367 3689 4419 καὶ

2103 4469 2328 4539 ἐπῳδῶν
2348 4470 2569 4541 ἀρρήτῳ
2598 4470 2705 4524 τινὶ
2739 4471 2830 4523 καὶ
2859 4471 2997 4541 ὑπὲρ
3015 4468 3299 4537 ἄνθρωπον
3330 4465 3553 4534 δυνάμει
3588 4458 3689 4514 τοῦ

2103 4559 2406 4631 παραδόξου
2431 4559 2746 4630 πεφηνότος.

426 4656 500 4711 sit
545 4672 764 4727 passus,
810 4673 1002 4730 magus
1043 4674 1152 4713 non
1195 4672 1319 4713 esse
1360 4656 1650 4718 evincitur,
1675 4648 1833 4721 537
1860 4658 1961 4706 hoc
1999 4650 2119 4722 ipso
2156 4654 2301 4724 quod
2343 4655 2558 4709 vincula
2605 4656 2791 4719 exuit,
2836 4671 3051 4725 magum
3099 4670 3221 4709 eum
3253 4650 3473 4723 proprio
3521 4646 3685 4704 eﬂato

424 4766 576 4817 esse,
610 4753 667 4808 in
696 4752 953 4810 confesso
981 4753 1105 4809 erit.
1140 4751 1205 4807 Et
1232 4752 1475 4809 vicissim
1498 4792 1512 4817 ,
1544 4751 1589 4808 si
1618 4766 1681 4807 ex
1713 4764 1799 4815 eo,
1832 4748 1979 4819 quod
2012 4749 2224 4818 judicio
2250 4766 2309 4806 se
2351 4751 2637 4814 submisit,
2666 4766 2881 4821 magum
2909 4767 3017 4805 non
3068 4766 3191 4805 esse
3253 4756 3433 4819 patet;
3464 4746 3517 4800 in
3578 4744 3684 4796 hoc

425 4848 545 4917 ipso
576 4857 726 4907 certe
753 4851 899 4921 quod
933 4866 1001 4906 ex
1036 4864 1103 4906 eo
1132 4865 1252 4905 sese
1281 4848 1547 4919 surripuit
1569 4888 1583 4909 .
1618 4847 1829 4917 ipsique
1864 4845 2177 4915 imperatori
2243 4861 2303 4903 se
2366 4847 2659 4911 subduxit,
2725 4845 2865 4900 addo
2896 4855 2949 4900 et
2977 4844 3306 4914 stipantibus
3368 4855 3492 4896 eum
3558 4851 3686 4892 cor-

422 4945 574 5013 poris
605 4945 929 5002 custodibus
951 4985 967 5009 ,
1002 4945 1313 4999 luculenter
1344 4959 1466 5000 sese
1494 4940 1735 5013 prodidit
1766 4955 1977 5011 magus.
2020 4940 2386 5009 Quamobrem
2407 4983 2421 5004 ,
2453 4950 2515 4996 ut
2548 4942 2680 4996 mihi
2714 4942 2952 5004 videtur,
2984 4942 3102 5010 ipsa
3168 4934 3486 4991 Philostrati
3552 4948 3683 4987 ora-

422 5033 534 5097 tlo,
564 5033 694 5088 dum
722 5048 842 5088 eam
908 5050 1024 5090 rem
1093 5034 1509 5097 animadvertit,
1562 5031 1707 5086 facto
1774 5031 1851 5085 illi
1887 5031 2209 5087 medicinam
2254 5040 2449 5102 parat,
2501 5030 2817 5105 [referens]
2872 5030 3017 5102 quod
3068 5030 3235 5085 nullis
3284 5027 3450 5082 obitis
3503 5025 3683 5079 sacris

422 5126 915 5198 incantamentisve
984 5125 1277 5191 adhibitis,
1332 5126 1545 5182 occulta
1578 5123 1811 5195 quadam
1872 5131 1929 5178 et
1977 5122 2271 5179 humanam
2336 5125 2572 5180 indolem
2602 5132 2895 5195 superante
2921 5124 3159 5187 virtute,
3193 5119 3516 5176 miraculum
3548 5116 3682 5172 hoc-

419 5232 482 5272 ce
510 5226 785 5289 patratum
819 5219 1004 5274 fuerit.

487 5336 507 5365 '
545 5335 640 5389 lib.
676 5350 780 5397 vn,
816 5350 865 5389 c.
902 5334 989 5396 '58.
1070 5336 1115 5366 ¹⁶
1157 5335 1253 5390 lib.
1297 5349 1371 5387 νιι
1401 5375 1414 5400 ,
1451 5350 1500 5389 c.
1535 5334 1625 5388 δι.

486 5425 597 5496 (87)
634 5426 916 5482 edam-tat
949 5445 1021 5481 τι.
1063 5428 1164 5499 Ap.
1202 5425 1462 5482 Philostr.
1499 5425 1601 5481 hoc
1654 5426 1776 5480 loco
1823 5420 1992 5479 omis-
2023 5424 2068 5479 D
2097 5411 2492 5499 Damjdis,‘isla
2538 5413 2839 5499 cep-agimus
2881 5410 3303 5499 palmnminimc
3354 5411 3675 5499 convenire.

418 5481 539 5549 sum
572 5481 656 5569 est
683 5497 756 5569 τί,
792 5507 849 5550 ιιι
880 5504 935 5552 et
965 5513 1091 5553 mox
1114 5481 1265 5569 rpost
1313 5497 1554 5551 εἰπόντα.
1587 5496 1817 5552 Ponitur
1863 5510 1992 5548 vero

2114 5484 2241 5565 juod
2276 5491 2463 5569 postea
2483 5486 2623 5569 apud
2660 5482 3012 5569 Demetrium,
3051 5482 3285 5569 lib:vm,'
3310 5495 3431 5569 cap.
3463 5482 3548 5541 ll.
3586 5481 3677 5543 19.,

419 5552 893 5637 ροβιεοξάμξενον,
1140 5552 1163 5569 ¹
1190 5552 1195 5553 7
1225 5552 1233 5553 ί
2095 5552 2455 5637 ἰρεὶιιεξεειρίιί
2484 5552 2965 5637 metuat,_periude
2998 5568 3063 5606 ac
3098 5552 3143 5607 si
3178 5552 3357 5605 nudus
3392 5552 3554 5637 bpmo
3585 5566 3677 5634 es.

487 5634 600 5703 (88)
650 5621 888 5704 Ἇῇιωνιᾷ
915 5639 1013 5692 καὶ
1041 5636 1218 5693 δέδιε.
1260 5637 1721 5692 Contradictionis
1766 5637 1993 5692 convin—

2114 5621 2200 5704 set,
2234 5624 2301 5678 de
2333 5639 2443 5704 quo
2470 5626 2682 5704 nullam
2717 5621 2942 5679 haberet
2990 5636 3220 5694 prorsus
3272 5621 3680 5683 excellentioris

415 5694 542 5778 cere
570 5694 965 5778 Philostrath
1013 5710 1164 5778 cupit
1190 5709 1295 5775 hoc
1324 5717 1665 5778 argumento,
1703 5710 1846 5776 quod
1883 5707 1991 5762 Da-
2094 5703 2307 5778 “3&1?
2334 5694 2673 5778 92ini°9em-

417 5774 616 5849 midetn
673 5776 818 5849 dicat
862 5762 1125 5849 indicium
1176 5762 1482 5849 divinitatis
1514 5762 1750 5849 Apollini
1777 5762 1990 5847 cepisse

2165 5765 2296 5836 (88')
2334 5764 2761 5832 Ἐναπέρηνεν.
2796 5762 2957 5819 Forte
2983 5764 3219 5835 ἀναπὲτρ.
3252 5763 3414 5823 Eutr.

415 5858 482 5899 ex
510 5844 644 5912 pede
678 5846 906 5898 vinculis
937 5856 1131 5915 sponte
1165 5849 1363 5902 soluto.
1399 5846 1533 5904 Nam
1564 5844 1697 5902 huic
1745 5844 1989 5921 opinioni
