4112 6422
378 433 484 490 855

907 540 1296 599 ΚΕΦΑΛΑΙΟΝ
1332 541 1421 595 Μ’.

462 643 624 698 Ἀλλά
665 641 774 714 γὰρ
816 639 915 694 οὐκ
965 641 1023 701 ὲς
1071 635 1288 707 μακρὰν
1331 629 1485 697 αὖθις
1534 633 1563 685 6
1603 631 1703 701 τῆς
1750 629 1961 699 φύσεως

316 768 324 817 ς
390 736 763 810 παραϐήσεται
808 732 1047 801 ἔλεγχος.
1084 729 1293 782 Αὐτίκα
1324 727 1434 798 γάρ
1469 741 1614 788 τινος
1646 722 1963 784 ἐπιστάντος

318 814 325 839 ²
381 828 566 901 αὐτῷ,
606 827 700 881 καὶ
745 825 1014 896 φήσαντος
1035 839 1051 853 ο
1099 840 1118 873 ι
1156 819 1372 890 ’Δφίησί
1406 834 1493 883 σε,
1536 812 1582 869 ὦ
1618 813 1961 877 Ἀπολλώνιε,

312 966 321 985 .
381 921 611 977 τουτωνὶ
663 918 772 973 τῶν
834 916 1048 988 δεσμῶν
1090 918 1119 969 6
1171 913 1423 985 βασιλεὺς
1449 953 1464 978 ,
1519 911 1615 964 κα)⁸
1681 908 1963 979 ἐλεύθερον

308 1020 313 1026 ’
385 1014 755 1086 δεσμωτήριον
784 1011 1056 1080 συγχωρεῖ
1074 1008 1262 1070 οἰκεῖν,
1301 1024 1323 1056 ι
1345 1007 1373 1058 6
1399 1004 1662 1075 κρείττων
1688 1001 1722 1072 ἢ
1753 999 1962 1070 ἀνθρω-

394 1122 509 1171 mg,
537 1105 631 1159 καὶ
656 1102 762 1156 τῶν
793 1101 1091 1174 μελλόντων
1118 1095 1503 1168 προγνὼστης,

392 1281 601 1351 Κωφοῦ
627 1298 689 1335 τε
714 1279 942 1345 ξυνιείς
964 1276 1099 1349 (89),
1120 1276 1217 1330 καὶ
1252 1276 1324 1329 οὺ
1350 1272 1681 1338 λαλέοντος
1707 1269 1961 1331 ἀκούων,

393 1391 497 1445 ὑπὸ
523 1390 624 1461 τῆς
649 1389 809 1459 ἄγαν,
836 1389 913 1452 ὼς
954 1387 1124 1449 εἰκὸς,
1165 1381 1518 1456 περιχαρείας
1546 1378 1835 1434 ἀποπεσὼν
1866 1379 1966 1450 τῆς

392 1481 753 1556 προγνώσεως
773 1522 787 1547 ,
833 1481 1157 1535 πυνθάνεται
1189 1478 1364 1546 λέγων
1383 1493 1397 1507 ·
1428 1495 1448 1527 ι
1487 1474 1580 1537 Τίς
1619 1469 1712 1528 οὖν
1742 1474 1771 1526 6
1804 1488 1967 1543 μετα-

394 1575 677 1630 σκευάσων
719 1575 772 1646 μ’
809 1572 1090 1636 ὲντεῦθεν;
1126 1590 1144 1622 ο
1191 1570 1249 1623 '0
1290 1568 1381 1622 δὲ’
1423 1586 1441 1618 ι
1499 1564 1671 1635 Ἐγὼ,
1710 1565 1835 1636 ἔφη,
1872 1565 1967 1618 καὶ

392 1664 552 1721 ῑπου.
583 1685 601 1717 ι

894 1773 1287 1831 ΚΕΦΑΛΑῙΟΝ
1327 1773 1461 1826 MA'.

1502 419 1704 476 LIBER
1735 416 2015 475 CONTRA
2053 410 2468 472 HIEROCLEM.

3519 398 3624 458 εει

2644 522 2873 582 CAPUT
2913 519 3027 577 XL;

2134 621 2335 677 Verum
2374 632 2570 674 rursus
2617 633 2728 671 non
2772 614 2849 669 ita
2890 613 3062 669 multo
3103 620 3227 682 post
3259 615 3471 664 natura:
3503 608 3625 677 ejus

2062 714 2225 769 nobis
2276 710 2714 783 suppeditabitur
2755 711 3132 776 argumentum
3168 704 3235 756 υ.
3268 702 3406 759 Cum
3440 719 3505 757 ex
3542 703 3630 757 iu~

2061 812 2281 875 sperato
2296 802 2443 857 enim
2472 800 2537 855 ad
2567 814 2692 854 eum
2726 796 3013 852 accederet
3043 809 3152 849 non
3175 807 3358 857 nemo,
3391 793 3629 846 diceret-

2062 913 2168 968 que
2200 915 2214 951 :
2250 913 2270 947 ι
2294 894 2457 949 llisce
2487 900 2539 945 te
2572 888 2838 955 vinculis,
2878 902 2913 942 ο
2937 885 3226 957 Apolloni,
3266 884 3432 939 eximi
3471 883 3630 953 jubet

2062 990 2379 1058 imperator,
2433 991 2602 1052 utque
2660 980 2718 1034 in
2750 979 3003 1033 liberiore
3027 990 3250 1032 carcere
3288 975 3454 1045 degas
3492 988 3622 1044 pero

2063 1081 2264 1147 mittit;
2290 1097 2308 1130 ι
2340 1085 2454 1131 tum
2499 1076 2640 1130 ultra
2679 1071 2960 1127 hominum
3003 1077 3207 1127 sortem
3252 1070 3465 1140 positus
3505 1066 3623 1130 ille,

2063 1172 2477 1239 futurorumque
2507 1172 2666 1219 antea
2702 1176 2929 1231 gnarus,

2135 1279 2274 1336 Muti
2307 1277 2603 1347 concipiens
2638 1273 2909 1337 animum,
2946 1288 3230 1342 sensusque
3263 1270 3507 1335 tacentis,

2065 1411 2178 1468 prae
2224 1393 2431 1459 nimio,
2477 1399 2536 1447 ut
2582 1389 2817 1452 videtur,
2865 1386 3066 1459 gaudio
3108 1385 3329 1440 fatidica
3377 1383 3635 1440 excidens

2063 1489 2298 1547 virtute.
2338 1484 2587 1538 nuntium
2632 1489 2818 1552 rogat:
2847 1499 2867 1531 ι
2898 1477 3033 1545 Quis
3066 1492 3197 1533 vero
3229 1492 3315 1531 me
3349 1476 3527 1532 isthac
3552 1480 3638 1530 est

2064 1575 2458 1634 traducturus?
2498 1594 2517 1622 ι
2553 1572 2647 1628 Ille
2700 1583 2880 1628 autem
2921 1591 2933 1626 :
2967 1590 2984 1623 ι
3023 1569 3166 1642 Ego,
3224 1567 3536 1639 respondit,
3578 1575 3639 1624 tu

2067 1671 2230 1727 modo
2268 1682 2518 1739 sequere.
2553 1685 2572 1718 ι

2656 1775 2885 1833 CAPUT
2932 1774 3068 1831 XLI.

468 1889 599 1947 Εἶτα
627 1892 721 1945 καὶ
741 1890 895 1960 λόγον
919 1888 1210 1958 ἀπολογίας
1229 1887 1257 1938 6
1280 1882 1555 1946 θειότατος
1584 1882 1726 1955 μάλα
1752 1898 1815 1950 γε
1852 1897 1974 1933 συν-

2146 1875 2431 1932 Postremo
2490 1872 2533 1904 ¹³
2590 1869 2895 1925 orationem
2954 1865 3352 1937 apologeticam
3429 1876 3644 1933 quoque

396 1987 582 2040 τάττει
608 1982 1115 2055 πεφροντισμένως,
1146 1978 1375 2049 ἀγνοῶν,
1408 1980 1488 2032 ὄτι
1526 1975 1663 2048 δῆτα
1708 1976 1765 2040 ἐς
1799 1974 1973 2046 μάτην

399 2077 549 2149 αὐτῷ
575 2074 1042 2145 σπουδασθήσεται
1062 2076 1096 2145 ἡ
1118 2074 1326 2146 γραφή.
1357 2071 1542 2125 Οῖεται
1568 2070 1664 2142 μὲν
1685 2069 1793 2140 γὰρ
1814 2069 1976 2121 άκουο

403 2167 696 2240 σθήσεσθαι
743 2165 907 2220 αὐτοῦ
956 2165 1395 2236 ἀπολογουμένου
1430 2160 1719 2233 βασιλέως·
1755 2159 1867 2218 καὶ,
1900 2156 1974 2219 ὡς

402 2257 767 2327 ἀκουσομένου
808 2273 872 2325 γε
936 2256 1140 2327 σφόδρα
1208 2254 1448 2317 πιθανῶς
1499 2248 1976 2323 παρασκευάζεται

398 2349 500 2420 τὴν
530 2347 822 2411 ἀπολογίαν
840 2364 853 2377 ο
883 2348 912 2399 6
935 2347 1013 2409 δὲ,
1048 2346 1250 2417 ταύτην
1282 2343 1355 2416 μὴ
1384 2341 1697 2414 ἀναμείνας,
1735 2341 1793 2402 ἐς
1824 2337 1976 2392 οὐδὲν

404 2442 567 2495 αὑτοῦ
593 2442 691 2513 τὴν
732 2440 964 2512 σπουδὴν
997 2440 1385 2508 κατεστήσατο.
1435 2436 1634 2489 Ἀκουε
1670 2433 1736 2505 δὴ
1763 2427 1855 2487 οὖν
1882 2432 1977 2486 καὶ

402 2533 534 2604 περὶ
570 2533 776 2586 τούτων
803 2528 893 2586 οἷά
928 2548 1090 2604 φησιν
1120 2532 1148 2583 6
1189 2529 1439 2599 ἐλεγχοςο
1474 2546 1492 2578 ι
1529 2526 1746 2598 Ἐπειδὴ
1789 2524 1845 2579 δὲ
1886 2525 1978 2577 καὶ

404 2625 562 2693 λόγος
605 2622 753 2695 αὐτῷ
790 2622 1101 2694 συνεγράφη
1134 2637 1253 2684 τις,
1282 2619 1357 2682 ὡς
1398 2617 1535 2689 πρὸς
1581 2614 1724 2687 ὕδωρ
1746 2613 1854 2686 (90)
1880 2615 1978 2684 τὴν

405 2716 697 2785 ἀπολογίαν
729 2717 991 2786 άφήσοντι
1010 2713 1140 2785 (9i),
1173 2709 1375 2776 ξυνεῐλε
1399 2708 1456 2761 δὲ
1489 2707 1648 2760 αὐτὸν
1671 2710 1700 2761 6
1721 2705 1980 2778 τύραννος

407 2812 465 2873 ἐς
489 2812 555 2876 ἀς
576 2810 771 2884 εἴρηκα
802 2812 1120 2882 ἐρωτήσεις,
1152 2802 1554 2875 ἀναγεγράφθω
1585 2802 1676 2854 καὶ
1699 2804 1726 2854 6
1751 2800 1925 2869 λόγος.
1955 2818 1973 2849 ι

408 2902 553 2974 Ὅρα
595 2902 657 2972 δὴ
694 2901 812 2964 πῶς
850 2900 945 2953 τοῦ
995 2898 1277 2970 μέλλοντος
1326 2892 1658 2967 πορρωτάτω
1699 2890 1981 2961 τυγχάνων

406 2990 437 3043 6
469 2988 645 3041 πάντα
684 2986 956 3051 θειότατος
980 3025 994 3050 ,
1046 2986 1181 3057 μετά
1216 2983 1474 3052 πλείστης
1514 2983 1646 3051 ὅσης
1686 2979 1978 3052 φροντίδος,

405 3079 487 3143 ὡς
530 3079 666 3152 πρὸς
714 3079 857 3153 ὕδωρ
898 3081 998 3152 τήν
1045 3078 1338 3145 ἀπολογίαν
1389 3074 1748 3146 ποιησόμενος
1789 3071 1983 3127 ἐσπού-

403 3168 588 3236 δαζεν.

908 3436 1303 3504 ΚΕΦΑΛΔῙΟΝ
1353 3435 1483 3489 MB’.

497 3524 657 3578 Ἀλλά
688 3526 797 3596 γάρ
823 3525 1146 3596 διεξιτητέον
1178 3527 1271 3579 καὶ
1290 3524 1388 3595 τὴν
1426 3527 1482 3588 ἐς
1511 3524 1686 3595 μάτην
1720 3519 1869 3592 αὐτῷ
1896 3537 1987 3573 πε-

416 3612 719 3683 ποιημένην
747 3611 1058 3680 ἀπολογίαν,
1082 3611 1137 3673 ἀ,
1173 3613 1248 3676 ὠς
1286 3612 1457 3666 πολλά
1496 3612 1591 3666 κα)⁵
1613 3612 1724 3683 (9‘2)
1760 3611 1893 3665 άλλα
1927 3612 1986 3664 ὲν

416 3701 586 3775 ταύτῃ
610 3702 920 3774 Δομετιανῷ
953 3703 1306 3774 προσφωνῶν,
1337 3702 1761 3768 ἀπαυθαδίξεται
1790 3701 1981 3770 λέγων’

422 3814 441 3845 ‹
464 3795 549 3857 Ὠς
581 3795 688 3866 άρα
727 3793 1130 3856 Οὐεσπασιανὸς
1177 3796 1236 3847 σὲ
1287 3794 1385 3865 μὲν
1431 3792 1655 3864 βασιλέα
1710 3792 1985 3861 ἐποίησεν,

417 3880 508 3932 ὑπ’
541 3878 673 3950 ἐμοῦ
701 3879 757 3933 δὲ
780 3880 1015 3949 ἐγένετο.
1046 3900 1065 3932 ι
1091 3880 1262 3934 Βαϐαὶ
1283 3881 1381 3953 τῆς
1409 3880 1756 3945 άλαζονείαςί
1782 3881 1847 3950 ἢν
1870 3878 1987 3934 οὔτι

416 3989 479 4040 γε
510 3974 538 4025 6
561 3972 758 4043 τυχὼν,
791 3972 906 4027 ἀλλ’
937 3973 1057 4026 οὐδὲ
1103 3974 1151 4027 εί
1205 3973 1492 4043 φιλόσοφός
1522 3990 1606 4037 τις
1629 3972 1864 4045 άληθῶς,
1897 3974 1990 4026 καὶ

417 4063 558 4116 κατά
592 4063 933 4135 ἀνθρωπείαν
964 4063 1274 4136 ὑπεραίρων
1309 4064 1548 4133 ἐγεγόνει
1584 4064 1762 4134 φύσιν,
1797 4066 1989 4135 ἐτερα-

413 4153 646 4208 τεύσατο
672 4153 757 4217 ἂν,
796 4154 869 4225 μὴ
898 4155 1019 4224 οὐχ).
1056 4154 1211 4225 δίκην
1246 4155 1431 4217 ἀνοίας
1462 4153 1614 4225 παρά
1650 4157 1762 4217 τοῖς
1788 4153 1992 4226 ἐμφρο-

415 4262 501 4299 σιν
531 4245 798 4314 ὑποσχών.
832 4242 963 4299 Εἶτα
985 4246 1042 4299 δὲ
1071 4245 1169 4316 τῆς
1196 4248 1318 4299 κατ’
1348 4245 1508 4300 αὑτὸν
1540 4245 1777 4314 ὑποψίας
1801 4245 1991 4299 ἑαυτὸν

419 4335 782 4407 ἀπολυόμενος
809 4335 941 4407 (9'5),
971 4335 1142 4389 ταῦτα
1174 4337 1302 4408 περὶ
1334 4338 1546 4409 γοήτων
1563 4336 1726 4407 φησίν
1744 4353 1758 4368 ’
1792 4357 1811 4388 ί
1834 4337 1994 4391 Ἀλλά

416 4427 546 4490 τοὺς
569 4427 770 4498 γόητας
794 4428 1155 4499 ψευδοσόφους
1184 4428 1345 4500 φημί.
1378 4428 1460 4483 Τά
1490 4429 1602 4500 γὰρ
1630 4430 1734 4485 οὐκ
1758 4428 1888 4486 ὂντα
1918 4424 1995 4482 εἷ-

419 4531 510 4571 ναι
541 4521 672 4589 παρ’
696 4519 897 4583 αὐτοῖς,
924 4520 1018 4573 καὶ
1038 4519 1108 4573 τά
1135 4519 1283 4583 ὄντα,
1315 4519 1658 4575 ἀπιστεῖσθαι
1680 4518 1810 4591 (94).
1836 4541 1856 4575 δ
1880 4519 1994 4573 Κα-

2079 1966 2385 2037 composuit
2432 1961 2614 2020 studio
2660 1958 2871 2031 ingenti
2917 1958 3002 2011 vir
3048 1957 3141 2012 ille
3186 1956 3349 2027 plane
3387 1953 3642 2019 divinus,

2082 2063 2305 2132 ignarus
2350 2071 2544 2123 nempe
2586 2055 2803 2108 inanem
2854 2065 3075 2123 operam
3119 2048 3174 2102 in
3224 2062 3291 2103 eo
3338 2062 3398 2103 se
3439 2046 3647 2116 scripto

2081 2155 2558 2221 consumpturum.
2588 2144 2826 2200 Putabat
2854 2146 2999 2197 enim
3034 2156 3092 2197 se
3129 2141 3197 2196 ab
3223 2141 3552 2209 imperatore
3576 2136 3646 2190 iri

2083 2242 2328 2298 auditum
2364 2238 2686 2295 recitantem
2721 2233 3024 2306 apologiam
3054 2250 3071 2289 :
3101 2246 3276 2303 eoque
3311 2229 3454 2300 quod
3491 2228 3649 2284 audi-

2083 2343 2266 2389 turum
2299 2345 2422 2386 eum
2455 2332 2731 2399 speraret,
2776 2324 2842 2379 ad
2889 2321 3325 2396 persuadendum
3366 2336 3494 2376 cum
3535 2334 3651 2375 rna-

2088 2424 2233 2478 xime
2271 2422 2575 2476 orationem
2613 2418 2916 2488 componit.
2951 2413 3136 2471 Caesar
3170 2424 3349 2470 tamen
3384 2427 3504 2468 eam
3538 2427 3650 2467 non

2084 2515 2265 2571 ferens
2295 2512 2510 2567 irritum
2545 2510 2665 2578 ejus
2711 2506 2953 2564 studium
3007 2505 3260 2563 reddidit.
3304 2504 3445 2559 Audi
3483 2503 3652 2575 igitur

2083 2607 2151 2662 de
2179 2605 2264 2661 his
2294 2606 2455 2660 etiam
2487 2601 2618 2673 quid
2652 2601 2799 2656 dicat
2826 2599 2930 2657 sibi
2960 2598 3065 2669 ipsi
3097 2597 3423 2654 adversante
3451 2597 3654 2652 oratio-

2086 2712 2154 2752 ne
2184 2695 2230 2727 ¹³
2259 2714 2273 2749 :
2304 2714 2322 2745 ‹
2353 2693 2627 2760 Quoniam
2677 2705 2808 2745 vero
2851 2689 3028 2745 oratio
3065 2688 3230 2743 etiam
3260 2686 3310 2743 ei
3341 2686 3654 2757 conscripta

2085 2793 2201 2851 est,
2238 2791 2298 2839 ut
2330 2785 2423 2854 qui
2455 2782 2522 2837 ad
2558 2780 2901 2852 clepsydram
2934 2794 3153 2835 causam
3185 2785 3330 2834 esset
3357 2778 3611 2833 dicturus
3635 2818 3651 2841 .

2086 2894 2209 2934 eum
2276 2884 2455 2932 autem
2514 2883 2779 2948 tyrannus
2843 2874 2985 2927 intra
3048 2870 3453 2941 quaestionum,
3517 2885 3656 2940 quas

2087 2970 2239 3035 dixi,
2275 2969 2555 3040 angustias
2599 2967 2905 3030 conclusit,
2937 2963 3113 3018 oratio
3141 2976 3357 3032 quoque
3381 2961 3509 3016 huic
3541 2961 3658 3017 his-

2087 3063 2241 3118 toriae
2269 3063 2593 3116 inseratur.»
2624 3057 2759 3113 Vide
2789 3058 2955 3128 igitur
2975 3061 3037 3109 ut
3063 3071 3092 3108 a
3116 3053 3316 3109 futuris
3343 3052 3658 3122 longissime

2088 3157 2385 3218 aberrans,
2430 3153 2512 3208 vir
2558 3151 2651 3207 ille
2697 3151 2861 3221 plane
2900 3147 3156 3210 divinus,
3213 3160 3378 3215 quam
3422 3143 3659 3199 maxima

2016 3242 2061 3303 C
2091 3244 2269 3316 potuit
2296 3258 2428 3299 cura
2451 3282 2467 3310 ,
2495 3241 2644 3297 velut
2672 3239 2741 3295 ad
2772 3237 3118 3312 clepsydram
3149 3234 3401 3292 dicturus
3425 3276 3440 3301 ,
3472 3234 3659 3291 elabo-

2083 3337 2305 3395 raverit.

2639 3424 2871 3481 CAPUT
2907 3423 3074 3480 XLII.

2158 3522 2225 3578 At
2253 3530 2307 3579 et
2334 3524 2450 3593 ipsa
2473 3518 2847 3592 percensenda
2866 3524 2952 3573 est
2973 3516 3177 3571 frustra
3201 3515 3270 3569 ab
3295 3526 3359 3567 eo
3383 3510 3663 3568 elaborata

2087 3614 2368 3687 apologia,
2413 3619 2469 3669 et
2501 3626 2653 3682 quae,
2688 3609 2857 3664 multa
2908 3609 3016 3663 alia
3063 3608 3224 3671 inter,
3273 3600 3436 3672 538
3463 3603 3665 3674 quibus

2088 3706 2461 3763 Domitianum
2488 3700 2813 3772 compellat,
2866 3705 3187 3767 arroganter
3235 3694 3427 3765 jactat,
3461 3692 3666 3749 diserte

2088 3794 2340 3865 inquiens
2375 3792 2461 3846 ης
2501 3808 2521 3842 ι
2556 3789 2633 3846 Te
2683 3788 2848 3859 igitur
2876 3787 3262 3857 imperatorem
3296 3781 3667 3853 Vespasianus

2090 3885 2236 3950 fecit,
2268 3885 2385 3955 ipse
2417 3899 2448 3938 a
2491 3897 2579 3938 me
2633 3887 2720 3936 est
2776 3879 2978 3935 factus.
3039 3896 3058 3930 ›
3099 3875 3217 3931 Vah
3267 3873 3664 3945 arrogantiam!

2089 3993 2194 4049 qua
2223 3993 2291 4032 ne
2334 3992 2399 4031 ex
2453 3975 2617 4046 vulgo
2649 3973 2870 4044 quidem
2926 3969 3235 4041 quispiam,
3292 3966 3488 4021 nedum
3539 3979 3669 4020 vere

2089 4064 2448 4137 philosophus
2477 4103 2492 4125 ,
2556 4063 2905 4129 humanaque
2951 4057 3312 4113 excellentior
3357 4061 3555 4110 natura
3608 4067 3669 4109 se

2086 4158 2319 4229 jactitet,
2351 4156 2458 4211 nisi
2495 4154 2724 4210 insaniae
2751 4153 2930 4208 dicam
2977 4167 3008 4206 a
3062 4147 3513 4222 prudentioribus
3562 4147 3669 4204 sibi

2091 4249 2258 4305 scribi
2314 4248 2464 4302 velit.
2507 4242 2711 4300 Deinde
2756 4257 2885 4298 vero
2937 4256 2968 4295 a
3023 4238 3372 4310 suspicione,
3409 4250 3514 4306 qua
3554 4249 3674 4305 pre-

2094 4340 2377 4403 mebatur,
2419 4353 2479 4394 se
2509 4336 2688 4407 ipsum
2721 4348 2959 4406 purgans
2979 4372 2994 4397 ,
3038 4330 3321 4401 sequentia
3366 4327 3574 4401 profert
3604 4326 3673 4383 de

2093 4424 2267 4496 magis
2295 4425 2378 4480 ul:
2414 4442 2433 4475 ι
2476 4421 2740 4494 Equidem
2786 4435 2977 4491 magos
3029 4419 3180 4474 falsa:
3211 4418 3518 4489 sapientia?
3541 4425 3673 4488 puto

2095 4516 2345 4570 alumnos
2377 4528 2520 4571 esse.
2553 4511 2690 4568 Nam
2719 4526 2842 4582 quae
2870 4526 2982 4566 non
3015 4519 3167 4577 sunt,
3195 4516 3255 4564 ut
3284 4524 3409 4565 esse
3450 4508 3674 4564 videan-

417 4581 654 4674 ταμάθοι
685 4607 728 4660 δ’
758 4581 958 4672 οὖνήτις
991 4608 1056 4662 ἔκ
1080 4625 1140 4661 τε
1166 4581 1278 4680 τῆς.
1305 4609 1431 4679 ὅλης
1469 4581 1870 4681 πραγματείας,
1899 4609 1980 4661 κα)

2097 4615 2205 4671 tur,
2228 4613 2283 4661 et
2305 4620 2427 4677 quia
2455 4614 2603 4671 sunt,
2641 4610 2702 4659 ut
2730 4581 2840 4658 non
2886 4616 3010 4657 esse
3057 4599 3348 4657 videantur
3379 4598 3610 4653 faciunt.
3643 4617 3666 4652 ι

421 4699 530 4752 τῶν
558 4702 615 4752 έν
643 4699 798 4772 μέρει
834 4698 1235 4771 δεδηλωμένων,
1267 4702 1471 4772 πότερα
1494 4702 1553 4757 ὲν
1586 4701 1751 4766 θείοις
1779 4701 1872 4754 καὶ
1903 4718 1994 4769 φι-

421 4787 687 4858 λοσόφοις,
724 4789 757 4860 ἢ
787 4791 844 4843 ὲν
867 4790 1057 4861 γόησιν
1087 4790 1250 4844 αὑτὸν
1279 4792 1669 4857 κατατακτέον,
1699 4791 1994 4855 πιστεύσας

420 4876 504 4944 οἷς
534 4898 591 4935 τε
623 4880 785 4945 αὐτὸς
826 4882 955 4951 περὶ
999 4884 1209 4955 γοήτων
1254 4884 1348 4936 καὶ
1399 4883 1743 4954 ψευδοσόφων
1780 4883 1990 4955 εἴρηκε,

422 4973 517 5031 καὶ
567 4969 647 5037 οἷς
693 4974 991 5044 δεδήλωκεν
1041 4977 1075 5046 ή
1128 4978 1247 5028 κατ’
1273 4977 1432 5030 αὑτὸν
1479 4977 1706 5049 ἱστορία.
1734 4976 1904 5048 Δρῦές
1935 4992 1995 5029 τε

422 5062 550 5137 γὰρ,
582 5064 675 5117 καὶ
703 5063 944 5126 πτελέαι,
975 5064 1222 5137 ὲνάρθρῳ
1258 5066 1351 5121 καὶ
1396 5065 1582 5139 θηλείᾳ
1612 5070 1764 5139 φωνῇ
1796 5066 1989 5120 λαλοῦ-

422 5170 535 5218 σαι,
568 5155 662 5208 καὶ
699 5153 945 5226 τρίποδες
978 5154 1270 5225 αὐτόματοι
1315 5154 1625 5226 φοιτῶντες,
1657 5156 1751 5209 καὶ
1774 5154 1991 5227 χάλκεοι

497 5309 539 5340 ⁸³
581 5307 678 5364 lib.
752 5324 826 5363 vn
852 5349 866 5373 ,
899 5326 949 5365 c.
979 5310 1071 5367 40.

424 5379 469 5412 ⁸⁸
507 5378 602 5434 lib.
643 5394 733 5442 vr,
770 5395 822 5435 c.
860 5382 945 5434 ιι).

493 5490 606 5633 (89)
644 5493 857 5563 Κωφοῦ
886 5511 948 5549 τε
978 5493 1113 5556 Evr.
1155 5481 1292 5549 Vide
1317 5511 1482 5566 supra
1520 5509 1570 5549 c.
1607 5494 1693 5552 14.

517 5561 606 5633 90)
662 5565 753 5630 Ὡς
781 5565 931 5631 πρὸς
957 5565 1133 5632 ὕδωρ.
1177 5563 1269 5619 Sic
1321 5582 1387 5620 ex
1441 5580 1544 5619 ms.
1572 5573 1628 5620 et
1659 5564 1693 5618 P

517 5561 606 5635 90)
662 5561 753 5630 Ὡς
781 5565 931 5631 πρὸς
957 5565 1133 5632 ὕδωρ.
1177 5563 1277 5635 εἰς
1321 5561 1404 5620 εί
1441 5580 1544 5619 ms.
1572 5573 1628 5620 et
1659 5564 1994 5621 Philostrato

1176 5311 1220 5343 "
1259 5310 1356 5366 lib.
1388 5328 1489 5366 vm
1512 5350 1528 5376 ,
1563 5326 1613 5366 c.
1651 5311 1703 5365 7.

429 5634 637 5707 restitui
677 5654 688 5689 :
725 5635 1234 5707 antea__legebatur,
1258 5634 1446 5706 ὥσπερ
1495 5635 1639 5707 ὕδωρ
1670 5636 1769 5707 τήν
1802 5635 1997 5689 ἀπολο-

424 5700 548 5776 γίαν
578 5706 861 5776 ἀφήσον-τι.
898 5700 1175 5776 Hoisjrsu.

495 5773 608 5849 )
631 5773 636 5774 ⁷
658 5773 990 5849 γᾎφήῄσοντι.
1031 5774 1289 5849 Pliilostr.
1322 5774 1486 5849 habet
1514 5776 1880 5849 ἀφηγήσαντι.

496 5844 608 5925 (θῖ)
654 5846 744 5925 ᾊ,
777 5847 857 5911 ὡς
889 5846 1089 5925 στοαί.ἰά
1118 5847 1236 5925 καί,
1264 5852 1371 5900 etc.
1397 5844 1806 5903 Distiitctioiietti
1834 5844 1990 5917 posui

429 5921 550 5980 post
582 5915 634 5981 ἃ,
674 5916 791 5971 sine
818 5932 926 5982 qua
963 5915 1252 5979 obscurior
1291 5931 1506 5972 sensus.

1803 5312 1848 5344 “
1885 5310 1981 5366 lib.
2016 5326 2143 5374 vui,
2207 5326 2259 5367 c.
2323 5311 2377 5366 6.

2094 4696 2172 4752 Ex
2198 4705 2312 4752 tota
2341 4697 2506 4769 igitur
2536 4696 2641 4752 ista
2672 4695 3027 4758 tractatione,
3059 4700 3114 4749 et
3147 4690 3426 4762 sigillatim
3456 4688 3675 4760 exposi-

2094 4793 2165 4848 tis
2190 4791 2467 4857 omnibus,
2493 4790 2677 4845 discas
2706 4787 2856 4852 licet,
2888 4802 2957 4841 an
2999 4785 3054 4840 in
3084 4784 3210 4851 diis,
3241 4799 3312 4838 an
3342 4782 3396 4836 in
3440 4780 3675 4852 philoso-

2095 4881 2239 4952 phis,
2276 4897 2345 4936 an
2379 4881 2433 4935 in
2459 4879 2632 4950 magis
2658 4877 2969 4934 censendus
2995 4875 3102 4940 sit,
3158 4873 3225 4928 iis
3276 4870 3533 4944 admissis
3554 4885 3676 4941 quae

2096 4973 2211 5042 ipse
2234 4971 2302 5027 de
2331 4971 2507 5042 magis
2545 4978 2598 5026 et
2626 4970 2826 5039 spuria:
2856 4966 3143 5038 sapientia:
3173 4961 3483 5018 cultoribus
3511 4959 3672 5024 dixit,

2096 5072 2151 5120 et
2178 5079 2299 5134 quae
2330 5063 2558 5119 historia
2615 5062 2737 5131 ejus
2764 5060 2832 5116 de
2862 5060 2982 5130 ipso
3010 5054 3221 5112 retulit.
3257 5051 3394 5107 Nam
3438 5066 3675 5123 quercus

2097 5165 2153 5210 et
2181 5155 2311 5209 ulmi
2336 5156 2380 5187 ιδ
2407 5153 2696 5208 articulata
2730 5166 2794 5206 ac
2819 5149 3073 5205 muliebri
3099 5160 3233 5201 voce
3269 5145 3484 5209 locutae,
3514 5142 3676 5214 tripo-

2480 5310 2526 5341 "
2562 5309 2659 5363 lib.
2700 5324 2839 5371 vm.
2881 5321 2933 5362 c.
2977 5304 3027 5357 7.
3129 5304 3171 5335 “
3212 5301 3306 5357 lib.
3347 5315 3482 5364 \‘Ill,
3525 5314 3577 5354 c.
3619 5296 3674 5353 7.

2172 5493 2285 5565 (95)
2330 5495 2785 5565 Ἀπολυόμενος.
2830 5486 2923 5565 S_ic_
2973 5485 3424 5565 rescriberenon
3460 5480 3681 5537 dubita-

2098 5556 2293 5636 νίξιπί)
2323 5556 2712 5636 ἀπολυόμενον,
2731 5556 2880 5636 quod
2912 5560 2964 5613 in
2987 5556 3153 5636 editis
3180 5563 3321 5636 erat.

2171 5621 2283 5707 (94)
2336 5621 2764 5707 nquistaacnf
2796 5629 2868 5707 Ita
2898 5644 2966 5707 ex_
2990 5627 3320 5707 Rhilostrato
3341 5621 3553 5707 restitui
3578 5631 3678 5691 pro

2098 5696 2325 5773 ἄπιστα,
2351 5704 2496 5773 quod
2537 5709 2654 5758 erat
2693 5704 2756 5773 in
2800 5698 3026 5773 Eusebii
3055 5697 3252 5773 editis;
3284 5696 3677 5773 ταμίου-ςῶμα]

2099 5764 2334 5847 priorem
2371 5764 2660 5846 praeferam
2692 5769 2978 5826 lectionem
3014 5767 3227 5823 reddidi
3275 5764 3685 5822 ad'Philostra—

2102 5857 2236 5902 ιιιιιι.

2065 5945 2086 5978 ι
