4112 6444
476 434 586 496 835

1086 435 1358 493 EUSEBII
1397 433 1881 493 CAESARIENSIS
1912 437 2063 494 OPP.
2102 437 2283 495 PARS
2321 438 2385 494 II.
2423 469 2494 481 —
2527 436 3025 496 APOLOGETICA.

3626 437 3733 494 856

474 558 573 613 die
594 554 759 612 etiam
790 553 833 585 "
868 557 1173 623 spontaneo
1214 558 1364 606 motu
1427 551 1773 618 incedentes,
1824 554 2049 624 aereique

2161 551 2487 624 θεράποντες
2515 553 2941 625 διακονούμενοι,
2975 552 3120 606 πίθοι
3149 568 3208 604 τε
3239 550 3460 623 ὄμϐρων
3486 550 3579 604 καὶ
3606 552 3735 606 ἀνέο

472 649 615 706 ιιεηὶ
649 643 1119 702 discumbentibus
1159 643 1534 699 ministrantes
1557 684 1575 708 ,
1629 644 1886 701 imbrium
1917 645 2046 700 item

472 741 619 798 dolia
648 739 695 771 ¹⁸
725 754 790 793 ac
816 746 1124 799 ventorum,
1164 744 1217 790 et
1251 736 1611 791 sandaracina
1641 753 1803 808 aqua,
1832 746 1886 793 et
1928 752 2048 808 quae

472 832 573 886 alia
608 835 1066 900 reprzesentantur
1097 827 1167 881 ab
1190 816 1281 890 iis,
1315 842 1455 897 quos
1506 827 1639 883 deos
1682 838 1766 884 est
1813 828 2048 883 arbitra-

470 929 559 977 tus
591 921 656 983 ".
680 929 736 976 et
771 935 909 989 quos
950 935 1020 974 ne
1067 926 1429 989 praceptorcs
1472 919 1692 991 quidem
1751 936 2050 993 agnoscere

469 1020 553 1067 est
585 1012 910 1083 dedignatus
935 1051 949 1075 ,
997 1011 1051 1064 in
1090 1025 1253 1081 quem
1290 1010 1457 1065 alium
1511 1020 1821 1082 competere
1860 1020 2052 1083 putes.

469 1103 577 1158 nisi
606 1103 663 1156 in
695 1117 791 1157 eos
823 1101 915 1173 qui
956 1119 975 1151 ε
1006 1116 1127 1171 qua:
1145 1115 1257 1156 non
1296 1108 1425 1156 sunt
1459 1101 1506 1132 '°
1531 1140 1548 1166 ,
1596 1110 1653 1155 ut
1684 1115 1808 1157 esse
1833 1102 2056 1157 videan-

469 1200 579 1257 tur,
604 1203 658 1248 et
688 1209 811 1264 quae
832 1202 979 1257 sunt,
1010 1198 1071 1245 nt
1102 1190 1388 1247 videantur
1417 1206 1525 1246 non
1555 1207 1697 1259 esse,
1730 1191 2012 1248 efﬁciunt?
2033 1211 2053 1245 ι

468 1300 605 1357 quos
641 1286 758 1356 ipse
790 1299 982 1356 magos
1029 1284 1307 1355 appellans
1331 1323 1347 1347 ,
1400 1284 1601 1353 spuriae
1632 1284 1915 1354 sapientiae
1943 1284 2053 1338 cul-

468 1388 617 1437 tores
636 1395 759 1435 esse
783 1378 1129 1435 demonstrat
1176 1375 1317 1431 Num
1348 1376 1517 1448 igitur
1551 1379 1673 1432 istis
1712 1378 2051 1448 argumentis

466 1473 683 1529 divinus
710 1471 821 1537 hic,
853 1472 1115 1537 omnique
1143 1471 1346 1525 virtute
1375 1471 1653 1531 excultus.
1679 1470 1919 1539 ipsisque
1943 1469 2050 1524 diis

467 1564 836 1636 gratissimus,
871 1562 1152 1633 sapientiae
1187 1570 1487 1619 coronatus
1531 1561 1753 1626 bravio,
1810 1562 1931 1631 ipso
1975 1560 2052 1615 di-

2159 662 2295 715 μων,
2326 647 2421 699 καὶ
2454 647 2840 719 σανδαράκινον
2868 642 3030 718 ὕδωρ,
3054 645 3149 699 καὶ
3176 646 3276 697 ὅσα
3300 644 3435 698 ἀλλα
3459 642 3728 714 εἰσῆκται,

2155 738 2284 807 παρ’
2315 730 2396 801 οἷς
2427 738 2614 807 ἡγεῖτο
2644 735 2805 801 θεοῖς,
2824 735 2918 799 οὓς
2950 736 3044 789 καὶ
3065 736 3165 789 οὐκ
3192 734 3355 788 ὤκνει
3379 734 3732 800 διδασκάλους

2155 827 2576 900 ἐπιγράφεσθαι,
2613 828 2753 891 τίνος
2785 827 2850 881 ἂν
2877 825 2984 881 εἷεν
3008 827 3388 899 παραστατικά
3416 827 3450 897 ἢ
3475 827 3583 879 τῶν
3618 847 3637 878 ι
3661 826 3731 881 τὰ
3780 862 3783 865 -

2155 921 2255 974 οὐκ
2298 921 2427 973 ὂντα
2477 915 2635 984 εἶναι,
2672 920 2767 975 καὶ
2796 921 2864 974 τά
2893 921 3023 974 ὄντα
3051 920 3255 974 ἄπιστα
3282 939 3300 972 ι
3340 919 3732 991 παραδεικνύν-

2155 1029 2264 1065 των
2284 1030 2298 1077 ;
2325 1011 2417 1077 οὓς
2436 1013 2599 1077 αὐτὸς
2620 1013 2822 1083 γόητας
2847 1011 3147 1083 ὀνομάζων,
3169 1011 3528 1082 ψευδοσόφους
3556 1012 3731 1084 ὑπάρ-

2155 1124 2270 1176 χειν
2310 1106 2857 1176 ἀποφαίνεται.Ἦτοι
2889 1101 2981 1159 οὖν
3009 1104 3101 1157 ἐπὶ
3139 1103 3349 1167 τούτοις
3379 1106 3407 1157 ὁ
3438 1103 3600 1167 θεῖος,
3636 1105 3731 1158 καὶ

2157 1199 2430 1271 ἐνάρετος,
2465 1200 2559 1253 καὶ
2589 1197 2731 1262 θεοῖς
2773 1198 3186 1269 κεχαρισμένος,
3220 1197 3281 1250 τὸ
3315 1196 3507 1266 σοφίας
3536 1198 3731 1269 ἀναδη-

2158 1292 2388 1363 σάμενος
2440 1291 2713 1364 βραϐεῖον,
2747 1290 2910 1344 αὐτοῦ
2958 1289 3273 1361 Πυθαγόρου
3322 1288 3416 1342 καὶ
3464 1288 3574 1341 τῶν
3615 1290 3730 1342 ὅσοι

2159 1386 2273 1455 μετ’
2298 1387 2503 1439 ἐκεῖνον
2533 1384 2804 1457 θειότερος
2836 1382 3051 1454 ἀληθῶς
3080 1383 3175 1436 καὶ
3201 1382 3395 1455 μακρῷ
3419 1382 3732 1452 εὐδαιμονέ·

2157 1491 2245 1528 στε
2254 1494 2346 1547 ρος
2365 1476 2579 1547 κριθείη
2598 1475 2663 1547 ’ἦ
2695 1472 2950 1544 ἔμπαλιν,
2979 1473 3338 1543 ψευδοσοφίας
3360 1472 3542 1538 ἀλοὺς,
3560 1490 3697 1527 κακο
3711 1501 3728 1514 ο

2157 1565 2425 1638 δαιμόνων
2462 1568 2570 1638 (95)
2602 1567 2883 1621 ἀποίσεται
2914 1564 2983 1618 τά
3010 1569 3271 1638 πρωτεῖα.

468 1659 644 1716 vinior
690 1655 994 1729 Pythagora
1053 1655 1281 1725 ejusque
1345 1654 1669 1725 discipulis,
1723 1654 2043 1722 beatiorque
2078 1659 2386 1715 censendus
2422 1660 2559 1717 erit?
2596 1674 2664 1733 an
2718 1667 2911 1713 contra
2958 1659 3157 1728 spuria:
3194 1659 3473 1729 sapientiae
3501 1656 3731 1712 damna-

467 1767 552 1812 tus
573 1796 590 1820 ,
623 1755 766 1811 inter
790 1752 1196 1808 infelicissimos
1227 1750 1433 1821 primas
1470 1750 1604 1807 feret
1643 1751 1868 1822 potius?

1026 1862 1257 1921 CAPUT
1298 1863 1484 1919 XLIII.

536 1960 773 2016 Rursum
806 1959 860 2013 in
887 1958 1223 2028 apologetico
1247 1956 1342 2011 illo
1371 1958 1580 2026 scripto
1618 1971 1679 2011 se
1711 1956 1768 2011 in
1811 1957 1958 2011 lonia
1984 1956 2052 2012 de

468 2051 703 2107 fatorum
722 2050 776 2105 vi
808 2049 884 2103 ait
906 2048 1218 2119 disputasse
1235 2048 1329 2111 ²⁰·,
1349 2046 1487 2102 adeo
1511 2048 1710 2101 mutari
1733 2062 1842 2102 non
1868 2064 2048 2118 posse,

466 2158 587 2213 quze
613 2148 805 2197 texunt
861 2140 964 2195 ista
985 2180 1000 2205 ,
1031 2140 1350 2205 docentem,
1384 2144 1467 2201 ut,
1501 2138 1547 2193 si
1580 2138 1871 2209 imperium
1924 2139 2051 2194 huic

465 2232 785 2295 decernant,
810 2231 953 2301 quod
976 2231 1031 2285 in
1056 2231 1287 2284 alterius
1312 2243 1460 2283 nunc
1486 2228 1703 2298 quidem
1729 2228 1799 2283 sit
1814 2236 2049 2299 potesta-

466 2332 540 2390 te,
570 2339 733 2380 nemo
758 2323 911 2377 illum
944 2322 1261 2377 interimere
1282 2320 1477 2391 possit,
1503 2335 1572 2376 ne
1597 2321 1665 2375 ab
1695 2321 1790 2375 illo
1813 2321 1917 2376 sibi
1948 2321 2051 2375 im-

466 2416 678 2486 perium
721 2414 1023 2485 eripiatur:
1056 2413 1168 2469 imo
1226 2415 1271 2468 si
1319 2413 1403 2467 vel
1449 2413 1810 2482 interemptus
1860 2413 2046 2475 fuerit,

465 2507 805 2563 revicturum
834 2513 1017 2561 tamen
1050 2520 1209 2569 eum,
1245 2514 1306 2559 nt
1343 2502 1471 2559 fatis
1509 2503 1728 2559 decreta
1772 2505 2047 2559 eveniant.

465 2596 678 2663 Quibus
726 2595 1012 2665 sequentia
1049 2595 1185 2666 ipsis
1218 2594 1414 2649 iisdem
1456 2593 1681 2664 syllabis
1709 2593 1992 2664 subjungit
2027 2612 2041 2648 :

471 2708 489 2740 ι
520 2687 839 2759 Cuicunque
869 2686 978 2743 fato
1010 2686 1288 2744 decretum
1323 2685 1486 2740 fuerit
1512 2685 1778 2756 lignarius
1798 2694 1859 2739 ut
1889 2683 2053 2756 539

467 2779 560 2840 sit,
593 2777 641 2832 is
673 2777 926 2832 manibus
955 2785 1245 2833 truncetur
1281 2777 1451 2840 licet,
1501 2776 1555 2829 in
1597 2776 1886 2845 lignarium
1923 2790 2051 2831 eva-

464 2867 579 2923 det.
617 2867 681 2921 Et
712 2869 800 2923 cui
833 2883 1000 2924 cursu
1033 2870 1253 2925 vincere
1299 2868 1353 2921 in
1390 2865 1636 2937 Olympia
1688 2865 2050 2937 [destinatum

465 2958 606 3030 est,]
638 2960 728 3015 hic
744 2960 767 3024 ',
814 2974 883 3015 ne
911 2961 1158 3016 abscisso
1196 2962 1417 3032 quidem
1462 2962 1510 3017 si
1544 2962 1814 3017 claudicet
1851 2976 2048 3027 crure,

464 3054 694 3108 victoria
719 3051 1087 3109 fraudabitur.
1122 3053 1188 3106 Et
1216 3054 1306 3108 cui
1333 3062 1395 3108 ut
1423 3054 1716 3125 sagittandi
1738 3054 1915 3109 valeat
1935 3061 2051 3109 arte

466 3141 652 3196 Parcas
676 3140 1053 3207 decreverint,
1097 3144 1185 3197 hic
1228 3144 1310 3199 vel
1336 3154 1529 3214 captus
1566 3144 1743 3200 oculis
1787 3145 1984 3216 sagitta
2016 3160 2047 3198 a

2656 1864 3051 1919 ΚΕΦΑΛΑΙΟΝ
3090 1864 3216 1916 ΜΡ.

2189 1947 2394 2011 ’Πάλιν
2420 1955 2476 2008 δέ
2502 1957 2567 2026 τῇ
2598 1957 2781 2026 γραφῇ
2825 1954 2953 2025 περὶ
2988 1953 3191 2026 μοιρῶν
3224 1953 3405 2024 ἰσχύος
3436 1954 3727 2028 φιλοσοφῆ-

2153 2066 2244 2102 σαι
2277 2048 2439 2102 αύτδν
2469 2049 2525 2100 ἐν
2568 2045 2740 2117 Ἰωνίᾳ
2770 2046 2923 2116 φησι,
2945 2045 3263 2099 διδάσκοντα
3289 2044 3350 2098 οὖ
3362 2061 3459 2110 τως
3487 2046 3729 2120 ἄτρεπτα

2150 2139 2309 2206 εἶναι,
2340 2141 2376 2195 ἀ
2409 2140 2729 2202 κλώθουσιν,
2754 2139 2849 2202 ὡς,
2882 2140 2930 2191 εί
2974 2138 3067 2191 καὶ
3109 2138 3381 2209 βασιλείαν
3417 2138 3593 2211 τούτῳ
3617 2140 3729 2212 (96)

2148 2234 2499 2305 ψηφίσαιντο,
2531 2232 2701 2303 ἐτέρῳ
2727 2230 2827 2301 ἤδη
2869 2229 3355 2301 ὑπάρχουσαν,οὐκ
3387 2230 3452 2284 ἂν
3478 2232 3731 2287 ἀποκτεί-

2148 2327 2259 2380 νειέ
2287 2343 2373 2390 τις
2396 2325 2605 2388 τοῦτον,
2636 2324 2713 2388 ὡς
2746 2323 2820 2394 μὴ
2849 2322 3171 2392 ἀφαιρεθείη
3203 2323 3331 2377 ποτε
3359 2324 3448 2377 ὑπ’
3482 2325 3645 2379 αὑτοῦ
3669 2325 3732 2379 τὸ

2149 2418 2337 2491 ἄρχειν
2357 2433 2373 2449 ·
2404 2415 2541 2470 ἀλλά
2573 2415 2667 2469 καὶ
2700 2413 2995 2468 ἀναϐιῶναι
3025 2412 3311 2468 ἀποθανὼν
3343 2416 3483 2487 ὑπὲρ
3502 2416 3611 2470 τῶν
3649 2417 3733 2471 δο-

2152 2510 2357 2576 ξάντων
2404 2512 2526 2572 ταῖς
2586 2507 2821 2579 μοίραις.
2875 2507 2985 2560 Kal
3026 2506 3237 2571 τούτοις
3267 2508 3508 2576 ἐπιλέγει
3544 2510 3734 2575 αὑταῖς

2152 2601 2469 2664 συλλαϐαῖς·
2526 2619 2544 2649 ι
2573 2600 2721 2669 Ὅτῳ
2766 2598 3051 2669 πέπρωται
3093 2598 3344 2666 γενέσθαι
3395 2601 3730 2672 τεκτονικῷ,

2149 2686 2305 2758 οὗτος
2348 2692 2451 2747 κᾶν
2501 2693 2751 2761 ἀποκοπῇ
2782 2690 2859 2744 τὼ
2887 2692 3057 2762 χεῖρε,
3080 2692 3389 2755 τεκτονικὸς
3417 2691 3586 2745 ἔσται.
3624 2694 3733 2746 Kal

2152 2787 2256 2855 "rtp
2297 2785 2454 2855 νίκην
2505 2785 2562 2835 ἐν
2603 2782 2875 2853 Ὀλυμπίᾳ
2917 2782 3119 2854 δρόμου
3172 2782 3425 2855 ἄρασθαι,
3461 2778 3615 2849 οὗτος
3661 2785 3728 2848 δ’,

2149 2877 2257 2930 οὐδ’
2283 2878 2332 2929 εί
2373 2894 2446 2947 πη
2459 2874 2655 2948 ρωθείη
2685 2874 2745 2927 τὸ
2775 2873 2984 2936 σκέλος,
3013 2875 3389 2947 ἁμαρτήσεται
3420 2877 3519 2947 τῆς
3552 2877 3726 2948 νίκης.

2150 2970 2261 3025 Kal
2308 2972 2415 3040 ὅτῳ
2459 2968 2682 3022 ἕνευσαν
2713 2969 2898 3039 μοῖραι
2922 2967 3062 3021 τὸέν
3086 2967 3272 3039 τοξικῇ
3306 2968 3527 3039 κράτος,
3556 2963 3727 3033 οὗτος,

2149 3063 2257 3117 οὐδ’
2286 3064 2334 3115 εί
2367 3060 2627 3116 ἀποϐάλοι
2661 3061 2772 3131 (97)
2803 3064 2901 3124 τὰς
2923 3059 3093 3128 ὄψεις,
3122 3062 3434 3114 ἐκπεσεῖται
3460 3060 3554 3114 τοῦ
3600 3076 3726 3114 σκο-

2150 3155 2252 3209 ποῦ
2284 3154 2415 3226 (98).
2450 3174 2468 3205 ι
2503 3152 2743 3218 Τούτοις,
2768 3152 2857 3204 τὸν
2901 3152 3132 3222 ἄρχοντα
3174 3151 3497 3215 κολακεύων,
3541 3152 3727 3219 ἐπιφέ-

468 3247 637 3303 sc0po
668 3247 779 3286 non
817 3233 1112 3288 aberrabit.
1144 3255 1162 3286 ι
1202 3233 1300 3288 llis
1329 3250 1484 3299 vero,
1518 3235 1839 3292 adulaturus
1873 3237 2046 3307 impe-

2154 3263 2236 3318 ρει
2283 3245 2487 3313 λέγων’
2531 3263 2549 3295 ι
2583 3242 2664 3296 Τά
2704 3242 2761 3296 δὲ
2807 3242 2914 3296 τῶν
2948 3241 3205 3311 βασιλέων
3258 3241 3461 3308 ἔλεγον,
3497 3244 3556 3304 ἐς
3598 3243 3726 3305 τοὺς

468 3324 660 3386 ratori,
697 3324 973 3379 subnectit
999 3332 1054 3380 et
1084 3324 1187 3380 ista
1217 3345 1230 3379 :
1270 3344 1289 3376 ‹
1333 3324 1543 3397 Regum
1569 3334 1756 3382 autem
1800 3329 2047 3400 exemplo

468 3430 603 3471 usus
628 3431 770 3483 sum,
801 3415 869 3470 ad
901 3415 1149 3473 Acrisios
1195 3418 1498 3488 respiciens
1524 3429 1578 3474 et
1616 3419 1776 3474 Laios
1798 3460 1812 3483 ,
1852 3419 2051 3492 Astya-

467 3512 696 3577 gemque
725 3507 960 3571 Medum,
988 3517 1041 3564 et
1067 3509 1376 3580 complures
1393 3511 1554 3572 alios,
1574 3511 1666 3579 qui
1695 3511 1832 3566 bene
1858 3512 1961 3567 sibi
1993 3513 2048 3567 in

467 3598 783 3668 hujusmodi
814 3601 979 3656 rebus
1004 3601 1348 3657 consuluisse
1378 3602 1485 3657 sibi
1513 3602 1861 3657 videbantur.
1895 3603 2047 3669 Quo-

465 3707 589 3746 rum
619 3691 709 3747 alii
746 3691 910 3756 ﬁlios,
946 3700 1173 3763 nepotes
1204 3693 1296 3747 alii
1338 3708 1370 3749 e
1415 3693 1594 3749 medio
1634 3695 1885 3750 sublatos
1925 3709 2048 3749 esse

467 3792 743 3852 putantes,
772 3784 843 3839 ab
883 3784 1074 3840 iisdem
1122 3785 1231 3840 illis
1260 3786 1479 3855 spoliati
1508 3796 1638 3842 sunt
1678 3787 1930 3857 imperio,
1962 3803 2049 3841 re-

464 3875 860 3931 viviscentibus
893 3876 1073 3946 quasi,
1101 3883 1161 3930 ut
1192 3876 1244 3930 in
1268 3876 1420 3947 ipsos
1459 3879 1754 3944 insilirent,
1786 3879 2050 3948 adjuvan-

466 3965 611 4019 tibus
638 3964 785 4021 l'atis.
830 3963 988 4031 Quod
1023 3966 1072 4020 si
1106 3965 1364 4022 adulandi
1396 3969 1577 4023 studio
1605 3977 1839 4032 tenerer,
1863 3969 2050 4024 dicere

468 4070 688 4127 possem
710 4058 875 4113 etiam
911 4067 1034 4114 tuas
1062 4059 1245 4117 animo
1288 4076 1412 4116 meo
1437 4077 1526 4116 res
1548 4076 1672 4117 esse
1704 4062 2045 4125 obversatas,

458 4148 730 4218 'quandoa
752 4147 969 4205 Vitellio
988 4151 1347 4216 obsidebaris,
1370 4153 1741 4224 templumque
1774 4152 1925 4211 Jovis
1948 4170 2048 4225 op-

470 4239 586 4293 timi
616 4239 1020 4296 accendebatur
1049 4242 1104 4297 in
1135 4258 1348 4298 summo
1365 4244 1520 4299 urbis
1547 4244 1771 4299 vertice.
1805 4244 1898 4302 Ille
1920 4261 2050 4301 vero

470 4332 609 4387 bene
632 4347 692 4388 se
720 4347 810 4388 res
841 4348 972 4388 suas
1022 4333 1304 4391 habituras
1350 4336 1607 4406 putabat,
1640 4337 1804 4392 modo
1833 4345 1892 4392 tu
1928 4339 2048 4408 ejus

373 4492 378 4498 ι
470 4439 539 4479 ne
569 4424 827 4482 et'aderes
861 4441 1077 4482 manus.
1134 4427 1311 4499 Atque
1343 4429 1666 4485 adolescens
1717 4440 1847 4485 tunc
1889 4432 2051 4500 plane

467 4531 628 4581 eras,
658 4532 837 4588 neque
885 4519 1015 4573 dum
1057 4520 1235 4590 qualis
1292 4537 1440 4577 nunc
1491 4537 1573 4578 es.
1622 4520 2045 4591 Verumtamen,

2165 3337 2468 3408 Ἀκρισίους
2508 3336 2678 3406 δήπου
2722 3333 2885 3405 ὁρῶν,
2920 3333 3155 3395 καὶτοὺς
3182 3333 3402 3396 Λαίους,
3421 3332 3724 3402 Ἀστυάγην

2149 3446 2210 3482 τε
2238 3428 2328 3482 τὸν
2367 3427 2571 3497 Μῆδον,
2610 3426 2703 3480 καὶ⁵
2738 3426 2964 3488 πολλοὺς
2995 3423 3185 3489 ἄλλους
3220 3424 3351 3494 (99),
3393 3419 3452 3477 εὖ
3483 3422 3727 3477 τίθεσθαι

2149 3522 2217 3576 τὰ
2248 3521 2471 3574 τοιαῦτα
2497 3520 2754 3586 δόξαντας
2785 3518 2892 3589 (1)-
2924 3513 2999 3572 ὧν
3028 3518 3078 3571 οἱ
3108 3519 3206 3587 μὲν
3235 3517 3449 3581 παῖδας,
3477 3519 3524 3569 οἱ
3556 3515 3613 3569 δὲ
3640 3517 3730 3585 ἐγ-

2150 3613 2341 3682 γόνους
2392 3611 2731 3665 ἀποκτείνειν
2784 3609 3079 3680 οἰηθέντες,
3111 3607 3467 3680 ἀφῃρέθησαν
3511 3607 3604 3660 ὑπ’
3629 3605 3731 3659 αὒ-

2147 3704 2257 3757 τῶν
2285 3702 2345 3757 τὸ
2380 3701 2700 3773 βασιλεύειν,
2732 3702 3046 3769 ἀναφύντων
3067 3702 3153 3754 ἐπ’
3186 3699 3380 3760 αὐτοὺς
3405 3697 3463 3761 ἐξ
3495 3694 3734 3766 ἀφανοῦς

2151 3795 2249 3847 σὺν
2279 3792 2355 3863 τῷ
2388 3791 2759 3862 πεπρωμένῳ.
2790 3791 2898 3843 Kal
2932 3792 2981 3843 εί
3017 3790 3115 3861 μὲν
3138 3789 3370 3857 ἠγάπων
3408 3786 3730 3840 κολακευτι-

2150 3883 2251 3956 κὴν
2280 3882 2377 3953 (2),
2404 3879 2554 3936 εἷπον
2600 3882 2666 3936 ἂν
2699 3882 2794 3935 καὶ
2846 3881 2913 3935 τά
2963 3880 3031 3935 σά
3070 3880 3144 3952 (5)
3193 3877 3609 3950 ἐντεθυμῆσθαι,
3644 3880 3734 3935 ὅτε

2150 3976 2419 4046 ἀπείληψο
2456 3975 2554 4045 μὲν
2588 3975 2693 4028 ὑπὸ
2733 3973 3004 4027 Βιτελλίου
3043 3973 3140 4042 (4),
3170 3972 3592 4043 κατεπίμπρατο
3622 3972 3679 4026 δὲ
3702 3972 3734 4025 ὁ

2150 4068 2284 4133 νεὼς
2311 4069 2402 4122 τοῦ
2430 4068 2550 4132 Διὸς
2576 4068 2704 4140 περὶ
2733 4067 2831 4131 τὰς
2854 4067 3024 4137 ὀφρῦς
3047 4067 3141 4119 τοῦ
3167 4065 3501 4128 ἀστεος.”οδ’
3530 4060 3589 4119 εὖ
3614 4065 3732 4118 κει-

2152 4154 2339 4208 σεσθαι
2383 4156 2451 4208 τὰ
2504 4156 2699 4208 ἑαυτοῦ
2742 4154 2997 4224 ἔφασκεν,
3027 4156 3075 4207 εί
3123 4153 3196 4225 μὴ
3234 4154 3517 4223 διαφύγοις
3546 4154 3730 4208 αὐτόν.

2151 4246 2344 4299 Καίτοι
2376 4245 2656 4317 μειράκιον
2694 4245 2893 4308 ἱκανῶς
2912 4241 3077 4316 ἦσθα,
3107 4246 3201 4298 καὶ
3227 4243 3379 4298 οὔπω
3401 4237 3570 4308 οὗτος.
3592 4244 3732 4298 Ἀλλ’

2151 4341 2299 4412 ὅμως
2332 4343 2422 4394 ἐπὶ
2452 4342 2666 4413 μοίραις
2688 4341 2862 4395 ἐδόκει
2893 4342 3074 4412 ἕτερα·
3101 4343 3130 4394 ό
3155 4341 3251 4411 μὲν
3277 4340 3523 4394 ἀπώλετο
3541 4341 3733 4406 αὐταῖς

2155 4433 2390 4504 βουλαῖς,
2424 4433 2487 4485 σὺ
2521 4433 2578 4485 δὲ
2608 4431 2678 4485 τὰ
2706 4432 2913 4485 ἐκείνου
2941 4432 3035 4485 νῦν
3055 4431 3215 4501 ἔχεις.
3235 4433 3388 4485 Ἐπεὶ
3418 4432 3475 4485 δὲ
3499 4434 3734 4505 ἁρμονίᾳ

2153 4523 2510 4594 κολακευτικῇ
2546 4522 2780 4593 ἄχθομαι
2824 4523 3004 4592 (δοκεῖ
3044 4522 3152 4593 γάρ
3185 4539 3273 4592 μοι
3304 4521 3411 4575 τῶν
3439 4522 3732 4593 ἐκρύθμων

468 4608 595 4678 quia
628 4606 814 4664 Parcis
868 4611 1026 4664 aliter
1078 4620 1178 4693 est.
1211 4613 1387 4668 visum
1416 4652 1431 4677 ,
1483 4614 1734 4672 Vitellius
1787 4617 2044 4686 quidem,

2152 4633 2211 4669 τε
2248 4616 2341 4668 καὶ
2373 4616 2473 4668 οὐκ
2509 4614 2821 4683 εὐφθόγγων
2841 4615 2915 4685 (5)
2946 4611 3127 4687 εἶναι),
3146 4614 3435 4684 τετμήσθω
3463 4630 3553 4684 μοι
3580 4614 3676 4685 ἥδε
3697 4617 3732 4685 ἡ

540 4823 581 4856 τ’
622 4823 1073 4906 lib._m,.c._.?7.
1154 4825 1197 4858 ’⁸
1238 4826 1462 4906 lih._nr,
1499 4846 1549 4886 c.
1591 4832 1677 4887 Η.
1758 4836 1798 4868 ¹⁹
1839 4836 1932 4891 lib.
1972 4855 2021 4892 vi
2050 4880 2063 4900 .
2100 4855 2149 4894 c.
2194 4840 2249 4894 ll
2285 4856 2300 4906 ;
2332 4846 2386 4896 ct
2417 4839 2509 4894 lib.
2547 4854 2621 4893 ru
2657 4856 2707 4896 c.
2742 4840 2811 4895 52
2875 4838 3022 4895 conf.
3073 4848 3127 4893 et
3183 4855 3230 4894 s.
3268 4856 3318 4895 c.
3354 4841 3444 4895 5i.

466 4905 593 4959 rm,
626 4909 676 4949 c.
711 4895 766 4948 .7.
842 4894 911 4927 "'
949 4895 1044 4951 lib.
1078 4913 1174 4951 vm
1196 4935 1213 4960 ,
1248 4911 1301 4951 c.
1339 4897 1389 4951 7.

537 5074 650 5147 (95)
689 5076 1169 5148 Κακοδαιμόνων.
1199 5077 1442 5147 Infelices
1463 5078 1697 5133 Romani
1719 5092 1938 5147 quoque
1965 5094 2048 5133 so-

465 5147 579 5202 lent
602 5162 803 5202 vocare
821 5162 938 5219 eos.
957 5149 1159 5217 quibus
1180 5165 1339 5204 mens
1362 5159 1447 5205 est
1492 5150 1623 5203 hera
1644 5164 1658 5209 ;
1682 5148 2049 5219 κακοδαίμονα

465 5223 648 5273 autem
692 5226 747 5270 et
797 5218 1088 5291 εὐδαίμονα
1121 5219 1498 5291 Grmcisesse,
1533 5219 1735 5287 quibus
1783 5218 2050 5291 benehvel

456 5302 627 5411 scolas
644 5288 962 5410 tconstituta'
979 5304 1133 5345 mens
1154 5298 1258 5354 est,
1293 5289 1359 5344 ad
1383 5289 1773 5343 Philostratum
1801 5288 2050 5356 pluribus

466 5372 565 5411 pro
610 5373 637 5409 a
669 5374 780 5411 um.

466 5365 780 5426 probatum.

465 5496 482 5510 ,
533 5427 651 5510 I96)
677 5429 1024 5510 ,βασζιτίείιξν
1046 5431 1259 5510 fatigor.
1296 5430 1446 5510 .Ante
1474 5429 1739 5498 scriptum
1764 5435 1881 5482 erat
1901 5428 2052 5498 βασι-

466 5497 637 5570 λείας.
673 5497 944 5570 Eusebius
976 5499 1137 5570 habet
1169 5500 1444 5570 βασιλείαν
1476 5516 1574 5570 τῳ.

540 5568 649 5633 (97)
703 5568 1033 5625 Ἆποόἀλοι.
1074 5568 1268 5625 Verior
1296 5571 1443 5625 haud
1467 5568 1634 5624 dubie
1676 5568 1861 5632 lectio,
1886 5585 2050 5633 quam
2076 5624 2081 5631 _

3546 4840 3593 4871 ¹⁶
3635 4838 3731 4895 lib.

2228 5082 2305 5151 (Ι)
2354 5085 2429 5138 Τὰ
2454 5086 2697 5140 τοιαῦτα
2728 5086 2856 5152 δόξ.
2900 5085 3185 5153 Philostr.,
3209 5092 3276 5141 τά
3304 5088 3482 5141 αὐτῶν
3508 5089 3733 5143 τοιαῦτα

2156 5155 2213 5207 ἐν
2234 5156 2374 5226 ἀρχῇ
2400 5154 2671 5220 δόξαντας.

2227 5223 2451 5298 (ΞχῈαὶ
2501 5229 2551 5280 εὶ
2596 5228 2715 5298 μὲν
2760 5225 3008 5295 ἠγάπων
3061 5227 3519 5297 κολακευτικὴν.
3572 5227 3735 5298 Apud

2154 5292 2448 5351 Eusebium
2484 5292 2605 5352 erat
2639 5292 3040 5369 κολακευτικόν,
3076 5301 3217 5354 male
3255 5302 3417 5354 etiam
3441 5292 3566 5369 post
3594 5292 3741 5369 η’γά-

2157 5382 2272 5417 πων
2320 5381 2535 5440 Οριιιηιὲὶ
2576 5368 2908 5440 ponebatur.
2937 5369 3241 5440 Utrumque
3291 5368 3546 5425 mendum
3595 5384 3739 5440 pra:-

2155 5446 2317 5489 eunte
2350 5435 2685 5491 Philostrato
2717 5439 2936 5494 sustuli.

2233 5507 2307 5574 (5)
2354 5509 2431 5561 Τὰ
2455 5506 2556 5563 σά.
2600 5507 2789 5563 Melior
2819 5508 2961 5563 haud
2993 5509 3157 5564 dubie
3182 5516 3269 5564 est
3296 5509 3461 5563 lectio
3496 5510 3630 5572 haec,
3664 5528 3736 5565 ex

2160 5572 2496 5649 Philostrato
2544 5587 2819 5643 revocata,
2854 5595 3018 5649 quam
3051 5580 3195 5649 quod
3236 5580 3291 5633 in
3320 5581 3480 5635 editis
3511 5580 3734 5637 Eusebii

466 5645 519 5718 et
544 5635 824 5718 .Philostr.
859 5643 1127 5718 agnoscit,
1163 5648 1217 5696 et
1266 5656 1370 5695 ms.
1407 5640 1631 5695 Morello
1679 5639 1878 5693 visum.
1904 5635 2053 5694 Editi
2159 5654 2241 5700 est
2270 5648 2416 5713 τάδε,
2455 5650 2534 5703 sic
2565 5649 2710 5703 enim
2737 5635 3016 5718 seanntia
3053 5635 3235 5718 aptius
3261 5650 3553 5705 cohaerent.

467 5704 741 5761 habebant
765 5704 1078 5764 ἀποϐάλλει.

540 5775 655 5835 (98)
697 5777 954 5831 Σκοποῦ.
1000 5780 1073 5833 Ita
1107 5778 1364 5834 Philostr.
1400 5779 1869 5846 Ειιὶιί,εὺσκόπου.

541 5846 651 5919 (99)
697 5846 969 5919 ᾌλλους.
1015 5849 1562 5919 Philostr.,é-zépoug.
1605 5867 1767 5919 quam
1804 5856 1857 5907 in
1904 5867 2045 5907 mar~

472 5913 594 5981 giae
621 5915 907 5969 lectionem
944 5921 1275 5988 ascripserat
1306 5913 1521 5991 quinque
1562 5913 1768 5978 Morell.
2038 5944 2055 5973 ι

2230 5718 2307 5785 (4)
2345 5720 2681 5773 Βιτελλὶου.
2726 5718 2986 5774 Philostr.
3016 5720 3166 5773 addit
3195 5720 3445 5774 ἐνταῦθα.

2228 5789 2302 5859 (5)
2344 5790 2922 5859 ΕὺεςθόγγωνζΑηιεει
2946 5789 3234 5857 ἀφθόγγων
3268 5792 3427 5852 male,
3454 5788 3721 5845 Hoasrea.

2153 5856 2355 5931 Nempe
2373 5857 2691 5927 εὐφθόγγων
2717 5857 3033 5914 Philostrati
3064 5856 3228 5914 etiam
3256 5860 3474 5917 codices
3505 5861 3725 5916 habent.
