4112 6432
435 430 535 488 857

1556 435 1759 491 LIBER
1796 437 2070 494 CONTRA
2111 436 2529 495 HIEROCLEM.

3580 434 3688 494 858

436 548 620 623 σευρά,
647 550 742 606 καὶ
786 552 952 623 μηδὲν
978 552 1115 624 ἡγοῦ
1144 553 1253 607 τῶν
1288 553 1396 609 σῶν
1427 555 1824 628 ὲντεθυμῆσθαί
1856 577 1943 629 με.
1988 579 2007 610 ι

2115 561 2242 613 dum
2276 559 2377 615 ista
2407 564 2591 629 ageret
2620 556 2849 613 consilia
2873 560 2915 622 ,"
2942 556 3084 611 male
3111 554 3293 627 periit,
3318 562 3378 610 tu
3400 569 3533 610 vero
3570 570 3691 617 quae

435 640 532 693 Διιά
559 638 765 695 τούτων
805 642 863 695 δὲ
886 642 1021 713 ὁμοῦ
1046 643 1137 696 τὸν
1168 643 1335 717 ἄνδρα
1364 645 1594 712 κόλακα,
1628 649 1722 702 καὶ
1748 648 2007 720 ψεύστην,

436 730 529 785 καὶ
557 730 736 787 πάντα
764 733 961 804 μᾶλλον
988 734 1021 805 ἢ
1057 735 1361 806 φιλόσοφον,
1391 741 1420 793 ὁ
1456 740 1596 813 ὑπὲρ
1624 741 1723 811 τῆς
1751 741 2011 813 ἀληθείας

436 822 730 895 παρίστησι
776 824 930 894 λόγος
955 825 1051 897 (6).
1083 828 1332 883 Τοσαῦτα
1380 829 1489 901 γὰρ
1536 832 1797 905 πρότερον
1841 832 2011 887 εἰπὼν

435 915 576 968 κατὰ
603 914 696 969 τοῦ
726 917 1073 987 Δομετιανοῦ,
1117 921 1400 975 κολακεύει
1437 923 1529 976 νῦν
1551 925 1579 976 ὁ
1604 925 1882 992 γεννάδας,
1917 925 2011 979 καὶ

436 1005 913 1080 καθυποκρίνεται,
946 1010 1024 1074 ὡς
1071 1011 1227 1067 οὐδέν
1266 1031 1319 1067 τι
1356 1017 1476 1068 κατ’
1503 1015 1690 1081 αὑτοῦ,
1728 1016 1923 1087 μᾶλλον
1954 1017 2011 1071 δὲ

435 1096 577 1169 ὑπὲρ
610 1097 795 1164 αὐτοῦ,
830 1099 936 1153 τῶν
976 1102 1103 1175 περὶ
1138 1104 1341 1174 μοιρῶν
1373 1105 1521 1177 αὐτῷ
1552 1107 1645 1160 καὶ
1677 1107 1920 1178 ἀνάγκης
1953 1113 2011 1163 ὲν

446 1189 622 1261 Ἰωνίᾳ
657 1193 1048 1264 κεκινημένων.
1069 1195 1325 1250 Ἀνάλαϐε
1363 1197 1503 1268 δῆτα
1541 1201 1640 1271 τὴν
1675 1200 1935 1272 ἱστορίαν,
1965 1197 2011 1255 ὦ

436 1283 790 1353 συγγραφεῦ,
841 1285 933 1338 καὶ
988 1287 1088 1357 τῆς
1136 1287 1390 1359 ἀληθείας
1444 1290 1708 1363 διανήψας
1762 1291 1889 1364 (7)
1942 1295 2011 1348 τά

436 1374 703 1446 πρότερόν
776 1393 859 1430 σοι
914 1378 1193 1451 γραφέντα
1260 1379 1490 1455 λαμπρᾷ
1553 1383 1646 1436 καὶ
1731 1383 2011 1456 φιλαλήθει

433 1464 605 1520 δίελθε
664 1467 739 1541 (8)
796 1472 861 1541 τῇ
911 1473 1098 1543 φωνῇ,
1147 1472 1313 1544 μηδὲν
1364 1473 1852 1546 ὑποστειλάμενοςο
1901 1477 2010 1543 Ὡς,

435 1562 494 1615 ὲν
560 1562 768 1633 Ἐφέσῳ
835 1563 1149 1636 διατρίϐων,
1200 1584 1217 1616 ι
1280 1567 1484 1638 ἀφίστη
1543 1567 1869 1639 Δομετιανοῦ
1924 1568 2013 1623 ἄν·

434 1649 567 1722 δρας
598 1650 696 1723 (9),
724 1654 820 1706 καὶ
849 1654 989 1725 ὑπὲρ
1022 1655 1274 1709 ἁπάντων
1300 1656 1567 1729 ὲρρώννυε
1598 1659 1891 1730 σωτηρίαςο
1916 1661 2012 1715 καὶ

432 1742 533 1805 τὰς
582 1743 682 1814 μὲν
724 1745 1169 1816 επιστολιμαίους
1202 1747 1416 1819 ὁμιλίας
1459 1749 1570 1820 (10)
1602 1750 1703 1803 οὐκ
1746 1750 2012 1819 ἀσφαλεῖς

434 1836 619 1900 αὐτοῖς
647 1835 781 1907 ᾠετο
801 1878 816 1902 ,
850 1839 957 1892 τῶν
989 1839 1046 1893 δὲ
1078 1840 1311 1912 ἑταίρων
1340 1843 1464 1905 τοὺς
1501 1842 2007 1913 σωφρονεστάτους,

2114 651 2261 706 illius
2285 657 2442 705 erant
2468 664 2616 705 nunc
2671 648 2961 719 possides.‘
2997 647 3103 704 Sed
3143 648 3400 718 quoniam
3440 646 3689 701 adulato-

2114 758 2234 796 rum
2272 750 2467 797 cantus
2504 758 2591 797 me
2621 742 2868 805 offendit,
2904 740 3142 804 (videtur
3164 739 3309 797 enim
3341 739 3477 794 mihi
3508 739 3687 796 disso-

2112 848 2216 888 nus
2243 848 2366 889 esse
2393 847 2457 887 ac
2485 831 2741 903 discors.)
2780 831 3081 901 rumpenda
3118 831 3249 885 mihi
3284 831 3388 886 ista
3415 837 3501 885 est
3527 829 3688 885 chor-

2111 925 2201 979 da.
2255 923 2443 995 Neque
2487 925 2649 980 velim
2694 932 2752 979 ut
2798 924 3082 980 arbitreris
3136 925 3205 979 de
3245 923 3356 978 tuis
3388 923 3553 978 rebus
3599 935 3686 978 me

2113 1013 2409 1083 cogitasse.
2476 1031 2497 1065 ›
2552 1012 2650 1069 His
2705 1020 2886 1067 autem
2936 1013 3279 1082 Apollonium
3349 1012 3684 1067 adulatorem

2106 1105 2264 1174 juxta
2316 1113 2368 1159 et
2401 1105 2740 1169 mendacem,
2770 1112 2824 1160 et
2847 1105 3062 1175 quidvis
3094 1105 3275 1175 potius
3310 1118 3473 1174 quam
3509 1102 3686 1172 philo-

2112 1199 2367 1267 sophum,
2402 1198 2561 1253 nobis
2604 1197 2752 1252 sistit
2803 1196 3032 1252 historia
3082 1197 3220 1261 ista,
3276 1195 3521 1252 veritatis
3549 1193 3684 1249 adeo

2111 1290 2379 1347 studiosa.
2409 1289 2656 1361 Namque
2682 1290 2824 1345 idem
2845 1329 2860 1356 ,
2893 1289 2988 1360 qui
3017 1290 3251 1360 graviter
3280 1289 3415 1344 adeo
3440 1291 3594 1360 prius
3627 1288 3685 1344 in

2115 1381 2482 1439 Domitianum
2534 1382 2715 1439 fuerat
2770 1383 3053 1446 invectus,
3109 1397 3255 1437 nunc
3304 1382 3556 1436 adulatur
3601 1381 3688 1436 vir

2111 1481 2392 1537 strenuus,
2422 1476 2752 1547 simulatque
2787 1491 2852 1532 ac
2890 1477 2938 1533 si
2973 1492 3083 1531 non
3114 1486 3305 1532 contra
3352 1478 3525 1547 ipsum
3578 1475 3689 1537 ullo

2110 1568 2296 1633 modo,
2336 1567 2431 1623 sed
2459 1568 2710 1639 pro-ipso
2753 1570 2935 1639 potius
2981 1567 3214 1632 faciant,
3252 1583 3390 1638 quos
3443 1568 3501 1621 in
3537 1565 3690 1621 Ionia

2110 1659 2226 1728 ipse
2271 1660 2339 1715 de
2359 1659 2486 1715 fatis
2530 1668 2694 1730 atque
2735 1663 3062 1718 necessitate
3096 1670 3341 1720 moverat
3382 1663 3688 1718 discursus.

2114 1748 2279 1805 Sume
2312 1751 2482 1821 igitur
2506 1751 2563 1805 in
2591 1767 2784 1807 manus
2814 1761 2984 1817 tuam,
3020 1769 3054 1808 ο
3090 1755 3346 1824 scriptor,
3371 1754 3654 1809 historiam
3673 1792 3689 1815 ,

2110 1849 2166 1897 et
2222 1843 2437 1897 veritati
2481 1844 2821 1915 pervigilium
2871 1860 3057 1914 agens,
3120 1856 3278 1901 antea
3341 1846 3438 1899 tibi
3494 1846 3550 1898 in
3603 1845 3691 1897 lito

434 1927 620 1983 ἄλλοτε
649 1928 806 1983 ἄλλον
839 1930 1258 2000 ἀπολαμϐάνων,
1294 1933 1569 1996 Διάκονον,
1598 1933 1746 2003 ἔλεγε
1772 1974 1787 1998 ,
1828 1934 2012 1987 ποιοῦ-

2117 1938 2262 1985 teras
2298 1930 2470 1985 relata
2511 1932 2658 1985 clara
2709 1948 2841 1988 voce
2890 1942 2945 1986 et
2990 1934 3237 1990 veritatis
3278 1935 3517 1989 studium
3556 1949 3694 2004 prae-

437 2020 535 2090 μαί
586 2038 646 2103 σε
680 2022 992 2094 ἀπορρήτου
1038 2022 1312 2095 λαμπροῦ.
1355 2023 1576 2077 Βαδίσαι
1622 2025 1679 2078 δέ
1714 2041 1773 2077 σε
1806 2025 1912 2097 χρὴ
1952 2026 2010 2089 ἐς

447 2110 664 2184 Ῥώμην
697 2114 848 2186 παρὰ
885 2114 976 2167 τὸν
1009 2114 1185 2178 δεῖνα,
1224 2116 1317 2170 καὶ
1365 2116 1706 2187 διαλεχθῆναί
1739 2118 1808 2171 οί.
1843 2137 1861 2169 ι
1900 2118 2011 2172 Καὶ

431 2201 701 2272 διελέγετο
733 2205 832 2274 μὲν
889 2206 1028 2277 ὑπὲρ
1067 2206 1269 2276 μοιρῶν
1320 2208 1414 2261 καὶ
1454 2208 1732 2277 ἀνάγκης,
1789 2210 1883 2262 καὶ
1919 2209 2009 2262 τὸν

431 2294 586 2365 λόγον
609 2295 767 2368 διῄει,
796 2298 877 2350 ὅτι
908 2297 1041 2369 μηδὲ
1073 2301 1121 2351 οἱ
1152 2299 1403 2371 τύραννοι
1429 2299 1498 2353 τὰ
1528 2300 1732 2372 μοιρῶν
1762 2294 1865 2353 οἷοι
1895 2300 2011 2371 βιά-

432 2387 639 2452 ζεσθαι.
677 2390 785 2443 Καὶ
817 2390 893 2453 ὡς
927 2390 1131 2462 χαλκῆς
1175 2391 1381 2455 εἰκόνος
1425 2392 1715 2463 ἱδρυμένης
1752 2396 2011 2464 Δομετια-

432 2480 524 2535 νοῦ
554 2482 691 2552 πρὸς
712 2482 791 2553 τῷ
823 2483 1050 2554 Μέλητι,
1072 2485 1402 2558 ἐπιστρέψας
1429 2488 1488 2548 ἐς
1519 2485 1688 2555 αὐτὴν
1719 2488 1844 2549 τοὺς
1866 2502 2008 2557 παρ-

432 2572 611 2637 όντας·
644 2594 662 2625 ι
690 2574 903 2646 Ἀνόητε
929 2615 944 2639 ,
979 2571 1149 2640 εἶπεν,
1177 2575 1253 2639 ὡς
1289 2577 1421 2630 πολὺ
1448 2577 1838 2649 διαμαρτάνεις
1890 2573 2008 2648 μοί-

436 2666 546 2739 ρῶν
577 2668 669 2719 καὶ
714 2668 977 2741 ἀνάγκης.
1009 2661 1077 2738 ᾮ
1110 2667 1220 2739 γὰρ
1257 2667 1392 2739 μετά
1431 2668 1491 2721 σὲ
1521 2668 1876 2741 τυραννεῦσαι
1912 2670 2009 2722 πέ-

432 2775 645 2830 πρωται
666 2800 680 2822 ,
713 2760 901 2814 τοῦτον
948 2760 1042 2812 καὶ
1075 2761 1123 2812 εί
1156 2762 1553 2827 ἀποκτείνειας,
1588 2760 2004 2816 ἀναϐιώσεται.»

446 2852 503 2904 ὐ
531 2851 594 2924 δὴ
624 2852 762 2924 μετὰ
793 2855 918 2918 τοὺς
945 2856 1120 2918 τοίους
1144 2854 1422 2922 διαλόγους
1463 2853 1774 2907 κολακεύων
1804 2853 1896 2907 τὸν
1918 2854 2011 2906 τύ-

436 2962 648 3017 ραννον,
674 2947 767 3000 καὶ
799 2948 966 3017 μηδέν
997 2965 1049 3000 τι
1075 2946 1278 3000 τούτων
1306 2947 1382 3009 ὡς
1410 2946 1549 3017 πρὸς
1573 2945 1737 2999 αὑτὸν
1761 2946 2010 3021 εἰρῆσθαι

402 3072 405 3073 ν
433 3036 583 3109 αὐτῷ
617 3041 1144 3111 κατειρωνευόμενος
1165 3080 1179 3104 ,
1217 3039 1333 3104 πῶς
1357 3040 1417 3093 οὺ
1450 3040 1751 3111 μοχθηρίας
1788 3039 2009 3110 ἀπάσης

432 3133 526 3185 καὶ
552 3130 929 3205 ἀνελευθερίας
953 3131 1196 3204 κριθείη;
1227 3135 1275 3186 εἰ
1306 3133 1379 3205 μὴ
1403 3134 1512 3205 ἄρα
1543 3132 1910 3206 ψευδηγόρους
1937 3149 2012 3185 τι-

431 3223 528 3286 νὰς
569 3224 665 3276 καὶ
713 3225 1053 3295 κατηγόρους
1105 3223 1200 3278 τοῦ
1248 3225 1468 3295 ἀνδρὸς,
1517 3224 1638 3296 οὐχὶ
1682 3225 1739 3278 δὲ
1791 3225 2011 3295 ἀληθεῖς

2110 2030 2273 2079 eunte
2306 2021 2467 2094 540
2489 2025 2687 2093 relege,
2718 2041 2817 2080 nec
2848 2035 2899 2079 te
2921 2026 3198 2081 subducas
3225 2027 3354 2081 huic
3385 2026 3539 2081 oneri
3571 2041 3584 2075 ε
3619 2023 3690 2081 Ut

2112 2131 2307 2183 nempe
2340 2129 2720 2173 commoratus
2744 2117 2941 2188 Ephesi
2978 2118 3047 2183 ²¹,
3080 2136 3099 2169 ι
3139 2134 3169 2172 a
3204 2116 3516 2172 Domitiano
3546 2118 3695 2172 viros

2113 2208 2525 2272 abalienaverit,
2591 2215 2644 2263 et
2676 2216 2736 2262 ut
2759 2222 3113 2264 communem
3162 2214 3448 2262 tuerentur
3474 2207 3696 2261 liberta-

2114 2307 2222 2354 tem
2273 2298 2721 2354 confirmaverit:
2757 2299 3293 2370 atque'commercia
3334 2297 3552 2369 quidem
3599 2311 3698 2366 per

2110 2393 2375 2462 epistolas
2409 2393 2595 2448 minus
2632 2403 2743 2445 tuta
2793 2392 2931 2462 ipsis
2963 2408 3085 2447 esse
3119 2390 3413 2463 putaverit,
3453 2389 3699 2460 adeoque

2114 2487 2381 2541 sodalium
2432 2486 2902 2556 prudentissimis,
2961 2485 3123 2539 modo
3146 2486 3250 2541 hoc
3300 2482 3466 2538 modo
3515 2482 3623 2538 alio
3662 2495 3699 2538 a

2117 2579 2278 2632 turba
2315 2577 2565 2641 seducto,
2590 2578 2833 2632 dixerit:
2867 2576 3043 2647 Magni
3078 2584 3129 2632 te
3155 2575 3296 2631 facio
3321 2574 3504 2630 arcani
3534 2573 3692 2628 mini-

2113 2677 2308 2725 strum.
2359 2667 2587 2739 Oportet
2619 2677 2801 2724 autem
2832 2668 3059 2721 Romam
3088 2676 3142 2723 te
3170 2668 3322 2724 abire
3349 2667 3416 2721 ad
3438 2667 3583 2721 hunc
3606 2667 3693 2721 vel

2115 2761 2294 2823 illum,
2328 2767 2491 2829 atque
2526 2775 2650 2814 cum
2698 2776 2765 2816 eo
2821 2760 3114 2816 disserere.
3147 2779 3167 2812 ι
3205 2758 3278 2814 Ut
3310 2760 3441 2814 item
3474 2758 3543 2814 de
3573 2758 3699 2813 fatis

2110 2864 2163 2908 et
2188 2854 2515 2909 necessitate
2531 2854 2746 2907 locutus
2761 2853 2830 2908 sit
2843 2855 2910 2918 ²²,
2928 2862 3089 2922 atque
3111 2851 3412 2907 ostenderit
3426 2851 3696 2915 oratione,

2112 2945 2257 3016 quod
2296 2960 2366 3001 ne
2411 2945 2631 3017 tyranni
2679 2945 2898 3015 quidem
2951 2942 3187 2999 fatorum
3232 2951 3446 2997 mutare
3483 2943 3699 2997 decreta

2112 3040 2351 3093 valeant.
2384 3036 2454 3091 Ut
2503 3052 2670 3108 porro
2715 3051 2866 3090 aenea
2921 3051 3045 3090 cum
3077 3041 3224 3091 esset
3272 3033 3582 3089 Domitiano
3630 3032 3702 3085 ad

2113 3130 2365 3185 Meletem
2393 3127 2620 3183 ﬂuvium
2654 3129 2834 3199 posita
2874 3134 3081 3190 statua,
3107 3126 3163 3180 in
3185 3141 3305 3181 eam
3338 3133 3398 3180 ut
3422 3126 3701 3180 intueren-

2112 3230 2204 3275 tur
2241 3262 2255 3286 ,
2314 3233 2615 3292 pra-sentes
2680 3236 2872 3275 omnes
2909 3218 3243 3290 permoverit
3274 3257 3289 3282 ,
3357 3217 3695 3287 dixeritque:

434 3316 785 3386 συγγραφέας
805 3355 818 3379 ,
855 3315 974 3387 θείη
1010 3334 1093 3380 τις
1127 3318 1252 3381 τοὺς
1276 3315 1448 3369 ταῦτα
1482 3318 1667 3387 μνήμη
1696 3315 2010 3385 παραδεδω-

2122 3337 2140 3365 ι
2165 3315 2209 3370 Ο
2227 3317 2413 3381 stulte,
2426 3330 2589 3385 quam
2605 3313 2839 3369 fatorum
2858 3314 3078 3383 ignoras
3092 3312 3331 3368 indolem
3349 3323 3510 3383 atque
3521 3326 3706 3367 neces-

436 3403 618 3467 κότας.
664 3406 773 3458 Καὶ
817 3405 921 3458 ποῦ
970 3406 1062 3459 τοῦ
1116 3406 1494 3473 Φιλαιλήθους
1532 3427 1550 3457 ι
1581 3409 1631 3460 οἱ
1678 3405 2011 3469 παιδεύσεως

438 3494 539 3561 μὲν
577 3494 668 3546 ἐπὶ
719 3495 972 3548 πλεῖστον
1016 3497 1274 3566 ἥκοντες,
1310 3499 1372 3549 τὸ
1421 3498 1465 3550 δ’
1504 3498 1702 3569 ἀληθὲς
1746 3497 2013 3569 τιμῶντες

437 3587 802 3654 συγγραφεῖς
839 3605 857 3636 ι
893 3586 1066 3658 Δάμις
1103 3604 1163 3640 τε
1191 3590 1219 3641 ὁ
1253 3589 1576 3659 φιλόσοφος,
1612 3593 1641 3643 ὁ
1672 3591 1766 3643 καὶ
1800 3590 2014 3643 συνδια-

433 3675 632 3746 τρίψας
663 3676 742 3747 τῷ
768 3677 1099 3748 δηλουμένῳ,
1137 3679 1230 3731 καὶ
1258 3678 1614 3751 Φιλόστρατος
1646 3683 1674 3733 ὁ
1712 3680 2010 3751 Ἀθηναῖος,

435 3769 529 3837 ἀφ’
560 3763 636 3825 ὧν
677 3770 850 3825 ταῦτα
890 3772 1247 3842 παρατίθεται
1270 3790 1282 3802 ·
1317 3771 1409 3836 οὓς
1442 3772 1627 3841 σαφῶς
1660 3772 1831 3836 οὕτως
1865 3775 2020 3826 ἐναν-

433 3861 832 3932 τιολογοῦντας,
868 3862 1252 3934 κομπάζοντάς
1283 3882 1346 3918 τε
1379 3860 1616 3936 ἀληθῶς,
1646 3865 1740 3917 καὶ
1772 3869 1887 3928 τοῖς
1922 3882 2019 3936 μα-

435 3954 685 4025 χομένοις
761 3956 1203 4027 παρισταμένους
1261 3956 1500 4026 ψεύστας
1566 3955 1845 4028 ἐναργῶς,
1923 3956 2017 4009 καὶ

435 4048 825 4116 ἀπαιδεύτους,
878 4050 974 4104 καὶ
1016 4049 1218 4120 γόητας
1259 4050 1360 4121 τῆς
1411 4048 1667 4122 ἀληθείας
1708 4050 1770 4103 τὸ
1818 4049 2019 4119 φέγγος

433 4140 733 4213 διήλεγξεν.

433 4233 635 4287 rimum
708 4231 994 4303 profecere
1023 4272 1039 4296 ,

2121 3408 2321 3462 sitatis.
2348 3406 2449 3461 Cui
2484 3407 2631 3461 enim
2664 3407 2732 3461 ab
2756 3406 2859 3469 eis,
2884 3413 3086 3475 utpost
3108 3413 3160 3459 te
3193 3406 3443 3474 imperet,
3481 3404 3584 3459 fuit
3612 3405 3702 3461 de-

2116 3506 2352 3563 cretum,
2374 3497 2485 3561 ille,
2511 3498 2558 3553 si
2579 3500 2816 3567 perimas
2835 3497 3021 3561 etiam,
3039 3496 3378 3552 reviviscet.»
3410 3495 3529 3552 1am
3544 3512 3697 3568 ergo,

2122 3590 2218 3660 qui
2261 3597 2382 3660 post
2416 3605 2702 3645 sermones
2723 3589 2993 3659 ejusmodi
3025 3589 3283 3644 adulatur
3330 3597 3585 3660 tyranno,
3617 3601 3700 3644 at-

2122 3698 2230 3751 que
2261 3681 2398 3734 nihil
2456 3696 2647 3735 eorum
2707 3681 2762 3734 in
2815 3681 2992 3751 ipsum
3047 3680 3254 3734 dictum
3289 3695 3412 3735 esse
3456 3681 3700 3748 simulat,

2120 3771 2393 3842 quomodo
2450 3772 2631 3827 omnis
2668 3773 2714 3826 is
2763 3770 3021 3840 nequitiae
3066 3769 3347 3839 animique
3411 3770 3702 3827 illiberalis

2119 3878 2376 3919 reusnon
2413 3863 2643 3933 agatur?
2672 3862 2787 3917 Nisi
2836 3862 2976 3918 forte
3014 3862 3305 3919 mendaces
3355 3863 3621 3932 quosdam
3644 3873 3699 3919 ct

2121 3956 2550 4013 calumniatores
2579 3954 2854 4025 Apollonii
2917 3970 3041 4011 esse
3075 3963 3296 4019 statuat,
3338 3970 3449 4010 non
3478 3971 3700 4012 veraces

2122 4056 2394 4110 auctores.
2430 4049 2545 4103 haec
2589 4050 2682 4119 qui
2718 4048 2993 4103 memoria:
3034 4047 3413 4118 prodiderunt.
3452 4047 3554 4104 Ubi
3582 4048 3701 4116 jam

2122 4139 2287 4210 igitur
2315 4140 2391 4193 illi
2416 4139 2729 4194 Philalethis
2765 4146 3037 4203 auctores,
3075 4157 3093 4189 ι
3117 4141 3208 4210 qui
3250 4139 3557 4196 eruditione
3580 4141 3699 4211 plu-

1115 4233 1467 4303 veritatisque
1500 4252 1519 4285 ι
1586 4230 2017 4288 studiosissimi?
2057 4229 2262 4297 Darnis,
2299 4232 2543 4301 inquam,
2598 4231 3087 4302 pbilosophus,qui
3115 4239 3169 4286 et
3228 4245 3413 4287 comes
3444 4233 3703 4290 assiduus

434 4328 508 4391 ei,
568 4327 636 4383 de
668 4343 779 4399 quo
810 4328 1012 4399 agitur,
1046 4328 1168 4391 fuit,
1210 4327 1672 4398 Atheniensisque
1704 4325 2090 4391 Philostratus,
2137 4342 2166 4379 a
2199 4326 2400 4397 quibus
2452 4327 2555 4382 ista
2586 4327 2745 4382 nobis
2775 4334 3189 4397 proponuntur:
3222 4341 3360 4396 quos
3396 4326 3702 4382 luculenter

437 4425 573 4481 adeo
605 4426 709 4481 sibi
769 4440 1076 4496 repugnare
1141 4425 1298 4494 ipsis,
1334 4425 1638 4495 jactatores
1686 4434 1836 4480 certe
1862 4424 2214 4491 vanissimos,
2274 4431 2329 4479 et
2391 4423 2921 4479 contradictionibus
2954 4423 3071 4478 suis
3107 4421 3411 4493 spissorum
3464 4421 3701 4478 menda-

437 4520 648 4573 ciorum
682 4520 986 4583 convictos,
1020 4519 1271 4575 indoctos
1306 4519 1434 4574 item
1469 4526 1524 4574 et
1573 4533 1767 4589 magos
1804 4520 1893 4572 lux
1925 4519 2176 4574 veritatis
2207 4518 2624 4574 demonstravit.

933 4638 1233 4692 ΚΕΦΑΛΑΙ
1241 4638 1331 4691 ΟΝ
1389 4639 1519 4692 ΜΔ’.

2695 4582 2927 4689 ῦΑἶἮΤ
2987 4632 3168 4689 XLIV.

517 4752 640 4804 Ἐπὶ
692 4752 825 4805 πᾶσι
857 4752 949 4805 τὸν
997 4751 1373 4817 Ἀπολλώνιον,
1406 4751 1788 4821 ἀπαλλαγέντα
1812 4751 1907 4806 τοῦ
1941 4752 2012 4806 δι-

2202 4750 2484 4806 Postremo
2505 4750 2858 4822 Apollonium
2897 4750 3108 4819 judicio
3150 4749 3462 4805 absolutum
3496 4762 3618 4802 sese
3646 4748 3702 4804 in

436 4843 734 4916 καστηρίου
756 4884 771 4907 ,
805 4847 865 4898 ὲν
897 4842 1167 4916 Λεϐαδείᾳ
1204 4842 1379 4897 ἐλθεῖν
1417 4846 1640 4915 ἱστορεῖ.
1689 4843 2021 4915 Βουλόμενόν

2132 4843 2432 4899 Lebadeam
2484 4840 2758 4913 recepisse
2810 4840 3165 4897 memorat".
3193 4837 3439 4909 Cumque
3488 4838 3543 4892 in
3572 4837 3696 4893 Tro-

508 5026 549 5058 “
592 5026 688 5082 lib.
723 5044 838 5093 vn,
865 5042 914 5083 c.
951 5027 1007 5087 8.
1084 5029 1129 5062 ³³
1169 5027 1266 5084 lib.
1306 5045 1417 5094 vn,
1449 5043 1499 5083 c.
1660 5027 1705 5061 ’³
1746 5027 1842 5083 lib.
1880 5043 2012 5093 vm,
2044 5042 2095 5083 c.
2134 5025 2223 5083 i9.

511 5181 587 5253 (6)
637 5183 692 5233 Ὁ
744 5182 893 5252 ὑπὲρ
940 5180 1052 5253 τῆς
1094 5183 1382 5250 ἀληθείας
1435 5183 1781 5253 παρίστηοξιί
1812 5182 2015 5253 λόγος.

438 5252 649 5309 Ῑιιοιιίοε
673 5253 905 5307 dictum.
940 5252 1147 5321 Nempe
1181 5269 1211 5306 a
1244 5255 1491 5309 veritatis
1526 5253 1708 5307 studio
1728 5252 2021 5307 Philostra-

433 5333 572 5393 tnm,
599 5332 761 5393 atque
804 5323 950 5395 istud
999 5322 1340 5395 σύγγραμμα
1389 5325 1510 5392 ejus
1536 5322 2019 5395 commendaverat

434 5395 739 5457 Hierocles,
773 5404 836 5448 ut
865 5394 1051 5449 videre
1082 5394 1167 5448 est
1198 5394 1363 5464 supra
1395 5410 1515 5464 cap.
1551 5394 1606 5447 2.

507 5466 559 5536 (7
568 5477 583 5532 )
624 5464 954 5534 Διανήψας.
996 5465 1280 5536 Acc‘olum
1314 5465 1368 5518 in
1395 5466 1511 5520 suis
1540 5464 1786 5536 διανίψας
1816 5464 2014 5535 legisse

434 5547 645 5591 certum
676 5543 759 5591 est
789 5555 803 5590 ε
837 5550 962 5589 nam
988 5535 1264 5606 quomodo
1293 5544 1506 5590 vertere
1539 5535 1675 5590 alias
1705 5536 2008 5605 potuisset:

434 5607 543 5676 Age
574 5606 813 5661 veritatis
850 5606 993 5676 fonte
1024 5605 1252 5660 dilatam
1280 5616 1450 5676 repete
1480 5605 1617 5659 hunc
1651 5606 1802 5660 clara
1844 5616 1895 5660 et
1939 5607 2016 5660 in-

435 5693 604 5743 qenua
653 5679 814 5733 voce?
844 5679 914 5730 At
966 5678 1072 5732 ista
1127 5677 1380 5741 lectione,
1425 5676 1739 5747 fatendum,
1754 5678 2011 5747 ingenue,

437 5763 548 5818 non
593 5749 822 5802 multum
865 5746 1006 5804 lucis
1039 5747 1246 5804 accedit
1282 5748 1401 5803 loco
1432 5748 1689 5803 obscuro.
1723 5746 1867 5801 Nihil
1915 5762 2017 5818 ego

439 5816 659 5888 invenio
704 5818 878 5883 magis
924 5818 1225 5888 probabile,
1252 5833 1415 5888 quam
1443 5818 1730 5887 legendum
1764 5832 1889 5875 esse
1920 5816 2016 5872 καὶ

438 5889 506 5956 τῇ
538 5886 764 5960 ἀληθειᾳ
796 5886 1081 5959 διανῆψας,
1115 5891 1195 5947 sic
1242 5886 1387 5947 enim
1433 5886 1570 5946 satis
1611 5889 1774 5965 plana
1807 5888 2013 5956 omnia,

2126 5197 2434 5253 sensusque
2483 5181 2713 5252 emergit
2755 5196 2865 5236 non
2914 5181 3101 5253 clarus
3148 5186 3381 5243 tantum,
3414 5193 3604 5233 verum
3646 5188 3707 5253 et

2126 5250 2371 5324 elegans,
2407 5268 2569 5322 quem
2602 5250 2851 5324 proinde,
2880 5266 3005 5307 cum
3037 5251 3202 5305 alium
3235 5265 3345 5305 non
3375 5263 3615 5319 possem,
3645 5250 3707 5304 in

2125 5322 2380 5379 versione
2408 5325 2570 5379 etiam
2602 5322 2869 5392 expressi.

2198 5395 2278 5463 (ὃ)
2317 5385 2897 5463 Γραφένταάαμπρᾷ
2922 5389 3023 5447 καὶ
3038 5389 3360 5463 φιλαλήθει
3377 5388 3592 5463 δίελθε.
3621 5385 3709 5463 Et:

2124 5457 2229 5519 ms.
2264 5457 2514 5534 reposui.
2570 5457 2747 5518 Ρτίοι·’
2768 5457 2956 5525 editio,
3015 5457 3295 5534 γραφέντα
3349 5457 3579 5534 λαμπρᾷ
3607 5458 3708 5516 καὶ

2122 5528 2390 5606 φιλαλήθη
2427 5534 2623 5598 δίελθε,
2651 5534 2875 5588 alteram
2907 5528 3090 5606 autem
3124 5528 3410 5606 lectionem
3427 5528 3485 5584 et
3505 5528 3706 5587 distin-

2121 5601 2359 5660 ctionem
2379 5601 2665 5674 interpres
2692 5618 2909 5672 quoque
2922 5603 3209 5674 sequitur.
3242 5601 3520 5674 Hocsruu.

2193 5676 2269 5743 (9)
2315 5668 2584 5743 Ἄνδραξι.
2624 5668 2876 5736 Nervam,
2921 5668 3140 5743 Rufl‘um
3171 5681 3225 5728 et
3252 5670 3503 5735 Orfitum,
3534 5668 3604 5725 de
3628 5668 3707 5725 iis

2121 5745 2269 5801 enim
2300 5742 2480 5815 agitur
2507 5761 2572 5800 eo
2598 5759 2759 5815 quem
2800 5745 3025 5813 respicit
3049 5742 3367 5815 Philostrati
3398 5743 3538 5815 loco.

2196 5815 2310 5890 tl_0)
2340 5813 2640 5890 ““Ομιλ[ας”.
2685 5813 2944 5871 Philostr.
2979 5813 3306 5888 ξυμϐουλίας
3332 5814 3517 5878 habet,
3553 5818 3703 5890 quod

2122 5886 2296 5959 magis
2317 5886 2564 5958 probem.
