4112 6444
453 422 562 483 859

1130 428 1401 485 EUSEBII
1436 428 1918 487 CASSARIENSIS
1954 432 2106 489 OPP.
2147 432 2331 489 PARS
2361 433 2431 491 ιι.
2463 462 2533 475 -
2569 429 3068 489 APOLOGETICA.

3600 431 3708 485 880

455 538 644 609 phonii
693 556 916 611 specum
966 542 1299 600 descendere
1347 542 1649 612 aﬂectaret,
1694 548 2019 606 prohibitum

2132 567 2192 603 τε
2237 552 2295 613 ἐς
2343 548 2654 622 Τροφωνίου
2688 546 2987 612 κατελθεῖν,
3041 547 3115 618 μὴ
3153 543 3538 615 ἐπιτρέπεσθαι
3569 546 3709 616 πρὸς

454 631 523 685 ab
554 632 747 687 incolis
769 649 910 699 esse,
952 633 1036 690 his
1069 650 1288 705 quoque
1343 650 1560 707 magum
1583 653 1708 693 eum
1731 654 1855 695 esse
1898 654 2029 694 cen-

454 724 719 779 sentibus.
753 725 916 795 Atqui
946 727 1141 781 merito
1192 727 1313 795 ejus
1356 728 1432 782 rei
1470 730 1713 800 suspicio
1762 732 2024 793 obtineat,

452 816 498 871 si
529 816 654 886 quis
683 818 982 871 contulerit
1012 819 1080 874 ab
1106 820 1262 874 initio
1288 818 1624 876 Philostrato
1658 821 1806 878 dicta
1842 823 1910 889 “,
1935 823 2027 879 ubi

449 923 594 978 aegre
615 907 816 971 ferens,
863 909 1232 979 suspicionem
1276 912 1605 981 quibusdam
1654 929 1777 969 esse
1825 922 2026 979 ortam,

450 1016 641 1070 magus
664 1001 807 1071 quod
840 1002 932 1067 sit,
959 1003 1012 1057 id
1045 1004 1223 1072 ipsum
1268 1006 1572 1060 admiratus
1601 1007 1815 1076 inquit:
1856 1026 1875 1058 ι
1898 1007 2025 1061 Em-

447 1092 728 1162 pedoclem
776 1103 939 1163 atque
999 1092 1362 1165 Pythagoram
1394 1096 1896 1169 Democritumque,
1933 1099 2028 1168 qui

442 1185 764 1239 eorumdem
787 1200 1067 1254 magorum
1092 1186 1402 1241 exstiterint
1428 1187 1706 1257 discipuli,
1745 1204 2024 1259 nunquam

446 1283 627 1330 tamen
650 1276 703 1329 in
722 1276 857 1333 artis
876 1277 1023 1332 illius
1047 1278 1416 1347 suspicionem
1453 1280 1700 1345 venisse;
1723 1277 1879 1349 541
1907 1280 2026 1333 Pla-

447 1374 629 1421 tonem
645 1382 882 1436 quoque,
904 1368 1120 1422 tametsi
1141 1369 1209 1422 ab
1224 1366 1496 1440 IEgyptiis
1511 1369 1885 1424 sacerdotibus
1900 1384 2024 1438 pro-

449 1459 734 1533 phetisque
763 1459 933 1512 multa
963 1460 1291 1529 accepisset,
1318 1476 1489 1530 eaque
1518 1461 1635 1516 suis
1666 1460 1820 1513 libris
1848 1460 2027 1515 inser-

446 1552 641 1615 uisset,
663 1566 1007 1622 nequaquam
1034 1560 1213 1608 tamen
1237 1553 1493 1623 cuiquam
1517 1554 1707 1625 magia:
1740 1554 2019 1609 addictum

444 1645 622 1698 visum
664 1659 805 1698 esse.
838 1641 914 1698 De
943 1642 1234 1713 Apollonio
1263 1655 1445 1701 autem
1477 1646 1723 1700 nondum
1761 1647 1895 1702 satis
1925 1647 2024 1701 ho-

445 1733 684 1788 minibus
725 1734 1052 1797 innotuisse,
1094 1735 1240 1804 quod
1288 1737 1538 1806 ingenuae
1574 1738 1856 1808 sapientiae
1888 1755 2023 1794 usus

445 1831 517 1882 sit
540 1828 888 1896 adjumentis,
927 1845 1252 1899 magumque
1281 1829 1545 1884 creditum
1569 1845 1693 1885 esse
1709 1845 1855 1889 eum.
1876 1830 2022 1900 quod

442 1920 864 1994 Babyloniorum
889 1926 1059 1996 magis
1091 1923 1633 1994 Brachmanibusque
1657 1924 1933 1989 Indorum,
1957 1941 2019 1979 ac

441 2011 717 2082 Egyptiis
748 2010 919 2067 Nudis
942 2027 1001 2068 se
1051 2013 1106 2066 in
1159 2012 1506 2082 disciplinam
1549 2013 1850 2069 dedisset.»
1880 2012 2017 2079 Quid

441 2104 608 2173 igitur
656 2103 987 2160 Philostrato
1043 2105 1403 2176 responderi,
1461 2105 1656 2169 amice,
1720 2106 2022 2161 convenit?

439 2194 643 2267 Nempe
668 2196 752 2250 vir
777 2197 881 2252 iste
929 2197 1049 2266 ejus
1074 2199 1291 2269 generis
1315 2213 1405 2253 res
1429 2198 1648 2253 molitus
1691 2197 1814 2262 fuit,
1848 2206 1908 2252 ut
1931 2215 2021 2254 so-

441 2287 527 2342 lus
559 2295 611 2342 et
628 2287 757 2341 olim
794 2296 847 2343 et
875 2297 1063 2343 nostra
1124 2299 1281 2345 aetate
1338 2288 1502 2344 fuerit
1533 2290 1753 2344 habitus
1803 2306 2014 2361 magus,

440 2392 549 2447 pne
577 2378 908 2446 ejuscemodi
971 2380 1123 2444 viris,
1177 2380 1270 2451 qui
1314 2380 1439 2435 licet
1487 2381 1731 2445 eosdem,
1768 2381 1914 2452 quod
1958 2390 2016 2436 ιιι

439 2469 659 2539 quidem
686 2471 788 2534 ais,
822 2472 1032 2541 experti
1080 2471 1314 2527 fuissent
1358 2473 1673 2543 magistros,
1708 2481 1762 2528 et
1783 2490 1884 2529 suo
1935 2482 2019 2529 ta-

440 2576 563 2617 men
582 2577 698 2615 ωηο
726 2562 869 2617 bona
904 2563 1043 2617 fama
1072 2565 1243 2633 gavisi
1270 2572 1418 2627 sunt,
1446 2572 1500 2619 et
1541 2566 1777 2635 posteris
1800 2582 2019 2637 quoque

435 2654 778 2723 temporibus
797 2654 1154 2724 philosophia:
1194 2671 1307 2709 sua:
1356 2656 1610 2710 virtutem
1662 2658 2017 2712 commenda-

434 2748 706 2804 tissimam
736 2748 1025 2817 reliquere.
1060 2749 1257 2802 Annon
1286 2748 1454 2818 igitur
1484 2749 1624 2803 ultra
1652 2764 1817 2819 quam
1849 2750 1931 2805 fas
1948 2751 2018 2805 sit

435 2855 559 2895 eum
622 2840 995 2895 molitionibus
1048 2841 1163 2895 suis
1215 2842 1575 2911 processisse,
1639 2843 1839 2912 quibus
1885 2859 2017 2898 sana

435 2950 591 2989 mens
621 2942 706 2988 est
735 2934 992 2989 omnibus
1022 2933 1374 2989 manifestum
1400 2935 1509 2989 sit?
1552 2933 1799 3005 Suntque
1824 2938 2018 2990 etiam-

436 3040 567 3078 num
603 3025 764 3080 hodie
794 3026 885 3095 qui
947 3026 1187 3095 magicas
1240 3026 1550 3088 machinas,
1586 3042 1707 3097 qua:
1737 3027 1842 3082 viri
1871 3028 2019 3082 illius

435 3132 559 3172 esse
596 3118 871 3179 dicantur,
910 3132 1033 3172 sese
1062 3117 1248 3171 dicant
1303 3119 1595 3188 reperisse.
1646 3120 1716 3172 At
1749 3119 1869 3175 istis
1900 3121 2019 3173 ani-

437 3224 585 3263 mu-m
616 3209 896 3263 advertere
923 3224 1068 3263 nunc
1089 3209 1309 3279 quidem
1345 3210 1488 3264 haud
1519 3210 1714 3281 placet.
1737 3210 1810 3265 De
1847 3223 2017 3266 morte

438 3308 619 3353 autem
653 3299 815 3355 etiam
853 3301 951 3354 viri
987 3301 1265 3371 prioribus
1308 3308 1677 3357 consentanea
1720 3302 1848 3356 dum
1882 3318 2014 3357 cos-

437 3391 648 3455 cinnat,
708 3391 855 3445 nulla
913 3402 1065 3462 parte
1113 3393 1396 3447 veritatem
1451 3393 1528 3448 rei
1560 3393 1665 3447 sibi
1708 3394 2015 3450 innotuisse

437 3481 696 3535 ostendit.
727 3481 876 3538 Alios
906 3483 1053 3536 enim
1088 3482 1285 3552 Ephesi
1311 3484 1516 3537 exitum
1570 3484 1693 3552 ejus
1717 3485 2013 3555 contigisse

438 3571 513 3625 ait
552 3572 753 3626 referre
783 3573 851 3637 ",
884 3572 1020 3625 alios
1054 3580 1235 3625 autem
1265 3570 1490 3625 Lindiin
1518 3571 1769 3625 Minerva:
1792 3573 2012 3641 templo.
2067 3633 2074 3641 ,

438 3662 576 3717 alios
608 3664 660 3715 in
695 3662 854 3717 Creta
877 3662 1077 3718 insula.
1111 3661 1323 3715 Etcum
1352 3669 1562 3715 tantum
1594 3663 1844 3732 caliginis
1866 3662 2014 3715 illius

438 3757 599 3807 morti
628 3753 888 3819 oﬂundat,
924 3756 1039 3809 vult
1067 3763 1247 3809 tamen
1284 3754 1534 3809 eumdem
1579 3770 1706 3808 cum
1743 3755 1864 3823 ipso
1891 3771 2013 3809 cor-

438 3861 568 3915 pore
594 3845 657 3899 ad
694 3862 920 3916 superos
937 3848 1202 3901 evolasse.
1230 3845 1363 3899 Nam
1399 3861 1521 3900 cum
1556 3846 2016 3915 templum,prout

438 3935 526 3989 ille
555 3936 654 3997 ait,
689 3937 970 4006 ingressus
1022 3945 1190 4001 esset,
1246 3939 1435 3992 valvas
1480 3948 1703 4007 repente
1742 3937 2013 4001 occlusas,

436 4024 979 4096 inexspectatumque
1013 4028 1284 4097 virginum
1326 4040 1547 4082 cantum
1591 4045 1656 4083 ex
1681 4044 1747 4083 eo
1771 4027 2015 4081 auditum

435 4135 576 4174 esse.
606 4118 949 4191 Cantumque
987 4123 1157 4181 fuisse
1184 4125 1386 4179 istum:
1425 4143 1444 4175 ι
1485 4122 1639 4187 Veni,
1668 4123 1791 4179 veni
1813 4124 1866 4177 in
1897 4137 2016 4177 caa-

434 4210 568 4274 lum,
592 4214 734 4267 veni.
759 4232 778 4264 ι
814 4214 977 4268 Addit
1002 4217 1147 4285 quod
1185 4234 1253 4273 ne
1286 4217 1342 4271 in
1371 4217 1755 4286 cenotaphium
1788 4216 2009 4287 quidem

432 4304 552 4370 ejus
583 4305 853 4372 inciderit,
888 4320 1013 4361 cum
1060 4318 1239 4365 tamen
1270 4310 1388 4379 ipse
1421 4308 1739 4363 universum
1791 4308 2004 4364 orbem.

430 4409 537 4462 qua
588 4394 695 4448 late
724 4403 890 4464 patet,
934 4408 1298 4469 peragrasset.
1345 4397 1576 4470 Vultque
1621 4399 1723 4452 hoc
1755 4399 1859 4469 ipsi
1888 4398 2008 4452 ani-

430 4500 574 4546 mus,
629 4488 852 4542 omnino
902 4497 1129 4544 mortem
1172 4491 1348 4544 virum
1378 4490 1529 4544 illum
1560 4505 1670 4544 non
1718 4492 2002 4560 attingere.

428 4572 563 4628 Cum
597 4578 741 4631 enim
771 4579 925 4634 initio
946 4580 1157 4636 dubitet
1206 4580 1274 4635 de
1310 4582 1472 4637 modo
1506 4598 1613 4653 quo
1645 4581 1781 4636 vivis
1816 4597 2008 4636 exces-

2128 642 2242 696 τῶν
2269 641 2597 713 ἐπιχωρίων,
2623 641 2793 711 γόητα
2820 641 2915 693 καὶ
2944 638 3148 691 τούτων
3173 635 3488 708 ἡγουμένων
3521 636 3702 691 αὐτόν.

2129 733 2321 787 Καίτοι
2355 732 2504 797 ἄξιον
2548 731 2857 802 ἀπορῆσαι,
2908 728 3284 800 παραθέμενον
3314 726 3414 790 τὰς
3455 728 3513 779 ὲν
3561 727 3703 799 ἀρχῇ

2126 823 2220 877 τοῦ
2254 821 2621 892 Φιλοστράτου
2650 819 2842 885 λέξεις,
2870 820 2928 871 ὲν
2956 812 3043 881 αἷς
3064 817 3283 889 ἀπορῶν
3308 817 3337 870 ὃ
3360 834 3413 869 τι
3436 816 3501 888 δὴ
3534 816 3705 888 γόητα

2128 914 2287 968 αὑτὸν
2313 913 2691 983 ὑπειλήφασιν,
2723 911 2862 965 αὐτὰ
2891 909 2955 981 δὴ
2981 909 3152 963 ταῦτα
3182 909 3450 981 θαυμάζει
3491 909 3662 977 λέγων
3686 927 3702 940 '

2135 1025 2154 1057 ι
2197 1004 2564 1076 Ἐμπεδοκλέα
2601 1004 2698 1073 μὲν
2724 1004 2817 1055 καὶ
2849 1001 3191 1073 Πυθαγόραν,
3222 1003 3317 1055 καὶ
3342 1001 3704 1073 Δημόκριτον,

2128 1102 2243 1160 τοῖς
2269 1098 2453 1160 αὐτοῖς
2480 1096 2673 1166 μάγοις
2698 1092 3063 1164 ὡμιληκότας,
3079 1091 3230 1146 οὔπω
3251 1091 3492 1163 ὑπῆχθαι
3514 1091 3701 1166 τέχνῃ⁹

2128 1187 2391 1240 Πλάτωνά
2421 1203 2480 1238 τε
2505 1226 2518 1249 ,
2555 1183 2706 1255 παρὰ
2737 1185 2845 1236 τῶν
2896 1185 2954 1237 ὲν
2989 1183 3247 1253 Αἰγύπτῳ
3281 1183 3469 1254 ἱερέων
3506 1199 3565 1235 τε
3609 1181 3705 1236 καὶ

2130 1278 2427 1350 προφητῶν
2461 1276 2629 1330 πολλὰ
2656 1275 3050 1348 παρειληφότα,
3084 1277 3178 1328 καὶ
3205 1274 3380 1328 ταῦτα
3409 1277 3522 1338 τοῖς
3554 1275 3705 1339 ίδίοις

2125 1371 2466 1441 ἀναμίξαντα
2510 1369 2722 1438 λόγοις,
2768 1367 3018 1438 οὐδαμῶς
3063 1367 3211 1433 δόξαι
3255 1368 3363 1420 τισὶ
3419 1366 3701 1438 μαγεύειν.

2128 1463 2354 1517 Τουτονὶ
2387 1462 2444 1516 δὲ
2476 1460 2629 1515 οὔπω
2657 1460 3019 1531 γινώσκεσθαι
3066 1461 3196 1531 παρ’
3241 1459 3548 1533 ἀνθρώποις
3570 1502 3585 1528 ,
3618 1461 3702 1515 ὃ.ι

2124 1554 2191 1626 δὴ
2224 1555 2332 1609 ἀπὸ
2364 1554 2465 1623 τῆς
2518 1554 2778 1624 ἀληθινῆς
2804 1554 3030 1626 ὡρμᾶτο
3061 1555 3280 1623 σοφίας,
3321 1554 3493 1625 μάγον
3523 1553 3578 1606 δὲ
3603 1551 3705 1607 αὖ·

2126 1646 2215 1700 τὸν
2264 1645 2613 1716 νενομίσθαι,
2660 1644 2738 1716 τῷ
2773 1645 2965 1715 μάγοις
3000 1644 3382 1708 Βαϐυλωνίων,
3435 1645 3610 1698 Ἰνδῶν
3641 1662 3702 1698 τε

2126 1738 2413 1809 Βραχμᾶσι
2450 1737 2543 1790 καὶ
2574 1739 2687 1800 τοίς
2716 1735 3027 1805 Αἰγυπτίων
3049 1737 3278 1807 Γυμνοῑς
3307 1735 3698 1808 ὡμιληκέναι.»

2126 1830 2189 1882 Τί
2235 1831 2370 1900 δῆτα
2421 1827 2514 1883 οὖν
2546 1831 2825 1901 εἰρήσεται
2859 1828 2995 1899 πρὸς
3028 1827 3219 1893 αὑτὸν,
3249 1822 3294 1881 ὧ
3336 1823 3519 1893 οὗτοςς
3553 1828 3702 1898 Τῷδε

2125 1920 2205 1991 τῷ
2250 1922 2405 1993 ἀνδρὶ
2437 1922 2752 1993 τηλικοῦτον
2795 1923 3165 1992 ἐπεχειρεῖτο,
3210 1920 3285 1984 ὠς
3331 1920 3489 1991 μόνον
3530 1921 3701 1991 γόητα

2127 2011 2294 2064 πάλαι
2317 2029 2372 2063 τε
2391 2013 2483 2064 καὶ
2501 2011 2595 2065 νῦν
2618 2011 2928 2080 νενομίσθαι
2960 2010 3124 2063 εἰσέτι
3145 2010 3294 2081 παρὰ
3315 2010 3438 2072 τοὺς
3454 2008 3702 2081 τηλικούο

2122 2122 2247 2167 τους
2265 2103 2482 2174 ἄνδρας,
2501 2105 2550 2156 οἳ
2568 2104 2677 2156 τῶν
2694 2101 2892 2165 αὐτῶν,
2913 2101 2983 2164 ὡς
3008 2102 3132 2172 φῄς,
3150 2099 3480 2153 διδασκάλων
3512 2096 3705 2154 πεπει-

2124 2197 2381 2268 ρασμένοι
2413 2196 2568 2265 (10⁸),
2614 2193 2909 2266 διέπρεψαν
2946 2193 3042 2265 μὲν
3071 2194 3163 2247 καὶ
3200 2192 3323 2246 καθ’
3354 2192 3447 2257 οὓς
3478 2192 3704 2265 ἐγνωρί-

2123 2286 2277 2352 ζοντο
2303 2287 2527 2358 χῴνους
2547 2330 2561 2351 ,
2608 2287 2703 2340 καί¹
2746 2289 2804 2351 ἐς
2844 2286 2969 2349 τοὺς
3016 2286 3307 2355 μετέπειτα
3339 2284 3395 2337 δὲ
3426 2286 3525 2356 τῆς
3555 2284 3703 2356 σφῶν

2124 2381 2442 2449 φιλοσοφίας
2475 2380 2716 2449 ἀοίδιμον
2770 2378 3188 2433 καταλελοίπασι
3228 2377 3326 2449 τὴν
3376 2378 3575 2449 ἀρετήν
3598 2396 3612 2408 ·
3651 2380 3702 2432 εί

2126 2472 2200 2542 μὴ
2244 2471 2352 2541 ἄρα
2399 2471 2542 2540 πέρα
2589 2470 2695 2523 τῶν
2744 2469 3131 2539 προσηκόντων
3172 2468 3440 2540 ἐγχειρῶν
3483 2468 3596 2531 τοῖς
3638 2462 3699 2522 εὖ

2123 2560 2377 2631 φρονοῦσι
2411 2559 2641 2631 φανερὸς
2689 2559 3074 2629 καθειστήκει;
3118 2557 3324 2610 Αὐτίκα
3366 2557 3475 2609 τῶν
3502 2556 3595 2611 νῦν
3628 2559 3704 2610 εί·-

2124 2669 2227 2714 σιν,
2251 2651 2299 2703 οἳ
2326 2650 2651 2722 περιέργους
2687 2648 2934 2720 μηχανὰς
2965 2649 3097 2719 (li),
3129 2652 3192 2720 τῇ
3225 2646 3320 2701 τοῦ
3359 2648 3553 2721 ἀνδρὸς
3580 2650 3705 2702 ἀνα-

2123 2743 2379 2814 κειμένας
2412 2741 2784 2814 προσηγορίᾳ,
2835 2741 3218 2810 κατειληφέναι
3251 2740 3519 2810 λέγουσιν.
3564 2738 3701 2792 Ἀλλ’

2123 2836 2221 2889 οὐκ
2266 2834 2452 2905 ἔμοιγε
2496 2832 2647 2902 φίλον
2690 2833 2901 2896 τούτοις
2944 2833 3230 2904 προσέχειν
3258 2833 3349 2885 τὸν
3378 2832 3535 2886 νοῦν’
3567 2831 3702 2886 ἀλλὰ

2120 2928 2232 2999 γὰρ
2263 2926 2355 2981 καὶ
2383 2927 2510 2998 περλ⁵
2537 2926 2639 2995 τῆς
2669 2924 2929 2992 τελευτῆς
2962 2925 3054 2978 τοῦ
3084 2925 3275 2997 ἀνδρὸς
3305 2923 3574 2978 ἀκόλουθα
3595 2927 3705 2989 τοῖς

2122 3017 2407 3089 προτέροις
2450 3016 2786 3079 συντάττων,
2834 3014 2983 3067 οὐδὲν
3019 3014 3214 3086 ἀληθὲς
3262 3014 3527 3084 ἐξέφηνεν
3567 3014 3702 3070 εἰδέ-

2121 3127 2227 3163 ναι.
2266 3108 2403 3171 Τους
2440 3108 2537 3178 μὲν
2562 3106 2670 3178 γὰρ
2697 3107 2755 3158 ὲν
2788 3106 3000 3175 Ἐφέσῳ
3028 3105 3347 3176 τελευτῆσαι
3378 3104 3541 3158 αὐτὸν
3562 3106 3703 3157 ἱστο-

2124 3204 2227 3273 ρεῖ,
2256 3202 2380 3264 τοὺς
2409 3200 2466 3252 δὲ
2493 3203 2550 3253 ὲν
2576 3199 2750 3267 Λίνδῳ
2781 3200 2838 3262 ἐς
2862 3198 2921 3251 τὸ
2949 3197 3089 3270 ἱερὸν
3104 3196 3203 3268 τῆς
3226 3193 3494 3268 ”Αθηνᾶς,
3507 3194 3697 3258 ἄλλους

2120 3295 2175 3348 δὲ
2206 3296 2262 3347 ἐν
2302 3295 2516 3365 Κρήτῃ.
2562 3292 2673 3346 Καὶ
2702 3291 2969 3363 τοσαύτην
2998 3291 3217 3358 ἄγνοιαν
3240 3287 3333 3341 τοῦ
3365 3289 3495 3359 περὶ
3535 3286 3695 3342 αὐτ-ὗν

2116 3386 2301 3448 τέλους
2321 3384 2751 3445 κατασκεδάσας,
2774 3383 3016 3454 βούλεται
3038 3383 3198 3436 αὐτὸν
3214 3383 3269 3446 ἐς
3297 3382 3527 3453 οὐρανὸν
3550 3380 3696 3451 αύτῷ

2123 3475 2331 3545 σώματι
2375 3474 2649 3545 χωρῆσαω
2695 3473 3087 3545 Ἐσδραμόντος
3126 3470 3234 3543 γάρ
3274 3473 3329 3534 ἐς
3366 3472 3534 3542 ἱερὸν,
3568 3472 3699 3540 φησι

2121 3565 2435 3635 κλεισθῆναι
2465 3564 2562 3628 τὰς
2587 3564 2781 3628 πύλας,
2818 3565 2911 3618 καί
2936 3582 3054 3617 τινα
3264 3562 3525 3631 ἀδόκητον
3557 3579 3700 3633 παρι

2122 3659 2290 3712 θένων
2320 3661 2591 3711 ἐκπεσεῖν.
2623 3657 2695 3710 Τὸ
2723 3658 2778 3710 δὲ
2822 3653 2973 3728 ᾆσμα
3007 3652 3175 3708 εἶναι·
3218 3674 3236 3705 ι
3262 3655 3447 3725 Στεῖχε
3467 3695 3480 3716 ,
3527 3655 3702 3725 στεῖχε

2122 3753 2178 3814 ἐς
2205 3750 2451 3822 οὐρανὸν,
2497 3751 2694 3820 στεῖχε.
2729 3768 2746 3799 ι
2784 3749 2946 3817 Λέγει
2986 3747 3041 3800 δὲ
3063 3788 3077 3813 ,
3125 3747 3198 3811 ὡς
3233 3748 3366 3817 μήτε
3399 3744 3702 3815 κενοταφίῳ

2120 3843 2213 3897 τοῦ
2235 3844 2423 3914 ἀνδρός
2451 3861 2535 3896 πω
2558 3839 2859 3913 περιτύχοι,
2876 3840 3053 3893 καίτοι
3080 3839 3180 3909 τῆς
3207 3838 3309 3908 γῆς
3332 3838 3507 3907 ὁπόση
3531 3837 3698 3899 ἐστὶν,

2121 3936 2312 3989 ἑαυτὸν
2344 3935 2655 3988 ἐπελθόντα.
2685 3931 2791 3986 Καὶ
2825 3932 3073 4002 βούλεται
3099 3929 3246 4000 αὐτῷ
3274 3932 3307 3999 ή
3332 3931 3538 3983 διάνοια
3567 3928 3701 3999 μηδὲ

2120 4026 2257 4089 ὅλως
2297 4026 2525 4080 θανάτου
2561 4025 2653 4078 τὸν
2695 4023 2861 4094 ἄνδρα
2896 4023 3089 4091 θίγειν.
3144 4021 3413 4094 Πρότερον
3451 4021 3549 4090 μὲν
3594 4018 3701 4090 γὰρ

2125 4119 2476 4192 ἁμφιῦάλλων
2532 4120 2660 4190 περὶ
2708 4117 2800 4171 τοῦ
2844 4118 3078 4187 τρόπου,
3129 4114 3247 4169 καθ’
3296 4114 3354 4168 ὃν
3408 4112 3657 4167 ἐτελεύτα
3683 4150 3699 4174 ,

2119 4212 2345 4283 ὓστερον
2375 4211 2431 4265 δὲ
2460 4210 2755 4283 διαρρήδην
2788 4210 2884 4263 καὶ
2924 4211 2983 4273 ἐς
3013 4206 3241 4279 οὐρανὸν
3270 4206 3429 4260 αὐτὸν
3454 4206 3703 4278 χωρῆσαι

2116 4306 2334 4374 φάσκει.
2359 4303 2541 4361 Ὅθεν.
2569 4303 2644 4366 ὡς
2669 4302 2732 4372 δὴ
2763 4301 3004 4354 τοιοῦτον
3028 4302 3177 4361 ὄντα,
3196 4302 3287 4354 καὶ
3317 4299 3458 4352 κατὰ
3485 4298 3545 4351 τὺ
3570 4314 3704 4369 προ-

2113 4396 2286 4466 οίμιον
2312 4435 2325 4457 ,
2371 4395 2465 4448 καὶ
2507 4393 2627 4448 καθ’
2665 4393 2793 4464 ὅλην
2825 4393 2928 4465 τὴν
2970 4391 3222 4464 γραφὴν,
3256 4391 3573 4464 Πυθαγόρου
3606 4390 3703 4444 καὶ

2126 4486 2549 4559 Ἐμπεδοκλέους
2594 4485 2861 4558 θειότερόν
2912 4501 3078 4557 φησι,
3133 4486 3226 4538 καὶ
3271 4481 3701 4557 παρεληλυθέναι

2116 4580 2424 4653 φιλοσοφίᾳ.

427 4668 520 4733 sit,
545 4668 745 4724 diserte
770 4670 964 4726 deinde
1012 4671 1146 4726 dicit
1184 4672 1236 4725 in
1280 4673 1477 4727 cmlum
1537 4673 1855 4730 ascendisse
1914 4686 2062 4727 eum.
2109 4671 2481 4738 Quamobrem
2517 4686 2675 4737 eum,
2713 4676 2900 4725 tantus
2924 4666 3014 4738 qui
3040 4668 3133 4733 sit,
3167 4679 3220 4723 et
3254 4668 3309 4722 in
3334 4667 3603 4739 promtnio
3629 4667 3699 4734 ",

498 4783 546 4816 “
585 4784 678 4840 lib.
715 4802 755 4850 ι,
799 4801 847 4841 c.
881 4784 936 4842 2.
1014 4787 1062 4818 ’⁵
1103 4787 1196 4843 lib.
1236 4803 1363 4851 vm,
1401 4803 1451 4843 c.
1485 4787 1578 4844 29.
1653 4790 1699 4821 “
1739 4789 1835 4845 lib.
1875 4807 1926 4854 ι,
1980 4806 2034 4846 c.
2064 4790 2121 4844 2.

496 4903 631 4970 (10⁸)
673 4903 1162 4978 ρεπειριισμένοι.
1205 4903 1346 4977 Lege
1386 4906 1796 4978 πεπειραμένοι,
1831 4921 1862 4961 a
1889 4922 2009 4958 ﬂat--

2122 4905 2341 4978 lesmata
2363 4903 2628 4978 adversus
2661 4903 2924 4978 ciconias.
2946 4901 3073 4978 Lyci
3110 4900 3700 4978 tlu_vii_exun.d.'tiones.

427 4973 648 5045 ράομαι.
685 4973 843 5045 Eutr.

495 5043 605 5118 (ll)
650 5043 718 5097 Οἳ
743 5043 1090 5118 περιέργους
1114 5043 1415 5118 μηχανάς.
1440 5044 1838 5118 intelliguntur
1859 5047 2007 5101 τελε-

424 5115 606 5178 στικά,
628 5129 750 5185 quze
770 5118 972 5184 passim
1004 5117 1056 5169 in
1095 5115 1326 5173 urbibus
1359 5116 1502 5172 Asia:
1528 5127 1582 5172 et
1613 5115 1835 5172 GraeCiae
1863 5118 2010 5174 inve-

421 5187 737 5257 niebantur,
771 5200 896 5257 qua}
940 5187 1211 5255 Apollonii
1256 5188 1419 5257 vulgo
1459 5187 1677 5242 Eusebii
1730 5204 1845 5242 aavo
1886 5204 2009 5244 esse

421 5256 810 5320 credebantur,
851 5256 1079 5327 ejusque
1134 5259 1270 5313 adeo
1328 5256 1655 5312 dicebantur
1705 5274 1869 5322 esse;
1906 5258 2008 5312 hoc

422 5327 565 5380 enim
624 5328 1214 5400 estquodadditprﬁ
1269 5327 1364 5381 τοῦ
1418 5327 1623 5400 ἀνδρὸς
1643 5327 2010 5398 ἀνακειμένας

424 5396 784 5469 προσηγορία.
822 5395 1033 5469 Talium
1067 5398 1121 5452 in
1156 5395 1258 5453 hac
1296 5400 1412 5466 ipsa
1439 5395 1665 5469 his—toria
1698 5400 1756 5452 tit
1782 5395 2009 5469 mentio,

425 5465 522 5536 lib.
559 5465 634 5525 tv.
677 5465 800 5536 'ca'p.
839 5469 924 5522 ιυ.
958 5467 1118 5522 Plura
1164 5465 1345 5523 autem
1376 5471 1444 5523 de
1475 5469 1541 5522 iis
1575 5468 1738 5523 habet
1772 5467 2013 5523 Joannes

425 5535 799 5610 Autiocltenus
851 5540 905 5591 in
953 5538 1279 5610 Chronogr.,
1303 5555 1425 5610 pag.
1461 5538 1586 5601 542,
1617 5554 1777 5610 quem
1826 5539 2005 5593 locum

425 5608 774 5674 transcripsit
823 5610 983 5662 etiam
1019 5608 1210 5663 anctOr
1241 5608 1489 5663 ϐίη-οὶιὶσὶ
1528 5610 1682 5663 Alex.
1717 5608 1796 5662 Eu
1844 5611 2009 5665 verba

426 5676 548 5752 ejus
583 5672 799 5752 :THVUSE
830 5681 943 5752 τοῖς
975 5680 1186 5750 χρόνοις
1211 5680 1474 5749 βασιλέως
1506 5682 1835 5752 Δομετιανοῦ
1866 5684 1895 5734 ό
1919 5698 2007 5733 σο-

428 5742 673 5823 φόίτατος
715 5742 1127 5823 Ἀἡπολλώνίοςῌὸ
1156 5742 1419 5823 Τυανεὺς,
1442 5742 1545 5823 καὶ
1582 5742 2012 5823 ’ἠκμαζεμπερι-

428 5814 669 5888 πολεύων
698 5817 791 5888 καὶ
813 5819 1096 5888 ’πανταχοῦ
1125 5821 1293 5873 ποιῶν
1336 5814 1639 5888 τελέσματα
1669 5814 1883 5886 εἰςτὰς
1916 5814 2013 5874 πό-

427 5882 541 5949 ὶεις
560 5884 653 5937 καὶ
670 5886 747 5950 εἰς
769 5886 867 5948 τὰς
892 5882 1094 5958 χώρας.
1119 5890 1247 5951 ludc
1272 5901 1460 5946 narrat
1490 5882 1745 5962 Byzantii
1768 5882 1892 5949 eum
1930 5900 2011 5948 te-

2112 4975 2635 5034 testudincsitem,et
2647 4990 2710 5043 eq
2720 4990 2817 5028 uos
2833 4972 3157 5027 ferocientes
3173 4972 3385 5027 fecisse.
3404 4972 3707 5028 Antiochia:

2116 5049 2181 5100 ad
2217 5056 2427 5116 portam
2460 5046 2610 5100 urbis
2642 5045 2965 5116 orienta_lem
3006 5045 3231 5116 telesma
3261 5049 3454 5096 contra
3480 5049 3704 5097 ventum

2117 5112 2487 5187 aqu'ilonarem
2531 5116 2801 5187 posuisse.
2822 5112 3041 5187 ‘Fusum
3092 5113 3217 5187 item
3258 5128 3322 5166 ex
3369 5128 3493 5166 aere
3543 5128 3702 5187 scor-

2116 5184 2265 5258 pium
2296 5189 2351 5240 in
2384 5187 2515 5258 urbe
2538 5186 2715 5241 media
2744 5184 3038 5258 defodisse.
3063 5184 3483 5258 columnamque
3511 5184 3705 5258 ei_par-

2116 5254 2237 5311 vam
2277 5256 2627 5326 imposuisse,
2658 5256 2803 5326 quod
2833 5272 3027 5310 omnes
3054 5254 3302 5326 scorpios
3328 5254 3594 5322 fugaverit
3624 5260 3707 5326 le

2122 5329 2311 5382 lesma.
2350 5326 2509 5379 Aliud
2561 5325 2689 5381 iteni
2739 5327 3003 5382 adversus
3046 5325 3253 5379 culices
3282 5339 3523 5393 parasse,
3556 5325 3704 5393 quod

2161 5398 2389 5452 rolixius
2416 5397 2768 5460 describitur,
2798 5413 2962 5467 quam
3019 5404 3077 5449 ut
3129 5395 3702 5467 bicirepeterevacet.

2169 5469 2324 5522 adem
2386 5482 2517 5521 vero
2560 5468 2717 5536 juxta
2763 5463 2887 5521 cum
2940 5468 3064 5522 aliis
3096 5466 3368 5535 Apollonii
3402 5463 3706 5536 τελέσμασι

2116 5540 2279 5593 etiam
2330 5535 2567 5594 Tzetzes
2603 5545 2851 5594 recenset
2886 5537 3119 5593 Chiliad.
3158 5554 3216 5595 ιι.
3260 5536 3391 5591 hist.
3428 5535 3516 5590 60.
3549 5535 3705 5589 Adde

2114 5607 2599 5679 Joan.Gregorium
2624 5609 2677 5662 in
2705 5610 2920 5664 Observ.
2945 5608 3029 5673 8.,
3057 5625 3107 5662 c.
3127 5623 3248 5661 vm.
3267 5605 3365 5660 llic
3390 5608 3573 5679 itaque
3599 5622 3707 5679 p.13-

2115 5681 2278 5750 χαναί
2305 5682 2370 5751 τῇ
2394 5676 2492 5733 τοῦ
2526 5679 2717 5751 ἀνδρὸς
2737 5681 3103 5751 άνακείμεναι
3128 5676 3490 5751 προσηγορίᾳ.
3509 5676 3706 5751 Accio-

2118 5746 2203 5806 lus
2237 5746 2375 5804 male
2404 5746 2641 5803 verterat
2674 5770 2687 5804 :
2727 5748 2907 5820 Neque
2936 5746 3052 5804 uero
3084 5746 3238 5801 hodie
3262 5746 3471 5820 desunt,
3493 5746 3585 5820 qui
3606 5759 3701 5799 ατ-

2117 5829 2291 5882 perlos
2319 5836 2376 5874 se
2405 5820 2732 5889 dicantejus
2764 5817 2963 5873 nomini
2988 5823 3227 5873 invocato
3266 5819 3502 5889 magicas
3530 5817 3703 5871 iuuat

2119 5894 2354 5956 virtutes,
2387 5891 2456 5944 ad
2487 5887 2856 5959 superstitiosa
2883 5891 3141 5961 qua’piam
3170 5887 3485 5960 peragenda.
