4112 6422
376 418 475 474 861

1506 425 1709 482 LIBER
1746 423 2024 482 CONTRA
2061 424 2477 483 HIEROCLEM.

3516 421 3623 478 862

378 544 432 589 et
457 537 510 591 in
546 544 661 595 toto
688 554 871 611 opere,
895 540 1070 614 magis
1090 538 1250 614 542
1269 557 1430 619 quam
1454 546 1538 601 vel
1563 544 1949 618 Pythagoram,
1977 546 2062 601 vel
2085 544 2460 617 Empedoclem
2484 543 2559 597 ait
2581 540 2749 599 fuisse
2774 542 3040 605 divinum,
3069 539 3374 612 studiisque
3404 553 3501 609 sap
3525 556 3623 593 eu-

381 633 468 685 tia:
501 634 847 693 excelluisse.

871 750 1266 806 ΚΕΦΑΛΑῙΟΝ
1320 753 1451 807 ME’.

466 840 622 894 Ἀλλά
650 839 760 913 γὰρ
780 844 839 895 ἐν
868 841 1079 907 τούτοις
1105 846 1580 917 περιγραφομένου
1623 844 1718 901 τοῦ
1765 847 1945 916 λόγου,

385 930 566 1002 βραχέ’
600 934 734 987 ἄττα
768 934 895 1006 περὶ
929 934 1133 1007 μοιρῶν
1180 938 1275 990 καὶ
1305 937 1645 1009 εἱμαρμένης
1677 938 1807 1010 φέρε
1831 939 1947 992 δια-

383 1024 631 1095 λάϐωμεν
653 1042 667 1055 ⁸
694 1025 721 1079 ὅ
745 1043 799 1078 τι
830 1026 926 1080 καὶ
960 1023 1201 1097 βούλοιτο
1241 1028 1307 1081 δι’
1339 1030 1466 1101 ὅλης
1500 1029 1648 1100 αὑτῷ
1678 1031 1778 1101 τῆς
1811 1032 1946 1084 ὑπο-

383 1116 587 1180 θέσεως
646 1118 674 1170 ό
726 1117 882 1186 λόγος
924 1118 1058 1194 (12),
1119 1108 1180 1174 τὸ
1238 1120 1336 1192 μὲν
1392 1122 1477 1191 ἐφ’
1527 1124 1657 1194 ἡμῖν
1687 1121 1945 1194 ἀναιρῶν,

381 1209 623 1279 ἀνάγκην
658 1209 712 1264 δὲ
763 1191 1145 1280 εἰσάγων,’κοι)⁵
1197 1191 1579 1287 εἱμαρμένην
1602 1217 1696 1269 καὶ
1731 1191 1947 1288 μοί-ρας,

378 1301 760 1371 διαθροῦντεςο
814 1304 986 1377 ταύτῃ
1035 1305 1144 1377 γὰρ
1197 1306 1328 1377 ἡμῖν
1370 1306 1597 1371 ἐντελῶς
1648 1307 1740 1360 καὶ
1794 1310 1826 1377 η
1891 1308 1948 1361 ὲν

378 1393 608 1464 δόγμασι
666 1396 977 1465 ψευδοδοξία
1017 1398 1239 1470 τάνδρὸς
1280 1398 1736 1470 διευθυνθήσεται.
1794 1401 1853 1453 Εἰ
1883 1400 1946 1471 δὴ

378 1484 492 1552 οὖν,
527 1489 669 1542 κατά
692 1489 781 1542 τὸν
812 1488 1045 1559 ἀληθοῦς
1090 1490 1402 1560 φιλοσοφίας
1427 1492 1602 1560 λόγον,
1635 1493 1777 1565 ψυχὴ
1804 1495 1948 1546 πᾶσα

377 1581 641 1646 ἀθάνατος
706 1582 785 1655 (τὸ
837 1585 945 1655 γὰρ
989 1581 1292 1653 ἀεικίνητον
1342 1583 1782 1655 (15),ἁοάνατον,
1814 1586 1873 1639 τὸ
1903 1586 1946 1639 δ’

378 1671 469 1741 ὑφ’
489 1672 675 1745 ἐτέρου
711 1672 1048 1743 κινούμενον,
1078 1672 1288 1726 παῦλαν
1320 1673 1440 1744 ἔχον
1487 1676 1771 1746 κινήσεως,
1809 1679 1949 1729 παῦ-

376 1763 473 1817 λαν
506 1763 619 1835 ἕχει
649 1764 847 1836 ζωῆς),
877 1767 970 1817 καὶ
1013 1765 1157 1819 αἰτία
1189 1765 1463 1837 ἑλομένου,
1494 1767 1626 1832 Θεὸς
1671 1770 1908 1832 ἀναίτιος
1930 1787 1945 1802 ο

376 1854 461 1918 τίς
490 1856 694 1927 αίροῖτο
719 1854 874 1924 λόγος
902 1854 1159 1920 ἄκουσαν,
1206 1855 1324 1926 οὐχὶ
1358 1856 1414 1909 δὲ
1444 1859 1580 1911 κατά
1614 1859 1945 1930 προαίρεσιν,

377 1946 585 2018 ἀψύχου
633 1946 788 2018 δίκην
852 1945 1105 2017 σώματος
1157 1946 1354 2011 ἔξωθέν
1407 1948 1566 2004 ποθεν
1602 1952 1945 2022 κινουμένην,

377 2040 470 2092 καὶ
504 2039 746 2110 ὡσπερεὶ
798 2039 1375 2111 νευροσπαστουμένην
1412 2040 1542 2110 (14),
1572 2034 1673 2095 ὧδε
1725 2045 1946 2096 κάκεῖσε

375 2133 473 2202 τὴν
530 2131 833 2203 ἀεικίνητον
874 2131 1102 2199 ἄγεσθαι
1141 2130 1324 2201 φύσιν,
1381 2133 1543 2202 μηδὲν
1589 2134 1849 2205 μηδαμῶς
1887 2134 1946 2200 ἐξ
1976 2111 2019 2166 Β

379 2224 515 2287 ἰδίας
550 2224 725 2295 ὁρμῆς
756 2223 847 2276 καὶ
884 2224 1148 2293 κινήσεως
1184 2223 1530 2294 ἐνεργοῦσαν,
1570 2225 1702 2295 μηδὲ
1725 2228 1781 2288 ές
1816 2227 1942 2278 ἐαυ-

374 2315 472 2387 τὴν
499 2315 597 2385 τὴν
618 2313 724 2367 τῶν
785 2313 1077 2385 δρωμένων
1108 2314 1480 2385 ἀναφέρουσαν
1515 2315 1691 2368 αἰτίαν
1713 2334 1725 2346 ·
1773 2317 1942 2389 ταύτῃ

373 2423 433 2459 τε
469 2414 604 2477 μήτε
649 2404 1040 2475 φιλοσοφοῢσαν
1082 2406 1399 2459 ὲπαινετέαν
1464 2407 1771 2477 τυγχάνειν.
1821 2409 1942 2479 μήτ’

375 2493 439 2552 αὖ
470 2496 675 2568 ψεκτὴν
715 2496 908 2559 κακίας
946 2495 1194 2567 ἔμπλεων
1249 2499 1343 2550 καὶ
1381 2499 1681 2570 πονηρίας;
1714 2500 1778 2552 Τί
1813 2499 1944 2571 δῆτα

374 2587 465 2644 οὖν
519 2588 777 2661 Εὐφράτῃ
811 2587 1215 2660 λοιδορούμενος
1267 2591 1618 2663 καταμέμφῃ,
1650 2585 1693 2644 ὧ
1729 2593 1866 2655 ’τᾶν,
1897 2594 1944 2645 εί

379 2684 451 2755 μὴ
490 2683 616 2753 παρ’
670 2680 881 2744 ἑαυτοῦ,
918 2681 1030 2734 ἀλλ’
1068 2679 1127 2746 ἐξ
1157 2682 1497 2754 εἱμαρμένης
1523 2683 1615 2736 ἐπὶ
1655 2682 1714 2736 τὸ
1757 2683 1945 2752 κέρδος

375 2771 580 2836 ἐκδοὺς,
624 2771 699 2835 ὡς
724 2772 884 2835 αὐτὸς
916 2771 1103 2836 ἀξιοῖς,
1141 2772 1409 2845 ὠλιγώρει
1436 2774 1753 2844 φιλοσοφίας
1787 2774 1897 2843 (15)
1926 2792 1941 2840 ;

375 2865 438 2918 Τί
474 2866 529 2918 δὲ
556 2865 745 2935 γόησιν
776 2864 1096 2936 ἐνυϐρίζεις,
1123 2862 1484 2934 ψευδοσόφους
1510 2866 1817 2931 ἀποκαλῶν,
1841 2867 1945 2920 ὑπὸ

380 2957 602 3030 μοιρῶν,
630 2957 705 3021 ὡς
741 2959 869 3028 ἡγῇ,
893 2956 1319 3027 καθελκομένους
1343 2958 1433 3010 ἐπὶ
1455 2958 1544 3011 τὸν
1578 2959 1945 3031 κακοδαίμονα

376 3050 520 3121 βίον;
548 3051 612 3104 Τί
650 3049 707 3104 δὲ
764 3049 959 3103 κακίαν
992 3049 1175 3113 ἁπλῶς
1218 3046 1536 3120 ὀνομάζεις
1570 3053 1681 3105 Καὶ
1712 3054 1944 3126 πονηρός

372 3161 455 3207 τις
483 3142 783 3214 ἀνθρώπων
814 3143 912 3196 οὐκ
939 3144 996 3195 ὲν
1027 3141 1148 3214 δίκῃ
1187 3142 1427 3213 κρίνεται
1452 3141 1603 3212 παρά
1634 3143 1736 3205 σοὶ,
1761 3143 1853 3196 τὸν
1886 3144 1944 3210 ἐξ

372 3235 614 3305 ἀνάγκης
637 3235 964 3306 εἱμαρμένον
1005 3234 1336 3304 ἀποπληρῶν
1377 3234 1521 3307 ὅρον.
1571 3235 1657 3299 Ὠς
1686 3234 1940 3307 ἔμπαλιν,

371 3326 477 3377 τίνι
524 3326 666 3395 λόγῳ
712 3325 1034 3395 Πυθαγόραν
1072 3324 1411 3395 σεμνολογῶν
1472 3324 1780 3396 Θαυμαστὸν
1821 3328 1942 3379 ὲπι-

372 3417 559 3489 γράφῃ
619 3416 955 3480 διδάσκαλον,
1012 3418 1105 3469 καὶ
1154 3416 1354 3487 μοιρῶν
1400 3418 1669 3485 παίγνιον,
1703 3417 1817 3470 ἀλλ’
1844 3420 1944 3472 οὐκ

375 3507 608 3578 ἐραστὴν
640 3506 766 3559 ὄντα
802 3505 1135 3575 φιλοσοφίας,
1173 3507 1272 3558 οὐκ
1310 3506 1627 3569 ἀπολείπεις
1670 3507 1942 3572 ὲπαινῶνς

373 3594 633 3669 ιὲδραώτης
668 3597 724 3650 δὲ
754 3598 846 3650 καὶ
880 3596 1114 3667 Ἶάρχας,
1184 3596 1357 3651 Ἰνδῶν
1396 3597 1691 3666 φιλόσοφοι,
1727 3598 1780 3650 τί
1813 3598 1947 3668 μᾶλ-

373 3690 463 3743 λον
493 3689 640 3761 παρᾶ
677 3691 757 3742 σοι
778 3689 913 3742 Θεῶν
946 3688 1330 3759 ἀπηνέγκαντο
1359 3687 1468 3758 (16)
1498 3689 1675 3753 δόξαν,
1707 3689 1872 3759 μηδέν
1891 3705 1944 3740 τι

377 3782 622 3846 παιδείας
642 3781 768 3835 ἴδιον
787 3781 920 3850 (17),
948 3780 1068 3852 μηδ’
1093 3780 1291 3851 ἀρετῆς
1311 3779 1744 3849 ἀπενεγκάμενοι
1768 3779 1941 3844 κλέος;

374 3875 623 3945 Νέρωνος
649 3874 692 3926 δ’
729 3873 987 3936 ὡσαύτως
1015 3873 1107 3925 καὶ
1137 3870 1462 3942 Δομετιανοῦ
1495 3871 1546 3923 τί
1577 3872 1695 3940 οὐχὶ
1729 3871 1945 3941 μοίραις

375 3967 468 4019 καὶ
519 3966 732 4038 ἀνάγκῃ
784 3965 882 4036 τὴν
911 3964 1207 4018 ἀκόλαστον
1240 3963 1564 4035 περιάπτεις
1596 3961 1905 4032 ἀγερωχίαν
1932 4002 1945 4021 ,

376 4058 555 4129 πάσης
589 4057 765 4119 αἰτίας
788 4058 879 4111 καὶ
904 4056 1102 4119 παντὸς
1125 4054 1464 4126 ἐγκλήματος
1495 4055 1792 4127 ἐλευθερῶν
1823 4054 1948 4119 τοὺς

372 4149 600 4220 ἀνδρας;
643 4148 801 4201 Ἀλλά
844 4150 936 4201 καὶ
968 4149 1020 4202 εἴ
1041 4166 1118 4219 τῳ
1152 4148 1459 4219 πέπρωται,
1492 4147 1567 4210 ὡς
1596 4149 1721 4218 φῂς,
1758 4147 1946 4217 δρομι-

371 4241 473 4313 κῷ,
498 4243 591 4295 καὶ
617 4241 833 4312 τοξικῷ,
858 4243 951 4294 καὶ
969 4239 1262 4311 τεκτονικῷ
1287 4239 1535 4309 γενέσθαι
1556 4239 1690 4310 (18)·
1708 4237 1849 4291 οὕτω
1880 4239 1945 4310 δὴ

371 4335 481 4408 γὰρ
501 4335 655 4406 γόητι
679 4335 770 4388 τὸν
798 4334 997 4405 τρόπον
1023 4334 1156 4396 ὄντι,
1188 4333 1358 4404 μάγον
1391 4332 1728 4402 ἀναφανῆναι
1752 4349 1765 4361 ’
1797 4349 1943 4402 μιαι-

376 4426 517 4497 φόνῳ
538 4444 597 4479 τε
636 4427 729 4480 καὶ
779 4424 1017 4498 πονηρῷ,
1046 4427 1145 4499 καὶ
1181 4424 1464 4495 ἀκολάστῳ
1500 4424 1718 4486 πάντως
1748 4440 1850 4476 που
1883 4421 1942 4491 ἐξ

370 4514 616 4587 ἀνάγκης
637 4516 840 4570 τοιόσδε
881 4533 964 4579 τις
1004 4515 1356 4588 ἀποϐήσεται.
1391 4514 1455 4567 Τί
1490 4514 1627 4585 δῆτα
1669 4509 1762 4567 οὖν
1788 4530 1943 4585 περι-

1975 770 2025 827 Α

2606 744 2833 806 CAPUT
2892 744 3053 803 XLV.

2122 859 2229 915 Sed
2283 860 2482 914 limites
2537 858 2802 914 orationis
2850 856 3248 913 constituentes
3303 856 3477 923 istos,
3519 871 3621 927 age

2047 952 2236 1022 paucis
2297 951 2474 1005 adhuc
2524 951 2593 1005 de
2657 950 2798 1013 fato,
2829 956 2992 1019 atque
3048 947 3237 1003 Parcis
3269 956 3611 1004 tractemus:

2048 1044 2178 1115 quid
2202 1043 2327 1098 velit
2350 1038 2648 1114 [scriptori]
2669 1056 2766 1110 per
2796 1050 2965 1095 totum
3000 1055 3138 1109 opus
3164 1038 3309 1094 istud
3343 1039 3615 1105 doctrina,

2049 1134 2257 1189 arbitrii
2280 1133 2479 1189 tollens
2508 1132 2835 1196 libertatem,
2854 1140 2909 1186 et
2940 1132 3321 1187 necessitatem
3353 1131 3618 1188 inducens

2048 1226 2303 1295 legesque
2345 1222 2557 1287 fatales,
2593 1233 2647 1277 et
2699 1222 2889 1285 fatum,
2929 1223 3226 1293 dispecturi
3266 1242 3278 1277 :
3323 1224 3423 1277 hac
3469 1223 3614 1278 enim

2048 1316 2259 1369 ratione
2283 1322 2538 1369 accurate
2589 1329 2619 1367 a
2666 1314 2824 1368 nobis
2857 1314 3129 1383 Apollonii
3161 1315 3216 1369 in
3245 1314 3494 1369 doctrina
3528 1329 3618 1369 er-

2049 1424 2202 1463 rores
2256 1408 2416 1461 etiam
2450 1407 2864 1476 redarguentur.
2918 1404 2976 1459 Si
3028 1414 3111 1460 est
3152 1407 3312 1476 igitur
3359 1406 3439 1477 (ut
3476 1422 3619 1462 vera:

2049 1498 2402 1569 philosophiae
2421 1497 2671 1551 doctrina
2689 1496 2898 1567 tradit.)
2928 1497 3108 1550 anima
3129 1498 3452 1554 immortalis
3518 1498 3619 1568 (si-

2048 1589 2266 1660 quidem
2301 1590 2444 1659 quod
2468 1604 2682 1659 semper
2702 1598 2972 1653 movetur,
3002 1599 3085 1644 est
3115 1590 3438 1654 immortale,
3471 1591 3618 1660 quod

2049 1688 2231 1736 autem
2284 1688 2530 1735 movetur
2583 1679 2821 1742 aliunde,
2880 1680 2971 1733 ubi
3034 1687 3214 1734 motus
3253 1682 3618 1736 cessationem

2049 1772 2350 1834 admiserit,
2371 1772 2549 1826 vivere
2566 1766 2811 1837 desinit);
2830 1771 2876 1824 si
2889 1770 3016 1824 item
3037 1778 3120 1825 est
3136 1785 3299 1826 causa
3315 1771 3617 1834 electionis,

2047 1876 2100 1921 et
2124 1865 2264 1921 Deus
2289 1865 2462 1935 culpae
2492 1873 2576 1919 est
2605 1863 2893 1929 immunis;
2944 1878 3065 1932 quae
3093 1870 3232 1918 ratio
3260 1863 3364 1918 sibi
3394 1879 3621 1933 persua-

2049 1957 2180 2011 serit
2232 1956 2485 2021 invitam,
2516 1970 2623 2009 non
2660 1963 2852 2024 sponte
2910 1968 3044 2017 sua,
3100 1954 3265 2010 veluti
3316 1954 3618 2007 inanimum

2048 2060 2267 2116 corpus,
2286 2046 2353 2099 ab
2381 2053 2607 2100 externo
2639 2044 2818 2112 aliquo
2848 2042 3123 2113 agitatam,
3157 2052 3210 2097 et
3239 2043 3404 2097 veluti
3427 2043 3620 2098 alienis

2047 2139 2229 2194 nervis
2254 2138 2528 2200 mobilem,
2549 2137 2654 2190 huc
2669 2144 2723 2190 et
2741 2136 2867 2189 illuc
2891 2143 3151 2205 perpetuo
3172 2144 3321 2194 mozu
3349 2135 3619 2204 vigentem

2048 2238 2297 2286 naturam
2352 2229 2501 2293 duci,
2548 2227 2684 2282 nihil
2716 2242 2954 2297 unquam
2985 2227 3035 2281 vi
3083 2227 3303 2296 propria
3359 2234 3620 2297 motuque

2048 2329 2316 2392 agentem,
2342 2335 2521 2390 neque
2573 2317 2641 2373 ad
2691 2319 2928 2389 seipsam
2970 2316 3237 2371 factorum
3269 2332 3299 2370 a
3328 2332 3389 2371 se
3420 2332 3618 2374 causas

2044 2414 2366 2469 referentem
2403 2431 2417 2467 :
2448 2420 2611 2481 atque
2638 2413 2708 2467 ob
2741 2410 2793 2464 id
2820 2410 2996 2482 ipsum
3030 2425 3207 2480 neque
3232 2410 3620 2480 philosophan-

2047 2512 2153 2558 tem
2188 2502 2398 2557 laudem
2425 2502 2642 2566 mereri,
2674 2517 2850 2571 neque
2881 2500 3355 2570 reprehensionem
3385 2501 3431 2556 si
3463 2502 3620 2556 mali-

2046 2597 2135 2650 tia:
2174 2611 2235 2647 ac
2259 2594 2581 2648 delictorum
2621 2594 2776 2662 plena
2810 2591 3164 2658 Γυθιίῑῖρυἰά
3206 2592 3392 2661 igitur,
3420 2592 3616 2659 amice,

2045 2686 2371 2758 Euphratem
2399 2685 2661 2740 conviciis
2696 2693 2859 2754 atque
2892 2684 3455 2738 animadversionibus
3494 2698 3624 2753 pro-

2047 2780 2293 2850 sequeris
2321 2779 2387 2846 ⁸⁷,
2415 2779 2458 2835 si
2493 2795 2599 2833 non
2629 2793 2729 2834 suo
2780 2776 3028 2839 arbitrio,
3056 2776 3151 2830 sed
3182 2775 3327 2829 fatali
3379 2774 3618 2831 necessi-

2048 2882 2158 2928 tate
2188 2875 2339 2927 lucro
2360 2872 2598 2935 deditus,
2624 2871 2942 2941 ignominia,
2979 2876 3143 2941 prout
3177 2878 3231 2922 tu
3257 2884 3470 2932 censes,
3497 2867 3621 2938 phi-

2048 2966 2350 3036 l050phiam
2382 2964 2578 3019 allicit?
2603 2963 2745 3030 Quid
2767 2978 2955 3034 magns
2982 2962 3109 3016 item
3135 2961 3351 3029 probris
3386 2958 3622 3015 insecta-

2044 3059 2124 3113 ris
2155 3060 2221 3122 ’⁸,
2251 3059 2451 3129 spuria;
2479 3056 2758 3126 sapientire
2788 3056 3027 3109 cultores
3059 3053 3359 3122 appellans,
3390 3053 3480 3120 qui
3510 3050 3620 3105 fato

2044 3158 2248 3210 tamen.
2278 3151 2433 3219 juxta
2466 3158 2611 3202 tttam
2643 3148 2979 3217 opinionem,
3022 3145 3091 3199 ad
3141 3144 3331 3199 infelix
3362 3143 3507 3199 istud
3544 3144 3622 3198 vi-

2043 3243 2202 3298 vendi
2254 3259 2426 3312 genus
2486 3239 2819 3294 trahuntur?
2875 3236 2987 3293 imo
3016 3238 3146 3307 quid
3177 3238 3368 3292 vitium
3399 3237 3623 3292 omnino

2045 3334 2221 3387 adhuc
2256 3332 2547 3386 nominas?
2585 3330 2768 3399 Neque
2818 3331 2996 3383 malus
3031 3330 3321 3398 quisquam
3351 3328 3478 3398 jure
3505 3343 3536 3382 a
3567 3335 3624 3383 to

1972 3449 2012 3504 ο
2046 3426 2358 3491 danmatur,
2388 3424 2760 3493 praescriptam
2810 3421 2913 3475 sibi
2945 3435 2975 3474 a
3006 3419 3116 3475 fato
3148 3422 3513 3477 necessariam
3544 3421 3624 3476 le-

2051 3531 2168 3585 gem
2219 3514 2344 3568 dum
2379 3514 2585 3583 implet.
2647 3511 2739 3567 Sic
2767 3527 2923 3566 versa
2984 3512 3136 3574 vice,
3186 3528 3291 3582 qua
3323 3521 3377 3566 tu
3414 3512 3626 3567 ratione

2050 3604 2409 3676 Pythagoram
2450 3612 2741 3658 veneratus
2796 3602 3168 3657 admirabilem
3207 3618 3372 3658 vocas
3420 3618 3620 3673 praece-

2050 3707 2255 3767 ptorem
2289 3698 2352 3761 ’9,
2384 3695 2792 3766 Parcarumque
2847 3696 3138 3751 ludibrium
3193 3695 3285 3765 qui
3345 3695 3459 3757 sit,
3511 3710 3623 3751 non

2049 3786 2329 3855 sapientiae
2385 3793 2614 3849 amator,
2671 3784 2894 3840 laudare
2936 3801 3048 3839 non
3104 3787 3327 3839 cessas?
3356 3783 3624 3840 Phraotcs

2047 3894 2211 3948 porro
2243 3887 2295 3932 et
2325 3877 2545 3932 larchas
2579 3893 2679 3932 cur
2714 3878 2894 3947 potius
2919 3892 3080 3946 quam
3105 3877 3194 3929 alii
3228 3877 3479 3930 homines
3505 3889 3535 3927 a
3568 3884 3625 3930 te

2047 3983 2145 4037 pro
2175 3966 2281 4023 diis
2301 3968 2789 4035 habentur",cttm
2814 3969 3089 4037 propriam
3118 3982 3225 4021 non
3255 3964 3432 4021 ferant
3463 3966 3627 4021 insti-

2048 4059 2278 4114 tutionis
2309 4067 2473 4127 atque
2524 4059 2745 4114 virtutis
2787 4059 3044 4114 laudem?
3092 4057 3378 4128 Similique
3412 4058 3625 4114 ratione

2048 4149 2279 4205 Neronis
2308 4145 2466 4220 543
2498 4157 2551 4205 et
2588 4149 2877 4203 Domitiani
2926 4165 3026 4203 cur
3073 4148 3184 4203 fato
3219 4157 3273 4202 et
3308 4148 3622 4203 necessitati

2049 4242 2366 4295 infrunitam
2397 4241 2538 4295 haud
2558 4242 2753 4296 tribuis
2778 4241 3110 4311 superbiam,
3131 4241 3198 4295 ab
3214 4241 3362 4295 omni
3393 4239 3623 4295 crimine

2049 4340 2102 4388 et
2125 4334 2283 4402 culpa
2316 4349 2411 4388 eos
2442 4333 2770 4388 absolvens?
2790 4332 2989 4388 Verum
3021 4334 3067 4388 si
3091 4332 3179 4387 cui
3211 4331 3323 4386 fato
3356 4331 3621 4386 tributum

2049 4432 2154 4487 est,
2179 4433 2257 4488 ut,
2290 4423 2746 4494 quemadmodum
2774 4425 2935 4488 ais“,
2966 4439 3161 4480 cursor
3186 4425 3279 4489 sit,
3309 4430 3367 4476 ut
3398 4423 3624 4493 sagitta-

2048 4515 2187 4579 rius,
2219 4522 2278 4569 ut
2303 4516 2667 4583 architectus;
2701 4517 2923 4586 perinde
2950 4518 3113 4571 etiam
3146 4517 3217 4581 ei,
3249 4516 3342 4578 qui
3373 4517 3623 4570 incanta-

443 4674 745 4746 "7lib.rvt,
781 4690 832 4728 c.
862 4673 972 4740 29;
1016 4672 1115 4746 lib,
1145 4689 1272 4740 vnt,
1308 4689 1355 4728 c.
1399 4673 1449 4726 7.
1526 4672 1571 4704 ’⁸
1613 4673 1707 4727 lib.
1744 4688 1875 4737 vnt,
1910 4686 1960 4726 c.
2003 4670 2055 4728 7.
2131 4674 2177 4706 ”
2217 4673 2312 4729 lib.
2366 4688 2499 4738 vm,
2532 4688 2584 4728 c.
2623 4672 2655 4726 7
2684 4689 2801 4746 seq.
2838 4681 2892 4729 et
2957 4674 3186 4743 passim.
3262 4671 3308 4704 ⁹⁰
3350 4671 3443 4727 lib.
3509 4685 3616 4735 vn,

367 4758 425 4802 c.
456 4745 545 4803 52.
622 4745 665 4777 ³¹
704 4748 799 4801 lib.
832 4760 963 4809 vut,
1005 4759 1054 4798 c.
1086 4744 1140 4800 7.

439 4906 554 4980 (ιε)
585 4908 662 4960 Δι’
688 4908 838 4980 ὅλης
864 4907 1027 4980 αὐτῷ
1050 4905 1153 4980 τῆς
1173 4908 1348 4980 ὐποθ.
1379 4906 1653 4980 όᾼλόγος,
1675 4914 1780 4980 etc.
1814 4904 1937 4980 Hazc
1972 4910 2016 4966 ι)

367 4988 425 5034 et
453 4975 735 5047 sequentia
766 4975 809 5033 si
844 4982 979 5033 lecta
1005 4977 1235 5032 fuissent
1272 4977 1387 5029 viro
1407 4976 1586 5043 docto,
1609 4977 1692 5029 ιιι).
1724 4975 1935 5038 Jonsio,

371 5051 427 5104 in
459 5051 596 5104 libro
629 5048 704 5102 De
738 5048 1081 5118 scriptoribus
1122 5048 1246 5101 Itist.
1274 5047 1490 5115 philos.,
1523 5062 1632 5101 non
1671 5048 1939 5115 potuisset

372 5122 425 5175 in
456 5136 579 5179 eum
620 5120 831 5190 prolabi
868 5133 1129 5190 errorem,
1162 5134 1273 5190 quo
1295 5118 1553 5190 abreptus
1581 5118 1938 5190 existimavit,

371 5186 725 5247 liierocli'de
782 5188 893 5243 fato
939 5186 1213 5257 disputata
1261 5187 1347 5242 hic
1381 5188 1673 5257 confutari,
1705 5202 1940 5257 quorum

371 5261 673 5331 fragmenta
729 5259 980 5314 Stobaeus
1032 5256 1190 5331 nobis
1248 5259 1503 5331 servavit.
1543 5256 1942 5331 Uude’deinde

370 5327 747 5401 :trg'ttmenlum
780 5331 883 5384 sibi
914 5329 1065 5401 nasci
1098 5329 1755 5401 putavit,Caesariensem
1775 5327 1944 5401 Euse-

370 5396 521 5456 itium
574 5417 679 5455 non
723 5416 844 5455 esse
889 5400 980 5468 qui
1011 5397 1126 5451 haec
1159 5400 1401 5468 scripsit,
1434 5413 1557 5452 cum
1596 5398 1689 5467 qui
1726 5397 1793 5468 de
1827 5396 1938 5451 fato

370 5472 591 5540 scripsit
650 5467 947 5533 Hierocles,
981 5476 1140 5540 aetate
1186 5467 1373 5523 eo’sit
1415 5469 1644 5522 multum
1688 5467 1934 5540 inferior.

368 5537 646 5666 ΡΙ(1⁷2))Τὸ
664 5540 773 5613 γὰρ
798 5541 1009 5596 ἀεικίν.
1035 5538 1327 5609 Desumpta
1350 5547 1479 5593 sunt
1499 5540 1604 5594 ista
1627 5554 1694 5593 ex
1716 5537 1942 5593 Phazdro

438 5632 463 5665 ιι
493 5628 636 5666 "IIIS.

418 5614 636 5667 Iatottis.

443 5683 1093 5754 (14)Νευροστπαστουμ.
1129 5677 1495 5754 Hunclocnm
1531 5679 1796 5754 interpres
1843 5680 1945 5734 mi-

370 5768 493 5807 sere
522 5750 827 5821 exreperat.
858 5750 1228 5823 quemhpaulo
1262 5750 1479 5823 planius
1510 5751 1822 5820 rectiusque
1857 5766 1944 5807 me

370 5818 712 5891 expressisse
733 5818 990 5878 arbitror.
1015 5818 1286 5876 Hoesrstv'.
1324 5818 1938 5877 Holstemanam'autem

373 5891 875 5958 interpretationem
905 5893 991 5949 hic
1028 5907 1128 5950 nos
1153 5906 1369 5965 quoque
1402 5892 1762 5949 servavimus.

1844 5990 1955 6005 “au-un

2114 4900 2224 4974 (15)
2243 4898 2533 4974 Ὠλιγιὶιρει
2554 4895 2940 4974 φιῖλοεοφίας.
2962 4892 3119 4974 ῌαρά
3148 4892 3209 4946 τὸ
3241 4891 3449 4974 πρέπον
3470 4887 3619 4959 φιλο-

2045 4962 2219 5044 σοφία
2239 4962 2498 5044 πράττειν
2534 4962 2666 5024 dicit
2690 4962 3017 5044 P_hi_|ostr;_l.
3052 4962 3130 5026 in,
3162 4978 3210 5016 c.
3245 4962 3334 5015 59.

2145 5031 2227 5112 l6)
2257 5031 2511 5096 Μᾶλλον
2538 5055 2611 5112 π.
2639 5039 2758 5112 σοί,
2794 5035 3134 5112 etc._‘Nempe
3155 5048 3265 5112 eos
3300 5031 3492 5112 μόνους
3519 5031 3615 5084 ἀν-

2043 5103 2276 5197 θρῶπων
2309 5128 2367 5167 se
2389 5127 2487 5182 pro
2521 5110 2628 5165 diis
2658 5110 2857 5165 habere
2885 5103 3087 5163 diserte
3119 5105 3195 5157 ait
3218 5105 3339 5156 loco
3361 5103 3415 5156 in
3440 5116 3613 5172 marg.

2043 5194 2233 5241 CilillO.
2680 5202 2687 5205 '

2117 5255 2228 5327 (I7)
2258 5252 2472 5327 tundere
2501 5251 2855 5327 tremeatqu
2883 5248 3075 5327 ἴδωντ-
3119 5243 3371 5327 Ipsorum
3384 5313 3394 5324 .
3421 5256 3618 5323 nempe

2044 5313 2155 5380 non
2210 5313 2296 5381 est
2338 5313 2608 5393 quidquid
2658 5322 2715 5393 in
2765 5313 2844 5374 eis
2890 5313 3263 5393 virtut_is.'sed_
3303 5313 3422 5393 fati,
3457 5313 3620 5378 cujus

2043 5385 2387 5451 necessitans
2418 5385 2514 5448 vis.
2527 5408 2622 5448 eos
2654 5392 2721 5445 ad
2756 5393 3011 5445 virtutem
3036 5385 3385 5441 determinat.

2117 5466 2226 5537 (18)
2263 5464 2574 5519 Γενέσθαι.
2608 5461 2761 5537 Hanc
2792 5474 2977 5537 vocem
3018 5457 3219 5537 addere
3260 5468 3429 5537 ausus
3474 5468 3617 5510 smn.

2048 5522 2168 5592 side
2208 5522 2323 5607 'qua
2376 5548 2603 5607 mancus
2660 5531 2747 5585 hic
2802 5530 2954 5584 locus
3012 5527 3315 5607 videbatur:
3364 5522 3439 5607 Ea
3490 5536 3621 5607 vero

2047 5595 2249 5662 addita'
2290 5606 2474 5659 omnia
2525 5605 2684 5673 plana
2745 5608 2894 5673 sunt,
2938 5597 3101 5653 modo
3148 5595 3464 5673 memineris
3497 5600 3622 5673 post

2045 5677 2381 5748 ἀναφανῆναι
2434 5663 2659 5748 verbum
2720 5670 3004 5741 πέπρωται
3057 5676 3305 5748 repetere
3349 5663 3464 5748 ,ἀπὸ
3524 5663 3621 5746 τοι]

2044 5737 2249 5811 κοινοῦ,
2280 5737 2355 5817 'et
2405 5744 2655 5817 similiter
2698 5737 2844 5817 post
2882 5739 3244 5817 ptatcptSVQ)“tE
3278 5737 3373 5791 καὶ
3403 5737 3626 5817 πονηρῷ

2044 5807 2484 5928 καὶόᾰδιολάστῳ,
2521 5807 3044 5884 ειιιιὶιιίθιιίςθίιᾱιιιιι
3106 5807 3395 5881 πέπρωται
3449 5807 3627 5863 ταῦτα

2044 5888 2321 5959 γενέσθαι.
