4112 6440
456 398 560 459 853

1089 391 1365 449 EUSEBll
1401 386 1883 446 CESABIENSIS
1922 386 2074 445 OPP.
2110 383 2291 441 PARS
2327 386 2393 442 ll.
2434 416 2504 428 -—
2538 382 3018 441 APOLOGETICA

3604 382 3709 440 864

456 516 656 574 mentis
684 515 902 573 deditus
928 522 1036 580 est,
1070 521 1131 570 ut
1161 528 1353 584 magus
1394 511 1591 568 evadat
1624 508 1678 583 [a
1710 511 1839 567 fatis
1866 511 2030 567 obve-

2132 508 2334 563 νοστῶν
2377 510 2487 572 τοῖς
2533 506 2607 580 μὴ
2643 507 2774 570 οἵοις
2831 523 2891 559 τε
2942 506 3124 576 τυχεῖν
3145 502 3482 575 διορθώσεως
3507 504 3708 573 ἀρετὴν

456 609 624 683 niet];
652 610 1014 680 similiterque
1046 609 1247 665 sicario
1280 609 1433 675 item,
1463 605 1741 670 nebuloni,
1765 606 2029 675 superbo;

456 715 570 758 tum
597 700 822 757 omnino
857 717 925 757 ex
978 702 1309 757 necessitate
1358 701 1483 755 talis
1537 698 1661 754 erit.
1695 697 1836 763 Quid
1866 697 2034 768 igitur

453 797 717 851 oberrans
746 794 1143 850 emendationis
1172 809 1280 849 non
1304 792 1597 863 capacibus
1628 792 1879 848 virtutem
1904 806 2030 861 pro-

453 886 648 957 ponis?
668 884 778 939 Aut
798 884 930 955 quid
965 885 1021 941 in
1065 900 1161 940 eos
1191 883 1599 948 animadvertis,
1630 898 1863 953 quorum
1897 882 2027 947 fata,

453 990 565 1030 non
595 990 725 1029 vero
760 976 1015 1030 voluntas
1049 982 1355 1030 monstrum
1389 973 1583 1029 alunt?
1623 974 1738 1029 lino
1797 974 1951 1044 quid.
1983 975 2029 1028 si

453 1068 559 1139 ipsi
585 1068 682 1122 tibi
711 1067 840 1122 fatis
861 1075 946 1124 est
972 1068 1330 1131 destinatum,
1364 1074 1423 1121 ut
1449 1066 1632 1123 divina
1667 1066 1928 1138 praeditus
1949 1068 2031 1123 in-

451 1155 576 1211 dole
606 1156 989 1226 imperatorem
1022 1164 1205 1211 mente
1238 1156 1458 1211 sublimi
1511 1156 1819 1226 despicias;
1854 1157 2026 1227 magi-

453 1256 693 1303 strorum
717 1248 935 1304 scholas
959 1246 1356 1317 frequentasti?
1381 1247 1519 1313 Quid
1537 1247 1769 1309 Arabas,
1801 1247 2033 1319 Babylo-

452 1338 778 1408 niorumque
824 1354 1036 1410 magos,
1092 1347 1147 1393 et
1201 1338 1456 1392 ludorum
1508 1338 1782 1408 sapientes
1812 1339 2031 1394 curiose

450 1431 673 1487 obiisti?
701 1430 895 1485 Omnia
917 1430 1063 1485 enim
1089 1430 1172 1484 vel
1192 1429 1331 1484 citra
1359 1431 1505 1483 illam
1531 1429 2025 1494 conversationem,

449 1537 571 1591 qua:
621 1521 745 1578 fatis
798 1528 983 1576 essent
1010 1521 1249 1584 decreta,
1304 1522 1398 1575 tibi
1458 1537 1717 1593 peragere
1758 1521 2024 1577 licuisset.

450 1612 590 1679 Quid
613 1613 679 1668 iis
718 1613 846 1667 item
884 1628 1023 1682 quos
1057 1612 1236 1666 credis
1267 1611 1372 1666 diis
1406 1612 1637 1668 mellitas
1660 1613 2026 1684 nequidquam

451 1704 727 1772 placentas
765 1703 1031 1773 thuraque
1082 1701 1368 1771 profundis
1426 1704 1491 1771 3',
1537 1712 1591 1759 et
1654 1704 1870 1775 pietatis
1940 1704 2026 1759 in-

449 1794 625 1850 duens
651 1795 853 1848 larvam
871 1794 1171 1865 discipulos
1201 1795 1265 1848 ad
1290 1810 1481 1865 preces
1521 1803 1837 1851 convertere
1874 1795 2027 1851 labo-

2133 599 2531 673 προκηρύττοις
2550 599 2593 670 (l
2607 600 2706 668 8’);
2724 599 2795 652 Ἦ
2809 599 2861 650 τί
2890 596 3227 671 καταμέμφει
3246 599 3358 662 τοῖς
3372 598 3471 669 τὴν
3491 600 3708 670 μοῖραν,

2131 691 2245 745 ἀλλ’
2271 692 2333 744 οὐ
2385 691 2485 761 τὴν
2546 691 2886 760 προαίρεσιν,
2922 688 3326 753 ἀτοπωτάτοις;
3363 688 3415 742 τί
3446 688 3633 751 δὲκαὶ,
3658 691 3708 743 εί

2131 782 2281 853 αὐτῷ
2326 799 2407 835 σοι
2441 781 2719 853 πέπρωτο,
2754 779 2882 851 θείῳ
2923 779 3036 832 ὄντι
3067 778 3165 849 τὴν
3194 778 3374 849 φύσιν,
3434 780 3707 851 ὑπερᾶραι

2134 873 2397 945 βασιλέως
2425 872 2583 943 δόξης
2633 869 2765 939 (l9),
2798 873 2855 934 ἐς
2888 870 3222 925 διδασκάλων
3256 871 3473 941 ἐφοίτας
3495 872 3590 925 καὶ
3620 889 3710 943 φι-

2129 967 2370 1036 λοσὲφων
2394 982 2409 1032 ;
2458 963 2743 1036 Ἀραϐίους
2770 962 2880 1034 (20)
2910 980 2969 1016 τε
2994 963 3086 1017 καὶ
3102 962 3454 1019 Βαϐυλωνίων
3477 964 3705 1036 μάγους,

2130 1060 2226 1113 καὶ
2260 1059 2457 1127 σοφοὺς
2489 1056 2664 1110 Ἰνδῶν
2685 1055 3223 1127 ὲπολυπραγμόνεις;
3254 1056 3439 1113 Πάντα
3464 1056 3573 1127 (21)
3596 1056 3706 1128 γάρ

2130 1169 2233 1206 που
2284 1152 2379 1204 καὶ
2444 1150 2542 1222 τῆς
2587 1150 2791 1204 τούτων
2828 1149 2950 1223 δίχα
2979 1148 3261 1211 κοινωνίας
3291 1148 3361 1202 τά
3401 1151 3465 1203 ὲκ
3502 1149 3708 1221 μοιρῶν

2129 1240 2364 1294 ὲτελεῖτό
2405 1258 2506 1294 σοι.
2562 1239 2626 1292 Τί
2660 1239 2715 1292 δὲ
2743 1239 2837 1292 καὶ
2864 1233 2945 1301 οἷς
2982 1237 3223 1311 νομίζεις
3250 1239 3392 1303 θεοῖς
3423 1238 3492 1293 τά
3524 1240 3707 1311 μελιτ-

2127 1333 2343 1395 τοῦντα,
2385 1333 2478 1385 καὶ
2513 1332 2603 1385 τὸν
2660 1330 2951 1384 λιϐανωτὸν
2988 1333 3045 1395 ἐς
3079 1332 3255 1403 μάτην
3290 1331 3518 1403 ῥίπτεις,
3549 1332 3705 1386 εὐσέ-

2129 1424 2280 1478 ϐειάν
2311 1442 2370 1478 τε
2402 1420 2930 1496 ὲπιμορφαζόμενος,
2961 1423 3046 1478 ἐπ’
3075 1425 3239 1494 εὐχὰς
3269 1423 3563 1496 τρέπεσθαι
3581 1425 3707 1488 τοὺς

2132 1517 2381 1589 ἑταίρους
2441 1518 2763 1588 παρορμᾷς;
2817 1516 2978 1580 αὑτός
3027 1533 3084 1569 τε
3127 1516 3443 1587 εὐχόμενος,
3478 1517 3531 1568 τί
3557 1516 3707 1587 παρά

2130 1609 2267 1664 θεῶν
2293 1590 2462 1674 αἰτεῖς
2482 1654 2497 1676 ,
2532 1609 2696 1663 ὁπότε
2722 1609 2817 1662 καὶ
2843 1609 3048 1662 τούτων
3080 1609 3177 1679 τὴν
3216 1609 3554 1682 εἱμαρμένην
3579 1610 3708 1680 δμο-

2128 1702 2303 1771 λογεῖς
2354 1704 2613 1773 κρατείν;
2672 1701 2780 1754 Καὶ
2836 1702 2942 1773 μὴν
2994 1700 3119 1765 ἔδει,
3167 1702 3292 1766 τοὺς
3326 1701 3517 1764 ἄλλους
3552 1700 3705 1765 θεοὺς

2130 1795 2638 1866 παραμειψάμενον,
2689 1791 2901 1868 ἀνάγκῃ
2947 1792 3106 1863 μόνον
3140 1792 3233 1846 καὶ
3285 1794 3502 1864 μοίραις
3535 1792 3703 1858 θύειν,

451 1901 541 1943 ras
576 1887 658 1941 “‘2
697 1887 808 1943 lmo
846 1893 900 1943 et
938 1887 1055 1958 ipse
1096 1894 1347 1957 precatus
1395 1887 1526 1958 quid
1561 1887 1695 1942 deos
1731 1888 1986 1958 exposcis
2010 1929 2024 1952 ,

2131 1885 2343 1941 καὶτοῦ
2383 1886 2505 1949 Διὸς
2558 1885 2722 1939 αὐτοῦ
2774 1885 2975 1957 μᾶλλον
3024 1885 3123 1956 τὴν
3150 1884 3489 1957 εἱμαρμένην
3526 1902 3705 1956 προτι-

448 1977 888 2048 quandoquidem
916 1977 1002 2032 his
1041 1989 1259 2047 quoque
1288 1976 1393 2030 fata
1418 1977 1687 2047 imperare
1709 1976 2030 2031 existimas?

449 2069 611 2137 Atqui
653 2068 972 2137 oportebat,
1004 2066 1219 2120 caateris
1247 2066 1354 2121 diis
1407 2066 1650 2129 omissis,
1682 2066 1777 2118 uni
1815 2071 2025 2118 tantum

447 2158 773 2214 Necessitati
803 2157 1105 2229 Pareisque
1136 2176 1250 2216 rem
1285 2159 1524 2213 divinam
1589 2168 1639 2213 te
1697 2157 1895 2220 facere,
1930 2172 2026 2212 su-

445 2264 650 2320 praque
686 2249 875 2306 Jovem
907 2252 1087 2321 ipsum
1131 2252 1381 2307 venerari
1417 2250 1610 2305 fatum.
1672 2247 1748 2303 Ita
1787 2264 1915 2304 vero
1944 2249 2021 2304 dii

444 2340 580 2395 nulli
610 2341 705 2396 tibi
731 2342 967 2411 amplius
998 2341 1220 2407 fuerint,
1255 2351 1308 2397 et
1335 2341 1531 2396 merito
1557 2340 1797 2411 quidem,
1832 2346 1891 2393 ut
1929 2339 2021 2409 qui

443 2431 706 2504 prodesse
729 2432 1047 2488 hominibus
1066 2434 1282 2488 valeant
1299 2432 1454 2487 nihil.
1480 2430 1748 2486 Praeterea
1769 2430 1814 2486 si
1845 2430 2025 2487 decre-

441 2537 558 2583 tum
593 2528 717 2593 fuit,
751 2536 809 2584 ut
868 2530 1017 2586 cives
1073 2529 1293 2601 Ephesii
1340 2539 1490 2599 peste
1547 2526 1919 2597 corripiantur
1956 2525 2021 2592 ³⁸,

437 2624 571 2695 quid
606 2625 879 2679 contraria
909 2626 1163 2680 sanciens
1208 2623 1319 2679 fato
1358 2632 1409 2678 te
1442 2622 1652 2694 praebes
1691 2621 2021 2676 adversum?

439 2720 552 2776 lmo
583 2722 856 2791 quomodo
884 2722 1064 2779 vicisti
1098 2721 1290 2787 fatum,
1329 2731 1590 2790 tropaeum
1632 2716 1790 2788 quasi
1830 2715 1897 2771 de
1929 2714 2022 2768 illo

437 2813 726 2869 statuens?
756 2810 812 2867 Si
842 2829 1005 2883 porro
1028 2814 1082 2867 in
1112 2814 1292 2883 puclla
1322 2811 1553 2866 Clothus
1583 2809 1695 2879 jam
1725 2807 1960 2862 stamina
1979 2805 2023 2836 ³³

2135 1980 2261 2049 μᾷν.
2298 1977 2452 2032 Οὕτω
2495 1977 2539 2030 δ’
2594 1977 2658 2032 ἄν
2693 1994 2774 2029 σοι
2817 1975 2928 2030 Θεοὶ
2975 1976 3073 2047 μὲν
3105 1977 3283 2029 οὐκέτ’
3314 1976 3379 2030 ἂν
3423 1972 3583 2047 ἦσαν,
3614 1978 3705 2030 καὶ

2129 2070 2372 2132 εἰκότως,
2399 2070 2494 2123 ἆτε
2532 2070 2665 2140 μηδὲ
2693 2068 3011 2140 ἀνθρώπους
3039 2062 3139 2122 οἷοί
3160 2086 3217 2121 τε
3250 2068 3497 2137 ὠφελεῖν.
3544 2068 3705 2123 Ἀλλά

2128 2162 2222 2215 καὶ
2246 2162 2296 2214 εί
2327 2160 2614 2231 ἐπέπρωτο
2645 2161 2770 2225 τοὺς
2813 2160 3090 2229 Ἐφεσίους
3121 2159 3324 2213 ἁλῶναι
3357 2159 3529 2231 λοιμῷ
3553 2160 3705 2214 πολί-

2126 2272 2244 2317 τας,
2267 2253 2338 2316 τί,
2358 2252 2614 2305 τάναντία
2642 2251 2969 2323 νομοθετῶν,
2993 2250 3359 2323 παρακρούεις
3388 2251 3485 2322 τὴν
3514 2252 3708 2322 εἱμαρ-

2131 2346 2333 2417 μένην;
2362 2344 2575 2397 Μᾶλλον
2608 2344 2666 2397 δὲ
2703 2344 2817 2407 πῶς
2866 2343 3145 2414 ὑπερῆρας
3185 2342 3283 2413 τὴν
3319 2345 3534 2415 μοῖραν,
3580 2343 3707 2416 τρό-

2129 2454 2287 2490 παιον
2331 2435 2520 2507 ὥσπερ
2573 2439 2690 2490 κατ’
2730 2436 2900 2505 αὐτῆς
2958 2435 3260 2507 ἀράμενος;
3302 2437 3365 2488 Εἰ
3402 2435 3457 2489 δὲ
3482 2436 3578 2490 καὶ
3604 2436 3706 2508 τῆς

2130 2528 2387 2592 Κλωθοῦς
2435 2529 2529 2581 ἐπὶ
2563 2532 2629 2599 τῇ
2663 2529 2802 2600 κόρῃ
2825 2529 2883 2581 τὸ
2908 2528 3055 2599 νῆμα
3086 2527 3258 2598 πέρας
3280 2527 3505 2599 εἰλήχει,
3542 2529 3707 2585 πόθεν

2128 2621 2187 2685 ἐξ
2215 2621 2465 2693 ὑπαρχῆς
2488 2621 2629 2691 μετὰ
2659 2620 2884 2675 θάνατον
2918 2620 3323 2692 ἀναδησάμενος
3350 2626 3427 2693 τῷ
3456 2622 3593 2694 μίτῳ
3615 2623 3706 2678 τὸν

2130 2714 2419 2784 ἄτρακτον,
2465 2713 2726 2778 ζωοποιὸς
2767 2714 2901 2785 αὐτῇ
2936 2714 3368 2786 παραπέφηναςς
3412 2715 3549 2769 Ἀλλ’
3576 2716 3704 2781 ἴσως

2136 2809 2317 2876 μοῖραι
2344 2806 2437 2859 καὶ
2479 2806 2702 2859 σεαυτὸν
2734 2807 2827 2859 ἐπὶ
2863 2805 3014 2859 ταῦτ’
3041 2802 3198 2878 ἦγον.

435 2909 595 2958 erant
635 2904 946 2974 absumpta,
978 2920 1085 2974 quo
1133 2912 1192 2958 tu
1226 2910 1384 2973 pacto
1411 2901 1591 2957 denuo
1632 2907 1755 2970 post
1821 2906 2050 2951 mortem
2090 2896 2210 2966 ejus
2242 2912 2383 2952 novo
2412 2898 2593 2951 colum
2630 2896 2855 2952 induere
2886 2897 2974 2952 filo
2996 2938 3011 2963 _.
3045 2897 3231 2969 illique
3263 2914 3387 2953 esse
3423 2900 3548 2954 vitae
3613 2913 3704 2953 re-

436 2994 663 3052 deuntis
693 3004 888 3050 auctor
911 2994 1178 3066 potuisti?
1202 2992 1307 3048 Sed
1332 3002 1383 3048 te
1415 2991 1668 3048 fortassis
1687 2989 1889 3046 eaedem
1924 2988 2111 3043 Parcae
2142 2986 2209 3040 ad
2241 2988 2355 3041 hace
2381 2988 2587 3058 agenda
2619 2989 2914 3043 ducebant.

1003 3109 1233 3165 CAPUT
1273 3107 1457 3163 XLVI.

509 3204 657 3260 Nihil
700 3204 915 3275 profers
967 3203 1113 3274 quod
1146 3202 1215 3256 ad
1268 3212 1415 3257 tuam
1466 3199 1632 3256 faciat
1678 3201 2019 3273 dignitatem,

443 3296 715 3368 (multum
781 3295 1009 3365 abest.)
1067 3296 1160 3366 qui
1214 3304 1505 3364 antequam
1560 3293 1615 3347 in
1663 3309 1864 3363 corpus
1923 3293 2025 3347 hoe

441 3403 593 3443 esses
621 3388 833 3443 delatus
856 3386 922 3450 ³⁸,
956 3386 1012 3442 in
1043 3402 1254 3449 eorum,
1310 3388 1402 3455 qui
1441 3386 1493 3439 in
1540 3386 1699 3450 mari,
1735 3394 1789 3440 et
1826 3384 2024 3441 ﬂuctus

441 3479 585 3534 inter
636 3486 851 3534 aetatem
912 3485 1289 3540 consumunt,
1357 3486 1407 3532 te
1465 3477 1633 3533 fuisse
1689 3492 1854 3533 censu
1917 3478 2018 3532 ais.

440 3569 644 3642 Nempe
672 3571 1039 3630 necessitatis.
1068 3578 1128 3626 ut
1162 3570 1489 3634 verosimile,
1521 3576 1574 3625 et
1613 3569 1716 3624 hoc
1745 3576 1849 3625 est.
1876 3568 2021 3623 Nihil

441 3680 572 3735 ergo
629 3678 738 3734 quo
790 3662 1209 3717 admirationem
1244 3675 1510 3722 mereare,
1541 3675 1720 3729 neque
1750 3659 1960 3713 natales
1977 3659 2020 3689 ⁸⁷

436 3758 598 3832 5M
624 3754 699 3807 tui
725 3760 780 3809 et
809 3752 1083 3816 educatio,
1128 3765 1304 3820 neque
1336 3749 1611 3820 encyclios
1641 3747 1930 3817 disciplina
1953 3746 2018 3813 ³⁸,

440 3859 621 3913 neque
659 3844 784 3899 vitae
817 3859 988 3913 genus
1009 3840 1567 3910 temperantissimum
1591 3838 1659 3904 ”,
1702 3853 1879 3907 neque
1906 3838 2023 3909 pbi-

439 3933 720 4005 losophica
761 3934 1083 3989 exercitatio
1108 3933 1175 3985 ‘°.
1209 3930 1412 4001 Nempe
1448 3929 1630 3985 fatalis
1668 3929 1833 3984 etiam
1870 3944 2019 3999 quae.

441 4026 571 4082 dam
615 4036 734 4082 erat
763 4027 1087 4089 necessitas,
1120 4040 1262 4094 quae,
1303 4024 1370 4077 ad
1398 4022 1724 4094 Babylonios
1764 4030 1822 4076 ut
1853 4022 2017 4090 proli-

441 4117 733 4182 ciscerere,
768 4128 819 4172 te
842 4117 1105 4186 compulit
1134 4116 1198 4172 υ.
1225 4114 1291 4170 Vi
1328 4116 1457 4169 item
1489 4124 1647 4170 actus
1672 4114 1830 4185 quasi
1860 4112 2019 4168 indo-

442 4224 564 4265 rum
608 4219 825 4279 quoque
877 4206 1052 4261 factus
1100 4206 1405 4277 discipulus
1434 4206 1560 4260 es"
1592 4214 1685 4261 :ct
1734 4204 1802 4259 ad
1850 4203 2019 4276 Egy-

444 4300 682 4373 ptiorum
698 4296 887 4353 Nudos
909 4312 1016 4351 non
1039 4297 1234 4352 electio
1260 4307 1348 4350 tua
1377 4302 1430 4350 et
1449 4295 1730 4366 sapientiae
1751 4285 2014 4361 studium,

444 4391 538 4446 sed
578 4387 749 4443 fatum
784 4397 836 4443 te
865 4390 993 4459 egit,
1028 4388 1169 4443 collo
1203 4398 1255 4443 te
1278 4388 1502 4459 adigens
1530 4388 1745 4442 obtorto
1774 4386 2017 4444 Gadibus

2622 3105 3017 3158 ΚΕΦΑΛΑΙΟΝ
3060 3107 3207 3173 MT.

2194 3196 2323 3249 Oi'm.
2343 3214 2429 3249 πω
2453 3196 2643 3267 φήσεις
2656 3197 2774 3249 κατ’
2800 3197 2976 3262 ἀξίαν,
2997 3196 3187 3250 πολλοῦ
3209 3212 3270 3263 γε
3285 3195 3382 3259 δεῖ,
3401 3195 3459 3259 ὃς
3474 3195 3579 3263 πρὸ
3600 3196 3700 3266 τῆς

2122 3290 2180 3352 ἐς
2209 3289 2368 3341 τοῦτο
2402 3288 2462 3340 τὸ
2500 3286 2658 3358 σῶμα
2697 3288 2926 3359 παρόδου
2955 3286 3059 3341 τῶν
3088 3290 3144 3339 ὲν
3181 3286 3416 3360 θαλάττῃ
3457 3288 3551 3339 καὶ
3595 3286 3695 3340 κύ-

2127 3398 2257 3452 μασι
2287 3380 2671 3451 διατριϐόντων
2686 3381 2963 3449 γεγονέναι
2985 3379 3203 3433 σεαυτὸν
3228 3379 3431 3449 λέγεις.
3476 3381 3615 3433 Ἀλλ’
3637 3378 3700 3450 ἐξ

2124 3474 2390 3542 ἀνάγκης,
2444 3472 2519 3535 ὠς
2578 3472 2742 3535 εἰκὸς,
2795 3472 3096 3525 καὶτοῦτο.
3126 3470 3333 3525 Οὔκουν
3380 3471 3698 3542 θαυμάσιος,

2120 3562 2241 3617 οὔτε
2294 3564 2391 3634 τῆς
2443 3562 2664 3634 πρώτης
2708 3564 2974 3632 γενέσεως
3033 3565 3126 3617 καὶ
3167 3562 3395 3633 τροφῆς,
3444 3561 3568 3615 οὗτε
3606 3564 3703 3633 τῆς

2122 3654 2413 3724 ἐγκυκλίου
2442 3655 2708 3719 παιδείας,
2731 3653 2853 3708 οὔτε
2878 3656 2975 3725 τῆς
3001 3654 3059 3706 ὲν
3089 3655 3239 3726 ἀκμῇ
3265 3652 3537 3724 σώφρονος
3560 3655 3704 3722 ἀγω-

2120 3748 2246 3817 γῆς,
2301 3748 2401 3801 οὐκ
2452 3749 2732 3819 ἀσκήσεως
2776 3748 2875 3820 τῆς
2922 3750 2978 3800 ἐν
3025 3747 3311 3817 φιλοσοφίᾳ.
3353 3747 3485 3818 (22).
3520 3743 3627 3800 Ἦν
3657 3747 3702 3799 δ’

2120 3840 2230 3913 ἄρα
2266 3857 2349 3902 τις
2400 3839 2604 3910 μοιρῶν
2640 3839 2853 3910 ἀνάγκη
2895 3839 2991 3893 καὶ
3030 3841 3087 3903 ἐς
3126 3837 3498 3901 Βαϐυλωνίους
3540 3837 3702 3892 ἐλαύ-

2120 3948 2311 3985 νουσα’
2354 3929 2661 4002 ὠθούμενος
2687 3931 2730 3983 δ’
2765 3931 2953 4002 ὥσπερ
2991 3932 3084 3985 καὶ
3128 3930 3236 3983 τῶν
3281 3930 3457 3984 Ἰνδῶν
3480 3929 3703 4000 ὼμίλεις

2124 4025 2327 4091 σοφοῖς,
2365 4023 2458 4075 καί
2503 4023 2598 4075 ἐπὶ
2643 4024 2768 4086 τοὺς
2814 4023 3125 4091 Αἰγυπτίων
3157 4022 3213 4075 δὲ
3261 4022 3506 4093 Γυμνοὺς
3535 4024 3631 4092 οὺχ
3663 4025 3698 4093 ἡ

2122 4114 2458 4186 προαίρεσις,
2497 4115 2603 4167 οὐδ’
2636 4115 2664 4166 ὁ
2692 4114 3008 4184 φιλοσοφίας
3043 4114 3225 4178 πόθος,
3261 4116 3422 4185 μοῖρα
3456 4112 3512 4165 δὲ
3546 4108 3698 4184 ἦγεν,

2119 4206 2361 4275 ἄγχουσα
2409 4206 2503 4259 καὶ
2533 4208 2626 4261 ἐπὶ
2664 4206 2732 4259 τὰ
2778 4206 3028 4277 Γάδειρα,
3074 4206 3168 4259 καὶ
3207 4205 3307 4269 τὰς
3347 4203 3703 4276 Ἡρακλείους

2123 4298 2342 4369 στήλας,
2373 4299 2506 4369 ἑῷόν
2528 4316 2586 4352 τε
2626 4300 2719 4353 καὶ
2749 4301 3000 4372 ἑσπέριον
3039 4298 3288 4352 Ὠκεανὸν
3314 4297 3572 4352 ἀλᾶσθαι·
3607 4297 3702 4351 καὶ

2120 4393 2310 4455 αὑταῖς
2351 4393 2641 4463 ἀτράκτοις
2677 4392 2735 4455 ἐς
2774 4392 2948 4462 μάτην
2988 4389 3295 4455 ἐξεϐιάζετο
3337 4389 3702 4459 περιστρέφε-

445 4481 604 4535 etiam
637 4479 996 4550 Herculisque
1027 4481 1300 4535 columnis
1324 4479 1389 4547 ⁸³,
1432 4478 1703 4549 eooque“
1730 4488 1894 4549 atque
1923 4494 2016 4534 oc-

2126 4482 2266 4537 σθαι.
2292 4450 2355 4536 ἐξ
2388 4450 2446 4537 δέ
2472 4484 2535 4554 δὴ
2569 4450 2944 4554 μετειληφέναι
2977 4450 3045 4535 τι*
3076 4450 3265 4551 σοφίας
3295 4450 3458 4536 αὐτόν
3488 4450 3552 4535 ιιέ
3577 4450 3704 4535 τού-

444 4573 608 4627 ciduo
637 4571 854 4628 Oceano
873 4573 918 4605 ⁸³
941 4581 998 4626 ιιι
1032 4574 1321 4629 oberrares
1347 4593 1361 4627 :
1391 4575 1619 4643 ipsoque
1654 4572 1782 4627 fuso
1809 4587 1930 4636 suo,
1958 4583 2018 4628 ut

444 4664 595 4721 nullo
623 4665 992 4723 emolumento
1024 4673 1122 4720 tuo
1150 4666 1278 4719 hinc
1302 4665 1429 4721 inde
1455 4681 1624 4736 vagus
1646 4666 2012 4734 discnrreres,

442 4763 497 4813 te
533 4757 734 4827 coegit.
780 4758 939 4824 Quod
993 4759 1037 4813 si
1087 4761 1211 4829 quis
1246 4760 1527 4828 sapientiai
1568 4760 1891 4830 participem
1931 4760 2015 4813 fa-

442 4854 590 4901 ctum
620 4848 849 4903 istorum
877 4863 980 4919 ope
1005 4849 1152 4904 dicat
1180 4863 1335 4916 esse;
1359 4849 1479 4919 ejus
1503 4864 1720 4920 quoque
1738 4850 1817 4905 rei
1843 4865 2012 4905 causa

442 4937 612 4993 fatum
652 4939 778 5004 erit,
821 4954 1000 5009 neque
1047 4942 1279 5010 amplius
1313 4940 1397 4993 vir
1440 4941 1529 4996 ille
1579 4943 1632 4995 in
1662 4942 1751 5005 iis,
1792 4941 1886 5011 qui
1934 4942 2013 4996 di-

442 5029 628 5085 scendi
677 5030 862 5086 studio
920 5029 1153 5096 fervent,
1214 5032 1552 5099 censebitur,
1589 5045 1765 5101 neque
1814 5033 2012 5087 merito

2122 4592 2229 4629 των
2268 4576 2411 4628 εἴποι
2457 4593 2561 4639 τις,
2607 4579 2771 4647 μοῖρα
2815 4577 2908 4628 καὶ
2950 4574 3153 4627 τούτων
3192 4573 3361 4635 αἰτία,
3397 4574 3490 4627 καὶ
3521 4573 3700 4627 οὐκέτ’

2119 4667 2185 4721 ἂν
2217 4670 2274 4721 ἐν
2303 4667 2651 4738 φιλομαθέσιν
2679 4670 2707 4721 ὁ
2738 4667 2874 4739 ἀνὴρ
2916 4665 3289 4737 καταλεχθείη,
3315 4665 3422 4718 οὐδ’
3464 4665 3530 4718 ἂν
3551 4663 3706 4719 εὐλό-

2119 4779 2231 4830 γως
2274 4761 2636 4833 θαυμασθείη,
2676 4762 2776 4831 τῆς
2824 4763 2884 4814 οὺ
2920 4760 3062 4815 κατὰ
3102 4759 3348 4831 γνώμην,
3385 4758 3520 4813 ἀλλά
3558 4759 3702 4813 κατά

2118 4853 2362 4922 ἀνάγκην
2410 4850 2558 4922 αὐτῷ
2605 4851 2960 4924 πορισθείσης
3011 4850 3347 4922 φιλοσοφίας.
3387 4852 3475 4907 Ἐν
3525 4852 3624 4921 ἴσῳ
3656 4850 3703 4901 δ’

2121 4941 2187 4994 ἂν
2234 4943 2653 5012 συγκρινόμενος
2698 4943 2782 5013 εἴη
2833 4944 2952 4995 κατ’
2982 4943 3142 4996 αὑτὸν
3187 4942 3510 5014 Πυθαγόρας
3540 4942 3707 5008 αὐτὸς

2120 5033 2213 5088 καί
2264 5051 2317 5086 τι
2368 5032 2669 5103 τερατῶδες
2730 5035 2825 5087 καὶ
2876 5033 3284 5105 ἀπερριμμένον
3340 5033 3703 5105 ἀνδράποδον

510 5208 555 5278 ’ξ
594 5207 692 5262 lib.
724 5224 771 5273 ι,
804 5223 858 5265 c.
893 5209 982 5265 5i.
1012 5210 1139 5265 coll.
1175 5210 1272 5264 lib.
1307 5227 1360 5276 t,
1398 5227 1447 5265 c.
1484 5212 1533 5265 l.
1612 5211 1656 5241 ³³
1695 5210 1790 5266 lib.
1823 5228 1899 5273 iv,
1934 5227 1984 5265 e.

2126 5255 2130 5267 .
2209 5213 2254 5244 ³⁸
2296 5214 2390 5267 lib.
2427 5231 2512 5278 tv,
2542 5230 2592 5268 c.
2636 5216 2718 5269 l0.
2797 5216 2843 5247 ³⁸
2882 5217 2974 5271 lib.
3012 5231 3100 5277 tv.
3137 5231 3187 5271 c.
3224 5216 3312 5272 45.
3391 5216 3436 5247 ³⁸
3475 5216 3568 5270 lib.
3605 5232 3706 5278 ιιι,

442 5291 492 5331 c.
522 5277 614 5335 25.

442 5349 487 5378 ⁸⁸
527 5348 622 5403 lib.
660 5364 758 5415 ιιι,
811 5366 862 5406 c.
896 5349 984 5405 16.

516 5528 654 5605 ρξ’)
674 5533 1138 5605 ΔΠεροκογφύιητοις.
1166 5532 1328 5605 Forte
1356 5533 1775 5605 προκηρύττεις.
1809 5534 1964 5591 Ent'r.

450 5664 462 5677 .
520 5597 644 5677 (ιογ
673 5597 987 5677 ςΥπερᾶραι
1028 5604 1241 5677 βασιλ.
1279 5597 1707 5677 δᾴξξηιὶέὲρίρίι
1756 5606 1821 5658 ad
1867 5617 2019 5674 gesta

449 5669 718 5746 imtyjimis
746 5685 869 5746 cum
893 5669 1367 5746 Domiti_ano,»vide
1398 5674 1518 5728 libri
1545 5669 1658 5741 vin,
1688 5690 1811 5746 cap.
1844 5669 2017 5730 [οιαὶ.

465 5735 994 5875 Ἂῗέθὲίῶραόἰους.
1081 5735 1287 5797 Morell.
1355 5744 1411 5799 in
1465 5735 1709 5816 margine
1757 5735 2022 5817 ascripsit

662 5823 756 5863 ων,

711 5278 755 5310 ³⁷
798 5280 984 5351 lib._t,
1019 5296 1069 5335 c.
1104 5280 1215 5351 4-5.
1296 5281 1339 5313 ³⁸
1382 5284 1474 5336 lib.
1513 5298 1559 5346 I,
1592 5295 1643 5351 ο.
1676 5280 1728 5335 7.
1805 5282 1848 5313 ³³
1889 5283 1982 5336 lib.

2146 5298 2196 5337 c.
2250 5284 2435 5338 12-15.
2511 5285 2558 5316 ⁸⁰
2626 5286 2719 5338 lib.
2756 5302 2804 5351 ι,
2840 5301 2891 5342 c.
2924 5287 2956 5341 8
2985 5299 3038 5342 et
3071 5286 3158 5341 14.

1097 5350 1144 5381 ⁸³
1182 5351 1275 5406 lib.
1314 5369 1376 5414 ν,
1414 5368 1463 5406 c.
1502 5353 1527 5404 l
1633 5350 1679 5381 "‘
1718 5351 1812 5406 lib.
1847 5367 1942 5416 ιιι,
1976 5368 2025 5407 c.
2060 5351 2149 5408 66.
2226 5355 2270 5385 ⁸⁸
2312 5355 2407 5407 lib.
2440 5371 2502 5424 v,
2537 5370 2586 5409 e.
2626 5354 2716 5409 47.

3233 5287 3277 5317 ’ί
3319 5287 3414 5342 lib.
3450 5304 3487 5352 ι,
3524 5301 3573 5341 c.
3614 5287 3704 5342 18.

2196 5539 2309 5611 (Si)
2339 5540 2561 5596 Πάντα.
2596 5541 2804 5597 Morell.
2840 5543 2895 5597 in
2931 5541 3176 5611 margine
3200 5540 3365 5597 habet
3390 5542 3629 5604 πάντως.

2201 5611 2310 5681 (22)
2359 5612 2701 5680 Ἀσκήσεως
2723 5612 2834 5680 τῆς
2863 5613 2932 5665 ὲν
2956 5614 3309 5682 φιλοσοφίᾳ.
3344 5612 3573 5682 Maxime
3614 5624 3701 5665 re-

2127 5682 2265 5752 spici
2294 5678 2434 5752 puto
2460 5678 2539 5752 ad
2564 5678 2884 5737 exercitium
2949 5678 3221 5752 perpetuae
3260 5678 3622 5745 abstinentiae,
3647 5688 3700 5752 el

2128 5697 2265 5747 SplCl
2303 5697 2434 5803 guto
2460 5697 2527 5734 an
2564 5697 2884 5737 exerenttum
2949 5697 3221 5752 perpetuae
3260 5697 3622 5745 ansunenute,
3648 5697 3700 5734 et

2128 5751 2297 5831 ὲχεμυ
2340 5750 2873 5832 ίαςῡμρςιιιοεοτίυω,
2923 5754 2991 5808 de
3036 5753 3239 5821 quibus
3292 5753 3412 5808 vide
3466 5755 3583 5807 loca
3645 5749 3709 5807 in

2132 5829 2371 5890 margine
2399 5829 2582 5874 citata.
