4112 6422
406 375 510 432 865

1526 367 1725 422 LIBER
1764 367 2043 423 CONTRA
2081 368 2500 426 IIIEROCLEM.

3555 383 3660 438 866

406 493 702 565 ἃυκράτης
745 491 788 544 δ’
821 491 981 556 αὐτὸς
1014 490 1330 561 φιλοσοφίας
1362 487 1864 560 ὑπεραποθνήσκων
1894 505 1963 541 κα

2088 490 2544 545 existimationem
2594 501 2967 564 consequetur
3001 495 3072 550 ob
3107 497 3454 566 sapientiam.
3492 517 3655 573 quam

405 587 454 639 οἱ
486 584 671 637 τοῦτον
700 583 924 636 θανάτου
946 582 1093 646 ἄξιον
1118 580 1488 652 γραψάμενοι·
1513 577 1770 647 Διογένης
1797 594 1855 630 τε
1889 580 1980 631 καὶ

404 676 471 729 τὰ
524 675 818 745 Ἀθηναίων
868 675 1143 745 μειράκια.
1180 672 1289 725 Καὶ
1324 672 1509 735 ἁπλῶς
1538 672 1711 723 εἰπεῖν
1738 671 1766 722 6
1807 670 1983 740 σοφώ·

404 784 566 831 τατος
596 768 695 820 οὐκ
717 766 783 820 ἂν
814 765 1054 837 διαφέροι
1084 765 1177 818 τοῦ
1220 765 1641 837 ἀφρονεστάτου,
1683 765 1777 818 καὶ
1804 767 1832 818 ό
1864 766 1980 818 ἀδι-

405 859 646 919 κώτατος
674 856 765 909 τοῦ
797 856 1156 920 δικαιοτάτου,
1193 857 1220 909 ὅ
1244 874 1302 908 τε
1330 856 1621 919 ἀκόλαστος
1647 854 1740 909 τοῦ
1767 873 1978 926 σωφρο-

406 949 682 1011 νεστάτου,
712 947 803 1000 καὶ
827 948 855 999 6
884 946 1185 1012 δειλότατος
1217 947 1311 1000 τοῦ
1353 947 1750 1019 ἁνδρειοτάτου,
1784 949 1977 1018 εἱμαρ-

407 1036 576 1109 μένης
608 1037 699 1089 καὶ
734 1037 934 1109 μοιρῶν
981 1039 1247 1106 παιγνίων
1280 1037 1483 1091 τούτων
1512 1038 1766 1091 ἁπάντων
1790 1038 1977 1092 ἀναδε-

403 1127 721 1199 δειγμένων.

2090 596 2198 634 non
2228 581 2494 635 electione
2523 597 2642 643 sua,
2674 584 2766 637 sed
2800 585 3126 640 necessitate
3147 584 3345 643 ductus
3380 589 3483 644 sibi
3516 607 3661 646 com-

2089 673 2319 742 paravit.
2349 671 2679 743 Eademque,
2700 675 2854 744 juxta
2891 691 3013 730 eum
3045 677 3092 732 si
3123 681 3461 748 comparatio
3494 681 3655 736 iusti-

2084 769 2290 827 tuatur,
2330 765 2469 818 ratio
2512 765 2618 818 erit
2657 766 2829 835 ipsius
2873 766 3234 839 Pythagoras,
3284 778 3338 824 et
3392 772 3655 843 mancipii

2084 855 2317 923 alicujus
2341 856 2633 925 praestigiis
2663 858 2853 921 dediti,
2894 866 2947 913 et
2975 860 3180 915 nullius
3214 860 3373 930 pretii
3409 880 3421 914 :
3454 862 3657 931 ipsius-

2082 960 2189 1016 que
2227 945 2470 1001 Socratis
2498 957 2724 1001 mortem
2762 965 2860 1018 pro
2887 951 3229 1021 philosophia
3259 954 3568 1022 oppetentis
3601 961 3656 1008 et

2082 1053 2271 1092 eorum
2300 1038 2392 1107 qui
2420 1053 2541 1092 eum
2566 1041 2784 1109 capitali
2810 1043 3074 1111 supplicio
3098 1044 3439 1098 afﬁciendum
3464 1044 3655 1101 decre-

2080 1137 2276 1182 verunt
2303 1147 2316 1182 :
2347 1126 2599 1198 Diogenis
2624 1130 2752 1184 item
2785 1137 2838 1184 et
2869 1132 3170 1187 Atticorum
3214 1133 3654 1192 adolescentulo-

405 1236 546 1274 rum.
595 1218 768 1291 thue
826 1224 1015 1293 paucis
1057 1224 1333 1280 absolvam
1364 1265 1380 1291 ,
1440 1224 1875 1295 sapientissimus
1924 1231 1977 1277 et
2034 1221 2427 1277 stolidissimus
2487 1223 2797 1277 mortalium
2866 1224 3003 1277 nihil
3077 1225 3345 1291 different,
3383 1229 3517 1283 nihil
3567 1230 3653 1283 in.

397 1314 740 1384 justissimus
807 1321 1146 1387 maximeque
1182 1321 1389 1390 justus,
1424 1322 1663 1375 lascivus
1729 1320 1962 1375 maxime
1993 1326 2047 1374 et
2085 1318 2614 1381 continentissimus,
2678 1318 3056 1376 timidissimus
3106 1329 3160 1377 et
3192 1323 3522 1383 fortissimus
3566 1327 3652 1383 di—

403 1409 644 1475 stabunt,
677 1413 723 1467 si
772 1429 867 1468 eos
909 1429 1099 1468 omnes
1147 1415 1493 1469 necessitatis
1543 1423 1594 1469 et
1629 1414 1723 1467 fati
1760 1428 1968 1467 merum
2011 1418 2376 1467 constetesse
2410 1411 2727 1466 ludibrium.

913 1527 1305 1580 ΚΕΦΑΛΑΙΟΝ
1340 1523 1472 1583 MZ'.

483 1613 642 1666 Ἀλλὰ
674 1614 781 1687 γὰρ
810 1618 944 1689 πρδς
978 1618 1149 1671 ταῦτα
1176 1621 1205 1672 6
1235 1618 1409 1689 κῆρυξ
1434 1618 1532 1687 τῆς
1564 1616 1818 1688 ἀληθείας
1847 1614 1972 1687 βοή-

402 1721 572 1774 σεται,
625 1706 828 1775 λέγων·
866 1705 935 1761 Ὦ
979 1710 1273 1782 ἄνθρωποι,
1313 1710 1503 1781 θνητὸν
1548 1712 1640 1763 καὶ
1686 1710 1972 1779 ἐπίκαιρον

2608 1520 2834 1577 CAPUT
2873 1522 3081 1579 XLVII.

2150 1610 2253 1668 Sed
2283 1613 2427 1668 enim
2470 1622 2660 1667 contra
2703 1615 2817 1669 haec
2841 1631 3019 1685 praeco
3052 1616 3298 1672 veritatis
3338 1617 3650 1677 inclamabit

2069 1703 2299 1759 dicens:
2335 1701 2479 1757 Heus
2508 1703 2777 1768 homines,
2815 1707 3045 1761 mortale
3088 1717 3141 1761 et
3175 1708 3355 1779 exigui
3391 1712 3648 1777 temporis

398 1797 574 1865 γένος,
616 1802 707 1852 ποῖ
737 1798 799 1870 δὴ
854 1800 1102 1872 φέρεσθε,
1151 1802 1242 1856 τὸν
1288 1803 1388 1873 τῆς
1437 1804 1702 1876 ἀκρασίας
1742 1805 1963 1874 ἄκρατοι

2078 1808 2269 1862 genus,
2303 1807 2413 1861 quo
2448 1791 2686 1846 l'erimini
2721 1793 3133 1850 incontinentiae
3175 1814 3325 1853 mero
3352 1799 3522 1854 ebrii?
3553 1800 3649 1857 de-

398 1888 714 1958 ὲμπιόντεςς
754 1890 948 1961 λήξατὲ
998 1911 1147 1957 ποτε,
1180 1895 1272 1947 καὶ
1316 1895 1610 1966 διανήψατε
1642 1897 1738 1967 τῆς
1786 1896 1974 1965 μέθης,

399 1980 493 2033 καὶ
520 1980 755 2044 διανοίας
799 1982 979 2053 ὀρθοῖς
1009 1983 1217 2054 ὄμμασι
1255 1985 1317 2038 τὸ
1358 1987 1551 2057 σεμνὸν
1583 1989 1681 2059 τῆς
1723 1987 1977 2059 ἀληθείας

398 2071 786 2141 ὲνοπτρίσασθε
809 2073 1118 2144 πρόσωπον.
1149 2076 1222 2128 Οὐ
1247 2076 1402 2147 θέμις
1430 2076 1684 2148 ἀλήθειαν
1723 2078 1976 2148 πολεμεῖν

398 2165 564 2235 ἑαυτῇ
600 2166 692 2217 κα)⁵
727 2164 1031 2236 μάχεσθαι’
1069 2167 1189 2220 οὐδὲ
1235 2167 1379 2221 δυοῖν
1410 2170 1816 2224 ὲναντιωτάτοιν
1849 2172 1975 2240 μίαν

397 2254 691 2322 ὑφεστάναι
728 2256 822 2308 καὶ
861 2257 958 2327 τὴν
991 2257 1158 2328 αὐτὴν
1188 2260 1385 2312 αἰτίαν.
1413 2261 1523 2331 Τῆς
1550 2260 1642 2313 τοῦ
1676 2260 1810 2313 Θεοῦ
1845 2279 1977 2333 προ-

395 2345 543 2407 νοίας
574 2345 642 2398 τά
676 2346 853 2400 πάντα
886 2347 1210 2420 κρατούσης,
1236 2349 1396 2414 θείοις
1431 2351 1543 2421 (23)
1574 2351 1760 2421 νόμοις
1798 2352 1975 2405 διατέ-

396 2451 592 2489 τακται
624 2437 685 2490 τὸ
717 2439 844 2492 πᾶν.
891 2437 1220 2511 Ἀνθρώπων
1249 2456 1308 2492 τε
1342 2440 1518 2512 ψυχῆς
1548 2442 1674 2512 ὄρος
1719 2442 1977 2513 αὐτοκρά-

395 2527 529 2597 τορά
558 2543 619 2579 τε
669 2529 763 2581 καὶ
808 2531 1024 2601 κριτὴν,
1068 2531 1306 2601 ἡγεμόνα
1353 2549 1413 2585 τε
1448 2532 1541 2585 καὶ
1585 2531 1770 2603 κύριον
1815 2532 1975 2586 αὑτὸν

395 2618 589 2672 ἑαυτοῦ
642 2620 956 2692 καθίστησι·
992 2627 1240 2691 φυσικοῖς
1290 2625 1472 2695 νόμοις
1532 2625 1626 2678 καὶ
1675 2625 1975 2693 φιλοσόφων

392 2707 657 2780 δόγμασιν
677 2704 1026 2775 ἐκδιδάσκων,
1054 2715 1128 2779 ὡς
1147 2715 1254 2787 ἄρα
1274 2716 1380 2769 τῶν
1409 2717 1575 2770 ὄντων
1599 2714 1667 2769 τά
1694 2717 1794 2787 μὲν
1826 2715 1972 2769 ἔστιν

393 2802 478 2871 ἐφ’
502 2804 653 2875 ἡμῖν,
686 2804 755 2858 τὰ
790 2806 847 2859 δὲ
890 2807 988 2860 οὐκ
1022 2807 1105 2876 ἐφ’
1139 2809 1287 2878 ἡμῖν.
1325 2808 1434 2860 Καὶ
1474 2806 1555 2877 ἐφ’
1587 2810 1718 2878 ἡμῖν
1752 2808 1848 2877 μὲν
1874 2807 1972 2860 ὅσα

392 2893 588 2961 γένοιτ’
615 2895 681 2949 ἂν
706 2895 847 2950 κατὰ
873 2898 1190 2969 προαίρεσίν
1212 2915 1271 2951 τε
1303 2898 1398 2951 καὶ
1431 2897 1628 2970 πρᾶξιν
1656 2897 1789 2967 (24),
1822 2895 1856 2949 ἃ
1880 2896 1973 2949 καὶ

393 2983 552 3054 φύσει
582 2986 841 3059 ἐλεύθερα
870 2987 1002 3059 (25),
1038 2988 1310 3051 ἁκώλυτα,
1349 2987 1802 3059 ἀπαρεμπόδιστα
1841 3002 1972 3053 τυγ-

392 3074 565 3144 χάνει·
586 3076 656 3131 τὰ
670 3078 727 3131 δὲ
746 3078 846 3132 οὐκ
868 3080 950 3148 ἐφ’
967 3082 1098 3151 ἡμῖν
1118 3080 1339 3151 ἀσθενῆ,
1356 3078 1537 3143 δοῦλα,
1560 3076 1794 3140 κωλυτὰ,
1820 3076 1974 3130 ἁλλό-

2078 1886 2241 1941 sinile
2278 1885 2519 1949 demum,
2548 1899 2578 1939 e
2605 1886 2829 1956 crapula
2863 1889 3325 1959 expergiscimini,
3370 1895 3648 1965 rectisque

2077 1977 2275 2033 mentis
2307 1976 2483 2031 oculis
2508 1985 2797 2046 augustam
2830 1979 3078 2033 veritatis
3108 1980 3395 2036 intuemini
3429 1986 3643 2041 faciem.

2076 2064 2181 2121 Fas
2212 2068 2356 2122 enim
2385 2083 2494 2123 non
2522 2078 2600 2124 est
2641 2069 2743 2123 sibi
2772 2070 2871 2138 ipsi
2905 2083 3207 2141 repugnare
3236 2074 3544 2141 veritatem,
3580 2092 3646 2131 ac

2077 2173 2106 2212 a
2132 2174 2191 2214 se
2213 2159 2527 2216 dissentire.
2553 2158 2738 2231 Neque
2761 2159 2973 2215 duobus
2997 2161 3138 2215 inter
3169 2178 3226 2218 se
3255 2166 3490 2220 maxime
3509 2183 3644 2222 con-

2076 2250 2262 2305 trariis
2294 2266 2457 2305 unam
2492 2249 2846 2322 eamdemque
2895 2267 3116 2306 causam
3161 2255 3408 2311 subesse.
3443 2256 3646 2312 Divina:

2085 2340 2445 2398 Providentia:
2472 2344 2653 2398 omnia
2683 2344 3012 2399 continentis
3051 2343 3260 2415 legibus
3300 2347 3498 2404 divinis
3531 2351 3646 2406 uni.

2076 2451 2296 2491 versum
2330 2436 2433 2490 hoc
2473 2435 2699 2506 regitur.
2735 2434 2963 2490 Definita
2994 2445 3172 2493 autem
3218 2440 3411 2496 animae
3451 2442 3646 2497 huma-

2076 2541 2160 2580 nm
2212 2529 2488 2596 potentia,
2519 2526 2834 2597 'principem
2878 2541 3001 2581 eum
3044 2543 3107 2582 ac
3140 2528 3419 2598 judicem,
3473 2544 3646 2589 recto-

2074 2634 2190 2672 rem
2248 2628 2301 2673 et
2350 2618 2630 2673 dominum
2662 2619 2746 2672 sui
2778 2619 2950 2689 ipsius
2995 2622 3279 2676 constituit
3310 2623 3503 2692 :juxta
3544 2641 3644 2680 na-

2074 2717 2212 2764 tura:
2241 2709 2387 2780 leges
2415 2716 2468 2764 et
2516 2709 2962 2781 philosophorum
3015 2713 3212 2783 placita
3260 2730 3381 2770 eum
3412 2717 3640 2781 docens,

2074 2816 2257 2856 rerum
2306 2801 2442 2854 alias
2490 2802 2702 2856 essein
2752 2809 3020 2873 potestate
3063 2814 3273 2872 nostra,
3337 2808 3474 2864 alias
3512 2825 3643 2865 vero

2075 2903 2182 2942 non
2216 2904 2358 2944 esse.
2392 2885 2550 2961 545
2567 2887 2630 2943 Et
2653 2889 2707 2943 in
2731 2900 2917 2945 nostra
2956 2892 3178 2965 quidem
3211 2902 3480 2965 potestate
3511 2914 3635 2955 esse

2074 2984 2251 3051 posita
2285 2982 2465 3035 omnia
2494 2996 2618 3052 qua:
2647 2982 2715 3036 ab
2746 2983 3010 3039 electione
3037 2993 3226 3040 nostra
3248 2997 3299 3042 et
3327 2990 3642 3057 Operatione

2074 3072 2334 3142 pendent,
2367 3088 2490 3127 cum
2529 3075 2728 3143 quibus
2755 3082 2808 3129 ct
2842 3076 2914 3128 ita
2948 3091 2979 3129 a
3020 3084 3217 3131 natura
3260 3086 3638 3149 comparatum

390 3182 538 3237 τρια,
557 3166 592 3220 ὃ.
621 3168 716 3221 καὶ
740 3169 866 3240 περὶ
892 3168 954 3222 τὸ
978 3169 1155 3241 σῶμα,
1174 3170 1267 3223 καὶ
1287 3168 1354 3222 τὰ
1374 3168 1547 3235 ἐκτὸς,
1571 3168 1753 3239 ἄψυχα
1766 3184 1825 3220 τε
1845 3166 1963 3220 ὄντα

2074 3173 2179 3233 est,
2233 3174 2293 3219 ut
2332 3166 2502 3220 libera
2556 3168 2687 3236 sint,
2739 3183 2838 3222 nec
2875 3168 3149 3239 prohiberi
3181 3185 3212 3223 a
3264 3173 3517 3242 quopiam
3554 3174 3638 3229 vel

388 3260 483 3312 καὶ
503 3258 691 3328 ἄλογα,
709 3262 803 3314 κα)⁵
816 3260 988 3331 πάντη
1005 3261 1103 3331 τῆς
1126 3260 1261 3324 ἰδίας
1271 3258 1364 3314 τοῦ
1377 3260 1593 3328 λογικοῦ
1610 3260 1747 3324 ζώου
1763 3260 1974 3330 φύσεως

389 3349 675 3422 ἀλλοτρίαν
705 3351 802 3421 τὴν
824 3351 1117 3404 ὑπόστασιν
1145 3351 1277 3421 ἔχει.
1301 3352 1419 3404 Τῶν
1447 3352 1489 3405 δ’
1514 3350 1744 3421 ἐφ’ἠμῖν
1760 3353 1857 3421 τὴν
1881 3352 1974 3403 ἐπὶ

390 3442 590 3515 θάτερα
616 3445 791 3515 ὁρμὴν
816 3446 1018 3516 ἀρετῆς
1049 3463 1109 3498 τε
1138 3448 1231 3498 καὶ
1262 3447 1461 3509 κακίας
1486 3447 1717 3509 ἕκαστος
1741 3448 1797 3498 ὲν
1831 3446 1970 3518 αὐτῇ

389 3535 649 3605 κέκτηται
676 3537 1008 3607 προαιρέσει.
1040 3537 1149 3589 Καὶ
1181 3537 1242 3589 τὸ
1275 3538 1373 3607 μὲν
1409 3538 1517 3591 τῶν
1542 3539 1678 3591 ὅλων
1708 3538 1970 3603 δεσπόζον

386 3641 447 3678 τε
482 3627 575 3680 καλ⁵
604 3626 901 3697 ἡγεμονοῦν
942 3626 1143 3683 εὐθέως
1183 3628 1429 3696 περαίνει
1458 3627 1592 3698 (26),
1629 3628 1770 3682 κατὰ
1805 3629 1965 3698 φύσιν

388 3717 909 3789 περιπορευόμενον·
941 3715 1063 3787 τῷδ’
1083 3714 1191 3768 αἰεί
1219 3716 1506 3770 συνέπεται
1531 3717 1675 3788 δίκη,
1705 3718 1814 3771 τῶν
1838 3720 1967 3774 ἀπο-

385 3804 723 3877 λειπομένων
751 3806 845 3860 τοῦ
876 3805 1019 3859 θείου
1043 3806 1205 3877 νόμου
1240 3805 1479 3877 τιμωρός
1500 3823 1512 3837 ·
1549 3805 1657 3859 τῶν
1684 3806 1728 3859 δ’
1753 3808 1846 3860 ἐπὶ
1865 3809 1965 3872 τὰς

386 3898 612 3971 πράξεις
661 3898 847 3971 ὁρμῶν
896 3898 957 3951 οὐ
1007 3898 1227 3969 μοίρας,
1276 3897 1397 3951 οὐδὲ
1441 3897 1800 3969 εἱμαρμένης,
1853 3898 1960 3952 οὐδ’

384 3989 628 4061 ἀνάγκης
671 3989 819 4044 αἰτία
855 3989 941 4060 (27
950 4004 986 4057 )·
1022 3989 1173 4042 αίτία
1210 3987 1464 4059 ἑλομένου
1490 4004 1502 4017 ·
1539 3987 1671 4052 Θεὸς
1697 3987 1958 4052 ἀναίτιος.

2072 3254 2321 3325 impediri
2353 3264 2577 3326 queant.
2617 3257 2749 3324 Quae
2774 3274 2903 3314 vero
2931 3259 2987 3313 in
3019 3268 3289 3330 potestate
3316 3270 3504 3318 nostra
3528 3279 3641 3318 non

2070 3356 2222 3412 sunt,
2253 3364 2315 3402 ea
2357 3350 2570 3403 infirma
2617 3358 2766 3417 sunt,
2813 3352 3048 3406 obnoxia
3092 3354 3362 3417 servituti,
3396 3356 3640 3426 nihilque

2070 3437 2138 3491 ad
2164 3452 2263 3492 nos
2290 3440 2541 3504 attinent,
2570 3440 2636 3495 ad
2668 3455 2867 3512 corpus
2898 3443 3225 3513 pertinentia
3253 3452 3308 3500 et
3338 3461 3427 3501 res
3456 3455 3639 3502 exter-

2066 3544 2188 3591 nas,
2226 3532 2407 3586 animo
2437 3540 2494 3587 ct
2540 3534 2751 3588 ratione
2781 3534 3062 3601 destituta,
3098 3546 3259 3605 atque
3308 3539 3529 3593 omnino
3552 3538 3638 3594 di-

2066 3637 2281 3677 versam
2319 3639 2350 3677 a
2379 3632 2577 3678 natura
2606 3625 2859 3681 animalis
2898 3627 3107 3682 ratione
3137 3629 3353 3697 praaditi
3382 3638 3634 3686 naturam

2072 3712 2344 3772 habentia.
2383 3714 2442 3769 In
2474 3716 2554 3773 eis
2580 3731 2713 3771 vero
2737 3733 2858 3788 qua!
2885 3726 3013 3773 sunt
3048 3718 3101 3772 in
3129 3727 3395 3789 potestate
3421 3730 3632 3789 nostra,

2066 3804 2133 3859 ad
2175 3805 2493 3861 alterutram
2525 3815 2732 3878 partem
2765 3806 3204 3878 propensionem,
3234 3809 3321 3864 vel
3364 3826 3486 3864 cum
3516 3812 3631 3865 vir-

2064 3904 2198 3962 tute,
2249 3899 2332 3952 vel
2370 3913 2494 3954 cum
2525 3899 2658 3953 vitio
2709 3899 3077 3969 conjunctam,
3118 3900 3175 3954 in
3220 3899 3485 3957 electione
3531 3917 3631 3957 sua

2063 3991 2443 4059 unusquisque
2464 3990 2695 4060 positam
2727 3989 2908 4043 habet.
2941 3988 3115 4044 Porro
3158 3998 3337 4046 autem
3368 3990 3632 4048 Dominus

383 4090 438 4137 et
468 4090 650 4137 rector
703 4083 945 4137 omnium
992 4094 1136 4139 recta
1166 4085 1382 4137 ratione
1431 4082 1645 4153 singula
1709 4081 1984 4151 transigit,
2025 4097 2123 4153 per
2189 4083 2503 4138 universam
2549 4099 2865 4140 commeans
2907 4090 3180 4138 naturam.
3211 4082 3369 4140 IIunc
3411 4086 3631 4143 assidue

381 4172 629 4244 sequitur
664 4172 936 4238 Nemesis,
970 4189 1158 4229 eorum
1226 4174 1318 4245 qui
1361 4187 1389 4225 a
1434 4172 1619 4226 divina
1680 4172 1797 4242 lege
1849 4171 2209 4227 discesserint
2247 4172 2465 4227 vindex.
2498 4172 2581 4227 Ad
2618 4173 2886 4244 agendum
2937 4183 3113 4228 autem
3155 4172 3301 4243 quod
3365 4172 3628 4244 feramur,

383 4279 492 4320 non
528 4265 583 4320 in
613 4262 802 4321 Parcis
836 4262 1012 4320 fatove
1057 4273 1111 4320 et
1154 4265 1486 4320 necessitate
1517 4271 1601 4319 est
1629 4263 1810 4334 culpa,
1855 4262 1950 4319 sed
1988 4263 2149 4336 culpa
2173 4273 2258 4321 est
2286 4264 2342 4319 in
2373 4266 2642 4337 eligente;
2675 4265 2819 4321 Deus
2846 4266 2997 4320 omni
3030 4265 3192 4335 culpa
3224 4274 3401 4323 vacat.

883 4376 1278 4430 ΚΕΦΑΛΑΙΟΝ
1309 4376 1449 4430 MH'.

2577 4377 2807 4434 CAPUT
2845 4377 3078 4435 XLVIII.

453 4487 517 4541 El
546 4487 611 4558 δὴ
643 4488 959 4560 θρασύνοιτό
988 4506 1091 4554 τις,
1121 4488 1229 4541 τῶν
1257 4489 1342 4558 ἐφ’
1374 4490 1505 4560 ἡμῖν
1525 4488 1647 4560 ἄρτι
1676 4484 1952 4558 πολεμῶν,

2129 4489 2284 4555 Quod
2314 4490 2357 4545 si
2395 4489 2561 4560 igitur
2588 4490 2788 4561 aliquis
2815 4490 3042 4545 nimium
3074 4491 3332 4548 audacter
3359 4507 3419 4548 se
3446 4501 3623 4563 gerat,

386 4578 462 4649 μὴ
513 4579 1037 4650 παραωλυπτέσθω.
1097 4574 1267 4644 Οῧτος
1331 4579 1598 4650 ἀθεότητα
1653 4577 1954 4647 ἀναφανδὸν

382 4668 770 4741 ὲξαγορευὲτω,
821 4672 895 4742 μὴ
944 4672 1217 4744 πρόνοιαν,
1246 4671 1321 4742 μὴ
1357 4670 1512 4736 Θεὸν,
1547 4669 1681 4742 μηδέ
1717 4687 1772 4723 τι
1804 4669 1951 4737 ἄλλο,

453 4823 565 4893 (25)
589 4825 811 4878 Αιτίαν.
834 4825 948 4894 Τῆς
977 4843 1027 4879 τ.
1064 4826 1209 4880 Θεοῦ
1234 4840 1406 4894 προν.
1433 4844 1483 4880 τ.
1508 4840 1571 4880 π.
1591 4827 1947 4894 κρατούσης,

382 4895 559 4966 θείοις
604 4904 708 4948 etc.
742 4893 826 4966 Ita
856 4893 1295 4966 distinguendum
1346 4893 1677 4965 putavimus.
1728 4893 1949 4951 Namin

379 4964 542 5085 gdi‘tis
569 4972 685 5085 eqat
717 4964 916 5030 αἰτίαν,
935 4964 1110 5035 τῆςθτ.
1147 4965 1209 5018 Θ.
1250 4964 1408 5037 προν.
1443 4983 1494 5020 τ.
1530 4983 1592 5019 π.
1619 4965 1945 5038 κρατούσης.

424 5050 450 5085 ε
476 5049 556 5085 οις
580 5051 609 5085 e
638 5049 689 5085 c.

424 5041 556 5096 είοις
580 5041 689 5087 etc.

450 5102 561 5173 (24)
594 5102 755 5157 Κατὰ
781 5104 1133 5173 προαίρεσιν
1158 5121 1223 5158 τε
1252 5105 1351 5158 καὶ
1378 5102 1618 5172 πρᾶξιν.
1650 5102 1808 5173 Prior
1830 5103 1948 5158 edi-

378 5172 457 5245 tio
488 5181 546 5226 ut
578 5182 633 5227 et
662 5188 763 5245 ms.
801 5172 935 5244 Reg.
981 5175 1074 5245 καὶ
1106 5175 1304 5245 πρᾶξιν
1354 5174 1445 5227 hic
1491 5175 1709 5228 habent.
1759 5172 1823 5226 Et
1870 5175 1947 5229 ita

379 5242 647 5312 interpres
684 5244 738 5296 in
774 5242 1108 5298 suo'codice
1154 5242 1702 5314 repererat,»vertens
1727 5259 1843 5314 qua;
1879 5257 1946 5297 ea:

376 5313 643 5367 electione
679 5321 914 5382 actuque
962 5312 1306 5382 proveniunt.
1338 5313 1408 5365 At
1445 5312 1514 5368 de
1563 5313 1945 5368 emendatione

374 5391 564 5437 nostra
580 5382 722 5462 (qua
754 5382 960 5462 .6paEtg_
1077 5384 1262 5462 locum
1292 5382 1540 5462 πράξεως
1568 5382 1941 5462 substituitur)

375 5466 537 5507 nemo
562 5452 961 5523 d_uhitabit,qui
993 5452 1296 5523 Epictetum
1329 5452 1931 5523 ejusquecommenta4

376 5528 550 5577 torem
578 5520 917 5591 Simplicium
955 5520 1055 5578 vel’
1083 5538 1111 5576 a
1158 5520 1631 5591 limine'inspexit.
1664 5520 1935 5577 Horsa-eu.

446 5594 552 5647 Sed
593 5608 694 5658 ego
731 5594 823 5662 qui
855 5602 1147 5663 utrumque
1180 5593 1415 5663 inspexi,
1449 5593 1517 5647 de
1558 5594 1939 5647 emendatione

374 5668 556 5716 tamen
603 5661 953 5718 Holsteniana
982 5661 1193 5719 dubito.
1223 5661 1587 5732 Praeterquam
1617 5664 1760 5715 enim
1790 5663 1936 5732 quod

375 5733 692 5803 προαίρεσις
728 5743 783 5787 et
821 5734 1019 5857 πέᾶξις
1066 5734 1221 5802 longe
1261 5736 1443 5802 aptius
1477 5733 1581 5787 sibi
1617 5741 1807 5813 mutuo
1847 5748 1935 5787 re-

375 5802 697 5857 spondeant.
723 5803 839 5857 inse
911 5805 1141 5857 oictetus
1168 5804 1252 5857 ἐφ’
1280 5805 1407 5857 ἡμῖν
1432 5817 1553 5857 esse
1584 5810 1657 5856 att
1684 5803 1763 5856 ἑνὶ
1790 5802 1933 5857 λόγω

375 5802 697 5865 spondeam,
723 5803 839 5862 ipse
862 5802 1141 5868 Epictetus
1168 5804 1252 5869 ἐφ’
1280 5805 1407 5870 ἡμῖν
1432 5817 1553 5860 esse
1584 5802 1657 5856 ait
1684 5803 1763 5856 ἑνὶ
1790 5802 1933 5874 λόγῳ

2058 4581 2115 4636 in
2146 4589 2417 4651 potestate
2448 4591 2636 4636 nostra
2673 4597 2795 4653 qua:
2828 4591 2957 4638 sunt
2993 4584 3346 4655 impugnans,
3374 4600 3502 4640 eum
3545 4586 3626 4640 la-

2054 4678 2169 4726 tere
2200 4687 2311 4726 non
2353 4672 2626 4741 patiamur
2657 4673 2910 4729 ulterius.
2960 4672 3073 4728 Imo
3116 4674 3450 4745 impietatem
3497 4677 3623 4733 talis

2049 4820 2151 4894 δσα
2176 4820 2417 4894 ἡμέτερα
2449 4821 2671 4894 'EPI‘A.
2699 4819 2872 4894 Igitur
2901 4820 3097 4894 πρᾶξιν
3124 4822 3230 4878 ﬁde
3260 4821 3500 4878 omnium
3524 4839 3620 4880 co-

2050 4890 2232 4945 dicum
2265 4890 2357 4943 hic
2387 4893 2618 4946 retinere
2648 4907 2757 4945 non
2793 4890 3000 4946 dubito.

2124 4960 2359 5042 (935).}!k
2411 4961 2510 5013 καὶ
2559 4961 2739 5042 9190..“
2783 4962 3090 5042 ἐβξιξθερα·
3116 4960 3265 5042 Haec
3312 4963 3499 5042 itidem
3552 4979 3616 5042 ex

2049 5028 2277 5101 Epicteti
2294 5030 2627 5101 (deprompta
2660 5031 2966 5085 Enchiridio
2993 5028 3151 5095 sunt,
3186 5032 3328 5101 quod
3355 5033 3475 5088 vide
3495 5032 3614 5088 0.2.

2118 5099 2232 5169 (26)
2258 5101 2549 5173 Περαίνει.
2575 5100 2740 5173 hac;
2770 5099 3475 5173 conjecturaures'tituebam
3518 5118 3617 5173 pro

2049 5173 2304 5242 παραινεῖ
2326 5171 2470 5239 quod
2520 5171 2574 5242 in
2606 5170 2767 5225 editis
2793 5178 2911 5224 erat
2944 5170 3218 5226 omnibus.
3251 5171 3315 5224 Et
3345 5183 3491 5227 certe
3518 5170 3617 5228 ve-

2046 5241 2164 5310 ram
2212 5241 2498 5294 lectionem
2557 5241 2837 5294 invenerat
2866 5243 3025 5295 etiam
3068 5242 3129 5310 ri-n
3179 5242 3296 5297 suis
3322 5242 3612 5310 Acciolus;

2045 5308 2121 5362 ita
2138 5310 2281 5364 enim
2297 5310 2536 5365 vertebat
2554 5328 2568 5363 :
2595 5310 2730 5363 Deus
2746 5325 2902 5378 porro
2922 5309 3177 5363 Dominus
3191 5327 3363 5363 rerum
3379 5308 3613 5366 omnium

2043 5380 2399 5450 princepsque,
2433 5389 2575 5433 recta
2598 5381 2802 5450 ratione
2833 5380 3040 5449 singula
3070 5381 3335 5450 transigit.
3366 5380 3523 5450 Quod
3557 5390 3612 5436 et

2044 5465 2145 5504 nos
2189 5448 2533 5505 retinuimus.
2564 5449 2635 5501 Τὸ
2664 5448 2861 5512 ὲνθέως
2906 5448 3198 5518 ὀρροιιίιυι·
3228 5448 3394 5506 caacis
3430 5449 3612 5509 fatalis

2042 5521 2388 5574 necessitatis
2419 5519 2675 5573 motibus.
3408 5538 3413 5543 ·

2112 5589 2223 5661 (27)
2254 5590 2442 5643 Αὶτία.
2472 5587 2669 5661 Vocem
2710 5601 2830 5661 qua:
2878 5588 3230 5661 librariorum
3280 5591 3414 5645 vitio
3461 5590 3609 5645 exci-

2040 5658 2216 5723 derat,
2246 5661 2547 5731 oscitanter
2595 5658 2709 5711 haec
2762 5658 3235 5731 describentium,
3260 5669 3448 5731 atque
3476 5674 3609 5717 voce

2040 5732 2124 5785 bis
2151 5731 2373 5804 repetita
2426 5727 2787 5794 turbatorum,
2825 5729 3059 5796 restitui,
3091 5745 3200 5786 non
3228 5730 3285 5787 in
3312 5727 3527 5804 gratiis,
3548 5735 3605 5787 ut

2040 5795 2278 5865 conﬁdo,
2317 5795 2615 5854 Husarum.
