4112 6454
463 367 566 425 867
1092 359 1364 418 EUSEBII
1402 351 1886 413 CAESARIENSIS
1924 351 2076 409 OPP.
2113 349 2298 405 PARS
2336 348 2401 404 Il.
2444 378 2514 389 -—
2548 342 3051 402 APOLOGETICA.
3617 336 3726 394 868

465 497 652 559 aperte
694 481 1031 555 proﬁteatur,
1083 494 1192 533 non
1225 475 1646 548 providentiam,
1694 486 1805 527 non
1836 468 2030 534 Deum,

2136 466 2275 538 πλὴν
2298 464 2501 538 μοιρῶν
2523 465 2618 519 καὶ
2649 462 2893 532 ἀνάγκης
2911 457 3186 532 ὁμολογῶν
3204 475 3217 489 ·
3253 458 3348 513 καὶ
3366 459 3434 513 τὰ
3458 457 3725 512 ἀκόλουθα

463 547 572 635 non
611 547 756 632 aliud
795 574 1072 645 quidpiam
1119 547 1313 642 praeter
1343 569 1512 624 fatum
1557 575 1611 623 et
1647 564 2030 621 necessitatem

2136 557 2344 621 τούτοις
2392 557 2571 626 γυμνῇ
2609 550 3097 626 προσκαταλεγέτω
3142 549 3373 619 κεφαλῇ,
3412 549 3485 619 μὴ
3537 547 3724 617 σοφὸν,

465 685 785 741 agnoscens.
821 666 934 721 lmo
957 673 1010 719 et
1037 680 1156 735 quae
1186 664 1324 717 hanc
1348 660 1649 716 doctrinam
1683 671 2031 726 consequun-

2141 652 2214 723 μὴ
2245 650 2476 721 ἄφρονα,
2513 648 2586 720 μὴ
2627 647 2854 709 δίκαιον,
2891 645 2963 714 μὴ
2988 643 3191 703 ἄδικον,
3227 642 3301 713 μὴ
3334 641 3607 713 ἐνάρετον,
3648 642 3724 712 μὴ

2137 742 2360 814 φαῦλον,
2398 740 2469 811 μὴ
2500 739 2688 809 γόητα,
2741 735 2815 807 μὴ
2849 734 2990 787 θεῖον
3022 737 3079 788 ὲν
3135 731 3436 805 ἀνθρώπων
3478 731 3726 800 γίνεσθαι

2137 835 2297 905 φύσει
2311 831 2525 904 (τὶ8),μὴ
2546 828 2860 899 φιλοσοφίαν
2874 823 3031 889 εἶναι,
3059 825 3131 897 μὴ
3155 825 3421 883 παιδείαν,
3445 824 3567 895 μηδ’
3586 823 3724 887 ὅλως

2135 927 2328 997 τέχνην
2352 922 2492 984 τινὰ,
2520 921 2638 992 μηδ’
2663 922 2855 989 ὲπιστή
2866 933 2989 988 μην·
3012 918 3083 987 μή
3114 933 3196 979 τις
3215 914 3370 970 ἄλλον
3388 914 3608 984 (29)·τὴν
3629 911 3728 983 φύ-

2139 1038 2221 1073 σιν
2235 1014 2503 1087 ἀγαϐδν,ἢ
2530 1012 2761 1084 πονηρὸν
2787 1009 3129 1071 ἀποκαλοῖτο,
3160 1007 3337 1060 πάντα
3353 1005 3408 1059 δὲ
3424 1005 3726 1076 συλλήϐδην

2138 1111 2351 1181 ἀνάγκῃ
2383 1108 2477 1162 καὶ
2515 1105 2717 1177 μοιρῶν
2761 1102 3050 1173 ἀτράκτοις
3081 1099 3489 1171 περιδινεῖσθαι.
3531 1097 3727 1162 Ἀθεος

2135 1202 2271 1271 δῆτα
2297 1201 2391 1253 καὶ
2434 1197 2699 1267 δυσσεϐὴς
2729 1190 2882 1258 οὗτος
2927 1194 2984 1245 ἐν
3015 1192 3252 1246 εύσεϐὦν
3282 1193 3375 1245 καὶ
3416 1190 3725 1261 φιλοσόφων

2135 1292 2536 1366 ἀπογεγράφοω
2552 1289 2816 1362 κριτηρίῳ
2834 1306 2847 1351 ;
2863 1289 2925 1341 El
2941 1287 3007 1351 δ’,
3021 1285 3520 1355 ὲπικαλυπτὸμενος
3531 1285 3721 1355 ἕτερα,

2133 1383 2375 1451 δοξάζειν
2405 1385 2675 1455 ἐπεχείρει
2722 1384 2975 1454 πρόνοιαν
3010 1383 3103 1436 καὶ
3133 1382 3309 1448 Οεοὺς,
3338 1384 3531 1453 μοῖραν
3554 1382 3598 1435 δ’
3627 1381 3726 1435 ἐπὶ

2132 1477 2360 1540 τούτοις,
2392 1476 2485 1529 καὶ
2522 1476 2879 1546 εἱμαρμένην,
2912 1474 2995 1537 τὶς
3028 1473 3388 1544 ἀνακηρύττοι
3412 1489 3426 1503 ⁶
3462 1471 3725 1543 Μαχομέ-

462 769 555 817 tur
593 761 712 815 sine
753 757 1039 813 involucro
1077 756 1301 824 insuper
1334 752 1694 825 proloquatur
1723 768 1736 803 :
1767 764 1878 803 non
1911 745 2031 801 dari

463 852 786 922 sapientem,
825 864 929 903 non
959 848 1210 908 stultum,
1234 861 1343 901 non
1363 859 1600 915 aequum,
1630 856 1737 896 non
1761 839 2030 909 iniquum,

463 959 571 998 non
594 940 780 996 virtuti
812 940 1077 1000 deditum,
1107 953 1216 992 non
1241 951 1491 1007 pravum.
1523 949 1630 988 non
1653 947 1892 1002 magum,
1925 944 2033 983 non

463 1030 701 1083 divinam
730 1026 964 1080 indolem
991 1024 1044 1077 in
1074 1021 1330 1076 humanis
1351 1020 1469 1074 dari
1505 1039 1516 1072 :
1545 1032 1722 1087 neque
1754 1029 1881 1068 vero
1913 1012 2035 1083 phi-

461 1119 760 1188 losophiam
816 1132 959 1177 esse.
1003 1130 1181 1184 neque
1226 1113 1595 1182 disciplinam,
1649 1123 1824 1177 neque
1861 1117 2031 1160 artem

461 1211 687 1267 omnino
706 1208 870 1263 ullam
885 1211 971 1263 vel
991 1208 1300 1262 scientiam.
1319 1204 1491 1260 Nemo
1506 1205 1733 1258 alterum
1758 1196 2030 1274 [proinde]

460 1305 679 1375 ingenio
710 1304 826 1359 sive
852 1303 1054 1357 bonum
1089 1307 1244 1354 vocet
1276 1298 1392 1354 sive
1420 1297 1643 1355 malum.
1683 1293 1777 1349 sed
1807 1292 2033 1347 confuse

460 1397 666 1458 omnia,
693 1395 850 1466 quasi
879 1393 1165 1461 vertigine,
1190 1391 1272 1461 agi
1299 1389 1629 1444 necessitate
1658 1399 1711 1440 et
1735 1384 2031 1438 Parcarum

458 1488 616 1545 fusis.
652 1487 880 1558 lmpium
913 1487 1077 1557 igitur
1106 1493 1267 1554 atque
1312 1481 1599 1552 profanum
1640 1480 1803 1532 istum
1837 1478 1889 1530 in
1918 1474 2035 1545 pio-

2134 1587 2244 1632 νοις
2273 1568 2365 1621 καὶ
2397 1567 2657 1630 ἐναντίοις
2709 1566 3111 1638 παριστάμενος
3147 1565 3432 1635 δόγμασιν,
3480 1564 3722 1634 ὲναγέσι,

456 1681 655 1729 caetera
679 1671 1054 1727 dissimulans.
1079 1664 1482 1721 Providentiam
1529 1670 1767 1716 statuere
1793 1668 1845 1714 et
1878 1658 2027 1721 deos,

2135 1655 2286 1727 δίκην
2318 1654 2502 1717 ἀνοίας
2540 1654 2856 1725 παρασχὼν,
2906 1654 3368 1725 καταγεγράφθω.
3406 1655 3575 1707 Ταυτὶ
3623 1654 3723 1725 μὲν

457 1765 541 1821 eis
585 1778 716 1817 vero
759 1763 1015 1830 superius
1065 1757 1350 1812 admittere
1395 1769 1505 1825 pm
1554 1768 1613 1807 se
1645 1751 1781 1805 ferat
1818 1750 2028 1812 fatum,

2135 1744 2223 1801 οὖν
2256 1748 2448 1817 ταύτῃ.
2481 1747 2542 1799 Εἰ
2564 1746 2610 1798 δ’
2643 1747 2734 1799 ἐπὶ
2757 1746 2967 1809 τούτοις
2995 1747 3051 1799 ἐν
3082 1746 3385 1815 φιλοσόφων
3414 1746 3724 1819 διατριϐαῖς

458 1855 654 1911 merito
675 1854 798 1921 quis
831 1829 975 1904 velut
1004 1847 1271 1918 pratconis
1295 1861 1427 1899 voce
1451 1845 1750 1899 exclamet:
1779 1842 2031 1913 Pugnan—

2135 1839 2330 1904 ἀξιοῖεν
2365 1838 2445 1891 ἔτι
2493 1838 2815 1906 καταλέγειν
2848 1838 2990 1901 τινὲς
3029 1838 3121 1891 τὸν
3150 1839 3339 1910 ἄνδρα,
3370 1838 3604 1905 λέξεται,
3645 1840 3724 1903 ὡς

457 1948 534 2001 tia
578 1954 630 2001 et
670 1944 944 1999 contraria
980 1941 1236 2005 maxime,
1282 1953 1455 2007 eaque
1505 1935 1694 2005 impia,
1737 1934 2027 1991 admittere

2135 1929 2220 1993 ἂν,
2251 1933 2295 1983 εἰ
2317 1929 2665 2000 ἀποκαθήραι
2692 1930 2879 1982 ἑαυτὸν
2913 1930 3009 2000 τῆς
3039 1929 3234 1994 ἔξωθεν
3261 1930 3438 2002 λύμης
3467 1931 3599 2001 ('50),
3627 1932 3724 1987 καὶ

458 2036 831 2106 deprehensus
885 2032 1011 2091 iste,
1057 2030 1123 2084 ad
1184 2028 1414 2082 insaniae
1464 2040 1658 2096 pcenas
1715 2023 2029 2079 subeundas

2135 2018 2234 2089 τῆς
2291 2018 2398 2072 ἀπὸ
2435 2020 2593 2088 τῆσδε
2630 2019 2727 2088 τῆς
2773 2020 2988 2089 γραφῆς
3037 2020 3569 2093 ὲπεισκυκλουμένης
3609 2022 3719 2092 (31)

459 2129 867 2185 condemnetur.
911 2124 1087 2191 Atque
1132 2121 1232 2174 ista
1287 2119 1393 2173 huc
1444 2132 1617 2187 usque
1665 2114 1905 2184 quidem.
1964 2110 2023 2166 Si

2136 2109 2285 2178 αύτῷ
2334 2110 2552 2177 σκευῆς,
2598 2110 2788 2178 φθόνος
2829 2111 2934 2172 πᾶς
2984 2110 3154 2178 αὐτῆς
3200 2110 3443 2165 ἐκποδὼν
3495 2112 3560 2166 ἂν
3608 2114 3716 2184 εἴη.

462 2231 639 2273 autem
671 2227 791 2284 post
825 2216 936 2267 haec
958 2214 1120 2267 etiam
1156 2213 1207 2264 in
1239 2208 1690 2279 philosophorum
1725 2203 1929 2259 scholis
1953 2201 2029 2255 lo-

2139 2201 2336 2272 Ὀρους
2351 2201 2395 2252 δ’
2411 2203 2458 2253 εί
2477 2201 2730 2271 ἀληθείας
2748 2200 2952 2271 προϊών
2976 2219 3061 2265 τις
3078 2203 3211 2271 (3‘2),
3231 2204 3371 2274 ὑπὲρ
3399 2204 3724 2273 φιλοσόφους

457 2320 579 2359 cum
612 2304 790 2355 facere
817 2302 935 2353 viro
963 2299 1166 2370 dignati
1189 2298 1429 2368 quipiam
1473 2295 1696 2355 fuerint,
1732 2294 1814 2349 eis
1842 2293 2031 2348 dicen-

2140 2294 2439 2358 ὲκθειάζειν
2499 2294 2658 2347 αὐτὸν
2708 2294 2966 2364 πειρῷτο,
3018 2294 3168 2348 λάθοι
3213 2295 3279 2349 ἂν
3318 2296 3471 2367 αὐτῷ
3527 2299 3722 2369 γόητος

456 2392 608 2457 dum,
660 2390 775 2444 fore
824 2399 901 2451 ut,
945 2388 1037 2442 ubi
1088 2403 1212 2441 eum
1270 2402 1300 2440 a
1343 2385 1466 2440 labe
1533 2383 1755 2438 aliunde
1806 2397 2027 2453 aspersa

2135 2386 2371 2455 ἀτεχνῶς
2392 2386 2647 2458 διαϐολὴν
2675 2387 3027 2457 ἐπεντρίϐων.
3058 2388 3145 2452 Ὠς
3171 2390 3329 2443 ταυτὶ
3347 2389 3418 2442 τά
3444 2390 3723 2461 συγγράμ-

459 1598 653 1637 rumne
674 1592 728 1636 et
763 1581 1070 1650 Sapientum
1098 1590 1323 1631 censum
1357 1570 1699 1628 referamus?
1734 1568 1789 1623 Si
1824 1577 2030 1630 tamen,

456 2484 834 2554 purgaverint,
864 2482 1103 2550 itemque
1134 2494 1163 2531 a
1195 2477 1468 2539 machina,
1505 2493 1625 2547 quae
1653 2492 1717 2530 ex
1751 2476 1855 2531 ista
1891 2477 2029 2531 scri-

452 2575 646 2646 ptione
678 2573 731 2628 in
769 2588 894 2628 eum
939 2571 1258 2641 impellitur,
1306 2569 1602 2623 immunem
1636 2568 2024 2639 prtestiterint;

454 2666 657 2733 omnis,
702 2681 823 2735 qua:
868 2681 934 2720 ex
981 2666 1080 2719 hac
1124 2662 1422 2732 scriptione
1460 2661 1563 2732 ipsi
1598 2660 1824 2716 conﬂari
1857 2661 2029 2731 possit

2137 2494 2299 2548 ματα,
2348 2478 2673 2546 σοφιστικῶς
2705 2480 2813 2550 (ἓὸ)
2856 2479 3335 2551 ἀναπεπλασμένα,
3380 2481 3542 2535 πλέον
3572 2481 3722 2550 ἐλέγ-

2134 2586 2226 2639 χου
2259 2570 2313 2638 (5
2326 2571 2369 2639 ί)
2405 2570 2499 2622 καὶ
2532 2570 2710 2641 δεινῆς
2738 2572 2964 2643 τάνδρὸς
2999 2571 3251 2645 διαϐολῆς
3275 2573 3423 2645 παρά
3454 2576 3569 2637 τοῖς
3598 2572 3721 2628 νοῦν

2132 2660 2345 2731 ἔχουσιν
2373 2662 2559 2732 ἔμοιγε
2587 2663 2737 2716 δοκεῖ
2768 2665 3064 2736 περιέχειν.

456 2759 683 2824 invidia,
710 2775 740 2814 e
776 2759 956 2814 medio
987 2759 1232 2814 tollatur.
1274 2756 1330 2811 Si
1363 2756 1612 2812 veritatis
1644 2765 1825 2811 autem
1854 2764 2028 2810 metas
2066 2771 2342 2826 egressus,
2373 2757 2615 2812 divinam
2646 2760 2840 2829 magis,
2897 2776 3060 2830 quam
3101 2761 3413 2834 philosophi
3444 2778 3567 2834 quae
3625 2762 3719 2827 sit,

455 2853 835 2908 excellentiam
878 2852 929 2907 ei
992 2851 1236 2906 tribuere
1272 2852 1396 2920 quis
1454 2851 1604 2916 velit,
1642 2851 1733 2906 ille
1788 2852 2104 2922 imprudens
2144 2853 2286 2922 magi
2331 2854 2555 2908 omnino
2604 2855 2653 2909 ei
2703 2856 3145 2913 criminationem
3198 2859 3479 2932 impinget.
3533 2858 3724 2929 Itaque

456 2945 577 3015 ejus
607 2948 825 3017 generis
881 2946 1028 3010 libri,
1094 2945 1394 3017 sophistica
1434 2953 1552 3003 arte
1596 2947 1931 3011 concinnati,
1966 2946 2109 3018 apud
2149 2947 2533 3019 prudentiores
2567 2953 2864 3021 opprobrio
2893 2960 2947 3009 et
2982 2955 3319 3025 gravissimae
3359 2952 3721 3028 inculpationi

456 3042 579 3114 ejus
608 3042 923 3098 inservituri
949 3043 1132 3112 potius
1167 3042 1299 3095 mihi
1331 3042 1612 3101 videntur.

532 3222 646 3299 (εδ)
690 3223 787 3299 Μὴ
839 3221 998 3278 θεῖον
1144 3223 1312 3299 ᾀνθρ.
1340 3222 1608 3291 γίνεσθαι
1635 3223 1840 3299 ⁸φύσει.
1872 3220 2031 3299 Miror

2142 3236 2289 3276 mum
2325 3237 2545 3299 sensum
2580 3236 2702 3299 esse
2732 3223 2934 3299 patebit
2968 3222 3263 3299 con-ferenti
3296 3238 3416 3277 cum
3448 3223 3570 3279 istis
3593 3239 3715 3293 qua:

458 3293 603 3348 hanc
630 3292 940 3349 lectionem.
966 3293 1304 3347 verissimam
1338 3307 1499 3363 sane,
1516 3301 1575 3363 et
1604 3293 1722 3347 sine
1748 3308 1853 3362 qua
1888 3293 2034 3346 nulla
2074 3292 2109 3299 '
2142 3308 2307 3362 supra
2350 3292 2616 3347 Eusebius
2659 3292 2911 3358 habebat,
2959 3295 3133 3363 capite
3171 3293 3204 3347 5
3243 3302 3376 3347 toto.

460 3363 628 3431 hujus
685 3364 786 3417 loci
842 3364 1146 3431 integritas.
1175 3378 1352 3430 neque
1409 3378 1439 3415 a
1483 3361 1707 3417 Morello
1747 3361 1922 3430 neque
1968 3363 2036 3417 ab

459 3433 746 3489 Holstenio
800 3444 1072 3501 receptam
1137 3434 1191 3487 in
1241 3441 1391 3487 textu
1454 3432 1645 3488 fuisse.
1691 3431 1858 3488 Plane
1888 3434 2033 3487 enim

460 3504 640 3575 inepta
684 3513 825 3575 sunt
884 3519 1003 3573 quae
1034 3504 1107 3575 illi
1145 3505 1199 3557 in
1236 3511 1383 3575 textu
1409 3513 1717 3569 servarunt,
1739 3504 1812 3575 μὴ
1842 3504 2035 3575 γόητα,

460 3573 578 3645 θείῃ
607 3573 892 3645 ἄνθρωπον
923 3573 1169 3645 γίνεσθαι
1198 3574 1375 3642 φύσει.

533 3633 644 3714 (99)
670 3633 765 3712 Μή
790 3662 878 3710 τις
903 3633 1115 3698 ἄλλον.
1132 3633 1271 3697 Etliti
1305 3645 1377 3715 μή
1403 3644 1500 3696 τιν’
1518 3644 1694 3709 ἄλλον,
1712 3643 1859 3715 quod
1887 3658 2039 3699 men-

458 3713 653 3769 dosum
683 3731 805 3769 esse
841 3725 952 3767 tota
996 3717 1171 3767 oratio
1209 3713 1493 3769 suadebat.

535 3784 646 3856 (50)
685 3784 800 3851 Τῆς
822 3786 1043 3848 ἔξωθεν
1064 3787 1278 3854 λύμης.
1307 3782 1445 3837 Puto
1485 3784 1708 3856 intelligi
1746 3785 1944 3847 labem,
1970 3784 2040 3840 ab

2215 3364 2327 3435 (51)
2400 3362 3041 3435 Ἑζεισκυκλοτκνμένηςξ
3104 3362 3235 3418 Vide
3295 3363 3362 3417 de
3425 3362 3527 3419 hac
3577 3377 3712 3418 voce

2145 3433 2328 3489 notata
2355 3435 2418 3487 ad
2456 3433 2629 3487 Vitam
2659 3434 2945 3501 Apollonii,
2976 3434 3067 3487 lib.
3101 3450 3178 3497 ιι,
3203 3449 3255 3487 c.
3282 3435 3367 3488 10.

2219 3504 2577 3575 (52)Ῠ”Ορους
2605 3503 2655 3555 δ’
2687 3506 2737 3556 εὶ
2776 3506 2874 3559 ἀλ.
2904 3505 3143 3572 προϊών,
3173 3514 3280 3559 etc.
3309 3503 3477 3559 Plane
3502 3504 3716 3575 gemina

2143 3590 2309 3644 supra
2341 3574 2567 3641 legimus
2608 3575 2660 3627 in
2683 3575 2795 3644 hoc
2826 3576 2984 3639 libro,
3017 3591 3067 3630 c.
3099 3575 3151 3629 5.

2214 3642 2326 3713 (35)
2376 3643 2762 3712 Σοφιστικῶς.
2812 3646 2886 3698 Ita
2925 3662 3024 3715 pro
3057 3643 3421 3714 σοφιστικούς,
3461 3642 3610 3713 quod
3662 3642 3721 3698 in

2143 3717 2305 3773 editis
2337 3724 2476 3772 erat.
2513 3714 2799 3783 legendum
2829 3731 2951 3768 esse
2979 3717 3061 3768 vel
3098 3731 3280 3769 caecus
3317 3715 3547 3783 judicet.

2218 3786 2327 3856 (54)
2355 3781 2660 3856 auersa.
2695 3784 2834 3837 Editi
2861 3787 2919 3838 οὐ
2944 3786 3104 3839 πλέον
3138 3786 3213 3839 ὲλ.
3246 3781 3519 3855 Negatin
3551 3781 3722 3853 parti-

459 3854 581 3925 ipso
611 3853 965 3915 Philostrato,
1004 3853 1193 3924 parum
1228 3855 1494 3924 prudente
1538 3853 1896 3926 enromiasta,
1922 3856 2040 3909 ine—
2145 3853 2281 3911 culze
2312 3853 2518 3923 aperte
2560 3855 2648 3926 hic
2693 3869 2890 3909 sensus
2923 3858 3205 3921 reclamat,
3237 3853 3402 3926 quam
3431 3856 3723 3911 eliminan-

459 3924 569 3996 ptis
619 3926 871 3981 laudibus
920 3926 1208 3996 Apollonio
1256 3941 1557 3995 aspersam.
1592 3925 1764 3991 Quem
1808 3927 2037 3981 verissi-
2141 3928 2265 3982 dam
2291 3932 2577 3996 propterea
2601 3924 2879 3981 duximus.

481 4116 3704 4152 Μ

1321 4316 2002 4432 ORIGENIS
2098 4315 2855 4433 APOLOGUE

1693 4556 2054 4645 LIBER
2130 4556 2476 4650 UNUS.

986 4752 1118 4813 Vide
1147 4753 1284 4809 inter
1317 4753 1558 4825 Origenis
1589 4752 1786 4824 Opera,
1820 4751 2039 4820 hujusce
2071 4747 2393 4821 Patr-elogia:
2421 4748 2835 4809 Gra’co-Latinw
2860 4762 2985 4807 tant.
3016 4750 3067 4807 Χ
3082 4747 3220 4808 γιι.
