4112 6420
384 342 486 401 369
1465 343 1553 398 DE
1591 342 1805 400 CURlS
1840 343 2128 400 BIBIJCIS
2165 345 2456 403 EUSEBII.
3538 357 3644 414 870

1459 552 1897 566 —_———

2539 557 3630 591 rm

394 550 2018 581 viz—1mm;

1015 550 1919 566 ———-—c——-——_———a
2013 558 2639 569 ———-——_—_———

1015 564 1771 578 _——-——d_———
1790 573 1798 580 .
1810 570 2400 583 ———————-
2417 572 2639 583 *⁸-

714 806 1772 1021 EUSEBII
1931 813 3256 1033 PAMPHILI

1269 1262 2074 1356 CESABIENSIS
2152 1267 2704 1363 EPISCOPI

467 1570 1251 1731 OPERUM
1353 1571 2113 1731 OMNIUM
2210 1574 2696 1734 PARS
2810 1580 3520 1741 TERTIA

1591 2068 2401 2185 EXEGETICA

1350 2426 1465 2487 DE
1508 2426 1749 2489 CURIS
1790 2425 2164 2488 BIBLICIS
2207 2424 2571 2488 EUSEBII.

1002 2640 1222 2705 (Angela
1243 2638 1360 2701 list,
1387 2636 1681 2689 Bibliotheca
1705 2649 1828 2687 nova
1856 2638 2079 2699 Patrum,
2103 2642 2137 2686 t.
2165 2635 2244 2697 iV,
2269 2649 2319 2698 p.
2343 2634 2420 2685 66.
2466 2636 2635 2687 Roma
2659 2637 2807 2721 1847,.
2824 2637 2970 2705 in-l.)

427 2996 567 3055 Dum
622 2995 841 3052 Eusebii
872 2993 1097 3065 reliquis
1121 2993 1311 3049 sedulo
1336 2991 1657 3072 colligendis
1688 3007 1877 3047 curam
1911 2993 2305 3064 impenderam,
2334 2991 2449 3048 ﬁeri
2477 3007 2588 3048 non
2620 3000 2833 3064 poterat
2872 2997 3003 3065 quin
3034 2996 3102 3052 ad
3131 2997 3373 3054 codicem
3399 3014 3620 3073 quoque

349 3095 500 3151 illum
532 3092 801 3163 insignem
836 3090 1165 3160 respicerem
1191 3088 1320 3143 olim
1352 3088 1406 3142 in
1439 3084 1613 3142 Gallia
1645 3087 2160 3153 Claromontanum,
2192 3104 2343 3143 nunc
2365 3086 2712 3154 Vaticanum,
2738 3090 3036 3161 prophetas
3065 3108 3275 3160 omnes,
3301 3112 3425 3150 cum
3453 3094 3620 3153 Pam-

347 3191 479 3263 phili
514 3187 843 3258 Eusebiique
871 3185 1211 3250 recensione,
1249 3185 1651 3249 continentem;
1677 3183 1744 3238 de
1776 3200 1886 3255 quo
1914 3185 2043 3238 olim
2078 3184 2364 3239 Curterins
2393 3184 2448 3237 in
2484 3184 2805 3254 praefatione
2835 3185 2901 3240 ad
2930 3185 3255 3258 Procopium
3286 3189 3340 3243 in
3378 3190 3617 3256 Esaiam,

346 3293 399 3340 et
422 3283 618 3339 deinde
645 3281 876 3353 peritius
916 3276 1358 3333 Montfanconius
1389 3277 1443 3331 in
1478 3274 1665 3330 (ἔπεισα
1694 3275 2113 3346 palwograpltia,
2142 3291 2197 3346 p.
2239 3274 2346 3329 224
2376 3291 2555 3345 seqq.,
2586 3276 2800 3332 locutus
2829 3284 2934 3332 est.
2971 3277 3021 3333 Is
3061 3280 3254 3343 codex,
3291 3282 3480 3337 nescio
3510 3299 3621 3354 quo

346 3392 527 3431 rerum
553 3385 774 3436 eventu,
804 3390 947 3428 anno
994 3373 1131 3428 1785
1170 3371 1400 3427 Romam
1444 3370 1678 3433 delatus,
1715 3372 1901 3442 palatii
1937 3371 2222 3441 apostolici
2254 3372 2522 3441 impensa,
2556 3373 2788 3426 scutatis
2831 3375 3070 3429 nummis
3101 3379 3359 3433 trecentis
3402 3387 3621 3450 emptus

348 3468 472 3531 fuit,
518 3476 573 3522 et
612 3465 955 3520 bibliotheca:
981 3464 1256 3518 Vaticanae
1303 3463 1574 3527 addictus,
1626 3460 2040 3516 bibliothecario
2088 3461 2241 3515 card.
2279 3460 2498 3525 Zelada,
2528 3462 2787 3531 praefecto
2819 3460 3056 3533 Josepho
3097 3465 3285 3537 Regio,
3320 3478 3379 3523 ut
3422 3472 3474 3525 in
3520 3489 3619 3528 au-

346 3560 587 3615 thentica
616 3557 945 3613 venditionis
997 3555 1304 3625 syngrapha
1340 3554 1557 3622 legitur.
1596 3550 1810 3617 Quanta
1858 3553 1929 3607 sit
1967 3553 2178 3607 codicis
2215 3554 2571 3622 calligraphia
2611 3562 2667 3609 et
2699 3556 3021 3625 antiquitas,
3045 3557 3375 3626 judicabunt
3417 3563 3618 3620 θτυάιί

344 3667 408 3708 ex
439 3650 740 3721 specimine
798 3646 1139 3710 ﬁdelissimo,
1188 3645 1334 3716 quod
1368 3644 1516 3715 ligno
1536 3660 1800 3699 excusum
1857 3644 1946 3698 hic
1982 3646 2328 3715 apponimus.
2360 3644 2495 3698 Nam
2547 3644 2642 3701 fol.
2689 3646 2757 3701 84
2798 3656 2924 3701 ante
2970 3647 3186 3704 Esaiam
3225 3652 3430 3717 (ἔπεσε,
3466 3667 3525 3711 ut
3558 3657 3615 3713 in

344 3750 535 3798 nostro
562 3758 698 3799 cuso
727 3741 1027 3813 specimine
1061 3739 1380 3795 scribuntur
1407 3752 1491 3801 ea,
1532 3753 1653 3808 qua:
1691 3736 1883 3791 Latine
1913 3737 1994 3794 sic
2024 3737 2260 3792 habent:
2301 3737 2617 3806 Desumptus
2640 3739 2743 3809 fuit
2775 3738 2970 3794 Esaias
3007 3744 3079 3795 ab
3104 3746 3396 3813 exemplari
3429 3747 3616 3804 Patris

341 3839 662 3911 Apollinarii
695 3836 1092 3900 cmnobiarcha’,
1130 3837 1217 3888 cui
1247 3834 1357 3889 lucc
1385 3843 1535 3887 erant
1564 3832 1887 3902 subjuncta:
1918 3831 2222 3900 desumptus
2254 3833 2355 3902 fuit
2390 3831 2581 3887 Esaias
2625 3850 2690 3889 ea:
2717 3834 3032 3891 editionibus
3071 3838 3465 3905 Irexaplaribus.
3489 3825 3618 3897 Gol-

342 3937 485 3991 latus
507 3945 582 3990 est
618 3943 791 3989 autem
821 3934 982 3987 etiam
1006 3948 1125 3986 cum
1159 3930 1327 3984 altero
1354 3929 1634 3999 hexaplari
1667 3928 1842 3983 codice
1870 3928 2008 3982 hanc
2036 3927 2433 3983 adnotationem
2466 3929 2688 3985 habente
2718 3948 2736 3985 :
2775 3930 3067 3986 emendata:
3092 3931 3307 4002 fuerunt
3334 3934 3616 4006 diligenter

339 4042 542 4086 cuncta:
575 4031 861 4093 editiones;
899 4029 1090 4083 etenim
1139 4027 1349 4081 collata:
1390 4026 1535 4095 fuere
1564 4041 1683 4080 cum
1714 4023 1881 4079 Esaia
1913 4024 2210 4092 tetraplari,
2244 4041 2335 4079 nec
2363 4042 2467 4080 non
2502 4042 2619 4079 cum
2665 4024 2959 4094 hexaplari.
2996 4026 3128 4081 Tum
3172 4028 3335 4081 etiam
3364 4027 3429 4082 ab
3459 4030 3615 4085 initio

339 4142 501 4197 usque
537 4126 612 4180 ad
643 4126 895 4180 visionem
919 4123 1070 4193 Tyri,
1107 4122 1411 4177 accuratius
1445 4120 1617 4175 adhuc
1648 4120 1957 4177 emendatus
1991 4121 2114 4191 fuit.
2152 4121 2371 4190 Copiam
2408 4123 2550 4176 enim
2578 4120 2880 4188 habuimus,
2916 4138 3081 4193 usque
3114 4122 3183 4177 ad
3213 4124 3371 4193 ﬁnem
3394 4125 3614 4181 uisionis

342 4221 489 4294 Tyri,
523 4231 782 4276 tomorum
810 4221 866 4274 in
893 4218 1112 4274 Esaiam
1143 4219 1524 4290 exegeticorum
1558 4217 1801 4289 Origenis
1831 4233 1849 4270 :
1880 4217 2162 4289 seduloque
2199 4219 2693 4282 animaduertentes,
2726 4236 2830 4290 quo
2855 4236 3011 4274 sensu
3045 4220 3132 4274 ille
3160 4221 3399 4290 singulas
3422 4221 3617 4277 dictio-

339 4332 428 4372 nes
453 4332 549 4386 pro
586 4315 785 4372 viribus
807 4314 1192 4383 explicavisset,
1238 4329 1443 4367 omnem
1487 4311 1885 4382 ambiguitatem
1926 4311 2213 4367 secundum
2260 4312 2407 4367 illius
2446 4324 2670 4393 mentem
2701 4316 3048 4368 correximus.
3085 4314 3354 4370 Prteterca
3396 4331 3614 4385 compa-

340 4413 545 4466 ratione
573 4414 817 4468 instituta
839 4428 959 4467 cum
989 4409 1335 4481 Septuaginta
1370 4408 1604 4463 uirorum
1646 4408 1893 4470 editione,
1923 4417 1973 4462 et
2014 4425 2131 4462 cum
2161 4409 2433 4463 adnotatis
2463 4408 2530 4462 ab
2571 4409 2798 4464 Eusebio
2823 4408 2891 4462 ad
2922 4408 3168 4471 Esaiam,
3198 4411 3252 4465 in
3287 4409 3617 4467 dissonanti-

342 4508 434 4560 bns
467 4508 594 4562 locis
625 4524 836 4561 sensum
887 4507 1069 4560 rimati
1109 4521 1313 4567 sumus,
1354 4513 1508 4576 atque
1537 4504 1607 4558 ad
1636 4505 1783 4559 illius
1831 4521 2073 4559 normam
2124 4504 2547 4559 emendationem
2575 4507 2895 4561 curauimus.
2955 4504 3095 4561 Tum
3141 4507 3238 4562 fol.
3285 4507 3394 4563 280
3424 4510 3458 4563 b
3487 4517 3615 4565 ante

339 4600 676 4657 Ezechielem
705 4602 905 4672 legitur
927 4600 1133 4665 Graece,
1162 4610 1222 4656 ut
1255 4600 1460 4670 pariter
1493 4601 1548 4654 in
1577 4608 1767 4655 nostro
1789 4588 2109 4670 specimine,
2153 4600 2299 4671 quod
2330 4599 2525 4655 Latine
2550 4601 2630 4655 sic
2665 4600 3110 4670 interpretamur.
3145 4601 3469 4673 Desumptus
3510 4604 3615 4673 fuit

337 4694 635 4765 (Ezechiel)
668 4697 731 4749 ab
777 4696 1067 4764 exemplari
1112 4694 1292 4749 Patris
1320 4695 1642 4764 Apollinarii
1682 4695 2092 4761 ccenobiarclue,
2144 4697 2200 4750 in
2229 4712 2330 4767 quo
2359 4695 2472 4751 hac
2516 4705 2670 4750 erant
2706 4697 2988 4767 subjuncta
3011 4714 3030 4752 :
3072 4698 3376 4768 desumptus
3406 4699 3526 4767 fuit
3547 4713 3615 4754 ea:

331 4787 653 4842 editionibus
677 4787 1072 4857 [texaplaribus,
1121 4786 1530 4859 emendatusque
1564 4786 1634 4840 ad
1686 4787 1921 4857 ejusdem
1958 4787 2200 4859 Origenis
2228 4788 2477 4858 tetrapla,
2508 4804 2626 4859 qure
2678 4805 2838 4843 manu
2875 4789 3041 4859 ipsius
3082 4790 3358 4844 emendata
3400 4790 3612 4859 fuerant

332 4893 381 4937 et
411 4881 628 4937 scholiis
657 4883 903 4953 pradita.
946 4880 1095 4937 Unde
1125 4898 1218 4955 ego
1247 4881 1508 4936 Eusebius
1541 4881 1747 4936 scholia
1770 4882 1974 4939 addidi.
2009 4883 2318 4953 Pamphilus
2349 4892 2400 4937 et
2434 4881 2693 4939 Eusebius
2725 4885 3148 4940 emendaverunt.
3494 4894 3501 4905 ‘
3612 4957 3638 4997 Η

401 5019 570 5077 Vides
600 5001 844 5077 codicem
893 5021 1099 5093 adepol
1130 5023 1668 5094 praestantissimum.
1701 5023 1868 5079 Vides
1890 5024 2114 5080 Eusebii
2142 5040 2269 5096 erga
2302 5025 2520 5081 divinos
2545 5025 2714 5083 libros
2745 5026 2960 5089 merita,
2995 5034 3049 5081 et
3075 5041 3237 5096 quam
3269 5036 3417 5083 recte
3446 5026 3516 5082 de
3544 4999 3621 5084 eo.

330 5112 696 5188 Hieronymus
726 5116 803 5171 De
835 5120 931 5171 vir.
967 5119 1051 5172 ill.
1081 5134 1202 5190 cap.
1231 5119 1296 5174 81
1335 5120 1536 5176 dixerit
1563 5139 1576 5174 :
1606 5119 1862 5174 Eusebius
1893 5118 2155 5174 Ctesarete
2184 5118 2493 5176 Pala'stina:
2530 5122 2806 5192 episcopus
2836 5123 2893 5175 in
2925 5122 3219 5190 Scripturis
3265 5122 3455 5178 divinis
3495 5133 3610 5178 stu-

329 5214 689 5277 diosissimus,
720 5223 771 5268 et
804 5213 1128 5270 bibliothecae
1151 5215 1364 5281 divine,
1410 5233 1527 5270 cum
1560 5215 1843 5285 Pamphilo
1885 5224 2143 5285 martyre,
2177 5215 2615 5287 diligentissimus
2650 5218 3050 5288 peruestigator.
3096 5215 3301 5273 Revera
3336 5197 3627 5275 Consum--I

327 5310 480 5364 tinus
506 5310 620 5381 ipse
662 5311 959 5379 imperator
998 5309 1139 5379 (Vit.
1167 5311 1265 5366 lib.
1304 5328 1380 5375 iv,
1411 5311 1502 5374 56,
1536 5311 1625 5383 57)
1657 5309 1899 5366 Eusebio
1936 5324 2140 5386 munus
2169 5309 2434 5378 imposuit
2464 5311 2920 5381 praestantissima
2952 5307 3052 5364 SS.
3086 5308 3389 5364 Bibliorum
3424 5324 3640 5386 exem-P

330 5405 503 5473 plaria
525 5405 923 5474 quinquaginta
974 5406 1323 5470 conﬁciendi,
1362 5422 1484 5476 qum
1514 5406 1751 5461 diversis
1789 5404 2053 5459 Ecclesiis
2081 5384 2375 5459 distributa
2409 5404 2653 5461 fuerunt.
2687 5403 2808 5458 .lam
2851 5404 2897 5460 si
2928 5404 3136 5461 codicis
3175 5406 3475 5475 pleniorem
3508 5384 3639 5460 [ιο-ι’

328 5500 503 5554 titiam
537 5511 713 5571 optas.
741 5517 862 5557 eam
897 5503 1138 5557 breviter
1184 5504 1262 5558 sic
1292 5504 1599 5558 trademus.
1630 5501 1751 5559 Fol.
1800 5502 1909 5563 1-5,
1942 5500 2081 5557 Vita:
2122 5503 2315 5557 breves
2342 5504 2731 5572 prophetarum
2756 5509 2981 5555 auctore
3007 5501 3327 5554 nominatim
3346 5499 3605 5566 Eusebio,

330 5604 466 5660 quas
495 5593 781 5650 Curterius
818 5595 1009 5650 edidit.
1056 5594 1175 5650 Fol.
1202 5595 1357 5657 5-H,
1389 5594 1586 5652 Obitus
1615 5603 1669 5651 et
1691 5597 1986 5665 sepultura:
2018 5596 2432 5666 prophetarum,
2461 5596 2580 5652 sine
2622 5595 2865 5649 auctoris
2894 5597 3137 5661 nomine,
3174 5594 3242 5649 de
3274 5594 3474 5665 quibus
3504 5608 3607 5664 po-

331 5691 447 5739 stea
480 5687 746 5744 dicemus.
778 5687 896 5744 Fol.
924 5688 1117 5754 12-85,
1144 5675 1428 5759 Propheta:
1450 5690 1692 5745 minores
1718 5688 2032 5745 duodecim.
2065 5686 2181 5743 Fol.
2214 5687 2304 5743 84.
2338 5687 2431 5742 Illa
2466 5688 2752 5758 inscriptio
2786 5694 2911 5741 ante
2932 5685 3148 5741 Esaiam
3181 5701 3302 5760 quae
3332 5687 3386 5741 in
3417 5692 3608 5741 nostro

331 5778 628 5835 specimine
677 5782 851 5841 prima
882 5789 986 5837 est.
1028 5779 1292 5837 Praecedit
1339 5781 1449 5838 illic
1476 5781 1671 5838 notitia
1709 5781 1775 5838 de
1805 5780 1987 5849 Esaia,
2026 5782 2258 5853 ejusque
2291 5779 2534 5853 parentis
2584 5778 2772 5837 Amosi
2811 5780 3053 5848 nomine,
3090 5786 3146 5835 et
3188 5790 3432 5851 tempore
3468 5775 3611 5833 vati-
