4112 6436
458 376 551 440 an
1150 360 1421 422 susum!
1455 349 1927 415 cmssmmsns
1962 346 2113 405 ore.
2152 342 2334 400 PARS
2368 342 2543 400 lll.-—
2580 336 2983 396 EXEGETICA.
3613 330 3721 390 ετξ

461 493 610 551 cinii.
638 490 753 546 Fol.
804 485 1017 552 85-466,
1045 483 1258 539 Esaias.
1287 479 1405 533 Fol.
1437 475 1696 540 168-280,
1720 470 2041 531 Hieremias,
2092 464 2328 530 Baruch,
2359 462 2582 518 Threni.
2612 460 2727 516 Fol.
2776 457 2885 513 280
2920 456 2958 512 b
3006 461 3089 512 est
3140 451 3427 522 inscriptio
3471 460 3722 552 scchunaa

461 541 1312 653 nostri—speciminis;pertinens
1344 572 1412 627 ad
1436 569 1792 625 Ezechielem.
1835 561 1954 617 Fol.
1988 557 2251 616 281-576.
2287 555 2556 611 Ezechiel.
2588 553 2704 607 Fol.
2734 550 2994 615 577-412,
3037 548 3089 601 id
3120 553 3205 602 est
3245 559 3421 613 usque
3447 541 3516 596 ad
3549 541 3714 595 linem

462 640 958 741 codicis,-Danihel,
989 640 1047 727 iii
1066 687 1175 742 quo
1203 670 1438 742 hymnus
1471 680 1688 737 quoque
1713 662 1879 716 trium
1906 671 2196 730 puerorum
2235 654 2492 708 scribitur
2522 650 2559 706 f.
2587 650 2727 716 590;
2760 656 2814 703 et
2848 646 3023 709 initio,
3059 645 3113 699 id
3143 651 3227 700 est
3257 642 3351 696 fol.
3382 640 3511 704 581,
3548 640 3723 694 histo-

462 770 545 824 ria
578 733 859 823 Susannae.
897 733 1101 821 Textus
1145 733 1390 818 omnium
1430 733 1816 830 prophetarum
1848 749 2232 822 integerrimus
2261 753 2362 801 est.
2387 744 2548 799 Juxta
2583 750 2691 795 tam
2726 739 3087 794 venerabilem
3125 737 3451 808 antiquitate
3483 733 3726 790 criticis-

463 876 569 932 que
615 860 816 930 regulis
857 865 1088 920 textum,
1129 861 1346 911 exstant
1379 824 1448 906 in-
1478 824 1723 917 margine
1754 843 1992 914 antiquis
2024 855 2177 911 teque
2212 837 2463 893 litterulis
2496 834 2713 903 scriptae
2744 832 3007 886 lectiones
3036 830 3201 884 varize
3225 829 3545 899 hexaplares
3577 824 3722 879 LXX

461 920 740 1017 ﬁirorum,
776 953 1003 1022 Aquilae,
1042 947 1377 1023 Symmachi,
1410 942 1820 1005 Theodotionis,
1854 949 1906 994 et
1933 939 2164 993 aliorum
2197 934 2421 1002 aliquot,
2454 936 2583 1000 puta
2623 925 2896 997 Origenis.
2928 924 3055 979 [ire
3103 923 3331 985 scholia,
3380 920 3542 975 modo
3570 934 3718 973 rare-

466 1059 647 1115 scunt,
680 1013 857 1103 modo.
878 1013 1026 1102 nulla
1050 1013 1198 1110 sunt,
1234 1043 1396 1098 modo
1424 1042 1557 1095 adeo
1587 1036 1891 1108 frequentia
1914 1041 1968 1089 et
1992 1033 2234 1102 copiosa,
2268 1037 2327 1081 ut
2355 1025 2588 1093 alicujus
2618 1022 2947 1092 quandoque
2976 1017 3293 1087 interpretis
3325 1017 3489 1069 latam
3522 1013 3724 1068 sectio-

464 1160 589 1201 nem
622 1146 935 1200 habeamus.
965 1142 1168 1197 Horum
1193 1154 1292 1193 nos
1325 1136 1658 1193 seholiorum
1686 1133 1794 1185 alio
1818 1140 2058 1198 tempore
2085 1125 2357 1195 specimen
2389 1135 2583 1175 cusum
2616 1115 3021 1172 exhibebimus.
3060 1112 3265 1166 Prmter
3288 1125 3418 1166 vero
3450 1110 3566 1163 haec
3589 1115 3724 1161 Sane

465 1239 724 1310 pretiosa.
752 1238 856 1290 alia
889 1235 1093 1307 passim
1130 1231 1403 1301 margines
1431 1230 1671 1284 obruunt
1695 1223 1900 1280 scholia
1936 1218 2264 1278 recentiora,
2299 1227 2530 1284 quorum
2572 1226 2717 1265 nunc
2754 1208 2981 1269 nullam,
3014 1211 3176 1274 atque
3214 1203 3359 1257 haud
3393 1202 3509 1257 scio
3544 1215 3616 1254 an
3656 1214 3725 1302 ne

468 1295 651 1402 postea
691 1295 928 1400 quidem,
960 1326 1225 1380 rationem
1251 1295 1618 1377 habebimus:
1651 1316 1814 1373 sicuti
1843 1328 1911 1368 ne
1954 1310 2198 1366 brevium
2239 1306 2458 1377 quidem
2493 1302 2862 1357 recentiorum
2897 1299 3025 1353 vitis
3076 1295 3409 1350 additionem
3441 1295 3498 1347 in
3530 1295 3724 1363 spatiis

385 1428 389 1431 ’
464 1427 657 1485 vacuis
684 1424 806 1479 rudi
833 1438 995 1476 manu
1018 1422 1392 1475 oblrusarum.

535 1589 679 1659 Ergo
712 1587 779 1641 ad
811 1583 1102 1639 Eusebium
1137 1593 1257 1650 quae
1282 1577 1575 1648 pertinent,
1610 1572 1678 1627 de
1718 1585 1826 1641 quo
1856 1582 2005 1624 nunc
2027 1566 2259 1637 agimus,
2295 1563 2400 1619 tria
2427 1564 2480 1617 in
2502 1562 2690 1617 codice
2717 1568 2881 1617 sunt:
2913 1560 2963 1631 1,.
2996 1557 3152 1613 Sacri
3183 1563 3365 1613 textus
3393 1556 3534 1612 facta
3558 1557 3627 1612 ab
3655 1571 3722 1611 eo

466 1697 590 1736 cum
614 1650 902 1748 l’amphilo
940 1674 1267 1738 emendatio,
1300 1671 1356 1725 2.
1408 1668 1755 1724 Scholiorum
1800 1663 2054 1733 adjeztio,
2082 1663 2135 1718 5.
2182 1658 2580 1740 Prophetarum
2612 1658 2753 1712 vitae.
2783 1654 2849 1707 Et
2906 1654 3125 1707 tertium
3161 1652 3380 1723 quidem
3432 1650 3724 1706 Curterius

470 1774 625 1838 satis,
656 1780 713 1824 ut
736 1744 899 1839 supra
921 1767 1178 1829 diximus,
1232 1762 1465 1827 curavit,
1498 1761 1627 1815 vitis
1657 1760 1767 1814 illis
1805 1757 2194 1828 prophetarum
2244 1753 2498 1808 brevibus
2528 1751 2710 1804 editis.
2748 1747 2990 1800 Primum
3019 1761 3082 1799 ac
3130 1744 3429 1801 secundum
3462 1759 3491 1796 a
3518 1758 3627 1810 me,
3665 1750 3724 1798 ut

468 1835 649 1934 spero,
678 1835 940 1932 quantum
971 1874 1108 1928 opus
1152 1855 1276 1919 erit,
1311 1854 1679 1924 praestabitur,
1704 1864 1827 1906 cum
1884 1851 2027 1902 hunc
2051 1856 2256 1900 textum
2299 1845 2354 1899 in
2388 1845 2521 1898 meis
2552 1841 2765 1896 biblicis
2807 1838 3299 1902 lucubrationibus,
3335 1836 3420 1891 vel
3451 1835 3721 1906 integrum

466 1958 552 2011 vel
587 1962 840 2011 accurate
868 1954 1147 2014 collatum,
1189 1949 1528 2013 exscriham;
1566 1946 1774 2001 scholia
1830 1951 2032 2005 autem,
2062 1940 2145 1994 vel
2188 1939 2372 2008 potius
2404 1936 2724 2004 hexaplares
2773 1934 3055 1993 lectiones,
3085 1937 3359 1999 quatenus
3404 1928 3598 1984 saltem
3641 1928 3726 1980 in-

469 2050 699 2119 cognitas
733 2047 910 2101 adhuc
963 2044 1185 2109 fuerint,
1214 2058 1323 2097 non
1358 2040 1796 2112 praetermittam.
1849 2035 1985 2089 Nam
2030 2032 2468 2088 Montfauconius
2502 2026 2755 2101 (Hexapl.
2794 2034 2836 2082 t.
2866 2024 2928 2089 ll,
2959 2041 3012 2095 p.
3046 2025 3136 2095 87)
3192 2021 3471 2094 quatridui
3514 2030 3723 2077 tantum

468 2118 644 2211 spatio
670 2154 991 2194 concessum
1026 2138 1129 2193 sibi
1176 2136 1379 2192 codicis
1416 2150 1575 2191 usum
1612 2132 1784 2189 fuisse
1827 2131 2021 2187 dolens
2049 2128 2145 2183 ait.
2176 2125 2306 2199 (Sed
2333 2134 2514 2180 tamen
2560 2123 2772 2178 Esaiam
2816 2121 3102 2175 Curterius
3147 2127 3307 2174 antea
3363 2118 3720 2185 contulerat.)

468 2209 651 2302 Itaque
678 2230 1002 2286 festinanter
1041 2228 1361 2299 trepideque
1396 2227 1467 2282 ob
1523 2225 1805 2296 angustias
1854 2221 2115 2291 temporis
2144 2218 2366 2273 nonnisi
2392 2234 2457 2271 ex
2494 2216 2669 2271 tribus
2706 2213 3007 2283 majoribus
3034 2211 3336 2281 prophetis,
3372 2211 3583 2265 omisso
3616 2209 3724 2262 Da-

466 2324 608 2377 niele
633 2331 685 2377 et
713 2322 962 2393 reliquis,
990 2321 1276 2376 lectionem
1305 2318 1680 2389 hexaplarium
1706 2315 2026 2370 varietatem
2050 2312 2343 2381 excerpsit.
2374 2308 2591 2364 Interim
2616 2324 2718 2363 nos
2745 2323 2855 2361 uno
2894 2307 3077 2360 oblato
3106 2303 3256 2369 folio,
3282 2318 3400 2358 rem
3438 2302 3727 2375 philologis

465 2414 863 2486 philocalisque
896 2421 1207 2483 pergratam
1235 2411 1413 2466 facere
1443 2410 1670 2465 scimus.

533 2584 652 2638 Jam
689 2599 815 2640 vero
844 2583 970 2653 quia
1002 2582 1134 2648 dixi,
1164 2590 1290 2637 ante
1337 2581 1554 2637 Esaiam
1603 2582 1659 2636 in
1690 2581 1878 2636 codice
1924 2580 2207 2652 prologum
2238 2577 2524 2650 quemdam
2576 2590 2717 2634 esse.
2750 2573 2797 2628 is
2830 2572 2905 2626 ita
2938 2588 2996 2626 se
3017 2570 3215 2625 habet:
3253 2570 3481 2640 Ὄρασις
3525 2567 3592 2638 ἣν
3619 2564 3729 2621 ἴδεν

477 2676 704 2741 Ἡσαΐας
735 2678 847 2740 υἱὸς
891 2675 1087 2747 Ἀμώς.
1118 2675 1340 2747 Οίηθείη
1375 2677 1472 2747 μὲν
1504 2676 1569 2731 ἄν
1592 2693 1676 2739 τις
1705 2675 1794 2728 τὸν
1840 2674 2019 2745 Ἀμὼς
2038 2675 2249 2739 τοῦτον,
2282 2675 2399 2744 1ἦτοι
2433 2670 2720 2742 ὁμώνυμον
2750 2664 2887 2721 εἶναι
2921 2666 3015 2719 τοῦ
3063 2667 3120 2718 ὲν
3167 2666 3277 2726 τοῖς
3305 2661 3532 2726 δώδεκα,
3573 2660 3607 2732 ἢ
3636 2660 3730 2714 τὸν

464 2768 627 2823 αὑτὸν
660 2772 892 2822 ἐκεῖνον·
920 2770 1025 2841 χρὴ
1052 2770 1109 2822 δὲ
1130 2769 1347 2835 εἰδέναι,
1381 2770 1461 2823 ὅτι
1490 2772 1519 2824 6
1556 2770 1652 2841 μὲν
1688 2769 1869 2841 πατὴρ
1908 2770 2148 2832 Ἡσαΐου,
2183 2770 2310 2839 παρ’
2343 2770 2472 2839 ἡμῖν
2499 2766 2804 2819 τελευταῖον
2837 2765 3004 2833 σῖγμα
3028 2760 3159 2831 ἔχει,
3192 2759 3255 2811 τὸ
3282 2759 3413 2829 παρ’
3459 2755 3731 2827 Ἑϐραίοις

463 2861 792 2931 καλοᾶμενον
817 2862 929 2926 σὲν,
954 2864 1089 2933 ὅπερ
1111 2862 1274 2915 οἱονεὶ
1289 2861 1421 2914 δασύ
1449 2865 1564 2916 ἐστι
1593 2866 1786 2933 σῖγμα·
1812 2867 1840 2917 ὁ
1865 2864 1920 2916 δὲ
1961 2866 2017 2916 ὲν
2056 2866 2166 2927 τοῖς
2194 2862 2417 2925 δώδεκα,
2447 2861 2601 2931 λήγει
2630 2862 2709 2924 εἰς
2733 2857 3041 2910 τελευταῖον
3079 2856 3337 2925 στοιχεῖον
3365 2852 3428 2905 τὸ
3464 2850 3728 2921 καλούμε-

463 2968 552 3006 νον
592 2953 745 3023 σαδὴ,
767 2954 903 3025 ὅπερ
940 2954 1100 3006 οἱονεὶ
1133 2953 1451 3025 φιλούμενόν
1487 2956 1603 3008 ἐστι
1649 2959 1817 3025 σῖγμα
1854 2956 1951 3026 (α)’
1988 2954 2169 3026 ἔχουσι
2205 2955 2261 3007 δὲ
2299 2955 2537 3025 Ἑϐραῖοι
2571 2953 2665 3005 καὶ
2697 2950 2901 3022 τρίτον,
2934 2949 3087 3021 παρὰ
3110 2948 3178 3001 τὰ
3214 2947 3305 3000 δύο
3332 2944 3527 3011 ταῦτα,
3565 2946 3732 3014 σῖγμα

461 3043 523 3097 τὸ
549 3044 880 3115 καλούμενον
905 3045 1143 3115 σαμχὰθ,
1172 3047 1308 3116 ὅπερ
1343 3046 1454 3099 ἴσον
1485 3045 1706 3101 δύναται
1734 3047 1810 3118 τῷ
1844 3050 2018 3101 εἰπεῖν
2054 3050 2242 3118 σῖγμα.
2272 3077 2343 3087 --
2373 3046 2614 3117 Ἤρξατο
2641 3045 2738 3115 μὲν
2773 3045 2830 3097 ἐν
2879 3041 3125 3114 βασιλείᾳ
3157 3039 3330 3105 Ὀζίου
3368 3035 3732 3110 προφητεύειν

462 3136 491 3187 6
530 3136 774 3199 Ἡσαΐας,
799 3138 892 3190 καὶ
917 3138 1232 3209 παρατείνει
1263 3139 1423 3211 μέχρι
1471 3139 1729 3205 Ἐζεκίου’
1760 3142 1828 3194 τὰ
1854 3141 1910 3195 δὲ
1942 3142 2144 3195 τούτων
2170 3141 2264 3213 ἔτη
2309 3140 2415 3193 ἀπὸ
2442 3140 2540 3209 τῆς
2579 3138 2843 3210 τετάρτης
2875 3135 2981 3189 τῶν
3010 3132 3300 3187 Βασιλειῶν
3329 3132 3345 3162 ¹
3373 3134 3490 3184 ἐστι
3514 3128 3685 3183 ταῦτα
3709 3143 3724 3157 ο

476 3227 655 3293 Ὀζίας
687 3231 716 3282 ὁ
749 3232 841 3284 καὶ
873 3230 1123 3303 Ἀζαρίας
1151 3232 1223 3303 (b)
1262 3232 1356 3305 ἔτη
1402 3235 1739 3307 πεντήκοντα
1783 3235 1893 3290 660°
1932 3235 2069 3307 μετὰ
2118 3235 2306 3288 τοῦτον
2364 3233 2600 3304 Ἰωάθαμ
2641 3231 2735 3302 ἔτη
2780 3229 3004 3294 δεκαέξ·
3048 3230 3163 3299 μετ’
3207 3226 3368 3280 αὑτὸν
3410 3222 3585 3293 ’Ἄχας
3629 3221 3723 3291 ἔτη

463 3320 686 3386 δεκαέξ·
732 3322 848 3392 μετ’
887 3323 1046 3376 αὐτὸν
1086 3325 1330 3404 Ἐζεκίας
1357 3328 1385 3379 6
1435 3328 1547 3391 υίὸς
1594 3328 1757 3381 αὑτοῦ
1797 3328 1889 3400 ἔτη
1922 3328 2281 3382 εἰκοσιεννέα’
2317 3326 2508 3395 ἐπειδὴ
2551 3325 2774 3396 φέρεται
2829 3320 3127 3395 προφητεία
3172 3319 3393 3373 Ἡσαΐου
3438 3320 3495 3370 ἐν
3533 3331 3725 3368 τεσσα-

466 3413 867 3486 ρεσκαιδεκάτῳ
894 3414 1000 3468 ἔτει
1046 3416 1285 3481 Ἐζεκίου
1328 3419 1612 3491 εἰρημένη,
1648 3421 1817 3493 χωρὶς
1856 3420 1963 3476 τῶν
1987 3438 2050 3491 γε
2091 3420 2264 3486 Ὀζίου
2297 3421 2501 3492 χρόνων
2536 3418 2743 3490 ἀδήλων
2778 3417 2967 3480 ὄντων,
2999 3415 3093 3467 καὶ
3119 3413 3226 3465 τῶν
3265 3410 3405 3483 μετὰ
3436 3408 3496 3462 τὸ
3525 3422 3725 3460 τεσσα-

466 3505 880 3577 ρεσκαιδέκατον
924 3506 1186 3574 Ἐζεκίου,
1220 3510 1289 3563 τὰ
1335 3509 1535 3580 μεταξὺ
1576 3513 1777 3567 τούτων
1810 3514 1906 3586 τῆς
1937 3513 2272 3587 προφητείας
2292 3513 2388 3585 ἔτη
2426 3513 2636 3583 γίνεται
2674 3507 3175 3583 τεσσαρακονταέξ·
3212 3508 3269 3558 ὲν
3301 3506 3514 3567 τούτοις
3546 3502 3603 3555 δὲ
3634 3499 3729 3554 καὶ

532 3596 628 3650 τοῦ
668 3598 822 3670 Ὠσηὲ
851 3600 1140 3670 γεγένηται
1178 3602 1505 3673 προφητεία.

546 3762 691 3818 Visio
719 3780 877 3834 quam
903 3764 1033 3818 vidit
1065 3764 1256 3820 Esaias
1283 3767 1431 3836 ﬁlius
1456 3767 1639 3823 Amos.
1668 3767 2007 3824 Existimabit
2033 3771 2260 3840 fortasse
2282 3771 2492 3841 aliquis,
2528 3770 2663 3824 hunc
2691 3771 2850 3824 Amos
2880 3772 2958 3825 vel
2987 3771 3357 3842 homonymum
3389 3786 3501 3825 esse
3526 3771 3611 3824 illi
3641 3771 3735 3843 qui

464 3867 542 3913 est
571 3874 636 3911 ea:
666 3859 939 3913 duodecim
978 3877 1214 3924 numero,
1286 3864 1364 3916 rel
1398 3864 1504 3917 imo
1551 3864 1789 3918 eumdem
1838 3865 2121 3919 hominem.
2161 3866 2444 3921 Sciendum
2475 3883 2589 3921 vero
2618 3877 2716 3932 est,
2752 3866 2932 3921 Esaia:
2972 3870 3140 3935 patris
3186 3884 3373 3921 nomen
3404 3867 3641 3921 desinere
3677 3870 3732 3921 in

467 3948 600 4004 illud
629 3952 817 4021 sigma,
848 3950 987 4023 quod
1018 3952 1230 4007 Hebra’i
1271 3955 1539 4024 appellant
1575 3957 1680 4020 sin,
1713 3956 1948 4027 quodque
1984 3967 2062 4011 est
2097 3958 2255 4012 veluti
2284 3975 2523 4029 asperum
2548 3960 2739 4030 sigma.
2775 3957 2939 4013 Illum
2970 3970 3144 4013 autem
3172 3961 3262 4030 qui
3292 3970 3368 4014 est
3412 3975 3478 4013 ea:
3514 3976 3732 4013 numero

463 4047 759 4109 duodecim,
790 4047 980 4101 habere
1025 4058 1347 4116 postremum
1375 4049 1686 4104 elementum
1734 4050 1870 4122 quod
1900 4052 2026 4106 sade
2072 4051 2291 4117 dicitur,
2328 4054 2569 4124 quodque
2606 4055 2781 4108 instar
2812 4054 2942 4107 lenis
2969 4054 3209 4124 sigmatis
3249 4061 3347 4108 est.
3392 4051 3602 4106 Habent
3628 4050 3734 4107 He-

469 4137 617 4203 brwi,
645 4149 835 4209 praeter
863 4138 972 4192 hac
995 4138 1119 4205 duo,
1147 4141 1356 4193 tertium
1377 4157 1577 4212 quoque
1603 4144 1795 4213 sigma,
1827 4143 2028 4196 dictum
2059 4145 2358 4208 samchath,
2390 4145 2531 4215 quod
2558 4145 2694 4200 idem
2722 4155 2798 4201 est
2821 4162 2884 4200 ac
2914 4148 2960 4202 si
2982 4146 3132 4201 dicas
3157 4146 3347 4217 sigma.
3369 4174 3442 4186 —
3466 4144 3732 4215 Regnante

469 4229 607 4287 Ozia
641 4234 788 4301 cmpit
817 4233 1124 4302 prophetare
1155 4233 1369 4299 Esaias,
1401 4237 1730 4307 pervenitque
1777 4253 1940 4306 usque
1971 4238 2041 4291 ad
2072 4238 2375 4295 Ezecltiam.
2415 4238 2543 4294 Jam
2572 4240 2759 4294 horum
2786 4234 2914 4294 dnni
2951 4241 3007 4295 in
3040 4251 3231 4312 quarto
3263 4239 3562 4309 Regnorum
3595 4238 3731 4291 libro

465 4322 521 4376 lii
546 4335 689 4378 sunt.
743 4323 926 4390 Ozias,
954 4326 1042 4396 qui
1096 4336 1145 4379 et
1178 4326 1429 4392 Azarias,
1464 4330 1620 4383 annis
1653 4331 2034 4401 quinquaginta
2086 4332 2313 4389 duobus.
2370 4333 2501 4389 Post
2539 4334 2678 4389 hunc
2710 4334 2964 4389 Joatham
3018 4335 3171 4390 annis
3208 4335 3493 4388 sexdecim.
3534 4331 3732 4386 Deinde

463 4413 646 4469 Acha:
671 4417 821 4471 annis
839 4418 962 4471 item
993 4418 1272 4474 sexdecim.
1304 4418 1501 4475 Postea
1536 4420 1791 4477 Ezechias
1824 4424 1969 4493 ﬁlius
2002 4427 2115 4496 ejus
2149 4429 2304 4482 annis
2342 4429 2527 4498 uiginti
2566 4446 2767 4484 novem.
2809 4428 3073 4495 Quoniam
3109 4429 3269 4500 igitur
3303 4427 3483 4483 Esaiae
3510 4429 3733 4497 prophe-

464 4506 540 4562 tia
560 4507 680 4576 ﬁeri
695 4507 862 4561 adhuc
876 4508 1074 4563 dicitur
1094 4527 1230 4566 anno
1261 4512 1654 4583 quartodecimo
1684 4514 1943 4585 Ezechiw,
1973 4520 2173 4575 omissa
2201 4523 2362 4576 etiam
2390 4522 2538 4577 Oziw
2565 4532 2716 4591 parte
2744 4523 2843 4577 illa
2885 4540 3147 4579 annorum
3175 4540 3292 4594 quis
3329 4523 3598 4592 incognita
3625 4531 3727 4586 est,

459 4610 512 4654 et
544 4601 653 4656 illis
675 4619 874 4671 quoque
898 4602 1136 4659 Ezechiel:
1164 4607 1317 4660 annis
1344 4608 1435 4677 qui
1462 4618 1581 4678 post
1603 4621 1850 4680 quartum
1887 4612 2148 4669 decimum
2182 4616 2346 4685 fuere,
2368 4617 2653 4687 prophetica
2677 4618 2774 4672 hoc
2809 4616 3121 4672 intermedio
3147 4627 3377 4686 tempore
3408 4616 3567 4685 facta?
3587 4615 3729 4685 ﬁunt

461 4698 591 4751 anni
620 4697 975 4769 quadraginta
1012 4715 1124 4754 seu.
1164 4699 1318 4755 Intra
1341 4702 1441 4757 hoc
1473 4716 1651 4759 autem
1682 4708 1913 4777 spatium
1950 4706 2101 4764 Osca:
2136 4725 2338 4778 quoque
2357 4711 2563 4764 exstitit
2602 4711 2901 4781 prophetia.

531 4852 723 4909 Adhuc
754 4870 922 4909 unum
948 4856 1016 4911 de
1044 4856 1149 4911 hoc
1199 4856 1388 4913 codice
1435 4859 1807 4918 adnotandum
1852 4872 2120 4935 superest.
2172 4865 2304 4923 Post
2345 4868 2683 4926 Euscbianas
2738 4870 3125 4941 prophetarum
3158 4868 3334 4934 Vitas,
3372 4886 3513 4942 quas
3561 4885 3726 4940 supra

459 4949 908 5019 memoravimus,
938 4959 1242 5022 sequuntur
1290 4952 1409 5008 alia:
1438 4955 1754 5010 eorumdem
1803 4958 2116 5028 ampliores,
2161 4969 2222 5014 ut
2254 4962 2383 5017 item
2432 4961 2693 5031 diximus,
2735 4964 2925 5019 eadem
2976 4978 3139 5017 manu
3175 4970 3380 5029 vetere,
3422 4963 3727 5032 iisdemque

532 5122 551 5155 ί
578 5121 625 5177 ll
652 5122 836 5182 Paral.
872 5141 1000 5181 xxvi
1035 5142 1149 5198 seq.

462 5371 474 5384 _
520 5301 608 5388 la)
633 5300 733 5388 Vel
755 5303 882 5374 legit
912 5303 1336 5388 hunanrgecum
1378 5306 2002 5388 textum-Hieronymus,
2033 5312 2116 5367 vel
2147 5323 2293 5388 certe
2319 5330 2450 5388 cum
2482 5330 2548 5371 eo
2582 5320 2877 5381 consentit,
2911 5317 3207 5377 Comment.
3244 5321 3300 5375 in
3353 5321 3575 5377 Esaiam
3620 5324 3727 5381 sub

460 5374 617 5460 initio
640 5391 653 5426 :
685 5375 1023 5460 ximos'paler
1045 5374 1243 5460 Esaiae,
1266 5395 1376 5460 non
1389 5388 1461 5460 ‘ut
1484 5378 1713 5460 plerique
1735 5374 2034 5460 autumant,
2068 5385 2252 5438 tertius
2294 5385 2571 5460 duodecim
2594 5374 2971 5460 prophetarum
2999 5374 3113 5455 est,
3134 5374 3226 5446 sed

459 5446 727 5567 ἓῗεεέιέια
762 5444 1010 5500 Hebraeos
1043 5447 1343 5501 scribuntur
1383 5444 1591 5506 litteris.
1630 5444 1745 5505 'lste
1768 5450 1996 5518 primam
2033 5462 2083 5505 et
2116 5464 2408 5510 extremam
2457 5444 2635 5512 littera
2648 5444 2704 5515 ιη’
2750 5462 2907 5540 liabet
2939 5444 3112 5517 ueris
3137 5444 3186 5517 et
3215 5444 3383 5532 sibi};
3404 5444 3723 5520 ’δι’ὶῖλὶέὶι

472 5653 1672 5749 ,μφὶῖξοὶῖῃνείηέἒ,ιηθηυηΖαχαρίαςηηιοκ
1715 5668 1789 5725 ibi
1817 5666 2162 5726 emendatum
2205 5669 2478 5742 Ἀζαρίας.
2516 5670 2731 5745 Reapse
2771 5673 2830 5733 S.
2867 5671 3236 5747 Hieronymus
3264 5675 3370 5732 loc.
3406 5676 3536 5733 cit.:
3571 5674 3717 5734 Osia

466 5732 572 5794 ipse
592 5736 669 5778 est
703 5732 790 5796 qui
824 5736 873 5781 et
895 5732 1142 5801 Azarias,
1175 5732 1389 5803 duplici
1402 5738 1628 5794 nomine.
