4112 6426
351 345 456 401 373
1469 324 1557 379 DE
1597 323 1805 382 CURIS
1849 322 2134 379 BIBL!CIS
2168 323 2455 380 EUSEBII.
3478 331 3582 385 874

349 464 652 520 litterarum
707 453 1066 518 formis,'cum
1115 449 1270 503 titulo
1307 465 1317 498 :
1364 444 1626 515 Ὀνόματα
1659 444 1968 514 προφητῶν,

1957 485 1968 507 ,
2000 444 2091 495 καὶ
2129 442 2286 496 πόθεν
2315 443 2440 506 εἰσὶ,
2469 444 2560 494 καὶ
2615 442 2713 494 ποῦ
2745 442 3030 509 ἀπέθανον,
3077 446 3166 498 καὶ
3207 445 3318 509 πῶς
3356 449 3448 500 καὶ
3477 448 3581 500 ποῦ

349 559 556 611 κεῖνται
575 570 589 585 ·
626 549 859 604 Nomina
887 546 1276 616 prophetarum,
1307 548 1354 593 et
1377 540 1606 607 ipsorum
1638 537 1847 605 patr-iw,
1877 545 1924 589 et
1952 539 2166 588 ubinam
2199 536 2411 598 mortui,
2440 543 2487 588 et
2525 533 2781 602 quomodo
2807 544 2853 589 et
2882 552 2981 605 quo
3021 536 3132 593 loco
3154 538 3344 604 sepulti
3364 538 3584 603 fuerim,

354 649 548 704 Mirum
586 657 752 715 porro
779 649 863 696 est
892 635 1036 707 quod
1063 647 1238 703 neque
1287 629 1570 686 Curterius
1599 642 1785 713 neque
1826 625 2260 682 Montfauconius
2310 628 2474 682 ullam
2526 628 2689 698 hujus
2738 630 2927 700 scripti
2977 630 3306 685 mentionem
3357 632 3589 691 fecerint

353 739 592 810 (diversa
623 734 766 790 enim
814 735 940 785 sunt
966 728 1218 782 lemmata
1257 723 1348 777 illa
1385 736 1505 792 qua:
1537 735 1703 774 manu
1726 721 2028 776 recentiore
2067 723 2271 792 Scripta
2301 721 2738 779 Montiauconius
2782 727 3024 795 neglecta
3062 739 3092 778 a
3127 725 3380 781 Curterio
3408 728 3586 802 dlcit).

353 827 657 898 Caeteroqul
699 823 893 895 legenti
927 820 1060 874 mihi
1094 816 1237 872 haud
1266 830 1405 886 aagre
1461 813 1718 877 innotuit,
1759 813 1858 869 has
1886 830 2009 870 esse
2045 815 2166 870 illas
2207 816 2594 886 prophetarum
2643 815 2817 880 Vitas,
2857 833 3086 888 quarum
3137 819 3334 874 cinnus
3369 821 3588 890 quidam

352 927 606 993 peractus
633 918 733 972 fuit
767 916 823 968 in
861 912 1016 967 libris
1045 910 1239 974 editis;
1271 916 1385 961 tum
1405 905 1658 960 videlicet
1678 904 1965 976 Epiphanii
1994 907 2048 960 in
2078 907 2312 961 editione
2348 907 2644 961 Petaviana
2671 907 2763 961 Gr.
2793 908 2912 964 Lat.
2939 917 2980 963 t.
3006 908 3070 973 ll,
3105 919 3216 964 tum
3247 912 3302 966 in
3330 913 3591 969 Chronico

352 1011 590 1083 paschali
633 1009 720 1063 ed.
767 1006 968 1071 Paris.,
1004 1017 1058 1073 p.
1097 1001 1199 1055 HG
1252 1015 1440 1068 seqq.:
1472 1012 1782 1068 quanquam
1827 997 2048 1053 Graecus
2090 1006 2272 1053 textus
2301 1007 2356 1052 et
2387 1000 2444 1052 in
2490 999 2745 1053 Chronico
2777 1001 2931 1056 valde
2966 1011 3047 1057 est
3101 1004 3416 1069 mendosus,
3450 1014 3503 1061 et
3537 1009 3596 1061 in

353 1102 655 1176 Epiphanio
688 1114 795 1154 non
823 1112 1011 1168 parum
1041 1095 1233 1148 variat.
1273 1092 1514 1161 Denique
1533 1091 1616 1146 hae
1644 1090 1781 1145 Vita:
1812 1091 1915 1146 sub‘
1947 1091 2203 1147 Dorothei
2228 1091 2377 1162 Tyrii
2410 1093 2630 1147 nomine
2651 1101 2865 1148 exstant
2901 1093 2955 1148 in
2979 1094 3332 1164 Lugdunensi
3364 1098 3595 1154 Patrum

351 1170 696 1258 Bibliotheca,
737 1199 779 1246 t.
804 1188 888 1256 111,
924 1206 977 1260 p.
1013 1187 1138 1251 422,
1166 1185 1357 1240 Latine
1405 1183 1800 1239 tantummodo.
1826 1181 2127 1254 Caeteroqui
2173 1185 2378 1239 frustra
2407 1185 2805 1254 (propemodum
2839 1186 2914 1240 ait
2942 1186 3166 1243 Caranus
3195 1189 3445 1245 Graecum
3485 1191 3598 1247 Do-

353 1288 528 1343 rothei
552 1292 758 1340 textum
799 1297 920 1337 esse
942 1280 1225 1343 incditum,
1255 1277 1695 1348 quandoquidem
1723 1278 1780 1332 in
1807 1279 2047 1347 paschali
2076 1279 2336 1334 Chronico
2373 1294 2507 1348 pene
2529 1289 2673 1334 totus
2703 1279 2923 1349 legitur.
2953 1279 3108 1336 Nunc
3135 1290 3358 1353 propter
3385 1285 3598 1341 codicis

351 1378 600 1433 Vaticani
654 1376 1033 1446 antiquitatem
1081 1387 1146 1426 ac
1173 1372 1493 1435 bonitatem,
1521 1370 1667 1425 haud
1693 1372 1810 1426 scio
1839 1387 1907 1426 an
1948 1372 2136 1444 scripti
2190 1372 2353 1442 hujus
2394 1381 2533 1427 nova
2562 1373 2730 1428 editio
2778 1373 3076 1444 meliorque
3133 1377 3426 1447 aliquando
3478 1396 3601 1434 mo.

351 1471 530 1526 lienda
570 1470 658 1527 sit.
695 1467 953 1538 Exemplo
979 1465 1270 1537 gustuique
1295 1463 1366 1519 sit
1404 1463 1645 1518 narratio
1673 1463 2061 1519 miraculorum
2095 1463 2295 1529 Elisazi,
2327 1480 2446 1535 quae
2472 1465 2624 1521 deest
2663 1465 2718 1518 in
2753 1463 3010 1520 Chronico
3037 1483 3091 1537 p.
3126 1466 3251 1534 161,
3288 1469 3380 1524 ubi
3416 1471 3599 1528 brevis

351 1564 594 1636 ejusdem
624 1565 747 1619 Vita
779 1565 994 1634 legitur,
1026 1569 1187 1632 prout
1215 1562 1272 1614 in
1294 1561 1483 1615 codice
1517 1567 1708 1615 nostro
1732 1569 1837 1626 est,
1870 1561 1966 1616 sed
1994 1561 2202 1631 reliqua
2233 1577 2342 1616 non
2366 1562 2513 1625 item,
2540 1576 2660 1632 qua:
2682 1569 2810 1615 sunt
2837 1562 2890 1615 in
2915 1561 3105 1617 codice
3128 1562 3222 1617 fol.
3252 1563 3341 1628 10,
3367 1565 3453 1630 11,
3480 1567 3560 1622 sic
3583 1586 3595 1600 ο

352 1659 432 1712 Τὰ
454 1658 518 1711 δὲ
547 1659 745 1729 σημεῖα
769 1655 804 1709 ἀ
834 1652 1107 1724 ἐποίησεν,
1135 1653 1241 1705 εἰσὶ
1259 1651 1451 1704 ταῦτα.
1494 1651 1760 1716 Ἐπάταξε
1781 1653 1874 1706 καὶ
1902 1652 2063 1715 αὐτὸς
2102 1652 2194 1704 τὸν
2243 1651 2512 1724 Ἰορδάνην
2542 1655 2608 1722 τῇ
2651 1650 2868 1722 μηλιυτῇ
2901 1655 2966 1722 τῇ
3010 1651 3210 1718 Ἠλιοῦ,
3243 1654 3339 1707 καὶ
3376 1655 3600 1729 διῃρέθη

351 1750 412 1803 τὸ
448 1749 609 1820 ὓδωρ,
651 1749 743 1800 καὶ
762 1746 910 1817 διέϐη
939 1747 1032 1799 καὶ
1057 1743 1218 1808 αὐτὸς
1247 1741 1396 1815 ξηρῷ
1426 1741 1503 1813 τῷ
1531 1743 1671 1798 ποδί.
1704 1744 1784 1798 Τὰ
1809 1743 1977 1798 ὕδατα
2020 1746 2076 1797 ἐν
2129 1744 2337 1815 Ἱεριχὼ
2367 1745 2578 1817 πονηρὰ
2605 1741 2671 1815 ἦν
2710 1745 2801 1798 καὶ
2842 1745 3011 1813 ἄγονα
3029 1763 3040 1775 ·
3072 1745 3165 1801 καὶ
3189 1747 3425 1812 ἀκούσας
3449 1754 3602 1822 παρά

351 1840 459 1894 τῶν
485 1841 584 1910 τῆς
601 1837 826 1903 πόλεῶς,
844 1837 1210 1892 ἐπεκαλέσατο
1236 1836 1326 1890 τὸν
1349 1836 1503 1899 Θεὸν,
1525 1837 1618 1891 καὶ
1645 1833 1816 1892 εἶπεν·
1844 1857 1862 1890 ι
1889 1839 2077 1910 Ἰαμαι
2109 1840 2177 1893 τὰ
2204 1839 2370 1894 ῦδατα
2397 1838 2588 1903 ταῦτα,
2616 1838 2709 1892 καὶ
2723 1840 2823 1892 οὑκ
2855 1839 3005 1893 ἐσται
3032 1839 3110 1893 ἔτι
3136 1842 3346 1896 ἐκεῖθεν
3375 1843 3600 1909 θάνατος

353 1933 450 1986 καὶ
465 1929 848 2000 ἀτεκνουμένη·
874 1949 893 1981 ι
917 1929 1011 1982 καὶ
1029 1928 1255 1999 ίάθησαν
1282 1927 1350 1981 τὰ
1378 1927 1544 1982 ῦδατα
1557 1928 1660 1992 ἓως
1683 1929 1785 2000 τῆς
1810 1930 2025 2002 ἡμέρας
2050 1930 2268 2002 ταύτης.
2289 1930 2498 1984 Παίδων
2515 1929 2888 1985 ἀτακτούντων
2916 1931 3034 1984 κατ’
3061 1932 3225 1986 αὑτοῦ
3257 1932 3600 2006 κατηράσατο

354 2027 412 2078 ἐν
440 2026 638 2089 αὐτοῖς,
655 2025 748 2079 καὶ
773 2023 1082 2088 ἐξελθοῦσαι
1107 2022 1200 2076 δύο
1227 2023 1416 2094 ἄρκτοι
1444 2022 1741 2094 ἐνέῤῥηξαν
1758 2023 1817 2090 ἐξ
1841 2023 2017 2078 αὐτῶν
2051 2024 2158 2096 μ6’.
2191 2026 2333 2096 Γυνὴ
2368 2025 2648 2096 προφήτου
2676 2023 3093 2096 τελευτήσαντος
3123 2025 3422 2098 ὀχλουμένη
3455 2031 3602 2100 παρά

353 2118 660 2184 δανειστῶν,
677 2118 856 2189 καὶμὴ
885 2117 1081 2188 ἔχουσα
1107 2116 1418 2182 ἀποδοῦναι,
1448 2116 1720 2188 προσῆλθε
1741 2117 1818 2188 τῷ
1866 2116 2132 2188 Ἐλισαίῳ,
2169 2118 2262 2170 καὶ
2295 2115 2594 2170 ἐνετείλατο
2620 2117 2756 2189 αὐτῇ
2789 2120 3107 2187 συναγαγεῖν
3134 2119 3301 2187 ἀγγία
3323 2120 3483 2172 καινά
3504 2122 3603 2174 ὅσα

353 2211 592 2276 δύναται,
627 2209 722 2263 καὶ
752 2204 814 2262 τὸ
836 2209 958 2280 ἔχον
979 2209 1250 2276 ὀλιγοστὸν
1273 2209 1448 2262 ἔλαιον
1476 2207 1731 2261 ἐκκενοῦν
1752 2211 1830 2271 εἰς
1859 2207 1998 2262 αὺτά
2022 2209 2126 2272 ἓως
2154 2210 2364 2279 ἁποσχῇ
2394 2208 2462 2262 τὰ
2491 2208 2678 2276 ἀγγία,
2713 2208 2805 2261 καὶ
2831 2208 2988 2262 τοῦτο
3023 2211 3294 2280 ποιήσασα
3317 2209 3601 2281 ἐπλήρωσε

353 2301 424 2355 τά
459 2285 644 2379 ἁγγία,
673 2301 766 2355 καὶ
803 2300 1107 2354 ἀποδέδωκε
1148 2302 1260 2364 τοῖς
1287 2298 1608 2362 δανεισταῖς,
1633 2302 1729 2355 καὶ
1759 2302 1818 2356 τὸ
1857 2302 2180 2374 περισσεῦον
2220 2302 2376 2378 ἔσχεν
2421 2303 2501 2365 εἰς
2541 2302 2833 2373 διατροφὴν
2865 2301 2973 2356 τῶν
3013 2303 3236 2379 παίδων.
3274 2298 3368 2367 Εἰς
3391 2304 3604 2376 Σουμᾶν

355 2392 603 2447 ἀπελθὼν
631 2392 808 2464 ἔμεινε
848 2393 997 2463 παρά
1023 2409 1129 2446 τινι
1159 2393 1397 2462 γυναικὶ,
1430 2393 1525 2446 καὶ
1568 2392 1644 2464 μὴ
1685 2393 1946 2447 ποιοῦσαν
1999 2393 2168 2464 αὐτὴν
2200 2392 2434 2458 παιδίον,
2465 2391 2832 2464 ἐπιθυμοῦσαν
2877 2394 2935 2446 δὲ
2977 2397 3144 2465 σχεῖν,
3183 2395 3475 2464 εὐξάμενος
3504 2415 3601 2449 πε-

356 2485 550 2558 ποίηκε
575 2483 856 2537 συλλαϐεῖν
885 2483 978 2536 καὶ
1005 2486 1184 2538 τεκεῖν
1205 2501 1218 2514 ·
1250 2480 1368 2537 εἶτα
1395 2482 1733 2539 ἀποθανόντα
1772 2484 1861 2538 τὸν
1903 2485 2089 2550 παῖδα,
2128 2484 2419 2555 εὐξάμενος
2457 2485 2615 2538 πάλιν
2639 2484 2855 2556 ἦγειρεν
2888 2485 2952 2537 ἐκ
2979 2487 3208 2557 νεκρῶν.
3237 2487 3331 2549 Εἰς
3356 2486 3605 2555 Γάλγαλα

357 2577 523 2630 ἐλθὼν
553 2576 796 2648 κατήχθη
822 2574 972 2646 παρὰ
993 2577 1103 2641 τοῖς
1124 2577 1260 2640 υἱοῖς
1273 2574 1379 2628 τῶν
1397 2576 1708 2648 προφητῶν,
1731 2578 1825 2631 καὶ
1840 2577 2123 2647 ἐψεθέντος
2145 2576 2508 2650 προσφαγίου,
2536 2577 2631 2631 καὶ
2653 2577 2944 2648 θανατικῆς
2973 2577 3200 2648 βοτάνης
3223 2578 3601 2649 συνεψεθείσης

356 2666 433 2739 τῷ
462 2668 801 2740 προσφαγίῳ,
831 2668 922 2721 καὶ
945 2670 1076 2740 παρ’
1103 2667 1281 2737 ὀλίγον
1316 2668 1728 2744 κινδυνευόντων
1753 2671 1988 2735 πάντων,
2012 2672 2308 2741 πεποίηκεν
2338 2671 2568 2735 ἀϐλαὸὲς
2608 2671 2702 2724 καὶ
2726 2671 2822 2741 ἡδὺ
2855 2671 2916 2724 τὸ
2942 2671 3156 2744 βρῶμα.
3189 2673 3308 2727 Τῶν
3342 2673 3472 2727 υἱῶν
3493 2675 3602 2728 τῶν

357 2759 650 2831 προφητῶν
675 2760 976 2814 κοπτόντων
1001 2758 1131 2828 ξύλα
1162 2761 1311 2833 παρά
1329 2760 1420 2814 τὸν
1460 2761 1747 2834 Ἰορδάνην,
1782 2761 2004 2826 ἐξέπεσε
2036 2763 2096 2815 τὸ
2130 2763 2392 2836 δρέπανον
2411 2763 2504 2817 καὶ
2532 2761 2924 2835 κατεποντίσθη
2943 2764 3014 2852 ’.ὁ
3052 2764 3110 2818 δέ
3151 2761 3413 2829 Ἐλισαϊος
3449 2767 3604 2837 εὐχό-

359 2866 516 2920 μενος
554 2851 850 2921 πεποίηκεν
872 2852 1195 2907 ἐπιπολᾶσαι
1222 2855 1284 2907 τὸ
1313 2853 1598 2926 δρέπανον.
1626 2854 1824 2926 Ναμᾶν
1851 2857 1880 2908 ὁ
1911 2853 2082 2928 Σύρος
2107 2855 2174 2908 δι’
2197 2855 2364 2910 αὐτοῦ
2393 2855 2726 2928 ἐκαθαρίσθη
2752 2858 2772 2887 ²
2799 2855 2906 2909 ἀπὸ
2934 2851 3030 2928 τῆς
3050 2857 3266 2928 λέπρας.
3307 2859 3409 2910 Τὸν
3438 2859 3604 2913 παῖδα

357 2942 520 2996 αὐτοῦ
557 2944 818 3008 Ἐλισαῖος
838 2945 1122 3018 λεγόμενον
1148 2945 1344 3012 Γιεζεὶ,
1372 2947 1668 3001 ἀπελθόντα
1691 2948 1876 3019 κρυφᾶ
1903 2948 2055 3020 παρὰ
2073 2947 2297 3020 γνώμην
2324 2947 2643 3020 αὑτοῦξπρὸς
2668 2948 2866 3016 Ναμᾶν
2885 2948 2976 3001 καὶ
2999 2949 3295 3021 αἰτήσαντα
3322 2952 3603 3022 ἀργύριον,

358 3032 582 3107 ὕστερον
610 3036 828 3091 ἐλθόντα
867 3039 960 3092 καὶ
990 3038 1320 3112 ἀρνούμενον
1355 3023 1546 3110 ἤλεγξε
1572 3041 1666 3095 καὶ
1698 3040 2047 3114 κατηράσατο
2079 3043 2261 3108 αὐτὸν,
2287 3043 2380 3097 καὶ
2429 3041 2619 3112 γέγονε
2648 3042 2847 3113 λεπρός
2868 3058 2882 3073 ο
2915 3042 3174 3112 βασιλέως
3205 3041 3402 3116 Συρίας
3446 3044 3602 3096 πολεέ

361 3126 584 3198 μοῦντος
604 3127 694 3182 τὸν
737 3129 969 3202 Ἰσραὴλ,
1001 3131 1328 3202 ἡσφαλίζετο
1361 3130 1452 3185 τὸν
1485 3131 1708 3203 βασιλέα
1747 3133 1963 3206 Ἰσραὴλ
1989 3134 2343 3203 ἀπαγγέλλων
2384 3133 2533 3204 αὐτῷ
2560 3133 2657 3198 τὰς
2686 3134 2904 3204 σκέψεις
2928 3134 3022 3188 τοῦ
3062 3133 3256 3206 ἐχθροῦ
3275 3151 3288 3164 ⁸
3317 3134 3471 3188 τοῦτο
3503 3151 3606 3205 μα-

360 3219 467 3290 θὼν
490 3222 518 3274 ό
547 3220 796 3290 βασιλεὺς
826 3222 1020 3294 Συρίας
1050 3223 1256 3295 πέμπει
1284 3223 1511 3296 δύναμιν
1535 3225 1760 3294 ἀγαγεῖν
1787 3224 1877 3279 τὸν
1902 3226 2214 3298 προφήτηνο
2243 3227 2272 3278 ὁ
2298 3226 2354 3279 δὲ
2374 3225 2669 3296 εὐξάμενος
2711 3225 3007 3296 πεποίηκεν
3046 3226 3242 3288 αὐτοὺς
3266 3224 3604 3298 παταχθῆναι

359 3310 610 3382 ἀορασίᾳ,
636 3313 729 3366 καὶ
752 3315 1036 3385 ἀπήγαγεν
1057 3316 1136 3378 εἰς
1162 3317 1472 3388 Σαμάρειαν
1503 3317 1653 3388 παρά
1671 3318 1798 3381 τοὺς
1819 3318 2065 3390 ἐχθροὺς,
2106 3318 2361 3382 ἀϐλαϐεῖς
2385 3336 2443 3372 τε
2475 3319 2672 3382 αὐτοὺς
2730 3318 2968 3388 φυλάξας
2997 3317 3220 3372 διέσωσε
3253 3319 3346 3372 καὶ
3377 3319 3570 3390 ἔθρεψε
3587 3335 3602 3349 ο

358 3404 515 3457 τοῦτο
539 3405 721 3472 μαθὼν
755 3408 784 3459 ὁ
805 3407 1056 3477 βασιλεὺς
1078 3409 1276 3479 Συρίας
1304 3411 1582 3465 ἐπαύσατο
1601 3408 1697 3465 τοῦ
1731 3412 2002 3482 πολεμεῖν.
2025 3412 2180 3465 Μετὰ
2209 3411 2436 3466 θάνατον
2477 3411 2744 3465 Ἐλισαίου
2775 3408 3060 3466 ἀποθανών
3087 3428 3172 3474 τις
3211 3411 3306 3464 καὶ
3337 3411 3606 3482 θαπτόμει

360 3509 449 3555 νος
470 3494 668 3565 ἐρρίφη
699 3496 790 3549 ἐπὶ
813 3498 880 3551 τὰ
898 3499 1029 3553 ὀστᾶ
1052 3498 1239 3565 αὑτοῦ,
1263 3501 1357 3554 καὶ
1383 3501 1542 3570 μόνον
1565 3502 1640 3566 ὡς
1665 3501 1840 3572 ἥψατο
1864 3503 1970 3557 τῶν
1991 3504 2164 3558 ὀστῶν
2187 3502 2282 3556 τοῦ
2324 3502 2611 3569 Ἐλισαίου,
2643 3504 2672 3556 ὁ
2692 3502 2883 3572 νεκρὸς
2913 3501 3072 3565 εὐθὺς
3098 3501 3375 3573 ἀνέζησεν.

435 3676 456 3709 ²
484 3673 646 3744 Cod.,
675 3678 1022 3750 ἐκαθερίσθη.

645 5802 912 5865 PATROL.
950 5803 1064 5864 Gn.
1101 5801 1298 5865 XXII.
1996 5790 2004 5798 ’
3161 5781 3240 5840 28
