4112 6422
400 412 503 466 877
992 407 1454 478 QUZE'STIONES
1495 403 1954 461 EVANGELICE
1995 404 2024 457 Α

2003 404 2086 457 Μ)
2126 405 2564 462 STEPHANIIM.
2609 437 2674 445 -—
2715 403 3052 465 MONITUM.
3525 413 3627 468 878

400 586 2468 622 ω

2443 583 3624 618 sum

1055 759 1232 870 DE
1309 754 2106 870 NOMINIBUS
2186 757 2987 870 HEBRAICIS.

792 976 922 1032 Vide
946 976 1266 1046 Patrologia:
1289 974 1496 1030 Latina:
1523 983 1648 1030 tom.
1678 973 1874 1041 XXIII,
1898 973 2124 1043 Operum
2157 973 2216 1029 S.
2250 973 2560 1046 Hieronymi
2589 983 2716 1030 tom.
2742 974 2828 1042 Ill,
2856 977 2956 1030 col.
2987 976 3242 1033 121-190.

721 1260 1972 1444 QU/ESTIONES
2061 1265 3318 1428 EVANGELlC/E

1345 1528 1561 1592 (Angelo
1583 1527 1700 1603 lim,
1736 1525 1959 1578 Biblioth.
1983 1540 2106 1578 nova
2128 1529 2353 1591 Patrum,
2380 1528 2465 1592 IV,
2488 1542 2538 1593 ι).
2563 1530 2696 1595 217.)

418 1124 3625 1170 m

1376 1763 1957 1856 EDITORIS
2027 1761 2651 1854 MONI'I‘UM.

474 2037 582 2092 Cur
618 2036 896 2100 Eusebius,
925 2037 1000 2089 rei
1040 2033 1360 2089 Christiana:
1389 2033 1634 2103 detensor
1689 2035 1976 2088 acerrimus
2003 2075 2018 2098 ,
2072 2048 2196 2101 opus
2247 2030 2342 2084 hoc
2382 2030 2711 2085 scribendum
2738 2035 3062 2102 susceperit,
3100 2047 3318 2087 causam
3375 2035 3530 2105 facile
3560 2048 3640 2092 est

400 2130 671 2192 divinare,
701 2130 826 2197 quia
860 2127 1040 2180 multa:
1083 2135 1364 2180 occurrunt
1398 2142 1578 2196 reapse
1609 2126 1748 2196 apud
1797 2125 2144 2195 evangeltstas
2179 2125 2492 2188 varietates,
2531 2123 2718 2194 quibus
2749 2125 2944 2179 ethnici
2973 2127 3050 2180 vel
3089 2127 3320 2181 haeretici
3347 2128 3637 2184 abuteban-

403 2237 507 2293 tur,
544 2236 601 2279 ut
633 2225 929 2278 divinorum
977 2222 1231 2277 librorum
1263 2223 1529 2276 veritatem
1564 2232 1830 2292 negarent.
1874 2221 2008 2275 Hinc
2071 2229 2146 2274 tot
2203 2220 2492 2273 harmonite
2520 2220 2830 2290 evangelicte
2873 2221 2991 2291 jam
3052 2222 3172 2277 inde
3199 2241 3231 2276 a
3264 2223 3480 2277 Tatiani
3514 2224 3641 2296 Syri

404 2319 720 2389 temporibus
745 2335 906 2388 usque
936 2318 1004 2372 ad
1028 2327 1209 2372 nostra
1226 2327 1560 2370 εοηδιντιειιυ.
1598 2315 1715 2384 Ipse
1745 2317 1996 2370 Eusebius
2014 2317 2107 2370 sub
2128 2317 2291 2370 initiis
2316 2331 2514 2386 quoque
2537 2314 2793 2371 Historia
2821 2333 2932 2371 sua:
2964 2317 3360 2375 Ecclesiasticm
3389 2321 3480 2374 lib.
3508 2336 3549 2382 1.
3586 2325 3640 2390 7,

412 2414 704 2466 necessario
750 2411 1215 2466 demonstrandam
1255 2411 1453 2480 putavit
1511 2409 1913 2480 Evangeliorum
1959 2409 2096 2464 inter
2150 2427 2203 2464 se
2262 2409 2682 2473 consensionem,
2721 2408 2858 2479 quod
2877 2418 2927 2462 et
2957 2409 3095 2478 fecit,
3124 2412 3283 2467 citato
3309 2415 3468 2470 etiam
3491 2418 3643 2488 Afri-

404 2505 524 2558 cani
551 2503 783 2572 exemplo
809 2506 861 2558 in
897 2504 1084 2558 litteris
1107 2502 1175 2556 ad
1201 2503 1490 2557 Aristidem
1513 2502 1576 2556 de
1607 2503 2049 2574 evangelistarum
2079 2505 2134 2556 in
2172 2502 2446 2556 narranda
2483 2501 2682 2557 Christi
2711 2502 3013 2573 genealogia
3043 2521 3315 2560 consensu.
3343 2505 3465 2562 lam
3489 2510 3646 2580 quale

405 2595 561 2664 fuerit
582 2598 686 2660 hoc
735 2596 942 2651 Eusebii
972 2596 1035 2650 de
1074 2595 1479 2667 Evangeliorum
1527 2595 1814 2665 diaphonia
1865 2613 1955 2649 seu
1989 2595 2343 2663 discrepantia
2371 2592 2748 2664 (concilianda)
2779 2610 2928 2662 opus,
2961 2593 3106 2648 docet
3137 2597 3434 2651 authentico
3488 2603 3636 2655 testi-

405 2689 580 2741 monio
607 2697 792 2741 auctor
818 2689 870 2740 in
900 2687 1309 2757 prwfatiuncula
1337 2685 1405 2740 ad
1430 2684 1720 2740 Marinum.
1759 2704 1776 2735 ι
1798 2683 2177 2755 Ambiguarum
2202 2685 2547 2754 qua-stionum
2583 2699 2644 2736 ac
2667 2683 3011 2745 solutionum,
3039 2701 3154 2753 qua:
3183 2686 3322 2740 circa
3346 2687 3642 2743 divinorum

405 2774 806 2848 Evangeliorum
827 2779 980 2831 initia
1009 2787 1310 2840 occurrunt,
1335 2793 1452 2829 cum
1466 2777 1584 2846 jam
1608 2774 1741 2830 duos
1775 2776 2077 2844 scripserim
2104 2775 2289 2838 libros,
2322 2775 2466 2828 venio
2488 2791 2644 2831 nunc.
2680 2775 2862 2827 mediis
2899 2778 3266 2841 pra'termt'ssis
3301 2778 3373 2830 ad
3411 2789 3645 2836 extre-ma

404 2882 518 2934 qua:
547 2885 746 2937 semper
779 2868 916 2936 apud
965 2884 1141 2920 omnes
1191 2875 1522 2919 controrersa
1577 2865 1810 2934 fuerunt.
1857 2883 1876 2916 ι
1917 2863 2130 2918 Priores
2167 2874 2340 2918 autem
2385 2863 2489 2917 duo
2519 2863 2638 2917 libri
2679 2865 2862 2932 scripti
2894 2878 3044 2918 erant
3079 2867 3147 2920 ad
3199 2869 3550 2940 Stephanum;
3585 2889 3645 2926 ιιι

405 2960 568 3014 codex
603 2962 887 3016 Vaticanus
916 2962 1262 3024 demonstrat,
1300 2962 1482 3014 tertius
1516 2961 1584 3014 ad
1611 2959 1904 3014 Marinum.
1959 2959 2099 3031 Ergo
2134 2959 2388 3014 Eusebius
2419 2961 2732 3030 qutestiones
2763 2962 3128 3016 tantummodo
3169 2965 3308 3018 circa
3338 2967 3546 3020 initium
3596 2977 3649 3022 et

405 3055 562 3124 ﬁnem
597 3055 996 3127 Evangeliorum
1030 3057 1241 3110 obortas
1293 3065 1632 3119 tractaverat,
1665 3055 1851 3109 mediis
1881 3057 2084 3110 cunctis
2118 3056 2368 3118 omissis;
2404 3073 2535 3126 quas
2559 3055 2740 3110 deinde
2791 3074 2968 3112 omnes
3001 3061 3368 3125 operosissima
3394 3061 3646 3116 lucubra-

406 3149 544 3204 tione
587 3150 649 3204 de
697 3167 948 3204 consensu
978 3150 1415 3219 evangelistarum
1440 3147 1736 3214 complexus
1766 3141 2096 3200 est'sanctus
2128 3146 2486 3217 Augustinus,
2543 3147 2633 3216 qui
2688 3146 2816 3200 dicti
2855 3149 3025 3216 operis
3071 3149 3220 3203 libris
3280 3167 3340 3215 ll,
3377 3167 3434 3205 ιιι
3467 3161 3514 3206 et
3570 3169 3647 3220 Iv,

403 3239 747 3308 difﬁcultates
776 3239 1036 3308 plurimas
1065 3255 1155 3309 per
1193 3249 1357 3292 totum
1389 3238 1831 3306 evangelistarum
1861 3247 2162 3291 contextum
2191 3252 2285 3304 pro
2318 3253 2413 3290 suo
2445 3238 2640 3306 ingenii
2674 3240 2914 3292 acumine
2949 3241 3259 3295 enucleavit.
3293 3241 3361 3296 Et
3391 3245 3598 3314 quidem
3627 3286 3641 3308 ,

406 3331 544 3400 quod
576 3332 696 3401 jure
723 3334 886 3386 miror
917 3331 1190 3403 (quodque
1219 3348 1360 3400 spem
1387 3329 1771 3400 quodammodo
1813 3328 1930 3390 alit,
1959 3344 2226 3395 superesse
2255 3329 2453 3382 alicubi
2495 3343 2621 3395 opus
2652 3328 2864 3382 Eusebii
2895 3331 3122 3397 fortasse
3151 3333 3407 3404 integrum
3436 3378 3449 3399 ,
3495 3337 3651 3399 cuius

408 3426 620 3481 nonnisi
648 3426 1013 3494 compendium
1042 3426 1127 3476 hic
1148 3423 1448 3477 exhibemus
1467 3427 1504 3483 ),
1526 3421 1749 3475 Latinus
1778 3419 2022 3473 Latinius
2051 3419 2182 3487 Opp.
2203 3431 2240 3472 ι.
2267 3418 2347 3481 II,
2377 3437 2428 3488 p.
2463 3419 2678 3479 “6.sic
2709 3421 2776 3472 ad
2799 3422 3060 3474 Andream
3096 3422 3324 3478 Masium
3353 3430 3653 3485 scribebat:

414 3537 433 3570 ι
480 3518 705 3573 Sirletus
737 3517 1094 3587 (cardinalis)
1128 3518 1261 3569 scire
1318 3525 1364 3568 te
1415 3516 1555 3574 vult.
1609 3516 1661 3566 in
1719 3513 1906 3568 Sicilia
1950 3515 2182 3567 inventos
2212 3529 2323 3566 esse
2355 3512 2517 3566 libros
2564 3523 2666 3566 tres
2701 3513 2916 3566 Eusebii
2943 3515 3286 3571 Catsariensis
3318 3519 3382 3572 de
3418 3519 3656 3593 Evange-

410 3614 602 3665 liorum
639 3609 945 3678 diaphonia,
971 3609 1060 3678 qui
1091 3617 1146 3660 ut
1170 3609 1275 3676 ipse
1304 3618 1476 3674 sperat
1512 3607 1648 3659 brevi
1689 3608 1739 3658 in
1760 3608 1925 3658 lucem
1956 3603 2194 3658 edentur.
2230 3624 2248 3654 ι
2285 3604 2412 3658 Tres
2437 3621 2558 3675 ergo
2577 3605 2694 3674 jam
2722 3615 2831 3657 tum
2861 3606 3172 3660 dicebantur
3191 3607 3246 3662 hi
3270 3609 3485 3666 Eusebii
3511 3614 3653 3686 libri,

409 3717 466 3759 ut
498 3705 638 3775 apud
666 3721 760 3758 nos
784 3714 960 3773 postea
985 3705 1038 3755 in
1067 3703 1281 3771 prologo
1311 3701 1379 3754 ad
1409 3700 1682 3754 Marinum
1708 3701 1972 3766 apparuit.
2019 3699 2130 3753 Nec
2166 3717 2280 3752 vero
2306 3700 2582 3770 quisquam
2608 3699 2841 3753 codicem
2871 3711 3109 3754 nostrum
3135 3718 3200 3756 ex
3219 3703 3408 3760 Sicilia
3431 3709 3656 3764 allatam
3723 3761 3730 3766 .

412 3799 632 3853 Romam
655 3806 826 3864 putet;
859 3805 934 3849 est
972 3795 1108 3846 enim
1139 3794 1183 3845 is
1214 3808 1349 3844 unus
1370 3794 1433 3844 de
1475 3791 1737 3844 Palatinis
1773 3789 2322 3860 Heidelbergensibus,
2377 3800 2430 3841 ut
2463 3789 2577 3859 ejus
2609 3791 2885 3860 inscriptio
2930 3791 3276 3860 demonstrat,
3315 3814 3514 3853 necnon
3545 3801 3658 3855 Sil-

414 3890 584 3960 burgii
613 3890 893 3956 impressus
925 3885 1120 3940 Crter
1146 3886 1290 3938 illius
1338 3883 1660 3936 bibliotheca:
1689 3881 1986 3951 catalogus,
2012 3881 2104 3951 qui
2140 3891 2262 3934 ante
2290 3891 2500 3948 captant
2536 3880 2936 3952 Heidelbergam
2979 3883 3368 3952 trwslatosque
3400 3888 3518 3942 illos
3557 3889 3658 3944 Ro-

413 3997 553 4034 mam
583 3980 782 4035 codices
808 3981 1070 4048 confectus
1101 3979 1221 4033 fuit.
1254 3977 1406 4043 Quod
1440 3977 1486 4029 si
1508 3976 1804 4045 Silburgius
1829 3992 1930 4027 non
1962 3985 2064 4027 tres
2097 3973 2226 4026 dicit
2252 3973 2436 4038 libros,
2465 3973 2554 4028 sed
2585 3975 2736 4039 duos,
2762 3975 2817 4028 id
2845 3976 2982 4030 brevi
3007 3977 3416 4036 hallucinatione
3438 3982 3655 4047 accidit,

362 4098 367 4103 -
409 4074 535 4143 quia
567 4089 744 4143 nempe
776 4073 910 4128 duas
951 4083 1153 4127 tantum
1183 4074 1352 4141 operis
1384 4073 1636 4126 sectiones
1677 4069 1883 4124 videbat
1921 4069 1978 4123 in
2006 4068 2204 4134 codice,
2238 4069 2306 4122 ad
2339 4069 2661 4138 Stephanum
2690 4079 2740 4124 et
2769 4071 2839 4126 ad
2878 4071 3168 4141 Marinum,
3200 4077 3349 4146 cujus
3378 4090 3656 4149 postrenm

408 4171 715 4239 proaemium
747 4187 850 4224 non
880 4170 1021 4240 legit.

485 4262 619 4316 Mihi
648 4263 702 4317 in
733 4264 910 4316 codice
955 4263 1070 4316 Vat.
1121 4261 1298 4317 Palat.
1350 4259 1501 4317 CXX
1549 4261 1923 4331 pulcherrimo.
1965 4261 2149 4315 swculi
2201 4261 2362 4330 ferme
2395 4276 2460 4328 x,
2520 4261 2684 4314 trium
2721 4261 3096 4330 prtedictorum
3147 4263 3404 4320 librorum
3433 4268 3658 4337 epitome

411 4362 677 4421 comperta
711 4361 818 4419 est,
861 4363 916 4406 ut
965 4355 1156 4406 diserte
1204 4354 1512 4408 inscribitur
1564 4354 1794 4424 Ἐκλογὴ
1833 4353 1893 4405 ἐν
1925 4353 2176 4423 συντόμῳ
2207 4393 2221 4416 ,
2257 4363 2358 4408 etc.
2381 4393 2396 4414 .
2449 4366 2607 4422 prout
2637 4369 2702 4406 ex
2747 4355 2924 4409 codice
2961 4356 3016 4409 in
3057 4357 3269 4410 titulum
3311 4357 3432 4411 libri
3463 4359 3560 4412 mei
3589 4359 3659 4413 ad

413 4443 623 4495 verbum
651 4446 898 4498 transtuli
921 4461 938 4499 :
967 4446 1017 4498 in
1045 4447 1167 4500 aliis
1203 4463 1320 4501 vero
1367 4445 1635 4500 Vaticanis
1671 4457 1977 4500 catenarum
2008 4446 2276 4500 codicibus
2315 4457 2492 4515 partes
2545 4448 2707 4501 etiam
2742 4449 2931 4520 integri
2954 4450 3124 4519 operis
3155 4461 3340 4504 nactus
3365 4468 3503 4516 sum,
3526 4468 3657 4521 quas

412 4543 530 4602 post
580 4536 834 4603 epitomen
868 4537 1116 4591 recitabo.
1176 4537 1334 4592 Nunc
1377 4541 1548 4608 operis
1591 4555 1682 4607 per
1721 4555 1776 4591 se
1821 4539 2107 4592 certissimi
2162 4551 2315 4591 testes
2365 4537 2706 4592 nihilominus
2737 4549 2932 4595 veteres
2981 4540 3267 4610 producere
3310 4559 3514 4613 atquum
3557 4553 3657 4598 est.

414 4627 468 4681 ί.
511 4625 753 4696 Namque
789 4627 1044 4682 Eusebius
1074 4630 1380 4684 Demonstr.
1412 4631 1616 4700 Evang.
1660 4629 1752 4683 lib.
1795 4645 1902 4692 vn,
1943 4628 2010 4693 3,

2052 4629 2167 4682 ait:
2195 4629 2311 4682 Τίνι
2338 4628 2396 4682 δὲ
2420 4628 2561 4699 λόγῳ
2608 4631 2700 4685 τὸν
2742 4630 2936 4702 Ἰωσὴφ
2980 4633 3390 4702 γενεαλογοῦσιν
3430 4635 3478 4686 oi.
3525 4634 3660 4706 ἱεροὶ

413 4719 820 4786 εὐαγγελισταὶ,
883 4722 1084 4792 καίπερ
1129 4724 1202 4794 μὴ
1236 4711 1386 4787 ὄντος
1419 4723 1513 4776 τοῦ
1566 4723 1819 4793 Σωτῆρος
1859 4721 2014 4794 ἡμῶν
2049 4722 2108 4789 ἐξ
2137 4721 2322 4786 αὑτοῦ,
2359 4721 2472 4774 ἀλλ’
2525 4721 2585 4786 ἐξ
2639 4722 2796 4790 ἁγίου
2829 4722 3145 4794 Πνεύματος
3203 4725 3296 4776 καὶ
3351 4724 3450 4793 τῆς
3497 4725 3657 4790 ἁγίας

413 4812 711 4882 Παρθένου,
742 4815 887 4878 ὅπως
911 4833 970 4894 τε
993 4816 1084 4868 καὶ
1120 4815 1256 4884 αὕτη
1299 4819 1331 4887 ἡ
1371 4816 1462 4870 τοῦ
1503 4817 1705 4888 Κυρίου
1745 4817 1941 4887 Μήτηρ
1973 4815 2081 4869 ἀπὸ
2118 4816 2306 4884 γένους
2337 4815 2430 4868 καὶ
2463 4815 2774 4886 σπέρματος
2805 4816 3180 4869 ἀποδείκνυται
3213 4811 3349 4868 εἶναι
3382 4815 3563 4879 Δαϐὶδ,
3598 4816 3659 4870 ἐν

412 4903 491 4975 τῷ
517 4903 718 4975 πρώτῳ
743 4907 850 4958 τῶν
879 4911 956 4968 εἰς
993 4905 1088 4979 τὴν
1123 4909 1468 4976 γενεαλογίαν
1490 4908 1584 4962 τοῦ
1610 4909 1859 4980 Σωτῆρος
1885 4908 2040 4978 ἡμῶν
2070 4907 2411 4977 ζητημάτων
2441 4907 2539 4960 καὶ
2563 4909 2804 4962 λύσεων
2830 4907 3183 4980 διειληφότες,
3214 4908 3299 4959 ἐπ’
3326 4908 3504 4959 ἐκεῖνα
3532 4907 3658 4969 τοὺς

415 4993 731 5064 φιλομαθεῖς
751 4997 1169 5068 ἀποπέμπομεν.
1209 5017 1226 5049 ε
1269 4998 1378 5054 Cur
1412 4997 1626 5067 Iosephi
1656 5016 1815 5068 genus
1854 5002 1996 5054 sacri
2029 5021 2039 5054 ι

2032 4999 2359 5070 evangelista:
2387 4997 2690 5053 describant
2715 5039 2730 5065 ,
2750 5001 2986 5070 quamvis
3021 4998 3268 5054 Servator
3298 5008 3472 5054 noster
3497 5013 3562 5052 ea;
3592 5015 3656 5053 ea

413 5095 571 5138 natus
601 5088 821 5152 non,sit,
852 5091 939 5141 sed
965 5089 1028 5142 de
1065 5089 1269 5157 Spiritu
1309 5101 1490 5145 sancto
1521 5101 1569 5145 et
1608 5102 1795 5144 sancta
1828 5090 2075 5161 Virgine;
2105 5108 2266 5160 quove
2295 5089 2450 5144 modo
2482 5091 2600 5161 ipsa
2638 5090 2855 5146 Domini
2878 5090 3051 5145 Mater
3076 5091 3140 5145 de
3163 5107 3346 5162 genere
3377 5090 3660 5147 ac'semine

411 5179 635 5236 Davidis
659 5181 823 5250 fuisse
844 5184 1190 5250 ostendatur;
1221 5188 1276 5240 in
1304 5187 1474 5256 primo
1502 5187 1850 5256 qua’stionum
1885 5198 1933 5240 et
1978 5186 2303 5240 solutionum
2337 5186 2400 5240 de
2438 5186 2734 5242 Servatoris
2765 5186 2934 5240 nostri
2975 5188 3226 5254 prosapia
3256 5186 3657 5254 explicavimus.
3729 5229 3733 5237 .

417 5274 561 5330 Illuc
598 5278 760 5346 igitur
787 5280 863 5332 rei
893 5279 1158 5334 studiosos
1183 5281 1558 5336 amandamus.
1604 5301 1621 5333 ι
1656 5281 1825 5334 Porro
1853 5281 2041 5335 titulun

2032 5299 2066 5335 n
2112 5283 2248 5336 hunc
2282 5282 2612 5354 ζητημάτων
2643 5283 2736 5334 καὶ
2784 5281 3010 5344 λύσεων,
3046 5280 3396 5350 quwstionum
3422 5289 3471 5332 et
3505 5279 3656 5333 solu-

414 5370 636 5430 tionum,
667 5370 949 5439 genuinum
980 5387 1092 5424 esse
1124 5369 1503 5436 Eusebianum,
1535 5373 1682 5426 docet
1715 5372 1796 5424 hic
1821 5382 2010 5424 auctor
2033 5412 2048 5434 ,
2096 5382 2144 5424 et
2175 5373 2372 5426 codicis
2420 5373 2588 5425 nostri
2620 5371 2857 5424 Palatini
2888 5371 3158 5438 inscriptio
3207 5370 3506 5438 conﬁrmat.
3537 5368 3658 5430 Alii

411 5461 588 5530 itaque
621 5473 882 5522 auctores,
909 5478 956 5516 v.
989 5478 1068 5530 gr.
1092 5474 1305 5516 sanctus
1333 5463 1705 5533 Hieronymus,
1741 5475 1799 5517 ut
1829 5479 1951 5516 mox
1975 5463 2230 5524 dicemus,
2257 5463 2473 5518 liberius
2503 5463 2665 5518 locuti
2695 5474 2842 5528 sunt,
2872 5479 2990 5517 cum
3039 5464 3198 5533 paulo
3229 5463 3416 5530 aliter,
3463 5473 3520 5516 ut
3553 5463 3618 5532 ﬁt
3638 5501 3656 5528 ,

415 5571 596 5608 sensus
630 5556 992 5608 tantummodo
1015 5557 1219 5610 ratione
1247 5555 1449 5622 habita,
1480 5555 1854 5623 inscripserunt
1883 5571 1902 5609 :
1931 5571 2047 5624 qua:
2092 5555 2318 5608 varietas
2349 5555 2402 5607 in
2437 5553 2588 5606 titulo
2616 5568 2818 5624 quoque
2840 5553 3236 5608 Chronicorum
3277 5552 3494 5608 Eusebii
3536 5553 3656 5623 jam

414 5648 507 5702 diu
538 5648 811 5704 observata
848 5650 969 5720 fuit.
1009 5650 1064 5703 2.
1101 5648 1328 5705 Sanctus
1361 5666 1482 5720 ergo
1511 5649 1861 5718 Hieronymus
1893 5647 1968 5702 De
1989 5649 2178 5718 script.
2204 5649 2403 5704 illustr.
2441 5663 2561 5716 cap.
2607 5647 2707 5711 81,
2750 5649 2825 5701 ait
2878 5664 2896 5701 :
2960 5667 2980 5698 ‹
3014 5647 3272 5703 Eusebius
3311 5646 3657 5702 Ctesariensis

415 5739 577 5794 edidit
602 5742 666 5796 de
685 5741 1090 5810 Evangeliorum
1115 5741 1418 5818 diaphonia.
1454 5761 1472 5793 ι
1517 5741 1569 5796 5.
1602 5739 1802 5795 Rursus
1831 5741 1969 5796 idem
1999 5740 2352 5811 Hieronymus
2381 5741 2436 5793 in
2463 5739 2672 5794 Comm.
2705 5737 2773 5790 ad
2796 5738 2986 5792 Matth.
3008 5755 3048 5804 ι,
3091 5739 3158 5794 16
3185 5758 3197 5792 :
3247 5758 3264 5792 ι
3305 5738 3473 5809 Super
3494 5740 3659 5792 hocet

417 5834 702 5896 Africanus
729 5846 1015 5906 temporum
1047 5837 1291 5905 scriptor,
1318 5849 1365 5889 et
1396 5833 1652 5891 Eusebius
1693 5833 2036 5900 thsariensis

2071 5833 2124 5890 in
2144 5833 2292 5888 libris
2305 5831 2606 5900 Διαςιωνίας
2637 5827 2987 5900 Εὐαγγελίων
3007 5832 3210 5902 plenius
3233 5831 3594 5890 disputatum.
3629 5848 3675 5909 ι
