4112 6464
437 416 541 471 879
1082 416 1345 473 EUSEBII
1383 415 1855 473 CAESARIENSIS
1893 413 2042 471 OPP.

2086 412 2262 469 PARS
2302 413 2389 468 ill.
2429 442 2499 454 -—
2539 412 2947 469 EXEGETICA.
3560 415 3666 472 880

438 524 609 580 Porro
637 522 976 595 Sophronias,
1014 525 1321 596 Hieronymi
1354 528 1628 595 interpres,
1655 526 1872 593 Suidas,
1924 525 2197 580 Honorius
2230 525 2737 596 Augustodunensis,
2770 526 3087 581 Tritltemius
3117 566 3131 588 ,
3191 528 3419 598 aliique,
3456 532 3667 586 nonnisi

435 619 688 686 pra‘dicta
721 621 1015 673 testimonia
1053 621 1415 688 repetiverunt.
1456 622 1511 674 4.
1554 619 1809 675 Ebediesu
1840 621 1897 674 in
1942 620 2198 675 librorum
2227 619 2481 690 Syrorum
2521 621 2784 691 catalogo,
2809 621 2884 674 sic
2908 637 2927 674 :
2969 637 2988 671 ι
3028 619 3286 675 Eusebius
3320 619 3668 679 Ca’sariensis

436 710 721 778 composuit
744 708 935 765 librum
965 711 1243 765 solutionis
1272 712 1749 766 contradictionum
1780 712 2071 783 Evangelii.
2114 732 2132 764 ι
2169 711 2364 780 Reapse
2391 714 2447 765 in
2489 712 2609 766 Vat.
2648 710 2774 781 Syr.
2805 712 2981 765 codice
3003 709 3168 777 CIII,
3189 727 3241 780 p.
3271 712 3398 777 302,
3424 722 3673 782 excerpta

437 802 639 871 aliquot
671 815 736 855 ea;
760 801 852 855 illo
877 817 1025 870 opere
1054 802 1187 871 ﬁunt
1209 843 1223 866 ,
1247 819 1362 856 cum
1393 804 1546 856 titulo
1566 820 1584 857 :
1618 824 1635 855 ι
1678 802 1888 859 Eusebii
1919 796 2259 859 Cwsariensis
2284 820 2347 859 ex
2379 804 2508 859 libro
2536 805 2879 875 quaestionum
2920 806 2974 858 in
3014 802 3378 873 Evangelium.
3409 824 3428 857 ι
3471 807 3523 862 5.
3566 805 3670 861 Ni-

436 891 680 960 cephorus
706 909 904 964 quoque
937 892 1192 949 Callistus
1231 893 1374 950 Hist.
1413 913 1452 960 ι,
1495 897 1581 960 11,
1629 913 1758 966 opus
1797 896 1892 951 hoc
1939 894 2060 950 ΕΜ

2046 895 2154 950 :ebii
2182 898 2314 951 satis
2359 897 2530 951 innuit
2574 897 2785 950 dicens:
2829 896 2964 967 Περὶ
3014 893 3110 965 τὴν
3152 894 3414 949 δοκοῦσαν
3468 896 3670 966 διαφω-

436 982 565 1036 νίαν.
589 984 690 1038 οὐκ
714 984 885 1054 ὀλίγοι
919 984 1136 1057 βίϐλους
1163 985 1288 1051 ὅλας
1313 987 1599 1052 ἐξέδωκανο
1637 1006 1655 1038 ι
1686 986 1843 1042 Circa
1890 1002 2060 1056 appar.

2045 995 2226 1042 "entem
2250 986 2636 1042 dissonantiam
2689 1001 2790 1039 non
2831 985 2986 1053 pauci
3030 984 3195 1039 libros
3245 986 3472 1057 integros
3501 986 3669 1043 edide-

434 1086 574 1130 runt.
597 1096 617 1129 ι
640 1077 695 1132 6.
728 1076 945 1133 Eusebii
986 1078 1081 1133 hoc
1115 1095 1243 1147 opus
1264 1078 1328 1132 de
1347 1078 1786 1150 evangelistarum
1807 1079 2165 1148 discrepantia
2191 1078 2437 1149 permulti
2464 1077 2665 1131 codices
2686 1089 2998 1141 memorant,
3021 1078 3314 1145 prtesertim
3337 1086 3667 1145 catenarum,

434 1182 552 1221 cum
577 1169 727 1235 alibi,
755 1180 865 1223 tum
886 1171 1047 1226 etiam
1085 1171 1140 1226 in
1175 1169 1486 1225 bibliotheca
1518 1170 1798 1236 Vaticana,
1830 1181 1887 1225 ut
1913 1171 2085 1242 legens
2114 1171 2364 1239 comperi.
2391 1168 2524 1224 Ecce
2559 1171 2697 1225 enim
2726 1179 2776 1225 et
2805 1167 3153 1239 Combeﬁsius
3186 1186 3251 1224 ea:
3270 1181 3455 1224 catena
3474 1172 3670 1228 codicis

437 1260 721 1322 Gallicani,
756 1260 1007 1317 Latinum
1036 1277 1070 1316 a
1089 1278 1145 1318 se
1175 1260 1436 1316 redditum
1462 1261 1630 1317 edidit
1659 1263 1714 1318 in
1752 1262 1889 1319 Bibl.
1919 1263 2169 1319 concion.
2204 1275 2245 1316 t.
2291 1260 2457 1329 VIII,
2484 1277 2537 1330 p.
2572 1263 2670 1325 15,
2703 1263 2866 1318 latum
2895 1263 3251 1334 fragmentum
3273 1303 3289 1329 ,
3327 1262 3466 1329 quod
3495 1262 3672 1318 Gia’ce

434 1351 572 1421 apud
603 1367 696 1407 nos
725 1352 968 1406 recurrit.
1000 1356 1164 1422 Atque
1189 1349 1299 1405 hiec
1330 1349 1583 1407 librorum
1612 1353 1680 1406 ad
1709 1351 2030 1421 Stephanum
2061 1350 2362 1406 testimonia
2390 1356 2530 1406 sunt.
2573 1351 2625 1405 7.
2660 1352 2815 1407 Libro
2847 1367 3021 1408 autem
3045 1352 3115 1406 ad
3136 1350 3408 1406 Marinum
3437 1356 3675 1409 testi-mo.

433 1447 583 1501 nium
607 1445 737 1500 dant
770 1445 1087 1499 Anastasius
1119 1441 1331 1500 Sinaita
1365 1448 1418 1501 in
1446 1445 1847 1517 quaestionibus,
1878 1445 1929 1508 8,
1966 1446 2090 1511 M8,
2124 1446 2257 1513 155,
2298 1444 2569 1499 Macarius
2600 1444 3047 1517 Chrysocepltalus
3078 1445 3132 1499 in
3159 1444 3447 1517 Fiorilegio
3472 1462 3489 1513 ;
3515 1444 3671 1500 chro-

434 1539 686 1611 nographi
737 1537 988 1608 Georgius
1045 1536 1395 1593 Hamartolus
1428 1578 1443 1602 ,
1488 1538 1722 1594 Joannes
1757 1538 1991 1606 Siculus,
2018 1549 2068 1593 et
2097 1538 2363 1595 Cedrenus
2385 1556 2513 1619 quos
2550 1540 2697 1610 infra
2718 1541 3673 1597 laudabimus.Itemauttorseholio-

434 1648 553 1686 rum
578 1630 647 1685 ad
680 1629 709 1683 1
741 1629 862 1701 Reg.
901 1645 1015 1698 cap.
1044 1644 1102 1691 ll,
1130 1638 1272 1684 cant.
1313 1630 1479 1684 Anna:
1505 1631 1561 1683 in
1583 1628 1797 1685 Sixtina
1824 1628 1916 1685 Cr.
1946 1629 2205 1698 editione;
2239 1641 2347 1684 tum
2379 1639 2598 1695 catenas,
2637 1629 2849 1685 Possini
2869 1632 3077 1701 quidem
3107 1632 3161 1684 in
3186 1629 3429 1685 Marcum
3462 1648 3517 1701 p.
3540 1632 3673 1688 545-

435 1722 560 1785 564,
587 1721 828 1777 Corderii
854 1729 1026 1775 autem
1060 1720 1115 1773 in
1140 1719 1399 1775 Joannem
1418 1735 1471 1788 p.
1502 1719 1694 1775 456-8.
1731 1720 1960 1777 Sanctus
1991 1720 2325 1785 Ambrosius,
2362 1722 2463 1776 etsi
2502 1720 2788 1777 Eusebium
2810 1722 3122 1776 nominatim
3156 1738 3257 1776 non
3281 1724 3531 1791 appellat,
3558 1725 3673 1795 ejus

436 1827 611 1870 tamen
648 1831 796 1885 opere
826 1815 1080 1869 latissime
1108 1815 1275 1868 utitur
1298 1815 1352 1868 in
1381 1813 1788 1870 Commentario
1811 1815 1879 1871 ad
1911 1814 2112 1871 Lucam
2143 1830 2220 1870 ix.
2260 1813 2448 1870 Utrum
2475 1824 2691 1869 sanctus
2719 1807 3067 1886 Augustinus,
3091 1816 3180 1884 qui
3200 1831 3295 1868 suo
3322 1814 3551 1884 quodam
3579 1832 3672 1886 pe-

435 1907 626 1962 culiari
655 1905 805 1959 modo
833 1906 1134 1976 ingenioque
1157 1905 1405 1975 loquitur,
1442 1906 1511 1959 ad
1542 1905 1825 1962 Eusebium
1854 1917 2097 1963 nostrum
2128 1911 2432 1980 respexerit,
2458 1925 2561 1963 non
2587 1907 2814 1978 deﬁnio;
2851 1924 2975 1961 nam
3019 1907 3172 1961 modo
3199 1908 3471 1978 congruit,
3514 1896 3672 1963 modo

435 1998 683 2060 dissidet,
736 1998 873 2068 quod
906 1997 1003 2052 tali
1034 1999 1089 2052 in
1119 2014 1271 2068 opere
1322 2000 1440 2069 fieri
1483 2017 1687 2056 necesse
1718 2011 1815 2057 est.
1858 2001 1911 2057 9.
1961 2000 2186 2058 Sanctus
2224 2002 2575 2073 Hieronymus
2626 2001 2680 2055 in
2708 2000 2918 2055 Comm.
2950 1999 3018 2054 ad
3048 1997 3238 2053 Matth.
3264 2040 3279 2065 ,
3313 1999 3410 2053 sub
3442 2000 3591 2056 initio
3621 2012 3672 2056 et

437 2091 559 2159 ﬁne,
580 2104 644 2143 ea:
675 2087 986 2143 Eusebianis
1006 2090 1384 2159 questionibus
1411 2091 1611 2158 haurit,
1651 2102 1699 2147 et
1729 2095 1937 2164 quidem
1967 2095 2161 2150 catillis
2193 2095 2261 2149 ad
2292 2094 2561 2149 Marinum
2593 2091 2921 2147 abundanter
2942 2092 2997 2147 in
3030 2091 3252 2161 epistola
3286 2091 3410 2155 120.
3434 2109 3583 2164 capp.
3613 2096 3671 2161 3,

435 2181 490 2245 4,
530 2180 584 2246 5,
605 2179 660 2245 6,
693 2180 744 2247 7,
778 2179 832 2234 9.
873 2178 1170 2255 διείποηαί
1193 2182 1401 2240 Graecos
1439 2187 1732 2255 prasertim
1764 2185 2077 2241 biblicarum
2102 2190 2451 2259 qumstionum
2480 2197 2741 2252 auctores,
2778 2202 3000 2257 quorum
3031 2185 3215 2257 longus
3245 2186 3516 2259 catalogus
3544 2205 3672 2247 cou-

438 2272 543 2326 texi
575 2279 764 2341 potest,
793 2269 1075 2328 Eusebium
1104 2290 1213 2345 pra:
1240 2278 1407 2333 oculis
1431 2276 1696 2343 habuisse,
1730 2281 1845 2349 quis
1866 2280 2104 2337 dubitet?

1449 2627 1905 2713 ΕΚΛΟΓΗ
1942 2630 2087 2715 EN
2140 2631 2674 2767 ΣΥΝΤΟΜῼ

1661 2804 1756 2862 ΕΚ
1792 2807 1928 2861 ΤΩΝ
1965 2808 2467 2865 ΣΥΝΤΕΘΕΝΤΩΝ

692 2968 1042 3104 ΥΠο
1116 2974 1917 3109 ΕΥΣΕΒΙΟΥ
1993 2977 2457 3111 ΠΡΟΣ
2542 2979 3420 3120 ΣΤΕΦΑΝΟΝ

1562 3203 1749 3259 ΠΕΡΙ
1789 3206 1929 3261 ΤΩΝ
1954 3209 2058 3262 ΕΝ
2085 3206 2577 3265 ΕΥΑΓΓΕΛΙΟῘΣ

1049 3368 1996 3489 ΖΗΤΗΜΑΤΩΝ
2069 3376 2344 3487 ΚΑΙ
2437 3371 3053 3497 ΛΥΣΕΩΝ.

1384 3690 2011 3811 EPITOME
2089 3698 2722 3820 SELECTA
2944 3638 2963 3657 ’

1814 3937 1899 3978 EX
1942 3937 2312 3984 COMPOSITIS

906 4092 1107 4220 AB
1184 4096 1847 4229 EUSEBIO
1938 4106 2146 4233 AD
2226 4108 3188 4250 STEPHANUM

1734 4333 1939 4392 CIRCA
1994 4338 2385 4400 EYANGELIA

974 4501 1922 4608 QUIESTIONIBUS
1993 4510 2129 4604 AC
2202 4515 3153 4617 SOLUTIONIBUS.

2034 4696 2108 4712 ἡ

1199 4798 1236 4854 1.
1786 4830 1791 4841 ι
2857 4826 2932 4879 A'.

434 4904 542 4963 Cur
592 4907 921 4978 evangelista:
972 4908 1358 4989 Joseplti,__non
1387 4924 1557 4967 autem
1598 4912 1808 4987 Mariaz,
1836 4936 1996 4989 genus
2029 4918 2058 4973 Α

1989 4938 1996 4974 ε
2029 4918 2079 4974 Α
2180 4907 2280 4959 Διὰ
2313 4908 2369 4960 τι
2401 4907 2509 4963 τὸν
2554 4911 2788 4981 Ἰωσὴφ,
2829 4915 2967 4969 ἀλλ’
3002 4917 3075 4968 οὺ
3123 4913 3236 4981 τὴν
3268 4915 3523 4984 Μαρίαν,
3556 4921 3613 4974 ol

1112 4983 1385 5076 scribant:
1797 4983 1804 4987 ⁷
1837 4983 1857 4989 ⁷
2430 5002 2736 5071 summatm

1797 4983 1804 4987 γ
1837 4983 1857 4989 ⁷
2430 5002 2841 5071 εὐαγνχεελισταὶ
2875 5005 3360 5076 γενεαλογοῦσιν.

500 5066 607 5136 ριή
632 5068 711 5135 ﬁt,
743 5079 803 5124 ut
831 5069 1110 5126 Christum
1142 5073 1491 5141 evangelista:
1521 5082 1778 5144 tanquam
1825 5094 1855 5133 a
1897 5079 2000 5133 Da-

2179 5087 2347 5142 Πόθεν
2396 5091 2487 5146 τὸν
2528 5066 2759 5164 Χοιστὸν
2799 5066 3022 5161 ιῦςύξὸν
3064 5066 3231 5151 Δοίόὶδ
3269 5098 3680 5168 γενεαλογούσις

426 5160 552 5218 vide
574 5176 748 5233 genus
780 5164 1067 5219 ducentem
1092 5166 1353 5219 narrent?
1390 5164 1624 5223 Prorsus
1658 5181 1881 5242 propter
1907 5170 2001 5228 Jo-

2108 5179 2322 5244 πὰντως
2348 5183 2429 5236 ὅτι
2454 5183 2540 5236 διὰ
2570 5160 2659 5238 ’ἐὸν
2711 5188 2907 5259 Ἰωσὴφ
2950 5190 3044 5243 τὸν
3075 5191 3140 5242 ὲκ
3179 5160 3343 5243 Δαέὶδ
3374 5160 3634 5259 γεγονότα
3662 5160 3679 5225 ί

430 5253 658 5318 sephum
708 5253 929 5311 Davidis
956 5258 1213 5327 prosapia
1257 5259 1519 5329 genitum.
1565 5262 1725 5331 Atqui
1759 5279 1865 5319 non
1899 5265 1998 5320 abs

2104 5272 2216 5326 ἀλλ’
2249 5275 2349 5328 οὐκ
2372 5277 2437 5329 tu
2460 5276 2554 5329 τοῦ
2595 5278 2791 5350 Ἰωσὴφ
2811 5283 2838 5336 ὁ
2855 5253 3121 5351 ἀρεστὸς,
3147 5280 3261 5334 ἀλλ’
3283 5282 3347 5334 ἐκ
3370 5253 3686 5354 Πνέύματος

427 5341 667 5415 Josepho
692 5343 945 5402 Christus
979 5353 1085 5412 est,
1134 5346 1229 5402 sed
1273 5362 1305 5401 a
1340 5358 1533 5403 sancto
1565 5348 1770 5419 Spiritu
1804 5360 1857 5405 et
1887 5351 1999 5405 Ma-

2104 5365 2258 5432 ἀγίου
2293 5368 2387 5419 καὶ
2416 5368 2653 5439 Μαρίας,
2689 5341 2955 5443 ὦξφησιιν
2988 5376 3020 5444 ἡ
3056 5341 3247 5444 έραφή
3269 5390 3282 5404 ·
3320 5375 3487 5445 ἐχρῆν
3506 5341 3683 5429 έοίνυν

429 5443 531 5511 ria,
569 5452 631 5500 ut
673 5444 750 5499 ait
780 5445 1088 5517 Scriptura.
1127 5446 1472 5518 Oportuisset
1498 5449 1666 5520 igitur
1693 5451 1876 5506 Mariae
1904 5468 1997 5524 ge-

2100 5458 2198 5525 τὴν
2230 5458 2446 5529 Μαρίαν
2477 5463 2838 5530 γενεαλογεῖν,
2874 5443 3034 5536 εἶπερ
3060 5443 3151 5519 τον
3174 5443 3410 5536 Χριστὸν
3430 5443 3680 5535 γενεαλο-

427 5548 534 5587 nus
562 5535 828 5600 enarrari,
865 5537 1131 5607 siquidem
1165 5539 1369 5592 Christi
1428 5546 1659 5594 stemma
1694 5555 1803 5596 non
1841 5539 1999 5599 Jose-

2104 5549 2221 5615 γεῖν
2257 5548 2559 5617 ἐϐούλοντο,
2604 5552 2718 5606 ἀλλ’
2760 5556 2822 5607 οὺ
2854 5554 2946 5609 τὸν
2986 5535 3207 5628 Ἰωσὴφ,
3320 5557 3487 5627 μηδὲν
3517 5570 3684 5625 προσ-

427 5625 520 5694 pili
549 5627 964 5693 contexebantur,
991 5630 1057 5684 ad
1094 5646 1256 5700 quem
1294 5629 1500 5686 Christi
1527 5632 1767 5687 humana
1797 5642 1995 5690 natura

2104 5639 2252 5711 ήκων
2285 5641 2541 5712 τυγχάνει
2577 5645 2717 5698 κατὰ
2750 5646 2930 5718 σάρκα
2967 5650 2995 5701 ὀ
3018 5625 3285 5719 Χριοτὺς,
3435 5646 3495 5711 ἐξ
3520 5642 3688 5702 αξιπῦ

432 5717 565 5770 nihil
589 5720 841 5788 pertinet,
877 5720 1007 5789 quia
1042 5722 1260 5791 genitus
1297 5722 1366 5779 ab
1414 5738 1479 5778 co
1528 5739 1638 5779 non
1708 5722 1827 5781 fuit.
1878 5722 1997 5782 Jam

2104 5734 2516 5803 γεγεννημένος
2556 5738 2602 5787 εἰ
2631 5736 2687 5789 δὲ
2728 5737 2802 5809 μὴ
2837 5738 2897 5803 ἐξ
2928 5717 3095 5794 αὐτοῦ
3128 5717 3388 5808 τυγχάνει
3421 5737 3529 5803 ὢν,
3568 5735 3686 5792 ἀλλ’

427 5822 558 5863 vero
607 5809 653 5864 si
699 5808 859 5865 Jesus
895 5826 925 5866 a
953 5809 1189 5884 Josepho
1237 5831 1348 5871 non
1397 5815 1575 5872 oritur
1617 5818 1714 5874 sed
1745 5834 1775 5874 a
1824 5817 1996 5876 Maria

2103 5825 2167 5877 ἐκ
2185 5825 2351 5896 μόνης
2380 5827 2477 5899 τῆς
2504 5830 2741 5902 Μαρίας,
2769 5808 2868 5885 οὐκ
2896 5826 2960 5886 ἂν
2986 5832 3069 5901 εἴη
3092 5834 3155 5884 ἐκ
3175 5831 3268 5886 τοῦ
3282 5832 3468 5896 A1615,
3500 5828 3691 5901 ἐπειδὴ
