4112 6430
434 373 535 430 881

969 367 1424 437 ρυΑῖδτιοΝΕδ
1461 366 1916 421 ΕΥΔΝΟΕΙΛΕᾸΞ
1954 366 1992 419 Α

2092 363 2518 422 ΞΤΕΡΗΑΝυξό.
2558 398 2627 407 -
2663 365 2987 433 ρυᾹΞΒΤΙΟ
3024 367 3065 423 1.

3534 368 3639 427 882

431 488 533 559 τὴν
560 486 776 557 Μαρίαν
796 486 968 549 οὐδεὶς
995 486 1147 553 λόγος
1172 484 1540 538 ἀποδείκνυσιν
1577 486 1683 536 απὸ
1710 484 1873 538 Δαϐὶδ
1900 501 1989 551 γε·

2092 485 2490 551 tantummodo,
2524 487 2570 541 is
2594 500 2661 540 ue
2685 500 2717 539 a
2739 484 2943 543 Davide
2972 486 3191 558 quidem
3230 495 3313 543 est
3351 506 3363 541 :
3397 488 3642 559 quando-

434 574 685 647 νομένηψ
720 578 894 647 μάτην
915 575 1022 646 ἄρα
1042 576 1131 628 τὸν
1155 574 1384 645 Χριστὸν
1412 575 1477 627 ἐκ
1507 572 1813 644 σπέρματος
1832 574 1993 627 Δαϐὶδ

434 664 739 738 θρυλλοῦσι,
781 666 915 736 μήτε
940 663 1033 718 τοῦ
1062 665 1259 735 Ἰωσὴφ
1288 663 1413 718 ὅντα
1443 663 1576 727 υἱὸν,
1601 665 1733 735 μήτε
1758 663 1857 733 τῆς
1874 664 1991 717 Μα-

437 758 558 829 ρίας
589 756 696 811 ἀπὸ
727 757 886 810 Δαϐὶδ
921 756 1415 828 γενεαλογουμένης
1436 774 1448 785 ·
1478 756 1696 810 τοιαῦτα
1743 756 1841 826 μέν
1870 773 1993 810 τινα

434 850 494 903 τὸ
522 848 735 921 πρῶτον
760 847 866 902 τῶν
894 848 1253 919 ἠπορημένων
1282 849 1518 918 περιεῖχε
1539 864 1552 877 ·
1579 847 1730 911 λύσις
1751 847 1796 900 δ’
1826 847 1890 901 ἂν
1906 848 1991 918 εἴη

434 941 584 1012 αὐτῷ
613 940 727 1012 ἥδε.

504 1119 573 1167 α’.
624 1112 742 1166 Τῶν
766 1114 858 1167 τοῦ
904 1116 1150 1188 Σωτῆρος
1194 1117 1349 1187 ἡμῶν
1391 1118 1561 1189 Ἰησοῦ
1588 1119 1823 1191 Χριστοῦ
1858 1122 1995 1191 πρά-

436 1203 590 1269 ξεων,
620 1204 687 1259 τὰ
718 1205 815 1276 μὲν
843 1206 1143 1260 σιωπᾶσθαι
1181 1209 1472 1276 ἀναγκαῖον
1497 1204 1564 1307 ῆν
1591 1212 1702 1273 τοῖς
1730 1211 1851 1264 τότε
1871 1251 1885 1275 ,
1928 1213 1995 1266 τὰ

434 1295 492 1347 δὲ
519 1297 599 1358 εἰς
637 1296 846 1351 πολλῶν
893 1299 1059 1362 ἀκοὰς
1099 1298 1381 1364 διεδίδοτο,
1413 1295 1538 1353 ὃσα“
1556 1300 1690 1373 πρὸς
1733 1301 1994 1372 ὠφέλειαν

433 1387 634 1458 ἠμελλε
676 1387 1073 1459 συμϐάλλεσθαι
1107 1392 1217 1453 τοῖς
1247 1391 1632 1462 ἀκροωμένοις
1662 1386 1771 1447 οἷον
1804 1393 1878 1454 ὼς
1905 1395 1997 1448 ὲπὶ

435 1479 874 1551 παραδείγματος
892 1482 1207 1551 τριακοστὸν
1228 1483 1375 1550 ἄγων
1389 1483 1488 1554 τῆς
1500 1484 1593 1538 τοῦ
1615 1483 1862 1557 σώματος
1878 1486 1993 1559 ἡλι-

434 1569 560 1634 κίας
589 1569 727 1636 ἔτος,
757 1571 1004 1641 πάρεισιν
1039 1573 1132 1626 ἐπὶ
1158 1572 1219 1626 τὸ
1254 1573 1405 1645 παρά
1440 1574 1515 1647 τῷ
1555 1576 1772 1649 Ἰωάννῃ
1801 1578 1992 1648 βάπτι-

438 1678 581 1732 σμα*
628 1664 723 1717 καὶ
754 1663 999 1718 ἐντεῦθεν
1038 1665 1342 1737 ἀπάρχεται
1377 1666 1478 1737 τῆς
1520 1667 1864 1733 διδασκαλίας
1900 1671 1995 1724 καὶ

435 1750 544 1806 τῶν
570 1752 863 1824 τεραστίων
888 1753 1060 1823 ἔργων
1077 1773 1091 1786 ·
1121 1756 1238 1808 τίνα
1273 1757 1330 1809 δὲ
1353 1756 1422 1810 τά
1449 1758 1553 1830 πρὸ
1576 1758 1665 1812 τοῦ
1695 1759 1995 1831 βαπτίσμα-

2091 578 2308 646 quidem
2358 577 2583 632 Mariam
2625 578 2777 633 nulla
2819 579 3052 634 historia
3100 577 3304 634 Davide
3355 581 3641 636 oriundam

2093 670 2450 728 demonstrat.
2491 669 2719 727 Temere
2766 670 2936 741 igitur
2962 670 3312 742 evangelista:
3361 669 3641 727 Christum

2093 757 2316 816 Davidis
2346 775 2547 830 genere
2574 768 2754 816 ortum
2793 760 3093 825 celebrant,
3117 776 3240 816 cum
3271 775 3448 832 neque
3479 762 3528 818 is
3550 760 3644 817 Jo-

2092 849 2245 919 sephi
2286 850 2358 904 sit
2403 850 2570 919 ﬁlius,
2617 865 2795 920 neque
2826 850 3052 911 Mariam
3097 852 3156 907 in
3187 850 3391 907 familia
3423 851 3644 914 Davidis

2095 938 2265 996 fuisse
2284 939 2591 996 docuerint.
2618 940 3008 1013 Hujuscemodi
3039 950 3160 1000 erat
3186 943 3418 1014 quastio
3441 943 3639 1017 prima,

2094 1044 2214 1100 qua:
2236 1029 2318 1086 sic
2347 1029 2685 1088 dissolvitur.

2165 1122 2217 1176 l.
2260 1120 2372 1177 Res
2416 1121 2547 1177 Jcsu
2587 1122 2793 1179 Christi
2850 1122 3157 1181 Servatoris
3211 1125 3389 1182 nostri
3441 1125 3645 1196 partim

2092 1216 2230 1267 clam
2264 1213 2464 1269 habere
2502 1216 2788 1284 oportebat
2814 1217 3030 1272 illorum
3057 1228 3358 1288 temporum
3407 1217 3644 1272 homini-

2093 1305 2235 1369 bus;
2264 1304 2465 1374 partim
2501 1320 2633 1361 vero
2675 1307 2743 1361 ad
2787 1322 3130 1364 communem
3178 1310 3425 1364 notitiam
3456 1307 3646 1364 ell'ere—

2093 1394 2316 1461 bantur,
2361 1410 2699 1467 quacunque
2749 1398 3098 1455 audientibus
3150 1400 3439 1453 utilitatem
3491 1406 3647 1456 erant
3704 1430 3717 1449 .

2095 1486 2359 1543 allatura}.
2397 1487 2576 1544 Veluti
2605 1487 2793 1553 Jesus,
2847 1498 2905 1545 ut
2939 1490 3141 1561 aliquid
3189 1492 3419 1562 exempli
3479 1506 3647 1548 causa

2092 1577 2294 1645 dicam,
2350 1580 2598 1635 mortalis
2632 1582 2806 1636 aetatis
2846 1582 3182 1639 tricesimum
3232 1597 3433 1638 annum
3479 1598 3646 1655 agens

2093 1670 2236 1726 stitit
2257 1686 2316 1725 se
2345 1672 2562 1741 publice
2593 1672 2661 1727 ad
2701 1670 2931 1729 Joannis
2958 1675 3252 1744 baptisma,
3308 1684 3471 1746 atque
3520 1677 3647 1731 hinc

2099 1761 2228 1818 fecit
2256 1763 2474 1818 initium
2501 1764 2804 1835 magisterii
2859 1767 2944 1822 sui
2977 1781 3043 1821 ac
3072 1768 3480 1839 prodigiorum:
3518 1770 3646 1839 quid

437 1862 530 1910 τος
563 1845 711 1910 ἐντὸς
738 1846 873 1901 ὅλων
897 1848 1033 1901 ἑτῶν
1055 1850 1344 1920 τριάκοντα
1378 1851 1689 1922 πραχθέντα
1709 1854 1881 1923 αὐτῷ,
1911 1854 1992 1907 οὐ·

2098 1860 2281 1910 tamen
2309 1854 2448 1909 citra
2475 1855 2818 1911 tricesimum
2859 1873 3062 1913 annum
3090 1861 3343 1930 gesserit,
3374 1861 3522 1914 nulla
3564 1861 3649 1914 hi-

439 1934 597 2004 δεμία
625 1935 831 2005 ἱστορία
861 1935 1042 2007 δηλοῖ,
1070 1938 1176 1992 οὐδ’
1210 1939 1352 1992 ἔστιν
1384 1940 1491 1993 ἀπό
1520 1958 1661 2005 τινος
1684 1942 1831 2007 θείας
1860 1944 1998 2015 Γρα-

439 2024 546 2093 φῆς
571 2025 662 2079 τὸν
679 2026 782 2100 πρὸ
801 2028 988 2081 τούτου
1019 2031 1351 2101 καταμαθεῖν
1380 2032 1541 2086 αὐτοῦ
1568 2033 1699 2104 βίον.
1724 2033 1884 2089 Ἀλλὰ
1904 2036 1999 2089 καὶ

439 2115 498 2183 ἐξ
516 2111 683 2189 οὗπερ
714 2121 794 2183 είς
822 2121 1029 2186 πάντας
1060 2122 1322 2191 ἐγνώσθη,
1339 2125 1406 2179 τά
1436 2125 1535 2195 μὲν
1561 2127 1641 2190 είς
1670 2126 1835 2191 ἀκοὰς
1863 2128 1998 2185 πάν-

438 2221 547 2261 των
577 2208 856 2280 ἐκήρυττε,
871 2212 938 2265 τὰ
957 2213 1012 2266 δὲ
1035 2213 1227 2284 μόνους
1255 2216 1377 2278 τοὺς
1402 2215 1566 2269 αὐτοῦ
1596 2217 1837 2288 μαθητὰς
1862 2218 1998 2288 ὲμυ-

442 2298 709 2369 σταγώγει
728 2317 743 2333 ο
778 2302 872 2355 καὶ
898 2303 1026 2357 ποτὲ
1055 2305 1155 2374 μὲν
1184 2305 1618 2376 παραδοξοποιῶν
1642 2308 1870 2379 παρῄνει
1897 2326 2000 2380 μη-

439 2388 550 2440 δενὶ
572 2387 769 2456 λέγειν,
806 2391 934 2443 ποτὲ
962 2391 1020 2444 δὲ
1036 2392 1164 2446 ἄνευ
1182 2393 1280 2463 τῆς
1303 2394 1511 2447 τοιᾶσδε
1538 2397 1908 2466 παραινέσεως
1928 2398 1997 2451 τά

442 2477 715 2550 θαυμάσια
745 2483 1152 2554 κατειργάζετο.
1186 2487 1281 2538 Ἓν
1309 2485 1372 2557 δὴ
1396 2482 1485 2541 οὖν
1521 2487 1753 2557 μάλιστα
1776 2488 1881 2541 τῶν
1914 2506 1999 2541 σε-

443 2566 696 2637 σιγῆσθαι
740 2570 1108 2642 δεδογμένων,
1141 2573 1203 2627 τὸ
1254 2576 1391 2630 κατὰ
1436 2579 1535 2647 τὴν
1579 2578 1788 2645 γένεσιν
1834 2579 1997 2633 αὑτοῦ

440 2658 624 2730 θαῦμα
653 2656 741 2734 ἦν·
770 2664 982 2729 οὐδενὸς
1011 2665 1117 2719 τῶν
1144 2665 1264 2720 καθ’
1296 2668 1355 2723 ὃν
1391 2669 1768 2741 ὲνηνθρὼπησε
1791 2672 1997 2741 χρόνον,

438 2748 633 2819 ὀλίγων
660 2753 816 2818 ἐκτὸς
844 2754 1033 2811 τούτου
1065 2757 1265 2826 γιῶςιν
1293 2759 1648 2829 κεκτημένου.

509 2926 574 2997 β’.
607 2928 746 2999 Φησὶ
756 2929 813 2983 δέ
832 2947 933 2984 που
949 2932 977 2985 6
993 2932 1141 3002 ἅγιος
1163 2934 1301 3008 ἀνὴρ
1317 2934 1601 3006 (Ἰγνάτιος
1620 2936 1791 3009 ὄνομα
1808 2936 1997 3009 αὐτῷ),

437 3016 536 3088 τῆς
591 3018 903 3090 Ἀντιοχέων
930 3023 1248 3095 Ἐκκλησίας
1295 3025 1542 3098 δεύτερος
1579 3028 1815 3097 γεγονὼς
1861 3028 1999 3098 μετὰ

435 3110 561 3173 τοὺς
593 3111 918 3178 ἀποστόλους
944 3115 1255 3182 ἐπίσκοπος,
1287 3117 1363 3181 ὡς
1381 3118 1487 3190 ἄρα
1523 3120 1617 3174 καὶ
1640 3121 1733 3174 τὸν
1765 3123 1994 3192 ἄρχοντα

437 3200 530 3254 τοῦ
553 3201 747 3269 αἰῶνος
775 3204 965 3260 τούτου
995 3207 1179 3262 ἔλαθεν
1211 3211 1245 3280 ἡ
1275 3212 1539 3285 παρθενία
1569 3214 1806 3285 Μαρίας,
1838 3216 1931 3268 καὶ
1958 3217 1991 3287 ἡ

382 3296 385 3299 ’
435 3291 530 3345 τοῦ
546 3293 795 3367 Σωτῆρος
825 3295 884 3362 ἐξ
909 3299 1075 3369 αὐτῆς
1089 3301 1327 3368 γένεσις·
1367 3303 1511 3372 λέγει
1549 3303 1593 3357 δ’
1623 3304 1814 3369 οὕτως·
1838 3324 1857 3358 ι
1886 3306 1992 3360 Καὶ

437 3382 594 3437 ἔλαθε
616 3385 706 3441 τὸν
730 3387 962 3458 ἄρχοντα
982 3389 1074 3443 τοῦ
1106 3391 1298 3457 αἰῶνος
1319 3393 1505 3448 τούτου
1536 3397 1569 3467 ἡ
1606 3394 1863 3469 παρθενία
1877 3397 1994 3451 Μα-

441 3474 580 3544 ρίας,
613 3477 708 3529 καὶ
729 3479 758 3531 6
787 3478 1003 3543 τοκετὸς
1029 3481 1219 3552 αὐτῆς,
1248 3484 1446 3553 ὁμοίως
1476 3487 1570 3540 καὶ
1594 3489 1623 3540 6
1650 3486 1875 3552 θάνατος
1900 3488 1992 3542 τοῦ

435 3564 698 3636 Χριστοῦ·
744 3567 874 3637 τρία
908 3570 1178 3641 μυστήρια
1218 3574 1458 3645 κραυγῆς
1484 3614 1499 3639 ,
1534 3577 1689 3630 ἅτινα
1715 3577 1773 3629 ὲν
1798 3579 1995 3650 ἠσυχίᾳ

435 3656 569 3710 Θεοῦ
602 3657 865 3731 ἐπράχθη.
894 3679 914 3713 ι
947 3662 1099 3714 Ἔστι
1129 3662 1185 3715 δὲ
1207 3664 1301 3717 καὶ
1321 3665 1562 3737 λογισμῷ
1580 3668 1780 3734 λαϐεῖν,
1807 3669 1889 3723 ὅτι
1919 3671 1992 3741 μὴ

437 3747 654 3801 πάντων
682 3744 750 3819 ἦν
769 3750 876 3802 τῶν
902 3752 961 3804 ὲν
998 3753 1160 3825 σαρκὶ
1192 3753 1445 3824 βιούντων
1476 3757 1566 3811 τὸν
1589 3759 1821 3830 Χριστὸν
1859 3760 1992 3817 Θεοῦ

434 3837 528 3891 καὶ
556 3838 652 3892 σὺν
678 3839 979 3913 ἀνθρώποις
993 3843 1395 3917 ἀναστραφέντα
1408 3842 1497 3902 οἷα
1516 3850 1688 3904 κοινὸν
1715 3851 1999 3924 ἄνθρωπον

434 3930 702 4002 ὁρώντων,
728 3932 789 3986 τὸ
815 3934 1069 3990 δύνασθαι
1099 3938 1371 3994 πιστεύειν
1411 3939 1472 4007 ἐξ
1497 3941 1868 4016 ἀπειρογάμου
1901 3945 1994 3998 κόν-

439 4039 540 4091 ρης
565 4023 726 4079 αὐτὸν
749 4024 869 4095 δίχα
897 4028 1100 4099 πατρὸς
1125 4030 1404 4098 γεγονέναι
1430 4032 1536 4086 οὐδ’
1562 4035 1642 4098 είς
1658 4034 1881 4100 πολλοὺς
1902 4038 1992 4090 ὲκ-

435 4113 640 4185 φέρειν,
680 4115 762 4169 ὅτι
797 4116 870 4189 μὴ
911 4120 974 4172 ἐκ
1003 4118 1096 4171 τοῦ
1137 4122 1333 4193 Ἰωσὴφ
1370 4126 1403 4196 ή
1445 4126 1632 4198 Μαρία
1662 4127 1994 4184 συλλαϐοῦσα

433 4204 526 4268 τὸν
570 4206 780 4278 Ἰησοῦν
810 4210 1021 4278 ἐγέννα,
1048 4211 1314 4279 λυσιτιλὲς
1334 4211 1420 4287 ἦν’
1449 4213 1484 4288 ἦ
1507 4218 1615 4291 γάρ
1642 4219 1705 4274 ἂν
1727 4224 1819 4275 καὶ
1841 4223 1993 4293 δίκην

435 4296 576 4353 κατὰ
608 4297 697 4352 τὸν
727 4299 1002 4364 Μωῦσέως
1032 4302 1194 4373 νόμον
1229 4304 1262 4375 ἡ
1301 4306 1563 4378 παρθένος
1605 4310 1836 4382 ὑπέσχεν
1855 4351 1871 4377 ,
1918 4314 1994 4378 ὡς

433 4386 541 4457 πρὸ
568 4386 718 4459 ῶρας
743 4390 919 4461 γάμου
943 4391 1293 4466 διαφθαρῖσα
1327 4397 1426 4467 τὴν
1454 4398 1745 4470 παρθενίαν
1765 4417 1780 4432 ο
1808 4401 1994 4474 διόπερ

2095 1948 2266 2004 storia
2310 1947 2505 2012 docet;
2560 1963 2739 2019 neque
2785 1966 2851 2005 ex
2902 1951 3014 2010 ulla
3062 1951 3263 2007 divinae
3306 1953 3649 2009 auctoritatis

2098 2035 2379 2109 Scriptura
2406 2042 2745 2110 superiorem
2775 2042 2941 2097 vitam
2971 2040 3091 2111 ejus
3127 2041 3341 2097 discere
3368 2042 3512 2097 licet.
3542 2040 3649 2101 Sed

2095 2132 2241 2188 enim
2291 2141 2580 2203 postquam
2629 2134 2794 2190 etiam
2836 2133 3039 2188 nemini
3089 2134 3307 2205 ignotus
3355 2140 3494 2197 erat,
3542 2135 3653 2190 alia

2097 2223 2315 2293 quidem
2347 2223 2697 2280 audientibus
2729 2224 2986 2280 omnibus
3013 2223 3367 2296 pradicabat;
3397 2225 3522 2280 aliis
3545 2239 3650 2280 au-

2095 2320 2228 2378 tem,
2274 2322 2531 2386 tanquam
2574 2315 2871 2386 mysteriis,
2918 2314 3220 2385 discipulos
3271 2312 3652 2373 tantummodo

2098 2421 2227 2463 suos
2276 2406 2566 2463 initiabat:
2606 2422 2671 2462 ac
2699 2406 2859 2463 modo
2890 2407 3138 2478 prodigia
3168 2408 3235 2462 ab
3267 2421 3328 2463 se
3375 2406 3520 2462 edita
3564 2406 3651 2461 di~

2098 2496 2307 2567 vulgari
2357 2497 2596 2563 nolebat,
2629 2498 2791 2554 modo
2839 2501 2959 2555 sine
3003 2499 3116 2555 ullo
3167 2498 3438 2569 ejusmodi
3482 2499 3649 2554 vetito

2097 2589 2359 2645 miracula
2394 2588 2649 2647 faciebat.
2702 2588 2822 2646 Jam
2872 2592 2926 2646 in
2974 2593 3067 2657 iis,
3114 2606 3238 2663 quae
3277 2591 3493 2646 silentio
3525 2606 3651 2660 pre-

2097 2696 2245 2737 mere
2270 2682 2495 2753 placuit,
2526 2684 2852 2739 miraculnm
2882 2685 3003 2754 ejus
3036 2682 3340 2740 nativitatis
3390 2689 3529 2745 erat,
3574 2682 3651 2737 ita

2097 2780 2157 2826 ut
2181 2771 2419 2835 illorum,
2445 2773 2539 2842 qui
2564 2775 2783 2829 mortali
2820 2775 2942 2845 ejus
2988 2775 3114 2831 vitae
3142 2775 3526 2839 interfuerunt,
3554 2787 3651 2830 ne-

2095 2876 2207 2929 mo,
2240 2864 2431 2933 paucis
2463 2866 2730 2935 exceptis,
2760 2868 2839 2921 rei
2870 2868 3127 2922 conscius
3154 2866 3340 2922 fuerit.

2166 2949 2223 3008 2.
2263 2951 2404 3008 Dicit
2432 2961 2613 3011 autem
2638 2955 2721 3009 vir
2749 2964 2997 3022 sanctus,
3023 2957 3245 3013 nomine
3270 2956 3532 3028 lgnatius,
3555 2958 3655 3028 qui

2094 3042 2446 3101 Antiochenm
2474 3045 2735 3104 Ecclesiae
2768 3050 3045 3105 secundus
3073 3049 3177 3105 fuit
3216 3058 3342 3119 post
3370 3050 3650 3120 apostolos

2094 3136 2406 3209 episcopus,
2439 3139 2616 3210 ipsum
2642 3142 2829 3197 saeculi
2867 3142 3169 3214 principem
3206 3142 3434 3199 latuisse
3464 3142 3655 3197 Mariae

2093 3230 2484 3302 virginitatem,
2512 3247 2578 3288 ac
2604 3233 2913 3291 Servatoris
2951 3249 3018 3290 ex
3065 3249 3130 3290 ea
3158 3235 3521 3291 nativitatem.
3557 3233 3651 3289 Sic

2093 3321 2238 3376 enim
2297 3322 2374 3377 ait
2423 3322 2550 3394 (l):
2603 3342 2623 3376 ι
2659 3322 2846 3381 Latuit
2898 3326 3199 3397 principem
3248 3327 3413 3392 hujus
3465 3326 3659 3383 saeculi.

2092 3412 2378 3483 virginitas
2405 3413 2608 3482 Mariae,
2640 3417 2870 3487 ejusque
2897 3426 3108 3487 partus,
3155 3419 3396 3489 itemque
3441 3418 3650 3475 Christi

2092 3518 2242 3561 mors
2273 3521 2288 3558 :
2319 3506 2576 3577 mysteria
2622 3507 2726 3562 tria
2759 3509 3023 3577 clamosa,
3062 3526 3187 3580 quae
3220 3519 3401 3566 tamen
3433 3512 3537 3567 sub
3564 3511 3648 3565 di-

2090 3596 2219 3652 vino
2267 3595 2487 3652 silentio
2531 3606 2753 3667 peracta
2795 3599 3036 3655 fuerunt.
3082 3618 3102 3652 ι
3134 3598 3254 3655 Jam
3296 3601 3417 3670 ipso
3447 3601 3650 3658 mentis

2091 3685 2383 3742 ratiocinio
2426 3687 2729 3759 intelligere
2755 3690 2904 3757 licet,
2941 3691 3083 3745 haud
3117 3690 3236 3747 ﬁeri
3285 3692 3554 3762 potuisse,
3587 3699 3651 3747 ut

2089 3777 2349 3834 mortales
2393 3793 2605 3845 omnes,
2652 3781 2748 3852 qui
2791 3782 2886 3839 Dei
2935 3790 3161 3837 unctum
3209 3785 3354 3839 inter
3398 3783 3649 3840 homines

2091 3871 2365 3926 communi
2389 3872 2625 3929 hominis
2656 3872 2832 3929 forma
2861 3881 3171 3930 versantem
3209 3876 3528 3940 cernebant,
3549 3891 3648 3930 na-

2090 3964 2206 4014 tum
2254 3960 2542 4017 crederent
2573 3977 2606 4018 e
2650 3963 2830 4033 puella
2878 3964 3194 4035 nuptiarum
3234 3965 3447 4037 ignara,
3494 3973 3650 4036 patre

2090 4050 2262 4108 nullo.
2294 4049 2482 4123 Neque
2530 4068 2697 4124 porro
2743 4056 3089 4127 expediebat,
3129 4066 3189 4111 ut
3217 4057 3373 4112 multi
3404 4071 3651 4129 comper-

2090 4149 2204 4196 tum
2237 4142 2519 4213 haberent,
2549 4144 2773 4200 Mariam
2803 4146 2947 4202 haud
2977 4162 3046 4202 ex
3067 4147 3305 4220 Josepho
3326 4161 3649 4222 conceptum

2089 4233 2369 4303 peperisse
2397 4231 2584 4291 Jesum
2614 4254 2629 4291 :
2671 4250 2900 4305 prorsus
2934 4237 3080 4292 enim
3110 4251 3285 4308 poenae
3313 4237 3509 4294 fuisset
3544 4238 3650 4294 ob~

2091 4323 2255 4378 noxia
2281 4324 2351 4379 de
2378 4323 2630 4381 Mosaicae
2659 4325 2796 4395 legis
2819 4325 3082 4382 mandato
3108 4327 3283 4398 virgo,
3320 4342 3418 4383 ceu
3450 4326 3500 4382 si
3521 4334 3650 4383 ante

2090 4417 2402 4486 nuptiarum
2432 4430 2645 4489 tempus
2679 4418 3045 4489 virginitatem
3080 4418 3411 4475 violavisset.
3448 4416 3652 4484 Quam-

435 4477 658 4542 εἰκότως
710 4483 1124 4553 ἐπισημαίνεται
1149 4488 1389 4559 ἀκριϐῶς
1422 4491 1639 4560 φήσασα
1679 4495 1713 4564 ἡ
1758 4493 1985 4566 Γραφὴ,

2093 4509 2278 4565 obrem
2309 4512 2508 4566 merito
2539 4510 2979 4567 animadversum
3012 4518 3120 4576 est,
3148 4511 3437 4583 vigilanter
3460 4511 3651 4567 admo-

440 4586 460 4618 ‹
485 4569 619 4640 Πρὶν
642 4570 674 4641 ἢ
705 4573 970 4629 συνελθεῖν
986 4577 1199 4643 αὐτοὺς,
1222 4580 1413 4653 εὑρέθη
1432 4583 1488 4633 ἐπ’
1504 4584 1697 4655 γαστρὶ
1726 4585 1921 4656 ἔχουσα
1937 4604 1948 4615 ·
1965 4606 1984 4639 ι

2092 4601 2218 4657 dum
2255 4598 2596 4671 Scripturam
2630 4600 2814 4657 dicere
2852 4620 2866 4656 :
2906 4619 2926 4653 ι
2976 4569 3281 4673 Anteqqu
3314 4601 3418 4672 ipsi
3451 4615 3692 4672 convey

439 4661 716 4753 μονονουχὶ
740 4663 1058 4722 διδάσκουσα
1101 4671 1183 4723 ὅτι
1227 4672 1301 4743 μὴ
1339 4674 1444 4744 πρὸ
1473 4674 1648 4746 γάμου
1680 4679 1987 4753 συνείληφε,

437 4751 572 4822 μηδὲ
601 4753 706 4824 πρὸ
721 4754 815 4808 τοῦ
867 4759 1013 4831 παρὰ
1036 4760 1127 4814 τὸν
1155 4760 1322 4831 ἄνδρα
1344 4765 1535 4820 ἐλθεῖνο
1558 4768 1691 4838 μετὰ
1717 4770 1776 4824 δὲ
1793 4771 1854 4824 τὸ
1869 4751 1991 4825 συν-

433 4843 669 4914 αῳθῆναι
705 4847 794 4901 τὸν
826 4849 1019 4920 Ἰωσὴφ
1055 4852 1149 4906 καὶ
1178 4856 1306 4924 παρ’
1333 4856 1477 4927 αὐτῷ
1531 4859 1800 4927 γενέσθαι,
1838 4863 1987 4935 παρὰ

432 4936 566 4999 πᾶσί
586 4955 646 4990 τε
671 4943 897 5006 γυναῖκχ
931 4942 1094 4996 αὐτοῦ
1135 4948 1489 5017 χρηματίσαι,
1526 4950 1789 5005 συνόντων
1823 4954 1986 5025 ἀλλή-

430 5026 563 5092 λοις,
592 5031 687 5082 καὶ
717 5031 815 5102 τῆς
869 5036 1110 5105 γαμικῆς
1155 5038 1367 5108 ὁμιλίας
1405 5040 1664 5096 ἅπτεσθαι
1714 5044 1812 5116 ῆδη
1858 5045 1985 5114 γοῦν

435 5117 761 5188 μελλόντων,
812 5122 981 5191 αὐτῆς
1016 5125 1089 5187 ὡς
1124 5128 1293 5181 εἰπεῖν
1320 5127 1466 5200 ὥρας
1499 5132 1682 5202 πρὶνῆ
1718 5135 1985 5191 συνελθεῖν

432 5209 644 5275 αὐτοὺς,
672 5211 866 5283 εὑρέθη
889 5213 946 5266 ὲν
964 5219 1158 5287 γαστρὶ
1180 5218 1374 5289 ἔχουσα
1401 5223 1464 5274 ἐκ
1485 5222 1622 5279 Πνεύ
1630 5241 1794 5293 ματος
1808 5226 1983 5294 ἁγίου.

429 5299 539 5355 Καὶ
558 5299 713 5354 τοῦτό
743 5317 807 5369 γε
834 5307 1227 5377 πάγχρησίμως
1252 5311 1331 5373 είς
1356 5309 1416 5363 τὸ
1433 5311 1611 5367 λαθεῖν
1625 5315 1748 5378 τοὺς
1761 5316 1986 5381 πολλοὺς

459 5570 471 5581 .
499 5501 574 5625 (lg
616 5501 784 5585 Epist.
816 5503 1005 5572 lgnatii
1033 5506 1099 5559 ad
1118 5506 1383 5586 .Ephesios
1412 5525 1532 5582 cap.
1566 5529 1679 5580 nx,
1715 5517 1803 5572 ubi
1832 5518 1983 5575 vide-

462 5586 506 5623 ιε
576 5576 843 5625 οειιεειιηὶ
876 5574 1131 5625 Cotelerii
1166 5578 1589 5625 adnninlinnmn,
1644 5588 1782 5625 9mm
1817 5603 1980 5625 nnnm

427 5573 506 5656 sis
539 5573 843 5656 doctissimi
876 5574 1148 5656 Cotelerii‘
1166 5573 1593 5656 adnotationem,
1622 5573 1782 5656 apud
1817 5573 1980 5656 quem

431 5637 683 5713 Usserius
713 5644 876 5697 verba
907 5644 1020 5698 haec
1050 5644 1239 5701 eadem
1271 5649 1467 5704 recitat
1500 5637 1979 5713 'cx'An'dreajllid-L

427 5712 883 5798 rosolllerc'tensi
931 5714 1210 5798 episcopo,
1259 5718 1553 5798 nisiquod
1605 5741 1702 5798 pro
1739 5730 1979 5798 κραυγῆς

430 5779 688 5835 scribitur
721 5783 793 5838 ibi
829 5779 1049 5852 φρικτὰ,
1100 5779 1217 5855 qua:
1252 5779 1488 5845 deterior
1536 5779 1693 5850 lectio
1717 5779 1978 5867 es'l,qiii':i

2090 4692 2290 4757 nirent,
2326 4692 2545 4747 inventa
2576 4702 2662 4748 est
2693 4693 2750 4748 in
2775 4703 2932 4750 utero
2957 4693 3199 4761 habens;
3255 4712 3273 4744 ›
3308 4701 3568 4762 tanquam
3594 4690 3659 4746 si.

2090 4792 2274 4855 aperte
2303 4784 2531 4850 diceret,
2584 4800 2705 4840 eam
2746 4793 2871 4842 ante
2906 4788 3125 4856 nuptias
3153 4801 3264 4842 non
3306 4784 3647 4863 concepisse,

2089 4886 2265 4941 neque
2305 4874 2459 4941 prius
2489 4888 2650 4943 quam
2685 4875 2754 4930 ad
2781 4875 2960 4932 virum
2995 4874 3278 4935 accederet
3322 4893 3336 4929 :
3369 4874 3466 4930 sed
3498 4880 3648 4943 post-

2087 4973 2250 5027 quam
2280 4974 2400 5015 cum
2433 4958 2670 5032 Josepho
2698 4964 2986 5034 conjugata
3006 4964 3128 5030 fuit,
3163 4973 3325 5033 atque
3351 4962 3493 5033 apud
3518 4977 3644 5018 eum

2086 5051 2351 5108 diversari
2386 5056 2551 5126 C(Bpit
2585 5056 2684 5128 (ἓ),
2717 5070 2772 5114 et
2798 5059 2868 5113 ab
2891 5059 3145 5115 omnibus
3173 5058 3376 5127 conjux
3401 5058 3522 5127 ejus
3544 5072 3645 5128 ap-

2087 5143 2277 5212 pellari
2311 5166 2326 5201 -.
2357 5161 2481 5201 cum
2528 5165 2637 5204 una
2685 5150 3018 5216 habitarent,
3053 5165 3118 5206 ac
3146 5151 3375 5219 nuptiali
3409 5164 3646 5206 consue-

2086 5235 2275 5292 tudine
2324 5238 2438 5306 jam
2488 5241 2639 5297 usuri
2691 5241 3031 5309 viderentur,
3074 5243 3193 5311 ipsa
3250 5242 3641 5312 propemodum

2087 5328 2224 5383 hora
2278 5337 2573 5402 antequam
2637 5333 3019 5401 convenirent,
3079 5333 3351 5389 inventam
3404 5345 3529 5388 esse
3585 5331 3642 5385 in

2084 5536 2191 5575 non
2221 5523 2513 5643 opponitur
2542 5522 2809 5603 vocabulo
2838 5522 3102 5606 κραυγῆς.

2154 5591 2229 5643 (ﬁl
2317 5608 2346 5643 e
2374 5592 2474 5643 hac
2507 5608 2781 5643 commum
2820 5591 2921 5643 SS.
2950 5593 3102 5643 Patri

2104 5644 2109 5647 _
2154 5591 2233 5663 (2)7
2260 5589 2474 5663 Deliae
2507 5592 2781 5663 communi
2820 5589 3171 5663 SS.7P'atrum
3195 5589 3643 5663 opinioneCom-

2086 5660 2661 5733 lieI‘iSiusBibl._conc._
2684 5669 2725 5715 t.
2758 5660 2801 5725 l,
2835 5679 2888 5733 p.
2914 5662 3006 5727 22,
3031 5660 3565 5733 contra'Suaresjum
3588 5671 3641 5733 ct

2083 5729 2441 5803 iiaynaldtlm.
2478 5720 3080 5803 Nicephorus'quoque
3110 5733 3370 5789 Callistus
3414 5720 3558 5786 Hist.
3596 5730 3637 5797 Ι,

2083 5802 2136 5865 8,
2170 5799 2293 5855 cum
2335 5799 2570 5856 Eusebio
2597 5799 2892 5857 consentit.
