4112 6432
1144 346 1415 405 EUSEBII
1444 347 1927 407 CESABIENSIS
1958 349 2111 407 OPP.
2150 350 2332 407 PARS
2363 349 2453 408 Ill.
2491 381 2552 395 —
2597 350 3009 410 EXEGETICA.

3579 354 3685 411 εει

458 467 619 513 utero
650 456 935 512 habentem
965 459 1032 514 de
1060 466 1252 514 sancto
1282 458 1510 530 Spiritu.
1542 461 1721 533 Atque
1750 462 1865 518 hac
1897 477 2018 533 per-

2118 464 2461 536 ᾠκονόμητον
2490 466 2540 519 εί
2576 464 2685 539 γὰρ
2705 465 2769 537 δὴ
2803 464 2953 537 παρὰ
2982 468 3093 530 τοῖς
3123 466 3293 539 αύτῆς
3318 466 3576 536 ’γονεέσιν
3597 466 3688 526 ού-

461 546 747 605 commode
778 546 848 602 ob
871 548 1146 604 vitandam
1183 549 1330 620 vulgi
1366 551 1615 606 notitiam
1643 561 1835 608 curata
1867 562 2016 610 sunt.

460 636 595 691 Nam
624 639 671 692 si
706 633 890 692 Maria:
910 653 940 692 a
967 638 1285 708 parentibus
1316 640 1557 695 nondum
1590 640 1869 713 digressae,
1897 659 2021 714 gra-

462 728 599 782 vidae
627 726 740 783 fieri
772 729 1122 800 contigisset;
1152 730 1278 799 quia
1311 746 1535 788 necesse
1557 739 1675 788 erat
1703 748 1817 789 rem
1841 735 2018 803 palam

461 819 791 892 famigerari,
824 835 1017 891 nempe
1048 822 1193 891 quod
1229 823 1347 893 ipsa
1376 822 1520 877 haud
1552 839 1619 880 ex
1646 826 1864 895 publice
1889 834 2020 883 noto

457 912 578 967 viro
606 926 709 966 suo
738 912 1099 982 concepisset,
1128 914 1381 984 protinus
1405 915 1731 985 supplicium
1757 932 1822 972 ex
1846 916 2019 973 forma

451 1001 597 1070 juris
628 1002 647 1034 ¹
676 1002 936 1059 subiisset
970 1022 984 1058 :
1042 1004 1092 1060 si
1146 1005 1348 1071 minus,
1388 1014 1536 1062 certe
1581 1009 1756 1078 stupri
1804 1011 2020 1065 macula

457 1106 569 1147 non
596 1103 847 1150 vacasset
882 1113 897 1149 :
928 1111 1108 1166 neque
1137 1096 1284 1153 enim
1320 1097 1438 1167 ipsa
1460 1098 1567 1155 sibi
1590 1100 1752 1157 testis
1776 1116 1899 1157 esse
1925 1116 2022 1171 po-

456 1191 620 1247 terat,
654 1198 831 1255 neque
857 1185 931 1240 ad
962 1185 1124 1242 ﬁdem
1167 1186 1477 1242 faciendam
1530 1204 1721 1244 eorum
1750 1205 1872 1261 qua
1914 1190 2020 1245 sibi

457 1275 773 1331 acciderant
809 1282 929 1331 erat
978 1276 1177 1333 idonea
1226 1296 1242 1333 :
1290 1291 1394 1333 nec
1440 1279 1730 1350 quisquam
1783 1281 1889 1337 sibi
1926 1288 2021 1334 aut

398 1410 403 1421 .
454 1365 637 1435 angeli
665 1366 847 1422 visum
877 1367 1198 1438 persuaderi
1224 1382 1424 1438 passus
1443 1380 1611 1435 esset,
1643 1378 1739 1425 aut
1780 1371 1857 1426 illi
1890 1387 2019 1426 nar-

455 1456 603 1511 ranti
635 1457 958 1514 credidisset
992 1474 1115 1529 qua;
1160 1459 1334 1515 eidem
1360 1475 1391 1514 a
1431 1460 1679 1517 Gabriele
1711 1462 1857 1517 dicta
1900 1461 2020 1517 fue-

455 1559 579 1603 rant
632 1568 646 1604 :
682 1565 858 1619 neque
892 1565 1012 1604 eam
1044 1550 1155 1620 jam
1202 1558 1570 1621 praegnantem
1600 1550 1753 1607 domi
1784 1568 1897 1608 sure
1926 1551 2015 1608 Jo-

456 1641 666 1711 sephus
686 1640 1005 1710 recepisset,
1030 1656 1189 1710 quem
1217 1640 1445 1709 justitize
1467 1642 1745 1712 publicum
1769 1643 2020 1699 testimo-

457 1733 607 1787 nium
639 1732 890 1788 ornabat.
915 1730 1058 1788 Bene
1083 1733 1248 1804 igitur
1268 1749 1376 1789 non
1400 1734 1543 1805 apud
1567 1736 1718 1806 ipsos
1736 1744 2015 1808 parentes,

2122 576 2219 613 σαν
2257 559 2337 613 ἔτι
2379 559 2575 631 συνέϐη
2606 559 2745 614 κατὰ
2785 560 3021 633 γαστρὸς
3052 561 3269 621 λαϐεῖν,
3299 562 3403 616 κᾶν
3445 564 3593 630 εἰκὸς
3617 562 3688 638 ἦν

2121 650 2377 723 βοηθῆναι
2398 650 2460 704 τὸ
2486 652 2715 721 πρᾶγμα
2742 651 2822 704 ὅτι
2847 651 2920 722 μή
2948 652 3013 704 ὲκ
3040 652 3303 723 προδήλου
3321 654 3509 726 ἀνδρὸς
3530 658 3690 711 ὲκυο-

2120 739 2352 813 φορήθη,
2376 739 2567 793 θᾶττον
2593 740 2637 793 δ’
2664 738 2729 793 ἂν
2752 739 2848 793 καὶ
2877 738 3114 810 ἀνῄρητο
3136 740 3277 793 κατὰ
3305 742 3397 795 τὸν
3438 743 3622 814 νόμονυ
3650 745 3686 817 ἢ

2120 833 2169 885 εί
2196 832 2270 903 μή
2290 830 2466 895 τοῦτο,
2480 832 2708 902 αἰσχρᾶς
2722 832 2765 884 δ’
2780 827 2874 885 οὖν
2888 831 2989 884 οὐκ
3001 831 3069 885 ἂν
3095 831 3433 904 ἠλευθέρωτο
3450 834 3684 907 ὓδρεωςο

2118 922 2181 976 οὐ
2208 921 2315 994 γὰρ
2341 922 2514 992 δήπου
2548 922 2753 992 μάρτυς
2781 920 2914 992 αὑτὴ
2944 922 3141 993 ἑαυτῆς
3157 923 3380 976 καὶτῶν
3406 926 3531 997 περὶ
3551 925 3687 998 αὐτῇ

2120 1012 2523 1083 πεπραγμένων
2554 1010 2863 1076 ἀξιόπιστος
2898 1008 2985 1083 ἦν·
3024 1013 3133 1066 οὐδ’
3165 1012 3230 1066 ἂν
3271 1015 3494 1082 ἐπείσθη
3538 1032 3623 1079 τις
3654 1016 3688 1088 ἢ

2118 1104 2349 1172 ἀγγέλου
2371 1102 2708 1171 ἐπιφάνειαν,
2727 1102 2820 1155 καὶ
2832 1102 2901 1156 τὰ
2928 1102 3064 1174 πρὸς
3084 1102 3252 1174 αὐτὴν
3274 1104 3536 1176 εἰρημένα
3552 1104 3693 1177 πρὸς

2117 1194 2211 1248 τοῦ
2244 1192 2480 1264 Γαϐριὴλ
2509 1192 2645 1263 αὐτῇ
2678 1192 3035 1266 διηγουμένη,
3068 1194 3177 1247 οὐδ’
3210 1192 3277 1247 ἂν
3322 1195 3559 1249 κύουσαν
3589 1196 3692 1267 ήδη

2119 1285 2434 1356 προσήκατο
2464 1284 2545 1347 είς
2558 1268 2647 1336 τὸν
2674 1282 2868 1336 ἑαυτοῦ
2888 1279 3035 1336 οἷκον
3081 1283 3297 1355 Ἰωσὴφ,
3316 1285 3453 1356 ἀνὴρ
3483 1284 3692 1349 δίκαιος

2119 1368 2257 1427 εἶναι
2295 1371 2801 1444 μεμαρτυρημένος·
2831 1371 3018 1443 διόπερ
3044 1372 3268 1436 εἰκότως
3297 1374 3359 1426 ού
3401 1372 3551 1445 παρὰ
3580 1378 3693 1439 τοίς

2118 1465 2293 1534 αὐτῆς
2325 1446 2592 1533 γονεῦσιν,
2618 1462 2730 1515 ἀλλ’
2760 1462 2860 1533 ήδη
2896 1464 3023 1531 παρ’
3047 1462 3195 1533 αὐτῷ
3224 1464 3489 1536 γενομένη
3522 1464 3691 1534 ὲγκύ-

2123 1573 2237 1626 μων
2271 1556 2371 1609 σὺν
2381 1552 2527 1623 αὐτῷ
2561 1553 2847 1624 γενομένη,
2866 1554 2993 1623 παρ’
3012 1552 3178 1622 αὐτὴν
3194 1553 3270 1617 ὡς
3284 1556 3454 1607 εἰπεῖν
3468 1555 3568 1626 τὴν
3595 1551 3691 1608 τοῦ

2119 1645 2299 1715 γάμου
2332 1642 2504 1709 τάξιν·
2553 1640 2659 1712 πρὸ
2688 1640 2799 1711 γὰρ
2839 1642 2933 1696 τοῦ
2977 1643 3251 1696 συνελθεῖν
3296 1645 3514 1709 αὐτοὺς,
3540 1644 3617 1709 ὡς
3654 1646 3689 1717 ή

2119 1734 2305 1805 Γραφὴ
2336 1734 2618 1804 μαρτυρεῖ,
2649 1730 2845 1802 εὑρέθη
2879 1731 2936 1783 ὲν
2960 1733 3157 1801 γαστρὶ
3189 1732 3407 1802 ἔχουσα.

455 1827 550 1883 sed
577 1825 722 1897 apud
777 1825 1075 1898 Josepltum
1138 1829 1364 1899 gravida
1410 1830 1551 1886 facta
1596 1842 1702 1899 est,
1741 1848 1806 1889 ac
1842 1832 2081 1889 maritali
2120 1828 2514 1902 propemodum
2551 1840 2700 1881 mere
2728 1843 2741 1880 :
2774 1835 3067 1895 antequam
3099 1827 3244 1881 enim
3309 1826 3690 1892 convenirent,

458 1928 515 1976 ut
571 1920 857 1992 Scriptura
901 1929 1167 1988 testatur,
1222 1924 1281 1978 in
1325 1933 1481 1981 utero
1530 1927 1742 1984 habens
1791 1929 2013 1985 inventa
2050 1937 2155 1984 est.

523 2013 580 2069 5.
619 2012 719 2069 Cui
749 2027 913 2083 porro
944 2013 1162 2070 inventa
1189 2022 1295 2081 est,
1319 2017 1426 2071 nisi
1452 2016 1727 2091 Josepho?
1772 2021 1885 2077 Cur
1913 2037 2012 2076 au-

2180 2023 2250 2085 γ’.
2285 2015 2401 2069 Τενι
2424 2014 2469 2069 δ’
2498 2013 2605 2086 ἄρα
2637 2012 2855 2086 εὑρέθη,
2877 2011 2990 2065 ἁλλ’
3024 2012 3056 2083 ἢ
3090 2011 3168 2084 τῷ
3208 2012 3440 2083 Ἰωσήφς
3479 2010 3597 2076 πῶς
3632 2011 3690 2066 δὲ

454 2111 565 2160 tem
607 2110 661 2159 et
710 2104 987 2175 quomodo
1035 2120 1127 2162 res
1192 2104 1433 2178 Josepho
1488 2121 1767 2182 comperta
1826 2113 2011 2179 fuerit,

455 2193 737 2264 Scriptura
767 2197 929 2251 docet
952 2195 1083 2251 dum
1118 2197 1217 2263 ait,
1251 2213 1281 2252 a
1326 2208 1520 2256 sancto
1552 2202 1760 2273 Spiritu
1807 2205 2017 2275 patefa-

450 2295 595 2341 ctam
621 2301 746 2345 esse
768 2287 1009 2360 Josepho
1030 2290 1183 2359 justo
1205 2291 1443 2361 homini;
1474 2295 1569 2365 qui
1595 2297 1667 2351 ob
1687 2297 1853 2352 hanci
1861 2313 2014 2368 psam

447 2376 720 2446 justitiam
749 2393 908 2434 suam
940 2380 1018 2435 nil
1048 2381 1251 2436 mirum
1282 2395 1368 2440 est
1414 2384 1462 2440 si
1513 2398 1546 2439 a
1587 2386 1777 2442 divino
1803 2385 2014 2458 Spiritu

452 2468 697 2537 adjutus,
729 2468 981 2541 conjugis
1014 2486 1140 2526 mox
1178 2471 1377 2529 futurae
1419 2478 1803 2546 conceptiones
1851 2479 2015 2535 intel-

454 2558 605 2621 lexit,
642 2565 806 2628 atque
834 2574 865 2612 a
914 2560 1150 2615 maritali
1183 2576 1481 2633 congressu
1532 2566 1820 2622 abstinuit.
1866 2569 2017 2624 Ilico

454 2650 622 2719 igitur
649 2666 708 2705 re
754 2652 973 2722 cognita
1016 2655 1243 2712 territus
1276 2656 1451 2711 voluit
1495 2660 1713 2715 occulte
1742 2659 2018 2718 dimittere

453 2738 677 2794 Mariam
714 2759 730 2791 :
756 2757 878 2811 quae
904 2744 1219 2800 acciderant
1247 2747 1454 2817 majora
1483 2748 1828 2815 existimans,
1852 2769 2016 2823 quam

454 2840 513 2885 ut
558 2833 675 2903 ipse
725 2848 851 2890 cum
900 2849 963 2890 ea
1010 2837 1261 2905 posthinc
1283 2849 1615 2897 versaretur.
1673 2842 1849 2915 Atque
1902 2846 2019 2902 haec

452 2939 623 2980 causa
656 2931 779 2992 fuit,
810 2930 1162 2997 quamobrem
1187 2932 1374 3000 justus
1402 2949 1528 2989 cum
1554 2943 1723 3001 esset,
1772 2937 1915 2993 haud
1944 2953 2019 2994 aa-

450 3032 619 3087 quum
653 3019 917 3087 judicavit
959 3038 1084 3078 eam
1117 3024 1400 3082 dill‘amare
1437 3045 1450 3081 :
1486 3029 1681 3083 maluit
1710 3036 1887 3085 autem
1918 3045 2016 3085 oc-

451 3109 597 3165 culte
624 3110 870 3167 eamdem
897 3111 1190 3170 dimittere.
1227 3113 1476 3173 Profecto
1497 3118 1566 3182 is,
1598 3120 1703 3175 nisi
1736 3119 1840 3176 sibi
1889 3135 2017 3191 per-

450 3200 745 3265 msisset,
779 3218 900 3257 eam
951 3204 1018 3259 de
1046 3219 1238 3263 sancto
1273 3206 1482 3278 Spiritu
1513 3211 1863 3283 concepisse;
1891 3228 2017 3267 cum

2118 2108 2214 2163 καὶ
2239 2107 2359 2160 τίνα
2389 2105 2586 2178 τρόπον
2612 2105 2839 2177 εὓρηται
2858 2103 3015 2157 τοῦτο
3033 2103 3112 2173 τῷ
3151 2104 3367 2174 Ἰωσὴφ,
3385 2104 3583 2173 ὁλόγος
3607 2103 3691 2157 δι-

2116 2199 2262 2263 δάξει
2293 2197 2419 2265 φὰς,
2442 2198 2507 2249 ὲκ
2539 2195 2855 2265 Πνεύματος
2879 2194 3032 2261 ἁγίου
3046 2193 3284 2253 γνωστὸν
3311 2192 3532 2262 γέγονεν
3550 2191 3695 2247 οὕτω

2118 2292 2212 2344 καὶ
2242 2289 2319 2360 τῷ
2358 2289 2575 2359 Ἰωσήφ
2602 2286 2806 2349 δίκαιος
2820 2282 2928 2353 γὰρ
2948 2279 3039 2354 ἦν’
3066 2284 3272 2347 δίκαιος
3295 2284 3353 2337 δὲ
3381 2284 3687 2355 τυγχάνων,

2118 2385 2178 2437 οὐ
2207 2383 2513 2453 θαυμαστὸν
2544 2384 2591 2435 εί
2620 2382 2713 2436 καὶ
2734 2381 2878 2435 θείου
2908 2380 3220 2451 Πνεύματος
3248 2381 3447 2449 ἠξίωτο
3479 2381 3613 2452 πρὸς
3629 2380 3691 2434 τὸ

2119 2479 2354 2528 συνεξναι
2378 2475 2475 2545 μὲν
2502 2473 2602 2543 τῆς
2630 2472 2925 2544 μελλούσης
2940 2471 3187 2543 γαμετῆς
3212 2470 3428 2541 κύησιν,
3444 2472 3690 2543 ἐπισχεῖν

2116 2567 2173 2620 δὲ
2200 2568 2297 2637 τὴν
2317 2566 2458 2620 κατὰ
2476 2565 2644 2636 ἄνδρα
2675 2564 2977 2618 κοινωνίαν.
3017 2563 3225 2617 Αὐτίκα
3255 2563 3437 2626 συνεὶς
3469 2563 3565 2617 καὶ
3588 2581 3691 2618 κα-

2116 2658 2413 2726 ταπλαγεὶς
2443 2656 2706 2728 ἐϐουλήθη
2732 2656 2905 2727 λάθρα
2943 2656 3209 2711 ἀπολῦσαι
3242 2657 3443 2729 αὑτήν·
3473 2655 3691 2728 μείζονα

2118 2750 2150 2820 ἢ
2174 2752 2314 2803 κατὰ
2339 2750 2439 2821 τὴν
2465 2750 2561 2803 σὺν
2590 2748 2742 2820 αύτῷ
2771 2748 3053 2821 διατριϐὴν
3076 2748 3147 2802 τά
3174 2748 3533 2821 πεπραγμένα
3550 2744 3689 2801 εἶναι

2117 2842 2471 2911 λογισάμενος
2490 2881 2502 2893 .
2523 2840 2634 2895 Καὶ
2658 2839 2815 2894 τοῦτο
2850 2839 2958 2911 ἄρα
2985 2835 3054 2911 ἦν
3088 2839 3151 2893 τὸ
3180 2838 3383 2904 αῐτισν,
3417 2840 3482 2894 δι’
3512 2839 3560 2905 δ,
3607 2840 3689 2893 δί-

2119 2950 2271 2996 καιος
2299 2930 2394 2996 ὢν,
2448 2932 2553 2985 οὐκ
2586 2931 2768 3003 ἔκρινε
2811 2931 2909 3002 μὲν
2939 2930 3146 2985 δῖκαιον
3177 2926 3315 2985 εἶναι
3347 2930 3690 3002 δειγματίσαι

2118 3024 2307 3095 αὐτὴν,
2344 3022 2607 3095 ἐϐουλήθη
2634 3021 2692 3076 δὲ
2721 3020 2895 3092 λάθρα
2920 3019 3189 3076 ἀπολῦσαι
3221 3020 3413 3091 αὒτήψ
3461 3021 3553 3074 καὶ
3582 3019 3689 3090 μὴν

2118 3119 2167 3170 εί
2194 3116 2267 3188 μὴ
2295 3116 2352 3184 ἐξ
2385 3116 2541 3184 ἁγίου
2574 3113 2886 3185 Πνεύματος
2931 3113 3189 3167 πέπειστο
3231 3110 3399 3181 αὐτὴν
3447 3110 3687 3178 συνειλη-

2120 3209 2300 3276 φέναι,
2325 3206 2564 3276 ἁκριϐὦς
2595 3206 2749 3271 εἰδὼς
2772 3207 2854 3260 ὃτι
2886 3205 3020 3278 μηδὲ
3049 3204 3107 3271 ἐξ
3151 3203 3314 3258 αὐτοῦ
3338 3202 3397 3255 τὸ
3423 3200 3563 3256 κατὰ
3587 3218 3686 3269 γα-

451 3292 622 3364 probe
646 3294 810 3349 sin'iul
838 3296 1003 3353 sciret
1029 3299 1274 3355 eamdem
1307 3315 1337 3353 a
1364 3315 1423 3356 se
1446 3301 1567 3356 viro
1626 3313 1842 3358 uterum
1901 3319 2011 3360 non

2123 3300 2281 3372 στρὺς
2314 3299 2497 3369 ἔφερε,
2530 3300 2582 3353 τί
2603 3298 2741 3370 δῆτα
2766 3298 2973 3361 δίκαιος
2998 3295 3115 3349 ove
3134 3295 3294 3365 ἁνὴρ,
3324 3294 3425 3348 οὐκ
3455 3295 3535 3356 είς
3554 3292 3686 3346 πάν-

450 3400 674 3456 gerere;
707 3387 801 3457 qui
842 3389 1060 3445 tandem
1094 3391 1210 3447 fieri
1249 3401 1484 3464 poterat,
1521 3404 1581 3451 ut
1609 3410 1742 3461 non,
1781 3411 1880 3467 pro
1905 3411 2019 3450 suae

2120 3369 2216 3454 τας
2248 3391 2456 3458 ἐξάγων
2485 3392 2585 3463 τὴν
2616 3369 3001 3462 διαφθαρεῖσαν
3032 3387 3137 3460 πρὸ
3167 3387 3346 3457 γάμου
3375 3386 3475 3458 τήν
3513 3385 3681 3455 ὥραν,

447 3476 681 3546 justitiat
713 3494 956 3548 munere,
996 3491 1127 3539 ante
1168 3486 1391 3556 nuptias
1438 3496 1753 3557 corruptam
1801 3487 2019 3559 publice

450 3567 712 3637 ediceret,
747 3580 912 3643 atque
941 3575 1012 3630 ob
1059 3577 1112 3630 id
1163 3578 1576 3649 magistratibus
1625 3580 1839 3636 idoneis
1866 3580 2019 3651 judi-

450 3660 679 3716 candam
711 3664 949 3722 traderet
969 3682 1039 3722 ac
1056 3667 1442 3726 dilfamandam
1459 3672 1482 3725 ?
1500 3672 1720 3743 Alioqui
1743 3674 2019 3743 quomodo

445 3752 632 3821 justus
664 3763 831 3820 esset,
880 3758 976 3828 qui
1004 3759 1072 3815 de
1112 3775 1173 3816 re
1218 3762 1384 3833 impia
1427 3766 1654 3835 tegenda
1680 3764 2020 3836 celandaque

450 3847 761 3915 satageret?
806 3847 970 3905 Certe
1016 3849 1315 3923 Josephum
1372 3853 1450 3908 ita
1501 3869 1561 3910 se
1612 3863 1913 3925 gerentem,
1948 3856 2019 3912 ab

447 3937 781 4008 evangelista
828 3938 1033 4010 justum
1070 3944 1355 4015 appellari,
1402 3961 1515 4002 non
1559 3954 1679 4001 erat
1727 3953 2021 4001 consenta-

448 4040 636 4080 neum.
669 4025 775 4083 Sed
818 4031 969 4087 enim
995 4035 1124 4104 quia
1158 4035 1277 4105 ipse
1320 4034 1922 4108 diviniorem'Virginis
1949 4037 2019 4092 de

450 4124 643 4172 saneto
671 4116 877 4188 Spiritu
905 4132 1234 4194 conceptum
1260 4125 1444 4193 novit;
1496 4134 1552 4181 et
1599 4127 1729 4197 quia
1767 4126 2015 4182 eamdem

449 4214 822 4284 augustiorem
853 4218 1209 4287 existimavit,
1235 4237 1399 4292 quam
1426 4232 1483 4278 ut
1514 4223 1619 4279 sibi
1653 4223 1865 4279 diutius
1888 4223 2019 4279 lice-

448 4310 533 4357 ret
561 4320 686 4360 cum
735 4306 826 4361 illa
882 4309 1171 4378 habitare;
1226 4324 1375 4370 recte
1416 4315 1627 4372 idcirco
1676 4314 2017 4385 evangelista

447 4389 607 4456 dicit,
636 4408 668 4447 a
695 4391 936 4467 Josepho
959 4406 1181 4469 captum
1208 4417 1334 4460 esse
1355 4405 1653 4462 consilium
1683 4404 1824 4458 clam
1853 4418 2019 4473 spon-

448 4497 564 4538 sam
595 4484 906 4543 dimittendi
929 4506 1106 4562 neque
1138 4492 1473 4552 diﬂ‘amatam
1504 4512 1536 4551 a
1569 4512 1629 4553 se
1660 4510 1841 4567 neque
1865 4497 2018 4566 obje-

447 4584 596 4633 ctam
627 4580 772 4651 vulgi
800 4585 1168 4643 sermonibus.
1200 4588 1345 4645 Bene
1372 4590 1539 4660 igitur
1577 4589 1647 4645 ab
1677 4588 2013 4661 evangelista

2117 3486 2231 3548 τοῖς
2255 3484 2322 3537 τὰ
2353 3484 2576 3538 τοιαῦτα
2606 3483 2810 3555 κρίνειν
2842 3481 3131 3555 παρεδίδου
3158 3480 3433 3554 δράσασαν
3459 3478 3685 3547 δειγμα-

2118 3573 2298 3639 τίσαι;
2327 3574 2443 3639 πῶς
2468 3574 2524 3627 δὲ
2557 3573 2762 3637 δίκαιος
2793 3574 2823 3626 ὁ
2858 3572 2956 3644 τὴν
2984 3572 3297 3644 παράνομον
3329 3568 3527 3641 πρᾶξιν
3569 3571 3691 3622 επι-

2121 3665 2365 3731 σκιάζειν
2410 3666 2503 3720 καὶ
2546 3665 2904 3737 ἐπικρύπτειν
2942 3662 3424 3737 προθυμούμενοςς
3452 3661 3563 3715 ἁλλ’
3591 3661 3691 3714 οὐκ

2118 3759 2266 3823 εἰκὸς
2292 3758 2382 3812 τδν
2402 3758 2784 3830 εύαγγελιστὴν
2813 3758 3019 3811 δίκαιον
3049 3757 3209 3811 αὐτὸν
3229 3756 3323 3808 ἐπὶ
3349 3753 3557 3818 τούτοις
3589 3752 3694 3823 φά-

2119 3868 2225 3916 ναι,
2242 3849 2379 3904 ἁλλὰ
2398 3850 2507 3922 γὰρ
2531 3847 2948 3920 συναισθόμενον
2970 3848 3059 3903 διὰ
3081 3848 3237 3917 ἁγίου
3258 3845 3403 3900 Πνεύ
3407 3862 3573 3917 ματος
3590 3845 3693 3916 τὴν

2119 3942 2396 4013 θειοτέραν
2428 3941 2527 4012 τῆς
2570 3940 2847 4014 Παρθένου
2886 3940 2987 4011 (2‘)
3022 3939 3301 4010 γεγονέναι
3337 3938 3552 4009 κύησιν,
3599 3937 3696 3990 xal.

2117 4034 2400 4106 κρείττονα
2412 4034 2510 4103 τῆς
2525 4034 2619 4088 σὺν
2631 4032 2778 4105 αὺτῷ
2790 4032 3073 4105 διατριϐῆς
3082 4035 3188 4105 ήγη
3197 4031 3427 4103 σάμενον
3442 4026 3579 4084 εἶναι
3594 4030 3697 4102 τήν

2116 4126 2446 4196 οἰκονομίαν,
2477 4126 2699 4183 εἰκότως
2740 4126 2904 4198 φησιν
2931 4124 3094 4180 αὐτὸν
3119 4122 3490 4193 διανενοῆσθαι
3517 4121 3694 4193 λάθρα

2116 4217 2386 4273 ἀπολῦσαι
2417 4218 2586 4289 αὐτὴν
2612 4218 2685 4290 μή
2715 4217 3185 4288 δειγματισθεῖσαν
3211 4217 3304 4270 ὑπ’
3325 4214 3511 4279 αὐτοῦ,
3559 4215 3695 4286 μηδὲ

2114 4314 2227 4376 τοῖς
2260 4311 2473 4375 πολλοῖς
2495 4309 2732 4381 φανερὰν
2757 4307 3054 4379 γενομένην
3076 4323 3090 4337 ·
3122 4300 3180 4359 εὖ
3228 4304 3358 4373 γοῦν
3387 4303 3482 4356 καὶ
3533 4303 3595 4356 τδ
3616 4305 3692 4377 μὴ

2118 4402 2287 4457 θέλων
2322 4401 2489 4471 αὐτὴν
2522 4398 2868 4471 δειγματίσαι
2897 4395 3149 4469 εἰρῆσθαι
3172 4394 3320 4447 δοκεῖ
3346 4394 3452 4446 ὑπὸ
3482 4393 3576 4446 τοῦ
3603 4394 3694 4446 εύ-

2119 4492 2464 4563 αγγελιστοῦ·
2495 4493 2555 4545 οὐ
2585 4492 2694 4563 γὰρ
2730 4490 2896 4561 ἔφησε
2935 4488 3009 4561 μὴ
3034 4486 3202 4541 θέλων
3245 4484 3413 4557 αὐτὴν
3446 4485 3700 4557 παραδει-

2115 4604 2151 4655 γ
2158 4604 2263 4657 ματ
2271 4586 2402 4649 ίσαι,
2417 4583 2554 4639 ἀλλὰ
2575 4585 2651 4657 μὴ
2663 4583 3007 4654 δειγματίσαι
3022 4582 3094 4651 (5)
3113 4579 3513 4649 θέλωνσπολλῆς
3526 4576 3696 4648 ούσης

444 4666 557 4764 dici
601 4671 839 4737 videtur,
885 4678 1030 4746 quod
1078 4695 1198 4736 eam
1246 4681 1532 4738 diﬂ‘amare
1582 4682 1842 4739 noluerit.
1892 4681 2016 4738 Non

2119 4682 2178 4732 ὲν
2202 4678 2410 4742 τούτοις
2435 4678 2699 4750 διαφορᾶς
2717 4695 2731 4707 ’
2759 4677 2835 4740 ὡς
2871 4676 2977 4750 γὰρ
3006 4675 3066 4729 οὑ
3100 4673 3297 4728 ταυτὸν
3328 4671 3599 4764 Ῠσημαίνει
3631 4671 3696 4725 τὸ

447 4762 593 4818 enim
627 4766 706 4820 ait
732 4767 927 4825 nolens
961 4785 1079 4826 cam
1123 4772 1415 4837 infamare,
1448 4774 1544 4831 sed
1575 4792 1595 4825 ι
1631 4773 1953 4839 dill'amare;
1990 4792 2010 4825 ι

2122 4770 2327 4842 γράψαι
2354 4769 2449 4823 καὶ
2473 4768 2854 4841 παραγράψαι,
2883 4768 2978 4822 καὶ
2997 4767 3058 4820 τὸ
3093 4763 3410 4834 λογίσασθαι
3451 4764 3546 4816 καὶ
3583 4779 3693 4815 παι

445 4871 679 4928 quorum
713 4862 1102 4919 vocabulorum
1155 4867 1325 4921 multa
1358 4876 1442 4923 est
1489 4867 1816 4925 diﬂ‘erentia.
1855 4864 2015 4920 Sicut

2125 4863 2533 4935 ραλογίσασθαι,
2571 4862 2665 4916 καὶ
2696 4862 2929 4933 ψηφίσαι
2963 4861 3057 4914 καὶ
3087 4858 3485 4929 παραψηφίσαυ
3524 4856 3696 4921 οὕτως

444 4952 591 5004 enim
624 4966 733 5008 non
783 4952 923 5008 idem
968 4956 1239 5028 significat
1272 4959 1515 5016 scribere
1557 4967 1612 5016 et
1647 4959 2011 5030 proscribere,

2120 4954 2240 5008 οὐδὲ
2258 4954 2319 5007 τὸ
2349 4952 2691 5025 δειγματίσαι
2715 4955 2808 5006 καὶ
2837 4949 3348 5025 παραδειγματίσαι·
3377 4947 3437 5000 τὸ
3466 4946 3564 5017 μὲν
3587 4949 3697 5020 γὰρ

446 5049 641 5112 putare
664 5052 721 5101 et
751 5043 1040 5116 imputare,
1074 5064 1268 5120 rogare
1300 5058 1356 5106 et
1382 5052 1680 5123 abrogare:
1710 5052 1792 5107 sic
1835 5066 2012 5122 neque

2122 5047 2639 5121 παραδειγματίσαι,
2668 5046 2769 5117 τὴν
2786 5047 2878 5099 ἐπὶ
2897 5044 3083 5107 κακῶς
3106 5043 3371 5114 πράξαντι
3393 5042 3473 5104 εἰς
3488 5041 3698 5104 πάντας

444 5130 731 5190 diffamare
757 5142 814 5190 et
843 5136 1111 5193 infamare
1144 5156 1158 5192 :
1192 5154 1427 5210 namque
1474 5141 1743 5197 infamare
1784 5140 1915 5196 facit
1955 5148 2015 5195 ut

2121 5139 2422 5210 φανέρωσίν
2479 5155 2540 5192 τε
2577 5139 2671 5193 καὶ
2716 5137 2969 5208 διαϐολήν
3014 5133 3306 5188 ὑποσάλλει
3337 5135 3496 5186 νοεῖν·
3531 5134 3592 5187 τὸ
3638 5132 3696 5189 δὲ

444 5222 751 5294 cogitemus
781 5224 852 5282 de
876 5228 1093 5297 publica
1124 5228 1362 5287 hominis
1387 5230 1616 5288 maleﬁci
1647 5232 2017 5303 patefactionc

2118 5232 2475 5303 δειγματίσαι,
2510 5230 2571 5285 τὸ
2601 5230 2835 5301 φανερὸν
2857 5227 3043 5291 ἁπλῶς
3072 5226 3314 5297 ποιῆσαι.

447 5327 515 5368 ac
565 5315 873 5385 delatione;
922 5319 1204 5376 diffamare
1253 5330 1435 5378 autem
1480 5322 1840 5393 patefaciendi
1891 5324 2595 5378 tantummodonotionem
2629 5322 2816 5377 habet.

517 5407 536 5441 ⁸
577 5406 736 5465 Deut.
771 5427 923 5479 uti,
955 5413 1046 5468 25.

514 5499 613 5575 (2⁸)
661 5502 780 5570 Τὴν
823 5505 1127 5575 θειοτέραν
1174 5505 1286 5575 τῆς
1331 5506 1660 5573 Παρθένου.
1705 5504 2020 5574 Legendum

2127 5503 2303 5575 codex
2351 5504 2584 5561 biblicus
2635 5504 2951 5562 Vaticanus.
3012 5520 3112 5558 nec
3160 5517 3267 5557 non
3305 5501 3692 5575 palimpsestus

442 5567 657 5651 videtur
708 5567 852 5651 esse,
873 5567 1080 5651 leviter
1098 5567 1433 5651 _i_mmut_ato'
1461 5577 1751 5651 verborum
1788 5567 2015 5637 'ordiue,
2126 5572 2491 5651 Dublittensis.
2523 5576 2679 5651 Apud
2708 5575 3049 5651 Sabaterium
3077 5567 3385 5651 consonant
3404 5571 3525 5624 cod.
3538 5567 3692 5651 ﬁan-

443 5637 687 5719 θειοέραν
706 5641 803 5719 τήν
839 5643 949 5719 τῆςΔ
970 5646 1267 5719 Παρθένου.
1302 5648 1464 5719 Εᾲριτ.
1678 5716 1689 5719 _
1905 5714 1921 5719 ,

2119 5644 2317 5719 tabrig.
2359 5637 2675 5719 prarpuldre.
2714 5644 2774 5700 S.
2811 5644 3177 5714 Augustinus,
3211 5640 3500 5706 divulqare,
3538 5638 3690 5712 Vigi-

444 5728 449 5737 “
517 5709 712 5785 (ἔθνεα
755 5709 1022 5770 Eusebius
1053 5709 1261 5779 diserte
1294 5716 1525 5771 affirmat
1566 5716 1853 5771 lectionem
1900 5714 2009 5767 δει-
2121 5715 2223 5769 lius
2259 5709 2446 5785 Taps.,
2471 5709 2731 5785 detegere.

448 5779 737 5848 γματίσαι,
762 5797 925 5850 quam
957 5785 1119 5840 habet
1146 5790 1307 5839 etiam
1331 5787 1745 5857 antiquissimus
1768 5787 2010 5841 omnium
