4112 6446
406 448 512 505 885

959 437 1414 511 QUESTIONES
1449 433 1906 492 EVANGELIC’IE
1944 456 1955 487 Α

2074 427 2511 488 STEPHANUM.
2551 454 2619 468 --
2656 422 2981 492 QUIESTIO
3020 422 3060 476 Ι.

3517 416 3621 473 886

476 558 539 612 δ’.
586 556 802 625 Ἐπειδὴ
822 553 877 607 δὲ
910 553 1097 607 τούτου
1127 550 1437 622 γενομένου,
1474 550 1522 601 εί
1541 547 1637 600 καὶ
1668 546 1842 616 λάθρα
1870 545 1955 597 αὐτ

2137 543 2191 597 4.
2235 540 2342 597 Sed
2376 540 2710 610 quia-tamen
2761 536 2876 591 ﬁeri
2926 550 3036 589 non
3076 539 3289 603 poterat
3318 538 3376 586 ut
3418 532 3622 591 multos

406 651 504 722 τὴν
526 646 863 709 άπολελύκει,
898 645 1073 717 μεῖξον
1104 640 1171 715 ἦν
1195 642 1256 696 τὸ
1285 642 1534 712 πρᾶγμα,
1562 639 1756 708 ῆκατὰ
1780 637 1842 689 τὸ
1866 636 1963 690 λα-

404 741 520 793 θετν
543 740 668 801 τοὺς
699 736 942 801 πολλοὺς,
973 726 1196 796 εἰκότως
1232 729 1458 792 ἐπιστὰς
1497 728 1627 799 ὄναρ
1670 731 1699 782 ὁ
1734 726 1962 796 ἄγγελος

406 831 508 903 ἔφη
528 830 605 903 τῷ
637 830 852 898 Ἰωσήφ
883 847 902 879 ι
944 826 1136 897 Ἰωσὴφ
1181 825 1377 895 Ἰωσὴφ
1405 822 1519 885 υίὸς
1543 820 1725 883 Δασὶδ,
1765 820 1840 892 μὴ
1870 837 1963 889 φοε

406 921 578 992 σηθῇς
605 918 933 988 παραλαϐεῖν
959 915 1191 987 Μαριὰμ
1223 913 1319 985 τὴν
1351 910 1586 980 γυναῖκά
1607 927 1699 963 σου
1725 909 1824 962 ’τὸ
1854 908 1962 980 γὰρ

407 1011 466 1062 ἐν
491 1011 626 1079 αὐτῇ
664 1004 917 1076 γεννηθὲν
943 1006 1012 1059 ὲκ.
1037 1002 1349 1073 Πνεύματός
1390 1004 1539 1054 ἐστιν
1577 1001 1637 1068 άγ
1653 999 1752 1053 ίου.
1792 1018 1809 1049 ι
1852 997 1962 1051 Καὶ

408 1096 505 1151 θέα
539 1114 601 1165 γε
628 1097 703 1159 ὡς
737 1093 950 1166 πρῶτον
974 1092 1087 1148 υἱὸν
1127 1092 1290 1147 Δαῆὶδ
1320 1089 1597 1151 ἀνακαλεῖς
1625 1089 1963 1157 ἀναπέμπων

406 1188 497 1240 sui.
518 1186 608 1240 τὸν
639 1186 978 1257 προπάτορα,
1001 1184 1087 1237 διά
1118 1184 1208 1237 τὸν
1236 1184 1309 1236 ὲκ
1322 1182 1633 1252 σπέρματος
1663 1178 1827 1232 Δαὸὶδ
1851 1181 1962 1242 τοῖς

402 1281 536 1333 πᾶσι
564 1276 1024 1347 προσδοκώμενον·
1050 1273 1173 1327 ἐπεὶ
1186 1272 1274 1326 διὰ
1305 1272 1357 1326 τί
1394 1273 1468 1343 μὴ
1498 1271 1612 1324 υἱὸν
1642 1269 1800 1323 αὐτὸν
1826 1268 1961 1339 ἐφη-

404 1385 496 1420 σεν
531 1365 748 1432 Ἰακώὸς
778 1360 929 1429 οὗτος
955 1360 1335 1436 γὰρῆν-αὺτοῦ
1373 1359 1515 1414 κατὰ
1551 1359 1735 1431 σάρκα
1757 1359 1960 1430 πατὴρ,

401 1458 478 1521 ὡς
512 1459 775 1529 μαρτυρεί
805 1458 834 1508 6
865 1453 1272 1524 εὐαγγελιστής·
1312 1471 1331 1504 ι
1361 1450 1586 1506 Ματθὰν
1610 1450 1667 1504 δὲ
1710 1450 1960 1522 ἐγέννησε

400 1548 492 1602 τὴν
537 1547 728 1602 Ἰακώϐ
750 1564 764 1577 ·
810 1546 999 1599 Ἰακὼὸ
1019 1546 1075 1599 δὲ
1098 1543 1467 1615 ὲγέννησετὸν
1505 1542 1720 1611 Ἰωσήφ·
1748 1560 1767 1593 ι
1793 1540 1887 1593 νῦν
1903 1540 1962 1593 δὲ

400 1640 596 1710 παρεὶς
626 1638 721 1692 τοῦ
757 1638 959 1708 πατρὸς
1007 1637 1105 1708 τὴν
1160 1637 1377 1706 μνήμην
1408 1675 1424 1699 ,
1472 1632 1566 1687 τοῦ
1622 1632 1962 1703 προπάτορος

399 1730 820 1801 ὑπομιμνήσκει·
857 1726 1134 1799 μονονουχὶ
1173 1725 1449 1796 σημαίνων
1481 1724 1556 1787 ὡς
1592 1722 1699 1794 ἄρα
1729 1725 1757 1776 6
1788 1724 1959 1792 ἐπηγ-

398 1821 656 1892 γελμένος
681 1818 756 1890 τῷ
784 1818 966 1884 Δαϐὶδ,
987 1813 1139 1880 οὗτος
1151 1813 1225 1885 ἦν.
1249 1819 1279 1870 6
1304 1814 1617 1887 παραδόξως
1637 1815 1674 1869 6.
1689 1812 1762 1885 μὴ
1781 1810 1840 1877 ἐξ
1864 1812 1960 1867 αὐ-

397 2020 506 2067 νος·
541 2004 730 2057 ἔπειτα
755 2001 973 2072 δὲαύτῷ
998 2001 1217 2073 θαρσεῖν
1249 1996 1681 2071 παρακελεύεται
1709 1996 1781 2050 δι’
1804 1997 1861 2052 6v
1886 1993 1962 2050 εῖ-

399 2112 492 2166 χεν
508 2095 687 2165 φόόον·
723 2096 821 2165 οὐχ
847 2094 876 2146 6
892 2092 1084 2163 τυχὼν
1114 2090 1225 2162 γὰρ
1245 2089 1407 2159 φόϐος
1425 2085 1493 2160 ἦν
1514 2086 1662 2160 αὐτῷ
1680 2087 1961 2144 συναισθοτ·

400 2184 545 2255 μένῳ
580 2185 653 2256 μὴ
682 2184 739 2252 ἐξ
766 2184 955 2256 ἀνδρὸς
984 2181 1306 2253 κεκυηκέναι
1336 2179 1434 2251 τὴν
1457 2180 1695 2253 Μαρίαν·
1727 2179 1961 2235 κᾶπειτα

396 2275 823 2330 αὐτὸνδιδάσκει
866 2275 963 2344 οὐχ
992 2274 1021 2327 6
1050 2273 1125 2345 μὴ
1164 2272 1368 2343 ἠγνόει,
1411 2271 1545 2326 ἀλλὰ
1579 2270 1673 2324 τοῦ
1702 2271 1805 2327 καὶ·
1827 2271 1961 2343 πρό-

391 2383 548 2438 τερον
580 2366 1016 2436 γιγνωσκομένου
1051 2364 1149 2434 τὴν
1181 2364 1379 2418 αίτίαν·
1415 2363 1563 2431 λέγει
1602 2362 1649 2415 δ’
1677 2358 1792 2415 οὖν·
1832 2380 1851 2413 ι
1888 2360 1960 2417 Ἰῖδ

392 2459 502 2529 γὰρ
533 2461 593 2512 ὲν
618 2460 753 2532 αὑτῇ
783 2458 1057 2530 γεννηθὲν,
1088 2460 1152 2511 ὲκ
1184 2457 1497 2530 Πνεύματός
1517 2459 1661 2512 ἐστιν
1690 2455 1861 2524 ἁγίου.
1900 2474 1918 2506 ι

464 2680 524 2732 e".
572 2678 801 2751 Τοιαύτη
847 2697 932 2743 τις
971 2680 1065 2734 καὶ
1105 2679 1340 2751 τοσαύτη
1378 2679 1628 2750 γενέσθαι
1681 2677 1958 2749 οἰκονομία

392 2771 531 2844 ὑπὲρ
558 2771 652 2824 τοῦ
688 2771 869 2825 λαθεῖν
896 2772 991 2843 τὴν
1019 2775 1118 2844 τῆς
1151 2771 1417 2844 παρθένου
1449 2770 1641 2841 κύησιν
1672 2771 1797 2833 τοὺς
1827 2768 1956 2822 ἀπί-

393 2879 571 2927 στους,
597 2864 660 2918 ἐκ
683 2862 782 2935 τῆς
798 2863 945 2927 θείας
961 2863 1317 2933 ὑποφαίνεταί
1350 2881 1437 2935 μοι
1464 2862 1702 2935 Γραφῆς·
1733 2861 1828 2915 καὶ
1849 2859 1955 2932 γὰρ

389 2950 491 3004 οὐκ
530 2950 597 3004 ἂν
645 2951 932 3023 ἐπιστεύθη
966 2954 1163 3025 ῥαδίως
1189 2956 1216 3008 ὁ
1242 2953 1399 3022 λόγος
1445 2951 1597 3023 παρὰ
1639 2954 1753 3014 τοῖς
1799 2948 1957 3003 τοῦτο

390 3041 699 3109 ἀκούωσιν,
731 3043 901 3117 ἄνδρα
935 3063 996 3098 τε
1022 3046 1182 3099 αὐτὸν
1205 3046 1334 3116 ἡμῖν
1350 3041 1654 3115 ὁμοιοπαθῆ
1681 3041 1743 3094 τὸ
1775 3039 1952 3110 σῶμα,

390 3136 484 3190 καὶ
502 3137 623 3191 κατ’
651 3135 800 3190 οὐδὲν
834 3137 931 3208 τὴν
964 3135 1161 3207 θνητὴν
1179 3135 1337 3205 φύσιν
1357 3133 1799 3207 παραλλάττοντα
1818 3131 1954 3184 θεων

393 3226 602 3294 μένοις·
639 3226 693 3279 τί
728 3225 836 3299 γάρ
883 3227 933 3280 εί
988 3227 1081 3280 καὶ
1116 3225 1255 3297 μετὰ
1296 3224 1467 3279 ταῦτα
1516 3220 1954 3294 παραδοξοποιῶν

2065 648 2128 688 ea
2159 647 2246 687 res
2267 632 2481 695 lateret,
2513 628 2728 684 etiamsi
2754 626 2982 680 Mariam
3004 621 3275 693 Josepbus
3304 621 3446 676 clam
3471 621 3622 679 dese-

2063 722 2602 789 ruisset,,commode
2629 720 2855 791 angelus
2880 732 2977 788 per
3019 715 3294 771 somnium
3321 713 3450 771 huic
3471 715 3622 771 obla-

2067 822 2157 869 tus
2184 816 2258 868 ait
2293 832 2307 868 :
2361 831 2380 863 ι
2420 810 2621 881 Ioseph
2657 808 2859 878 Ioseph
2909 806 2982 865 ﬁli
3029 803 3271 868 Davidis,
3427 802 3621 860 timeas

2063 906 2315 975 accipere
2346 902 2569 957 Mariam
2589 900 2869 971 coniugem
2901 907 3049 953 tuam
3077 917 3090 952 :
3117 897 3259 967 quod
3287 895 3430 950 enim
3468 894 3525 949 in
3556 910 3619 950 ea

2061 1007 2248 1052 natum
2273 1003 2378 1058 est,
2404 995 2475 1051 de
2497 994 2927 1065 Spiritu-sancto
2944 998 3030 1047 est
3053 992 3095 1042 ³.
3130 1009 3149 1041 ι
3177 988 3244 1044 Et
3268 986 3469 1043 videsis
3503 993 3561 1042 ut
3589 1001 3620 1040 a

2064 1088 2334 1158 principio
2355 1087 2525 1142 ﬁlium
2559 1085 2776 1140 Davidis
2799 1084 2947 1138 hunc
2972 1081 3227 1152 appellat,
3252 1079 3461 1134 scilicet
3475 1093 3621 1133 eum-

2062 1179 2185 1233 dem
2214 1189 2482 1231 revocans
2520 1175 2585 1229 ad
2627 1172 3027 1243 progenitorem
3061 1184 3163 1238 ope
3210 1168 3358 1231 illius
3398 1181 3557 1237 quem
3589 1180 3619 1217 a

2062 1268 2294 1323 Davidis
2338 1281 2537 1338 genere
2582 1280 2775 1319 omnes
2821 1259 3231 1331 exspectabant.
3267 1258 3483 1329 Alioqui
3520 1272 3621 1312 cur

2063 1376 2169 1416 non
2212 1375 2338 1416 eum
2367 1357 2556 1413 Jacobi
2589 1356 2757 1410 ﬁlium
2789 1353 3055 1411 dixisset?
3102 1351 3203 1409 Hic
3240 1351 3381 1405 enim
3412 1357 3529 1405 erat
3555 1348 3622 1402 il-

2062 1453 2186 1509 lius.
2218 1457 2413 1506 natura
2468 1449 2764 1520 proximus.
2796 1454 2972 1516 pater,
3027 1451 3166 1499 teste
3218 1442 3549 1514 evangelista
3601 1460 3615 1496 :

2068 1563 2088 1596 ι
2129 1542 2443 1597 Matthanus
2474 1548 2655 1594 autem
2705 1537 2893 1608 genuit
2922 1534 3186 1591 Iacobum
3208 1533 3488 1602 ;.Jacobus
3521 1550 3621 1591 au-

2060 1642 2169 1689 tem
2215 1631 2401 1703 genuit
2444 1627 2759 1698 losephum.
2800 1647 2818 1678 ι
2872 1625 3028 1680 Nunc
3069 1641 3221 1690 vero,
3251 1626 3620 1695 prietermissa

2062 1725 2236 1798 patris
2265 1724 2562 1786 mentione,
2590 1720 2990 1791 progenitorem
3029 1724 3446 1784 commemorat;
3489 1733 3619 1787 pro-

2060 1818 2351 1890 pemodum
2380 1814 2713 1887 signiﬁcans,
2744 1811 2836 1880 qui
2863 1809 3050 1866 Davicli
3085 1810 3389 1880 promissus
3417 1807 3618 1872 fuerat,

278 1945 283 1949 -
396 1913 512 1979 τοῦ,
545 1912 613 1965 ὲκ
633 1911 946 1980 Πνεύματος
971 1909 1026 1962 δὲ
1047 1909 1201 1977 ἁγίου
1236 1907 1341 1960 ὑπὸ
1359 1906 1458 1976 τῆς
1484 1905 1703 1975 Μαρίας
1732 1902 1955 1975 κυούμε-

2064 1913 2211 1969 hunc
2251 1926 2373 1966 esse
2419 1923 2580 1980 quem
2627 1904 2937 1975 prodigiose
2983 1913 3038 1957 et
3087 1901 3207 1957 sine
3241 1903 3353 1956 ullo
3397 1902 3622 1973 Iosephi

2062 2002 2258 2069 oliicio,
2308 2002 2405 2059 sed
2436 2001 2503 2056 de
2549 1997 2756 2068 Spiritu
2805 2002 2999 2052 sancto
3053 1993 3223 2050 Maria
3274 2002 3621 2064 conceperat.

2061 2094 2270 2151 Deinde.
2310 2109 2434 2150 eum
2464 2091 2620 2162 jubet
2671 2089 2949 2150 timorem,
2997 2101 3108 2156 quo
3149 2091 3436 2154 correptus
3475 2091 3615 2148 erat,

2060 2186 2354 2241 dimittere.
2386 2181 2505 2237 Non
2534 2180 2692 2237 enim.
2710 2179 2771 2233 in
2796 2176 3059 2234 mediocri
3089 2173 3410 2230 versabatur
3431 2172 3619 2227 formi-

2059 2278 2209 2339 dine,
2263 2275 2393 2330 dum
2443 2279 2729 2343 reputaret
2748 2268 2895 2324 haud
2923 2283 2989 2322 ex
3017 2266 3138 2320 viro
3176 2261 3455 2335 gravidam
3496 2276 3620 2319 esse

2060 2365 2309 2423 Mariam.
2333 2363 2469 2418 Exin
2491 2359 2739 2418 eumdem
2763 2359 2923 2413 docet
2946 2371 3055 2411 non
3084 2353 3226 2425 quod
3260 2367 3371 2408 non
3402 2353 3620 2423 ignora-

2060 2457 2175 2522 bat,
2197 2454 2293 2511 sed
2321 2451 2641 2525 prmcogniti
2667 2464 2910 2505 causam.
2943 2447 3033 2502 Ait
3077 2446 3242 2518 igitur
3270 2464 3283 2500 :
3324 2462 3344 2497 ι
3378 2442 3535 2512 Quod
3562 2445 3621 2502 in

2058 2564 2122 2604 ea
2143 2555 2329 2603 natum
2358 2555 2460 2611 est,
2489 2544 2556 2598 de
2580 2540 2785 2613 Spiritu
2811 2548 2998 2594 sancto
3018 2546 3122 2593 est.
3155 2555 3175 2589 ι

2130 2660 2183 2715 5.
2224 2658 2355 2713 Tale
2393 2656 2526 2713 mihi
2575 2663 2894 2723 tantumque
2921 2652 3182 2721 agitatum
3225 2647 3518 2704 consilium
3548 2662 3635 2700 ex.

2058 2751 2259 2809 divinis
2279 2749 2476 2804 litteris
2502 2755 2744 2818 apparet,
2765 2754 2985 2816 propter
3032 2740 3418 2797 occultandum
3444 2739 3627 2794 inero-.-

2057 2844 2203 2902 dulis
2230 2849 2553 2911 conceptum
2578 2838 2824 2910 virginis.
2860 2835 3049 2907 Neque
3079 2836 3224 2889 enim
3249 2833 3408 2889 facile
3436 2831 3618 2887 credi-

2057 2934 2168 2990 turi
2211 2941 2390 2996 erant,
2444 2931 2538 3002 qui
2591 2942 2895 2985 sermonem
2940 2924 3211 2996 ejusmodi
3268 2923 3518 2979 audirent
3549 2922 3616 2977 de

2055 3025 2277 3083 homine
2298 3024 2436 3079 mira
2458 3030 2791 3084 narrantem,
2821 3034 2981 3089 quem
3011 3032 3164 3088 amne
3191 3031 3257 3071 ac
3279 3030 3381 3071 nos
3404 3016 3618 3071 inﬁrmo

2056 3132 2287 3190 corpore
2325 3122 2627 3183 naturaque
2654 3111 2800 3167 haud
2829 3109 3084 3167 dissimili
3125 3107 3414 3180 praeditum
3465 3106 3617 3161 vidc-

2055 3222 2197 3268 rent.
2228 3208 2411 3277 Quid?
2434 3207 2646 3264 etiamsi
2668 3205 2924 3274 deinceps
2948 3198 3109 3258 Iesus
3136 3199 3397 3255 miracula
3424 3198 3614 3261 edens,

390 3292 483 3372 καὶ
514 3318 614 3384 τάς
636 3292 850 3374 ἐνθέους
877 3292 1196 3391 εὐεργεσίας
1214 3320 1294 3382 είς
1322 3318 1549 3381 πολλοὺς
1573 3292 1826 3372 ἐκτείνων
1867 3314 1955 3382 ἐξ·

2057 3302 2407 3372 divinamque
2433 3298 2544 3356 vim
2573 3295 2874 3353 beneﬁcam
2902 3308 3029 3365 erga
3060 3292 3262 3348 multos
3291 3304 3617 3361 expromens

388 3410 618 3483 ἐπληττε
650 3413 775 3474 τοὺς
815 3411 1084 3483 ὁρῶνταςς
1130 3410 1250 3480 οὐχὶ
1289 3409 1346 3462 δὲ
1377 3411 1471 3464 καὶ⁵
1500 3410 1740 3479 Μωῦσῆς
1784 3409 1955 3466 πολλὰ

388 3502 896 3573 θαυματουργήσας,
916 3501 1014 3570 τῆς
1034 3501 1218 3571 κοινῆς
1241 3502 1389 3571 ὅμως
1403 3501 1668 3568 γενέσεως
1688 3501 1958 3572 οὐκὴμοί-

391 3607 503 3663 ρει;
539 3591 720 3655 Ἠλίας
751 3609 832 3658 τε,
854 3592 946 3646 καὶ
974 3592 1293 3655 Ἐλισσαῖος,
1310 3594 1402 3644 καὶ
1432 3594 1460 3644 6
1490 3591 1677 3656 καθεῖς
1700 3591 1806 3645 τῶν
1824 3610 1957 3664 προ-

388 3681 609 3753 φητῶνς,
636 3683 786 3736 οὐδὲν
818 3679 911 3737 οὗν
943 3682 1078 3754 πρὸς
1107 3682 1168 3735 τὸ
1204 3682 1277 3753 μὴ
1312 3682 1377 3749 ἐξ
1427 3682 1617 3756 ἀνδρὸς
1643 3683 1961 3755 νομίζεσθαι,

385 3775 476 3827 τὸν
520 3774 724 3845 Ἰησοῦν
762 3778 795 3848 ἡ
827 3775 934 3829 τῶν
972 3774 1271 3847 τεραστίων
1304 3773 1484 3845 ἔργων
1517 3774 1771 3839 ἐπίδειξις
1806 3774 1954 3846 αὐτῷ

388 3865 755 3921 συνεϐάλλετο·
791 3868 986 3921 αὐτίκα
1021 3868 1071 3920 oi
1105 3867 1223 3922 κατ’
1255 3865 1414 3919 αὐτὸν
1445 3865 1553 3921 οὐδ’
1590 3864 1718 3919 ἄλλο
1745 3882 1799 3919 τι
1827 3863 1956 3936 περὶ

386 3958 487 4029 τῆς
531 3958 795 4026 γενέσεως
826 3957 987 4012 αὐτοῦ
1037 3955 1447 4028 φανταζόμενοι,
1481 3955 1681 4027 καίπερ
1711 3955 1780 4009 τὰ
1817 3955 1954 4028 δρώ-

392 4065 527 4118 μενα
548 4047 639 4100 ὑπ’
656 4048 817 4101 αὐτοῦ
842 4048 1092 4119 ὁρῶντες,
1128 4047 1311 4117 ελεγον
1337 4046 1472 4117 πρὸς
1496 4043 1774 4114 ἀλλήλους·
1812 4063 1831 4096 ι
1849 4045 1953 4098 Πό-

387 4138 478 4191 θεν
506 4139 679 4209 τούτῳ
710 4141 859 4191 πᾶσα
887 4139 920 4208 ἡ
955 4136 1114 4206 σοφία
1141 4134 1279 4207 αὕτη
1309 4137 1403 4189 καὶ
1448 4137 1502 4188 αἱ
1528 4134 1815 4204 δυνάμεις;
1853 4133 1952 4203 οὐχ

383 4220 537 4293 οὗτός
555 4230 701 4283 ἐστιν
720 4229 750 4282 6
770 4228 864 4282 τοῦ
903 4228 1150 4290 τέκτονος
1175 4227 1317 4293 υίός;
1356 4227 1476 4298 οὐχὶ
1507 4226 1542 4297 ἡ
1578 4225 1760 4295 μήτηρ
1789 4222 1951 4277 αὐτοῦ

382 4318 598 4390 λέγεται
639 4320 860 4389 Μαρία;
886 4321 979 4373 καὶ
1009 4320 1058 4372 οί
1095 4318 1312 4388 ἀδελφοὶ
1343 4314 1531 4380 αὐτοῦ,
1565 4314 1820 4379 Ἰάκωϐος
1856 4313 1951 4367 καὶ

395 4410 586 4484 Ἰωσὴφ
604 4413 698 4466 καὶ
720 4411 903 4483 Σίμων
929 4412 1021 4465 καὶ
1052 4410 1284 4476 Ἰούδας
1318 4409 1411 4462 καὶ
1440 4409 1497 4461 αί
1530 4406 1755 4476 ἀδελφαὶ
1785 4404 1950 4459 αὐτοῦ

381 4504 503 4573 οὐχὶ
529 4504 698 4556 πᾶσαι
724 4504 860 4574 πρὸς
888 4504 1036 4573 ἡμᾶς
1068 4504 1172 4556 είσι
1198 4519 1214 4569 ;
1252 4521 1271 4553 ι
1310 4500 1420 4554 Καὶ
1449 4497 1635 4553 ἄλλοτε
1661 4498 1823 4552 πάλιν
1848 4495 1949 4567 τῆς

388 4594 591 4666 μητρὸς
606 4593 828 4647 καὶτῶν
852 4593 1093 4662 ἀδελφῶν
1122 4592 1370 4647 ἑστώτων
1384 4621 1389 4627 -
1403 4590 1507 4657 ἔξω
1537 4590 1629 4643 καὶ
1646 4589 1949 4662 ζητούντων

260 4682 265 4683 ⁷
381 4685 607 4756 λαλῆσαι
627 4685 794 4757 αὐτῷ,
829 4682 953 4738 εἶπέ
983 4704 1066 4750 τις
1090 4684 1239 4756 αὐτῷ
1279 4702 1294 4715 ·
1346 4703 1366 4736 ι
1409 4686 1539 4740 Ἰδοὺ
1573 4687 1604 4757 ἡ
1637 4686 1819 4755 μήτηρ
1856 4699 1952 4736 σου

383 4776 479 4831 καὶ
502 4777 551 4830 oi
581 4776 803 4847 ἀδελφοί
830 4794 922 4830 σου
948 4779 1240 4849 ἑστήκασιν
1272 4777 1396 4845 ἔξω,
1420 4779 1545 4833 ἰδεῖν
1569 4795 1628 4830 σε
1648 4777 1909 4839 θέλοντες.
1926 4795 1944 4827 ι

384 4868 496 4921 Καὶ
514 4868 567 4921 τί
602 4868 908 4939 θαυμαστὸν
934 4870 1023 4922 ὅτε
1056 4870 1150 4924 καὶ
1172 4871 1219 4922 οἱ
1241 4868 1405 4922 αὐτοῦ
1440 4869 1678 4939 μαθηταὶ
1692 4870 1787 4921 καὶ
1817 4868 1951 4920 ἀπό-

385 4962 561 5015 στολοι
593 4962 974 5034 ἐρωτηθέντες,
1002 4983 1021 5015 ι
1049 4963 1179 5016 Τίνα
1225 4981 1291 5033 με
1311 5003 1325 5025 ,
1361 4964 1553 5034 φησὶν,
1577 4959 1634 5015 ὀἱ
1677 4960 1951 5035 ἄνθρωποι

381 5051 625 5122 λέγουσιν
646 5069 660 5118 ;
687 5073 704 5105 ι
725 5054 1107 5125 ἀπεκρίναντο,
1124 5055 1200 5118 ὡς
1216 5054 1323 5126 ἄρα
1339 5057 1385 5108 οἱ
1409 5055 1505 5124 μὲν
1521 5054 1771 5124 Ἰωάννην
1789 5051 1950 5106 αὐτὸν

382 5141 521 5197 εἶναι
551 5142 829 5214 ἡγοῦνται,
858 5147 915 5197 οἴ
938 5145 994 5198 δὲ
1037 5145 1245 5209 Ἠλίαν,
1278 5147 1327 5199 oi
1360 5146 1457 5215 μὲν
1493 5146 1782 5215 Ἰερεμίαν,
1815 5145 1867 5196 οἱ
1893 5144 1952 5197 δὲ

374 5236 569 5307 ἔτερόν
614 5253 737 5291 τινα
782 5236 890 5290 τῶν
955 5238 1267 5309 προφητῶν·
1338 5237 1681 5310 ἐρωτώμενοι
1726 5236 1782 5289 δὲ
1830 5235 1952 5291 τίνα

386 5326 512 5381 ποτὲ
537 5329 632 5382 καὶ¹
668 5328 821 5382 αὐτοὶ
859 5328 1018 5393 δόξαν
1051 5328 1230 5398 έχουσι
1270 5329 1397 5400 περὶ
1430 5327 1618 5391 αὐτοῦ,
1657 5329 1708 5381 οί
1751 5325 1951 5390 πάντες

381 5415 794 5488 άπεσιώπησαν,
817 5417 892 5483 ὡς
916 5418 1015 5471 οὐκ
1039 5417 1456 5488 ἔχοντεςείπεϊν·
1479 5417 1638 5487 μόνου
1661 5416 1717 5468 δὲ
1742 5414 1947 5486 Πέτρου

382 5508 666 5577 φήσαντος,
697 5509 771 5572 ὼς
793 5508 901 5580 ἄρα
921 5508 1082 5572 αὐτὸς
1097 5508 1183 5578 εἴη
1202 5510 1230 5560 ὀ
1246 5508 1476 5581 Χριστὸς
1500 5509 1534 5560 6'
1550 5506 1684 5570 ’Υἱὸς
1701 5504 1794 5559 τοῦ
1810 5503 1944 5558 Θεοῦ

377 5597 472 5650 τοῦ
504 5597 722 5663 ζῶντος,
758 5600 853 5651 ἆτε
886 5599 1030 5669 μόνῳ
1071 5598 1217 5669 αὐτῷ
1247 5596 1404 5652 τοῦτο
1433 5595 1728 5665 γνωσθέντι
1758 5592 1950 5661 ἐπιφέ-

383 5705 464 5759 ρει
483 5688 654 5757 λέγων
673 5706 686 5720 ·
721 5710 739 5741 ι
761 5691 1046 5761 Μακάριος
1068 5686 1147 5743 εἴ.
1178 5689 1359 5743 Σίμων
1388 5687 1493 5760 βὰρ
1507 5688 1678 5749 Ἰωνᾶ,
1695 5687 1776 5740 ὅτι
1812 5682 1949 5756 σὰρξ

454 5845 473 5873 ⁹
514 5841 697 5900 Matth.
735 5863 771 5915 ι,
797 5849 891 5905 20.

2057 3395 2288 3467 perculit
2313 3390 2655 3449 cernentium
2706 3388 2948 3452 animos;
2999 3400 3181 3441 nonne
3227 3382 3464 3455 Moyses,
3518 3382 3614 3453 qui

2056 3491 2227 3545 multa
2259 3486 2395 3542 mira
2428 3483 2577 3548 fecit,
2610 3489 2790 3536 tamen
2823 3477 3129 3532 communis
3160 3475 3463 3530 nativitatis
3493 3489 3617 3543 par,-

2060 3582 2238 3650 ticeps
2278 3576 2425 3632 fuit?
2480 3577 2719 3643 itemque
2764 3568 2912 3623 Elias
2952 3575 3114 3638 atque.
3157 3565 3404 3629 Elisams,
3458 3573 3620 3634 atque

2057 3671 2332 3743 prophetae
2353 3665 2589 3738 singuli?
2610 3662 2752 3719 Nihil
2777 3661 2945 3731 igitur
2968 3659 3222 3729 proderat
3245 3655 3618 3727 prodigiorum

2054 3762 2246 3825 editio,
2294 3757 2590 3830 quominus
2633 3752 2794 3808 Jesus
2844 3749 3159 3805 crederetur
3213 3748 3331 3801 viro
3379 3745 3620 3817 genitus.

2059 3854 2270 3924 Beapse
2312 3848 2564 3905 homines
2615 3845 2762 3901 illius
2794 3843 2995 3905 aetatis,
3046 3840 3180 3895 nihil
3217 3838 3497 3893 insolitum
3552 3839 3620 3895 de

2054 3944 2339 4002 nativitate
2386 3940 2507 4010 ejus
2566 3936 2955 4007 suspicantes,
3004 3943 3314 4003 quanquam
3368 3927 3618 3997 ejusdem

2054 4038 2198 4092 facta
2221 4031 2581 4104 aspiciebant,
2609 4029 2687 4083 ita
2707 4024 3161 4096 colloquebantur
3197 4039 3212 4077 :
3248 4040 3266 4073 ι
3301 4019 3456 4076 Unde
3488 4019 3620 4079 huic

2053 4130 2233 4186 omnis
2262 4122 2531 4196 sapientia
2558 4122 2674 4176 haec
2703 4126 2763 4174 et
2786 4115 3056 4173 virtutes?
3091 4129 3272 4170 nonne
3304 4112 3393 4167 hic
3422 4118 3507 4167 est
3539 4110 3621 4165 fa.-

2053 4221 2139 4277 bri
2169 4216 2351 4273 ﬁlius?
2375 4228 2558 4270 nonne
2582 4220 2759 4266 mater
2799 4210 2920 4280 ejus
2951 4206 3159 4263 dicitur.
3191 4202 3396 4270 Maria;
3427 4209 3482 4257 et
3508 4201 3616 4256 l'ra-

2052 4318 2166 4365 tres
2197 4307 2318 4378 ejus
2343 4303 2584 4360 Jacobus
2623 4309 2678 4358 et
2709 4298 2982 4370 Iosephus
3006 4303 3062 4352 et
3092 4292 3281 4349 Simon
3308 4299 3364 4347 et
3404 4288 3574 4345 Judas
3595 4291 3621 4343 ?

2053 4402 2292 4470 itemque
2320 4411 2540 4455 sorores
2563 4394 2687 4466 ejus
2711 4406 2890 4449 nonne
2904 4403 3096 4446 omnes
3118 4384 3262 4457 apud
3285 4400 3386 4441 nos
3404 4385 3567 4438 sunt?
3594 4402 3613 4436 ι

2054 4495 2273 4550 ltursus
2299 4491 2439 4545 alias
2460 4497 2637 4544 matre
2663 4486 2786 4557 ejus
2816 4481 3188 4550 fratribusque
3209 4485 3368 4534 extra
3398 4474 3620 4531 concio-

2052 4600 2176 4641 nem
2208 4582 2501 4645 stantibus,
2555 4593 2681 4634 cum
2732 4589 2915 4646 eoque
2946 4571 3098 4642 loqui
3147 4568 3483 4633 volentibus,
3543 4567 3622 4624 ait

2055 4674 2325 4748 quidam:
2372 4689 2398 4723 ι
2430 4671 2511 4725 En
2539 4683 2749 4741 parens
2778 4673 2873 4721 tua
2901 4663 3210 4734 fratresque
3237 4661 3315 4715 tui
3356 4658 3491 4714 foris
3524 4658 3622 4713 ad-

2053 4775 2207 4835 sunt,
2233 4775 2397 4837 teqne
2428 4764 2607 4820 visere
2661 4760 2891 4831 cupiunt
2909 4757 2951 4811 ³.
2984 4777 3004 4808 ι
3036 4754 3149 4810 Νεε
3177 4753 3416 4817 mirum;
3453 4749 3622 4821 siquis

2054 4862 2178 4917 dem
2225 4859 2390 4915 etiam
2442 4850 2700 4925 discipuli
2754 4859 2918 4922 atque
2968 4849 3201 4920 apostoli
3251 4842 3428 4915 rogati
3457 4842 3525 4897 ab
3553 4856 3619 4899 eo

2054 4968 2216 5024 quem
2258 4967 2318 5008 se
2363 4963 2487 5005 esse
2529 4946 2781 5002 homines
2831 4944 3099 5008 dicerent,
3146 4935 3556 5008 responderunt
3602 4952 3616 4989 :

2060 5023 2086 5100 «ί
2121 5046 2259 5102 Aliis
2281 5050 2405 5100 eum
2431 5040 2605 5097 videri
2626 5037 2913 5100 Joannem,
2937 5034 3061 5088 aliis
3081 5030 3274 5093 Eliam,
3306 5026 3430 5082 aliis
3466 5023 3621 5081 εἰει-ε-

2055 5136 2244 5197 miam,
2274 5132 2396 5188 aliis
2432 5130 2600 5184 alium
2631 5130 2700 5185 de
2725 5122 3009 5198 prophetis
3031 5122 3078 5175 ⁸.
3120 5139 3139 5172 ι
3172 5117 3496 5186 Rursusque
3527 5129 3622 5170 ro.-

2054 5222 2164 5292 gati
2194 5234 2359 5290 quem
2391 5225 2448 5274 et
2465 5218 2572 5289 ipsi
2601 5231 2663 5273 se
2690 5230 2814 5272 esse
2842 5215 3122 5283 putarent,
3144 5207 3379 5263 silebant
3407 5205 3616 5271 cuncti,

2054 5312 2192 5368 nihil
2223 5311 2407 5373 dicere
2462 5309 2729 5365 habentes
2775 5324 2791 5360 :
2842 5317 3094 5374 unusque
3138 5298 3333 5355 Petrus
3365 5295 3461 5357 ait,
3492 5311 3617 5351 eum

2052 5421 2177 5462 esse
2197 5404 2481 5461 Christum
2508 5400 2607 5458 Dei
2646 5396 2880 5456 viventis
2909 5394 3131 5449 Filium.
3156 5390 3371 5460 Quippe
3401 5396 3456 5443 et
3489 5388 3617 5444 huic

2054 5499 2172 5562 nni,
2211 5504 2469 5565 tanquam
2499 5492 2576 5546 rei
2598 5489 2846 5553 conscio,
2876 5481 3168 5556 respondit
3191 5479 3353 5539 Jesus
3386 5498 3401 5534 :
3434 5497 3452 5529 ι
3484 5478 3621 5537 Bea-

2053 5596 2147 5644 tus
2176 5604 2258 5653 es,
2289 5585 2476 5641 Simon
2504 5580 2793 5645 bar-Iona,
2822 5578 2951 5649 quia
2984 5590 3117 5631 caro
3158 5582 3213 5630 et
3242 5572 3469 5644 sanguis
3507 5586 3614 5627 non

2057 5680 2315 5736 revelavit
2343 5676 2462 5741 tibi,
2496 5673 2593 5729 sed
2613 5671 2778 5728 Pater
2804 5683 2958 5725 meus
2980 5666 3075 5738 qui
3103 5664 3345 5721 inrcmlis
3383 5670 3467 5720 est
3501 5661 3561 5717 ’.η
3590 5681 3610 5715 ο

1055 5844 1075 5876 ³
1114 5842 1300 5899 Matth.
1338 5858 1449 5908 xu,
1487 5841 1573 5898 47.
1651 5816 1682 5873 δ’
1711 5839 1903 5894 Matth.
1942 5854 2062 5905 xvr,
2108 5837 2191 5891 l3.
2267 5837 2288 5865 ⁸
2332 5831 2518 5887 Matth.
2561 5845 2647 5883 xvr
2676 5869 2688 5891 ,
2728 5828 2817 5883 l7.
