4112 6454
529 421 636 477 887

1183 418 1451 476 EUSEBll
1491 416 1974 475 CESARIENSIS
2011 416 2160 472 OPP.
2205 414 2381 472 PARS
2422 415 2508 471 ΙΙΙ.
2538 448 2602 457 -—-
2641 415 3050 474 EXEGE'I'ICA.

3660 424 3767 480 888

525 537 704 595 Testis
741 540 866 592 item
903 537 1094 604 Maria,
1127 554 1186 594 se
1213 539 1453 609 cogitatu
1475 547 1688 595 secreto
1721 539 1864 608 apud
1894 553 1951 593 se
1972 552 2068 607 qua

2199 536 2290 588 καὶ
2321 532 2461 606 αἷμα
2491 537 2590 592 οὐκ
2615 537 2926 606 ἀπεκάλυψὲ
2955 555 3058 601 σοι,
3095 538 3204 590 ἀλλ’
3235 540 3262 592 6
3302 539 3492 610 Πατήρ
3521 556 3620 610 μου
3653 541 3682 592 6
3707 543 3767 594 ὲν

522 641 672 700 gesta
714 630 930 686 fuerant
961 633 1322 687 continuisse.
1377 631 1468 686 Ait
1516 633 1698 700 itaque
1735 631 2016 701 Scriptura
2070 649 2084 684 :

2193 629 2305 690 τοῖς
2332 629 2595 698 οὐρανοῖς.
2631 647 2650 681 ι
2684 631 2968 702 Μαρτυρεῖ
2995 631 3053 684 δὲ
3086 631 3178 683 καί
3207 632 3239 700 ἡ
3273 632 3461 701 Μαρία
3494 631 3647 701 βαθεῖ
3676 633 3766 686 λο-

529 745 548 773 ι
592 722 758 778 Maria
791 733 973 781 autem
1006 727 1373 780 conservabat
1407 729 1587 781 omnia
1613 726 1775 782 verba
1808 725 1922 780 haec
1955 739 2068 779 con-

2190 717 2374 788 γισμῷ
2430 720 2560 789 παρ’
2604 720 2771 791 ἑαυτῇ
2815 721 3061 791 κατέχειν
3097 721 3174 775 ’τά
3226 722 3585 792 γεγενημέναο
3630 726 3764 795 φησὶ

521 821 702 874 ferens
729 819 785 872 in
807 817 970 872 corde
998 834 1099 871 suo
1125 821 1161 869 ⁸.
1209 841 1222 865 ι

591 994 644 1047 6.
691 991 864 1063 lgitur
892 993 1328 1050 demonstratum
1357 1005 1462 1058 est,
1495 996 1703 1049 utiliter
1733 1010 1830 1064 per
1859 994 1913 1050 id
1943 1002 2083 1050 tem-

522 1102 623 1158 pus
645 1087 1062 1155 conceptionem
1086 1085 1215 1142 Jesu
1246 1086 1312 1141 de
1335 1095 1528 1142 sancto
1561 1085 1768 1157 Spiritu
1807 1085 1946 1155 apud
1966 1087 2084 1140 vul-

515 1193 618 1247 gus
646 1175 814 1232 fuisse
841 1179 1093 1232 celatam.
1130 1176 1398 1246 Josephus
1429 1185 1606 1232 autem
1640 1179 1694 1232 in
1736 1178 1976 1248 parentis
1998 1177 2083 1230 lo-

515 1285 642 1323 cum
673 1278 993 1339 assumptus
1029 1277 1133 1333 est,
1172 1269 1245 1323 ita
1295 1278 1356 1324 ut
1408 1272 1604 1326 merito
1637 1279 1896 1342 tanquam
1929 1273 2083 1341 pueri

515 1363 731 1432 genitor
767 1362 822 1416 in
858 1361 1174 1432 genealogia
1233 1370 1552 1430 poneretur.
1621 1363 1679 1417 ld
1729 1364 1833 1419 nisi
1895 1361 2078 1426 ﬁebat,

515 1453 672 1507 nullo
729 1461 954 1523 parente
984 1460 1302 1507 censeretur
1335 1469 1490 1522 puer,
1531 1452 1692 1522 cujus
1734 1462 1965 1507 stemma
2013 1453 2081 1507 ab

515 1545 610 1599 illo
649 1561 759 1599 non
788 1546 1184 1600 deduceretur:
1231 1561 1352 1616 qua:
1383 1561 1470 1599 res
1502 1547 1555 1598 in
1582 1545 1914 1614 impietatem
1947 1545 2081 1599 mul-

514 1645 601 1692 tos
641 1637 1019 1706 pertraxisset,
1058 1637 1102 1692 si
1155 1637 1225 1691 ob
1275 1638 1351 1692 rei
1405 1637 1977 1718 t'eraalignorantiam,
2013 1638 2081 1693 de

513 1729 791 1782 natalibus
839 1729 960 1798 ejus
998 1729 1141 1788 haud
1202 1728 1432 1784 honeste
1501 1730 1790 1787 sentirent.
1859 1729 2080 1785 Utiliter

512 1823 697 1889 itaque
725 1830 778 1874 et
811 1820 946 1875 fabri
980 1819 1624 1889 lilius,etappellatorum
1649 1823 1884 1878 liliorum
1908 1824 2078 1879 frater

511 1909 727 1964 habitus
756 1920 858 1965 est.
914 1909 1225 1980 thuidem
1282 1913 1398 1983 ipse
1439 1913 1582 1969 Deus
1641 1911 1880 1970 Verbum
1929 1917 2074 1972 haud

509 2017 570 2055 se
601 2002 868 2057 hominem
913 2018 1035 2058 esse
1086 2003 1350 2072 negabat:
1406 2005 1515 2060 imo
1556 2005 1844 2077 discipulis
1882 2008 2073 2078 praeci-

511 2092 710 2172 piebat,
748 2109 816 2148 ne
867 2096 956 2147 cui
1009 2095 1256 2151 dicerent
1285 2113 1409 2151 eum
1467 2113 1526 2153 se
1571 2114 1714 2162 esse,
1750 2115 1910 2169 quem
1947 2116 2076 2172 pro-

509 2163 682 2252 pheta:
719 2195 1013 2240 venturum
1059 2188 1399 2252 cecinerant,
1438 2198 1662 2246 unctum
1697 2190 1867 2248 Dei":
1900 2209 2075 2264 neque

506 2273 652 2327 enim
686 2274 844 2329 (idem
878 2277 1123 2348 plerique
1159 2290 1314 2333 erant
1344 2283 1672 2356 arrogaturi,
1701 2283 1791 2352 qui
1823 2299 1946 2338 eum
1973 2285 2075 2340 hu-

506 2365 618 2418 mili
655 2366 907 2422 indutum
967 2370 1151 2438 specie
1206 2370 1482 2426 videbant.
1554 2370 1645 2426 Sic
1686 2373 1740 2426 in
1781 2375 1871 2428 illa
1907 2376 2074 2431 etiam

506 2466 770 2512 montana
802 2459 1286 2530 transﬁguratione
1315 2477 1533 2518 rursum
1583 2465 1861 2519 mandavit
1907 2467 2074 2522 disci-

507 2549 652 2619 pulis
701 2557 760 2603 ut
787 2549 964 2605 visum
994 2551 1199 2606 nemini
1241 2552 1508 2619 dicerent,
1558 2553 1731 2610 donec
1766 2555 1938 2612 Filius
1967 2558 2072 2613 ho-

505 2639 672 2694 minis
722 2654 752 2692 a
813 2640 1050 2696 mortuis
1123 2652 1438 2714 resurgeret
1462 2643 1505 2697 ⁸.
1574 2643 1813 2700 Pronum
1872 2650 2074 2718 quippe

502 2738 621 2784 erat
658 2741 716 2784 ut
753 2732 908 2786 multi
934 2731 1002 2784 de
1030 2734 1322 2789 comtaneis
1349 2749 1418 2790 ne
1447 2734 1501 2788 id
1548 2735 1766 2805 quidem
1807 2737 1908 2792 sibi
1950 2754 2072 2808 per-

505 2823 723 2878 suaderi
758 2832 1094 2894 paterentur.
1155 2825 1313 2892 Quod
1346 2827 1393 2880 si
1431 2826 1545 2881 haec
1572 2843 1682 2896 non
1712 2829 1924 2897 putavit
1954 2833 2072 2885 vul-

509 2915 712 2986 ganda,
771 2918 946 2972 multo
1002 2919 1180 2989 magis
1214 2919 1457 2988 oportuit
1509 2921 1709 2974 natalia
1753 2923 1820 2976 de
1861 2923 2074 2993 virgine

503 3017 637 3064 tunc
668 3009 724 3064 in
753 3011 956 3082 pepulo
988 3011 1379 3082 reticeri:qu:e
1405 3013 1693 3068 commodo
1713 3013 1908 3070 deinde
1931 3024 2071 3071 temo

503 3119 636 3172 pure
692 3119 910 3157 omnem
961 3103 1028 3158 de
1089 3119 1154 3162 eo
1201 3106 1485 3162 veritatem
1547 3114 1704 3162 erant
1755 3116 2067 3166 ostensura.

510 3193 756 3265 Tempus
795 3203 978 3251 autem
1032 3198 1380 3253 commodum
1439 3197 1682 3254 futurum
1738 3209 1878 3264 erat,
1945 3219 2137 3282 cumc

501 3287 620 3356 ipse
653 3302 683 3340 a
715 3288 949 3344 mortuis
995 3299 1328 3360 resurgeret,
1367 3300 1420 3346 et
1467 3307 1595 3347 cum
1625 3293 1681 3346 in
1724 3295 1922 3349 caelum
1975 3311 2067 3351 as-

505 3388 832 3447 sumeretur,
861 3389 914 3436 et
949 3396 1074 3436 cum
1106 3384 1296 3439 orbem
1328 3391 1600 3442 terrarum
1634 3385 1777 3444 fama
1806 3388 1927 3458 ejus
1949 3400 2068 3444 tan-

501 3489 668 3544 quam
699 3473 792 3529 Dei
830 3472 995 3529 Verbi
1030 3475 1392 3545 pervaderet;
1441 3494 1566 3532 cum
1611 3479 1846 3549 denique
1878 3488 2066 3552 gentes

496 3574 848 3632 vocarentur,
897 3583 960 3622 ac
1004 3569 1188 3623 divina
1224 3570 1374 3626 illius
1423 3573 1648 3627 oracula
1681 3574 1886 3628 exitum
1927 3590 2064 3630 nan-

495 3658 858 3726 eiscerentur;
887 3674 1072 3714 rerum
1122 3660 1336 3716 scilicet
1367 3673 1565 3718 eventu
1609 3665 1890 3734 prasagiis
1917 3668 2066 3736 ejus-

495 3749 620 3803 dem
682 3765 746 3804 ac
796 3750 1244 3820 praedictionibus
1304 3750 1466 3807 ﬁdem
1514 3753 1858 3824 perspicuam
1927 3755 2065 3825 adji-

493 3840 694 3894 ciente.

566 3929 617 3982 7.
657 3930 838 4002 Atque
876 3931 1021 4001 apud
1063 3941 1264 3988 nostrae
1299 3934 1520 4004 quidem
1564 3937 1743 3992 aetatis
1789 3937 2060 4003 homines,

492 4021 588 4096 qui
623 4015 806 4076 rerum
844 4023 1005 4077 ﬁdem
1046 4039 1076 4077 a
1125 4025 1427 4092 majoribus
1468 4034 1818 4096 acceperunt,
1861 4029 2064 4098 quique

491 4114 700 4169 Christi
747 4115 1120 4170 conditionem
1169 4117 1294 4186 plus
1339 4131 1503 4186 quam
1558 4117 1846 4173 mortalem
1893 4118 2063 4176 fuisse

494 4206 703 4270 sciunt,
754 4206 965 4276 reliqua
999 4223 1218 4277 quoque
1257 4208 1454 4262 merito
1504 4209 1557 4262 in
1607 4208 1863 4265 confesso
1910 4221 2058 4276 sunt,

494 4296 694 4351 nedum
739 4296 1040 4352 nativitatis
1077 4298 1816 4367 mysteriumzverumtamen
1874 4301 2061 4372 inclyti

492 4387 843 4458 evangelista:
879 4391 1194 4445 necessario
1231 4397 1363 4446 tunc
1399 4387 1697 4460 Josephum
1757 4392 1812 4445 in
1859 4409 2059 4463 genea-

494 4479 637 4545 logia
689 4489 1014 4550 posuerunt,
1063 4486 1156 4552 qui
1205 4481 1460 4536 videlicet
1504 4483 1574 4556 ab
1620 4482 1875 4540 omnibus
1927 4485 2058 4543 Jesu

2189 809 2318 877 γοῦν
2351 811 2384 880 ὴ
2418 810 2640 880 Γραφήθ
2702 832 2718 863 ι
2762 812 2825 864 Ἦ
2857 811 2915 865 δὲ
2947 814 3134 884 Μαρία
3167 814 3344 868 πάντα
3382 817 3662 886 συνετήρει
3691 817 3764 871 τὰ

2190 899 2408 969 ῥήματα
2444 899 2615 952 ταῦτα
2647 900 3027 972 συμϐάλλουσα
3047 904 3104 954 ὲν
3133 905 3198 972 τῇ
3227 903 3422 975 καρδίᾳ
3446 905 3633 976 αὐτῆς.
3666 925 3684 957 ι

2262 997 2331 1055 ς’.
2365 990 2573 1044 Οὐκοῦν
2600 992 2974 1046 ἀποδέδεικται
3010 995 3090 1046 ὅτι
3132 996 3413 1066 χρησίμως
3439 999 3557 1050 κατ’
3585 1000 3761 1052 ἐκεῖνο

2186 1081 2400 1152 καιροῦ,
2429 1085 2461 1152 ἡ
2490 1083 2584 1152 μὲν
2613 1082 2672 1147 ἐξ
2699 1084 2853 1152 ἁγίου
2876 1085 3189 1156 Πνεύματος
3213 1087 3307 1141 τοῦ
3341 1089 3513 1159 Ἰησοῦ
3543 1090 3760 1157 γένεσις

2186 1173 2338 1244 παρά
2368 1175 2478 1236 τοῖς
2509 1173 2720 1238 πολλοῖς
2752 1176 3123 1242 ἀπεσιωπᾶτο,
3146 1181 3174 1232 6
3199 1179 3255 1231 δὲ
3297 1180 3490 1252 Ἰωσὴφ
3520 1183 3576 1235 ἐν
3605 1181 3760 1254 χώρᾳ

2184 1266 2390 1336 πατρὸς
2429 1265 2905 1338 παρελαμϐάνετο·
2940 1271 3161 1334 εἰκότως
3219 1267 3310 1325 οὖν
3360 1274 3390 1326 6
3435 1275 3617 1344 πατὴρ
3659 1274 3755 1328 τοῦ

2184 1358 2373 1420 παιδὸς
2402 1359 2832 1427 ὲγενεαλογεῖτο’
2877 1362 2924 1414 εί
2968 1361 3025 1415 δὲ
3057 1358 3150 1416 οὖν
3190 1364 3265 1434 μὴ
3295 1364 3451 1418 τοῦτο
3491 1366 3752 1435 ἐγεγόνει,

2181 1450 2410 1522 ἀπάτωρ
2444 1451 2510 1504 ἂν
2534 1452 2790 1524 ἐνομίσθη
2822 1454 2850 1505 6
2884 1456 3011 1518 παῖς
3043 1456 3116 1525 μὴ
3162 1457 3227 1510 ὲκ
3268 1458 3473 1529 πατρὸς
3506 1460 3756 1526 γενεαλο-

2181 1542 2476 1613 γούμενοςο
2524 1544 2682 1597 τοῦτο
2727 1544 2784 1598 δὲ
2831 1547 2913 1608 είς
2960 1547 3212 1601 ἀσέϐειαν
3262 1549 3468 1618 ἤγαγεν
3515 1550 3581 1604 ἂν
3626 1551 3753 1613 τοὺς

2181 1635 2426 1700 πολλοὺς,
2451 1637 2500 1690 οἳ
2528 1636 2595 1689 δι’
2624 1636 2843 1704 ἄγνοιαν
2867 1637 2965 1708 τῆς
2996 1640 3124 1710 περὶ
3148 1641 3209 1692 τὸ
3234 1643 3464 1712 πρᾶγμα
3495 1642 3750 1713 ἀληθείας

2179 1723 2517 1795 ὲδυσφήμουν
2543 1725 2642 1796 τὴν
2674 1727 2884 1793 γένεσιν
2903 1743 2917 1756 ·
2955 1727 3237 1798 χρησίμως
3262 1725 3354 1782 οὖν
3401 1730 3496 1783 καὶ
3534 1731 3628 1784 τοῦ
3658 1731 3748 1786 τέρ

2180 1831 2366 1878 κτονος
2401 1815 2555 1886 (υἱὸς)
2587 1816 2682 1869 καὶ
2715 1817 2821 1869 τῶν
2852 1816 3254 1888 ὠνομασμένων
3286 1820 3490 1874 τέκνων
3523 1821 3748 1892 ἀδελφὸς

2109 1883 2150 1938 Β
2177 1883 2570 1976 ἐχρημάτιζεν·
2625 1906 2744 1958 ἐπεὶ
2801 1907 2895 1960 καὶ
2942 1883 3276 1977 Θεὸς-Λόγος
3305 1908 3401 1975 ὢν,
3433 1911 3532 1964 οὑκ

2176 1999 2318 2049 νεῖτο
2350 1995 2538 2049 ἑαυτὸν
2576 1991 2712 2050 εἶναι
2752 1996 3054 2068 ἄνθρωπον,
3087 1999 3221 2054 ἀλλά
3265 2001 3358 2058 καὶ
3405 2002 3745 2074 παρήγγελλε

2174 2091 2285 2152 τοῖς
2340 2088 2528 2142 ἑαυτοῦ
2566 2089 2834 2160 μαθηταῖς
2873 2092 2956 2148 ἵνα
2991 2092 3177 2163 μηδενὶ
3203 2093 3444 2158 εἴπωσιν,
3472 2096 3552 2148 ὅτι
3584 2096 3746 2160 αὐτὸς

2175 2179 2262 2248 εἴη
2304 2181 2332 2232 ό
2380 2179 2544 2233 πάλαι
2586 2179 2721 2252 πρὸς
2752 2182 2861 2234 τῶν
2905 2184 3198 2254 προφητῶν
3233 2181 3385 2256 ἥξειν
3421 2185 3690 2256 βοώμενος
3717 2191 3747 2242 6

2175 2272 2406 2342 Χριστὸς
2421 2271 2513 2324 τοῦ
2541 2272 2696 2325 Θεοῦ·
2727 2274 2786 2326 οὐ
2817 2273 2925 2346 γάρ
2969 2273 3035 2328 ἂν
3061 2276 3180 2329 οὐδὲ
3209 2277 3530 2334 ἐπίστευσαν
3547 2281 3594 2332 οἱ
3616 2281 3744 2334 πολ-

2173 2363 2255 2417 λοὶ
2285 2365 2391 2418 τῶν
2438 2365 2558 2418 τότε
2606 2365 2890 2436 θεωμένων
2936 2369 3097 2422 αὑτὸν
3126 2369 3338 2434 εὐτελὲς
3367 2372 3552 2442 σχῆμα
3592 2390 3748 2444 περι-

2175 2457 2338 2528 6ε6λη
2350 2458 2534 2527 μένον·
2565 2457 2707 2512 οὕτω
2738 2459 2794 2512 δὲ
2823 2460 2916 2513 καὶ
2959 2460 3050 2513 ἐπὶ
3093 2461 3189 2531 τῆς
3223 2463 3282 2515 ὲν
3326 2462 3401 2534 τῷ
3439 2463 3553 2533 ὄρει
3581 2482 3743 2534 μετα-

2177 2550 2508 2620 μορφώσεως
2535 2551 2835 2604 ἐνετείλατο
2886 2552 3047 2605 πάλιν
3091 2556 3203 2617 τοῖς
3243 2555 3434 2608 ἑαυτοῦ
3479 2557 3743 2629 μαθηταῖς

2174 2640 2344 2708 λέγων
2363 2659 2374 2670 ·
2407 2659 2425 2691 ι
2463 2641 2666 2711 Μηδενὶ
2711 2643 2902 2712 εἴπητε
2918 2642 2977 2694 τὸ
3002 2642 3181 2714 ὅραμα
3213 2644 3316 2708 ἕως
3343 2638 3403 2697 οὗ
3435 2648 3464 2699 6
3498 2647 3622 2710 Υἱὸς
3648 2645 3741 2700 τοῦ

2174 2730 2457 2802 ἀνθρώπου
2475 2733 2537 2785 ὲκ
2554 2734 2759 2804 νεκρῶν
2786 2735 2989 2805 ἀναστῇ
3010 2751 3023 2764 ο
3067 2755 3083 2784 ›
3118 2737 3262 2800 εἰκὸς
3288 2737 3396 2807 γὰρ
3427 2737 3560 2808 μηδὲ
3588 2738 3742 2791 τοῦτο

2174 2823 2455 2877 πιστεῦσαι
2483 2822 2591 2878 τῶν
2621 2825 2738 2878 τότε
2767 2826 2892 2889 τοὺς
2925 2827 3176 2890 πολλοὺς·
3209 2829 3255 2879 εί
3285 2827 3341 2881 δὲ
3365 2828 3534 2882 ταῦτα
3563 2829 3636 2899 μὴ
3663 2829 3742 2893 είς

2175 2913 2403 2985 φανερὸν
2428 2915 2582 2985 ἥκειν
2613 2914 2844 2986 ἔκρινεν,
2873 2912 2908 2986 ἧ
2937 2917 3036 2970 πού
3073 2935 3134 2986 γε
3157 2919 3226 2972 τά
3258 2920 3357 2990 τῆς
3383 2921 3446 2972 ἐκ
3472 2920 3742 2993 παρθένου

2173 3008 2436 3073 γενέσεως
2496 3009 2912 3064 ἀποσιωπᾶσθαι
2955 3010 3016 3062 τὸ
3066 3011 3360 3082 τηνικαῦτα
3423 3013 3575 3084 παρά
3629 3016 3741 3077 τοῖς

2174 3096 2384 3159 πολλοῖς
2415 3097 2599 3167 ἐχρῆν,
2635 3099 2714 3161 είς
2743 3099 3040 3169 ἐπιτήδειον
3071 3100 3256 3169 καιρὸν
3284 3099 3379 3171 τῆς
3413 3101 3539 3170 περὶ
3574 3100 3738 3154 αὐτοῦ

2173 3187 2428 3258 ἀληθείας
2457 3189 2931 3260 ἀναφανησόμεναο
2979 3185 3127 3254 οὗτος
3171 3190 3226 3243 δὲ
3275 3186 3341 3262 ἦν
3369 3191 3397 3242 ό
3425 3192 3523 3262 τῆς
3551 3193 3615 3244 ὲκ
3650 3210 3740 3246 νε-

2173 3279 2318 3349 κρῶν
2357 3279 2702 3342 ἀναστάσεως
2740 3279 2923 3344 αὑτοῦ,
2951 3281 3042 3334 καὶ
3076 3279 3172 3349 τῆς
3199 3281 3276 3343 είς
3315 3281 3572 3343 οὐρανοὺς
3600 3283 3728 3334 ἀνσ-

2172 3371 2402 3439 λήψεως,
2435 3371 2534 3440 τῆς
2578 3389 2635 3426 τε
2669 3374 2747 3435 εἰς
2793 3373 2964 3426 πάντα
3000 3372 3086 3424 τὸν
3129 3371 3328 3442 κόσμον
3378 3372 3453 3434 ὼς
3495 3371 3560 3426 ἀν
3603 3372 3730 3442 περὶ

2170 3462 2337 3530 Λόγου
2371 3462 2502 3515 Θεοῦ
2533 3463 2929 3534 διαδραμούσης
2975 3464 3100 3534 περὶ
3147 3463 3308 3517 αὑτοῦ
3358 3467 3568 3536 φήμης·
3603 3465 3631 3516 ὃ
3674 3483 3734 3518 τε

2170 3553 2263 3622 τῆς
2288 3552 2396 3605 τῶν
2428 3552 2594 3607 ἐθνῶν
2624 3553 2885 3624 κλήσεως,
2917 3552 3034 3606 καθ’
3082 3553 3138 3606 ὃν
3176 3555 3269 3605 καὶ
3299 3555 3350 3605 αἱ
3388 3553 3527 3606 θεῖαι
3572 3554 3734 3606 αὐτοῦ

2169 3646 2340 3713 φωναὶ
2372 3644 2523 3707 τέλος
2556 3644 2876 3716 ἐλάμϐανον,
2910 3644 2974 3698 τὰ
3025 3644 3131 3698 τῶν
3180 3644 3537 3716 προγνώσεων
3575 3642 3736 3697 αὺτσῦ

2166 3736 2261 3790 xui.
2291 3738 2647 3808 προρρήσεων
2691 3735 2777 3789 διὰ
2814 3736 2912 3804 τῆς
2950 3735 3056 3788 τῶν
3097 3735 3433 3806 πραγμάτων
3465 3733 3738 3797 ἐκϐάσεως

2165 3836 2408 3907 ἐναργῶς
2440 3836 2812 3898 πιστούμεναι.

2165 3974 2169 3978 .
2235 3927 2299 3992 ζ’.
2350 3929 2474 3993 Τοῖς
2524 3932 2653 3998 γοῦν
2699 3930 2819 3984 καθ’
2870 3931 3014 4001 ἡμᾶς
3055 3931 3224 3983 ταῦτα
3278 3929 3738 4001 παραδεξαμένοις

2165 4020 2258 4072 καὶ
2288 4021 2384 4092 τὴν
2428 4022 2567 4092 ὑπὲρ
2610 4021 2893 4093 ἄνθρωπον
2942 4021 3104 4074 αὑτοῦ
3151 4023 3308 4090 φύσιν
3350 4021 3736 4089 ὲπεγνωκόσιν,

2164 4113 2386 4177 εἰκότως
2415 4116 2484 4168 τά
2512 4133 2570 4168 τε
2595 4115 2756 4170 λοιπὰ
2779 4116 2871 4168 καὶ
2895 4115 2964 4169 τά
2986 4116 3085 4186 τῆς
3110 4116 3372 4184 γενέσεως
3405 4114 3570 4166 πιστά
3598 4109 3737 4167 εἶναι

2162 4208 2529 4277 ὁμολογεῖται·
2566 4208 2703 4279 πλὴν
2753 4207 2866 4262 ἀλλ’
2917 4209 2965 4260 οἱ
3017 4206 3308 4279 θαυμάσιοι
3359 4203 3737 4273 εὐαγγελισταὶ

2161 4298 2471 4367 ἀναγκαίως
2500 4298 2623 4351 τότε
2654 4299 2800 4370 παρά
2817 4299 3086 4361 Ἰουδαίοις
3117 4300 3204 4351 τὸν
3242 4297 3436 4367 Ἰωσὴφ
3462 4294 3739 4364 ἐγενεαλό-

2163 4407 2292 4458 γουν
2322 4390 2482 4442 αὐτὸν
2510 4391 2711 4443 ἐκεῖνον
2739 4391 2830 4444 τὸν
2858 4391 3004 4463 παρά
3038 4391 3169 4447 πᾶσι
3203 4388 3471 4460 βοώμενον
3505 4386 3596 4440 τοῦ
3630 4387 3739 4456 ’ῐηο

2164 4478 2258 4531 σοῦ
2296 4479 2536 4550 πατέρα’
2587 4481 2635 4532 εἰ
2681 4481 2789 4550 γὰρ
2828 4480 2982 4533 τοῦτο
3027 4478 3416 4550 παρελθόντες,
3473 4476 3739 4546 μητρόθεν

491 4584 690 4637 parens
723 4571 1118 4640 appellabatur.
1153 4570 1309 4638 Quod
1343 4573 1388 4628 si
1421 4573 1524 4626 hac
1557 4574 1770 4630 ratione
1790 4577 2056 4647 neglecta,

2170 4569 2324 4622 αὐτὸν
2346 4570 2746 4639 ὲγενεαλὸγουν,
2766 4571 2898 4642 πρὸς
2918 4571 2993 4640 τῷ
3017 4571 3111 4630 καὶ
3137 4571 3381 4642 ἀπρεπὲς
3396 4565 3532 4623 εἶναι
3556 4567 3735 4630 τοῦτο,

495 4677 524 4714 a
561 4670 732 4717 matre
781 4679 954 4734 genus
1006 4666 1127 4734 ejus
1174 4667 1614 4735 ordinaviSsent;
1659 4678 1856 4739 praeter
1893 4686 2057 4740 quam

490 4754 637 4824 quod
673 4755 726 4809 id
781 4755 1096 4811 indecorum
1143 4767 1282 4822 erat,
1336 4767 1391 4815 et
1435 4760 1744 4816 divinarum
1813 4762 2059 4832 Scriptu-

491 4858 677 4899 rarum
721 4845 1072 4915 simplicitate
1111 4848 1372 4910 alienum,
1428 4851 1557 4920 quia
1607 4851 1844 4907 neminis
1899 4862 2058 4906 antea

483 4951 582 5004 per
608 4946 835 4992 matrem
887 4952 1058 5007 genus
1087 4936 1422 5009 descriptum
1451 4941 1623 5002 fertur
1649 4961 1663 5009 ;
1698 4944 1745 4997 is
1776 4943 1936 5012 cujus
1967 4958 2058 5011 ge-

484 5029 734 5097 nealogia
767 5030 1075 5095 texebatur,
1104 5033 1314 5086 incerto
1356 5044 1512 5103 patre
1551 5035 1740 5089 nescio
1769 5035 1893 5103 quis
1943 5042 2058 5087 ter-

482 5135 665 5189 neque
696 5119 842 5175 ﬁlius
881 5121 1030 5177 visus
1062 5131 1229 5179 esset.
1305 5125 1362 5179 Id
1397 5134 1598 5188 autem,
1638 5135 1697 5180 ut
1741 5125 1877 5193 dixi,
1910 5125 2054 5181 haud

481 5211 746 5266 mediocri
772 5212 1083 5281 ignominia:
1122 5224 1175 5270 et
1195 5217 1567 5272 criminationi
1597 5219 1892 5272 obnoxium
1915 5228 2052 5273 erat.

480 5303 776 5360 Commode
801 5306 965 5377 igitur
998 5309 1124 5362 dum
1152 5307 1452 5379 Joscphum
1479 5309 1796 5378 praedictam
1831 5311 1898 5362 ob
1923 5325 2052 5364 cau-

479 5408 595 5448 sam
629 5410 658 5447 a
699 5394 917 5454 Davidis
954 5400 1122 5469 stirpe
1155 5401 1426 5462 derivant,
1461 5400 1686 5455 Mariam
1735 5401 1898 5462 simul
1949 5401 2050 5455 Da-

483 5485 605 5538 vide
638 5489 926 5544 oriundam
977 5492 1356 5560 comprobant,
1407 5507 1604 5561 genere
1657 5493 1909 5563 conjugis
1950 5508 2046 5562 per

482 5591 741 5644 sponsum
789 5581 1185 5637 demonstrato.
1245 5581 1446 5654 Moysis
1525 5584 1724 5652 quippe
1774 5585 1888 5656 lege
1934 5585 2050 5639 edi-

480 5675 661 5730 rente,
697 5678 750 5722 ut
788 5687 852 5724 ne
886 5672 1104 5726 aliunde
1132 5672 1321 5727 liceret
1347 5674 1566 5742 nuptias
1611 5676 1710 5729 sibi
1741 5676 2042 5729 conciliare

553 5853 568 5872 ί
610 5848 736 5902 Luc.
787 5869 858 5914 ιι,
896 5853 980 5905 2|.
1061 5858 1080 5888 "
1121 5857 1307 5912 Matth.
1351 5875 1467 5926 xvi,
1507 5859 1590 5914 20.

2167 4664 2258 4715 καὶ
2285 4663 2381 4734 τῆς
2417 4665 2526 4721 τῶν
2568 4665 2725 4720 θείων
2773 4664 3001 4735 Γραφῶν
3037 4664 3286 4734 εὐηθείας
3324 4661 3618 4732 ἀλλότριον,
3654 4661 3739 4713 ὅτι

2168 4753 2353 4823 μηδεὶς
2385 4755 2444 4807 τὸ
2473 4755 2731 4828 πρότερον
2763 4758 2824 4808 ὲκ
2858 4757 3106 4823 γυναικὸς
3145 4754 3555 4824 γενεαλογηοεὶς
3591 4753 3706 4804 ίστο
3726 4780 3739 4787 ~

2168 4847 2358 4914 ρεῖται,
2401 4847 2576 4912 ἔδοξεν
2624 4849 2689 4903 ἂν
2729 4850 2957 4920 ἀπάτωρ
3002 4865 3083 4909 τις
3115 4843 3250 4899 εἶναι
3287 4846 3380 4899 καὶ
3419 4843 3677 4914 δυσγενὴς
3708 4846 3738 4896 6

2167 4937 2666 5014 γενεαλογούμενος
2684 4940 2840 4994 τοῦτο
2854 4939 2930 5004 δὲ,
2956 4940 3029 5002 ὡς
3045 4938 3200 5009 ἔφην,
3223 4938 3282 4989 οὐ
3309 4938 3508 5007 μικρᾶς
3525 4931 3590 5006 ἦν
3610 4936 3709 4987 δυσ
3735 4965 3740 4970 -

2164 5029 2369 5098 φημίας
2413 5030 2547 5100 ὁμοῦ
2601 5033 2694 5084 καὶ
2752 5030 3112 5102 κατηγορίας·
3169 5029 3246 5081 διὸ
3291 5027 3574 5098 χρησίμως
3642 5026 3735 5080 τὸν

2176 5119 2370 5193 Ἰωσὴφ
2401 5122 2506 5175 ἀπὸ
2535 5123 2697 5177 Δαϐὶδ
2727 5123 2814 5177 διὰ
2842 5124 2938 5194 τὴν
2971 5121 3320 5176 ἀποδοθεῖσαν
3346 5119 3522 5174 αἰτίαν
3552 5135 3740 5187 γενεα-

2154 5213 2453 5284 λογοῦντες,
2489 5218 2546 5269 ὲν
2579 5214 2761 5285 ταυτῷ
2791 5215 2884 5268 καὶ
2917 5214 3014 5285 τὴν
3046 5213 3276 5284 Μαριὰμ
3296 5213 3358 5264 ὲκ
3388 5211 3550 5265 Δαῦῖδ
3575 5227 3734 5279 γεγο-

2154 5308 2300 5361 νέναι
2355 5308 2634 5371 συνίστων,
2663 5308 2749 5362 διὰ
2779 5307 2873 5361 τοῦ
2907 5309 3212 5378 μνηστῆρος
3247 5305 3305 5358 τὸ
3345 5304 3444 5369 τῆς
3488 5305 3734 5375 γαμετῆς

2153 5402 2543 5470 ὑποφαίνοντες
2593 5401 2782 5469 γένος·
2844 5398 3010 5469 νόμου
3046 5397 3153 5468 γὰρ
3215 5394 3493 5458 Μωῦσὲως
3549 5395 3735 5462 διαγο-

2158 5490 2402 5561 ρεύοντος
2436 5491 2509 5563 μὴ
2531 5490 2748 5544 ἄλλοθεν
2771 5489 2966 5554 ἐξεῖναι
2982 5489 3116 5562 πρὸς
3149 5488 3322 5557 γάμον
3346 5483 3660 5555 λαμϐάνειν,
3698 5485 3734 5555 ἦ

2154 5583 2218 5634 ὲκ
2251 5582 2344 5635 τοῦ
2375 5581 2560 5650 γένους
2597 5582 2691 5635 τοῦ
2728 5581 2928 5635 οἰκείου
2979 5578 3070 5631 καὶ
3107 5577 3204 5646 τῆς
3251 5575 3385 5639 ἰδίας
3425 5574 3617 5644 φυλῆς,
3656 5575 3737 5637 ὡς

2156 5675 2219 5727 ἂν
2250 5676 2320 5744 μὴ
2356 5674 2763 5744 περιστρέφοιτο
2785 5673 2875 5726 τοῦ
2909 5673 3092 5740 γένους
3127 5671 3150 5722 6
3183 5668 3379 5739 κλῆρος
3421 5665 3526 5720 ἀπὸ
3560 5663 3732 5736 φυλῆς

1670 5864 1686 5888 ⁸
1732 5861 1917 5915 Matth.
1960 5876 2101 5924 xm,
2141 5861 2188 5912 9.
