4112 6474
447 432 553 489 889

1000 426 1464 496 ρυιΕΞΤΙΟΝΕδ
1503 422 1971 480 ΕνΑΝΕΕΙΔΟᾸί
2011 439 2024 478 Α

2141 421 2583 480 STEPHANUM.
2622 455 2690 465 —
2727 422 3054 490 QUIESTIO
3092 426 3131 478 l.

3577 426 3683 485 890

452 545 528 607 είς
552 541 740 613 φυλὴν,
770 540 1047 612 αὐτάρκης
1073 536 1142 610 ἦν
1165 540 1199 609 ἡ
1226 538 1354 607 περὶ
1382 534 1477 588 τοῦ
1508 534 1702 606 ἀνδρὸς
1730 535 2018 606 ἀναγραφὴ

2123 548 2280 604 quam
2312 548 2380 590 ex
2409 549 2607 605 genere
2639 534 2863 604 proprio
2898 550 3108 604 suaque
3138 533 3305 603 tribu,
3334 548 3405 590 ne
3432 534 3684 592 videlicet

452 635 545 687 mi.
590 632 688 704 τὴν
729 635 961 701 γυναῖκα
998 630 1269 701 δηλῶσαι·
1306 627 1544 700 νομικῶς
1575 625 1684 697 γὰρ
1731 625 1878 696 βιοὺς
1915 625 2020 678 οὐδ’

452 724 672 779 ἄλλοθεν
719 724 921 794 ἐμνᾶτο
961 721 1059 794 τὴν
1095 724 1346 790 γυναῖκα,
1386 721 1420 793 ἢ
1465 719 1654 791 πρῶτα
1687 718 1786 789 μὲν
1819 718 1885 771 ὲκ
1922 718 2020 788 τῆς

452 817 625 887 φυλῆς
652 816 750 887 τῆς
777 814 1045 885 πατρικῆς
1076 811 1431 884 aiat-06,4611]
1462 812 1520 864 δὲ
1547 806 1614 882 ἦν
1644 812 1677 881 ἠ
1705 808 1799 862 τοῦ
1825 807 2017 861 Ἰούδαο

454 907 641 961 ἔπειτα
686 908 751 960 ὲκ
784 905 876 959 τοῦ
914 905 1086 975 δήμου
1128 905 1222 959 καὶ
1253 905 1352 977 τῆς
1388 903 1558 974 αὐτῆς
1595 902 1847 972 πατριᾶς,
1881 898 2020 969 αὕτη

452 1000 510 1053 δὲ
550 995 617 1071 ἦν
656 999 690 1069 ὴ
749 997 844 1051 τοῦ
890 998 1084 1052 Δαϐίδ·
1129 997 1356 1052 τοιαῦτα
1386 997 1493 1068 γὰρ
1522 990 1590 1065 ἦν
1633 995 1701 1049 τά
1730 992 1824 1048 τοῦ
1857 993 2020 1064 νόμου

456 1090 918 1161 παραγγέλματα*
951 1091 1038 1143 ὅτε
1078 1091 1256 1145 τοίνυν
1293 1094 1322 1143 6
1369 1088 1563 1160 Ἰωσὴφ
1593 1087 1765 1158 φυλῆς
1785 1084 2021 1154 γεγονὼς

453 1182 829 1235 ἀποδείκνυται
871 1180 1057 1245 Ἰούδα,
1089 1181 1289 1251 κλήρου
1322 1197 1382 1232 τε
1424 1179 1518 1232 καὶ
1561 1178 1792 1247 πατριᾶς
1836 1174 2018 1239 Δαόὶδ,

453 1269 571 1334 πῶς
608 1272 706 1341 οὐχ
750 1272 939 1325 ἕπεται
977 1271 1072 1325 καὶ
1113 1274 1179 1342 τῇ
1217 1270 1406 1341 Μαρίᾳ
1441 1271 1505 1322 ὲκ
1536 1267 1644 1323 τῶν
1681 1265 1858 1322 αὐτῶν
1893 1266 2021 1335 ὁρᾶ-

455 1365 580 1421 σθαι
599 1383 616 1434 ;

523 1567 593 1633 η’.
617 1562 681 1615 Et
702 1561 759 1614 δὲ
779 1560 987 1629 λέγοιτο
1012 1558 1275 1629 ὑπάρχειν
1304 1554 1568 1627 συγγενὴς
1592 1556 1690 1625 τῆς
1723 1551 2019 1618 Ἐλισάσετ,

453 1653 624 1724 αὐτῆς
656 1654 752 1725 μὲν
770 1652 935 1722 οὔσης
962 1652 1026 1705 ὲκ
1042 1650 1213 1719 φυλῆς
1230 1649 1417 1711 Ἰούδα.
1433 1647 1532 1719 τῆς
1550 1665 1613 1700 τε
1628 1648 1727 1718 (5‘)
1743 1644 2020 1699 Ἐλισάϐετ

454 1748 520 1800 ὲκ
559 1747 660 1817 τῆς
700 1746 792 1799 τοῦ
841 1744 991 1808 Δευῒ,
1028 1743 1102 1815 μὴ
1139 1742 1455 1815 Οαυμάσῃς’
1504 1742 1609 1793 πᾶν
1640 1739 1749 1811 γὰρ
1789 1738 1851 1792 τὸ
1891 1739 2021 1791 Ἰου-

453 1838 616 1892 δαίων
655 1837 804 1900 ἒθνος
829 1836 945 1899 ἑνὸς
973 1831 1041 1906 ἦν
1068 1834 1276 1902 γένους,
1317 1833 1378 1887 αἴ
1414 1848 1474 1885 τε
1522 1831 1686 1901 φυλαὶ
1719 1832 1887 1884 πᾶσαι
1923 1829 2020 1884 άλ-

2121 625 2340 695 generis
2370 625 2667 681 haereditas
2691 640 2757 681 ex
2785 640 2893 680 una
2921 626 2979 679 in
3019 625 3180 679 aliam
3212 625 3412 681 tribum
3437 641 3683 684 commo-

2121 724 2376 785 veretur;
2411 721 2550 775 satis
2571 725 2695 775 erat
2715 718 2818 774 viri
2843 718 3140 789 descriptio
3177 718 3244 774 ad
3270 719 3554 790 conjugem
3581 719 3681 776 de-

2128 808 2576 862 monstrandam:
2610 822 2737 862 nam
2774 808 2867 878 qui
2912 808 2979 862 ad
3010 809 3143 879 legis
3175 823 3424 864 normam
3452 810 3681 877 viveret,

2121 894 2269 950 haud
2323 898 2487 951 aliam
2539 898 2645 954 sibi
2698 913 2930 955 uxorem
2979 898 3365 968 copulavisset,
3411 899 3519 954 nisi
3564 915 3686 971 qua

2120 987 2361 1058 primum
2384 995 2532 1045 esset
2554 1004 2622 1056 ex
2648 990 2772 1060 ejus
2798 990 2978 1060 patria
3008 989 3206 1058 tribuJ
3218 988 3372 1045 Iudae
3399 990 3684 1061 videlicet;

2121 1076 2317 1133 deinde
2342 1092 2411 1133 ex
2433 1077 2623 1134 eadem
2655 1086 2816 1150 gente
2846 1078 3181 1150 familiaque,
3215 1096 3410 1154 nempe
3438 1080 3682 1138 Davidis.

2120 1166 2554 1222 Illatenus—enim
2588 1169 2673 1223 lex
2710 1167 2960 1237 jubebat.
3016 1166 3074 1222 Si
3108 1167 3380 1247 Josephus
3423 1169 3589 1241 igitur
3618 1170 3687 1227 de

2120 1257 2273 1314 Judte
2312 1260 2464 1315 tribu
2515 1259 2690 1330 deque
2731 1259 2953 1316 Davidis
3003 1268 3162 1332 gente
3193 1272 3248 1319 et
3281 1261 3486 1318 familia
3514 1263 3688 1322 fuisse

2121 1348 2552 1415 demonstratur,
2597 1363 2698 1403 cur
2741 1363 2852 1404 non
2892 1350 3144 1419 sequitur
3186 1359 3245 1407 ut
3273 1351 3445 1408 Maria
3479 1369 3548 1409 ex
3584 1355 3683 1412 iis-

2121 1440 2244 1496 dem
2273 1440 2579 1512 originibus
2611 1440 2830 1512 prodire
2865 1440 3159 1497 videatur?

2192 1554 2247 1609 8.
2295 1554 2452 1619 Quod
2486 1554 2536 1609 si
2573 1554 2764 1610 eadem
2810 1555 3015 1611 dicitur
3043 1553 3376 1611 Elisabetbte
3418 1565 3682 1628 cognata;

2122 1661 2246 1701 cum
2272 1653 2454 1702 tamen
2486 1645 2579 1700 illa
2615 1646 2684 1704 de
2718 1647 2863 1703 tribu
2887 1645 3060 1714 ludas,
3092 1646 3405 1704 Elisabetba
3429 1649 3497 1704 de
3522 1649 3686 1706 Levi-

2123 1739 2231 1793 tica
2272 1737 2467 1806 fuerit;
2509 1753 2581 1793 ne
2626 1738 2890 1796 mireris:
2928 1740 3183 1796 universa
3229 1740 3431 1812 quippe
3472 1739 3688 1797 Iudaeo-

2121 1844 2244 1884 rum
2274 1845 2409 1900 gens
2458 1844 2570 1885 uno
2615 1844 2815 1901 genere
2859 1831 3211 1898 censebatur,
3245 1840 3561 1904 cunctaque
3589 1835 3690 1890 tri-

454 1927 630 1997 λήλων
661 1894 968 1995 συγγενεῖς·
999 1894 1157 1979 ¹ινίνύεν
1190 1894 1284 1977 καὶ
1314 1925 1342 1976 6
1367 1922 1510 1986 θεῖος
1525 1894 1850 1986 ’λπόστολος
1888 1937 2022 1990 συγ-

2123 1921 2223 1977 bus
2252 1894 2487 1978 invicem
2513 1894 2758 1993 cognata:
2777 1934 2952 1979 erant.
2996 1924 3136 1981 Hinc
3156 1926 3322 1982 etiam
3356 1894 3516 1984 divus
3542 1928 3690 2000 Apo-

454 2020 630 2086 γενεῖς
683 2017 846 2072 αὑτοῦ
891 2017 1095 2080 πάντας
1147 2012 1401 2085 ὀνομάζει
1439 2012 1721 2077 Ἰουδαίους
1745 2053 1759 2077 ,
1817 2012 2023 2082 λέγων’

460 2127 480 2158 σ
526 2108 783 2181 Ηὺχόμην
834 2106 944 2180 γὰρ
984 2106 1237 2176 ἀνάθημα
1277 2100 1416 2159 εῖναι
1458 2103 1595 2176 ὑπὲρ
1636 2102 1742 2157 τῶν
1781 2102 2023 2172 ἀδελφῶν

460 2214 580 2266 μου,
607 2196 713 2250 τῶν
750 2196 1027 2267 συγγενῶν
1056 2213 1157 2267 μου
1205 2194 1349 2249 κατὰ
1396 2193 1594 2265 σάρκα,
1650 2192 1844 2257 οἵτινές
1889 2195 2024 2246 εἰσιν

468 2288 822 2358 Ἰσραηλῖταυ
886 2307 905 2339 ι
954 2287 1130 2340 καίτοι
1193 2286 1470 2354 συγγενεῖς
1524 2283 1685 2337 αὑτοῦ
1732 2283 2025 2354 ἐτύγχανον

460 2380 607 2448 μόνοι
630 2381 695 2431 ἐκ
727 2378 897 2449 φυλῆς
919 2378 1173 2448 Βενιαμίν
1192 2395 1207 2408 ·
1235 2375 1428 2431 οὐκοῦν
1454 2376 1660 2439 πάντας
1685 2374 1872 2440 ἁπλῶς
1900 2376 2027 2439 τοὺς

456 2469 515 2536 ἐξ
554 2469 767 2540 Ἰσραὴλ
820 2468 1080 2537 ἀδελφοὺς
1121 2468 1216 2520 καὶ
1255 2469 1532 2536 συγγενεῖς
1580 2464 1772 2519 ἑαυτοῦ
1812 2469 2026 2538 προσεῖσ

456 2575 556 2612 πεν
580 2559 609 2611 6
641 2557 880 2622 Παῦλοςο
912 2558 1053 2612 οὕτω
1096 2558 1139 2611 δ’
1172 2552 1264 2610 οὖν
1304 2556 1399 2610 καὶ
1438 2556 1535 2628 τὴν
1583 2556 1856 2611 Ἐλισάϐετ
1898 2572 2027 2626 συγ-

457 2649 642 2717 γενίδα
662 2651 954 2720 προσεῖπεν
985 2651 1013 2702 6
1042 2649 1266 2717 ἅγγελος
1283 2652 1348 2721 τῇ
1376 2649 1627 2720 Μαριὰμ,
1655 2648 1743 2702 διὰ
1774 2649 1835 2702 τὸ
1860 2648 2027 2719 ἄμφω

471 2738 853 2809 Ἱσραηλίτιδας
885 2734 1049 2792 εἶναι·
1085 2737 1179 2791 καὶ
1210 2736 1382 2799 ἄλλως
1424 2735 1483 2790 δὲ
1527 2736 1673 2798 είκὸς
1718 2734 1826 2789 ἀπὸ
1858 2733 2025 2787 τόπου

458 2830 745 2900 συγγενίδα
774 2829 872 2901 τῆς
898 2830 1115 2901 Μαρίας
1149 2828 1444 2899 κεκλῆσθαι
1473 2828 1573 2899 τὴν
1611 2822 1908 2891 Ἐλισάϐετ,
1937 2824 2026 2880 διὰ

455 2922 517 2977 τὸ
549 2925 716 2998 οίκείν
739 2923 831 2977 ἐπὶ
859 2924 958 2995 τῆς
989 2923 1157 2978 Ἰούδα
1180 2922 1352 2994 φυλῆς
1384 2920 1476 2992 ἀφ’
1506 2917 1574 2994 ἦς
1600 2919 1823 2990 ὡρμᾶτο
1848 2920 1882 2990 ή
1913 2920 2029 2973 Μα-

461 3014 582 3086 ρία⁶
625 3016 888 3086 μαρτυρεῖ
929 3012 1058 3082 γοῦν
1100 3015 1130 3067 6
1168 3014 1382 3076 Λουκᾶς
1412 3011 1584 3081 λέγων
1603 3027 1617 3042 ·
1658 3030 1677 3063 ι
1726 3009 2027 3063 Ἀναστᾶσα

454 3107 512 3160 δὲ
555 3105 787 3178 Μαριὰμ
836 3108 893 3160 ὲν
936 3109 1055 3171 ταῖς
1092 3107 1323 3178 ἡμέραις
1360 3104 1603 3167 ταύταις,
1636 3101 1904 3179 ἐπορεύθη
1946 3102 2026 3163 είς

451 3198 553 3269 τὴν
574 3196 788 3269 ὀρεινὴν
824 3196 962 3268 μετὰ
997 3197 1229 3269 σπουδῆς
1254 3198 1335 3260 είς
1373 3196 1523 3249 πόλιν
1566 3194 1752 3257 Ἰούδα,
1777 3193 1872 3261 καὶ
1916 3194 2025 3290 είσ-
2049 3231 2092 3290 c

454 3288 613 3358 ἦλθεν
643 3289 719 3352 είς
745 3288 833 3341 τὸν
859 3284 1005 3342 οἷκον
1034 3288 1299 3359 Ζαχαρίου
1329 3287 1422 3341 καὶ
1444 3286 1725 3356 ἠσπάσατο
1750 3284 1847 3356 τὴν
1886 3282 2022 3337 Ἐλι-

457 3380 655 3433 σάϐετ’
693 3400 712 3433 ι
743 3378 837 3433 τοῦ
882 3381 991 3451 γὰρ
1039 3381 1316 3444 Μωῦσὲως
1362 3380 1527 3452 νόμου
1562 3378 1635 3451 μὴ
1669 3378 2024 3450 ἀφορίσαντος

453 3473 520 3541 τῇ
554 3470 662 3523 τῶν
692 3471 880 3541 ἱερέων
906 3471 1042 3541 φυλῇ
1075 3471 1291 3543 κλῆρον,
1316 3472 1397 3526 ὅτι
1418 3471 1621 3542 Κύριος
1647 3472 1675 3525 6
1698 3471 1828 3533 Θεὸς
1869 3469 2024 3540 μερὶς

456 3557 654 3622 αὐτῶν,
685 3559 1073 3631 διαταξαμένου
1114 3559 1171 3613 δὲ
1210 3559 1411 3630 μεταξὺ
1454 3559 1564 3614 τῶν
1601 3557 1802 3613 λοιπῶν
1844 3559 2025 3627 φυλῶν

455 3648 622 3701 οἰκεῖν
664 3648 894 3725 αὐτοὺς,
926 3648 1016 3701 τοῦ
1065 3667 1121 3702 τε
1162 3649 1427 3721 Ζαχαρίου
1477 3650 1570 3710 καὶ
1606 3652 1706 3721 τῆς
1749 3648 2025 3739 Ἑλισάϐῐτ

458 3737 608 3791 πόλιν
656 3738 826 3808 φυλῆς
874 3738 1040 3792 ’ἰούδα
1066 3741 1525 3810 κατοικησάντων,
1569 3742 1663 3809 ἀφ’
1706 3735 1773 3813 ἧς
1805 3735 2026 3811 ὡρμᾶτο

455 3827 661 3899 Μαρία,
689 3828 832 3891 εἰκὸς
850 3829 945 3882 καὶ
978 3827 1180 3900 ταύτης
1206 3828 1391 3882 ἕνεκεν
1411 3830 1509 3900 τῆς
1534 3828 1711 3891 αἰτίας
1748 3829 2026 3895 συγγενεῖς

456 3918 623 3983 αὐτὰς
651 3920 965 3991 ἀνειρῆσοαι
983 3935 999 3952 ο
1026 3921 1125 3973 οὐκ
1153 3921 1377 3984 ἀπεικὸς
1407 3919 1464 3973 δὲ
1497 3921 1590 3973 καὶ¹
1624 3919 1721 3991 τῆς
1749 3921 2025 3990 ὁμοιοτρο-

455 4008 585 4073 πίας
628 4008 808 4082 χάριν,
845 4010 912 4064 δι’
952 4003 1019 4083 ἧς
1066 4011 1231 4082 ἄμφω
1276 4005 1375 4082 τῆς
1409 4008 1675 4081 σωτηρίου
1718 4008 2027 4079 οἰκονομίας

455 4099 787 4172 ἠξιώθησαν,
830 4103 862 4173 ἠ
900 4102 997 4173 μὲν
1040 4102 1131 4156 τὸν
1167 4103 1415 4174 Σωτῆρα,
1449 4104 1483 4174 ἡ
1515 4102 1572 4156 δὲ
1602 4101 1693 4155 τὸν
1724 4101 2026 4174 πρόδρομον

454 4191 548 4244 τοῦ
577 4193 826 4264 Σωτῆρος
869 4191 1282 4265 ὑποδεξάμεναι,
1319 4193 1436 4257 ἑνός
1481 4210 1539 4246 τε
1587 4194 1681 4247 καὶ
1723 4191 1817 4245 τοῦ
1860 4191 2024 4245 αὐτοῦ

454 4282 612 4351 ἁγίου
643 4282 957 4354 Πνεύματος
990 4284 1352 4356 μετασχοῦσαι
1371 4302 1383 4314 ”
1413 4284 1492 4337 διὸ
1520 4284 1612 4337 καὶ⁸
1639 4283 1869 4356 μάλιστα
1900 4284 2027 4355 μιᾶς

453 4374 552 4446 τῆς
576 4374 719 4428 κατὰ
747 4375 876 4428 Θεὸν
904 4378 1216 4445 συγγενείας
1264 4379 1527 4449 μετεῖχον.
1560 4376 1719 4430 Ἀλλὰ
1743 4376 1899 4430 τοῦτο
1929 4376 2025 4447 μὲν

456 4464 629 4529 οὕτως
652 4467 967 4521 άπολυτέον.

526 4669 589 4723 0'.
612 4670 675 4723 Εί
714 4671 767 4723 δὲ
804 4672 1007 4744 κεφαλὴ
1036 4674 1134 4744 τῆς
1162 4675 1413 4743 γυναικὸς
1433 4675 1683 4745 τυγχάνει
1706 4674 1734 4726 6
1758 4672 1832 4726 ὢν
1858 4673 2019 4746 ἀνὴρ,

457 4761 595 4815 κατὰ
616 4763 706 4814 τὶν
725 4762 864 4816 ϐεῖον
878 4764 1214 4829 Ἀπόστολον,
1232 4767 1324 4818 καὶ
1344 4765 1554 4821 ἔσονται
1571 4767 1621 4819 οἱ
1641 4763 1733 4819 δύο
1745 4765 1826 4829 είς
1845 4765 2022 4836 σάρκα

459 4852 609 4922 μίαν,
641 4854 783 4908 κατὰ
805 4854 896 4908 τὸν
915 4857 1188 4922 Μωῦσέως
1213 4858 1392 4929 νόμον,
1425 4858 1459 4929 ἦ
1488 4875 1547 4911 τε
1574 4857 2021 4929 μεμνηπευμένη

453 4942 607 5013 ἀνδρὶ
632 4944 1002 5016 διαμαρτοῦσα
1035 4948 1275 5018 μοιχείας
1312 4947 1450 5002 κατὰ
1487 4948 1548 5001 τὸ
1583 4947 1712 5001 αὐτὸ
1764 4946 2020 5019 τιμωρίαν

455 5032 731 5102 ὑπομένει,
764 5034 841 5098 ὡς
864 5034 964 5106 ἢδη
988 5036 1081 5090 τοῦ
1112 5037 1416 5109 μνηστῆρος
1454 5037 1611 5107 σῶμα
1637 5036 1898 5107 γενομένη
1928 5038 2021 5089 καὶ

452 5125 693 5198 κεφαλὴν
720 5127 1133 5201 ὲπιγραψαμένη
1167 5130 1258 5183 τὸν
1286 5130 1471 5197 ἄνδρα,
1503 5128 1620 5193 πῶς
1662 5129 1781 5200 οὐχὶ
1800 5130 1899 5200 τῆς
1929 5148 2021 5189 κε-

454 5217 628 5287 φαλῆς
653 5218 1163 5291 γενεαλογουμὲνης,
1193 5220 1383 5276 ἕπεται
1424 5221 1514 5275 καὶ
1548 5220 1608 5274 τὸ
1638 5221 1798 5292 σῶμα
1819 5222 1886 5292 τῇ
1930 5238 2021 5273 κε-

451 5309 593 5381 φαλῇ
647 5310 1121 5381 συναριθμεῖσθαι;
1174 5311 1314 5365 ὥστε
1368 5313 1459 5366 καὶ
1510 5311 1606 5384 τὴν
1652 5312 1866 5383 Μαρίαν
1920 5311 2018 5383 ἤδη

523 5466 543 5496 ⁹
580 5464 737 5522 Rom.
772 5480 857 5529 lx,
893 5466 945 5521 5.
1024 5467 1067 5498 ¹⁹
1105 5466 1303 5537 Ephes.
1343 5484 1391 5533 ν,
1423 5467 1515 5523 25.

525 5621 626 5690 ('5‘)
670 5623 757 5676 Τε.
790 5621 930 5689 Lege
953 5621 1028 5675 δέ.
1062 5621 1218 5676 Enn.
1251 5621 1267 5626 ’

527 5691 605 5763 (εί)
645 5690 883 5763 Quaestio
911 5695 1022 5747 haec
1044 5693 1111 5749 de
1136 5692 1459 5763 cognatione
1484 5692 1665 5763 Mariae
1690 5693 1882 5763 matris
1904 5691 2010 5747 Do-

458 5760 586 5827 mini
616 5778 736 5815 cum
775 5762 1107 5826 Elisabetlta,
1161 5760 1337 5817 existat
1379 5763 1482 5817 sub
1513 5762 1752 5830 ejusdem
1790 5762 2010 5817 Eusebii

670 5623 757 5676 Τε.
790 5620 930 5687 Lege
953 5621 1028 5675 δέ.
1062 5621 1218 5676 Enn.
1251 5619 1267 5626 ”

1593 5469 1635 5500 ¹¹
1674 5467 1807 5524 Gen.
1844 5483 1921 5532 ιι,
1949 5467 2044 5523 24.

2120 2013 2295 2075 stolus
2320 2011 2539 2071 Iudaeos
2577 2029 2771 2071 omnes
2802 2016 3038 2085 appellat
3071 2026 3335 2087 cognatos
3368 2034 3521 2087 suos,
3557 2017 3690 2074 dum

2122 2102 2225 2157 ait:
2291 2101 2592 2172 «Optabam
2643 2119 2745 2175 ego
2791 2105 3085 2161 anathema
3127 2120 3252 2162 esse
3285 2122 3384 2178 pro
3426 2106 3691 2165 fratribus

2121 2194 2281 2258 meis,
2312 2193 2408 2263 qui
2457 2193 2593 2248 mihi
2635 2196 2939 2251 secundum
2991 2210 3250 2252 carneam
3291 2205 3543 2253 naturam
3595 2213 3692 2255 co-

2122 2282 2272 2353 gnati
2330 2290 2480 2347 sunt,
2536 2283 2889 2340 lsraelitis’.)
2939 2285 3107 2357 Atqui
3150 2286 3365 2358 cognati
3403 2287 3539 2358 {ejus
3585 2287 3690 2345 soli

2123 2388 2311 2429 revera
2343 2381 2501 2429 erant
2537 2373 2888 2443 Benjamitae:
2929 2383 2984 2432 et
3033 2386 3214 2433 tamen
3246 2392 3439 2434 omnes
3469 2377 3691 2435 Israeli-

2122 2469 2209 2517 tas
2243 2460 2476 2531 fratrum
2510 2463 2824 2522 nominibus
2868 2471 2924 2520 et
2967 2473 3325 2535 cognatorum
3350 2464 3556 2522 Paulus
3604 2466 3688 2522 in-

2123 2553 2335 2625 digitat.
2383 2554 2475 2624 Sic
2502 2570 2635 2625 ergo
2672 2556 2898 2627 angelus
2919 2555 3289 2612 Elisabetham
3326 2557 3465 2613 dixit
3498 2556 3685 2615 Maria

2123 2653 2430 2716 cognatam,
2480 2653 2768 2723 propterea
2816 2647 2963 2718 quod
3011 2648 3184 2704 amba:
3233 2648 3568 2706 lsraelitides
3599 2664 3691 2708 es-

2123 2744 2266 2792 sent.
2308 2736 2537 2808 Insuper
2555 2752 2623 2793 ex
2647 2738 2769 2809 ipso
2797 2738 2919 2793 loco
2945 2738 3081 2794 satis
3104 2738 3287 2794 decuit
3314 2737 3690 2795 Elisabetham

2125 2826 2389 2897 appellari
2423 2826 2608 2883 Mariae
2633 2836 2942 2899 cognatam,
2988 2828 3116 2897 quia
3166 2829 3426 2884 nimirum
3477 2827 3693 2884 habita-

2124 2917 2217 2973 bat
2262 2917 2319 2972 in
2341 2915 2497 2973 Judae
2525 2918 2695 2983 tribu,
2736 2918 2881 2987 unde
2926 2933 3096 2989 genus
3125 2921 3294 2975 traxit
3336 2918 3526 2975 Maria.
3588 2917 3691 2975 Rei

2127 3007 2280 3064 testis
2305 3006 2502 3076 Lucas,
2538 3009 2631 3080 qui
2655 3008 2760 3063 ait:
2792 3026 2812 3073 ι
2837 3006 3146 3080 Exsurgens
3180 3017 3358 3066 autem
3382 3011 3469 3067 his
3495 3010 3691 3068 diebus

2125 3095 2296 3154 Maria
2327 3100 2463 3156 abiit
2491 3102 2547 3157 in
2576 3109 2832 3157 montana
2860 3115 2987 3157 cum
3018 3100 3390 3171 festinatione,
3422 3105 3475 3159 in
3500 3105 3690 3160 urbem

2124 3188 2296 3256 lude,
2330 3199 2386 3247 et
2414 3192 2661 3265 ingressa
2691 3201 2776 3251 est
2822 3194 3047 3249 domum
3094 3195 3395 3261 Zachariae,
3445 3211 3509 3251 ae
3536 3197 3689 3251 salu-

2122 3281 2256 3336 tavit
2276 3281 2660 3340 Elisabetham.
2687 3304 2707 3337 ι
2749 3283 2958 3341 Etenim
2984 3301 3107 3342 cum
3132 3288 3217 3343 lex
3244 3287 3478 3343 Mosaica
3506 3301 3692 3343 sacer-

2124 3372 2294 3429 dotali
2336 3375 2503 3431 tribui
2550 3377 2934 3445 possessiones
2961 3395 3075 3434 non
3110 3380 3522 3451 assignavisset,
3558 3380 3686 3451 quia

2125 3464 2388 3521 Dominus
2433 3465 2579 3522 Deus
2618 3481 2747 3537 pars
2793 3468 2915 3538 ejus
2946 3477 3050 3537 est,
3105 3471 3475 3528 mandavisset
3507 3481 3688 3528 autem

2130 3567 2191 3613 ut
2218 3558 2362 3613 inter
2393 3569 2615 3613 «steteras
2639 3560 2815 3614 tribus
2859 3560 3149 3627 incoleret;
3199 3577 3435 3632 cumque
3477 3560 3691 3618 Zacha-

2123 3650 2239 3705 rias
2273 3657 2326 3704 et
2350 3647 2661 3704 Elisabetha
2691 3650 2923 3720 quadam
2948 3652 3004 3705 in
3038 3652 3172 3707 urbe
3210 3653 3386 3707 tribus
3414 3652 3567 3708 Iudae
3592 3656 3691 3710 ha-

2125 3739 2379 3804 bitarent,
2434 3740 2579 3796 unde
2620 3740 2845 3796 oriunda
2900 3748 3019 3797 erat
3063 3741 3272 3810 Maria;
3313 3757 3415 3812 par
3458 3742 3560 3798 fuit
3595 3761 3690 3802 eas

2124 3831 2196 3887 ob
2223 3831 2364 3886 hanc
2390 3846 2614 3887 causam
2644 3841 2914 3902 cognatas
2942 3832 3237 3903 appellari:
3268 3849 3444 3904 neque
3476 3835 3533 3890 id
3564 3851 3690 3890 rur-

2127 3938 2221 3979 sus
2262 3923 2536 3978 immerito
2564 3933 2785 3994 prepter
2814 3938 3027 3977 morum
3078 3924 3512 3989 similitudinem,
3551 3941 3689 3995 quo-

2124 4028 2249 4068 rum
2285 4013 2459 4085 gratia
2493 4024 2724 4086 utraque
2752 4013 2949 4068 mulier
2990 4011 3252 4085 mysterio
3285 4014 3478 4070 salutis
3524 4016 3689 4085 digna

2126 4104 2264 4163 fuit:
2309 4114 2363 4160 et
2389 4107 2558 4163 altera
2586 4107 2808 4178 quidem
2853 4104 3226 4170 Servatorem,
3268 4106 3436 4161 altera
3484 4103 3683 4161 Serva-

2126 4193 2264 4249 toris
2300 4209 2687 4263 praecursorem
2720 4195 2930 4251 sinibus
2970 4194 3087 4250 suis
3133 4200 3474 4265 receperunt,
3517 4193 3684 4250 unius

2127 4282 2377 4338 videlicet
2402 4283 2754 4353 ejusdemque
2802 4286 2976 4340 sancti
3009 4284 3243 4356 Spiritus
3275 4283 3445 4353 gratia
3483 4285 3684 4354 potitzc.

2130 4370 2309 4443 Atque
2353 4371 2455 4428 hoc
2502 4374 2586 4428 vel
2617 4374 2850 4430 maxime
2897 4377 3115 4431 nomine
3171 4374 3469 4429 secundum
3516 4373 3687 4428 Deum

2126 4470 2372 4533 cognatae
2418 4463 2636 4533 fuerunt
2669 4462 2767 4537 (4).
2827 4463 2952 4521 Haec
2997 4463 3282 4537 praesentis
3322 4461 3683 4519 dubitationis

2044 4565 2090 4640 ξ)
2119 4556 2321 4612 solutio
2348 4563 2452 4611 est.

2196 4671 2252 4728 9.
2284 4671 2441 4739 Quod
2466 4671 2513 4728 si
2542 4678 2723 4728 autem
2746 4680 2910 4743 caput
2931 4671 3177 4728 mulieris
3206 4670 3287 4725 vir
3329 4676 3433 4734 est,
3454 4669 3523 4725 de
3542 4668 3687 4737 Apo-

2124 4762 2253 4821 stoli
2301 4762 2414 4818 divi
2447 4764 2802 4830 sententia“,
2834 4763 3056 4835 duoque
3103 4770 3235 4820 sunt
3266 4762 3320 4816 in
3364 4775 3530 4816 carne
3574 4774 3683 4814 una

2126 4871 2192 4911 ex
2232 4853 2482 4910 Mosaica:
2513 4855 2651 4927 legis
2697 4857 2979 4927 regula“;
3013 4863 3068 4913 et
3096 4855 3143 4912 si
3184 4864 3349 4923 nupta
3377 4854 3516 4913 viro,
3558 4867 3680 4921 qua!

2123 4945 2389 5018 ﬂagitium
2421 4946 2728 5012 admiserit,
2773 4948 3026 5017 adulterii
3069 4960 3292 5018 poanam
3313 4944 3383 5000 ob
3413 4944 3466 4998 id
3505 4943 3684 5013 ipsum

2126 5039 2271 5094 subit
2289 5056 2304 5105 ;
2322 5052 2422 5093 ceu
2440 5054 2560 5108 qua:
2575 5038 2687 5108 jam
2712 5040 2897 5109 sponsi
2920 5054 3124 5114 corpus
3146 5036 3287 5092 facta
3317 5043 3454 5099 erat,
3470 5034 3684 5104 sibique

2125 5138 2287 5200 caput
2314 5129 2648 5201 imposuerat
2680 5131 2897 5199 virum;
2932 5146 3034 5185 cur
3059 5129 3107 5191 si
3139 5127 3338 5199 capitis
3368 5125 3684 5197 genealogia

2127 5224 2420 5287 scribatur,
2475 5237 2678 5295 corpus
2732 5239 2857 5279 cum
2895 5222 3073 5293 capite
3131 5216 3516 5275 connumerari
3572 5231 3685 5273 non

2127 5311 2199 5367 sit
2225 5312 2685 5371 consectaneum?
2715 5310 3079 5381 Quamobrem
3114 5307 3284 5375 Maria
3314 5304 3684 5379 .losephojam

2123 5626 2237 5692 Vat.
2270 5620 2566 5692 palatinum
2599 5616 2865 5692 epitomat.
2884 5615 3046 5692 etiam
3073 5615 3133 5692 _i_n
3164 5613 3374 5692 catenis
3396 5610 3678 5692 Faticajis

2114 5679 2315 5747 Niceti'e
2344 5691 2468 5746 cod.
2503 5690 2565 5741 Α.
2603 5679 2646 5741 τί
2672 5686 2765 5749 Ἡ,
2800 5695 2854 5741 et
2890 5685 3116 5740 Macarii
3143 5683 3266 5739 eod.
3302 5681 3366 5738 E.
3392 5681 3431 5736 l‘.
3467 5679 3554 5739 50.
3583 5679 3680 5737 Se-

2113 5777 2287 5831 quens
2320 5758 2785 5831 tamengqninque
2829 5757 3116 5812 verborum
3161 5753 3409 5812 clausula
3456 5749 3676 5810 nonnisi

461 5831 697 5900 nomine,
735 5834 821 5888 vix
860 5835 1047 5904 paucis
1081 5834 1261 5891 verbis
1293 5827 1751 5908 variatis,'przeler
1771 5833 2014 5891 codicem
2110 5827 2167 5888 in
2203 5832 2390 5889 codice
2415 5830 2477 5885 A.
2512 5827 2727 5900 legitur.

3711 5434 3723 5503 ἑ
