4112 6446
347 381 454 439 895

891 375 1357 447 ΟΠΑΞΒΤΙΟΝΕΞ
1393 377 1847 435 EVANGELICAZ
1886 379 1909 433 ll

2018 375 2456 434 STEPHANUM.
2497 409 2565 419 —
2603 374 2923 443 ΟΕΑΞΞΤΙΟ
2963 372 3046 428 ιιι.

3475 377 3580 432 891

342 494 518 566 Φαρὲς
558 493 605 565 (6
628 494 686 547 δὲ
722 487 797 564 ἦν
829 493 998 546 Ἰούδα
1040 491 1134 545 τοῦ
1171 489 1468 563 ἁρχιφύλου
1513 493 1706 564 παῖς)·
1748 495 1909 564 Φαρὲς

2021 507 2050 545 a
2071 491 2212 546 Juda
2237 492 2504 546 evolvitur
2537 488 2620 544 sic
2646 507 2658 542 :
2700 507 2718 538 ι
2748 487 2840 543 Ha:
2876 497 3004 544 sunt
3031 487 3410 558 generationes
3434 487 3580 543 Pha-

343 587 598 656 ἐγέννησε
651 587 742 639 τὸν
796 584 1040 656 Ἑσρώμ·
1102 583 1196 636 καὶ
1250 581 1466 654 Ἐσρὼμ
1514 585 1767 654 ἐγέννησε
1824 585 1913 637 τὸν

356 674 561 746 Ἀράμο
619 675 709 729 καὶ
769 673 944 745 ’Δρὰμ
992 673 1253 742 ἐγέννησε
1294 672 1385 724 τὸν
1437 673 1762 744 Ἀμιναδά6’
1820 675 1914 727 καὶ

355 767 646 840 Ἀμιναδάϐ
698 767 952 835 ἐγέννησε
1011 765 1102 817 τὸν
1152 765 1451 820 Ναασσών·
1503 766 1597 818 καὶ
1646 764 1914 819 Ναασσὼν

343 861 596 932 ἐγέννησε
640 861 730 912 τὸν
776 857 1030 929 Σαλμών·
1083 858 1177 911 καὶ
1236 859 1464 930 Σαλμὼν
1521 860 1775 929 ἐγέννησε
1823 858 1914 911 16v

341 951 475 1016 Βοός,⁹
494 968 507 980 ⁸
535 950 634 1004 καὶ
659 948 793 1013 Βοὺζ
822 948 1077 1019 ἐγέννησε
1111 949 1203 1002 τὸν
1232 949 1389 1021 Ὠϐήδ
1406 968 1418 980 ·
1445 950 1539 1003 καὶ⁵
1569 950 1728 1020 Ὠὁὴδ
1765 949 1916 1016 ἐγέν-

341 1059 473 1112 νησε
500 1043 589 1095 τὸν
623 1040 854 1093 Ἰεσσαί·
887 1041 980 1093 καὶ
1020 1041 1214 1092 Ἰεσσαὶ
1253 1041 1507 1111 ἐγέννησε
1546 1039 1637 1092 τὸν
1673 1040 1851 1094 Δαϐίδ.
1890 1059 1906 1089 ›

343 1131 542 1185 Τοῦτον
564 1131 608 1182 δ’
630 1125 722 1183 οὖν
747 1131 908 1184 αὑτὸν
931 1130 1167 1184 τέθειται
1189 1131 1281 1184 καὶ
1301 1134 1328 1184 6
1351 1131 1624 1195 Ματθαῖος
1655 1133 1744 1186 τὸν
1786 1133 1911 1203 τρόμ-

344 1236 445 1272 πον
479 1217 574 1289 (6).

315 1320 323 1338 ‘
415 1311 482 1380 β’.
520 1312 586 1363 Ἠ
607 1311 665 1364 δέ
686 1329 749 1380 γε
766 1312 958 1383 πρώτη
972 1312 1077 1367 τῶν
1099 1312 1392 1367 Βασιλειῶν
1413 1313 1536 1384 ἑξῆς
1558 1312 1910 1384 διαδεξαμένη

310 1403 436 1487 i11'};
475 1402 632 1455 Ῥοὺθ
677 1403 774 1475 τὴν
822 1405 1060 1475 γραφὴν,
1091 1404 1200 1457 άπὸ
1244 1404 1352 1458 τῶν
1397 1404 1638 1457 κάτωθεν
1686 1405 1907 1481 ἄνεισιν,

338 1495 527 1566 ὥσπερ
550 1491 642 1549 οῦν
675 1496 975 1568 πεποίηκεν
1008 1499 1036 1550 6
1057 1498 1296 1562 Λουκᾶς·
1322 1497 1412 1550 τὸν
1437 1496 1564 1565 γοῦν
1586 1494 1794 1568 πατέρα
1817 1495 1911 1548 τοῦ

339 1586 588 1658 Σαμουὴλ
619 1587 711 1639 τὸν
749 1587 978 1640 Ἐλκανᾶ
1006 1587 1411 1656 γενεαλογοῦσα
1435 1580 1538 1640 ὧδέ
1572 1604 1725 1658 φησι·
1759 1604 1777 1634 ι
1803 1586 1913 1638 Καὶ

340 1677 552 1745 ἐγένετο
595 1677 878 1748 ἄνθρωπος
925 1678 982 1743 ἐξ
1021 1679 1333 1749 Ἀρμαθαὶμ
1383 1677 1614 1748 Σουφεὶρ
1659 1677 1717 1744 ἐξ
1755 1677 1914 1744 ὅρους

353 1767 592 1840 Ἐφραϊμ
614 1787 626 1798 ·
665 1768 758 1822 καὶ
795 1769 963 1839 δνομα
1005 1769 1153 1839 αὐτῷ
1197 1769 1446 1831 Ἐλκανᾶ,
1475 1769 1589 1832 υἱὸς
1625 1767 1909 1839 Ἱερεμιὴλ,

343 1861 458 1912 υἱοῦ
475 1859 669 1924 Ἡλίου,
699 1861 814 1914 υἱοῦ
841 1860 996 1924 Θοοῦ,
1025 1861 1141 1913 υἱοῦ
1171 1860 1330 1930 Σοῦρ,
1363 1861 1736 1932 Ἐφραταϊος.›
1757 1858 1915 1911 Ἀλλὰ

339 1952 439 2005 καὶ
482 1953 540 2005 ἐν
581 1955 691 2015 τοῖς
726 1953 1223 2024 Παραλειπομένοις
1253 1954 1328 2024 (7)
1375 1953 1507 2007 ποτὲ
1542 1953 1640 2024 μὲν
1667 1952 1776 2006 ἀπὸ
1805 1952 1914 2005 τῶν

342 2042 575 2114 πρώτων
617 2044 717 2105 ἐπὶ
749 2045 875 2107 τοὺς
901 2044 1183 2117 δευτέρους
1229 2044 1461 2115 καθεξῆς
1502 2044 1745 2115 πρόεισιν
1771 2045 1798 2097 6
1829 2043 1916 2096 λό-

340 2151 456 2203 γος,
483 2137 548 2205 τῇ
575 2133 669 2187 τοῦ
707 2134 987 2188 Ματθαὶου
1025 2137 1208 2207 γραφῇ
1250 2134 1662 2206 παραπλησίως,
1699 2134 1826 2188 ποτὲ
1857 2135 1914 2188 δὲ

342 2226 598 2297 ἐμφερῶς
645 2226 722 2296 τῷ
769 2228 953 2298 Λουκᾷ
994 2227 1335 2295 γενεαλογεῖο
1368 2227 1596 2280 ἄκουσον
1644 2226 1774 2294 γοῦν
1820 2226 1914 2279 καὶ

338 2318 524 2371 τῶνδε·
562 2337 580 2368 ι
611 2317 792 2380 Δαϐἱδ,
825 2319 1010 2388 φησὶν,
1044 2313 1111 2388 ἦν
1160 2318 1273 2381 υἱὸς
1321 2315 1586 2386 Σολομῶν,
1616 2319 1728 2381 υἱὸς
1759 2318 1913 2371 Σολο-

346 2407 464 2480 μῶν
505 2408 756 2478 Ῥοϐοάμ,
776 2409 929 2462 Ἀϐιά
957 2408 1070 2472 υἱὸς
1097 2408 1284 2472 αὐτοῦ,
1305 2408 1433 2461 Ἀσὰ
1455 2409 1568 2471 υἱὸς
1598 2408 1784 2472 αὐτοῦ,
1801 2410 1912 2463 Ἰω-

345 2498 520 2568 σαφὰτ
564 2499 676 2562 υἱὸς
723 2498 1129 2571 αὑτοῦ,’ῐωρὰμ
1174 2500 1288 2562 υἱὸς
1321 2498 1507 2563 αὐτοῦ,
1525 2500 1768 2569 Ὀχοζίας
1800 2501 1912 2564 υἱὸς

343 2590 528 2654 αὑτοῦ,
548 2591 696 2654 Ἱωὰς
743 2590 857 2654 υἱὸς
890 2589 1074 2656 αὑτοῦ,
1094 2591 1356 2662 Ἀμασίας
1388 2591 1500 2654 υἱὸς
1530 2590 1694 2644 αὑτοῦ
1714 2609 1726 2621 ”
1761 2610 1782 2645 t
1818 2593 1910 2646 καὶ

340 2680 481 2734 οῦτω
530 2682 758 2753 καθεξῆς
804 2682 1014 2736 κάτεισι
1083 2682 1243 2754 μέχρι
1276 2683 1369 2736 τοῦ
1410 2684 1656 2755 Ἰεχονίου
1685 2684 1777 2737 καὶ
1813 2686 1910 2756 τῆς

337 2775 418 2836 εἱς
457 2774 748 2827 Βαϐυλῶνα
776 2774 1170 2846 αἰχμαλωσίας,
1199 2775 1275 2840 ὡς
1309 2775 1338 2828 6
1371 2775 1772 2839 Ma16ai'0c;.'0c;
1800 2776 1854 2829 δὲ
1882 2779 1910 2829 6

335 2865 571 2928 Λουκᾶς,
600 2866 633 2935 ἡ
656 2864 793 2936 αὑτὴ
819 2865 977 2918 πάλιν
1008 2865 1178 2919 ἄνεισι
1206 2865 1396 2937 Γραφὴ
1429 2866 1519 2919 τὸν
1553 2865 1803 2937 Σαμουὴλ
1825 2883 1910 2934 γε·

337 2955 699 3024 νεαλογοῦσαο
747 2958 880 3028 φησὶ
931 2956 1094 3026 γοῦνα
1146 2976 1164 3007 ι
1194 2956 1444 3028 Σαμουὴλ
1499 2957 1616 3011 υἱοῦ
1657 2958 1906 3021 Ἐλκανᾶ,

336 3046 454 3100 υἱοῦ
497 3048 776 3120 Ἱεροϐοὰμ
827 3048 944 3119 (8),
989 3047 1104 3101 υἱοῦ
1150 3049 1356 3121 Ἥλιὴλ,
1410 3050 1521 3102 υἱοῦ
1584 3050 1738 3117 Θοοῦ,
1791 3050 1907 3103 υἱοῦ

2017 598 2104 637 res
2165 582 2276 653 (hic
2309 590 2424 636 erat
2465 580 2618 635 Juda:
2644 579 2966 649 patriarchae
3001 579 3199 648 ﬁlius).
3237 577 3442 633 Phares
3484 596 3580 649 ge-

2015 675 2138 726 nuit
2195 672 2517 739 Esronem;,
2546 672 2722 727 Esron
2763 671 2950 742 genuit
3000 669 3301 736 Aramum;
3344 671 3578 727 Aramus

2015 764 2202 834 genuit
2236 763 2670 829 Aminadabum;
2731 763 3105 817 Aminadabus
3136 763 3324 832 genuit
3378 761 3580 818 Nasso—

2014 872 2174 922 nem;
2231 851 2453 910 Nasson
2494 858 2682 926 genuit
2734 853 3080 917 Salmonem;
3126 853 3348 908 Salmon
3394 855 3582 924 genuit

2013 944 2290 1006 Boozum;
2355 942 2567 998 Boozus
2633 944 2821 1014 genuit
2888 943 3167 1009 Obedum;
3229 941 3448 999 Obedus
3487 959 3582 1013 ge-

2014 1036 2132 1089 nuit
2162 1033 2457 1099 Jessaeum;
2487 1033 2722 1088 Jessacus
2763 1035 2950 1102 genuit
2996 1032 3253 1088 Davidem
3280 1034 3377 1086 η.»
3427 1031 3579 1086 Hanc

2013 1128 2180 1196 igitur
2210 1125 2502 1180 Matthteus
2536 1140 2753 1195 quoque
2797 1127 3124 1196 genealogize
3161 1126 3464 1181 scribendas
3495 1141 3580 1180 ra-

2013 1219 2218 1272 tionem
2257 1225 2498 1272 sectatus
2530 1225 2634 1271 est.

2081 1309 2134 1364 2.
2173 1308 2242 1362 At
2275 1310 2484 1380 primus
2522 1306 2729 1379 Regum
2762 1308 2919 1371 liber,
2949 1309 3041 1381 qui
3073 1307 3267 1364 Rutha:
3295 1308 3578 1367 historiam

2014 1401 2388 1472 subsequitur,
2427 1400 2640 1455 inferne
2671 1400 2936 1466 ascendit,
2968 1408 3027 1454 ut
3070 1401 3126 1455 ﬁt
3172 1401 3312 1471 apud
3353 1400 3576 1455 Lucam.

2014 1493 2223 1564 Quippe
2277 1493 2549 1556 llelcanaa,
2596 1491 2696 1560 qui.
2723 1499 2876 1561 pater
2926 1490 3030 1545 fuit
3075 1490 3361 1554 Samuelis,
3410 1506 3582 1562 genus

2011 1602 2326 1650 recensens,
2363 1586 2442 1640 ait
2469 1605 2482 1640 :
2514 1603 2539 1635 ι·
2567 1586 2670 1639 fuit
2698 1587 2784 1638 vir
2811 1600 2878 1639 ex
2925 1584 3239 1638 Armathem
3284 1583 3486 1653 Suphir
3513 1583 3584 1638 de

2013 1685 2196 1731 monte
2228 1675 2536 1746 Epliraimi;
2570 1691 2769 1730 nomen
2811 1676 2930 1743 ejus
2977 1675 3238 1737 Helcana,
3288 1674 3427 1728 ﬁlius
3466 1673 3587 1729 Hie-

2015 1768 2271 1831 remielis,
2321 1766 2412 1820 ﬁlii
2468 1766 2618 1832 Elim,
2677 1766 2769 1820 ﬁlii
2821 1766 2979 1830 Thoi,
3036 1766 3130 1820 ﬁlii
3178 1767 3325 1830 Suri,
3372 1766 3582 1836 Ephra-

1945 1844 1987 1899 Β
2017 1859 2240 1914 tatus”.
2267 1877 2284 1910 ι
2324 1857 2428 1912 Sed
2458 1866 2511 1912 et
2543 1859 2597 1912 in
2630 1857 3060 1928 Paralipomcnis
3090 1858 3252 1913 modo
3282 1873 3309 1911 a
3339 1858 3587 1928 superio-

2016 1950 2168 2004 ribus
2219 1949 2287 2002 ad
2339 1957 2599 2018 posteros
2631 1947 2752 2002 ﬂuit
2802 1961 3021 2011 sermo,
3068 1954 3128 2001 ut
3179 1947 3236 2000 ﬁt
3266 1946 3407 2016 apud
3450 1946 3585 2001 Mat-

2016 2043 2236 2106 thaeum,
2267 2041 2430 2095 modo
2463 2055 2617 2110 atque
2651 2055 2716 2094 ac
2747 2039 2888 2109 apud
2918 2039 3120 2094 Lucam
3154 2041 3424 2109 prosapize
3449 2040 3586 2094 scri-

2021 2130 2248 2185 buntur.
2287 2129 2428 2184 Audi
2462 2145 2592 2200 ergo
2625 2137 2679 2184 et
2713 2129 2828 2184 haec
2859 2149 2873 2184 :
2909 2147 2926 2180 ι
2964 2127 3204 2196 Davidis,
3243 2129 3418 2198 inquit
3447 2145 3586 2199 prte-

2014 2221 2196 2278 dictus
2218 2223 2375 2287 liber,
2409 2223 2553 2279 ﬁlius
2610 2231 2729 2278 erat
2780 2221 3075 2286 Salomon;
3106 2222 3270 2293 hujus
3297 2223 3441 2276 lilius
3471 2220 3584 2279 Ro-

2011 2315 2272 2383 boamus;
2298 2316 2466 2385 hujus
2487 2317 2629 2372 ﬁlius
2652 2316 2824 2380 Abia;
2858 2317 3022 2386 hujus
3053 2317 3214 2387 ﬁlius,
3241 2314 3380 2384 Osa;
3417 2317 3582 2385 hujus

2012 2410 2156 2465 ﬁlius
2182 2409 2542 2480 Josaphat—us;
2567 2409 2732 2478 hujus
2756 2409 2899 2464 ﬁlius
2921 2409 3208 2473 Joramus;
3245 2410 3408 2478 hujus
3433 2410 3578 2464 ﬁlius

2012 2497 2311 2568 Ochozias;
2364 2501 2530 2570 hujus
2579 2500 2722 2556 ﬁlius
2754 2499 2986 2567 Joasus;
3017 2499 3182 2569 hujus
3222 2499 3364 2555 ﬁlius
3410 2500 3579 2554 Ama-

2012 2593 2124 2646 sias
2151 2593 2214 2624 “-
2250 2612 2268 2645 ι
2295 2593 2482 2664 Atque
2511 2595 2588 2647 ita
2626 2608 2693 2648 ex
2730 2593 2920 2648 ordine
2968 2592 3250 2648 descendit
3297 2609 3471 2664 usque
3511 2593 3580 2647 ad

2010 2683 2321 2740 Jechoniam
2355 2694 2516 2755 atque
2541 2684 3022 2759 adBabylonicam
3046 2684 3436 2754 captivitatem,
3467 2700 3575 2739 non

2011 2791 2171 2831 secus
2216 2783 2377 2846 atque
2408 2776 2710 2831 Matthaaus.
2758 2775 2980 2840 Contra,
3015 2775 3092 2832 uti
3138 2775 3336 2838 Lucas,
3383 2775 3576 2830 eadem

2011 2882 2211 2924 rursus
2254 2870 2511 2924 ascendit
2558 2868 2840 2938 Scriptura
2892 2869 3020 2923 dum
3081 2867 3350 2923 Samuelis
3404 2884 3579 2940 genus

2009 2969 2249 3016 enarrat.
2292 2961 2380 3015 Ait
2428 2960 2572 3015 enim
2603 2979 2615 3014 :
2646 2979 2664 3010 ι
2699 2959 2972 3016 Samuelis
3020 2961 3112 3014 ﬁlii
3164 2959 3446 3023 Helcanze,
3483 2959 3582 3014 lilii

2009 3049 2374 3114 Hieroboami,
2408 3051 2502 3104 ﬁlii
2533 3049 2784 3126 :Helielis,
2822 3050 2915 3104 ﬁlii
2960 3050 3117 3114 Thoi,
3157 3050 3250 3104 ﬁlii
3289 3049 3445 3114 Suri,
3481 3050 3580 3105 ﬁlii

335 3143 475 3216 Σοὺρ
502 3144 600 3213 (9).
645 3143 760 3196 υἱοῦ
801 3144 1051 3207 Ἑλκανᾶ,
1094 3143 1210 3196 υἱοῦ
1251 3143 1422 3216 Ἰωὴλ,
1475 3143 1592 3196 υἱοῦ
1636 3143 1904 3214 Ἀζαρὶου,

2013 3141 2278 3206 Helcanae,
2304 3143 2396 3198 ﬁlii
2418 3142 2644 3207 Johelis,
2671 3142 2762 3196 ﬁlii
2783 3143 3010 3208 Azarim,
3045 3141 3135 3196 ﬁlii
3161 3141 3464 3214 Sophoniae,
3487 3143 3582 3198 lilii

336 3233 452 3287 υἱοῦ
507 3234 780 3304 Σοφονίου,
830 3233 950 3287 υἱοῦ
998 3234 1172 3306 Θαὰρ,
1206 3234 1324 3288 υἱοῦ
1371 3235 1551 3307 Ἀσεὶρ
1603 3234 1734 3306 (10),
1789 3233 1906 3287 υἱοῦ

347 3326 628 3399 ’Δϐιάσαρ,
668 3328 782 3380 υἱοῦ
812 3328 978 3402 Κορὲ,
1012 3327 1128 3381 υἱοῦ
1167 3328 1406 3398 Ἰσσαὰρ,
1441 3327 1556 3380 υἱοῦ
1588 3325 1764 3390 Καὰθ,
1790 3324 1914 3378 υἱοῦ-

333 3418 484 3483 Λευῒ,
529 3417 648 3471 υἱοῦ
685 3418 926 3490 ’1σραήλ’
967 3439 986 3471 ι
1024 3421 1116 3473 καὶ
1160 3421 1260 3490 ὅρα
1307 3423 1356 3473 εἱ
1397 3419 1470 3491 μὴ
1523 3419 1776 3490 ἄντικρυς
1817 3422 1908 3473 τὸν

336 3508 516 3579 ὅμοιον
543 3509 750 3572 τούτοις
779 3510 1084 3580 μεμίμηται
1119 3511 1316 3581 τρόπον
1348 3513 1376 3563 6
1401 3513 1611 3574 Λουκᾶς
1631 3529 1643 3541 ·
1673 3511 1841 3581 μυρία
1864 3510 1908 3562 δ’

335 3593 402 3648 ἂν
447 3595 541 3648 καὶ
587 3595 748 3658 αὐτὸς
780 3595 959 3668 εὕροις
990 3597 1212 3650 τοιαῦτα
1235 3613 1248 3626 ⁵
1280 3599 1371 3666 ἀφ’
1405 3593 1479 3652 ὧν
1510 3600 1751 3652 λείπεται
1783 3603 1908 3670 ὁμο-

335 3687 536 3756 λογεῖν,
569 3689 728 3759 μηδὲν
756 3688 958 3754 ξενίζον
991 3691 1343 3761 πεποιηκέναι
1376 3694 1499 3755 τοὺς
1535 3693 1625 3746 τοῦ
1659 3694 1908 3764 Σωτῆρος

337 3779 494 3851 ἡμῶν
516 3780 899 3849 εὐαγγελιστάς
915 3798 926 3810 ·
954 3784 1052 3835 οὐκ
1077 3765 1252 3853 ὀρθῶς
1275 3783 1380 3855 γὰρ
1409 3784 1581 3836 οἴεταί
1605 3803 1688 3847 τις
1714 3784 1907 3846 αὐτοὺς

333 3873 619 3940 διαφωνεῖν
638 3888 651 3901 ·
681 3871 935 3944 ἑκάτερος
961 3873 1068 3942 γὰρ
1092 3873 1274 3944 οἰκείῳ
1303 3874 1545 3945 λογισμῷ
1571 3875 1668 3946 τὴν
1694 3875 1906 3927 ἔνθεσιν

335 3965 626 4037 πεποίηται
671 3967 769 4037 τῆς
807 3969 1049 4037 γραφῆς,
1079 3966 1109 4018 6
1143 3968 1240 4036 μὲν
1269 3969 1376 4022 ἀπὸ
1403 3969 1496 4022 τοῦ
1540 3970 1788 4041 Ἀϐραὰμ
1811 3972 1908 4041 ἀρ-

335 4054 566 4127 ξάμενος
595 4059 682 4112 διὰ
707 4059 803 4130 τὴν
834 4057 1144 4129 οἰκονομίαν
1183 4060 1278 4112 τοῦ
1308 4063 1436 4131 παρ’
1459 4061 1608 4131 αὑτῷ
1640 4061 1817 4130 λόγου,
1848 4063 1906 4115 ὃν

332 4146 394 4199 οὐ
419 4148 606 4218 καιρὸς
625 4151 719 4204 νῦν
743 4149 1064 4220 ἑρμηνεύειν
1079 4165 1094 4178 ·
1116 4150 1143 4202 6
1163 4149 1218 4202 δέ
1239 4151 1332 4203 καὶ
1355 4152 1444 4206 τὸν
1475 4153 1726 4224 Ἀϐραὰμ
1741 4154 1908 4225 ὑπερ-

333 4237 435 4302 ϐὰς
470 4241 562 4292 ὲπὶ
588 4259 647 4292 τε
678 4241 768 4293 τὸν
793 4241 1007 4312 πρῶτον
1037 4241 1320 4314 ἄνθρωπον
1355 4243 1618 4297 ἀνελθών·
1645 4247 1740 4299 καὶ
1773 4246 1904 4316 μηδὲ

336 4331 495 4402 μέχρι
529 4331 718 4384 τούτου
753 4333 903 4398 στὰς,
934 4334 1026 4386 τὸν
1055 4334 1231 4389 πάντα
1268 4335 1322 4388 δὲ
1358 4335 1511 4404 λόγον
1538 4337 1631 4389 ἐπὶ
1663 4337 1752 4390 τὸν
1775 4337 1906 4390 Θεὸν

331 4424 662 4496 ἀναρτήσας,
691 4426 778 4480 διὰ
802 4430 899 4498 τῆς
931 4429 988 4480 ἐν
1018 4429 1236 4500 Χριστῷ
1263 4431 1677 4500 παλιγγενεσίας
1705 4431 1906 4503 μυστή-

332 4534 448 4589 ριον
470 4519 809 4583 ἀναϐιϐάζει.

1086 4634 1160 4688 Γ’.

328 4736 461 4803 Πῶς
491 4741 522 4792 ὀ
544 4739 663 4814 μὲν
685 4741 980 4814 Ματθαῗος
1005 4741 1122 4795 ἀπὸ
1140 4743 1257 4814 ’τοῦ
1279 4744 1457 4796 Δαϐἱδ
1499 4745 1594 4798 καί
1633 4745 1903 4814 Σολομῶ-

398 4825 506 4873 νος
532 4809 841 4902 ῥιαὸόχη
1013 4811 1215 4902 Ἰαξιὼᾷ
1255 4814 1603 4902 καὶιἸιὲρέῂφ
1644 4809 1900 4902 ςὰῃγῖένη

397 4880 635 4947 κατάγει
659 4895 699 4962 ἰ
728 4883 760 4932 ὀ
908 4881 1144 4946 Λουκᾶς
1184 4883 1300 4936 ἀπὸ
1347 4884 1528 4936 Δαϐὶδ
1563 4880 1664 4937 καὶ
1700 4880 1904 4939 Naidas;

399 4947 628 5024 παίδων
662 4949 789 5024 {gauli
819 4951 1070 5024 H.ll_xai
1102 4952 1332 5020 Ἰωσὴφ,
1375 4954 1658 5021 ἐναντίως
1701 4973 1903 5024 γενεα-

397 5018 596 5086 λογῶν
626 5012 704 5084 τῷ
732 5022 1024 5088 Ματθαίῳ.

397 5116 466 5163 α’.
511 5108 584 5163 T6
615 5110 794 5182 τρίτον
831 5112 937 5164 τῶν
964 5114 1340 5184 προταθέντων
1385 5115 1572 5184 καιρὸς
1603 5118 1890 5186 ἐπισκέψα-

327 5203 451 5256 σθαι
470 5220 481 5232 ·
512 5202 696 5266 ἀτενὲς
717 5200 808 5255 οὖν
833 5207 951 5267 ταῖς
969 5204 1177 5272 λέξεσιν
1206 5208 1395 5271 αὐταῖς
1415 5209 1782 5280 ἐπερείσωμεν
1803 5211 1901 5280 τὴν

325 5293 532 5348 ἑαυτῶν
554 5292 815 5348 διάνοιανο
851 5291 1047 5365 ῖόωμεν
1075 5295 1130 5348 δέ
1157 5296 1208 5349 τί
1238 5315 1402 5368 φησιν
1423 5300 1451 5351 6
1473 5300 1683 5364 Λουκᾶς
1703 5317 1715 5329 ·
1752 5320 1769 5352 ι
1793 5302 1902 5355 Καὶ

2013 3234 2236 3299 Thaari,
2276 3235 2368 3289 ﬁlii
2411 3234 2578 3298 Asiri,
2633 3235 2728 3287 ﬁlii
2771 3234 3070 3298 Abiasaris,
3117 3235 3210 3288 ﬁlii
3254 3233 3428 3297 Corae.
3488 3234 3580 3290 ﬁlii

2011 3327 2231 3390 Issaari,
2285 3325 2375 3380 ﬁlii
2415 3325 2627 3385 Caathi,
2681 3324 2773 3378 ﬁlii
2818 3322 3028 3388 Leviui,
3081 3324 3173 3378 ﬁlii
3215 3323 3524 3380 lsraelis“.
3555 3344 3574 3377 ι

2010 3417 2180 3472 Porro
2207 3418 2358 3474 vides
2387 3430 2447 3472 ut
2475 3419 2631 3487 plane
2661 3417 2807 3471 hunc
2849 3432 3054 3471 morem
3098 3415 3274 3472 Lucas
3315 3417 3578 3473 imitetur.

2013 3508 2276 3564 Sexcenta
2305 3509 2571 3579 ejusmodi
2599 3509 2842 3578 exempla
2870 3509 3096 3579 ipsemet
3123 3509 3405 3564 invenies:
3431 3509 3576 3563 unde

2010 3604 2254 3670 sequitur
2279 3608 2337 3653 ut
2385 3599 2673 3663 fateamur,
2713 3601 2867 3654 niliil-
2892 3601 3172 3655 insolitum
3205 3599 3400 3654 fecisse
3444 3599 3581 3656 Ser--

2006 3692 2212 3748 vatoris
2235 3693 2406 3746 nostri
2435 3695 2798 3764 evangelistas
2823 3712 2836 3747 :
2862 3709 3037 3764 neque
3059 3694 3254 3747 merito
3285 3694 3573 3762 quisquam

2007 3783 2219 3854 putabit
2247 3799 2340 3838 eos
2374 3785 2606 3839 invicem
2653 3785 2943 3840 dissidere.
2977 3785 3218 3854 Uterque
3264 3785 3408 3838 enim
3447 3799 3577 3854 pro-

2008 3875 2127 3944 prio
2157 3875 2366 3929 calculo
2390 3875 2810 3943 descriptionem
2835 3875 3073 3931 instituit
3100 3895 3112 3929 :
3146 3876 3282 3930 alter
3303 3876 3370 3929 ab
3397 3875 3578 3929 Abra-

2010 3966 2169 4019 hamo
2200 3966 2412 4020 initium
2449 3967 2694 4036 capiens,
2719 3967 2790 4021 ob
2816 3968 2901 4022 sui
2947 3967 3216 4023 sermonis
3245 3967 3574 4037 peculiarem

2003 4058 2293 4121 rationem,
2326 4073 2489 4128 quam
2523 4059 2578 4112 in
2625 4059 2880 4128 pra-senti
2913 4075 3021 4114 non
3054 4067 3210 4114 vacat
3258 4073 3570 4130 exponere:

2007 4150 2143 4203 alter
2167 4150 2341 4218 ipsum
2367 4149 2734 4204 Abrahamum
2769 4158 3210 4222 praetergressus,
3242 4150 3308 4204 ad
3339 4149 3573 4219 primum

2007 4259 2179 4313 usque
2231 4243 2502 4297 hominem
2551 4243 2948 4314 venitzneque
2985 4243 3040 4297 in
3091 4244 3193 4296 hoc
3249 4242 3423 4306 sistit,
3479 4243 3574 4298 sed

2009 4349 2165 4389 suam
2198 4349 2413 4390 omnem
2441 4334 2726 4390 historiam
2757 4351 2880 4390 cum
2927 4335 3038 4391 Deo
3079 4337 3270 4399 nectit,
3297 4335 3424 4389 dum
3455 4350 3575 4388 eam

2005 4423 2258 4479 videlicet
2299 4440 2396 4494 per
2429 4426 2858 4495 regenerationis
2893 4425 2950 4480 in
2988 4426 3208 4482 Christo
3255 4425 3574 4496 mysterium

1931 4516 1975 4571 Ι)
2005 4516 2060 4571 in
2096 4517 2329 4573 sublime
2357 4517 2556 4574 evehit.

2743 4629 2832 4686 HI.

2007 4746 2278 4814 Quomodo
2318 4745 2604 4817 Matt/unus
2636 4747 2847 4817 quidem
2885 4765 2918 4801 a
2961 4745 3166 4817 Davide
3208 4746 3423 4816 ejusque
3452 4763 3572 4800 suc-

2075 4833 2278 4871 cessore
2308 4815 2589 4871 Salomone
2620 4815 2688 4870 ad
2716 4817 2974 4871 Iacobum
2995 4826 3044 4870 et
3072 4815 3356 4885 Joaephuni
3383 4833 3573 4884 prosa-

2073 4888 2188 4956 pias
2232 4887 2456 4940 deducat
2485 4903 2501 4938 :
2532 4887 2704 4940 Lucas
2737 4897 2911 4942 autem
2953 4905 2986 4940 a
3021 4887 3216 4940 Davide
3255 4896 3407 4956 atque
3455 4885 3571 4938 Na-

2077 4957 2230 5011 thane
2259 4966 2412 5027 atque
2436 4974 2468 5009 a
2493 4958 2669 5012 liberis
2691 4957 2846 5027 hujus
2881 4957 2949 5011 ad
2986 4957 3158 5010 Helim
3187 4966 3233 5009 el
3263 4955 3569 5027 Joseplzum,

2072 5025 2339 5081 contraria
2387 5027 2639 5082 Manlin
2676 5025 2881 5082 ratione
2927 5028 3283 5098 genealogiam
3313 5025 3568 5080 scribens.

2077 5121 2126 5174 1.
2173 5121 2354 5176 Tertia
2389 5121 2502 5191 jam
2542 5122 2772 5191 qucestio
2822 5118 3221 5174 consideranda
3267 5125 3370 5172 est.
3400 5115 3572 5172 Porro

2003 5212 2138 5280 ipsis
2184 5213 2367 5268 verbis
2413 5221 2573 5269 acute
2619 5221 2855 5268 mentem
2907 5221 3150 5266 nostram
3199 5209 3567 5265 intendamus.

2002 5303 2195 5373 Agesis
2226 5302 2512 5360 videamus
2541 5305 2671 5374 quid
2704 5303 2879 5360 Lucas
2902 5301 3072 5357 dicat.
3115 5321 3132 5353 ι
3167 5300 3233 5354 Et
3267 5301 3380 5371 ipse.
3409 5296 3572 5358 Jesus

330 5449 372 5478 ”
411 5447 576 5505 Ruth.
608 5465 682 5511 iv,
717 5448 905 5504 18-22.
983 5450 1027 5482 ¹³
1065 5449 1085 5504 1
1116 5449 1250 5522 Reg.
1287 5467 1342 5514 ι,
1375 5453 1428 5507 ί.
1505 5454 1549 5487 ¹⁵
1587 5453 1607 5506 1
1638 5453 1764 5512 Par.
1796 5472 1889 5522 ιιι,

2009 5500 2014 5513 .
2094 5458 2136 5490 ⁸⁵
2172 5457 2351 5516 IP‘ar.
2385 5476 2474 5527 vr,
2510 5460 2602 5517 34.

397 5604 474 5681 (6)
505 5603 649 5681 _C0n_|.
682 5603 748 5663 A.
779 5604 966 5661 τοῦτον
994 5607 1057 5680 δὴ
1091 5603 1184 5662 οὖν
1216 5608 1308 5662 τὸν
1329 5609 1531 5681 τρόπον
1565 5611 1658 5663 καὶ
1683 5611 1709 5663 6
1740 5612 1895 5665 Ματ-

328 5674 476 5737 θαῖος
502 5675 655 5744 ἐλεοίη
663 5692 772 5728 σεεν.

397 5745 475 5824 ι’ῐ)
515 5742 655 5824 Tam
684 5746 735 5798 in
769 5747 1003 5818 epitome
1024 5764 1183 5819 quam
1210 5748 1264 5804 in
1297 5749 1417 5806 cod.
1454 5749 1516 5816 Λ,
1547 5753 1603 5805 ὲν
1633 5754 1750 5816 ταῖς
1781 5751 1892 5806 Πα-

330 5833 417 5885 ρσλιο
429 5827 764 5883 ειπομεναις,

2075 5614 2151 5686 l8)
2192 5615 2325 5670 Cod.
2362 5616 2426 5676 A.
2470 5612 2765 5686 Ἱερρμιήλ,
2801 5623 2854 5670 et
2884 5630 3010 5671 mox
3055 5612 3254 5672 Ἐλίου.

2075 5685 2153 5753 (9)
2196 5685 2338 5754 Epit.
2363 5685 2554 5756 Eoutpé.

2075 5756 2183 5827 (ιο)
2223 5756 2356 5811 Cod.
2393 5757 2458 5820 Α,
2511 5756 2694 5828 Ἀσήρ.
