4112 6450
509 362 618 421 895

1256 364 1522 421 EUSEBII
1561 365 2037 423 CESARIENSRS
2074 366 2223 423 OPP.
2259 365 2440 422 PARS
2474 365 2562 423 Ill.
2598 398 2668 408 —
2705 362 3112 421 EXEGETICA.

3640 362 3749 422 896

506 486 625 535 erat
656 478 922 551 incipiens
968 482 1127 552 quasi
1155 496 1424 539 annorum
1474 483 1722 555 triginta,
1751 490 1814 540 ut
1841 485 2071 557 putaba—

2178 484 2334 548 αὐτὸς
2378 485 2408 537 6
2448 484 2652 556 Ἰησοῦς
2676 477 2747 555 ἦν
2769 483 3067 556 ἀρχόμενος
3095 480 3227 534 ὡσεὶ
3267 481 3404 535 ἐτῶν
3428 479 3745 552 τριάκοντα,

504 572 617 633 tur,
650 571 792 627 (ilius
818 570 1060 642 Iosephi,
1094 573 1188 629 lilii
1218 573 1360 640 Heli,
1386 574 1482 630 ﬁlii
1509 575 1725 633 Melchi.
1755 596 1775 630 ι
1805 576 1957 633 Haud
1990 586 2071 635 ta-

505 677 631 717 men
660 662 945 720 Matthagus
968 681 1102 721 usus
1130 675 1213 722 est
1232 682 1364 723 voce
1399 686 1419 720 ι
1442 675 1509 732 ut
1526 669 1842 738 putabatur.
1878 689 1896 722 ι
1929 669 2070 737 Quid

507 769 672 825 porro
715 757 831 810 ait?
878 776 895 808 ι
921 756 1231 814 Mattbanus
1278 759 1466 830 genuit
1504 758 1805 829 Jacobum;
1835 761 2071 819 Jacobus

505 853 688 903 autem
723 848 912 918 genuit
939 846 1261 920 Josephum.
1293 871 1313 904 ι
1360 851 1525 907 Aliud
1567 868 1699 908 vero
1742 862 1827 909 est
1854 862 2066 923 putare,

504 937 653 991 aliud
685 952 786 992 ceu
815 952 907 993 res
935 937 1011 993 ita
1040 953 1101 994 se
1125 938 1324 993 habeat
1349 938 1636 994 alIirmare.
1671 937 1729 994 Si
1751 938 1916 1010 igitur
1936 938 2073 994 Mat-

505 1027 649 1097 thteo
700 1027 999 1084 afﬁrmante
1037 1027 1335 1099 Josephum
1386 1028 1558 1084 ﬁlium
1601 1044 1725 1085 esse
1775 1027 1965 1085 Jacobi
2017 1038 2073 1084 et

506 1118 796 1185 Matthani,
831 1119 1008 1177 Lucas
1050 1121 1303 1178 similiter
1346 1122 1701 1177 contenderet
1728 1123 1901 1176 ﬁlium
1950 1136 2073 1177 esse

504 1207 623 1263 Beli
676 1225 740 1264 ac
778 1209 996 1276 Melchi,
1041 1226 1169 1266 vere
1212 1227 1391 1283 pugna
1428 1211 1677 1283 quaedam
1725 1220 1870 1269 esset
1911 1221 2073 1283 atque

504 1299 814 1366 conﬂictus,
839 1310 1003 1371 atque
1046 1316 1185 1371 opus
1219 1313 1365 1360 esset
1405 1305 1635 1360 arbitrio
1670 1306 1764 1374 qui
1795 1305 2072 1373 evangeli-

505 1401 622 1449 stas
662 1400 1038 1464 componeret.
1076 1391 1235 1449 Nunc
1280 1403 1463 1451 autem
1494 1411 1618 1452 cum
1657 1396 1942 1451 Matthmus
1983 1395 2074 1450 ﬁr-

504 1484 665 1538 miter
721 1490 1018 1549 asseveret,
1059 1482 1241 1542 Lucas
1283 1500 1415 1541 vero
1460 1487 1606 1541 haud
1654 1487 1709 1542 id
1755 1486 2072 1555 contendat,

503 1576 601 1631 sed
640 1577 954 1647 opinionem
996 1578 1377 1633 tantummodo
1415 1579 1654 1649 proferat
1688 1579 1833 1650 apud
1876 1580 2077 1636 multos

503 1674 875 1739 pervagatam,
926 1682 1036 1731 non
1085 1682 1206 1737 quae
1236 1668 1381 1738 apud
1432 1684 1493 1725 se
1524 1670 1753 1741 vigeret,
1790 1669 1963 1736 nulla,
2016 1677 2077 1723 ut

502 1760 721 1830 opinor,
754 1759 985 1829 quaestio
1015 1765 1285 1828 superest.

2175 574 2251 640 ὢν
2274 574 2406 638 υἱὸς,
2437 575 2512 638 ὡς
2526 574 2825 645 ἐνομίζετο,
2857 573 2950 627 τοῦ
2966 572 3183 642 Ἰωσὴφ,
3206 569 3299 623 τοῦ
3316 569 3454 635 Ἠλὶ,
3480 570 3575 623 τοῦ
3600 570 3750 624 Μελι-

2168 668 2245 738 χί.
2261 686 2279 718 ι
2300 666 2436 733 ’ᾼλλ’
2447 666 2559 737 οὐχ’
2585 666 2615 719 ὃ
2640 682 2703 734 γε
2728 665 3003 728 Ματθαῖος
3027 665 3294 736 ἐχρήσατο
3320 664 3407 734 τῇ,
3424 679 3443 712 ι
3466 663 3541 726 ὡς
3566 663 3750 733 ἐνομί-

2169 759 2291 824 ζετο
2316 777 2336 812 ι
2362 760 2542 837 φωνῇ’
2570 758 2704 811 ἀλλὰ
2721 756 2773 811 τί
2801 774 2965 827 mea;
2997 774 3017 808 ι
3044 755 3266 810 Marer
3295 754 3351 807 δὲ
3379 754 3635 825 ἐγέννησε
3654 752 3751 810 τὸν

2182 844 2610 911 Ἰακὼ6,ἰακὼ6
2640 847 2697 900 δέ
2722 846 2977 917 ἐγέννησε
3008 846 3099 899 τὸν
3114 847 3375 916 Ἰωσήφ-ι
3406 844 3535 898 ἄλλο
3565 845 3624 898 δὲ
3651 845 3750 916 δή·

2173 957 2275 993 που
2304 939 2421 992 ἐστὶ
2444 938 2504 993 τὸ
2534 938 2794 1009 νομίζειν,
2827 938 2921 990 καὶ
2952 936 3080 992 ἄλλο
3104 937 3165 990 τὸ
3195 935 3370 1001 οὕτως
3397 935 3541 1007 ἔχειν
3564 936 3751 992 διαϐε-

2173 1030 2455 1087 ϐαιοῦσθαι
2473 1048 2486 1061 ο
2511 1032 2560 1084 εί
2589 1032 2686 1102 μὲν
2709 1030 2775 1101 δὴ
2799 1028 2890 1082 τοῦ
2914 1027 3194 1082 Ματθαίου
3214 1028 3752 1099 διαϐεϐαιωσαμένου

2171 1124 2264 1177 τὸν
2295 1123 2495 1194 Ἰωσὴφ
2523 1122 2637 1176 υἱὸν
2661 1116 2799 1176 εἶναι
2821 1118 3014 1174 Ἰακὼὸ
3040 1121 3136 1174 καὶ
3161 1119 3255 1174 τοῦ
3284 1120 3534 1184 Ματθάν,
3563 1123 3593 1174 6
3614 1121 3754 1176 Aou-

2170 1218 2273 1279 κᾶς
2321 1216 2520 1287 ὁμοίως
2564 1213 2937 1287 διισχυρίσατο
2975 1214 3067 1267 τὸν
3102 1214 3301 1284 Ἰωσὴφ
3326 1212 3609 1282 γεγονέναι
3638 1211 3754 1268 υἱδν

2170 1304 2265 1360 τοῦ
2302 1305 2424 1360 Ἠλὶ
2459 1304 2669 1372 καὶτοῦ
2700 1304 2894 1375 Μελχὶ,
2921 1303 3135 1377 ἀληθῶς
3167 1304 3315 1375 μάχη
3340 1322 3422 1368 τις
3441 1298 3510 1375 ἦν
3540 1303 3636 1359 καὶ
3656 1306 3755 1359 πό-

2172 1398 2361 1470 λεμος,
2397 1398 2490 1452 καὶ
2537 1392 2606 1469 ἦν
2649 1396 2757 1453 τῶν
2805 1397 3189 1469 διαιτησόντων
3221 1398 3406 1460 αὐτοῖς
3437 1398 3625 1470 χρεία·
3656 1398 3755 1454 νῦν

2172 1491 2229 1545 δὲ
2250 1492 2361 1557 ὅτε,
2388 1491 2483 1544 τοῦ
2512 1489 2794 1544 Ματθαίου
2816 1489 3371 1561 διαϐεϐαιωσαμένου,
3397 1492 3427 1543 6
3456 1492 3671 1555 Λουκᾶς
3688 1492 3752 1546 οὗ

2173 1583 2513 1651 διατείνεται,
2538 1582 2695 1651 δόξαν
2717 1582 2774 1637 δὲ
2800 1583 2950 1655 παρὰ
2977 1585 3089 1647 τοῖς
3116 1583 3330 1647 πολλοῖς
3357 1581 3753 1655 νενομισμένην

2174 1676 2406 1748 τίθησιν,
2436 1677 2495 1729 οὐ
2536 1675 2635 1746 τὴν
2683 1675 2815 1747 παρ’
2844 1674 2994 1746 αὐτῷ
3025 1674 3349 1746 κρατοῦσαν,
3383 1670 3537 1746 οἶμαι
3589 1673 3752 1746 μηδεν

2180 1766 2309 1839 μίαν
2338 1753 2724 1822 ὑπολείπεσθαι
2752 1766 2997 1839 ζήτησιν.

575 1851 630 1903 2.
670 1849 806 1905 Nam
860 1865 987 1905 cum
1025 1850 1191 1905 variae
1235 1850 1304 1906 de
1344 1850 1571 1907 Christo
1609 1851 1769 1907 fama;
1808 1852 1951 1907 inter
1980 1849 2079 1906 Ju-

2251 1861 2317 1933 βν.
2356 1860 2639 1931 Διαφόρων
2663 1858 2773 1932 γὰρ
2798 1857 2951 1930 παρά
2978 1858 3246 1923 Ἰουδαίοις
3274 1857 3595 1930 ὕπολήψεων
3623 1857 3755 1933 περὶ

506 1941 656 1997 ὀίεοε
686 1951 1043 1997 versarentur
1062 1981 1079 2009 ,
1106 1949 1161 1997 et
1197 1943 1385 1998 cuncti
1420 1944 1641 2014 quidem
1671 1943 2021 1999 concorditer
2047 1959 2079 1999 a

506 2032 711 2088 Davide
751 2049 874 2089 eum
919 2041 1247 2104 repeterent,
1278 2044 1505 2107 propter
1553 2034 1648 2091 Dei
1679 2035 2077 2107 promissiones

506 2124 697 2181 Davidi
725 2124 1101 2197 signiﬁcatas;
1136 2127 1356 2182 interim
1385 2136 1569 2183 tamen
1597 2128 1691 2182 alii
1728 2142 1761 2182 a
1791 2126 1995 2183 Davide
2023 2135 2079 2184 et

513 2217 807 2274 Salomone
856 2218 1118 2290 regioque
1156 2225 1442 2277 stemmate
1499 2226 1752 2290 putarent
1799 2219 2077 2275 Christum

512 2308 741 2378 adfore;
785 2309 879 2364 alii
917 2310 986 2365 ab
1039 2310 1143 2365 hac
1179 2311 1448 2367 sententia
1475 2311 1814 2378 recederent,
1860 2320 2080 2382 propter

507 2404 711 2461 multas
757 2404 977 2475 regibus
1028 2404 1240 2461 inustas
1290 2403 1730 2469 criminationes,
1774 2414 1829 2458 et
1860 2413 2080 2473 propter

509 2496 878 2567 proscriptum
961 2496 1030 2552 ab
1111 2497 1349 2553 Jeremia
1397 2496 1665 2568 propheta
1722 2493 2075 2559 Jechoniam,

505 2602 633 2643 cum
676 2587 756 2642 ait
801 2601 913 2643 non
960 2594 1340 2644 surrecturum
1389 2602 1456 2641 ex
1506 2585 1629 2655 ejus
1676 2584 1849 2655 stirpe
1880 2583 1975 2654 qui
2021 2584 2079 2639 in

506 2677 732 2735 Davidis
760 2679 959 2734 throno
994 2677 1230 2745 sederet,
1260 2692 1497 2748 cumque
1513 2678 1587 2733 ob
1614 2677 1668 2732 id
1707 2677 1813 2731 alia
1844 2677 1930 2733 via
1953 2693 2080 2748 per-

509 2779 701 2844 gerent
730 2792 744 2827 :
771 2780 825 2827 et
851 2786 975 2828 cum
1010 2772 1067 2826 in
1103 2770 1324 2826 Davidis
1374 2768 1693 2834 aﬁirmando
1722 2784 1919 2839 genere
1945 2785 2080 2824 con-

511 2865 811 2935 spirareut,
839 2878 950 2918 non
985 2870 1170 2918 tamen
1209 2877 1306 2932 per
1332 2858 1701 2924 Salomouem,
1726 2860 1821 2917 sed
1852 2875 1948 2931 per
1974 2860 2080 2915 Na-

507 2955 739 3011 thanum
766 2954 987 3011 Davidis
1020 2954 1151 3010 item
1177 2954 1370 3019 ﬁlium,
1400 2952 1733 3009 deducerent
1769 2952 1883 3024 (qui
1937 2954 2078 3009 idem

508 3046 799 3104 Nathanus
853 3046 1119 3117 propheta
1168 3044 1341 3100 fuisse
1394 3044 1618 3108 dicitur,
1673 3044 1975 3100 secundum
2013 3058 2079 3099 ea

511 3138 912 3211 qute't'eruntur
937 3137 994 3193 in
1022 3136 1231 3199 Regum
1264 3134 1474 3204 libris);
1506 3143 1669 3206 atque
1684 3135 1753 3191 ab
1781 3135 1946 3205 hujus
1980 3149 2079 3205 po-

513 3233 683 3290 steris
726 3239 1021 3287 venturum
1072 3230 1352 3285 Christum
1401 3238 1736 3296 assererent;
1791 3228 2079 3299 ipsumque

512 3323 738 3396 Josephi
782 3339 953 3395 genus
989 3322 1116 3378 inde
1153 3337 1331 3395 usque
1375 3329 1713 3393 repeterent;
1766 3321 2081 3377 necessario

514 3414 696 3473 Lucas
726 3416 820 3486 qui
850 3415 1066 3470 illorum
1095 3414 1407 3485 opinionem
1433 3413 1625 3479 refert,
1650 3429 1757 3469 non
1781 3428 1959 3477 suam,
1984 3412 2082 3467 ad-

509 3508 646 3579 jeeit
669 3506 972 3562 narrationi
1013 3524 1033 3558 ι
1063 3515 1120 3561 ut
1151 3506 1479 3577 putabatur;
1516 3524 1534 3557 ι
1565 3504 1818 3560 Μιιιιιιαξο
1856 3505 2082 3575 permit-

511 3606 639 3655 tens
675 3614 904 3654 narrare
951 3614 1059 3655 non
1109 3606 1167 3653 ut
1196 3597 1508 3667 putabatur,
1541 3597 1638 3653 sed
1664 3597 1744 3652 uti
1777 3611 1969 3653 revera
2021 3611 2083 3653 se

515 3691 751 3747 habebat
794 3691 948 3763 origo
988 3689 1225 3762 generis.
1255 3689 1433 3760 Atque
1476 3690 1593 3744 haec
1627 3689 1804 3759 prima
1843 3697 1965 3745 esto
1996 3703 2083 3743 re-

515 3784 759 3853 sponsio.

582 3878 637 3932 5.
679 3878 800 3933 Alia
829 3894 1047 3951 quoque
1095 3880 1366 3951 profunda
1411 3888 1469 3936 et
1512 3893 1713 3934 arcana
1758 3893 1882 3933 esse
1904 3880 2083 3946 potest

516 3968 641 4038 ejus
664 3970 1000 4027 narrationis
1030 3972 1190 4027 ratio.
1220 3971 1433 4027 Etenim
1471 3969 1759 4025 Matthaeus
1786 3969 2083 4022 humanam

513 4060 725 4115 Christi
746 4062 1087 4118 nativitatem
1118 4064 1321 4119 diserte
1344 4062 1685 4126 describens,
1718 4073 1953 4128 vereque
1986 4072 2083 4111 vo-

517 4150 640 4207 lens
674 4149 968 4223 Josephum
1006 4152 1211 4209 Davide
1240 4154 1536 4213 oriundum
1581 4155 1983 4217 demonstrare,
2016 4167 2084 4208 eo

525 4257 639 4313 quo
666 4257 766 4313 par
799 4253 917 4297 erat
954 4246 1225 4301 sermonis
1256 4247 1508 4315 ingressu
1534 4245 1740 4313 utitur;
1783 4244 1959 4301 Lucas
1987 4259 2084 4299 au-

450 4380 459 4383 ι
517 4340 651 4398 tem,
684 4340 745 4388 ut
788 4333 1007 4404 opinor,
1038 4334 1167 4405 quia
1195 4336 1363 4391 nollet
1396 4350 1655 4391 carneam
1700 4334 1905 4390 Christi
1943 4334 2086 4389 nati-

515 4425 742 4479 vitatem
772 4414 1108 4491 describere,
1138 4427 1214 4482 ita
1242 4443 1390 4482 nunc
1414 4443 1473 4483 se
1500 4427 1692 4498 gessit.
1724 4425 1859 4481 Nam
1892 4425 1940 4481 si
1982 4425 2085 4481 hoc

2179 1953 2272 2007 τοῦ
2293 1950 2528 2026 Χριστοῦ
2556 1951 2998 2022 κεκρατημένων,
3021 1951 3113 2005 καὶ
3146 1952 3364 2005 πάντων
3401 1951 3499 2022 μὲν
3531 1949 3759 2022 συμφώ-

2176 2063 2285 2109 νως
2313 2045 2405 2098 ἐπὶ
2433 2044 2525 2098 τὸν
2544 2043 2708 2096 Δαόἱδ
2734 2043 3063 2112 ἀναγόντων,
3085 2042 3173 2097 διὰ
3196 2041 3294 2107 τὰς
3316 2041 3452 2113 πρὸς
3477 2044 3569 2096 τὸν
3591 2041 3759 2098 Δαὸὶδ

2177 2137 2271 2191 τοῦ
2294 2134 2428 2189 Θεοῦ
2458 2134 2806 2204 ἐπαγγελίας,
2843 2134 2943 2206 ἤδη
2971 2134 3029 2188 δὲ
3056 2134 3165 2189 τῶν
3202 2135 3299 2206 μὲν
3330 2134 3438 2188 ἀπὸ
3467 2134 3632 2194 Δαόὶδ
3660 2134 3758 2189 καὶ

2178 2228 2489 2300 Σολομῶνος
2517 2228 2608 2281 καὶ
2636 2224 2729 2279 τοῦ
2758 2225 3036 2296 βασιλικοῦ
3065 2225 3255 2295 γένους
3284 2225 3620 2298 πειθομένων
3639 2225 3758 2280 ἐσε-

2179 2323 2303 2375 σθαι
2332 2321 2423 2374 τὸν
2453 2318 2710 2391 Χριστὸν,
2739 2317 2847 2371 τῶν
2869 2317 2926 2370 δὲ
2960 2316 3165 2389 ταύτην
3195 2317 3290 2389 μὲν
3316 2318 3625 2387 φευγόντων
3654 2318 3755 2390 τὴν

2178 2413 2354 2480 δόξαν,
2374 2410 2462 2467 διά
2494 2412 2555 2465 τὸ
2585 2394 2841 2481 πλείστην
2876 2410 3213 2483 ἐμφέρεσθαι
3237 2410 3346 2464 τῶν
3376 2410 3757 2481 βεϐασιλευκὼς

2177 2523 2284 2561 των
2309 2505 2662 2577 κατηγορίαν,
2691 2504 2781 2559 διά
2817 2521 2879 2557 τε
2907 2503 2970 2557 τὺ
3002 2504 3340 2575 ὲκκήρυκτον
3369 2504 3475 2557 ὑπὸ
3497 2504 3593 2557 τοῦ
3620 2522 3725 2575 προ
3742 2531 3757 2546 ο

2179 2599 2349 2669 φήτου
2387 2597 2652 2668 Ἱερεμίου
2689 2596 2967 2665 γεγονέναι
3006 2596 3097 2650 τὸν
3140 2596 3416 2667 Ἰεχονίαν,
3444 2594 3540 2649 καὶ
3580 2595 3667 2649 διά
3696 2594 3758 2648 τὸ

2178 2689 2427 2759 εἰρῆσθαι
2450 2689 2523 2760 μὴ
2538 2687 2936 2758 ἀναστήσεσθαι
2954 2686 3014 2752 ἐξ
3028 2687 3193 2742 αὐτοῦ
3212 2688 3432 2759 σπέρμα
3451 2687 3757 2757 καθήμενον

2178 2782 2272 2834 ἐπὶ
2317 2781 2506 2852 θρόνου
2530 2779 2714 2841 Δαόὶδ,
2748 2779 2836 2833 διὰ
2871 2779 2929 2833 δὲ
2953 2776 3047 2832 οῦν
3087 2778 3280 2843 ταῦτα,
3310 2778 3500 2849 ἑτέραν
3543 2777 3756 2833 ὁδευόν-

2177 2891 2305 2938 των,
2331 2874 2424 2927 καὶ
2449 2873 2556 2927 ἀπὺ
2585 2872 2682 2942 μὲν
2709 2870 2873 2927 Δαϐἱδ
2896 2871 3317 2942 ὁμολογούντων,
3345 2870 3405 2924 οὐ
3429 2868 3535 2940 μὴν
3556 2869 3644 2925 διά
3669 2869 3759 2921 Σο-

2178 2965 2439 3035 λομῶνος,
2458 2964 2593 3018 ἀλλά
2614 2962 2702 3016 διὰ
2725 2962 2932 3027 Νάθαν,
2950 2963 3009 3027 ὃς
3030 2958 3099 3034 ἦν
3120 2962 3214 3015 τοῦ
3246 2961 3412 3015 Δαόἱδ
3464 2963 3593 3027 παῖς
3633 2958 3759 3030 (φα-

2183 3058 2237 3111 σὶ
2267 3059 2324 3112 δέ
2353 3058 2445 3111 τὸν
2475 3055 2662 3112 Νάθαν
2693 3057 2787 3110 καὶ
2831 3054 3202 3127 προφητεῦσαι
3245 3054 3387 3108 κατά
3431 3053 3499 3106 τὰ
3540 3055 3598 3107 ἐν
3635 3055 3758 3119 ταῖς

2105 3185 2148 3242 C
2179 3150 2486 3214 Βασιλείαις
2519 3150 2792 3221 φερόμενα
2820 3147 2979 3221 [11]),
3015 3148 3122 3201 ἀπό
3151 3164 3209 3198 τε
3237 3146 3330 3198 τοῦ
3360 3145 3547 3199 Νάθαν
3577 3142 3756 3211 διαδό-

2180 3261 2291 3314 χων
2316 3241 2737 3315 προελεύσεσθαι
2766 3240 2857 3293 τὸν
2882 3237 3111 3312 Χριστὸν
3133 3235 3639 3306 διαϐεϐαιουμένων,
3657 3235 3753 3289 καὶ

2179 3334 2268 3387 τόν
2295 3350 2358 3402 γε
2386 3334 2582 3404 Ἰωσὴφ
2616 3332 2823 3386 ἐκεῖθέν
2853 3331 3019 3384 ποθεν
3045 3327 3528 3398 γενεαλογούντων,
3548 3327 3754 3399 σφόδρα

2181 3426 2492 3494 ἀναγκαίως
2535 3426 2565 3478 6
2606 3425 2820 3487 Λουκᾶς
2869 3422 2967 3494 τὴν
3013 3420 3215 3474 τούτων
3247 3418 3545 3490 ἀνιστορῶν
3574 3417 3753 3483 δόξαν,

2179 3518 2292 3573 ἀλλ’
2317 3520 2378 3571 οὐ
2415 3518 2513 3589 τὴν
2538 3515 2726 3583 αὐτοῦ,
2761 3514 3067 3586 προσέθηκε
3101 3516 3164 3584 τῇ
3199 3512 3319 3566 κατ’
3352 3512 3512 3566 αὑτὸν
3545 3510 3760 3581 ἱστορίᾳ

2179 3608 2241 3661 τὸ
2265 3627 2284 3660 ι
2304 3608 2379 3672 ὡς
2398 3607 2676 3678 ἐνομίζετο
2694 3624 2707 3638 ·
2724 3625 2742 3657 ι
2763 3605 2840 3676 τῷ
2864 3603 3128 3674 Ματθαίῳ
3142 3603 3550 3674 παραχωρήσας
3574 3601 3647 3674 μὴ
3675 3600 3761 3665 τὸ,

2181 3700 2256 3763 ὼς
2285 3697 2582 3769 ἐνομίζετο,
2615 3699 2869 3769 ἱστορεῖν,
2888 3697 3001 3757 ἀλλ’
3018 3696 3094 3759 ὼς
3120 3691 3263 3765 εἶχεν
3288 3693 3544 3764 ἀληθείας
3568 3679 3635 3753 τὰ
3662 3692 3762 3764 τῆς

2181 3791 2476 3861 γενέσεως·
2504 3788 2641 3859 αῦτη
2679 3788 2776 3859 μὲν
2805 3783 2896 3840 οὖν
2919 3788 2953 3857 ή
2985 3784 3172 3858 πρώτη
3214 3782 3489 3845 ἀπόδοσις.

2251 3889 2321 3951 γ’.
2364 3881 2462 3951 Εῑη
2502 3881 2544 3932 δ’
2568 3881 2632 3934 ἄν
2661 3897 2747 3943 τις
2777 3880 2871 3932 καὶ
2904 3877 3062 3940 ἄλλος
3108 3875 3276 3947 βαθὺς
3316 3875 3410 3928 καὶ
3450 3874 3763 3945 ἀπόρρητος

2183 3972 2240 4026 ἐν
2264 3974 2375 4034 τοῖς
2407 3969 2791 4040 προκειμένοις
2819 3968 3010 4037 λόγος·
3051 3966 3328 4028 Ματθαῖος
3364 3966 3461 4036 μὲν
3493 3964 3603 4035 γὰρ
3630 3967 3762 4035 όμο-

2182 4064 2522 4135 λογουμένως
2551 4062 2650 4134 τὴν
2683 4063 2945 4132 ἐνσαρκον
2977 4059 3189 4129 γένεσιν
3239 4058 3466 4130 ἱστορῶν
3492 4058 3585 4112 τοῦ
3624 4059 3762 4128 Χρι-

2185 4154 2330 4220 στοῦ,
2364 4156 2459 4207 καὶ¹
2505 4154 2598 4206 τὸν
2641 4152 2837 4223 Ἰωσὴφ
2886 4150 3159 4214 ἀποδεῖξαι
3194 4149 3512 4219 βουλόμενος
3545 4147 3763 4218 ἀληθῶς

2184 4251 2247 4301 ἐκ
2273 4246 2456 4310 Δαόἱδ,
2483 4245 2605 4299 ὅθεν
2628 4247 2793 4316 ἐχρῆν
2819 4246 2885 4314 τῇ
2913 4241 3127 4312 εἰσϐολῇ
3157 4240 3424 4311 κέχρηται
3450 4238 3545 4294 τοῦ
3575 4240 3757 4308 λόγουο

2183 4340 2272 4392 τὸν
2323 4338 2379 4391 δὲ
2416 4337 2630 4391 Λουκᾶν
2664 4332 2903 4406 ἡγοῦμαι
2931 4332 3006 4405 μὴ
3036 4334 3134 4404 τὴν
3166 4332 3307 4385 κατά
3338 4330 3515 4403 σάρκα
3547 4330 3765 4400 γένεσιν

2185 4432 2277 4484 ⁸’τοῦ
2313 4428 2486 4501 Ἰησοῦ
2514 4427 2853 4498 γενεαλογεῖν
2867 4427 3138 4490 ἐθέλοντα,
3159 4426 3261 4479 νῦν
3286 4425 3443 4478 τοῦτο
3464 4423 3765 4494 πεποιηκέ-

516 4515 569 4570 ei
608 4516 952 4586 propositum
1006 4517 1219 4585 fuisset,
1268 4534 1379 4574 non
1412 4520 1720 4591 ignorabat,
1772 4534 1913 4590 opus
1961 4533 2080 4574 esse

2187 4540 2274 4576 ναι
2299 4538 2314 4553 ”
2346 4520 2504 4574 τοῦτο
2550 4518 2646 4590 μὲν
2687 4518 2794 4587 γάρ
2842 4520 2890 4571 εί
2924 4519 3063 4571 κατά
3094 4516 3319 4588 γνώμην
3345 4515 3633 4586 ἔπραττεν,
3661 4514 3765 4568 οὐκ

516 4608 787 4679 originem
851 4610 1123 4681 ejusmodi
1178 4628 1469 4684 exponere.
1537 4611 1644 4667 Sed
1706 4612 1962 4683 quoniam
2016 4626 2082 4665 eo

514 4695 796 4768 Evangelii
823 4699 944 4754 loco
976 4703 1402 4772 regenerationis
1426 4719 1520 4774 per
1542 4704 1819 4758 lavacrum
1852 4703 2085 4756 mentio-

515 4802 645 4845 nem
686 4790 836 4858 l’acit,
871 4778 1170 4863 Jesumque
1221 4802 1280 4848 ut
1322 4793 1416 4848 Dei
1453 4793 1650 4849 Filium
1697 4793 1955 4856 exhibet;
2001 4791 2085 4846 id-

518 4881 671 4937 circo
701 4882 803 4940 hoc
826 4884 993 4939 veluti
1017 4884 1264 4952 exemplo
1284 4884 1664 4940 demonstrare
1684 4884 1878 4938 nititur
1900 4895 2087 4950 quem»

519 4971 651 5027 libet
679 4973 955 5031 hominem
976 4975 1031 5029 in
1063 4973 1173 5029 Deo
1189 4983 1589 5046 regeneratum,
1619 4973 1834 5031 etiamsi
1873 4986 1999 5027 vere
2024 4970 2087 5024 ﬁ—

520 5063 627 5121 lius
677 5066 959 5123 hominum
1011 5069 1274 5124 habeatur
1317 5069 1390 5124 ob
1437 5084 1658 5124 carnem
1702 5080 1810 5137 qua
1862 5064 2086 5121 indutus

521 5165 627 5223 est,
662 5173 773 5214 non
802 5169 982 5215 tamen
1013 5175 1136 5215 cum
1177 5177 1275 5217 sua
1311 5167 1508 5216 natura
1535 5161 1591 5214 in
1629 5158 1847 5214 carneis
1876 5157 2088 5228 genito.

521 5247 677 5304 ribus
709 5250 926 5317 sistere,
956 5268 1134 5324 neque
1168 5270 1275 5308 non
1308 5254 1451 5308 ultra
1496 5251 1743 5322 corporis
1773 5256 2089 5321 procreato-

522 5355 616 5397 res
650 5357 942 5400 excurrere
968 5362 980 5399 :
1004 5360 1195 5401 verum
1243 5344 1458 5401 etiamsi
1507 5344 1652 5400 ﬁlius
1691 5344 1973 5398 hominum
2006 5343 2089 5398 vi-

524 5435 719 5490 deatur
741 5438 811 5492 ob
834 5438 1083 5507 corporis
1107 5437 1530 5507 generationem,
1562 5436 1921 5492 nihilominus
1944 5435 2089 5490 haud

526 5526 764 5582 alienum
811 5544 842 5584 a
874 5529 969 5584 Dei
1012 5529 1303 5600 adoptione
1352 5529 1583 5585 censeri.
1637 5528 2088 5600 Quandoquidem

527 5633 659 5692 ergo
687 5619 864 5677 LuCas
890 5623 1035 5678 haud
1064 5622 1364 5679 secundum
1395 5621 1630 5678 Matthmi
1654 5630 1888 5679 mentem
1912 5623 2088 5678 histo-

2185 4611 2367 4681 ἠγνόει
2411 4609 2492 4662 ὅτι
2543 4608 2710 4680 ἐχρῆν
2738 4608 2937 4679 ταύτην
2975 4607 3324 4660 ἐκθέσεσθαιο
3359 4606 3544 4676 ἐπειδὴ
3575 4606 3631 4659 δὲ
3665 4604 3763 4660 νῦν

2184 4702 2284 4774 τῆς
2324 4701 2412 4757 διὰ
2447 4699 2672 4772 λουτροῦ
2700 4702 3105 4773 ἀναγεννήσεως
3138 4700 3429 4770 μέμνηται,
3456 4698 3569 4752 υἱὸν
3598 4696 3764 4752 αὐτὸν

2185 4795 2420 4863 εἰσάγων
2445 4791 2601 4858 Θεοῦ,
2638 4792 2885 4863 βούλεται
2909 4793 2986 4857 ὡς
3006 4795 3064 4846 ἐν
3093 4791 3450 4862 ὑποδείγματι
3476 4788 3762 4860 παραστῆ-

2188 4902 2277 4937 σαι
2309 4885 2390 4937 ὅτι
2418 4883 2481 4953 δὴ
2514 4884 2620 4947 πᾶς
2646 4885 2675 4936 ὁ
2708 4885 2766 4936 ἐν
2787 4881 2905 4953 Θεῷ
2927 4879 3389 4951 ἀναγεννώμενος,
3417 4877 3522 4931 κᾶν
3544 4874 3762 4948 ἀληθῶς

2188 4979 2298 5043 υἱὸς
2329 4973 2464 5032 εἶναι
2488 4977 2788 5050 ἀνθρώπων
2816 4976 3088 5048 νομίζοιτο
3119 4974 3184 5028 δι’
3211 4974 3278 5045 ἣν
3302 4971 3603 5044 περίκειται
3631 4969 3765 5041 σάρ-

2187 5087 2278 5134 κα,
2307 5070 2419 5124 ἀλλ’
2445 5070 2543 5140 οὐχ
2589 5067 2803 5123 ἵσταταί
2850 5083 2915 5135 γε
2965 5066 3102 5135 αὐτῇ
3153 5064 3221 5117 τὰ
3268 5061 3367 5132 τῆς
3389 5061 3655 5131 γενέσεως
3680 5059 3761 5122 είς

2186 5167 2311 5230 τοὺς
2344 5163 2483 5218 κατά
2522 5164 2698 5233 σάρκα
2722 5163 2920 5230 γονεῖς,
2956 5159 3076 5213 οὐδὲ
3124 5158 3285 5230 μέχρι
3314 5155 3421 5209 τῶν
3448 5152 3542 5208 τοῦ
3572 5151 3759 5223 σώμα-

2186 5264 2277 5323 τος
2323 5258 2681 5331 προπατόρων
2726 5253 2947 5324 φθάνει·
2983 5251 3096 5307 ἀλλ’
3125 5253 3172 5306 εἰ
3221 5250 3315 5304 καὶ
3354 5248 3624 5319 νομίζοιτο
3666 5245 3764 5298 ἀν-

2188 5349 2419 5421 θρώπων
2449 5345 2587 5401 εἶναι
2620 5346 2734 5409 υἱὸς
2769 5344 2857 5397 διὰ
2901 5342 2998 5415 τὴν
3040 5341 3136 5396 τοῦ
3191 5339 3443 5409 σώματος
3487 5336 3761 5404 γέννησιν,

2191 5443 2340 5512 ὅμως
2386 5441 2430 5495 δ’
2463 5436 2555 5495 οῦν
2600 5441 2698 5493 οὐκ
2747 5437 3023 5509 ἀλλότριος
3059 5435 3157 5505 τῆς
3203 5432 3296 5487 τοῦ
3324 5428 3457 5484 Θεοῦ
3492 5425 3765 5489 υἱοθεσίας

2194 5533 2495 5603 ὑφέστηκεν
2514 5549 2527 5561 ·
2553 5530 2737 5601 ἐπειδὴ
2760 5530 2816 5583 δὲ
2836 5525 2930 5582 οὗν
2954 5528 3014 5582 οὐ
3033 5526 3175 5579 κατά
3197 5524 3296 5595 τὴν
3322 5521 3491 5592 αὐτὴν
3512 5518 3590 5589 τῷ
3608 5518 3766 5572 Ματ-

2193 5621 2330 5693 θαίῳ
2365 5621 2602 5675 διάνοιαν
2649 5618 2917 5688 ἐξετίθετο
2963 5617 3063 5686 τὴν
3113 5616 3383 5684 διήγησιν,
3415 5608 3639 5673 είκότως
3670 5604 3767 5662 τδν

602 5798 716 5871 (Η)
760 5799 962 5857 Desunt
996 5803 1109 5859 haec
1144 5804 1200 5858 in
1227 5805 1327 5860 cod
1375 5805 1438 5873 A,
1472 5804 1559 5871 6i,
1595 5821 1622 5860 a
1652 5822 1758 5877 quo
1790 5805 2085 5874 cmleroqui
2120 5805 2371 5860 meliores
2408 5802 2680 5858 interdum
2717 5800 2977 5856 lectiones
3015 5795 3369 5863 sumpsimus.
