4112 6440
323 394 424 450 897

798 454 809 469 .
879 384 1338 456 QUJESTIONES
1374 382 1834 441 EVANGELICE
1873 379 1964 434 AD
2006 379 2536 439 STEPHANUM.—
2572 382 2901 450 QL'ASSTIO
2938 387 3028 441 Ili.

3455 390 3561 446 898

321 510 485 565 αὐτὸν
515 508 706 580 ἐκείνῳ
748 506 933 579 καιρὸν
976 506 1235 577 ὐπερϐἀς,
1270 505 1363 557 ἐπὶ
1403 504 1502 573 τὴν
1543 502 1894 571 ἀναγέννησιν

2012 501 2129 554 'iam
2163 516 2321 557 suam
2361 501 2574 566 scribit,
2603 509 3034 558 consentaneum
3066 510 3185 559 erat
3216 510 3278 558 ut
3318 502 3560 561 Matthmi

321 604 422 675 τὴν
444 601 531 656 διὰ
561 598 784 671 λουτροῦ
812 598 1170 671 παραγίνεται
1187 612 1202 626 '
1232 596 1325 649 καὶ
1357 593 1588 649 ἐνταῦθα
1617 593 1715 664 τὴν
1743 595 1893 648 ἐναν-

322 697 445 750 τίαν
468 693 738 749 ἐκτίθεται
762 692 869 747 τῶν
893 689 1066 761 γενῶν
1091 688 1341 759 διαδοχήν
1360 704 1375 719 ο
1406 684 1543 757 ὁμοῦ
1565 685 1660 739 καὶ
1678 685 1894 755 ἀνάγων

324 787 435 844 ἀπὸ
462 786 571 842 τῶν
607 786 851 841 ὑστάτων
882 784 974 837 ἐπὶ
1002 782 1072 836 τὰ
1100 780 1313 854 πρῶτα,
1340 776 1475 851 ὁμοῦ
1501 778 1597 832 καὶ
1626 777 1724 849 τὴν
1758 777 1895 848 μνή-

329 898 438 953 μην
457 879 566 933 τῶν
591 878 738 950 παρά
760 876 838 948 τῷ
856 874 1122 946 Ματθαίῳ
1149 872 1413 928 ὑπαιτίων
1442 870 1533 925 καὶ
1560 856 1897 941 ἁμαρτωλῶν

324 971 536 1043 ἀνδρῶν
582 969 1000 1039 ἀποσειόμενος·
1053 967 1351 1037 ἐπειδήπερ
1398 966 1427 1018 ό
1470 962 1623 1035 παρὰ
1657 962 1736 1034 τῷ
1779 960 1898 1033 Θεῷ

326 1062 842 1133 ἀναγεγεννημένος,
873 1059 1151 1132 ἀλλότριος
1196 1058 1513 1111 καθίσταται
1564 1058 1664 1127 τῆς
1706 1054 1900 1127 ἐνσάρ-

332 1171 429 1208 κου
455 1153 719 1223 γενέσεως
745 1152 838 1207 καὶ
865 1152 974 1206 τῶν
1003 1151 1142 1205 κατά
1174 1150 1352 1222 σάρκα
1371 1148 1705 1221 ἁμαρτωλῶν
1735 1148 1899 1202 πατέ-

333 1265 462 1317 ρων,
491 1248 605 1310 υίὸς
632 1246 1069 1317 ἀποφαινόμενος
1091 1245 1247 1309 Θεοῦ,
1277 1244 1374 1300 καὶ
1392 1243 1610 1298 πάντων
1631 1242 1740 1296 τῶν
1758 1242 1900 1297 κατά

326 1339 459 1393 Θεὸν
491 1338 873 1410 ἀνεπιλήπτως
906 1336 1264 1409 βεϐιωκότων.

396 1452 461 1508 δ’.
501 1447 647 1513 Οἶον,
665 1453 741 1516 ὡς
768 1452 860 1506 ἐπὶ
886 1451 1344 1524 παραδείγματος,
1367 1450 1576 1514 Παῦλος
1610 1452 1640 1505 ὁ
1671 1450 1902 1505 ἀπόστοι-

329 1546 419 1610 λος
445 1545 616 1616 ἐχέτω
657 1544 756 1616 μὲν
796 1544 937 1598 κατά
972 1543 1153 1615 σάρκα
1185 1542 1400 1616 πατέρα
1444 1542 1689 1598 Ἰουδαῖον
1721 1545 1902 1598 ὅντινα

328 1637 405 1702 ὡς
436 1637 583 1702 εἰκὸς
628 1637 853 1692 ἄπιστον
874 1654 886 1667 ·
914 1636 1085 1706 ἐχέτω
1114 1634 1170 1688 δὲ
1196 1634 1291 1689 καὶ
1319 1635 1459 1689 κατά
1489 1634 1639 1699 Θεὸν,
1673 1628 1733 1689 οὗ
1762 1637 1904 1690 κατά

327 1729 456 1793 τούς
485 1729 719 1803 τρόπους
740 1728 885 1781 ἐϐίου
906 1745 919 1758 σ
947 1730 995 1782 εἰ
1026 1728 1085 1782 δὲ
1111 1722 1204 1781 οῦν
1244 1727 1427 1798 μέλλει
1452 1744 1538 1791 τις
1565 1727 1727 1782 αὐτὸν
1762 1726 1903 1781 κατὰ

333 1823 513 1895 σάρκα
560 1822 923 1891 γενεαλογεῖν,
966 1820 1110 1884 τινος
1156 1821 1384 1886 εἰκότως
1439 1820 1506 1876 ἂν
1560 1822 1826 1894 ἐμνήσθη.
1867 1820 1901 1893 ἢ
1934 1844 1977 1900 Β

333 1914 551 1980 πάντως
579 1932 683 1970 που
715 1914 806 1968 τοῦ
834 1914 978 1968 κατὰ
1011 1915 1189 1985 σάρκα
1220 1913 1459 1985 πατρός;
1494 1908 1559 1966 Et
1585 1911 1629 1966 δ’
1651 1908 1717 1967 αὖ
1745 1911 1905 1966 πάλιν

330 2006 518 2079 ἕτερος
545 2007 644 2076 τὴν
675 2007 735 2058 ἐν
776 2004 996 2078 Χριστῷ
1025 2006 1238 2074 γένεσιν
1270 2004 1436 2059 αὐτοῦ
1477 2004 1669 2076 δηλοῦν
1712 2003 1904 2068 ἐθέλοι,

332 2099 478 2163 τινος
505 2098 571 2153 ἂν
596 2098 695 2171 τὴν
721 2099 943 2170 μνήμην
974 2097 1092 2170 θείη
1126 2097 1194 2152 ἂν
1220 2097 1474 2166 εἰκότως,
1505 2096 1539 2167 ἦ
1570 2096 1787 2161 πάντως
1811 2095 1907 2150 τοῦ

333 2190 476 2245 κατά
533 2190 667 2243 Θεὸν
713 2189 875 2244 αὐτὸν
923 2190 1417 2261 ἀναγεννήσαντοςς
1471 2187 1628 2242 Οὕτω
1681 2188 1777 2242 καὶ
1832 2187 1909 2260 τῷ

345 2279 598 2352 ’Δϐραὰμ
625 2278 838 2350 εἴρηται
857 2294 873 2310 ⁶
910 2298 931 2331 ι
961 2272 1033 2333 Σὺ
1066 2279 1124 2333 δὲ
1155 2279 1431 2352 ἀπελεύσῃ
1474 2278 1612 2350 πρὸς
1641 2279 1768 2342 τοὺς
1805 2295 1910 2333 πα-

334 2369 500 2443 τέρας
524 2388 615 2424 σου
633 2372 860 2443 τραφεὶς
880 2374 936 2426 ἐν
959 2372 1105 2443 γήρᾳ
1133 2370 1297 2442 καλῷ·
1312 2371 1593 2444 ιούὃήπου
1617 2371 1741 2436 τοὺς
1770 2371 1911 2427 κατὰ

338 2464 518 2535 σάρκα
549 2462 791 2535 πατέρας
814 2462 1098 2535 δηλοῦντος
1131 2462 1223 2517 τοῦ
1261 2463 1440 2534 λόγου,
1471 2465 1519 2517 εί
1549 2463 1624 2536 μὴ
1657 2462 1752 2518 καλ⁸
1784 2463 1907 2518 θεο-

338 2555 516 2617 σεϐεῖς
558 2554 799 2622 λέγοιντο
842 2554 1140 2624 γεγονέναι,
1173 2556 1301 2619 τοὺς
1340 2555 1399 2609 δέ
1443 2557 1501 2610 ἐν
1525 2555 1644 2629 Θεῷ
1670 2556 1911 2629 πατέρας

335 2644 424 2699 διὰ
459 2646 560 2717 τὴν
600 2646 701 2718 τῆς
743 2645 1026 2710 εὐσεϐείας
1072 2646 1454 2719 ὁμοιοτροπίαν
1496 2648 1866 2720 αἰνιττομένου
1891 2663 1907 2678 ⁸

335 2737 479 2792 οὕτω
498 2737 591 2792 καὶ
610 2739 661 2791 οἱ
680 2736 741 2803 ἐξ
763 2738 1032 2811 Ἀϐραὰμ,
1048 2739 1262 2803 ἀσεϐεῖς
1284 2735 1425 2811 ἦσαν
1451 2740 1550 2812 μὲν
1569 2741 1711 2795 κατά
1736 2740 1913 2813 σάρκα

336 2831 387 2883 οἱ
436 2829 542 2884 υἱοὶ
576 2829 845 2903 Ἀϐραὰμ,
880 2830 1023 2885 κατά
1061 2831 1117 2885 δὲ
1161 2831 1255 2887 τὸν
1283 2833 1503 2904 τρόπον,
1531 2833 1638 2886 υἱοὶ
1666 2832 1912 2904 Σοδόμων

337 2924 432 2977 καὶ
454 2923 767 2996 Γομόρρας·
798 2924 878 2978 διὸ
902 2924 1119 2994 λέγεται
1156 2925 1293 2996 πρὸς
1324 2924 1548 2989 αὐτούς·
1580 2943 1599 2975 ι
1622 2924 1913 2979 Ἀκούσατε

335 3015 493 3084 λόγον
522 3014 747 3088 Κυρίου,
791 3015 1049 3088 ἄρχοντες
1102 3016 1369 3088 Σοδόμων,
1418 3016 1710 3089 προσέχετε
1753 3018 1914 3089 νόμον

337 3107 497 3175 Θεοῦ,
527 3107 654 3171 λαὸς
691 3108 1002 3180 Γομόρρας·
1040 3128 1060 3161 ι
1096 3108 1171 3173 ὡς
1202 3104 1270 3163 αὖ
1304 3109 1466 3163 πάλιν
1493 3109 1551 3176 ἐξ
1580 3102 1655 3163 ὧν
1686 3109 1915 3181 ἤμελλεν

1996 595 2241 660 tempora
2273 596 2718 663 prmtergressus,
2759 591 2826 647 ad
2860 593 3324 662 regenerationem
3354 609 3452 664 per
3477 594 3555 649 la-

1994 694 2218 735 vacrum
2245 681 2475 750 veniret,
2509 682 2693 753 ibique
2723 685 3055 739 contrariam
3094 694 3323 755 poneret
3359 700 3554 756 prosa-

1994 769 2207 838 piarum
2249 772 2651 827 successionem
2683 791 2696 827 :
2724 772 2887 827 simul
2936 788 3168 844 pergens
3209 788 3241 828 a
3270 774 3566 845 postremis

1997 860 2064 914 ad
2090 859 2263 926 initia,
2288 862 2561 932 simulque
2585 863 2904 917 memoriam
2934 864 3174 919 sontium
3204 879 3269 919 ac
3298 865 3564 920 scelesto-

1996 968 2140 1019 rum,
2179 953 2275 1024 qui
2323 964 2453 1010 sunt
2492 955 2634 1025 apud
2683 955 2994 1010 Matthzeum
3024 956 3307 1011 hominum
3345 958 3562 1012 vitans:

1998 1046 2124 1116 quia
2170 1054 2527 1118 regeneratus
2558 1048 2701 1118 apud
2731 1047 2898 1104 Deum
2939 1049 3152 1104 alienus
3202 1049 3263 1103 ﬁt
3295 1064 3326 1102 a
3364 1063 3568 1105 carnea

1998 1144 2217 1203 natura,
2254 1145 2308 1193 et
2336 1154 2366 1193 a
2393 1140 2773 1209 peccatoribus
2804 1141 3107 1199 secundum
3137 1156 3358 1197 carnem
3392 1140 3568 1212 patri-

2000 1229 2125 1293 bus,
2157 1228 2253 1285 Dei
2292 1230 2554 1285 nimirum
2585 1230 2899 1286 declaratus
2926 1232 3096 1300 ﬁlius,
3120 1240 3175 1290 et
3203 1233 3448 1289 omnium
3471 1233 3568 1304 qui

2000 1320 2301 1378 secundum
2334 1321 2506 1379 Deum
2535 1323 2657 1380 sine
2685 1325 2846 1395 culpa
2873 1324 3144 1380 vixerunt.

2072 1435 2124 1490 4.
2160 1432 2408 1507 Exempli
2446 1436 2621 1508 gratia
2662 1435 2869 1492 Paulus
2915 1437 3198 1507 apostolus
3230 1445 3437 1509 patrem
3485 1438 3572 1493 sé-

2008 1526 2252 1582 cundum
2285 1541 2507 1582 carnem
2560 1528 2751 1583 habuit
2778 1525 3048 1592 Judaeum,
3078 1534 3139 1582 ut
3166 1528 3424 1583 credibile
3463 1533 3569 1593 est,

2002 1632 2035 1672 a
2064 1617 2170 1673 ﬁde
2203 1618 2443 1676 alienum
2476 1636 2491 1673 :
2525 1618 2715 1673 habuit
2749 1632 2968 1689 quoque
3012 1624 3224 1688 patrem
3265 1618 3571 1674 secundum

2003 1709 2198 1775 Deum,
2255 1710 2415 1781 cujus
2468 1709 2723 1765 videlicet
2766 1711 2895 1766 vitae
2935 1712 3246 1765 institutum
3291 1711 3575 1779 amplexus

2004 1804 2129 1860 fuit.
2180 1802 2239 1858 Si
2268 1803 2393 1874 quis
2437 1816 2569 1872 ergo
2601 1799 2754 1856 Pauli
2792 1802 3094 1858 secundum
3136 1816 3358 1857 carnem
3403 1816 3577 1871 genus

2006 1909 2235 1951 narrare
2271 1895 2424 1959 velit,
2462 1908 2751 1965 quemnam
2785 1893 2980 1948 merito
3008 1903 3217 1963 patrem
3251 1892 3579 1948 memorabit

2005 1988 2115 2044 nisi
2136 1986 2448 2043 carnalem?
2482 1985 2581 2040 Sin
2607 2000 2829 2040 rursum
2861 1984 3060 2055 aliquis
3085 1983 3241 2039 Pauli
3272 1985 3329 2038 in
3352 1984 3579 2039 Christo

2007 2080 2347 2136 nativitatem
2373 2078 2661 2134 ostendere
2696 2078 2849 2146 velit,
2883 2075 3173 2147 cujusnam
3206 2076 3392 2146 potius
3424 2091 3579 2130 men-

2007 2170 2211 2226 tionem
2240 2171 2484 2241 parentis
2517 2167 2700 2233 faciet,
2733 2182 2898 2239 quam
2925 2167 3045 2237 ejus
3071 2180 3102 2221 a
3132 2180 3242 2237 quo
3272 2165 3578 2221 secundum

2008 2262 2180 2320 Deum
2222 2269 2576 2334 regeneratus
2622 2261 2740 2317 est?
2766 2259 2861 2316 Sic
2892 2260 3204 2314 Abrahamo
3232 2273 3452 2330 quoque
3493 2258 3580 2312 di-

2008 2364 2158 2413 ctum
2174 2356 2332 2411 ‘fuit:
2366 2375 2384 2407 ι
2413 2354 2495 2410 Tu
2540 2370 2670 2411 vero
2711 2355 2889 2409 abibis
2932 2354 3000 2408 ad
3046 2359 3230 2423 patres
3262 2361 3385 2407 tuos
3433 2351 3580 2405 bona

2011 2454 2293 2507 saturatus
2339 2455 2619 2504 senectute
2642 2447 2706 2499 η.
2740 2465 2759 2498 ι
2789 2446 2896 2513 Qui
2928 2443 3178 2517 profecto
3209 2457 3393 2499 sermo
3432 2442 3580 2497 haud

2010 2554 2240 2597 carneos
2285 2546 2470 2611 patres
2502 2538 2866 2603 demonstrat,
2899 2538 3006 2594 nisi
3057 2537 3114 2591 hi
3152 2535 3296 2591 forte
3330 2534 3408 2605 pii
3441 2547 3582 2603 quo-

2011 2650 2118 2705 que
2149 2633 2323 2690 fuisse
2355 2634 2684 2701 credantur;
2738 2631 2834 2688 sed
2872 2631 2940 2687 de
2983 2630 3233 2701 patribus
3277 2626 3582 2683 secundum

2018 2726 2187 2783 Deum
2221 2726 2484 2796 loquitur,
2519 2733 2744 2797 propter
2766 2723 2986 2795 pietatis
3016 2720 3457 2778 similitudinem.
3489 2715 3581 2773 Sic

2012 2817 2307 2874 Abrahami
2329 2823 2516 2873 sontes
2540 2816 2657 2882 ﬁlii,
2688 2815 2854 2884 hujus
2876 2813 3094 2885 quidem
3118 2809 3423 2866 secundum
3456 2822 3583 2862 car-

2013 2922 2138 2965 nem
2176 2907 2288 2963 ‘ﬁlii
2332 2913 2520 2972 erant,
2574 2905 2820 2960 moribus
2843 2911 3023 2958 autem
3072 2899 3434 2956 Sodomorum
3482 2896 3585 2952 ﬁlii

2013 3008 2181 3073 atque
2228 2998 2567 3056 Gomorrhae.
2621 2997 2831 3052 Idcirco
2876 2995 3080 3050 dicitur
3131 2993 3289 3047 illis:
3335 3010 3354 3041 ι
3384 2990 3586 3045 Audite

2017 3105 2325 3150 sermonem
2348 3088 2561 3145 Domini
2591 3088 2869 3160 principes
2897 3084 3260 3141 Sodomorum
3281 3121 3296 3149 ,
3323 3081 3588 3137 attendite

339 3199 448 3251 υἱοὶ
493 3198 746 3270 Ἀϐραάμ
767 3175 1108 3267 *γίγνεσθαιθ
1158 3200 1208 3252 οἱ
1261 3199 1392 3268 γοῦν
1419 3198 1493 3263 ἐξ⁸
1524 3175 1691 3253 ἐθνῶν
1708 3175 1802 3262 ἐἰς
1823 3199 1913 3253 τὸν
1940 3197 1984 3256 C
2015 3185 2122 3259 Ῑθεί
2148 3184 2265 3250 θεῖ’
2300 3198 2333 3239 ο
2354 3183 2552 3255 Ροβυίθ
2581 3180 2899 3237 θοῖηοιτιιῖθ
2922 3180 2963 3211 ¹⁷
2982 3198 3011 3270 κε
3042 3198 3061 3270 ξ
3098 3185 3360 3247 umquam
3392 3175 3436 3270 εί
3461 3187 3589 3270 Γξττ

338 3289 573 3361 Χριστὸν
610 3289 704 3344 τοῦ
736 3284 873 3344 Θεοῦ
901 3291 1341 3355 πεπιστευκότες,
1370 3290 1510 3345 κατά
1538 3290 1715 3357 σάρκα
1742 3290 1912 3344 πατέ-

341 3400 452 3453 ρων
500 3381 812 3453 ἀλλοφύλων
867 3383 1083 3451 φύντες,
1137 3383 1244 3437 υἱοὶ
1292 3384 1597 3455 γεγόναμεν
1641 3382 1910 3454 Ἀϐραὰμ,

341 3472 579 3545 Χριστοῦ
606 3474 888 3545 γενόμενοι
920 3473 1110 3537 παῖδες
1151 3476 1246 3528 καὶ
1291 3474 1401 3528 τῶν
1446 3473 1685 3545 Χριστοῦ
1738 3474 1913 3546 μαθη-

340 3566 483 3619 τῶνο
517 3564 658 3619 ὥστε
698 3566 794 3618 καὶ
832 3565 1088 3635 δευτέραν
1125 3566 1271 3635 ἡμᾶς
1296 3565 1695 3636 ἐπιγράφεσθαι
1725 3565 1915 3632 γένους

261 3700 265 3705 .
342 3655 589 3727 διαδοχὴν
621 3654 756 3709 πολὺ
784 3655 1069 3727 κρείττονα
1092 3655 1189 3725 τῆς
1218 3654 1359 3709 κατά
1384 3655 1565 3726 σάρκα
1589 3655 1676 3710 διά
1695 3655 1802 3726 τὴν
1824 3672 1914 3710 κα-

343 3748 411 3803 τὰ
430 3748 664 3819 Χριστὸν
689 3749 1064 3819 ἀναγέννησιν.

414 4034 476 4089 ε’.
518 4034 756 4099 Εἰκότως
779 4034 1069 4108 τοιγαροῦν
1099 4037 1241 4093 καὶὸ
1270 4030 1504 4104 Λουκᾶς,
1541 4037 1635 4093 ἆτε
1666 4037 1762 4110 τὴν
1786 4039 1917 4093 ἀνα-

348 4125 598 4197 γέννησιν
623 4127 871 4197 ίστορῶν,
909 4129 970 4181 οὐ
996 4128 1093 4201 τὴν
1125 4129 1291 4202 αὐτὴν
1321 4130 1492 4185 ὁδεύει
1524 4129 1603 4201 τῷ
1632 4130 1912 4200 Ματθαίῳ,

342 4216 406 4269 οὐ
435 4217 526 4271 τοῦ
562 4218 871 4290 Σολομῶνος
911 4220 1005 4275 καὶ
1048 4221 1148 4293 τῆς
1192 4221 1287 4275 τοῦ
1337 4221 1555 4294 Οὐρίου,
1588 4223 1650 4276 οὐ
1679 4222 1778 4293 τῆς
1805 4223 1914 4278 Θά-

347 4327 483 4382 μαρ,
519 4310 581 4364 οὐ
606 4312 705 4383 τῆς
742 4312 922 4377 Ῥούθ,
947 4313 1009 4367 οὐ
1035 4313 1130 4368 τοῦ
1179 4315 1424 4386 Ἰεχονίου
1452 4315 1548 4369 καὶ
1579 4315 1685 4370 τῶν
1715 4315 1919 4386 μεταξύ

342 4403 783 4476 διαϐεϐλημένων
837 4406 1048 4479 ἀνδρῶν
1100 4406 1199 4480 τὴν
1248 4408 1551 4481 παράθεσιν
1604 4411 1917 4482 πεποίηται,

2014 3292 2111 3334 sus
2151 3292 2220 3333 ex
2268 3276 2357 3331 his
2397 3281 2583 3330 essent
2626 3272 2924 3328 Abrahami
2966 3268 3064 3325 ﬁlii
3104 3266 3446 3339 proventuri.
3481 3264 3591 3335 Qui

2013 3369 2180 3440 igitur
2208 3382 2275 3422 ex
2312 3366 2566 3437 gentibus
2615 3363 2837 3420 Christo
2883 3359 2977 3415 Dei
3015 3358 3367 3421 credidimus,
3410 3370 3591 3427 quan-

2012 3475 2176 3532 quam
2204 3459 2516 3515 inﬁdelibus
2539 3456 2841 3512 secundum
2863 3467 3085 3508 carnem
3114 3451 3282 3521 geniti
3312 3449 3589 3520 patribus.

2013 3553 2071 3605 in
2097 3551 2394 3606 Abrahami
2440 3549 2661 3604 domum
2696 3545 3075 3616 migravimus,
3120 3541 3330 3596 Christi
3359 3540 3592 3612 ejusque

2012 3642 2410 3712 discipulorum
2451 3640 2598 3694 nacti
2622 3637 2969 3707 adoptionem
2998 3654 3010 3689 :
3045 3640 3209 3702 atque
3238 3632 3310 3684 ita
3343 3631 3397 3684 in
3424 3630 3590 3685 aliam

2014 3740 2231 3789 nosmet
2271 3731 2656 3801 inscripsimus
2690 3727 2906 3801 generis
2951 3724 3386 3785 successionem,
3416 3722 3591 3777 multo

2014 3840 2217 3882 carnea
2278 3825 2557 3881 meliorem
2619 3828 2841 3893 propter
2896 3820 2954 3875 in
3020 3814 3245 3872 Christo
3300 3826 3592 3884 regenera-

2015 3920 2240 3975 tionem.

2086 4034 2139 4090 5:
2178 4031 2370 4089 Merito
2418 4029 2586 4101 igitur
2629 4026 2842 4090 Lucas,
2890 4039 3015 4081 cum
3060 4023 3129 4078 de
3174 4016 3591 4093 regeneratione

2018 4126 2281 4197 loquitur,
2332 4123 2478 4179 haud
2519 4121 2708 4177 eadem
2750 4133 2857 4189 qua
2901 4116 3186 4171 Matthagus
3235 4113 3430 4170 semita
3462 4126 3590 4181 per-

2021 4221 2098 4291 git
2128 4237 2142 4273 :
2176 4230 2370 4286 nempe
2395 4229 2503 4270 non
2534 4213 2866 4277 Salomonis,
2894 4226 3004 4266 non
3048 4207 3238 4262 uxoris
3280 4203 3446 4269 Uriaa,
3479 4218 3592 4258 non

2020 4311 2327 4375 Thamaraa,
2378 4324 2487 4364 non
2542 4306 2758 4369 Ruthae,
2811 4319 2919 4359 non
2970 4299 3266 4364 Jechoniaa,
3311 4311 3415 4353 nec
3456 4312 3594 4367 quo-

2021 4403 2231 4459 rumvis
2264 4409 2464 4475 praeter
2491 4401 2594 4455 hos
2642 4411 2862 4453 reorum
2906 4393 3238 4450 mentionem
3285 4389 3450 4459 facit;
3497 4389 3598 4446 sed

328 4495 484 4549 ’ἀλλά
512 4496 578 4549 δι’
618 4497 824 4569 ἐτέρων
852 4498 1233 4571 ἀνεπιλήπτων
1266 4480 1461 4566 ἄνεισι,
1490 4502 1585 4555 καὶ
1623 4501 1688 4574 δὴ
1719 4480 1815 4557 καὶ
1855 4504 1912 4555 ἐκ

2026 4511 2121 4565 per
2159 4495 2299 4551 alios
2343 4490 2772 4562 reprehensione
2820 4494 3074 4541 carentes
3121 4480 3391 4554 graditur;
3436 4480 3601 4536 Chri-

343 4584 441 4639 τοῦ
479 4588 757 4659 προφήτου
804 4588 990 4643 Νάθαν
1030 4588 1532 4662 ἀναγεγεννημένον
1560 4592 1796 4661 είσάγεισ
1826 4593 1921 4647 καὶ

344 4680 375 4731 ὁ
407 4678 504 4749 μὲν
537 4679 689 4752 παρὰ
712 4679 788 4751 τῷ
810 4682 1074 4754 Ματθαίιρ
1109 4683 1248 4737 κατά
1284 4684 1463 4756 σάρκα
1503 4684 1919 4757 γεγεννημένος,

347 4769 461 4834 υἱὸς
502 4766 570 4841 ἦν
612 4772 858 4845 Ἀϐραὰμ
889 4773 1137 4829 ἐντεῦθεν
1170 4774 1676 4844 γενεαλογούμενος,
1708 4774 1924 4844 ἐπειδή-

348 4880 455 4934 περ
482 4861 557 4933 τῷ
598 4864 849 4936 Ἀϐραὰμ
876 4864 1077 4938 πρώτῳ
1109 4868 1143 4937 ἡ
1174 4867 1474 4936 ἐπαγγελία
1493 4866 1673 4921 δέδοτο
1694 4866 1798 4937 τῆς
1814 4867 1922 4920 τῶν

350 4955 518 5009 ἐθνῶν
548 4955 815 5026 εὐλογίας,
840 4958 940 5010 οὐκ
972 4956 1146 5021 άλλως
1191 4957 1225 5029 ἢ
1271 4957 1360 5011 διά
1388 4957 1482 5011 τοῦ
1512 4960 1577 5011 ἐκ
1610 4958 1923 5030 σπέρματος

348 5045 514 5104 αὐτοῦ
545 5048 1006 5119 προελευσομένου
1033 5044 1401 5122 γενησομένης
1417 5068 1429 5079 ι
1448 5052 1476 5102 ὁ
1500 5049 1555 5102 δὲ
1575 5050 1633 5102 ἐν
1652 5047 1769 5119 Θεῷ
1789 5049 1921 5101 ἀνα-

347 5140 760 5211 γεγεννημένος,
792 5141 1011 5213 ἐτέρους
1043 5143 1283 5215 πατέρας
1321 5142 1446 5206 τούς
1479 5140 1615 5196 κατά
1643 5139 1775 5195 Θεὸν
1804 5140 1924 5193 ἐπι-

350 5233 718 5306 γραψάμενος,
755 5232 865 5286 οὐδ’
897 5234 1093 5299 αὐτοὺς
1142 5234 1358 5307 ἀληθῶς
1405 5231 1672 5305 ἐσχηκὼς,
1703 5232 1815 5286 ἀλλ’
1850 5232 1929 5298 ὡς

351 5324 629 5397 ἐνομίζετο
669 5325 759 5379 διὰ
806 5325 905 5396 τὴν
951 5325 1060 5380 τῶν
1102 5324 1251 5396 ἠθῶν
1281 5326 1685 5399 όμοιοτροπίαν,
1720 5325 1925 5381 ἄνεισιν

350 5417 446 5471 ἐπὶ
488 5417 579 5472 τὸν
622 5417 795 5490 ἀληθῆ
838 5417 1049 5489 πατέρα
1073 5457 1090 5484 ,
1139 5417 1279 5487 μετά
1321 5419 1532 5484 πάντας
1582 5420 1925 5491 χρηματίσας

355 5517 481 5584 Υἱὸς
511 5518 607 5573 τοῦ
638 5516 793 5587 Θεοῦ,

424 5672 471 5706 ⁸⁸
509 5670 647 5729 Gen.
683 5691 776 5740 xv,
812 5673 900 5735 17.
981 5675 1021 5707 ’⁷
1063 5674 1168 5731 isa.
1203 5672 1257 5740 i,
1293 5672 1382 5731 10.

2025 4596 2280 4657 stumque
2313 4600 2342 4639 a
2374 4583 2636 4656 propheta
2666 4580 2917 4635 Nathano
2947 4576 3295 4649 progenitum
3334 4573 3555 4629 exhibet
3579 4614 3594 4627 .

2026 4684 2101 4737 ita
2133 4690 2193 4736 ut
2222 4680 2316 4751 qui
2340 4677 2485 4750 apud
2507 4674 2819 4731 Matthazum
2848 4671 3148 4728 carnaliter
3166 4666 3429 4740 gignitur,
3452 4663 3597 4718 idem

2026 4772 2172 4846 apud
2194 4772 2400 4827 Lucam
2444 4768 2613 4825 veluti
2644 4764 2939 4821 Abrahami
2969 4762 3114 4817 ﬁlius
3147 4766 3404 4830 ponatur.
3436 4755 3599 4811 Certe

2025 4865 2339 4922 Abrahamo
2370 4860 2516 4917 haud
2551 4860 2708 4915 aliter
2727 4854 3036 4915 benedictio
3057 4852 3296 4925 gentium
3324 4847 3599 4919 promissa
3651 4863 3653 4865 ί

2028 4958 2154 5022 fuit,
2197 4971 2360 5028 quam
2394 4953 2540 5023 quod
2574 4968 2636 5008 ea
2669 4951 2851 5005 futura
2892 4954 3011 5004 erat
3052 4945 3123 5001 ob
3163 4938 3490 5013 gignendum
3530 4936 3601 4994 de

2028 5064 2227 5119 genere
2256 5048 2397 5117 ejus.
2431 5030 2612 5117 Atque,
2640 5044 2730 5099 hic
2756 5051 2862 5106 est,
2883 5039 2974 5110 qui
3010 5038 3063 5091 in
3091 5035 3199 5090 Deo
3220 5037 3597 5103 regeneratus,

2029 5149 2194 5212 atque
2222 5140 2362 5196 alios
2401 5146 2584 5210 patres
2619 5135 2921 5192 secundum
2959 5128 3126 5184 Deum
3166 5133 3386 5186 nactus,
3416 5137 3477 5178 re
3517 5130 3603 5175 ta-

2028 5251 2154 5291 men
2190 5248 2319 5290 vera
2354 5231 2502 5288 haud
2546 5232 2696 5302 ipsos
2732 5226 2895 5282 habet
2922 5228 3131 5294 patres,
3180 5218 3274 5275 sed
3305 5216 3378 5271 ita
3413 5213 3604 5271 crede-

2027 5315 2193 5384 batur
2222 5333 2444 5398 propter
2478 5337 2692 5380 morum
2721 5313 3139 5376 similitudinem
3179 5328 3192 5364 :
3220 5324 3327 5380 qua
3350 5306 3604 5362 videlicet

2028 5420 2096 5475 ad
2144 5397 2425 5491 parentem
2477 5429 2667 5471 verum
2691 5404 3014 5468 conscendit
3058 5408 3185 5476 post
3222 5413 3415 5456 omnes
3455 5397 3605 5455 ειδί-

2032 5520 2183 5572 stens
2211 5509 2385 5568 Filius
2413 5507 2529 5567 Dei.
