4112 6430
521 383 626 443 899
1192 379 1465 437 'EIJSEBII
1504 376 1986 437 CIESARIENSIS
2017 376 2172 434 οῐψ.
2208 375 2388 431 PARS
2424 374 3024 434 lll.-—EXECET|CA.
3646 373 3759 430 900

1247 496 1333 552 IV.
2106 509 2153 562 Α
2921 497 2990 546 Δ’.

512 613 758 683 Africani
791 627 944 680 super
989 611 1295 681 genealogia
1326 627 1443 683 qua:
1494 611 1546 664 in
1578 611 1746 664 sacris
1782 607 2077 678 Erangeliis

2195 601 2545 670 Ἀφρικανοῦ
2575 602 2705 670 περὶ
2759 602 2870 670 τῆς
2890 603 2971 683 ’ἐν
2994 600 3331 683 ,τοῖς-ξροῖς
3363 603 3754 672 Εὐαγγελίοις

601 687 604 691 ’
853 673 863 680 ’
989 673 1009 681 ⁷
1158 673 1235 734 εδ]
1273 673 1408 750 (ιΞ),
1929 673 1948 678 ⁷
2695 673 3078 742 γενεαλογίας
3103 673 3233 742 (12).

582 773 636 826 1.
669 769 926 826 Nonnulli
971 786 1070 826 seu
1119 771 1487 840 evangelicam
1518 769 1797 824 historiam
1831 766 2081 823 nescien-

509 873 592 920 tes
635 879 733 919 seu
789 862 1095 933 intelligere
1149 869 1527 932 nequeuntes,
1578 861 1855 914 laudativo
1895 875 2081 915 errore

510 957 782 1010 inscitiam
809 955 1091 1009 cumulant
1123 953 1390 1018 dicentes,
1434 953 1633 1007 merito
1665 952 1782 1006 fieri
1815 951 2082 1007 differen-

509 1057 617 1102 tem
649 1049 930 1101 nominum
963 1045 1361 1109 recensionem,
1386 1045 1804 1114 mistionemque
1835 1044 2082 1099 sacerdo-

508 1139 697 1191 talium
749 1152 875 1192 cum
931 1136 1228 1206 regalibus,
1262 1142 1321 1189 ut
1368 1135 1493 1204 jure
1523 1135 1776 1190 Christus
1824 1135 2079 1190 sacerdos

509 1239 674 1300 atque
710 1244 806 1284 rex
837 1227 1244 1283 demonstretur
1278 1247 1289 1281 :
1328 1228 1485 1296 quasi
1515 1227 1716 1297 aliquis
1751 1226 1817 1281 de
1852 1227 1950 1280 hoc
1973 1227 2080 1281 du—

507 1321 662 1384 bitet,
704 1327 797 1374 aut
842 1319 1002 1373 aliam
1045 1334 1196 1389 spem
1239 1319 1474 1385 habeat;
1514 1333 1708 1388 nempe
1747 1318 1879 1388 quin
1921 1317 2080 1371 Chri-

509 1420 631 1468 stus
657 1420 894 1467 aaternus
926 1412 998 1466 sit
1033 1409 1177 1479 apud
1214 1407 1430 1464 Patrem
1463 1411 1728 1479 pontifex,
1765 1417 1985 1464 nostras
2029 1409 2080 1463 ei

519 1520 714 1576 preces
746 1504 1008 1560 exhibens
1045 1519 1060 1555 :
1095 1517 1188 1558 rex
1216 1511 1395 1557 autem
1425 1502 1907 1572 supermundialis,
1943 1516 2081 1571 quos

514 1595 770 1651 liberavit
796 1609 1029 1665 pascens
1057 1591 1288 1664 Spiritu,
1315 1594 1500 1647 socius
1520 1592 1744 1646 effectus
1764 1593 1816 1645 in
1839 1593 2081 1645 omnium

511 1700 695 1740 rerum
728 1686 1141 1756 gubernatione.
1176 1683 1338 1752 Atqui
1369 1698 1465 1737 eos
1495 1683 1747 1752 ignorare
1775 1699 1884 1736 non
1918 1698 2082 1753 opor-

511 1777 678 1840 tebat,
719 1784 1013 1846 utrumque
1046 1783 1457 1830 numeratorum
1487 1776 1735 1830 ordinem
1770 1792 1941 1848 genus
1961 1792 2083 1833 esse

510 1867 755 1931 Davidis,
781 1883 875 1923 seu
906 1866 1057 1921 Judm
1088 1867 1292 1937 regiam
1323 1866 1548 1922 tribum.
1580 1865 1824 1937 Namque
1853 1876 1912 1922 ut
1946 1868 2084 1924 forte

510 1960 772 2030 propheta
818 1958 1102 2012 Nathanus
1151 1958 1337 2022 fuerit,
1383 1967 1436 2013 et
1468 1958 1686 2030 quidem
1720 1961 1882 2014 etiam
1925 1960 2084 2016 Salo-

512 2065 661 2112 mon,
696 2057 748 2103 et
785 2049 982 2103 horum
1017 2049 1303 2117 utriusque
1341 2063 1559 2118 parens,
1601 2057 1762 2119 atque
1793 2065 1858 2104 ex
1899 2051 2083 2105 multis

509 2137 762 2192 tribubus
789 2137 1098 2206 prOphetae;
1147 2143 1294 2190 certe
1341 2137 1653 2191 sacerdotes
1685 2135 1827 2189 haud
1859 2135 2084 2204 quilibet

509 2235 666 2282 erant
696 2227 762 2282 de
796 2227 1080 2285 duodecim
1116 2226 1387 2291 tribubus,
1421 2225 1514 2281 sed
1547 2227 1648 2280 soli
1698 2227 1894 2280 levitae.
1947 2225 2084 2281 Fru-

509 2325 621 2372 stra
652 2317 817 2387 igitur
837 2317 1201 2386 compositum
1224 2325 1310 2372 est
1332 2316 1708 2383 mendacium;
1743 2333 1919 2387 neque
1947 2333 2085 2388 pra:-

524 2409 727 2463 valebit
756 2409 846 2463 hic
877 2423 1056 2464 sermo
1092 2408 1147 2462 in
1179 2408 1422 2464 Ecclesia
1455 2407 1655 2463 Christi
1684 2416 1738 2463 et
1772 2407 1863 2463 Dei
1895 2418 2087 2464 contra

524 2509 798 2555 accurata:
827 2498 1074 2556 veritatis
1098 2509 1308 2570 patres;
1340 2501 1415 2554 ita
1437 2508 1495 2553 ut
1513 2500 1646 2554 falsa
1661 2500 1836 2553 oratio
1867 2514 2086 2556 consar-

517 2593 732 2647 cinetur
763 2593 818 2646 in
847 2593 1050 2648 Christi
1087 2592 1301 2646 laudem
1333 2600 1495 2662 atque
1529 2592 1880 2660 praeconium.

584 2687 640 2737 2.
673 2682 852 2748 Quare
894 2691 950 2737 ut
981 2691 1037 2738 et
1079 2683 1154 2736 ita
1192 2683 1532 2752 loquentium
1571 2696 1861 2753 coarguant
1916 2681 2085 2738 insci-

511 2775 662 2842 tiam,
689 2779 820 2831 etin
852 2787 1132 2846 posterum
1161 2790 1384 2830 caveam
1423 2790 1491 2829 ne
1518 2775 1641 2844 quis
1675 2774 1728 2828 in
1763 2773 2086 2844 hujusmodi

511 2868 840 2938 imperitiam
877 2867 1146 2929 incurrat,
1175 2880 1360 2920 veram
1392 2873 1667 2936 gestarum
1701 2880 1883 2919 rerum
1915 2865 2086 2919 histo-

511 2959 648 3014 riam
682 2959 975 3030 proferam.
1031 2957 1254 3012 Scilicet
1303 2957 1447 3029 apud
1489 2957 1759 3014 Israelitas
1800 2959 2085 3029 prosapia-

510 3067 632 3105 rttm
683 3055 903 3104 nomina
937 3059 1030 3104 aut
1066 3061 1258 3106 natura
1306 3051 1739 3105 munerabantur
1782 3058 1875 3104 aut
1931 3051 2082 3120 lege;

511 3151 710 3199 natura
740 3143 984 3214 quidem.
1015 3143 1238 3213 genuini
1269 3142 1485 3212 generis
1514 3143 1897 3208 successione;
1943 3143 2079 3213 lege,

511 3251 636 3290 cum
669 3236 810 3288 alius
845 3235 1100 3305 gignchat
1134 3235 1334 3288 liberos
1366 3235 1548 3288 fratris
1571 3236 1807 3300 nontine,
1832 3236 1924 3304 qui
1957 3250 2084 3305 pro-

511 3329 580 3381 lis
612 3342 806 3396 expers
838 3328 1067 3382 obiisset
1113 3345 1125 3381 :
1161 3342 1285 3380 nam
1323 3329 1450 3397 quia
1499 3332 1740 3381 nondum
1789 3328 1920 3398 ipsis
1960 3343 2085 3397 per—

512 3421 702 3490 Spicua
757 3421 1180 3475 resurrectionis
1240 3436 1365 3491 spes
1412 3421 1538 3476 data
1589 3421 1786 3487 fuerat,
1843 3422 2083 3476 futuram

517 3510 936 3580 promissionem
981 3509 1338 3564 imitabantur
1388 3511 1792 3566 resurrectione
1844 3511 2080 3576 mortali,

512 3619 579 3657 ne
611 3602 853 3657 defuncti
900 3617 1096 3656 nomen
1139 3603 1599 3673 exstingueretur.
1629 3602 1741 3674 Age
1788 3617 1916 3658 vero
1947 3619 2084 3673 quo-

513 3697 660 3751 niam
700 3696 769 3760 ii,
810 3696 904 3765 qui
953 3695 1054 3749 hac
1087 3696 1402 3765 genealogia
1469 3697 1840 3760 continentur,
1884 3695 2084 3765 partim

511 3802 769 3858 germano
801 3787 1026 3842 traduce
1052 3787 1196 3842 illius
1235 3796 1442 3857 patrem
1469 3795 1800 3844 consecutus
1829 3796 1934 3851 est,
1960 3801 2084 3856 par-

514 3880 607 3934 tim
642 3879 709 3933 ab
723 3879 848 3934 aliis
871 3879 1063 3950 geniti,
1096 3894 1271 3949 neque
1305 3888 1484 3934 tamen
1509 3880 1746 3934 naturali
1769 3879 1862 3934 sed
1897 3880 2086 3933 aliena:

511 3970 862 4041 appellationi
912 3969 1111 4024 addicti
1147 3969 1398 4035 fuerunt;
1430 3977 1784 4040 utrorumque
1815 3968 1956 4023 facta
1999 3976 2086 4022 est

508 4062 738 4125 mentio,
765 4077 959 4133 nempe
997 4069 1050 4116 et
1089 4077 1278 4116 eorum
1313 4063 1402 4131 qui
1437 4070 1760 4132 genuerunt,
1808 4072 1861 4116 et
1895 4075 2084 4116 eorum

510 4153 640 4208 item
669 4153 761 4222 qui
793 4168 892 4222 pro
922 4153 1271 4224 gignentibus
1316 4153 1485 4206 habiti
1523 4160 1670 4206 sunt.
1715 4150 1792 4204 lta
1831 4159 2083 4206 neutrum

508 4244 863 4317 Evangelium
893 4245 1172 4308 mentitur,
1210 4245 1340 4299 dum
1371 4253 1619 4298 naturam
1645 4251 1895 4300 numerat
1925 4253 2086 4314 atque

583 4401 696 4471 (l2)
719 4400 792 4456 De
813 4401 915 4455 hac
938 4402 1140 4457 celebri
1173 4400 1414 4456 Africani
1441 4402 1506 4456 ad
1530 4402 1822 4457 Aristidem
1855 4401 2084 4470 epistola

510 4471 780 4526 videndus
810 4473 868 4526 in
903 4473 1095 4542 primis
1141 4472 1411 4528 Eusebius
1465 4473 1609 4542 Hist.
1657 4476 1784 4526 θεοί.
1825 4473 1917 4526 Iih.
1955 4489 1990 4536 ι,
2027 4473 2076 4536 7,

511 4543 603 4610 qui
629 4542 748 4608 ejus
769 4541 971 4611 partem
998 4544 1271 4612 ingentem
1296 4544 1481 4606 refert,
1509 4560 1538 4596 a
1562 4541 1869 4612 Nicephoro
1894 4552 2078 4611 postea

511 4613 738 4683 Callisto
767 4612 908 4667 Hist.
940 4613 1030 4665 lih.
1066 4611 1102 4675 ι,
1137 4614 1222 4675 il,
1261 4615 1566 4683 repetitam.
1597 4611 1824 4668 Vitlendi
1855 4613 2079 4683 insuper

513 4680 876 4752 Hieronymus
902 4695 1195 4738 comment.
1228 4690 1293 4736 ad
1324 4680 1516 4738 Matth.
1545 4701 1584 4746 ι,
1611 4685 1712 4747 16ς
1742 4680 2080 4751 Augustinus

513 4752 875 4824 Retraotzlib.
913 4771 970 4815 ιι,
1003 4754 1068 4820 7;
1104 4753 1332 4808 Photius
1362 4755 1483 4809 cod.
1510 4755 1600 4817 '54,
1628 4771 1684 4824 p.
1710 4753 2082 4824 22:7denique

511 4824 702 4896 etiain__
740 4823 1047 4896 Zacharias
1086 4826 1412 4896 Cltrysopol.
1466 4826 1522 4878 in
1576 4823 1698 4881 Bib.
1751 4823 2077 4896 PP.VLugd.

512 4901 556 4948 t.
593 4893 734 4955 XIX,
779 4911 831 4964 p.
875 4896 995 4956 751,
1040 4895 1093 4949 in
1130 4893 1224 4949 fin'.
1265 4893 1568 4964 Ciacteroqui
1615 4911 1778 4949 verus
1811 4893 2076 4964 epistolae,

513 4979 823 5034 quanquam
851 4966 989 5018 haud
1027 4968 1270 5036 integrae.
1307 4977 1658 5036 conservator
1692 4965 1869 5036 fuerat
1895 4967 2082 5019 hacte-

510 5049 618 5088 nus
647 5037 698 5087 in
740 5035 977 5088 Historia
1003 5035 1360 5091 ecclesiastica
1401 5035 1690 5091 Eusebius.
1733 5035 1887 5089 Nunc
1922 5036 2080 5091 nobis

513 5105 746 5161 feliciter
771 5109 991 5169 accidit,
1030 5118 1087 5160 ut
1129 5108 1181 5160 in
1213 5109 1314 5161 ltac
1335 5107 1698 5176 quaestionum
1726 5105 1946 5161 Eusebii
1971 5107 2080 5174 epi-

513 5182 658 5248 tome
683 5191 807 5244 pars
838 5179 1084 5246 quaedam
1108 5179 1256 5248 prior
1271 5176 1515 5248 ejusdem
1537 5177 2079 5248 epistolaacotnperta

514 5247 872 5329 ptzintum‘sit,
900 5246 1185 5329 nempeiab
1215 5246 1624 5329 hocuinitiop'bic
1642 5246 1890 5329 ἀκριϐῶς
1907 5262 2080 5329 usque

513 5316 580 5367 ad
599 5315 784 5387 ἐπειδὴ
808 5319 914 5390 γὰρ
935 5317 1001 5390 τά
1019 5315 1253 5390 ὀνόματα
1278 5318 1384 5370 τῶν
1404 5318 1575 5390 γενῶν
1597 5322 1653 5390 ἐν
1686 5315 1929 5390 Ἰσραήλ,
1948 5315 2076 5380 elc.,

513 5334 580 5367 au
599 5334 784 5387 επειοη
808 5334 914 5390 γαρ
935 5334 1001 5370 τα
1019 5334 1253 5388 ονοματα
1278 5336 1384 5370 των
1404 5334 1575 5385 γενων
1597 5334 1653 5372 εν
1691 5334 1924 5441 Ἰσραηλ,
1948 5334 2076 5380 elc.,

513 5401 633 5454 quae
667 5392 721 5440 in
752 5397 906 5456 parte
933 5389 1023 5444 illa
1055 5389 1122 5442 ab
1148 5389 1414 5443 historico
1438 5386 1674 5443 Eusebio
1704 5405 1760 5443 re
1785 5397 1872 5440 ata
1903 5389 2076 5450 deest,

512 5458 654 5529 apud
680 5473 837 5529 quem
871 5459 1061 5529 incipit
1095 5459 1281 5529 ἐπειδὴ
1316 5460 1442 5529 γάρ,
1473 5468 1578 5514 elc.
1611 5460 1678 5529 Et
1701 5459 1920 5528 quidem
1947 5458 2077 5511 illud

513 5527 640 5596 γάρ,
665 5528 821 5590 enim.
846 5530 900 5583 in
922 5527 1206 5585 codicibus
1229 5527 1468 5585 historiae
1490 5527 1810 5586 Eusebianaa
1838 5537 2076 5591 exstare,

513 5598 1041 5670 testatur_Valesius.
1075 5601 1150 5654 ita
1175 5610 1233 5654 ιιι
1258 5601 1575 5670 acephalum
1614 5600 1784 5655 fuisse
1815 5599 2080 5667 fragmen-

512 5673 628 5720 tum
668 5668 802 5738 satis
849 5678 1159 5735 constaret;
1203 5668 1518 5725 nunc_vero
1552 5685 1582 5723 a
1622 5679 1806 5725 nostra
1845 5671 2079 5738 epitome

511 5751 738 5805 prorsus
768 5737 1190 5793 demonstratur.
1225 5740 1364 5805 Quid
1401 5741 1544 5810 quod
1581 5741 1636 5794 in
1670 5741 1772 5795 hoc
1802 5737 1944 5810 non
1968 5738 2080 5793 fra-

507 5816 727 5878 gmento
759 5823 821 5862 ea
861 5823 1086 5879 prorsus
1119 5808 1686 5878 cxhihcturimateria,
1711 5827 1875 5880 quam
1908 5808 2075 5866 Euse-

2250 769 2321 816 a'.
2381 763 2444 816 οἱ
2491 762 2588 832 μὲν
2623 757 2716 814 οὖν
2775 763 2893 833 ἦτοι
2935 762 3034 833 τὴν
3085 761 3445 831 εὐαγγελικὴν
3513 760 3756 832 ἱστορίαν

2178 852 2506 924 ἠγνοηκότες
2553 851 2586 922 ἢ
2623 855 2858 905 συνεῖναι
2910 851 2983 922 μὴ
3015 851 3351 922 δυνηθέντες,
3400 849 3758 923 δοξολογούσῃ

2180 945 2356 1015 πλάνῃ
2384 943 2480 1015 τὴν
2505 943 2776 1010 ἀγνωσίαν
2798 943 3115 996 ἐπύκνωσαν
3142 944 3385 1006 εἰπόντες
3419 945 3499 996 ὅτι
3531 942 3758 1005 δικαίως

2179 1037 2455 1107 γέγονενή
2485 1035 2741 1108 διάφορος
2793 1036 2930 1106 αῦτη
2961 1036 3070 1088 τῶν
3097 1037 3376 1106 ὀνομάτων
3409 1037 3757 1109 καταρίθμη-

2181 1129 2265 1192 σίς
2295 1145 2354 1181 τε
2382 1129 2474 1181 καὶ
2510 1129 2757 1198 ἐπιμιξία
2784 1127 2889 1180 τῶν
2929 1144 2986 1180 τε
3013 1127 3299 1199 ἱερατικῶν
3333 1130 3407 1192 ὡς
3433 1124 3544 1181 οἷόν
3569 1146 3628 1181 τε
3662 1129 3758 1182 καὶ

2177 1218 2286 1272 τῶν
2309 1219 2601 1289 βασιλικῶν
2619 1235 2630 1248 ·
2669 1220 2756 1271 ἵνα
2782 1218 2966 1290 δειχθῇ
2993 1219 3217 1282 δικαίως
3250 1221 3278 1272 ό
3309 1219 3544 1290 Χριστὸς
3579 1218 3758 1289 ἱερεύς

2177 1327 2237 1362 τε
2271 1311 2365 1363 καὶ
2393 1309 2643 1380 βασιλεὺς
2663 1312 2946 1382 γενόμενος
2965 1327 2979 1340 ο
3012 1309 3198 1382 ὥσπερ
3226 1311 3370 1375 τινὸς
3404 1311 3758 1376 ἀπειθοῦντος

2178 1401 2212 1473 ἢ
2243 1401 2436 1472 ἑτέραν
2483 1403 2776 1472 ἐσχηκότος
2813 1403 3001 1456 ἐλπίδα
3025 1422 3037 1433 ·
3066 1406 3147 1458 ὅτι
3186 1403 3417 1474 Χριστὸς
3457 1403 3624 1467 ἀΐδιος
3656 1405 3756 1474 μὲν

2179 1494 2466 1565 ἀρχιερεὺς
2523 1495 2754 1567 Πατρὸς,
2798 1494 2896 1558 τὰς
2942 1495 3212 1566 ἡμετέρας
3241 1493 3377 1566 πρὸς
3408 1493 3570 1547 αὑτὸν
3592 1492 3758 1563 εὐχὰς

2180 1587 2485 1657 ἀναφέρων,
2519 1586 2767 1656 βασιλεὺς
2794 1588 2837 1640 δ’
2871 1588 3254 1658 ὑπερκόσμιος,
3288 1585 3381 1649 οὒς
3414 1585 3756 1656 ἠλευθέρωσε

2182 1679 2358 1749 νέμων
2402 1679 2480 1748 τῷ
2515 1680 2810 1749 “vatiuati,
2872 1680 3128 1750 συνεργὸς
3163 1682 3241 1742 είς
3265 1679 3360 1749 τὴν
3397 1678 3758 1747 διακόσμησιν

2180 1768 2287 1822 τῶν
2333 1768 2468 1822 ὅλων
2521 1769 2841 1838 γενόμενος·
2909 1769 3084 1822 καίτοι
3150 1770 3362 1836 ἀγνοεῖν
3405 1767 3599 1830 αὐτοὺς
3654 1768 3757 1820 οὐκ

2116 1857 2157 1910 Β
2186 1861 2350 1932 ὲχρῆν
2379 1861 2452 1924 ὡς
2485 1861 2719 1931 ἑκατέρα
2745 1859 2851 1913 τῶν
2873 1858 3370 1930 κατηριθμημένων
3403 1856 3555 1922 τάξις
3581 1857 3640 1910 τὸ
3659 1857 3756 1909 τοῦ

2183 1953 2346 2007 Δαὸίδ
2373 1956 2489 2006 ἐστι
2518 1955 2671 2021 γένος
2693 1955 2726 2023 ἡ
2757 1952 2852 2005 τοῦ
2892 1952 3062 2005 Ἰούδα
3088 1951 3228 2021 φυλὴ
3253 1951 3504 2022 βασιλική
3528 1967 3542 1980 ·
3578 1952 3627 2003 εί
3648 1949 3757 2020 γὰρ

2185 2048 2468 2118 προφήτης
2506 2049 2533 2099 ὁ
2554 2046 2757 2110 Νάθαν,
2789 2044 2902 2098 ἀλλ’
2929 2045 3076 2115 ὅμως
3107 2044 3196 2096 καὶ
3231 2041 3478 2114 Σολομῶν
3503 2045 3532 2097 ὃ
3550 2060 3608 2096 τε
3630 2043 3753 2095 τοῦ·

2183 2155 2290 2190 των
2322 2139 2503 2209 πατὴρ
2537 2137 2827 2208 ἐκατέρου*
2854 2138 2918 2189 ἐκ
2959 2133 3169 2188 πολλῶν
3197 2135 3255 2188 δὲ
3293 2135 3475 2205 φυλῶν
3511 2135 3760 2203 ἐγένοντο

2185 2228 2480 2300 προφῆται,
2539 2228 2701 2298 ἱερεῖς
2737 2226 2793 2279 δέ
2830 2226 2892 2279 οὐ
2936 2225 3106 2289 δεῖνες
3159 2225 3266 2279 τῶν
3297 2224 3507 2278 δώδεκα
3549 2224 3754 2294 φυλῶν,

2189 2321 2336 2390 μόνοι
2367 2317 2689 2372 δὲΛευῖταιο
2726 2319 2900 2390 μάτην
2925 2317 3032 2389 ἄρα
3062 2317 3368 2372 πέπλασται
3399 2317 3460 2370 τὸ
3486 2317 3756 2386 ἐψευσμέ-

2184 2432 2273 2467 νον
2295 2431 2308 2444 ·
2336 2412 2409 2484 μὴ
2437 2412 2500 2484 δὴ
2525 2413 2753 2484 κρατοίη
2781 2411 3017 2473 τοιοῦτος
3047 2411 3202 2478 λόγος
3234 2412 3291 2462 ἐν
3309 2409 3605 2480 Ἐκκλησία
3618 2410 3753 2479 Χρι-

2186 2502 2312 2556 στοῦ
2343 2503 2433 2556 καὶ
2457 2501 2590 2555 Θεοῦ
2629 2501 2881 2572 πατέρων
2915 2500 3176 2570 ἀκριϐοῦς
3203 2499 3484 2570 ἀληθείας,
3519 2498 3599 2550 ὅτι
3627 2495 3758 2564 ψεῦ-

2183 2595 2270 2660 δος
2305 2595 2584 2663 σύγκειται
2614 2595 2692 2656 είς
2720 2587 2867 2645 αἶνον
2885 2592 2979 2645 καὶ
3000 2592 3306 2659 δοξολογίαν
3333 2589 3588 2662 Χριστοῦ.

2257 2688 2321 2759 β’.
2353 2690 2468 2742 Ἵνα
2511 2684 2604 2741 οῦν
2645 2688 2739 2742 καὶ
2769 2685 2928 2739 τοῦτο
2963 2686 3061 2756 μὲν
3092 2685 3186 2739 τοῦ
3227 2686 3506 2757 εἰρηκότος
3531 2683 3761 2752 ἐλέγξωο

2190 2798 2294 2852 μεν
2339 2781 2438 2852 τὴν
2484 2778 2755 2851 ἀμαθίαν,
2814 2777 3114 2848 παύσωμεν
3171 2777 3228 2830 δὲ
3271 2777 3363 2829 τοῦ
3421 2775 3622 2847 μηδένα
3667 2776 3758 2828 ὑπ’

2185 2874 2407 2943 ἀγνοίας
2457 2873 2929 2943 σκανδαλισθῆναι,
2980 2872 3074 2943 τὴν
3120 2871 3296 2942 ἀληθῆ
3322 2871 3430 2923 τῶν
3460 2868 3760 2939 γεγονότων

2187 2968 2428 3040 ἱστορίαν
2472 2965 2795 3038 ἐκθήσομαι.
2865 2965 3082 3036 Ἐπειδὴ
3135 2963 3242 3034 γὰρ
3289 2963 3356 3016 τὰ
3393 2963 3629 3033 ὀνόματα
3652 2960 3762 3015 τῶν

2186 3059 2358 3128 γενῶν
2406 3062 2463 3112 ὲν
2497 3059 2711 3130 Ἰσραὴλ
2753 3059 3033 3129 ἠριθμεῖτο
3071 3059 3103 3130 ἢ
3135 3056 3291 3126 φύσει
3319 3056 3349 3126 ἢ
3381 3056 3563 3126 νόμῳ·
3598 3054 3759 3124 φύσει

2110 3196 2152 3250 C
2191 3152 2307 3222 μὲν,
2339 3152 2562 3223 γνησίου
2609 3151 2918 3222 σπέρματος
2965 3149 3216 3219 διαδοχῇ·
3264 3148 3413 3217 νόμῳ
3443 3146 3520 3208 δέ,
3568 3145 3756 3244 ἐτέρομ

2187 3240 2668 3310 παιδοποιουμένου
2709 3243 2788 3304 εἰς
2851 3240 3018 3310 ὄνομα
3065 3238 3485 3306 τελευτήσαντος
3526 3231 3754 3302 ἀδελφοῦ

2185 3333 2412 3386 ἀτέκνου
2434 3351 2446 3363 ·
2475 3334 2555 3386 ὅτι
2583 3332 2690 3402 γὰρ
2711 3332 2921 3385 οὐδέπω
2945 3331 3122 3393 αὐτοῖς
3141 3329 3318 3382 δέδοτο
3346 3327 3499 3390 ἐλπὶς
3521 3325 3754 3380 ἀναστά-

2189 3443 2326 3489 σεως
2365 3425 2557 3497 σαφὴς,
2611 3425 2706 3497 τὴν
2749 3425 3043 3496 μέλλουσαν
3093 3421 3418 3490 ἐπαγγελίαν
3464 3419 3758 3473 ἀναστάσει

2192 3520 2484 3592 ἐμιμοῦντο
2511 3520 2698 3590 θνητῇ,
2724 3518 2810 3573 ἵνα
2831 3518 3179 3574 ἀνέκλειπτον
3202 3515 3262 3568 τὸ
3290 3515 3458 3585 ὄνομα
3490 3514 3646 3584 μείνῃ
3664 3511 3760 3564 τοῦ

2198 3611 2618 3684 μετηλλαχότος’
2677 3609 2798 3662 ἐπεὶ
2865 3604 2957 3662 οῦν
3007 3611 3054 3660 oi
3111 3609 3176 3677 τῇ
3227 3604 3543 3675 γενεαλογία
3593 3602 3763 3673 ταύτῃ

2193 3704 2575 3775 ὲμφερόμενοι,
2605 3703 2651 3753 ci
2678 3702 2773 3772 μὲν
2805 3699 3105 3763 διεδέξαντο
3131 3700 3260 3760 παῖς
3278 3695 3489 3766 πατέρα
3503 3693 3763 3764 γνησίως,

2185 3799 2235 3850 οἱ
2272 3797 2327 3850 δὲ
2369 3797 2574 3869 ἑτέροις
2627 3795 2724 3866 μὲν
2793 3792 3196 3864 ἐγεννήθησαν,
3245 3789 3451 3860 ἑτέροις
3497 3788 3554 3841 δὲ
3596 3803 3766 3858 προσ-

2186 3890 2445 3960 ετέθησαν
2499 3889 2708 3960 κλήσει,
2747 3887 3070 3958 ἀμφοτέρων
3118 3883 3386 3954 γέγονενὴ
3433 3881 3620 3952 μνήμη
3670 3880 3767 3934 καὶ

2186 3983 2292 4036 τῶν
2342 3981 2747 4054 γεγεννηκότων
2787 3980 2882 4035 καὶ
2921 3979 3029 4032 τῶν
3072 3978 3147 4040 ὡς
3187 3973 3626 4044 γεγεννηκότων*
3673 3969 3766 4025 οὗ·

2185 4092 2301 4138 τως
2357 4074 2636 4145 οὐδέτερον
2695 4072 2804 4126 τῶν
2858 4070 3202 4139 Εὑαγγελίων
3234 4067 3485 4136 ψεύδεται
3517 4064 3611 4120 καὶ
3662 4064 3766 4134 φύ-

2189 4181 2271 4218 σιν
2333 4163 2598 4236 ἁριθμοῦν
2661 4164 2754 4217 καὶ
2804 4162 3006 4233 νόμον·
3073 4159 3357 4231 ἐπεπλάκη
3422 4158 3530 4230 γὰρ
3591 4154 3758 4225 ἀλλή-

2186 4255 2297 4320 λοις
2357 4257 2426 4309 τὰ
2463 4256 2596 4324 γένη
2645 4255 2714 4309 τα
2753 4272 2810 4307 τε
2861 4253 2970 4306 ἀπὸ
3010 4251 3318 4323 Σολομῶνος
3361 4251 3455 4303 καὶ
3500 4247 3594 4301 τοῦ
3641 4246 3758 4300 Ni-

2188 4414 2310 4467 bins
2340 4411 2396 4464 in
2431 4410 2641 4480 integra
2693 4409 2922 4479 epistola
2954 4423 3036 4480 se
3077 4406 3276 4480 legisse
3319 4401 3631 4480 significat?
3676 4397 3755 4480 En

2190 4484 2350 4538 verba
2377 4469 2594 4535 Eusebii
2626 4469 2742 4534 loc:
2763 4482 2882 4542 cit.,
2913 4479 2965 4533 id
2995 4487 3101 4538 est,
3131 4469 3280 4530 Hist.
3318 4469 3414 4539 1,7
3443 4492 3455 4526 :
3491 4472 3625 4544 Φέρε
3659 4469 3761 4544 τὴν

2291 4553 2313 4604 l.
2343 4551 2546 4604 τούτων
2570 4540 2932 4603 κατελθοῦσαν
2962 4551 3041 4612 εἰς
3063 4549 3208 4618 ἡμᾶς
3235 4545 3473 4618 ἱστορίαν
3502 4540 3762 4618 παραθῶ-

2111 4532 2226 4586 Il...

2187 4571 2249 4606 πε
2297 4571 2313 4604 ι
2343 4571 2546 4604 τουτων
2570 4571 2932 4603 κατεΛυΟυσαν
2962 4571 3041 4612 εις
3063 4571 3208 4618 ημᾶς
3235 4571 3473 4616 ιστυριαν
3502 4571 3760 4612 ’διαρμυιυ-

2187 4571 2343 4701 pagg,
2376 4620 2848 4701 ﬁv_6t‘_é1:t5::o).ﬁ_c
2891 4618 3194 4701 ’Δριστείδῃ
3214 4616 3439 4701 γρᾲφων
3463 4613 3760 4701 περιισυμ-

2184 4683 2515 4762 ξρωνίαςαῆς
2548 4694 2603 4744 ἐν
2624 4694 2736 4754 τοῖς
2774 4683 3545 4762 εῦαγγέλίοις*γενεαλογίαςὁί
3577 4683 3763 4762 ’ᾼφιζι-

2184 4752 2344 4825 κανὺς
2369 4752 2758 4833 ’ἐμνημόνευσε
2774 4778 2786 4790 ·
2811 4752 2933 4833 τάς
2957 4752 3378 4833 μὲν-δηλοιπῶν
3403 4752 3662 4833 δόξαςιὼς
3693 4752 3762 4802 ἀν

2185 4822 2390 4904 βιαίοῦς
2415 4822 2920 4904 καὶ’διεψευσμένας
2950 4822 3275 4904 ἀπελέγξας,
3312 4825 3442 4904 ﬂvit:
3467 4822 3627 4884 αὐτὸς
3658 4837 3763 4903 πα-

2184 4892 2434 4975 ρείληφεν
2477 4892 2733 4975 ἱστορίαν,
2755 4892 3008 4975 ’τούτοις
3033 4892 3213 4962 αὐτοῖς
3234 4892 3602 4975 ..ἐκτιθέμενος
3648 4892 3761 4975 τοίς

2184 4960 2440 5046 ρήμασιν·
2481 4960 2667 5044 ἐπείδὴ
2688 4960 2796 5044 γάρ
2827 4973 2895 5046 ri
2923 4960 3161 5040 ὀνόματα
3192 4960 3654 5046 τῶνχενῶνηειο.
3685 4960 3764 5016 De

2181 5035 2270 5098 in”;
2297 5044 2636 5098 traditionem
2656 5035 2776 5112 27w
2803 5041 2870 5093 ad
2904 5058 2996 5094 nos
3019 5035 3448 5114 usque-deducta
3467 5043 3553 5114 _est
3575 5047 3765 5114 propo-

2182 5133 2390 5181 namus,
2425 5131 2582 5186 quam
2620 5101 2906 5186 Africanus
2925 5114 2992 5186 _in
3022 5101 3357 5186 ep‘islola‘ad
3383 5101 3666 5186 Aristidem
3697 5103 3764 5186 de

2181 5172 2449 5240 consensu.
2481 5172 2868 5254 evangeliorum
2917 5183 2967 5235 in
3020 5177 3431 5254 stirpe_Christ_i
3465 5172 3761 5254 .narranda

2182 5247 2632 5312 commemoravit:
2675 5252 2774 5327 Ubi
2807 5253 3047 5327 Διιίίονιιηι
3085 5247 3293 5320 quidem
3334 5247 3602 5327 opiniones
3635 5253 3759 5293 tan-

2179 5343 2338 5397 quam
2373 5327 2628 5380 vinlentas
2659 5333 2709 5378 et
2739 5323 2878 5397 falso
2909 5325 3163 5397 conﬁctas
3195 5323 3433 5397 coarguit
3453 5323 3760 5397 ἦξρδειιξενο

2179 5381 2338 5467 quam
2383 5404 2709 5469 compererat
2739 5381 3032 5469 'historian't
3071 5393 3151 5446 his
3193 5381 3352 5469 refert
3382 5381 3573 5469 uerbis.
3612 5381 3761 5469 Nlant

2179 5454 2303 5535 quia
2341 5454 2738 5539 generationum
2769 5468 3004 5529 nomina,
3043 5472 3152 5539 _et_c.
3205 5454 3369 5515 Vides
3401 5457 3610 5539 itaque.
3625 5454 3761 5539 allie-

2180 5524 2371 5592 ἔκιε-ιιιῆ
2407 5538 2746 5608 opinionum,
2791 5524 3365 5608 utpotc'violentarum
3400 5524 3561 5596 atque
3587 5524 3759 5604 falsa:

2180 5625 2323 5669 rum,
2378 5601 2784 5676 coargutionem
2837 5601 2908 5660 ab
2956 5605 3220 5676 Africano
3267 5601 3488 5676 factam,
3537 5601 3760 5676 nonnisi

2180 5665 2323 5748 apud
2357 5665 2602 5732 nostram
2634 5677 2908 5747 epitomen
2931 5716 2946 5743 ,
2985 5677 3172 5730 statim
3210 5672 3387 5735 initio,
3434 5676 3492 5721 ut
3543 5665 3763 5731 debuit,

2182 5763 2429 5804 ιιιγοηιιί.
