4112 6436
382 360 482 415 9θὶ

946 355 1405 424 ρυΑῑδτιοΝΕε,
1443 357 1898 415 EVANGELICIE
1939 360 2030 413 Al)
2071 361 2510 419 STEPHANUM.
2552 393 2620 405 -—
2659 364 2988 430 QUIESTIO
3029 363 3086 420 ν.

3538 368 3642 423 902

381 480 511 543 θαν,
556 479 915 532 ἀναστάσεσιν
958 477 1200 530 ἀτέκνων
1241 480 1337 530 καὶ
1381 479 1829 550 δευτερογαμίαις
1868 483 1943 534 κα¹

2064 482 2255 552 legem.
2283 481 2881 551 Implicabantur'enim
2913 486 3053 540 inter
3078 499 3138 539 se
3169 500 3367 556 genera
3402 483 3642 540 Saturno-

381 569 671 625 ἀναστάσει
694 570 1023 641 σπερμάτων
1047 587 1059 599 ·
1090 571 1165 632 ὼς
1179 569 1401 631 δικαίως
1425 570 1550 632 τοὺς
1566 571 1761 634 αὐτοὺς
1777 571 1964 625 ἄλλοτε

379 661 552 716 ἄλλων
579 661 892 731 νομίζεσθαι
919 677 930 690 ·
959 659 1068 713 τῶν
1107 661 1202 730 μὲν
1226 659 1524 713 δοκούντων
1555 661 1833 731 πατέρων,
1855 663 1966 716 τῶν

379 753 435 804 δὲ
459 752 814 822 ὑπαρχόντων
835 769 846 780 ·
875 752 968 803 καὶ
989 752 1301 822 ἀμφοτέρας
1316 750 1415 814 τὰς
1452 751 1727 823 διηγήσεις
1761 755 1966 825 κυρίως

379 843 596 913 ἀληθεῖς
630 841 794 904 οὔσας
821 843 913 894 ἐπὶ
947 842 1035 895 τὸν
1074 843 1269 914 Ἰωσήφ
1298 843 1650 908 πολυπλόκως
1685 845 1802 915 μὲν,
1849 845 1964 898 ἀλλ’

377 933 620 1004 ἀκριϐῶς
655 934 952 987 κατελθεῖν.
980 935 1096 988 Ἵνα
1119 934 1175 986 δὲ
1203 936 1370 1003 σαφὲς
1461 936 1520 988 τὸ
1537 935 1844 1006 λεγόμενον,
1865 937 1964 1008 τὴν

377 1026 689 1096 ἐπαλλαγὴν
719 1026 826 1078 τῶν
859 1026 1033 1095 γενῶν
1061 1026 1393 1098 διηγήσομαι
1421 1028 1558 1096 (l5).
1594 1028 1659 1080 Ἢ
1694 1028 1834 1081 κατὰ
1863 1029 1963 1096 φύ-

377 1134 461 1171 σιν
485 1118 694 1186 γένεσις
722 1117 840 1171 ἔστι
887 1117 1164 1174 Ματθαίου
1191 1135 1204 1148 ·
1237 1121 1268 1186 ἡ
1303 1119 1442 1171 κατὰ
1475 1119 1638 1190 νόμον
1667 1121 1964 1185 ἀνάστασις

375 1210 584 1278 γένους,
616 1209 761 1263 ἔστιν
793 1214 824 1282 ή
860 1211 953 1264 τοῦ
997 1212 1206 1264 Λουκᾶσ
1242 1211 1467 1264 Ματθὰν
1505 1215 1534 1264 6
1567 1211 1677 1265 ἀπὸ
1710 1212 1962 1281 Σολομῶ-

374 1318 483 1366 νος,
501 1302 756 1374 ἐγέννησε
775 1304 866 1356 τὸν
882 1303 1075 1356 Ἰακώϐ
1089 1322 1102 1334 ’
1130 1303 1354 1358 Ματθὰν
1375 1303 1759 1368 ἀποθανόντος,
1784 1305 1961 1376 Μελχὶ

372 1396 401 1446 6
451 1395 559 1448 ἀπὸ
599 1395 784 1449 Νάθαν
827 1398 891 1448 ὲκ
921 1397 1020 1467 τῆς
1059 1397 1226 1467 αὐτῆς
1278 1396 1535 1465 γυναικὸς
1584 1397 1838 1468 ἐγέννησε
1870 1398 1960 1452 τὸν

385 1487 538 1539 Ἠλίο
587 1488 913 1558 ὁμομήτριοι
967 1489 1076 1560 ἄρα
1122 1488 1365 1556 ἀδελφοὶ,
1409 1488 1530 1541 Ἠλὶ
1582 1489 1676 1542 καὶ
1733 1489 1956 1543 Ἰακώϐ·

386 1580 503 1633 Ἠλὶ
525 1580 752 1634 ἀτέκνου
783 1579 1165 1645 ἀποθανόντος,
1193 1582 1222 1633 6
1260 1579 1450 1634 Ἰακὼϐ
1487 1579 1779 1653 ἀνέστησεν
1812 1581 1959 1652 αὐτῷ

376 1669 636 1740 σπέρμα,
695 1671 964 1740 γεννήσας
1013 1669 1103 1723 τὸν
1173 1669 1395 1740 Ἰωσὴφ,
1459 1670 1599 1724 κατὰ
1648 1672 1806 1740 φύσιν
1862 1674 1958 1744 μὲν

376 1760 575 1831 ἐαυτῷ,
625 1761 766 1814 κατὰ
797 1762 960 1831 νόμον
1009 1762 1067 1814 δὲ
1115 1761 1194 1831 τῷ
1237 1761 1385 1814 Ἥλίο
1416 1761 1588 1826 οὕτως
1633 1764 1956 1837 ἀμφοτέρων

374 1851 484 1914 υἱὸς
524 1852 720 1923 Ἰωσήφ
756 1851 887 1923 (14).

1121 2047 1194 2100 ις’.

372 2163 474 2216 Διὰ
521 2162 578 2214 τί
622 2163 655 2214 ὁ
701 2159 999 2225 Ματθαῖος
1045 2158 1151 2212 τοῦ
1212 2158 1457 2228 Ἀϐραὰμ
1486 2158 1797 2226 προτάττει
1826 2157 1948 2210 ’τὸν

443 2231 621 2285 Δαϐὶδ
640 2231 711 2284 ἐν
753 2229 822 2297 τῇ
854 2229 962 2282 τοῦ
1013 2229 1273 2300 Χριστοῦ
1315 2227 1942 2300 γενεαλογίᾳγφήσας·

439 2304 652 2366 Βίϐλος
699 2300 988 2369 γενέσεως
1033 2299 1227 2367 Ἰησοῦ
1271 2298 1547 2367 Χριστοῦ,
1575 2298 1709 2353 ὺὶοῦ
1747 2298 1943 2361 Δαϐὶδ,

443 2372 579 2424 υἱοῦ
635 2369 899 2438 Ἀϐραάμ.

441 2485 509 2537 α’.
543 2482 759 2553 Ἐπειδὴ
791 2480 991 2552 πρώτῳ
1022 2482 1115 2535 καὶ
1142 2482 1288 2552 μόνῳ
1316 2481 1394 2553 τῷ
1431 2481 1595 2535 Δαϐὶδ
1629 2480 1745 2552 μεθ’
1785 2482 1945 2553 ὅρκου

369 2574 821 2640 διαϐεϐαιώσεως,
863 2574 922 2642 ἐξ
976 2575 1142 2628 αὑτοῦ
1181 2576 1323 2629 κατά
1361 2576 1540 2648 σάρκα
1572 2574 1732 2644 φῦναι
1759 2578 1786 2628 6
1817 2577 1948 2646 Χρι-

372 2668 496 2731 στὸς
519 2665 837 2729 ὲθεσπίξετο
862 2683 875 2696 ο
913 2666 1223 2738 γέγραπται
1257 2663 1378 2720 οὖν’
1419 2687 1434 2718 ι
1487 2668 1578 2720 Ἐκ
1616 2665 1828 2739 καρποῦ
1851 2668 1946 2738 τῆς

367 2759 574 2822 κοιλίας
633 2775 727 2811 σου
793 2757 1026 2830 θήσομαι
1089 2759 1178 2812 ἐπὶ
1228 2759 1320 2812 τὸν
1383 2759 1568 2831 θρόνον
1608 2776 1722 2812 σου,
1776 2777 1794 2810 ι
1837 2758 1947 2810 Καὶ

370 2851 566 2905 πάλιν·
622 2869 641 2900 ί
682 2847 948 2918 Διεθέμην
1005 2849 1266 2922 διαθήκην
1319 2851 1432 2914 τοῖς
1480 2849 1752 2912 ἐκλεκτοῖς
1809 2866 1942 2919 μου·

369 2942 557 3013 ὤμοσα
609 2946 772 2999 Δασὶδ
821 2945 898 3017 τῷ
935 2944 1104 3014 δούλῳ
1162 2959 1294 3013 μου·
1327 2941 1432 3006 ἕως
1463 2943 1556 2994 τοῦ
1597 2942 1788 3004 αἰῶνος
1811 2943 1946 2994 ἐτοι-

372 3034 528 3104 μάσω
553 3035 614 3087 τὸ
653 3036 874 3107 σπέρμα
909 3053 1024 3100 σου,
1051 3034 1141 3088 καὶ
1172 3033 1512 3104 οἰκοδομήσω
1533 3034 1613 3096 εἰς
1641 3032 1832 3102 γενεὰν
1853 3032 1945 3084 καὶ

365 3127 557 3195 γενεὰν
594 3127 685 3180 τὸν
713 3127 902 3200 θρόνον
950 3145 1064 3181 σου.
1101 3146 1118 3178 ι
1143 3125 1252 3179 Καὶ
1276 3125 1344 3178 τὰ
1373 3124 1472 3195 μὲν
1499 3125 1595 3196 τῆς
1617 3125 1943 3192 ἐπαγγελίας

2067 573 2248 626 nicum
2285 583 2339 628 et
2372 573 2735 630 Nathanicum
2789 575 3228 646 reparationibus
3275 577 3541 632 sterilium
3585 583 3643 632 et

2067 664 2322 719 secundis
2359 665 2567 734 nuptiis
2599 674 2654 721 et
2687 668 2954 722 seminum
2994 667 3352 722 suscitatione
3406 682 3421 719 :
3469 667 3543 722 ita
3576 676 3637 722 ut

2067 754 2262 807 merito
2291 753 2451 810 iidem
2485 756 2733 812 homines
2763 758 2898 813 alias
2927 759 3050 813 aliis
3074 761 3320 828 patribus
3350 761 3633 816 ascriban—

2067 851 2176 906 tur,
2214 859 2408 914 nempe
2435 853 2489 901 et
2510 847 2578 902 iis
2611 849 2701 918 qui
2731 850 2934 918 specie,
2963 857 3018 903 et
3048 865 3240 905 rursus
3278 851 3345 906 iis
3380 853 3472 922 qui
3507 867 3631 906 rea-

2076 949 2174 1002 pse
2195 937 2468 1005 genitores
2492 947 2620 992 sunt
2651 960 2662 994 :
2701 949 2862 1010 atque
2887 942 3060 996 amst
3087 943 3429 998 narrationes
3452 944 3634 1014 appri-

2063 1039 2150 1078 me
2181 1039 2324 1078 vera:
2370 1025 2437 1079 ad
2498 1026 2792 1097 Josephum
2829 1032 2979 1084 varie
3029 1032 3246 1101 quidem
3305 1034 3401 1087 sed
3457 1048 3636 1092 tamen

2065 1115 2129 1166 ad
2171 1115 2431 1170 amussim
2463 1117 2773 1172 deveniant.
2803 1119 2872 1173 Ut
2905 1129 3082 1175 autem
3107 1122 3252 1192 quod
3294 1124 3382 1177 aio
3428 1131 3634 1193 pel-Spl-

2067 1219 2231 1258 cuum
2263 1207 2374 1271 liat,
2400 1211 2852 1277 permutationem
2878 1227 3139 1280 generum
3161 1214 3502 1283 patefaciant.
3531 1214 3635 1270 Ge-

2062 1298 2276 1351 neratio
2305 1300 2571 1354 naturalis
2600 1310 2685 1354 est
2710 1300 2802 1354 illa
2838 1300 3074 1356 Matthxi
3111 1323 3124 1358 :
3151 1306 3369 1374 generis
3399 1308 3635 1361 suscita-

2061 1388 2138 1441 tio
2170 1389 2358 1460 legalis
2379 1398 2462 1446 est
2487 1391 2578 1444 illa
2600 1390 2778 1446 Lucze.
2805 1391 3114 1450 Matthanus
3135 1395 3422 1451 Salomone
3445 1400 3632 1454 oriun-

2060 1479 2162 1536 dus
2220 1485 2408 1552 genuit
2465 1481 2751 1538 Iacobum.
2797 1485 3074 1539 Matthano
3115 1487 3392 1553 defuncto,
3437 1489 3629 1546 Melchi

2057 1571 2307 1626 Nathano
2340 1572 2628 1639 oriundus,
2657 1589 2687 1628 e
2719 1573 2980 1630 Mattbani
3021 1592 3190 1632 uxore
3235 1577 3405 1632 Helim
3441 1596 3630 1638 susce-

2057 1663 2155 1733 pit.
2201 1661 2366 1732 Igitur
2405 1665 2606 1717 uterini
2663 1664 2859 1720 fratres
2918 1665 3036 1722 Heli
3100 1677 3154 1724 et
3198 1667 3458 1725 Jacubus.
3509 1672 3628 1729 llr-li

2056 1753 2272 1799 mortuo
2306 1747 2426 1800 sine
2468 1745 2675 1811 liberis,
2707 1746 2946 1804 Jacobus
2997 1753 3256 1806 excitavit
3287 1753 3336 1806 ei
3385 1757 3626 1812 sobolem

1967 1842 2016 1901 Β
2043 1837 2224 1908 genito
2246 1836 2504 1909 Iosepho,
2528 1855 2629 1895 suo
2657 1842 2984 1897 naturaliter
3014 1843 3142 1910 lilio,
3174 1861 3240 1899 ex
3268 1846 3406 1917 legis
3439 1857 3628 1904 autem

2051 1927 2224 1984 forma
2252 1929 2369 1986 Heli
2405 1932 2534 1987 lilio.
2570 1931 2661 1988 Sic
2690 1933 2976 2005 utriusque
3007 1935 3148 1992 tilius
3178 1935 3476 2017 Josephus.

2801 2045 2865 2101 γ.

2049 2158 2486 2233 CugMatt/urus
2537 2171 2658 2216 ante
2707 2163 3062 2217 Abrahamum
3093 2176 3252 2233 ponat
3284 2165 3534 2222 Davidem
3571 2170 3626 2223 in

2117 2229 2315 2305 Qﬁristi
2344 2233 2846 2305 genealogiedicens
2878 2251 2894 2286 .·
2922 2229 3101 2305 ιμὶὸειί
3121 2239 3470 2305 generationis
3495 2237 3626 2294 Jestt

2118 2299 2466 2370 Christi,iﬁtii
2491 2299 2733 2368 deidis,
2765 2304 2866 2373 ﬁlii
2889 2299 3201 2360 Abrahaﬁti.

2120 2478 2170 2532 l.
2204 2476 2302 2533 Rei
2338 2492 2504 2534 causa
2527 2485 2612 2533 est
2637 2479 2764 2548 quia
2802 2479 2978 2548 primo
3009 2478 3218 2549 solique
3251 2479 3440 2535 Davidi
3481 2481 3626 2535 ratio

2047 2568 2250 2622 ciuium
2300 2569 2658 2639 jurejurando
2699 2571 3081 2624 conﬁrmatum
3123 2571 3243 2635 fuit,
3293 2571 3406 2626 fore
3447 2582 3504 2626 ut
3554 2588 3624 2627 ex

2047 2675 2113 2714 eo
2152 2659 2405 2715 Christus
2455 2662 2772 2716 humanitus
2829 2670 3166 2717 nasceretur.
3212 2662 3490 2733 Scriptum
3537 2673 3622 2719 est

2046 2752 2191 2806 enim
2233 2768 2246 2805 :
2283 2770 2301 2802 ι
2337 2751 2410 2807 De
2448 2751 2626 2806 fructu
2659 2755 2862 2808 ventris
2894 2754 2972 2807 tui
3015 2770 3212 2824 ponam
3245 2771 3410 2825 super
3439 2756 3622 2811 sedem

2047 2851 2198 2896 tuam
2241 2843 2305 2899 ³⁸.
2349 2863 2367 2895 ι
2407 2842 2768 2914 Rursusque:
2805 2863 2823 2896 ‹
2873 2843 3044 2900 Posui
3084 2855 3465 2901 testamentum
3513 2847 3623 2901 ele-

2046 2935 2151 2989 ctis
2191 2935 2358 3002 meis;
2380 2936 2561 3004 juravi
2587 2934 2774 2990 Davidi
2803 2951 2961 2990 servo
2991 2951 3132 3000 meo,
3175 2953 3348 3007 usque
3375 2944 3431 2992 in
3462 2946 3622 2992 aeter-

2046 3042 2174 3081 num
2212 3030 2527 3099 praaparabo
2555 3044 2738 3084 semen
2773 3035 2958 3094 tuum;
2988 3037 3041 3082 et
3069 3029 3347 3084 aedificabo
3372 3030 3426 3084 in
3454 3045 3618 3100 gene-

2047 3116 2312 3171 rationem
2340 3125 2394 3172 et
2423 3119 2834 3188 generationem
2877 3118 3062 3172 sedem
3101 3128 3248 3174 tuam
3284 3120 3346 3173 ⁸³.
3398 3140 3416 3173 ›
3444 3121 3620 3192 Atque

362 3215 456 3268 τοῦ
492 3217 988 3288 προφητευομένου,
1039 3214 1262 3268 τοιαῦτα
1290 3210 1391 3284 ἦν·
1427 3213 1519 3267 τοῦ
1554 3213 1610 3265 δὲ
1637 3213 1943 3284 Σολομῶνος

2047 3206 2130 3262 hae
2151 3216 2279 3262 sunt
2301 3207 2367 3262 de
2395 3209 2652 3278 praedicto
2681 3209 3093 3279 promissiones.
3125 3209 3294 3282 Regni
3320 3221 3497 3269 autem
3527 3191 3622 3270 Sa-

363 3308 462 3376 τῆς
505 3307 778 3377 βασιλείας
816 3310 917 3362 οὐκ
957 3307 1150 3377 ἄδηλος
1181 3307 1210 3358 6
1241 3305 1466 3377 χρόνος·
1507 3305 1723 3373 λέγεται
1765 3306 1820 3358 δὲ
1853 3302 1945 3359 οὖν

362 3398 456 3449 ἐπὶ
480 3399 662 3466 μόνοις
713 3399 858 3451 ἔτεσι
911 3399 1318 3467 τεσσαράκοντα
1362 3395 1676 3467 βασιλεῦσαι
1722 3397 1813 3448 ἐπὶ
1855 3396 1945 3450 τὸν

375 3485 621 3556 Ἰσραήλ·
677 3487 793 3549 πῶς
836 3483 928 3539 οὖν
953 3487 1148 3553 γένοιτ’
1181 3486 1246 3539 ἂν
1275 3471 1474 3558 ἀληθὲς
1499 3489 1578 3550 εἰς
1613 3486 1773 3539 αὐτὸν
1811 3489 1942 3540 ἁνα-

363 3577 689 3646 φερόμενον·
757 3596 774 3629 ι
831 3577 1144 3649 Ἀνορθώσω
1207 3579 1300 3630 τὸν
1374 3578 1562 3648 θρόνον
1636 3577 1799 3631 αὑτοῦ
1864 3581 1942 3642 εἰς

359 3667 452 3721 τὸν
484 3667 688 3732 αἰῶνας
728 3686 746 3718 ι
795 3667 933 3720 Ἀλλ’
968 3668 1016 3720 εἰ
1050 3667 1194 3736 λέγοι
1231 3685 1316 3732 τις
1342 3670 1469 3739 περὶ
1522 3668 1619 3739 τῆς
1668 3668 1728 3734 ἐξ
1774 3667 1937 3721 αὐτοῦ

362 3759 612 3830 διαδοχῆς
666 3761 917 3832 εἰρῆσθαι
977 3761 1183 3827 ταῦτα,
1224 3763 1324 3814 οὐκ
1371 3761 1657 3832 ἀγνοητέον
1717 3761 1797 3814 ὅτι
1841 3760 1936 3830 μέο

358 3867 480 3921 χρις
537 3851 783 3921 Ἰεχονίου
845 3852 939 3904 καὶ
995 3853 1092 3922 τῆς
1145 3852 1226 3914 είς
1294 3850 1589 3904 Βαϐυλῶνα
1651 3849 1932 3921 αἰχμαλω-

361 3941 500 4006 σίας,
537 3943 632 3996 καὶ
677 3945 709 4013 ἡ
745 3943 852 3995 ἀπὸ
901 3943 1064 3996 Δαϐὶδ
1106 3947 1200 3995 καὶ
1245 3941 1555 4012 Σολομῶνος
1590 3942 1804 4013 διαδοχὴ
1837 3942 1935 4014 τῆς

361 4033 633 4102 βασιλείας
661 4033 943 4106 διήρκησε,
979 4033 1206 4104 μηδενὸς
1241 4033 1376 4104 μετὰ
1410 4033 1501 4086 τὸν
1545 4034 1802 4106 Ἰεχονίαν
1840 4038 1934 4090 ἐπὶ

353 4121 446 4174 τὸν
472 4122 658 4191 θρόνον
701 4123 794 4176 τοῦ
846 4123 1008 4174 Δαϐὶδ
1063 4124 1449 4188 καταστάντος.
1483 4123 1592 4178 Θέα
1630 4125 1687 4178 δὲ
1735 4119 1810 4188 ὼς
1841 4129 1932 4180 καὶ

353 4214 509 4267 τοῦτο
526 4215 860 4287 προσέθηκεν
881 4218 913 4287 ἠ
943 4217 1246 4288 προφητεία
1267 4217 1398 4287 περὶ
1424 4217 1515 4270 τοῦ
1538 4216 1929 4290 θεσπιζομένου

355 4308 577 4378 φήσασα
597 4325 609 4337 °
650 4325 670 4360 ι
714 4307 854 4376 Ἐγὼ
880 4307 1072 4378 ἔσομαι
1100 4307 1248 4378 αὐτῷ
1275 4310 1358 4371 εἰς
1381 4308 1590 4381 πατέρα
1613 4325 1627 4340 ·
1661 4310 1751 4364 καλ⁸
1771 4311 1931 4374 αὐτὸς

353 4399 504 4453 ἔσται
555 4417 644 4471 μοι
686 4402 765 4463 εἰς
805 4400 938 4452 υἱόν.
979 4419 996 4450 ι
1031 4399 1139 4452 Καὶ
1165 4401 1223 4452 ὲν
1261 4402 1430 4472 ἑτέρῳ
1463 4402 1624 4455 πάλιν
1647 4419 1659 4431 ο
1702 4421 1720 4452 ι
1757 4402 1928 4466 Αὐτὸς

351 4491 727 4545 ἐπικαλέσεταί
768 4507 857 4561 με·
901 4491 1090 4562 Πατήρ
1125 4507 1226 4562 μου
1251 4487 1303 4544 εἴ
1334 4492 1397 4544 σύ
1420 4509 1434 4523 ·
1467 4491 1622 4562 κάγὼ
1653 4494 1923 4565 πρωτότο-
1956 4537 2000 4591 D

349 4599 443 4634 κον
493 4582 725 4654 θήσομαι
756 4581 946 4634 αὐτόν·
987 4600 1005 4632 ι
1036 4582 1173 4652 ὅπερ
1206 4582 1470 4636 ἀνοίκειον
1512 4581 1704 4652 γένοιτ’
1732 4581 1798 4635 ἂν
1830 4581 1925 4634 Σο-

349 4674 571 4744 λομῶνι.

419 4764 482 4834 β’.
515 4764 854 4838 Παραθετέον
873 4764 929 4818 δὲ
956 4766 1024 4818 τὰ
1044 4784 1109 4820 πε
1119 4767 1169 4838 pi.
1183 4767 1346 4820 αὑτοῦ
1368 4770 1424 4822 ὲν
1441 4768 1746 4833 Βασιλείαις
1777 4769 1921 4823 ἱστο-

348 4857 584 4928 ρούμενα
613 4859 670 4911 ὲν
703 4857 942 4920 τούτοιςο
989 4876 1008 4909 t
1051 4859 1162 4912 Καὶ
1206 4862 1234 4912 6
1270 4859 1521 4930 βασιλεὺς
1569 4861 1818 4931 Σολομῶν
1851 4857 1920 4934 ἦν

344 4948 636 5020 φιλογύνης
661 4969 674 4980 ·
715 4951 810 5004 καὶ
843 4950 1001 5002 ἔλαϐε
1042 4954 1304 5018 γυναῖκας
1349 4951 1636 5023 ἀλλοτρίας
1679 4951 1878 5016 πολλάς
1903 4968 1917 4982 ο

340 5041 433 5095 καὶ
463 5041 560 5111 τὴν
594 5041 868 5113 θυγατέρα
904 5042 1120 5112 Φαραὼ,
1154 5044 1522 5106 Μωαϐίτιδας,
1562 5045 1655 5096 καὶ
1697 5045 1910 5114 Ἀμμα-

339 5133 558 5199 νίτιδας,
586 5135 680 5187 καὶ
724 5135 1044 5205 Ἰδουμαίας,
1065 5135 1566 5206 Σύρας,Χετταίας,
1599 5138 1691 5188 καὶ
1720 5136 1914 5206 Ἀμορ-

2049 3297 2303 3351 lomonici
2339 3299 2573 3366 spatium
2600 3313 2709 3351 non
2743 3306 2826 3352 est
2863 3300 3158 3354 obscurum
3193 3301 3432 3357 :dicitur
3470 3305 3618 3359 enim

2046 3389 2406 3458 quadraginta
2446 3391 2824 3444 tantummodo
2856 3391 3016 3446 annis
3074 3392 3291 3448 lsraelis
3336 3404 3616 3466 sceptrum

2046 3480 2307 3535 tenuisse.
2336 3480 2439 3546 Qui
2462 3496 2592 3551 ergo
2617 3480 2730 3535 ﬁeri
2761 3489 2940 3552 potest
2972 3492 3032 3537 ut
3051 3500 3176 3538 vere
3206 3486 3273 3539 ad
3292 3487 3437 3542 hunc
3475 3489 3618 3544 refe-

2043 3579 2237 3624 rantur
2281 3572 2490 3625 verba:
2530 3594 2547 3622 ι
2605 3571 2823 3642 Erigam
2873 3574 3129 3629 thronum
3178 3575 3299 3645 ejus
3357 3578 3412 3632 in
3456 3588 3616 3636 teter-

2041 3677 2172 3716 uum
2200 3663 2285 3715 "‘2
2323 3682 2341 3714 ι
2371 3662 2525 3728 Quod
2558 3663 2601 3718 si
2634 3663 2760 3733 quis
2805 3664 2970 3728 dica’t,
3011 3667 3124 3720 haec
3183 3666 3249 3720 de
3285 3670 3429 3739 regia
3467 3671 3612 3728 illius

2042 3754 2391 3808 successione
2417 3753 2586 3808 Deum
2631 3771 2754 3810 esse
2783 3757 3053 3824 locutum;
3090 3773 3200 3812 non
3237 3769 3321 3814 est
3354 3761 3610 3830 ignorari-

2038 3844 2188 3907 dum,
2223 3861 2397 3915 usque
2427 3847 2803 3901 tantummodo
2833 3847 2899 3900 ad
2939 3846 3254 3902 Jechoniam
3279 3859 3332 3905 et
3375 3850 3607 3922 Babylo-

2035 3936 2216 3989 nicam
2247 3937 2634 4006 captivitatem,
2684 3935 2925 3992 Davidici
2973 3952 3038 3992 ac
3085 3937 3416 3995 Salomonici
3449 3943 3604 4011 regni

2036 4029 2442 4084 successionem
2489 4030 2945 4098 perseveravisse.
2982 4029 3197 4085 nemine
3242 4040 3364 4101 post
3405 4029 3600 4085 Jeclm-

2034 4123 2178 4176 niam
2218 4121 2273 4176 in
2314 4123 2462 4190 regia
2493 4122 2710 4178 Davidis
2755 4122 2882 4178 sede
2914 4123 3235 4178 constituto.
3260 4123 3324 4178 Et
3354 4126 3601 4180 animad-

2030 4226 2178 4270 verte
2202 4215 2276 4268 uti
2303 4216 2404 4271 hoc
2426 4217 2588 4270 etiam
2613 4214 2881 4270 addiderit
2907 4217 3191 4286 prophetia
3226 4215 3291 4272 de
3329 4218 3599 4287 promisso

2031 4304 2272 4373 germine
2307 4305 2495 4359 dicens
2526 4323 2538 4358 :
2573 4323 2592 4355 ι
2631 4304 2743 4376 Ego
2769 4320 2864 4359 ero
2895 4305 2970 4359 illi
3011 4306 3065 4358 in
3106 4313 3349 4375 patrem;
3395 4315 3448 4362 et
3483 4307 3598 4378 ipse

2029 4395 2132 4448 erit
2157 4395 2288 4449 mihi
2324 4395 2381 4449 in
2414 4395 2583 4449 lilium
2612 4396 2678 4452 “.
2714 4415 2733 4447 ι
2768 4395 3088 4466 Rursusque
3113 4397 3241 4451 alibi
3271 4415 3285 4452 :
3325 4416 3342 4448 ι
3371 4397 3491 4469 Ipse
3517 4400 3597 4454 in-

2028 4484 2243 4538 vocabit
2273 4500 2379 4549 me,
2402 4484 2563 4538 Pater
2584 4500 2735 4540 meus
2759 4501 2818 4540 es
2852 4493 2942 4552 tu;
2965 4491 3019 4538 et
3046 4499 3145 4556 ego
3176 4485 3594 4556 primogenitum

2028 4593 2224 4648 ponam
2265 4578 2416 4632 illum
2448 4580 2494 4610 ²²
2529 4597 2541 4632 :
2596 4595 2616 4629 ›
2654 4593 2774 4648 qua!
2813 4577 3226 4648 incongruentia
3271 4586 3398 4634 sunt
3442 4577 3596 4634 Salo—

2025 4671 2196 4726 moni.

2093 4761 2149 4816 2.
2181 4759 2534 4832 Adjungenda
2568 4766 2696 4816 sunt
2726 4758 2890 4814 etiam
2921 4773 3043 4828 quae
3069 4758 3137 4814 de
3167 4759 3354 4814 eodem
3399 4759 3453 4813 in
3483 4759 3588 4814 Re—

2023 4871 2149 4926 gum
2189 4854 2344 4909 libris
2371 4860 2661 4908 narrantur
2700 4851 2780 4906 sic
2827 4869 2841 4906 :
2889 4870 2907 4903 ι
2968 4851 3140 4906 Porro
3193 4865 3285 4905 rex
3333 4849 3586 4906 Salomon

2024 4950 2351 5006 mulierosus
2393 4955 2548 5012 erat;
2581 4946 2845 5016 duxitque
2875 4962 3076 5000 uxoris
3098 4945 3427 5013 alienigenas
3448 4945 3585 4998 niui-

2018 5051 2137 5107 tas;
2167 5040 2330 5093 tiliam
2361 5039 2682 5103 Pharaonis,
2706 5047 2758 5092 et
2787 5037 3132 5100 Moabitidas,
3165 5036 3584 5104 Ammonitidus,

2019 5133 2302 5198 lduinaaas,
2343 5131 2527 5201 Syros,
2567 5129 2855 5193 Cliettmas,
2887 5128 3227 5182 Amorrhaeas
3259 5145 3271 5180 :
3304 5126 3371 5180 de
3404 5127 3582 5198 genti-

407 5339 454 5374 “
490 5335 633 5394 Psal.
667 5352 825 5393 cum
847 5378 863 5403 ,
897 5339 949 5391 2.
1029 5338 1071 5370 ¹⁹
1109 5336 1253 5394 Psal.
1286 5352 1557 5401 Lxxxvm,
1593 5336 1648 5392 4.
1726 5325 1786 5367 ’⁸
1809 5333 1855 5390 ll
1883 5331 1943 5388 Rt

2041 5333 2246 5395 “1,15.
2321 5329 2430 5383 “ll
2471 5330 2602 5400 Reg.
2637 5347 2731 5392 vn,
2776 5328 2861 5381 Μ.
2937 5328 2980 5358 ³⁸
3022 5325 3454 5394 Psai.Lxxxvm,
3488 5328 3578 5388 ‘27.

405 5517 516 5584 (lSi
555 5516 764 5572 Abhinc
801 5524 1009 5586 partem
1042 5532 1150 5571 non
1180 5517 1449 5572 modicam
1483 5516 1724 5585 epistola:
1757 5531 1896 5585 prae-

340 5587 566 5642 termisit
590 5589 838 5656 epitoma:
873 5586 1189 5641 Eusebianaa
1213 5596 1426 5654 auctor.

408 5657 518 5723 (l4)
560 5655 716 5711 Hunc
749 5658 918 5712 fuisse
948 5657 1188 5726 epistola
1228 5655 1470 5710 Africani
1519 5655 1700 5726 linem,
1740 5656 1894 5726 testis

337 5722 600 5795 Eiisebius
630 5727 732 5780 loc.
754 5727 845 5781 cit.
871 5722 1058 5781 dicens
1086 5747 1097 5780 :
1123 5729 1230 5780 Καὶ
1257 5729 1346 5780 ἐπὶ
1369 5726 1510 5780 τέλει
1535 5725 1591 5777 δὲ
1608 5726 1706 5795 τῆς
1728 5725 1897 5794 αὐτῆς

332 5794 638 5868 ἐπιστολῆς,
686 5798 1006 5870 προστίθησι
1050 5795 1253 5853 ταῦτα·
1298 5795 1522 5852 Ματθέιν
1551 5798 1578 5848 6
1611 5794 1716 5850 ἀπὸ
1745 5795 1899 5848 Σολο-

2004 5513 2201 5584 μῶνος,
2231 5523 2361 5584 ουκ,
2411 5525 2584 5584 usque
2625 5508 2690 5584 ad
2733 5505 3258 5584 oﬁtwg‘dpgporgpow
3292 5506 3407 5568 υἱὸς
3444 5501 3512 5584 ἦν
3551 5509 3577 5563 ό

2014 5576 2224 5654 Ἰωσήφ.
2259 5583 2440 5635 Ταῦτα
2554 5582 2581 5632 6
2625 5576 2988 5654 ’Aoptxawigi
3008 5576 3071 5629 In
3101 5579 3204 5654 [ine
3231 5587 3405 5654 autem
3432 5576 3576 5654 ejus-

2003 5655 2120 5706 dem
2146 5645 2384 5720 epistolw
2407 5645 2707 5720 Africanus
2728 5645 2836 5700 hwc
2862 5648 3009 5720 addit
3039 5664 3056 5700 :
3089 5647 3398 5720 Mattjmnus
3423 5645 3462 5700 a7
3485 5645 3575 5720 Sa-

2006 5717 2229 5787 lomone,
2250 5734 2375 5787 etc.,
2406 5717 2579 5792 usque
2615 5719 2703 5782 ad,
2745 5722 2818 5771 sic
2858 5719 3133 5788 utriusque
3165 5717 3310 5786 ﬁlius
3336 5734 3449 5773 erat
3477 5717 3575 5772 Jo-

2005 5795 2214 5865 sep/tus.
