4112 6458
484 353 588 410 905

1187 346 1450 404 EUSEBII
1488 346 1965 404 CIESARIENSIS
2003 347 2147 406 OPP.
2196 347 2372 404 PARS
2406 346 2496 403 ΠΙ.
2525 379 2591 389 -
2615 347 3023 406 EX’EGETICA.

3620 357 3722 412 εξοι

479 471 588 526 bus
617 469 843 534 scilicet,
875 467 1074 538 quibus
1104 466 1386 521 interdixit
1417 467 1677 522 Dominus
1710 466 1835 522 ﬁliis
1865 465 2039 522 Israe-

2147 465 2324 535 ραίας,
2359 466 2422 516 ἐκ
2453 465 2558 519 τῶν
2585 465 2751 517 ἐθνῶν
2783 459 2856 519 ὧν
2890 467 3120 521 ἀπεῖπεν
3145 466 3347 534 Κύριος
3383 468 3408 519 ὁ
3448 466 3578 532 Θεὸς
3609 475 3720 535 τοῖς

481 564 550 619 lis
581 578 648 617 ne
675 562 1016 617 sociarentur
1053 560 1134 615 eis
1157 560 1227 614 ³⁸.
1263 578 1282 612 ι
1318 559 1546 629 Insuper
1593 559 1810 614 additur
1855 579 1867 613 :
1921 576 1940 610 ι
1981 557 2047 612 Et

479 669 591 709 non
613 661 730 708 erat
752 667 848 707 cor
876 651 996 722 ejus
1024 649 1324 721 perfectum
1355 665 1480 704 cum
1513 649 1746 705 Domino
1776 649 1887 705 Deo
1924 664 2045 716 suo,

484 747 644 802 sicuti
671 756 770 800 cor
792 743 1010 799 Davidis
1040 743 1213 812 patris
1257 743 1376 813 ejus
1407 743 1471 796 ’δε
1503 760 1523 795 ο
1572 740 1849 813 Pauloque
1877 749 1999 812 post
2030 759 2044 796 :

489 853 510 886 α
545 835 698 889 Tunc
719 833 1004 889 aediﬁcavit
1021 832 1276 888 Salomon
1304 832 1580 887 excelsum
1603 831 1874 886 Chamoso
1903 830 2048 885 idolo

480 927 842 982 Moabitarum
873 926 929 980 in
969 932 1156 980 monte
1183 924 1275 994 qui
1302 931 1386 979 est
1421 938 1453 979 e
1482 923 1702 994 regione
1733 920 2047 993 Hierosoly-

481 1033 695 1074 morum
729 1037 742 1070 :
774 1017 1012 1086 itemque
1045 1015 1299 1070 Molocho
1335 1013 1480 1069 idolo
1507 1013 1963 1080 Ammonitarum,
1993 1019 2049 1067 et

478 1113 713 1164 Astarta:
755 1107 1056 1178 impuritati
1106 1105 1476 1159 Sidoniorum.
1509 1103 1687 1174 Atque
1735 1104 1812 1157 ita
1841 1118 2047 1158 morem

479 1200 649 1270 gessit
680 1198 894 1253 cunctis
947 1195 1166 1252 feminis
1203 1196 1319 1250 suis
1365 1195 1707 1266 alienigenis,
1738 1208 1859 1265 quae
1887 1194 2048 1249 thura

479 1291 768 1347 adolebant
800 1290 906 1346 diis
935 1289 1128 1360 patriis
1161 1295 1216 1343 et
1240 1285 1642 1343 sacriﬁcabant.
1671 1283 1845 1339 Porro
1873 1283 2046 1340 iratus

477 1391 562 1440 est
593 1382 856 1438 Dominus
906 1379 1186 1434 Salomoni
1239 1379 1388 1449 quod
1450 1389 1700 1431 aversum
1768 1380 1916 1430 esset
1948 1389 2046 1430 cor

477 1475 596 1544 ejus
635 1489 666 1528 a
700 1473 929 1528 Domino
961 1469 1071 1526 Deo
1102 1469 1320 1525 lsraelis
1355 1469 1422 1522 ³⁸.
1465 1485 1484 1518 ι
1517 1465 1598 1519 En
1629 1467 1742 1520 haec
1773 1465 1956 1520 omnia
1987 1466 2045 1520 in

480 1565 787 1619 Salomonis
826 1562 1263 1616 criminationem
1307 1558 1582 1613 dicuntur.
1615 1555 1899 1623 Quomodo
1914 1571 2045 1627 ergo

479 1654 921 1711 accommodabis
944 1653 994 1709 ei
1021 1651 1430 1723 jusjurandum,
1472 1649 1526 1703 in
1561 1665 1670 1718 quo
1713 1656 1908 1718 praeter
1939 1664 2045 1704 ca:-

476 1755 594 1804 tera
625 1748 829 1802 dictum
859 1756 941 1801 est
991 1764 1003 1799 :
1054 1763 1072 1795 ι
1113 1743 1177 1796 Ει
1203 1758 1304 1813 ego
1332 1756 1426 1797 ero
1452 1741 1532 1795 illi
1561 1740 1616 1794 in
1645 1738 1883 1803 Patrem,
1928 1741 2045 1810 ipse

2148 559 2283 620 υἱοῖς
2299 557 2536 629 Ἰσραήλ’
2565 558 2676 610 Οὐκ
2698 558 3068 612 είσελεύσεσθε
3094 561 3172 622 είς
3197 559 3410 622 αὐτούς.
3446 577 3464 609 ι
3488 555 3580 624 Οἷς
3603 562 3712 615 ἐπι-

2148 648 2334 718 φέρει·
2372 667 2390 698 (
2427 650 2538 701 Καὶ
2601 650 2701 702 οὐκ
2739 645 2806 719 ἦν
2843 652 2876 720 ἡ
2935 650 3131 721 καρδία
3176 650 3339 702 αὑτοῦ
3367 651 3543 704 τελεία
3583 654 3721 724 μετᾶ

2147 740 2352 812 Κυρίου
2393 740 2526 793 Θεοῦ
2572 742 2759 806 αὐτοῦ,
2792 742 2971 805 καθὼς
3003 745 3035 813 ἡ
3079 743 3272 814 καρδία
3301 745 3462 796 Δαϐὶδ
3489 745 3578 798 τοῦ
3614 747 3721 800 Πα-

2146 830 2272 900 τρδς
2296 830 2480 883 αὐτοῦ.
2518 849 2535 881 ι
2569 831 2681 884 Καὶ
2703 832 2838 901 μετὰ
2869 831 3036 903 βραχύ
3061 850 3072 861 ·
3095 851 3112 882 ι
3137 831 3270 885 Τότε
3287 834 3600 905 ᾠκοδόμησε
3620 837 3718 891 Σο-

2147 921 2325 992 λομῶν
2357 922 2556 992 ὑψηλὸν
2610 921 2688 993 τῷ
2719 922 2925 993 Χαμὼς
2971 923 3174 995 εἰδώλῳ
3201 925 3372 978 Mutati
3403 927 3461 981 ἐν
3493 925 3571 996 τῷ
3601 928 3717 1000 ὄρει

2146 1013 2238 1064 ἐπὶ
2265 1012 2550 1084 πρόσωπον
2602 1013 2984 1085 Ἰερουσαλήμ*
3021 1016 3114 1068 καὶ
3140 1015 3216 1086 τῷ
3253 1016 3481 1086 Μολχὼν
3514 1017 3717 1091 εἰδώλῳ

2146 1101 2276 1156 υἱῶν
2333 1103 2576 1173 ’Δμμὼν,
2612 1105 2705 1157 καὶ
2748 1107 2814 1176 τῇ
2875 1106 3140 1178 Ἀστάρτῃ
3185 1107 3510 1180 βδελύγματι
3549 1112 3716 1164 Σιδω-

2145 1194 2271 1249 νίων
2289 1212 2302 1224 ο
2329 1197 2423 1248 καὶ
2451 1195 2622 1260 οὕτως
2655 1197 2877 1267 ἐποίησε
2902 1199 3103 1262 πάσαις
3130 1216 3158 1253 τ
3197 1203 3247 1262 ῖς
3276 1203 3519 1270 γυναιξὶν
3548 1202 3714 1258 αὑτοῦ

2141 1289 2263 1350 ταῖς
2291 1274 2618 1358 ἀλλοτρίαις,
2655 1288 2709 1341 αἳ
2743 1287 2980 1358 ἐθυμίων
3025 1289 3119 1342 καὶ
3151 1289 3304 1343 ἔθυον
3337 1295 3448 1356 τοῖς
3477 1292 3716 1357 εἰδώλοις

2144 1377 2354 1431 αὐτῶν·
2381 1381 2476 1432 καὶ
2521 1379 2762 1451 ὠργίσθη
2811 1380 3014 1453 Κύριος
3053 1381 3146 1434 ἐπὶ
3185 1383 3455 1452 Σολομῶν,
3490 1383 3570 1436 ὅτι
3627 1384 3714 1449 ἐξ-

2143 1469 2316 1523 έκλινε
2338 1469 2558 1542 καρδίαν
2585 1471 2748 1524 αὑτοῦ
2780 1471 2887 1524 ἀπὸ
2915 1472 3120 1542 Κυρίου
3153 1471 3286 1526 Θεοῦ
3325 1474 3562 1544 Ἰσραήλ.
3602 1493 3621 1526 ι
3651 1474 3714 1526 Ei

2143 1559 2199 1612 δὲ
2227 1561 2295 1614 τὰ
2314 1561 2534 1616 τοιαῦτα
2564 1562 2655 1614 τοῦ
2695 1562 3002 1633 Σολομῶνος
3035 1567 3438 1634 κατηγορεῖται,
3479 1565 3596 1629 πῶς
3621 1561 3713 1618 οῦν

2143 1650 2472 1722 ἐφαρμόσεις
2511 1651 2659 1721 αὐτῷ
2693 1652 2761 1705 τὰ
2784 1651 2876 1705 τοῦ
2909 1653 3093 1722 ὅρκου,
3125 1653 3206 1722 ἐς
3236 1648 3279 1720 ᾦ
3311 1653 3521 1725 εἴρηται
3577 1654 3712 1726 πρὸς

2144 1742 2253 1804 τοῖς
2283 1740 2462 1804 ἄλλοις
2484 1741 2579 1793 καὶ
2625 1740 2703 1793 τό·
2737 1759 2754 1790 ι
2791 1741 2932 1809 Ἐγὼ
2961 1741 3152 1813 ἔσομαι
3195 1744 3341 1814 αὐτῷ
3370 1747 3449 1808 εἰς
3480 1745 3706 1816 πατέρα,

477 1839 582 1895 erit
630 1840 764 1893 mihi
819 1838 874 1891 in
924 1836 1092 1889 ﬁlium
1120 1835 1144 1870 9
1205 1852 1223 1884 ι
1292 1833 1406 1886 lmo
1437 1845 1567 1886 vero
1610 1830 1896 1886 manifeste
1928 1829 2039 1885 haec

2143 1829 2235 1882 καὶ
2255 1830 2412 1894 αὐτὸς
2432 1830 2582 1884 ἐσται
2611 1848 2697 1900 μοι
2724 1832 2803 1894 εἰς
2826 1831 2937 1885 υἱόν
2959 1848 2973 1896 ;
3001 1849 3018 1883 ι
3043 1831 3175 1886 ἀλλὰ
3197 1833 3305 1905 γὰρ
3331 1835 3585 1908 ἄντικρυς
3617 1839 3712 1890 Σο-

478 1931 653 1985 aliena
683 1945 713 1982 a
752 1927 1040 1982 Salomone
1071 1929 1198 1979 sunt
1233 1941 1246 1977 :
1279 1923 1538 1992 praeclare
1579 1929 1760 1976 autem
1794 1919 2040 1976 referun-

478 2031 570 2076 tur
602 2022 666 2077 ad
705 2035 849 2085 eum,
905 2018 1065 2087 cujus
1119 2015 1187 2071 de
1235 2029 1433 2086 genere
1486 2013 1706 2070 Davidis
1753 2014 2044 2084 praedictus

479 2111 660 2166 fuerat
698 2109 987 2172 adventus,
1037 2107 1240 2177 quique
1281 2117 1472 2174 reapse
1507 2118 1539 2159 e
1578 2101 1836 2159 Davidico
1879 2113 2044 2160 stem-

476 2208 622 2254 mate
651 2197 896 2254 emersit.

1221 2306 1309 2361 Vl.

475 2422 584 2479 Cur
615 2421 905 2476 Hatthmus
934 2429 1051 2490 post
1085 2419 1337 2474 Davidem
1381 2419 1450 2473 ad
1496 2426 1861 2491 consectanei):
1891 2435 2044 2491 gene-

541 2495 617 2547 ris
667 2489 989 2546 successores
1057 2508 1161 2545 non
1223 2491 1436 2554 veniat,
1491 2489 1580 2543 sed
1640 2489 1906 2544 transiliat
1973 2492 2043 2545 ad

539 2563 923 2626 Abrahamum,
960 2578 1060 2614 non
1099 2572 1270 2614 tamen
1316 2559 1716 2631 adrAdqmum,
1748 2578 1922 2631 ineque
1969 2561 2041 2615 ad

540 2634 708 2688 alium
758 2633 1036 2703 quemlibet
1090 2646 1156 2685 ea:
1209 2630 1443 2700 antiquis
1512 2629 1622 2684 Deo
1679 2629 1884 2686 dilectis
1948 2631 2041 2687 ho-

543 2703 794 2757 minibus.

541 2791 679 2860 Quia
711 2793 887 2862 primo
916 2791 1169 2847 similiter
1209 2789 1520 2846 Abrahamo
1551 2790 1703 2845 varia
1740 2790 1885 2847 edita
1923 2789 2041 2847 fuec

471 2894 596 2941 rant
635 2885 703 2939 de
735 2884 1017 2940 vocatione
1055 2881 1298 2952 gentium
1340 2883 1583 2939 oracula.
1629 2881 1873 2954 Namque
1915 2890 2041 2939 ante

472 2972 765 3029 Mosaicam
829 2972 1227 3042 legislationem
1257 3009 1273 3037 ,
1330 2979 1496 3042 atque
1555 2981 1679 3027 ante
1729 2971 2038 3027 Iudaeorum

473 3065 652 3136 ipsum
693 3078 882 3134 genus,
924 3067 1035 3116 imo
1065 3069 1119 3116 et
1149 3070 1275 3118 ante
1301 3062 1801 3128 circumcisionem.
1847 3064 2037 3118 alieni-

472 3171 611 3228 gena
657 3154 759 3210 fuit
791 3155 1133 3212 Abrahamus
1162 3171 1176 3206 :
1209 3157 1301 3226 qui
1345 3157 1568 3228 regione
1614 3155 1906 3230 Chaldaica
1938 3157 2039 3210 mi—

469 3219 661 3320 grans,
697 3248 872 3318 patria
912 3247 1160 3301 instituta
1200 3219 1466 3309 deseruit,
1517 3221 1880 3316 supremoque
1928 3245 2037 3302 Deo
2065 3219 2111 3277 C

469 3342 677 3412 agnito,
723 3339 1094 3395 testimonium
1133 3339 1319 3395 retulit
1351 3337 1496 3409 quod
1545 3335 1656 3393 Deo
1701 3336 2036 3404 crediderit;

469 3432 635 3501 idque
666 3431 743 3484 illi
772 3437 1080 3500 reputatum
1113 3437 1199 3484 est
1230 3429 1299 3483 ad
1324 3428 1598 3498 justitiam
1626 3428 1694 3487 “.
1725 3426 1914 3485 Justus
1948 3442 2041 3482 au~

469 3531 579 3580 tem
612 3523 841 3594 piusque
863 3522 1015 3578 visus
1044 3528 1128 3576 est
1151 3537 1264 3575 non
1291 3521 1361 3575 ob
1391 3521 1635 3591 corporis
1658 3521 2038 3575 circumcisio.

469 3629 616 3679 nem,
646 3630 823 3685 neque
861 3613 931 3668 ob
972 3611 1199 3668 Sabbati
1229 3611 1630 3666 observantiam
1656 3617 1750 3664 aut
1775 3610 2036 3667 festorum

471 3713 564 3761 aut
594 3705 970 3768 kalendarum,
1013 3719 1189 3773 neque
1242 3703 1314 3758 ob
1345 3703 1688 3773 quaslibet‘a
1727 3701 1911 3774 Moyse
1955 3701 2038 3756 in-

467 3804 650 3852 vectas
691 3795 982 3866 religiones
1013 3812 1028 3861 ;
1068 3795 1165 3851 sed
1196 3793 1267 3850 ob
1300 3794 1496 3849 summi
1523 3793 1618 3850 Dei
1645 3795 2034 3865 cognitionem,

467 3895 630 3957 atque
661 3887 731 3942 ob
772 3884 1013 3952 Domini,
1055 3885 1149 3956 qui
1189 3885 1267 3939 illi
1315 3885 1531 3942 oblatus
1572 3893 1677 3949 est,
1705 3883 2039 3941 manifesta-

465 3979 669 4033 tionem
709 3976 844 4048 (qui
885 3975 1102 4047 quidem
1132 3985 1250 4034 erat
1283 3975 1540 4032 Servator
1568 3983 1775 4041 noster,
1808 3975 1904 4033 Dei
1930 3977 2038 4033 sci-

465 4069 593 4124 licet
623 4067 858 4123 Verbum
883 4067 900 4134 )
929 4074 982 4122 et
1006 4067 1076 4122 ob
1106 4083 1262 4123 suam
1298 4067 1537 4138 denique
1566 4073 1811 4122 sanctam
1839 4079 1903 4120 ac
1927 4067 2038 4120 vir-

463 4161 674 4216 tutibus
704 4159 986 4231 praeditam
1015 4161 1205 4216 vitam.
1235 4159 1373 4215 Huic
1421 4159 1588 4231 igitur
1626 4158 1723 4229 qui
1767 4157 2037 4228 ejusmodi

463 4253 682 4324 pietatis
720 4268 892 4322 genus
939 4259 1180 4309 sectatus
1211 4251 1409 4316 fuerat,
1444 4251 1588 4306 facta
1634 4250 1926 4321 promissio
1952 4257 2038 4306 est

465 4345 533 4400 de
559 4345 832 4416 gentibus,
855 4344 1020 4400 veluti
1059 4360 1178 4416 qua:
1205 4344 1499 4415 aliquando
1532 4342 1830 4400 secundum
1862 4343 2035 4398 Abra-

464 4439 612 4492 hami
642 4439 815 4492 zelum
848 4438 950 4508 pia:
980 4437 1178 4494 futurae
1215 4447 1394 4503 erant,
1444 4451 1737 4508 paremque
1778 4435 2033 4507 religioso

2145 1919 2383 1990 λομῶνος
2436 1921 2535 1991 μὲν
2583 1921 2836 1992 ἀλλότρια
2881 1922 3086 1976 ταῦτα·
3124 1924 3376 1993 ἀνάγοιτο
3434 1927 3479 1979 δ’
3523 1929 3588 1980 ἂν
3622 1930 3709 1982 ἐπὶ

2143 2011 2232 2064 τὸν
2265 2013 2327 2064 ἐκ
2357 2011 2665 2083 σπέρματος
2697 2011 2859 2066 Δαδὶδ
2887 2012 3035 2083 ἥξειν
3069 2013 3289 2078 θεσπιζό
3298 2033 3456 2086 μενον
3481 2016 3700 2088 Χριστὸ-.

2143 2099 2236 2153 τοῦ
2259 2101 2415 2167 Θεοῦ,
2445 2102 2504 2165 ὃς
2531 2103 2593 2154 ἐκ
2619 2101 2929 2171 σπέρματος
2959 2102 3120 2155 Δαϐὶδ
3140 2103 3359 2175 ἀνέστη.

2143 2414 2246 2467 Διὰ
2273 2415 2332 2467 τι
2378 2415 2530 2489 “rga
2558 2418 2662 2489 τὸν
2702 2417 3021 2489 Δαοιδίοῠκ
3052 2417 3151 2471 ἐπὶ
3177 2417 3318 2486 τοὺς
3342 2419 3488 2489 ἑξῆς
3517 2421 3706 2475 διαδό-

2213 2502 2359 2559 χους
2390 2485 2496 2559 τοῦ
2517 2487 2729 2559 γένους
2761 2488 3020 2558 κατάγει,
3052 2485 3362 2559 ἀνατρέχει
3393 2485 3579 2546 δὲ’ἐπὶ
3604 2494 3708 2546 τὸν

2229 2555 2488 2630 Ἀϐραὰμ,
2527 2555 2683 2630 ἀλνζ
2739 2560 2848 2630 οὐκ
2897 2555 2994 2611 ἐπὶ
3046 2559 3153 2613 τὸν
3197 2555 3408 2630 Ἀδὰμ,
3457 2562 3583 2616 οὐδ’
3614 2563 3707 2630 ἐφ’

2213 2625 2578 2694 ἕτερόντινα
2605 2627 2724 2681 τῶν
2761 2628 2946 2683 πάλαι
2971 2630 3263 2697 θεοφιλῶν
3292 2625 3549 2700 ἀὶλδρῶν.

2224 2781 2438 2854 Ἐπειδὴ
2466 2782 2666 2854 πρώτῳ
2701 2783 2863 2837 πάλιν
2901 2784 2978 2856 τῷ
3021 2785 3270 2857 Ἀϐραὰμ
3298 2789 3424 2861 περὶ
3453 2790 3550 2862 τῆς
3583 2791 3710 2864 κλή-

2141 2891 2278 2937 σεως
2308 2875 2415 2927 τῶν
2443 2875 2612 2928 ἐθνῶν
2645 2876 2891 2948 διάφοροι
2909 2877 3144 2932 ἐδέδοντο
3165 2884 3404 2952 χρησμοί
3424 2897 3439 2914 '
3468 2883 3574 2955 πρὸ
3602 2885 3708 2956 γὰρ

2139 2965 2236 3035 τῆς
2287 2965 2563 3029 Μωῡσέως
2591 2966 2945 3038 νομοθεσίας,
3010 2970 3104 3022 καὶ
3155 2971 3260 3042 πρὸ
3300 2971 3394 3026 τοῦ
3442 2975 3710 3030 Ἰουδαίων

2141 3057 2341 3120 ἔθνους,
2366 3057 2424 3109 οὐ
2453 3057 2557 3128 μὴν
2585 3057 2719 3112 ἀλλά
2758 3060 2850 3111 καὶ
2884 3060 2989 3130 πρὸ
3040 3062 3140 3130 τῆς
3179 3067 3497 3136 περιτομῆς,
3549 3067 3705 3119 ἀλλο-

2140 3149 2296 3219 εθνὴς
2325 3150 2404 3218 ῶν,
2425 3150 2454 3201 ὁ
2481 3149 2747 3222 Ἀϐραὰμ,
2781 3154 2873 3204 καὶ
2895 3153 2993 3222 τῖς
3017 3154 3293 3209 Χαλδαίων
3322 3159 3422 3226 γῆς
3447 3158 3702 3230 ὁρμώμε-

2140 3257 2246 3303 νος,
2305 3240 2586 3293 ἀπολείπει
2624 3242 2720 3312 μὲν
2759 3243 2828 3296 τὰ
2876 3243 3121 3314 πατρῷα,
3156 3245 3288 3298 Θεὸν
3327 3246 3385 3298 δὲ
3417 3248 3578 3315 γνοὺς
3613 3248 3704 3302 τὸν

2141 3333 2231 3385 ἐπὶ
2281 3334 2517 3396 πάντων,
2575 3335 2988 3408 μεμαρτύρηται
3028 3337 3103 3400 ὡς
3152 3339 3256 3409 ἄρα
3303 3340 3587 3393 ἐπίστευσε
3627 3340 3708 3411 τῷ

2139 3420 2278 3491 Θεῷ,
2311 3423 2404 3475 καὶ
2440 3422 2688 3496 ἐλογίσθη
2732 3426 2881 3497 αὐτῷ
2906 3429 2985 3492 εἰς
3014 3428 3354 3503 δικαιοσύνην
3379 3451 3391 3464 ι
3415 3433 3621 3499 δίκαιός
3647 3452 3709 3488 τε

2139 3513 2235 3566 καὶ
2265 3511 2517 3584 θεοφιλὴς
2560 3515 2961 3586 ἀποπέφανται,
2987 3520 3046 3573 οὐ
3079 3520 3167 3574 διὰ
3195 3523 3494 3596 περιτομὴν
3522 3525 3710 3597 σώμα-

2139 3618 2249 3665 τος,
2282 3602 2403 3656 οὐδὲ
2446 3603 2531 3656 διὰ
2579 3606 2824 3676 φυλακὴν
2862 3609 3075 3680 ἡμέρας
3109 3628 3168 3663 σε
3204 3613 3454 3686 biremi}
3487 3617 3708 3687 ἑορτῶν,

2138 3694 2465 3766 νουμηνιῶν,
2505 3697 2623 3751 οὐδέ
2674 3716 2738 3768 γε
2785 3700 2849 3752 δι’
2894 3701 3059 3773 ἄλλης
3105 3707 3246 3769 τινος
3294 3708 3444 3778 παρά
3486 3711 3711 3765 Μωῦσεί

2139 3786 2445 3858 φερομένης
2474 3787 2942 3862 ἐθελοθρησκείας,
2978 3795 3112 3848 ἀλλὰ
3144 3797 3210 3848 δι’
3226 3798 3573 3868 ἐπιγνώσεως
3613 3802 3708 3856 τοῦ

2141 3877 2232 3929 ἐπὶ
2258 3877 2476 3932 πάντων
2519 3878 2674 3946 Θεοῦ,
2717 3882 3038 3952 ἐπιφανείας
3063 3886 3120 3939 δὲ
3157 3886 3251 3940 τοῦ
3283 3888 3536 3956 ὀφθέντος
3558 3892 3710 3964 αὐτῷ

2139 3969 2344 4040 Κυρίου
2391 3964 2564 4041 (οὗτος
2594 3971 2650 4026 δέ
2679 3968 2744 4043 ἧκ’
2768 3976 2796 4027 ὁ
2820 3977 3086 4048 ἡμέτερος
3141 3979 3352 4054 Σωτὴρ,
3385 3983 3414 4034 ὁ
3439 3981 3535 4036 τοῦ
3571 3984 3709 4039 Θεοῦ

2139 4061 2366 4130 Λόγος),
2404 4063 2493 4117 διά
2549 4081 2607 4116 τε
2657 4067 2854 4135 σεμνοῦ
2897 4070 2992 4123 καὶ
3048 4071 3304 4141 ἐναρέτου
3341 4071 3454 4143 βίου
3479 4090 3494 4104 °
3520 4076 3711 4131 τοῦτον

2138 4151 2180 4204 δ’
2210 4149 2300 4207 οὖν
2322 4153 2471 4225 αὐτῷ
2499 4147 2850 4228 κατορθοῦντι
2883 4160 2979 4231 τῆς
3021 4161 3328 4227 θεοσεϐείας
3358 4165 3450 4220 τὸν
3487 4168 3709 4239 τρόπον,

2138 4246 2170 4315 ἡ
2198 4247 2324 4317 περὶ
2351 4246 2458 4300 τῶν
2509 4247 2676 4301 ἐθνῶν
2725 4249 2902 4305 δέδοτο
2935 4255 3252 4322 ἐπαγγελία,
3292 4257 3366 4320 ὡς
3399 4259 3493 4312 καὶ
3531 4261 3711 4315 αὐτῶν

2137 4357 2268 4392 ποτε
2315 4340 2456 4393 κατά
2495 4341 2584 4394 τὸν
2617 4342 2708 4394 τοῦ
2751 4344 2998 4416 Ἀϐραὰμ
3027 4345 3185 4419 ζῆλον
3227 4348 3493 4405 θεοσεϐῶν
3537 4354 3710 4408 δντων

2136 4434 2230 4484 καὶ
2246 4433 2343 4502 τῆς
2369 4432 2491 4503 ἴσης
2505 4433 2584 4504 τῷ
2601 4434 2835 4504 θεοφιλεῖ
2850 4438 3403 4512 καταξιωθησομὲνων
3431 4445 3680 4513 εὐλογίας
3691 4463 3706 4476 ’

463 4529 787 4600 patriarchas
827 4528 1262 4585 benedictionem
1295 4537 1692 4585 consecutum.
1724 4528 1856 4595 Quae
1905 4543 2030 4583 cum

2139 4517 2206 4576 ὧν
2233 4523 2402 4586 οὕτως
2434 4526 2684 4594 ἐχόντων,
2715 4527 3003 4582 ἀκόλουθον
3031 4525 3100 4601 ἦν
3127 4531 3226 4601 τῆς
3250 4533 3358 4586 τῶν
3377 4535 3708 4612 ἐθνῶνοκλήο

464 4621 538 4674 ita
571 4636 630 4674 se
663 4620 918 4686 habeant,
954 4632 1382 4676 consentaneum
1409 4631 1546 4688 erat,
1585 4629 1642 4675 ut
1682 4620 2028 4677 Abrahamus

2139 4631 2271 4676 σεως
2293 4614 2612 4687 προπάτορα
2634 4617 2761 4670 ὄντα
2791 4620 2880 4672 τὸν
2923 4620 3192 4694 Ἀϐραὰμ,
3225 4625 3327 4678 ὑπὸ
3360 4626 3451 4678 τοῦ
3478 4628 3710 4698 εὐαγγε-

460 4720 777 4768 vocatarum
818 4713 1062 4784 gentium
1091 4714 1367 4784 princeps,
1399 4713 1467 4768 ab
1497 4715 1833 4787 evangelista
1866 4729 2027 4770 assu—

460 4813 701 4860 meretur
735 4803 1008 4859 secundus
1047 4809 1172 4872 post
1210 4802 1488 4860 Davidem.
1523 4803 1768 4877 Namque
1811 4804 1868 4858 hi
1916 4804 2028 4859 duo

461 4891 681 4948 fuerunt
706 4892 948 4946 illustres
977 4890 1101 4954 viri,
1133 4893 1288 4961 queis
1314 4892 1504 4962 primis
1535 4893 1678 4950 Deus
1704 4893 1908 4951 Christi
1937 4891 2029 4945 ad-

459 4994 681 5041 ventum
741 4984 1094 5055 gentiumque
1149 4986 1490 5043 vocationem
1549 4989 1836 5058 dignanter
1902 4995 2027 5042 ante

459 5077 804 5149 signiﬁcavit.
841 5076 946 5132 Par
967 5085 1145 5134 autem
1174 5078 1295 5142 fuit,
1336 5087 1393 5134 ut
1418 5081 1465 5136 is
1486 5081 1572 5136 cui
1608 5079 1866 5135 nativitas
1895 5076 2024 5134 Ser-

460 5170 667 5226 vatoris
719 5169 964 5223 omnium
1017 5169 1300 5225 hominum
1344 5173 1616 5242 promissa
1658 5170 1782 5238 fuit,
1825 5184 2028 5240 praepo-

461 5267 681 5314 neretur
721 5258 799 5312 illi
825 5259 916 5329 qui
961 5259 1028 5316 de
1057 5261 1316 5317 vocandis
1351 5263 1603 5333 gentibus
1633 5261 2026 5332 promissiones

461 5351 672 5419 accepit
707 5351 1021 5407 :secundus
1046 5363 1227 5408 tamen
1261 5353 1316 5407 in
1345 5353 1661 5423 genealogia
1695 5352 2024 5409 scriberetur

459 5442 700 5506 gentium
770 5441 1010 5512 ipsarum
1067 5445 1399 5514 patriarcha.
1467 5443 1648 5510 Quare
1702 5445 1840 5500 liber
1889 5443 2019 5501 Jesu

459 5530 660 5590 Christi
711 5534 857 5604 capit
890 5535 1133 5605 auspicia
1177 5536 1412 5604 primum
1457 5535 1677 5605 quidem
1712 5537 1780 5591 ab
1831 5552 1895 5592 eo
1926 5537 2018 5608 qui

2133 4704 2314 4758 λιστοῦ
2379 4706 2628 4779 δεύτερον
2682 4710 3102 4784 παραληφθῆναι
3151 4715 3289 4783 μετὰ
3350 4716 3441 4768 τὸν
3499 4719 3706 4772 Δαϐίδ·

2131 4792 2273 4849 δυοῖν
2299 4797 2406 4868 γὰρ
2427 4799 2629 4853 τούτων
2657 4801 2935 4872 ἐπιφανῶν
2963 4804 3170 4875 ἀνδρῶν
3200 4808 3431 4878 πρώτων
3465 4810 3705 4882 ἠξιωμέ-

2133 4905 2238 4942 νων
2261 4889 2361 4960 τῆς
2402 4890 2496 4944 τοῦ
2523 4891 2657 4946 Θεοῦ
2709 4895 3042 4964 ἐπαγγελίας
3079 4897 3202 4966 περί
3237 4914 3294 4949 τε
3324 4898 3422 4968 τῆς
3447 4899 3540 4952 τοῦ
3571 4903 3710 4972 Χρι-

2133 4981 2259 5035 στοῦ
2315 4982 2578 5050 γενέσεως
2629 4987 2724 5039 καὶ
2777 4987 2907 5056 περὶ
2929 4987 3029 5054 τῇς
3073 4987 3317 5057 κλήσεως
3361 4990 3469 5043 τῶν
3513 4992 3711 5057 ἐθνῶν,-

2133 5072 2323 5142 χρῆναι
2348 5072 2517 5145 δήπου
2559 5074 2620 5126 τὸ
2654 5074 2752 5144 μὲν
2775 5092 2840 5126 πε
2852 5075 2904 5145 ρὶ
2951 5078 3048 5144 τις
3079 5076 3342 5144 γενέσεως
3367 5078 3458 5132 τοῦ
3487 5080 3708 5135 πάντων

2128 5164 2429 5235 ἀνθρώπιον
2476 5167 2728 5236 Σωτῆρος
2768 5167 2866 5230 τὰς
2900 5169 3219 5239 ὑποσχέσεις
3264 5173 3538 5242 εἰληφότα,
3573 5193 3709 5248 προ-

2127 5257 2419 5336 τιμηθῆναι
2448 5261 2514 5328 τῇ
2542 5259 2689 5322 τάξει
2709 5260 2803 5312 τοῦ
2828 5261 2926 5325 τὰς
2964 5263 3090 5333 περὶ
3125 5263 3236 5316 τῶν
3273 5264 3442 5320 ἐθνῶν
3464 5270 3705 5336 ἐπαγγε-

2127 5327 2734 5422 λίαςδκαταδεξαμὲνου
2757 5368 2771 5383 ο
2801 5327 3052 5426 δεύτερον
3110 5355 3168 5410 δὲ
3199 5357 3258 5410 ἐν
3280 5360 3344 5428 τῇ
3382 5327 3707 5435 γενεαλογίᾳ

2128 5444 2550 5514 παραληφθῆναι
2579 5444 2668 5500 τὸν
2711 5447 2820 5500 τῶν
2850 5448 3017 5502 ἐθνῶν
3054 5450 3323 5522 ἀρχηγόν·
3356 5452 3594 5524 διόπερὴ
3621 5454 3704 5524 βί-

2125 5535 2250 5599 ϐλος
2293 5536 2463 5608 Ἰησοῦ
2510 5538 2744 5610 Χριστοῦ
2780 5541 2984 5612 πρώτῳ
3031 5543 3129 5612 μὲν
3157 5545 3536 5614 ἀνάκειταιτῷ
3561 5548 3705 5599 κατὰ

460 5623 560 5677 fuit
607 5626 844 5680 carnalis
887 5624 1017 5682 Jesu
1068 5624 1268 5682 Christi
1313 5626 1665 5697 progenitor;
1711 5628 1907 5684 deinde
1953 5629 2019 5685 ab

2139 5630 2303 5700 ςάρκα
2361 5632 2534 5703 Ἰησοῦ
2587 5636 2822 5705 Χριστοῦ
2870 5637 3196 5707 προπάτορι,
3242 5637 3492 5707 δείτερον
3529 5639 3587 5693 δὲ
3623 5638 3704 5710 τῷ

530 5781 574 5811 ⁸³
613 5779 676 5833 Ill
709 5781 839 5852 Reg.
877 5797 962 5850 XI,
1002 5781 1116 5850 1,2.
1193 5782 1237 5815 “
1277 5780 1404 5836 ibid.
1443 5782 1493 5836 4.
1573 5783 1616 5815 ³⁵
1659 5782 1789 5840 “id.
1829 5784 1948 5841 5-9.
2025 5786 2039 5817 '

2139 5786 2265 5840 iam.
2305 5802 2374 5856 iv,
2413 5787 2463 5843 5.

449 5909 456 5956 i
