4112 6426
434 352 538 408 905

953 354 1408 422 QUJESTIONES
1442 356 1893 413 EVANGELICIE
1931 357 2022 410 AD
2063 355 2498 412 STEPHANUM.
2537 388 2607 399 -—-
2643 359 2972 437 QUESTlO
3012 360 3120 417 VH.

3544 371 3649 427 906

434 476 573 529 κατά
602 474 813 544 πνεῦμα
844 475 1016 545 Πατρὶ
1042 474 1149 528 τῶν
1176 475 1261 528 διὰ
1296 475 1530 543 Χριστοῦ
1569 476 1957 546 σωθησομένων

2097 476 2188 529 illo
2221 478 2310 545 qui
2345 477 2540 546 spiritu
2596 476 2753 532 Pater
2785 486 2903 532 erat
2944 480 3337 537 servandorum
3369 499 3467 554 per
3490 486 3651 544 Chr-iu

430 567 616 638 ήγεῖτο
638 569 742 637 γὰρ
764 568 791 618 ὁ
820 566 1002 630 σώζων
1029 566 1134 619 τῶν
1171 567 1487 637 σωζομένων
1517 566 1703 622 ἐθνῶν.

1175 721 1247 777 Ζ’.

432 812 534 866 Διὰ
570 813 626 864 τί
650 812 755 901 τῆς
786 811 1003 881 Θάμαρ,
1034 812 1166 881 οὐχὶ
1191 814 1256 865 δὲ
1282 814 1375 901 καὶ
1403 813 1600 881 ἐτέρας
1630 816 1721 901 ἐπί
1747 816 1988 901 ἀγαθοῖς

500 885 903 950 κατορθώμασι
925 885 1434 954 μαρτυρουμένης
1482 886 1763 953 γυναικὸς
1814 888 1988 954 eum:

492 954 793 1020 μόνευσεν
821 956 851 1005 ό
886 952 1195 1018 Maeoniae.

499 1048 568 1095 α’.
612 1043 718 1113 Τὴν
751 1044 944 1116 Θάμαρ
981 1046 1144 1108 εἴτις
1184 1047 1257 1109 ὡς
1305 1046 1504 1118 πόρνην
1531 1046 1831 1100 διαϐάλλειν
1870 1065 1988 1100 πει-

433 1134 599 1205 ρῷτο,
641 1135 802 1188 αὐτοῦ
846 1136 909 1206 δὴ
966 1134 1055 1188 τοῦ
1097 1137 1262 1191 Ἰούδα
1305 1139 1661 1193 ἐπακουσάτω
1708 1141 1985 1210 λέγοντος-

436 1244 454 1275 ι
485 1227 828 1280 Δεδικαίωται
875 1229 1070 1300 Θάμαρ
1099 1231 1133 1300 ἢ
1172 1229 1311 1297 ἐγὼ,
1363 1222 1421 1282 οὗ
1468 1231 1650 1284 ἕνεκεν
1687 1234 1786 1286 οὑκ
1816 1233 1989 1288 ἔδωκα

430 1320 594 1390 αὐτὴν
621 1319 801 1389 Σιλὼμ
848 1319 925 1390 τῷ
965 1320 1064 1390 υἱῴ
1108 1338 1240 1389 μου·
1280 1342 1298 1373 ι
1347 1324 1407 1374 οὐ
1455 1324 1561 1394 γὰρ
1604 1324 1665 1395 δὴ
1711 1326 1987 1396 πορνεύειν

431 1408 731 1480 προθεμένη
762 1409 854 1462 ἐπὶ
885 1408 976 1461 τοῦ
1011 1409 1201 1477 τέγους
1235 1410 1385 1481 ἔστη.
1415 1411 1654 1484 λογισμῷ
1704 1414 1759 1467 δὲ
1808 1416 1988 1487 σεμνῴ

429 1498 767 1560 παιδοποιΐας
793 1497 950 1570 χάριν
995 1499 1085 1551 τὸν
1124 1498 1320 1551 Ἰούδαν
1354 1500 1614 1571 θηρᾶται·
1654 1502 1754 1555 οὐκ
1796 1504 1986 1573 ἄδηλος

428 1587 485 1641 δὲ
512 1588 657 1658 καὶὴ
693 1590 839 1641 αἰτία
865 1605 878 1619 '
909 1591 937 1642 ὁ
972 1589 1069 1658 μὲν
1094 1589 1202 1660 γὰρ
1245 1591 1380 1659 αὐτῇ
1422 1590 1848 1660 παρακελεύεται
1886 1593 1982 1663 μέ-

430 1694 536 1731 νειν
579 1678 663 1730 ἐπ’
709 1678 886 1743 οἴκου,
933 1680 1037 1742 ἕως
1088 1680 1257 1750 μέγας
1305 1681 1527 1751 γένηται
1574 1681 1755 1752 Σιλὼμ
1799 1686 1826 1735 ὁ
1873 1683 1986 1747 υἱὸς

428 1768 611 1831 αὑτοῦ,
642 1769 715 1831 ὡς
760 1770 922 1833 αὐτὸς
973 1770 1271 1841 ληψόμενος
1323 1772 1520 1842 αὑτήν·
1557 1773 1590 1841 ἡ
1644 1772 1698 1825 δὲ
1742 1772 1986 1826 ἐπείθετο

428 1857 737 1929 προθύμως,
772 1859 936 1922 ἄπαις
972 1859 1206 1929 μένουσα
1236 1859 1328 1911 καὶ
1357 1861 1519 1931 χήρα,
1552 1860 1648 1924 τὰς
1688 1860 1781 1914 τοῦ
1821 1862 1986 1914 Ἰούδα

430 1949 738 2020 παρεγγυάς
766 1950 1095 2020 ἐκδεχομένη
1115 1966 1127 1978 ’
1160 1950 1236 2012 ὡς
1266 1950 1321 2003 δὲ
1345 1951 1442 2003 οὑκ
1470 1951 1640 2020 ἐπῆγε
1672 1954 1791 2014 ταῖς
1814 1953 1985 2019 ἑπαγ-

428 2039 633 2106 γελίαις
658 2040 830 2103 τέλος,
865 2039 957 2092 τοῦ
993 2042 1117 2112 περὶ
1151 2042 1344 2105 παῖδας
1386 2043 1551 2094 πόθου
1590 2045 1700 2105 τοῖς
1733 2043 1850 2095 τότε
1891 2045 1984 2096 ἀν-

427 2130 662 2203 θρώποις
689 2132 776 2187 διὰ
811 2133 1044 2203 σπουδῆς
1073 2135 1360 2204 ἀγομένου,
1390 2134 1483 2187 κα)⁸
1524 2135 1620 2206 τῆς
1647 2136 1896 2200 ἀτεκνίας
1927 2139 1985 2189 ὲν

423 2226 668 2301 ἐσχάτοις
696 2228 883 2289 κακοῖς
934 2226 1082 2298 παρά
1113 2229 1244 2279 πᾶσι
1275 2228 1393 2280 τότε
1419 2227 1832 2299 λελογισμένης,
1869 2232 1984 2283 δια-

423 2313 755 2384 ψευσάμενον
783 2316 916 2386 αὑτῇ
953 2314 1232 2369 συνιδοῦσα
1257 2317 1347 2369 τὸν
1392 2318 1607 2379 Ἰούδαν,
1634 2319 1726 2372 καὶ
1750 2318 1848 2381 τὰς
1878 2320 1984 2372 ἀπὸ

422 2405 515 2459 τοῦ
548 2405 732 2469 παιδὸς
759 2406 979 2469 ἐλπίδας
1017 2409 1096 2470 εἰς
1135 2407 1309 2479 μάτην
1346 2409 1809 2480 παραληφθείσας,
1844 2411 1980 2483 αὕτη

422 2498 718 2551 ἐπιτίθεται
763 2498 840 2569 τῷ
872 2499 1050 2571 ἀνδρί·
1098 2502 1156 2552 οὑ
1211 2498 1428 2554 πώποτε
1476 2503 1635 2573 νόμου
1684 2504 1978 2566 Μωῦσέως,

420 2588 539 2641 οὐδέ
571 2606 633 2657 γε
668 2590 977 2661 προφητῶν,
1012 2591 1131 2644 οὐδὲ
1159 2592 1345 2662 ἐτέρου
1376 2594 1519 2656 τινὸς
1548 2594 1982 2664 ἀπαγορεύοντος

419 2680 489 2734 τὰ
511 2682 729 2734 τοιαῦτα
750 2688 781 2713 ·’
802 2683 1035 2737 κᾶπειτα
1066 2685 1340 2754 σοφίζεται
1375 2685 1472 2755 τὴν
1506 2685 1566 2749 ἐξ
1602 2684 1764 2738 αὑτοῦ
1802 2686 1983 2738 παιδο-

421 2772 628 2825 ποιϊαν·
664 2771 737 2843 μὴ
778 2772 995 2839 δείξασα
1038 2774 1171 2842 γοῦν
1200 2774 1395 2844 ἑαυτὴν
1426 2774 1508 2836 τίς
1544 2791 1674 2826 ποτε
1717 2771 1804 2846 ἦν,
1857 2792 1979 2827 συν-

419 2864 589 2917 ελθεῖν
622 2865 767 2937 αὑτῴ
797 2868 1130 2936 μηχανᾶται·
1166 2865 1299 2932 ὁμοῦ
1333 2867 1393 2919 τὸ
1428 2865 1638 2938 σῶφρον
1667 2867 1727 2920 τὸ
1761 2868 1975 2939 ἑαυτῆς,

418 2956 664 3011 κάκείνου
706 2957 767 3009 τὸ
807 2958 1042 3029 ἀκρατὲς
1083 2958 1487 3029 ἀπελέγχουσα·
1521 2961 1553 3030 ἡ
1604 2959 1702 3030 μὲν
1735 2960 1841 3031 γὰρ
1872 2978 1976 3030 μα·-

417 3050 566 3118 κροῖς
640 3046 812 3103 ἐτεσιν
858 3047 1004 3119 αὑτῷ
1065 3050 1395 3121 πειθομένη,
1464 3053 1606 3122 χήρα
1675 3052 1767 3104 καὶ
1814 3051 1977 3117 ἅπαις

2089 573 2251 619 stum.
2279 563 2534 620 Servatur
2579 567 2721 621 enim
2771 570 3000 624 servatis
3034 572 3287 640 gentibus
3324 588 3654 645 praeverten-

2088 656 2190 709 dus
2230 663 2365 711 erat.

2810 729 2923 785 VII.

2089 813 2197 897 Cur
2226 815 2504 873 Thamarm
2534 821 2680 889 facta
2712 826 2989 897 mentique,
3021 827 3221 897 nullam
3252 838 3506 897 prtelerea
3532 848 3648 887 mu-

2158 886 2335 1008 lierem
2371 886 2849 945 commemorauerit
2880 886 3165 951 Matthazus
3195 886 3458 966 fa'ctorum
3493 886 3647 957 laude

2158 971 2172 1006 ι
2223 965 2438 1008 uslrem.

2158 965 2438 1012 illustrem.

2157 1046 2209 1099 l.
2239 1047 2561 1104 Thamaram
2610 1053 2657 1109 si
2697 1054 2822 1122 quis
2857 1069 2955 1110 ceu
2987 1058 3326 1114 meretricem
3363 1061 3649 1119 traducere

2088 1136 2288 1198 studet,
2347 1137 2394 1193 is
2444 1141 2629 1195 audiat
2682 1141 2877 1198 Judam
2930 1146 3196 1202 dicentem
3240 1169 3251 1203 :
3300 1167 3320 1201 ι
3372 1149 3647 1210 'l'hamara

2082 1226 2283 1292 justior
2312 1243 2397 1283 me
2433 1236 2538 1297 est,
2575 1233 2670 1300 qui
2720 1249 2827 1288 non
2871 1251 2987 1290 eam
3041 1241 3236 1296 tradidi
3287 1243 3493 1300 Silomo
3537 1245 3649 1301 lilio

2089 1330 2208 1370 meo
2250 1318 2313 1370 ’⁷.
2353 1337 2371 1370 i
2402 1318 2557 1375 Haud
2591 1324 2734 1377 enim
2783 1324 3082 1381 fornicandi
3114 1345 3277 1386 causa
3326 1337 3566 1405 prostitit
3590 1339 3648 1395 in

2088 1405 2245 1469 cella,
2282 1408 2375 1462 sed
2411 1411 2609 1478 pudico
2639 1415 2871 1469 consilio
2916 1426 2970 1471 et
3017 1419 3308 1477 liberorum
3346 1429 3519 1494 gratia
3549 1425 3649 1484 Ju-

2086 1495 2210 1549 dam
2240 1511 2432 1554 venata
2460 1510 2563 1556 est.
2599 1505 2787 1574 Neque
2809 1507 2882 1561 rei
2904 1521 3071 1564 causa
3110 1511 3257 1567 latet.
3282 1514 3417 1571 HUIC
3446 1520 3649 1589 quippe

2086 1585 2113 1639 J
2121 1587 2254 1644 udas
2276 1591 2630 1647 mandaverat
2656 1594 2802 1650 domi
2835 1605 2894 1651 ut
2912 1608 3179 1664 maneret,
3200 1603 3375 1660 donec
3409 1585 3651 1664 Silomus

2085 1676 2420 1733 adolesceret
2450 1679 2593 1737 filius
2625 1699 2799 1746 suus,.
2813 1687 2904 1755 qui
2929 1702 3048 1741 eam
3079 1690 3280 1745 deinde
3303 1709 3524 1749 uxorem
3546 1697 3648 1751 du-

2086 1776 2250 1822 ceret.
2284 1772 2405 1838 lpsa
2429 1787 2557 1826 vero
2583 1775 2838 1831 alacriter
2867 1779 3354 1851 ohtemperaverat,
3389 1790 3650 1845 sterilita-

2089 1858 2159 1912 tis
2179 1861 2390 1928 patiens
2413 1869 2576 1931 atque
2602 1865 2906 1928 viduitatis,
2932 1866 3087 1924 Inde
3120 1876 3510 1940 sponsionibus
3536 1879 3648 1935 fre-

2087 1957 2161 2003 ta.
2191 1949 2295 2005 Sed
2327 1954 2471 2008 enim
2499 1971 2624 2009 cum
2650 1956 2742 2012 hic
2770 1959 3039 2027 promissa
3066 1977 3174 2017 non
3206 1964 3434 2031 faceret,
3466 1969 3563 2024 illa
3584 1971 3652 2025 li-

2086 2042 2338 2097 berorum
2379 2045 2650 2101 desiderio
2681 2052 2907 2118 percita,
2937 2055 3080 2122 quod
3106 2072 3296 2111 eorum
3341 2067 3648 2131 temporum

2085 2133 2332 2190 homines
2368 2141 2600 2195 maxime
2631 2144 2878 2212 urgebat,
2922 2148 3262 2203 sterilitatem
3318 2151 3373 2205 in
3420 2158 3651 2213 summis

2087 2227 2246 2281 malis
2280 2229 2439 2299 vulgo
2482 2247 2683 2301 ponere
2712 2236 2938 2301 solitos;
2968 2254 3137 2308 seque
3170 2257 3201 2294 a
3238 2239 3378 2296 Juda
3400 2245 3647 2302 delusam

2086 2319 2348 2383 sentiens,
2380 2319 2693 2394 frustraque
2730 2325 2879 2395 spent
2908 2329 2961 2382 in
2991 2331 3111 2399 ejus
3141 2332 3253 2388 lilio
3287 2337 3643 2406 collocatam;

2083 2409 2201 2478 ipsa
2230 2410 2333 2465 sibi
2370 2412 2546 2467 virum
2579 2418 2856 2480 conciliat,
2892 2421 3042 2475 nulla
3083 2423 3260 2478 adhuc
3290 2426 3407 2497 lege
3445 2427 3647 2501 Moysis

2084 2510 2174 2555 aut
2199 2503 2588 2572 prophetarum
2625 2511 3032 2580 autcujuslibet
3058 2514 3295 2571 hominis
3322 2519 3377 2573 id
3407 2529 3643 2577 vetante.

2082 2592 2218 2648 Tum
2254 2597 2486 2653 solerter
2512 2602 2785 2670 excogitat
2815 2619 3053 2673 quanam
3094 2608 3305 2664 ratione
3330 2625 3397 2666 ex
3430 2612 3552 2682 ipso
3581 2615 3649 2668 li-

2081 2687 2243 2742 beros
2277 2691 2562 2760 suscipiat.
2598 2692 2739 2764 Ergo
2766 2698 2939 2750 celata
2999 2700 3312 2755 conditione
3343 2718 3441 2758 sua
3481 2707 3646 2762 struit

2081 2777 2308 2835 insidias
2333 2788 2389 2834 ut
2413 2797 2535 2836 cum
2559 2799 2624 2837 eo
2653 2801 2765 2839 rem
2793 2786 3019 2856 habeat,
3044 2791 3203 2845 simul
3231 2797 3644 2865 temperantiam

2080 2884 2232 2925 suam
2261 2880 2424 2942 atque
2448 2875 2598 2931 illius
2622 2877 3072 2936 incontinentiam
3106 2894 3452 2955 coargutura.
3476 2888 3646 2943 Nam-

2079 2976 2184 3030 que
2214 2963 2330 3032 ipsa
2361 2963 2489 3018 dum
2524 2968 2713 3023 multis
2757 2970 2915 3026 annis
2958 2971 3035 3025 illi
3087 2974 3444 3045 obtemperat,
3462 2978 3643 3047 ,vidua

2080 3054 2391 3125 sterilisque
2441 3068 2818 3126 permanserat
2852 3080 2865 3115 :
2902 3079 3134 3133 cumque
3161 3065 3213 3119 ei
3241 3065 3472 3125 facultas
3497 3082 3645 3128 esset

414 3136 687 3208 διέμενεν’
744 3139 877 3193 ἀλλά
921 3141 1015 3194 καὶ
1068 3142 1240 3212 παρὸν
1290 3140 1568 3212 γήμασθαι
1615 3142 1820 3213 ἑτέρῳ,
1881 3143 1974 3197 καὶ

2078 3147 2315 3202 nubendi
2351 3149 2529 3214 alteri,
2558 3154 2826 3223 matrique
2873 3154 2987 3209 fieri
3026 3157 3325 3215 liberorum
3361 3176 3427 3216 ex
3448 3163 3643 3232 quovis

412 3229 613 3283 τέκνων
667 3232 877 3302 μητέρα
929 3231 992 3285 ἐκ
1045 3234 1189 3295 τινος
1263 3231 1579 3301 ἀλλοιγενοῦς
1644 3232 1976 3303 καταστῆναι

412 3319 620 3391 ἀνδρδς,
641 3323 700 3373 οὑ
725 3324 865 3373 ποιεῖ
889 3320 1045 3373 τοῦτο
1065 3338 1079 3350 ·
1115 3322 1214 3390 τῆς
1236 3320 1342 3374 τῶν
1369 3320 1643 3393 προγόνων
1667 3322 1759 3374 τοῦ
1790 3321 1974 3386 Ἰούδα,

426 3411 673 3482 Ἀϐραὰμ
725 3413 817 3465 καὶ
857 3412 1057 3476 Ἰσαὰκ,
1108 3414 1200 3465 καὶ
1226 3414 1290 3482 δὴ
1340 3415 1432 3466 καὶ
1472 3414 1573 3482 τῆς
1630 3412 1724 3466 τοῦ
1765 3414 1978 3485 Ἰσραὴλ

414 3501 728 3568 συνίενείας
760 3501 1036 3571 ἐφιεμένη·
1073 3503 1099 3554 ὁ
1128 3501 1184 3553 δὲ
1202 3503 1461 3584 χηρεύειν
1489 3504 1586 3573 τὴν
1610 3503 1773 3556 παῖδα
1807 3519 1975 3556 κατα-

410 3590 579 3643 λιπὼν
603 3630 617 3653 ,
656 3591 747 3645 καὶ
793 3591 958 3663 κόρην
1010 3591 1212 3647 ἄπαιδα
1252 3594 1346 3646 ἐπὶ
1382 3594 1625 3665 μακροὺς
1667 3594 1974 3664 ἀναρτήσας

411 3684 651 3753 χρόνους,
682 3686 778 3755 οὐχ
812 3678 920 3747 οἷός
952 3702 1010 3738 τε
1041 3680 1107 3756 ἦν
1133 3687 1350 3756 κρατεῖν
1374 3684 1566 3739 ἑαυτοῦ
1591 3685 1727 3758 μετά
1748 3685 1845 3756 τὴν
1872 3684 1973 3753 τῆς

410 3776 663 3844 γυναικὸς
695 3779 976 3848 τελευτήνο
1021 3776 1135 3830 ἀλλ’
1169 3778 1284 3848 ἅμα
1327 3777 1551 3849 τελευτᾷ
1588 3781 1622 3848 ἡ
1668 3777 1762 3831 τοῦ
1807 3776 1972 3831 Ἰούδα

409 3868 566 3940 γυνὴ,
606 3871 634 3921 ὁ
663 3870 739 3932 δὲ,
778 3868 1001 3941 μηδενός
1036 3886 1150 3931 πως
1183 3868 1347 3940 νόμου
1378 3867 1487 3921 τῶν
1526 3868 1743 3922 τοιῶνδε
1783 3867 1973 3939 ἀπείρ-

407 3974 619 4024 γοντος,
656 3959 856 4031 πόρνην
906 3957 1188 4011 ὑπολαϐὼν
1219 3958 1315 4029 τὴν
1361 3957 1675 4030 εἰρημένην,
1720 3957 1972 4029 ἡλίσκετο

410 4050 545 4119 πρὸς
576 4050 742 4120 αὐτῆς
769 4051 829 4102 οὐ
866 4049 1045 4103 δίκαια
1089 4050 1341 4121 πράττων
1363 4071 1374 4081 ·
1407 4051 1490 4104 ὅτι
1520 4050 1582 4119 δὴ
1613 4049 1851 4115 τοιοῦτος
1896 4050 1971 4104 ὢν

411 4141 571 4203 αὐτὸς
619 4140 716 4210 τὴν
766 4141 856 4193 ἐπὶ
891 4144 1117 4213 μακροῖς
1158 4141 1300 4193 ἔτεσι
1329 4140 1427 4204 τὰς
1466 4141 1783 4211 ὑποσχέσεις
1816 4143 1969 4196 ἐκδε-

413 4230 646 4301 ξαμένην
674 4230 770 4295 τὰς
804 4232 986 4297 αὑτοῦ,
1024 4232 1305 4301 φιλόσοφόν
1342 4249 1402 4286 τε
1433 4233 1527 4285 καὶ
1578 4232 1826 4305 σώφρονα
1860 4234 1970 4304 βίον

410 4322 863 4393 ὲπιδεδειγμένην,
904 4323 1191 4395 ἀπεστέρει
1222 4322 1313 4378 τοῦ
1347 4324 1474 4396 περὶ
1512 4323 1605 4394 τὴν
1633 4323 1972 4380 παιδοποιΐαν

409 4412 641 4486 καρποῦ.

2077 3239 2400 3309 alienigena,
2434 3256 2544 3295 non
2577 3243 2808 3312 tulerat;
2841 3247 2937 3302 sed
2962 3246 3119 3305 Judte
3141 3251 3433 3320 majorum,
3463 3254 3642 3312 Abra-

2076 3329 2220 3384 hami
2234 3346 2449 3401 nempe,
2464 3332 2631 3388 Isaaci
2647 3343 2808 3405 atque
2824 3336 3416 3414 lsraelis,cognatinnes
3432 3350 3645 3405 malue-

2075 3426 2181 3473 rat.
2227 3420 2430 3476 (Jontra
2474 3422 2522 3478 is
2555 3424 2645 3492 qui
2704 3425 2867 3480 filiam
2919 3428 2976 3481 in
3009 3431 3271 3488 viduitate
3321 3435 3640 3506 reliquerat,

2074 3508 2425 3580 sterilemque
2477 3512 2708 3580 puellam
2742 3514 2797 3569 in
2828 3516 3046 3587 longum
3083 3529 3299 3593 tempus
3327 3524 3641 3592 distulerat,

2072 3609 2377 3670 temperare
2402 3603 2506 3658 sibi
2544 3620 2651 3659 non
2675 3608 2850 3675 potuit
2874 3619 2998 3679 post
3031 3615 3218 3669 uxoris
3249 3617 3480 3674 obitum.
3503 3618 3647 3674 Nam

2073 3695 2257 3747 statim
2292 3710 2356 3749 ac
2382 3693 2536 3750 Judze
2561 3713 2697 3753 uxor
2716 3698 2971 3755 defuncta
3008 3712 3114 3770 est,
3130 3704 3180 3761 is
3208 3708 3357 3762 nulla
3407 3709 3641 3768 fortasse

2071 3782 2190 3853 lege
2218 3797 2331 3837 rem
2365 3784 2636 3854 ejusmodi
2686 3789 3006 3858 prohibente
3041 3792 3177 3867 (15),
3203 3796 3333 3850 dum
3375 3797 3638 3856 feminam

2072 3875 2415 3930 meretricem
2450 3892 2575 3933 esse
2603 3880 2903 3944 existimat,
2937 3884 3005 3937 ab
3034 3899 3119 3948 ea,
3161 3886 3250 3941 cui
3282 3886 3462 3943 fuerat
3482 3889 3636 3958 injtr-

2070 3968 2205 4031 rius,
2229 3968 2489 4040 deceptus
2512 3982 2597 4028 est
2625 3992 2639 4028 :
2680 3975 2769 4046 qui
2797 3985 2903 4031 tam
2936 3978 3147 4035 lubrico
3175 3985 3392 4053 ingenio
3437 3983 3636 4054 praedi-

2068 4066 2183 4126 tus,
2214 4063 2449 4132 puellam
2476 4072 2555 4120 tot
2595 4065 2709 4136 jam
2753 4068 2913 4124 annis
2943 4072 3400 4140 promissionibus
3422 4076 3544 4146 ejus
3566 4075 3639 4129 θο-

2071 4150 2310 4215 dentem,
2340 4161 2394 4207 et
2423 4154 2680 4211 solitariae
2727 4160 3156 4232 temperantique
3192 4163 3317 4219 vita:
3366 4163 3639 4230 deditam,

2070 4241 2367 4298 liberorum
2393 4242 2576 4300 fructu
2604 4247 2871 4320 privabat.

479 4506 541 4576 β’.
574 4505 753 4578 Ταύτῃ
777 4503 869 4559 οὖν
896 4507 985 4560 τὸν
1023 4507 1190 4579 ἄνδρα
1220 4507 1476 4573 ὑποδῦσα,
1507 4510 1568 4561 ὲκ
1596 4507 1816 4580 πρώτης
1841 4510 1963 4578 ὁμι-

2136 4512 2190 4566 2.
2220 4512 2312 4569 Sic
2363 4531 2492 4586 ergo
2543 4515 2834 4582 Thamara.
2868 4522 3103 4590 peractis
3150 4523 3379 4594 nuptiis,
3404 4525 3639 4596 geminae

406 4582 521 4660 λίαξ
552 4596 768 4669 διδύμου
799 4598 960 4669 γονῆς
1005 4597 1064 4663 ἐξ
1104 4598 1265 4652 αὐτοῦ
1294 4599 1501 4667 γίνεται
1550 4601 1749 4671 μήτηρ,
1778 4598 1966 4652 τοῦτον

408 4691 543 4759 αὐτῇ
575 4687 667 4742 τοῦ
693 4686 826 4742 Θεοῦ
857 4689 1063 4760 καρπὸν
1094 4689 1190 4760 τῆς
1217 4689 1427 4761 ἀγαθῆς
1455 4691 1761 4762 προθέσεως
1807 4691 1964 4747 ἕνεκα

405 4779 807 4852 δεδωρημένουε
859 4778 1033 4852 παρὸν
1081 4779 1189 4849 γάρ
1240 4779 1417 4844 ἄλλοις
1462 4782 1659 4854 ἑαυτὴν
1701 4783 1960 4852 ἀγαγεῖν,

404 4871 496 4924 καὶ
516 4871 717 4941 ἑτέροις
743 4867 1052 4939 ἀλλοφύλοις
1077 4869 1168 4922 καὶ
1195 4868 1414 4922 ἀσεϐέσι
1438 4871 1788 4944 συναφθῆναι,
1807 4873 1964 4928 τοῦτο

408 4964 505 5032 μὲν
541 4964 602 5016 οὐ
636 4962 879 5034 διενοήθη
901 4977 914 4990 ’
948 4961 1039 5014 τοῦ
1070 4960 1126 5014 δὲ
1151 4960 1257 5013 τῶν
1295 4960 1552 5030 θεοφιλῶν
1585 4963 1770 5032 γένους
1798 4967 1962 5038 εὐχὴν

405 5055 601 5126 Θεμένη
634 5053 1053 5124 καταξιωθῆναι,
1105 5055 1304 5126 καίπερ
1348 5052 1479 5109 οὖσα
1521 5056 1832 5127 ἀλλόφυλος,
1863 5058 1960 5130 τὴν

401 5146 662 5215 τοσαύτην
698 5146 1126 5199 συνεσκευάσατο
1174 5146 1641 5220 δραματουργίαν·
1697 5150 1759 5201 οὑ
1822 5150 1958 5220 πρό-

402 5255 554 5309 τερον
596 5237 652 5290 δὲ
698 5239 731 5308 ή
781 5237 977 5307 Θάμαρ
1010 5236 1207 5309 ἐτόλμα
1264 5243 1513 5311 παρεῖναι
1567 5239 1659 5293 ἐπὶ
1704 5240 1799 5311 τὴν
1862 5241 1956 5294 τοῦ

472 5375 515 5407 ³⁷
553 5372 688 5428 Gen.
724 5388 965 5435 xxxvm,
996 5373 1086 5429 26.

472 5481 878 5560 (l5)._Qnod_a_it
906 5482 1173 5539 Eusebius
1202 5485 1359 5560 nulla
1381 5484 1620 5560 fortasse
1642 5485 1816 5560 adhuc
1840 5488 1954 5560 lege

400 5552 729 5628 prohibitum
750 5552 932 5628 fuisse
956 5569 983 5607 a
1011 5554 1302 5628 scortando
1331 5553 1545 5628 ludam,
1572 5556 1624 5609 id
1650 5552 1953 5628 intelligen—

402 5622 633 5695 dumest
655 5623 721 5678 de
750 5625 864 5693 lege
888 5624 1032 5694 apud
1051 5622 1369 5695 Palaestinos
1405 5626 1641 5694 publica,
1673 5642 1791 5695 quae
1815 5622 1952 5682 non-

401 5693 527 5745 dum
584 5692 819 5749 fortasse
868 5692 1146 5764 proposita
1204 5692 1778 5766 fueratftimteroquin
1805 5700 1948 5766 apud

404 5763 690 5834 plerasque
741 5763 928 5834 gentes
973 5763 1145 5833 atque
1197 5765 1345 5817 omni
1398 5774 1636 5836 tempore
1666 5763 1947 5822 'scortatio

707 5855 980 5917 PATBOL.
1012 5858 1128 5917 Gn.
1166 5857 1367 5918 XXII.

2068 4604 2250 4659 statim
2280 4607 2451 4675 prolis
2498 4615 2671 4663 mater
2695 4611 2901 4679 evasit;
2936 4612 3040 4667 hoc
3079 4613 3154 4667 illi
3178 4616 3459 4684 praemium
3498 4617 3628 4672 boni

2066 4697 2331 4767 propositi
2369 4699 2632 4769 largiente
2663 4699 2794 4757 Deo.
2827 4702 2959 4769 Quae
2997 4705 3141 4760 enim
3171 4706 3295 4762 aliis
3314 4722 3374 4761 se
3413 4707 3627 4763 tradere

2065 4793 2347 4855 potuerat,
2399 4796 2565 4859 atque
2627 4793 2851 4849 amasiis
2917 4795 3238 4866 alienigenis
3282 4796 3627 4868 ethnicisque

2065 4876 2170 4933 frui
2196 4918 2210 4943 ,
2235 4879 2368 4933 nihil
2387 4881 2660 4950 ejusmodi
2701 4886 2889 4940 molita
2917 4894 3040 4943 est:
3075 4887 3170 4942 sed
3196 4887 3383 4957 potius
3414 4890 3627 4960 rogavit

2063 4976 2123 5023 ut
2149 4969 2363 5041 piorum
2396 4971 2677 5028 hominum
2705 4992 2900 5046 genere
2927 4979 3089 5048 digna
3116 4978 3284 5034 ﬁeret.
3308 4978 3375 5033 Et
3402 4979 3622 5051 quidem

2061 5073 2184 5112 cum
2208 5059 2322 5128 ipsa
2361 5070 2506 5117 esset
2527 5064 2696 5134 stirpe
2727 5066 3047 5137 alienigena,
3077 5067 3236 5123 talem
3261 5076 3483 5139 tamque
3504 5068 3625 5124 lau-

2060 5150 2294 5206 dabilem
2350 5168 2639 5223 personam
2716 5157 2995 5215 sustinuit.
3054 5156 3418 5230 Prmterquam
3476 5159 3622 5231 quod

2060 5243 2330 5301 Thamara
2356 5246 2501 5303 haud
2526 5248 2681 5319 prius
2715 5264 2849 5306 ausa
2869 5257 2955 5306 est
2989 5264 3103 5306 rem
3132 5250 3334 5307 habere
3360 5265 3486 5307 eum
3520 5249 3621 5309 Ju-

2094 5489 2383 5559 ropttdioSa
2418 5489 2519 5544 fuit
2551 5499 2604 5545 et
2635 5490 2843 5544 illicita.
2876 5488 3063 5558 Neque
3086 5490 3138 5546 id
3162 5505 3382 5555 mirum,
3406 5490 3621 5549 dicente

2094 5504 2383 5559 ropuatosa
2418 5504 2519 5544 tutt
2551 5504 2604 5545 et
2635 5504 2843 5544 uncua.
2876 5504 3063 5558 neque
3086 5504 3138 5546 td
3162 5505 3382 5555 mirum,
3406 5504 3621 5549 dicente

2054 5504 2267 5614 Baulol
2302 5561 2431 5616 Cor.
2481 5576 2555 5623 v1,
2579 5560 2664 5624 l8,
2702 5561 2797 5643 qni
2819 5560 3133 5643 fornicatur,
3162 5563 3216 5615 in
3248 5577 3439 5643 cor-pg:
3464 5574 3621 5643 suum

2054 5577 2222 5614 ramo
2248 5577 2267 5612 ι
2302 5577 2431 5616 μοι.
2481 5577 2555 5623 νι,
2579 5577 2664 5624 ιδ,
2693 5577 2790 5684 (Tn
2819 5577 3133 5628 (armantur,
3162 5578 3216 5615 ιη
3248 5577 3439 5643 corpus
3464 5577 3619 5643 suum

2050 5640 2277 5705 peccat,
2314 5646 2636 5705 quo_super
2730 5632 2841 5685 icto
2888 5630 3088 5703 legesis
3142 5643 3323 5687 sancti
3371 5630 3619 5705 Gregorii

2050 5698 2280 5755 stseni
2318 5698 2635 5755 orationem.

3221 5863 3297 5923 '29
