4112 6428
395 383 497 438 907

1112 373 1379 432 EUSEBH
1419 369 1898 430 CIESARIENSIS
1935 367 2086 423 OPP.
2129 365 2307 420 PARS
2342 363 2431 418 Ill.
2466 395 2538 407 --
2576 362 2982 423 EXEGETICA.

3545 368 3650 426 903

394 503 486 566 da,
519 515 682 570 quam
727 497 888 568 hujus
915 511 1051 550 uxor
1085 495 1221 549 obiit
1256 515 1267 550 :
1313 509 1418 565 qua
1465 493 1706 548 nondum
1765 491 1971 545 exstin-

2086 487 2249 540 ’ἰούδα
2276 485 2586 550 κοινωνίαν,
2617 485 2650 556 ἢ
2689 485 2930 538 ἐκποδὼν
2964 484 3215 554 γενέσθαι
3251 484 3348 556 τὴν
3382 487 3650 557 προτέραν

395 599 503 654 cta,
532 589 638 644 tale
675 587 806 657 quid
831 584 1048 657 aggredi
1084 584 1236 640 nefas
1256 600 1376 640 esse
1402 590 1706 654 putaverat.
1743 579 1973 634 Mansis-

396 685 478 734 set
510 677 693 746 itaque
743 676 919 745 patria
969 674 1024 728 in
1058 674 1221 729 domo
1248 674 1333 728 vel
1367 681 1630 744 perpetuo
1677 671 1970 726 liberorum

394 785 614 839 expers,
664 767 771 821 nisi
812 767 1164 820 occasionem
1214 765 1320 822 sibi
1367 763 1968 839 faverecognovisset;

396 837 648 930 ideoque,
679 867 738 914 ut
761 859 896 924 dixi,
938 857 1048 914 Deo
1080 874 1177 914 usa
1217 868 1302 914 est
1331 837 1600 928 adjutore,
1631 861 1724 928 qui
1757 873 1820 913 ex
1863 873 1972 911 uno

395 967 518 1005 cum
551 949 690 1004 Juda
722 965 1020 1021 congressu
1055 950 1295 1020 gemellae
1339 950 1505 1020 prolis
1560 949 1893 1003 cumulatum
1923 948 1971 1002 ei

396 1044 626 1115 largitus
646 1052 730 1098 est
760 1043 1033 1096 fructum:
1063 1042 1225 1097 simul
1257 1041 1311 1096 in
1335 1041 1633 1096 liberorum
1669 1041 1974 1110 generatio-

396 1154 464 1192 ne
520 1153 775 1192 arcanam
833 1137 1158 1190 machinans
1211 1134 1608 1204 providentiam
1653 1153 1664 1186 :
1703 1133 1772 1186 ob
1809 1147 1970 1202 quam

395 1229 742 1300 potissimum
777 1229 1030 1283 existimo
1059 1228 1127 1281 ab
1161 1226 1368 1297 inclyto
1389 1226 1720 1296 evangelista
1753 1238 1970 1278 omnem

393 1321 561 1392 hujus
592 1321 670 1376 rei
701 1322 1032 1376 mentionem
1066 1319 1121 1372 in
1169 1318 1480 1373 Servatoris
1515 1316 1690 1372 nostri
1716 1315 1971 1386 genealo-

394 1412 482 1482 gia
507 1412 676 1467 fuisse
705 1411 1181 1480 comprehensam.
1209 1408 1467 1464 Gemellis
1499 1408 1645 1463 enim
1671 1423 1702 1462 e
1735 1405 1970 1460 Thama-

394 1523 456 1561 ra
487 1507 630 1560 natis
663 1505 850 1559 liberis
883 1502 1020 1556 Zara
1044 1509 1098 1556 et
1126 1501 1352 1565 Phares,
1379 1516 1485 1554 non
1526 1501 1778 1570 vulgares
1807 1513 1971 1554 even-

393 1607 487 1652 tus
527 1597 743 1653 videtur
776 1595 908 1648 mihi
942 1610 1005 1648 ex
1048 1594 1242 1648 horum
1275 1593 1630 1663 generatione
1686 1590 1967 1661 Scriptura

395 1689 742 1759 portendere.
775 1687 951 1756 Atque
983 1685 1187 1740 idcirco
1220 1683 1503 1740 Mattheus
1535 1684 1819 1739 amborum
1843 1698 1966 1738 cum

393 1788 569 1833 matre
613 1777 859 1832 meminit
890 1775 976 1830 his
999 1773 1179 1828 verbis
1207 1792 1218 1827 :
1247 1772 1455 1828 «ludas
1477 1771 1888 1844 genuitPhares
1914 1783 1968 1829 et

2076 579 2236 632 αὐτοῦ
2277 579 2554 649 γαμετήν·
2594 577 2700 648 πρὸ
2733 578 2826 631 τοῦ
2867 577 3069 648 ταύτης
3112 575 3340 631 θανάτου
3381 577 3478 648 οὺχ
3505 579 3651 633 ὅσιον

2074 671 2350 742 ἡγουμένη
2384 669 2444 721 τὺ
2472 669 2808 740 ἐπιχείρημα
2832 685 2844 697 °
2882 669 3041 740 ἔμενε
3071 669 3202 738 γοῦν
3241 670 3370 741 παρ’
3397 671 3564 742 ἑαυτῇ
3592 672 3650 725 ἐν

2073 762 2150 833 τῷ
2182 764 2314 832 οἰκῳ
2344 759 2437 814 τοῦ
2462 760 2668 832 πατρὸς
2695 760 2882 832 αὐτῆς,
2911 762 3111 832 καίπερ
3138 758 3273 816 οὖσα
3300 763 3524 827 ἄτεκνος
3547 763 3649 816 κᾶν

2077 855 2236 925 μέχρι
2269 853 2451 916 τέλους
2477 852 2643 916 ἄπαις
2670 852 2934 923 διέμενεν,
2976 856 3024 906 εἰ
3061 855 3136 926 μὴ
3166 855 3259 908 τὸν
3291 855 3480 926 καιρὸν
3509 857 3646 927 αὑτῇ

2077 944 2431 998 συλλαϐέσθαι
2481 945 2754 1014 ἡγήσατο·
2793 945 2872 998 διὸ
2918 946 3004 1015 δὴ,
3051 945 3127 1008 ὡς
3157 945 3312 1016 ἔφην,
3347 946 3480 999 Θεοῦ
3521 964 3650 1000 κατ-

2075 1036 2315 1101 αξιοῦται
2354 1035 2637 1108 συνεργοῦ,
2668 1037 2723 1099 ὃς
2756 1039 2818 1089 ἐκ
2859 1039 2984 1108 μιᾶς
3017 1037 3112 1090 τοῦ
3148 1038 3314 1092 Ἰούδα
3345 1039 3646 1102 κοινωνίας,

2074 1129 2278 1182 παίδων
2329 1129 2467 1200 αὐτῇ
2521 1128 2713 1181 διττῶν
2763 1129 2974 1201 ἀθρόως
3025 1130 3338 1201 ἐδωρήσατο
3395 1133 3607 1205 καρπόν
3632 1151 3644 1163 ·

2071 1220 2206 1291 όμοῦ
2257 1221 2385 1290 περὶ
2431 1219 2528 1290 τὴν
2564 1219 2673 1272 τῶν
2722 1219 2924 1273 παίδων
2979 1221 3189 1288 γένεσιν
3251 1221 3647 1295 μυστηριώδεις

2073 1311 2329 1365 ἐπιτελῶν
2363 1312 2702 1383 οἰκονομίαςο
2745 1313 2811 1366 δι’
2844 1312 2911 1377 ἃς
2955 1314 3048 1366 καὶ
3081 1309 3234 1385 οἶμαι
3279 1314 3512 1385 μάλιστα
3558 1316 3648 1367 τὸν

2073 1403 2370 1474 Θαυμάσιον
2417 1403 2802 1476 εύαγγελιστὴν
2838 1405 2934 1476 τὴν
2985 1407 3162 1459 πᾶσαν
3217 1407 3436 1478 μνήμην
3468 1406 3648 1459 αὐτῶν

2072 1499 2136 1567 τῇ
2179 1495 2272 1548 τοῦ
2322 1497 2569 1568 Σωτῆρος
2615 1496 2774 1566 ήμῶν
2825 1498 3250 1569 συμπεριλαϐεῖν
3291 1499 3644 1570 γενεαλογία·

2070 1587 2306 1659 διδύμων
2336 1589 2444 1659 γὰρ
2493 1588 2698 1642 παίδων
2756 1588 2813 1654 ἐξ
2868 1591 3036 1660 αὐτῆς
3090 1591 3414 1662 γενομένων,
3439 1591 3534 1646 τοῦ
3586 1609 3647 1647 τε

2073 1683 2219 1752 Ζαρᾶ
2250 1683 2344 1735 καὶ
2374 1681 2467 1734 τοῦ
2497 1681 2689 1752 Φαρὲς,
2722 1681 2781 1733 ού
2804 1681 2870 1734 τὰ
2896 1683 3121 1752 τυχόντα
3151 1701 3241 1754 μοι
3271 1683 3418 1738 δοκεῖ
3444 1686 3510 1738 ἐκ
3547 1685 3645 1757 τῆς

2071 1772 2274 1825 τούτων
2313 1772 2579 1840 γενέσεως
2618 1774 2647 1825 ὁ
2678 1771 2778 1842 τῆς
2820 1772 3044 1844 Γραφῆς
3076 1775 3406 1829 αἰνίττεσθαι
3455 1777 3642 1844 λόγος·

396 1867 590 1921 Zaram
612 1867 678 1920 de
694 1865 950 1919 Thamar.
978 1883 995 1915 ι
1017 1864 1127 1917 Cur
1148 1863 1295 1917 enim
1313 1863 1363 1916 ei
1385 1877 1490 1918 non
1523 1862 1734 1918 suffecit
1761 1863 1966 1926 dicere,

2075 1863 2150 1916 διὸ
2188 1863 2280 1916 καὶ
2327 1865 2524 1932 ἀμφοῖν
2578 1865 2945 1934 μνημονεῦσαι
2990 1865 3079 1918 τὸν
3120 1867 3394 1921 Ματθαῖον
3444 1871 3542 1940 τῆς
3587 1888 3646 1923 τε

394 1960 564 2015 Judas
597 1959 783 2029 genuit
824 1956 1067 2010 Phares?
1095 1955 1462 2025 praetermisso
1493 1954 1630 2008 Zara
1659 1995 1672 2021 ,
1700 1956 1844 2025 quod
1892 1955 1963 2010 fe-

396 2055 472 2107 cit
505 2055 559 2107 in
609 2051 832 2115 Jacobo,
865 2064 973 2120 quo
1029 2064 1138 2103 uno
1187 2056 1512 2113 memorato,
1571 2043 1805 2104 Esavum
1849 2047 1970 2100 reti-

398 2147 530 2200 cuit.

465 2419 518 2471 ὅ.
552 2415 714 2471 Addit
740 2416 902 2471 etiam
935 2431 1000 2470 ex
1035 2427 1141 2484 qua
1178 2419 1353 2466 matre
1385 2409 1496 2465 sint
1525 2408 1660 2473 nati,
1695 2421 1888 2476 nempe
1905 2421 1970 2459 ex

397 2509 665 2564 Thamara
711 2529 722 2563 :
780 2508 981 2578 quibus
1035 2506 1216 2561 verbis
1267 2504 1518 2558 hortatur
1575 2496 1975 2569 quodammodo

397 2617 496 2656 nos
533 2602 598 2655 ad
624 2599 1082 2656 considerandam
1131 2597 1325 2650 horum
1378 2592 1689 2648 historiam.
1731 2591 1842 2660 Age
1889 2604 1974 2643 ve-

396 2710 460 2747 ro
521 2694 576 2747 in
636 2692 833 2748 Genesi
888 2689 1100 2761 Moyses
1149 2689 1263 2743 haec
1310 2687 1428 2739 ait:
1464 2703 1482 2736 ι
1516 2682 1652 2739 Cum
1688 2681 1801 2751 jam
1831 2688 1976 2736 esset

397 2787 643 2857 paritura
691 2785 985 2845 Thamara,
1039 2781 1253 2852 gemelli
1299 2785 1458 2833 erant
1499 2777 1554 2829 in
1605 2784 1761 2828 utero
1808 2773 1972 2842 ejus:

396 2880 636 2948 dumque
658 2885 894 2945 pareret,
912 2891 1055 2929 unus
1081 2872 1310 2943 protulit
1335 2883 1584 2932 manum,
1615 2881 1723 2937 qua
1759 2872 1976 2935 arrepta

397 2971 665 3026 obstetrix
714 2969 959 3038 alligavit
992 2967 1042 3020 ei
1097 2964 1386 3020 coccinum
1419 2963 1612 3017 dicens
1645 2980 1657 3015 :
1698 2958 1796 3014 llic
1828 2959 1978 3028 prior

397 3061 586 3117 exihit.
623 3060 727 3116 Sed
759 3060 905 3116 enim
937 3074 1001 3114 eo
1022 3057 1334 3112 retrahente
1358 3069 1601 3118 manum,
1637 3052 1820 3108 statim
1845 3050 1978 3106 exiit

397 3157 565 3208 frater
587 3153 727 3222 ejus.
758 3151 955 3220 Aitque
1007 3149 1242 3203 mulier:
1274 3147 1384 3203 Cur
1418 3145 1593 3201 divisa
1631 3151 1716 3200 est
1754 3151 1976 3213 propter

399 3257 453 3302 te
487 3246 758 3301 maceria?
805 3243 1051 3313 dixitque
1087 3257 1300 3297 nomen.
1322 3240 1445 3310 ejus
1497 3237 1722 3292 Phares.
1767 3235 1971 3290 Deinde

396 3353 654 3409 egressus
702 3347 784 3392 est
816 3337 982 3392 frater
1009 3335 1151 3404 ejus,
1186 3336 1240 3388 in
1261 3335 1420 3404 cujus
1449 3346 1612 3386 manu
1647 3337 1765 3383 erat
1787 3328 1970 3381 cocci-

397 3446 530 3486 num
565 3450 578 3484 :
621 3430 945 3499 vocavitque
994 3442 1191 3483 nomen
1225 3426 1351 3495 ejus
1406 3425 1601 3478 Zaram
1633 3422 1699 3476 ’⁸.
1732 3440 1750 3472 ι
1808 3419 1972 3474 Vides

397 3523 678 3597 generatio
707 3522 1094 3592 praedictorum
1147 3527 1348 3589 quanta
1407 3516 1705 3580 contineat,
1738 3517 1970 3585 quorum

398 3631 565 3672 causa
589 3615 781 3688 Opinor
813 3629 918 3668 non
950 3629 1074 3669 esse
1106 3611 1325 3668 silentio
1358 3625 1545 3680 pressa
1575 3624 1693 3679 quae
1724 3608 1862 3678 apud
1889 3608 1973 3660 iu-

400 3710 604 3781 clytum
638 3706 1028 3777 evangelistam
1060 3703 1444 3773 significantur
1474 3701 1544 3755 ab
1577 3700 1663 3754 his
1688 3697 1968 3769 mysteria.

399 3800 586 3870 Itaque
612 3814 769 3855 sacer
797 3796 1095 3867 Apostolus
1125 3793 1452 3849 vocabulum
1499 3791 1753 3846 maceriae
1804 3791 1972 3844 inter—

396 3902 618 3964 pretans
666 3892 741 3961 (et
785 3888 1006 3961 quidem
1048 3887 1281 3942 fortasse
1319 3900 1428 3956 quo
1477 3885 1600 3939 loco
1626 3883 1832 3938 dictum
1865 3889 1970 3948 est,

397 4001 497 4039 cur
527 3983 703 4038 divisa
730 3987 814 4037 est
847 3987 1070 4050 propter
1104 3987 1154 4032 te
1207 3975 1505 4044 maceria)?
1539 3975 1620 4029 sic
1650 3974 1726 4028 ait
1754 3975 1810 4027 in
1847 3971 1973 4042 Epi-

398 4076 539 4130 stola
570 4075 638 4128 ad
671 4072 937 4142 Ephesios
971 4089 985 4124 :
1029 4088 1048 4119 ι
1079 4069 1198 4138 lpse
1222 4068 1368 4122 enim
1395 4075 1480 4122 est
1510 4080 1614 4136 pax
1634 4073 1835 4129 vestra,
1879 4062 1970 4133 qui

398 4169 528 4222 fecit
575 4174 807 4232 utraque
835 4177 1026 4226 unum,
1056 4169 1110 4216 et
1139 4159 1378 4214 medium
1413 4157 1676 4228 parietem
1724 4154 1975 4210 maceria:

401 4259 640 4322 solvens,
670 4253 988 4309 inimicitias
1020 4253 1074 4306 in
1120 4266 1284 4306 carne
1325 4265 1446 4313 sua,
1479 4249 1652 4319 legem
1687 4246 1972 4301 mandato-

400 4367 524 4405 rum
559 4348 796 4404 decretis
829 4361 1126 4412 evacuans,
1163 4351 1221 4397 ut
1255 4343 1394 4398 duos
1421 4342 1622 4397 condat
1671 4341 1726 4394 in
1773 4349 1965 4396 semet-

399 4444 520 4513 ipso
551 4442 605 4495 in
638 4455 804 4494 unum
842 4453 1041 4494 novum
1079 4436 1386 4498 hominem;
1415 4443 1470 4490 et
1499 4433 1817 4490 reconciliet
1858 4446 1972 4487 am~

401 4536 501 4593 bos
529 4535 584 4591 in
616 4549 723 4600 uno
747 4547 974 4602 corpore
1007 4530 1118 4586 Deo
1133 4533 1200 4583 ”.
1241 4549 1259 4581 ›

471 4715 524 4768 4.
561 4711 680 4768 Jam
706 4726 834 4766 vero
859 4709 944 4765 his
987 4716 1221 4762 mentem
1267 4707 1574 4770 intendens,
1611 4708 1813 4762 videsis
1844 4721 1972 4760 num

401 4805 542 4859 forte
609 4803 845 4857 duorum
905 4799 1289 4870 praedictorum
1343 4798 1636 4867 conjuncta
1696 4799 1972 4861 nativitas,

403 4914 598 4969 nempe
629 4905 684 4952 et
713 4895 919 4950 Phares
950 4900 1172 4963 propter
1220 4907 1380 4960 quem
1438 4890 1580 4946 facta
1638 4900 1723 4946 est
1754 4891 1972 4955 divisio,

403 5003 457 5046 et
508 4990 709 5062 prioris
756 4989 847 5058 qui
889 5001 1108 5040 manum
1146 4984 1442 5054 protendit,
1496 4985 1768 5054 posterior
1793 4993 1974 5038 autem

403 5084 560 5148 exiit,
588 5080 856 5154 significet
887 5079 1119 5133 duarum
1152 5077 1388 5132 vitarum
1410 5090 1632 5148 genera,
1657 5078 1861 5147 quibus
1885 5077 1972 5131 usi

403 5183 530 5230 sunt
564 5174 641 5228 illi
672 5174 919 5228 homines
949 5171 1040 5240 qui
1067 5169 1233 5224 Deum
1257 5167 1472 5223 Patrem
1518 5169 1718 5223 habere
1763 5184 1977 5223 merue-

406 5275 561 5333 runt;
587 5265 784 5335 partim
817 5264 871 5316 in
916 5261 1230 5332 Evangelio,
1265 5261 1463 5331 partim
1504 5259 1559 5313 in
1589 5261 1703 5331 lege
1739 5261 1975 5316 Mosaica

406 5362 738 5416 victitantes.
768 5359 827 5412 ln
862 5358 946 5412 his
981 5355 1132 5425 prior
1163 5368 1382 5408 manum
1418 5353 1647 5422 protulit
1673 5354 1778 5407 vita
1811 5369 1978 5409 evan-

403 5455 608 5523 gelica;
637 5467 810 5522 neque
847 5458 1027 5504 tamen
1073 5448 1260 5502 eadem
1313 5447 1368 5500 in
1415 5446 1588 5500 lucem
1634 5447 1786 5518 prior
1813 5449 1977 5516 exiit;

406 5544 501 5600 sed
529 5557 694 5597 manu
730 5549 986 5603 retracta,
1034 5539 1156 5593 vita:
1211 5536 1484 5602 Mosaicae,
1541 5552 1662 5606 qua:
1709 5541 1981 5607 posterior

405 5639 542 5698 erat,
576 5631 816 5701 permisit
855 5630 1042 5699 prima:
1079 5627 1248 5684 exire.
1287 5625 1379 5682 Sic
1411 5627 1500 5682 illa
1527 5642 1646 5697 quae
1673 5629 1825 5698 prior
1840 5639 1976 5696 erat,

475 5809 520 5840 "
595 5807 730 5863 Gen.
767 5820 1002 5867 xxniu,
1042 5803 1228 5858 27-30.
1307 5806 1350 5836 ”
1392 5803 1588 5874 Ephes.
1631 5822 1704 5872 ιι,
1747 5807 1932 5862 14-16.

2073 1954 2276 2008 τούτων
2334 1955 2536 2027 μητρὸς
2581 1956 2800 2009 εἰπόντα
2842 1975 2860 2008 ι
2906 1958 3105 2022 Ἰούδας
3155 1959 3210 2012 δὲ
3249 1961 3504 2033 ἐγέννησε
3556 1962 3647 2015 τὸν

2072 2049 2222 2118 Ζαρᾶ
2252 2048 2314 2100 ἐκ
2336 2047 2433 2117 τῆς
2459 2047 2674 2120 Θάμαρο
2703 2069 2721 2099 ι
2753 2049 2840 2103 διὰ
2861 2050 2913 2102 τί
2946 2049 3054 2121 γὰρ
3085 2051 3183 2104 οὐκ
3199 2053 3440 2126 ἠρκέσθη
3459 2055 3646 2124 φάναι,

2086 2139 2283 2201 Ἰούδας
2328 2141 2583 2211 ἐγέννησε
2617 2142 2708 2194 τὸν
2736 2143 2939 2214 Φαρὲς,
2988 2145 3308 2214 παραλιπὼν
3339 2148 3428 2203 τὸν
3475 2152 3645 2222 Ζαρᾶ,

2072 2234 2209 2304 ὅπερ
2264 2233 2560 2303 πεποίηκεν
2609 2235 2702 2286 ἐπὶ
2742 2236 2836 2288 τοῦ
2895 2237 3123 2303 Ἰακώϐς
3178 2240 3340 2310 μόνου
3393 2243 3501 2315 γὰρ
3553 2245 3646 2298 τοῦ

2086 2323 2275 2378 Ἰακὼϐ
2304 2323 2580 2394 μνησθεὶς,
2616 2325 2908 2399 ἀποσιωπᾷ
2927 2329 3017 2382 τὸν
3057 2330 3245 2384 Ἠσαῦ.

2142 2414 2209 2484 γ’.
2250 2417 2579 2488 Προστίθησι
2612 2418 2666 2470 65
2690 2419 2783 2472 καὶ
2805 2419 2913 2473 ἀπὸ
2945 2421 3090 2486 τίνος
3128 2423 3354 2495 μητρὸς,
3387 2424 3559 2493 λέγων
3584 2428 3648 2478 ἐκ

2073 2509 2172 2577 τῆς
2198 2509 2411 2580 Θάμαρ,
2446 2511 2776 2580 παρακαλῶν
2811 2514 3205 2582 ἐπισκέψασθαι
3239 2517 3337 2589 τὴν
3369 2519 3496 2589 περὶ
3527 2520 3647 2571 τού-

2074 2619 2181 2653 των
2213 2602 2454 2673 ἱστορίαν
2474 2620 2488 2634 ·
2529 2603 2726 2674 γράφει
2748 2604 2879 2673 γοῦν
2908 2607 2936 2658 ό
2961 2607 3202 2678 Μωῦσῆς
3232 2610 3290 2662 ἐν
3330 2611 3395 2680 τῇ
3434 2610 3649 2663 Γενέσει

2075 2693 2275 2760 λέγων’
2312 2713 2329 2744 ι
2370 2693 2615 2760 Ἐγένετο
2651 2694 2706 2747 δὲ
2741 2695 2903 2766 ἡνίκα
2932 2695 3108 2750 ἔτικτε
3139 2697 3357 2770 Θάμαρ,
3388 2699 3482 2752 καὶ
3523 2699 3651 2771 τῇδε

2075 2781 2141 2856 ἦν
2170 2785 2367 2856 δίδυμα
2424 2786 2481 2837 ἐν
2512 2789 2577 2857 τῇ
2624 2789 2823 2858 γαστρὶ
2869 2789 3072 2858 αύτῆςο
3121 2791 3339 2859 ἐγένετο
3377 2791 3432 2846 δέ
3487 2794 3545 2846 ἐν
3572 2792 3652 2865 τῷ

2076 2879 2279 2931 τίκτειν
2307 2878 2494 2948 αὐτὴν,
2521 2881 2548 2931 ὁ
2573 2873 2652 2943 εἷς
2677 2879 3043 2951 προεξήνεγκε
3066 2883 3166 2954 τὴν
3200 2887 3356 2956 χεῖρα
3375 2901 3388 2914 °
3413 2884 3652 2940 λαϐοῦσα

2074 2963 2129 3016 δὲ
2164 2965 2196 3034 ἡ
2234 2965 2390 3035 μαῖα,
2427 2965 2616 3035 ἔδησεν
2664 2968 2755 3020 ἐπὶ
2805 2968 2902 3040 τὴν
2956 2974 3112 3040 χεῖρα
3165 2973 3329 3027 αὐτοῦ
3377 2975 3649 3039 κόκκινον,

2077 3055 2326 3123 λέγουσα,
2361 3053 2514 3122 οὗτος
2545 3059 2991 3130 προεξελεύσεται
3016 3064 3276 3135 πρότερος
3297 3083 3309 3095 ’
3337 3067 3410 3130 ὡς
3442 3068 3497 3120 δὲ
3526 3069 3649 3121 ἐπι-

2080 3150 2352 3219 συνήγαγε
2378 3149 2476 3220 τὴν
2506 3152 2680 3221 χεῖρα,
2713 3150 2872 3216 εὐθὺς
2896 3153 3114 3224 ἐξῆλθεν
3131 3156 3159 3208 ὁ
3185 3155 3408 3225 ἀδελφὸς
3441 3157 3605 3210 αὐτοῦ
3631 3176 3642 3186 ·

2075 3243 2106 3309 ἡ
2139 3240 2194 3292 δέ
2228 3237 2380 3293 εἶπεν
2403 3257 2416 3270 ·
2448 3242 2500 3293 τί
2531 3241 2754 3313 διεκόπη
2786 3242 2874 3296 διὰ
2902 3245 2958 3296 σὲ
2994 3247 3278 3317 φραγμὸςς
3302 3249 3396 3300 καί⁸
3419 3247 3648 3302 ἐκάλεσε

2073 3332 2134 3384 τὸ
2178 3333 2346 3402 ὄνομα
2379 3333 2541 3386 αὐτοῦ
2576 3335 2781 3406 Φαρές·
2814 3338 2906 3389 καὶ
2956 3338 3091 3407 μετὰ
3136 3338 3294 3390 τοῦτο
3345 3339 3569 3408 ἐξῆλθεν
3620 3342 3653 3395 ὁ

2073 3424 2301 3493 ἀδελφὸς
2332 3425 2517 3488 αὑτοῦ,
2550 3425 2634 3495 ἐφ’
2669 3419 2712 3493 ᾧ
2737 3428 2828 3479 ἐπὶ
2865 3430 2930 3499 τῇ
2965 3430 3108 3499 χειρὶ
3152 3429 3317 3483 αὑτοῦ
3363 3431 3648 3485 κόκκινον·

2075 3519 2167 3570 καὶ
2201 3517 2424 3571 ἐκάλεσε
2444 3518 2504 3570 τὸ
2530 3518 2699 3590 ὄνομα
2732 3519 2893 3573 αὑτοῦ
2921 3522 3122 3592 Ζαρᾶ.»
3159 3521 3320 3592 Ὁρᾷς
3347 3523 3518 3578 ὁπόσα
3545 3524 3656 3578 τῶν

2074 3609 2376 3680 εἰρημένων
2409 3613 2441 3681 ἡ
2473 3610 2685 3679 γένεσις
2711 3613 2988 3683 περιέχει;
3017 3608 3090 3668 ὧν
3121 3613 3281 3668 ἕνεκα
3306 3615 3546 3686 ἡγοῦμαι
3578 3616 3653 3687 μὴ

2074 3703 2600 3774 παρασεσιωπῆσθαι
2655 3704 2720 3758 τά
2754 3706 2904 3777 παρά
2957 3706 3035 3778 τῷ
3091 3708 3379 3779 θαυμασίῳ
3425 3711 3652 3778 εὐαγγε-

2073 3795 2226 3868 λιστῇ
2258 3797 2325 3850 τὰ
2367 3798 2424 3851 ἐν
2457 3797 2666 3864 τούτοις
2719 3800 3043 3871 αἰνίγματα’
3091 3801 3255 3872 φησὶν
3299 3797 3390 3855 οῦν
3425 3805 3452 3856 ό
3507 3801 3651 3875 ἰερὸς

2087 3889 2396 3954 Ἀπόστολος
2422 3890 2790 3963 διερμηνεύων
2823 3892 2892 3946 τὰ
2923 3895 3052 3964 περὶ
3083 3893 3175 3946 τοῦ
3207 3894 3459 3966 φραγμοῦ
3490 3895 3652 3966 (τάχα

2075 3997 2176 4032 που
2209 3983 2335 4054 περὶ
2368 3974 2428 4035 οὗ
2475 3982 2724 4054 εἴρηται,
2760 3984 2811 4036 τί
2855 3985 3077 4055 διεκόπη
3127 3985 3214 4039 διὰ
3272 3987 3331 4040 σέ
3365 3987 3649 4058 φραγμὺς)

2072 4065 2174 4126 ὧδέ
2211 4089 2325 4136 πως
2357 4075 2415 4127 ἐν
2447 4077 2512 4145 τῇ
2557 4073 2695 4146 πρὸς
2753 4075 3033 4144 Ἐφεσίους
3075 4075 3394 4147 Ἐπιστολῇ·
3435 4096 3452 4127 ι
3480 4077 3651 4140 Αὐτὸς

2073 4163 2182 4234 γάρ
2205 4164 2350 4217 ἐστιν
2376 4167 2408 4236 ή
2442 4166 2632 4236 εἰρήνη
2668 4165 2841 4235 ὑμῶν,
2872 4167 3102 4237 ποιήσας
3134 4165 3201 4218 τὰ
3245 4166 3528 4238 ἀμφότερα
3559 4167 3646 4219 ἐν·

2075 4256 2166 4310 καὶ
2188 4256 2247 4307 τὸ
2274 4255 2586 4326 μεσότοιχον
2610 4254 2705 4310 τοῦ
2739 4257 2994 4329 φραγμοῦ
3021 4256 3206 4320 λύσας,
3235 4258 3335 4328 τὴν
3365 4257 3562 4328 ἔχθραν
3593 4259 3651 4310 ἐν

2073 4350 2137 4418 τῇ
2173 4348 2337 4419 σαρκὶ
2371 4347 2532 4400 αὑτοῦ
2556 4387 2569 4410 ,
2602 4348 2691 4400 τὸν
2731 4349 2892 4419 νόμον
2925 4348 3031 4401 τῶν
3070 4347 3296 4400 ἐντολῶν
3323 4349 3379 4400 ἐν
3420 4348 3650 4418 δόγμασι

2075 4440 2448 4510 καταργήσας,
2485 4440 2570 4492 ἵνα
2615 4439 2739 4502 τοὺς
2785 4439 2878 4493 δύο
2917 4440 3076 4511 κτίσῃ
3124 4440 3180 4492 ὲν
3211 4437 3389 4508 ἐαυτῷ
3436 4441 3514 4500 εἰς
3559 4439 3652 4492 ἕνα

2007 4536 2047 4588 D
2078 4531 2261 4584 καινὸν
2293 4531 2599 4602 ἄνθρωπον,
2627 4534 2719 4584 καὶ
2753 4531 3034 4603 ἀπαλλάξῃ
3068 4531 3192 4595 τοὺς
3220 4530 3560 4603 ἀμφοτέρους
3595 4532 3654 4583 ἐν

2084 4624 2163 4675 ἐνὶ
2191 4622 2400 4692 σώματι
2423 4623 2500 4694 τῷ
2528 4623 2664 4694 Θεῷ.
2699 4643 2717 4676 ι

2151 4714 2212 4768 δ’.
2256 4715 2478 4780 Τούτοις
2531 4713 2624 4770 οὖν
2661 4717 2759 4790 τὴν
2803 4718 3038 4772 διάνοιαν
3071 4719 3390 4789 ἐπιστήσας,
3423 4717 3517 4771 θέα
3555 4717 3657 4789 μή-

2084 4826 2210 4862 ποτε
2236 4812 2268 4880 ἡ
2297 4809 2405 4861 τῶν
2437 4809 2580 4862 δυοῖν
2630 4811 2737 4862 τῶν
2780 4811 3082 4882 εἰρημένων
3136 4810 3234 4881 μία
3275 4811 3507 4878 γένεσις,
3537 4811 3571 4881 ἦ
3595 4826 3656 4863 τε

2083 4901 2176 4954 τοῦ
2201 4902 2376 4972 Φαρὲς
2395 4902 2462 4956 δι’
2495 4902 2551 4955 ὃν
2582 4903 2805 4974 διεκόπη
2834 4904 3104 4976 φραγμὸς,
3136 4905 3230 4956 καὶ
3257 4906 3290 4974 ἡ
3314 4903 3405 4955 τοῦ
3439 4903 3655 4974 πρώτου

2089 4995 2184 5063 μὲν
2217 4995 2314 5066 τὴν
2349 4998 2507 5067 χεῖρα
2546 4996 2958 5068 προϐάλλοντος,
2987 4996 3240 5067 δευτέρου
3267 4996 3322 5049 δὲ
3370 4995 3657 5066 προελθόν-

2083 5103 2192 5149 τος,
2218 5087 2510 5141 αἰνίττεται
2539 5088 2632 5141 δύο
2671 5087 2799 5159 βίων
2828 5089 3060 5160 τρόπους
3082 5087 3189 5140 τῶν
3210 5088 3529 5158 ἠξιωμένων
3558 5087 3656 5155 τῆς

2084 5178 2234 5249 παρὰ
2266 5178 2342 5250 τῷ
2374 5179 2494 5250 Θεῷ
2514 5183 2819 5252 γεννήσεως
2839 5200 2850 5210 ·
2878 5177 2951 5235 ὦν
2979 5185 3007 5236 ὁ
3042 5181 3139 5252 μὲν
3171 5181 3310 5234 κατά
3339 5181 3400 5232 τὸ
3420 5179 3655 5246 Εὐαγγέ-

2082 5267 2216 5330 λιον,
2240 5270 2268 5321 ὁ
2289 5269 2343 5321 δὲ
2367 5270 2508 5323 κατὰ
2536 5272 2627 5324 τὸν
2643 5273 2920 5337 Μωῦσέως
2943 5273 3150 5341 ὑπέστη
3185 5273 3346 5341 νόμον
3367 5288 3379 5300 ·
3401 5270 3534 5323 ἀλλὰ
3553 5269 3658 5337 γὰρ

2082 5358 2283 5412 τούτων
2315 5361 2525 5432 πρῶτος
2557 5364 2656 5432 μὲν
2683 5363 2780 5434 τὴν
2802 5367 2959 5436 χεῖρα
3005 5361 3342 5434 προϐέϐλητο
3367 5365 3395 5415 ό
3433 5360 3574 5414 κατὰ
3600 5360 3660 5412 τὸ

2083 5451 2444 5520 Εὑαγγέλιον·
2495 5455 2554 5507 οὐ
2591 5455 2695 5526 μὴν
2729 5458 2822 5509 καὶ
2867 5456 3081 5528 πρῶτος
3104 5455 3352 5527 πρόεισιν
3392 5455 3470 5516 εἰς
3505 5451 3617 5520 φῶς
3643 5469 3657 5484 ο

2084 5546 2403 5612 ὑποστείλας
2428 5548 2484 5601 65
2528 5550 2625 5620 τὴν
2663 5552 2840 5622 χεῖρα,
2868 5550 2946 5622 τῷ
2988 5550 3127 5606 κατὰ
3175 5549 3382 5618 Μωῦσῆ
3426 5545 3665 5622 δευτέρῳ

2089 5638 2218 5689 ἰόντι
2252 5639 2532 5708 προελθεῖν
2567 5642 2852 5710 ἐπιτρέπει
2894 5642 3121 5714 πρώτῳ·
3165 5635 3264 5692 εἶθ’
3305 5639 3476 5704 οὕτως
3503 5636 3664 5701 αὐτὸς
