  <div class='ocr_page' id='page_1' title='image "/cluster/home/n/w/nwhite01/storage/ocr_20150623/22:no.4/coo.31924054873025/469.png"; bbox 0 0 4112 6464; ppageno 0'>
   <div class='ocr_carea' id='block_1_1' title="bbox 416 446 535 511">
    <p class='ocr_par' dir='ltr' id='par_1_1' title="bbox 416 446 535 511">
     <span class='ocr_line' id='line_1_1' title="bbox 416 446 535 511; baseline -0.008 0"><span class='ocrx_word' id='word_1_1' title='bbox 416 446 535 511; x_wconf 57' lang='grc'><strong>911</strong></span> 
     </span>
    </p>
   </div>
   <div class='ocr_carea' id='block_1_2' title="bbox 1067 448 2918 509">
    <p class='ocr_par' dir='ltr' id='par_1_2' title="bbox 1067 448 2918 509">
     <span class='ocr_line' id='line_1_2' title="bbox 1067 448 2918 509; baseline -0.001 -1"><span class='ocrx_word' id='word_1_2' title='bbox 1067 453 1333 509; x_wconf 82' lang='lat' dir='ltr'><strong>EUSEBII</strong></span> <span class='ocrx_word' id='word_1_3' title='bbox 1372 452 1840 509; x_wconf 64' lang='lat' dir='ltr'><strong>CESARIENSIS</strong></span> <span class='ocrx_word' id='word_1_4' title='bbox 1876 452 2026 509; x_wconf 83' lang='lat' dir='ltr'><strong>OPP.</strong></span> <span class='ocrx_word' id='word_1_5' title='bbox 2067 450 2245 507; x_wconf 76' lang='lat' dir='ltr'><strong>PARS</strong></span> <span class='ocrx_word' id='word_1_6' title='bbox 2278 451 2365 507; x_wconf 79' lang='grc' dir='ltr'>ιιι.</span> <span class='ocrx_word' id='word_1_7' title='bbox 2404 482 2473 493; x_wconf 89' lang='lat'><strong>-——</strong></span> <span class='ocrx_word' id='word_1_8' title='bbox 2512 448 2918 506; x_wconf 78' lang='lat' dir='ltr'><strong>EXEGETICA.</strong></span> 
     </span>
    </p>
   </div>
   <div class='ocr_carea' id='block_1_3' title="bbox 3553 451 3659 506">
    <p class='ocr_par' dir='ltr' id='par_1_3' title="bbox 3553 451 3659 506">
     <span class='ocr_line' id='line_1_3' title="bbox 3553 451 3659 506; baseline -0.009 0"><span class='ocrx_word' id='word_1_9' title='bbox 3553 451 3659 506; x_wconf 71' lang='lat'><strong>9|!</strong></span> 
     </span>
    </p>
   </div>
   <div class='ocr_carea' id='block_1_4' title="bbox 509 564 1976 641">
    <p class='ocr_par' dir='ltr' id='par_1_4' title="bbox 509 568 1976 641">
     <span class='ocr_line' id='line_1_4' title="bbox 509 568 1976 641; baseline -0.003 -17"><span class='ocrx_word' id='word_1_10' title='bbox 509 571 561 624; x_wconf 86' lang='lat'><strong>7.</strong></span> <span class='ocrx_word' id='word_1_11' title='bbox 593 569 737 626; x_wconf 89' lang='lat' dir='ltr'><strong>Deus</strong></span> <span class='ocrx_word' id='word_1_12' title='bbox 785 569 971 641; x_wconf 85' lang='lat' dir='ltr'><strong>igitur,</strong></span> <span class='ocrx_word' id='word_1_13' title='bbox 1006 577 1065 623; x_wconf 90' lang='lat' dir='ltr'><strong>ut</strong></span> <span class='ocrx_word' id='word_1_14' title='bbox 1114 570 1169 623; x_wconf 92' lang='lat' dir='ltr'><strong>in</strong></span> <span class='ocrx_word' id='word_1_15' title='bbox 1218 568 1537 639; x_wconf 78' lang='lat' dir='ltr'><strong>Evangelica</strong></span> <span class='ocrx_word' id='word_1_16' title='bbox 1587 568 1976 623; x_wconf 77' lang='lat' dir='ltr'><strong>demonstratio-</strong></span> 
     </span>
    </p>
   </div>
   <div class='ocr_carea' id='block_1_5' title="bbox 2080 564 3660 641">
    <p class='ocr_par' dir='ltr' id='par_1_5' title="bbox 2164 564 3660 638">
     <span class='ocr_line' id='line_1_5' title="bbox 2164 564 3660 638; baseline 0 -20"><span class='ocrx_word' id='word_1_17' title='bbox 2164 565 2228 630; x_wconf 80' lang='grc' dir='ltr'><strong>ζ’.</strong></span> <span class='ocrx_word' id='word_1_18' title='bbox 2275 567 2483 638; x_wconf 82' lang='grc' dir='ltr'>’Ὠσπερ</span> <span class='ocrx_word' id='word_1_19' title='bbox 2519 564 2612 619; x_wconf 72' lang='grc' dir='ltr'><strong>οὖν</strong></span> <span class='ocrx_word' id='word_1_20' title='bbox 2670 567 3075 637; x_wconf 84' lang='grc' dir='ltr'>συνεστήσαμεν</span> <span class='ocrx_word' id='word_1_21' title='bbox 3127 567 3184 620; x_wconf 76' lang='grc' dir='ltr'><strong>ἐν</strong></span> <span class='ocrx_word' id='word_1_22' title='bbox 3232 566 3351 628; x_wconf 87' lang='grc' dir='ltr'>ταῖς</span> <span class='ocrx_word' id='word_1_23' title='bbox 3402 565 3660 636; x_wconf 62' lang='lat' dir='ltr'><strong>Edam-</strong></span> 
     </span>
    </p>
   </div>
   <div class='ocr_carea' id='block_1_6' title="bbox 436 659 1989 731">
    <p class='ocr_par' dir='ltr' id='par_1_6' title="bbox 436 659 1989 731">
     <span class='ocr_line' id='line_1_6' title="bbox 436 659 1989 731; baseline 0 -14"><span class='ocrx_word' id='word_1_24' title='bbox 436 677 500 717; x_wconf 83' lang='lat' dir='ltr'><strong>ne</strong></span> <span class='ocrx_word' id='word_1_25' title='bbox 530 659 642 731; x_wconf 72' lang='lat'><strong>(16)</strong></span> <span class='ocrx_word' id='word_1_26' title='bbox 670 659 782 729; x_wconf 88' lang='lat' dir='ltr'><strong>jam</strong></span> <span class='ocrx_word' id='word_1_27' title='bbox 807 659 1166 723; x_wconf 88' lang='lat' dir='ltr'><strong>asseruimus,</strong></span> <span class='ocrx_word' id='word_1_28' title='bbox 1194 660 1560 730; x_wconf 88' lang='lat' dir='ltr'><strong>evangelicam</strong></span> <span class='ocrx_word' id='word_1_29' title='bbox 1591 661 1758 715; x_wconf 88' lang='lat' dir='ltr'><strong>vitam</strong></span> <span class='ocrx_word' id='word_1_30' title='bbox 1780 663 1989 717; x_wconf 84' lang='lat' dir='ltr'><strong>eunetis</strong></span> 
     </span>
    </p>
   </div>
   <div class='ocr_carea' id='block_1_7' title="bbox 434 738 1992 823">
    <p class='ocr_par' dir='ltr' id='par_1_7' title="bbox 434 738 1992 823">
     <span class='ocr_line' id='line_1_7' title="bbox 434 738 1992 823; baseline 0.001 -18"><span class='ocrx_word' id='word_1_31' title='bbox 434 752 742 823; x_wconf 83' lang='lat' dir='ltr'><strong>proposuit,</strong></span> <span class='ocrx_word' id='word_1_32' title='bbox 769 738 845 804; x_wconf 73' lang='lat' dir='ltr'><strong>ita</strong></span> <span class='ocrx_word' id='word_1_33' title='bbox 874 758 933 803; x_wconf 91' lang='lat' dir='ltr'><strong>ut</strong></span> <span class='ocrx_word' id='word_1_34' title='bbox 968 750 1349 820; x_wconf 88' lang='lat' dir='ltr'><strong>primigenium</strong></span> <span class='ocrx_word' id='word_1_35' title='bbox 1405 751 1539 805; x_wconf 92' lang='lat' dir='ltr'><strong>illud</strong></span> <span class='ocrx_word' id='word_1_36' title='bbox 1584 751 1866 822; x_wconf 73' lang='lat' dir='ltr'><strong>religionis</strong></span> <span class='ocrx_word' id='word_1_37' title='bbox 1903 768 1992 822; x_wconf 82' lang='lat' dir='ltr'><strong>ge-</strong></span> 
     </span>
    </p>
   </div>
   <div class='ocr_carea' id='block_1_8' title="bbox 434 840 1992 915">
    <p class='ocr_par' dir='ltr' id='par_1_8' title="bbox 434 840 1992 915">
     <span class='ocr_line' id='line_1_8' title="bbox 434 840 1992 915; baseline 0.002 -19"><span class='ocrx_word' id='word_1_38' title='bbox 434 857 539 896; x_wconf 90' lang='lat' dir='ltr'><strong>nus</strong></span> <span class='ocrx_word' id='word_1_39' title='bbox 566 840 860 911; x_wconf 74' lang='lat' dir='ltr'><strong>perfectam</strong></span> <span class='ocrx_word' id='word_1_40' title='bbox 905 850 1068 912; x_wconf 84' lang='lat' dir='ltr'><strong>atque</strong></span> <span class='ocrx_word' id='word_1_41' title='bbox 1103 842 1453 898; x_wconf 76' lang='lat' dir='ltr'><strong>illustriorem</strong></span> <span class='ocrx_word' id='word_1_42' title='bbox 1499 844 1763 915; x_wconf 84' lang='lat' dir='ltr'><strong>originem</strong></span> <span class='ocrx_word' id='word_1_43' title='bbox 1806 844 1992 900; x_wconf 83' lang='lat' dir='ltr'><strong>redde-</strong></span> 
     </span>
    </p>
   </div>
   <div class='ocr_carea' id='block_1_9' title="bbox 433 934 1985 1006">
    <p class='ocr_par' dir='ltr' id='par_1_9' title="bbox 433 934 1985 1006">
     <span class='ocr_line' id='line_1_9' title="bbox 433 934 1985 1006; baseline 0.002 -17"><span class='ocrx_word' id='word_1_44' title='bbox 433 941 536 999; x_wconf 89' lang='lat' dir='ltr'><strong>ret,</strong></span> <span class='ocrx_word' id='word_1_45' title='bbox 571 934 701 988; x_wconf 91' lang='lat' dir='ltr'><strong>dum</strong></span> <span class='ocrx_word' id='word_1_46' title='bbox 730 949 892 989; x_wconf 85' lang='lat' dir='ltr'><strong>manu</strong></span> <span class='ocrx_word' id='word_1_47' title='bbox 927 936 1143 1005; x_wconf 68' lang='lat' dir='ltr'><strong>praefert</strong></span> <span class='ocrx_word' id='word_1_48' title='bbox 1180 935 1549 990; x_wconf 89' lang='lat' dir='ltr'><strong>testimonium</strong></span> <span class='ocrx_word' id='word_1_49' title='bbox 1589 937 1855 1006; x_wconf 77' lang='lat' dir='ltr'><strong>primatus</strong></span> <span class='ocrx_word' id='word_1_50' title='bbox 1881 938 1985 991; x_wconf 89' lang='lat' dir='ltr'><strong>sui.</strong></span> 
     </span>
    </p>
   </div>
   <div class='ocr_carea' id='block_1_10' title="bbox 432 1022 1989 1097">
    <p class='ocr_par' dir='ltr' id='par_1_10' title="bbox 432 1022 1989 1097">
     <span class='ocr_line' id='line_1_10' title="bbox 432 1022 1989 1097; baseline 0.003 -19"><span class='ocrx_word' id='word_1_51' title='bbox 432 1022 794 1090; x_wconf 83' lang='lat' dir='ltr'><strong>Quamobrem</strong></span> <span class='ocrx_word' id='word_1_52' title='bbox 824 1025 934 1079; x_wconf 90' lang='lat' dir='ltr'><strong>vita</strong></span> <span class='ocrx_word' id='word_1_53' title='bbox 977 1041 1073 1095; x_wconf 91' lang='lat' dir='ltr'><strong>per</strong></span> <span class='ocrx_word' id='word_1_54' title='bbox 1097 1026 1337 1081; x_wconf 87' lang='lat' dir='ltr'><strong>salutare</strong></span> <span class='ocrx_word' id='word_1_55' title='bbox 1378 1025 1728 1097; x_wconf 88' lang='lat' dir='ltr'><strong>Evangelium</strong></span> <span class='ocrx_word' id='word_1_56' title='bbox 1776 1028 1989 1082; x_wconf 88' lang='lat' dir='ltr'><strong>cunctis</strong></span> 
     </span>
    </p>
   </div>
   <div class='ocr_carea' id='block_1_11' title="bbox 2087 656 3658 728">
    <p class='ocr_par' dir='ltr' id='par_1_11' title="bbox 2087 656 3658 728">
     <span class='ocr_line' id='line_1_11' title="bbox 2087 656 3658 728; baseline -0.001 -18"><span class='ocrx_word' id='word_1_57' title='bbox 2087 656 2285 723; x_wconf 76' lang='grc' dir='ltr'>λικαῖς</span> <span class='ocrx_word' id='word_1_58' title='bbox 2329 657 2672 721; x_wconf 78' lang='grc' dir='ltr'><strong>ἀποδείξεσι</strong></span> <span class='ocrx_word' id='word_1_59' title='bbox 2692 696 2706 721; x_wconf 91' lang='grc'><strong>,</strong></span> <span class='ocrx_word' id='word_1_60' title='bbox 2755 659 2854 728; x_wconf 86' lang='grc' dir='ltr'><strong>τὴν</strong></span> <span class='ocrx_word' id='word_1_61' title='bbox 2883 659 3023 712; x_wconf 75' lang='grc' dir='ltr'>κατὰ</span> <span class='ocrx_word' id='word_1_62' title='bbox 3072 658 3131 711; x_wconf 75' lang='grc' dir='ltr'><strong>τὸ</strong></span> <span class='ocrx_word' id='word_1_63' title='bbox 3184 656 3514 726; x_wconf 83' lang='grc' dir='ltr'>Εὐαγγέλιον</span> <span class='ocrx_word' id='word_1_64' title='bbox 3545 660 3658 722; x_wconf 79' lang='grc' dir='ltr'>τοῖς</span> 
     </span>
    </p>
   </div>
   <div class='ocr_carea' id='block_1_12' title="bbox 2090 750 3659 824">
    <p class='ocr_par' dir='ltr' id='par_1_12' title="bbox 2090 750 3659 824">
     <span class='ocr_line' id='line_1_12' title="bbox 2090 750 3659 824; baseline 0.003 -22"><span class='ocrx_word' id='word_1_65' title='bbox 2090 752 2223 804; x_wconf 84' lang='grc' dir='ltr'>πᾶσι</span> <span class='ocrx_word' id='word_1_66' title='bbox 2266 750 2595 822; x_wconf 77' lang='grc' dir='ltr'>προεϐάλετο</span> <span class='ocrx_word' id='word_1_67' title='bbox 2640 753 2914 806; x_wconf 80' lang='grc' dir='ltr'><strong>πολιτείαν</strong></span> <span class='ocrx_word' id='word_1_68' title='bbox 2937 790 2952 817; x_wconf 89' lang='grc'><strong>,</strong></span> <span class='ocrx_word' id='word_1_69' title='bbox 2988 752 3079 805; x_wconf 90' lang='grc' dir='ltr'><strong>τοῦ</strong></span> <span class='ocrx_word' id='word_1_70' title='bbox 3131 750 3346 824; x_wconf 79' lang='grc' dir='ltr'>πρώτου</span> <span class='ocrx_word' id='word_1_71' title='bbox 3377 753 3473 824; x_wconf 83' lang='grc' dir='ltr'>τῆς</span> <span class='ocrx_word' id='word_1_72' title='bbox 3505 753 3659 807; x_wconf 85' lang='grc' dir='ltr'>εὐσε-</span> 
     </span>
    </p>
   </div>
   <div class='ocr_carea' id='block_1_13' title="bbox 2089 843 3654 916">
    <p class='ocr_par' dir='ltr' id='par_1_13' title="bbox 2089 843 3654 916">
     <span class='ocr_line' id='line_1_13' title="bbox 2089 843 3654 916; baseline 0.003 -21"><span class='ocrx_word' id='word_1_73' title='bbox 2089 843 2240 906; x_wconf 76' lang='grc' dir='ltr'>ϐείας</span> <span class='ocrx_word' id='word_1_74' title='bbox 2267 844 2464 915; x_wconf 85' lang='grc' dir='ltr'>τρόπου</span> <span class='ocrx_word' id='word_1_75' title='bbox 2509 846 2719 899; x_wconf 79' lang='grc' dir='ltr'>τελείαν</span> <span class='ocrx_word' id='word_1_76' title='bbox 2764 845 2859 898; x_wconf 76' lang='grc' dir='ltr'><strong>καὶ</strong></span> <span class='ocrx_word' id='word_1_77' title='bbox 2892 845 3273 915; x_wconf 76' lang='grc' dir='ltr'><strong>λαμπροτέραν</strong></span> <span class='ocrx_word' id='word_1_78' title='bbox 3314 846 3414 916; x_wconf 83' lang='grc' dir='ltr'>τὴν</span> <span class='ocrx_word' id='word_1_79' title='bbox 3446 847 3654 914; x_wconf 75' lang='grc' dir='ltr'>γένεσιν</span> 
     </span>
    </p>
   </div>
   <div class='ocr_carea' id='block_1_14' title="bbox 2089 934 3656 1006">
    <p class='ocr_par' dir='ltr' id='par_1_14' title="bbox 2089 934 3656 1006">
     <span class='ocr_line' id='line_1_14' title="bbox 2089 934 3656 1006; baseline 0.001 -18"><span class='ocrx_word' id='word_1_80' title='bbox 2089 934 2488 1004; x_wconf 76' lang='grc' dir='ltr'>πεποιημένου,</span> <span class='ocrx_word' id='word_1_81' title='bbox 2544 935 2679 1005; x_wconf 80' lang='grc' dir='ltr'>μετὰ</span> <span class='ocrx_word' id='word_1_82' title='bbox 2729 936 2821 989; x_wconf 88' lang='grc' dir='ltr'><strong>τοῦ</strong></span> <span class='ocrx_word' id='word_1_83' title='bbox 2864 938 2928 1006; x_wconf 84' lang='grc' dir='ltr'>τῇ</span> <span class='ocrx_word' id='word_1_84' title='bbox 2962 934 3102 1005; x_wconf 76' lang='grc' dir='ltr'>χειρὶ</span> <span class='ocrx_word' id='word_1_85' title='bbox 3145 936 3541 1004; x_wconf 84' lang='grc' dir='ltr'>συνεπάγεσθαι</span> <span class='ocrx_word' id='word_1_86' title='bbox 3595 937 3656 989; x_wconf 85' lang='grc' dir='ltr'>τὺ</span> 
     </span>
    </p>
   </div>
   <div class='ocr_carea' id='block_1_15' title="bbox 2090 1024 3658 1097">
    <p class='ocr_par' dir='ltr' id='par_1_15' title="bbox 2090 1024 3658 1097">
     <span class='ocr_line' id='line_1_15' title="bbox 2090 1024 3658 1097; baseline 0.004 -21"><span class='ocrx_word' id='word_1_87' title='bbox 2090 1024 2385 1097; x_wconf 84' lang='grc' dir='ltr'>μαρτύριον</span> <span class='ocrx_word' id='word_1_88' title='bbox 2412 1025 2505 1078; x_wconf 90' lang='grc' dir='ltr'><strong>τοῦ</strong></span> <span class='ocrx_word' id='word_1_89' title='bbox 2554 1025 2763 1097; x_wconf 83' lang='grc' dir='ltr'>πρῶτον</span> <span class='ocrx_word' id='word_1_90' title='bbox 2794 1027 2954 1080; x_wconf 80' lang='grc' dir='ltr'>αὐτὸν</span> <span class='ocrx_word' id='word_1_91' title='bbox 2983 1027 3260 1095; x_wconf 87' lang='grc' dir='ltr'>γεγονέναι</span> <span class='ocrx_word' id='word_1_92' title='bbox 3282 1043 3295 1057; x_wconf 73' lang='grc'><strong><em>⁸</em></strong></span> <span class='ocrx_word' id='word_1_93' title='bbox 3332 1028 3360 1081; x_wconf 84' lang='lat'><strong>6</strong></span> <span class='ocrx_word' id='word_1_94' title='bbox 3405 1026 3535 1095; x_wconf 86' lang='grc' dir='ltr'>γοῦν</span> <span class='ocrx_word' id='word_1_95' title='bbox 3567 1027 3658 1083; x_wconf 77' lang='grc' dir='ltr'><strong>διὰ</strong></span> 
     </span>
    </p>
   </div>
   <div class='ocr_carea' id='block_1_16' title="bbox 430 1115 1976 1190">
    <p class='ocr_par' dir='ltr' id='par_1_16' title="bbox 430 1117 1976 1190">
     <span class='ocr_line' id='line_1_16' title="bbox 430 1117 1976 1190; baseline 0.002 -18"><span class='ocrx_word' id='word_1_96' title='bbox 430 1117 682 1188; x_wconf 74' lang='lat' dir='ltr'><strong>gentibus</strong></span> <span class='ocrx_word' id='word_1_97' title='bbox 719 1118 939 1181; x_wconf 86' lang='lat' dir='ltr'><strong>tradita,</strong></span> <span class='ocrx_word' id='word_1_98' title='bbox 972 1118 1159 1174; x_wconf 89' lang='lat' dir='ltr'><strong>eadem</strong></span> <span class='ocrx_word' id='word_1_99' title='bbox 1213 1125 1332 1173; x_wconf 88' lang='lat' dir='ltr'><strong>erat</strong></span> <span class='ocrx_word' id='word_1_100' title='bbox 1378 1125 1543 1188; x_wconf 86' lang='lat' dir='ltr'><strong>atque</strong></span> <span class='ocrx_word' id='word_1_101' title='bbox 1584 1120 1677 1173; x_wconf 91' lang='lat' dir='ltr'><strong>illa</strong></span> <span class='ocrx_word' id='word_1_102' title='bbox 1715 1136 1835 1190; x_wconf 79' lang='lat' dir='ltr'><strong>quae</strong></span> <span class='ocrx_word' id='word_1_103' title='bbox 1866 1131 1976 1176; x_wconf 67' lang='lat' dir='ltr'><strong>ante</strong></span> 
     </span>
    </p>
   </div>
   <div class='ocr_carea' id='block_1_17' title="bbox 2080 1115 3657 1190">
    <p class='ocr_par' dir='ltr' id='par_1_17' title="bbox 2083 1115 3657 1190">
     <span class='ocr_line' id='line_1_17' title="bbox 2083 1115 3657 1190; baseline 0.004 -22"><span class='ocrx_word' id='word_1_104' title='bbox 2083 1115 2179 1168; x_wconf 84' lang='grc' dir='ltr'><strong>τοῦ</strong></span> <span class='ocrx_word' id='word_1_105' title='bbox 2208 1115 2470 1188; x_wconf 82' lang='grc' dir='ltr'>σωτηρίου</span> <span class='ocrx_word' id='word_1_106' title='bbox 2504 1117 2830 1185; x_wconf 80' lang='grc' dir='ltr'>Εὐαγγελίου</span> <span class='ocrx_word' id='word_1_107' title='bbox 2876 1120 3009 1171; x_wconf 84' lang='grc' dir='ltr'>πᾶσι</span> <span class='ocrx_word' id='word_1_108' title='bbox 3053 1120 3164 1181; x_wconf 85' lang='grc' dir='ltr'>τοῖς</span> <span class='ocrx_word' id='word_1_109' title='bbox 3211 1117 3387 1171; x_wconf 78' lang='grc' dir='ltr'>ἔθνεσι</span> <span class='ocrx_word' id='word_1_110' title='bbox 3421 1120 3657 1190; x_wconf 85' lang='grc' dir='ltr'>παραδο-</span> 
     </span>
    </p>
   </div>
   <div class='ocr_carea' id='block_1_18' title="bbox 388 1208 1988 1282">
    <p class='ocr_par' dir='ltr' id='par_1_18' title="bbox 388 1208 1988 1282">
     <span class='ocr_line' id='line_1_18' title="bbox 388 1208 1988 1282; baseline 0.004 -21"><span class='ocrx_word' id='word_1_111' title='bbox 388 1253 397 1261; x_wconf 96' lang='grc'><strong><em>.</em></strong></span> <span class='ocrx_word' id='word_1_112' title='bbox 430 1208 670 1281; x_wconf 76' lang='lat' dir='ltr'><strong>Moysem</strong></span> <span class='ocrx_word' id='word_1_113' title='bbox 700 1224 920 1265; x_wconf 86' lang='lat' dir='ltr'><strong>manum</strong></span> <span class='ocrx_word' id='word_1_114' title='bbox 967 1212 1314 1281; x_wconf 82' lang='lat' dir='ltr'><strong>protenderat</strong></span> <span class='ocrx_word' id='word_1_115' title='bbox 1348 1230 1362 1267; x_wconf 89' lang='lat'><strong>:</strong></span> <span class='ocrx_word' id='word_1_116' title='bbox 1389 1213 1547 1282; x_wconf 90' lang='lat' dir='ltr'><strong>cujus</strong></span> <span class='ocrx_word' id='word_1_117' title='bbox 1571 1213 1695 1267; x_wconf 79' lang='lat' dir='ltr'><strong>vitae</strong></span> <span class='ocrx_word' id='word_1_118' title='bbox 1725 1214 1988 1269; x_wconf 72' lang='lat' dir='ltr'><strong>exercita-</strong></span> 
     </span>
    </p>
   </div>
   <div class='ocr_carea' id='block_1_19' title="bbox 428 1300 1985 1373">
    <p class='ocr_par' dir='ltr' id='par_1_19' title="bbox 428 1300 1985 1373">
     <span class='ocr_line' id='line_1_19' title="bbox 428 1300 1985 1373; baseline 0.001 -19"><span class='ocrx_word' id='word_1_119' title='bbox 428 1300 504 1354; x_wconf 86' lang='lat' dir='ltr'><strong>tio</strong></span> <span class='ocrx_word' id='word_1_120' title='bbox 536 1300 590 1353; x_wconf 92' lang='lat' dir='ltr'><strong>in</strong></span> <span class='ocrx_word' id='word_1_121' title='bbox 623 1300 812 1370; x_wconf 85' lang='lat' dir='ltr'><strong>primis</strong></span> <span class='ocrx_word' id='word_1_122' title='bbox 837 1301 943 1356; x_wconf 91' lang='lat' dir='ltr'><strong>illis</strong></span> <span class='ocrx_word' id='word_1_123' title='bbox 980 1300 1087 1356; x_wconf 88' lang='lat' dir='ltr'><strong>Deo</strong></span> <span class='ocrx_word' id='word_1_124' title='bbox 1121 1301 1333 1356; x_wconf 78' lang='lat' dir='ltr'><strong>dilectis</strong></span> <span class='ocrx_word' id='word_1_125' title='bbox 1365 1301 1675 1357; x_wconf 90' lang='lat' dir='ltr'><strong>hominibus</strong></span> <span class='ocrx_word' id='word_1_126' title='bbox 1707 1311 1985 1373; x_wconf 88' lang='lat' dir='ltr'><strong>perspecta</strong></span> 
     </span>
    </p>
   </div>
   <div class='ocr_carea' id='block_1_20' title="bbox 429 1392 1983 1465">
    <p class='ocr_par' dir='ltr' id='par_1_20' title="bbox 429 1392 1983 1465">
     <span class='ocr_line' id='line_1_20' title="bbox 429 1392 1983 1465; baseline 0.001 -19"><span class='ocrx_word' id='word_1_127' title='bbox 429 1399 515 1446; x_wconf 89' lang='lat' dir='ltr'><strong>est</strong></span> <span class='ocrx_word' id='word_1_128' title='bbox 556 1411 570 1447; x_wconf 90' lang='lat'><strong>:</strong></span> <span class='ocrx_word' id='word_1_129' title='bbox 612 1392 966 1462; x_wconf 86' lang='lat' dir='ltr'><strong>eamdemque</strong></span> <span class='ocrx_word' id='word_1_130' title='bbox 1002 1393 1270 1464; x_wconf 85' lang='lat' dir='ltr'><strong>ﬁgurabat</strong></span> <span class='ocrx_word' id='word_1_131' title='bbox 1304 1393 1394 1449; x_wconf 85' lang='lat' dir='ltr'><strong>hic</strong></span> <span class='ocrx_word' id='word_1_132' title='bbox 1417 1392 1575 1459; x_wconf 88' lang='lat' dir='ltr'><strong>Zara,</strong></span> <span class='ocrx_word' id='word_1_133' title='bbox 1626 1394 1719 1464; x_wconf 88' lang='lat' dir='ltr'><strong>qui</strong></span> <span class='ocrx_word' id='word_1_134' title='bbox 1752 1395 1983 1465; x_wconf 80' lang='lat' dir='ltr'><strong>primum</strong></span> 
     </span>
    </p>
   </div>
   <div class='ocr_carea' id='block_1_21' title="bbox 427 1480 1980 1553">
    <p class='ocr_par' dir='ltr' id='par_1_21' title="bbox 427 1480 1980 1553">
     <span class='ocr_line' id='line_1_21' title="bbox 427 1480 1980 1553; baseline 0.002 -17"><span class='ocrx_word' id='word_1_135' title='bbox 427 1480 626 1536; x_wconf 67' lang='lat' dir='ltr'><strong>divinae</strong></span> <span class='ocrx_word' id='word_1_136' title='bbox 667 1484 809 1536; x_wconf 88' lang='lat' dir='ltr'><strong>inter</strong></span> <span class='ocrx_word' id='word_1_137' title='bbox 864 1481 1111 1539; x_wconf 87' lang='lat' dir='ltr'><strong>homines</strong></span> <span class='ocrx_word' id='word_1_138' title='bbox 1162 1483 1470 1553; x_wconf 79' lang='lat' dir='ltr'><strong>reipublicae</strong></span> <span class='ocrx_word' id='word_1_139' title='bbox 1518 1491 1696 1537; x_wconf 91' lang='lat' dir='ltr'><strong>ortum</strong></span> <span class='ocrx_word' id='word_1_140' title='bbox 1733 1485 1925 1539; x_wconf 82' lang='lat' dir='ltr'><strong>extulit</strong></span> <span class='ocrx_word' id='word_1_141' title='bbox 1969 1504 1980 1539; x_wconf 92' lang='lat'>:</span> 
     </span>
    </p>
   </div>
   <div class='ocr_carea' id='block_1_22' title="bbox 426 1573 1986 1644">
    <p class='ocr_par' dir='ltr' id='par_1_22' title="bbox 426 1573 1986 1644">
     <span class='ocr_line' id='line_1_22' title="bbox 426 1573 1986 1644; baseline 0.001 -17"><span class='ocrx_word' id='word_1_142' title='bbox 426 1573 641 1644; x_wconf 82' lang='lat' dir='ltr'><strong>fuitque</strong></span> <span class='ocrx_word' id='word_1_143' title='bbox 675 1573 816 1628; x_wconf 90' lang='lat' dir='ltr'><strong>idem</strong></span> <span class='ocrx_word' id='word_1_144' title='bbox 866 1574 1195 1644; x_wconf 87' lang='lat' dir='ltr'><strong>principium</strong></span> <span class='ocrx_word' id='word_1_145' title='bbox 1243 1583 1297 1630; x_wconf 92' lang='lat' dir='ltr'><strong>et</strong></span> <span class='ocrx_word' id='word_1_146' title='bbox 1347 1574 1491 1640; x_wconf 84' lang='lat' dir='ltr'><strong>ﬁnis,</strong></span> <span class='ocrx_word' id='word_1_147' title='bbox 1524 1576 1733 1644; x_wconf 88' lang='lat' dir='ltr'><strong>primus</strong></span> <span class='ocrx_word' id='word_1_148' title='bbox 1779 1585 1833 1631; x_wconf 90' lang='lat' dir='ltr'><strong>et</strong></span> <span class='ocrx_word' id='word_1_149' title='bbox 1860 1576 1986 1631; x_wconf 89' lang='lat' dir='ltr'><strong>ulti-</strong></span> 
     </span>
    </p>
   </div>
   <div class='ocr_carea' id='block_1_23' title="bbox 426 1666 1985 1737">
    <p class='ocr_par' dir='ltr' id='par_1_23' title="bbox 426 1666 1985 1737">
     <span class='ocr_line' id='line_1_23' title="bbox 426 1666 1985 1737; baseline 0.001 -18"><span class='ocrx_word' id='word_1_150' title='bbox 426 1681 592 1731; x_wconf 85' lang='lat' dir='ltr'><strong>mus;</strong></span> <span class='ocrx_word' id='word_1_151' title='bbox 634 1674 788 1722; x_wconf 89' lang='lat' dir='ltr'><strong>ortus</strong></span> <span class='ocrx_word' id='word_1_152' title='bbox 811 1667 992 1722; x_wconf 85' lang='lat' dir='ltr'><strong>brevis</strong></span> <span class='ocrx_word' id='word_1_153' title='bbox 1023 1668 1115 1737; x_wconf 91' lang='lat' dir='ltr'><strong>qui</strong></span> <span class='ocrx_word' id='word_1_154' title='bbox 1147 1676 1421 1736; x_wconf 85' lang='lat' dir='ltr'><strong>postremo</strong></span> <span class='ocrx_word' id='word_1_155' title='bbox 1442 1667 1656 1721; x_wconf 90' lang='lat' dir='ltr'><strong>cunctis</strong></span> <span class='ocrx_word' id='word_1_156' title='bbox 1678 1682 1873 1722; x_wconf 88' lang='lat' dir='ltr'><strong>rursus</strong></span> <span class='ocrx_word' id='word_1_157' title='bbox 1906 1666 1985 1721; x_wconf 78' lang='lat' dir='ltr'><strong>cf-</strong></span> 
     </span>
    </p>
   </div>
   <div class='ocr_carea' id='block_1_24' title="bbox 428 1755 1986 1821">
    <p class='ocr_par' dir='ltr' id='par_1_24' title="bbox 428 1755 1986 1821">
     <span class='ocr_line' id='line_1_24' title="bbox 428 1755 1986 1821; baseline 0.003 -12"><span class='ocrx_word' id='word_1_158' title='bbox 428 1755 583 1811; x_wconf 80' lang='lat' dir='ltr'><strong>lulsit</strong></span> <span class='ocrx_word' id='word_1_159' title='bbox 612 1756 943 1821; x_wconf 86' lang='lat' dir='ltr'><strong>hominibus.</strong></span> <span class='ocrx_word' id='word_1_160' title='bbox 978 1757 1083 1811; x_wconf 84' lang='lat' dir='ltr'><strong>Sed</strong></span> <span class='ocrx_word' id='word_1_161' title='bbox 1122 1759 1265 1812; x_wconf 89' lang='lat' dir='ltr'><strong>enim</strong></span> <span class='ocrx_word' id='word_1_162' title='bbox 1293 1764 1347 1812; x_wconf 88' lang='lat' dir='ltr'><strong>et</strong></span> <span class='ocrx_word' id='word_1_163' title='bbox 1380 1758 1512 1811; x_wconf 88' lang='lat' dir='ltr'><strong>illud</strong></span> <span class='ocrx_word' id='word_1_164' title='bbox 1544 1765 1670 1813; x_wconf 86' lang='lat' dir='ltr'><strong>ante</strong></span> <span class='ocrx_word' id='word_1_165' title='bbox 1710 1758 1872 1814; x_wconf 87' lang='lat' dir='ltr'><strong>dictis</strong></span> <span class='ocrx_word' id='word_1_166' title='bbox 1898 1759 1986 1813; x_wconf 90' lang='lat' dir='ltr'><strong>ad-</strong></span> 
     </span>
    </p>
   </div>
   <div class='ocr_carea' id='block_1_25' title="bbox 425 1845 1982 1927">
    <p class='ocr_par' dir='ltr' id='par_1_25' title="bbox 425 1845 1982 1927">
     <span class='ocr_line' id='line_1_25' title="bbox 425 1845 1982 1927; baseline 0.004 -27"><span class='ocrx_word' id='word_1_167' title='bbox 425 1845 664 1901; x_wconf 91' lang='lat' dir='ltr'><strong>dendum</strong></span> <span class='ocrx_word' id='word_1_168' title='bbox 689 1856 795 1913; x_wconf 87' lang='lat' dir='ltr'><strong>est,</strong></span> <span class='ocrx_word' id='word_1_169' title='bbox 829 1848 882 1902; x_wconf 90' lang='lat' dir='ltr'><strong>in</strong></span> <span class='ocrx_word' id='word_1_170' title='bbox 922 1849 1061 1903; x_wconf 91' lang='lat' dir='ltr'><strong>libro</strong></span> <span class='ocrx_word' id='word_1_171' title='bbox 1090 1848 1455 1918; x_wconf 76' lang='lat' dir='ltr'><strong>generationis</strong></span> <span class='ocrx_word' id='word_1_172' title='bbox 1474 1847 1605 1905; x_wconf 84' lang='lat' dir='ltr'><strong>Jesu</strong></span> <span class='ocrx_word' id='word_1_173' title='bbox 1634 1849 1838 1907; x_wconf 85' lang='lat' dir='ltr'><strong>Christi</strong></span> <span class='ocrx_word' id='word_1_174' title='bbox 1873 1867 1982 1927; x_wconf 89' lang='lat' dir='ltr'><strong>non</strong></span> 
     </span>
    </p>
   </div>
   <div class='ocr_carea' id='block_1_26' title="bbox 2087 1202 3654 1282">
    <p class='ocr_par' dir='ltr' id='par_1_26' title="bbox 2087 1202 3654 1282">
     <span class='ocr_line' id='line_1_26' title="bbox 2087 1202 3654 1282; baseline 0.004 -25"><span class='ocrx_word' id='word_1_175' title='bbox 2087 1204 2200 1269; x_wconf 76' lang='grc' dir='ltr'>θεὶς</span> <span class='ocrx_word' id='word_1_176' title='bbox 2235 1206 2367 1275; x_wconf 85' lang='grc' dir='ltr'>βίος,</span> <span class='ocrx_word' id='word_1_177' title='bbox 2401 1202 2554 1269; x_wconf 71' lang='grc' dir='ltr'>οὗτος</span> <span class='ocrx_word' id='word_1_178' title='bbox 2580 1203 2647 1278; x_wconf 83' lang='grc' dir='ltr'>ἦν</span> <span class='ocrx_word' id='word_1_179' title='bbox 2679 1210 2882 1273; x_wconf 83' lang='grc' dir='ltr'>ἐκεῖνος</span> <span class='ocrx_word' id='word_1_180' title='bbox 2914 1211 2941 1262; x_wconf 98' lang='lat'><strong>6</strong></span> <span class='ocrx_word' id='word_1_181' title='bbox 2972 1209 3065 1261; x_wconf 69' lang='lat' dir='ltr'><strong>ml.</strong></span> <span class='ocrx_word' id='word_1_182' title='bbox 3107 1209 3213 1279; x_wconf 79' lang='grc' dir='ltr'><strong>πρὸ</strong></span> <span class='ocrx_word' id='word_1_183' title='bbox 3252 1210 3530 1273; x_wconf 80' lang='grc' dir='ltr'>Μωῡσέως</span> <span class='ocrx_word' id='word_1_184' title='bbox 3555 1210 3654 1282; x_wconf 80' lang='grc' dir='ltr'>τὴν</span> 
     </span>
    </p>
   </div>
   <div class='ocr_carea' id='block_1_27' title="bbox 2085 1298 3653 1371">
    <p class='ocr_par' dir='ltr' id='par_1_27' title="bbox 2085 1298 3653 1371">
     <span class='ocr_line' id='line_1_27' title="bbox 2085 1298 3653 1371; baseline 0.004 -22"><span class='ocrx_word' id='word_1_185' title='bbox 2085 1300 2238 1368; x_wconf 89' lang='grc' dir='ltr'>χεῖρα</span> <span class='ocrx_word' id='word_1_186' title='bbox 2286 1298 2588 1369; x_wconf 82' lang='grc' dir='ltr'>προτείνας,</span> <span class='ocrx_word' id='word_1_187' title='bbox 2624 1300 2717 1352; x_wconf 75' lang='grc' dir='ltr'>καὶ</span> <span class='ocrx_word' id='word_1_188' title='bbox 2761 1300 2858 1370; x_wconf 77' lang='grc' dir='ltr'><strong>τὴν</strong></span> <span class='ocrx_word' id='word_1_189' title='bbox 2886 1300 3084 1371; x_wconf 78' lang='grc' dir='ltr'>πρᾶξιν</span> <span class='ocrx_word' id='word_1_190' title='bbox 3138 1302 3226 1355; x_wconf 84' lang='grc' dir='ltr'><strong>διὰ</strong></span> <span class='ocrx_word' id='word_1_191' title='bbox 3266 1301 3374 1355; x_wconf 83' lang='grc' dir='ltr'><strong>τῶν</strong></span> <span class='ocrx_word' id='word_1_192' title='bbox 3423 1301 3653 1371; x_wconf 84' lang='grc' dir='ltr'>πρώτων</span> 
     </span>
    </p>
   </div>
   <div class='ocr_carea' id='block_1_28' title="bbox 2085 1386 3654 1465">
    <p class='ocr_par' dir='ltr' id='par_1_28' title="bbox 2085 1386 3654 1465">
     <span class='ocr_line' id='line_1_28' title="bbox 2085 1386 3654 1465; baseline 0.003 -22"><span class='ocrx_word' id='word_1_193' title='bbox 2085 1389 2341 1460; x_wconf 75' lang='grc' dir='ltr'>θεοφιλῶν</span> <span class='ocrx_word' id='word_1_194' title='bbox 2373 1392 2577 1463; x_wconf 82' lang='grc' dir='ltr'>ἀνδρῶν</span> <span class='ocrx_word' id='word_1_195' title='bbox 2619 1392 3075 1463; x_wconf 78' lang='grc' dir='ltr'>ἐπιδεδειγμένος’</span> <span class='ocrx_word' id='word_1_196' title='bbox 3125 1386 3278 1459; x_wconf 74' lang='grc' dir='ltr'>οὗτός</span> <span class='ocrx_word' id='word_1_197' title='bbox 3307 1411 3368 1447; x_wconf 91' lang='grc' dir='ltr'><strong>τε</strong></span> <span class='ocrx_word' id='word_1_198' title='bbox 3404 1387 3557 1458; x_wconf 72' lang='grc' dir='ltr'>οὗτος</span> <span class='ocrx_word' id='word_1_199' title='bbox 3584 1390 3654 1465; x_wconf 77' lang='grc' dir='ltr'>ἦν</span> 
     </span>
    </p>
   </div>
   <div class='ocr_carea' id='block_1_29' title="bbox 2084 1479 3650 1555">
    <p class='ocr_par' dir='ltr' id='par_1_29' title="bbox 2084 1479 3650 1555">
     <span class='ocr_line' id='line_1_29' title="bbox 2084 1479 3650 1555; baseline 0.002 -23"><span class='ocrx_word' id='word_1_200' title='bbox 2084 1479 2113 1531; x_wconf 89' lang='lat'><strong>6</strong></span> <span class='ocrx_word' id='word_1_201' title='bbox 2145 1481 2293 1551; x_wconf 81' lang='grc' dir='ltr'>Ζαρᾶ</span> <span class='ocrx_word' id='word_1_202' title='bbox 2321 1480 2422 1551; x_wconf 77' lang='grc' dir='ltr'>τῆς</span> <span class='ocrx_word' id='word_1_203' title='bbox 2445 1480 2624 1534; x_wconf 78' lang='grc' dir='ltr'>ἐνθέου</span> <span class='ocrx_word' id='word_1_204' title='bbox 2656 1481 2926 1545; x_wconf 80' lang='grc' dir='ltr'>πολιτείας</span> <span class='ocrx_word' id='word_1_205' title='bbox 2956 1484 3054 1555; x_wconf 77' lang='grc' dir='ltr'>τὴν</span> <span class='ocrx_word' id='word_1_206' title='bbox 3085 1482 3307 1554; x_wconf 86' lang='grc' dir='ltr'>πρώτην</span> <span class='ocrx_word' id='word_1_207' title='bbox 3344 1484 3402 1536; x_wconf 85' lang='grc' dir='ltr'><strong>ἐν</strong></span> <span class='ocrx_word' id='word_1_208' title='bbox 3439 1483 3650 1554; x_wconf 83' lang='grc' dir='ltr'>ἀνθρώ-</span> 
     </span>
    </p>
   </div>
   <div class='ocr_carea' id='block_1_30' title="bbox 2086 1571 3649 1642">
    <p class='ocr_par' dir='ltr' id='par_1_30' title="bbox 2086 1571 3649 1642">
     <span class='ocr_line' id='line_1_30' title="bbox 2086 1571 3649 1642; baseline 0.004 -21"><span class='ocrx_word' id='word_1_209' title='bbox 2086 1585 2208 1633; x_wconf 87' lang='grc' dir='ltr'>ποις</span> <span class='ocrx_word' id='word_1_210' title='bbox 2248 1571 2506 1642; x_wconf 81' lang='grc' dir='ltr'>ἀνατολὴν</span> <span class='ocrx_word' id='word_1_211' title='bbox 2555 1572 3052 1642; x_wconf 76' lang='grc' dir='ltr'>καταϐεϐλημένος’</span> <span class='ocrx_word' id='word_1_212' title='bbox 3085 1573 3275 1641; x_wconf 82' lang='grc' dir='ltr'>γέγονέ</span> <span class='ocrx_word' id='word_1_213' title='bbox 3306 1571 3383 1626; x_wconf 68' lang='grc' dir='ltr'><strong>τε</strong></span> <span class='ocrx_word' id='word_1_214' title='bbox 3408 1576 3437 1628; x_wconf 85' lang='grc' dir='ltr'><strong><em>ὁ</em></strong></span> <span class='ocrx_word' id='word_1_215' title='bbox 3469 1575 3649 1638; x_wconf 83' lang='grc' dir='ltr'>αὐτὸς,</span> 
     </span>
    </p>
   </div>
   <div class='ocr_carea' id='block_1_31' title="bbox 2085 1661 3650 1738">
    <p class='ocr_par' dir='ltr' id='par_1_31' title="bbox 2085 1661 3650 1738">
     <span class='ocr_line' id='line_1_31' title="bbox 2085 1661 3650 1738; baseline 0.003 -25"><span class='ocrx_word' id='word_1_216' title='bbox 2085 1661 2226 1732; x_wconf 85' lang='grc' dir='ltr'>ἀρχὴ</span> <span class='ocrx_word' id='word_1_217' title='bbox 2260 1664 2351 1715; x_wconf 75' lang='grc' dir='ltr'><strong>καὶ</strong></span> <span class='ocrx_word' id='word_1_218' title='bbox 2377 1663 2547 1728; x_wconf 81' lang='grc' dir='ltr'>τέλος,</span> <span class='ocrx_word' id='word_1_219' title='bbox 2585 1664 2796 1734; x_wconf 77' lang='grc' dir='ltr'>πρῶτος</span> <span class='ocrx_word' id='word_1_220' title='bbox 2829 1681 2886 1716; x_wconf 88' lang='grc' dir='ltr'><strong>τε</strong></span> <span class='ocrx_word' id='word_1_221' title='bbox 2920 1666 3012 1717; x_wconf 78' lang='grc' dir='ltr'><strong>καὶ</strong></span> <span class='ocrx_word' id='word_1_222' title='bbox 3054 1665 3301 1729; x_wconf 75' lang='grc' dir='ltr'>ὕστατος,</span> <span class='ocrx_word' id='word_1_223' title='bbox 3335 1666 3563 1738; x_wconf 82' lang='grc' dir='ltr'>ἁνατολή</span> <span class='ocrx_word' id='word_1_224' title='bbox 3593 1683 3650 1719; x_wconf 78' lang='grc' dir='ltr'><strong>τε</strong></span> 
     </span>
    </p>
   </div>
   <div class='ocr_carea' id='block_1_32' title="bbox 2087 1753 3648 1827">
    <p class='ocr_par' dir='ltr' id='par_1_32' title="bbox 2087 1753 3648 1827">
     <span class='ocr_line' id='line_1_32' title="bbox 2087 1753 3648 1827; baseline 0.004 -22"><span class='ocrx_word' id='word_1_225' title='bbox 2087 1753 2255 1823; x_wconf 85' lang='grc' dir='ltr'>μικρὰ</span> <span class='ocrx_word' id='word_1_226' title='bbox 2310 1755 2401 1808; x_wconf 81' lang='grc' dir='ltr'>καὶ</span> <span class='ocrx_word' id='word_1_227' title='bbox 2470 1756 2672 1824; x_wconf 79' lang='grc' dir='ltr'>ὑστάτη</span> <span class='ocrx_word' id='word_1_228' title='bbox 2721 1756 2879 1809; x_wconf 70' lang='grc' dir='ltr'>πάλιν</span> <span class='ocrx_word' id='word_1_229' title='bbox 2933 1758 3012 1820; x_wconf 88' lang='grc' dir='ltr'><strong>είς</strong></span> <span class='ocrx_word' id='word_1_230' title='bbox 3063 1758 3267 1820; x_wconf 81' lang='grc' dir='ltr'>πάντας</span> <span class='ocrx_word' id='word_1_231' title='bbox 3327 1757 3648 1827; x_wconf 70' lang='grc' dir='ltr'>ἐκλάμψασα</span> 
     </span>
    </p>
   </div>
   <div class='ocr_carea' id='block_1_33' title="bbox 2083 1845 3648 1923">
    <p class='ocr_par' dir='ltr' id='par_1_33' title="bbox 2083 1845 3648 1923">
     <span class='ocr_line' id='line_1_33' title="bbox 2083 1845 3648 1923; baseline 0.003 -25"><span class='ocrx_word' id='word_1_232' title='bbox 2083 1845 2416 1917; x_wconf 79' lang='grc' dir='ltr'>ἀνθρώπους.</span> <span class='ocrx_word' id='word_1_233' title='bbox 2452 1847 2596 1916; x_wconf 82' lang='grc' dir='ltr'>Πλὴν</span> <span class='ocrx_word' id='word_1_234' title='bbox 2640 1846 2773 1900; x_wconf 79' lang='grc' dir='ltr'>ἀλλὰ</span> <span class='ocrx_word' id='word_1_235' title='bbox 2804 1849 3024 1900; x_wconf 80' lang='grc' dir='ltr'>κάκεῖνο</span> <span class='ocrx_word' id='word_1_236' title='bbox 3053 1850 3317 1920; x_wconf 84' lang='grc' dir='ltr'>προσήκει</span> <span class='ocrx_word' id='word_1_237' title='bbox 3353 1852 3464 1913; x_wconf 87' lang='grc' dir='ltr'>τοῖς</span> <span class='ocrx_word' id='word_1_238' title='bbox 3497 1851 3648 1923; x_wconf 76' lang='grc' dir='ltr'>εἰρη-</span> 
     </span>
    </p>
   </div>
   <div class='ocr_carea' id='block_1_34' title="bbox 424 1937 1976 2014">
    <p class='ocr_par' dir='ltr' id='par_1_34' title="bbox 424 1937 1976 2014">
     <span class='ocr_line' id='line_1_34' title="bbox 424 1937 1976 2014; baseline 0.005 -23"><span class='ocrx_word' id='word_1_239' title='bbox 424 1952 457 1991; x_wconf 89' lang='lat' dir='ltr'><strong>a</strong></span> <span class='ocrx_word' id='word_1_240' title='bbox 484 1937 659 2007; x_wconf 90' lang='lat' dir='ltr'><strong>primo</strong></span> <span class='ocrx_word' id='word_1_241' title='bbox 686 1954 750 1993; x_wconf 83' lang='lat' dir='ltr'><strong>ex</strong></span> <span class='ocrx_word' id='word_1_242' title='bbox 792 1939 1026 2007; x_wconf 89' lang='lat' dir='ltr'><strong>duobus,</strong></span> <span class='ocrx_word' id='word_1_243' title='bbox 1074 1955 1266 2011; x_wconf 87' lang='lat' dir='ltr'><strong>nempe</strong></span> <span class='ocrx_word' id='word_1_244' title='bbox 1304 1939 1464 2008; x_wconf 73' lang='lat' dir='ltr'><strong>Zara,</strong></span> <span class='ocrx_word' id='word_1_245' title='bbox 1508 1941 1615 1997; x_wconf 90' lang='lat' dir='ltr'><strong>dici</strong></span> <span class='ocrx_word' id='word_1_246' title='bbox 1642 1946 1976 2014; x_wconf 81' lang='lat' dir='ltr'><strong>progenitum</strong></span> 
     </span>
    </p>
   </div>
   <div class='ocr_carea' id='block_1_35' title="bbox 2080 1937 3647 2014">
    <p class='ocr_par' dir='ltr' id='par_1_35' title="bbox 2085 1938 3647 2014">
     <span class='ocr_line' id='line_1_35' title="bbox 2085 1938 3647 2014; baseline 0.004 -25"><span class='ocrx_word' id='word_1_247' title='bbox 2085 1938 2262 2008; x_wconf 83' lang='grc' dir='ltr'>μένοις</span> <span class='ocrx_word' id='word_1_248' title='bbox 2298 1938 2582 2001; x_wconf 84' lang='grc' dir='ltr'>ἐπιθεῖναι,</span> <span class='ocrx_word' id='word_1_249' title='bbox 2616 1938 2691 2001; x_wconf 83' lang='grc' dir='ltr'>ὡς</span> <span class='ocrx_word' id='word_1_250' title='bbox 2726 1939 2757 2008; x_wconf 81' lang='grc' dir='ltr'>ὴ</span> <span class='ocrx_word' id='word_1_251' title='bbox 2798 1938 2974 2006; x_wconf 76' lang='grc' dir='ltr'>βίϐλος</span> <span class='ocrx_word' id='word_1_252' title='bbox 3017 1939 3116 2009; x_wconf 78' lang='grc' dir='ltr'>τῆς</span> <span class='ocrx_word' id='word_1_253' title='bbox 3156 1940 3420 2008; x_wconf 83' lang='grc' dir='ltr'>γενέσεως</span> <span class='ocrx_word' id='word_1_254' title='bbox 3476 1942 3647 2014; x_wconf 88' lang='grc' dir='ltr'>Ἰησοῦ</span> 
     </span>
    </p>
   </div>
   <div class='ocr_carea' id='block_1_36' title="bbox 422 2030 1983 2103">
    <p class='ocr_par' dir='ltr' id='par_1_36' title="bbox 422 2030 1983 2103">
     <span class='ocr_line' id='line_1_36' title="bbox 422 2030 1983 2103; baseline 0.004 -19"><span class='ocrx_word' id='word_1_255' title='bbox 422 2045 547 2085; x_wconf 88' lang='lat' dir='ltr'><strong>eum</strong></span> <span class='ocrx_word' id='word_1_256' title='bbox 574 2030 732 2099; x_wconf 86' lang='lat' dir='ltr'><strong>cujus</strong></span> <span class='ocrx_word' id='word_1_257' title='bbox 763 2031 962 2085; x_wconf 79' lang='lat' dir='ltr'><strong>texitur</strong></span> <span class='ocrx_word' id='word_1_258' title='bbox 982 2031 1335 2103; x_wconf 67' lang='lat' dir='ltr'><strong>genealogis;</strong></span> <span class='ocrx_word' id='word_1_259' title='bbox 1359 2031 1455 2087; x_wconf 90' lang='lat' dir='ltr'><strong>sed</strong></span> <span class='ocrx_word' id='word_1_260' title='bbox 1481 2046 1512 2084; x_wconf 92' lang='lat' dir='ltr'><strong>a</strong></span> <span class='ocrx_word' id='word_1_261' title='bbox 1545 2034 1804 2100; x_wconf 89' lang='lat' dir='ltr'><strong>secundo,</strong></span> <span class='ocrx_word' id='word_1_262' title='bbox 1833 2035 1983 2091; x_wconf 88' lang='lat' dir='ltr'><strong>vide-</strong></span> 
     </span>
    </p>
   </div>
   <div class='ocr_carea' id='block_1_37' title="bbox 423 2120 1980 2198">
    <p class='ocr_par' dir='ltr' id='par_1_37' title="bbox 423 2120 1980 2198">
     <span class='ocr_line' id='line_1_37' title="bbox 423 2120 1980 2198; baseline 0.006 -24"><span class='ocrx_word' id='word_1_263' title='bbox 423 2121 548 2175; x_wconf 90' lang='lat' dir='ltr'><strong>licet</strong></span> <span class='ocrx_word' id='word_1_264' title='bbox 575 2120 800 2177; x_wconf 86' lang='lat' dir='ltr'><strong>Phares.</strong></span> <span class='ocrx_word' id='word_1_265' title='bbox 823 2122 959 2177; x_wconf 76' lang='lat' dir='ltr'><strong>Nam</strong></span> <span class='ocrx_word' id='word_1_266' title='bbox 993 2138 1182 2193; x_wconf 87' lang='lat' dir='ltr'><strong>reapse</strong></span> <span class='ocrx_word' id='word_1_267' title='bbox 1202 2124 1502 2179; x_wconf 88' lang='lat' dir='ltr'><strong>secundum</strong></span> <span class='ocrx_word' id='word_1_268' title='bbox 1525 2138 1744 2181; x_wconf 89' lang='lat' dir='ltr'><strong>carnem</strong></span> <span class='ocrx_word' id='word_1_269' title='bbox 1768 2128 1980 2198; x_wconf 87' lang='lat' dir='ltr'><strong>genitus</strong></span> 
     </span>
    </p>
   </div>
   <div class='ocr_carea' id='block_1_38' title="bbox 421 2212 1978 2287">
    <p class='ocr_par' dir='ltr' id='par_1_38' title="bbox 421 2212 1978 2287">
     <span class='ocr_line' id='line_1_38' title="bbox 421 2212 1978 2287; baseline 0.005 -21"><span class='ocrx_word' id='word_1_270' title='bbox 421 2212 524 2267; x_wconf 76' lang='lat' dir='ltr'><strong>fuit</strong></span> <span class='ocrx_word' id='word_1_271' title='bbox 550 2212 616 2268; x_wconf 91' lang='lat' dir='ltr'><strong>de</strong></span> <span class='ocrx_word' id='word_1_272' title='bbox 635 2221 796 2285; x_wconf 87' lang='lat' dir='ltr'><strong>gente</strong></span> <span class='ocrx_word' id='word_1_273' title='bbox 821 2220 874 2270; x_wconf 91' lang='lat' dir='ltr'><strong>et</strong></span> <span class='ocrx_word' id='word_1_274' title='bbox 905 2230 1104 2287; x_wconf 84' lang='lat' dir='ltr'><strong>genere</strong></span> <span class='ocrx_word' id='word_1_275' title='bbox 1152 2216 1398 2281; x_wconf 88' lang='lat' dir='ltr'><strong>secundi,</strong></span> <span class='ocrx_word' id='word_1_276' title='bbox 1429 2230 1606 2287; x_wconf 88' lang='lat' dir='ltr'><strong>neque</strong></span> <span class='ocrx_word' id='word_1_277' title='bbox 1642 2226 1855 2273; x_wconf 90' lang='lat' dir='ltr'><strong>tantum</strong></span> <span class='ocrx_word' id='word_1_278' title='bbox 1880 2236 1978 2274; x_wconf 84' lang='lat' dir='ltr'><strong>na—</strong></span> 
     </span>
    </p>
   </div>
   <div class='ocr_carea' id='block_1_39' title="bbox 420 2306 1978 2382">
    <p class='ocr_par' dir='ltr' id='par_1_39' title="bbox 420 2306 1978 2382">
     <span class='ocr_line' id='line_1_39' title="bbox 420 2306 1978 2382; baseline 0.006 -25"><span class='ocrx_word' id='word_1_279' title='bbox 420 2311 512 2360; x_wconf 90' lang='lat' dir='ltr'><strong>tus</strong></span> <span class='ocrx_word' id='word_1_280' title='bbox 536 2320 567 2360; x_wconf 90' lang='lat' dir='ltr'><strong>e</strong></span> <span class='ocrx_word' id='word_1_281' title='bbox 604 2307 849 2373; x_wconf 86' lang='lat' dir='ltr'><strong>muliere,</strong></span> <span class='ocrx_word' id='word_1_282' title='bbox 883 2307 977 2363; x_wconf 86' lang='lat' dir='ltr'><strong>sed</strong></span> <span class='ocrx_word' id='word_1_283' title='bbox 1024 2306 1201 2363; x_wconf 81' lang='lat' dir='ltr'><strong>factus</strong></span> <span class='ocrx_word' id='word_1_284' title='bbox 1253 2309 1355 2365; x_wconf 88' lang='lat' dir='ltr'><strong>sub</strong></span> <span class='ocrx_word' id='word_1_285' title='bbox 1386 2309 1537 2381; x_wconf 88' lang='lat' dir='ltr'><strong>lege,</strong></span> <span class='ocrx_word' id='word_1_286' title='bbox 1574 2319 1634 2365; x_wconf 90' lang='lat' dir='ltr'><strong>ut</strong></span> <span class='ocrx_word' id='word_1_287' title='bbox 1673 2321 1727 2366; x_wconf 90' lang='lat' dir='ltr'><strong>et</strong></span> <span class='ocrx_word' id='word_1_288' title='bbox 1770 2327 1865 2366; x_wconf 89' lang='lat' dir='ltr'><strong>eos</strong></span> <span class='ocrx_word' id='word_1_289' title='bbox 1885 2312 1978 2382; x_wconf 90' lang='lat' dir='ltr'><strong>qui</strong></span> 
     </span>
    </p>
   </div>
   <div class='ocr_carea' id='block_1_40' title="bbox 420 2394 1978 2473">
    <p class='ocr_par' dir='ltr' id='par_1_40' title="bbox 420 2394 1978 2473">
     <span class='ocr_line' id='line_1_40' title="bbox 420 2394 1978 2473; baseline 0.006 -24"><span class='ocrx_word' id='word_1_290' title='bbox 420 2394 524 2449; x_wconf 88' lang='lat' dir='ltr'><strong>sub</strong></span> <span class='ocrx_word' id='word_1_291' title='bbox 558 2395 672 2467; x_wconf 86' lang='lat' dir='ltr'><strong>lege</strong></span> <span class='ocrx_word' id='word_1_292' title='bbox 690 2404 846 2452; x_wconf 89' lang='lat' dir='ltr'><strong>erant</strong></span> <span class='ocrx_word' id='word_1_293' title='bbox 874 2398 1163 2454; x_wconf 84' lang='lat' dir='ltr'><strong>redimeret</strong></span> <span class='ocrx_word' id='word_1_294' title='bbox 1193 2400 1259 2467; x_wconf 83' lang='grc'>³⁸,</span> <span class='ocrx_word' id='word_1_295' title='bbox 1283 2403 1581 2459; x_wconf 87' lang='lat' dir='ltr'><strong>secundum</strong></span> <span class='ocrx_word' id='word_1_296' title='bbox 1602 2403 1849 2473; x_wconf 85' lang='lat' dir='ltr'><strong>Apostoli</strong></span> <span class='ocrx_word' id='word_1_297' title='bbox 1877 2403 1978 2458; x_wconf 91' lang='lat' dir='ltr'><strong>hac</strong></span> 
     </span>
    </p>
   </div>
   <div class='ocr_carea' id='block_1_41' title="bbox 418 2487 1182 2547">
    <p class='ocr_par' dir='ltr' id='par_1_41' title="bbox 418 2487 1182 2547">
     <span class='ocr_line' id='line_1_41' title="bbox 418 2487 1182 2547; baseline 0.004 -4"><span class='ocrx_word' id='word_1_298' title='bbox 418 2487 582 2543; x_wconf 87' lang='lat' dir='ltr'><strong>etiam</strong></span> <span class='ocrx_word' id='word_1_299' title='bbox 618 2488 686 2544; x_wconf 89' lang='lat' dir='ltr'><strong>de</strong></span> <span class='ocrx_word' id='word_1_300' title='bbox 712 2503 772 2544; x_wconf 89' lang='lat' dir='ltr'><strong>re</strong></span> <span class='ocrx_word' id='word_1_301' title='bbox 793 2490 1182 2547; x_wconf 88' lang='lat' dir='ltr'><strong>testimonium.</strong></span> 
     </span>
    </p>
   </div>
   <div class='ocr_carea' id='block_1_42' title="bbox 1120 2735 1351 2792">
    <p class='ocr_par' dir='ltr' id='par_1_42' title="bbox 1120 2735 1351 2792">
     <span class='ocr_line' id='line_1_42' title="bbox 1120 2735 1351 2792; baseline 0.009 -2"><span class='ocrx_word' id='word_1_302' title='bbox 1120 2735 1257 2792; x_wconf 85' lang='lat' dir='ltr'><strong>Vlll.</strong></span> <span class='ocrx_word' id='word_1_303' title='bbox 1344 2754 1351 2765; x_wconf 62' lang='grc' dir='ltr'>ί</span> 
     </span>
    </p>
   </div>
   <div class='ocr_carea' id='block_1_43' title="bbox 417 2866 1968 2949">
    <p class='ocr_par' dir='ltr' id='par_1_43' title="bbox 417 2866 1968 2949">
     <span class='ocr_line' id='line_1_43' title="bbox 417 2866 1968 2949; baseline 0.005 -24"><span class='ocrx_word' id='word_1_304' title='bbox 417 2866 526 2925; x_wconf 81' lang='lat' dir='ltr'><strong>Cur</strong></span> <span class='ocrx_word' id='word_1_305' title='bbox 544 2872 725 2926; x_wconf 71' lang='lat' dir='ltr'><strong>uxoris</strong></span> <span class='ocrx_word' id='word_1_306' title='bbox 744 2870 886 2927; x_wconf 73' lang='lat' dir='ltr'><strong>Uriw</strong></span> <span class='ocrx_word' id='word_1_307' title='bbox 908 2873 1199 2927; x_wconf 79' lang='lat' dir='ltr'><strong>meminerit</strong></span> <span class='ocrx_word' id='word_1_308' title='bbox 1227 2873 1280 2927; x_wconf 80' lang='lat' dir='ltr'><strong>in</strong></span> <span class='ocrx_word' id='word_1_309' title='bbox 1310 2875 1614 2946; x_wconf 82' lang='lat' dir='ltr'><strong>genealogia</strong></span> <span class='ocrx_word' id='word_1_310' title='bbox 1633 2879 1968 2949; x_wconf 79' lang='lat' dir='ltr'><strong>evangelista.</strong></span> 
     </span>
    </p>
   </div>
   <div class='ocr_carea' id='block_1_44' title="bbox 498 3045 1968 3120">
    <p class='ocr_par' dir='ltr' id='par_1_44' title="bbox 498 3045 1968 3120">
     <span class='ocr_line' id='line_1_44' title="bbox 498 3045 1968 3120; baseline 0.008 -20"><span class='ocrx_word' id='word_1_311' title='bbox 498 3047 551 3102; x_wconf 77' lang='grc'><strong>1.</strong></span> <span class='ocrx_word' id='word_1_312' title='bbox 591 3045 756 3103; x_wconf 86' lang='lat' dir='ltr'><strong>Liber</strong></span> <span class='ocrx_word' id='word_1_313' title='bbox 799 3049 1167 3119; x_wconf 86' lang='lat' dir='ltr'><strong>generationis</strong></span> <span class='ocrx_word' id='word_1_314' title='bbox 1213 3050 1344 3108; x_wconf 86' lang='lat' dir='ltr'><strong>Jesu</strong></span> <span class='ocrx_word' id='word_1_315' title='bbox 1402 3051 1629 3120; x_wconf 82' lang='lat' dir='ltr'><strong>Christi,</strong></span> <span class='ocrx_word' id='word_1_316' title='bbox 1659 3054 1789 3109; x_wconf 89' lang='lat' dir='ltr'><strong>dum</strong></span> <span class='ocrx_word' id='word_1_317' title='bbox 1848 3057 1968 3113; x_wconf 88' lang='lat' dir='ltr'><strong>ait:</strong></span> 
     </span>
    </p>
   </div>
   <div class='ocr_carea' id='block_1_45' title="bbox 419 3137 1970 3218">
    <p class='ocr_par' dir='ltr' id='par_1_45' title="bbox 419 3137 1970 3218">
     <span class='ocr_line' id='line_1_45' title="bbox 419 3137 1970 3218; baseline 0.01 -29"><span class='ocrx_word' id='word_1_318' title='bbox 419 3157 439 3189; x_wconf 79' lang='grc' dir='ltr'><strong>ι</strong></span> <span class='ocrx_word' id='word_1_319' title='bbox 477 3137 644 3197; x_wconf 80' lang='lat' dir='ltr'><strong>David</strong></span> <span class='ocrx_word' id='word_1_320' title='bbox 699 3155 793 3196; x_wconf 82' lang='lat' dir='ltr'><strong>rex</strong></span> <span class='ocrx_word' id='word_1_321' title='bbox 851 3141 1037 3211; x_wconf 88' lang='lat' dir='ltr'><strong>genuit</strong></span> <span class='ocrx_word' id='word_1_322' title='bbox 1088 3141 1434 3200; x_wconf 88' lang='lat' dir='ltr'><strong>Salomonem</strong></span> <span class='ocrx_word' id='word_1_323' title='bbox 1484 3161 1551 3202; x_wconf 79' lang='lat' dir='ltr'><strong>ex</strong></span> <span class='ocrx_word' id='word_1_324' title='bbox 1593 3161 1658 3202; x_wconf 90' lang='lat' dir='ltr'><strong>ea</strong></span> <span class='ocrx_word' id='word_1_325' title='bbox 1703 3162 1824 3218; x_wconf 71' lang='lat' dir='ltr'><strong>quae</strong></span> <span class='ocrx_word' id='word_1_326' title='bbox 1869 3149 1970 3204; x_wconf 82' lang='lat' dir='ltr'><strong>fuit</strong></span> 
     </span>
    </p>
   </div>
   <div class='ocr_carea' id='block_1_46' title="bbox 416 3228 1967 3308">
    <p class='ocr_par' dir='ltr' id='par_1_46' title="bbox 416 3228 1967 3308">
     <span class='ocr_line' id='line_1_46' title="bbox 416 3228 1967 3308; baseline 0.008 -24"><span class='ocrx_word' id='word_1_327' title='bbox 416 3228 581 3300; x_wconf 64' lang='lat' dir='ltr'><strong>Uria,</strong></span> <span class='ocrx_word' id='word_1_328' title='bbox 610 3249 631 3283; x_wconf 83' lang='grc'><strong><em>›</em></strong></span> <span class='ocrx_word' id='word_1_329' title='bbox 659 3230 940 3290; x_wconf 87' lang='lat' dir='ltr'><strong>declarare</strong></span> <span class='ocrx_word' id='word_1_330' title='bbox 965 3237 1353 3307; x_wconf 90' lang='lat' dir='ltr'><strong>propemodum</strong></span> <span class='ocrx_word' id='word_1_331' title='bbox 1378 3253 1441 3294; x_wconf 89' lang='lat' dir='ltr'><strong>ac</strong></span> <span class='ocrx_word' id='word_1_332' title='bbox 1460 3240 1713 3296; x_wconf 89' lang='lat' dir='ltr'><strong>nuntiare</strong></span> <span class='ocrx_word' id='word_1_333' title='bbox 1732 3241 1967 3308; x_wconf 88' lang='lat' dir='ltr'><strong>videtur,</strong></span> 
     </span>
    </p>
   </div>
   <div class='ocr_carea' id='block_1_47' title="bbox 2085 2030 3647 2102">
    <p class='ocr_par' dir='ltr' id='par_1_47' title="bbox 2085 2030 3647 2102">
     <span class='ocr_line' id='line_1_47' title="bbox 2085 2030 3647 2102; baseline 0.003 -19"><span class='ocrx_word' id='word_1_334' title='bbox 2085 2030 2319 2101; x_wconf 76' lang='grc' dir='ltr'>Χριστοῦ</span> <span class='ocrx_word' id='word_1_335' title='bbox 2347 2031 2445 2083; x_wconf 83' lang='grc' dir='ltr'><strong>οὐκ</strong></span> <span class='ocrx_word' id='word_1_336' title='bbox 2472 2030 2579 2084; x_wconf 77' lang='grc' dir='ltr'><strong>ἀπὸ</strong></span> <span class='ocrx_word' id='word_1_337' title='bbox 2616 2030 2707 2082; x_wconf 85' lang='grc' dir='ltr'><strong>τοῦ</strong></span> <span class='ocrx_word' id='word_1_338' title='bbox 2738 2030 2843 2084; x_wconf 79' lang='grc' dir='ltr'><strong>τῶν</strong></span> <span class='ocrx_word' id='word_1_339' title='bbox 2868 2030 3012 2084; x_wconf 83' lang='grc' dir='ltr'>δυοῖν</span> <span class='ocrx_word' id='word_1_340' title='bbox 3041 2031 3278 2102; x_wconf 85' lang='grc' dir='ltr'>πρώτου,</span> <span class='ocrx_word' id='word_1_341' title='bbox 3310 2032 3449 2101; x_wconf 91' lang='grc' dir='ltr'>λέγω</span> <span class='ocrx_word' id='word_1_342' title='bbox 3474 2032 3529 2086; x_wconf 83' lang='grc' dir='ltr'><strong>δὲ</strong></span> <span class='ocrx_word' id='word_1_343' title='bbox 3553 2033 3647 2087; x_wconf 79' lang='grc' dir='ltr'><strong>τοῦ</strong></span> 
     </span>
    </p>
   </div>
   <div class='ocr_carea' id='block_1_48' title="bbox 2085 2117 3649 2190">
    <p class='ocr_par' dir='ltr' id='par_1_48' title="bbox 2085 2117 3649 2190">
     <span class='ocr_line' id='line_1_48' title="bbox 2085 2117 3649 2190; baseline 0.003 -17"><span class='ocrx_word' id='word_1_344' title='bbox 2085 2121 2262 2190; x_wconf 78' lang='grc' dir='ltr'>Ζαρᾶ,</span> <span class='ocrx_word' id='word_1_345' title='bbox 2300 2119 2388 2171; x_wconf 73' lang='grc' dir='ltr'>τὸν</span> <span class='ocrx_word' id='word_1_346' title='bbox 2421 2117 2903 2189; x_wconf 77' lang='grc' dir='ltr'>γενεαλογούμενον</span> <span class='ocrx_word' id='word_1_347' title='bbox 2932 2119 3093 2188; x_wconf 75' lang='grc' dir='ltr'>φῦναι</span> <span class='ocrx_word' id='word_1_348' title='bbox 3125 2123 3352 2190; x_wconf 83' lang='grc' dir='ltr'>είσάγει,</span> <span class='ocrx_word' id='word_1_349' title='bbox 3395 2122 3506 2175; x_wconf 82' lang='grc' dir='ltr'>ἀλλ’</span> <span class='ocrx_word' id='word_1_350' title='bbox 3541 2122 3649 2177; x_wconf 81' lang='grc' dir='ltr'>ἀπὸ</span> 
     </span>
    </p>
   </div>
   <div class='ocr_carea' id='block_1_49' title="bbox 2082 2209 3648 2286">
    <p class='ocr_par' dir='ltr' id='par_1_49' title="bbox 2082 2209 3648 2286">
     <span class='ocr_line' id='line_1_49' title="bbox 2082 2209 3648 2286; baseline 0.003 -23"><span class='ocrx_word' id='word_1_351' title='bbox 2082 2209 2175 2263; x_wconf 88' lang='grc' dir='ltr'><strong>τοῦ</strong></span> <span class='ocrx_word' id='word_1_352' title='bbox 2200 2210 2449 2281; x_wconf 83' lang='grc' dir='ltr'>δευτέρου</span> <span class='ocrx_word' id='word_1_353' title='bbox 2476 2210 2569 2263; x_wconf 89' lang='grc' dir='ltr'><strong>τοῦ</strong></span> <span class='ocrx_word' id='word_1_354' title='bbox 2601 2212 2774 2282; x_wconf 80' lang='grc' dir='ltr'>Φαρές</span> <span class='ocrx_word' id='word_1_355' title='bbox 2795 2230 2807 2242; x_wconf 78' lang='grc'><em>’</em></span> <span class='ocrx_word' id='word_1_356' title='bbox 2841 2211 2960 2265; x_wconf 69' lang='grc' dir='ltr'>ἐπεὶ</span> <span class='ocrx_word' id='word_1_357' title='bbox 2989 2211 3178 2281; x_wconf 86' lang='grc' dir='ltr'>γέγονε</span> <span class='ocrx_word' id='word_1_358' title='bbox 3215 2213 3353 2268; x_wconf 79' lang='grc' dir='ltr'>κατὰ</span> <span class='ocrx_word' id='word_1_359' title='bbox 3384 2215 3559 2286; x_wconf 84' lang='grc' dir='ltr'>σάρκα</span> <span class='ocrx_word' id='word_1_360' title='bbox 3584 2217 3648 2268; x_wconf 84' lang='grc' dir='ltr'><strong>ἐκ</strong></span> 
     </span>
    </p>
   </div>
   <div class='ocr_carea' id='block_1_50' title="bbox 2085 2300 3650 2376">
    <p class='ocr_par' dir='ltr' id='par_1_50' title="bbox 2085 2300 3650 2376">
     <span class='ocr_line' id='line_1_50' title="bbox 2085 2300 3650 2376; baseline 0.004 -24"><span class='ocrx_word' id='word_1_361' title='bbox 2085 2300 2255 2369; x_wconf 80' lang='grc' dir='ltr'>φυλῆς</span> <span class='ocrx_word' id='word_1_362' title='bbox 2282 2302 2374 2353; x_wconf 71' lang='grc' dir='ltr'><strong>καὶ</strong></span> <span class='ocrx_word' id='word_1_363' title='bbox 2405 2300 2712 2371; x_wconf 78' lang='grc' dir='ltr'>σπέρματος</span> <span class='ocrx_word' id='word_1_364' title='bbox 2740 2301 2833 2355; x_wconf 87' lang='grc' dir='ltr'><strong>τοῦ</strong></span> <span class='ocrx_word' id='word_1_365' title='bbox 2858 2302 3105 2371; x_wconf 80' lang='grc' dir='ltr'>δευτέρου</span> <span class='ocrx_word' id='word_1_366' title='bbox 3131 2321 3143 2334; x_wconf 87' lang='grc'><strong>·</strong></span> <span class='ocrx_word' id='word_1_367' title='bbox 3178 2305 3237 2356; x_wconf 83' lang='grc' dir='ltr'><strong>οὐ</strong></span> <span class='ocrx_word' id='word_1_368' title='bbox 3272 2305 3428 2376; x_wconf 86' lang='grc' dir='ltr'>μόνον</span> <span class='ocrx_word' id='word_1_369' title='bbox 3453 2304 3650 2373; x_wconf 83' lang='grc' dir='ltr'>γεννώ-</span> 
     </span>
    </p>
   </div>
   <div class='ocr_carea' id='block_1_51' title="bbox 2085 2394 3644 2469">
    <p class='ocr_par' dir='ltr' id='par_1_51' title="bbox 2085 2394 3644 2469">
     <span class='ocr_line' id='line_1_51' title="bbox 2085 2394 3644 2469; baseline 0.003 -23"><span class='ocrx_word' id='word_1_370' title='bbox 2085 2410 2243 2463; x_wconf 88' lang='grc' dir='ltr'>μενος</span> <span class='ocrx_word' id='word_1_371' title='bbox 2267 2395 2331 2447; x_wconf 84' lang='grc' dir='ltr'><strong>ἐκ</strong></span> <span class='ocrx_word' id='word_1_372' title='bbox 2366 2396 2619 2462; x_wconf 76' lang='grc' dir='ltr'>γυναικὸς</span> <span class='ocrx_word' id='word_1_373' title='bbox 2644 2436 2658 2462; x_wconf 92' lang='grc'><strong>,</strong></span> <span class='ocrx_word' id='word_1_374' title='bbox 2700 2394 2833 2448; x_wconf 81' lang='grc' dir='ltr'>ἀλλὰ</span> <span class='ocrx_word' id='word_1_375' title='bbox 2879 2397 2970 2450; x_wconf 80' lang='grc' dir='ltr'><strong>καὶ</strong></span> <span class='ocrx_word' id='word_1_376' title='bbox 3001 2396 3287 2468; x_wconf 82' lang='grc' dir='ltr'>γενόμενος</span> <span class='ocrx_word' id='word_1_377' title='bbox 3319 2397 3422 2452; x_wconf 83' lang='grc' dir='ltr'><strong>ὑπὸ</strong></span> <span class='ocrx_word' id='word_1_378' title='bbox 3450 2398 3610 2469; x_wconf 87' lang='grc' dir='ltr'>νόμον</span> <span class='ocrx_word' id='word_1_379' title='bbox 3629 2438 3644 2461; x_wconf 90' lang='grc'><strong>,</strong></span> 
     </span>
    </p>
   </div>
   <div class='ocr_carea' id='block_1_52' title="bbox 2081 2484 3645 2561">
    <p class='ocr_par' dir='ltr' id='par_1_52' title="bbox 2081 2484 3645 2561">
     <span class='ocr_line' id='line_1_52' title="bbox 2081 2484 3645 2561; baseline 0.004 -25"><span class='ocrx_word' id='word_1_380' title='bbox 2081 2485 2169 2537; x_wconf 79' lang='grc' dir='ltr'>ἵνα</span> <span class='ocrx_word' id='word_1_381' title='bbox 2210 2484 2452 2547; x_wconf 72' lang='grc' dir='ltr'>καὶτοὺς</span> <span class='ocrx_word' id='word_1_382' title='bbox 2504 2486 2607 2539; x_wconf 80' lang='grc' dir='ltr'><strong>ὑπὸ</strong></span> <span class='ocrx_word' id='word_1_383' title='bbox 2656 2485 2817 2556; x_wconf 81' lang='grc' dir='ltr'>νόμον</span> <span class='ocrx_word' id='word_1_384' title='bbox 2859 2486 3183 2560; x_wconf 79' lang='grc' dir='ltr'>ἐξαγοράσῃ,</span> <span class='ocrx_word' id='word_1_385' title='bbox 3217 2489 3357 2543; x_wconf 75' lang='grc' dir='ltr'>κατὰ</span> <span class='ocrx_word' id='word_1_386' title='bbox 3405 2489 3503 2561; x_wconf 81' lang='grc' dir='ltr'>τὴν</span> <span class='ocrx_word' id='word_1_387' title='bbox 3553 2488 3645 2543; x_wconf 86' lang='grc' dir='ltr'><strong>τοῦ</strong></span> 
     </span>
    </p>
   </div>
   <div class='ocr_carea' id='block_1_53' title="bbox 2096 2576 3255 2651">
    <p class='ocr_par' dir='ltr' id='par_1_53' title="bbox 2096 2576 3255 2651">
     <span class='ocr_line' id='line_1_53' title="bbox 2096 2576 3255 2651; baseline 0.004 -23"><span class='ocrx_word' id='word_1_388' title='bbox 2096 2576 2416 2628; x_wconf 78' lang='grc' dir='ltr'>Ἀποστόλου</span> <span class='ocrx_word' id='word_1_389' title='bbox 2445 2578 2537 2630; x_wconf 73' lang='grc' dir='ltr'><strong>καὶ</strong></span> <span class='ocrx_word' id='word_1_390' title='bbox 2561 2578 2686 2649; x_wconf 64' lang='grc' dir='ltr'><strong>περ)⁵</strong></span> <span class='ocrx_word' id='word_1_391' title='bbox 2708 2577 2899 2630; x_wconf 76' lang='grc' dir='ltr'>τούτου</span> <span class='ocrx_word' id='word_1_392' title='bbox 2928 2580 3255 2651; x_wconf 78' lang='grc' dir='ltr'>μαρτυρίαν.</span> 
     </span>
    </p>
   </div>
   <div class='ocr_carea' id='block_1_54' title="bbox 2811 2734 2889 2786">
    <p class='ocr_par' dir='ltr' id='par_1_54' title="bbox 2811 2734 2889 2786">
     <span class='ocr_line' id='line_1_54' title="bbox 2811 2734 2889 2786; baseline 0 0"><span class='ocrx_word' id='word_1_393' title='bbox 2811 2734 2889 2786; x_wconf 85' lang='lat' dir='ltr'><strong>H&#39;.</strong></span> 
     </span>
    </p>
   </div>
   <div class='ocr_carea' id='block_1_55' title="bbox 2076 2866 3646 2941">
    <p class='ocr_par' dir='ltr' id='par_1_55' title="bbox 2076 2866 3646 2941">
     <span class='ocr_line' id='line_1_55' title="bbox 2076 2866 3646 2941; baseline 0.004 -21"><span class='ocrx_word' id='word_1_394' title='bbox 2076 2868 2176 2922; x_wconf 88' lang='grc' dir='ltr'><strong>Διὰ</strong></span> <span class='ocrx_word' id='word_1_395' title='bbox 2220 2868 2277 2920; x_wconf 82' lang='grc' dir='ltr'><strong>τί</strong></span> <span class='ocrx_word' id='word_1_396' title='bbox 2321 2866 2431 2941; x_wconf 69' lang='grc' dir='ltr'>τῇς</span> <span class='ocrx_word' id='word_1_397' title='bbox 2483 2867 2589 2921; x_wconf 79' lang='grc' dir='ltr'><strong>τοῦ</strong></span> <span class='ocrx_word' id='word_1_398' title='bbox 2641 2870 2855 2941; x_wconf 71' lang='grc' dir='ltr'>Οὐρίου</span> <span class='ocrx_word' id='word_1_399' title='bbox 2905 2871 3190 2937; x_wconf 74' lang='grc' dir='ltr'>γυναικὸς</span> <span class='ocrx_word' id='word_1_400' title='bbox 3237 2872 3507 2941; x_wconf 78' lang='grc' dir='ltr'>ἐμνήσθη</span> <span class='ocrx_word' id='word_1_401' title='bbox 3546 2873 3646 2927; x_wconf 78' lang='grc' dir='ltr'><strong>ἐπὶ</strong></span> 
     </span>
    </p>
   </div>
   <div class='ocr_carea' id='block_1_56' title="bbox 2325 2937 3397 3010">
    <p class='ocr_par' dir='ltr' id='par_1_56' title="bbox 2325 2937 3397 3010">
     <span class='ocr_line' id='line_1_56' title="bbox 2325 2937 3397 3010; baseline 0.006 -20"><span class='ocrx_word' id='word_1_402' title='bbox 2325 2937 2430 3007; x_wconf 80' lang='grc' dir='ltr'>τῆς</span> <span class='ocrx_word' id='word_1_403' title='bbox 2456 2940 2846 3009; x_wconf 66' lang='grc' dir='ltr'>γενεαλογίας</span> <span class='ocrx_word' id='word_1_404' title='bbox 2882 2944 2913 2993; x_wconf 84' lang='grc' dir='ltr'><em>ὀ</em></span> <span class='ocrx_word' id='word_1_405' title='bbox 2948 2937 3397 3010; x_wconf 64' lang='grc' dir='ltr'>εὐαγγελιστήςέ.</span> 
     </span>
    </p>
   </div>
   <div class='ocr_carea' id='block_1_57' title="bbox 2146 3049 3642 3121">
    <p class='ocr_par' dir='ltr' id='par_1_57' title="bbox 2146 3049 3642 3121">
     <span class='ocr_line' id='line_1_57' title="bbox 2146 3049 3642 3121; baseline 0.001 -17"><span class='ocrx_word' id='word_1_406' title='bbox 2146 3058 2215 3104; x_wconf 83' lang='grc' dir='ltr'><strong>α’.</strong></span> <span class='ocrx_word' id='word_1_407' title='bbox 2250 3051 2545 3121; x_wconf 80' lang='grc' dir='ltr'>Μονονουχὶ</span> <span class='ocrx_word' id='word_1_408' title='bbox 2575 3051 2660 3103; x_wconf 80' lang='grc' dir='ltr'><strong>διὰ</strong></span> <span class='ocrx_word' id='word_1_409' title='bbox 2698 3049 2792 3102; x_wconf 85' lang='grc' dir='ltr'><strong>τοῦ</strong></span> <span class='ocrx_word' id='word_1_410' title='bbox 2841 3050 3035 3119; x_wconf 81' lang='grc' dir='ltr'>φάναι,</span> <span class='ocrx_word' id='word_1_411' title='bbox 3072 3070 3090 3103; x_wconf 80' lang='grc' dir='ltr'><strong>ι</strong></span> <span class='ocrx_word' id='word_1_412' title='bbox 3120 3049 3282 3103; x_wconf 75' lang='grc' dir='ltr'><strong>Δαϐὶδ</strong></span> <span class='ocrx_word' id='word_1_413' title='bbox 3325 3054 3352 3104; x_wconf 85' lang='grc' dir='ltr'>ὁ</span> <span class='ocrx_word' id='word_1_414' title='bbox 3391 3051 3642 3121; x_wconf 81' lang='grc' dir='ltr'>βασιλεὺς</span> 
     </span>
    </p>
   </div>
   <div class='ocr_carea' id='block_1_58' title="bbox 2075 3139 3643 3212">
    <p class='ocr_par' dir='ltr' id='par_1_58' title="bbox 2075 3139 3643 3212">
     <span class='ocr_line' id='line_1_58' title="bbox 2075 3139 3643 3212; baseline -0.001 -18"><span class='ocrx_word' id='word_1_415' title='bbox 2075 3141 2328 3212; x_wconf 78' lang='grc' dir='ltr'>ἐγέννησε</span> <span class='ocrx_word' id='word_1_416' title='bbox 2357 3141 2445 3194; x_wconf 76' lang='grc' dir='ltr'><strong>τὸν</strong></span> <span class='ocrx_word' id='word_1_417' title='bbox 2466 3139 2749 3210; x_wconf 84' lang='grc' dir='ltr'>Σολομῶνα</span> <span class='ocrx_word' id='word_1_418' title='bbox 2773 3142 2836 3192; x_wconf 80' lang='grc' dir='ltr'><strong>ἐκ</strong></span> <span class='ocrx_word' id='word_1_419' title='bbox 2864 3140 2962 3211; x_wconf 79' lang='grc' dir='ltr'><strong>τῆς</strong></span> <span class='ocrx_word' id='word_1_420' title='bbox 2988 3139 3083 3193; x_wconf 85' lang='grc' dir='ltr'><strong>τοῦ</strong></span> <span class='ocrx_word' id='word_1_421' title='bbox 3116 3140 3333 3211; x_wconf 77' lang='grc' dir='ltr'>Οὐρίου,</span> <span class='ocrx_word' id='word_1_422' title='bbox 3363 3158 3381 3191; x_wconf 76' lang='grc' dir='ltr'><strong>ι</strong></span> <span class='ocrx_word' id='word_1_423' title='bbox 3407 3140 3643 3193; x_wconf 80' lang='grc' dir='ltr'>τοιοῦτόν</span> 
     </span>
    </p>
   </div>
   <div class='ocr_carea' id='block_1_59' title="bbox 2075 3231 3636 3304">
    <p class='ocr_par' dir='ltr' id='par_1_59' title="bbox 2075 3231 3636 3304">
     <span class='ocr_line' id='line_1_59' title="bbox 2075 3231 3636 3304; baseline -0.001 -18"><span class='ocrx_word' id='word_1_424' title='bbox 2075 3250 2130 3286; x_wconf 89' lang='grc' dir='ltr'><strong>τι</strong></span> <span class='ocrx_word' id='word_1_425' title='bbox 2164 3232 2306 3285; x_wconf 74' lang='grc' dir='ltr'>ἔοικε</span> <span class='ocrx_word' id='word_1_426' title='bbox 2355 3231 2544 3303; x_wconf 73' lang='grc' dir='ltr'>δηλοῦν</span> <span class='ocrx_word' id='word_1_427' title='bbox 2575 3235 2609 3304; x_wconf 78' lang='grc' dir='ltr'>ἡ</span> <span class='ocrx_word' id='word_1_428' title='bbox 2664 3232 2841 3303; x_wconf 74' lang='grc' dir='ltr'>βίϐλος</span> <span class='ocrx_word' id='word_1_429' title='bbox 2875 3232 3010 3303; x_wconf 58' lang='grc' dir='ltr'>αὕτη</span> <span class='ocrx_word' id='word_1_430' title='bbox 3044 3232 3139 3302; x_wconf 80' lang='grc' dir='ltr'>τῆς</span> <span class='ocrx_word' id='word_1_431' title='bbox 3182 3231 3354 3301; x_wconf 86' lang='grc' dir='ltr'>Ἰησοῦ</span> <span class='ocrx_word' id='word_1_432' title='bbox 3403 3232 3636 3304; x_wconf 82' lang='grc' dir='ltr'>Χριστοῦ</span> 
     </span>
    </p>
   </div>
   <div class='ocr_carea' id='block_1_60' title="bbox 415 3321 1976 3403">
    <p class='ocr_par' dir='ltr' id='par_1_60' title="bbox 415 3321 1973 3403">
     <span class='ocr_line' id='line_1_60' title="bbox 415 3321 1973 3403; baseline 0.01 -27"><span class='ocrx_word' id='word_1_433' title='bbox 415 3321 532 3380; x_wconf 83' lang='lat' dir='ltr'><strong>fore</strong></span> <span class='ocrx_word' id='word_1_434' title='bbox 580 3330 641 3384; x_wconf 82' lang='lat' dir='ltr'><strong>ut</strong></span> <span class='ocrx_word' id='word_1_435' title='bbox 669 3340 794 3382; x_wconf 84' lang='lat' dir='ltr'><strong>mox</strong></span> <span class='ocrx_word' id='word_1_436' title='bbox 823 3341 1014 3395; x_wconf 90' lang='lat' dir='ltr'><strong>preces</strong></span> <span class='ocrx_word' id='word_1_437' title='bbox 1060 3326 1279 3385; x_wconf 88' lang='lat' dir='ltr'><strong>Davidis</strong></span> <span class='ocrx_word' id='word_1_438' title='bbox 1322 3346 1386 3386; x_wconf 90' lang='lat' dir='ltr'><strong>ac</strong></span> <span class='ocrx_word' id='word_1_439' title='bbox 1438 3332 1867 3403; x_wconf 75' lang='lat' dir='ltr'><strong>supplicationes</strong></span> <span class='ocrx_word' id='word_1_440' title='bbox 1914 3351 1973 3392; x_wconf 91' lang='lat' dir='ltr'><strong>re</strong></span> 
     </span>
    </p>
   </div>
   <div class='ocr_carea' id='block_1_61' title="bbox 2080 3321 3638 3403">
    <p class='ocr_par' dir='ltr' id='par_1_61' title="bbox 2080 3322 3638 3392">
     <span class='ocr_line' id='line_1_61' title="bbox 2080 3322 3638 3392; baseline 0.001 -17"><span class='ocrx_word' id='word_1_441' title='bbox 2080 3322 2357 3392; x_wconf 84' lang='grc' dir='ltr'>γενέσεως,</span> <span class='ocrx_word' id='word_1_442' title='bbox 2386 3322 2482 3387; x_wconf 82' lang='grc' dir='ltr'>τὰς</span> <span class='ocrx_word' id='word_1_443' title='bbox 2506 3323 2777 3387; x_wconf 82' lang='grc' dir='ltr'>λιτανείας</span> <span class='ocrx_word' id='word_1_444' title='bbox 2822 3324 2914 3377; x_wconf 72' lang='grc' dir='ltr'>καὶ</span> <span class='ocrx_word' id='word_1_445' title='bbox 2956 3323 3051 3387; x_wconf 79' lang='grc' dir='ltr'>τὰς</span> <span class='ocrx_word' id='word_1_446' title='bbox 3088 3323 3293 3385; x_wconf 83' lang='grc' dir='ltr'>ἱκεσίας</span> <span class='ocrx_word' id='word_1_447' title='bbox 3338 3323 3431 3377; x_wconf 89' lang='grc' dir='ltr'><strong>τοῦ</strong></span> <span class='ocrx_word' id='word_1_448' title='bbox 3476 3324 3638 3377; x_wconf 76' lang='grc' dir='ltr'><strong>Δαὸὶδ</strong></span> 
     </span>
    </p>
   </div>
   <div class='ocr_carea' id='block_1_62' title="bbox 413 3418 1971 3487">
    <p class='ocr_par' dir='ltr' id='par_1_62' title="bbox 413 3418 1971 3487">
     <span class='ocr_line' id='line_1_62' title="bbox 413 3418 1971 3487; baseline 0.009 -17"><span class='ocrx_word' id='word_1_449' title='bbox 413 3420 600 3487; x_wconf 80' lang='lat' dir='ltr'><strong>optata</strong></span> <span class='ocrx_word' id='word_1_450' title='bbox 632 3418 930 3487; x_wconf 88' lang='lat' dir='ltr'><strong>potiantur.</strong></span> <span class='ocrx_word' id='word_1_451' title='bbox 978 3419 1232 3477; x_wconf 86' lang='lat' dir='ltr'><strong>Continet</strong></span> <span class='ocrx_word' id='word_1_452' title='bbox 1262 3423 1405 3477; x_wconf 88' lang='lat' dir='ltr'><strong>enim</strong></span> <span class='ocrx_word' id='word_1_453' title='bbox 1451 3425 1590 3481; x_wconf 89' lang='lat' dir='ltr'><strong>liber</strong></span> <span class='ocrx_word' id='word_1_454' title='bbox 1637 3428 1971 3484; x_wconf 88' lang='lat' dir='ltr'><strong>incarnatio-</strong></span> 
     </span>
    </p>
   </div>
   <div class='ocr_carea' id='block_1_63' title="bbox 410 3504 1968 3588">
    <p class='ocr_par' dir='ltr' id='par_1_63' title="bbox 410 3504 1968 3588">
     <span class='ocr_line' id='line_1_63' title="bbox 410 3504 1968 3588; baseline 0.009 -27"><span class='ocrx_word' id='word_1_455' title='bbox 410 3520 537 3562; x_wconf 86' lang='lat' dir='ltr'><strong>nem</strong></span> <span class='ocrx_word' id='word_1_456' title='bbox 589 3504 725 3563; x_wconf 80' lang='lat' dir='ltr'><strong>Jesu</strong></span> <span class='ocrx_word' id='word_1_457' title='bbox 764 3508 970 3566; x_wconf 88' lang='lat' dir='ltr'><strong>Christi</strong></span> <span class='ocrx_word' id='word_1_458' title='bbox 1020 3510 1331 3571; x_wconf 88' lang='lat' dir='ltr'><strong>Servatoris</strong></span> <span class='ocrx_word' id='word_1_459' title='bbox 1366 3518 1611 3572; x_wconf 90' lang='lat' dir='ltr'><strong>omnium</strong></span> <span class='ocrx_word' id='word_1_460' title='bbox 1651 3528 1705 3574; x_wconf 89' lang='lat' dir='ltr'><strong>et</strong></span> <span class='ocrx_word' id='word_1_461' title='bbox 1749 3521 1968 3588; x_wconf 88' lang='lat' dir='ltr'><strong>medici,</strong></span> 
     </span>
    </p>
   </div>
   <div class='ocr_carea' id='block_1_64' title="bbox 414 3597 1970 3672">
    <p class='ocr_par' dir='ltr' id='par_1_64' title="bbox 414 3597 1970 3672">
     <span class='ocr_line' id='line_1_64' title="bbox 414 3597 1970 3672; baseline 0.01 -21"><span class='ocrx_word' id='word_1_462' title='bbox 414 3597 575 3668; x_wconf 88' lang='lat' dir='ltr'><strong>cujus</strong></span> <span class='ocrx_word' id='word_1_463' title='bbox 602 3599 766 3661; x_wconf 86' lang='lat' dir='ltr'><strong>unius</strong></span> <span class='ocrx_word' id='word_1_464' title='bbox 789 3615 955 3671; x_wconf 89' lang='lat' dir='ltr'><strong>opera</strong></span> <span class='ocrx_word' id='word_1_465' title='bbox 983 3604 1240 3672; x_wconf 84' lang='lat' dir='ltr'><strong>sperabat</strong></span> <span class='ocrx_word' id='word_1_466' title='bbox 1278 3604 1449 3661; x_wconf 82' lang='lat' dir='ltr'><strong>David</strong></span> <span class='ocrx_word' id='word_1_467' title='bbox 1483 3623 1541 3663; x_wconf 91' lang='lat' dir='ltr'><strong>se</strong></span> <span class='ocrx_word' id='word_1_468' title='bbox 1578 3610 1970 3666; x_wconf 84' lang='lat' dir='ltr'><strong>absolvendum</strong></span> 
     </span>
    </p>
   </div>
   <div class='ocr_carea' id='block_1_65' title="bbox 414 3691 1970 3771">
    <p class='ocr_par' dir='ltr' id='par_1_65' title="bbox 414 3691 1970 3771">
     <span class='ocr_line' id='line_1_65' title="bbox 414 3691 1970 3771; baseline 0.008 -26"><span class='ocrx_word' id='word_1_469' title='bbox 414 3704 589 3746; x_wconf 89' lang='lat' dir='ltr'><strong>essea</strong></span> <span class='ocrx_word' id='word_1_470' title='bbox 623 3691 853 3750; x_wconf 88' lang='lat' dir='ltr'><strong>crimine</strong></span> <span class='ocrx_word' id='word_1_471' title='bbox 873 3695 1021 3750; x_wconf 88' lang='lat' dir='ltr'><strong>circa</strong></span> <span class='ocrx_word' id='word_1_472' title='bbox 1074 3695 1259 3751; x_wconf 89' lang='lat' dir='ltr'><strong>Uriam</strong></span> <span class='ocrx_word' id='word_1_473' title='bbox 1293 3699 1521 3771; x_wconf 81' lang='lat' dir='ltr'><strong>ejusque</strong></span> <span class='ocrx_word' id='word_1_474' title='bbox 1549 3717 1772 3756; x_wconf 82' lang='lat' dir='ltr'><strong>uxorem</strong></span> <span class='ocrx_word' id='word_1_475' title='bbox 1796 3743 1813 3771; x_wconf 94' lang='lat'><strong>,</strong></span> <span class='ocrx_word' id='word_1_476' title='bbox 1847 3711 1901 3759; x_wconf 91' lang='lat' dir='ltr'><strong>et</strong></span> <span class='ocrx_word' id='word_1_477' title='bbox 1938 3718 1970 3757; x_wconf 89' lang='lat' dir='ltr'><strong>a</strong></span> 
     </span>
    </p>
   </div>
   <div class='ocr_carea' id='block_1_66' title="bbox 410 3781 1969 3864">
    <p class='ocr_par' dir='ltr' id='par_1_66' title="bbox 410 3781 1969 3864">
     <span class='ocr_line' id='line_1_66' title="bbox 410 3781 1969 3864; baseline 0.011 -29"><span class='ocrx_word' id='word_1_478' title='bbox 410 3781 606 3837; x_wconf 84' lang='lat' dir='ltr'><strong>mortis</strong></span> <span class='ocrx_word' id='word_1_479' title='bbox 642 3783 856 3840; x_wconf 85' lang='lat' dir='ltr'><strong>calculo</strong></span> <span class='ocrx_word' id='word_1_480' title='bbox 903 3786 1320 3857; x_wconf 77' lang='lat' dir='ltr'><strong>expediendum.</strong></span> <span class='ocrx_word' id='word_1_481' title='bbox 1364 3790 1439 3847; x_wconf 89' lang='lat' dir='ltr'><strong>De</strong></span> <span class='ocrx_word' id='word_1_482' title='bbox 1498 3793 1600 3848; x_wconf 88' lang='lat' dir='ltr'><strong>hoc</strong></span> <span class='ocrx_word' id='word_1_483' title='bbox 1644 3795 1810 3864; x_wconf 89' lang='lat' dir='ltr'><strong>igitur</strong></span> <span class='ocrx_word' id='word_1_484' title='bbox 1839 3794 1969 3852; x_wconf 80' lang='lat' dir='ltr'><strong>Jesu</strong></span> 
     </span>
    </p>
   </div>
   <div class='ocr_carea' id='block_1_67' title="bbox 409 3871 1968 3951">
    <p class='ocr_par' dir='ltr' id='par_1_67' title="bbox 409 3871 1968 3951">
     <span class='ocr_line' id='line_1_67' title="bbox 409 3871 1968 3951; baseline 0.007 -23"><span class='ocrx_word' id='word_1_485' title='bbox 409 3871 629 3929; x_wconf 88' lang='lat' dir='ltr'><strong>Christo</strong></span> <span class='ocrx_word' id='word_1_486' title='bbox 675 3891 866 3932; x_wconf 89' lang='lat' dir='ltr'><strong>necem</strong></span> <span class='ocrx_word' id='word_1_487' title='bbox 912 3878 1179 3935; x_wconf 88' lang='lat' dir='ltr'><strong>subeunte</strong></span> <span class='ocrx_word' id='word_1_488' title='bbox 1224 3880 1425 3951; x_wconf 89' lang='lat' dir='ltr'><strong>(cujus</strong></span> <span class='ocrx_word' id='word_1_489' title='bbox 1469 3882 1737 3940; x_wconf 82' lang='lat' dir='ltr'><strong>beneﬁcio</strong></span> <span class='ocrx_word' id='word_1_490' title='bbox 1787 3887 1968 3940; x_wconf 90' lang='lat' dir='ltr'><strong>anima</strong></span> 
     </span>
    </p>
   </div>
   <div class='ocr_carea' id='block_1_68' title="bbox 406 3963 1967 4040">
    <p class='ocr_par' dir='ltr' id='par_1_68' title="bbox 406 3963 1967 4040">
     <span class='ocr_line' id='line_1_68' title="bbox 406 3963 1967 4040; baseline 0.008 -24"><span class='ocrx_word' id='word_1_491' title='bbox 406 3978 624 4033; x_wconf 82' lang='lat' dir='ltr'><strong>quoque</strong></span> <span class='ocrx_word' id='word_1_492' title='bbox 651 3963 869 4021; x_wconf 90' lang='lat' dir='ltr'><strong>Davidis</strong></span> <span class='ocrx_word' id='word_1_493' title='bbox 898 3966 1175 4023; x_wconf 88' lang='lat' dir='ltr'><strong>liberanda</strong></span> <span class='ocrx_word' id='word_1_494' title='bbox 1206 3972 1345 4040; x_wconf 91' lang='lat' dir='ltr'><strong>erat)</strong></span> <span class='ocrx_word' id='word_1_495' title='bbox 1378 3972 1679 4027; x_wconf 84' lang='lat' dir='ltr'><strong>vaticinans</strong></span> <span class='ocrx_word' id='word_1_496' title='bbox 1722 3973 1779 4027; x_wconf 91' lang='lat' dir='ltr'><strong>in</strong></span> <span class='ocrx_word' id='word_1_497' title='bbox 1813 3973 1967 4029; x_wconf 90' lang='lat' dir='ltr'><strong>Psal-</strong></span> 
     </span>
    </p>
   </div>
   <div class='ocr_carea' id='block_1_69' title="bbox 406 4053 1968 4124">
    <p class='ocr_par' dir='ltr' id='par_1_69' title="bbox 406 4053 1968 4124">
     <span class='ocr_line' id='line_1_69' title="bbox 406 4053 1968 4124; baseline 0.008 -16"><span class='ocrx_word' id='word_1_498' title='bbox 406 4054 514 4117; x_wconf 84' lang='lat' dir='ltr'><strong>mis</strong></span> <span class='ocrx_word' id='word_1_499' title='bbox 543 4053 683 4110; x_wconf 89' lang='lat' dir='ltr'><strong>idem</strong></span> <span class='ocrx_word' id='word_1_500' title='bbox 713 4055 882 4113; x_wconf 83' lang='lat' dir='ltr'><strong>David</strong></span> <span class='ocrx_word' id='word_1_501' title='bbox 903 4099 916 4124; x_wconf 92' lang='lat'><strong>,</strong></span> <span class='ocrx_word' id='word_1_502' title='bbox 945 4059 1267 4115; x_wconf 87' lang='lat' dir='ltr'><strong>descensum</strong></span> <span class='ocrx_word' id='word_1_503' title='bbox 1304 4060 1611 4118; x_wconf 88' lang='lat' dir='ltr'><strong>Servatoris</strong></span> <span class='ocrx_word' id='word_1_504' title='bbox 1643 4064 1712 4118; x_wconf 91' lang='lat' dir='ltr'><strong>ad</strong></span> <span class='ocrx_word' id='word_1_505' title='bbox 1763 4064 1968 4120; x_wconf 84' lang='lat' dir='ltr'><strong>inferos</strong></span> 
     </span>
    </p>
   </div>
   <div class='ocr_carea' id='block_1_70' title="bbox 408 4148 1970 4224">
    <p class='ocr_par' dir='ltr' id='par_1_70' title="bbox 408 4148 1970 4224">
     <span class='ocr_line' id='line_1_70' title="bbox 408 4148 1970 4224; baseline 0.008 -24"><span class='ocrx_word' id='word_1_506' title='bbox 408 4160 675 4217; x_wconf 79' lang='lat' dir='ltr'><strong>suamque</strong></span> <span class='ocrx_word' id='word_1_507' title='bbox 704 4148 876 4218; x_wconf 87' lang='lat' dir='ltr'><strong>ipsius</strong></span> <span class='ocrx_word' id='word_1_508' title='bbox 906 4151 1134 4206; x_wconf 89' lang='lat' dir='ltr'><strong>salutem</strong></span> <span class='ocrx_word' id='word_1_509' title='bbox 1168 4152 1515 4224; x_wconf 81' lang='lat' dir='ltr'><strong>signiﬁcavit,</strong></span> <span class='ocrx_word' id='word_1_510' title='bbox 1547 4155 1740 4210; x_wconf 90' lang='lat' dir='ltr'><strong>dicens</strong></span> <span class='ocrx_word' id='word_1_511' title='bbox 1774 4176 1786 4211; x_wconf 91' lang='lat'><strong>:</strong></span> <span class='ocrx_word' id='word_1_512' title='bbox 1820 4176 1838 4209; x_wconf 82' lang='grc' dir='ltr'><strong>ι</strong></span> <span class='ocrx_word' id='word_1_513' title='bbox 1865 4155 1970 4212; x_wconf 91' lang='lat' dir='ltr'><strong>Do-</strong></span> 
     </span>
    </p>
   </div>
   <div class='ocr_carea' id='block_1_71' title="bbox 406 4234 1966 4310">
    <p class='ocr_par' dir='ltr' id='par_1_71' title="bbox 406 4234 1966 4310">
     <span class='ocr_line' id='line_1_71' title="bbox 406 4234 1966 4310; baseline 0.007 -21"><span class='ocrx_word' id='word_1_514' title='bbox 406 4234 576 4299; x_wconf 87' lang='lat' dir='ltr'><strong>mine,</strong></span> <span class='ocrx_word' id='word_1_515' title='bbox 606 4235 843 4292; x_wconf 81' lang='lat' dir='ltr'><strong>eduxisti</strong></span> <span class='ocrx_word' id='word_1_516' title='bbox 871 4252 936 4292; x_wconf 82' lang='lat' dir='ltr'><strong>ex</strong></span> <span class='ocrx_word' id='word_1_517' title='bbox 964 4239 1155 4295; x_wconf 76' lang='lat' dir='ltr'><strong>inferis</strong></span> <span class='ocrx_word' id='word_1_518' title='bbox 1205 4242 1446 4296; x_wconf 86' lang='lat' dir='ltr'><strong>animam</strong></span> <span class='ocrx_word' id='word_1_519' title='bbox 1504 4259 1702 4310; x_wconf 88' lang='lat' dir='ltr'><strong>meam,</strong></span> <span class='ocrx_word' id='word_1_520' title='bbox 1735 4246 1966 4302; x_wconf 86' lang='lat' dir='ltr'><strong>servasti</strong></span> 
     </span>
    </p>
   </div>
   <div class='ocr_carea' id='block_1_72' title="bbox 2074 3415 3635 3488">
    <p class='ocr_par' dir='ltr' id='par_1_72' title="bbox 2074 3415 3635 3488">
     <span class='ocr_line' id='line_1_72' title="bbox 2074 3415 3635 3488; baseline 0.001 -19"><span class='ocrx_word' id='word_1_521' title='bbox 2074 3416 2196 3469; x_wconf 81' lang='grc' dir='ltr'>ὅσον</span> <span class='ocrx_word' id='word_1_522' title='bbox 2228 3415 2379 3470; x_wconf 78' lang='grc' dir='ltr'>οὐπω</span> <span class='ocrx_word' id='word_1_523' title='bbox 2439 3418 2810 3488; x_wconf 75' lang='grc' dir='ltr'>προχωρήσειν</span> <span class='ocrx_word' id='word_1_524' title='bbox 2868 3418 2941 3480; x_wconf 85' lang='grc' dir='ltr'><strong>είς</strong></span> <span class='ocrx_word' id='word_1_525' title='bbox 2994 3415 3140 3479; x_wconf 81' lang='grc' dir='ltr'>τέλος</span> <span class='ocrx_word' id='word_1_526' title='bbox 3197 3415 3635 3485; x_wconf 75' lang='grc' dir='ltr'>εὐαγγελίζεται·</span> 
     </span>
    </p>
   </div>
   <div class='ocr_carea' id='block_1_73' title="bbox 2076 3506 3638 3579">
    <p class='ocr_par' dir='ltr' id='par_1_73' title="bbox 2076 3506 3638 3579">
     <span class='ocr_line' id='line_1_73' title="bbox 2076 3506 3638 3579; baseline 0 -19"><span class='ocrx_word' id='word_1_527' title='bbox 2076 3507 2316 3579; x_wconf 79' lang='grc' dir='ltr'>περιέχει</span> <span class='ocrx_word' id='word_1_528' title='bbox 2369 3508 2493 3575; x_wconf 86' lang='grc' dir='ltr'>γοῦν</span> <span class='ocrx_word' id='word_1_529' title='bbox 2551 3508 2646 3577; x_wconf 75' lang='grc' dir='ltr'>τὴν</span> <span class='ocrx_word' id='word_1_530' title='bbox 2690 3508 2998 3578; x_wconf 77' lang='grc' dir='ltr'>οἰκονομίαν</span> <span class='ocrx_word' id='word_1_531' title='bbox 3056 3506 3229 3578; x_wconf 83' lang='grc' dir='ltr'>Ἰησοῦ</span> <span class='ocrx_word' id='word_1_532' title='bbox 3276 3507 3511 3579; x_wconf 80' lang='grc' dir='ltr'>Χριστοῦ</span> <span class='ocrx_word' id='word_1_533' title='bbox 3545 3506 3638 3560; x_wconf 83' lang='grc' dir='ltr'><strong>τοῦ</strong></span> 
     </span>
    </p>
   </div>
   <div class='ocr_carea' id='block_1_74' title="bbox 2075 3592 3643 3671">
    <p class='ocr_par' dir='ltr' id='par_1_74' title="bbox 2075 3592 3643 3671">
     <span class='ocr_line' id='line_1_74' title="bbox 2075 3592 3643 3671; baseline 0 -18"><span class='ocrx_word' id='word_1_534' title='bbox 2075 3601 2324 3671; x_wconf 76' lang='grc' dir='ltr'>Σωτῆρος</span> <span class='ocrx_word' id='word_1_535' title='bbox 2354 3599 2461 3652; x_wconf 80' lang='grc' dir='ltr'><strong>τῶν</strong></span> <span class='ocrx_word' id='word_1_536' title='bbox 2491 3600 2625 3653; x_wconf 82' lang='grc' dir='ltr'>ὅλων</span> <span class='ocrx_word' id='word_1_537' title='bbox 2648 3600 2741 3653; x_wconf 74' lang='grc' dir='ltr'><strong>καὶ</strong></span> <span class='ocrx_word' id='word_1_538' title='bbox 2775 3600 2979 3670; x_wconf 79' lang='grc' dir='ltr'>ἰατροῦ,</span> <span class='ocrx_word' id='word_1_539' title='bbox 3010 3599 3075 3653; x_wconf 81' lang='grc' dir='ltr'><strong>δι’</strong></span> <span class='ocrx_word' id='word_1_540' title='bbox 3120 3592 3180 3653; x_wconf 76' lang='grc' dir='ltr'><strong>οὗ</strong></span> <span class='ocrx_word' id='word_1_541' title='bbox 3209 3601 3368 3670; x_wconf 80' lang='grc' dir='ltr'>μόνου</span> <span class='ocrx_word' id='word_1_542' title='bbox 3397 3600 3551 3664; x_wconf 74' lang='grc' dir='ltr'>ἐλπὶς</span> <span class='ocrx_word' id='word_1_543' title='bbox 3577 3596 3643 3671; x_wconf 78' lang='grc' dir='ltr'>ἦν</span> 
     </span>
    </p>
   </div>
   <div class='ocr_carea' id='block_1_75' title="bbox 2075 3690 3640 3763">
    <p class='ocr_par' dir='ltr' id='par_1_75' title="bbox 2075 3690 3640 3763">
     <span class='ocr_line' id='line_1_75' title="bbox 2075 3690 3640 3763; baseline 0 -18"><span class='ocrx_word' id='word_1_544' title='bbox 2075 3694 2169 3745; x_wconf 79' lang='grc' dir='ltr'>καὶ</span> <span class='ocrx_word' id='word_1_545' title='bbox 2212 3692 2288 3763; x_wconf 82' lang='grc' dir='ltr'>τῷ</span> <span class='ocrx_word' id='word_1_546' title='bbox 2322 3691 2483 3744; x_wconf 73' lang='grc' dir='ltr'>Δαϐὶδ</span> <span class='ocrx_word' id='word_1_547' title='bbox 2528 3693 2625 3761; x_wconf 79' lang='grc' dir='ltr'>τῆς</span> <span class='ocrx_word' id='word_1_548' title='bbox 2654 3692 2793 3745; x_wconf 77' lang='grc' dir='ltr'>κατὰ</span> <span class='ocrx_word' id='word_1_549' title='bbox 2831 3693 2921 3744; x_wconf 86' lang='grc' dir='ltr'><strong>τὸν</strong></span> <span class='ocrx_word' id='word_1_550' title='bbox 2950 3693 3151 3763; x_wconf 84' lang='grc' dir='ltr'>Οὐρίαν</span> <span class='ocrx_word' id='word_1_551' title='bbox 3186 3693 3280 3744; x_wconf 74' lang='grc' dir='ltr'>καὶ</span> <span class='ocrx_word' id='word_1_552' title='bbox 3313 3692 3409 3763; x_wconf 81' lang='grc' dir='ltr'><strong>τὴν</strong></span> <span class='ocrx_word' id='word_1_553' title='bbox 3452 3690 3640 3745; x_wconf 84' lang='grc' dir='ltr'>τούτου</span> 
     </span>
    </p>
   </div>
   <div class='ocr_carea' id='block_1_76' title="bbox 2073 3783 3642 3854">
    <p class='ocr_par' dir='ltr' id='par_1_76' title="bbox 2073 3783 3642 3854">
     <span class='ocr_line' id='line_1_76' title="bbox 2073 3783 3642 3854; baseline -0.001 -17"><span class='ocrx_word' id='word_1_554' title='bbox 2073 3788 2304 3854; x_wconf 88' lang='grc' dir='ltr'>γυναῖκα</span> <span class='ocrx_word' id='word_1_555' title='bbox 2353 3785 2623 3854; x_wconf 83' lang='grc' dir='ltr'>ἁμαρτίας</span> <span class='ocrx_word' id='word_1_556' title='bbox 2674 3783 3135 3854; x_wconf 80' lang='grc' dir='ltr'>ἀπολυθήσεσθαι,</span> <span class='ocrx_word' id='word_1_557' title='bbox 3173 3785 3267 3838; x_wconf 76' lang='grc' dir='ltr'><strong>καὶ</strong></span> <span class='ocrx_word' id='word_1_558' title='bbox 3318 3784 3417 3854; x_wconf 78' lang='grc' dir='ltr'>τῆς</span> <span class='ocrx_word' id='word_1_559' title='bbox 3463 3785 3520 3836; x_wconf 90' lang='grc' dir='ltr'><strong>ἐν</strong></span> <span class='ocrx_word' id='word_1_560' title='bbox 3563 3783 3642 3853; x_wconf 86' lang='grc' dir='ltr'>τῷ</span> 
     </span>
    </p>
   </div>
   <div class='ocr_carea' id='block_1_77' title="bbox 2078 3875 3642 3947">
    <p class='ocr_par' dir='ltr' id='par_1_77' title="bbox 2078 3875 3642 3947">
     <span class='ocr_line' id='line_1_77' title="bbox 2078 3875 3642 3947; baseline 0.001 -20"><span class='ocrx_word' id='word_1_561' title='bbox 2078 3876 2290 3946; x_wconf 83' lang='grc' dir='ltr'>θανάτῳ</span> <span class='ocrx_word' id='word_1_562' title='bbox 2315 3875 2643 3946; x_wconf 77' lang='grc' dir='ltr'>καθείρξεως</span> <span class='ocrx_word' id='word_1_563' title='bbox 2668 3875 3198 3947; x_wconf 82' lang='grc' dir='ltr'>ἐλευθερωθήσεσθαι</span> <span class='ocrx_word' id='word_1_564' title='bbox 3224 3892 3237 3907; x_wconf 77' lang='grc'><em>’</em></span> <span class='ocrx_word' id='word_1_565' title='bbox 3285 3876 3475 3928; x_wconf 76' lang='grc' dir='ltr'>τούτου</span> <span class='ocrx_word' id='word_1_566' title='bbox 3513 3875 3642 3944; x_wconf 87' lang='grc' dir='ltr'>γοῦν</span> 
     </span>
    </p>
   </div>
   <div class='ocr_carea' id='block_1_78' title="bbox 2088 3962 3641 4039">
    <p class='ocr_par' dir='ltr' id='par_1_78' title="bbox 2088 3962 3641 4039">
     <span class='ocr_line' id='line_1_78' title="bbox 2088 3962 3641 4039; baseline 0 -20"><span class='ocrx_word' id='word_1_567' title='bbox 2088 3962 2259 4038; x_wconf 84' lang='grc' dir='ltr'>Ἰησοῦ</span> <span class='ocrx_word' id='word_1_568' title='bbox 2290 3966 2523 4037; x_wconf 86' lang='grc' dir='ltr'>Χριστοῦ</span> <span class='ocrx_word' id='word_1_569' title='bbox 2549 3967 2647 4036; x_wconf 84' lang='grc' dir='ltr'>τὴν</span> <span class='ocrx_word' id='word_1_570' title='bbox 2682 3968 2841 4038; x_wconf 84' lang='grc' dir='ltr'>μέχρι</span> <span class='ocrx_word' id='word_1_571' title='bbox 2869 3966 3098 4020; x_wconf 88' lang='grc' dir='ltr'>θανάτου</span> <span class='ocrx_word' id='word_1_572' title='bbox 3133 3966 3455 4039; x_wconf 79' lang='grc' dir='ltr'>παρουσίαν,</span> <span class='ocrx_word' id='word_1_573' title='bbox 3478 3966 3545 4019; x_wconf 78' lang='grc' dir='ltr'><strong>δι’</strong></span> <span class='ocrx_word' id='word_1_574' title='bbox 3572 3963 3641 4039; x_wconf 79' lang='grc' dir='ltr'>ἧς</span> 
     </span>
    </p>
   </div>
   <div class='ocr_carea' id='block_1_79' title="bbox 2073 4056 3641 4129">
    <p class='ocr_par' dir='ltr' id='par_1_79' title="bbox 2073 4056 3641 4129">
     <span class='ocr_line' id='line_1_79' title="bbox 2073 4056 3641 4129; baseline -0.001 -18"><span class='ocrx_word' id='word_1_575' title='bbox 2073 4058 2271 4129; x_wconf 69' lang='grc' dir='ltr'>ἤμελλε</span> <span class='ocrx_word' id='word_1_576' title='bbox 2295 4059 2388 4112; x_wconf 77' lang='grc' dir='ltr'><strong>καὶ</strong></span> <span class='ocrx_word' id='word_1_577' title='bbox 2414 4060 2447 4129; x_wconf 80' lang='grc' dir='ltr'><strong>ἡ</strong></span> <span class='ocrx_word' id='word_1_578' title='bbox 2470 4057 2564 4111; x_wconf 90' lang='grc' dir='ltr'><strong>τοῦ</strong></span> <span class='ocrx_word' id='word_1_579' title='bbox 2590 4057 2752 4111; x_wconf 78' lang='grc' dir='ltr'>Δαϐὶδ</span> <span class='ocrx_word' id='word_1_580' title='bbox 2787 4057 3217 4127; x_wconf 85' lang='grc' dir='ltr'>άπολυτροῦσθαι</span> <span class='ocrx_word' id='word_1_581' title='bbox 3242 4057 3385 4129; x_wconf 72' lang='grc' dir='ltr'>ψυχὴ</span> <span class='ocrx_word' id='word_1_582' title='bbox 3412 4096 3426 4120; x_wconf 89' lang='grc'><strong>,</strong></span> <span class='ocrx_word' id='word_1_583' title='bbox 3455 4056 3641 4110; x_wconf 72' lang='grc' dir='ltr'>θεσπίο</span> 
     </span>
    </p>
   </div>
   <div class='ocr_carea' id='block_1_80' title="bbox 2075 4147 3639 4220">
    <p class='ocr_par' dir='ltr' id='par_1_80' title="bbox 2075 4147 3639 4220">
     <span class='ocr_line' id='line_1_80' title="bbox 2075 4147 3639 4220; baseline -0.001 -18"><span class='ocrx_word' id='word_1_584' title='bbox 2075 4147 2181 4212; x_wconf 78' lang='grc' dir='ltr'>ζων</span> <span class='ocrx_word' id='word_1_585' title='bbox 2213 4151 2269 4203; x_wconf 80' lang='grc' dir='ltr'><strong>ἐν</strong></span> <span class='ocrx_word' id='word_1_586' title='bbox 2302 4152 2413 4213; x_wconf 87' lang='grc' dir='ltr'>τοῖς</span> <span class='ocrx_word' id='word_1_587' title='bbox 2456 4150 2702 4220; x_wconf 85' lang='grc' dir='ltr'>Ψαλμοῖς</span> <span class='ocrx_word' id='word_1_588' title='bbox 2758 4150 2913 4213; x_wconf 70' lang='grc' dir='ltr'>αὐτος</span> <span class='ocrx_word' id='word_1_589' title='bbox 2952 4151 2980 4202; x_wconf 93' lang='lat'><strong>6</strong></span> <span class='ocrx_word' id='word_1_590' title='bbox 3013 4149 3208 4216; x_wconf 71' lang='grc' dir='ltr'>Δαϐὶδ,</span> <span class='ocrx_word' id='word_1_591' title='bbox 3245 4148 3314 4203; x_wconf 82' lang='grc' dir='ltr'>τὰ</span> <span class='ocrx_word' id='word_1_592' title='bbox 3366 4148 3496 4220; x_wconf 66' lang='grc' dir='ltr'><strong>περ)⁵</strong></span> <span class='ocrx_word' id='word_1_593' title='bbox 3540 4148 3639 4217; x_wconf 79' lang='grc' dir='ltr'><strong>τῆς</strong></span> 
     </span>
    </p>
   </div>
   <div class='ocr_carea' id='block_1_81' title="bbox 2073 4239 3638 4313">
    <p class='ocr_par' dir='ltr' id='par_1_81' title="bbox 2073 4239 3638 4313">
     <span class='ocr_line' id='line_1_81' title="bbox 2073 4239 3638 4313; baseline -0.001 -18"><span class='ocrx_word' id='word_1_594' title='bbox 2073 4243 2250 4295; x_wconf 80' lang='grc' dir='ltr'>ἐκεῖσε</span> <span class='ocrx_word' id='word_1_595' title='bbox 2282 4242 2507 4296; x_wconf 83' lang='grc' dir='ltr'>καθόδου</span> <span class='ocrx_word' id='word_1_596' title='bbox 2529 4243 2620 4296; x_wconf 88' lang='grc' dir='ltr'><strong>τοῦ</strong></span> <span class='ocrx_word' id='word_1_597' title='bbox 2651 4243 2923 4313; x_wconf 79' lang='grc' dir='ltr'>Σωτῆρος,</span> <span class='ocrx_word' id='word_1_598' title='bbox 2953 4243 3021 4296; x_wconf 85' lang='grc' dir='ltr'><strong>τά</strong></span> <span class='ocrx_word' id='word_1_599' title='bbox 3055 4259 3115 4295; x_wconf 87' lang='grc' dir='ltr'><strong>τε</strong></span> <span class='ocrx_word' id='word_1_600' title='bbox 3149 4243 3275 4313; x_wconf 70' lang='grc' dir='ltr'><strong>οπερὶ¹</strong></span> <span class='ocrx_word' id='word_1_601' title='bbox 3315 4240 3414 4311; x_wconf 82' lang='grc' dir='ltr'>τῆς</span> <span class='ocrx_word' id='word_1_602' title='bbox 3446 4239 3638 4294; x_wconf 88' lang='grc' dir='ltr'>ἐαυτοῦ</span> 
     </span>
    </p>
   </div>
   <div class='ocr_carea' id='block_1_82' title="bbox 2076 4325 3638 4403">
    <p class='ocr_par' dir='ltr' id='par_1_82' title="bbox 2076 4325 3638 4403">
     <span class='ocr_line' id='line_1_82' title="bbox 2076 4325 3638 4403; baseline -0.001 -20"><span class='ocrx_word' id='word_1_603' title='bbox 2076 4332 2343 4403; x_wconf 84' lang='grc' dir='ltr'>σωτηρίας</span> <span class='ocrx_word' id='word_1_604' title='bbox 2379 4330 2568 4403; x_wconf 79' lang='grc' dir='ltr'>ἐδήλου</span> <span class='ocrx_word' id='word_1_605' title='bbox 2592 4332 2660 4385; x_wconf 84' lang='grc' dir='ltr'><strong>δι’</strong></span> <span class='ocrx_word' id='word_1_606' title='bbox 2688 4325 2761 4387; x_wconf 84' lang='grc' dir='ltr'>ὧν</span> <span class='ocrx_word' id='word_1_607' title='bbox 2796 4332 3031 4400; x_wconf 75' lang='grc' dir='ltr'>ἔφασκε’</span> <span class='ocrx_word' id='word_1_608' title='bbox 3067 4349 3085 4381; x_wconf 80' lang='grc' dir='ltr'><strong>ι</strong></span> <span class='ocrx_word' id='word_1_609' title='bbox 3130 4329 3321 4399; x_wconf 82' lang='grc' dir='ltr'>Κύριε,</span> <span class='ocrx_word' id='word_1_610' title='bbox 3365 4330 3638 4400; x_wconf 81' lang='grc' dir='ltr'>ἀνήγαγες</span> 
     </span>
    </p>
   </div>
   <div class='ocr_carea' id='block_1_83' title="bbox 2078 4420 3638 4495">
    <p class='ocr_par' dir='ltr' id='par_1_83' title="bbox 2078 4420 3638 4495">
     <span class='ocr_line' id='line_1_83' title="bbox 2078 4420 3638 4495; baseline -0.001 -21"><span class='ocrx_word' id='word_1_611' title='bbox 2078 4422 2137 4487; x_wconf 81' lang='grc' dir='ltr'>ἐξ</span> <span class='ocrx_word' id='word_1_612' title='bbox 2168 4422 2293 4494; x_wconf 73' lang='grc' dir='ltr'>ᾅδου</span> <span class='ocrx_word' id='word_1_613' title='bbox 2326 4424 2423 4494; x_wconf 85' lang='grc' dir='ltr'><strong>τὴν</strong></span> <span class='ocrx_word' id='word_1_614' title='bbox 2456 4423 2632 4495; x_wconf 73' lang='grc' dir='ltr'>ψυχήν</span> <span class='ocrx_word' id='word_1_615' title='bbox 2663 4440 2765 4494; x_wconf 93' lang='grc' dir='ltr'><strong>μου</strong></span> <span class='ocrx_word' id='word_1_616' title='bbox 2787 4462 2802 4487; x_wconf 93' lang='grc'><strong>,</strong></span> <span class='ocrx_word' id='word_1_617' title='bbox 2834 4422 3040 4486; x_wconf 77' lang='grc' dir='ltr'>ἐσωσὰς</span> <span class='ocrx_word' id='word_1_618' title='bbox 3087 4438 3152 4492; x_wconf 90' lang='grc' dir='ltr'><strong>με</strong></span> <span class='ocrx_word' id='word_1_619' title='bbox 3198 4421 3304 4474; x_wconf 86' lang='grc' dir='ltr'>ἀπὸ</span> <span class='ocrx_word' id='word_1_620' title='bbox 3333 4420 3441 4473; x_wconf 83' lang='grc' dir='ltr'><strong>τῶν</strong></span> <span class='ocrx_word' id='word_1_621' title='bbox 3474 4437 3638 4473; x_wconf 86' lang='grc' dir='ltr'>κατα-</span> 
     </span>
    </p>
   </div>
   <div class='ocr_carea' id='block_1_84' title="bbox 408 4326 1966 4403">
    <p class='ocr_par' dir='ltr' id='par_1_84' title="bbox 408 4326 1966 4403">
     <span class='ocr_line' id='line_1_84' title="bbox 408 4326 1966 4403; baseline 0.01 -26"><span class='ocrx_word' id='word_1_622' title='bbox 408 4338 497 4379; x_wconf 87' lang='lat' dir='ltr'><strong>me</strong></span> <span class='ocrx_word' id='word_1_623' title='bbox 549 4340 579 4379; x_wconf 91' lang='lat' dir='ltr'><strong>a</strong></span> <span class='ocrx_word' id='word_1_624' title='bbox 629 4326 1084 4386; x_wconf 87' lang='lat' dir='ltr'><strong>descendentibus</strong></span> <span class='ocrx_word' id='word_1_625' title='bbox 1132 4332 1188 4386; x_wconf 90' lang='lat' dir='ltr'><strong>in</strong></span> <span class='ocrx_word' id='word_1_626' title='bbox 1230 4332 1494 4387; x_wconf 75' lang='lat' dir='ltr'><strong>lacum“.</strong></span> <span class='ocrx_word' id='word_1_627' title='bbox 1535 4354 1553 4386; x_wconf 76' lang='grc' dir='ltr'><strong>ι</strong></span> <span class='ocrx_word' id='word_1_628' title='bbox 1589 4335 1762 4391; x_wconf 91' lang='lat' dir='ltr'><strong>ltem:</strong></span> <span class='ocrx_word' id='word_1_629' title='bbox 1805 4355 1824 4388; x_wconf 81' lang='grc' dir='ltr'><strong>ι</strong></span> <span class='ocrx_word' id='word_1_630' title='bbox 1865 4335 1966 4403; x_wconf 88' lang='lat' dir='ltr'><strong>Qui</strong></span> 
     </span>
    </p>
   </div>
   <div class='ocr_carea' id='block_1_85' title="bbox 405 4416 1969 4490">
    <p class='ocr_par' dir='ltr' id='par_1_85' title="bbox 405 4416 1969 4490">
     <span class='ocr_line' id='line_1_85' title="bbox 405 4416 1969 4490; baseline 0.008 -19"><span class='ocrx_word' id='word_1_631' title='bbox 405 4416 616 4472; x_wconf 74' lang='lat' dir='ltr'><strong>exaltas</strong></span> <span class='ocrx_word' id='word_1_632' title='bbox 646 4433 731 4473; x_wconf 91' lang='lat' dir='ltr'><strong>me</strong></span> <span class='ocrx_word' id='word_1_633' title='bbox 759 4419 826 4475; x_wconf 84' lang='lat' dir='ltr'><strong>de</strong></span> <span class='ocrx_word' id='word_1_634' title='bbox 859 4422 1031 4490; x_wconf 86' lang='lat' dir='ltr'><strong>portis</strong></span> <span class='ocrx_word' id='word_1_635' title='bbox 1055 4424 1249 4479; x_wconf 90' lang='lat' dir='ltr'><strong>mortis</strong></span> <span class='ocrx_word' id='word_1_636' title='bbox 1271 4424 1336 4477; x_wconf 80' lang='grc'><strong>³³.</strong></span> <span class='ocrx_word' id='word_1_637' title='bbox 1379 4442 1398 4476; x_wconf 75' lang='grc' dir='ltr'><strong>ι</strong></span> <span class='ocrx_word' id='word_1_638' title='bbox 1432 4423 1563 4480; x_wconf 83' lang='lat' dir='ltr'><strong>item</strong></span> <span class='ocrx_word' id='word_1_639' title='bbox 1596 4444 1609 4480; x_wconf 92' lang='lat'>:</span> <span class='ocrx_word' id='word_1_640' title='bbox 1649 4445 1667 4478; x_wconf 86' lang='grc' dir='ltr'><strong>ι</strong></span> <span class='ocrx_word' id='word_1_641' title='bbox 1701 4425 1819 4481; x_wconf 86' lang='lat' dir='ltr'><strong>Non</strong></span> <span class='ocrx_word' id='word_1_642' title='bbox 1872 4429 1969 4484; x_wconf 85' lang='lat' dir='ltr'><strong>de-</strong></span> 
     </span>
    </p>
   </div>
   <div class='ocr_carea' id='block_1_86' title="bbox 406 4508 1976 4582">
    <p class='ocr_par' dir='ltr' id='par_1_86' title="bbox 406 4508 1961 4578">
     <span class='ocr_line' id='line_1_86' title="bbox 406 4508 1961 4578; baseline 0.01 -17"><span class='ocrx_word' id='word_1_643' title='bbox 406 4508 684 4578; x_wconf 79' lang='lat' dir='ltr'><strong>relinques</strong></span> <span class='ocrx_word' id='word_1_644' title='bbox 739 4512 977 4566; x_wconf 83' lang='lat' dir='ltr'><strong>animam</strong></span> <span class='ocrx_word' id='word_1_645' title='bbox 1044 4529 1216 4568; x_wconf 86' lang='lat' dir='ltr'><strong>meam</strong></span> <span class='ocrx_word' id='word_1_646' title='bbox 1268 4515 1322 4570; x_wconf 90' lang='lat' dir='ltr'><strong>in</strong></span> <span class='ocrx_word' id='word_1_647' title='bbox 1377 4515 1668 4573; x_wconf 79' lang='lat' dir='ltr'><strong>inferno&quot;.</strong></span> <span class='ocrx_word' id='word_1_648' title='bbox 1704 4537 1723 4571; x_wconf 82' lang='grc'>›</span> <span class='ocrx_word' id='word_1_649' title='bbox 1779 4517 1961 4575; x_wconf 89' lang='lat' dir='ltr'><strong>Item:</strong></span> 
     </span>
    </p>
   </div>
   <div class='ocr_carea' id='block_1_87' title="bbox 2080 4508 3639 4582">
    <p class='ocr_par' dir='ltr' id='par_1_87' title="bbox 2080 4510 3639 4582">
     <span class='ocr_line' id='line_1_87' title="bbox 2080 4510 3639 4582; baseline -0.001 -18"><span class='ocrx_word' id='word_1_650' title='bbox 2080 4513 2364 4567; x_wconf 80' lang='grc' dir='ltr'>ϐαινὸντων</span> <span class='ocrx_word' id='word_1_651' title='bbox 2398 4516 2477 4578; x_wconf 83' lang='grc' dir='ltr'><strong>είς</strong></span> <span class='ocrx_word' id='word_1_652' title='bbox 2496 4514 2715 4569; x_wconf 86' lang='grc' dir='ltr'>λάκκον.</span> <span class='ocrx_word' id='word_1_653' title='bbox 2743 4533 2761 4566; x_wconf 72' lang='grc' dir='ltr'><strong>ι</strong></span> <span class='ocrx_word' id='word_1_654' title='bbox 2790 4514 2899 4567; x_wconf 75' lang='grc' dir='ltr'>Καὶ</span> <span class='ocrx_word' id='word_1_655' title='bbox 2924 4515 3013 4567; x_wconf 68' lang='lat'><strong>1&#39;6-</strong></span> <span class='ocrx_word' id='word_1_656' title='bbox 3049 4532 3067 4564; x_wconf 82' lang='grc' dir='ltr'><strong>ι</strong></span> <span class='ocrx_word' id='word_1_657' title='bbox 3089 4514 3146 4565; x_wconf 89' lang='lat'><strong>&#39;0</strong></span> <span class='ocrx_word' id='word_1_658' title='bbox 3170 4512 3318 4581; x_wconf 67' lang='grc' dir='ltr'>ὑψῶν</span> <span class='ocrx_word' id='word_1_659' title='bbox 3351 4528 3417 4582; x_wconf 86' lang='grc' dir='ltr'><strong>με</strong></span> <span class='ocrx_word' id='word_1_660' title='bbox 3441 4512 3505 4563; x_wconf 87' lang='grc' dir='ltr'><strong>ἐκ</strong></span> <span class='ocrx_word' id='word_1_661' title='bbox 3531 4510 3639 4564; x_wconf 81' lang='grc' dir='ltr'><strong>τῶν</strong></span> 
     </span>
    </p>
   </div>
   <div class='ocr_carea' id='block_1_88' title="bbox 413 4598 1976 4681">
    <p class='ocr_par' dir='ltr' id='par_1_88' title="bbox 413 4598 1965 4681">
     <span class='ocr_line' id='line_1_88' title="bbox 413 4598 1965 4681; baseline 0.011 -31"><span class='ocrx_word' id='word_1_662' title='bbox 413 4618 432 4650; x_wconf 80' lang='grc' dir='ltr'><strong>ι</strong></span> <span class='ocrx_word' id='word_1_663' title='bbox 468 4598 780 4658; x_wconf 83' lang='lat' dir='ltr'><strong>Conversus</strong></span> <span class='ocrx_word' id='word_1_664' title='bbox 831 4604 1118 4660; x_wconf 81' lang='lat' dir='ltr'><strong>viviﬁcasti</strong></span> <span class='ocrx_word' id='word_1_665' title='bbox 1156 4622 1275 4672; x_wconf 89' lang='lat' dir='ltr'><strong>me;</strong></span> <span class='ocrx_word' id='word_1_666' title='bbox 1307 4613 1363 4661; x_wconf 89' lang='lat' dir='ltr'><strong>et</strong></span> <span class='ocrx_word' id='word_1_667' title='bbox 1414 4624 1480 4663; x_wconf 80' lang='lat' dir='ltr'><strong>ex</strong></span> <span class='ocrx_word' id='word_1_668' title='bbox 1532 4609 1746 4681; x_wconf 87' lang='lat' dir='ltr'><strong>abyssis</strong></span> <span class='ocrx_word' id='word_1_669' title='bbox 1809 4618 1965 4666; x_wconf 71' lang='lat' dir='ltr'><strong>terra:</strong></span> 
     </span>
    </p>
   </div>
   <div class='ocr_carea' id='block_1_89' title="bbox 2080 4598 3640 4681">
    <p class='ocr_par' dir='ltr' id='par_1_89' title="bbox 2080 4601 3640 4670">
     <span class='ocr_line' id='line_1_89' title="bbox 2080 4601 3640 4670; baseline -0.001 -14"><span class='ocrx_word' id='word_1_670' title='bbox 2080 4604 2255 4657; x_wconf 84' lang='grc' dir='ltr'>πυλῶν</span> <span class='ocrx_word' id='word_1_671' title='bbox 2280 4603 2375 4657; x_wconf 89' lang='grc' dir='ltr'><strong>τοῦ</strong></span> <span class='ocrx_word' id='word_1_672' title='bbox 2406 4605 2635 4659; x_wconf 87' lang='grc' dir='ltr'>θανάτου</span> <span class='ocrx_word' id='word_1_673' title='bbox 2663 4646 2675 4658; x_wconf 93' lang='grc'>.</span> <span class='ocrx_word' id='word_1_674' title='bbox 2713 4624 2732 4656; x_wconf 71' lang='grc' dir='ltr'><strong>ι</strong></span> <span class='ocrx_word' id='word_1_675' title='bbox 2759 4605 2869 4659; x_wconf 83' lang='grc' dir='ltr'>Καὶ</span> <span class='ocrx_word' id='word_1_676' title='bbox 2896 4605 2955 4657; x_wconf 88' lang='grc' dir='ltr'>τό</span> <span class='ocrx_word' id='word_1_677' title='bbox 2980 4621 2993 4635; x_wconf 90' lang='grc'><strong>·</strong></span> <span class='ocrx_word' id='word_1_678' title='bbox 3025 4623 3043 4653; x_wconf 80' lang='grc' dir='ltr'><strong>ι</strong></span> <span class='ocrx_word' id='word_1_679' title='bbox 3079 4603 3190 4655; x_wconf 83' lang='grc' dir='ltr'>Οὐκ</span> <span class='ocrx_word' id='word_1_680' title='bbox 3232 4601 3640 4670; x_wconf 69' lang='grc' dir='ltr'>ἐγκαταλείψεις</span> 
     </span>
    </p>
   </div>
   <div class='ocr_carea' id='block_1_90' title="bbox 407 4691 1976 4769">
    <p class='ocr_par' dir='ltr' id='par_1_90' title="bbox 407 4691 1962 4763">
     <span class='ocr_line' id='line_1_90' title="bbox 407 4691 1962 4763; baseline 0.005 -17"><span class='ocrx_word' id='word_1_681' title='bbox 407 4691 603 4746; x_wconf 85' lang='lat' dir='ltr'><strong>iterum</strong></span> <span class='ocrx_word' id='word_1_682' title='bbox 641 4693 905 4749; x_wconf 80' lang='lat' dir='ltr'><strong>reduxisti</strong></span> <span class='ocrx_word' id='word_1_683' title='bbox 930 4711 1015 4750; x_wconf 90' lang='lat' dir='ltr'><strong>me</strong></span> <span class='ocrx_word' id='word_1_684' title='bbox 1037 4696 1103 4748; x_wconf 88' lang='grc'><strong>³⁷.</strong></span> <span class='ocrx_word' id='word_1_685' title='bbox 1146 4716 1164 4749; x_wconf 75' lang='grc' dir='ltr'><strong>ι</strong></span> <span class='ocrx_word' id='word_1_686' title='bbox 1201 4695 1334 4763; x_wconf 83' lang='lat' dir='ltr'><strong>Quis</strong></span> <span class='ocrx_word' id='word_1_687' title='bbox 1367 4707 1546 4754; x_wconf 88' lang='lat' dir='ltr'><strong>autem</strong></span> <span class='ocrx_word' id='word_1_688' title='bbox 1582 4710 1699 4754; x_wconf 86' lang='lat' dir='ltr'><strong>erat</strong></span> <span class='ocrx_word' id='word_1_689' title='bbox 1734 4700 1962 4756; x_wconf 86' lang='lat' dir='ltr'><strong>descen-</strong></span> 
     </span>
    </p>
   </div>
   <div class='ocr_carea' id='block_1_91' title="bbox 2080 4691 3638 4769">
    <p class='ocr_par' dir='ltr' id='par_1_91' title="bbox 2080 4695 3638 4769">
     <span class='ocr_line' id='line_1_91' title="bbox 2080 4695 3638 4769; baseline 0 -23"><span class='ocrx_word' id='word_1_690' title='bbox 2080 4696 2161 4766; x_wconf 74' lang='grc' dir='ltr'>τὴν</span> <span class='ocrx_word' id='word_1_691' title='bbox 2208 4695 2385 4767; x_wconf 72' lang='grc' dir='ltr'>ψυχήν</span> <span class='ocrx_word' id='word_1_692' title='bbox 2434 4714 2535 4767; x_wconf 86' lang='grc' dir='ltr'><strong>μου</strong></span> <span class='ocrx_word' id='word_1_693' title='bbox 2574 4698 2652 4761; x_wconf 87' lang='grc' dir='ltr'><strong>είς</strong></span> <span class='ocrx_word' id='word_1_694' title='bbox 2688 4695 2871 4769; x_wconf 71' lang='grc' dir='ltr'>ᾅδην.»</span> <span class='ocrx_word' id='word_1_695' title='bbox 2926 4696 3037 4750; x_wconf 79' lang='grc' dir='ltr'><strong>Καὶ</strong></span> <span class='ocrx_word' id='word_1_696' title='bbox 3079 4696 3167 4750; x_wconf 87' lang='grc' dir='ltr'><strong>τό·</strong></span> <span class='ocrx_word' id='word_1_697' title='bbox 3216 4712 3234 4746; x_wconf 83' lang='grc' dir='ltr'><strong>ι</strong></span> <span class='ocrx_word' id='word_1_698' title='bbox 3279 4695 3638 4766; x_wconf 67' lang='grc' dir='ltr'>Ἐπιστρέψας</span> 
     </span>
    </p>
   </div>
   <div class='ocr_carea' id='block_1_92' title="bbox 406 4784 1976 4862">
    <p class='ocr_par' dir='ltr' id='par_1_92' title="bbox 406 4784 1967 4862">
     <span class='ocr_line' id='line_1_92' title="bbox 406 4784 1967 4862; baseline 0.007 -25"><span class='ocrx_word' id='word_1_699' title='bbox 406 4784 542 4838; x_wconf 88' lang='lat' dir='ltr'><strong>dens</strong></span> <span class='ocrx_word' id='word_1_700' title='bbox 595 4784 984 4857; x_wconf 30' lang='lat' dir='ltr'><strong>reducensque.</strong></span> <span class='ocrx_word' id='word_1_701' title='bbox 1015 4802 1139 4842; x_wconf 90' lang='lat' dir='ltr'><strong>eum</strong></span> <span class='ocrx_word' id='word_1_702' title='bbox 1184 4805 1248 4845; x_wconf 85' lang='lat' dir='ltr'><strong>ex</strong></span> <span class='ocrx_word' id='word_1_703' title='bbox 1297 4790 1544 4860; x_wconf 86' lang='lat' dir='ltr'><strong>abyssis?</strong></span> <span class='ocrx_word' id='word_1_704' title='bbox 1571 4792 1694 4862; x_wconf 92' lang='lat' dir='ltr'><strong>quis</strong></span> <span class='ocrx_word' id='word_1_705' title='bbox 1744 4808 1967 4848; x_wconf 83' lang='lat' dir='ltr'><strong>servans</strong></span> 
     </span>
    </p>
   </div>
   <div class='ocr_carea' id='block_1_93' title="bbox 2080 4784 3637 4862">
    <p class='ocr_par' dir='ltr' id='par_1_93' title="bbox 2080 4784 3637 4858">
     <span class='ocr_line' id='line_1_93' title="bbox 2080 4784 3637 4858; baseline 0.001 -22"><span class='ocrx_word' id='word_1_706' title='bbox 2080 4784 2444 4857; x_wconf 74' lang='grc' dir='ltr'>ἐζωοποίησάς</span> <span class='ocrx_word' id='word_1_707' title='bbox 2473 4804 2561 4858; x_wconf 90' lang='grc' dir='ltr'><strong>με,</strong></span> <span class='ocrx_word' id='word_1_708' title='bbox 2595 4788 2689 4842; x_wconf 77' lang='grc' dir='ltr'>καὶ</span> <span class='ocrx_word' id='word_1_709' title='bbox 2714 4790 2776 4840; x_wconf 84' lang='grc' dir='ltr'><strong>ἐκ</strong></span> <span class='ocrx_word' id='word_1_710' title='bbox 2795 4786 2901 4839; x_wconf 84' lang='grc' dir='ltr'>τῶν</span> <span class='ocrx_word' id='word_1_711' title='bbox 2936 4786 3184 4840; x_wconf 81' lang='grc' dir='ltr'>ἀὸύσσων</span> <span class='ocrx_word' id='word_1_712' title='bbox 3218 4785 3318 4855; x_wconf 74' lang='grc' dir='ltr'>τῆς</span> <span class='ocrx_word' id='word_1_713' title='bbox 3355 4786 3455 4856; x_wconf 77' lang='grc' dir='ltr'>γῆς</span> <span class='ocrx_word' id='word_1_714' title='bbox 3478 4785 3637 4839; x_wconf 86' lang='grc' dir='ltr'>πάλιν</span> 
     </span>
    </p>
   </div>
   <div class='ocr_carea' id='block_1_94' title="bbox 402 4876 1976 4953">
    <p class='ocr_par' dir='ltr' id='par_1_94' title="bbox 402 4876 1966 4953">
     <span class='ocr_line' id='line_1_94' title="bbox 402 4876 1966 4953; baseline 0.006 -23"><span class='ocrx_word' id='word_1_715' title='bbox 402 4890 533 4930; x_wconf 89' lang='lat' dir='ltr'><strong>eum</strong></span> <span class='ocrx_word' id='word_1_716' title='bbox 581 4891 613 4931; x_wconf 91' lang='lat' dir='ltr'><strong>a</strong></span> <span class='ocrx_word' id='word_1_717' title='bbox 653 4876 1109 4935; x_wconf 85' lang='lat' dir='ltr'><strong>descendentibus</strong></span> <span class='ocrx_word' id='word_1_718' title='bbox 1143 4880 1197 4935; x_wconf 91' lang='lat' dir='ltr'><strong>in</strong></span> <span class='ocrx_word' id='word_1_719' title='bbox 1230 4881 1453 4936; x_wconf 87' lang='lat' dir='ltr'><strong>lacum?</strong></span> <span class='ocrx_word' id='word_1_720' title='bbox 1481 4882 1587 4939; x_wconf 87' lang='lat' dir='ltr'><strong>nisi</strong></span> <span class='ocrx_word' id='word_1_721' title='bbox 1610 4884 1720 4948; x_wconf 86' lang='lat' dir='ltr'><strong>hic,</strong></span> <span class='ocrx_word' id='word_1_722' title='bbox 1750 4885 1819 4939; x_wconf 91' lang='lat' dir='ltr'><strong>de</strong></span> <span class='ocrx_word' id='word_1_723' title='bbox 1859 4900 1966 4953; x_wconf 91' lang='lat' dir='ltr'><strong>quo</strong></span> 
     </span>
    </p>
   </div>
   <div class='ocr_carea' id='block_1_95' title="bbox 2080 4876 3637 4953">
    <p class='ocr_par' dir='ltr' id='par_1_95' title="bbox 2080 4877 3637 4953">
     <span class='ocr_line' id='line_1_95' title="bbox 2080 4877 3637 4953; baseline -0.001 -22"><span class='ocrx_word' id='word_1_724' title='bbox 2080 4877 2345 4948; x_wconf 71' lang='grc' dir='ltr'>ἀνήγαγές</span> <span class='ocrx_word' id='word_1_725' title='bbox 2380 4896 2467 4950; x_wconf 89' lang='grc' dir='ltr'>με.</span> <span class='ocrx_word' id='word_1_726' title='bbox 2510 4899 2530 4931; x_wconf 74' lang='grc' dir='ltr'><strong>ι</strong></span> <span class='ocrx_word' id='word_1_727' title='bbox 2569 4880 2663 4943; x_wconf 90' lang='grc' dir='ltr'>Τίς</span> <span class='ocrx_word' id='word_1_728' title='bbox 2701 4881 2745 4935; x_wconf 87' lang='grc' dir='ltr'><strong>δ’</strong></span> <span class='ocrx_word' id='word_1_729' title='bbox 2778 4877 2891 4953; x_wconf 78' lang='grc' dir='ltr'>ἦνὸ</span> <span class='ocrx_word' id='word_1_730' title='bbox 2944 4878 3181 4942; x_wconf 75' lang='grc' dir='ltr'>καταϐὰς</span> <span class='ocrx_word' id='word_1_731' title='bbox 3214 4878 3309 4931; x_wconf 78' lang='grc' dir='ltr'><strong>καὶ</strong></span> <span class='ocrx_word' id='word_1_732' title='bbox 3348 4877 3637 4947; x_wconf 84' lang='grc' dir='ltr'>ἀναγαγὼν</span> 
     </span>
    </p>
   </div>
   <div class='ocr_carea' id='block_1_96' title="bbox 404 4968 1976 5046">
    <p class='ocr_par' dir='ltr' id='par_1_96' title="bbox 404 4968 1967 5046">
     <span class='ocr_line' id='line_1_96' title="bbox 404 4968 1967 5046; baseline 0.004 -25"><span class='ocrx_word' id='word_1_733' title='bbox 404 4968 604 5022; x_wconf 84' lang='lat' dir='ltr'><strong>librum</strong></span> <span class='ocrx_word' id='word_1_734' title='bbox 630 4971 997 5040; x_wconf 83' lang='lat' dir='ltr'><strong>generationis</strong></span> <span class='ocrx_word' id='word_1_735' title='bbox 1027 4970 1293 5029; x_wconf 89' lang='lat' dir='ltr'><strong>mirabilis</strong></span> <span class='ocrx_word' id='word_1_736' title='bbox 1335 4975 1669 5046; x_wconf 85' lang='lat' dir='ltr'><strong>evangelista</strong></span> <span class='ocrx_word' id='word_1_737' title='bbox 1720 4975 1967 5031; x_wconf 82' lang='lat' dir='ltr'><strong>conscri-</strong></span> 
     </span>
    </p>
   </div>
   <div class='ocr_carea' id='block_1_97' title="bbox 2080 4968 3639 5046">
    <p class='ocr_par' dir='ltr' id='par_1_97' title="bbox 2080 4969 3639 5036">
     <span class='ocr_line' id='line_1_97' title="bbox 2080 4969 3639 5036; baseline 0 -13"><span class='ocrx_word' id='word_1_738' title='bbox 2080 4969 2231 5023; x_wconf 69' lang='grc' dir='ltr'>αὐτὸν</span> <span class='ocrx_word' id='word_1_739' title='bbox 2263 4971 2328 5024; x_wconf 84' lang='grc' dir='ltr'><strong>ἐκ</strong></span> <span class='ocrx_word' id='word_1_740' title='bbox 2358 4972 2465 5025; x_wconf 82' lang='grc' dir='ltr'><strong>τῶν</strong></span> <span class='ocrx_word' id='word_1_741' title='bbox 2509 4972 2800 5035; x_wconf 75' lang='grc' dir='ltr'>ἀϐύσσωνς</span> <span class='ocrx_word' id='word_1_742' title='bbox 2849 4973 2930 5036; x_wconf 91' lang='grc' dir='ltr'><strong>τίς</strong></span> <span class='ocrx_word' id='word_1_743' title='bbox 2963 4972 3005 5025; x_wconf 86' lang='grc' dir='ltr'><strong>δ’</strong></span> <span class='ocrx_word' id='word_1_744' title='bbox 3045 4972 3073 5024; x_wconf 82' lang='lat'><strong>6</strong></span> <span class='ocrx_word' id='word_1_745' title='bbox 3110 4970 3288 5035; x_wconf 85' lang='grc' dir='ltr'>σώσας</span> <span class='ocrx_word' id='word_1_746' title='bbox 3325 4970 3485 5024; x_wconf 81' lang='grc' dir='ltr'>αὐτὸν</span> <span class='ocrx_word' id='word_1_747' title='bbox 3532 4971 3639 5023; x_wconf 83' lang='grc' dir='ltr'>ἀπὸ</span> 
     </span>
    </p>
   </div>
   <div class='ocr_carea' id='block_1_98' title="bbox 404 5055 1976 5137">
    <p class='ocr_par' dir='ltr' id='par_1_98' title="bbox 404 5058 1963 5137">
     <span class='ocr_line' id='line_1_98' title="bbox 404 5058 1963 5137; baseline 0.005 -24"><span class='ocrx_word' id='word_1_748' title='bbox 404 5058 483 5115; x_wconf 87' lang='lat' dir='ltr'><strong>bit</strong></span> <span class='ocrx_word' id='word_1_749' title='bbox 511 5080 524 5115; x_wconf 87' lang='lat'><strong>:</strong></span> <span class='ocrx_word' id='word_1_750' title='bbox 555 5060 699 5117; x_wconf 84' lang='lat' dir='ltr'><strong>inter</strong></span> <span class='ocrx_word' id='word_1_751' title='bbox 753 5062 859 5117; x_wconf 88' lang='lat' dir='ltr'><strong>alia</strong></span> <span class='ocrx_word' id='word_1_752' title='bbox 904 5064 1047 5119; x_wconf 87' lang='lat' dir='ltr'><strong>bona</strong></span> <span class='ocrx_word' id='word_1_753' title='bbox 1078 5080 1293 5137; x_wconf 89' lang='lat' dir='ltr'><strong>quoque</strong></span> <span class='ocrx_word' id='word_1_754' title='bbox 1340 5065 1563 5122; x_wconf 88' lang='lat' dir='ltr'><strong>Davidis</strong></span> <span class='ocrx_word' id='word_1_755' title='bbox 1601 5066 1759 5123; x_wconf 88' lang='lat' dir='ltr'><strong>nobis</strong></span> <span class='ocrx_word' id='word_1_756' title='bbox 1820 5081 1963 5124; x_wconf 91' lang='lat' dir='ltr'><strong>nun-</strong></span> 
     </span>
    </p>
   </div>
   <div class='ocr_carea' id='block_1_99' title="bbox 2080 5055 3637 5137">
    <p class='ocr_par' dir='ltr' id='par_1_99' title="bbox 2080 5055 3637 5133">
     <span class='ocr_line' id='line_1_99' title="bbox 2080 5055 3637 5133; baseline 0 -19"><span class='ocrx_word' id='word_1_757' title='bbox 2080 5062 2176 5114; x_wconf 79' lang='grc' dir='ltr'><strong>τῶν</strong></span> <span class='ocrx_word' id='word_1_758' title='bbox 2208 5064 2641 5119; x_wconf 78' lang='grc' dir='ltr'>καταϐαινόντων</span> <span class='ocrx_word' id='word_1_759' title='bbox 2663 5066 2742 5128; x_wconf 84' lang='grc' dir='ltr'><strong>είς</strong></span> <span class='ocrx_word' id='word_1_760' title='bbox 2765 5065 2965 5119; x_wconf 85' lang='grc' dir='ltr'>λάκκον</span> <span class='ocrx_word' id='word_1_761' title='bbox 2990 5083 3005 5131; x_wconf 86' lang='grc'>;</span> <span class='ocrx_word' id='word_1_762' title='bbox 3036 5064 3148 5118; x_wconf 80' lang='grc' dir='ltr'>ἀλλ’</span> <span class='ocrx_word' id='word_1_763' title='bbox 3171 5057 3322 5127; x_wconf 77' lang='grc' dir='ltr'>οὗτος</span> <span class='ocrx_word' id='word_1_764' title='bbox 3353 5055 3397 5130; x_wconf 85' lang='grc' dir='ltr'>ᾧ</span> <span class='ocrx_word' id='word_1_765' title='bbox 3429 5063 3526 5133; x_wconf 83' lang='grc' dir='ltr'><strong>τῆς</strong></span> <span class='ocrx_word' id='word_1_766' title='bbox 3554 5079 3637 5129; x_wconf 76' lang='grc' dir='ltr'>γε·</span> 
     </span>
    </p>
   </div>
   <div class='ocr_carea' id='block_1_100' title="bbox 401 5148 3635 5228">
    <p class='ocr_par' dir='ltr' id='par_1_100' title="bbox 401 5148 3635 5228">
     <span class='ocr_line' id='line_1_100' title="bbox 401 5148 3635 5228; baseline 0.002 -26"><span class='ocrx_word' id='word_1_767' title='bbox 401 5148 569 5204; x_wconf 76' lang='lat' dir='ltr'><strong>tians.</strong></span> <span class='ocrx_word' id='word_1_768' title='bbox 2071 5156 2269 5218; x_wconf 83' lang='grc' dir='ltr'>νέσεως</span> <span class='ocrx_word' id='word_1_769' title='bbox 2298 5157 2395 5227; x_wconf 83' lang='grc' dir='ltr'><strong>τὴν</strong></span> <span class='ocrx_word' id='word_1_770' title='bbox 2446 5156 2627 5227; x_wconf 81' lang='grc' dir='ltr'>βίϐλον</span> <span class='ocrx_word' id='word_1_771' title='bbox 2657 5158 2685 5209; x_wconf 92' lang='lat'><strong>6</strong></span> <span class='ocrx_word' id='word_1_772' title='bbox 2725 5155 3023 5228; x_wconf 81' lang='grc' dir='ltr'>θαυμάσιος</span> <span class='ocrx_word' id='word_1_773' title='bbox 3068 5154 3460 5224; x_wconf 65' lang='grc' dir='ltr'>εὐαγγελιστὴς</span> <span class='ocrx_word' id='word_1_774' title='bbox 3504 5156 3635 5207; x_wconf 85' lang='grc' dir='ltr'>ἀνα-</span> 
     </span>
    </p>
   </div>
   <div class='ocr_carea' id='block_1_101' title="bbox 2068 5244 3636 5320">
    <p class='ocr_par' dir='ltr' id='par_1_101' title="bbox 2068 5244 3636 5320">
     <span class='ocr_line' id='line_1_101' title="bbox 2068 5244 3636 5320; baseline -0.001 -21"><span class='ocrx_word' id='word_1_775' title='bbox 2068 5246 2288 5316; x_wconf 79' lang='grc' dir='ltr'>γράφει,</span> <span class='ocrx_word' id='word_1_776' title='bbox 2318 5247 2454 5317; x_wconf 81' lang='grc' dir='ltr'>μετὰ</span> <span class='ocrx_word' id='word_1_777' title='bbox 2474 5248 2582 5301; x_wconf 83' lang='grc' dir='ltr'>τῶν</span> <span class='ocrx_word' id='word_1_778' title='bbox 2607 5248 2779 5302; x_wconf 83' lang='grc' dir='ltr'>ἄλλων</span> <span class='ocrx_word' id='word_1_779' title='bbox 2800 5248 2893 5301; x_wconf 79' lang='grc' dir='ltr'>καὶ</span> <span class='ocrx_word' id='word_1_780' title='bbox 2916 5247 2982 5302; x_wconf 84' lang='grc' dir='ltr'>τὰ</span> <span class='ocrx_word' id='word_1_781' title='bbox 2998 5247 3238 5320; x_wconf 75' lang='grc' dir='ltr'>περὶτοῦ</span> <span class='ocrx_word' id='word_1_782' title='bbox 3265 5246 3429 5300; x_wconf 76' lang='grc' dir='ltr'><strong>Δαὸὶδ</strong></span> <span class='ocrx_word' id='word_1_783' title='bbox 3456 5244 3636 5313; x_wconf 72' lang='grc' dir='ltr'>ἀγαθὰ</span> 
     </span>
    </p>
   </div>
   <div class='ocr_carea' id='block_1_102' title="bbox 2000 5333 2919 5407">
    <p class='ocr_par' dir='ltr' id='par_1_102' title="bbox 2000 5333 2919 5407">
     <span class='ocr_line' id='line_1_102' title="bbox 2000 5333 2919 5407; baseline -0.001 -19"><span class='ocrx_word' id='word_1_784' title='bbox 2000 5363 2004 5366; x_wconf 49' lang='grc'>‹</span> <span class='ocrx_word' id='word_1_785' title='bbox 2065 5338 2230 5389; x_wconf 76' lang='grc' dir='ltr'>πᾶσιν</span> <span class='ocrx_word' id='word_1_786' title='bbox 2258 5339 2389 5407; x_wconf 78' lang='grc' dir='ltr'>ἡμῖν</span> <span class='ocrx_word' id='word_1_787' title='bbox 2422 5333 2919 5407; x_wconf 75' lang='grc' dir='ltr'>εὐαγγελιζόμενος.</span> 
     </span>
    </p>
   </div>
   <div class='ocr_carea' id='block_1_103' title="bbox 2138 5420 3633 5499">
    <p class='ocr_par' dir='ltr' id='par_1_103' title="bbox 2138 5420 3633 5499">
     <span class='ocr_line' id='line_1_103' title="bbox 2138 5420 3633 5499; baseline -0.003 -20"><span class='ocrx_word' id='word_1_788' title='bbox 2138 5426 2203 5496; x_wconf 84' lang='grc' dir='ltr'><strong>β’.</strong></span> <span class='ocrx_word' id='word_1_789' title='bbox 2239 5423 2403 5497; x_wconf 77' lang='grc' dir='ltr'>Οἶμαι</span> <span class='ocrx_word' id='word_1_790' title='bbox 2455 5427 2511 5480; x_wconf 81' lang='grc' dir='ltr'><strong>δὲ</strong></span> <span class='ocrx_word' id='word_1_791' title='bbox 2537 5427 2709 5498; x_wconf 86' lang='grc' dir='ltr'>τούτῳ</span> <span class='ocrx_word' id='word_1_792' title='bbox 2759 5426 2837 5499; x_wconf 82' lang='grc' dir='ltr'>τῷ</span> <span class='ocrx_word' id='word_1_793' title='bbox 2885 5426 3135 5499; x_wconf 87' lang='grc' dir='ltr'>πτώματι</span> <span class='ocrx_word' id='word_1_794' title='bbox 3187 5424 3498 5498; x_wconf 77' lang='grc' dir='ltr'>περιπεσεῖν</span> <span class='ocrx_word' id='word_1_795' title='bbox 3544 5420 3633 5475; x_wconf 79' lang='grc' dir='ltr'>τὸν</span> 
     </span>
    </p>
   </div>
   <div class='ocr_carea' id='block_1_104' title="bbox 2066 5513 3631 5591">
    <p class='ocr_par' dir='ltr' id='par_1_104' title="bbox 2066 5513 3631 5591">
     <span class='ocr_line' id='line_1_104' title="bbox 2066 5513 3631 5591; baseline -0.003 -20"><span class='ocrx_word' id='word_1_796' title='bbox 2066 5517 2229 5572; x_wconf 77' lang='grc' dir='ltr'><strong>Δαὸὶδ</strong></span> <span class='ocrx_word' id='word_1_797' title='bbox 2258 5517 2345 5572; x_wconf 81' lang='grc' dir='ltr'><strong>διὰ</strong></span> <span class='ocrx_word' id='word_1_798' title='bbox 2374 5519 2502 5591; x_wconf 87' lang='grc' dir='ltr'>μίαν</span> <span class='ocrx_word' id='word_1_799' title='bbox 2523 5518 2727 5590; x_wconf 86' lang='grc' dir='ltr'>ταύτην</span> <span class='ocrx_word' id='word_1_800' title='bbox 2762 5519 2964 5591; x_wconf 78' lang='grc' dir='ltr'>φωνὴν,</span> <span class='ocrx_word' id='word_1_801' title='bbox 2994 5518 3059 5591; x_wconf 75' lang='grc' dir='ltr'><strong>ἢν</strong></span> <span class='ocrx_word' id='word_1_802' title='bbox 3090 5520 3146 5573; x_wconf 88' lang='grc' dir='ltr'><strong>ἐν</strong></span> <span class='ocrx_word' id='word_1_803' title='bbox 3174 5518 3253 5589; x_wconf 81' lang='grc' dir='ltr'>τῷ</span> <span class='ocrx_word' id='word_1_804' title='bbox 3285 5513 3511 5587; x_wconf 82' lang='grc' dir='ltr'>εἰκοστῷ</span> <span class='ocrx_word' id='word_1_805' title='bbox 3535 5530 3631 5568; x_wconf 85' lang='grc' dir='ltr'><strong>και</strong></span> 
     </span>
    </p>
   </div>
   <div class='ocr_carea' id='block_1_105' title="bbox 469 5422 1960 5494">
    <p class='ocr_par' dir='ltr' id='par_1_105' title="bbox 469 5422 1960 5494">
     <span class='ocr_line' id='line_1_105' title="bbox 469 5422 1960 5494; baseline 0.002 -18"><span class='ocrx_word' id='word_1_806' title='bbox 469 5424 523 5477; x_wconf 76' lang='lat'><strong>2.</strong></span> <span class='ocrx_word' id='word_1_807' title='bbox 557 5422 822 5482; x_wconf 82' lang='lat' dir='ltr'><strong>Existimo</strong></span> <span class='ocrx_word' id='word_1_808' title='bbox 858 5435 1038 5483; x_wconf 85' lang='lat' dir='ltr'><strong>autem</strong></span> <span class='ocrx_word' id='word_1_809' title='bbox 1084 5427 1138 5482; x_wconf 92' lang='lat' dir='ltr'><strong>in</strong></span> <span class='ocrx_word' id='word_1_810' title='bbox 1198 5426 1251 5480; x_wconf 92' lang='lat' dir='ltr'><strong>id</strong></span> <span class='ocrx_word' id='word_1_811' title='bbox 1297 5425 1616 5483; x_wconf 85' lang='lat' dir='ltr'><strong>barathrum</strong></span> <span class='ocrx_word' id='word_1_812' title='bbox 1675 5424 1960 5494; x_wconf 87' lang='lat' dir='ltr'><strong>delapsum</strong></span> 
     </span>
    </p>
   </div>
   <div class='ocr_carea' id='block_1_106' title="bbox 404 5512 1950 5587">
    <p class='ocr_par' dir='ltr' id='par_1_106' title="bbox 404 5512 1950 5587">
     <span class='ocr_line' id='line_1_106' title="bbox 404 5512 1950 5587; baseline 0.001 -18"><span class='ocrx_word' id='word_1_813' title='bbox 404 5512 572 5570; x_wconf 78' lang='lat' dir='ltr'><strong>fuisse</strong></span> <span class='ocrx_word' id='word_1_814' title='bbox 615 5515 871 5575; x_wconf 83' lang='lat' dir='ltr'><strong>Davidem</strong></span> <span class='ocrx_word' id='word_1_815' title='bbox 898 5519 969 5573; x_wconf 91' lang='lat' dir='ltr'><strong>ob</strong></span> <span class='ocrx_word' id='word_1_816' title='bbox 996 5519 1158 5575; x_wconf 89' lang='lat' dir='ltr'><strong>unius</strong></span> <span class='ocrx_word' id='word_1_817' title='bbox 1196 5518 1402 5574; x_wconf 66' lang='lat' dir='ltr'><strong>voculae</strong></span> <span class='ocrx_word' id='word_1_818' title='bbox 1449 5530 1673 5582; x_wconf 79' lang='lat' dir='ltr'><strong>noxam,</strong></span> <span class='ocrx_word' id='word_1_819' title='bbox 1700 5531 1864 5587; x_wconf 88' lang='lat' dir='ltr'><strong>quam</strong></span> <span class='ocrx_word' id='word_1_820' title='bbox 1895 5518 1950 5570; x_wconf 92' lang='lat' dir='ltr'><strong>in</strong></span> 
     </span>
    </p>
   </div>
   <div class='ocr_carea' id='block_1_107' title="bbox 471 5688 1976 5764">
    <p class='ocr_par' dir='ltr' id='par_1_107' title="bbox 471 5688 1976 5758">
     <span class='ocr_line' id='line_1_107' title="bbox 471 5688 1976 5758; baseline 0.003 -14"><span class='ocrx_word' id='word_1_821' title='bbox 471 5688 514 5720; x_wconf 87' lang='grc'>³³</span> <span class='ocrx_word' id='word_1_822' title='bbox 551 5688 669 5746; x_wconf 81' lang='lat' dir='ltr'><strong>Gal.</strong></span> <span class='ocrx_word' id='word_1_823' title='bbox 704 5707 775 5756; x_wconf 84' lang='lat' dir='ltr'><strong>iv,</strong></span> <span class='ocrx_word' id='word_1_824' title='bbox 811 5691 865 5746; x_wconf 88' lang='lat'><strong>5.</strong></span> <span class='ocrx_word' id='word_1_825' title='bbox 941 5691 986 5723; x_wconf 73' lang='lat'><strong>“</strong></span> <span class='ocrx_word' id='word_1_826' title='bbox 1023 5689 1168 5749; x_wconf 88' lang='lat' dir='ltr'><strong>Psal.</strong></span> <span class='ocrx_word' id='word_1_827' title='bbox 1200 5706 1359 5758; x_wconf 77' lang='lat' dir='ltr'><strong>xxix,</strong></span> <span class='ocrx_word' id='word_1_828' title='bbox 1397 5691 1450 5747; x_wconf 68' lang='grc'><strong>4.</strong></span> <span class='ocrx_word' id='word_1_829' title='bbox 1533 5691 1577 5722; x_wconf 81' lang='grc'><strong>³⁸</strong></span> <span class='ocrx_word' id='word_1_830' title='bbox 1616 5688 1761 5746; x_wconf 90' lang='lat' dir='ltr'><strong>Psal.</strong></span> <span class='ocrx_word' id='word_1_831' title='bbox 1794 5706 1883 5758; x_wconf 73' lang='grc' dir='ltr'><strong>ιι,</strong></span> <span class='ocrx_word' id='word_1_832' title='bbox 1923 5690 1976 5748; x_wconf 74' lang='lat' dir='ltr'><strong>lE</strong></span> 
     </span>
    </p>
   </div>
   <div class='ocr_carea' id='block_1_108' title="bbox 2080 5688 3178 5764">
    <p class='ocr_par' dir='ltr' id='par_1_108' title="bbox 2091 5689 3178 5764">
     <span class='ocr_line' id='line_1_108' title="bbox 2091 5689 3178 5764; baseline 0.006 -17"><span class='ocrx_word' id='word_1_833' title='bbox 2091 5691 2137 5725; x_wconf 80' lang='lat'><strong>”</strong></span> <span class='ocrx_word' id='word_1_834' title='bbox 2174 5689 2319 5750; x_wconf 83' lang='lat' dir='ltr'><strong>Psal.</strong></span> <span class='ocrx_word' id='word_1_835' title='bbox 2354 5709 2443 5762; x_wconf 76' lang='lat' dir='ltr'><strong>xv,</strong></span> <span class='ocrx_word' id='word_1_836' title='bbox 2481 5694 2568 5750; x_wconf 85' lang='lat' dir='ltr'><strong>l0.</strong></span> <span class='ocrx_word' id='word_1_837' title='bbox 2646 5695 2688 5728; x_wconf 78' lang='lat'><strong><em>”</em></strong></span> <span class='ocrx_word' id='word_1_838' title='bbox 2732 5693 2877 5752; x_wconf 87' lang='lat' dir='ltr'><strong>Psal.</strong></span> <span class='ocrx_word' id='word_1_839' title='bbox 2916 5711 3017 5751; x_wconf 68' lang='grc' dir='ltr'><strong>ιιι</strong></span> <span class='ocrx_word' id='word_1_840' title='bbox 3040 5737 3055 5764; x_wconf 88' lang='grc'><strong>,</strong></span> <span class='ocrx_word' id='word_1_841' title='bbox 3088 5695 3178 5753; x_wconf 76' lang='grc'><strong>20.</strong></span> 
     </span>
    </p>
   </div>
   <div class='ocr_carea' id='block_1_109' title="bbox 472 5861 897 5934">
    <p class='ocr_par' dir='ltr' id='par_1_109' title="bbox 472 5861 897 5934">
     <span class='ocr_line' id='line_1_109' title="bbox 472 5861 897 5934; baseline -0.002 -18"><span class='ocrx_word' id='word_1_842' title='bbox 472 5863 584 5934; x_wconf 88' lang='lat' dir='ltr'><strong>(l6)</strong></span> <span class='ocrx_word' id='word_1_843' title='bbox 623 5861 744 5918; x_wconf 77' lang='lat' dir='ltr'><strong>hil).</strong></span> <span class='ocrx_word' id='word_1_844' title='bbox 776 5879 815 5929; x_wconf 84' lang='grc' dir='ltr'><strong>ι,</strong></span> <span class='ocrx_word' id='word_1_845' title='bbox 846 5864 897 5919; x_wconf 79' lang='lat'><strong>5.</strong></span> 
     </span>
    </p>
   </div>
  </div>
