4112 6436
401 364 504 421 915

1114 370 1380 430 EUSEBll
1419 372 1897 431 CAESARIENSIS
1931 372 2083 430 OPP.
2124 372 2307 431 PARS
2340 372 2430 431 ΙΙΙ.
2473 404 2541 414 -
2562 368 2970 430 EXEGETICA.

3535 361 3639 420 916

401 480 615 550 psalmo
644 491 751 550 est,
783 483 968 541 emisit
995 505 1008 540 :
1049 504 1067 538 ι
1109 485 1232 543 Tibi
1276 489 1378 544 soli
1405 489 1646 557 peccavi,
1679 495 1734 545 et
1761 490 1962 545 malum

2072 489 2216 562 μόνῳ
2246 490 2512 561 ἥμαρτον,
2535 487 2709 543 καὶτὸ
2729 486 2961 559 πονηρὸν
2986 481 3213 538 ἐνώπιόν
3236 497 3328 534 σου
3351 476 3633 548 ἐποιήσαο»

400 586 589 629 coram
635 584 689 631 te
719 574 845 632 ieci.
885 595 908 632 ι
940 576 1080 633 Dum
1117 594 1249 636 vero
1295 581 1394 649 ait,
1435 581 1533 637 tibi
1578 582 1681 638 soli
1722 584 1967 652 peccavi,

401 659 514 719 noii
546 666 752 723 idcirco
775 666 858 725 sic
871 670 1135 741 loquitur,
1168 672 1328 742 quasi
1360 673 1417 727 in
1450 672 1627 729 solum
1650 672 1819 729 Deum
1850 689 1971 745 pec-

401 755 642 812 cavisset
675 776 689 813 :
723 772 850 814 nam
897 774 1077 832 neque
1118 761 1458 833 blasphemia
1500 780 1679 837 neque
1728 765 1970 837 perjurio

401 858 579 914 neque
604 846 771 917 simili
800 848 1078 920 impietate
1106 865 1165 908 sc
1183 852 1573 921 obstrinxerat,
1598 863 1658 911 ut
1677 856 1968 927 quisquam

404 936 597 991 merito
637 937 978 996 existimaret
1013 942 1084 997 ab
1134 957 1201 999 eo
1244 944 1510 1002 adversus
1546 945 1734 1003 ‘Deum
1796 945 1969 1004 fuisse

403 1032 708 1092 peccatum.
752 1024 976 1093 Verum,
1003 1029 1049 1086 si
1075 1030 1237 1101 plane
1267 1033 1416 1105 loqui
1447 1035 1609 1102 licet,
1637 1050 1971 1109 magnOpere

401 1123 721 1183 peccaverat
766 1117 823 1172 in
872 1116 1223 1190 Bersabcam,
1271 1124 1506 1180 maxime
1541 1125 1598 1179 in
1651 1123 1860 1194 Uriam,
1909 1126 1967 1181 in

400 1205 593 1275 primis
635 1223 765 1265 vero
806 1222 1000 1267 contra
1054 1228 1210 1269 suam
1260 1216 1521 1271 animam.
1565 1213 1679 1272 Cur
1720 1233 1851 1290 ergo
1877 1217 1969 1274 hic

400 1301 498 1365 ait,
530 1301 630 1357 tibi
660 1302 762 1358 soli
785 1305 1047 1374 peccavi?
1075 1303 1281 1379 Nempe
1311 1308 1565 1365 existimo
1603 1324 1729 1366 eum
1769 1311 1971 1367 intelli-

399 1405 564 1460 gere:
594 1392 691 1449 tibi
721 1394 825 1450 soli
855 1403 1045 1451 notum
1094 1396 1198 1452 fuit
1244 1407 1527 1468 peccatum
1552 1415 1752 1456 meum.
1790 1400 1967 1458 Mani-

400 1482 595 1541 festius
622 1485 790 1556 igitur
827 1486 979 1542 addit
1008 1507 1021 1543 :
1047 1507 1068 1540 ι
1097 1496 1152 1545 et
1183 1490 1388 1546 malum
1440 1507 1620 1548 meum
1669 1508 1856 1549 coram
1912 1503 1967 1552 te

398 1574 524 1632 feci.
563 1597 583 1629 ι
623 1577 918 1636 Hominum
958 1583 1159 1653 quippe
1212 1585 1396 1640 nullus
1435 1585 1571 1640 mihi
1623 1585 1791 1643 timor
1826 1600 1965 1658 erat,

396 1668 505 1725 nisi
525 1677 653 1726 tuus
699 1670 1020 1743 ingruisset.
1072 1673 1437 1732 Prosternens
1478 1676 1647 1747 igitur
1696 1678 1847 1735 humi
1885 1680 1967 1735 fa-

396 1762 560 1826 ciem,
594 1762 736 1818 haud
769 1772 897 1821 ante
921 1773 1299 1823 surrecturum
1333 1783 1394 1824 se
1418 1768 1515 1835 ait,
1546 1783 1710 1840 quam
1734 1772 1964 1843 gratiam

2070 582 2247 652 λέγων
2275 582 2352 647 δὲ,
2384 582 2467 636 σοὶ
2502 582 2646 653 μόνῳ
2671 581 2940 654 ἥμαρτον,
2970 577 3033 631 ού
3064 573 3223 630 τοῦτό
3251 588 3417 645 φησιν
3445 571 3527 624 ὅτι
3560 570 3641 633 είς

2068 677 2159 731 τὸν
2187 676 2320 730 Θεὸν
2345 676 2591 747 ἥμαρτον
2619 673 2809 745 μόνον’
2843 670 2968 735 dare
2988 670 3098 742 γὰρ
3130 664 3493 739 βλασφημίας,
3515 660 3640 716 οὕτε

2068 766 2370 839 ἐπιορκίας,
2397 764 2521 819 οὕτε
2551 764 2806 836 τοιαύτης
2825 762 2968 826 τινος
2995 760 3248 822 ἀσεϐείας
3272 758 3301 810 6
3324 754 3522 828 τρόπος
3545 752 3643 806 αύ-

2065 857 2161 912 τοῦ
2187 859 2290 930 τῆς
2323 856 2615 930 ἁμαρτίας,
2646 857 2733 910 ῑνα
2764 873 2849 919 τις
2890 852 3148 908 ὑπολάϐοι
3187 849 3348 905 αὐτὸν
3396 849 3476 912 είς
3506 845 3640 900 Θεὸν

2069 947 2445 1021 ἡμαρτηκέναι
2472 962 2487 976 ·
2514 945 2629 1001 ἀλλ’
2660 947 2708 998 εί
2735 944 2843 1016 χρὴ
2872 945 3074 1009 εἰπεῖν,
3107 940 3178 994 τά
3212 936 3423 1012 μεγάλα
3453 937 3639 1006 ἦμαρ-

2066 1058 2159 1097 τεν
2185 1042 2265 1105 εἰς
2293 1039 2390 1112 τὴν
2412 1039 2711 1111 Βηρσαϐεὲ,
2737 1038 2809 1092 τά
2837 1036 3067 1109 μέγιστα
3094 1034 3152 1088 δὲ
3181 1032 3277 1087 καὶ
3309 1033 3389 1095 είς
3410 1029 3502 1083 τὸν
3534 1028 3640 1081 Οὕ-

2072 1133 2224 1203 ρίαν,
2255 1131 2397 1204 ὑπὲρ
2428 1132 2605 1186 πάντα
2634 1130 2692 1184 δέ
2723 1131 2802 1193 είς
2823 1127 2921 1199 τὴν
2946 1124 3137 1181 ἑαυτοῦ
3158 1124 3363 1195 ψυχήν
3402 1119 3519 1185 πῶς
3543 1113 3638 1172 οὖν

2069 1222 2303 1278 ἐνταῦθά
2330 1240 2484 1295 φησι,
2516 1222 2599 1276 σοὶ
2638 1221 2781 1293 μόνῳ
2818 1221 3095 1292 ήμαρτονς
3144 1216 3257 1270 ἀλλ’
3294 1209 3449 1285 οἶμαι
3490 1210 3638 1264 τοῦτ’

2067 1314 2228 1367 αὑτὸν
2254 1313 2452 1383 λέγειν,
2484 1314 2566 1367 ὅτι
2613 1327 2696 1365 σοι
2758 1310 2902 1382 μόνῳ
2932 1309 3198 1378 ἔγνωσται
3230 1304 3292 1358 τὸ
3332 1300 3639 1375 ἁμάρτημά

2070 1423 2192 1476 μου.
2246 1404 2526 1476 Ἐπιφὲρει
2573 1401 2705 1473 γοῦν
2752 1401 2831 1456 τὸ-
2866 1399 3198 1471 σαφέστερον
3232 1398 3291 1451 ἐν
3321 1394 3430 1466 τῷο
3469 1413 3487 1445 ι
3527 1392 3638 1446 Καὶ

2066 1495 2125 1549 τὸ
2151 1495 2383 1567 πονηρὸν
2412 1493 2640 1549 ἐνώπιόν
2680 1510 2771 1548 σου
2809 1494 3060 1563 ἐποίησα.
3097 1509 3116 1542 ι
3159 1484 3483 1559 Ἀνθρώπων
3529 1485 3638 1557 γὰρ

2066 1587 2236 1652 οὐδείς
2288 1604 2376 1659 μοι
2408 1581 2595 1657 ’φόϐος
2621 1581 2711 1658 ἦν,
2744 1587 2793 1638 εί
2845 1584 2920 1656 μὴ
2951 1586 2979 1638 6
3010 1582 3102 1646 σὸς
3149 1579 3400 1635 ἐπέκειτο
3450 1575 3634 1646 φόϐος.

2079 1680 2267 1749 Ῥίψας
2294 1678 2424 1749 γοῦν
2446 1678 2636 1733 ἐαυτὸν
2658 1676 2751 1731 ἐπὶ
2775 1676 3089 1749 πρόσωπον,
3118 1673 3178 1727 οὕ
3203 1670 3466 1742 πρότερον
3506 1667 3638 1721 ἀνα-

2068 1770 2364 1844 στήσεσθαί
2397 1787 2561 1843 φησιν
2582 1770 2669 1841 ,ἢ
2705 1756 2893 1839 τυχεῖν
2916 1767 3013 1837 τῆς
3046 1763 3345 1830 ἀξιώσεως.
3380 1759 3493 1814 Καὶ
3521 1775 3639 1812 συν-

395 1861 786 1924 consequatur.
821 1854 887 1910 Et
914 1864 1336 1927 comprecantur
1362 1859 1413 1915 ei
1441 1858 1758 1934 quicunque
1781 1864 1962 1922 favent

2065 1864 2312 1936 εύχονταί
2342 1881 2407 1934 γε
2439 1861 2587 1934 αὐτῷ
2620 1862 2819 1925 πάντες
2840 1860 2889 1914 οἱ
2918 1856 3139 1927 ἀγαθῶν
3169 1852 3438 1926 συνεργοὶ,
3462 1866 3645 1923 παρα-

397 1944 648 2001 l‘elicitati
680 1948 821 2017 ejus,
856 1957 1122 2020 orantque
1156 1957 1213 2004 ut
1246 1950 1356 2005 voti
1399 1948 1625 2024 compos
1661 1954 1776 2011 ﬂat.
1828 1955 1965 2013 Pro-

393 2044 582 2109 pterea
602 2037 805 2095 dictum
831 2047 916 2097 est
945 2041 999 2097 in
1030 2043 1309 2100 tricesimo
1335 2043 1512 2116 primo
1556 2048 1767 2117 psalmo
1788 2065 1957 2121 supra

394 2132 750 2188 centesimum
781 2152 792 2187 :
827 2150 845 2184 ι
884 2131 1189 2203 Memento,
1232 2136 1461 2193 Domine
1487 2178 1502 2201 ,
1555 2137 1726 2194 David
1756 2149 1810 2197 et
1845 2156 1965 2197 om-

394 2222 482 2277 nis
543 2223 985 2283 mansuetudinis
1036 2226 1177 2298 ejus.
1240 2225 1394 2283 Sicut
1443 2230 1651 2301 juravit
1710 2229 1962 2299 Domino,

393 2322 581 2369 votum
608 2315 760 2371 vovit
785 2315 899 2373 Deo
933 2316 1123 2375 Jacob.
1166 2317 1225 2374 Si
1255 2321 1519 2379 introiero
1546 2321 1599 2376 in
1634 2320 1965 2381 tabernacu-

392 2408 507 2463 lum
568 2408 765 2466 domus
820 2425 974 2478 meae,
1002 2414 1046 2469 si
1099 2415 1401 2472 ascendere
1461 2417 1514 2473 in
1558 2418 1761 2474 lectum
1804 2420 1965 2475 strati

396 2500 539 2567 mei;
597 2501 645 2555 si
687 2501 830 2558 dabo
882 2518 1137 2559 somnum
1191 2506 1366 2562 oculis
1410 2509 1550 2564 meis
1591 2515 1647 2564 ct
1686 2509 1964 2581 palpebris

392 2593 530 2648 meis
580 2594 1044 2664 dormitationem,
1079 2597 1256 2654 donec
1306 2598 1582 2654 inveniam
1636 2600 1815 2657 locum
1856 2599 1965 2657 Do-

392 2686 564 2751 mino,
596 2688 1008 2744 tabernaculum
1035 2688 1147 2746 Deo
1176 2687 1431 2748 Iacob“.
1468 2711 1487 2745 ι

461 2797 516 2851 4.
561 2797 699 2855 Dum
730 2800 823 2857 ille
855 2802 938 2858 sic
969 2809 1091 2858 orat
1122 2812 1285 2875 atque
1316 2801 1547 2860 afﬁrmat
1585 2822 1646 2863 se
1688 2820 1796 2863 non
1836 2815 1963 2865 ante

392 2906 750 2948 ascensurum
804 2895 859 2949 in
916 2896 1118 2951 lectum
1166 2896 1326 2953 strati
1355 2898 1463 2965 sui,
1514 2915 1693 2970 neque
1739 2901 1962 2957 domum

392 2995 547 3036 suam
574 2981 973 3052 ingressurum,
1009 2983 1233 3055 insuper
1259 3002 1319 3042 se
1345 3002 1452 3042 non
1484 2987 1740 3044 daturum
1774 2992 1960 3064 palpe-

392 3072 508 3127 bris
542 3075 659 3129 suis
691 3073 1163 3145 dormitationem,
1193 3076 1369 3134 donec
1406 3080 1675 3136 invenerit
1717 3080 1961 3138 futurum

393 3165 604 3221 Domini
642 3168 861 3235 locum;
896 3168 1235 3226 demonstrat
1262 3170 1314 3227 ei
1357 3171 1620 3228 Dominus
1668 3173 1954 3232 Bethlehe-

2065 1956 2356 2021 καλοῦντες
2377 1954 2796 2026 είσακουσθῆναι
2829 1951 2992 2007 αὐτόν
3010 1968 3023 1983 ο
3055 1949 3135 2004 διὸ
3165 1947 3381 2020 εἴρηται
3423 1947 3483 1998 ὲν
3505 1943 3639 1997 ἐκα-

2063 2054 2236 2126 τοστῷ
2262 2050 2567 2124 τριακοστῷ
2589 2048 2788 2122 πρώτῳ
2809 2044 3008 2119 ψαλμῷ
3026 2062 3041 2077 ο
3065 2063 3083 2096 ι
3111 2042 3416 2116 Μνήσθητι,
3439 2040 3636 2111 Rupta,

2062 2145 2157 2200 τοῦ
2184 2144 2347 2200 Δαὸὶδ
2366 2148 2459 2199 καὶ
2484 2142 2665 2213 πάσης
2690 2141 2788 2211 τῆς
2810 2139 3116 2212 πραότητος
3135 2133 3327 2190 αὑτοῦ·
3351 2134 3426 2196 ὡς
3453 2130 3638 2202 ὤμοσε

2063 2237 2142 2310 τῷ
2177 2237 2388 2309 Κυρίῳ,
2416 2233 2618 2305 ηὕξατο
2648 2232 2727 2304 τῷ
2746 2231 2867 2303 Θεῷ
2911 2227 3121 2284 Ἰακώό.
3156 2228 3222 2281 Εί
3260 2223 3638 2294 εἰσελεύσομαι

2063 2333 2144 2395 είς
2201 2329 2463 2401 σκήνωμα
2493 2326 2644 2381 οἴκου
2677 2342 2799 2397 μου,
2836 2327 2887 2378 εί
2918 2323 3258 2395 ἀναϐήσομαι
3310 2319 3405 2374 ἐπὶ
3450 2316 3638 2386 κλίνης

2067 2422 2357 2497 στρωμνῆς
2418 2438 2538 2493 μου,
2580 2422 2629 2474 εί
2667 2418 2824 2473 δώσω
2850 2418 3016 2472 ὕπνον
3041 2417 3154 2479 τοῖς
3181 2411 3481 2483 ὀφθαλμοῖς
3534 2426 3637 2480 μου

2065 2519 2159 2572 καὶ
2182 2519 2291 2581 τοῖς
2323 2515 2609 2587 βλεφάροις
2650 2530 2751 2585 μου
2777 2510 3109 2582 νυσταγμὸν,
3146 2507 3252 2571 ἐως
3279 2499 3341 2560 οὕ
3370 2503 3517 2575 εὕρω
3546 2501 3639 2556 τό-

2065 2627 2164 2664 πον
2195 2608 2274 2680 τῷ
2303 2606 2513 2679 Κυρίῳ,
2550 2606 2811 2679 σκήνωμα
2837 2602 2917 2674 τῷ
2950 2601 3069 2672 Θεῷ
3118 2596 3333 2653 Ἰακώϐ.
3368 2615 3387 2649 ι
3656 2618 3663 2623 ·

2133 2809 2193 2864 δ’.
2224 2807 2407 2873 Οὕτως
2431 2808 2489 2862 δὲ
2518 2805 2665 2878 αὐτῷ
2686 2807 2966 2877 εὐξαμένῳ
2980 2803 3076 2856 καὶ
3099 2795 3639 2871 διαϐεϐαιωσαμένῳ,

2046 2905 2146 2958 ότι
2184 2902 2258 2975 μὴ
2303 2901 2566 2973 πρότερον
2622 2898 2949 2970 ἀναϐήσεται
2993 2895 3087 2948 ἐπὶ
3118 2892 3305 2964 κλίνης
3352 2889 3640 2962 στρωμνῆς

2064 2993 2250 3062 αὐτοῦ,
2290 2995 2372 3048 ὅτι
2400 3010 2460 3046 τε
2488 2992 2587 3045 οὐκ
2616 2988 2982 3044 εἰσελεύσεται
3027 2986 3107 3050 είς
3142 2983 3235 3037 τὸν
3264 2979 3411 3036 οἷκον
3443 2976 3636 3043 αὐτοῦ,

2064 3086 2158 3140 καὶ
2190 3084 2270 3138 ἔτι
2300 3084 2359 3138 οὐ
2393 3082 2552 3138 δώσει
2585 3084 2697 3146 τοῖς
2744 3080 3033 3152 βλεφάροις
3089 3074 3253 3129 αὑτοῦ
3304 3067 3634 3141 νυσταγμὸν,

2063 3176 2168 3241 ἓως
2185 3168 2245 3230 οὕ
2273 3175 2409 3249 εὕρῃ
2444 3175 2535 3229 τὸν
2575 3173 2837 3246 μέλλοντα
2862 3171 2955 3225 τοῦ
2985 3169 3189 3241 Κυρίου
3213 3167 3394 3232 τόπον,
3422 3163 3633 3218 δείκνυ-

392 3275 563 3314 mum.
603 3259 898 3330 Propterea
945 3269 1070 3331 post
1114 3265 1235 3333 ejus
1278 3277 1495 3334 precem
1539 3265 1575 3320 ii
1627 3266 1721 3336 qui
1774 3282 1960 3323 secum

2066 3287 2149 3324 σιν
2171 3271 2199 3322 6
2227 3268 2432 3341 Κύριος
2452 3265 2601 3338 αὐτῷ
2626 3266 2725 3337 τὴν
2753 3261 3028 3335 Βηθλεέμ-
3057 3260 3143 3353 διο
3469 3252 3634 3325 εὐχὴν

390 3357 552 3405 orant
582 3351 757 3406 sancti
788 3351 963 3422 angeli
994 3351 1091 3409 Dei
1119 3353 1327 3409 addunt
1363 3372 1378 3409 :
1417 3373 1435 3405 ι
1469 3353 1610 3411 Ecce
1648 3356 1960 3413 audivimus

390 3453 511 3492 eam
543 3440 597 3494 in
625 3437 923 3510 prratha.
962 3463 981 3493 ι
1016 3439 1191 3497 Porro
1238 3441 1517 3512 Ephratlia
1575 3442 1960 3503 Bethleliemus

389 3541 493 3594 est,
528 3532 605 3587 uti
633 3541 824 3587 narrat
872 3531 1086 3605 Moyses
1118 3534 1210 3590 ubi
1242 3536 1318 3589 ait
1347 3555 1358 3590 :
1397 3554 1416 3587 ‹
1447 3534 1659 3590 Mortua
1715 3545 1802 3594 est
1846 3538 1961 3593 Ra-

389 3621 532 3683 chel,
560 3632 613 3677 et
645 3621 859 3692 sepulta
895 3629 981 3677 est
1012 3622 1068 3677 in
1103 3623 1188 3678 via
1218 3638 1339 3693 qua:
1389 3621 1542 3677 ducit
1591 3622 1958 3694 Ephratham;

389 3713 509 3785 ipsa
556 3722 641 3771 est
669 3712 1055 3770 Bethlehemus
1077 3714 1143 3766 ⁵³.
1188 3734 1207 3766 ι
1248 3712 1357 3770 Sed
1382 3722 1439 3770 et
1467 3713 1723 3771 Michaeas
1754 3715 1962 3786 Ephra-

387 3806 538 3862 tham
577 3807 651 3860 ait
690 3822 811 3861 esse
856 3804 1262 3861 Bethleliemum
1295 3827 1309 3861 :
1343 3825 1361 3858 ι
1395 3805 1462 3861 Ει
1493 3814 1591 3872 tu,
1643 3807 1958 3865 Bethlehem

387 3898 582 3960 domus
607 3898 915 3969 Ephrathae,
945 3912 1287 3969 nequaquam
1314 3898 1539 3954 minima
1562 3914 1623 3955 es
1672 3901 1725 3953 in
1755 3900 1961 3970 princi-

385 3994 547 4065 pibus
571 3991 809 4047 Judaz“.
851 4009 870 4044 ι
912 3989 1116 4045 Deinde
1137 3998 1258 4046 orat
1314 3989 1480 4045 David
1537 4005 1647 4046 non
1690 3993 1867 4047 solum
1900 4001 1960 4047 ut

386 4091 681 4156 cognoscat
715 4082 929 4137 Domini
951 4081 1154 4147 locum,
1187 4082 1284 4138 sed
1321 4072 1509 4139 etiam
1538 4082 1759 4136 ubinam
1818 4083 1961 4138 lutu-

386 4193 509 4247 rum
565 4177 639 4233 sit
681 4173 1094 4236 tabernaculum
1142 4174 1280 4245 ejus.
1335 4172 1773 4229 Tabernaculum
1825 4189 1958 4229 vero

386 4277 517 4326 sunt
552 4268 762 4324 exuviae
798 4275 854 4323 ct
909 4280 1131 4338 corpus,
1179 4267 1326 4337 quod
1388 4266 1490 4322 sibi
1553 4265 1647 4322 Dei
1722 4265 1956 4322 Verbum

386 4361 600 4417 ascivit.
634 4358 699 4414 Et
733 4358 801 4413 de
847 4358 969 4414 loco
992 4358 1211 4429 quidem
1257 4366 1405 4413 recte
1455 4357 1958 4429 pramuntiaverunt

384 4452 632 4512 dicentes
664 4469 677 4505 :
710 4470 729 4503 ι
771 4449 911 4507 Ecce
942 4449 1254 4505 audivimus
1278 4463 1399 4512 eam
1432 4449 1486 4503 in
1520 4447 1881 4519 Ephratha“.
1932 4468 1950 4500 ι

2070 3360 2454 3431 συνευξάμενοι
2489 3357 2638 3429 αὐτῷ
2681 3357 2814 3430 ἱεροὶ
2855 3354 3071 3424 ἄγγελοι
3117 3350 3248 3406 Θεοῦ
3295 3347 3634 3416 ἐπιλέγουσιν

2068 3455 2222 3525 ἐξῆςο
2252 3473 2269 3506 ι
2310 3452 2441 3506 Ἰδοὺ
2458 3451 2769 3522 ἠκούσαμεν
2798 3447 2965 3519 αὐτὴν
3000 3447 3056 3499 ἐν
3087 3440 3345 3513 Ἐφραθᾷ.
3379 3458 3396 3490 ι
3439 3437 3638 3506 Ἐφρα-

2069 3544 2139 3598 θά
2171 3544 2230 3598 δέ
2264 3545 2412 3596 ἐστιν
2446 3540 2764 3612 ήΒηθλεέμ,
2796 3538 2872 3602 ὡς
2913 3537 3116 3607 ἱστορεῖ
3144 3530 3386 3601 Μωῦσῆς
3426 3526 3635 3595 λέγων’

2072 3656 2091 3687 ι
2124 3633 2387 3689 Ἀπέθανε
2409 3633 2463 3687 δὲ
2528 3631 2753 3703 Ῥαχὴλ,
2791 3630 2887 3684 καὶ
2930 3626 3102 3698 ἐτάφη
3125 3626 3183 3678 ὲν
3208 3621 3313 3695 ὁδῷ
3357 3617 3635 3692 Ἐφραιθῶ

2067 3727 2204 3799 αὕτη
2231 3726 2346 3780 ἐστὶ
2386 3723 2656 3797 Βηθλεέμ.
2715 3744 2734 3776 ι
2787 3720 2946 3775 Ἀλλά
2977 3719 3071 3773 καὶ
3095 3714 3336 3787 Μιχαίας
3364 3711 3499 3785 φησὶ
3540 3708 3639 3782 τὴν

2080 3818 2319 3891 Ἐφραθά
2348 3811 2487 3872 εἶναι
2524 3815 2792 3889 Βηθλεέμ,
2827 3813 3000 3882 λέγων
3020 3828 3033 3843 ·
3076 3829 3094 3862 ι
3134 3808 3245 3863 Καὶ
3276 3806 3365 3872 σὺ,
3396 3802 3642 3875 Βηθλεέμ

2065 3909 2211 3977 οἶκος
2236 3911 2329 3966 τοῦ
2365 3909 2630 3982 Ἐφραθᾶ,
2656 3905 2905 3978 οὐδαμῶς
2930 3900 2980 3958 εἷ
3005 3902 3260 3973 ἐλαχίστη
3284 3900 3341 3954 ἐν
3369 3899 3483 3961 τοῖς
3517 3895 3641 3967 ἦγε-

2069 4004 2226 4076 μόσιν
2256 4002 2447 4057 Ἰούδα.
2492 4021 2510 4054 ι
2534 3997 2670 4054 Εἶτα
2696 3997 2961 4065 ἐπεύξατο
2990 3997 3019 4050 6
3049 3994 3211 4048 Aa6‘t6
3248 3993 3311 4045 ού
3354 3990 3512 4062 μόνον
3546 3986 3640 4040 τὸν
3672 4002 3675 4007 '

2064 4095 2227 4148 τόπον
2256 4093 2457 4163 γνῶναι
2490 4090 2585 4145 τοῦ
2618 4088 2848 4160 Κυρίου,
2885 4086 3022 4142 ἀλλὰ
3050 4085 3145 4140 καὶ
3174 4083 3235 4137 τὸ
3260 4082 3524 4153 σκήνωμα
3542 4079 3641 4133 αύ-

2064 4186 2157 4240 τοῢ
2187 4184 2380 4239 ὁπόθεν
2404 4183 2555 4237 ἔσται
2574 4199 2588 4214 ο
2614 4181 2879 4253 σκήνωμα
2900 4179 2957 4233 δὲ
2980 4177 3041 4231 τὸ
3058 4176 3253 4247 σκῆνος
3278 4174 3370 4228 καὶ
3395 4172 3455 4226 τὸ
3481 4170 3640 4241 σῶμα

2063 4280 2091 4333 6
2118 4279 2405 4351 ἀνείληφεν
2431 4279 2460 4331 6
2484 4274 2577 4330 τοῦ
2607 4272 2742 4328 Θεοῦ
2764 4272 2933 4341 Λόγος
2958 4268 3234 4340 τυγχάνει·
3262 4264 3485 4327 εἰκότως
3509 4262 3639 4335 περὶ

2067 4371 2165 4443 μὲν
2217 4371 2309 4425 τοῦ
2357 4369 2522 4424 τόπου
2572 4364 3022 4441 προαπήγγειλαν
3079 4360 3386 4431 φήσαντες
3440 4373 3459 4406 ι
3504 4353 3638 4407 ’1δοῦ

2062 4462 2376 4534 ἠκούσαμεν
2406 4460 2574 4532 αὐτὴν
2599 4462 2656 4513 ὲν
2698 4455 2959 4528 Ἐφραθᾷ.
2994 4474 3012 4507 ι
3050 4450 3187 4524 ῐῐερλ⁸
3214 4450 3269 4503 δὲ
3305 4446 3399 4501 τοῦ
3429 4445 3640 4518 σκηνώ-

388 4544 461 4600 De
510 4542 861 4600 tabernaculo
902 4550 1081 4598 autem
1119 4557 1246 4598 mox
1315 4539 1657 4611 subjiciunt:
1687 4560 1706 4593 ι
1742 4539 1954 4597 Iuravit

2066 4573 2233 4629 ματος
2280 4554 2408 4624 ἑξῆς
2432 4553 2772 4621 ἐπιλέγουσιν
2800 4547 2949 4618 αύτῷ
2968 4564 2981 4577 ·
3021 4566 3039 4598 ι
3076 4546 3277 4616 Ὤμοσε
3306 4540 3511 4612 Κύριος
3559 4536 3639 4609 τῷ

387 4636 651 4692 Dominus
708 4635 898 4691 Davidi
947 4635 1271 4699 veritatem,
1327 4644 1383 4688 et
1430 4649 1541 4693 non
1592 4633 1952 4690 frustrabitur

2065 4646 2219 4701 Δαῦὶδ
2250 4645 2527 4717 ἀλήθειαν,
2556 4643 2650 4697 καὶ
2680 4642 2741 4696 ού
2781 4640 2855 4713 μὴ
2888 4638 3128 4709 ἀθετήσῃ
3166 4635 3335 4704 αὐτήν
3359 4650 3370 4660 ·
3400 4634 3465 4685 ἐκ
3498 4647 3638 4702 καρ-

379 4731 635 4805 carimde
686 4729 867 4785 fructu
909 4728 1122 4805 ventris
1166 4727 1244 4807 tui
1300 4742 1497 4797 ponam
1555 4743 1721 4797 super
1768 4727 1952 4783 sedem

2065 4737 2162 4791 ποῦ
2195 4736 2295 4806 τῆς
2323 4735 2530 4799 κοιλίας
2568 4750 2662 4788 σου
2692 4732 2929 4804 θήσομαι
2957 4729 3048 4784 ἐπὶ
3075 4728 3166 4780 τὸν
3215 4725 3405 4797 θρόνον
3457 4740 3572 4776 σου.
3611 4741 3631 4774 ι

382 4835 551 4881 tuam.
597 4843 616 4875 ι
650 4821 863 4889 Quibus
894 4812 1076 4891 verbis
1103 4819 1431 4887 admonetur
1464 4819 1634 4876 David
1660 4861 1675 4887 ,
1732 4820 1851 4878 fore
1895 4829 1956 4877 ut

2065 4829 2134 4884 Δι’
2163 4822 2239 4883 ὧν
2271 4827 2578 4882 διδάσκεται
2619 4827 2648 4880 6
2696 4824 2859 4878 Δαϐὶδ
2887 4824 2969 4877 ὅτι
2994 4820 3054 4874 τὸ
3086 4819 3274 4891 μέλλον
3296 4813 3513 4869 ἔσεσθαι
3539 4811 3634 4866 τοῦ

386 4915 719 4988 destinatum
767 4913 1000 4969 Domino
1049 4913 1464 4989 tabernaculum
1497 4914 1709 4971 fructus
1758 4916 1833 4972 sit
1887 4931 1953 4971 ex

2065 4918 2263 4991 Κυρίου
2293 4919 2587 4990 σκήνωμα,
2622 4918 2652 4969 6
2701 4913 2910 4987 καρπὸς
2937 4908 3005 4983 ἦν
3031 4912 3060 4965 ό
3097 4912 3162 4964 ἐκ
3207 4907 3413 4971 κοιλίας
3467 4903 3635 4961 αὑτοῦ

377 5008 499 5077 ejus
529 5008 698 5078 stirpe
729 5006 1034 5079 gignendus

1121 5146 1207 5201 IX.

635 5263 749 5321 Cur
779 5262 968 5318 Ratira:
1002 5262 1299 5318 meminerit
1331 5263 1674 5333 evangelista.

450 5382 503 5436 l.
546 5379 749 5449 Quidni
778 5379 940 5436 divus
981 5378 1311 5450 Apostolus,
1371 5377 1464 5449 qui
1520 5377 1949 5447 alienigenarum

375 5477 619 5547 gentium
657 5475 1004 5531 vocationem
1029 5473 1236 5546 spiritu
1258 5470 1593 5544 praevidcbat
1618 5485 1717 5541 per
1765 5467 1947 5523 Evan.

376 5566 577 5635 gelium
610 5581 770 5621 suum
803 5566 1066 5634 futuram,
1098 5566 1315 5637 quidni,
1347 5565 1596 5634 inquam,
1634 5562 1951 5632 alienigenae

375 5657 592 5721 feminre
629 5659 1005 5716 meminisset?
1034 5657 1353 5728 Alienigena
1398 5670 1534 5711 sane
1577 5664 1697 5711 erat
1747 5653 1951 5723 Rutha,

2056 5010 2437 5082 γενησόμενος.

2798 5146 2854 5197 θ,

2053 5262 2157 5321 Διὰ
2184 5263 2243 5317 τί
2278 5260 2389 5329 τῆς
2435 5260 2604 5315 Ῥοὺο
2642 5258 3096 5329 ἐμνημόνευσεν
3118 5258 3150 5308 ό
3178 5246 3631 5322 εὐαγγελιστής.

2122 5383 2193 5431 α’.
2228 5377 2337 5429 Καὶ
2369 5375 2485 5439 πῶς
2530 5375 2631 5428 οὐκ
2675 5371 2899 5445 ἔμελλεν
2940 5374 2969 5426 6
2997 5370 3137 5433 θεῖος
3170 5364 3473 5428 Απόστολος
3493 5403 3508 5426 ,
3534 5362 3635 5433 τὴν

2052 5468 2161 5522 τῶν
2186 5467 2499 5537 ἀλλοφύλων
2536 5465 2706 5520 ὲθνῶν
2744 5464 2937 5536 κλῆσιν
2967 5462 3047 5534 τῷ
3081 5461 3350 5531 πνεύματι
3390 5454 3632 5529 προθεω-

2063 5559 2175 5633 ρῶνη
2218 5559 2306 5613 διὰ
2336 5558 2430 5613 τοῦ
2463 5559 2665 5613 οἰκείου
2702 5556 3038 5628 Εύαγγελίου
3080 5550 3487 5623 γενησομένην,
3534 5546 3636 5618 τῆς

2059 5651 2357 5723 ἀλλοφύλου
2384 5651 2777 5724 μνημονεύειν;
2814 5647 3106 5720 ἀλλόφυλος
3130 5646 3238 5719 γὰρ
3269 5646 3302 5716 ή
3351 5641 3506 5699 Ῥοὕο
3541 5638 3637 5696 κού⁸

452 5814 495 5850 δ’
539 5810 685 5878 Psal,
713 5815 948 5883 οιχχιςι
991 5814 1042 5867 5.
1110 5813 1152 5844 ‘3
1182 5811 1315 5873 (ἒβη.
1353 5826 1512 5879 xxxv,
1556 5810 1637 5866 l9.
1718 5810 1759 5844 ii
1799 5808 1962 5866 Matth

2065 5828 2090 5876 i,
2128 5811 2177 5871 6.
2260 5810 2303 5841 ⁸⁵
2344 5807 2489 5865 Psal.
2525 5822 2707 5876 cum,
2744 5806 2799 5862 6.
