4112 6440
461 389 567 448 917
1004 380 1469 452 ρΗᾸΕΞΤΙΟΝΕὸ
1504 375 1964 437 ΕἾΑΝΘΕΒΙΟΑΕ
2004 378 2094 433 AD
2130 375 2573 433 STEPHANUM.
2612 405 2681 417 -—
2718 371 3048 443 QUIESTIO
3084 372 3155 428 Χ..
3587 371 3696 429 918

460 510 524 576 ιε
575 508 884 580 ἀλλοφύλων
935 504 1043 560 τῶν
1068 498 1073 502 ’
1094 502 1560 576 ἀπηγορευμένων
1610 502 1762 573 παρά
1810 502 2035 556 Μωῦσεῖ

2146 509 2188 557 at
2236 500 2461 573 quidem
2497 515 2564 557 ex
2597 500 2669 557 iis
2714 498 3039 572 alienigenis
3084 510 3318 569 quorum
3369 497 3701 552 commercio

461 600 797 658 Μωαϐιτῶψ
832 618 851 652 t
884 597 1168 653 Μωαϐῖται
1198 595 1327 666 γὰρ’,
1352 595 1521 666 φησὶ,
1564 594 1660 647 καί
1705 592 2029 662 Ἀμμανῖται

2146 592 2349 665 Moyses
2391 591 2771 655 interdixerat,
2811 606 3007 661 nempe
3038 588 3311 645 Moabitis.
3353 607 3373 640 ι
3409 586 3662 642 Moabitae
3684 624 3703 651 ,

463 695 563 747 οὐκ
592 692 982 745 εἰσελεύσονται
1014 689 1094 753 εἰς
1127 686 1450 757 Ἐκκλησίαν
1482 684 1686 755 Κυρίου
1718 683 1820 748 ἕως
1844 683 2031 755 τρίτης

2146 685 2335 755 inquit,
2366 693 2422 740 et
2449 684 2770 739 Ammonitae
2813 698 2924 738 non
2976 681 3261 737 intrabunt
3307 681 3364 735 in
3389 679 3491 736 Dei
3516 678 3706 736 Eccle-

466 783 558 837 καί
580 783 844 853 τετάρτης
871 780 1082 849 γενεᾶς,
1114 780 1206 832 καὶ
1231 778 1334 841 ἓως
1362 777 1442 840 εἰς
1480 776 1571 829 τὸν
1603 773 1802 828 αἰῶνα·
1850 793 1868 825 ι
1894 773 2031 842 πλὴν

2146 778 2275 831 siam
2308 792 2484 847 usque
2515 777 2582 832 ad
2626 777 2843 832 tertiam
2898 784 2951 832 et
2995 785 3244 845 quartam
3272 773 3704 844 generationem,

465 871 599 925 ἀλλὰ
628 871 721 924 καὶ
742 873 987 942 κρεῖττον
1016 867 1107 921 τοῦ
1135 868 1301 937 νόμου
1326 865 1592 936 γενομένη
1616 863 1889 935 θεοφιλὴς,
1924 864 2035 916 εἰσ-

2146 869 2249 923 imo
2284 869 2337 922 in
2364 877 2629 924 aeternum
2644 869 2709 923 “.
2749 887 2769 920 ι
2808 867 2915 923 Sed
2952 874 3131 921 tamen
3156 866 3272 921 haec
3296 865 3366 920 ob
3380 863 3704 935 religionem

464 964 622 1035 ἦλθεν
673 965 754 1027 εἰς
798 961 1118 1032 Ἐκκλησίαν
1160 962 1363 1031 Κυρίου
1385 977 1399 990 ·
1428 958 1658 1028 ἐπείπερ
1684 958 1713 1009 ὁ
1738 957 1900 1028 νόμος
1924 958 2035 1047 τοῖς

2146 972 2296 1011 suam
2324 957 2468 1011 facta
2512 958 2618 1029 legi
2649 958 2899 1027 superior
2926 957 3174 1028 ingressa
3206 963 3292 1012 est
3319 956 3375 1011 in
3401 954 3706 1011 Ecclesiam
3784 1022 3789 1027 ,

464 1059 521 1110 ἐν
546 1055 623 1126 τῷ
654 1054 802 1125 νόμῳ
831 1054 1010 1107 λαλεῖ·
1053 1072 1071 1105 ι
1103 1053 1305 1123 Δικαίῳ
1336 1052 1394 1106 δὲ
1418 1052 1580 1122 νόμος
1598 1050 1658 1103 ού
1691 1051 1887 1112 κεῖται,
1922 1045 2030 1101 ἀλλ’

2146 1045 2237 1100 Dei
2268 1065 2280 1099 :
2316 1046 2577 1116 quoniam
2628 1047 2715 1102 lex
2755 1062 2850 1103 eos
2876 1047 2970 1116 qui
3009 1046 3113 1102 sub
3149 1046 3268 1118 lege
3293 1053 3421 1102 sunt
3468 1045 3705 1116 alloqui-

463 1144 683 1213 ἀνόμοις
717 1143 808 1197 καί
830 1143 1241 1207 ἀνυποτάκτοις,
1264 1140 1485 1195 ἀσεϐέσι
1515 1141 1609 1195 καὶ
1635 1138 1994 1211 ἁμαρτωλοῖς.
2010 1158 2027 1190 ι

2146 1145 2232 1192 tur
2260 1157 2275 1191 :
2311 1156 2330 1189 ι
2362 1136 2522 1194 Justo
2553 1145 2733 1192 autem
2765 1152 2875 1192 non
2901 1147 2985 1193 est
3007 1138 3304 1194 constituta
3337 1138 3444 1205 lex,
3487 1136 3585 1193 sed
3622 1136 3708 1192 in.

478 1234 540 1285 Ἡ
572 1233 628 1287 δὲ
670 1232 826 1286 Ῥοὺθ
855 1233 915 1286 ού
962 1232 1212 1303 τοιαύτη,
1246 1234 1293 1284 εἰ
1327 1231 1421 1284 καὶ
1450 1230 1509 1284 τὸ
1533 1230 1690 1299 γένος
1741 1229 2035 1297 ἀλλόφυλος

2146 1215 2306 1299 fustis
2336 1237 2391 1284 et
2415 1228 2754 1284 refractariis
2784 1235 2838 1284 et
2864 1229 3048 1299 impiis
3089 1236 3145 1284 et
3177 1227 3642 1300 peccatoribus".
3682 1244 3702 1281 ι

465 1322 551 1397 ἦν,
578 1325 860 1397 ύπερϐᾶσα
881 1326 937 1380 δὲ
966 1326 1057 1379 τὸν
1075 1324 1349 1398 διορισμὸν
1369 1323 1462 1377 τοῦ
1491 1323 1677 1394 νόμου,
1708 1323 1802 1375 καὶ
1827 1322 2035 1394 εἰσελή-

466 1416 623 1470 λυθεν
677 1419 756 1481 εἰς
807 1418 906 1488 τὴν
951 1416 1275 1486 Ἐκκλησίαν
1305 1414 1531 1485 Κυρίου,
1580 1414 1674 1466 καὶ
1723 1411 1817 1465 τοῦ
1847 1412 2037 1481 γένους

467 1510 799 1582 ἐχρημάτισε
828 1510 920 1564 τοῦ
967 1506 1379 1581 ἰσραηλιτικοῦ,
1404 1508 1497 1560 καὶ
1527 1509 1583 1558 ὲν
1606 1505 1887 1577 προγόνοις
1909 1506 2038 1558 ἀναε-

468 1599 734 1671 ληφθῆναι
761 1601 855 1655 τοῦ
883 1600 1131 1673 Σωτῆρος
1155 1599 1309 1671 ἡμῶν
1339 1597 1668 1669 κατηξιώθη,
1696 1596 1783 1649 διά
1809 1596 1905 1668 τὴν
1929 1596 2036 1651 τῶν

466 1692 718 1763 τρόπων,
763 1692 877 1747 ἀλλ’
908 1695 968 1747 ού
1004 1694 1091 1748 διὰ
1134 1693 1230 1765 τὴν
1283 1691 1376 1747 τοῦ
1427 1692 1673 1762 σώματος
1717 1691 2032 1761 εὐγένειαν·

470 1782 602 1835 πᾶσί
654 1801 712 1837 τε
744 1786 877 1855 ἡμῖν
926 1786 1040 1847 τοῖς
1091 1782 1150 1847 ἐξ
1200 1782 1367 1837 ἐθνῶν
1414 1782 1730 1852 ἀλλοφύλοις
1784 1783 2037 1853 μέγιστον

2142 1321 2321 1377 Rutha
2355 1338 2485 1378 vero
2500 1337 2611 1377 non
2636 1328 2756 1377 erat
2784 1320 3088 1392 ejusmodi,
3114 1321 3334 1378 etiamsi
3377 1325 3538 1392 gente
3575 1319 3708 1374 alie-

2144 1414 2336 1484 nigena
2365 1432 2377 1467 :
2410 1413 2506 1469 sed
2538 1427 2894 1484 supergressa
2941 1412 3078 1483 legis
3121 1411 3258 1467 lines
3300 1412 3358 1465 in
3407 1410 3710 1466 Ecclesiam

2143 1505 2238 1559 Dei
2271 1490 2538 1569 introivit,
2574 1511 2631 1559 et
2676 1503 2748 1560 de
2774 1518 2977 1577 genere
3020 1503 3208 1559 habita
3256 1512 3341 1560 est
3385 1500 3707 1567 Israelitico,

2143 1603 2306 1663 atque
2332 1594 2471 1648 inter
2496 1594 2877 1665 progenitores
2897 1591 3208 1649 Servatoris
3230 1592 3406 1648 nostri
3425 1591 3712 1664 dignanter

2144 1694 2423 1754 assumpta
2456 1691 2680 1755 propter
2706 1697 2942 1749 morum,
2978 1697 3091 1738 non
3133 1682 3384 1752 corporis
3407 1720 3423 1747 ,
3452 1680 3712 1735 nobilita-

2145 1787 2250 1831 tem
2277 1794 2291 1832 :
2320 1774 2587 1846 nobisque
2618 1774 2874 1829 omnibus
2904 1789 3103 1847 genere
3127 1773 3348 1828 ethnico
3370 1772 3518 1827 natis
3545 1770 3715 1825 maxi-
3823 1808 3827 1812 ε

470 1871 772 1943 ὑπόδειγμα
800 1875 1058 1944 κατέστη,
1090 1873 1171 1926 ὅτι
1211 1872 1275 1943 δὴ
1321 1873 1482 1944 ὅμοια
1529 1872 1831 1943 πράξαντες
1878 1872 2035 1942 αὐτῇ,

2146 1882 2286 1922 mum
2315 1866 2589 1937 objectum
2616 1873 2703 1921 est
2732 1867 3067 1937 exemplum,
3099 1866 3217 1921 fore
3248 1873 3308 1919 ut
3336 1864 3381 1920 si
3402 1863 3555 1934 paria
3584 1862 3714 1916 huic

469 1964 576 2020 τῶν
601 1964 729 2017 ἴσων
763 1965 913 2036 παρὰ
943 1964 1018 2035 τῷ
1040 1964 1159 2035 Θεῷ
1179 1963 1499 2036 τευξόμεθα.

542 2057 606 2126 β’.
642 2057 880 2121 Εἰκότως
906 2054 997 2111 οὖν
1029 2058 1125 2129 τὴν
1155 2057 1260 2111 τῶν
1285 2057 1595 2126 ἀλλοφύλων
1630 2058 1818 2130 κλῆσίν
1858 2076 1917 2112 τε
1949 2059 2041 2112 καί

471 2149 772 2219 εἰσποίησιν
808 2149 1014 2220 μέλλων
1066 2149 1551 2219 εὐαγγελίζεσθαι,
1598 2153 1665 2222 τῇ
1721 2151 2042 2222 γενεαλογίᾳ

470 2240 638 2311 αὐτὴν
671 2239 912 2294 τέθεικεν
933 2259 944 2272 ’
974 2241 1119 2311 ἡμᾶς
1145 2242 1270 2305 τοὺς
1300 2240 1358 2307 ἐξ
1396 2240 1565 2295 ἐθνῶν
1591 2240 1919 2312 ἀλλοφύλους
1949 2260 2042 2313 μο-

472 2333 681 2403 νονουχί
703 2331 971 2386 παιδεύων
990 2332 1057 2384 δι’
1090 2332 1281 2402 αὐτῆς,
1311 2333 1392 2386 ὅτι
1421 2332 1484 2404 δὴ
1525 2332 1595 2386 τά
1630 2333 1833 2405 πάτρια
1876 2352 2043 2387 κατα-

472 2424 738 2489 λιπόντες,
762 2425 987 2489 εἰκότως
1015 2425 1110 2479 καὶ
1137 2425 1205 2478 τά
1237 2424 1504 2479 ἀκόλουθα
1534 2427 1614 2490 εἰς
1648 2427 1794 2497 ἡμᾶς
1823 2427 2041 2500 πληρω-

472 2516 695 2588 θήσεται
720 2534 732 2547 ⁸
765 2515 946 2569 οὐκέτι
978 2516 1087 2589 γὰρ
1116 2517 1173 2571 ὲν
1197 2516 1514 2585 ἀλλοφύλοις
1538 2518 2040 2590 καταλεγησόμεθα,

476 2606 579 2659 οὐδ’
605 2605 664 2671 ἐξ
693 2606 1007 2676 ἀλλοφύλων
1033 2608 1464 2679 χρηματίσομεν,
1491 2607 1605 2661 ἀλλ’
1632 2609 1697 2662 ὲκ
1734 2609 1827 2663 τοῦ
1857 2610 2045 2679 ἀληθι-

475 2697 566 2752 νοῦ
613 2698 827 2769 Ἰσραήλ
867 2698 963 2751 καὶ
1012 2696 1111 2750 τοῦ
1168 2697 1296 2751 λαοῦ
1331 2697 1424 2750 τοῦ
1475 2697 1675 2770 κλήρου
1724 2697 1818 2752 τοῦ
1870 2700 2003 2753 Θεοῦ
2028 2718 2042 2731 ι

474 2782 785 2859 ἀναγκαίως
810 2790 866 2844 δὲ
896 2784 962 2845 αὖ
989 2791 1150 2847 πάλιν
1180 2790 1423 2862 ἐμνήσθη
1458 2795 1555 2863 τῆς
1597 2792 1773 2857 Ῥοὺθ,
1804 2793 1872 2846 τά
1896 2795 2045 2846 αἴτια

474 2880 560 2936 διὰ
582 2880 681 2950 τῆς
708 2881 828 2935 κατ’
860 2882 1020 2935 αὑτὸν
1054 2882 1292 2953 ἱστορίας
1329 2882 1544 2948 διδάξας
1590 2883 1711 2937 τίνα
1744 2879 1812 2955 ἧν
1850 2885 1916 2937 τὰ
1949 2885 2044 2938 λύ-

478 2990 647 3027 σαντα
699 2973 798 3045 τὴν
850 2974 1219 3046 ἀπαγόρευσιν
1266 2973 1360 3027 τοῦ
1406 2974 1571 3046 νόμου
1624 2974 1724 3046 τὴν
1775 2977 2043 3045 φήσασαν,

482 3086 501 3119 ι
540 3066 822 3121 Μωαϐῖται
853 3069 951 3121 οὐκ
997 3067 1393 3121 εἰσελεύσονται
1430 3069 1509 3131 εἰς
1563 3067 1886 3138 Ἐκκλησίαν
1935 3069 2047 3122 Κυ-

479 3157 615 3228 ρίου.
654 3178 672 3209 ι
704 3158 896 3227 Γέγονε
927 3159 1095 3230 γάρὴ
1134 3158 1415 3222 Μωαϐῖτις
1459 3159 1534 3223 ὡς
1580 3160 1779 3234 Ῥαχὴλ
1830 3161 1924 3214 καί¹
1967 3162 2042 3225 ὡς

2143 1958 2358 2014 feminae
2387 1957 2674 2022 faciamus,
2700 1971 2887 2027 parem
2926 1958 3159 2028 gratiam
3189 1973 3220 2011 a
3252 1955 3364 2012 Deo
3388 1954 3711 2012 referamus.

2208 2051 2264 2108 2.
2304 2049 2476 2107 Recte
2530 2051 2700 2122 igitur
2747 2051 2841 2122 qui
2891 2049 3321 2116 alienigenarum
3369 2048 3715 2103 vocationem

2142 2149 2303 2211 atque
2334 2141 2680 2213 adoptionem
2707 2140 3061 2197 nuntiaturus
3082 2149 3224 2206 erat,
3258 2140 3402 2194 hanc
3427 2139 3482 2194 in
3515 2153 3715 2210 genea-

2143 2231 2286 2300 logia
2332 2230 2618 2286 mulierem
2671 2231 3016 2302 posuit;nos
3069 2246 3138 2286 ex
3187 2229 3511 2302 alienigenis
3562 2237 3716 2286 ortos

2142 2323 2545 2393 quodammodo
2569 2340 2666 2395 per
2694 2339 2814 2381 eam
2850 2324 3109 2381 erudiens
3141 2324 3258 2379 fore
3282 2316 3377 2389 ιιι,
3432 2324 3478 2379 si
3506 2323 3716 2393 patrios

2143 2431 2323 2471 mores
2359 2416 2696 2482 deseramus,
2716 2415 2844 2487 jure
2869 2418 3075 2487 optimo
3096 2424 3467 2473 consentanea
3502 2416 3715 2472 meritis

2145 2510 2285 2565 bona
2310 2524 2717 2581 consequamur
2752 2526 2767 2564 :
2805 2525 2983 2581 neque
3004 2510 3154 2565 enim
3196 2510 3409 2564 diutius
3452 2508 3716 2580 alienige-

2146 2604 2233 2658 nis
2264 2605 2771 2670 annumerahimur,
2799 2620 2978 2674 neque
3016 2603 3103 2659 his
3138 2589 3363 2658 oriundi
3414 2601 3715 2673 appellabi—

2147 2708 2289 2756 ltllll',
2321 2692 2417 2748 sed
2454 2708 2521 2747 ex
2544 2707 2677 2749 vero
2706 2691 2908 2747 lsraele
2954 2706 3018 2747 ac
3047 2691 3250 2762 populo
3282 2691 3377 2762 qui
3421 2699 3505 2747 est
3543 2689 3717 2746 haere-

2145 2785 2288 2841 ditas
2331 2783 2564 2840 Domini.
2604 2782 2818 2841 Rursus
2868 2784 3184 2841 necessario
3232 2782 3430 2841 Rutltas
3467 2781 3720 2838 meminit

2146 2877 2494 2947 evangelista,
2531 2875 2661 2930 dum
2685 2876 2740 2930 in
2768 2875 2999 2930 historia
3022 2892 3122 2931 sua
3156 2891 3354 2932 causas
3387 2875 3574 2940 tradit,
3593 2887 3717 2945 qua

2148 2966 2285 3037 legis
2337 2967 2604 3022 tollebant
2662 2968 3012 3024 interdictum
3063 2968 3376 3037 ejusmodi:
3415 2987 3434 3019 ι
3467 2966 3718 3022 Moabitae

2149 3073 2259 3113 non
2306 3058 2591 3114 intrabunt
2640 3060 2695 3114 in
2740 3058 3045 3115 Ecclesiam
3091 3059 3208 3116 Dei.
3243 3080 3262 3114 ι
3297 3059 3522 3116 Femina
3569 3062 3718 3118 enim

2149 3149 2404 3207 Moabitis
2436 3151 2504 3206 ad
2537 3151 2909 3208 conditionem
2929 3152 3154 3207 transiit
3181 3150 3438 3209 Rachelis
3486 3161 3540 3210 et
3583 3154 3714 3218 Lite,

475 3249 628 3315 Λεία,
663 3250 719 3302 αἱ
748 3249 1102 3321 ᾠκοδόμησαν
1138 3251 1444 3322 ἀμφότεραι
1476 3252 1567 3304 τὸν
1598 3249 1744 3306 οἶκον
1791 3253 2005 3324 Ἰσραήλ
2029 3270 2041 3282 ·

2148 3258 2381 3313 quarum
2433 3253 2665 3315 utraque
2712 3243 3002 3300 aedificavit
3046 3245 3268 3299 domum
3316 3244 3553 3302 lsraelis.
3609 3246 3720 3302 Cur

476 3340 594 3404 πῶς
621 3340 677 3394 δὲ
708 3341 828 3411 ούχί
855 3343 1118 3413 χρήσιμος
1148 3339 1217 3412 ἦν
1243 3347 1310 3414 τῇ
1328 3344 1422 3397 τοῦ
1464 3345 1715 3418 Σωτῆρος
1750 3345 1904 3416 ήμῶν
1944 3347 2047 3417 ’1η-

478 3430 572 3484 σοῦ
597 3433 831 3503 Χριστοῦ
868 3434 1188 3506 γενεαλογίᾳ
1217 3437 1250 3505 ἡ
1287 3437 1473 3508 μνήμη
1506 3438 1603 3508 τῆς
1639 3437 1817 3502 Ῥοὺθ,
1848 3439 1935 3506 ἐφ’
1979 3438 2045 3508 ἢν

477 3518 691 3590 εἴρηται
724 3538 742 3571 ι
770 3520 861 3573 καὶ
893 3521 954 3573 τὸ
993 3523 1214 3591 ποιῆσαι
1239 3522 1465 3592 δύναμιν
1499 3524 1556 3575 ἐν
1595 3523 1857 3594 Ἐφραθᾷ,
1895 3522 2046 3576 ἔσται

476 3608 645 3678 ὄνομα
673 3611 729 3662 ὲν
745 3609 988 3681 Βηθλεέμ
1012 3628 1026 3675 ;
1054 3632 1072 3664 ι
1095 3613 1423 3682 προφητείας
1438 3613 1547 3684 γὰρ
1575 3613 1833 3683 ἄντικρυς
1847 3614 2046 3678 ταύτας

478 3700 699 3765 εἰκότως
726 3701 792 3754 ἀν
823 3720 907 3765 τις
933 3702 1066 3774 φαίη
1095 3704 1399 3774 τυγχάνειν,
1429 3704 1490 3757 τὸ
1515 3706 1578 3758 ὲκ
1609 3705 1854 3777 Βηθλεὲμ
1876 3707 2046 3776 ὄνομα

476 3792 537 3844 τὸ
560 3792 708 3863 παρὰ
739 3793 816 3864 τῷ
841 3794 1100 3865 Ματθαίῳ
1121 3795 1592 3867 γενεαλογουμένῳ
1626 3794 1798 3867 Ἰησοῦ
1828 3799 2048 3870 Χριστῷ

475 3883 797 3949 ἐξάκουστον
818 3886 898 3949 εἰς
922 3888 1028 3940 πᾶν
1049 3888 1204 3956 γένος
1231 3888 1534 3960 ἀνθρώπων
1563 3888 1803 3961 θεωρῶν,
1832 3891 1925 3945 καί
1949 3891 2047 3962 τὴν

477 3976 535 4027 ὲν
596 3975 836 4048 Ἐφραθᾷ
885 3979 1179 4050 γενομένην
1232 3979 1499 4051 δύναμιν⁵
1551 3981 1616 4035 δι’
1645 3977 1713 4053 ἧς
1766 3982 2046 4053 δυνάμεως

478 4064 655 4121 πάντα
700 4067 767 4121 τὰ
796 4068 922 4139 ἔθνη
954 4069 1046 4122 τὸν
1082 4071 1144 4122 ὲκ
1190 4071 1289 4142 τῆς
1353 4071 1506 4124 Ῥοὺθ
1559 4074 2046 4145 γενεαλογούμενον

476 4156 710 4229 Χριστὸν
740 4157 834 4212 τοῦ
867 4159 1001 4212 Θεοῦ
1030 4162 1337 4231 ἐπιγνόντα,
1380 4164 1448 4217 δι’
1487 4164 1649 4218 αὐτοῦ
1681 4166 1782 4235 τῆς
1819 4167 1915 4236 μὲν
1943 4184 2049 4220 πα-

474 4246 657 4317 τρῴας
683 4249 915 4320 ἀπέστη,
935 4252 1032 4321 τῆς
1076 4252 1230 4306 Ῥοὺθ
1267 4254 1661 4327 παραπλησίως
1684 4296 1699 4320 ,
1743 4255 1820 4326 τῷ
1842 4256 1898 4309 δὲ
1931 4256 2048 4328 Θεῷ

478 4338 572 4391 τοῦ
618 4340 832 4412 Ἰσραὴλ
857 4342 1024 4397 έαυτά
1061 4344 1416 4409 ἐπιδέδωκεν,
1452 4347 1652 4418 ὁμοίως
1682 4348 1817 4419 αὐτῇ
1855 4347 2042 4403 πάλιν·

476 4422 553 4482 ὧν
608 4430 770 4484 ἓνεκά
806 4449 895 4502 μοι
933 4434 1079 4487 δοκεῖ
1122 4435 1221 4488 οὐκ
1272 4437 1651 4506 ἀσυλλόγιστος
1683 4440 1715 4510 ἡ
1750 4438 2049 4511 παράθεσις

479 4519 577 4589 τῆς
623 4520 776 4574 Ῥούθ
804 4524 863 4579 ὲν
894 4527 959 4596 τῇ
999 4525 1092 4578 τοῦ
1133 4526 1410 4582 Ματθαίου
1450 4528 1813 4601 παρειλῆφθαι
1862 4547 2049 4598 γενεα-

480 4608 657 4681 λογίᾳ.

1225 4734 1289 4785 I'.

478 4836 580 4890 Διὰ
615 4839 673 4892 τί
698 4838 805 4892 τὸν
839 4840 1103 4912 Ἰωακείμ
1142 4845 1431 4969 Ξεχοιςίαν
1458 4846 1722 4918 ὀνομάζει
1750 4854 1782 4903 ό
1806 4852 2047 4920 εὐαγγε-

1190 4931 1379 4969 ictuc.

1190 4931 1379 4982 ιστης.

547 5026 624 5071 α’.
661 5020 936 5093 Διώνυμος
966 5018 1118 5089 οὗτος
1143 5021 1211 5097 ἦν
1231 5043 1243 5055 ·
1270 5026 1382 5079 ἀλλ’
1407 5027 1529 5081 ἐπεὶ
1557 5029 1697 5081 κατά
1718 5030 1807 5082 τὸν
1831 5032 2044 5100 προφή-

476 5125 572 5178 την
615 5108 879 5183 Ἱερεμίαν
920 5114 1171 5187 Ἰεχονίας
1203 5116 1521 5188 ὀνομασθείς
1557 5118 1905 5188 διακέκληται
1930 5158 1943 5183 ,
1975 5119 2045 5171 δι’

475 5193 549 5252 ὧν
571 5218 753 5270 φησιν,
783 5222 803 5255 ι
827 5205 1101 5279 Ἠτιμὼθη
1134 5210 1385 5280 Ἰεχονίας
1401 5210 1477 5274 ὡς
1497 5211 1687 5275 σκεῦος
1702 5205 1761 5264 οὗ
1777 5212 1877 5263 ούκ
1897 5212 2043 5264 ἔστιν

476 5292 638 5345 αὐτοῦ
680 5295 871 5364 χρεία*
911 5296 1043 5351 διότι
1082 5299 1357 5372 ἀπερρίφη
1392 5300 1552 5365 αὐτὸς
1591 5302 1686 5355 καὶ
1725 5302 1784 5355 τὸ
1826 5301 2047 5373 σπέρμα

475 5384 640 5438 αὑτοῦ
655 5402 668 5415 θ
689 5387 781 5457 γῆ,
806 5388 899 5460 γῆ,
920 5389 1083 5443 ἄκουε
1103 5391 1258 5460 λόγον
1276 5392 1476 5465 Κυρίου
1497 5410 1511 5424 ο
1534 5393 1741 5464 γράψον
1762 5392 1851 5446 τὸν
1880 5393 2046 5464 ἄνδρα

475 5476 661 5532 τοῦτον
685 5480 1055 5551 ἐκκήρυκτον,
1100 5484 1270 5536 ὅτιού
1311 5486 1385 5556 μὴ
1421 5487 1625 5557 ἀναστῇ
1664 5487 1728 5539 ὲκ
1758 5483 1846 5539 τοῦ
1882 5486 2047 5558 σπέρ-

479 5584 645 5633 ματος
673 5569 837 5623 αὐτοῦ
862 5570 1169 5643 καθήμενος
1195 5575 1287 5627 ἐπὶ
1320 5574 1507 5647 θρόνου
1534 5575 1698 5629 Δαϐἰδ
1714 5614 1729 5638 ,
1758 5574 1938 5646 ἄρχων
1964 5576 2045 5628 ἔτι

477 5656 534 5706 ἐν
560 5656 653 5727 τῷ
678 5658 845 5731 Ἰούδα
863 5677 879 5691 ι
903 5681 921 5713 ι
954 5662 1046 5714 καὶ
1074 5662 1260 5734 ἐπειδὴ
1291 5663 1495 5716 τούτων
1522 5663 1683 5716 ’ἑνεκα
1717 5663 1915 5735 συνέϐη
1946 5663 2042 5735 τὴν

2150 3341 2332 3390 autem
2359 3349 2471 3389 non
2502 3335 2779 3392 decuisset
2809 3335 3180 3406 genealogiam
3206 3335 3515 3393 Servatoris
3543 3338 3719 3393 nostri

2147 3420 2278 3479 Jesu
2324 3425 2531 3480 Christi
2573 3427 2780 3481 mentio
2832 3425 3070 3481 Rutilae?
3104 3426 3174 3482 de
3223 3442 3330 3496 qua
3362 3436 3418 3484 et
3453 3428 3587 3484 illud
3636 3428 3767 3510 θὶς.

2148 3522 2297 3569 ctum
2350 3515 2456 3570 fuit
2503 3535 2523 3569 ι
2561 3516 2744 3572 facere
2791 3518 3054 3574 virtutem
3114 3520 3171 3573 in
3233 3519 3508 3590 prratha
3538 3559 3553 3585 ,
3613 3523 3720 3576 erit

2148 3619 2346 3660 nomen
2374 3606 2431 3660 in
2447 3605 2759 3662 Bethlebem
2776 3607 2898 3661 Ψ.»
2932 3606 3254 3680 Prophetias
3284 3612 3428 3664 enim
3470 3626 3593 3666 esse
3620 3612 3721 3668 has

2150 3697 2467 3769 perspicuas
2498 3700 2777 3771 quispiam
2806 3701 2986 3771 dicet;
3016 3704 3269 3759 videlicet
3301 3720 3334 3760 e
3369 3704 3720 3761 Bethlehemo

2150 3804 2347 3844 nomen
2375 3788 2580 3846 Christi
2602 3790 2755 3856 Jesu,
2784 3793 2945 3863 cujus
2960 3795 3331 3865 genealogiam
3371 3796 3544 3851 texuit
3568 3795 3720 3867 ,Μοι-

2150 3879 2344 3947 ιιιιειιε,
2374 3896 2471 3951 per
2500 3884 2789 3938 universas
2819 3893 3008 3955 gentes
3037 3884 3295 3940 dill‘usum
3329 3900 3583 3955 cernens,
3608 3885 3720 3939 vir—
3774 3932 3785 3944 .

2150 3979 2431 4044 tutemque
2456 3974 2513 4029 in
2546 3972 2824 4046 Ephratha
2859 3983 3125 4047 patratam
3164 3996 3177 4031 :
3215 3977 3287 4032 ob
3328 3992 3491 4047 quam
3538 3979 3719 4033 virtu.

2150 4071 2259 4119 tem
2289 4078 2482 4121 omnes
2515 4076 2704 4137 gentes
2744 4066 3025 4123 Christum
3071 4066 3168 4122 Dei
3207 4082 3237 4121 a
3277 4066 3472 4122 Rutha:
3522 4083 3718 4139 genere

2148 4153 2443 4209 deductum
2469 4164 2847 4227 agnoscentes,
2865 4157 3109 4227 ejusdem
3132 4173 3298 4214 causa
3322 4174 3350 4212 a
3376 4158 3569 4228 patriis
3596 4158 3718 4212 riti-

2149 4247 2252 4303 bus
2278 4263 2432 4318 reque
2471 4263 2535 4304 ac
2564 4247 2747 4304 Rutha
2772 4258 3142 4315 recesserunt,
3183 4266 3352 4321 seque
3399 4249 3509 4305 Deo
3545 4249 3720 4306 Israe-

2152 4338 2241 4403 lis,
2282 4339 2413 4394 item
2458 4348 2516 4393 ut
2554 4339 2669 4406 illa,
2700 4339 3065 4396 tradiderunt.
3111 4340 3262 4407 Quas
3309 4341 3378 4396 ob
3425 4356 3514 4396 res
3571 4340 3723 4395 haud

2152 4420 2355 4486 temere
2386 4432 2520 4486 mihi
2546 4431 2760 4488 videtur
2789 4433 2857 4489 ad
2889 4432 3093 4490 Christi
3118 4433 3487 4507 genealogiam
3514 4434 3724 4490 mentio

2155 4519 2346 4577 Ruthae
2367 4522 2599 4593 adjecta.

2898 4724 2966 4778 X.

2149 4838 2259 4894 Cur
2300 4836 2599 4892 Joacimum
2638 4839 2845 4894 nontine
2882 4836 3150 4962 {ec/ionice
3193 4837 3532 4909 appellaverit
3561 4853 3717 4892 evan-

2822 4926 2879 4962 ae
2904 4920 3029 4962 ista.

2822 4920 3029 4979 gettsta.

2217 5023 2268 5077 l.
2314 5020 2611 5077 Binominis
2639 5020 2729 5076 hic
2748 5030 2882 5077 erat.
2952 5019 3058 5077 Sed
3087 5019 3345 5091 quoniam
3391 5017 3532 5087 apud
3565 5015 3717 5074 Jere-

2145 5113 2310 5167 iniam
2341 5112 2661 5183 prophetam
2688 5114 2757 5176 is,
2801 5129 2893 5184 qtn
2924 5111 3215 5168 Jeclionias
3242 5110 3544 5181 appellatur
3563 5151 3577 5173 ,
3604 5127 3720 5172 ma-

2147 5204 2345 5260 ledicto
2375 5203 2649 5274 appetitur
2675 5203 2761 5256 his
2791 5203 2970 5258 verbis
3008 5222 3022 5256 :
3062 5200 3363 5256 tLudihrio
3388 5199 3607 5254 habitus
3635 5207 3720 5255 est
3772 5262 3778 5269 ι

2147 5295 2440 5352 Jechonias
2462 5303 2721 5365 tanquam
2752 5309 2850 5350 vas
2879 5294 3038 5363 cujus
3068 5308 3177 5347 non
3212 5299 3296 5348 est
3332 5307 3487 5346 usus.
3514 5290 3718 5358 Quam-

2148 5390 2335 5444 obrem
2360 5388 2606 5458 abjectus
2636 5394 2720 5442 est
2748 5386 2864 5457 ipse
2896 5394 2949 5441 et
2974 5401 3145 5456 genus
3171 5385 3333 5456 ejus;
3360 5392 3524 5447 terra,
3547 5391 3714 5447 terra,

2148 5481 2275 5537 audi
2307 5496 2612 5538 sermonem
2644 5479 2858 5534 Domini
2895 5498 2907 5533 ε
2937 5480 3085 5534 Pone
3114 5478 3259 5533 hunc
3279 5478 3455 5533 virum
3479 5475 3719 5551 proscri-

2148 5586 2322 5644 ptum,
2357 5574 2484 5644 quia
2515 5588 2621 5627 non
2668 5571 3031 5626 constituetur
3077 5569 3144 5623 de
3174 5585 3372 5641 genere
3405 5570 3525 5639 ejus
3554 5582 3718 5640 super

2146 5665 2402 5720 thronum
2432 5661 2676 5728 Davidis,
2707 5660 2799 5733 qui
2835 5660 3041 5715 diutius
3079 5660 3134 5714 in
3163 5658 3304 5715 Juda
3331 5660 3558 5730 imperet
3587 5657 3633 5691 δε
3656 5672 3670 5721 ;
3690 5673 3711 5707 ι

550 5809 593 5843 ⁸⁸
633 5810 786 5867 Deut.
826 5830 991 5881 um,
1030 5818 1108 5883 5;
1150 5815 1344 5874 llEsdr
1404 5834 1530 5884 xm,
1574 5819 1620 5874 l.
1696 5820 1737 5851 ⁸⁷
1778 5816 1966 5873 lTim.
2009 5836 2021 5872 ι

2221 5821 2285 5852 ⁸⁷⁸
2328 5819 2468 5873 Ruth
2507 5833 2581 5882 tv,
2619 5818 2704 5872 ll.
2782 5817 2827 5850 ⁵⁸
2866 5815 2970 5872 Jer.
3012 5832 3156 5882 xui,
3189 5815 3382 5871 28-50.
