4112 6440
417 354 519 412 919

1068 356 1339 417 EUSEBII
1379 361 1855 421 CJESABIENSIS
1892 362 2040 422 OPP.
2084 365 2264 424 PARS
2302 367 2387 424 lll.
2422 400 2489 411 --
2520 370 2924 429 EXEGETICA.

3541 375 3645 431 920

410 478 469 531 et
495 470 751 541 quoniam
787 471 980 528 horum
1027 489 1193 530 causa
1237 476 1498 544 praedicto
1527 477 1642 548 regi
1670 479 1896 551 contigit
1922 496 1957 534 u

2082 482 2162 544 εἰς
2191 481 2484 536 Βαόυλῶνα
2521 484 2897 554 αἰχμαλωσίαν
2936 485 3053 556 ἀμα
3084 491 3161 558 τῷ
3201 488 3315 558 λαῷ
3348 493 3643 560 ὑποστῆναι

413 560 793 635 Bahylonicam
820 579 942 620 cum
967 568 1166 636 populo
1186 570 1552 637 captivitatem
1594 573 1821 634 subiret.
1864 589 1978 629 me-

410 654 518 708 rito
544 654 781 724 inclytus
805 657 1156 726 evangelista,
1181 656 1557 732 Redemptoris
1578 664 1820 719 omnium
1853 663 1977 720 Ser-

2077 572 2168 625 τὸν
2190 574 2477 644 εἰρημένον
2491 615 2506 639 ,
2529 577 2749 641 εἰκότως
2774 579 2801 630 ό
2821 577 3119 649 Θαυμάσιος
3142 580 3526 651 εὐαγγελιστὴς
3547 582 3643 635 τοῦ

2076 663 2364 735 Λυτρωτοῦ
2392 666 2483 718 καὶ
2510 666 2659 736 Σωτῆ
2669 684 2758 737 ρος
2791 668 3040 721 ἀπάντων
3066 670 3396 743 ὑπογράφων
3423 669 3521 741 τὴν
3553 672 3644 739 γέ-

410 744 724 814 veterisque
775 747 1023 802 scribens
1070 751 1497 820 generationem,
1548 753 1710 823 hujus
1759 771 1957 828 quoqui

2075 771 2241 818 νεσιν,
2281 759 2374 808 καὶ
2405 756 2556 809 τοῦδε
2585 758 2829 828 ἐμνήσθη
2853 758 2946 811 τοῦ
2973 760 3317 830 ἠτιμωμένον
3344 762 3437 814 τοῦ
3472 764 3642 833 ἀπορ-

408 836 655 891 Ineminit
703 838 1002 909 contempti
1052 846 1106 893 et
1154 840 1377 910 projecti
1428 858 1552 898 cum
1592 861 1692 900 sua
1720 848 1889 917 stirpe
1920 849 1974 903 in

405 923 789 996 Babylonicam
816 938 1038 994 terram,
1081 930 1312 1001 ideoque
1339 934 1629 1004 proscripti
1650 944 1704 991 et
1726 939 1924 1006 captivi
1958 957 1971 993 :

402 1014 533 1070 hinc
559 1016 811 1073 videlicet
836 1017 1061 1083 docens,
1095 1021 1188 1090 qui
1217 1022 1284 1076 ad
1316 1025 1715 1092 praedicandam
1743 1028 1973 1099 captivis

404 1106 714 1162 libertatem
742 1107 948 1164 missus
979 1108 1154 1165 fuerat
1183 1127 1213 1165 a
1245 1110 1426 1179 Patre,
1473 1114 1619 1170 hunc
1645 1131 1765 1173 esse
1786 1116 1971 1174 Jesum

400 1198 706 1265 Christum,
761 1201 830 1257 de
874 1217 985 1272 quo
1018 1203 1215 1258 librum
1246 1208 1457 1272 scribit,
1487 1216 1541 1263 et
1562 1208 1630 1264 ad
1658 1226 1816 1280 quem
1848 1229 1973 1283 spe-

401 1298 515 1345 ctat
561 1292 707 1361 quod
756 1295 901 1364 apud
940 1294 1263 1366 prophetam
1316 1300 1575 1355 recitatur
1621 1304 1901 1359 oraculum
1952 1324 1966 1361 :

405 1402 423 1433 ι
464 1381 700 1453 Spiritus
723 1384 939 1441 Domini
967 1401 1134 1457 super
1157 1405 1263 1456 me,
1293 1406 1359 1446 eo
1387 1393 1526 1462 quod
1559 1396 1713 1448 unxit
1744 1411 1829 1450 me
1856 1417 1868 1451 :
1901 1398 1969 1453 ad

399 1477 833 1533 aununtiandum
859 1481 1188 1549 pauperibus
1211 1483 1360 1539 misit
1385 1500 1501 1549 me,
1542 1487 1968 1556 praedicandam-

397 1581 507 1636 que
528 1568 762 1638 captivis
800 1569 1101 1625 libertatem
1131 1573 1198 1627 δ’.
1232 1591 1251 1623 ι
1291 1573 1366 1629 De
1392 1588 1502 1643 quo
1530 1575 1637 1629 alio
1667 1576 1795 1630 item
1845 1577 1967 1633 loco

397 1658 473 1714 ait
497 1659 761 1730 propheta
786 1678 800 1713 :
839 1679 858 1711 ι
888 1661 1009 1730 Ipse
1031 1664 1319 1719 mdificabit
1343 1666 1529 1721 urbem
1560 1683 1733 1722 meam
1753 1709 1766 1735 ,
1802 1677 1966 1741 atque

397 1764 429 1803 a
454 1749 768 1819 captivitate
789 1753 1045 1821 papulum
1076 1769 1255 1809 meum
1290 1757 1568 1811 revocabit
1594 1758 1661 1810 ‘°.
1706 1779 1725 1811 ι

2076 847 2323 917 ῥιφέντος
2349 848 2462 917 ἀμα
2490 846 2565 917 τῷ
2600 847 2874 919 σπέρματί
2902 852 2982 913 εἰς
3004 851 3099 921 τὴν
3132 851 3484 905 Βαϐυλωνίων
3515 853 3636 925 γῆν,

2071 937 2165 988 τοῦ
2205 936 2540 1007 ὲκκηρῦκτου
2575 940 2867 1009 γενομένου
2888 981 2903 1005 ,
2945 939 3039 994 τοῦ
3072 941 3448 1012 αἰχμαλώτουο
3496 944 3639 998 διδά-

2075 1043 2217 1080 σκων
2244 1028 2324 1079 ὅτι
2354 1046 2420 1097 κη
2432 1027 2585 1098 ρύξαι
2616 1031 2980 1099 αἰχμαλώτοις
3005 1032 3197 1101 ἄφεσιν
3233 1033 3638 1103 ἀπεσταλμένος

2073 1118 2176 1170 ὑπὸ
2208 1119 2300 1171 τοῦ
2336 1116 2580 1191 Πατρὺς,
2629 1118 2781 1185 οὗτος
2812 1118 2880 1193 ἦν
2923 1123 3127 1193 Ἰησοῦς
3156 1125 3416 1197 Χριστὸς,
3446 1122 3506 1180 οὗ
3535 1127 3635 1197 τὴν

2071 1210 2247 1280 βίϐλον
2265 1211 2565 1282 ἀναγράφει
2586 1251 2599 1273 ,
2622 1214 2701 1275 εἰς
2726 1213 2784 1266 ὃν
2810 1214 3139 1285 ἀναφέρεται
3169 1216 3228 1269 τὸ
3249 1217 3453 1285 φάσκον
3472 1219 3528 1271 ὲν
3555 1217 3635 1289 τῷ

2069 1302 2320 1373 προφήτῃ
2347 1302 2522 1370 λόγιον
2542 1320 2557 1334 ·
2594 1322 2612 1354 ι
2636 1304 2857 1375 Πνεῦμα
2892 1308 3095 1377 Κυρίου
3128 1309 3213 1359 ἐπ’
3239 1308 3367 1377 ἐμὲ,
3402 1304 3461 1363 οὗ
3494 1310 3633 1362 εἵνε-

2068 1409 2159 1446 κεν
2176 1392 2356 1463 ἐχρισέ
2380 1411 2445 1464 με
2462 1434 2476 1456 ,
2496 1394 2945 1463 εὐαγγελίσασθαι
2968 1401 3199 1469 πτωχοῖς
3215 1400 3518 1453 ἀπέσταλκέ
3541 1418 3630 1472 με,

2067 1486 2297 1557 κηρύξαι
2328 1487 2691 1555 αἰχμαλώτοις
2724 1491 2914 1559 ἄφεσιν
2934 1508 2947 1521 ·
2977 1509 2996 1541 ι
3026 1490 3151 1562 περὶ
3177 1486 3236 1544 οὗ
3259 1490 3353 1545 καὶ
3380 1494 3439 1544 ὲν
3460 1493 3632 1564 ἑτέρῳ

2067 1577 2229 1649 φησὶν
2266 1580 2295 1631 ὁ
2328 1578 2491 1641 αὐτὸς
2524 1582 2840 1653 προφήτηςο
2906 1602 2924 1634 ι
2951 1576 3120 1646 Οὗτος
3153 1584 3496 1656 οἰκοδομήσει
3532 1585 3631 1657 τὴν

2066 1669 2219 1723 πόλιν
2261 1687 2363 1740 μου
2387 1709 2402 1733 ,
2437 1672 2530 1724 καὶ
2560 1673 2661 1743 τὴν
2692 1673 3062 1744 αἰχμαλωσίαν
3088 1674 3180 1728 τοῦ
3213 1675 3341 1730 λαοῦ
3376 1691 3478 1747 μου
3512 1679 3630 1731 ἑπι-

2066 1760 2303 1830 στρέψει.
2333 1780 2351 1813 ι

462 1839 521 1896 2.
564 1838 905 1911 Tempestive
949 1844 1117 1914 igitur
1142 1844 1417 1903 Jechoniaz
1452 1858 1506 1903 et
1533 1849 1697 1919 hujus
1750 1852 1957 1914 animae,

2140 1855 2214 1922 β’.
2263 1852 2419 1906 Κατά
2452 1855 2639 1925 καιρὸν
2684 1856 2970 1926 τοιγαροῦν
3003 1857 3149 1928 αὑτῷ
3180 1876 3240 1911 τε
3284 1860 3506 1931 Ἰεχονίᾳ
3536 1862 3629 1915 καὶ

395 1939 559 2003 atque
584 1934 654 1989 iis
679 1936 771 2004 qui
804 1938 1036 1992 similem
1068 1939 1144 1992 illi
1174 1941 1321 2009 passi
1364 1941 1578 1997 fuerant
1612 1944 1964 2014 ignominiam

393 2032 450 2077 et
478 2025 781 2081 animarum
812 2030 1181 2098 captivitatem
1204 2071 1221 2097 ,
1254 2031 1633 2106 Redemptoris
1672 2038 1961 2092 adventum

390 2122 610 2172 nuntiat
638 2118 942 2181 Matlbreus.
977 2124 1071 2192 qui
1102 2122 1224 2178 Filii
1257 2123 1350 2179 Dei
1374 2128 1765 2197 genealogiam,
1805 2130 1963 2184 item-

391 2223 498 2278 que
559 2211 789 2266 aliorum
850 2216 1089 2268 sontium
1146 2226 1603 2288 peccatorumque
1659 2220 1958 2283 hominum,

392 2299 599 2356 scribit.
636 2300 791 2360 Unus
817 2305 961 2360 enim
991 2307 1244 2378 idemque
1265 2325 1446 2365 sermo
1472 2317 1555 2367 est
1574 2350 1589 2375 ,
1615 2314 1708 2382 qui
1740 2311 1960 2368 Davidis

388 2393 595 2448 crimen
626 2395 770 2450 circa
802 2395 943 2452 Uriae
967 2414 1213 2464 uxorem,
1260 2410 1315 2457 et
1335 2401 1489 2458 Judaa
1517 2403 1957 2468 fornicationem,

385 2490 441 2537 et
469 2485 829 2556 alienigenam
864 2505 962 2545 seu
993 2490 1339 2549 Moabitidem
1366 2492 1626 2561 Rutham,
1670 2506 1956 2553 memorat.

386 2573 530 2631 Idem
559 2594 742 2635 sermo
771 2580 955 2637 Jcsum
990 2599 1112 2638 cum
1143 2585 1450 2653 publicanis
1475 2591 1959 2661 peccatoribusque

387 2670 679 2734 viventem.
730 2682 785 2729 et
825 2676 1144 2745 turpissima
1174 2678 1243 2733 ab
1272 2679 1583 2735 hominibus
1616 2698 1956 2750 perpessum,

385 2768 440 2816 et
468 2761 703 2834 denique
736 2780 860 2819 cum
893 2767 1152 2824 maleficis
1183 2770 1502 2824 crucifixum
1532 2774 1768 2827 exhibet.
1829 2773 1958 2829 Erat

386 2869 518 2910 vero
548 2856 595 2913 is
634 2872 815 2912 sermo
852 2875 962 2928 quo
990 2861 1196 2915 dictum
1226 2870 1310 2917 est
1341 2881 1353 2917 :
1397 2882 1415 2915 ι
1450 2862 1590 2920 Ecce
1617 2864 1805 2935 Agnus
1838 2867 1953 2932 Dei,

384 2948 479 3016 qui
533 2949 675 3003 tollit
735 2961 1016 3019 peccatum
1066 2954 1255 3008 mundi
1282 2956 1353 3010 “.
1391 2975 1408 3007 ι
1464 2954 1761 3026 Oportebat
1810 2961 1955 3014 enim

386 3054 510 3094 eum
531 3082 547 3108 ,
584 3043 675 3112 qui
708 3042 926 3099 futurus
950 3051 1069 3099 erat
1097 3046 1342 3116 expiator
1366 3055 1605 3103 veterum
1637 3052 1954 3119 quarumvis

386 3132 676 3187 criminum
714 3150 776 3189 ac
802 3134 1127 3203 futurorum,
1167 3140 1366 3208 quique
1408 3140 1644 3195 animam
1677 3145 1953 3212 positurus

2063 1947 2127 2015 τῇ
2164 1945 2351 1998 τούτου
2397 1945 2540 2017 ψυχῇ
2565 1985 2580 2009 ,
2627 1950 2739 2010 τοῖς
2772 1965 2829 2001 τε
2858 1949 2955 2019 τὴν
2986 1950 3108 2021 ἴσην
3133 1950 3280 2021 αὐτῷ
3308 1951 3628 2006 πεπονθόσιν

2062 2036 2279 2105 ἀτιμίαν
2298 2054 2356 2089 τε
2374 2038 2466 2090 καὶ
2489 2037 2673 2106 ψυχῶν
2694 2041 3080 2110 αἰχμαλωσίαν,
3106 2042 3203 2113 τὴν
3223 2043 3315 2096 τοῦ
3342 2044 3626 2115 Λυτρωτοῦ

2063 2131 2359 2199 παρουσίαν
2389 2130 2794 2199 εὐαγγελίζεται
2814 2133 3085 2197 Ματθαῖος
3105 2138 3134 2188 ό
3159 2135 3254 2206 τὴν
3294 2136 3504 2204 γένεσιν
3531 2138 3625 2192 τοῦ

2063 2217 2192 2269 Υἰοῦ
2215 2218 2306 2271 τοῦ
2332 2218 2464 2271 Θεοῦ
2486 2260 2499 2282 ,
2521 2221 2613 2273 καί
2637 2221 2700 2293 δὴ
2726 2223 2830 2275 τῶν
2854 2222 3027 2275 ἄλλων
3049 2224 3309 2277 ὑπαιτίων
3331 2226 3423 2279 καὶ
3449 2227 3627 2298 ἀμαρ-

2059 2308 2242 2361 τωλῶν
2287 2309 2493 2383 ἀνδρῶν
2525 2312 2879 2379 καταγαγών·
2914 2309 2994 2377 εἷς
3032 2317 3141 2386 γὰρ
3171 2310 3238 2386 ἦν
3280 2317 3373 2370 καί
3404 2319 3432 2370 ὁ
3463 2318 3626 2382 αὐτὸς

2060 2402 2243 2468 λόγος,
2279 2402 2344 2455 δι’
2378 2402 2435 2455 ὃν
2467 2402 2559 2456 καὶ
2594 2404 2691 2474 τῆς
2719 2405 2811 2457 τοῦ
2837 2406 3000 2459 Δαίίἰδ
3027 2407 3154 2477 περί
3176 2408 3274 2477 τὴν
3298 2408 3393 2461 τοῦ
3427 2403 3623 2481 Οὒρίου

2061 2495 2287 2559 γυναῖκα
2319 2493 2678 2563 παρανομίας,
2705 2494 2802 2563 τῆς
2828 2512 2884 2548 τε
2905 2494 2998 2548 τοῦ
3035 2496 3203 2549 Ἰούδα
3227 2499 3499 2568 πορνείας,
3526 2501 3626 2570 τῆς

2058 2599 2116 2633 τε
2139 2582 2431 2649 ἀλλοφύλου
2455 2582 2547 2636 καί
2571 2586 2909 2649 Μωαϐίτιδος
2933 2586 3087 2640 Ῥοὺθ
3116 2588 3358 2659 ἐμνήσθη
3378 2605 3392 2621 ο
3414 2592 3442 2644 ό
3462 2590 3623 2653 αὐτὸς

2057 2672 2110 2724 δὲ
2139 2674 2391 2742 τυγχάνει
2413 2675 2534 2728 καθ’
2555 2674 2614 2728 ὃν
2634 2677 2724 2729 καὶ
2749 2676 3004 2741 τελώναις
3023 2681 3115 2732 καὶ
3134 2680 3472 2750 ἁμαρτωλοῖς
3494 2698 3625 2751 συμ⁴

2058 2764 2273 2817 ϐιοῦντα
2293 2804 2307 2828 ,
2333 2766 2426 2819 καὶ
2451 2766 2702 2835 αἴσχιστά
2721 2784 2781 2835 γε
2812 2768 2916 2821 ὑπὸ
2942 2770 3241 2841 ἀνθρώπων
3265 2771 3619 2841 ὑπομένοντα,

2056 2856 2149 2908 καὶ
2187 2856 2337 2919 τέλος
2378 2858 2492 2928 ἃμα
2525 2862 2633 2923 τοῖς
2670 2860 2991 2931 κακούργοις
3037 2863 3429 2934 σταυρούμενον
3457 2864 3621 2918 αὑτὸν

2056 2949 2262 3014 εἰσάγει
2289 2967 2299 2978 ’
2328 2944 2394 3019 ἦν
2423 2950 2468 3004 δ’
2499 2946 2650 3015 οὗτος
2678 2952 2705 3003 ὁ
2738 2953 2891 3018 λόγος
2922 2954 3039 3007 καθ’
3068 2955 3126 3009 ὃν
3159 2956 3369 3027 εἴρηται
3387 2973 3400 2987 ο
3424 2977 3441 3007 ι
3459 2957 3559 3010 Ἴδε
3590 2960 3621 3011 ὁ

2054 3037 2222 3106 ἀμνὸς
2249 3038 2339 3092 τοῦ
2367 3039 2499 3094 Θεοῦ
2537 3044 2565 3095 ὁ
2594 3044 2760 3114 αἴρων
2787 3044 2884 3115 τὴν
2918 3047 3186 3116 ἁμαρτίαν
3209 3048 3303 3101 τοῦ
3342 3049 3563 3117 κόσμου.
3591 3067 3612 3100 ι

2067 3128 2260 3201 Ἐχρῆν
2283 3132 2390 3204 γὰρ
2418 3132 2507 3186 τὸν
2534 3133 2787 3202 μέλλοντα
2809 3137 3101 3208 καθάρσιον
3121 3137 3360 3206 γίνεσθαι
3382 3139 3490 3191 τῶν
3511 3139 3617 3191 πά-

382 3232 504 3283 erat
531 3240 629 3294 pro
660 3225 940 3280 hominum
972 3229 1287 3293 animabus;
1319 3231 1485 3296 hunc,
1523 3235 1763 3303 inquam,
1791 3251 1953 3305 opor—

2058 3223 2143 3275 λαι
2174 3223 2387 3276 πώποτε
2419 3224 2954 3297 πεπλημμεληκότων
2986 3229 3077 3282 καὶ
3101 3229 3205 3281 τῶν
3224 3246 3285 3295 γε
3319 3230 3454 3299 μετά
3479 3228 3610 3283 ταῦ-

387 3319 538 3374 tehat
566 3332 627 3371 ea
664 3318 803 3371 mala
839 3320 1019 3374 omnia
1053 3324 1277 3392 perpeti,
1310 3334 1359 3378 et
1388 3335 1730 3394 peccatorum
1763 3329 1950 3400 impio-

384 3425 616 3481 rumque
666 3427 854 3480 pugnas
901 3413 1076 3481 ipsum
1120 3415 1410 3469 innocuum
1443 3417 1734 3483 sustinere,
1777 3420 1950 3477 donec

342 3480 357 3495 ⁸
384 3480 606 3558 oracula
646 3503 714 3559 de
753 3519 819 3558 eo
866 3480 1031 3567 dicta,
1084 3515 1136 3560 et
1178 3507 1385 3576 reliqua
1430 3509 1633 3562 exitum
1666 3510 1945 3568 haberent.

386 3592 463 3649 De
485 3595 676 3650 eodem
702 3612 919 3667 quoque
948 3597 1210 3652 mirificus
1238 3598 1314 3651 ait
1342 3598 1511 3656 lsaias
1539 3618 1551 3653 :
1592 3618 1609 3650 ι
1641 3599 1738 3655 llic
1765 3613 1949 3657 nostra

386 3695 610 3757 peccata
643 3688 867 3759 perfert,
894 3697 946 3743 et
972 3704 1070 3759 pro
1101 3691 1262 3745 nobis
1288 3691 1492 3760 patitur
1518 3710 1533 3747 :
1562 3692 1677 3762 ipse
1700 3694 1941 3749 vulnera-

384 3785 474 3831 tus
522 3786 604 3833 est
644 3788 863 3849 propter
905 3780 1218 3851 iniquitates
1266 3794 1505 3846 nostras,
1539 3786 1844 3841 infirmatus
1864 3795 1949 3841 est

321 3923 330 3935 ,
382 3879 603 3939 prOpter
628 3872 833 3928 scelera
860 3882 1067 3943 nostra,
1096 3876 1265 3932 livore
1286 3878 1404 3948 ejus
1426 3878 1601 3934 sanati
1634 3894 1735 3934 nos
1761 3893 1949 3934 omnes

382 3962 585 4019 fuimus
608 3965 673 4017 ".
706 3986 725 4018 ι

449 4133 505 4192 3.
547 4135 702 4203 Quod
731 4138 778 4193 si
802 4138 1059 4209 propheta
1084 4140 1150 4194 de
1164 4137 1423 4195 Jechonia
1438 4142 1513 4195 ait
1537 4148 1695 4196 terrm
1729 4160 1739 4195 :
1774 4137 1950 4197 «Pone

379 4227 527 4282 hunc
559 4230 736 4283 virum
766 4230 1293 4301 proscriptum,quia
1320 4246 1429 4285 non
1460 4242 1642 4303 surget
1664 4232 1730 4288 de
1754 4247 1951 4303 genere

381 4320 502 4389 ejus
531 4322 622 4391 qui
654 4322 839 4379 sedeat
868 4338 1032 4393 super
1058 4323 1313 4377 thronum
1362 4322 1601 4388 Davidis,
1655 4331 1951 4395 regnetque

380 4411 437 4469 in
465 4412 603 4470 Juda
620 4415 665 4446 ⁸³
693 4434 705 4469 :
745 4434 763 4468 ι
801 4415 942 4469 haud
973 4431 1198 4486 prorsus
1220 4424 1382 4487 negat
1410 4415 1817 4486 superfuturum
1845 4416 1948 4470 hu-

373 4504 467 4576 jus
514 4520 703 4575 genus,
757 4506 852 4560 sed
894 4508 1159 4562 neminem
1210 4517 1561 4578 regnaturum
1615 4509 1841 4562 atlirmat
1883 4508 1950 4563 de

2051 3330 2120 3368 τα
2148 3316 2520 3386 γενησομένων
2543 3354 2556 3380 ,
2592 3318 2878 3390 ἀντίψυχόν
2915 3337 2973 3373 τε
3007 3320 3112 3373 τῶν
3135 3319 3484 3391 ἀνθρωπίνων
3508 3321 3610 3389 ψυ-

2051 3407 2161 3477 χῶν
2177 3448 2191 3470 ,
2214 3408 2299 3461 διὰ
2323 3409 2536 3462 πάντων
2555 3409 2661 3462 τῶν
2682 3411 2981 3479 εἰρημένων
3002 3411 3220 3464 διελθεῖν
3242 3412 3334 3465 καί¹
3355 3412 3452 3475 τὰς
3475 3411 3614 3465 κατά

2052 3500 2157 3552 τῶν
2188 3500 2525 3569 ἁμαρτωλῶν
2548 3501 2639 3554 καὶ
2668 3502 2876 3555 ἀσεϐῶν
2901 3505 3165 3575 τιμωρίας
3186 3503 3345 3556 αὑτὸν
3371 3505 3616 3574 ἀναμάρ-

2050 3608 2211 3661 τητον
2252 3590 2379 3644 ὄντα
2422 3592 2738 3661 ὑπομεῖναι,
2778 3593 2852 3657 ὡς
2882 3593 2947 3647 ἂν
2986 3594 3295 3665 πληρωθείη
3335 3596 3414 3657 εἰς
3455 3594 3616 3648 αὑτὸν

2051 3682 2116 3734 τὰ
2148 3681 2487 3751 θεσπίσματα
2508 3722 2521 3744 ,
2556 3682 2625 3735 τά
2649 3701 2707 3735 τε
2735 3683 2867 3737 ἄλλα
2885 3701 2897 3713 ·
2934 3684 3025 3737 καί
3055 3685 3119 3737 δι’
3145 3686 3207 3739 ὃν
3234 3702 3395 3757 φησιν
3432 3687 3461 3738 ό
3487 3686 3616 3738 θαυ-

2054 3769 2245 3837 μάσιος
2289 3770 2542 3832 Ἠσαῖαςο
2590 3790 2606 3821 ι
2633 3764 2804 3835 οὗτος
2831 3771 2927 3835 τὰς
2955 3773 3228 3845 ἁμαρτίας
3262 3775 3417 3845 ἡμῶν
3448 3774 3613 3844 αἴρει,

2052 3862 2145 3915 καὶ
2170 3862 2293 3933 περὶ
2317 3864 2348 3933 ἡ
2357 3862 2469 3932 μῶν
2494 3862 2743 3917 όδυνᾶται
2761 3881 2773 3894 ⁸
2797 3865 2958 3927 αὐτὸς
2980 3866 3382 3937 ἐτραυματίσθη
3408 3866 3495 3919 διὰ
3515 3864 3615 3930 τᾶς

2051 3952 2322 4023 ἁμαρτίας
2354 3953 2509 4024 ἡμῶν
2530 3994 2544 4017 ,
2582 3955 2674 4006 καὶ
2709 3955 3107 4025 μεμαλάκισται
3140 3956 3226 4009 διὰ
3258 3956 3356 4019 τὰς
3388 3955 3616 4026 ἀνομίας

2050 4044 2234 4113 ήμῶν-
2272 4044 2348 4115 τῷ
2384 4044 2608 4115 μώλωπι
2640 4045 2801 4098 αξιτοῦ
2836 4048 2992 4117 ἡμεῖς
3022 4048 3220 4110 πάντες
3252 4048 3495 4116 ἰάθημεν.
3524 4067 3555 4127 ι,

2120 4136 2194 4203 T"
2233 4137 2293 4188 Εἰ
2316 4136 2368 4188 δὲ
2397 4136 2541 4205 λέγοι
2569 4140 2597 4191 δ
2619 4139 2899 4209 προφήτης
2924 4140 3050 4209 περὶ
3072 4138 3163 4192 τοῦ
3199 4138 3416 4208 Ἰεχονία
3439 4142 3502 4209 τῇ
3522 4141 3611 4209 γῇ,

2055 4244 2072 4274 ι
2100 4227 2308 4297 Γράψον
2349 4227 2438 4281 τὸν
2477 4228 2643 4298 ἄνδρα
2690 4228 2875 4282 τοῦτον
2915 4232 3281 4301 ὲκκήρυκτον,
3324 4230 3403 4282 ὅτι
3447 4230 3506 4282 οὐ
3539 4229 3614 4299 μὴ

2050 4319 2250 4391 ἀναστῇ
2277 4322 2341 4373 ἐκ
2362 4320 2455 4373 τοῦ
2476 4320 2785 4390 σπέρματος
2804 4321 2964 4375 αὑτοῦ
2988 4322 3289 4392 καθήμενος
3312 4322 3403 4373 ἐπὶ
3425 4321 3613 4391 θρόνου

2050 4413 2230 4474 Δαὸἰδ,
2261 4412 2441 4482 ἄρχων
2467 4411 2544 4465 ἔτι
2570 4414 2627 4465 ὲν
2648 4412 2724 4484 τῷ
2761 4414 2946 4484 Ἰούδα,
2969 4435 2984 4465 ι
3007 4415 3066 4466 οὑ
3090 4415 3301 4478 πάντως
3326 4416 3536 4485 ἀναιρεῖ
3555 4413 3615 4466 τὸ

2053 4502 2342 4572 στήσεσθαι
2383 4503 2544 4556 αὑτοῦ
2591 4506 2844 4575 σπέρμα,
2882 4506 3013 4559 ἀλλὰ
3045 4505 3135 4559 τοῦ
3177 4505 3483 4575 βασιλεῦσαι
3521 4505 3615 4559 τοῦ

376 4595 548 4666 stirpe
592 4596 712 4665 ejus
756 4595 809 4649 in
842 4610 1000 4667 gente
1042 4597 1267 4653 Judaica
1305 4616 1316 4649 :
1352 4599 1496 4669 quod
1544 4615 1727 4654 revera
1776 4601 1847 4653 ita
1891 4616 1948 4655 sc

2064 4594 2325 4647 Ἰουδαίων
2349 4594 2531 4657 ἔθνους
2554 4598 2617 4648 ἐκ
2637 4596 2729 4648 τοῦ
2759 4598 3067 4667 σπέρματος
3090 4595 3249 4649 αὐτοῦ
3267 4616 3278 4627 ι
3305 4597 3332 4650 ὃ
3351 4596 3439 4650 καὶ
3462 4594 3618 4664 γέγο-

376 4685 587 4742 habuit.
626 4689 813 4758 Itaque
843 4689 972 4744 dicit
1005 4710 1017 4744 :
1060 4709 1078 4741 ι
1111 4691 1368 4746 Ludibrio
1397 4692 1612 4748 habitus
1640 4703 1723 4746 cst
1750 4690 1946 4747 Jccbo-

375 4779 516 4845 nias,
569 4794 667 4835 ceu
714 4797 808 4836 vas
842 4783 1001 4851 cujus
1049 4785 1229 4838 nullus
1257 4792 1341 4838 est
1371 4800 1523 4839 usus.
1581 4784 1945 4851 Quamobrem

375 4871 651 4941 projectus
693 4883 777 4930 est
807 4875 923 4945 ipse
951 4884 1005 4930 et
1037 4892 1208 4946 genus
1235 4877 1353 4946 ejus
1383 4878 1438 4931 in
1474 4878 1803 4948 incognitam
1842 4876 1946 4931 sibi

374 4963 648 5034 regionem
672 4965 718 4997 ⁸⁸
753 4984 763 5017 :
804 4985 821 5016 ι
860 4967 1056 5036 quibus
1105 4967 1286 5022 verbis
1316 4972 1602 5039 perspicue
1652 4966 1943 5039 Babyloni-

372 5064 492 5106 cam
523 5060 723 5110 terram
749 5055 1015 5127 designat.
1035 5057 1151 5112 Jam
1171 5075 1298 5114 vero
1321 5059 1413 5128 qui
1441 5059 1505 5113 ad
1532 5060 1830 5114 libertatem
1856 5072 1946 5111 ca-

373 5146 537 5215 ptivis
582 5148 973 5213 nuntiandam,
1010 5160 1063 5205 et
1114 5158 1460 5220 peccatorum
1510 5159 1733 5205 catenas
1783 5158 1946 5218 atque

373 5238 676 5293 animarum
705 5239 833 5295 olim
862 5249 1036 5296 morte
1056 5241 1426 5297 devinctarum
1451 5242 1706 5297 solvenda
1729 5240 1943 5296 vincula
1995 5257 2005 5269 υ

374 5329 577 5385 missus
604 5330 727 5395 fuit,
761 5331 809 5387 is
841 5348 973 5388 sane
1002 5334 1068 5388 ad
1099 5334 1293 5388 horum
1324 5333 1565 5387 omnium
1590 5333 1818 5387 salutem
1851 5345 1945 5400 pa-

367 5422 617 5475 trandam
661 5424 828 5479 venit.
894 5424 1072 5490 Quare
1125 5426 1191 5480 de
1226 5426 1344 5494 ipso
1370 5424 1698 5478 vaticinatur
1724 5422 1892 5477 David
1922 5440 1936 5476 :

374 5528 396 5564 ι
434 5510 579 5567 Misit
605 5515 829 5569 verbum
862 5531 1021 5569 suum
1071 5524 1125 5569 et
1158 5519 1370 5570 sanavit
1398 5531 1492 5571 eos
1525 5514 1593 5570 ab
1627 5511 1944 5567 interitioni—

369 5601 473 5659 bus
499 5607 635 5662 suis.
670 5606 1017 5663 Confitemini
1047 5605 1273 5664 Domino
1298 5606 1703 5664 misericordias
1734 5605 1854 5675 ejus
1888 5609 1942 5659 et

2050 4703 2138 4737 νεν
2179 4685 2372 4755 ἀληθές
2401 4703 2414 4716 ’
2454 4686 2596 4755 λέγει
2636 4688 2765 4756 γοῦν
2791 4728 2805 4753 ,
2870 4710 2887 4740 ι
2929 4689 3203 4758 Ἰιτιμώθη
3256 4688 3504 4758 Ἰεχονίας
3540 4686 3614 4751 ὠς

2052 4777 2243 4848 σκεῦος
2262 4772 2321 4829 οὗ
2344 4779 2440 4831 οὐκ
2466 4779 2607 4831 ἔστιν
2630 4782 2790 4835 αὑτοῦ
2814 4783 2970 4852 χρεία
2987 4782 3145 4845 ,διότι
3165 4779 3438 4850 ἀπερρίφη
3455 4778 3614 4841 αὐτὸς

2051 4871 2142 4922 καὶ
2169 4870 2229 4922 τὸ
2258 4870 2477 4942 σπέρμα
2500 4872 2663 4925 αὐτοῦ
2687 4876 2765 4937 εἰς
2793 4876 2893 4946 γῆν
2921 4875 2987 4944 ῆν
3016 4875 3112 4927 οὐκ
3136 4871 3278 4943 ⁴εῖδει·
3308 4891 3326 4922 ι
3358 4871 3614 4940 ἄντικρυς

2046 4963 2144 5029 τὴν
2173 4961 2479 5027 Βαϐυλῶνος
2508 4965 2608 5035 γῆν
2643 4964 2909 5030 θεσπίζων
2931 4983 2941 4997 ·
2975 4965 3110 5036 πλὴν
3133 4964 3244 5018 ἀλλ’
3276 4966 3304 5017 ό
3331 4962 3495 5015 ἐλθὼν
3518 4980 3615 5033 κη-

2051 5052 2204 5121 ρύξαι
2254 5054 2615 5124 αἰχμαλώτοις
2655 5056 2877 5126 ἄφεσιν,
2924 5058 3015 5109 καὶ
3062 5055 3159 5118 τὰς
3194 5054 3302 5107 τῶν
3333 5052 3613 5124 ἁμαρτιῶν

2050 5144 2232 5214 σειρὰς
2253 5187 2266 5211 ,
2293 5145 2400 5197 τῶν
2428 5164 2485 5199 τε
2525 5146 2687 5200 πάλαι
2717 5148 2819 5200 ὑπὸ
2849 5147 2938 5199 τὸν
2972 5148 3198 5201 θάνατον
3226 5145 3613 5215 πεπεδημένων

2045 5233 2229 5303 ψυχῶν
2259 5234 2381 5298 τούς
2404 5253 2464 5288 τε
2491 5237 2722 5305 δεσμοὺς
2742 5237 2893 5290 λῦσαι
2926 5237 3329 5307 ἀπεσταλμένος
3349 5279 3363 5303 ,
3399 5236 3491 5289 ἐπὶ
3516 5235 3616 5304 τὴν

2048 5327 2263 5379 πάντων
2292 5327 2497 5380 τούτων
2525 5326 2745 5398 ἐλήλυθε
2775 5329 3044 5399 σωτηρίαν
3065 5347 3076 5357 ·
3105 5328 3184 5380 διό
3211 5345 3373 5397 φησιν
3399 5328 3426 5380 ό
3449 5325 3615 5378 Δαίλδ

2049 5418 2174 5487 περί
2212 5417 2372 5469 αὐτοῦ
2401 5416 2701 5481 θεσπίζων·
2740 5438 2759 5470 ι
2783 5420 3088 5473 Ἀπέστειλε
3117 5419 3205 5472 τον
3233 5420 3389 5488 λόγον
3428 5416 3611 5482 αὐτοῦ,

2048 5508 2140 5560 καὶ
2168 5507 2351 5561 ἰάσατο
2380 5510 2573 5573 αὐτοὺς
2599 5510 2663 5562 ἐκ
2683 5509 2791 5562 τῶν
2817 5510 3118 5582 διαφθορῶν
3136 5509 3339 5563 αὐτῶν·
3366 5507 3615 5579 ἐξομολο-

2047 5599 2228 5667 γεῖσθε
2252 5599 2328 5669 τῷ
2355 5601 2540 5672 Κυρίῳ
2573 5600 2638 5654 τὰ
2672 5601 2794 5674 ἐλέη
2825 5604 2988 5655 αὺτοῦ
3018 5606 3111 5656 καὶ
3142 5601 3417 5672 θαυμάσια
3450 5597 3613 5652 αὐτοῦ

441 5779 606 5840 u'lsa.
642 5801 763 5852 ut,
806 5788 855 5853 l;
888 5784 1021 5843 Luc.
1057 5803 1129 5852 iv,
1171 5786 1253 5844 18.
1293 5786 1337 5821 ⁸ο
1378 5782 1481 5844 lsa.
1516 5802 1638 5855 xw,
1675 5788 1760 5844 13.
1800 5783 1957 5860 “_Joa

2065 5803 2115 5853 ι,
2148 5786 2235 5840 29.
2274 5786 2319 5819 ⁸⁸
2344 5783 2447 5840 lsa.
2476 5796 2596 5852 Lm,
2621 5784 2673 5839 ι.
2732 5784 2901 5841 "Jer.
2943 5802 3084 5851 xxix,
3119 5784 3206 5842 '50.
3266 5782 3311 5818 "
3351 5785 3484 5841 ibid.
3518 5784 3607 5837 28.
