4112 6426
375 394 473 451 921

898 390 1362 461 ρυΛεετιοΝΕε
1400 390 1856 447 ΕῩΑΝΟΕΗΟΕ
1894 390 1932 446 Α

2032 350 2472 450 ετερηΑΝυιι.
2513 424 2582 434 -
2619 379 2950 462 ρῠιετιο
2987 396 3101 453 xu.

3510 394 3616 454 922‘.

370 520 483 583 τοῖς
505 518 638 582 υἰοῖς
666 519 769 573 τῶν
803 518 1101 589 ἀνθρώπων
1121 535 1134 548 ·
1171 518 1252 569 δτι
1285 513 1567 587 συνέτριψε
1600 510 1771 578 πύλας
1805 515 1932 585 χαλ-

2038 515 2309 571 mirabilia
2339 517 2458 587 ejus
2482 513 2609 572 ﬁliis
2640 516 2942 572 hominum.
2969 516 3107 584 Quia
3138 518 3396 573 contrivit
3429 531 3617 590 portas

371 613 507 675 κᾶς,
539 611 634 664 καὶ¹
676 609 903 680 μοχλοὺς
944 607 1193 680 σιδηροῦς
1224 607 1513 661 συνέκλασε
1535 623 1550 637 ·
1588 607 1681 661 καὶ
1712 608 1937 662 ἀντελά-

371 700 494 755 6ετο
529 701 707 755 αὐτῶν
734 700 793 765 ἐξ
831 699 951 754 ὁδοῦ
983 698 1209 770 ἀνομίας
1238 697 1444 751 αὐτῶν·
1477 696 1936 769 ἐταπεινώθησαν,

371 795 465 848 καὶ
502 793 765 864 ἐξήγαγεν
796 793 991 855 αὐτοὺς
1024 792 1089 846 ὲκ
1123 791 1347 871 σκότους
1377 790 1471 845 καὶ
1500 792 1656 859 σκιᾶς
1685 788 1935 854 θανάτου,

370 884 466 937 καὶ
496 885 622 947 τοὺς
643 885 871 955 δεσμοὺς
903 883 1080 937 αὐτῶν
1108 880 1380 954 διέρρηξε.
1412 902 1430 933 ι
1465 881 1649 935 Ταῦτα
1679 880 1787 951 γὰρ
1812 882 1939 953 περὶ

368 978 469 1049 τῆς
489 978 553 1030 ὲκ
571 977 665 1030 τοῦ
689 977 915 1032 θανάτου
941 977 1028 1031 διὰ
1048 975 1282 1048 Χριστοῦ
1305 976 1601 1045 γενομένης
1625 974 1938 1045 ἀπολυτρώ-

371 1087 508 1134 σεως
527 1070 773 1139 λέγεται,
792 1069 868 1133 ὡς
883 1070 1095 1140 συνᾴδει
1115 1070 1207 1122 καὶ
1226 1069 1286 1123 τὸ
1307 1069 1514 1138 φάσκον
1533 1067 1728 1136 λόγιον·
1757 1087 1774 1119 ‹
1788 1069 1936 1121 Κατ-ο

369 1162 519 1216 ἔπιεν
560 1163 590 1215 6
634 1162 860 1225 θάνατος
901 1163 1143 1232 ἰσχύσας.
1167 1182 1185 1214 ι
1222 1164 1330 1216 Καὶ
1357 1162 1549 1215 πάλιν·
1588 1181 1606 1213 ι
1643 1163 1884 1232 Ἀφεῖλεν
1908 1166 1937 1216 6

368 1256 500 1319 Θεὸς
527 1257 634 1309 πᾶν
660 1256 888 1327 δάκρυον
914 1255 1019 1309 ἀπὸ
1051 1256 1250 1320 παντὸς
1268 1257 1576 1328 προσώπου.
1607 1275 1626 1309 ι
1660 1258 1935 1327 Τηρητέον

363 1349 422 1403 δὲ
447 1349 526 1402 ὅτι
553 1348 626 1419 μὴ
643 1347 919 1408 ,διαπίπτει
940 1351 968 1402 6
991 1348 1235 1420 χρησμὸς
1256 1351 1285 1402 6
1306 1354 1484 1421 φήσας
1503 1391 1516 1415 ,
1553 1369 1572 1401 ι
1597 1352 1671 1405 Ού
1703 1353 1776 1424 μὴ
1803 1354 1934 1405 ἀνα-

368 1443 465 1512 στῇ
511 1444 576 1495 ἐκ
622 1442 932 1513 σπέρματος
988 1441 1235 1512 Ἰεχονίου
1281 1441 1586 1513 καθήμενος
1624 1444 1716 1497 ἐπὶ
1748 1443 1934 1516 θρόνου

364 1532 545 1597 Aemi,
574 1533 755 1603 ἄρχων
785 1532 865 1585 ἔτι
889 1534 947 1585 ὲν
971 1532 1050 1602 τῷ
1095 1531 1262 1602 Ἰούδᾳ.
1280 1548 1295 1565 ·
1322 1551 1340 1583 ι
1375 1535 1498 1585 ἐπεὶ
1531 1534 1718 1605 μηδεὶς
1747 1536 1810 1587 ὲκ
1837 1535 1935 1605 τῆς

364 1623 459 1678 τοῦ
501 1623 669 1678 Ἰούδα
700 1618 873 1694 φυλῆς
904 1624 1039 1695 μετὰ
1075 1624 1325 1695 Ἰεχονίαν
1348 1626 1446 1696 τῆς
1471 1625 1564 1678 τοῦ
1596 1626 1759 1679 Δαϐἰδ
1785 1626 1935 1696 βασι-

363 1715 514 1781 λείας
539 1716 773 1788 κατέστη
802 1717 1042 1787 διάδοχος
1062 1735 1075 1748 ·
1105 1718 1242 1788 μετὰ
1271 1717 1401 1786 γοῦν
1429 1719 1527 1788 τὴν
1556 1717 1663 1772 ἀπὸ
1684 1718 1934 1772 Βαδυλῶυ

364 1825 453 1873 νος
494 1809 900 1880 αἰχμαλωσίαν,
944 1810 1049 1863 ὑπὸ
1086 1814 1200 1875 τοῖς
1231 1811 1545 1884 ἀρχιερεῦσι
1576 1812 1842 1865 διετέλεσε
1872 1812 1933 1865 τὸ

365 1902 474 1953 πᾶν
496 1901 646 1963 ἔθνος
664 1903 961 1974 ἀρχόμενον
989 1902 1146 1974 μέχρι
1168 1904 1266 1973 τῆς
1285 1903 1379 1956 τοῦ
1399 1904 1550 1972 Σωτῆ
1559 1921 1648 1973 ρος
1668 1903 1821 1975 ἡμῶν
1837 1906 1935 1975 ’1η-

366 1990 461 2046 σοῦ
480 1993 714 2062 Χριστοῦ
734 1996 1054 2066 παρουσίας·
1072 1992 1210 2065 ἦσαν
1233 1994 1363 2063 γοῦν
1391 1995 1508 2048 κατ’
1524 1994 1685 2048 αὑτὸν
1702 1994 1932 2065 τετράρ-

363 2102 455 2154 χαι
489 2086 537 2137 οί
570 2087 698 2157 περὶ
732 2086 823 2139 τὸν
864 2084 1106 2158 Ἡρώδην
1143 2088 1235 2140 καὶ
1271 2087 1533 2140 Φίλιππον
1554 2127 1567 2149 ,
1617 2086 1836 2157 ἡγεμών
1875 2103 1933 2138 τε

363 2177 592 2241 nemo;
615 2218 629 2241 ,
666 2179 760 2232 καί
786 2180 879 2234 ἐπὶ
905 2182 1037 2233 πᾶσι
1076 2179 1347 2250 βασιλεύς.

1091 2312 1193 2371 IA'.

360 2428 463 2483 Διὰ
489 2429 546 2481 τι
568 2427 696 2499 ταῖς
724 2428 793 2482 ἐν
816 2426 889 2496 τῇ
908 2430 1257 2499 γενεαλογίᾳ
1277 2430 1555 2499 κέχρηται
1578 2430 1926 2484 ὑποδιαστοο

429 2500 585 2565 λαῖς,
626 2498 712 2569 μὴ
755 2499 904 2567 ὁμοῦ
939 2498 1223 2567 συνάψας
1253 2498 1377 2553 ἀπὸ
1418 2502 1659 2569 Ἀϐραὰμ
1694 2501 1793 2554 ἐπὶ
1824 2502 1932 2555 τόν

430 2569 688 2693 Χςιστὸν
715 2569 922 2638 γενεὰς
959 2569 1411 2637 τεσσαράκοντα
1450 2570 1578 2632 δύο,
1617 2572 1833 2625 διελὼν
1863 2571 1931 2625 δὲ

431 2656 463 2691 τ
505 2659 537 2693 c
566 2637 849 2693 διαδογὰσ
878 2642 1003 2693 καθ’
1033 2638 1139 2693 οὓς
1162 2640 1397 2693 ἐξέθετο
1426 2641 1812 2693 ἀσοοίσιιούρ.

431 2637 537 2705 τὰς
566 2637 849 2707 διαδοχὰς
878 2642 1003 2693 καθ’
1033 2638 1139 2706 οὒς
1162 2640 1397 2704 ἐξέθετο
1426 2641 1812 2710 ἀρορισμούς.

442 2731 540 2784 Διὰ
578 2729 675 2794 τὰς
714 2730 999 2802 διαφόρους
1039 2732 1404 2795 καταστάσεις
1440 2731 1531 2785 τοῦ
1568 2731 1696 2784 λαοῦ
1727 2733 1825 2796 τὰς
1866 2734 1929 2785 ἐκ

361 2822 463 2891 τῆς
501 2821 740 2893 ἱστορίας
772 2822 1195 2893 παρισταμένας·
1232 2821 1362 2894 ἄλλη
1398 2825 1493 2893 μὲν
1524 2824 1631 2895 γὰρ
1663 2819 1730 2894 ἦν
1762 2826 1793 2895 ἡ
1823 2826 1929 2878 ἀπὸ

375 2913 625 2988 Ἀϐραὰμ
672 2914 767 2968 καὶ
814 2914 905 2967 ἐπὶ
951 2913 1132 2978 Δαείδ,
1185 2914 1279 2966 καὶ
1332 2915 1491 2968 πάλιν
1542 2916 1703 2987 ἑτέρα
1746 2920 1776 2989 ἡ
1822 2917 1929 2971 ἀπὸ

362 3005 544 3068 Δασιδ,
570 3008 667 3077 ἦτε
707 3006 864 3078 μέχρι
894 3006 991 3077 τῆς
1023 3005 1416 3075 αἰχμαλωσίας,
1447 3007 1522 3071 ὡς
1552 3008 1712 3061 πάλιν
1751 3010 1783 3079 ἠ
1822 3008 1929 3061 ἀπὸ

358 3096 562 3167 ταύτης
585 3098 747 3169 μέχρι
773 3098 865 3151 τοῦ
886 3097 1138 3168 Χριστοῦ·
1170 3099 1276 3151 ἀπὸ
1305 3100 1401 3169 μὲν
1424 3098 1532 3170 γὰρ
1570 3099 1815 3170 Ἀϐραὰμ
1838 3100 1929 3153 ἐπὶ

360 3187 449 3241 τὸν
474 3188 637 3242 Δαόὶδ
664 3190 722 3242 ού
756 3190 1032 3258 φαίνονται
1054 3190 1162 3244 ’ὑπὸ
1184 3189 1434 3259 βασιλέας
1464 3172 1923 3262 ἷτολιτευσάμενοι·

358 3272 531 3351 ἦρξαν
574 3278 630 3333 δὲ
675 3279 767 3332 τοῦ
800 3278 984 3344 ἔθνους
1033 3280 1169 3352 μετὰ
1212 3281 1451 3334 Μωῦσὲα
1498 3280 1590 3335 καὶ
1640 3280 1843 3352 Ἰησοῦν
1882 3284 1929 3335 οἱ

359 3370 741 3441 ἐπικληθέντες
776 3374 901 3442 παρ’
934 3373 1118 3434 αὐτοῖς
1168 3371 1380 3443 κριταί·
1416 3373 1508 3426 καὶ
1552 3368 1620 3443 ἦν
1667 3389 1751 3436 τις
1803 3373 1931 3436 ίδιος

358 3460 557 3533 τρόπος
584 3462 684 3530 τῆς
714 3464 917 3514 τούτων
957 3462 1336 3525 καταϐάσεως·
1373 3462 1485 3515 ἀλλ’
1517 3464 1636 3516 οὐδὲ
1666 3464 1732 3517 τὰ
1767 3464 1928 3536 Ἱερο-

361 3548 570 3619 σόλυμα
610 3565 725 3612 πως
767 3550 1128 3619 συνειστήκει,
1161 3550 1280 3602 ούδὲ
1314 3567 1377 3618 γε
1410 3552 1439 3602 6
1472 3553 1527 3604 ὲν
1559 3554 1739 3616 αὐτοῖς
1772 3552 1925 3618 νεώς·

357 3638 544 3708 διόπερ
575 3638 951 3708 ἐπιστημόνως
977 3641 1004 3691 6
1036 3638 1423 3711 εύαγγελιστὴς
1457 3640 1529 3712 μὴ
1563 3642 1806 3712 συγχέων
1834 3642 1931 3713 τὴν

360 3728 620 3801 ἱστορίαν,
651 3728 809 3801 μέχρι
844 3728 1007 3781 Δαϐἰδ
1036 3729 1185 3798 ἔστη,
1222 3728 1345 3793 τοὺς
1370 3730 1477 3782 ἀπὸ
1514 3729 1764 3801 Ἀϐραὰμ
1789 3731 1932 3794 ἰδίως

358 3821 771 3893 καταριθμήσας
797 3838 810 3852 ο
845 3818 942 3874 εἶτ’
975 3817 1066 3875 οὖν
1101 3821 1261 3874 πάλιν
1302 3820 1595 3893 ἐπειδήπερ
1626 3823 1733 3875 ἀπὸ
1769 3822 1935 3876 Δαϐιδ

359 3914 452 3968 καὶ
482 3914 640 3986 μέχρι
674 3914 775 3985 τῆς
794 3912 1186 3984 αἰχμαλωσίας
1215 3914 1434 3977 οἰκείοις
1458 3913 1748 3985 κέχρηνται
1780 3914 1931 3985 βασι.

356 4005 525 4071 λεῦσι,
556 4008 665 4069 τοῖς
684 4022 743 4058 τε
759 4006 866 4060 ἀπὸ
889 4004 1051 4057 Δαϋίδ
1075 4003 1266 4077 ἄρξασι
1287 4007 1509 4068 καὶτοῖς
1540 4008 1596 4059 ἐν
1616 4008 1681 4077 τῇ
1716 4006 1933 4059 διαστά-

360 4114 441 4152 σει
473 4097 566 4151 τοῦ
615 4096 743 4151 λαοῦ
794 4096 1135 4167 γενομένοις·
1177 4098 1234 4149 τό
1278 4112 1335 4148 τε
1382 4098 1439 4149 ἐν
1480 4099 1544 4168 τῇ
1584 4097 1933 4169 Ἰερουσαλὴμ

359 4188 502 4260 ἰερὸν
532 4189 592 4254 ἐξ
630 4188 835 4241 ἐκείνου
870 4189 962 4242 καὶ
994 4188 1151 4259 μέχρι
1189 4190 1288 4259 τῆς
1315 4187 1686 4259 αἰχμαλωσίας
1720 4188 1933 4261 διήρκε-

360 4298 469 4346 σεν,
511 4282 734 4344 εἰκότως
765 4281 856 4333 καὶ
888 4280 1106 4344 τούτους
1139 4279 1300 4333 πάλιν
1326 4281 1483 4344 ’ἰδίως
1520 4281 1804 4352 ἀφορίσας,
1841 4281 1930 4351 ὑφ’

356 4373 453 4428 ἕνα
480 4375 782 4445 συνήγαγεν
809 4372 1037 4444 ἀριθμόν
1058 4390 1070 4402 ·
1105 4371 1291 4443 ὥσπερ
1320 4368 1411 4426 οὖν
1436 4373 1531 4425 κα)⁸
1559 4373 1684 4436 τοὺς
1709 4374 1815 4426 ἀπὸ
1836 4376 1933 4445 τῆς

358 4466 733 4538 αἰχμαλωσίας
766 4467 925 4538 μέχρι
950 4465 1044 4519 τοῦ
1067 4464 1324 4537 Χριστοῦ,
1355 4468 1485 4538 παρ’
1513 4460 1593 4530 οἷς
1625 4467 1807 4521 οὐκέτι
1835 4466 1932 4538 μὲν

357 4649 456 4720 τῆς
476 4648 771 4721 ἡγεμονίας
808 4647 915 4701 ἀπὸ
953 4648 1051 4717 τῆς
1076 4647 1169 4700 τοῦ
1206 4648 1372 4701 ’ἰούδα
1400 4649 1572 4719 φυλῆς
1604 4649 1696 4702 ἐπὶ
1730 4650 1790 4702 τὸ
1821 4649 1930 4702 τῶν

357 4739 548 4812 ἰερέων
569 4740 743 4809 γένος,
774 4739 822 4792 οἳ
850 4738 913 4810 δὴ
953 4738 1045 4790 καὶ
1072 4735 1246 4810 ἦρξαν
1274 4737 1451 4792 αὐτῶν
1480 4738 1587 4792 ἀπὸ
1615 4738 1722 4791 τῶν
1747 4738 1929 4809 Κύρου

355 4833 562 4906 χρόνων
594 4833 688 4886 καὶ
733 4814 822 4886 ἐπὶ
863 4835 962 4906 τὴν
1003 4836 1097 4886 τοῦ
1132 4830 1366 4903 Χριστοῦ
1408 4833 1620 4900 γένεσιν
1642 4850 1653 4861 ·
1684 4832 1804 4884 ὅθεν
1838 4833 1931 4885 καὶ

355 4928 575 4991 τούτους
602 4928 743 4990 ἰδίως
766 4928 1050 5000 ἀφορίσας,
1077 4926 1192 4979 καθ’
1220 4927 1444 4989 ἑαυτοὺς
1467 4925 1769 4997 ἠρίθμησεν
1790 4942 1803 4956 ·
1828 4926 1928 4978 ούκ

356 5021 751 5089 ἀσυλλογίστως
784 5021 890 5094 ἄρα
922 5020 1018 5085 τὰς
1045 5024 1193 5093 τρεῖς
1221 5018 1511 5091 πεποίηται
1534 5017 1814 5082 διαστολὰς
1841 5018 1929 5071 διὰ

356 5115 453 5179 τὰς
485 5114 841 5178 ἁποδοθείσας
868 5114 1063 5178 αἰτίας.

1092 5247 1192 5301 1Β’.

350 5362 454 5418 Διὰ
488 5363 545 5417 τί
570 5360 689 5416 ἀπὸ
742 5361 858 5413 τῶν
889 5360 1065 5414 Δαόἰδ
1111 5360 1346 5430 χρόνων
1372 5359 1470 5413 ἐπὶ
1510 5359 1800 5427 Ἰεχονίαν
1837 5356 1933 5411 καὶ

429 5435 543 5501 τὴν
577 5436 662 5497 εἰς
695 5430 1023 5485 Βαϐυλῶνα
1049 5433 1466 5498 αἰχμαλωσίαν
1498 5430 1644 5501 ἑπτὰ
1667 5431 1762 5483 καὶ
1788 5429 1933 5483 δέκα

421 5497 945 5568 βασιλευσάντων,
987 5497 1431 5574 δεκατέσσαρας
1476 5497 1631 5554 εἷναί
1670 5518 1817 5570 φησι
1846 5517 1932 5568 γε·

429 5575 570 5643 νεὰς
601 5577 632 5627 ὀ
661 5571 1110 5642 adamat/atde.

430 5663 497 5718 α’.
529 5666 589 5718 Ei
623 5665 722 5736 μὲν
769 5663 1014 5734 διαδοχὰς
1055 5663 1388 5734 ἀναγράφειν
1422 5661 1567 5732 αὐτῷ
1618 5662 1906 5733 προύκειτο

2039 621 2229 671 areas,
2259 614 2313 663 et
2335 618 2519 665 vectes
2562 606 2771 664 ferreos
2812 608 3102 681 confregit.
3157 609 3223 664 Et
3253 613 3492 681 suscepit
3521 624 3617 668 eos

2038 699 2107 754 de
2136 699 2222 754 via
2248 701 2553 770 iniquitatis
2575 716 2787 757 eorum.
2820 698 3101 756 Humiliati
3137 709 3266 757 sunt
3312 719 3325 756 :
3364 703 3458 757 sed
3482 703 3617 757 edu-

2040 790 2119 844 xit
2144 805 2239 845 eos
2263 790 2329 846 de
2359 792 2600 847 tenebris
2629 800 2682 847 et
2713 794 2903 848 umbra
2932 793 3125 847 mortis
3146 834 3160 857 ,
3200 800 3255 847 et
3282 793 3495 847 vincula
3522 808 3618 847 eo-

2039 894 2159 935 rum
2186 881 2423 950 disrupit
2448 882 2516 938 ⁸³.
2554 900 2573 934 ι
2624 882 2749 938 ilaze
2789 883 3051 938 nimirum
3081 882 3147 938 de
3187 882 3557 953 redemptione
3584 896 3617 936 a

2039 980 2213 1027 morte
2263 987 2359 1043 per
2405 970 2684 1028 Christum
2731 973 3022 1042 dicuntur;
3075 975 3162 1029 cui
3216 977 3294 1029 rei
3350 981 3618 1037 consonat

2040 1063 2183 1117 aliud
2213 1064 2492 1118 oraculum
2524 1083 2538 1119 :
2577 1084 2595 1116 ι
2634 1064 2923 1121 Devoravit
2966 1080 3117 1121 mors
3160 1066 3461 1138 praevalens
3492 1065 3557 1121 ".
3591 1084 3609 1118 ι

2037 1153 2362 1226 Rursusque
2401 1174 2414 1211 :
2457 1173 2476 1206 ι
2513 1156 2753 1210 Abstulit
2780 1156 2921 1211 Deus
2951 1172 3166 1211 onmem
3198 1157 3494 1230 lacrymam
3546 1155 3616 1211 ab

2036 1248 2185 1300 omni
2237 1247 2374 1301 facie
2401 1245 2468 1301 ’⁷.
2506 1265 2524 1298 ι
2562 1243 2732 1299 Porro
2773 1246 3311 1302 animadvertendum
3359 1254 3471 1310 est,
3504 1260 3615 1301 non

2036 1337 2289 1392 excidere
2324 1338 2642 1391 vaticinium
2678 1336 2821 1407 quod
2854 1336 2927 1390 ait
2956 1356 2968 1390 :
3009 1354 3029 1389 ι
3063 1336 3182 1391 Non
3217 1344 3401 1409 surget
3431 1336 3498 1393 de
3525 1352 3616 1409 ge—

2036 1445 2168 1485 nere
2208 1428 2486 1485 Jecboniae
2519 1430 2614 1500 qui
2649 1430 2835 1485 sedeat
2869 1443 3035 1499 super
3069 1429 3325 1484 thronum
3371 1428 3611 1495 Davidis,

2036 1526 2127 1596 qui
2160 1523 2391 1579 ulterius
2421 1525 2477 1579 in
2506 1523 2645 1578 Juda
2702 1525 2933 1594 imperet
2964 1542 2976 1578 :
3021 1542 3041 1576 ι
3072 1524 3198 1595 quia
3231 1539 3391 1579 nemo
3427 1539 3616 1596 reapse

2035 1616 2104 1672 de
2146 1615 2290 1669 tribu
2325 1614 2476 1671 Iudae
2509 1624 2631 1686 post
2677 1613 2998 1671 Jechouiam
3030 1613 3272 1669 Davidici
3314 1615 3465 1685 regni
3512 1614 3615 1670 fuit

2037 1721 2345 1762 successor.
2397 1704 2611 1761 Etenim
2654 1713 2780 1776 post
2829 1704 3215 1778 Babylonicam
3248 1706 3614 1776 captivitatem

2038 1799 2252 1854 subdita
2297 1799 2398 1854 fuit
2437 1798 2787 1869 pontiﬁcibus
2835 1800 3090 1853 universa
3142 1813 3279 1867 gens
3321 1813 3497 1868 usque
3545 1795 3615 1850 ad

1968 1865 2006 1920 Β
2037 1887 2346 1946 Servatoris
2385 1865 2560 1945 nostri
2593 1888 2722 1946 Jesu
2768 1888 2975 1945 Christi
3021 1865 3314 1944 adventum
3356 1906 3372 1945 :
3409 1865 3532 1961 _quo
3557 1889 3615 1943 in

2037 1979 2199 2035 terris
2223 1988 2493 2043 versante,
2526 1980 2813 2035 tetrarchae
2838 1988 2993 2036 erant
3022 1977 3264 2035 Herodes
3294 1987 3456 2051 atque
3487 1979 3616 2034 Phi-

2037 2074 2235 2143 lippus,
2265 2086 2470 2143 praeses
2500 2071 2731 2138 Pilatus,
2763 2073 3126 2143 dominusque
3158 2074 3403 2128 omnium
3427 2072 3617 2132 Casa?

2034 2166 2347 2235 imperator.

2774 2301 2922 2355 Xl-

2032 2410 2142 2467 Cur
2169 2414 2485 2487 evangelista
2515 2422 2700 2468 utatur
2721 2414 3151 2471 distinctionibus
3197 2417 3251 2470 in
3285 2415 3610 2487 genealogia,

2102 2484 2243 2535 haud
2287 2484 2450 2537 simul
2496 2495 2775 2539 contexens
2825 2488 3187 2553 generationes
3219 2484 3613 2540 ab‘Abrahanta

2102 2554 2170 2606 ad
2203 2553 2473 2627 Christum
2514 2557 2874 2627 quadraginta
2906 2557 3062 2622 duas,
3103 2555 3194 2610 sed
3225 2557 3463 2612 dividens
3488 2573 3610 2611 suc-

2101 2626 2359 2678 cessiones
2385 2640 2477 2693 per
2501 2641 2560 2677 ea
2586 2640 2702 2694 qua:
2732 2626 2914 2680 scribit
2942 2637 3228 2697 segmenta.

2100 2714 2216 2771 Hoc
2258 2714 2388 2771 facit
2429 2724 2651 2787 pr0pler
2674 2716 2918 2774 diversas
2947 2720 3129 2790 populi
3165 2719 3610 2791 constitutiones,

2028 2822 2150 2878 quae
2197 2823 2263 2862 ex
2314 2808 2542 2863 historia
2587 2809 2880 2879 explorata:
2910 2820 3058 2865 sunt.
3119 2811 3237 2865 Alia
3282 2812 3481 2882 quippe
3512 2811 3613 2868 fuit

2030 2901 2346 2955 constitutio
2395 2902 2462 2954 ab
2505 2901 2815 2955 Abrahamo
2858 2902 2925 2954 ad
2974 2900 3268 2969 Davidem,
3307 2919 3614 2974 rursusque

2029 2993 2134 3047 alia
2170 3007 2199 3045 a
2232 2990 2433 3047 Davide
2470 3007 2642 3062 usque
2668 2992 2735 3045 ad
2773 2992 3179 3062 captivitatem;
3212 3009 3373 3064 quam
3421 2994 3614 3050 subse-

2029 3084 2214 3155 quitur
2250 3084 2407 3138 tertia
2436 3100 2607 3154 usque
2641 3085 2708 3138 ad
2734 3084 3037 3140 Christum.
3071 3084 3314 3156 Namque
3339 3084 3407 3140 ab
3435 3084 3614 3141 Abra-

2030 3174 2192 3228 hamo
2232 3173 2300 3228 ad
2354 3172 2608 3228 Davidem
2642 3182 2858 3228 constat
2892 3172 3131 3230 llcbrtcis
3183 3190 3291 3229 non
3331 3173 3500 3232 fuisse
3528 3190 3616 3231 reo

2034 3288 2149 3343 ges,
2184 3268 2280 3327 sed
2308 3270 2453 3341 genti
2484 3279 2605 3340 post
2634 3267 2871 3339 Moyscm
2905 3277 2959 3324 et
2987 3268 3212 3324 Josuam
3258 3270 3617 3341 imperavisse

2031 3382 2148 3428 eos,
2199 3380 2339 3435 quos
2376 3362 2593 3433 judices
2638 3362 3019 3432 appellabant:
3051 3370 3104 3417 et
3129 3368 3246 3417 erat
3274 3363 3493 3434 quidam
3521 3379 3618 3434 pe-

2031 3456 2254 3512 culiaris
2299 3469 2419 3507 mos
2450 3455 2643 3506 horum
2695 3451 3091 3508 successionis.
3154 3449 3259 3505 Sed
3291 3467 3468 3523 neque
3501 3450 3618 3507 for-

2031 3554 2178 3602 tasse
2230 3544 2609 3616 Hierosolyma
2664 3545 2840 3599 adhuc
2888 3551 3045 3599 erant
3089 3542 3377 3607 aediﬁcata,
3437 3556 3618 3613 neque

2030 3646 2177 3694 certe
2212 3637 2414 3693 ibidem
2446 3638 2731 3706 templum.
2764 3634 2944 3702 Quare
2982 3637 3257 3706 sapienter
3281 3636 3616 3707 evangelista

2031 3733 2148 3788 sine
2165 3731 2409 3787 historia:
2437 3732 2845 3801 perturbatione
2875 3731 2931 3784 in
2964 3729 3167 3786 Davide
3197 3731 3614 3799 substitit,dum

2030 3823 2326 3878 Abrahami
2382 3830 2632 3893 posteros
2658 3823 2950 3892 separatim
2982 3830 3349 3877 enumeraret.
3406 3822 3614 3879 Deinde

2033 3932 2246 3982 rursus,
2290 3910 2548 3987 quoniam
2591 3929 2622 3968 a
2670 3914 2871 3970 Davide
2904 3930 3077 3986 usque
3119 3914 3186 3969 ad
3234 3914 3608 3984 captivitatem

2033 4008 2243 4066 Hebraei
2293 4010 2528 4080 propriis
2578 4011 2661 4065 usi
2706 4017 2834 4066 sunt
2866 4009 3104 4080 regibus,
3157 4008 3354 4078 partim
3386 4005 3613 4064 Davidis

2033 4101 2470 4164 successoribus,
2491 4102 2687 4172 partim
2719 4100 2786 4155 iis
2810 4100 2902 4170 qui
2933 4098 3116 4170 populi
3145 4107 3440 4168 segregatas
3464 4097 3607 4167 parti

2033 4195 2515 4265 imperitaveruut;
2564 4209 2673 4264 quo
2705 4200 2881 4248 tractu
2922 4182 3185 4262 temporis
3217 4189 3613 4261 Hierosolymis

2034 4288 2291 4359 templum
2323 4302 2353 4340 a
2381 4286 2606 4341 conditu
2646 4301 2746 4341 suo
2776 4300 2952 4356 usque
2992 4283 3060 4338 ad
3090 4284 3457 4354 captivitatem
3489 4295 3612 4352 per-

2035 4381 2336 4447 severavit;
2373 4380 2568 4435 merito
2609 4379 2942 4450 evangelista
2971 4378 3072 4433 bos
3101 4392 3318 4448 quoque
3347 4388 3613 4446 separaas

2035 4470 2138 4526 sub
2164 4469 2422 4540 peculiari
2455 4469 2633 4524 classe
2661 4467 2951 4522 conclusit.
3013 4464 3131 4521 Jam
3160 4482 3287 4521 vero
3326 4466 3454 4536 quia
3486 4470 3612 4535 post

270 4588 273 4593 >
356 4562 388 4629 ή
424 4558 517 4613 τοῦ
562 4559 723 4613 Δαϐὶδ
765 4560 990 4631 συνέστη
1035 4557 1297 4628 βασιλεία,
1333 4558 1746 4630 μεταπεπτώκει
1773 4559 1827 4612 δὲ
1863 4558 1930 4613 τὰ

2034 4565 2399 4635 captivitatem
2435 4578 2609 4634 usque
2658 4562 2726 4616 ad
2768 4560 3050 4617 Christum
3091 4559 3301 4614 nullum
3350 4559 3465 4630 jam
3493 4569 3614 4615 erat

2036 4654 2256 4709 Davidis
2284 4668 2534 4723 regnum,
2594 4652 2688 4707 sed
2723 4667 2753 4704 a
2780 4650 2932 4705 Judae
2964 4650 3111 4705 tribu
3144 4650 3200 4705 in
3233 4664 3403 4720 genus
3431 4663 3614 4705 sacer-

2035 4746 2215 4801 dotale
2246 4745 2587 4815 principatus
2616 4744 2913 4807 deciderat,
2941 4759 3061 4813 quae
3087 4742 3388 4797 dominatio
3417 4756 3448 4794 a
3481 4740 3615 4809 Cyri

2036 4838 2374 4908 temporibus
2406 4839 2471 4893 ad
2500 4837 2708 4893 Christi
2739 4837 3084 4893 nativitatem
3113 4835 3341 4901 mansit;
3403 4834 3616 4889 idcirco

2035 4939 2090 4985 et
2121 4931 2220 4984 hos
2244 4945 2593 4986 successores
2624 4940 2873 5000 separata
2906 4930 2962 4985 in
2996 4929 3171 4984 classe
3195 4927 3485 4982 recensuit.
3516 4924 3615 4979 At-

2036 5038 2142 5094 que
2188 5021 2272 5076 haa
2321 5038 2500 5078 causa:
2544 5021 2786 5086 fuerunt,
2816 5031 3041 5093 propter
3081 5034 3219 5091 quas
3244 5017 3385 5074 haud
3412 5025 3617 5074 temere

2034 5113 2366 5186 evangelista
2393 5122 2502 5171 tres
2535 5113 2664 5171 fecit
2698 5117 3102 5172 distinctiones.

2763 5247 2876 5303 XII.
2956 5288 2959 5291 λ

2032 5357 2144 5415 Cur
2173 5378 2292 5416 cum
2324 5380 2356 5416 a
2390 5362 2608 5416 Doridis
2641 5361 2958 5429 temporibus
2989 5375 3147 5429 usque
3191 5357 3260 5412 ad
3296 5355 3610 5421 Jac/roniam

2104 5449 2196 5487 seu
2226 5434 2294 5505 ad
2323 5433 2706 5505 Babylonicum
2738 5432 3097 5499 captivitatem
3113 5429 3487 5505 septemdecim
3522 5443 3609 5481 re-

2106 5520 2192 5571 ges
2224 5498 2460 5573 fuerint;
2476 5498 2830 5574 generationes
2861 5498 3256 5570 quatuordecim
3279 5499 3423 5553 dicat
3453 5514 3610 5553 ettan—

2138 5574 2315 5630 elista.

2138 5591 2315 5630 ειισια.

2105 5591 2159 5721 gi.
2204 5664 2258 5719 Si
2294 5666 2672 5721 successiones
2715 5662 2956 5721 scribere
2990 5662 3328 5734 propositum
3358 5658 3611 5719 Matthan

433 5867 479 5899 ⁸⁵
521 5865 661 5922 Psal.
698 5885 805 5936 CVI,
837 5869 1035 5937 20,21,
1073 5868 1152 5932 l-i,
1197 5869 1256 5923 16
1297 5867 1375 5923 l7.
1453 5869 1496 5901 "
1536 5868 1640 5924 Isa.
1682 5882 1805 5932 xxv,
1840 5864 1888 5919 8.
1967 5865 2008 5898 ⁸⁷
2055 5861 2181 5921 ibid.
