4112 6436
467 375 573 433 925

1131 362 1399 429 EUSEBII
1433 373 1915 430 CESARIENSIS
1952 373 2102 430 OPP.
2147 373 2327 429 PARS
2367 374 2451 430 lll.
2485 406 2554 414 —
2591 371 3000 431 EXECETICA.

3617 373 3724 428 99.4

471 489 664 543 luisset
686 527 700 549 ,
746 485 995 555 speciose
1035 484 1186 538 hunc
1231 483 1432 555 aliquis
1460 485 1919 554 reprehenderet,
1946 501 2045 542 ceu

2172 489 2242 540 ιαὶ
2273 488 2509 556 εὐλόγως
2543 506 2625 552 τις
2655 487 2939 558 ἐμέμψατο
2970 487 3045 550 ὡς
3077 485 3468 556 παρεκθεμὲνῳ
3500 485 3596 558 τὴν
3619 488 3728 541 τῶν

469 583 561 653 qui
598 594 785 650 regum
817 579 1012 635 seriem
1047 577 1378 647 abrupisset.
1432 577 1722 634 Constanti
1767 578 1910 632 enim
1969 578 2048 636 af-

475 675 778 728 ﬁrmatione
811 672 864 726 in
883 669 1091 742 Regum
1121 671 1279 726 libris
1310 681 1362 726 et
1389 672 1443 726 in
1471 670 1901 742 Paralipomenis
1929 680 2051 742 post

469 765 750 820 Joramum
769 762 1053 833 Josaphati
1086 762 1255 817 ﬁlium
1287 770 1400 819 tres
1426 763 1770 818 continenter
1798 772 2048 834 regnant,

472 856 778 920 Ochozias,
825 854 1024 910 Juasus
1072 862 1128 909 et
1165 854 1415 910 Amesias
1457 873 1470 908 :
1506 855 1707 926 quibus
1757 855 2056 910 succedunt

473 947 655 1009 Ozias,
685 944 1008 1000 Joathamus
1036 952 1090 998 et
1118 943 1390 1000 Achazus.
1428 941 1817 1007 Nihilominus,
1835 953 2056 1014 praeter—

475 1035 660 1093 missis
721 1036 1056 1107 evangelista
1099 1029 1288 1090 tribus
1320 1035 1616 1105 prioribus,
1652 1033 1873 1090 Joramo
1896 1033 2054 1090 Josa-

475 1127 626 1198 phati
662 1126 773 1182 ﬁlio
795 1127 980 1181 statim
1011 1125 1285 1183 subnectit
1312 1125 1522 1191 Oziam,
1549 1125 1863 1182 Jothamum
1896 1137 2057 1196 atque

475 1218 776 1282 Achazum,
822 1216 1181 1272 intermedios
1210 1216 1332 1271 illos
1371 1219 1710 1288 prmteriens.
1771 1216 1826 1272 Id
1860 1218 1944 1281 si,
1974 1218 2058 1272 in.

476 1323 662 1380 quam,
690 1307 910 1363 fecisset
943 1322 1067 1362 cum
1103 1321 1289 1376 regum
1324 1307 1524 1362 seriem
1558 1314 1742 1362 texere
1784 1306 2058 1362 decrevis-

478 1407 583 1464 set,
635 1399 908 1468 scriptura
949 1397 1069 1468 ejus
1098 1396 1358 1452 mendosa
1401 1398 1803 1468 quodammodo
1847 1397 2056 1454 videre-

482 1507 592 1554 tur.
629 1489 785 1545 Nunc
815 1503 1004 1544 revera
1029 1487 1175 1542 haud
1206 1489 1595 1544 successiones
1626 1487 1721 1544 sed
1753 1489 2058 1560 generatio-

480 1598 580 1638 nes
609 1595 934 1636 enumerare
961 1579 1065 1634 sibi
1102 1580 1387 1650 proposuit
1425 1598 1438 1634 :
1473 1579 1576 1634 hoc
1612 1580 1758 1634 enim
1789 1579 2062 1651 signiﬁcat

481 1687 664 1728 sermo
693 1672 928 1726 dicentis
970 1688 982 1724 :
1035 1688 1054 1720 «
1091 1668 1293 1725 Omnes
1337 1669 1522 1739 itaque
1574 1673 1956 1740 generationes
1992 1673 2062 1728 ab

481 1759 795 1814 Abrahamo
825 1773 998 1831 usque
1027 1756 1095 1810 ad
1138 1756 1397 1812 Davidem
1421 1796 1436 1822 ,
1483 1760 1863 1826 generationes
1917 1777 2049 1830 quac

482 1850 786 1905 tuordecim
817 1870 829 1904 :
859 1864 1160 1920 rursusque
1186 1863 1215 1901 a
1235 1847 1436 1905 Davide
1460 1865 1632 1921 usque
1658 1851 1725 1906 ad
1741 1850 2062 1907 Jechoniam
2094 1852 2136 1905 Β

485 1958 581 1996 seu
609 1940 676 1994 ad
712 1940 1096 2012 Babylonicam
1143 1940 1681 2012 transmigrationem
1706 1985 1722 2012 ,
1757 1946 2062 2015 generatio-

484 2048 583 2088 nes
631 2031 1042 2102 quatuordecim
1083 2050 1101 2084 ι
1151 2046 1264 2086 non
1312 2033 1695 2103 successiones
1725 2035 2062 2105 quatuorde.

484 2124 624 2190 cim;
657 2122 852 2177 merito
879 2122 1050 2194 igitur
1070 2123 1219 2178 omni
1239 2124 1669 2196 reprehensione
1689 2127 1916 2182 carebit.
1945 2127 2064 2182 Jam

484 2214 611 2284 quia
630 2213 920 2268 Mattheus
952 2215 1366 2270 successionum
1399 2216 1616 2271 nomine
1647 2232 1757 2272 non
1787 2227 1872 2274 est
1900 2235 2064 2286 usus;

485 2321 672 2377 regum
699 2314 880 2362 autem
909 2307 1137 2363 historia
1167 2318 1221 2364 et
1243 2307 1660 2378 Paralipomena
1690 2310 2066 2366 successiones

484 2405 712 2450 narrant
739 2412 846 2452 non
871 2399 1273 2469 generationes,
1295 2399 1446 2453 nulla
1477 2400 1532 2454 in
1562 2399 1762 2457 horum
1790 2417 2072 2472 compara-

486 2488 636 2542 tione
662 2504 844 2560 pugna
869 2499 1117 2560 apparet.

553 2579 607 2632 2.
626 2580 738 2651 Age
760 2596 889 2636 vero
905 2582 1274 2653 generationis
1287 2583 1509 2639 nomine
1525 2584 1735 2654 appella
1744 2599 1800 2639 re
1819 2600 1926 2639 non
1942 2584 2070 2640 licet

489 2669 731 2725 hominis
769 2680 1004 2738 aetatem,
1026 2676 1285 2743 quoniam
1309 2692 1451 2748 saepe
1487 2675 1685 2730 accidit
1713 2677 1833 2732 aliis
1855 2677 2071 2747 quidem

485 2763 722 2817 breviter
743 2764 926 2820 vivere
946 2765 1304 2837 celeriterque
1325 2765 1601 2838 exstingui
1617 2775 1777 2824 aetate
1799 2768 2069 2833 infanti‘ii;

485 2853 612 2909 aliis
643 2869 817 2925 usque
845 2855 913 2910 ad
950 2857 1237 2926 pueritiam
1270 2858 1490 2926 venire;
1518 2860 1640 2915 aliis
1677 2860 2071 2930 adjuventam;

488 2943 612 3000 aliis
638 2945 706 2998 ad
732 2945 946 3000 virilem
977 2955 1192 3001 aetatem
1227 2966 1241 3014 ;
1271 2947 1392 3003 aliis
1423 2948 1664 3021 denique.
1690 2951 1756 3006 ad
1776 2959 2074 3005 extremam

488 3050 666 3106 usque
686 3044 960 3091 senectam
975 3038 1140 3091 vitam
1162 3037 1483 3107 producere.
1503 3042 1675 3107 Quam
1700 3056 1827 3097 vero
1845 3043 2077 3096 aestima-

488 3141 548 3180 re
573 3125 699 3180 licet
719 3126 1124 3196 generationem
1140 3128 1163 3182 ?
1179 3128 1447 3198 siquidem
1473 3132 1612 3186 alius
1636 3131 1768 3185 vivit
1799 3147 1974 3201 usque
2001 3131 2065 3185 ad

488 3216 763 3270 decimum
787 3231 1012 3284 annum,
1034 3219 1174 3276 alius
1203 3221 1271 3274 ad
1297 3222 1636 3288 vicesimum,
1653 3223 1794 3278 alius
1820 3222 1888 3276 ad
1917 3223 2071 3294 quiu-

490 3307 896 3378 quagesimum,
929 3308 1069 3364 alius
1101 3326 1274 3380 usque
1298 3311 1365 3366 ad
1397 3313 1894 3383 septuagesimum;
1931 3311 2072 3366 alius

490 3397 728 3468 denique
769 3399 854 3453 vel
899 3400 1261 3454 centesimum
1315 3403 1664 3472 superavisse
1711 3418 1914 3456 annum
1962 3417 2073 3456 non

493 3488 638 3559 apud
690 3497 905 3547 veteres
950 3491 1150 3556 solum,
1197 3509 1386 3548 verum
1419 3494 1584 3549 etiam
1618 3495 1763 3564 apud
1811 3510 1913 3550 nos
1943 3509 2075 3550 con-

493 3581 747 3652 spicitur.
801 3582 912 3638 Cur
952 3584 1119 3654 igitur
1148 3585 1468 3639 existimant
1510 3586 1747 3642 hominis
1782 3587 1948 3641 vitam
1979 3601 2075 3656 ap-

493 3672 800 3742 pellandam
850 3689 975 3730 esse
1007 3675 1451 3754 generationem?
1505 3674 1611 3731 Sed
1647 3691 1823 3747 neque
1865 3685 2076 3747 tempus

497 3779 670 3834 usque
702 3765 768 3819 ad
794 3767 1002 3837 prolem
1035 3767 1213 3837 primo
1258 3777 1569 3837 susceptam
1601 3768 1683 3824 sic
1711 3769 1986 3839 appellare
2011 3769 2078 3821 li-

493 3863 581 3912 cet
609 3876 622 3910 :
655 3872 893 3929 namque
917 3859 1008 3913 alii
1037 3867 1163 3914 ante
1187 3859 1362 3914 aetatis
1395 3876 1598 3914 annum
1621 3859 1947 3932 vigesimum
1977 3876 2079 3928 nu:

494 3948 685 4006 bentes
715 3949 944 4020 gignunt
997 3968 1010 4004 :
1062 3949 1154 4003 alii
1191 3965 1258 4006 ne
1300 3958 1424 4020 post
1472 3951 1814 4022 trigesimum
1859 3951 2079 4022 quidem

493 4039 670 4094 aetatis
688 4054 892 4094 annum
915 4059 928 4095 :
947 4047 1002 4096 et
1019 4047 1324 4096 coaetaneos
1347 4057 1566 4117 quoque
1588 4041 1942 4106 videas,alios
1958 4043 2080 4112 qui-

496 4131 620 4185 dem
673 4131 728 4184 in
773 4131 949 4201 prima
984 4132 1237 4202 genitura
1285 4132 1465 4186 adhuc
1502 4132 1888 4198 consistentes,
1943 4133 2080 4188 alios

493 4222 605 4292 jam
654 4224 709 4276 in
742 4232 993 4293 quartam
1024 4241 1382 4296 progressos:
1428 4227 1501 4280 ita
1534 4235 1593 4281 ut
1625 4226 2082 4298 quinquagesimo

499 4330 644 4369 anno
671 4315 762 4368 alii
791 4325 1016 4387 nepotes
1054 4317 1290 4382 videant,
1351 4319 1442 4372 alii
1484 4334 1613 4374 vero
1642 4336 1712 4374 ne
1737 4319 2080 4389 septuaginta

498 4407 718 4478 quidem
765 4423 1032 4464 annorum
1067 4411 1245 4481 spatio
1279 4412 1486 4482 prolem
1538 4412 1705 4466 ullam
1758 4411 2083 4465 nanciscau-

501 4508 608 4553 tur.
643 4499 763 4566 Quo
789 4508 950 4571 pacto
976 4501 1144 4572 igitur
1171 4501 1525 4558 numeranda:
1559 4511 1742 4558 essent
1772 4502 2078 4572 generatio-
2110 4539 2153 4594 Β

499 4607 619 4656 nes,
649 4607 679 4645 a
707 4592 997 4649 macrobiis
1023 4609 1091 4648 an
1122 4594 1190 4648 ab
1216 4594 1650 4664 oligochruniis?
1685 4609 1715 4647 a
1743 4601 1974 4657 mature,
2007 4608 2078 4646 an

499 4699 532 4738 a
574 4698 698 4739 sero
744 4684 1126 4756 gignentibus?
1177 4686 1246 4740 ab
1295 4687 1361 4741 iis
1412 4686 1502 4757 qui
1533 4687 1589 4740 in
1618 4686 1790 4757 prima
1827 4684 2078 4755 genitura

501 4784 808 4840 versantur,
845 4791 913 4830 an
947 4776 1016 4830 ab
1038 4777 1104 4832 iis
1138 4776 1344 4847 quibus
1370 4776 1482 4846 jam
1509 4777 1696 4847 plures
1721 4776 1879 4833 liberi
1907 4775 2079 4831 sunt?

500 4864 711 4933 Quibus
742 4867 814 4920 ita
849 4869 1133 4938 perpensis
1179 4868 1338 4924 divus
1387 4870 1742 4940 evangelista,
1776 4869 1920 4923 haud
1953 4884 2079 4922 suc-

500 4957 777 5013 cessiones
808 4959 1051 5014 scribere
1078 4959 1438 5022 studens,sed
1471 4962 1852 5031 generationes
1883 4975 2079 5015 secun-

499 5047 628 5101 dum
656 5051 923 5104 rationem
957 5049 1060 5106 sibi
1095 5051 1429 5122 exploratam
1451 5046 1789 5107 'enumerans
1810 5093 1823 5116 ,
1857 5066 2079 5107 succes-

501 5141 719 5195 sionum
772 5141 1060 5198 historiam
1107 5144 1372 5215 neglexit;
1428 5150 1508 5198 tot
1545 5159 1675 5198 vero
1723 5143 1970 5199 homines
2011 5141 2078 5195 ad

501 5233 872 5303 genealogiam
907 5236 1226 5304 assumpsit,
1260 5244 1395 5306 quot
1419 5236 1466 5291 ei
1491 5234 1830 5290 sutliciebant
1852 5234 1919 5289 ad
1951 5250 2080 5305 qua-

2153 580 2416 650 βασιλέων
2435 580 2684 650 διαδοχήν
2707 597 2720 610 °
2747 581 2804 631 ἐν
2824 581 2932 650 γὰρ
2951 581 3070 642 ταῖς
3087 577 3392 640 Βασιλείαις
3414 578 3506 630 καλ⁸
3532 579 3589 630 ἐν
3614 581 3727 640 τοῖς

2153 669 2646 740 Παραλειπομένοις
2666 669 2800 737 (17⁸)
2818 667 3120 737 συμφώνως
3139 667 3274 738 μετὰ
3299 669 3500 738 Ἰωράμ
3521 667 3612 720 τὸν
3632 667 3729 721 τοῦ

2165 762 2453 830 Ἰωσαφὰτ,
2486 760 2652 831 τριῶν
2694 759 2888 830 ἐφεξῆς
2923 759 3351 829 βασιλευσάντων
3397 758 3609 831 ὐχοζία
3636 762 3732 813 καὶ

2167 855 2314 918 Ἰωὰς
2333 855 2427 907 καὶ
2461 853 2707 922 Ἀμεσία,
2723 848 2841 904 εἶτα
2861 856 2974 923 μετ’
2991 853 3183 916 αὐτοὺς
3209 851 3360 915 Ὀζία
3376 853 3468 905 καὶ
3498 852 3733 923 Ἰωάθαμ

2157 949 2248 1000 καὶ
2271 943 2462 1017 Ἄχας,
2481 944 2764 1016 παρελθὼν
2778 945 2904 1007 τοὺς
2919 945 3212 1016 προτέρους
3226 945 3351 1006 τοὺς
3365 947 3513 1016 τρεῖς
3530 947 3558 997 6
3569 945 3734 1012 εὐαγ-

2156 1041 2426 1111 γελιστὴς,
2443 1038 2580 1110 μετὰ
2605 1037 2807 1110 Ἰωρὰμ
2829 1038 2920 1090 τὸν
2933 1037 3024 1090 τοῦ
3051 1037 3315 1106 Ἰωσαφάτ
3329 1037 3454 1107 ἐξῆς
3472 1036 3733 1090 συνάπτει

2156 1135 2244 1188 τὸν
2261 1133 2438 1198 ὐζίαν
2467 1132 2558 1186 καὶ
2584 1131 2672 1186 τὸν
2689 1131 2924 1201 Ἰωάθαμ
2949 1130 3142 1183 καὶτὸν
3165 1130 3357 1199 Ἀχαζ,
3373 1132 3498 1192 τοὺς
3513 1130 3736 1201 εἰρημέ-

2157 1245 2278 1290 νους
2313 1226 2512 1297 μεταξὺ
2542 1224 2824 1296 παρελθών
2847 1243 2859 1254 ·
2889 1223 3046 1277 τοῦτο
3075 1224 3118 1276 δ’
3148 1225 3194 1276 εί
3223 1226 3509 1296 πεποιήκει
3534 1225 3737 1278 σκοπὸν

2159 1319 2381 1390 θέμενος
2409 1319 2505 1389 τὴν
2549 1317 2658 1370 τῶν
2689 1316 2950 1387 βασιλέων
2993 1315 3240 1387 διαδοχὴν
3283 1317 3559 1382 ἐκθέσθαι,
3600 1320 3740 1389 χρῆν

2157 1412 2231 1475 ὡς
2261 1409 2652 1482 ὴμαρτημένην
2695 1408 2946 1462 ἐκθέσθαι
2995 1407 3092 1478 τὴν
3138 1410 3268 1479 παρ’
3300 1408 3450 1479 αὑτῴ
3482 1412 3700 1479 γραφήν
3722 1425 3737 1439 ο

2160 1503 2346 1574 ἐπειδὴ
2377 1502 2434 1555 δὲ
2461 1503 2521 1554 οὑ
2557 1500 2828 1571 διαδοχὰς,
2858 1500 2992 1554 ἀλλὰ
3018 1499 3210 1569 γενεάς
3236 1499 3540 1571 ἀριθμῆσαι
3584 1502 3745 1570 προῦ-

2161 1594 2302 1657 θετο,
2327 1593 2484 1646 τοῦτο
2505 1592 2614 1663 γὰρ
2643 1595 2671 1646 6
2695 1592 2850 1660 λόγος
2871 1590 3019 1662 αὑτῷ
3048 1591 3292 1660 βούλεται
3317 1593 3552 1661 φήσαντι
3584 1611 3601 1642 ι
3634 1593 3744 1646 [Ii-

2163 1704 2251 1739 σαι
2277 1685 2370 1738 οὖν
2401 1686 2458 1738 αἱ
2491 1685 2676 1753 γενεαὶ
2709 1682 2815 1736 ἀπὸ
2852 1680 3102 1753 Ἀϐραάμ
3135 1682 3294 1752 μέχρι
3337 1680 3519 1744 Δαϐὶδ,
3560 1681 3746 1748 γενεαὶ

2161 1779 2556 1850 δεκατέσσαρες
2576 1793 2590 1808 ο
2620 1777 2714 1830 καὶ
2748 1776 2906 1831 πάλιν
2938 1776 3046 1829 ἀπὸ
3087 1775 3249 1828 Δαϐὶδ
3293 1774 3455 1846 μέχρι
3501 1775 3745 1844 Ἰεχονίου

2166 1873 2257 1926 καὶ
2303 1871 2403 1941 τῆς
2439 1869 2788 1942 μετοικῆσίας
2834 1867 3170 1932 Βαϐυλῶνος,
3198 1869 3384 1936 γενεαὶ
3420 1868 3748 1921 δεκατέσσα-

2167 1983 2258 2037 ρες
2294 1986 2312 2018 ι
2344 1964 2455 2018 ἀλλ’
2481 1965 2542 2017 οὐ
2579 1963 2816 2033 διαδοχαὶ
2847 1963 3263 2032 δεκατέσσαρες,
3301 1960 3525 2023 είκὸτως
3571 1959 3750 2030 πάσης

2166 2059 2438 2112 ἀπολύοιτ’
2477 2059 2542 2110 ἂν
2598 2057 2954 2128 κατηγορίας·
3000 2056 3122 2109 ἐπεὶ
3166 2054 3252 2108 διὰ
3299 2053 3352 2106 τί
3387 2054 3461 2123 μὴ
3501 2052 3749 2124 διαδοχὰς

2166 2152 2438 2222 ὠνόμασε,
2470 2151 2566 2220 τῆς
2593 2150 2648 2202 δέ
2690 2152 2746 2201 ἐν
2792 2151 2910 2211 ταῖς
2927 2147 3233 2210 Βασιλείαις
3272 2147 3367 2199 καὶ
3400 2145 3744 2216 Παραλειπο-

2172 2245 2351 2314 μένοις
2387 2244 2624 2314 ἱστορίας
2659 2241 2906 2312 διαδοχὰς
2937 2240 3053 2294 ἀλλ’
3090 2242 3150 2294 οὐ
3189 2240 3380 2310 γενεάς
3411 2241 3749 2312 ίστορούσης,

2168 2338 2268 2391 οὐκ
2302 2337 2366 2390 ἂν
2391 2336 2597 2405 γένοιτο
2637 2335 2941 2406 ἐναντίωμα
2971 2336 3035 2388 ἐκ
3074 2333 3173 2404 τῆς
3206 2334 3528 2405 ἀμφοτέρων
3574 2350 3753 2405 παρα-

2172 2431 2390 2493 θέσεως.

2245 2587 2307 2660 β’.
2343 2588 2540 2661 Γενεὰν
2573 2587 2680 2660 γὰρ
2713 2588 2903 2658 χρόνον
2924 2585 3212 2661 άνθρῶπου
3249 2587 3392 2658 ζωῆς
3431 2587 3528 2657 οὐχ
3560 2582 3668 2640 οἷόν
3693 2588 3752 2640 τέ

2173 2681 2320 2734 ἐστιν
2362 2677 2666 2748 ὀνομάζειν,
2709 2677 2830 2730 ἐπεὶ
2871 2677 3157 2745 συμϐαίνει
3207 2677 3466 2740 πολλάκις
3499 2677 3622 2741 τοὺς
3656 2676 3752 2746 μὲν

2173 2775 2265 2825 ἐπὶ
2289 2773 2460 2844 βραχὺ
2488 2771 2695 2841 βιῶναι,
2721 2769 2814 2824 καὶ
2839 2768 3030 2822 θᾶττον
3061 2767 3467 2836 ἀποσϐεσθῆναι
3489 2765 3630 2819 κατὰ
3656 2768 3751 2835 τὴν

2174 2859 2266 2911 τοῦ
2300 2859 2483 2921 παιδὸς
2508 2859 2744 2929 ⁴ἡλικίαν,
2770 2857 2895 2920 τοὺς
2920 2857 2976 2909 δὲ
3009 2855 3169 2926 μέχρι
3196 2856 3288 2910 τοῦ
3321 2856 3604 2927 μειρακίου
3628 2855 3756 2924 φθά-

2180 2970 2288 3016 σαι,
2319 2953 2442 3014 τοὺς
2460 2951 2515 3004 δέ
2547 2952 2638 3004 ἐπὶ
2655 2951 2746 3003 τὸν
2763 2950 2980 3004 νεανίαν
3013 2949 3314 3022 προελθεῖν,
3339 2951 3464 3013 τοὺς
3482 2949 3537 3002 δὲ
3558 2949 3648 3000 ἐπὶ
3665 2948 3755 3001 τὸν

2178 3043 2365 3112 ἄνδρα,
2389 3045 2514 3107 τοὺς
2539 3043 2595 3096 δὲ
2631 3043 2722 3096 καὶ
2745 3024 3088 3113 ἐπ”έσχατον
3115 3042 3290 3112 γῆρας
3317 3045 3637 3112 παρατεῖναι
3653 3042 3753 3110 τὴν

2179 3136 2322 3205 ζωήν
2346 3151 2360 3166 ο
2381 3134 2540 3187 ποίαν
2557 3129 2648 3187 οὖν
2671 3151 2754 3197 τις
2774 3134 3064 3204 ἀριθμήσει
3096 3132 3316 3201 γενεάν;
3344 3134 3393 3183 εί
3420 3133 3448 3183 6
3472 3132 3570 3200 μὲν
3596 3131 3749 3200 φέρει

2176 3225 2336 3296 μέχρι
2351 3224 2576 3278 δεκάτου
2597 3224 2768 3288 ἔτους,
2790 3225 2818 3275 6
2833 3223 2887 3276 δὲ
2905 3223 3093 3294 μέχρις
3128 3219 3394 3282 εἰκοστοῦ,
3421 3223 3448 3274 6
3474 3221 3529 3274 δὲ
3551 3221 3742 3291 μέχρις

2175 3310 2560 3382 πεντηκοστοῦ,
2579 3311 2733 3374 ἄλλος
2743 3312 2799 3364 δὲ
2820 3311 3008 3383 μέχρις
3023 3309 3438 3379 ἑϐδομηκοστοῦ,
3451 3311 3478 3362 6
3493 3309 3547 3362 δὲ
3572 3310 3666 3362 καὶ
3683 3308 3752 3361 τὰ

2173 3403 2364 3457 ἑκατὸν
2377 3403 2616 3475 ὑπερϐὰς
2627 3403 2687 3456 οὐ
2709 3403 2864 3473 μόνον
2884 3403 2975 3454 ἐπί
2990 3401 3094 3455 τῶν
3112 3399 3352 3454 παλαιῶν
3369 3399 3502 3453 ἀλλὰ
3521 3401 3615 3454 καὶ
3629 3398 3753 3453 καθ’

2172 3499 2320 3567 ἡμᾶς
2338 3498 2554 3567 ὁρᾶται·
2582 3496 2698 3555 πῶς
2726 3491 2818 3548 οὖν
2840 3496 3036 3548 οἴονται
3059 3494 3157 3565 τὴν
3186 3492 3472 3564 ἀνθρώπου
3500 3493 3644 3564 ζωὴν
3667 3510 3751 3560 γε·

2174 3590 2298 3643 νεάν
2314 3588 2598 3660 ὀνομάζειν
2619 3605 2631 3653 ;
2651 3587 2764 3640 ἀλλ’
2780 3587 2898 3639 οὐδὲ
2921 3587 3081 3657 μέχρι
3098 3585 3196 3655 τῆς
3215 3584 3573 3647 παιδοποιΐας
3589 3585 3638 3636 οἱ
3658 3584 3757 3654 μὲν

2176 3680 2283 3748 γάρ
2315 3680 2419 3748 πρὸ
2440 3679 2548 3732 τῶν
2580 3679 2749 3730 εἴκοσι
2782 3676 2917 3729 ἐτῶν
2946 3677 3222 3745 γήμαντες
3252 3674 3759 3743 πεπαιδοποίηνται,

2175 3773 2222 3824 οἱ
2252 3771 2309 3824 δὲ
2330 3771 2452 3824 οὺδέ
2488 3769 2628 3839 ὑπὲρ
2647 3768 2716 3820 τά
2735 3768 3023 3837 τρίακοντά
3043 3765 3322 3834 γενόμενοι
3344 3782 3358 3796 ο
3392 3765 3484 3818 καὶ
3517 3763 3623 3816 τῶν
3650 3766 3762 3833 lar,-

2177 3864 2340 3917 λίκων
2379 3863 2434 3916 δὲ
2461 3863 2588 3925 ἴδοις
2616 3862 2682 3914 ἂν
2715 3862 2838 3922 τοὺς
2889 3859 2987 3929 μὲν
3012 3858 3102 3910 ἐπὶ
3142 3856 3390 3928 πρώτους
3421 3859 3567 3920 υἱοὺς
3602 3857 3762 3909 στάνσο

2175 3975 2293 4022 τας,
2338 3957 2464 4027 τοὺς
2502 3955 2559 4007 δὲ
2603 3953 2693 4007 ἐπὶ
2743 3948 3093 4023 τετραγονίαν
3141 3949 3465 4012 ἐλάσαντας·
3515 3948 3655 4001 ὥστε
3701 3949 3762 4000 ὲν

2180 4051 2515 4120 πεντήκοντα
2549 4047 2715 4109 ἔτεσι,
2742 4047 2866 4109 τοὺς
2897 4046 2993 4116 μὲν
3028 4047 3281 4114 ἐκγόνους
3307 4041 3620 4104 θεάσασθαι,
3651 4040 3762 4092 ἐτέ-

2183 4157 2305 4212 ρους
2335 4139 2391 4192 δέ
2423 4141 2480 4191 ἐν
2523 4137 2892 4209 ἐϐδομήκοντα
2926 4138 3149 4209 μηδενὸς
3193 4134 3489 4203 ἀξιωθῆναι
3534 4130 3720 4193 παιδός
3743 4147 3756 4157 °

2180 4229 2296 4292 πῶς
2354 4225 2448 4282 οὖν
2492 4229 2818 4299 ἀριθμῆτὲον
2869 4228 2968 4292 τὰς
3018 4229 3242 4296 γενεάς;
3293 4226 3517 4294 πότερον
3549 4225 3612 4276 ἐκ
3649 4220 3760 4273 τῶν

2184 4320 2493 4392 μακροϐίων
2525 4321 2558 4392 ἢ
2580 4321 2688 4373 τῶν
2715 4321 3033 4388 ὀλιγοϐίων;
3062 4321 3154 4372 καὶ
3187 4321 3249 4372 ἐκ
3275 4318 3382 4370 τῶν
3402 4315 3539 4386 ταχὺ
3570 4332 3764 4366 πεπαι-

2181 4411 2572 4482 δοποιημένων,
2609 4411 2641 4482 ἢ
2671 4411 2778 4465 τῶν
2813 4411 3088 4482 βραδέων;
3119 4413 3212 4464 καὶ
3247 4411 3311 4462 ἐκ
3347 4407 3456 4462 τῶν
3490 4407 3580 4460 ἐπὶ
3612 4406 3762 4477 πρώ-

2182 4502 2294 4565 τοὶς
2322 4502 2458 4564 υἱοῖς
2502 4501 2898 4565 σαλευσάντων,
2925 4501 2956 4572 ἢ
2989 4503 3052 4554 ὲκ
3085 4500 3189 4553 τῶν
3226 4501 3319 4552 ἐπὶ
3355 4499 3561 4552 πλείοσι
3589 4497 3765 4551 διαδο-

2184 4595 2337 4663 χαῖς;
2374 4586 2448 4646 ὧν
2487 4595 2656 4659 οὕτως
2702 4595 3082 4666 ἐξητασμένων
3112 4595 3140 4646 6
3185 4595 3325 4656 θεῖος
3370 4592 3762 4662 εὐαγγελιστὴς

2183 4683 2244 4734 οὐ
2276 4682 2523 4752 διαδοχάς
2561 4683 2891 4754 προθέμενος
2941 4685 3134 4746 εἰπεῖν,
3187 4681 3376 4751 γενεὰς
3402 4681 3478 4745 δὲ,
3512 4680 3633 4734 καθ’
3665 4679 3761 4742 οὒς

2187 4775 2346 4839 αὐτὸς
2375 4776 2642 4844 ἠπίστατο
2667 4775 2857 4844 λόγους
2879 4775 2989 4846 (l8)
3009 4773 3512 4845 ἀπαριθμούμενος,
3535 4771 3632 4844 τῆς
3661 4770 3761 4840 μὲν

2185 4867 2242 4916 ἐν
2271 4867 2389 4927 ταῖς
2413 4866 2673 4937 ἱστορίαις
2712 4865 2963 4936 διαδοχῆς
3000 4860 3161 4934 ἧττον
3198 4863 3544 4933 πεφρόντικε,
3576 4859 3761 4914 τοσού-

2185 4975 2307 5019 τους
2337 4956 2704 5028 ὰναλαμϐάνει
2726 4959 2804 5020 εἰς
2824 4957 2919 5027 τὴν
2940 4955 3310 5025 γενεαλογίαν,
3334 4956 3447 5008 ὅσοι
3476 4954 3588 5024 ἀπή
3597 4969 3760 5023 ρκουν

2184 5049 2332 5118 αὐτῷ
2363 5050 2442 5112 είς
2470 5048 2814 5120 ἐκπλήρωσιν
2844 5048 2950 5100 τῶν
2977 5047 3388 5117 δεκατεσσάρων
3417 5044 3644 5115 γενεῶψ
3675 5043 3761 5095 οὖ-

2179 5157 2286 5203 τως
2315 5157 2373 5192 τε
2412 5139 2568 5210 αὐτῷ.
2591 5139 2745 5209 ὑγιὴς
2783 5137 3118 5202 ἀποσώζεται
3137 5140 3164 5191 6
3194 5137 3369 5205 λόγος,
3395 5136 3488 5189 καὶ
3511 5132 3759 5204 οὐδαμῶς

2181 5235 2419 5296 ἐναντίος
2457 5237 2521 5303 τῇ
2558 5234 2665 5286 τῶν
2698 5233 2944 5302 ἱστοριῶν
2973 5236 3178 5305 γραφῇ.

503 5325 802 5380 tuordecim
832 5335 1210 5397 generationes
1239 5329 1554 5400 explendas.
1610 5327 1702 5383 Sic
1727 5329 1845 5399 ejus
1871 5328 2144 5384 veridicus
2185 5345 2365 5384 sermo
2404 5336 2702 5400 est,nequc
2760 5329 2982 5383 omnino
3043 5326 3349 5384 contrarius
3406 5320 3759 5378 historiarum

503 5416 804 5472 traditioni.

575 5591 887 5665 (l7‘)_§od.
928 5595 1052 5648 fern.
1091 5610 1306 5665 genere.
1347 5594 1437 5649 Sic
1467 5603 1613 5660 ante,
1653 5604 1707 5649 et
1737 5595 1896 5649 infra.

575 5663 689 5735 (18)
731 5662 1038 5719 Matthaeum
1075 5662 1229 5734 putat
1265 5665 1537 5720 Eusebius
1571 5667 1924 5735 generationis
1979 5679 2070 5717 vo-

512 5733 704 5788 cabulo
738 5742 946 5786 certum
997 5733 1286 5804 quemdam
1339 5751 1402 5788 ac
1438 5733 1735 5790 soleliincin
1773 5736 2075 5804 intelligere

509 5813 779 5857 annorum
823 5818 1130 5858 numerum.
1174 5803 1425 5859 Profecto
1460 5805 1527 5861 de
1564 5809 1849 5876 temporali
1884 5803 2072 5875 γενεᾶς

2187 5594 2364 5664 spatio
2413 5591 2788 5664 controversia
2820 5591 2985 5664 inter
3029 5597 3243 5664 veteres
3295 5586 3431 5664 satis
3475 5594 3602 5664 nota
3648 5597 3756 5652 est,

2184 5657 2347 5731 quam
2389 5679 2490 5732 ego
2523 5663 2638 5732 ipse
2684 5661 2836 5732 attigi
2887 5663 2943 5715 in
2995 5660 3473 5732 adnotationibus_
3500 5657 3583 5732 ad_
3615 5671 3758 5732 nova

2185 5725 2483 5804 fragmenta
2544 5725 3014 5804 Dionysii—Italic.
3059 5747 3160 5802 cap
3211 5731 3298 5798 15,
3350 5745 3403 5784 n.
3446 5728 3501 5795 ό,
3551 5725 3754 5797 Script.

2183 5802 2293 5861 vel:
2319 5812 2358 5859 t.
2387 5802 2448 5869 ll,
2484 5819 2537 5874 p.
2571 5802 2696 5859 474.
