4112 6422
374 368 479 427 9Ξ5

1106 492 1205 547 Il".

373 620 476 676 Διὰ
505 621 564 675 τί
589 621 707 693 τῶν
726 622 873 692 μετὰ
913 622 1192 693 Ἰεχονίαν
1212 622 1317 693 ex:
1353 622 1459 676 τὸν
1495 622 1708 692 Ἰωσὴφ
1735 639 1936 693 γενεα-

444 691 822 765 λογουμένων
846 693 953 765 δύο
981 691 1102 746 ’καὶ
1154 691 1301 765 δέκα
1346 692 1554 765 ὅτςτων,
1611 697 1644 748 ό
1669 691 1676 692 ί
1697 691 1936 765 εὐαγγε-

439 759 659 830 λιστὴζι
678 761 1125 831 δεκατέσσαρας
1147 761 1337 816 πάλιν
1361 759 1515 817 εἷναί
1547 778 1758 832 φησιν.

442 878 509 928 α’.
540 871 637 925 Διά
656 872 755 943 τὴν
791 872 959 948 αὐτὴν
987 873 1185 926 αἰτίαν·
1211 873 1272 926 οὐ
1307 873 1415 945 γὰρ
1440 873 1709 944 διαδοχὰς,
1744 875 1935 944 γενεὰς

370 962 448 1025 δὲ,
468 961 544 1026 ὡς
571 960 726 1033 ἔφην,
763 962 1097 1033 ἀναγράφειν
1122 961 1388 1017 ἐϐούλετο·
1413 963 1697 1035 συμϐαίνει
1726 964 1784 1018 δὲ
1807 966 1935 1019 πολ-

371 1053 526 1116 λάκις
543 1053 600 1104 ὲν
622 1051 940 1124 μακροϐίοις
968 1055 1062 1106 καὶ
1090 1055 1392 1119 πολυέτεσι,
1414 1054 1514 1119 τὰς
1537 1055 1636 1127 μὲν
1659 1056 1935 1125 γεγονέναι

369 1142 476 1196 τῶν
503 1142 711 1213 ἀνδρῶν
730 1143 828 1207 τὰς
858 1143 1126 1215 διαδοχὰς,
1149 1146 1238 1200 τὸν
1259 1145 1317 1200 δὲ
1346 1145 1456 1201 τῶν
1485 1146 1686 1215 γενεῶν
1707 1148 1936 1219 ἀριθμὸν

366 1233 717 1288 ἀποδεδόσθαι
737 1234 936 1307 πλήρη·
969 1230 1012 1305 ᾧ
1036 1236 1100 1309 δὴ
1141 1232 1236 1291 οὖν
1284 1237 1425 1310 λόγῳ
1454 1240 1513 1292 ὲν
1543 1241 1656 1302 τοῖς
1707 1239 1816 1293 ἀπὸ
1839 1238 1934 1294 τοῦ

367 1323 532 1378 Δαϐὶδ
555 1325 648 1379 καὶ
673 1327 765 1379 ἐπὶ
821 1327 918 1398 τὴν
975 1328 1346 1399 αἰχμαλωσίαν
1401 1330 1637 1384 πλείοσιν
1671 1326 1791 1385 οὖσι
1843 1332 1935 1385 τὸν

367 1413 597 1486 ἀριθμὸν
622 1418 733 1480 τοῖς
760 1418 817 1470 ὲν
842 1420 908 1489 τῇ
953 1418 1168 1495 διαδοχῇ
1215 1420 1553 1492 φερομένοις,
1604 1420 1926 1493 ὀλιγώτεραι

367 1506 706 1579 ἀπεδόθησαν
726 1510 780 1561 αἱ
803 1510 1005 1577 γενεαί·
1041 1511 1100 1562 ὲν
1122 1510 1232 1583 γὰρ
1259 1510 1524 1582 διαδοχαῖς
1561 1511 1768 1584 ἀνδρῶν
1799 1514 1935 1569 ὲπτά

365 1599 464 1653 καὶ
487 1599 636 1664 δέκα,
665 1602 849 1669 γενεαὶ
898 1603 1139 1674 εἴρηνται
1184 1603 1600 1673 δεκατέσσαρες·
1655 1604 1797 1658 κατὰ
1842 1606 1934 1661 τὸν

366 1692 531 1745 αὑτὸν
562 1692 817 1763 λογισμὸν
841 1693 933 1746 καὶ
959 1693 1055 1747 νῦν
1079 1696 1167 1748 ἐπ’
1196 1694 1402 1768 ἀνδρῶν
1418 1695 1685 1766 διαδοχαῖς
1708 1696 1931 1762 δώδεκα,
1980 1730 1984 1735 ο

869 368 1331 437 QUIESTIONES
1366 368 1833 426 EVANGELICE
1868 370 1933 426 Al

2031 368 2444 426 ιΤΕΡΒΑΝυΜ.
2485 401 2553 410 -
2592 366 2922 435 QUASSTIO
2958 364 3095 421 Xlll.

1963 496 2012 556 Δ

3494 365 3596 420 926

2755 485 2894 541 Xlll.

2037 624 2145 681 Cur
2184 641 2303 678 cum
2340 642 2373 678 a
2405 621 2659 677 Jechom’a
2688 619 2756 674 ad
2785 618 3070 688 Iosephum
3102 614 3376 688 duodecim
3415 616 3466 668 in
3505 633 3591 684 ge.

2104 695 2345 765 neatogia
2401 694 2539 758 sint,
2584 685 2924 760 euangelista
2959 685 3357 759 quatuardecim
3409 701 3593 740 rursus

2103 765 2270 819 dicat.

2103 879 2156 934 1.
2199 878 2296 932 Rei
2330 890 2498 933 causa
2528 875 2717 931 eadem
2747 881 2866 929 est:
2901 888 3011 928 non
3036 873 3184 928 enim
3217 869 3595 929 successiones

2033 967 2131 1024 sed
2171 967 2582 1040 generationes,
2636 973 2695 1019 ut
2743 964 2893 1031 dixi,
2944 963 3298 1021 conscribere
3350 961 3588 1017 volebat.

2036 1055 2190 1126 Saepe
2218 1069 2347 1110 vero
2387 1053 2687 1123 contingit,
2728 1058 2790 1106 ut
2836 1051 2894 1105 in
2934 1051 3227 1106 macrobiis
3271 1058 3429 1119 atque
3470 1048 3590 1103 lon-

2033 1146 2577 1219 gaevis,.quicunque
2624 1144 2791 1200 fuerit
2833 1143 3243 1199 succedentium
3287 1155 3587 1204 numerus,

2033 1237 2391 1293 nihilominus
2441 1236 2560 1307 ipse
2612 1234 3023 1306 generationum
3080 1248 3340 1293 numerus
3394 1234 3591 1304 plenus

2034 1329 2321 1384 habeatur.
2360 1326 2538 1394 Quam
2576 1326 2647 1382 ob
2684 1341 2801 1382 rem
2838 1324 3003 1382 sicuti
3043 1324 3098 1379 in
3134 1325 3310 1380 classe
3348 1331 3592 1395 patrum-

2035 1420 2271 1476 familias
2298 1434 2329 1473 a
2358 1418 2563 1474 Davide
2594 1417 2665 1473 ad
2698 1417 3068 1488 captivitatem
3090 1454 3106 1481 ,
3135 1430 3258 1470 cum
3286 1416 3448 1486 paulo
3474 1430 3593 1470 ma-

2028 1512 2117 1581 jor
2145 1508 2554 1565 succedentium
2584 1522 2851 1563 numerus
2884 1513 3062 1571 esset,
3098 1506 3386 1575 pauciores
3411 1513 3592 1559 tamen

2033 1601 2102 1655 ab
2126 1599 2459 1670 evangelista
2488 1596 2720 1668 prodita:
2751 1604 2883 1653 sunt
2909 1596 3329 1667 generationes;
3358 1611 3593 1666 namque

2032 1691 2090 1745 in
2135 1704 2248 1744 xvu
2288 1687 2532 1743 virorum
2585 1687 3031 1743 successionihus
3085 1686 3464 1759 generationes
3500 1703 3591 1742 xxv

367 1784 426 1837 αί
457 1783 846 1856 δεκατέσσαρες
901 1786 969 1839 ἂν
1016 1785 1347 1857 ἐπληροῦντο
1391 1786 1596 1854 γενεαὶ,
1624 1787 1933 1860 μακροϐίων

2034 1779 2193 1835 dictae
2227 1786 2395 1845 sunt;
2430 1777 2622 1833 eodem
2661 1791 2810 1832 nunc
2848 1792 3068 1849 quoque
3105 1776 3339 1833 consilio
3387 1776 3443 1830 in
3493 1776 3594 1831 ho-

368 1873 445 1937 ὼς
475 1874 620 1939 εἰκὸς
642 1877 1004 1948 πολυχρονίων
1034 1876 1212 1932 αὐτῶν
1249 1876 1312 1948 δὴ
1336 1876 1447 1931 τῶν
1479 1874 1687 1932 δώδεκα
1704 1895 1932 1949 γεγενη-

371 1966 569 2035 μένων,
600 1966 695 2022 καί
753 1967 1062 2040 ἀρκούντων
1117 1971 1196 2033 εἰς
1227 1967 1607 2041 ἀναπλήρωσιν
1644 1970 1752 2023 τῶν
1779 1971 1935 2025 δεκα-

365 2057 645 2129 τεσσάρων
667 2058 888 2129 γενεῶν.
926 2059 1043 2114 Μία
1068 2059 1166 2131 μὲν
1190 2060 1440 2125 ἀπόδοσις
1490 2059 1583 2114 τοῦ
1612 2059 1933 2133 ζητηθέντος

367 2149 482 2220 ἥδε.

439 2324 505 2394 β’.
540 2324 678 2379 Καθ’
708 2324 900 2395 ἑτέραν
936 2323 993 2378 δὲ
1041 2324 1276 2379 διάνοιαν
1326 2323 1506 2396 εὕροις
1536 2324 1602 2380 ἂν
1625 2324 1932 2398 ἀκριϐώσας

367 2415 508 2468 κατά
560 2413 659 2486 τὴν
739 2414 976 2487 ἱστορίαν
1047 2414 1445 2489 δεκατέσσαρας
1519 2415 1932 2489 ὠνομασμένους

367 2505 461 2557 καὶ
482 2506 539 2557 ὲν
571 2507 635 2576 τῇ
671 2504 1174 2577 παρούσῃδιαδοχῇ,
1200 2509 1249 2561 εἰ
1278 2507 1414 2579 πρὸς
1431 2509 1542 2572 τοῖς
1563 2508 1770 2562 δώδεκα
1803 2525 1930 2564 συν-

366 2593 728 2666 αριθμήσειας
788 2597 948 2651 αὐτὸν
997 2597 1204 2670 Ἰησοῦν
1258 2599 1493 2670 Χριστὸν
1547 2601 1660 2655 υἱὸν
1687 2600 1777 2655 τοῦ
1819 2602 1932 2655 Ἰω-

369 2685 475 2757 σὴφ
506 2687 937 2759 χρηματίσαντα·
969 2689 1259 2761 προσθείης
1285 2708 1343 2744 τε
1364 2691 1572 2755 τούτοις
1592 2693 1686 2746 καὶ
1708 2692 1799 2745 τὸν
1837 2693 1933 2745 Ἰε-

367 2776 546 2847 χονίαν
575 2778 664 2831 τὸν
698 2780 754 2831 ὲν
779 2778 1055 2834 Βαϐυλῶνι
1108 2782 1494 2853 γεγενημένον,
1522 2783 1643 2853 οὐχὶ
1689 2781 1779 2836 τὸν
1828 2782 1932 2854 πρὸ

365 2869 837 2942 τῆςμετοικησίας
891 2873 948 2926 ὲν
999 2875 1066 2946 τῇ
1116 2873 1466 2947 Ἰερουσαλὴμ
1519 2870 1927 2946 βασιλεύσαντα·

365 2959 457 3013 δύο
487 2963 595 3033 γάρ
618 2960 894 3034 ὁμώνυμοι
916 2963 1199 3032 γεγόνασιν
1243 2966 1495 3036 Ἰωακείμ
1517 2965 1653 3038 μετά
1703 2965 1927 3031 Ἰωσίαν,

365 3053 394 3105 ὅ
418 3069 479 3120 γε
506 3051 669 3105 αὐτοῦ
696 3051 789 3104 τοῦ
835 3053 1038 3107 Ἰωσίου
1071 3055 1207 3121 υἱὸς,
1256 3055 1316 3119 ὃς
1353 3055 1489 3126 μετὰ
1541 3055 1727 3109 τοῦτον
1749 3054 1930 3109 ἐϐασί-

2033 1869 2240 1926 minum
2271 1867 2715 1925 successionibus
2742 1882 2819 1923 xu
2840 1908 2856 1934 ,
2887 1868 3118 1939 explete
3143 1867 3403 1923 dicuntur
3428 1883 3596 1939 gene-

2033 1960 2272 2015 rationes
2302 1973 2395 2013 xrv
2415 1998 2429 2023 ,
2458 1958 2586 2028 quia
2616 1957 2870 2014 videlicet
2898 1973 2977 2012 xu
3009 1958 3123 2023 illi,
3156 1965 3216 2012 ut
3244 1958 3468 2014 credere
3495 1973 3595 2030 par

2032 2058 2156 2116 est,
2194 2051 2458 2106 macrobii
2492 2050 2712 2106 fuerunt
2741 2058 2906 2122 atque
2935 2050 3163 2121 longaevi
3190 2091 3205 2116 ,
3238 2051 3313 2106 ita
3343 2061 3401 2106 ut
3430 2053 3594 2108 suﬂ‘e-

1979 2170 1993 2183 ~
2031 2142 2206 2197 cerint
2233 2141 2303 2197 ad
2333 2158 2423 2198 xw
2455 2141 2760 2213 implendas
2790 2143 3191 2213 generationes.
3219 2143 3301 2198 Ad
3333 2144 3593 2215 quaestio-

2031 2246 2155 2288 nem
2180 2230 2295 2288 haec
2320 2232 2497 2301 prima
2524 2233 2811 2303 responsio
2844 2242 2948 2289 est.

2097 2321 2153 2376 2.
2196 2320 2303 2379 Sed
2331 2322 2476 2378 enim
2509 2321 2617 2377 alia
2647 2337 2867 2392 quoque
2898 2323 3113 2378 ratione
3144 2322 3278 2379 inita
3310 2324 3588 2390 invenies.

2031 2413 2077 2470 si
2117 2412 2408 2487 diligenter
2436 2412 2724 2478 historiam
2754 2414 3193 2473 consideraveris
3214 2457 3229 2481 ,
3261 2418 3593 2489 qnatuordc-

2031 2506 2136 2560 cim
2190 2506 2247 2560 in
2292 2506 2395 2560 hac
2443 2506 2562 2576 ipsa
2610 2506 2838 2562 historia
2885 2507 3228 2578 appellatus,
3271 2509 3350 2574 si,
3395 2520 3593 2579 praeter

2030 2594 2314 2652 duodecim
2331 2637 2346 2662 ,
2378 2598 2753 2652 numeraveris
2779 2596 2965 2652 Jesum
2993 2597 3271 2654 Christum
3299 2601 3476 2671 ipsum
3500 2600 3594 2655 Jo-

2031 2687 2183 2758 sephi
2212 2687 2381 2742 ﬁlium
2414 2687 2786 2743 existimatum
2813 2729 2828 2754 ,
2863 2688 3059 2760 hisque
3085 2690 3401 2761 adjunxeris
3426 2692 3591 2747 etiam

2028 2775 2380 2842 Jechoniam,
2413 2778 2568 2834 illum
2605 2780 2817 2835 scilicet
2854 2781 2949 2850 qui
2987 2780 3315 2853 Babylonem
3356 2783 3593 2837 transla-

2028 2876 2119 2925 tus
2153 2868 2286 2934 fuit,
2318 2885 2427 2925 non
2466 2871 2698 2927 alterum
2725 2872 2819 2942 qui
2849 2879 2976 2928 ante
3003 2872 3388 2945 Bahylonicam
3419 2875 3592 2944 capti-

2029 2958 2249 3015 vitatem
2272 2957 2663 3031 Hierosolymis
2687 2960 2990 3030 imperavit.
3016 2960 3135 3016 Duo
3155 2962 3353 3032 quippe
3374 2962 3594 3019 fuerunt

2031 3051 2381 3122 homonymi;
2420 3051 2701 3109 Joacimus
2760 3054 3018 3110 videlicet
3054 3064 3178 3125 post
3217 3053 3454 3121 Josiam,
3498 3058 3593 3127 qui

364 3142 551 3196 λευσεν
581 3144 638 3197 ὲν
680 3143 1060 3217 Ἰερουσαλὴμ,
1104 3147 1196 3200 καὶ
1253 3149 1281 3201 ὁ
1331 3146 1521 3200 τούτου
1571 3150 1699 3211 παῖς
1745 3147 1929 3219 ἕτερος

2032 3142 2130 3199 iuit
2149 3142 2391 3215 ejusdem
2413 3143 2575 3201 Josiae
2609 3145 2751 3202 ﬁlius
2778 3154 2833 3201 et
2856 3146 3251 3218 Hierosolymis
3283 3149 3434 3219 regni
3466 3164 3594 3203 suc-

376 3232 652 3305 Ἰωακείμ’
686 3229 831 3288 οὗτοι
863 3234 920 3288 δὲ
948 3237 1042 3289 καὶ
1075 3237 1320 3309 Ἰεχονίαι
1346 3239 1738 3310 ἐχρημάτισαν,
1783 3236 1934 3303 ὲξελ-

364 3324 701 3394 ληνισθέντος
730 3328 912 3392 αὐτοῖς
943 3328 1038 3382 τοῦ
1090 3330 1368 3401 ὀνόματος.
1403 3331 1463 3386 '0
1513 3333 1690 3386 τοίνυν
1727 3331 1938 3403 πρῶτος

375 3418 634 3487 Ἰωακεὶμ
681 3419 709 3470 ὁ
740 3417 836 3472 καί
888 3419 1141 3490 Ἰεχονίας
1172 3422 1285 3486 υίὸς
1312 3421 1388 3474 ὢν
1432 3423 1658 3489 Ἰωσίου,
1683 3424 1804 3486 ταῖς
1829 3421 1936 3493 πρὸ

366 3508 462 3575 τῆς
491 3506 862 3577 αἰχμαλωσίας
884 3511 1363 3580 συγκαταλεγέσθω
1394 3516 1625 3580 γενεαῖς·
1681 3513 1710 3565 ὁ
1744 3513 1801 3565 δὲ
1824 3511 1939 3565 τού-

366 3613 458 3649 του
490 3599 619 3660 παῖς
640 3597 669 3648 ό
710 3596 960 3670 δεύτερος
1002 3602 1252 3672 Ἰωακεὶμ
1306 3602 1402 3656 καὶ
1458 3603 1621 3667 αὐτὸς
1664 3603 1934 3674 Ἰεχονίας,

367 3689 483 3752 υἱὸς
506 3688 581 3744 ὣν
604 3687 696 3743 τοῦ
712 3688 928 3761 πρώτου
956 3693 1231 3761 Ἰωακείμ,
1254 3693 1348 3747 τοῦ
1376 3693 1430 3747 δὲ
1464 3693 1667 3748 Ἰωσίου
1694 3694 1934 3763 ἔκγονος,

368 3780 427 3832 ἐν
455 3780 567 3843 τοῖς
599 3780 737 3851 μετά
766 3783 865 3854 τὴν
894 3783 1271 3854 αἰχμαλωσίαν
1301 3784 1395 3837 καὶ
1445 3786 1526 3849 εἰς
1567 3784 1659 3838 τὸν
1704 3784 1936 3856 Χριστὸν

368 3870 875 3944 γενεαλογουμένοις
905 3873 1323 3945 ἀριθμούμενος,
1372 3874 1578 3931 τέλειον
1616 3875 1841 3948 ἀποδοίη
1869 3874 1937 3931 ἂν

367 3960 457 4015 τὸν
483 3960 590 4016 τῶν
627 3962 1033 4037 δεκατεσσάρων
1066 3967 1266 4034 γενεῶν
1295 3967 1524 4040 ἀριθμόν
1554 3968 1688 4042 (19).

434 4137 504 4207 γ’.
544 4139 671 4210 Περὶ
699 4139 756 4193 δὲ
776 4138 869 4193 τοῦ
898 4138 990 4194 δύο
1022 4141 1301 4211 γεγονέναι
1343 4144 1622 4217 ’1ωακείμ,
1657 4147 1936 4219 μαρτυρή-

368 4243 450 4280 σει
477 4228 510 4298 ή
534 4226 643 4281 τῶν
669 4227 959 4282 Βασιλειῶν
987 4230 1200 4302 Γραφὴ,
1233 4231 1418 4287 τοῦτον
1446 4233 1641 4305 ἔχουσα
1669 4234 1759 4289 τὸν
1807 4235 1933 4307 τρό⁴

366 4334 486 4371 mw
529 4336 548 4369 ι
577 4319 688 4373 Καὶ
714 4318 1026 4374 ἐϐασίλευσε
1053 4320 1250 4394 Φαραὼ
1279 4324 1474 4395 Νεχαὼ
1491 4326 1582 4379 ἐπὶ
1602 4326 1694 4379 τὸν
1716 4326 1934 4398 Ἰσραὴλ

363 4406 454 4459 τὸν
494 4407 774 4480 Ἐλιακείμ
825 4409 939 4464 υἰὸν
983 4410 1160 4464 Ἰωσία
1224 4410 1487 4482 βασιλέως
1553 4415 1752 4481 Ἰούδα,
1811 4416 1932 4469 ἀντὶ

2035 3248 2252 3301 cessor;
2282 3249 2504 3290 rursum
2532 3235 2672 3291 alter
2695 3235 2978 3317 Joacimus
3006 3238 3249 3308 praedicti
3280 3239 3595 3312 homonymi

2036 3323 2202 3380 ﬁlius.
2246 3323 2313 3378 Hi
2352 3323 2628 3381 Jechonite
2666 3342 2885 3397 quoque
2921 3329 3175 3398 appellati
3206 3329 3464 3395 fuerunt,
3494 3346 3597 3386 no-

2035 3417 2184 3471 mine
2230 3430 2418 3470 eorum
2469 3416 2536 3471 ad
2576 3415 2816 3471 Graecam
2850 3416 3079 3472 formam
3112 3420 3392 3476 inclinato.
3436 3420 3597 3477 Prior

2035 3505 2220 3577 itaque
2245 3504 2524 3562 Joacimus
2545 3546 2559 3573 ,
2592 3507 2843 3578 idemque
2868 3505 3160 3564 Jechonias
3179 3549 3193 3573 ,
3224 3511 3368 3566 ﬁlius
3396 3508 3593 3578 Josiae,

2035 3596 2092 3651 in
2139 3598 2585 3668 generationibus
2634 3605 2760 3653 ante
2801 3598 3170 3668 captivitatem
3212 3601 3590 3658 concludatur.

2035 3689 2208 3761 Hujus
2235 3699 2417 3747 autem
2446 3692 2588 3748 ﬁlius
2608 3732 2623 3757 ,
2657 3692 2796 3747 alter
2819 3690 3100 3747 Joacimus
3118 3733 3134 3758 ,
3168 3692 3420 3764 idemque
3447 3697 3595 3765 pari-

2032 3789 2118 3838 ter
2139 3781 2434 3838 Jechonias
2458 3822 2472 3847 ,
2500 3781 2705 3853 prioris
2730 3777 2959 3838 Joacimi
2990 3783 3133 3839 ﬁlius
3151 3824 3166 3850 ,
3196 3783 3360 3839 Josias
3388 3801 3591 3856 nepos,

2035 3874 2082 3929 si
2127 3888 2252 3929 cum
2299 3874 2368 3932 iis
2409 3881 2766 3930 reccnseatur
2812 3875 2905 3945 qui
2956 3876 3101 3931 inter
3143 3876 3511 3947 captivitatem
3541 3890 3595 3932 et

2034 3966 2309 4023 Christum
2364 3966 2610 4032 fuerunt,
2660 3968 2855 4039 plenus
2906 3970 3131 4026 exsistet
3183 3968 3590 4039 quatuordccim

2034 4056 2440 4127 generationum
2470 4073 2750 4113 numerus.

2101 4146 2155 4202 5.
2193 4144 2364 4201 Porro
2388 4145 2528 4201 duos
2556 4144 2728 4203 fuisse
2751 4146 3023 4202 Joacimos
3045 4188 3060 4213 ,
3090 4146 3399 4220 Regnorum
3427 4156 3595 4203 testa-

2034 4243 2123 4291 tur
2175 4235 2459 4308 Scriptnra
2515 4237 2602 4294 his
2650 4238 2874 4295 verbis:
2909 4258 2928 4290 ι
2955 4237 3267 4310 Regemque
3309 4239 3595 4295 constituit

2032 4325 2244 4384 Pharao
2272 4322 2489 4384 Nechao
2519 4329 2842 4384 Eliacimum
2883 4327 3049 4385 Josiaa
3093 4328 3263 4389 ﬁlium
3309 4344 3410 4400 pro
3442 4329 3595 4386 Josia

2031 4428 2185 4487 patre
2203 4419 2342 4489 ejus,
2366 4419 2640 4490 vertitque
2656 4434 2853 4475 nomen
2875 4419 2995 4489 ejus
3010 4419 3315 4474 Joacimum
3337 4421 3403 4477 ⁸⁸.
3428 4441 3447 4473 ι
3468 4420 3596 4489 Qui-

379 4499 554 4552 Ἰωσία
584 4500 676 4553 τοῦ
710 4501 913 4573 πατρὸς
936 4501 1122 4556 αὑτοῦ·
1157 4503 1253 4558 καί
1296 4504 1597 4578 ἐπέστρεψε
1644 4506 1706 4560 τὸ
1758 4506 1932 4579 ὄνομα

2033 4506 2139 4563 bus
2164 4507 2362 4564 deinde
2382 4508 2534 4562 addit
2560 4527 2573 4563 :
2600 4526 2619 4559 ι
2642 4507 2812 4563 Filius
2840 4507 3031 4578 viginti
3058 4508 3299 4580 quinque
3323 4524 3594 4565 annorum

363 4588 525 4642 αὑτοῦ
570 4591 875 4663 Ἰωακείμ.»
909 4589 1004 4658 Οἷς
1038 4593 1161 4666 ἑξῆς
1220 4596 1480 4667 ἐπιλέγει*
1539 4618 1558 4651 ι
1578 4598 1704 4663 Υἱὸς
1734 4600 1935 4655 εἰκοσι-

363 4680 523 4758 πέντε
555 4681 692 4735 ἑτῶν
736 4682 987 4755 Ἰωακείμ
1002 4687 1058 4739 ὲν
1083 4686 1161 4757 τῷ
1190 4687 1491 4757 βασιλεύειν
1512 4690 1690 4744 αὐτόν·
1726 4691 1822 4745 καί
1848 4690 1936 4744 ἒν-

364 4770 494 4824 δεκα
519 4771 614 4842 ἔτη
646 4772 993 4843 ἐϐασίλευσεν
1008 4778 1066 4829 ὲν
1100 4778 1504 4851 Ἱερουσαλή’μ·ι
1526 4779 1608 4845 οἷς
1641 4782 1933 4853 μεθ’ἃτερα

364 4861 625 4932 ἐπιλέγει·
665 4885 683 4916 ι
708 4865 817 4919 Καὶ
842 4865 912 4921 τὰ
932 4866 1093 4922 λοιπά
1143 4868 1251 4924 τῶν
1280 4870 1454 4939 λόγων
1510 4872 1785 4942 Ἰωακείμ,
1838 4873 1932 4926 καὶ

342 4952 542 5007 ⁴πάντα
566 4956 666 5008 ὅσα
683 4956 956 5028 εποίησεν,
980 4959 1082 5013 οὐκ
1133 4960 1242 5016 ἰδοὺ
1295 4961 1653 5034 γεγραμμένα
1702 4962 1797 5015 ὲπί
1848 4962 1922 5033 βι-

364 5043 498 5114 ϐλίῳ
520 5044 691 5114 λόγων
715 5048 823 5102 τῶν
853 5049 1075 5122 ἡμερῶν
1108 5054 1222 5116 τοῖς
1251 5052 1556 5123 βασιλεῦσιν
1602 5052 1806 5119 Ἰούδα;
1833 5055 1928 5108 καὶ

362 5134 625 5208 ἐκοιμήθη
660 5137 915 5209 Ἰωακεὶμ
973 5141 1111 5212 μετά
1137 5142 1246 5196 τῶν
1297 5145 1549 5215 πατέρων
1609 5144 1794 5209 αὑτοῦ,
1834 5145 1929 5199 καὶ

361 5226 706 5282 ἐϐασίλευσεν
745 5230 998 5303 Ἰωακεὶμ
1055 5233 1168 5297 υίὸς
1222 5236 1391 5289 αὑτοῦ
1443 5237 1556 5290 ἀντ’
1589 5234 1775 5288 αὐτοῦ’
1817 5235 1929 5300 υίὸς

361 5317 505 5372 ὀκτὼ
532 5320 626 5373 καὶ
651 5319 782 5375 δέκα
811 5323 947 5377 ἑτῶν
990 5324 1242 5397 ’ῐωακεὶμ
1269 5329 1326 5381 ὲν
1366 5327 1442 5399 τῷ
1497 5327 1801 5399 βασιλεύειν
1829 5328 1925 5382 αύ-

435 5472 484 5505 ”
520 5470 757 5557 IV‘Reg.
792 5490 966 5545 mu,
999 5478 1086 5531 '51.

434 5626 546 5695 (l9)
583 5627 817 5687 Tractus
841 5630 930 5685 hie
958 5629 1193 5687 refertur
1227 5630 1390 5687 etiam
1417 5632 1473 5687 in
1504 5607 1704 5688 Nicetze
1732 5641 1924 5689 catena

364 5695 639 5773 cod._Vat.
667 5704 738 5773 β,
777 5702 813 5754 l'.
843 5701 933 5773 67,
969 5701 1072 5756 hoc
1113 5702 1271 5773 initio
1307 5721 1320 5756 :
1348 5703 1422 5773 Εἰ
1452 5702 1561 5773 γὰρ
1598 5704 1691 5773 καὶ
1717 5702 1923 5773 δώδεκα

365 5764 606 5819 δοκοῦσιν
639 5764 773 5826 εἶναι
803 5773 849 5824 οἱ
883 5772 940 5825 ἐν
968 5774 1031 5843 τῇ
1065 5771 1221 5846 τρίτῃ
1254 5764 1474 5844 διαδοχῇ
1501 5764 1922 5844 γενεαλογούμε-

2030 4608 2146 4654 erat
2177 4597 2486 4664 Joacimus,
2520 4609 2572 4654 et
2598 4600 2758 4655 annis
2791 4599 3041 4655 undecim
3068 4604 3315 4672 regnavit
3340 4600 3597 4658 Hieroso-

2030 4690 2208 4763 lymis.
2235 4711 2254 4744 ι
2274 4688 2772 4762 Rursus‘deinceps
2818 4692 3076 4762 praedicta
3105 4693 3331 4749 historia
3357 4712 3371 4749 :
3402 4711 3423 4746 ι
3447 4693 3593 4749 Βειίσ

2030 4798 2136 4853 qua
2172 4789 2355 4838 autem
2386 4796 2701 4837 sermonum
2731 4780 2963 4837 Joacimi
2994 4790 3049 4837 et
3073 4783 3255 4838 omnia
3283 4798 3403 4853 quae
3431 4784 3555 4838 fecit
3574 4822 3592 4850 ,

2028 4890 2209 4929 nonne
2236 4887 2366 4929 ecce
2391 4876 2593 4943 scripta
2618 4880 2747 4929 sunt
2776 4874 2828 4927 in
2857 4873 3000 4927 libro
3027 4888 3343 4931 sermonum
3379 4873 3591 4929 dierum

2034 4980 2219 5036 regum
2248 4962 2449 5020 Iudae?
2482 4963 2549 5018 Et
2579 4963 2841 5041 dormivit
2871 4962 3150 5018 Joacimus
3181 4978 3304 5017 cum
3340 4963 3592 5033 patrihus

2032 5057 2148 5112 suis
2176 5075 2191 5112 :
2229 5056 2578 5127 regnavitque
2608 5055 2887 5111 Joacimus
2920 5054 3062 5109 ﬁlius
3093 5054 3214 5124 ejus
3260 5069 3358 5125 pro
3385 5070 3470 5110 eo.
3502 5054 3582 5110 Fl-

2031 5148 2137 5202 lius
2158 5146 2460 5202 octodecim
2486 5161 2751 5201 annorum
2778 5152 2894 5200 erat
2922 5142 3197 5209 Joacimus
3219 5159 3341 5198 cum
3367 5159 3594 5215 regnare

2031 5237 2234 5308 coepit,
2270 5236 2557 5308 tribusque
2587 5236 2869 5292 mensibus
2902 5234 3149 5305 regnavit
3176 5233 3590 5307 Hierosolymis.

2031 5328 2240 5386 Nomen
2287 5330 2480 5385 matris
2518 5329 2641 5400 ejus
2685 5328 2876 5384 Estha.
2909 5325 2976 5379 Et
3022 5324 3151 5382 fecit
3177 5327 3377 5381 malum
3404 5340 3590 5382 coram

2032 5651 2132 5699 νοι,
2169 5633 2284 5687 ἀλλ’
2323 5632 2500 5707 εύροις
2543 5633 2609 5688 ἂν
2646 5631 2975 5707 ἀκριϐώσας,
3024 5644 3153 5705 ctc.,
3189 5642 3249 5691 ut
3279 5635 3420 5707 apud
3449 5635 3591 5693 hanc

2030 5713 2283 5761 nostram
2306 5704 2576 5775 epitomen
2609 5704 2875 5777 sequitur.
3140 5704 3144 5705 ⁷
3190 5724 3193 5725 ν
