4112 6436
505 407 613 464 927

1196 395 1465 456 EUSEBII
1500 387 1975 451 CIESARIENSIS
2012 385 2163 444 OPP.
2203 381 2383 439 PARS
2421 379 2506 436 lli.
2534 373 3027 435 —-EXEGETICA.

3648 367 3754 426 928

509 522 738 578 Domino
756 560 770 583 ,
797 519 951 588 juxta
980 514 1163 570 omnia
1190 526 1311 583 quae
1342 509 1546 565 fecerat
1573 513 1728 578 pater
1751 504 1893 573 ejus.
1916 501 2068 556 Tem-

2176 497 2287 550 τόνο
2322 493 2414 548 καὶ
2469 492 2731 564 τρίμηνον
2753 487 3102 543 ἐϐασίλευσεν
3129 484 3189 536 ὲν
3229 478 3607 553 Ἰερουσαλήμο
3655 479 3753 533 καὶ

506 570 973 688 porevillolvenit
1014 570 1591 661 Nabuchodonosorus
1639 613 1731 653 rex
1782 570 2068 666 Babylonis

2174 586 2342 656 ὄνομα
2367 586 2433 654 τῇ
2464 581 2631 653 μητρὶ⁸
2660 577 2824 635 αὑτοῦ
2857 576 3038 631 Ἐσθά’
3065 573 3159 627 καὶ
3181 572 3404 641 ἐποίησε
3428 570 3490 624 τὸ
3517 570 3752 642 πονηρὸν

505 683 699 762 contra
722 700 1120 770 Hierosolyma,
1148 705 1201 752 et
1229 695 1362 749 urbs
1390 693 1495 747 fuit
1518 691 1767 746 obsessa.
1798 683 2075 741 Accessit-

504 809 610 866 que
632 791 1202 847 Nabuchodonosor-us
1223 802 1318 841 rex
1343 782 1633 855 Babylonis
1657 780 1725 835 ad
1762 778 2035 833 civitatem
2055 815 2070 838 ,

505 886 760 955 servique
800 884 920 954 ejus
963 879 1352 952 oppugnabant
1391 891 1533 931 eam.
1574 873 1950 943 Egressusque
1989 873 2075 922 est

506 977 783 1034 Joacimus
826 989 923 1029 rex
962 971 1115 1028 Iudae
1156 972 1226 1026 ad
1268 981 1450 1040 regem
1492 963 1820 1036 Babylonis,
1858 962 1976 1030 ipse
2017 966 2076 1013 et

513 1068 658 1126 servi
687 1067 807 1138 ejus
835 1076 888 1121 et
915 1072 1093 1119 mater
1118 1070 1173 1117 et
1198 1061 1491 1132 optimates
1513 1065 1567 1113 et
1590 1052 1849 1111 eunuchi.
1872 1049 2073 1104 Trans—

502 1162 735 1231 lateque
767 1166 899 1215 sunt
932 1156 1145 1211 bellicae
1175 1153 1330 1225 regni
1367 1153 1514 1206 vires
1548 1143 1938 1216 Hierosolymis
1970 1142 2074 1195 Ba-

500 1250 756 1327 bylonem
784 1250 1014 1322 captivae
1036 1248 1128 1300 ⁸⁸⁸.
1162 1267 1181 1301 ι
1207 1247 1359 1301 Alter
1375 1244 1539 1316 igitur
1565 1243 1654 1297 hic
1671 1248 1753 1297 est
1774 1237 2069 1300 Joacimus,

498 1346 595 1418 qui
616 1344 944 1417 Babylonem
971 1342 1290 1411 deportatus
1322 1336 1444 1391 fuit.
1472 1333 1524 1390 Is
1555 1334 1698 1389 idem
1726 1339 1874 1393 erat,
1906 1345 2068 1399 quem

497 1432 821 1493 Jechoniam
863 1431 1129 1488 Jeremias
1170 1428 1442 1499 appellat,
1473 1423 1639 1479 Josiae
1669 1438 1837 1492 nepos
1868 1430 1978 1475 non
2008 1419 2071 1473 li-

501 1530 629 1587 lius.
679 1525 889 1584 ldcirco
935 1525 982 1581 is
1030 1522 1224 1578 merito
1275 1516 1763 1575 connumerabitnr
1805 1514 1862 1568 in
1909 1514 2070 1568 tertia

500 1622 681 1679 classe
717 1616 1132 1687 generationum
1173 1609 1588 1684 quatuordecim
1611 1648 1626 1673 ,
1661 1623 1781 1678 quae
1811 1620 1842 1660 a
1871 1604 2071 1660 Jecho-

495 1714 589 1770 nia
613 1713 681 1768 ad
704 1710 983 1766 Christum
1006 1712 1336 1763 excurrunt:
1361 1701 1577 1757 interim
1600 1700 1728 1755 dum
1752 1708 1906 1770 pater
1923 1699 2066 1767 ejus,

493 1804 644 1862 Josia
689 1805 939 1875 genitus,
992 1815 1116 1856 cum
1166 1810 1267 1854 suo
1314 1801 1542 1867 parente
1586 1794 1642 1847 in
1694 1790 2068 1861 superioribus

2174 681 2231 731 ἐν
2261 675 2562 745 ὀφθαλμοῖς
2612 672 2818 743 Κυρίου
2871 671 3011 724 κατὰ
3056 667 3234 722 πάντα
3284 666 3386 720 ὃσα
3438 663 3692 734 ἐποίησεν
3723 667 3753 718 ὁ

2176 771 2356 843 πατὴρ
2380 768 2565 824 αὑτοῦ.
2614 767 2702 821 Ἐν
2733 764 2811 835 τῷ
2864 761 3040 834 καιρῷ
3088 759 3281 830 ἐκείνῳ
3333 756 3500 829 ἀνέϐη
3535 756 3751 810 Ναϐου-

2172 864 2455 937 χοδονόσορ
2476 860 2726 932 βασιλεὺς
2750 856 3067 919 Βαϐυλῶνος
3114 854 3194 918 εἰς
3248 850 3625 925 Ἰερουσαλήμ·
3656 852 3753 905 καὶ

2171 956 2334 1031 ἦλθεν
2366 958 2399 1024 ἠ
2431 954 2585 1017 πόλις
2606 955 2665 1006 ὲν
2694 952 2945 1023 περιοχῇο
2999 948 3097 1003 καὶ
3127 944 3375 1017 εἰσῆλθεν
3422 946 3452 998 ὁ
3497 942 3751 1014 βασιλεὺς

2172 1048 2489 1110 Βαϐυλῶνος
2512 1048 2570 1099 έν
2627 1046 2694 1116 τῇ
2742 1042 2916 1107 πόλει,
2963 1041 3057 1094 καὶ
3099 1039 3147 1092 οἱ
3202 1036 3388 1100 παῖδες
3434 1034 3751 1089 αὐτοῦοὲπο-

2170 1142 2418 1214 λιόρκουν
2477 1139 2668 1209 αὐτήν·
2727 1136 2820 1189 καὶ
2898 1131 3119 1204 ἐξῆλθεν
3179 1128 3433 1197 Ἰωακεὶμ
3497 1124 3751 1196 βασιλεὺς

2182 1234 2350 1288 Ἰούδα
2379 1232 2473 1286 ἐπὶ
2502 1228 2727 1303 βασιλέα
2761 1224 3099 1287 Βαϐυλῶνος,
3131 1221 3293 1284 αὐτὸς
3344 1219 3440 1272 καὶ
3469 1218 3519 1270 οἱ
3560 1216 3750 1279 παῖδες

2169 1325 2355 1390 αὐτοῦ,
2388 1325 2481 1380 καὶ
2511 1327 2543 1393 ή
2578 1323 2791 1393 μήτηρ,
2844 1319 2940 1372 καὶ
2970 1314 3213 1385 εὐνοῦχοι
3261 1310 3445 1367 αὐτοῦ*
3501 1308 3751 1373 καὶτοὺς

2172 1421 2424 1493 ἰσχυροὺς
2468 1420 2567 1490 τῆς
2592 1416 2698 1486 γῆς
2731 1415 3015 1483 ἀπήγαγεν
3053 1406 3372 1462 ἀποικεσίαν
3401 1401 3461 1468 ἐξ
3486 1404 3752 1474 Ἰερουσα-

2167 1514 2279 1586 λὴμ
2309 1515 2388 1576 είς
2421 1508 2770 1565 Βαϐυλῶνα.»
2811 1499 2980 1567 Οὗτος
3025 1501 3089 1573 δὴ
3119 1498 3212 1553 οὖν
3253 1500 3283 1552 ὁ
3312 1496 3565 1567 δεύτερος
3598 1495 3751 1549 Ἰωα-

2167 1606 2299 1677 κεὶμ
2322 1607 2402 1669 είς
2430 1602 2724 1657 Βαϐυλῶνα
2752 1597 3036 1669 ἀπαχθεὶς,
3071 1587 3226 1656 οὗτος
3255 1587 3325 1663 ἦν
3363 1590 3525 1653 αὐτὸς
3552 1590 3580 1642 ὁ
3609 1587 3749 1659 πρὸς

2166 1698 2261 1754 τοῦ
2302 1698 2565 1769 Ἱερεμίου
2595 1693 2845 1769 Ἰεχονίας
2861 1686 3270 1760 ὠνομασμένος,
3294 1684 3513 1753 ἔκγονος
3542 1680 3748 1751 τυγχάο

2166 1808 2272 1845 νων
2303 1790 2397 1844 τοῦ
2435 1788 2635 1850 Ἰωσία,
2690 1787 2802 1841 ἀλλ’
2831 1785 2929 1855 οὐχ
2976 1781 3112 1844 υξός·
3147 1778 3228 1831 διὸ
3257 1776 3484 1839 είκότως
3520 1774 3587 1828 ἂν
3620 1790 3747 1827 συν-

493 1895 940 1970 generationibus
983 1865 1331 1946 numeratur.
1378 1889 1557 1959 Atque
1587 1888 1662 1940 ita
1706 1885 1864 1939 nobis
1904 1884 2067 1939 etiam

2169 1884 2451 1957 αριθμοῖτο
2494 1884 2551 1936 ὲν
2581 1884 2646 1954 τῇ
2685 1881 2842 1953 τρίτῃ
2865 1875 3186 1947 γενεαλογίᾳ
3236 1869 3343 1925 τῶν
3381 1869 3490 1923 ἀπὸ
3522 1865 3748 1935 Ἱεχονία

496 1998 895 2062 postremarum
943 1984 1360 2057 quatuordecim
1400 1979 1813 2053 generationum
1856 1978 2064 2047 integer

493 2080 785 2137 conficitur
816 2092 1098 2133 numerus.

2172 1978 2331 2050 μέχρι
2356 1977 2449 2030 τοῦ
2505 1973 2740 2047 Χριστοῦ
2787 1971 2990 2041 γενεῶν
3027 1964 3457 2034 δεκατεσσάρων·
3514 1958 3608 2013 τοῦ
3642 1973 3748 2012 πα-

2167 2070 2292 2142 τρὸς
2317 2067 2504 2133 αὐτοῦ,
2532 2068 2589 2132 ὃς
2612 2064 2681 2139 ἦν
2711 2065 2804 2119 τοῦ
2845 2061 3024 2117 Ἰωσία
3049 2062 3198 2122 παῖς,
3241 2058 3338 2111 σὺν
3371 2053 3448 2125 τῷ
3491 2052 3661 2123 πατρὶ
3686 2051 3748 2106 ὲν

490 2177 612 2239 ταῖς
636 2173 891 2245 ἀνωτέρω
909 2172 1122 2240 γενεαῖς
1175 2165 1704 2240 καταριθμουμένου·
1758 2165 1851 2218 καὶ
1890 2163 2059 2228 οὕτως
2097 2166 2228 2236 ἡμῖν
2252 2164 2346 2219 κα)⁵
2371 2166 2401 2217 ὁ
2426 2162 2534 2215 τῶν
2596 2160 2842 2214 ὑστάτων
2899 2151 3312 2221 δεκατεσσάρων
3351 2145 3553 2217 γενεῶν
3621 2143 3749 2214 ἀρι-

491 2266 627 2339 θμὸς
655 2267 962 2320 συνίσταται
993 2264 1226 2335 πλήρης.

1202 2395 1341 2449 XIV.

543 2511 654 2568 Cur
690 2512 834 2582 fabri
873 2512 1020 2580 ﬁlius
1060 2519 1309 2565 oervator
1347 2517 1525 2582 uoster
1563 2508 2007 2582 malueritgquam

693 2578 889 2637 nobilis
921 2582 1151 2651 alicujus
1185 2581 1514 2649 illusit-isque
1544 2580 1647 2633 viri
1679 2578 1864 2633 videri.

561 2740 682 2797 Non
723 2741 792 2795 ad
823 2756 983 2797 suum
1016 2740 1262 2796 divinum
1292 2755 1518 2811 regnum
1551 2737 1935 2795 ostentandum
1967 2754 2062 2791 ve-

491 2837 575 2890 nit
600 2853 614 2902 ;
648 2833 879 2905 ideoque
907 2847 1009 2888 nec
1037 2833 1277 2903 gloriose
1307 2849 1407 2887 nec
1437 2832 1747 2902 pompatice
1779 2831 1936 2887 nobis
1968 2830 2065 2884 ad-

491 2928 616 2986 fuit.
648 2925 822 2983 Porro
852 2927 957 2982 iter
989 2924 1066 2979 illi
1095 2928 1157 2979 in
1189 2926 1387 2980 cmlum
1421 2924 1525 2978 fuit
1555 2922 1827 2992 ejusmodi
1852 2962 1865 2985 ,
1895 2931 1953 2975 ut
1983 2930 2061 2976 vi-

491 3032 601 3075 tam
630 3020 914 3076 hominum
943 3019 1219 3089 expiaret,
1250 3016 1380 3072 dum
1409 3032 1468 3072 se
1496 3032 1564 3071 ex
1594 3015 1872 3069 hominum
1904 3029 2063 3084 grege

490 3113 705 3184 Agnum
734 3111 827 3167 Dei
857 3110 1020 3166 morti
1051 3112 1307 3166 devotum
1334 3116 1387 3164 et
1415 3107 1746 3178 piacularem
1779 3120 1877 3175 pro
1905 3105 2062 3160 nobis

492 3203 752 3259 omnibus
797 3203 1059 3258 traderet.
1107 3201 1473 3268 Quamobrem
1520 3204 1578 3255 ut
1606 3199 1723 3255 sine
1753 3198 2063 3267 ulloimpe-

2906 2387 3004 2439 IA'.

2168 2513 2269 2568 Διὰ
2289 2515 2349 2565 τί
2370 2507 2477 2565 τοῦ
2499 2506 2778 2569 τέκτονος
2800 2500 2930 2565 υίὸς
2959 2501 3015 2569 όν
3045 2493 3246 2569 Σωτὴρ
3296 2494 3467 2569 ἡμων
3489 2487 3749 2569 ἑςχρηιέά-

2667 2560 2944 2636 οὐτινὸξ-
2993 2560 3293 2634 ἐπισήμου
3326 2560 3439 2617 ﬁxa!
3491 2560 3746 2626 ἐνδόξου

2236 2653 2477 2719 ἀνδρός.

2239 2744 2313 2797 Ob
2338 2742 2434 2813 τὴν
2465 2739 2642 2794 ἔνθεον
2667 2734 2828 2792 αὑτοῦ
2855 2729 3127 2803 βασιλείαν
3160 2725 3440 2791 ἐπιδείξων
3465 2722 3738 2796 ἐλήλυθενο

2167 2837 2290 2891 ἐπεὶ
2317 2833 2451 2906 μηδὲ
2490 2828 2799 2902 φανητικῶς
2828 2827 2922 2880 καὶ
2951 2827 3325 2886 ἐπιδεικτικῶς
3358 2822 3489 2891 ἡμῖν
3519 2817 3737 2889 παρῄει⁸

2168 2932 2202 3002 ἡ
2240 2930 2297 2984 δὲ
2328 2928 2447 2990 ὁδὸς
2483 2924 2631 2994 αὐτῴ
2657 2923 2755 2993 τῆς
2793 2923 2872 2983 εἰς
2905 2919 3164 2989 οὐρανοὺς
3193 2915 3429 2985 ἀφίξεως
3448 2911 3540 2965 ἐπὶ
3568 2909 3742 2979 τούτῳ

2169 3023 2398 3092 ἐγίνετο,
2434 3018 2519 3089 ἐφ’
2558 3009 2680 3085 ᾧτε
2732 3014 2822 3067 τὸν
2870 3012 2975 3066 τῶν
3020 3008 3321 3082 ἀνθρώπων
3372 3005 3487 3075 βίον
3515 3018 3744 3072 περικα-

2171 3114 2412 3187 θάροιτο,
2437 3111 2528 3164 τὸν
2562 3112 2625 3163 ὲκ
2653 3108 2750 3178 τῆς
2776 3104 2884 3159 τῶν
2910 3104 3004 3157 ἀνθ
3015 3102 3209 3174 ρώπων
3236 3099 3434 3168 ἀγέλης
3455 3095 3624 3167 ἀμνὸν
3645 3091 3740 3144 τοῦ

2168 3208 2305 3265 Θεοῦ
2337 3206 2627 3275 ἀντίψυχον
2656 3202 2751 3256 καὶ
2780 3198 3073 3270 καθάρσιον
3124 3193 3262 3263 ὑπὲρ
3323 3190 3538 3242 πάντων
3583 3183 3738 3255 ἡμῶν

493 3295 739 3350 dimento
782 3294 849 3348 ad
884 3295 1029 3348 hunc
1058 3293 1217 3349 ﬁnem
1250 3292 1527 3354 tenderet,
1558 3290 1848 3361 plurimam
1878 3289 2068 3360 prodi»

2169 3300 2332 3364 αὐτὸς
2358 3297 2550 3353 ἑαυτὸν
2576 3291 2808 3355 ἐπιδούς·
2845 3291 2909 3344 ἵν’
2945 3284 3036 3343 οὖν
3066 3280 3514 3356 ἀπαραποδίστως
3541 3280 3619 3340 είς
3652 3275 3742 3329 τέ-

494 3388 706 3458 giorum
738 3401 959 3465 suorum
992 3393 1205 3456 partem
1236 3383 1520 3440 celandam
1554 3381 1906 3452 tenebrisque
1932 3395 2063 3451 ope-

494 3478 741 3534 riendam
769 3478 1028 3542 curabat,
1058 3476 1219 3532 modo
1250 3482 1439 3530 vetans
1466 3474 1759 3545 quominus
1791 3487 1879 3528 res
1901 3480 2066 3545 gesta

495 3587 609 3627 suae
650 3572 705 3626 in
748 3571 896 3643 vulgi
937 3570 1189 3625 notitiam
1229 3567 1575 3632 efferrentur,
1620 3565 1785 3621 modo
1818 3565 1939 3621 loca
1970 3563 2067 3621 deo

495 3672 642 3720 serta
673 3678 908 3735 sequens
935 3673 1099 3735 atque
1143 3663 1200 3718 in
1243 3661 1525 3717 montibus
1577 3658 2063 3715 commorationes.

493 3756 638 3825 Quin
690 3758 854 3813 etiam
912 3757 1150 3812 divinam
1208 3771 1363 3811 suam
1411 3753 1949 3825 transﬁgurationem
1994 3766 2066 3806 ne

495 3849 711 3905 cunctis
747 3849 968 3920 quidem
1015 3848 1304 3919 discipulis
1333 3847 1450 3903 suis
1470 3886 1485 3910 ,
1517 3845 1613 3902 sed
1646 3845 1823 3901 tribus
1853 3850 2065 3901 tantum

493 3941 733 4001 ostendit
758 3959 775 4010 ;
805 3938 1001 4011 hisque
1030 3941 1167 3996 adeo
1197 3937 1506 4003 mandavit,
1540 3954 1611 3993 ne
1650 3937 1741 3992 cui
1776 3950 1952 3992 visum
1980 3935 2067 3990 di-

494 4043 716 4099 cerent,
746 4034 922 4089 donec
952 4031 1122 4087 Filius
1150 4031 1386 4086 hominis
1414 4045 1445 4084 a
1473 4032 1703 4085 mortuis
1734 4034 2062 4099 resurgeret.

493 4126 684 4199 Neque
732 4141 833 4198 pro
883 4126 1041 4181 nobis
1081 4140 1145 4181 ea
1197 4138 1397 4195 passus
1452 4132 1632 4188 esset,
1687 4136 1810 4194 qua)
1859 4121 2064 4191 scripta

494 4236 655 4296 sunt,
689 4230 737 4287 si
768 4228 1040 4299 magniﬁci
1074 4227 1217 4299 regis
1247 4228 1427 4297 specie
1453 4225 1752 4295 divinoque
1800 4237 1926 4278 cum
1968 4236 2064 4276 co-

496 4325 690 4381 mitatu
733 4328 829 4376 aut
867 4321 1111 4376 exercitu
1167 4317 1613 4380 adventavisset,
1666 4313 1832 4370 simul
1879 4311 2065 4368 divina

496 4414 746 4488 prodigia
782 4413 952 4469 edens
973 4453 988 4477 ,
1021 4427 1189 4483 seque
1219 4412 1482 4468 universa
1547 4412 1747 4463 natura
1794 4405 2063 4477 potiorem

495 4508 905 4565 demonstrans.
950 4504 1117 4560 Recte
1155 4505 1342 4577 igitur,
1374 4501 1677 4560 secundum
1707 4499 2061 4570 Apostolum,

499 4617 522 4653 ι
544 4614 607 4656 se
631 4598 809 4670 ipsum
838 4596 1165 4659 exinanivit,
1197 4596 1425 4652 formam
1455 4594 1599 4650 servi
1629 4592 1907 4663 accipiens
1935 4591 2008 4655 ⁸³,
2040 4610 2059 4643 ι
2101 4622 2143 4676 D

493 4689 864 4763 pauperisqne
889 4687 1110 4758 Josephi
1142 4703 1251 4743 non
1278 4686 1550 4742 recusavit
1580 4684 1723 4740 [ilius
1751 4681 1944 4737 videri.
1976 4680 2068 4735 Sic

491 4782 640 4840 enim
690 4780 930 4838 veridica
975 4789 1199 4850 apparet
1244 4778 1515 4833 sententia
1560 4776 1628 4833 de
1669 4776 1764 4830 illo
1794 4775 2063 4844 loquens:

499 4894 520 4927 ι
549 4890 679 4932 eum
710 4881 855 4930 esset
882 4874 1036 4928 dives
1063 4914 1077 4938 ,
1116 4880 1337 4941 propter
1369 4885 1471 4925 nos
1504 4885 1710 4937 egenus
1738 4868 1914 4923 factus
1948 4874 2064 4930 est,

494 4973 555 5022 ut
581 4966 730 5022 illius
757 4966 937 5036 inopia
967 4981 1066 5020 nos
1094 4964 1290 5019 divites
1321 4962 1571 5017 ﬁeremus
1603 4962 1668 5011 ⁸ο.
1704 4979 1722 5010 ι

1222 5179 1335 5235 XV.

495 5298 739 5367 Quonam
774 5308 925 5368 pacto
963 5298 1173 5351 dicatur
1205 5295 1361 5417 J‘fsus
1399 5310 1551 5359 super
1576 5289 1790 5345 Davidis
1825 5286 2068 5340 thronum

1176 5384 1227 5417 88
1270 5382 1392 5417 1880.

1176 5382 1392 5419 εθαιδερ.

568 5464 622 5517 1.
665 5460 1016 5517 Multifariam
1046 5457 1370 5524 intelligitur
1401 5452 1621 5507 Davidis
1655 5451 1916 5505 thronus.
1950 5446 2069 5501 Uno

495 5554 713 5624 quidem
741 5552 901 5609 modo
920 5601 935 5617 ,
963 5551 1129 5606 veluti
1159 5548 1204 5603 si
1231 5547 1355 5617 quis
1384 5543 1681 5614 signiﬁcari
1712 5542 1857 5595 dicat
1884 5540 2068 5603 illum,

2164 3392 2252 3455 λος
2283 3389 2475 3463 ἀχθείη
2502 3385 2680 3448 τοῦτο,
2730 3382 2798 3437 τά
2834 3383 3058 3435 πλεῖστα
3094 3377 3199 3430 τῶν
3253 3372 3414 3428 αὑτοῦ
3447 3369 3742 3441 θαυμάτων

2165 3458 2481 3554 ἀπέκρυπτέ
2513 3495 2573 3532 τε
2602 3476 2697 3530 καὶ
2719 3472 3030 3536 ἐπεσκίαζε,
3056 3469 3183 3523 ποτε
3230 3467 3325 3538 μὲν
3356 3459 3633 3533 παραινῶν
3667 3458 3742 3530 μὴ

2166 3578 2246 3640 εἰς
2270 3550 2477 3635 πάντας
2505 3570 2757 3642 ἐκφέρειν
2786 3565 2854 3620 τὰ
2884 3564 2973 3618 ὑπ’
2996 3558 3161 3616 αὑτοῦ
3199 3556 3569 3630 πραττόμενα,
3611 3550 3743 3605 ποτὲ

2164 3668 2222 3722 δὲ
2252 3665 2351 3729 τὰς
2380 3663 2615 3736 ἐρημίας
2646 3659 2856 3714 διώκων
2890 3657 2984 3710 καὶ
3010 3653 3107 3718 τὰς
3135 3654 3191 3705 ὲν
3216 3652 3327 3713 τοῖς
3359 3647 3509 3719 ὄρεσι
3537 3645 3741 3715 διατρι-

2166 3760 2284 3824 6ἀς·
2317 3759 2411 3812 καὶ
2432 3756 2528 3827 τὴν
2580 3753 2759 3807 ἔνθεον
2806 3749 2969 3806 αὐτοῦ
3001 3744 3423 3819 μεταμόρφωσιν
3479 3736 3601 3792 οὐδὲ
3628 3737 3743 3799 τοῖς

2168 3848 2331 3907 αὑτοῦ
2362 3847 2625 3922 μαθηταῖς
2643 3846 2863 3908 ἅπασιν,
2882 3841 3059 3912 μόνοις
3077 3837 3133 3892 δὲ
3150 3835 3324 3907 τρισὶν
3343 3874 3357 3896 ,
3379 3829 3741 3886 ὲπεδείκνυτο’

2165 3943 2348 4006 αὐτοῖς
2403 3958 2461 3994 τε
2517 3937 2725 4000 τούτοις
2782 3929 3178 4005 παρεκελεύετο
3240 3924 3428 3997 μηδενὶ
3469 3921 3635 3992 φάναι
3682 3917 3744 3972 τὸ

2165 4036 2368 4108 ὅραμα,
2390 4033 2493 4096 ἕως
2520 4031 2585 4085 ἂν
2603 4032 2631 4083 ὁ
2647 4029 2771 4091 Υἱὸς
2786 4025 2878 4079 τοῦ
2902 4021 3186 4095 ἀνθρώπου
3212 4020 3275 4072 ὲκ
3298 4014 3503 4086 νεκρῶν
3519 4010 3738 4083 ὲγερθῇ’

2166 4103 2363 4181 οθκτᾶν
2391 4126 2448 4178 δὲ
2474 4121 2673 4176 ἔπαθεν
2708 4120 2848 4191 ὑπὲρ
2875 4115 3031 4188 ἡμῶν
3064 4114 3133 4167 τά
3171 4105 3660 4178 ἀναγεγραμμένα,
3689 4103 3740 4155 εἰ

2165 4215 2253 4277 οῗά
2277 4237 2358 4283 τις
2382 4216 2588 4281 ἔνδοξος
2616 4214 2865 4285 βασιλεὺς
2894 4209 3031 4282 μετά
3085 4203 3407 4278 δορυφορίας
3435 4198 3618 4252 ἐνθέου
3645 4195 3743 4250 καὶΙ

2166 4312 2520 4386 παρατάξεως
2566 4309 2740 4379 ἐπῄει·
2776 4304 2911 4376 ὁμοῦ
2972 4302 3066 4356 καὶ
3106 4300 3205 4383 τάς
3260 4296 3475 4358 ἐνθέους
3506 4288 3742 4363 ἐνεργῶν

2168 4402 2641 4477 παραδοξοποιῒας,
2703 4398 2838 4468 ὁμοῦ
2888 4395 2980 4449 καὶ
3036 4378 3320 4464 κρείττονα
3377 4386 3568 4440 ἑαυτὸν
3621 4385 3744 4435 ἐπι·

2146 4474 2374 4559 ’δεικνὺς
2400 4493 2578 4562 πάσης
2599 4491 2829 4561 φύσεως·
2866 4487 3087 4549 εἰκότως
3124 4480 3216 4537 οὖν
3262 4478 3404 4534 κατά
3445 4478 3536 4531 τὸν
3581 4474 3743 4527 Ἀπό-

2174 4587 2376 4652 στολον,
2405 4606 2423 4637 ι
2457 4585 2643 4639 ἑαυτὸν
2703 4583 2936 4637 ἐκένωσε
2996 4576 3206 4651 μορφὴν
3269 4572 3453 4626 δούλου
3503 4566 3737 4622 λαϐών-ι

2172 4680 2263 4733 καὶ
2290 4677 2383 4733 τοῦ
2409 4677 2635 4747 πένητος
2678 4674 2872 4745 Ἰωσὴφ
2903 4673 3015 4735 υίὸς
3043 4671 3143 4722 οὐκ
3170 4667 3483 4736 ἀπηνήνατο
3528 4676 3747 4731 χρημα-

2169 4774 2334 4826 τίσαι·
2362 4772 2447 4825 ἵνα
2474 4772 2568 4825 καὶ
2595 4767 2768 4831 οὕτως
2791 4762 3135 4835 ὲπαληθεύσῃ
3161 4760 3220 4814 τὸ
3246 4759 3454 4827 φάσκον
3488 4753 3613 4823 περὶ
3641 4752 3747 4804 αὑ-

2169 4863 2261 4917 τοῦ
2329 4862 2537 4931 λόγιον·
2592 4881 2609 4912 ι
2648 4861 2769 4914 Ὀτι
2821 4856 3073 4917 πλούσιος
3122 4851 3217 4916 ὢν,
3271 4850 3337 4902 δι’
3366 4848 3515 4918 ἡμᾶς
3568 4843 3748 4897 ἐπτώ-

2168 4974 2391 5028 χευσεν,
2450 4956 2537 5007 ἵνα
2606 4955 2766 5024 ἡμεῖς
2832 4952 2897 5021 τῇ
2968 4945 3130 5002 αὑτοῦ
3191 4942 3433 5011 πτωχείᾳ.
3506 4937 3744 4996 πλουτή-

2169 5068 2369 5121 σωμεν.
2383 5067 2402 5101 ι

2899 5152 3001 5206 1Ε’.

2171 5275 2303 5343 Πῶς
2359 5275 2455 5328 ἐπὶ
2524 5274 2628 5327 τὸν
2690 5268 2906 5343 θρόνον
2967 5263 3201 5343 λέγεται
3273 5255 3447 5313 Δαόὶὸ
3510 5258 3749 5307 uexatu-

2816 5337 2982 5392 κέναι
3011 5336 3145 5406 (ευ).

2242 5448 2308 5495 α’.
2341 5438 2618 5508 Διαφόρως
2644 5435 2843 5487 νοεῖται
2872 5434 2901 5485 ὁ
2930 5428 3117 5500 θρόνος
3151 5422 3329 5477 Δαϐίδ·
3367 5417 3488 5473 καθ’
3522 5416 3618 5470 ἕνα
3645 5411 3750 5508 ut.»

2172 5536 2392 5607 τρόπον,
2424 5531 2544 5585 καθ’
2576 5529 2633 5582 ὃν
2672 5530 2814 5582 εἴποι
2861 5525 2926 5581 ἄν
2967 5539 3053 5585 τις
3109 5514 3397 5591 δηλοῦσθαι
3461 5509 3550 5564 τὸν
3586 5508 3668 5576 ἐφ’

566 5707 626 5739 ’θ’
666 5706 726 5761 IV
768 5704 901 5777 Reg.
943 5722 1092 5771 xxiv,
1128 5702 1282 5757 5-H.
1361 5702 1405 5733 λ’
1448 5699 1645 5770 Philip.
1685 5714 1757 5763 ll,
1792 5697 1845 5750 7.
1898 5697 1946 5747 .⁶⁰
1981 5693 2068 5748 ΙΙ(

2168 5731 2178 5746 .
2220 5706 2333 5752 vm,
2375 5688 2426 5743 9.

569 5862 683 5933 (20)
721 5860 857 5918 Cum
891 5860 993 5915 hac
1021 5876 1088 5913 xv
1121 5856 1421 5927 quaestione
1444 5853 1763 5910 conferatur
1793 5851 1905 5920 ipse
1932 5847 2197 5904 Eusebius
2234 5843 2534 5898 Demonstr.
2569 5850 2753 5906 evang.
2786 5832 2882 5889 lib.
2914 5844 3011 5896 vu,
3047 5844 3100 5900 p.
3138 5824 3263 5882 355.
