4112 6432
346 432 451 487 929
898 425 1366 497 QUrESTlONES
1406 422 1867 478 EVANGELICA'Z
1907 421 1997 475 AD
2033 421 2469 478 SPEPHANUM.
2513 456 2581 464 —
2621 423 2950 490 QUzESTIO
2989 422 3105 479 XV.
3492 428 3596 497 959

3524 493 3532 501 ο

346 542 635 606 ἐκαθέζετο
662 539 1133 612 βασἰλεύων,τὰχα
1162 554 1265 591 που
1296 535 1355 600 ἐξ
1395 536 1683 603 ἐλέφαντος
1711 532 1805 585 καὶ⁸
1835 532 1926 595 ξύ·
1956 548 1970 591 Α

1967 537 2000 590 Α
2029 534 2082 588 in
2125 550 2233 604 quo
2272 551 2367 589 rex
2413 536 2650 601 residet,
2696 536 2860 593 ebore
2899 544 3027 607 puta
3075 536 3346 608 lignisque
3369 552 3591 615 compa-

348 632 454 686 λων
502 632 903 702 πεποιημένον,
953 627 1138 700 χρυσῷ
1188 644 1248 680 τε
1282 627 1374 680 καὶ
1422 624 1587 689 λίθοις
1630 623 1924 694 βασιλικοῖς

2026 634 2171 682 ctum
2190 668 2206 693 ,
2229 643 2473 698 auroque
2499 637 2553 684 et
2583 629 2747 700 regiis
2769 629 3041 700 lapidibus
3079 638 3425 687 exornatum.
3472 632 3594 687 Alio

347 723 779 796 κεκοσμημένον·
811 722 930 776 καθ’
956 722 1138 792 ἕτερον
1171 720 1227 773 δὲ
1255 718 1376 773 καθ’
1408 719 1467 772 ὃν
1497 719 1595 790 τὴν
1627 718 1800 789 ἀρχὴν
1830 719 1926 771 αὐ-

2022 720 2217 783 modo,
2258 735 2367 791 quo
2415 720 2704 792 imperium
2734 721 2914 790 ipsum
2945 727 3110 791 atque
3137 721 3378 777 universi
3406 725 3591 794 populi

344 817 445 888 τὴν
474 818 565 871 καὶ
596 816 694 887 τὴν
718 816 857 869 κατὰ
881 814 1076 877 παντὸς
1105 812 1198 866 τοῦ
1227 812 1410 876 ἔθνους
1452 810 1766 882 ἡγεμονίαν,
1798 809 1925 881 θρό-

2026 809 2283 866 ducatum
2306 852 2321 877 ,
2347 812 2607 866 thronum
2635 812 2788 882 regni
2820 812 3066 869 solemus
3091 828 3309 869 vocare.
3342 813 3590 880 Tertius,

346 928 436 963 νον
471 909 745 981 βασιλείας
786 906 1054 978 εἰώθαμεν
1101 905 1413 960 ἀποκαλεῖν·
1447 904 1628 975 τρίτος
1681 903 1747 957 ἂν
1775 902 1923 974 παρὰ

2024 912 2221 971 praeter
2244 902 2532 972 prmdictos
2552 944 2565 969 ,
2596 904 2792 959 modus
2815 912 2935 970 est,
2957 919 3066 974 quo
3097 904 3185 960 ille
3210 921 3242 960 a
3268 905 3379 962 Deo
3406 907 3594 963 Davidi

346 1004 472 1069 τοὺς
503 1002 825 1074 εἰρημένους
879 999 1095 1070 λεχθείη
1123 999 1323 1070 τρόπος
1346 1040 1361 1064 ,
1402 996 1524 1050 καθ’
1559 995 1618 1048 ὃν
1666 997 1694 1047 6
1748 997 1911 1065 ἐπηγ-

2025 995 2334 1065 promissus
2374 996 2636 1063 thronus,
2669 997 2778 1051 dici
2811 1006 2990 1068 potest
3025 998 3258 1055 thronus
3291 1001 3446 1070 ejus,
3483 1010 3593 1057 nun

347 1095 607 1166 γελμένος
641 1093 744 1147 ὐπὸ
775 1092 869 1146 τοῦ
895 1090 1030 1145 Θεοῦ
1067 1090 1145 1163 τῷ
1195 1090 1361 1144 Δαόὶδ
1388 1088 1574 1162 θρόνος
1600 1088 1922 1159 ὀνομασθείη

2026 1082 2081 1138 in
2109 1099 2219 1165 quo
2250 1083 2369 1155 ipse
2397 1084 2638 1151 sederit,
2661 1086 2754 1141 sed
2785 1101 2946 1156 quem
2974 1102 3071 1157 per
3099 1089 3344 1144 coelestia
3373 1089 3441 1147 ad
3470 1106 3596 1146 eum

348 1182 415 1237 ἂν
446 1180 631 1244 αὐτοῦ,
667 1182 767 1234 οὐκ
797 1181 881 1249 ἐφ’
905 1180 963 1234 ὃν
984 1180 1145 1243 αὐτὸς
1168 1178 1457 1251 ἐκαθέσθη,
1481 1178 1591 1231 ἀλλ’
1618 1178 1677 1231 ὃν
1708 1178 1796 1232 διὰ
1817 1179 1924 1232 τῶν

2024 1176 2288 1233 vaticinia
2337 1177 2539 1235 divina:
2585 1179 2785 1236 litterae
2835 1181 3139 1239 continent.
3191 1181 3473 1253 Scriptum
3509 1191 3595 1240 est

346 1274 483 1346 πρὸς
513 1273 673 1327 αὐτὸν
694 1272 1010 1345 θεοπρεπῶν
1035 1274 1083 1327 οἱ
1111 1271 1243 1325 θεῖοι
1276 1271 1422 1340 λόγοι
1468 1271 1801 1342 περιέχουσι·
1833 1272 1924 1341 γὲ-

2024 1270 2171 1326 enim
2197 1270 2256 1326 in
2281 1271 2620 1343 octogesimo
2644 1281 2840 1329 octavo
2868 1274 3081 1343 psalmo
3111 1293 3125 1328 :
3151 1293 3169 1326 ι
3187 1272 3378 1331 Juravi
3405 1261 3594 1330 Davidi

348 1381 587 1437 γραπται
617 1361 725 1436 γὰρ
782 1366 839 1417 ὲν
896 1360 1235 1433 ὀγδοηκοστῷ
1283 1361 1453 1432 ὀγδόῳ
1497 1360 1713 1433 ψαλμῷ·
1756 1380 1774 1412 ί
1838 1360 1923 1425 Ὡς

2026 1379 2186 1419 servo
2225 1380 2386 1421 meo:
2425 1365 2613 1436 Usque
2660 1366 2718 1421 in
2765 1367 3026 1424 saeculum
3061 1369 3374 1439 pracparabo
3410 1383 3594 1427 semen

346 1454 534 1526 ὤμοσα
564 1453 728 1507 Δαϐὶδ
749 1452 825 1524 τῷ
855 1453 1024 1525 δούλῳ
1055 1452 1299 1524 μου,ἓως
1320 1451 1412 1505 τοῦ
1434 1452 1626 1516 αἰῶνος
1656 1452 1925 1523 ἑτοιμάσω

2028 1466 2220 1523 tuum;
2246 1462 2300 1511 et
2327 1456 2583 1512 thronum
2619 1466 2769 1513 tuum
2800 1458 3083 1515 aediﬁcabo
3110 1460 3165 1514 in
3193 1461 3594 1530 generationem

347 1547 407 1602 τδ
442 1547 662 1618 σπέρμα
693 1563 814 1599 σου·
848 1546 945 1601 καὶ
998 1546 1335 1617 οἰκοδομήσω
1382 1547 1461 1608 είς
1494 1545 1685 1615 γενεὰν
1715 1546 1806 1598 καὶ
1835 1561 1925 1613 γε-

2024 1555 2081 1604 et
2107 1548 2540 1619 generationem.
2572 1567 2591 1602 ι
2622 1548 2688 1604 Ει
2718 1566 2915 1607 rursus
2947 1570 2959 1606 :
2994 1568 3013 1605 ι
3052 1549 3370 1622 Ponamque
3404 1551 3460 1607 in
3489 1565 3593 1609 see-

346 1638 472 1692 νεὰν
537 1639 624 1692 τὸν
703 1637 889 1711 θρόνον
954 1654 1071 1692 σου.
1106 1655 1124 1688 ι
1164 1637 1273 1690 Καὶ
1332 1635 1513 1689 πάλιν·
1554 1655 1571 1686 ι
1610 1634 1720 1689 Καὶ
1762 1633 1921 1706 θήσο-

2028 1637 2210 1693 culum
2251 1638 2439 1693 δεουιὶ
2483 1653 2669 1694 semen
2711 1632 2867 1710 ejus,
2912 1646 2968 1695 et
3004 1640 3262 1697 thronum
3303 1640 3424 1710 ejus
3453 1640 3596 1701 sicut

350 1748 447 1802 μαι
480 1731 559 1794 εἰς
607 1730 699 1783 τὸν
731 1728 899 1782 αἰῶνα
930 1728 1024 1781 τοῦ
1080 1727 1272 1791 αἰῶνος
1338 1726 1400 1780 τὸ
1460 1725 1682 1796 σπέρμα
1736 1722 1921 1790 αὐτοῦ,

2026 1728 2142 1787 dies
2190 1729 2337 1785 coeli.
2367 1749 2388 1783 ο
2416 1728 2484 1783 Et
2524 1730 2744 1785 denuo:
2777 1750 2798 1783 ι
2834 1730 3014 1789 Semel
3058 1732 3245 1803 juravi
3292 1734 3351 1788 in
3401 1739 3597 1789 sancto

347 1821 551 1876 καὶτὸν
581 1820 765 1893 θρόνον
803 1819 967 1873 αὐτοῦ
990 1819 1063 1885 ὡς
1095 1818 1194 1883 τὰς
1227 1819 1438 1891 ἡμέρας
1468 1818 1558 1872 τοῦ
1616 1816 1866 1891 οὐρανοῦ.
1897 1837 1917 1870 ι
1953 1879 1971 1894 1

1974 1880 1994 1894 ι
2027 1836 2150 1879 meo
2167 1861 2182 1886 ,
2207 1824 2255 1879 si
2282 1822 2473 1878 Davidi
2500 1821 2770 1889 mentiar;
2801 1838 2988 1880 semen
3011 1825 3133 1894 ejus
3152 1832 3334 1881 manet
3357 1824 3414 1880 in
3439 1830 3598 1880 mter-

347 1915 460 1968 Καὶ
493 1913 669 1967 πάλιν·
708 1932 726 1964 ‹
766 1911 948 1978 Ἂπαξ
975 1911 1163 1983 ὤμοσα
1187 1915 1244 1964 ἐν
1274 1912 1351 1983 τῷ
1396 1911 1536 1982 ἁγίῳ
1588 1929 1710 1982 μου,
1765 1913 1812 1964 εἰ
1844 1910 1923 1983 τῷ
1953 1879 1971 1938 1

1972 1879 2181 1970 3num.
2244 1911 2503 1969 Thronus
2556 1914 2679 1983 ejus
2722 1879 2985 1985 tanquam
3038 1879 3123 1970 sol
3178 1915 3237 1971 in
3290 1921 3596 1988 conspectu

347 2004 511 2058 Δαὸὶδ
541 2004 831 2079 ψεύσομαι,
864 2004 925 2058 τὸ
959 2003 1183 2075 σπέρμα
1205 2000 1370 2056 αὐτοῦ
1401 2005 1481 2066 είς
1508 2003 1595 2055 τὸν
1632 2002 1804 2057 αἰῶνα
1831 2003 1928 2075 μέ-

2028 2022 2150 2063 meo
2171 2046 2187 2072 ,
2218 2015 2274 2064 et
2302 2007 2448 2063 sicut
2479 2008 2609 2064 luna
2638 2007 2880 2079 perfecta
2914 2007 2968 2063 in
2995 2014 3265 2065 aeternum
3292 2026 3309 2077 ;
3345 2015 3401 2065 et
3433 2008 3597 2067 testis

347 2114 449 2164 νει,
478 2099 571 2150 καί
599 2099 626 2150 6
659 2095 847 2167 θρόνος
870 2094 1033 2149 αὐτοῦ
1065 2094 1141 2158 ὡς
1164 2097 1191 2147 6
1224 2093 1375 2165 ἥλιος
1402 2092 1644 2146 ἐναντίον
1681 2110 1801 2164 μου,
1835 2093 1929 2147 καὶ
2028 2100 2085 2156 in
2117 2100 2257 2157 οωιο
2290 2100 2486 2158 ﬁdelis.
2522 2119 2541 2152 ι

347 2191 422 2253 ὡς
451 2192 485 2260 ή
511 2189 707 2260 σελήνη
737 2185 1147 2259 κατηρτισμένη
1175 2187 1253 2250 εἰς
1275 2185 1366 2238 τὸν
1395 2184 1587 2247 αἰῶνα,
1622 2185 1717 2238 καὶ
1742 2187 1769 2238 6
1798 2184 1930 2255 μάρ-

349 2298 444 2344 τυς
478 2282 536 2333 ἐν
567 2279 779 2351 οὐρανῷ
808 2280 1050 2345 πιστός.»

419 2369 483 2441 β’.
533 2371 685 2424 Ἐπεὶ
710 2370 887 2424 τοίνυν
911 2369 1098 2441 θρόνον
1149 2370 1225 2432 ὡς
1256 2368 1355 2433 τὰς
1387 2368 1597 2440 ἡμέρας
1646 2368 1737 2421 τοῦ
1767 2369 1928 2438 οὐρα-

2096 2371 2149 2427 2.
2192 2370 2365 2442 Igitur
2408 2374 2535 2443 quia
2579 2374 2870 2441 thrcnum,
2921 2384 3181 2446 tanquam
3226 2377 3345 2434 dies
3386 2379 3513 2436 σιειί
3543 2387 3596 2437 et

349 2460 466 2527 νοῦ,
498 2461 592 2515 καὶ
617 2461 692 2525 ὡς
716 2461 806 2515 τὸν
840 2460 1011 2514 αἰῶνα
1038 2460 1361 2531 διαμένοντα
1407 2459 1597 2513 δώσειν
1626 2459 1927 2530 ὲπήγγελτο

2027 2472 2286 2532 tanquam
2338 2465 2510 2520 solem
2556 2474 2609 2520 et
2659 2466 2881 2533 lunam,
2922 2468 2977 2522 in
3024 2469 3224 2525 saecula
3267 2468 3595 2527 duraturum

347 2553 438 2607 διὰ
465 2553 573 2608 τῶν
596 2554 901 2625 εἰρημένων
937 2555 966 2607 ὁ
997 2554 1130 2617 Θεὸς
1179 2553 1257 2625 τῷ
1289 2553 1473 2617 Δαδίδ,
1509 2552 1675 2624 πολλὴ
1701 2553 1800 2623 μέν
1845 2569 1928 2616 τις

2027 2555 2353 2623 promiserat
2386 2553 2573 2610 Davidi
2603 2557 2786 2612 verbis
2809 2557 3088 2627 praedictis
3111 2557 3283 2624 Deus,
3304 2567 3596 2630 propterea

347 2642 417 2717 ἦν
448 2646 537 2701 διὰ
564 2646 735 2701 ταῦτα
780 2647 859 2718 τῷ
905 2649 1069 2701 παντὶ⁹
1108 2648 1374 2702 Ἰουδαίων
1432 2646 1574 2702 ἔθνει
1631 2647 1926 2718 προσδοκία

2026 2646 2196 2701 multa
2221 2653 2339 2701 erat
2367 2647 2423 2702 in
2460 2648 2714 2703 universa
2748 2646 3061 2705 Iudaeorum
3105 2660 3264 2723 gente
3307 2650 3597 2721 significati

353 2742 480 2812 περί
514 2740 608 2796 τοῦ
630 2741 956 2813 δηλωθέντος
989 2741 1198 2814 θρόνου·
1231 2740 1434 2812 βραχὺν
1494 2741 1549 2794 δὲ
1596 2740 1786 2811 χρόνον
1832 2741 1924 2794 τοῦ

2026 2739 2580 2809 throniexspectatio.
2607 2740 2853 2813 Cumque
2876 2744 3028 2798 brevi
3055 2750 3299 2815 tempore
3328 2746 3600 2818 principa-

350 2831 514 2886 Δαϐὶδ
569 2832 938 2903 ἡγησαμένου,
993 2832 1085 2885 καὶ
1142 2831 1450 2903 Σολομῶνος
1501 2834 1617 2903 μετ’
1651 2833 1833 2896 αὐτὸν,
1864 2833 1924 2886 οὐ

2026 2840 2140 2887 tum
2161 2833 2422 2902 gessisset
2447 2831 2616 2888 David
2632 2874 2648 2899 ,
2675 2843 2729 2889 et
2747 2842 2870 2905 post
2884 2836 3033 2891 hunc
3056 2836 3341 2904 Salomon,
3367 2847 3421 2894 et
3441 2853 3599 2910 reges

357 2920 463 2993 μὴν
486 2922 622 2977 ἀλλὰ
649 2925 741 2977 καὶ
764 2923 870 2978 τῶν
892 2924 1151 2994 διαδόχων
1182 2924 1283 2995 τῆς
1308 2924 1486 2979 αὐτῶν
1541 2924 1814 2995 βασιλείας
1847 2927 1925 2989 εἰς

2026 2923 2221 2979 horum
2248 2940 2601 2982 successores
2624 2926 2679 2980 in
2699 2925 2965 2982 Jechonia
2994 2944 3057 2983 ac
3073 2929 3402 3002 Babylonica
3425 2932 3599 3003 capti—

365 3015 615 3084 Ἰεχονίαν
645 3016 737 3068 καὶ
788 3016 886 3087 τὴν
919 3016 998 3079 εἰς
1031 3015 1323 3070 Βαϐυλῶνα
1356 3016 1728 3088 αἰχμαλωσίαν
1759 3033 1927 3070 κατα-

2028 3012 2198 3068 vitate
2227 3014 2596 3070 cessavissent
2623 3056 2639 3082 ,
2675 3017 2752 3070 ita
2792 3025 2853 3070 ut
2892 3026 3018 3088 post
3060 3019 3115 3073 id
3156 3029 3372 3090 tempus
3414 3022 3600 3093 regius

353 3105 718 3177 στρεψάντων,
744 3106 820 3171 ὡς
847 3106 906 3173 ἐξ
928 3106 1136 3160 ἐκείνου
1169 3108 1420 3163 λελύσθαι
1456 3109 1548 3162 τὸν
1592 3108 1778 3180 θρόνον
1827 3112 1927 3182 τῆς

2027 3103 2251 3161 Davidis
2278 3107 2513 3164 thronus
2546 3110 2843 3166 subversas
2880 3110 3085 3180 fuerit;
3126 3113 3457 3170 videbantur
3483 3129 3594 3171 non

354 3196 625 3268 βασιλείας
658 3197 840 3261 Δαϐὶδ,
889 3197 1061 3252 ἐδόκει
1091 3198 1161 3253 τὰ
1214 3199 1314 3270 τῆς
1339 3199 1447 3254 τῶν
1470 3198 1628 3254 θείων
1662 3201 1925 3272 χρησμῶν
1952 3241 1978 3298 ί

1968 3241 1994 3298 3
2029 3197 2131 3254 sibi
2161 3207 2417 3255 constare
2444 3200 2758 3257 divinorum
2783 3205 3134 3260 oraculorum
3169 3207 3592 3277 promissiones.

349 3291 679 3362 ἐπαγγελίας
715 3293 789 3363 μὴ
814 3292 1178 3348 συνίστασθαι·
1205 3293 1362 3346 τοῦτο
1403 3289 1495 3347 οὖν
1518 3292 1650 3347 αὐτὸ
1678 3293 1756 3365 τῷ
1796 3292 1924 3363 θείῳ
1957 3286 1973 3298 “

1978 3286 1993 3297 ’
2027 3286 2393 3354 Quamobrem
2414 3291 2604 3345 eodem
2625 3291 2812 3348 divino
2831 3293 3038 3364 Spiritu
3062 3310 3282 3352 rursum
3308 3298 3602 3368 praedictus

350 3379 626 3450 Πνεύματι
661 3380 822 3435 πάλιν
854 3382 882 3433 6
941 3382 1103 3445 αὐτὸς
1127 3382 1341 3455 ψαλμὸς
1386 3383 1743 3456 προαγορεύει
1798 3384 1927 3454 ἑξῆς

2028 3382 2293 3450 psalmus,
2324 3394 2522 3453 praeter
2554 3393 2681 3441 ante
2705 3386 2872 3451 dicta,
2904 3388 2985 3442 sic
3015 3388 3289 3459 loquitur:
3310 3390 3449 3447 «Ubi
3475 3401 3605 3448 sunt

350 3472 463 3533 τοῖς
490 3472 948 3543 προπαρατεθεῖσι
976 3472 1171 3541 λέγων·
1229 3494 1247 3525 ι
1285 3475 1394 3527 Ποῦ
1417 3477 1524 3529 εἰσι
1556 3476 1624 3529 τὰ
1654 3476 1779 3547 ἐλέη
1833 3493 1926 3529 σου

2026 3472 2423 3529 misericordiae
2459 3483 2565 3531 ture
2603 3478 2878 3548 antiquae,
2920 3478 3177 3546 Domine,
3221 3496 3359 3553 quas
3397 3484 3599 3553 jurasti

351 3559 421 3613 τὰ
446 3560 666 3631 ἀρχαῖα,
699 3560 893 3632 Κύριε,
920 3562 957 3616 ἃ
977 3562 1197 3634 ὤμοσας
1227 3564 1305 3635 τῷ
1331 3565 1494 3621 Δαῦἰδ
1513 3568 1570 3621 ὲν
1599 3570 1665 3638 τῇ
1701 3567 1929 3639 ἀληθεία

2029 3563 2221 3621 Davidi
2266 3566 2324 3621 in
2361 3569 2594 3624 veritate
2621 3571 2758 3625 tua?
2781 3590 2802 3623 ι
2829 3570 2970 3625 Tum
3008 3572 3172 3627 etiam
3203 3574 3357 3643 regni
3385 3575 3509 3646 ejus
3532 3590 3597 3631 ac

354 3664 483 3717 ceu;
528 3669 546 3701 ι
586 3652 694 3703 Καὶ
722 3652 824 3723 τήν
843 3669 906 3722 γε
940 3652 1258 3727 καθαίρεσιν
1286 3655 1386 3726 τῆς
1441 3657 1717 3727 βασιλείας
1738 3657 1924 3723 αὐτοῦ,

2028 3659 2398 3715 successionis
2424 3661 2697 3717 excidium
2731 3663 3024 3735 thronique
3048 3666 3389 3721 eversionem
3415 3675 3602 3738 aperte

352 3743 447 3796 καὶ
473 3744 572 3816 τῆς
599 3744 847 3816 διαδοχῆς
877 3745 1064 3811 αὐτοῦ,
1081 3745 1172 3801 τοῦ
1201 3747 1390 3820 θρόνου
1424 3766 1483 3802 τε
1512 3748 1611 3821 τὴν
1628 3767 1930 3821 καταστρο-

2027 3749 2206 3805 innuit
2239 3751 2295 3805 in
2342 3753 2735 3820 sequentibus:
2768 3772 2786 3805 ι
2815 3752 2896 3809 Tu
2938 3770 3071 3811 vero
3108 3757 3355 3826 repulisti
3403 3767 3458 3814 et
3499 3758 3597 3816 de-

354 3835 459 3906 φὴν
494 3836 790 3910 διαρρήδην
837 3839 1195 3910 ὑποσημαίνει
1228 3840 1388 3895 πάλιν
1421 3841 1548 3910 ἑξῆς
1580 3841 1668 3896 διὰ
1700 3841 1925 3897 τούτων·

2027 3840 2253 3913 spexisti
2273 3880 2289 3905 ,
2313 3840 2543 3909 Domine
2570 3861 2585 3911 ;
2615 3843 2883 3900 distulisti
2909 3845 3192 3901 Christum
3219 3854 3375 3902 tuum
3406 3867 3420 3914 ;
3445 3863 3597 3905 ever-

359 3946 379 3979 ι
415 3928 488 3981 Σὺ
515 3928 573 3982 δὲ
604 3930 810 3985 ἀπώσω
862 3933 954 3985 καὶ
999 3932 1380 4000 ὲξουδένωσας,
1417 3934 1610 4004 Κύριε·
1664 3934 1926 3990 ἀνεϐάλου

2026 3935 2144 3990 tisti
2193 3941 2584 3990 testamentum
2632 3937 2774 3993 servi
2824 3938 2941 4004 tui;
2992 3937 3298 4010 profanasti
3348 3938 3405 3993 in
3450 3948 3596 3997 terra

351 4019 444 4075 τὸν
474 4024 708 4094 Χριστόν
735 4041 848 4088 σου,
878 4025 1249 4099 κατέστρεψας
1281 4027 1378 4101 τήν
1397 4028 1663 4100 διαθήκην
1691 4028 1783 4083 τοῦ
1803 4028 1925 4083 δού-

2027 4029 2405 4084 sanctuarium
2433 4029 2556 4099 ejus
2576 4047 2624 4098 ;ι
2643 4030 2943 4103 additque:
2981 4048 3003 4083 ε
3024 4040 3079 4087 et
3105 4032 3361 4087 thronum
3389 4033 3510 4104 ejus
3540 4032 3599 4089 in

354 4112 449 4168 λου
484 4131 598 4182 σου,
626 4114 970 4187 ὲϐεὸήλωσας
997 4120 1077 4182 εἰς
1104 4120 1203 4191 τὴν
1226 4122 1331 4192 γῆν
1352 4121 1413 4175 τὸ
1432 4122 1679 4193 ἁγίασμα
1703 4120 1889 4175 αὐτοῦ·
1905 4142 1921 4173 ι

951 4136 970 4183 ;
997 4120 1077 4182 εἰς
1104 4120 1203 4191 τὴν
1226 4122 1331 4192 γῆν
1352 4121 1413 4175 τὸ
1432 4122 1679 4193 ἁγίασμα
1703 4120 1889 4175 αὐτοῦ·
1905 4142 1921 4173 ι
2028 4126 2229 4173 terram
2259 4120 2532 4177 collisisti.
2555 4140 2575 4174 ι

355 4206 452 4262 καὶ
477 4207 744 4278 ἐπιφέρει·
782 4225 800 4259 ι
838 4207 930 4263 τὸν
963 4208 1151 4281 θρόνον
1178 4211 1343 4265 αὐτοῦ
1381 4213 1460 4276 εἰς
1490 4212 1587 4284 τὴν
1610 4212 1712 4284 γῆν
1739 4212 1908 4285 κατέρ

356 4298 544 4371 ῥήξας.
560 4320 579 4351 ι

427 4397 499 4460 γ’.
528 4391 713 4449 Ταῦτα
740 4394 918 4449 πάντα
941 4396 1081 4449 κατὰ
1099 4396 1161 4449 τὸ
1194 4396 1321 4449 αὐτὸ
1344 4396 1564 4466 συνάγει
1594 4397 1655 4451 τὸ
1680 4396 1925 4469 Πνεῦμα,

2094 4391 2150 4448 3.
2188 4391 2314 4448 Haec
2351 4391 2537 4448 ornnia
2570 4392 2887 4448 summatim
2927 4391 3136 4465 colligit
3163 4392 3387 4451 divinus
3417 4395 3598 4467 Spiri-

360 4488 642 4555 μονονουχὶ
673 4486 992 4559 βουλόμενον
1016 4490 1166 4560 ἡμᾶς
1204 4489 1431 4557 διδάξαι,
1480 4491 1560 4544 ὅτι
1587 4491 1647 4544 οὐ
1676 4491 1803 4562 περὶ
1826 4489 1926 4560 τῆς

2030 4492 2120 4540 tus
2139 4523 2156 4549 ,
2188 4483 2581 4554 propemodum
2608 4482 2806 4538 docere
2835 4498 2940 4538 nos
2967 4483 3188 4549 volens,
3218 4482 3365 4539 haud
3391 4485 3602 4542 visibile

360 4573 635 4643 βασιλείας
686 4578 786 4649 τῆς
835 4580 1121 4652 αἰσθητῆς,
1178 4582 1297 4635 οὐδὲ
1323 4583 1450 4654 περὶ
1494 4581 1587 4636 τοῦ
1615 4582 1802 4655 θρόνου
1832 4581 1926 4635 τοῦ
1959 4593 1984 4648 [

1976 4594 2002 4648 )
2032 4592 2257 4648 regnum
2299 4575 2492 4631 Davidi
2534 4574 2705 4632 fuisse
2739 4576 3074 4647 promissum
3117 4592 3299 4648 neque
3340 4577 3600 4632 thronum

360 4670 810 4743 σωματικόηερον
831 4674 1121 4745 νοουμένου
1153 4677 1208 4729 αί
1236 4676 1371 4748 πρὸς
1394 4676 1555 4731 Δαὸὶδ
1595 4672 1735 4748 ἦσαν
1759 4678 1928 4746 ἐπαγ-

2030 4670 2389 4741 corporaliter
2418 4669 2853 4741 intelligendum.
2896 4669 3007 4724 Illa:
3036 4669 3239 4741 quippe
3276 4670 3599 4741 promissio-

273 4758 277 4761 ’
360 4761 556 4829 γελίαι·
583 4764 640 4817 αί
669 4765 766 4836 μὲν
794 4765 904 4837 γὰρ
927 4767 1054 4838 περί
1089 4786 1235 4833 τινος
1258 4769 1477 4825 αἰωνίου
1527 4769 1740 4840 θρόνου,
1776 4771 1897 4823 ἁπει

2031 4778 2129 4818 nes
2168 4762 2423 4816 thronum
2462 4760 2757 4831 quemdam
2795 4771 3062 4816 aeternum
3095 4759 3468 4814 vaticinautur
3494 4759 3599 4815 soli

359 4854 661 4926 καζομένου
719 4857 856 4930 ἡλίῳ
906 4861 1000 4913 καὶ
1037 4861 1273 4933 οὐρανῷ,
1334 4862 1679 4933 διαμένοντός
1733 4880 1793 4916 τε
1852 4864 1930 4925 εἰς

2029 4862 2085 4909 et
2122 4853 2264 4906 lunae
2301 4852 2553 4921 coeloque
2589 4850 2822 4906 similem
2849 4890 2863 4915 ,
2908 4851 3113 4920 quique
3154 4855 3447 4920 perpetuus
3483 4862 3599 4902 ma-

350 4946 553 5011 αίῶνα,
582 4949 994 5020 προεθέσπιζον·
1036 4955 1070 5024 ή
1094 4953 1151 5007 δέ
1174 4971 1237 5023 γε
1262 4954 1358 5007 τοῦ
1404 4955 1570 5008 Δαὸὶδ
1622 4954 1866 5024 βασιλεία
1896 4957 1930 5024 ἠ

2030 4951 2176 4999 neat.
2218 4942 2382 5012 Atqui
2419 4940 2641 4997 Davidis
2668 4941 2888 4998 visibile
2913 4956 3141 5013 regnum
3170 4941 3319 4995 brevi
3352 4948 3599 5011 tempore

360 5036 611 5110 αἰσθητή,
640 5040 816 5112 χρόνῳ
847 5040 1035 5094 λέλυτο
1061 5043 1161 5096 οὐκ
1202 5046 1281 5108 εἰς
1314 5043 1539 5115 μακρόν·
1569 5043 1791 5108 εἰκότως
1824 5061 1932 5096 τοι-

2030 5036 2269 5091 deletum
2302 5042 2408 5092 est.
2471 5033 2839 5101 Quamobrem
2868 5034 2994 5103 jure
3023 5048 3149 5089 cum
3177 5046 3305 5088 mox
3335 5033 3595 5096 dixisset,

360 5127 565 5200 γαροῦν
602 5130 696 5184 τοῦ
735 5130 926 5203 θρόνου
981 5133 1077 5204 τῆς
1126 5134 1390 5206 αἰσθητῆς
1443 5133 1716 5205 βασιλείας
1770 5134 1932 5188 Δαόὶδ

2031 5129 2288 5182 thronum
2326 5126 2568 5182 Davidici
2608 5127 2758 5198 regni
2777 5125 3006 5181 visibilis
3047 5122 3216 5179 fuisse
3236 5124 3595 5187 subversum,

361 5221 459 5293 τὴν
484 5221 796 5293 καθαίρεσιν
821 5223 1162 5294 ὑπογράψας,
1177 5227 1268 5277 καὶ
1292 5223 1480 5287 εἰπὼν,
1507 5224 1596 5277 τὸν
1617 5223 1803 5295 θρόνον
1832 5224 1930 5275 αὐ-

2039 5240 2056 5272 σ
2087 5221 2345 5275 thronum
2398 5219 2521 5289 ejus
2570 5220 2626 5273 in
2679 5226 2880 5273 terram
2931 5216 3225 5282 eollisisti;
3262 5221 3419 5268 itum
3468 5228 3598 5269 vero

361 5315 457 5369 τοῦ
484 5316 563 5381 είς
587 5316 683 5387 τὴν
715 5316 818 5388 γῆν
844 5317 1204 5389 κατέρρηξας,
1232 5319 1360 5389 περὶ
1384 5317 1476 5371 τοῦ
1522 5318 1609 5371 διὰ
1639 5318 1745 5370 τῶν
1772 5318 1930 5373 θείων

2030 5310 2217 5367 throni
2250 5311 2370 5381 ejus
2396 5311 2571 5382 gratia
2593 5349 2607 5374 ,
2639 5324 2803 5380 quem
2832 5307 3016 5363 divina
3062 5305 3288 5361 oracula
3335 5313 3597 5359 eternum

363 5408 628 5480 χρησμῶν
652 5409 1059 5481 ὲπηγγελμένου
1088 5409 1305 5464 αἰωνίου
1331 5411 1425 5463 καὶ
1471 5410 1717 5480 οὐρανίου
1741 5409 1929 5481 θρόνου

2030 5404 2420 5474 caelestemque
2452 5405 2643 5467 aiunt,
2677 5415 2868 5471 preces
2902 5398 3093 5454 addit:
3125 5416 3144 5448 ι
3178 5395 3284 5451 Ubi
3323 5402 3451 5451 sunt
3496 5394 3599 5448 mi-

365 5496 493 5567 ἑξῆς
518 5497 616 5569 Δίιὴν
645 5498 806 5570 εὐχὴν
832 5501 1063 5553 ποιεῖται
1107 5498 1301 5568 λέγων·
1346 5519 1365 5550 ι
1399 5499 1509 5552 Ποῦ
1561 5502 1666 5553 εἰσι
1708 5500 1775 5554 τὰ
1804 5499 1929 5571 ὲλέη

2031 5495 2344 5554 εει-ἰσοτάίαι
2375 5502 2480 5550 tuae
2507 5494 2746 5564 antiqua:
2766 5535 2782 5559 ,
2810 5490 3039 5546 Domine
3058 5531 3072 5555 ,
3104 5503 3244 5560 quas
3265 5486 3465 5560 jurasti
3496 5484 3600 5539 Da-

367 5604 460 5641 σου
486 5588 553 5642 τὰ
593 5591 816 5662 ἀρχαῖα,
861 5589 1053 5662 Κύριε,
1094 5590 1133 5645 θ.
1176 5590 1398 5662 ὤμοσας
1451 5590 1528 5661 τῷ
1576 5590 1739 5645 Δασὶδ
1781 5593 1928 5664 ἔντῇ

2032 5588 2145 5645 vidi
2179 5589 2235 5644 in
2266 5588 2500 5644 veritate
2524 5585 2661 5641 tua?
2688 5602 2709 5637 ι
2733 5583 2934 5654 quibus
2958 5581 3143 5639 verbis
3170 5589 3355 5654 petere
3382 5578 3600 5635 videtur

365 5678 590 5752 ἀληθείᾳ
637 5698 766 5749 σου;
802 5702 821 5734 ι
864 5683 1146 5755 μονονουχί
1192 5683 1294 5746 τὰς
1347 5682 1599 5747 ἐκϐάσεις
1659 5682 1767 5736 τῶν
1812 5681 1931 5754 μεθ’

2033 5689 2093 5737 ιιι
2139 5680 2534 5751 promissiones
2566 5682 2914 5735 sacramento
2954 5673 3182 5736 ﬁrmatae
3214 5673 3422 5731 exitum
3462 5683 3601 5727 nan-

367 5771 529 5840 ὃρκου
590 5772 1023 5841 διαϐεϐαιώσεως
1083 5775 1508 5851 ἐπηγγελμένων
1555 5775 1703 5848 αὐτῷ
1747 5776 1931 5841 τέλους
2032 5773 2330 5829 ciscantur.

366 5864 543 5932 τυχεῖν
567 5863 747 5931 ἀξιῶν.
