4112 6470
512 464 612 523 931

514 688 633 729 rum
659 670 847 726 Davidi
888 669 1028 724 Deus
1056 668 1282 739 juravit,
1300 675 1561 738 tanquam
1588 667 1708 722 dies
1733 665 1856 721 cmli
1882 673 1937 721 et
1960 665 2074 720 vel-

515 764 596 819 uti
637 763 806 819 solem
838 762 892 815 in
920 769 1216 831 conspectu
1248 758 1366 824 Dei,
1398 760 1446 814 is
1469 766 1552 814 est
1579 758 1672 828 qui
1700 757 1903 811 dicitur
1935 754 2077 811 sicut

513 854 641 907 luna
666 851 905 923 perfecta
937 852 991 905 in
1029 860 1318 916 aeternum,
1372 857 1427 903 et
1478 862 1637 918 quem
1660 860 1792 917 gens
1822 844 2077 900 universa

513 944 722 999 ﬁrmari
749 944 1063 1013 exoptabat.
1125 943 1302 1011 Atque
1355 940 1504 994 hunc
1561 952 1797 1008 magnus
1850 936 2079 1007 angelus

513 1034 734 1097 Gabriel
771 1033 983 1105 Virgini
1029 1034 1302 1104 signiﬁcat
1351 1031 1537 1087 datum
1566 1030 1613 1085 ei
1645 1029 1713 1083 iri
1746 1028 1838 1099 qui
1870 1043 1938 1083 ex
1962 1027 2078 1097 ipsa

514 1133 852 1182 nasceretur.
877 1125 1058 1191 Quare
1090 1125 1171 1179 sic
1212 1124 1358 1177 illam
1389 1121 1688 1191 alloquitur
1724 1137 1739 1174 :
1772 1137 1790 1170 ι
1824 1118 1890 1173 Et
1919 1132 2079 1173 voca-

514 1216 602 1273 bis
621 1232 819 1272 nomen
840 1216 962 1284 ejus
989 1214 1176 1270 Iesum
1214 1230 1227 1266 :
1269 1214 1357 1268 hic
1391 1214 1495 1268 erit
1524 1225 1777 1281 magnus,
1823 1216 1876 1264 et
1910 1208 2078 1265 Filius

515 1306 781 1361 Altissimi
806 1305 1092 1360 vocabitur
1125 1319 1140 1356 :
1171 1310 1226 1359 et
1246 1303 1398 1359 dabit
1436 1302 1514 1356 illi
1542 1300 1805 1357 Dominus
1826 1298 1969 1354 Deus
1989 1312 2077 1355 se-

516 1394 638 1450 dem
663 1395 886 1450 Davidis
915 1394 1088 1465 patris
1116 1393 1258 1463 ejus.
1292 1412 1312 1445 ι
1348 1391 1471 1447 Mox
1498 1407 1660 1463 quem
1706 1391 1963 1446 thronum
1994 1391 2079 1446 in-

516 1486 723 1558 telligat
774 1484 962 1556 pandit
994 1501 1007 1536 :
1039 1503 1058 1537 ι
1086 1484 1152 1538 Et
1178 1482 1426 1553 regnabit
1485 1482 1542 1536 in
1595 1480 1756 1536 domo
1803 1479 1972 1536 Iacob
2021 1481 2079 1536 in

516 1584 777 1632 aeternum
803 1593 818 1643 ;
849 1582 904 1630 et
938 1574 1092 1645 regni
1124 1574 1244 1644 ejus
1292 1588 1401 1628 non
1433 1574 1539 1626 erit
1587 1570 1746 1627 ﬁnis:
1774 1589 1793 1623 ι
1823 1585 1945 1641 quae
1972 1570 2079 1626 Ga-

520 1667 706 1723 brielis
734 1666 881 1720 dicta
909 1665 1148 1720 oraculis
1192 1671 1519 1719 consonant.
1543 1659 1685 1716 Olim
1712 1660 1935 1732 quidem
1971 1662 2080 1716 Da-

517 1756 629 1811 vidi
657 1755 816 1811 sedes
838 1754 1026 1810 :eterni
1072 1753 1224 1823 regni
1256 1765 1321 1806 ac
1365 1750 1606 1806 caelestis
1651 1750 1920 1821 promissa
1947 1748 2077 1819 fuit;

518 1858 665 1899 nunc
686 1844 908 1914 angelus
952 1856 1075 1897 eum
1107 1842 1199 1911 qui
1237 1840 1305 1895 de
1350 1838 1572 1910 Virgine
1618 1839 1921 1911 gignendus
1963 1848 2081 1895 erat

519 1944 908 2006 occupaturum
937 1934 1012 1988 ait
1036 1932 1257 1989 Davidis
1286 1932 1579 2000 thronum;
1602 1933 1912 1988 nuntiatum
1934 1932 2083 1989 scili-
2112 1928 2153 1983 Β

519 2034 626 2091 cet,
654 2041 829 2096 neque
850 2032 1035 2080 tamen
1048 2023 1233 2079 datum
1256 2023 1402 2095 (21):
1432 2024 1481 2080 is
1509 2031 1690 2079 autem
1712 2022 2081 2080 caelestiserat

524 2128 580 2177 et
601 2120 719 2175 sine
755 2118 861 2174 ﬁne
889 2132 1203 2175 mansurus.
1228 2116 1359 2172 Erat
1380 2117 1550 2189 igitur
1580 2116 1673 2172 hic
1699 2116 1878 2173 exitus
1907 2116 2083 2171 maxi-

519 2212 591 2267 mi
611 2210 856 2267 vaticinii
888 2209 1079 2265 Davidi
1103 2209 1232 2265 editi
1263 2208 1523 2278 omnique
1548 2206 1751 2278 populo
1780 2207 2080 2276 exspectati

518 2302 773 2374 quodque
792 2301 1009 2357 Gabriel
1035 2307 1271 2356 testatur
1309 2300 1367 2354 in
1412 2299 1706 2354 Servatore
1731 2305 1927 2355 nostro
1950 2295 2079 2354 Iesu

515 2394 739 2451 Christo
763 2393 1069 2450 veridicum
1110 2392 1354 2447 evasisse
1379 2410 1401 2443 ι
1440 2389 1690 2461 regnabit
1712 2389 1771 2444 in
1790 2395 2078 2454 aeternum,

516 2493 571 2542 et
589 2485 743 2556 regni
772 2485 893 2555 ejus
924 2498 1033 2539 non
1060 2482 1168 2538 erit
1190 2482 1337 2538 ﬁnis.
1359 2501 1377 2534 ι
1408 2479 1591 2548 Quare
1612 2487 1666 2535 et
1693 2480 1810 2552 ipse
1826 2478 2082 2536 Servator

517 2590 583 2630 ac
614 2574 877 2631 Dominus
909 2581 1097 2630 noster
1117 2588 1243 2627 cum
1267 2579 1576 2642 rogaretur.
1607 2586 1739 2626 num
1783 2570 1902 2642 ipse
1934 2577 2081 2626 esset

520 2680 612 2721 rex
659 2664 971 2721 Iudaeorum
1000 2706 1015 2731 ,
1050 2663 1375 2735 respondit:
1416 2681 1447 2717 ο
1473 2661 1719 2732 Regnum
1744 2676 1928 2716 meum
1971 2675 2083 2715 non

517 2763 604 2812 est
652 2756 721 2812 de
752 2757 859 2812 hoc
914 2754 1120 2810 mundo
1146 2754 1214 2807 ⁶¹.
1253 2774 1274 2807 ι
1321 2752 1469 2808 Nihil
1523 2754 1666 2809 enim
1728 2753 1958 2809 mortale
1988 2760 2082 2807 aut

519 2848 814 2920 temporale
845 2847 1162 2911 conferebat
1189 2849 1238 2903 ei
1279 2846 1432 2917 regni
1463 2844 1623 2901 sedes
1648 2863 1662 2899 :
1694 2844 1791 2900 sed
1822 2845 1940 2916 ipse
1966 2856 2084 2901 erat

518 2942 575 2996 in
599 2940 858 2997 universo
904 2940 1183 2996 hominum
1218 2946 1361 2994 ccetu
1389 2937 1528 2992 lucis
1557 2937 1730 2992 instar
1765 2936 2079 3007 splendens,

517 3031 685 3087 veluti
722 3032 805 3086 sol
833 3039 889 3086 et
918 3029 1063 3085 sicut
1082 3030 1210 3084 luna
1254 3026 1492 3099 perfecta
1521 3027 1578 3081 in
1607 3033 1894 3089 aeternum,
1925 3026 2082 3081 intelo

519 3121 779 3179 lectuales
830 3121 1041 3175 animas
1091 3135 1188 3190 per
1221 3133 1377 3174 suam
1404 3117 1647 3173 divinam
1692 3116 2082 3173 caelestemcue

517 3213 824 3271 doctrinam
856 3213 1161 3268 illustrans.

1144 457 1412 516 EUSEBII
1449 455 1926 515 CAESABIENSIS
1979 455 2129 513 OPP.
2171 455 2352 512 PARS
2380 454 2467 513 l'l.
2509 489 2577 498 -—
2621 454 3033 513 EXEGETICA.

396 603 403 611 ·
497 592 501 597 '
583 585 638 639 ι.
672 582 771 637 Hic
799 582 1050 635 nimirum
1104 578 1336 633 thronus
1378 577 1469 632 ille
1495 584 1600 642 est,
1629 590 1789 646 quem
1824 591 1884 631 se
1913 575 2072 630 datu—

2243 575 2304 629 δ’.
2373 573 2571 629 Τοῦτον
2613 568 2708 628 οὖν
2757 573 2919 628 αὐτὸν
2969 573 3171 625 ἐκεῖνον
3211 569 3271 624 ὃν
3297 568 3507 640 ὤμοσεν
3556 570 3584 622 6
3614 569 3748 636 Θεὸς

3638 452 3745 508 952

2175 665 2364 720 δώσειν
2404 664 2482 736 τῷ
2524 665 2686 718 Δαϐὶδ
2729 664 2937 735 θρόνον,
2983 663 3075 716 τὸν
3116 662 3194 727 ὡς
3236 660 3335 725 τὰς
3382 660 3595 732 ἡμέρας
3650 660 3747 714 τοῦ

2175 755 2440 829 οὐρανοῦ,
2486 755 2580 809 καὶ
2624 754 2718 808 τὸν
2762 754 2833 818 ὼς
2884 756 2914 807 6
2949 753 3100 825 ἥλιος
3150 752 3389 807 ἐναντίον
3443 750 3538 805 τοῦ
3585 751 3746 817 Θεοῦ,

2177 848 2271 902 καὶ
2306 848 2396 901 τὸν
2435 848 2511 910 ὡς
2559 844 2784 916 σελήνην
2831 846 3267 917 κατηρτισμένην
3310 844 3391 907 εἰς
3423 842 3515 897 τὸν
3548 842 3745 905 αἰῶνα.

2177 938 2385 1002 παντὸς
2434 937 2719 1008 ἐπιστῆναι
2763 935 2856 989 τοῦ
2907 935 3092 999 ἔθνους
3138 936 3461 1007 εὐχομένου,
3510 937 3539 988 6
3572 935 3750 1006 μέγας

2177 1030 2405 1098 ἄγγελος
2428 1027 2666 1100 Γαϐριὴλ
2695 1027 2793 1099 τὴν
2817 1027 3093 1098 Παρθένον
3142 1024 3549 1094 εὐαγγελίζεται
3579 1024 3656 1096 τῷ
3686 1025 3747 1091 ἐξ

2174 1121 2342 1189 αὐτῆς
2385 1119 2762 1191 γεννησομένῳ
2803 1117 3125 1188 δοθήσεσθαι
3170 1116 3467 1181 θεσπίζων·
3500 1118 3581 1171 διό
3613 1135 3748 1190 φησι

2178 1210 2312 1283 πρὸς
2340 1210 2506 1281 αὐτήν
2523 1226 2537 1240 ο
2572 1229 2591 1262 ι
2613 1212 2721 1263 Kal.
2748 1210 2996 1273 καλέπις
3025 1210 3088 1262 τὸ
3116 1209 3286 1280 ὄνομα
3317 1208 3481 1263 αὐτοῦ
3512 1210 3745 1281 Ἰησοῦν⁶

2176 1298 2327 1366 οὗτος
2357 1302 2508 1355 ἔσται
2553 1302 2747 1372 μέγας,
2777 1304 2869 1356 καὶ
2911 1303 3039 1366 Υἱὸς
3085 1301 3339 1371 Ὑψίστου
3383 1300 3745 1374 κληθήσεται·

2176 1392 2273 1446 καί
2311 1390 2469 1445 δώσει
2501 1391 2649 1463 αὐτῷ
2680 1392 2881 1464 Κύριος
2912 1395 2939 1446 6
2961 1391 3092 1456 Θεὸς
3125 1391 3214 1445 τὸν
3247 1390 3434 1462 θρόνον
3459 1391 3622 1445 Δαϐἰδ
3651 1391 3748 1447 τοῦ

2177 1484 2381 1555 πατρὸς
2406 1482 2592 1538 αὐτοῦ.
2626 1502 2645 1535 ι
2690 1483 2968 1556 Ἐπιφέρει
2999 1484 3044 1537 δ’
3073 1479 3163 1537 οὖν
3200 1481 3398 1552 ἐφεξῆς
3430 1484 3526 1536 καὶ
3562 1483 3709 1552 λέγει
3729 1501 3744 1515 ·

2184 1593 2204 1628 ι
2256 1576 2366 1629 Καὶ
2419 1574 2721 1645 βασιλεύσει
2776 1575 2867 1627 ἐπὶ
2913 1575 3003 1627 τὸν
3049 1570 3197 1628 οἷκον
3251 1571 3442 1627 Ἰακὼϐ
3498 1574 3579 1638 εἰς
3621 1575 3747 1639 τοὺς

2178 1666 2376 1731 αἰῶνας
2399 1684 2413 1697 '
2463 1666 2557 1720 καὶ
2581 1666 2680 1736 τῆς
2706 1664 2978 1738 βασιλείας
3008 1666 3170 1720 αὐτοῦ
3203 1666 3304 1719 οὐκ
3326 1665 3478 1719 ἔσται
3514 1666 3693 1731 τέλος·
3721 1685 3741 1719 ι

2181 1757 2442 1828 σύμφωνα
2468 1759 2587 1821 τοῖς
2605 1757 2713 1811 ἀπὸ
2757 1757 2866 1810 τῶν
2891 1756 3153 1829 χρησμῶν
3196 1756 3512 1828 ἑρμηνεύων
3535 1773 3548 1786 ·
3591 1757 3621 1808 6
3648 1757 3747 1828 μὲν

2179 1848 2289 1920 γὰρ
2327 1848 2463 1920 πρὸς
2506 1847 2594 1901 τὸν
2619 1846 2783 1900 Δαϐἰδ
2816 1849 2942 1920 περί
2982 1848 3166 1919 θρόνον
3217 1846 3492 1918 βασιλείας
3528 1849 3746 1901 αἰωνίου

2181 1938 2277 1993 καί
2320 1936 2568 2010 οὐρανίου
2617 1935 2934 2008 προῦλεγεν,
2981 1936 3010 1989 6
3042 1935 3098 1988 δέ
3130 1934 3390 1998 ὡσαύτως
3439 1933 3531 1987 τὸν
3559 1935 3624 1987 ὲκ
3649 1935 3749 2007 τῆς

2179 2030 2456 2104 Παρθένου
2513 2031 2901 2103 γεννησόμενον
2955 2027 3219 2097 λήψεσθαί
3272 2043 3405 2097 φησι
3438 2027 3528 2080 τὸν
3560 2026 3747 2097 θρόνον

2179 2122 2361 2186 Δαϐὶδ,
2407 2121 2653 2176 τουτέστι
2692 2122 2783 2175 τὸν
2811 2119 2887 2191 τῷ
2913 2118 3075 2172 Δαεῆδ
3108 2116 3508 2188 ἐπηγγελμένον
3540 2117 3659 2187 μὲν,
3685 2119 3744 2171 οὐ

2182 2212 2289 2283 μὴν
2318 2213 2410 2267 καὶ
2437 2212 2714 2285 δεδομένον
2746 2212 2879 2284 (21)·
2900 2204 3052 2274 οὗτος
3079 2209 3122 2262 δ’
3146 2205 3212 2279 ἦν
3234 2212 3262 2263 6
3282 2209 3531 2280 οὐράνιος
3554 2210 3648 2262 καὶ
3664 2209 3743 2273 εἰς

2180 2304 2348 2359 αἰῶνα
2396 2304 2693 2376 διαμένωνο
2747 2300 2816 2375 ἦν
2869 2298 2961 2357 οὖν
3016 2303 3108 2357 καί¹
3163 2301 3320 2355 τοῦτο
3379 2300 3740 2372 συμπέρασμα

2183 2395 2441 2466 μεγίστης
2472 2395 2804 2468 προφητείας
2828 2393 2905 2464 τῷ
2926 2393 3091 2446 Δαϐἰδ
3128 2390 3537 2464 κεχρησμένης,
3575 2407 3739 2461 προσ-

2179 2485 2491 2557 δοκωμένης
2531 2503 2591 2540 τε
2626 2485 2704 2556 τῷ
2743 2486 2904 2539 παντί
2934 2484 3066 2555 λαῷ,
3107 2481 3543 2555 πεπληρωμένης
3572 2481 3627 2535 δὲ
3653 2481 3746 2535 ἐπὶ

2179 2573 2272 2627 τοῦ
2317 2575 2565 2648 Σωτῆρος
2616 2575 2772 2646 ἡμῶν
2810 2573 2983 2646 Ἰησοῦ
3014 2571 3269 2645 Χριστοῦ,
3320 2570 3461 2625 κατὰ
3513 2571 3615 2643 τὴν
3654 2570 3748 2625 τοῦ

2180 2663 2414 2737 Γαϐριὴλ
2449 2666 2752 2738 μαρτυρίαν
2783 2666 3090 2737 φήσαντος-ι
3128 2684 3147 2715 ι
3183 2665 3292 2717 Καὶ
3329 2662 3637 2734 βασιλεύσει
3670 2663 3752 2724 εἰς

2178 2758 2306 2821 τοὺς
2351 2756 2583 2822 αἰῶνας,
2632 2758 2726 2810 καὶ
2771 2757 2870 2827 τῆς
2926 2755 3200 2827 βασιλείας
3252 2753 3417 2809 αὐτοῦ
3461 2755 3560 2808 οὐκ
3597 2753 3750 2807 ἔσται

2180 2847 2349 2911 τέλος.
2396 2865 2415 2899 ο
2474 2849 2671 2919 Διόπρ
2717 2850 2812 2903 καί
2872 2848 3033 2912 αὐτὸς
3084 2850 3113 2903 6
3155 2846 3345 2920 Σωτὴρ
3401 2847 3496 2902 καὶ
3545 2847 3750 2919 Κύριος

2182 2939 2337 3009 ἡμῶν
2383 2938 2520 3011 πρὸς
2556 2939 2647 2993 τὸν
2680 2939 2940 3011 ἐρόμενον
2973 2939 3155 3002 αὐτὸν,
3188 2940 3237 2991 εἰ
3279 2936 3439 3001 αὐτὸς
3470 2938 3554 3008 εἴη
3585 2938 3613 2990 6
3641 2935 3751 2989 τῶν

2193 3029 2459 3083 Ἰουδαίων
2509 3028 2778 3101 βασιλεὺς,
2808 3031 3157 3103 ἀπεκρίνατο·
3199 3052 3217 3081 ι
3267 3030 3331 3083 Ἦ
3362 3028 3607 3100 βασιλεία
3641 3027 3750 3099 ἐμὴ

2180 3120 2279 3174 οὐκ
2307 3120 2451 3175 ἐστιν
2489 3122 2553 3175 ὲκ
2574 3120 2667 3174 τοῦ
2695 3121 2898 3192 κόσμου
2926 3121 3147 3174 τούτου⁸
3183 3138 3198 3173 ι
3237 3119 3386 3172 οὐδὲν
3421 3119 3528 3191 γάρ
3559 3118 3750 3191 θνητὸν

2180 3211 2301 3265 οὐδὲ
2343 3211 2626 3285 ἐπίκαιρον
2658 3213 2892 3284 ἐπήγετο
2921 3211 3067 3283 αὐτῷ
3105 3213 3134 3265 6
3168 3212 3266 3281 τῆς
3307 3209 3584 3280 βασιλείας
3622 3209 3747 3279 θρό-

517 3324 641 3371 νος·
695 3305 809 3381 ἀλλ*
857 3301 926 3377 ἦν
977 3304 1191 3377 ἀληθῶς
1245 3304 1365 3358 καθ’
1426 3304 1554 3375 ὅλης
1612 3302 1713 3375 τῆς
1777 3300 2078 3376 ἀνθρώπων
2114 3306 2441 3379 οἰκουμένης
2469 3349 2484 3372 ,
2542 3306 2718 3377 φωτὸς
2762 3307 2938 3379 δίκην,
2989 3306 3280 3377 ὲκλάμπων
3324 3305 3399 3367 ὡς
3454 3305 3488 3374 ἡ
3550 3304 3747 3374 σελήνη

518 3400 921 3473 κατηρτισμένη
986 3400 1067 3464 εἰς
1112 3400 1203 3453 τὸν
1262 3397 1466 3465 αἰῶνα,
1518 3398 1696 3469 ψυχὰς
1754 3397 1946 3470 νοεράς
2007 3402 2363 3471 καταυγάςων
2428 3400 2519 3455 διά
2585 3402 2687 3473 τῆς
2729 3400 2911 3455 ἐνθέου
2951 3400 3046 3455 καὶ
3109 3396 3355 3470 οὐρανίου
3404 3394 3751 3458 διδασκαλίας

519 3495 705 3551 αὐτοῦ.

590 3587 643 3642 5.
672 3586 826 3653 Quod
881 3586 1147 3643 siait:et
1167 3601 1341 3657 super
1382 3584 1552 3642 Iacob
1599 3586 1889 3658 regnabit,
1946 3602 2081 3644 cave

520 3685 677 3748 putes
696 3678 1009 3735 Iudaeorum
1037 3686 1251 3749 gentem
1298 3693 1396 3749 per
1450 3675 1709 3733 Iacobum
1762 3679 2079 3751 signiﬁcari.

517 3769 772 3825 Profecto
794 3768 887 3840 qui
917 3769 1033 3823 haec
1079 3775 1269 3823 narrat
1318 3767 1497 3823 Lucas
1531 3769 1886 3839 evangelista,
1916 3784 2085 3841 quan-

518 3857 809 3929 doquidem
843 3868 967 3928 post
991 3856 1297 3914 Servatoris
1318 3858 1494 3912 nostri
1525 3857 1581 3911 in
1636 3858 1832 3913 ccelum
1868 3872 2083 3915 assum-

518 3948 756 4016 ptionem
780 3946 1049 4002 Gabrielis
1084 3946 1230 4002 dicta
1267 3948 1550 4016 scriptura:
1596 3963 1715 4003 suae
1735 3948 2085 4005 commenda-

506 4039 618 4106 ,vit,
640 4038 808 4108 probe
835 4046 1059 4093 noverat
1090 4036 1276 4093 Iesum
1321 4036 1667 4095 Servatorem
1698 4040 1752 4094 in
1771 4038 2083 4095 Iudaeorum

518 4132 679 4196 gente
700 4139 1043 4195 nequaquam
1093 4126 1427 4196 regnavisse,
1473 4128 1673 4183 nedum
1702 4127 1818 4185 fore
1840 4136 1899 4184 ut
1927 4136 2086 4185 aeter-

518 4232 651 4272 num
700 4217 987 4286 imperium
1032 4217 1087 4272 in
1133 4233 1230 4273 eos
1257 4229 1572 4287 exerceret;
1626 4234 1860 4290 quorum
1921 4221 2085 4276 etiam

521 4308 785 4363 adversus
843 4306 990 4361 hunc
1020 4307 1294 4363 molimina
1354 4318 1515 4378 atque
1564 4308 1805 4365 exitialia
1841 4309 2085 4366 facinora

522 4407 710 4454 narrat
744 4418 757 4454 :
791 4414 966 4470 neque
1015 4400 1195 4455 solum
1243 4401 1299 4456 in
1332 4399 1650 4471 Evangelio,
1700 4416 1889 4456 verum
1921 4401 2084 4458 etiam

506 4491 578 4545 .in
601 4489 828 4545 Actibus
860 4490 1253 4559 apostolorum,
1310 4490 1539 4547 hostiles
1579 4489 1890 4547 Iudaeorum
1917 4493 2087 4564 impe-

523 4589 612 4637 tus
639 4591 826 4637 contra
855 4579 986 4637 Iesu
1037 4581 1339 4653 discipulos
1377 4580 1593 4637 scribit.
1624 4580 1794 4652 igitur
1812 4598 1936 4639 cum
1970 4585 2087 4639 exi-

522 4673 769 4728 stimaret
795 4687 929 4728 voce
981 4686 1174 4741 reapse
1219 4670 1491 4728 Gabrielis
1522 4672 1842 4745 signiﬁcari,
1877 4672 1993 4729 fore
2028 4682 2087 4728 ut

520 4756 774 4815 Christus
797 4765 1051 4829 regnaret
1069 4773 1234 4827 super
1263 4773 1360 4814 eos
1386 4776 1401 4827 ;
1430 4759 1484 4815 id
1516 4776 1642 4816 vere
1674 4761 1780 4817 dici
1829 4761 1973 4818 haud
1995 4762 2087 4832 ju-

2251 3584 2312 3631 e'.
2352 3578 2416 3632 El
2447 3577 2503 3632 δὲ
2534 3578 2744 3649 λέγοιτο
2780 3580 2873 3633 ἐπὶ
2910 3579 3001 3633 τὸν
3044 3575 3239 3633 Ἰακὼϐ
3279 3575 3636 3649 βασιλεύσειν,
3675 3575 3751 3647 μὴ

2180 3671 2241 3724 τὸ
2271 3669 2537 3725 Ἰουδαίων
2564 3671 2717 3735 ἔθνος
2748 3670 2937 3743 νόμιζε
2968 3670 3058 3724 διά
3084 3669 3178 3723 τοῦ
3219 3668 3414 3723 Ἰακὼϐ
3442 3666 3750 3740 δηλοῦσθαι.

2194 3764 2250 3815 '0
2274 3761 2402 3830 γοῦν
2432 3761 2604 3817 ταῦτα
2637 3761 2862 3834 ἱστορῶν
2890 3762 3099 3824 Λουκᾶς
3129 3762 3159 3815 6
3183 3759 3591 3831 εὐαγγελιστὴς,
3614 3759 3756 3831 μετά

2179 3851 2280 3923 τὴν
2316 3852 2396 3916 εἰς
2435 3851 2697 3923 οὐρανοὺς
2744 3851 3011 3922 ἀνάληψιν
3056 3851 3151 3904 τοῦ
3176 3851 3428 3923 Σωτῆρος
3468 3849 3624 3920 ήμῶν
3653 3849 3755 3920 τὴν

2179 3940 2275 3996 τοῦ
2300 3941 2536 4015 Γαϐριὴλ
2579 3944 2762 4013 φωνὴν
2788 3943 2966 4016 οἰκείᾳ.
3005 3943 3278 4015 παραδοὺς
3320 3945 3536 4016 τραφῇ»
3569 3942 3758 4011 σαφῶς

2180 4032 2445 4102 ⁴ἠπίστατο
2494 4032 2586 4086 τὸν
2632 4031 2838 4104 Ἰησοῦν
2890 4033 2990 4087 οὐκ
3038 4032 3130 4085 ἐπὶ
3176 4031 3238 4085 τὸ
3286 4030 3552 4086 Ἰουδαίων
3604 4029 3759 4093 ἔθνος

2180 4123 2272 4179 τὸν
2310 4123 2537 4194 Σωτῆρα
2590 4120 3043 4192 βεϐασιλευκότα,
3089 4123 3211 4177 οὐδὲ
3260 4125 3339 4187 εἰς
3382 4123 3507 4186 τοὺς
3553 4120 3759 4184 αἰῶνας

2182 4216 2343 4270 αὐτὸν
2368 4215 2628 4287 ἄρξαντα,
2663 4208 2737 4270 ὧν
2768 4234 2831 4286 γε
2866 4217 2961 4271 καὶ
2991 4217 3091 4288 τὴν
3122 4217 3242 4270 κατ’
3269 4213 3432 4269 αὐτοῦ
3465 4212 3757 4284 συσκευὴν,

2182 4310 2276 4363 καί
2320 4309 2420 4381 τὴν
2469 4310 2551 4374 εἰς
2598 4308 2826 4363 θάνατον
2876 4307 3167 4377 ἐπιϐουλὴν
3218 4305 3463 4383 ἀκριϐῶς
3517 4306 3755 4377 ἱστορεῖ⁸

2183 4401 2278 4455 καὶ
2311 4401 2371 4453 οὐ
2414 4401 2595 4470 μόνον,
2634 4398 2769 4454 ἀλλά
2806 4399 2899 4453 καὶ
2940 4401 2999 4452 ὲν
3035 4400 3156 4461 ταῖς
3187 4396 3427 4468 Πράξεσι
3469 4394 3576 4448 τῶν
3621 4394 3763 4447 ἀπο-

2185 4489 2384 4543 στόλων
2424 4488 2524 4553 τάς
2564 4488 2708 4543 κατά
2749 4488 2855 4543 τῶν
2897 4486 2994 4540 τοῦ
3044 4484 3219 4557 Ἰησοῦ
3258 4483 3515 4557 μαθητῶν
3553 4484 3752 4538 ἐπανα-

2186 4581 2402 4645 στάσεις
2447 4581 2655 4633 αὐτῶνο
2703 4580 2803 4634 οὐκ
2833 4578 2900 4633 ἂν
2931 4575 3026 4632 οὖν
3058 4579 3142 4631 ἐπ’
3175 4577 3369 4640 αὐτοὺς
3419 4575 3763 4647 βασιλεύσειν

2183 4672 2274 4727 τὸν
2298 4672 2532 4746 Χριστὸν
2576 4673 2675 4743 τὴν
2722 4671 2907 4743 φωνὴν
2944 4669 3039 4724 τοῦ
3068 4668 3307 4741 Γαϐριὴλ
3335 4668 3560 4740 νομίσας
3603 4668 3761 4740 εἰρη-

2185 4763 2358 4827 κέναι,
2385 4763 2460 4827 ὼς
2486 4762 2661 4835 ἀληθῆ
2695 4762 2863 4834 αὐτὴν
2897 4761 3335 4835 παρελάμϐανεν,
3366 4760 3415 4813 εἰ
3450 4758 3524 4829 μὴ
3549 4757 3763 4822 πάντας

521 4849 835 4919 dicavisset,
865 4850 973 4906 nisi
1016 4857 1245 4905 cunctos
1271 4850 1522 4908 homines
1576 4853 1858 4910 vocatione
1888 4852 2083 4910 Serva-

2185 4856 2309 4920 τούς
2333 4854 2422 4909 διὰ
2446 4846 2546 4925 τῆς
2572 4855 2815 4925 κλήσεως
2840 4852 2933 4906 τοῦ
2962 4852 3214 4923 Σωτῆρος
3239 4850 3394 4922 ἡμῶν
3422 4848 3483 4913 ἐξ
3505 4849 3764 4903 ἁπάντων

523 4943 659 4997 toris
693 4941 866 4997 nostri
888 4956 955 4997 ex
975 4940 1230 4997 omnibus
1258 4943 1509 5012 gentibus
1537 4944 1591 4998 in
1622 4945 1967 5016 adoptionem
1996 4958 2085 5001 as-

523 5041 790 5103 sumptos,
824 5046 921 5103 per
941 5029 1162 5086 domum
1190 5029 1379 5087 Jacobi
1401 5031 1768 5089 demonstrari
1818 5033 2079 5090 credidis-

523 5132 627 5180 set.
692 5123 847 5179 Unde
902 5130 958 5179 et
1011 5121 1169 5180 divus
1203 5123 1495 5194 Apostolus
1551 5128 1837 5198 perspicue
1857 5127 2086 5182 edoctus

523 5216 632 5271 ait:
669 5235 688 5267 ι
717 5214 836 5271 Non
865 5214 1011 5270 cnim
1076 5217 1169 5285 qui
1203 5218 1259 5271 in
1316 5216 1632 5282 manifesto,
1693 5217 1915 5273 Iudaeus
1964 5226 2080 5273 est:

521 5322 700 5378 neque
720 5322 841 5378 qua:
872 5308 926 5361 in
958 5306 1247 5364 manifesto
1292 5308 1347 5362 in
1387 5324 1551 5364 carne
1580 5319 1664 5363 est
1697 5308 2082 5376 circumcisio;

523 5398 618 5455 sed
651 5399 741 5469 qui
774 5399 830 5452 in
858 5399 1199 5467 abscondito,
1239 5400 1461 5457 Iudaeus
1511 5408 1597 5456 est
1622 5418 1636 5455 :
1663 5409 1715 5454 et
1737 5401 2086 5458 circumcisio

512 5489 707 5545 .cordis
758 5490 814 5545 in
865 5492 1080 5562 spiritu,
1136 5509 1246 5549 non
1277 5494 1455 5549 littera
1489 5510 1501 5544 :
1535 5493 1694 5562 cujus
1725 5492 1845 5548 laus
1879 5509 1988 5549 non
2018 5511 2084 5551 ex

524 5582 837 5640 hominibus
866 5584 961 5641 sed
991 5602 1055 5641 ex
1088 5584 1198 5641 Deo
1218 5593 1304 5641 est
1337 5586 1402 5639 “.
1435 5604 1454 5637 ι

593 5740 638 5773 ⁶¹
676 5740 836 5797 Ioan.
875 5759 1029 5808 xvul,
1070 5742 1160 5799 56.
1234 5743 1278 5774 "
1319 5741 1476 5796 Rom.
1517 5757 1586 5805 ιι,
1620 5741 1710 5795 25.

2189 4946 2296 5002 τῶν
2329 4945 2496 5002 ὲθνῶν
2523 4948 2601 5010 εἰς
2639 4946 2737 5017 τὴν
2768 4945 2876 4998 τῶν
2906 4945 3075 5012 ἁγίων
3110 4941 3380 4997 υἱοθεσίαν
3410 4940 3764 5011 εἰσποιούμε-

2190 5055 2305 5103 νος,
2341 5033 2485 5092 οἶκον
2519 5036 2709 5091 Ἰακὼϐ
2741 5036 2985 5107 ἡγήσατο
3016 5034 3155 5089 κατά
3182 5033 3416 5088 διάνοιαν
3444 5031 3759 5104 δηλοῦσθαιο

2188 5129 2309 5183 ὅθεν
2341 5130 2435 5182 καὶ
2466 5129 2494 5181 6
2522 5128 2664 5192 θεῖος
2689 5125 3011 5189 Ἀπόστολος
3032 5125 3389 5195 ἐπιστάμενος
3425 5122 3762 5192 σαφέστατα,

2193 5222 2429 5295 παρίστη
2477 5221 2650 5292 λέγων
2686 5238 2701 5251 ·
2767 5239 2784 5271 ι
2816 5220 2890 5274 Οὐ
2939 5218 3046 5291 γὰρ
3082 5220 3111 5271 6
3155 5218 3213 5271 ὲν
3255 5213 3587 5287 τῷ.φανερῷ
3632 5213 3767 5266 Ἰου-

2189 5313 2335 5379 δαῖός
2369 5316 2536 5379 ἑστιν,
2553 5313 2675 5367 οὐδὲ
2705 5313 2818 5384 ἡὲν
2841 5310 2919 5381 τῷ
2947 5308 3165 5380 φανερῷ
3193 5311 3251 5385 ὲν
3278 5307 3443 5380 σαρκί
3468 5303 3763 5377 περιτομὴ,

2190 5406 2304 5459 ἀλλ’
2326 5407 2355 5458 6
2383 5407 2440 5460 ὲν
2464 5404 2542 5477 τῷ
2569 5403 2797 5478 κρυπτῷ
2828 5403 3096 5468 Ἰουδαῖος,
3124 5403 3219 5455 καὶ
3244 5400 3512 5473 περιτομὴ
3534 5397 3765 5471 καρδίας

2191 5496 2248 5549 ὲν
2294 5497 2592 5568 πνεύματι,
2647 5498 2708 5551 οὐ
2752 5496 3063 5568 γράμματι,
3109 5488 3170 5549 οὗ
3224 5495 3253 5546 6
3292 5492 3511 5555 ἔπαινος
3552 5489 3654 5544 οὐκ
3701 5488 3764 5555 ἐξ

2191 5587 2517 5660 ἀνθρώπων,
2550 5589 2663 5644 ἀλλ’
2694 5590 2759 5643 ὲκ
2784 5587 2875 5643 τοῦ
2911 5586 3067 5641 Θεοῦ.
3106 5605 3125 5638 ι

599 5850 712 5921 (21)
754 5851 959 5908 Confer
1008 5851 1229 5909 Eusebii
1285 5851 1741 5907 commentarium
1793 5850 1846 5907 in
1901 5848 2127 5917 Lucam,
2168 5866 2283 5921 cap.
2323 5866 2360 5915 ι,
2394 5849 2484 5906 52.
