4112 6440
355 376 465 431 935

1086 499 1200 566 ιςι.

354 601 493 703 1111:;-
525 606 783 703 ’τῆς
812 610 1078 703 quartas?
1182 612 1300 691 μὲις
1324 614 1621 703 Μαῖθαίος
1651 616 1740 687 εἰς
1761 615 1937 703 ,ΑΞ-(ου-

429 692 605 754 mror:
616 679 1075 754 _la’t0gei',ﬂdﬂ6é_
1100 679 1337 754 Λοὺλιᾱς
1381 685 1470 754 εἰς
1527 679 1827 754 Ἶερουάια
1837 679 1935 754 iur,

429 746 705 825 κάκεῖθεν
744 751 831 825 είς
857 747 1119 825 Νιξζὶιρὲθ
1159 746 1325 820 πρὸς(
1342 746 1462 807 ubi
1496 746 1722 825 γοιῖέων
1767 746 1936 824 salios;

430 820 570 870 σθαι
615 817 721 872 τὸν
759 817 1014 887 Ἰησοῦνέ

426 934 497 986 α’.
540 934 755 998 Λουκᾶς
797 935 897 1006 μὲν
934 936 1026 991 τὸν
1072 938 1264 1011 καιρὸν
1299 939 1527 1012 ἱστορῶν
1561 941 1662 1012 τῆς
1701 943 1795 997 τοῦ
1827 944 1939 998 Σω-

352 1024 524 1095 τῆρος
582 1023 738 1094 ἡμῶν
794 1025 1089 1093 γενέσεως,
1148 1029 1249 1100 τῆς
1294 1030 1605 1099 Αὐγούστου
1664 1031 1939 1103 βασιλείας

356 1116 687 1186 μνημονεύει
719 1116 813 1170 καὶ
840 1117 941 1187 τῆς
969 1120 1091 1172 κατ’
1125 1120 1286 1173 αὐτὸν
1318 1122 1644 1196 ἀπογραφῆς
1675 1140 1690 1155 ·
1714 1125 1847 1196 φησί
1877 1144 1937 1179 τε

356 1206 493 1283 μηδὲ
527 1207 819 1278 ἐσχηκέναι
874 1209 1069 1275 αὐτοὺς
1123 1212 1182 1264 ὲν
1235 1214 1301 1283 τῇ
1331 1211 1579 1286 Βηθλεὲμ
1627 1217 1937 1288 κατάλυμα,

352 1299 593 1369 πλήθους
638 1300 890 1365 συνόντος
918 1301 996 1366 ὡς
1033 1303 1180 1365 εἰκὸς
1212 1304 1270 1357 ὲν
1297 1307 1363 1377 τῇ
1398 1287 1647 1378 Βηθλεὲμ
1688 1308 1793 1362 τῶν
1833 1287 1940 1363 ἀπὸ

351 1392 544 1460 γένους
577 1392 741 1446 Δαὸὶδ
769 1394 868 1465 τῆς
900 1395 1224 1468 ἀπογραφῆς
1251 1396 1464 1451 ἕνεκεν·
1512 1399 1593 1453 διὸ
1625 1401 1759 1472 μηδὲ
1790 1401 1938 1455 οἴκου

350 1482 443 1536 τὸν
473 1482 670 1553 Ἰωσὴφ
699 1483 951 1554 εὐπορεῖν
969 1503 981 1515 ·
1010 1487 1133 1540 ὅθεν
1150 1487 1410 1542 τεκοῦσάν
1442 1506 1573 1561 φησι
1601 1492 1697 1561 τὴν
1722 1492 1940 1563 Μαρίαν

354 1575 747 1644 σπαργανῶσαι
796 1575 856 1628 τὸ
914 1575 1114 1648 βρέφος
1161 1579 1253 1632 καὶ
1299 1579 1594 1636 ἀποθέσθαι
1644 1584 1702 1636 ἐν
1741 1585 1937 1659 φάτνῃ,

350 1665 440 1719 διὰ
481 1667 542 1719 τὸ
581 1667 656 1738 μὴ
703 1663 844 1720 εἷναι
890 1668 1072 1733 αὐτοῖς
1134 1670 1297 1724 τόπον
1345 1673 1403 1725 ὲν
1443 1672 1523 1744 τῷ
1566 1675 1936 1747 καταλύματι·

352 1761 447 1813 καὶ
477 1761 622 1823 εἰκός
650 1777 713 1828 γε
742 1756 809 1832 ῆν
838 1760 1106 1815 πλείστων
1145 1764 1413 1817 συνόντων
1436 1765 1522 1819 διὰ
1553 1766 1654 1839 τὴν
1694 1768 1940 1842 ἀπογρα-

354 1850 460 1923 φὴν
502 1853 577 1922 μὴ
608 1853 870 1924 εὐπορεῖν
907 1855 1286 1921 καταγωγίου,
1328 1856 1461 1910 ἀλλὰ
1488 1859 1600 1922 καὶ,
1626 1859 1806 1927 «Ὅτε,
1842 1879 1948 1932 φη-

353 1943 537 2008 σὶν,ίαί
562 1944 763 2016 ἡμέραι
790 1946 1136 2017 ἐπλήσθησαν
1165 1948 1258 2001 τοῦ
1281 1952 1598 2020 περιτεμεῖν
1624 1951 1787 2006 αὐτὸν
1807 1952 1933 2026 (χρὴ

351 2034 411 2087 δὲ
439 2033 597 2087 τοῦτο
636 2036 884 2104 γίνεσθαι
919 2038 1080 2110 ὀγδόῃ
1116 2038 1255 2109 μετά
1283 2041 1382 2110 τὴν
1416 2040 1674 2107 ἀπότεξιν
1704 2043 1931 2117 ἡμέρᾳ),

352 2127 627 2197 ἀνήγαγον
656 2128 717 2181 τὸ
747 2129 964 2183 παιδίον
983 2132 1062 2194 εἰς
1096 2132 1462 2203 Ἰεροσόλυμα,
1499 2134 1592 2186 καὶ
1618 2134 1935 2200 τελέσαντες

353 2220 442 2272 ἐπ’
481 2219 629 2291 αὐτῷ
674 2221 743 2275 τά
792 2223 1177 2295 νενομισμένα,
1224 2225 1449 2280 ἀπίασιν
1481 2228 1561 2291 είς
1595 2227 1869 2300 Ναζαρέθ.
1909 2249 1927 2281 ι

353 2310 571 2366 Τούτων
587 2312 736 2383 παρὰ
748 2312 828 2384 .τῷ
839 2314 1022 2386 Λουκᾷ
1044 2315 1308 2386 κειμένων
1327 2316 1537 2381 οὐδενὸς
1556 2319 1934 2390 μνημονεύσας

353 2404 383 2456 6
404 2404 704 2469 Ματθαῖος,
733 2408 1142 2479 παραχωρήσας
1165 2408 1220 2461 δὲ
1246 2407 1319 2478 τῷ
1339 2408 1525 2480 Λουκᾷ
1551 2410 1619 2462 τὰ
1646 2411 1930 2482 εἰρημένα,

349 2494 512 2566 ἔτερα
541 2497 702 2559 αὐτὸς
727 2498 1027 2569 διηγεῖται·
1063 2499 1183 2554 τίνα
1210 2501 1266 2555 δὲ
1290 2497 1360 2573 ἦν
1394 2500 1586 2564 ταῦτα,
1613 2501 1729 2555 ἀλλ’
1759 2502 1791 2572 ἢ
1821 2500 1930 2574 (9.2)

354 2586 464 2639 τῶν
496 2587 703 2658 Μάγων
735 2590 843 2643 ἀπὸ
878 2591 1163 2663 Ἀνατολῆς
1200 2592 1419 2663 άφιξις;
1459 2592 1798 2661 κινησάντων
1835 2593 1933 2664 μὲν

351 2679 461 2732 ἀπὸ
482 2680 583 2751 τῆς
605 2682 812 2746 οἰκείας
845 2684 948 2754 γῆς
977 2683 1093 2754 ἀμα
1127 2683 1557 2756 τῷηγεννηθῆναι
1584 2683 1675 2738 τὸν
1702 2683 1930 2754 Ἰησοῦν,

353 2770 584 2843 ἀστέρος
635 2774 819 2838 αὐτοῖς
867 2774 966 2844 τὴν
999 2775 1199 2843 γνῶσιν
1246 2776 1345 2846 τῆς
1375 2778 1680 2848 γεννήσεως
1723 2776 1934 2847 ὑποφὴ-

351 2879 561 2928 ναντος,
580 2863 815 2936 οὐδὴπου
833 2865 890 2919 δὲ
913 2866 1012 2937 τὴν
1034 2867 1300 2938 τοσαύτην
1322 2866 1501 2921 στειλα
1509 2867 1682 2939 μένων
1707 2866 1934 2938 πορείαν

351 2954 529 3026 καιρῷ
553 2955 796 3031 Δβραχεῖ·
845 2957 908 3010 ού
938 2957 1047 3030 γὰρ
1094 2960 1152 3012 ὲν
1202 2959 1437 3031 ἡμέραις
1487 2957 1630 3013 ὀκτὼ
1674 2959 1774 3030 τὴν
1825 2958 1933 3013 ἀπὸ

366 3025 813 3102 Ἀνατολῶνίδδδν
848 3049 993 3112 εἰκὸς
1018 3025 1328 3114 αὐτοῖς
1372 3051 1471 3122 τὴν
1511 3025 1768 3106 Ἰουδαίαν
1797 3049 1932 3121 ἡνῦ-

357 3137 497 3204 σθαι,
531 3140 607 3204 ὼς
636 3140 728 3193 τὸν
755 3140 915 3194 αὐτὸν
942 3142 1162 3213 νομίσαι
1196 3138 1334 3196 εἶναι
1368 3143 1558 3215 καιρὸν
1589 3143 1689 3214 τῆς
1716 3160 1776 3196 τε
1803 3143 1929 3196 τού-

866 380 1333 448 ΟῸΑΞΞΤΙΟΝΕΞ
1372 384 1826 443 ΕἾΛΝΟΕΠΟᾹΞ
1866 388 1932 442 Al

2033 390 2441 449 lTEPllANUM.
2488 420 2549 433 —
2587 394 2916 463 QUESTIO
2958 397 3099 454 XVI.

3510 402 3613 461 934

2757 506 2900 565 XVI.

2039 618 2143 697 Qui
2173 620 2233 687 ﬁt
2258 630 2312 673 ut
2331 619 2665 697 Bel/tlel_z_e_mo
2683 620 2974 697 Mqttlmus
2994 624 3201 697 quidem
3225 624 3610 697 in_./Egyptum,

2106 688 2278 743 Lucas
2309 701 2483 763 autem
2512 691 2891 763 Hierosolyma
2915 688 3071 763 atque
3099 694 3225 750 inde
3247 688 3612 760 Ναεῖιῖὲυηιηι

2107 776 2139 811 a
2154 760 2460 828 parentibus
2488 759 2723 816 delatum
2750 759 2929 818 narret
2945 759 3170 821 Iesum?

2109 936 2161 991 l.
2193 934 2369 991 Lucas
2398 937 2528 991 dum
2550 946 2765 1010 tempus
2797 948 2971 1007 notat,
3004 958 3114 1013 quo
3142 942 3400 1002 Servator
3426 956 3613 1004 noster

2038 1034 2203 1083 natus
2228 1034 2331 1095 est,
2362 1027 2594 1099 Augusti
2606 1044 2831 1101 regnum
2848 1042 3114 1089 memorat
3143 1050 3481 1108 censumque
3506 1043 3612 1107 sub

2038 1134 2104 1173 eo
2128 1119 2486 1190 descriptum.
2518 1119 2610 1174 Ait
2650 1128 2831 1177 autem
2865 1125 3112 1181 caruisse
3151 1142 3245 1184 eos
3267 1129 3611 1186 Bethlcbemi

2038 1211 2366 1278 diversorio,
2417 1213 2489 1268 ob
2539 1219 2888 1283 posterorum
2946 1215 3170 1273 Davidis
3200 1221 3612 1279 multitudinem

2039 1302 2473 1368 Bethlehemum,
2506 1311 2566 1359 ut
2592 1306 2892 1363 verisimile
2912 1313 3017 1375 est,
3053 1320 3468 1369 concurrentem
3487 1329 3616 1385 pro-

2041 1392 2366 1450 fitendorum
2417 1396 2700 1452 nominum
2756 1413 2922 1455 causa
2958 1415 3172 1471 :quare
3222 1418 3288 1460 ne
3315 1404 3613 1475 bOSpitium

2041 1487 2259 1556 quidem
2287 1485 2559 1557 Josephus
2598 1499 2793 1546 nactus
2815 1498 2900 1547 est
2930 1510 2943 1546 :
2977 1492 3052 1547 ita
3087 1500 3147 1547 ut
3174 1492 3343 1550 Maria
3364 1496 3432 1550 ab
3447 1512 3615 1552 evan-

2040 1578 2231 1648 gelista
2262 1578 2479 1633 dicatur
2512 1588 2729 1651 partum
2779 1596 2943 1638 suum
2979 1582 3169 1641 fasciis
3195 1586 3495 1644 involvisse
3524 1597 3609 1644 at-

2042 1686 2149 1740 que
2177 1672 2231 1725 in
2264 1671 2494 1741 praesepi
2521 1673 2900 1739 reclinavisse,
2924 1675 3052 1746 quia
3076 1692 3184 1732 non
3208 1686 3327 1734 erat
3347 1680 3428 1735 eis
3457 1681 3615 1739 locus

2044 1763 2100 1817 in
2124 1762 2451 1820 diversorio.
2479 1762 2625 1820 Sane
2654 1766 2732 1820 nil
2763 1767 2964 1849 mirum
2986 1774 3071 1823 est
3099 1768 3144 1823 si
3172 1769 3245 1825 ob
3281 1771 3615 1829 confluentes

1975 1853 2020 1908 B
2046 1855 2111 1910 ad
2136 1870 2359 1912 censum
2394 1857 2584 1913 turbas
2606 1843 2848 1927 hospitio
2871 1836 3186 1915 daruerunt.
3205 1861 3372 1918 Addit
3396 1862 3611 1919 Lucas:

2047 1964 2066 1998 ι
2099 1945 2391 2017 Postquam
2438 1947 2645 2018 impleti
2682 1954 2810 2003 sunt
2864 1949 2982 2005 dies
3014 1956 3072 2004 ut
3123 1950 3618 2010 circumcideretur

2039 2055 2176 2110 puer
2206 2041 2280 2111 (id
2317 2047 2497 2095 autem
2526 2040 2639 2096 fieri
2690 2041 2975 2110 oportebat
3021 2050 3217 2098 octavo
3245 2052 3372 2115 post
3395 2055 3616 2116 partum

2039 2132 2172 2205 die),
2223 2133 2465 2188 tulerunt
2488 2132 2639 2186 illum
2656 2132 3033 2205 Hierosolyma
3060 2153 3072 2189 :
3104 2137 3451 2207 peractisque
3466 2138 3616 2194 circa

2039 2220 2290 2277 eumdem
2313 2220 2602 2293 legitimis,
2637 2220 3002 2279 Nazarethum
3039 2224 3316 2281 abierunt.
3358 2246 3377 2279 ι
3406 2226 3615 2282 Horum

2040 2310 2183 2380 apud
2206 2309 2408 2366 Lucam
2438 2311 2772 2381 scriptorum
2820 2312 2956 2367 nihil
2985 2321 3254 2369 memorat
3281 2314 3571 2371 Matthaeus
3594 2358 3611 2384 ,

2040 2402 2134 2472 qui
2164 2416 2382 2457 omnem
2409 2401 2462 2457 id
2482 2417 2656 2473 genus
2705 2404 3076 2461 narrationem
3124 2406 3390 2475 praedicto
3450 2405 3614 2463 Lucae

2039 2492 2306 2562 permisit,
2357 2492 2464 2547 alia
2520 2491 2637 2562 ipse
2684 2501 3025 2563 persecutus.
3088 2495 3351 2563 Quaenam
3411 2500 3616 2568 porro?

2038 2581 2243 2655 Nempe
2265 2582 2548 2655 Magorum
2597 2599 2661 2639 ex
2714 2582 2939 2642 Oriente
2988 2587 3282 2643 adventum
3336 2587 3613 2659 digresso—

2039 2687 2161 2726 rum
2189 2686 2221 2726 a
2253 2672 2475 2743 propria
2533 2672 2758 2742 regione
2815 2682 2941 2744 post
2965 2672 3096 2730 Jesu
3119 2675 3483 2742 nativitatem,
3535 2676 3614 2732 si-

2039 2763 2168 2818 dere
2216 2763 2353 2834 ipsis
2403 2763 2656 2818 notitiam
2690 2765 2804 2819 nati
2835 2766 2989 2836 pueri
3037 2765 3402 2837 significante,
3436 2782 3614 2840 neque

2037 2862 2223 2910 tamen
2242 2854 2393 2909 brevi
2423 2861 2668 2924 tempore
2694 2863 2907 2910 tantum
2935 2857 3149 2913 itineris
3187 2857 3611 2915 absolventium.

2038 2944 2197 3002 Haud
2225 2946 2371 3002 enim
2398 2944 2661 3003 credibile
2686 2956 2771 3004 est
2800 2948 2945 3004 intra
2975 2949 3094 3006 dies
3117 2956 3243 3006 octo
3288 2950 3358 3005 ab
3389 2949 3614 3007 Oriente

2040 3035 2226 3110 Magos
2247 3039 2303 3094 in
2326 3037 2572 3096 Judaaam
2618 3056 2794 3112 usque
2825 3041 3047 3098 venisse
3067 3080 3082 3106 ,
3118 3041 3195 3097 ita
3213 3049 3276 3098 ut
3294 3042 3443 3098 circa
3468 3043 3614 3099 idem

2041 3137 2255 3202 tempus
2288 3129 2637 3188 Servatorem
2668 3142 2921 3190 nostrum
2967 3138 3159 3187 natum
3182 3148 3305 3190 esse
3333 3141 3612 3205 putemus,

353 3248 458 3286 των
488 3232 745 3301 ἀφίξεως,
779 3235 872 3287 καὶ
903 3234 1006 3305 τῆς
1036 3234 1131 3288 τοῦ
1161 3235 1413 3308 Σωτῆρος
1445 3234 1605 3308 ἡμῶν
1635 3236 1929 3304 γενέσεως·

2036 3239 2147 3295 quo
2180 3224 2273 3280 isti
2302 3233 2762 3295 supervenerunt.
2794 3224 3119 3296 Quanquam
3170 3232 3352 3282 autem
3382 3225 3614 3283 interro-

354 3324 403 3375 εί
427 3323 483 3377 δὲ
513 3325 606 3378 καὶ¹
634 3326 1027 3397 πυνθανόμενοι
1056 3327 1293 3396 λέγουσι,
1316 3344 1335 3378 ι
1356 3326 1465 3380 Ποῦ
1500 3330 1647 3381 ἐστιν
1672 3329 1701 3380 6
1724 3327 1934 3398 τεχθεὶς

356 3411 606 3479 βασιλεὺς
654 3414 763 3467 τῶν
822 3415 1121 3481 Ἰουδαίων;
1190 3416 1402 3487 εἴδομεν
1457 3416 1569 3488 γὰρ
1621 3416 1784 3469 αὐτοῦ
1842 3417 1933 3471 τὸν

353 3506 579 3576 ἀστέρα,
606 3507 699 3559 καὶ
718 3506 952 3577 ἡλθομεν
970 3508 1346 3578 προσκυνῆσαι
1375 3507 1579 3579 αὐτῷ,ι
1619 3508 1679 3562 οὐ
1712 3507 1805 3561 τὸν
1834 3511 1932 3580 σή-

243 3662 259 3676 ,
359 3612 524 3666 μερον
559 3596 846 3665 τεχθέντα,
869 3597 944 3661 ὡς
974 3599 1040 3653 ἄν
1075 3615 1159 3661 τις
1194 3598 1482 3663 ὑπολάϐοι,
1518 3599 1642 3652 καθ’
1670 3599 1728 3652 ὃν
1759 3599 1933 3653 ταῦτα

356 3687 718 3743 ἐπυνθάνοντο
760 3689 950 3760 χρόνον
990 3690 1262 3762 δηλοῦσιν,
1305 3690 1440 3744 ἀλλά
1479 3690 1573 3745 τὸν
1612 3691 1734 3744 τότε
1775 3690 1929 3760 γενό-

358 3797 517 3851 μενον
548 3781 637 3835 ὅτε
665 3781 851 3845 αὐτοῖς
882 3784 911 3836 6
940 3783 1116 3855 ἀστὴρ
1143 3782 1401 3852 ὲπέφανε.

429 3871 496 3941 β’.
536 3872 709 3937 Πόσος
753 3873 811 3926 δὲ
855 3867 924 3944 ἦν
970 3868 1126 3937 οὗτος
1172 3874 1201 3926 6
1242 3872 1445 3946 μεταξὺ
1477 3874 1701 3947 χρόνος,
1730 3874 1830 3934 ,τοῦ
1869 3891 1930 3928 τε

354 3961 616 4032 φανέντος
659 3965 773 4027 τοῖς
809 3963 1023 4031 Μάγοις
1063 3963 1157 4017 ἐπὶ
1199 3965 1296 4035 τῆς
1342 3962 1434 4016 τοῦ
1478 3963 1730 4037 Σωτῆρος
1773 3963 1931 4037 ἡμῶν

353 4053 620 4121 γενέσεως
646 4053 894 4123 ἀστέρος,
924 4054 1019 4109 καὶ
1045 4054 1147 4126 τῆς
1173 4055 1350 4109 αὐτῶν
1379 4056 1460 4121 είς
1487 4056 1558 4110 τά
1588 4057 1933 4130 Ἰεροσόλυμα

353 4144 678 4217 παρουσίας,
712 4146 875 4210 αὑτός
908 4162 968 4199 σε
999 4146 1199 4213 διδάξει
1235 4149 1264 4202 6
1295 4148 1687 4220 εὐαγγελιστὴς
1735 4149 1927 4219 λέγων’

358 4255 379 4288 ι
410 4236 544 4290 Τότε
578 4236 823 4308 Ἡρώδης
853 4236 1031 4311 λάθρα
1061 4238 1295 4304 καλέσας
1325 4242 1453 4304 τοὺς
1482 4240 1737 4310 Μάγους,
1776 4242 1932 4313 ἠκρί-

353 4328 495 4382 ϐωσε
518 4330 646 4402 παρ’
682 4328 861 4384 αὐτῶν
899 4330 990 4385 τὸν
1026 4330 1214 4403 χρόνον
1257 4332 1351 4385 τοῦ
1400 4333 1723 4405 φαινομένου
1770 4334 1928 4387 ἀστέ-

357 4437 466 4491 ρος.
506 4440 525 4473 ι
594 4421 705 4475 Kal.
735 4422 811 4487 ὡς
843 4422 910 4477 ἂν
947 4422 1262 4495 ἀκριϐώσας
1312 4428 1441 4497 παρ’
1484 4425 1686 4489 αὐτῶν,
1744 4424 1929 4496 μαθὼν

352 4513 502 4576 ὅστις
547 4508 615 4583 ἦν
668 4507 820 4577 οὗτος
840 4552 856 4577 ,
900 4514 1039 4585 μετά
1082 4515 1145 4568 τὸ
1185 4516 1536 4588 ἀναχωρῆσαι
1587 4516 1760 4589 λάθρα
1804 4517 1930 4580 τοὺς

2033 3327 2163 3389 gant
2197 3336 2211 3373 :
2247 3336 2266 3369 ι
2296 3316 2400 3374 Ubi
2429 3327 2515 3374 est
2545 3318 2637 3389 qui
2672 3324 2837 3374 natus
2865 3326 2949 3374 est
2965 3333 3063 3373 rex
3097 3315 3448 3374 Judaeorum?
3475 3318 3608 3374 vidi-

2030 3425 2156 3468 mus
2184 3413 2328 3467 enim
2353 3413 2566 3467 stellam
2596 3411 2739 3480 ejus,
2779 3417 2834 3465 et
2864 3414 3116 3467 venimus
3147 3410 3375 3468 adorare
3401 3427 3561 3480 eum;
3591 3432 3611 3465 ι

2032 3518 2142 3558 non
2169 3510 2375 3568 tamen,
2424 3510 2484 3558 ut
2521 3502 2726 3573 aliquis
2758 3502 3162 3573 suspicabitur,
3224 3518 3401 3573 nuper
3423 3514 3615 3558 natum

2032 3591 2349 3663 designant,
2383 3593 2531 3648 circa
2588 3599 2804 3662 tempus
2828 3592 3088 3647 nimirum
3116 3608 3226 3663 quo
3247 3593 3351 3664 ipsi
3377 3594 3613 3649 interro-

2032 3689 2193 3753 gant;
2227 3683 2323 3740 sed
2354 3698 2478 3738 eum
2516 3685 2612 3755 qui
2664 3691 2781 3738 tum
2812 3692 2976 3741 natus
3010 3683 3192 3740 fuerat
3218 3698 3343 3740 cum
3374 3684 3510 3755 ipsis
3542 3684 3613 3742 si-

2031 3775 2136 3832 dus
2167 3775 2441 3847 apparuit.

2099 3867 2155 3922 2.
2186 3868 2462 3934 Quantum
2487 3881 2618 3924 vero
2660 3867 2922 3939 temporis
2951 3865 3187 3936 spatium
3222 3866 3365 3921 inter
3386 3865 3543 3921 sidus
3570 3881 3604 3921 a

2032 3956 2205 4030 Magis
2244 3957 2445 4025 visum,
2495 3956 2788 4014 Servatore
2846 3962 3038 4014 nostro
3104 3967 3387 4019 nascente,
3445 3961 3610 4025 atque

2029 4048 2229 4104 borum
2264 4046 2643 4120 Hierosolyma
2696 4045 2993 4103 adventum
3046 4044 3300 4110 ﬂuxerit,
3358 4044 3500 4100 idem
3554 4052 3610 4100 te

2030 4145 2249 4201 docebit
2275 4142 2611 4215 evangelista
2634 4142 2764 4198 dum
2795 4142 2908 4197 ait:
2948 4158 2968 4192 ι
3009 4139 3163 4195 Tunc
3197 4138 3438 4221 llerodes
3467 4137 3609 4192 clam

2029 4235 2241 4292 vocatis
2295 4235 2485 4306 Magis,
2560 4234 2847 4306 diligenter
2891 4231 3081 4288 didicit
3137 4230 3207 4285 ab
3260 4230 3341 4286 eis
3389 4235 3607 4301 tempus

2032 4328 2204 4384 stellae
2232 4342 2353 4398 quae
2384 4334 2714 4397 apparuerat
2734 4325 2835 4381 eis.
2881 4344 2900 4376 ι
2927 4323 3084 4390 Quod
3112 4338 3237 4377 cum
3269 4320 3606 4376 adamussim

2031 4420 2101 4476 ab
2130 4421 2197 4476 iis
2224 4419 2559 4483 rescivisset,
2593 4431 2826 4486 cumque
2855 4414 2996 4486 Magi
3035 4413 3102 4469 ab
3128 4428 3194 4470 eo
3224 4414 3364 4468 clam
3390 4427 3450 4469 se
3477 4411 3606 4468 sub-

2030 4511 2318 4567 duxissent
2350 4529 2367 4561 ι
2404 4510 2598 4566 videns
2628 4525 2687 4565 se
2721 4508 2964 4571 illusum,
3000 4506 3172 4561 iratus
3202 4513 3285 4560 est
3324 4502 3481 4558 valde
3507 4521 3521 4558 :
3553 4508 3608 4557 et

350 4602 576 4673 Μάγους
595 4646 609 4671 ,
648 4603 769 4657 ίδὼν
800 4605 882 4659 ὅτι
913 4607 1204 4680 ἐνεπαίχθη
1239 4608 1331 4661 ὑπ’
1360 4608 1557 4673 αὐτῶν,
1625 4627 1643 4660 ι
1673 4606 1927 4679 ἐθυμώθη

2033 4604 2256 4659 mittens
2286 4602 2489 4658 occidit
2518 4616 2710 4656 omnes
2740 4615 2960 4670 pueros.
3009 4599 3103 4668 qui
3135 4604 3293 4653 erant
3322 4594 3608 4650 Bethlehe-

348 4693 494 4761 λίαν,
534 4697 630 4750 καὶ
661 4698 988 4764 ἀποστείλας
1020 4701 1197 4754 ἀνεῖλε
1232 4702 1441 4767 πάντας
1483 4704 1609 4768 τοὺς
1648 4703 1843 4766 παῖδας
1871 4704 1930 4755 ὲν

353 4785 621 4860 Βηθλεὲμ,
654 4791 749 4843 καὶ
779 4793 836 4845 ὲν
869 4793 1004 4846 πᾶσι
1032 4796 1143 4856 τοῖς
1170 4794 1341 4864 ὁρίοις
1369 4794 1558 4864 αὐτῆς,
1593 4795 1701 4849 ἀπὸ
1725 4792 1932 4857 διετοῦς

353 4881 448 4935 καὶ
486 4883 800 4955 κατωτέρω,
838 4885 980 4939 κατὰ
1009 4884 1100 4938 τὸν
1147 4887 1336 4958 χρόνον
1374 4886 1434 4939 ὃν
1465 4885 1742 4958 ἡκρίϐωσε
1778 4884 1932 4956 παρά

352 4972 461 5026 τῶν
482 4973 708 5043 Μάγων.
725 4995 743 5027 ›
778 4975 987 5030 Οὐκοῦν
1012 4976 1191 5051 διετὴς
1215 4978 1405 5049 χρόνος
1437 4977 1536 5048 ἡδη
1567 4976 1931 5048 παρεληλύθει

353 5066 485 5139 ἀπὸ,
510 5066 608 5137 τῆς
654 5066 828 5138 Ἰησοῦ
875 5069 1140 5138 γενέσεως
1189 5071 1284 5124 καὶ
1326 5070 1418 5123 ἐπὶ
1459 5067 1558 5140 τὴν
1603 5067 1783 5139 ἄφιξιν
1822 5067 1929 5120 τῶν

353 5156 688 5228 εἰρημένων·
725 5159 827 5213 οὑκ
870 5159 979 5233 άρα
1018 5159 1278 5229 διαφωνεῖ
1318 5159 1390 5214 τά
1425 5161 1576 5232 παρά
1606 5163 1722 5224 τοῖς
1766 5162 1930 5232 ἱεροῖς

354 5247 784 5316 εύαγγελισταῖς,
818 5251 866 5302 εί
901 5252 930 5302 6
961 5250 1060 5321 μὲν
1091 5252 1306 5314 Λουκᾶς
1338 5252 1499 5324 ὀγδόῃ
1531 5251 1634 5322 τῆς
1661 5251 1929 5320 γενέσεως

354 5341 539 5414 ἡμέρᾳ
569 5340 757 5409 ἀνάγει
786 5341 949 5394 αὑτὸν
983 5342 1101 5413 ἀμα
1126 5345 1239 5407 τοῖς
1262 5342 1512 5411 γονεῦσιν
1545 5344 1626 5407 είς
1659 5343 1929 5413 Ἰερουσα-

354 5432 466 5505 λὴμ
483 5434 582 5506 τῆς
607 5434 716 5488 τῶν
744 5434 989 5505 νομίμων
1026 5435 1424 5508 ἐκπληρώσεως
1456 5436 1641 5499 ἕνεκα,
1674 5434 1929 5489 κάκεῖθεν

355 5526 557 5595 ἀπάγει
589 5528 683 5582 ἐπὶ
709 5527 807 5599 τὴν
834 5525 1113 5599 Ναζαρέθο
1150 5530 1178 5580 6
1217 5527 1273 5581 δὲ
1299 5528 1579 5591 Ματθαῖος
1617 5526 1755 5597 μετά
1778 5527 1927 5598 διετῆ

355 5618 543 5687 χρόνον
569 5621 893 5690 γενομένους
921 5618 1083 5673 πάλιν
1124 5621 1183 5674 ὲν
1203 5618 1451 5691 Βηθλεὲμ
1479 5618 1805 5692 ἀναγράφει,
1838 5619 1924 5671 ὲν-

427 5769 539 5847 (βε)
580 5771 658 5847 l_t_a
686 5775 857 5847 codex
892 5791 992 5847 pro
1021 5774 1135 5847 ἀλλ’
1164 5775 1199 5847 ἡ
1232 5775 1283 5846 ἡ.
1316 5774 1411 5847 S_ic
1454 5771 1918 5847 autemscribere

358 5840 577 5909 solitum
591 5840 1289 5911 Eusebiumknimadvértit
1304 5844 1743 5903 Montfauconius
1764 5841 1915 5910 praef.

2032 4696 2128 4759 mi,
2160 4702 2324 4764 atque
2345 4694 2399 4747 in
2429 4691 2645 4746 cunctis
2676 4689 2873 4745 finibus
2898 4689 3042 4759 ejus.
3068 4703 3099 4741 a
3126 4687 3333 4742 bimatu
3355 4693 3411 4738 et
3440 4681 3604 4747 infra,
3707 4748 3714 4755 υ

2030 4787 2332 4843 secundum
2380 4794 2594 4854 tempus
2645 4782 2790 4855 quod
2841 4780 3211 4853 exquisiverat
3259 4792 3291 4830 a
3340 4773 3531 4845 Magis.
3580 4791 3599 4823 ι

2030 4879 2317 4934 Biennium
2347 4891 2475 4947 ergo
2505 4876 2751 4944 elapsum
2784 4874 2964 4929 fuerat
2990 4886 3020 4925 a
3048 4868 3177 4925 Jcsu
3224 4865 3505 4933 nativitate
3534 4863 3602 4917 ad

2030 4969 2310 5040 Magorum
2346 4967 2662 5022 adventum.
2696 4963 2881 5035 Neque
2903 4959 3169 5018 dissident
3199 4955 3343 5012 sacri
3369 4968 3603 5023 evange-

2029 5061 2235 5131 gelistae
2259 5079 2274 5127 ;
2298 5057 2513 5116 etiamsi
2533 5055 2711 5112 Lucas
2733 5063 2928 5111 octavo
2953 5067 2983 5107 a
3014 5048 3299 5105 nativitate
3329 5046 3418 5102 die
3438 5045 3602 5099 ducat

2029 5168 2153 5208 eum
2215 5166 2339 5207 cum
2396 5149 2718 5221 parentibus
2797 5143 3175 5215 Hierosolyma
3237 5138 3599 5210 legitimorum

2029 5257 2195 5298 causa
2228 5240 2642 5312 explendorum,
2675 5243 2836 5305 atque
2868 5232 2994 5289 inde
3025 5227 3321 5286 transferat
3366 5224 3602 5279 Nazare-

2031 5336 2226 5400 thum;
2289 5332 2574 5387 Matthaeus
2632 5337 2809 5384 autem
2876 5331 2999 5396 post
3047 5320 3328 5381 biennium
3403 5332 3600 5374 rursus

2030 5426 2366 5483 Bethlebemi
2399 5430 2686 5479 versantcs
2713 5418 2958 5484 scribat;
2990 5424 3155 5485 atque
3184 5413 3313 5467 hinc
3342 5410 3399 5465 in
3431 5407 3599 5479 Egy-

2029 5529 2179 5590 ptum
2226 5517 2525 5574 secessisse
2577 5520 2798 5584 propter
2844 5509 2989 5580 regis
3022 5505 3273 5563 insidias.
3326 5500 3601 5560 Credibile

2029 5628 2157 5666 vero
2187 5619 2272 5666 est
2298 5625 2393 5666 eos
2427 5623 2536 5662 non
2571 5594 2813 5661 secundo
2864 5602 3040 5656 solum
3070 5594 3166 5653 sed
3224 5602 3603 5665 saepenumero

2026 5770 2092 5823 ad
2125 5764 2556 5825 commcntarios
2589 5758 2811 5817 Eusebii
2842 5755 3089 5829 ejusdem
3109 5754 3165 5810 in
3182 5751 3447 5824 psalmos,
3474 5760 3596 5818 cap.

2025 5841 2122 5894 ult.
