  <div class='ocr_page' id='page_1' title='image "/cluster/home/n/w/nwhite01/storage/ocr_20150623/22:no.4/coo.31924054873025/484.png"; bbox 0 0 2053 3161; ppageno 0'>
   <div class='ocr_carea' id='block_1_1' title="bbox 218 157 268 185">
    <p class='ocr_par' dir='ltr' id='par_1_1' title="bbox 218 157 268 185">
     <span class='ocr_line' id='line_1_1' title="bbox 218 157 268 185; baseline -0.04 0"><span class='ocrx_word' id='word_1_1' title='bbox 218 157 268 185; x_wconf 75' lang='grc' dir='ltr'><strong>9η</strong></span> 
     </span>
    </p>
   </div>
   <div class='ocr_carea' id='block_1_2' title="bbox 525 149 1010 187">
    <p class='ocr_par' dir='ltr' id='par_1_2' title="bbox 525 150 1005 187">
     <span class='ocr_line' id='line_1_2' title="bbox 525 150 1005 187; baseline -0.008 -6"><span class='ocrx_word' id='word_1_2' title='bbox 525 151 758 187; x_wconf 62' lang='grc' dir='ltr'><strong>ΩΗΕΞΤΙΟΝΕΞ</strong></span> <span class='ocrx_word' id='word_1_3' title='bbox 775 150 1005 178; x_wconf 68' lang='lat' dir='ltr'><strong>EVANGELICIE</strong></span> 
     </span>
    </p>
   </div>
   <div class='ocr_carea' id='block_1_3' title="bbox 1061 149 1568 187">
    <p class='ocr_par' dir='ltr' id='par_1_3' title="bbox 1061 149 1568 185">
     <span class='ocr_line' id='line_1_3' title="bbox 1061 149 1568 185; baseline -0.002 -6"><span class='ocrx_word' id='word_1_4' title='bbox 1061 167 1071 171; x_wconf 95' lang='lat'><em>-</em></span> <span class='ocrx_word' id='word_1_5' title='bbox 1091 150 1256 185; x_wconf 71' lang='lat' dir='ltr'><strong>QUASSTIO</strong></span> <span class='ocrx_word' id='word_1_6' title='bbox 1275 151 1296 178; x_wconf 92' lang='lat' dir='ltr'><strong>Il</strong></span> <span class='ocrx_word' id='word_1_7' title='bbox 1316 150 1361 177; x_wconf 78' lang='lat' dir='ltr'><strong>AD</strong></span> <span class='ocrx_word' id='word_1_8' title='bbox 1381 149 1568 179; x_wconf 57' lang='lat' dir='ltr'><strong>MARINUM.‘</strong></span> 
     </span>
    </p>
   </div>
   <div class='ocr_carea' id='block_1_4' title="bbox 1797 152 1848 179">
    <p class='ocr_par' dir='ltr' id='par_1_4' title="bbox 1797 152 1848 179">
     <span class='ocr_line' id='line_1_4' title="bbox 1797 152 1848 179; baseline -0.02 0"><span class='ocrx_word' id='word_1_9' title='bbox 1797 152 1848 179; x_wconf 66' lang='grc' dir='ltr'><strong>9η</strong></span> 
     </span>
    </p>
   </div>
   <div class='ocr_carea' id='block_1_5' title="bbox 221 211 1010 250">
    <p class='ocr_par' dir='ltr' id='par_1_5' title="bbox 221 211 1007 250">
     <span class='ocr_line' id='line_1_5' title="bbox 221 211 1007 250; baseline -0.005 -9"><span class='ocrx_word' id='word_1_10' title='bbox 221 214 289 250; x_wconf 73' lang='grc' dir='ltr'>μετὰ</span> <span class='ocrx_word' id='word_1_11' title='bbox 306 213 333 241; x_wconf 79' lang='grc' dir='ltr'>τὸ</span> <span class='ocrx_word' id='word_1_12' title='bbox 347 213 484 241; x_wconf 61' lang='grc' dir='ltr'>Μὸὁατον</span> <span class='ocrx_word' id='word_1_13' title='bbox 494 220 500 228; x_wconf 91' lang='grc'><strong>·</strong></span> <span class='ocrx_word' id='word_1_14' title='bbox 516 212 587 239; x_wconf 73' lang='grc' dir='ltr'>οὕτω</span> <span class='ocrx_word' id='word_1_15' title='bbox 602 212 656 248; x_wconf 85' lang='grc' dir='ltr'>γὰρ</span> <span class='ocrx_word' id='word_1_16' title='bbox 675 212 723 238; x_wconf 75' lang='grc' dir='ltr'><strong>καὶ</strong></span> <span class='ocrx_word' id='word_1_17' title='bbox 737 211 784 246; x_wconf 74' lang='grc' dir='ltr'><strong>ὀψὲ</strong></span> <span class='ocrx_word' id='word_1_18' title='bbox 798 212 846 246; x_wconf 84' lang='grc' dir='ltr'>τῆς</span> <span class='ocrx_word' id='word_1_19' title='bbox 860 212 934 247; x_wconf 81' lang='grc' dir='ltr'>ὥρας</span> <span class='ocrx_word' id='word_1_20' title='bbox 946 211 1007 237; x_wconf 74' lang='grc' dir='ltr'>εἰώ-</span> 
     </span>
    </p>
   </div>
   <div class='ocr_carea' id='block_1_6' title="bbox 1061 211 1849 250">
    <p class='ocr_par' dir='ltr' id='par_1_6' title="bbox 1061 211 1849 245">
     <span class='ocr_line' id='line_1_6' title="bbox 1061 211 1849 245; baseline 0 -7"><span class='ocrx_word' id='word_1_21' title='bbox 1061 211 1162 238; x_wconf 85' lang='lat' dir='ltr'><strong>batum.</strong></span> <span class='ocrx_word' id='word_1_22' title='bbox 1182 211 1228 238; x_wconf 84' lang='lat' dir='ltr'><strong>Sic</strong></span> <span class='ocrx_word' id='word_1_23' title='bbox 1244 212 1317 239; x_wconf 92' lang='lat' dir='ltr'><strong>enim</strong></span> <span class='ocrx_word' id='word_1_24' title='bbox 1331 215 1358 239; x_wconf 86' lang='lat' dir='ltr'><strong>et</strong></span> <span class='ocrx_word' id='word_1_25' title='bbox 1383 219 1445 239; x_wconf 91' lang='lat' dir='ltr'><strong>sero</strong></span> <span class='ocrx_word' id='word_1_26' title='bbox 1466 212 1539 239; x_wconf 68' lang='lat' dir='ltr'><strong>hora</strong></span> <span class='ocrx_word' id='word_1_27' title='bbox 1550 211 1670 240; x_wconf 78' lang='lat' dir='ltr'><strong>solemus</strong></span> <span class='ocrx_word' id='word_1_28' title='bbox 1684 211 1792 245; x_wconf 81' lang='lat' dir='ltr'><strong>dicere,</strong></span> <span class='ocrx_word' id='word_1_29' title='bbox 1822 217 1849 238; x_wconf 75' lang='lat' dir='ltr'><strong>ct</strong></span> 
     </span>
    </p>
   </div>
   <div class='ocr_carea' id='block_1_7' title="bbox 218 259 1005 298">
    <p class='ocr_par' dir='ltr' id='par_1_7' title="bbox 218 259 1005 298">
     <span class='ocr_line' id='line_1_7' title="bbox 218 259 1005 298; baseline -0.005 -10"><span class='ocrx_word' id='word_1_30' title='bbox 218 263 305 298; x_wconf 82' lang='grc' dir='ltr'>θαμεν</span> <span class='ocrx_word' id='word_1_31' title='bbox 313 262 403 296; x_wconf 87' lang='grc' dir='ltr'>λέγειν</span> <span class='ocrx_word' id='word_1_32' title='bbox 411 281 419 293; x_wconf 88' lang='lat'><strong>,</strong></span> <span class='ocrx_word' id='word_1_33' title='bbox 430 262 476 288; x_wconf 71' lang='grc' dir='ltr'><strong>καὶ</strong></span> <span class='ocrx_word' id='word_1_34' title='bbox 487 260 535 295; x_wconf 72' lang='grc' dir='ltr'><strong>ὀψὲ</strong></span> <span class='ocrx_word' id='word_1_35' title='bbox 547 259 593 286; x_wconf 80' lang='grc' dir='ltr'>τοῦ</span> <span class='ocrx_word' id='word_1_36' title='bbox 606 259 712 295; x_wconf 75' lang='grc' dir='ltr'>καιροῦ,</span> <span class='ocrx_word' id='word_1_37' title='bbox 720 260 767 286; x_wconf 81' lang='grc' dir='ltr'>καὶ</span> <span class='ocrx_word' id='word_1_38' title='bbox 779 259 827 293; x_wconf 68' lang='grc' dir='ltr'><strong>ὀψὲ</strong></span> <span class='ocrx_word' id='word_1_39' title='bbox 839 259 890 294; x_wconf 82' lang='grc' dir='ltr'>τῆς</span> <span class='ocrx_word' id='word_1_40' title='bbox 902 259 1005 294; x_wconf 85' lang='grc' dir='ltr'><strong>χρείας·</strong></span> 
     </span>
    </p>
   </div>
   <div class='ocr_carea' id='block_1_8' title="bbox 217 305 1006 344">
    <p class='ocr_par' dir='ltr' id='par_1_8' title="bbox 217 305 1006 344">
     <span class='ocr_line' id='line_1_8' title="bbox 217 305 1006 344; baseline -0.005 -9"><span class='ocrx_word' id='word_1_41' title='bbox 217 309 247 335; x_wconf 81' lang='grc' dir='ltr'>οὐ</span> <span class='ocrx_word' id='word_1_42' title='bbox 264 308 312 344; x_wconf 84' lang='grc' dir='ltr'>τὴν</span> <span class='ocrx_word' id='word_1_43' title='bbox 327 308 446 343; x_wconf 80' lang='grc' dir='ltr'><strong>ἑσπέραν</strong></span> <span class='ocrx_word' id='word_1_44' title='bbox 471 306 622 342; x_wconf 79' lang='grc' dir='ltr'><strong>δηλοῦντες,</strong></span> <span class='ocrx_word' id='word_1_45' title='bbox 638 306 697 332; x_wconf 79' lang='grc' dir='ltr'>οὐδὲ</span> <span class='ocrx_word' id='word_1_46' title='bbox 719 306 764 331; x_wconf 79' lang='grc' dir='ltr'>τὸν</span> <span class='ocrx_word' id='word_1_47' title='bbox 785 305 853 341; x_wconf 81' lang='grc' dir='ltr'>μετὰ</span> <span class='ocrx_word' id='word_1_48' title='bbox 868 305 942 340; x_wconf 81' lang='grc' dir='ltr'>ἡλίου</span> <span class='ocrx_word' id='word_1_49' title='bbox 960 306 1006 331; x_wconf 68' lang='grc' dir='ltr'><strong>δυ-</strong></span> 
     </span>
    </p>
   </div>
   <div class='ocr_carea' id='block_1_9' title="bbox 220 352 1007 391">
    <p class='ocr_par' dir='ltr' id='par_1_9' title="bbox 220 352 1007 391">
     <span class='ocr_line' id='line_1_9' title="bbox 220 352 1007 391; baseline -0.006 -9"><span class='ocrx_word' id='word_1_50' title='bbox 220 356 291 391; x_wconf 84' lang='grc' dir='ltr'>σμὰς</span> <span class='ocrx_word' id='word_1_51' title='bbox 303 355 408 390; x_wconf 77' lang='grc' dir='ltr'>χρόνον,</span> <span class='ocrx_word' id='word_1_52' title='bbox 417 354 447 380; x_wconf 73' lang='grc' dir='ltr'><strong>τὸ</strong></span> <span class='ocrx_word' id='word_1_53' title='bbox 457 353 485 380; x_wconf 73' lang='grc' dir='ltr'>δὲ</span> <span class='ocrx_word' id='word_1_54' title='bbox 502 353 606 388; x_wconf 73' lang='grc' dir='ltr'>σφόδρα</span> <span class='ocrx_word' id='word_1_55' title='bbox 615 353 721 388; x_wconf 77' lang='grc' dir='ltr'><strong>βράδιον</strong></span> <span class='ocrx_word' id='word_1_56' title='bbox 731 352 818 387; x_wconf 83' lang='grc' dir='ltr'>τούτῳ</span> <span class='ocrx_word' id='word_1_57' title='bbox 832 352 1007 387; x_wconf 72' lang='grc' dir='ltr'><strong>σημαίνοντες</strong></span> 
     </span>
    </p>
   </div>
   <div class='ocr_carea' id='block_1_10' title="bbox 218 399 1008 438">
    <p class='ocr_par' dir='ltr' id='par_1_10' title="bbox 218 399 1008 438">
     <span class='ocr_line' id='line_1_10' title="bbox 218 399 1008 438; baseline -0.006 -10"><span class='ocrx_word' id='word_1_58' title='bbox 218 402 256 437; x_wconf 78' lang='grc' dir='ltr'>τῷ</span> <span class='ocrx_word' id='word_1_59' title='bbox 266 402 358 438; x_wconf 80' lang='grc' dir='ltr'>τρόπῳ</span> <span class='ocrx_word' id='word_1_60' title='bbox 368 410 374 416; x_wconf 89' lang='grc'><strong>·</strong></span> <span class='ocrx_word' id='word_1_61' title='bbox 399 401 458 428; x_wconf 77' lang='grc' dir='ltr'>ὅθεν</span> <span class='ocrx_word' id='word_1_62' title='bbox 472 400 566 435; x_wconf 82' lang='grc' dir='ltr'>ὥσπερ</span> <span class='ocrx_word' id='word_1_63' title='bbox 587 399 773 434; x_wconf 79' lang='grc' dir='ltr'>διερμηνεύων</span> <span class='ocrx_word' id='word_1_64' title='bbox 788 399 868 431; x_wconf 71' lang='grc' dir='ltr'>αὐτὸς</span> <span class='ocrx_word' id='word_1_65' title='bbox 883 399 978 424; x_wconf 70' lang='grc' dir='ltr'>ἑαυτὸν</span> <span class='ocrx_word' id='word_1_66' title='bbox 994 399 1008 424; x_wconf 76' lang='grc' dir='ltr'>ὁ</span> 
     </span>
    </p>
   </div>
   <div class='ocr_carea' id='block_1_11' title="bbox 218 443 1008 484">
    <p class='ocr_par' dir='ltr' id='par_1_11' title="bbox 218 443 1008 484">
     <span class='ocr_line' id='line_1_11' title="bbox 218 443 1008 484; baseline -0.008 -9"><span class='ocrx_word' id='word_1_67' title='bbox 218 448 357 480; x_wconf 79' lang='grc' dir='ltr'>Ματθαϊος</span> <span class='ocrx_word' id='word_1_68' title='bbox 371 448 439 484; x_wconf 87' lang='grc' dir='ltr'>μετὰ</span> <span class='ocrx_word' id='word_1_69' title='bbox 450 447 480 474; x_wconf 81' lang='grc' dir='ltr'>τὸ</span> <span class='ocrx_word' id='word_1_70' title='bbox 497 446 555 481; x_wconf 71' lang='grc' dir='ltr'><strong>ὀψὲ</strong></span> <span class='ocrx_word' id='word_1_71' title='bbox 570 445 738 477; x_wconf 77' lang='grc' dir='ltr'>Σαϐϐάτων,</span> <span class='ocrx_word' id='word_1_72' title='bbox 753 445 875 480; x_wconf 74' lang='grc' dir='ltr'>ἐπήγαγε</span> <span class='ocrx_word' id='word_1_73' title='bbox 889 443 927 478; x_wconf 78' lang='grc' dir='ltr'><strong>τῇ</strong></span> <span class='ocrx_word' id='word_1_74' title='bbox 945 444 1008 470; x_wconf 74' lang='grc' dir='ltr'><strong>ἐπι-</strong></span> 
     </span>
    </p>
   </div>
   <div class='ocr_carea' id='block_1_12' title="bbox 219 490 1009 528">
    <p class='ocr_par' dir='ltr' id='par_1_12' title="bbox 219 490 1009 528">
     <span class='ocr_line' id='line_1_12' title="bbox 219 490 1009 528; baseline -0.005 -9"><span class='ocrx_word' id='word_1_75' title='bbox 219 494 384 527; x_wconf 70' lang='grc' dir='ltr'>φωσκούσῃ</span> <span class='ocrx_word' id='word_1_76' title='bbox 398 492 463 527; x_wconf 77' lang='grc' dir='ltr'>φησί</span> <span class='ocrx_word' id='word_1_77' title='bbox 474 500 480 507; x_wconf 83' lang='grc'><strong>·</strong></span> <span class='ocrx_word' id='word_1_78' title='bbox 493 492 595 528; x_wconf 83' lang='grc' dir='ltr'>δηλαδὴ</span> <span class='ocrx_word' id='word_1_79' title='bbox 607 491 666 527; x_wconf 71' lang='grc' dir='ltr'><strong>ὥρᾳ.</strong></span> <span class='ocrx_word' id='word_1_80' title='bbox 677 493 711 527; x_wconf 81' lang='grc' dir='ltr'>τῇ</span> <span class='ocrx_word' id='word_1_81' title='bbox 722 490 814 518; x_wconf 80' lang='grc' dir='ltr'>λοιπὸν</span> <span class='ocrx_word' id='word_1_82' title='bbox 830 490 881 525; x_wconf 73' lang='grc' dir='ltr'><strong>ἤδη</strong></span> <span class='ocrx_word' id='word_1_83' title='bbox 893 491 1009 524; x_wconf 78' lang='grc' dir='ltr'>ὑποφαι-</span> 
     </span>
    </p>
   </div>
   <div class='ocr_carea' id='block_1_13' title="bbox 219 536 1007 575">
    <p class='ocr_par' dir='ltr' id='par_1_13' title="bbox 219 536 1007 575">
     <span class='ocr_line' id='line_1_13' title="bbox 219 536 1007 575; baseline -0.005 -9"><span class='ocrx_word' id='word_1_84' title='bbox 219 540 312 575; x_wconf 83' lang='grc' dir='ltr'>νούσῃ,</span> <span class='ocrx_word' id='word_1_85' title='bbox 337 539 384 565; x_wconf 83' lang='grc' dir='ltr'><strong>καὶ</strong></span> <span class='ocrx_word' id='word_1_86' title='bbox 407 538 600 574; x_wconf 74' lang='grc' dir='ltr'><strong>ἐπιφωσκούσῃ</strong></span> <span class='ocrx_word' id='word_1_87' title='bbox 612 539 652 569; x_wconf 80' lang='grc' dir='ltr'>εὶς</span> <span class='ocrx_word' id='word_1_88' title='bbox 668 538 717 573; x_wconf 82' lang='grc' dir='ltr'>τὴν</span> <span class='ocrx_word' id='word_1_89' title='bbox 733 537 876 573; x_wconf 81' lang='grc' dir='ltr'>Κυριακὴν</span> <span class='ocrx_word' id='word_1_90' title='bbox 891 536 1007 572; x_wconf 78' lang='grc' dir='ltr'><strong>ἡμέραν,</strong></span> 
     </span>
    </p>
   </div>
   <div class='ocr_carea' id='block_1_14' title="bbox 219 582 1009 621">
    <p class='ocr_par' dir='ltr' id='par_1_14' title="bbox 219 582 1009 621">
     <span class='ocr_line' id='line_1_14' title="bbox 219 582 1009 621; baseline -0.003 -10"><span class='ocrx_word' id='word_1_91' title='bbox 219 586 278 620; x_wconf 77' lang='grc' dir='ltr'>ἥτις</span> <span class='ocrx_word' id='word_1_92' title='bbox 289 583 323 621; x_wconf 77' lang='grc' dir='ltr'>ἦν</span> <span class='ocrx_word' id='word_1_93' title='bbox 336 585 384 619; x_wconf 76' lang='grc' dir='ltr'><strong>ὀψὲ</strong></span> <span class='ocrx_word' id='word_1_94' title='bbox 398 585 445 611; x_wconf 77' lang='grc' dir='ltr'><strong>καὶ</strong></span> <span class='ocrx_word' id='word_1_95' title='bbox 458 584 552 619; x_wconf 75' lang='grc' dir='ltr'>πόρρω</span> <span class='ocrx_word' id='word_1_96' title='bbox 565 585 657 610; x_wconf 82' lang='grc' dir='ltr'>λοιπὸν</span> <span class='ocrx_word' id='word_1_97' title='bbox 672 584 819 610; x_wconf 76' lang='grc' dir='ltr'>έλαύνουσα</span> <span class='ocrx_word' id='word_1_98' title='bbox 834 582 887 610; x_wconf 80' lang='grc' dir='ltr'>τῶν</span> <span class='ocrx_word' id='word_1_99' title='bbox 904 582 1009 609; x_wconf 64' lang='lat'><strong>2:66:11-</strong></span> 
     </span>
    </p>
   </div>
   <div class='ocr_carea' id='block_1_15' title="bbox 219 629 1009 664">
    <p class='ocr_par' dir='ltr' id='par_1_15' title="bbox 219 629 1009 664">
     <span class='ocr_line' id='line_1_15' title="bbox 219 629 1009 664; baseline -0.004 -6"><span class='ocrx_word' id='word_1_100' title='bbox 219 639 287 658; x_wconf 79' lang='grc' dir='ltr'>των’</span> <span class='ocrx_word' id='word_1_101' title='bbox 303 631 426 657; x_wconf 83' lang='grc' dir='ltr'>λέλεκται</span> <span class='ocrx_word' id='word_1_102' title='bbox 442 631 470 656; x_wconf 83' lang='grc' dir='ltr'>δὲ</span> <span class='ocrx_word' id='word_1_103' title='bbox 488 630 545 664; x_wconf 75' lang='grc' dir='ltr'><strong>ὀψὲ</strong></span> <span class='ocrx_word' id='word_1_104' title='bbox 565 630 617 656; x_wconf 82' lang='grc' dir='ltr'>τοῦ</span> <span class='ocrx_word' id='word_1_105' title='bbox 634 630 787 657; x_wconf 76' lang='grc' dir='ltr'>Σαϐϐάτου</span> <span class='ocrx_word' id='word_1_106' title='bbox 802 629 877 664; x_wconf 73' lang='grc' dir='ltr'>παρὰ</span> <span class='ocrx_word' id='word_1_107' title='bbox 896 629 941 655; x_wconf 77' lang='grc' dir='ltr'>τοῦ</span> <span class='ocrx_word' id='word_1_108' title='bbox 964 629 1009 664; x_wconf 87' lang='grc' dir='ltr'>ἑρ-</span> 
     </span>
    </p>
   </div>
   <div class='ocr_carea' id='block_1_16' title="bbox 221 674 1009 711">
    <p class='ocr_par' dir='ltr' id='par_1_16' title="bbox 221 674 1009 711">
     <span class='ocr_line' id='line_1_16' title="bbox 221 674 1009 711; baseline -0.004 -9"><span class='ocrx_word' id='word_1_109' title='bbox 221 675 406 711; x_wconf 82' lang='grc' dir='ltr'>μηνεύσαντος</span> <span class='ocrx_word' id='word_1_110' title='bbox 429 676 478 709; x_wconf 80' lang='grc' dir='ltr'>τὴν</span> <span class='ocrx_word' id='word_1_111' title='bbox 495 676 622 711; x_wconf 83' lang='grc' dir='ltr'>Γραφήν·</span> <span class='ocrx_word' id='word_1_112' title='bbox 639 677 652 701; x_wconf 75' lang='grc' dir='ltr'>ὁ</span> <span class='ocrx_word' id='word_1_113' title='bbox 674 676 722 710; x_wconf 81' lang='grc' dir='ltr'>μὲν</span> <span class='ocrx_word' id='word_1_114' title='bbox 743 675 797 710; x_wconf 75' lang='grc' dir='ltr'>γὰρ</span> <span class='ocrx_word' id='word_1_115' title='bbox 815 674 1009 709; x_wconf 84' lang='grc' dir='ltr'>εὐαγγελιστὴς</span> 
     </span>
    </p>
   </div>
   <div class='ocr_carea' id='block_1_17' title="bbox 220 721 1006 758">
    <p class='ocr_par' dir='ltr' id='par_1_17' title="bbox 220 721 1006 758">
     <span class='ocr_line' id='line_1_17' title="bbox 220 721 1006 758; baseline -0.004 -9"><span class='ocrx_word' id='word_1_116' title='bbox 220 722 359 754; x_wconf 59' lang='grc' dir='ltr'>ἢῐατθαῖος</span> <span class='ocrx_word' id='word_1_117' title='bbox 382 722 503 757; x_wconf 76' lang='grc' dir='ltr'>Ἐϐραΐδι</span> <span class='ocrx_word' id='word_1_118' title='bbox 514 721 620 758; x_wconf 85' lang='grc' dir='ltr'><strong>γλώττῃ</strong></span> <span class='ocrx_word' id='word_1_119' title='bbox 634 721 775 756; x_wconf 79' lang='grc' dir='ltr'>παρέδωκε</span> <span class='ocrx_word' id='word_1_120' title='bbox 792 721 822 747; x_wconf 76' lang='grc' dir='ltr'>τὸ</span> <span class='ocrx_word' id='word_1_121' title='bbox 836 721 1006 755; x_wconf 81' lang='grc' dir='ltr'>εὐαγγέλιον·</span> 
     </span>
    </p>
   </div>
   <div class='ocr_carea' id='block_1_18' title="bbox 220 766 1010 802">
    <p class='ocr_par' dir='ltr' id='par_1_18' title="bbox 220 766 1010 802">
     <span class='ocr_line' id='line_1_18' title="bbox 220 766 1010 802; baseline -0.003 -8"><span class='ocrx_word' id='word_1_122' title='bbox 220 769 235 794; x_wconf 70' lang='grc' dir='ltr'>ὁ</span> <span class='ocrx_word' id='word_1_123' title='bbox 250 767 278 794; x_wconf 86' lang='grc' dir='ltr'>δὲ</span> <span class='ocrx_word' id='word_1_124' title='bbox 294 767 340 794; x_wconf 72' lang='grc' dir='ltr'><strong>ἐπὶ</strong></span> <span class='ocrx_word' id='word_1_125' title='bbox 354 768 404 802; x_wconf 80' lang='grc' dir='ltr'>τὴν</span> <span class='ocrx_word' id='word_1_126' title='bbox 420 767 552 801; x_wconf 83' lang='grc' dir='ltr'><strong>Ἐλλήνων</strong></span> <span class='ocrx_word' id='word_1_127' title='bbox 578 767 668 802; x_wconf 76' lang='grc' dir='ltr'>φωνὴν</span> <span class='ocrx_word' id='word_1_128' title='bbox 693 766 850 801; x_wconf 73' lang='grc' dir='ltr'>μεταϐαλὼν</span> <span class='ocrx_word' id='word_1_129' title='bbox 867 766 943 799; x_wconf 77' lang='grc' dir='ltr'>αὐτὸ,</span> <span class='ocrx_word' id='word_1_130' title='bbox 960 767 1010 801; x_wconf 78' lang='grc' dir='ltr'>τὴν</span> 
     </span>
    </p>
   </div>
   <div class='ocr_carea' id='block_1_19' title="bbox 221 811 1011 849">
    <p class='ocr_par' dir='ltr' id='par_1_19' title="bbox 221 811 1011 849">
     <span class='ocr_line' id='line_1_19' title="bbox 221 811 1011 849; baseline -0.003 -9"><span class='ocrx_word' id='word_1_131' title='bbox 221 813 429 848; x_wconf 81' lang='grc' dir='ltr'>ὲπιφωσκοῦσαν</span> <span class='ocrx_word' id='word_1_132' title='bbox 446 813 518 849; x_wconf 84' lang='grc' dir='ltr'>ὥραν</span> <span class='ocrx_word' id='word_1_133' title='bbox 534 814 573 845; x_wconf 79' lang='grc' dir='ltr'>εἰς</span> <span class='ocrx_word' id='word_1_134' title='bbox 590 814 639 848; x_wconf 87' lang='grc' dir='ltr'>τὴν</span> <span class='ocrx_word' id='word_1_135' title='bbox 656 813 798 848; x_wconf 75' lang='grc' dir='ltr'>Κυριακὴν</span> <span class='ocrx_word' id='word_1_136' title='bbox 816 812 933 848; x_wconf 83' lang='grc' dir='ltr'>ἡμέραν,</span> <span class='ocrx_word' id='word_1_137' title='bbox 953 811 1011 846; x_wconf 75' lang='grc' dir='ltr'><strong>ὀψὲ</strong></span> 
     </span>
    </p>
   </div>
   <div class='ocr_carea' id='block_1_20' title="bbox 219 859 1012 899">
    <p class='ocr_par' dir='ltr' id='par_1_20' title="bbox 219 859 1012 899">
     <span class='ocr_line' id='line_1_20' title="bbox 219 859 1012 899; baseline -0.004 -12"><span class='ocrx_word' id='word_1_138' title='bbox 219 860 377 899; x_wconf 57' lang='grc' dir='ltr'>Σαϐϐάτωττ</span> <span class='ocrx_word' id='word_1_139' title='bbox 399 861 560 896; x_wconf 82' lang='grc' dir='ltr'><strong>προσεῖπεν·</strong></span> <span class='ocrx_word' id='word_1_140' title='bbox 578 859 648 886; x_wconf 83' lang='grc' dir='ltr'>ὥστε</span> <span class='ocrx_word' id='word_1_141' title='bbox 669 859 714 886; x_wconf 81' lang='grc' dir='ltr'>τὸν</span> <span class='ocrx_word' id='word_1_142' title='bbox 730 859 811 885; x_wconf 78' lang='grc' dir='ltr'>αὐτὸν</span> <span class='ocrx_word' id='word_1_143' title='bbox 829 859 922 894; x_wconf 80' lang='grc' dir='ltr'>σχεδὸν</span> <span class='ocrx_word' id='word_1_144' title='bbox 944 859 1012 884; x_wconf 80' lang='grc' dir='ltr'>νοεῖ-</span> 
     </span>
    </p>
   </div>
   <div class='ocr_carea' id='block_1_21' title="bbox 221 897 1045 941">
    <p class='ocr_par' dir='ltr' id='par_1_21' title="bbox 221 897 1045 941">
     <span class='ocr_line' id='line_1_21' title="bbox 221 897 1045 941; baseline -0.002 -9"><span class='ocrx_word' id='word_1_145' title='bbox 221 905 283 932; x_wconf 83' lang='grc' dir='ltr'>σθαι</span> <span class='ocrx_word' id='word_1_146' title='bbox 305 897 410 941; x_wconf 61' lang='grc' dir='ltr'>καιρδν,</span> <span class='ocrx_word' id='word_1_147' title='bbox 428 905 443 941; x_wconf 86' lang='grc' dir='ltr'>ἢ</span> <span class='ocrx_word' id='word_1_148' title='bbox 461 905 505 932; x_wconf 80' lang='grc' dir='ltr'>τὸν</span> <span class='ocrx_word' id='word_1_149' title='bbox 521 905 623 941; x_wconf 74' lang='grc' dir='ltr'>σφόδρα</span> <span class='ocrx_word' id='word_1_150' title='bbox 638 905 721 939; x_wconf 75' lang='grc' dir='ltr'><strong>ἐγγὺς</strong></span> <span class='ocrx_word' id='word_1_151' title='bbox 735 905 809 940; x_wconf 77' lang='grc' dir='ltr'>παρὰ</span> <span class='ocrx_word' id='word_1_152' title='bbox 825 907 880 936; x_wconf 87' lang='grc' dir='ltr'>τοῖς</span> <span class='ocrx_word' id='word_1_153' title='bbox 897 905 1010 938; x_wconf 73' lang='grc' dir='ltr'>εὐαγγε-</span> <span class='ocrx_word' id='word_1_154' title='bbox 1024 897 1045 923; x_wconf 76' lang='grc' dir='ltr'><strong>Β</strong></span> 
     </span>
    </p>
   </div>
   <div class='ocr_carea' id='block_1_22' title="bbox 221 950 1010 987">
    <p class='ocr_par' dir='ltr' id='par_1_22' title="bbox 221 950 1010 987">
     <span class='ocr_line' id='line_1_22' title="bbox 221 950 1010 987; baseline -0.003 -9"><span class='ocrx_word' id='word_1_155' title='bbox 221 952 325 983; x_wconf 80' lang='grc' dir='ltr'>λισταῖς</span> <span class='ocrx_word' id='word_1_156' title='bbox 338 952 475 986; x_wconf 81' lang='grc' dir='ltr'>διαφόροις</span> <span class='ocrx_word' id='word_1_157' title='bbox 485 951 598 986; x_wconf 83' lang='grc' dir='ltr'>ὀνόμασι</span> <span class='ocrx_word' id='word_1_158' title='bbox 611 952 809 987; x_wconf 84' lang='grc' dir='ltr'>τετηρημένον·</span> <span class='ocrx_word' id='word_1_159' title='bbox 822 951 904 986; x_wconf 82' lang='grc' dir='ltr'>μηδέν</span> <span class='ocrx_word' id='word_1_160' title='bbox 912 959 941 976; x_wconf 83' lang='grc' dir='ltr'><strong>τε</strong></span> <span class='ocrx_word' id='word_1_161' title='bbox 952 950 1010 977; x_wconf 87' lang='grc' dir='ltr'>δια-</span> 
     </span>
    </p>
   </div>
   <div class='ocr_carea' id='block_1_23' title="bbox 221 997 1009 1033">
    <p class='ocr_par' dir='ltr' id='par_1_23' title="bbox 221 997 1009 1033">
     <span class='ocr_line' id='line_1_23' title="bbox 221 997 1009 1033; baseline -0.001 -9"><span class='ocrx_word' id='word_1_162' title='bbox 221 998 313 1033; x_wconf 78' lang='grc' dir='ltr'>φέρειν</span> <span class='ocrx_word' id='word_1_163' title='bbox 335 997 472 1024; x_wconf 82' lang='grc' dir='ltr'>Ματθαῖον</span> <span class='ocrx_word' id='word_1_164' title='bbox 489 998 628 1032; x_wconf 86' lang='grc' dir='ltr'>εἰρηκότα·</span> <span class='ocrx_word' id='word_1_165' title='bbox 645 1007 654 1022; x_wconf 76' lang='grc' dir='ltr'><strong>ι</strong></span> <span class='ocrx_word' id='word_1_166' title='bbox 674 997 736 1032; x_wconf 71' lang='grc' dir='ltr'><strong>Ὀψὲ</strong></span> <span class='ocrx_word' id='word_1_167' title='bbox 763 998 792 1023; x_wconf 86' lang='grc' dir='ltr'>δὲ</span> <span class='ocrx_word' id='word_1_168' title='bbox 814 997 960 1024; x_wconf 73' lang='grc' dir='ltr'>Σαϐϐάτων</span> <span class='ocrx_word' id='word_1_169' title='bbox 977 998 1009 1032; x_wconf 86' lang='grc' dir='ltr'><strong>τῇ</strong></span> 
     </span>
    </p>
   </div>
   <div class='ocr_carea' id='block_1_24' title="bbox 221 1042 1010 1080">
    <p class='ocr_par' dir='ltr' id='par_1_24' title="bbox 221 1042 1010 1080">
     <span class='ocr_line' id='line_1_24' title="bbox 221 1042 1010 1080; baseline 0 -10"><span class='ocrx_word' id='word_1_170' title='bbox 221 1044 415 1080; x_wconf 73' lang='grc' dir='ltr'><strong>ἐπιφωσκούσῃ</strong></span> <span class='ocrx_word' id='word_1_171' title='bbox 444 1045 483 1076; x_wconf 75' lang='grc' dir='ltr'>εἰς</span> <span class='ocrx_word' id='word_1_172' title='bbox 515 1045 578 1079; x_wconf 80' lang='grc' dir='ltr'>μίαν</span> <span class='ocrx_word' id='word_1_173' title='bbox 602 1043 749 1070; x_wconf 77' lang='grc' dir='ltr'>Σαϐϐάτων</span> <span class='ocrx_word' id='word_1_174' title='bbox 770 1042 835 1080; x_wconf 82' lang='grc' dir='ltr'>ἦλθε</span> <span class='ocrx_word' id='word_1_175' title='bbox 869 1044 963 1080; x_wconf 88' lang='grc' dir='ltr'>Μαρία</span> <span class='ocrx_word' id='word_1_176' title='bbox 994 1044 1010 1079; x_wconf 83' lang='grc' dir='ltr'>ἡ</span> 
     </span>
    </p>
   </div>
   <div class='ocr_carea' id='block_1_25' title="bbox 220 1089 1011 1127">
    <p class='ocr_par' dir='ltr' id='par_1_25' title="bbox 220 1089 1011 1127">
     <span class='ocr_line' id='line_1_25' title="bbox 220 1089 1011 1127; baseline -0.001 -10"><span class='ocrx_word' id='word_1_177' title='bbox 220 1091 386 1126; x_wconf 75' lang='grc' dir='ltr'>’Μαγδαληνὴ</span> <span class='ocrx_word' id='word_1_178' title='bbox 415 1092 462 1118; x_wconf 78' lang='grc' dir='ltr'><strong>καὶ</strong></span> <span class='ocrx_word' id='word_1_179' title='bbox 481 1092 497 1127; x_wconf 85' lang='grc' dir='ltr'><strong>ἡ</strong></span> <span class='ocrx_word' id='word_1_180' title='bbox 522 1091 588 1126; x_wconf 81' lang='grc' dir='ltr'>ἄλλη</span> <span class='ocrx_word' id='word_1_181' title='bbox 614 1091 708 1127; x_wconf 89' lang='grc' dir='ltr'>Μαρία</span> <span class='ocrx_word' id='word_1_182' title='bbox 730 1090 867 1126; x_wconf 78' lang='grc' dir='ltr'>θεωρῆσαι</span> <span class='ocrx_word' id='word_1_183' title='bbox 895 1090 940 1116; x_wconf 73' lang='grc' dir='ltr'><strong>τὸν</strong></span> <span class='ocrx_word' id='word_1_184' title='bbox 963 1089 1011 1116; x_wconf 85' lang='grc' dir='ltr'>τά-</span> 
     </span>
    </p>
   </div>
   <div class='ocr_carea' id='block_1_26' title="bbox 222 1135 1013 1172">
    <p class='ocr_par' dir='ltr' id='par_1_26' title="bbox 222 1135 1013 1172">
     <span class='ocr_line' id='line_1_26' title="bbox 222 1135 1013 1172; baseline -0.003 -8"><span class='ocrx_word' id='word_1_185' title='bbox 222 1146 280 1171; x_wconf 64' lang='grc' dir='ltr'>φον,</span> <span class='ocrx_word' id='word_1_186' title='bbox 298 1148 307 1163; x_wconf 72' lang='grc' dir='ltr'><strong>ι</strong></span> <span class='ocrx_word' id='word_1_187' title='bbox 329 1137 450 1164; x_wconf 79' lang='grc' dir='ltr'>Ἰωάννου</span> <span class='ocrx_word' id='word_1_188' title='bbox 468 1138 601 1172; x_wconf 87' lang='grc' dir='ltr'>φήσαντος</span> <span class='ocrx_word' id='word_1_189' title='bbox 617 1146 623 1152; x_wconf 90' lang='grc'><strong>·</strong></span> <span class='ocrx_word' id='word_1_190' title='bbox 644 1146 653 1162; x_wconf 76' lang='grc' dir='ltr'><strong>ι</strong></span> <span class='ocrx_word' id='word_1_191' title='bbox 676 1138 710 1172; x_wconf 80' lang='grc' dir='ltr'>τῇ</span> <span class='ocrx_word' id='word_1_192' title='bbox 726 1137 754 1163; x_wconf 79' lang='grc' dir='ltr'>δὲ</span> <span class='ocrx_word' id='word_1_193' title='bbox 772 1137 822 1172; x_wconf 79' lang='grc' dir='ltr'><strong>μιᾷ</strong></span> <span class='ocrx_word' id='word_1_194' title='bbox 837 1136 890 1163; x_wconf 84' lang='grc' dir='ltr'>τῶν</span> <span class='ocrx_word' id='word_1_195' title='bbox 907 1135 1013 1162; x_wconf 70' lang='grc' dir='ltr'><strong>Σαῦὄάμ</strong></span> 
     </span>
    </p>
   </div>
   <div class='ocr_carea' id='block_1_27' title="bbox 221 1179 1012 1219">
    <p class='ocr_par' dir='ltr' id='par_1_27' title="bbox 221 1179 1012 1219">
     <span class='ocr_line' id='line_1_27' title="bbox 221 1179 1012 1219; baseline 0 -10"><span class='ocrx_word' id='word_1_196' title='bbox 221 1192 275 1210; x_wconf 76' lang='grc' dir='ltr'><strong>των</strong></span> <span class='ocrx_word' id='word_1_197' title='bbox 291 1183 399 1218; x_wconf 73' lang='grc' dir='ltr'>ἔρχεται</span> <span class='ocrx_word' id='word_1_198' title='bbox 413 1183 506 1218; x_wconf 78' lang='grc' dir='ltr'>Μαρία</span> <span class='ocrx_word' id='word_1_199' title='bbox 525 1184 542 1218; x_wconf 84' lang='grc' dir='ltr'>ὴ</span> <span class='ocrx_word' id='word_1_200' title='bbox 553 1179 721 1218; x_wconf 79' lang='grc' dir='ltr'>Μαγδαληνὴ</span> <span class='ocrx_word' id='word_1_201' title='bbox 735 1182 806 1219; x_wconf 72' lang='grc' dir='ltr'>πρωῒ</span> <span class='ocrx_word' id='word_1_202' title='bbox 822 1184 861 1214; x_wconf 79' lang='grc' dir='ltr'><strong>εἰς</strong></span> <span class='ocrx_word' id='word_1_203' title='bbox 887 1183 917 1209; x_wconf 78' lang='grc' dir='ltr'><strong>τὺ</strong></span> <span class='ocrx_word' id='word_1_204' title='bbox 944 1191 1012 1218; x_wconf 86' lang='grc' dir='ltr'>μνη-</span> 
     </span>
    </p>
   </div>
   <div class='ocr_carea' id='block_1_28' title="bbox 222 1228 1011 1265">
    <p class='ocr_par' dir='ltr' id='par_1_28' title="bbox 222 1228 1011 1265">
     <span class='ocr_line' id='line_1_28' title="bbox 222 1228 1011 1265; baseline -0.001 -9"><span class='ocrx_word' id='word_1_205' title='bbox 222 1231 307 1264; x_wconf 76' lang='grc' dir='ltr'>μεῖον,</span> <span class='ocrx_word' id='word_1_206' title='bbox 330 1229 370 1256; x_wconf 81' lang='grc' dir='ltr'><strong>ἔτι</strong></span> <span class='ocrx_word' id='word_1_207' title='bbox 385 1228 469 1264; x_wconf 75' lang='grc' dir='ltr'>οὔσης</span> <span class='ocrx_word' id='word_1_208' title='bbox 493 1229 610 1261; x_wconf 81' lang='grc' dir='ltr'>σκοτίας.</span> <span class='ocrx_word' id='word_1_209' title='bbox 630 1239 639 1255; x_wconf 82' lang='grc'>›</span> <span class='ocrx_word' id='word_1_210' title='bbox 658 1229 805 1261; x_wconf 83' lang='grc' dir='ltr'>Πλατυκὼς</span> <span class='ocrx_word' id='word_1_211' title='bbox 821 1229 875 1265; x_wconf 88' lang='grc' dir='ltr'><strong>γὰρ</strong></span> <span class='ocrx_word' id='word_1_212' title='bbox 896 1229 944 1256; x_wconf 81' lang='grc' dir='ltr'>’ἐνα</span> <span class='ocrx_word' id='word_1_213' title='bbox 964 1228 1011 1255; x_wconf 69' lang='grc' dir='ltr'><strong>καὶ</strong></span> 
     </span>
    </p>
   </div>
   <div class='ocr_carea' id='block_1_29' title="bbox 221 1275 1011 1312">
    <p class='ocr_par' dir='ltr' id='par_1_29' title="bbox 221 1275 1011 1312">
     <span class='ocr_line' id='line_1_29' title="bbox 221 1275 1011 1312; baseline -0.003 -10"><span class='ocrx_word' id='word_1_214' title='bbox 221 1276 266 1302; x_wconf 76' lang='grc' dir='ltr'>τὸν</span> <span class='ocrx_word' id='word_1_215' title='bbox 284 1275 364 1302; x_wconf 79' lang='grc' dir='ltr'>αὑτὸν</span> <span class='ocrx_word' id='word_1_216' title='bbox 381 1275 489 1311; x_wconf 78' lang='grc' dir='ltr'>δηλοῦσι</span> <span class='ocrx_word' id='word_1_217' title='bbox 512 1276 567 1311; x_wconf 82' lang='grc'><strong>(50)</strong></span> <span class='ocrx_word' id='word_1_218' title='bbox 583 1276 678 1312; x_wconf 85' lang='grc' dir='ltr'>χρόνον</span> <span class='ocrx_word' id='word_1_219' title='bbox 699 1275 837 1311; x_wconf 74' lang='grc' dir='ltr'>διαφόροις</span> <span class='ocrx_word' id='word_1_220' title='bbox 860 1275 980 1310; x_wconf 78' lang='grc' dir='ltr'>ῥήμασι·</span> <span class='ocrx_word' id='word_1_221' title='bbox 998 1276 1011 1300; x_wconf 84' lang='grc' dir='ltr'>ὁ</span> 
     </span>
    </p>
   </div>
   <div class='ocr_carea' id='block_1_30' title="bbox 224 1319 1009 1356">
    <p class='ocr_par' dir='ltr' id='par_1_30' title="bbox 224 1319 1009 1356">
     <span class='ocr_line' id='line_1_30' title="bbox 224 1319 1009 1356; baseline -0.001 -9"><span class='ocrx_word' id='word_1_222' title='bbox 224 1321 273 1356; x_wconf 75' lang='grc' dir='ltr'>μὲν</span> <span class='ocrx_word' id='word_1_223' title='bbox 284 1321 423 1353; x_wconf 79' lang='grc' dir='ltr'>Ματθαίος</span> <span class='ocrx_word' id='word_1_224' title='bbox 438 1320 505 1355; x_wconf 73' lang='grc' dir='ltr'><strong>ὀψὲ,</strong></span> <span class='ocrx_word' id='word_1_225' title='bbox 521 1321 580 1347; x_wconf 78' lang='grc' dir='ltr'>ἀντὶ</span> <span class='ocrx_word' id='word_1_226' title='bbox 595 1321 641 1347; x_wconf 81' lang='grc' dir='ltr'>τοῦ</span> <span class='ocrx_word' id='word_1_227' title='bbox 654 1320 783 1354; x_wconf 75' lang='grc' dir='ltr'>,ϐράδιον</span> <span class='ocrx_word' id='word_1_228' title='bbox 794 1329 801 1335; x_wconf 71' lang='grc' dir='ltr'><strong><em>ο</em></strong></span> <span class='ocrx_word' id='word_1_229' title='bbox 820 1320 867 1347; x_wconf 76' lang='grc' dir='ltr'><strong>καὶ</strong></span> <span class='ocrx_word' id='word_1_230' title='bbox 884 1320 941 1354; x_wconf 68' lang='grc' dir='ltr'><strong>ὀψὲ</strong></span> <span class='ocrx_word' id='word_1_231' title='bbox 956 1319 1009 1353; x_wconf 79' lang='grc' dir='ltr'><strong>τῆς</strong></span> 
     </span>
    </p>
   </div>
   <div class='ocr_carea' id='block_1_31' title="bbox 221 1364 1012 1401">
    <p class='ocr_par' dir='ltr' id='par_1_31' title="bbox 221 1364 1012 1401">
     <span class='ocr_line' id='line_1_31' title="bbox 221 1364 1012 1401; baseline -0.001 -10"><span class='ocrx_word' id='word_1_232' title='bbox 221 1365 332 1398; x_wconf 77' lang='grc' dir='ltr'>νυκτὸς</span> <span class='ocrx_word' id='word_1_233' title='bbox 351 1365 485 1400; x_wconf 81' lang='grc' dir='ltr'>ὀνομάσας</span> <span class='ocrx_word' id='word_1_234' title='bbox 504 1366 587 1399; x_wconf 77' lang='grc' dir='ltr'>πρωῒ,</span> <span class='ocrx_word' id='word_1_235' title='bbox 605 1367 619 1392; x_wconf 88' lang='grc' dir='ltr'><strong>ό</strong></span> <span class='ocrx_word' id='word_1_236' title='bbox 637 1365 823 1401; x_wconf 82' lang='grc' dir='ltr'>διερμηνεὺων</span> <span class='ocrx_word' id='word_1_237' title='bbox 842 1365 965 1400; x_wconf 87' lang='grc' dir='ltr'>ἑπήγαγε</span> <span class='ocrx_word' id='word_1_238' title='bbox 982 1364 1012 1390; x_wconf 84' lang='grc' dir='ltr'><strong>τὸ</strong></span> 
     </span>
    </p>
   </div>
   <div class='ocr_carea' id='block_1_32' title="bbox 220 1410 1011 1448">
    <p class='ocr_par' dir='ltr' id='par_1_32' title="bbox 220 1410 1011 1448">
     <span class='ocr_line' id='line_1_32' title="bbox 220 1410 1011 1448; baseline -0.001 -11"><span class='ocrx_word' id='word_1_239' title='bbox 220 1410 345 1444; x_wconf 79' lang='grc' dir='ltr'><strong>σκοτίας</strong></span> <span class='ocrx_word' id='word_1_240' title='bbox 360 1412 467 1445; x_wconf 81' lang='grc' dir='ltr'>οὔσης,</span> <span class='ocrx_word' id='word_1_241' title='bbox 486 1411 529 1438; x_wconf 85' lang='grc' dir='ltr'>ἵνα</span> <span class='ocrx_word' id='word_1_242' title='bbox 547 1412 583 1447; x_wconf 89' lang='grc' dir='ltr'>μή</span> <span class='ocrx_word' id='word_1_243' title='bbox 600 1421 642 1443; x_wconf 86' lang='grc' dir='ltr'><strong>τις</strong></span> <span class='ocrx_word' id='word_1_244' title='bbox 658 1412 703 1438; x_wconf 80' lang='grc' dir='ltr'><strong>τὸν</strong></span> <span class='ocrx_word' id='word_1_245' title='bbox 720 1411 817 1448; x_wconf 78' lang='grc' dir='ltr'>δρθρον</span> <span class='ocrx_word' id='word_1_246' title='bbox 830 1411 919 1445; x_wconf 87' lang='grc' dir='ltr'>λέγειν</span> <span class='ocrx_word' id='word_1_247' title='bbox 931 1411 1011 1437; x_wconf 63' lang='grc' dir='ltr'>αὑτὸν</span> 
     </span>
    </p>
   </div>
   <div class='ocr_carea' id='block_1_33' title="bbox 221 1457 1010 1493">
    <p class='ocr_par' dir='ltr' id='par_1_33' title="bbox 221 1457 1010 1493">
     <span class='ocr_line' id='line_1_33' title="bbox 221 1457 1010 1493; baseline 0 -10"><span class='ocrx_word' id='word_1_248' title='bbox 221 1457 368 1484; x_wconf 75' lang='grc' dir='ltr'>ὑπολάϐοι·</span> <span class='ocrx_word' id='word_1_249' title='bbox 385 1457 422 1489; x_wconf 84' lang='grc' dir='ltr'>ὡς</span> <span class='ocrx_word' id='word_1_250' title='bbox 440 1458 487 1484; x_wconf 77' lang='grc' dir='ltr'><strong>καὶ</strong></span> <span class='ocrx_word' id='word_1_251' title='bbox 506 1457 520 1483; x_wconf 80' lang='grc' dir='ltr'>ὁ</span> <span class='ocrx_word' id='word_1_252' title='bbox 540 1457 679 1490; x_wconf 74' lang='grc' dir='ltr'>Ματῧαῖος</span> <span class='ocrx_word' id='word_1_253' title='bbox 698 1457 737 1493; x_wconf 77' lang='grc' dir='ltr'>τῷ</span> <span class='ocrx_word' id='word_1_254' title='bbox 762 1457 819 1491; x_wconf 71' lang='grc' dir='ltr'><strong>ὀψὲ</strong></span> <span class='ocrx_word' id='word_1_255' title='bbox 845 1457 1010 1488; x_wconf 77' lang='grc' dir='ltr'>Σαϐϐάτων,</span> 
     </span>
    </p>
   </div>
   <div class='ocr_carea' id='block_1_34' title="bbox 221 1502 1010 1540">
    <p class='ocr_par' dir='ltr' id='par_1_34' title="bbox 221 1502 1010 1540">
     <span class='ocr_line' id='line_1_34' title="bbox 221 1502 1010 1540; baseline 0 -11"><span class='ocrx_word' id='word_1_256' title='bbox 221 1503 265 1529; x_wconf 74' lang='grc' dir='ltr'><strong>ἵνα</strong></span> <span class='ocrx_word' id='word_1_257' title='bbox 289 1503 326 1539; x_wconf 86' lang='grc' dir='ltr'>μὴ</span> <span class='ocrx_word' id='word_1_258' title='bbox 349 1503 397 1538; x_wconf 85' lang='grc' dir='ltr'>τὴν</span> <span class='ocrx_word' id='word_1_259' title='bbox 414 1504 559 1539; x_wconf 84' lang='grc' dir='ltr'>ἑσπερινὴν</span> <span class='ocrx_word' id='word_1_260' title='bbox 577 1504 651 1540; x_wconf 82' lang='grc' dir='ltr'>ὥραν</span> <span class='ocrx_word' id='word_1_261' title='bbox 679 1504 799 1538; x_wconf 78' lang='grc' dir='ltr'>νομίσειέ</span> <span class='ocrx_word' id='word_1_262' title='bbox 819 1512 861 1535; x_wconf 86' lang='grc' dir='ltr'><strong>τις</strong></span> <span class='ocrx_word' id='word_1_263' title='bbox 874 1502 1010 1538; x_wconf 78' lang='grc' dir='ltr'>λέγεσθαι,</span> 
     </span>
    </p>
   </div>
   <div class='ocr_carea' id='block_1_35' title="bbox 1059 258 1849 292">
    <p class='ocr_par' dir='ltr' id='par_1_35' title="bbox 1059 258 1849 292">
     <span class='ocr_line' id='line_1_35' title="bbox 1059 258 1849 292; baseline 0 -8"><span class='ocrx_word' id='word_1_264' title='bbox 1059 265 1121 284; x_wconf 89' lang='lat' dir='ltr'><strong>sero</strong></span> <span class='ocrx_word' id='word_1_265' title='bbox 1137 258 1279 292; x_wconf 82' lang='lat' dir='ltr'><strong>temporis,</strong></span> <span class='ocrx_word' id='word_1_266' title='bbox 1294 261 1321 285; x_wconf 91' lang='lat' dir='ltr'><strong>et</strong></span> <span class='ocrx_word' id='word_1_267' title='bbox 1337 258 1426 285; x_wconf 84' lang='lat' dir='ltr'><strong>serius</strong></span> <span class='ocrx_word' id='word_1_268' title='bbox 1441 264 1523 292; x_wconf 87' lang='lat' dir='ltr'><strong>quam</strong></span> <span class='ocrx_word' id='word_1_269' title='bbox 1546 258 1586 285; x_wconf 87' lang='lat' dir='ltr'><strong>rei</strong></span> <span class='ocrx_word' id='word_1_270' title='bbox 1603 265 1671 285; x_wconf 90' lang='lat' dir='ltr'><strong>usus</strong></span> <span class='ocrx_word' id='word_1_271' title='bbox 1681 258 1849 292; x_wconf 84' lang='lat' dir='ltr'><strong>postulavis-</strong></span> 
     </span>
    </p>
   </div>
   <div class='ocr_carea' id='block_1_36' title="bbox 1059 302 1849 338">
    <p class='ocr_par' dir='ltr' id='par_1_36' title="bbox 1059 302 1849 338">
     <span class='ocr_line' id='line_1_36' title="bbox 1059 302 1849 338; baseline 0.001 -9"><span class='ocrx_word' id='word_1_272' title='bbox 1059 307 1117 336; x_wconf 88' lang='lat' dir='ltr'><strong>set;</strong></span> <span class='ocrx_word' id='word_1_273' title='bbox 1137 311 1225 337; x_wconf 90' lang='lat' dir='ltr'><strong>neque</strong></span> <span class='ocrx_word' id='word_1_274' title='bbox 1242 303 1345 331; x_wconf 87' lang='lat' dir='ltr'><strong>idcirco</strong></span> <span class='ocrx_word' id='word_1_275' title='bbox 1358 311 1500 338; x_wconf 82' lang='lat' dir='ltr'><strong>vesperam</strong></span> <span class='ocrx_word' id='word_1_276' title='bbox 1528 302 1714 338; x_wconf 74' lang='lat' dir='ltr'><strong>signiﬁcamus</strong></span> <span class='ocrx_word' id='word_1_277' title='bbox 1726 323 1735 335; x_wconf 89' lang='lat'>,</span> <span class='ocrx_word' id='word_1_278' title='bbox 1760 311 1849 338; x_wconf 90' lang='lat' dir='ltr'><strong>neque</strong></span> 
     </span>
    </p>
   </div>
   <div class='ocr_carea' id='block_1_37' title="bbox 1059 349 1850 385">
    <p class='ocr_par' dir='ltr' id='par_1_37' title="bbox 1059 349 1850 385">
     <span class='ocr_line' id='line_1_37' title="bbox 1059 349 1850 385; baseline 0.001 -10"><span class='ocrx_word' id='word_1_279' title='bbox 1059 353 1166 384; x_wconf 79' lang='lat' dir='ltr'><strong>tempus</strong></span> <span class='ocrx_word' id='word_1_280' title='bbox 1182 353 1244 383; x_wconf 91' lang='lat' dir='ltr'><strong>post</strong></span> <span class='ocrx_word' id='word_1_281' title='bbox 1273 350 1340 377; x_wconf 91' lang='lat' dir='ltr'><strong>solis</strong></span> <span class='ocrx_word' id='word_1_282' title='bbox 1362 357 1502 382; x_wconf 82' lang='lat' dir='ltr'><strong>occasum,</strong></span> <span class='ocrx_word' id='word_1_283' title='bbox 1518 350 1566 378; x_wconf 90' lang='lat' dir='ltr'><strong>sed</strong></span> <span class='ocrx_word' id='word_1_284' title='bbox 1585 349 1658 384; x_wconf 92' lang='lat' dir='ltr'><strong>quod</strong></span> <span class='ocrx_word' id='word_1_285' title='bbox 1685 357 1850 385; x_wconf 73' lang='lat' dir='ltr'><strong>magnopere</strong></span> 
     </span>
    </p>
   </div>
   <div class='ocr_carea' id='block_1_38' title="bbox 1060 394 1850 430">
    <p class='ocr_par' dir='ltr' id='par_1_38' title="bbox 1060 394 1850 430">
     <span class='ocr_line' id='line_1_38' title="bbox 1060 394 1850 430; baseline 0.001 -9"><span class='ocrx_word' id='word_1_286' title='bbox 1060 402 1151 421; x_wconf 90' lang='lat' dir='ltr'><strong>serum</strong></span> <span class='ocrx_word' id='word_1_287' title='bbox 1178 395 1222 422; x_wconf 88' lang='lat' dir='ltr'><strong>sit.</strong></span> <span class='ocrx_word' id='word_1_288' title='bbox 1245 394 1334 427; x_wconf 83' lang='lat' dir='ltr'><strong>Quare</strong></span> <span class='ocrx_word' id='word_1_289' title='bbox 1349 404 1379 423; x_wconf 85' lang='lat' dir='ltr'><strong>se</strong></span> <span class='ocrx_word' id='word_1_290' title='bbox 1394 396 1483 430; x_wconf 86' lang='lat' dir='ltr'><strong>ipsum</strong></span> <span class='ocrx_word' id='word_1_291' title='bbox 1501 396 1584 423; x_wconf 88' lang='lat' dir='ltr'><strong>veluti</strong></span> <span class='ocrx_word' id='word_1_292' title='bbox 1606 395 1749 424; x_wconf 68' lang='lat' dir='ltr'><strong>Matthmus</strong></span> <span class='ocrx_word' id='word_1_293' title='bbox 1764 396 1850 423; x_wconf 88' lang='lat' dir='ltr'><strong>inter-</strong></span> 
     </span>
    </p>
   </div>
   <div class='ocr_carea' id='block_1_39' title="bbox 1059 441 1850 477">
    <p class='ocr_par' dir='ltr' id='par_1_39' title="bbox 1059 441 1850 477">
     <span class='ocr_line' id='line_1_39' title="bbox 1059 441 1850 477; baseline 0.003 -10"><span class='ocrx_word' id='word_1_294' title='bbox 1059 446 1170 476; x_wconf 87' lang='lat' dir='ltr'><strong>pretans</strong></span> <span class='ocrx_word' id='word_1_295' title='bbox 1199 445 1341 476; x_wconf 74' lang='lat' dir='ltr'><strong>postquam</strong></span> <span class='ocrx_word' id='word_1_296' title='bbox 1365 442 1433 469; x_wconf 83' lang='lat' dir='ltr'><strong>dixit</strong></span> <span class='ocrx_word' id='word_1_297' title='bbox 1448 450 1509 470; x_wconf 88' lang='lat' dir='ltr'><strong>sero</strong></span> <span class='ocrx_word' id='word_1_298' title='bbox 1524 441 1721 473; x_wconf 79' lang='lat' dir='ltr'><strong>Sabbatorum,</strong></span> <span class='ocrx_word' id='word_1_299' title='bbox 1744 442 1850 477; x_wconf 74' lang='lat' dir='ltr'><strong>aitque:</strong></span> 
     </span>
    </p>
   </div>
   <div class='ocr_carea' id='block_1_40' title="bbox 1059 486 1850 522">
    <p class='ocr_par' dir='ltr' id='par_1_40' title="bbox 1059 486 1850 522">
     <span class='ocr_line' id='line_1_40' title="bbox 1059 486 1850 522; baseline 0.001 -9"><span class='ocrx_word' id='word_1_300' title='bbox 1059 486 1198 518; x_wconf 74' lang='lat' dir='ltr'><strong>illucescit,</strong></span> <span class='ocrx_word' id='word_1_301' title='bbox 1213 494 1309 521; x_wconf 83' lang='lat' dir='ltr'><strong>nempe</strong></span> <span class='ocrx_word' id='word_1_302' title='bbox 1330 487 1397 513; x_wconf 88' lang='lat' dir='ltr'><strong>hora</strong></span> <span class='ocrx_word' id='word_1_303' title='bbox 1412 495 1472 521; x_wconf 67' lang='lat' dir='ltr'><strong>qua:</strong></span> <span class='ocrx_word' id='word_1_304' title='bbox 1487 488 1616 522; x_wconf 87' lang='lat' dir='ltr'><strong>deinceps</strong></span> <span class='ocrx_word' id='word_1_305' title='bbox 1632 488 1743 515; x_wconf 80' lang='lat' dir='ltr'><strong>suberat</strong></span> <span class='ocrx_word' id='word_1_306' title='bbox 1768 491 1850 522; x_wconf 88' lang='lat' dir='ltr'><strong>atque</strong></span> 
     </span>
    </p>
   </div>
   <div class='ocr_carea' id='block_1_41' title="bbox 1060 533 1848 569">
    <p class='ocr_par' dir='ltr' id='par_1_41' title="bbox 1060 533 1848 569">
     <span class='ocr_line' id='line_1_41' title="bbox 1060 533 1848 569; baseline 0 -9"><span class='ocrx_word' id='word_1_307' title='bbox 1060 534 1235 561; x_wconf 85' lang='lat' dir='ltr'><strong>illucescebat</strong></span> <span class='ocrx_word' id='word_1_308' title='bbox 1249 534 1276 561; x_wconf 90' lang='lat' dir='ltr'><strong>in</strong></span> <span class='ocrx_word' id='word_1_309' title='bbox 1287 533 1357 560; x_wconf 88' lang='lat' dir='ltr'><strong>diem</strong></span> <span class='ocrx_word' id='word_1_310' title='bbox 1375 533 1566 568; x_wconf 86' lang='lat' dir='ltr'><strong>Dominicum;</strong></span> <span class='ocrx_word' id='word_1_311' title='bbox 1586 542 1646 569; x_wconf 69' lang='lat' dir='ltr'><strong>qua:</strong></span> <span class='ocrx_word' id='word_1_312' title='bbox 1673 542 1769 568; x_wconf 90' lang='lat' dir='ltr'><strong>nempe</strong></span> <span class='ocrx_word' id='word_1_313' title='bbox 1791 534 1848 569; x_wconf 79' lang='lat' dir='ltr'><strong>jam</strong></span> 
     </span>
    </p>
   </div>
   <div class='ocr_carea' id='block_1_42' title="bbox 1059 579 1849 614">
    <p class='ocr_par' dir='ltr' id='par_1_42' title="bbox 1059 579 1849 614">
     <span class='ocr_line' id='line_1_42' title="bbox 1059 579 1849 614; baseline 0 -8"><span class='ocrx_word' id='word_1_314' title='bbox 1059 587 1120 607; x_wconf 86' lang='lat' dir='ltr'><strong>sera</strong></span> <span class='ocrx_word' id='word_1_315' title='bbox 1131 583 1190 606; x_wconf 84' lang='lat' dir='ltr'><strong>erat</strong></span> <span class='ocrx_word' id='word_1_316' title='bbox 1204 583 1231 606; x_wconf 87' lang='lat' dir='ltr'><strong>et</strong></span> <span class='ocrx_word' id='word_1_317' title='bbox 1246 579 1353 614; x_wconf 77' lang='lat' dir='ltr'><strong>longius</strong></span> <span class='ocrx_word' id='word_1_318' title='bbox 1375 587 1389 605; x_wconf 87' lang='lat' dir='ltr'><strong>a</strong></span> <span class='ocrx_word' id='word_1_319' title='bbox 1402 579 1522 606; x_wconf 84' lang='lat' dir='ltr'><strong>Sabbato</strong></span> <span class='ocrx_word' id='word_1_320' title='bbox 1536 580 1638 614; x_wconf 87' lang='lat' dir='ltr'><strong>elapsa.</strong></span> <span class='ocrx_word' id='word_1_321' title='bbox 1654 579 1681 606; x_wconf 92' lang='lat' dir='ltr'><strong>ld</strong></span> <span class='ocrx_word' id='word_1_322' title='bbox 1699 588 1764 607; x_wconf 90' lang='lat' dir='ltr'><strong>vero</strong></span> <span class='ocrx_word' id='word_1_323' title='bbox 1781 585 1849 608; x_wconf 87' lang='lat' dir='ltr'><strong>tem-</strong></span> 
     </span>
    </p>
   </div>
   <div class='ocr_carea' id='block_1_43' title="bbox 1060 624 1849 661">
    <p class='ocr_par' dir='ltr' id='par_1_43' title="bbox 1060 624 1849 661">
     <span class='ocr_line' id='line_1_43' title="bbox 1060 624 1849 661; baseline 0 -9"><span class='ocrx_word' id='word_1_324' title='bbox 1060 633 1112 661; x_wconf 91' lang='lat' dir='ltr'><strong>pus</strong></span> <span class='ocrx_word' id='word_1_325' title='bbox 1126 633 1141 651; x_wconf 87' lang='lat' dir='ltr'><strong>a</strong></span> <span class='ocrx_word' id='word_1_326' title='bbox 1160 624 1308 659; x_wconf 60' lang='lat' dir='ltr'><strong>Scriptura;</strong></span> <span class='ocrx_word' id='word_1_327' title='bbox 1320 626 1483 659; x_wconf 68' lang='lat' dir='ltr'><strong>evangelicae</strong></span> <span class='ocrx_word' id='word_1_328' title='bbox 1497 626 1643 659; x_wconf 85' lang='lat' dir='ltr'><strong>interprete</strong></span> <span class='ocrx_word' id='word_1_329' title='bbox 1657 634 1714 652; x_wconf 86' lang='lat' dir='ltr'><strong>sero</strong></span> <span class='ocrx_word' id='word_1_330' title='bbox 1740 625 1849 653; x_wconf 75' lang='lat' dir='ltr'><strong>Sabbau&#39;</strong></span> 
     </span>
    </p>
   </div>
   <div class='ocr_carea' id='block_1_44' title="bbox 1061 671 1849 707">
    <p class='ocr_par' dir='ltr' id='par_1_44' title="bbox 1061 671 1849 707">
     <span class='ocr_line' id='line_1_44' title="bbox 1061 671 1849 707; baseline -0.001 -8"><span class='ocrx_word' id='word_1_331' title='bbox 1061 673 1224 707; x_wconf 84' lang='lat' dir='ltr'><strong>appellatum</strong></span> <span class='ocrx_word' id='word_1_332' title='bbox 1246 676 1298 699; x_wconf 87' lang='lat' dir='ltr'><strong>est.</strong></span> <span class='ocrx_word' id='word_1_333' title='bbox 1325 671 1447 706; x_wconf 84' lang='lat' dir='ltr'><strong>Namque</strong></span> <span class='ocrx_word' id='word_1_334' title='bbox 1472 672 1530 706; x_wconf 88' lang='lat' dir='ltr'><strong>ipse</strong></span> <span class='ocrx_word' id='word_1_335' title='bbox 1556 671 1698 699; x_wconf 75' lang='lat' dir='ltr'><strong>Matthzeus</strong></span> <span class='ocrx_word' id='word_1_336' title='bbox 1716 672 1849 700; x_wconf 80' lang='lat' dir='ltr'><strong>Hebraica</strong></span> 
     </span>
    </p>
   </div>
   <div class='ocr_carea' id='block_1_45' title="bbox 1060 716 1849 754">
    <p class='ocr_par' dir='ltr' id='par_1_45' title="bbox 1060 716 1849 754">
     <span class='ocr_line' id='line_1_45' title="bbox 1060 716 1849 754; baseline -0.001 -9"><span class='ocrx_word' id='word_1_337' title='bbox 1060 719 1152 754; x_wconf 72' lang='lat' dir='ltr'><strong>lingua</strong></span> <span class='ocrx_word' id='word_1_338' title='bbox 1166 718 1251 745; x_wconf 88' lang='lat' dir='ltr'><strong>edidit</strong></span> <span class='ocrx_word' id='word_1_339' title='bbox 1266 718 1459 754; x_wconf 78' lang='lat' dir='ltr'><strong>Evangelium;</strong></span> <span class='ocrx_word' id='word_1_340' title='bbox 1478 719 1512 746; x_wconf 89' lang='lat' dir='ltr'><strong>ab</strong></span> <span class='ocrx_word' id='word_1_341' title='bbox 1523 726 1555 745; x_wconf 87' lang='lat' dir='ltr'><strong>eo</strong></span> <span class='ocrx_word' id='word_1_342' title='bbox 1566 723 1656 744; x_wconf 88' lang='lat' dir='ltr'><strong>autem</strong></span> <span class='ocrx_word' id='word_1_343' title='bbox 1671 718 1715 752; x_wconf 89' lang='lat' dir='ltr'><strong>qui</strong></span> <span class='ocrx_word' id='word_1_344' title='bbox 1733 718 1760 744; x_wconf 90' lang='lat' dir='ltr'><strong>in</strong></span> <span class='ocrx_word' id='word_1_345' title='bbox 1775 716 1849 744; x_wconf 65' lang='lat' dir='ltr'><strong>Grae—</strong></span> 
     </span>
    </p>
   </div>
   <div class='ocr_carea' id='block_1_46' title="bbox 1061 764 1849 797">
    <p class='ocr_par' dir='ltr' id='par_1_46' title="bbox 1061 764 1849 797">
     <span class='ocr_line' id='line_1_46' title="bbox 1061 764 1849 797; baseline -0.003 -5"><span class='ocrx_word' id='word_1_346' title='bbox 1061 772 1120 792; x_wconf 88' lang='lat' dir='ltr'><strong>cam</strong></span> <span class='ocrx_word' id='word_1_347' title='bbox 1137 765 1288 797; x_wconf 86' lang='lat' dir='ltr'><strong>transtulit.</strong></span> <span class='ocrx_word' id='word_1_348' title='bbox 1305 765 1469 794; x_wconf 83' lang='lat' dir='ltr'><strong>illucescens</strong></span> <span class='ocrx_word' id='word_1_349' title='bbox 1495 765 1563 792; x_wconf 85' lang='lat' dir='ltr'><strong>hora</strong></span> <span class='ocrx_word' id='word_1_350' title='bbox 1586 765 1614 791; x_wconf 91' lang='lat' dir='ltr'><strong>in</strong></span> <span class='ocrx_word' id='word_1_351' title='bbox 1629 765 1701 792; x_wconf 87' lang='lat' dir='ltr'><strong>diem</strong></span> <span class='ocrx_word' id='word_1_352' title='bbox 1729 764 1849 791; x_wconf 88' lang='lat' dir='ltr'><strong>Domini-</strong></span> 
     </span>
    </p>
   </div>
   <div class='ocr_carea' id='block_1_47' title="bbox 1061 809 1848 846">
    <p class='ocr_par' dir='ltr' id='par_1_47' title="bbox 1061 809 1848 846">
     <span class='ocr_line' id='line_1_47' title="bbox 1061 809 1848 846; baseline -0.003 -9"><span class='ocrx_word' id='word_1_353' title='bbox 1061 818 1123 837; x_wconf 92' lang='lat' dir='ltr'><strong>cum</strong></span> <span class='ocrx_word' id='word_1_354' title='bbox 1139 831 1145 842; x_wconf 83' lang='lat'>.</span> <span class='ocrx_word' id='word_1_355' title='bbox 1166 819 1224 838; x_wconf 73' lang='lat' dir='ltr'><strong>sero</strong></span> <span class='ocrx_word' id='word_1_356' title='bbox 1237 810 1414 839; x_wconf 82' lang='lat' dir='ltr'><strong>Sabbatarum</strong></span> <span class='ocrx_word' id='word_1_357' title='bbox 1434 811 1567 846; x_wconf 87' lang='lat' dir='ltr'><strong>appellata</strong></span> <span class='ocrx_word' id='word_1_358' title='bbox 1580 810 1631 837; x_wconf 83' lang='lat' dir='ltr'><strong>fuit</strong></span> <span class='ocrx_word' id='word_1_359' title='bbox 1648 820 1653 837; x_wconf 85' lang='lat'><strong>:</strong></span> <span class='ocrx_word' id='word_1_360' title='bbox 1671 810 1707 836; x_wconf 86' lang='lat' dir='ltr'><strong>ita</strong></span> <span class='ocrx_word' id='word_1_361' title='bbox 1723 814 1752 836; x_wconf 90' lang='lat' dir='ltr'><strong>ut</strong></span> <span class='ocrx_word' id='word_1_362' title='bbox 1778 809 1848 836; x_wconf 87' lang='lat' dir='ltr'><strong>idem</strong></span> 
     </span>
    </p>
   </div>
   <div class='ocr_carea' id='block_1_48' title="bbox 1063 854 1848 892">
    <p class='ocr_par' dir='ltr' id='par_1_48' title="bbox 1063 854 1848 892">
     <span class='ocr_line' id='line_1_48' title="bbox 1063 854 1848 892; baseline -0.005 -8"><span class='ocrx_word' id='word_1_363' title='bbox 1063 857 1119 884; x_wconf 79' lang='lat' dir='ltr'><strong>fere</strong></span> <span class='ocrx_word' id='word_1_364' title='bbox 1134 861 1242 892; x_wconf 84' lang='lat' dir='ltr'><strong>tempus</strong></span> <span class='ocrx_word' id='word_1_365' title='bbox 1254 857 1433 892; x_wconf 74' lang='lat' dir='ltr'><strong>intelligatur,</strong></span> <span class='ocrx_word' id='word_1_366' title='bbox 1447 861 1494 884; x_wconf 88' lang='lat' dir='ltr'><strong>aut</strong></span> <span class='ocrx_word' id='word_1_367' title='bbox 1510 857 1589 883; x_wconf 80' lang='lat' dir='ltr'><strong>valde</strong></span> <span class='ocrx_word' id='word_1_368' title='bbox 1601 856 1765 891; x_wconf 74' lang='lat' dir='ltr'><strong>proximum.</strong></span> <span class='ocrx_word' id='word_1_369' title='bbox 1777 854 1848 888; x_wconf 82' lang='lat' dir='ltr'><strong>apud</strong></span> 
     </span>
    </p>
   </div>
   <div class='ocr_carea' id='block_1_49' title="bbox 1061 900 1851 938">
    <p class='ocr_par' dir='ltr' id='par_1_49' title="bbox 1061 900 1851 938">
     <span class='ocr_line' id='line_1_49' title="bbox 1061 900 1851 938; baseline -0.005 -8"><span class='ocrx_word' id='word_1_370' title='bbox 1061 904 1242 938; x_wconf 81' lang='lat' dir='ltr'><strong>evangelistas</strong></span> <span class='ocrx_word' id='word_1_371' title='bbox 1270 903 1387 931; x_wconf 84' lang='lat' dir='ltr'><strong>diversis</strong></span> <span class='ocrx_word' id='word_1_372' title='bbox 1411 903 1569 930; x_wconf 84' lang='lat' dir='ltr'><strong>nominibus</strong></span> <span class='ocrx_word' id='word_1_373' title='bbox 1591 903 1782 937; x_wconf 78' lang='lat' dir='ltr'><strong>designatum:</strong></span> <span class='ocrx_word' id='word_1_374' title='bbox 1809 900 1851 927; x_wconf 86' lang='lat' dir='ltr'><strong>ni—</strong></span> 
     </span>
    </p>
   </div>
   <div class='ocr_carea' id='block_1_50' title="bbox 1062 945 1851 984">
    <p class='ocr_par' dir='ltr' id='par_1_50' title="bbox 1062 945 1851 984">
     <span class='ocr_line' id='line_1_50' title="bbox 1062 945 1851 984; baseline -0.005 -8"><span class='ocrx_word' id='word_1_375' title='bbox 1062 949 1153 984; x_wconf 90' lang='lat' dir='ltr'><strong>hilque</strong></span> <span class='ocrx_word' id='word_1_376' title='bbox 1165 949 1272 977; x_wconf 80' lang='lat' dir='ltr'><strong>diﬂ&#39;erat</strong></span> <span class='ocrx_word' id='word_1_377' title='bbox 1286 948 1429 976; x_wconf 66' lang='lat' dir='ltr'><strong>Mattheus</strong></span> <span class='ocrx_word' id='word_1_378' title='bbox 1442 949 1554 976; x_wconf 87' lang='lat' dir='ltr'><strong>dicens:</strong></span> <span class='ocrx_word' id='word_1_379' title='bbox 1571 957 1581 973; x_wconf 71' lang='grc' dir='ltr'><strong>ε</strong></span> <span class='ocrx_word' id='word_1_380' title='bbox 1597 947 1665 975; x_wconf 88' lang='lat' dir='ltr'><strong>Sero</strong></span> <span class='ocrx_word' id='word_1_381' title='bbox 1676 951 1766 974; x_wconf 89' lang='lat' dir='ltr'><strong>autem</strong></span> <span class='ocrx_word' id='word_1_382' title='bbox 1782 945 1851 973; x_wconf 85' lang='lat' dir='ltr'><strong>Sab—</strong></span> 
     </span>
    </p>
   </div>
   <div class='ocr_carea' id='block_1_51' title="bbox 1062 993 1852 1030">
    <p class='ocr_par' dir='ltr' id='par_1_51' title="bbox 1062 993 1852 1030">
     <span class='ocr_line' id='line_1_51' title="bbox 1062 993 1852 1030; baseline -0.005 -7"><span class='ocrx_word' id='word_1_383' title='bbox 1062 996 1197 1027; x_wconf 77' lang='lat' dir='ltr'><strong>batorum,</strong></span> <span class='ocrx_word' id='word_1_384' title='bbox 1209 1004 1269 1030; x_wconf 60' lang='lat' dir='ltr'><strong>quae</strong></span> <span class='ocrx_word' id='word_1_385' title='bbox 1287 996 1401 1022; x_wconf 88' lang='lat' dir='ltr'><strong>lucescit</strong></span> <span class='ocrx_word' id='word_1_386' title='bbox 1416 996 1442 1022; x_wconf 95' lang='lat' dir='ltr'><strong>in</strong></span> <span class='ocrx_word' id='word_1_387' title='bbox 1457 1002 1539 1022; x_wconf 83' lang='lat' dir='ltr'><strong>unam</strong></span> <span class='ocrx_word' id='word_1_388' title='bbox 1555 994 1737 1021; x_wconf 86' lang='lat' dir='ltr'><strong>Sabbatorum</strong></span> <span class='ocrx_word' id='word_1_389' title='bbox 1748 1013 1754 1025; x_wconf 83' lang='lat'>.</span> <span class='ocrx_word' id='word_1_390' title='bbox 1778 993 1852 1020; x_wconf 78' lang='lat' dir='ltr'><strong>vertit</strong></span> 
     </span>
    </p>
   </div>
   <div class='ocr_carea' id='block_1_52' title="bbox 1063 1038 1852 1077">
    <p class='ocr_par' dir='ltr' id='par_1_52' title="bbox 1063 1038 1852 1077">
     <span class='ocr_line' id='line_1_52' title="bbox 1063 1038 1852 1077; baseline -0.004 -9"><span class='ocrx_word' id='word_1_391' title='bbox 1063 1041 1145 1069; x_wconf 85' lang='lat' dir='ltr'><strong>Maria</strong></span> <span class='ocrx_word' id='word_1_392' title='bbox 1173 1042 1350 1077; x_wconf 79' lang='lat' dir='ltr'><strong>Magdalena,</strong></span> <span class='ocrx_word' id='word_1_393' title='bbox 1380 1046 1407 1068; x_wconf 91' lang='lat' dir='ltr'><strong>et</strong></span> <span class='ocrx_word' id='word_1_394' title='bbox 1423 1042 1506 1068; x_wconf 78' lang='lat' dir='ltr'><strong>altera</strong></span> <span class='ocrx_word' id='word_1_395' title='bbox 1531 1040 1616 1067; x_wconf 83' lang='lat' dir='ltr'><strong>Maria</strong></span> <span class='ocrx_word' id='word_1_396' title='bbox 1638 1040 1730 1067; x_wconf 86' lang='lat' dir='ltr'><strong>videre</strong></span> <span class='ocrx_word' id='word_1_397' title='bbox 1761 1038 1852 1074; x_wconf 87' lang='lat' dir='ltr'><strong>sepul-</strong></span> 
     </span>
    </p>
   </div>
   <div class='ocr_carea' id='block_1_53' title="bbox 1062 1085 1851 1124">
    <p class='ocr_par' dir='ltr' id='par_1_53' title="bbox 1062 1085 1851 1124">
     <span class='ocr_line' id='line_1_53' title="bbox 1062 1085 1851 1124; baseline -0.006 -7"><span class='ocrx_word' id='word_1_398' title='bbox 1062 1098 1150 1122; x_wconf 83' lang='lat' dir='ltr'><strong>crum,</strong></span> <span class='ocrx_word' id='word_1_399' title='bbox 1176 1100 1185 1116; x_wconf 81' lang='grc' dir='ltr'><strong>ι</strong></span> <span class='ocrx_word' id='word_1_400' title='bbox 1206 1098 1220 1117; x_wconf 89' lang='lat' dir='ltr'><strong>a</strong></span> <span class='ocrx_word' id='word_1_401' title='bbox 1234 1090 1339 1117; x_wconf 82' lang='lat' dir='ltr'><strong>Joanne</strong></span> <span class='ocrx_word' id='word_1_402' title='bbox 1353 1090 1398 1124; x_wconf 90' lang='lat' dir='ltr'><strong>qui</strong></span> <span class='ocrx_word' id='word_1_403' title='bbox 1421 1090 1480 1116; x_wconf 86' lang='lat' dir='ltr'><strong>ait:</strong></span> <span class='ocrx_word' id='word_1_404' title='bbox 1511 1098 1520 1114; x_wconf 86' lang='grc'><em>‹</em></span> <span class='ocrx_word' id='word_1_405' title='bbox 1541 1096 1594 1116; x_wconf 87' lang='lat' dir='ltr'><strong>una</strong></span> <span class='ocrx_word' id='word_1_406' title='bbox 1608 1091 1699 1115; x_wconf 91' lang='lat' dir='ltr'><strong>autem</strong></span> <span class='ocrx_word' id='word_1_407' title='bbox 1717 1085 1851 1113; x_wconf 83' lang='lat' dir='ltr'><strong>Sabbato-</strong></span> 
     </span>
    </p>
   </div>
   <div class='ocr_carea' id='block_1_54' title="bbox 1062 1134 1849 1171">
    <p class='ocr_par' dir='ltr' id='par_1_54' title="bbox 1062 1134 1849 1171">
     <span class='ocr_line' id='line_1_54' title="bbox 1062 1134 1849 1171; baseline -0.008 -7"><span class='ocrx_word' id='word_1_408' title='bbox 1062 1144 1122 1163; x_wconf 86' lang='lat' dir='ltr'><strong>rum</strong></span> <span class='ocrx_word' id='word_1_409' title='bbox 1136 1137 1210 1164; x_wconf 85' lang='lat' dir='ltr'><strong>venit</strong></span> <span class='ocrx_word' id='word_1_410' title='bbox 1225 1135 1309 1163; x_wconf 82' lang='lat' dir='ltr'><strong>Maria</strong></span> <span class='ocrx_word' id='word_1_411' title='bbox 1322 1135 1480 1171; x_wconf 80' lang='lat' dir='ltr'><strong>Magdalena</strong></span> <span class='ocrx_word' id='word_1_412' title='bbox 1494 1142 1574 1162; x_wconf 88' lang='lat' dir='ltr'><strong>mane</strong></span> <span class='ocrx_word' id='word_1_413' title='bbox 1588 1134 1622 1162; x_wconf 82' lang='lat' dir='ltr'><strong>ad</strong></span> <span class='ocrx_word' id='word_1_414' title='bbox 1631 1136 1849 1162; x_wconf 86' lang='lat' dir='ltr'><strong>monumentum.</strong></span> 
     </span>
    </p>
   </div>
   <div class='ocr_carea' id='block_1_55' title="bbox 1063 1179 1848 1210">
    <p class='ocr_par' dir='ltr' id='par_1_55' title="bbox 1063 1179 1848 1210">
     <span class='ocr_line' id='line_1_55' title="bbox 1063 1179 1848 1210; baseline -0.005 -2"><span class='ocrx_word' id='word_1_415' title='bbox 1063 1190 1125 1209; x_wconf 84' lang='lat' dir='ltr'><strong>cum</strong></span> <span class='ocrx_word' id='word_1_416' title='bbox 1144 1182 1233 1210; x_wconf 90' lang='lat' dir='ltr'><strong>adhuc</strong></span> <span class='ocrx_word' id='word_1_417' title='bbox 1257 1182 1377 1209; x_wconf 65' lang='lat' dir='ltr'><strong>tenebrae</strong></span> <span class='ocrx_word' id='word_1_418' title='bbox 1403 1185 1506 1209; x_wconf 89' lang='lat' dir='ltr'><strong>essent.</strong></span> <span class='ocrx_word' id='word_1_419' title='bbox 1533 1190 1542 1207; x_wconf 74' lang='grc' dir='ltr'><strong>ι</strong></span> <span class='ocrx_word' id='word_1_420' title='bbox 1574 1179 1640 1207; x_wconf 86' lang='lat' dir='ltr'><strong>Late</strong></span> <span class='ocrx_word' id='word_1_421' title='bbox 1665 1179 1737 1206; x_wconf 91' lang='lat' dir='ltr'><strong>enim</strong></span> <span class='ocrx_word' id='word_1_422' title='bbox 1763 1185 1848 1205; x_wconf 91' lang='lat' dir='ltr'><strong>unum</strong></span> 
     </span>
    </p>
   </div>
   <div class='ocr_carea' id='block_1_56' title="bbox 1062 1224 1845 1263">
    <p class='ocr_par' dir='ltr' id='par_1_56' title="bbox 1062 1224 1845 1263">
     <span class='ocr_line' id='line_1_56' title="bbox 1062 1224 1845 1263; baseline -0.006 -8"><span class='ocrx_word' id='word_1_423' title='bbox 1062 1228 1188 1263; x_wconf 80' lang='lat' dir='ltr'><strong>idemque</strong></span> <span class='ocrx_word' id='word_1_424' title='bbox 1215 1228 1386 1263; x_wconf 77' lang='lat' dir='ltr'><strong>signiﬁcatur</strong></span> <span class='ocrx_word' id='word_1_425' title='bbox 1425 1231 1532 1261; x_wconf 80' lang='lat' dir='ltr'><strong>tempus</strong></span> <span class='ocrx_word' id='word_1_426' title='bbox 1562 1225 1648 1253; x_wconf 85' lang='lat' dir='ltr'><strong>variis</strong></span> <span class='ocrx_word' id='word_1_427' title='bbox 1676 1224 1845 1252; x_wconf 75' lang='lat' dir='ltr'><strong>nominibus.</strong></span> 
     </span>
    </p>
   </div>
   <div class='ocr_carea' id='block_1_57' title="bbox 1063 1269 1852 1306">
    <p class='ocr_par' dir='ltr' id='par_1_57' title="bbox 1063 1269 1852 1306">
     <span class='ocr_line' id='line_1_57' title="bbox 1063 1269 1852 1306; baseline -0.005 -7"><span class='ocrx_word' id='word_1_428' title='bbox 1063 1272 1188 1300; x_wconf 73' lang='lat' dir='ltr'><strong>Matthreo</strong></span> <span class='ocrx_word' id='word_1_429' title='bbox 1203 1282 1259 1300; x_wconf 79' lang='lat' dir='ltr'><strong>sero</strong></span> <span class='ocrx_word' id='word_1_430' title='bbox 1285 1273 1460 1301; x_wconf 79' lang='lat' dir='ltr'><strong>Sabbatorum</strong></span> <span class='ocrx_word' id='word_1_431' title='bbox 1483 1272 1591 1299; x_wconf 76' lang='lat' dir='ltr'><strong>dicente</strong></span> <span class='ocrx_word' id='word_1_432' title='bbox 1611 1278 1662 1306; x_wconf 91' lang='lat' dir='ltr'><strong>pro</strong></span> <span class='ocrx_word' id='word_1_433' title='bbox 1678 1269 1780 1297; x_wconf 73' lang='lat' dir='ltr'><strong>tardius</strong></span> <span class='ocrx_word' id='word_1_434' title='bbox 1794 1290 1801 1303; x_wconf 86' lang='lat'><strong><em>,</em></strong></span> <span class='ocrx_word' id='word_1_435' title='bbox 1824 1274 1852 1296; x_wconf 89' lang='lat' dir='ltr'><strong>et</strong></span> 
     </span>
    </p>
   </div>
   <div class='ocr_carea' id='block_1_58' title="bbox 1063 1315 1852 1353">
    <p class='ocr_par' dir='ltr' id='par_1_58' title="bbox 1063 1315 1852 1353">
     <span class='ocr_line' id='line_1_58' title="bbox 1063 1315 1852 1353; baseline -0.008 -7"><span class='ocrx_word' id='word_1_436' title='bbox 1063 1328 1139 1346; x_wconf 83' lang='lat' dir='ltr'><strong>mane</strong></span> <span class='ocrx_word' id='word_1_437' title='bbox 1153 1327 1202 1353; x_wconf 90' lang='lat' dir='ltr'><strong>pro</strong></span> <span class='ocrx_word' id='word_1_438' title='bbox 1214 1323 1288 1345; x_wconf 82' lang='lat' dir='ltr'><strong>nocte</strong></span> <span class='ocrx_word' id='word_1_439' title='bbox 1301 1319 1428 1348; x_wconf 79' lang='lat' dir='ltr'><strong>serotina,</strong></span> <span class='ocrx_word' id='word_1_440' title='bbox 1445 1318 1579 1352; x_wconf 83' lang='lat' dir='ltr'><strong>interpres</strong></span> <span class='ocrx_word' id='word_1_441' title='bbox 1597 1315 1700 1343; x_wconf 86' lang='lat' dir='ltr'><strong>addidit</strong></span> <span class='ocrx_word' id='word_1_442' title='bbox 1727 1323 1787 1342; x_wconf 84' lang='lat' dir='ltr'><strong>cum</strong></span> <span class='ocrx_word' id='word_1_443' title='bbox 1803 1315 1852 1341; x_wconf 83' lang='lat' dir='ltr'><strong>ad-</strong></span> 
     </span>
    </p>
   </div>
   <div class='ocr_carea' id='block_1_59' title="bbox 1063 1362 1852 1399">
    <p class='ocr_par' dir='ltr' id='par_1_59' title="bbox 1063 1362 1852 1399">
     <span class='ocr_line' id='line_1_59' title="bbox 1063 1362 1852 1399; baseline -0.004 -8"><span class='ocrx_word' id='word_1_444' title='bbox 1063 1366 1112 1391; x_wconf 83' lang='lat' dir='ltr'><strong>huc</strong></span> <span class='ocrx_word' id='word_1_445' title='bbox 1129 1365 1239 1392; x_wconf 71' lang='lat' dir='ltr'><strong>lanebrw</strong></span> <span class='ocrx_word' id='word_1_446' title='bbox 1253 1370 1348 1395; x_wconf 74' lang='lat' dir='ltr'><strong>essent.</strong></span> <span class='ocrx_word' id='word_1_447' title='bbox 1363 1373 1396 1392; x_wconf 89' lang='lat' dir='ltr'><strong>ne</strong></span> <span class='ocrx_word' id='word_1_448' title='bbox 1407 1365 1468 1399; x_wconf 81' lang='lat' dir='ltr'><strong>quis</strong></span> <span class='ocrx_word' id='word_1_449' title='bbox 1485 1371 1612 1390; x_wconf 83' lang='lat' dir='ltr'><strong>auroram</strong></span> <span class='ocrx_word' id='word_1_450' title='bbox 1627 1362 1680 1389; x_wconf 86' lang='lat' dir='ltr'><strong>dici</strong></span> <span class='ocrx_word' id='word_1_451' title='bbox 1696 1362 1731 1389; x_wconf 79' lang='lat' dir='ltr'><strong>ab</strong></span> <span class='ocrx_word' id='word_1_452' title='bbox 1745 1362 1790 1389; x_wconf 87' lang='lat' dir='ltr'><strong>illo</strong></span> <span class='ocrx_word' id='word_1_453' title='bbox 1803 1369 1852 1396; x_wconf 39' lang='lat' dir='ltr'><strong>pus</strong></span> 
     </span>
    </p>
   </div>
   <div class='ocr_carea' id='block_1_60' title="bbox 1062 1406 1851 1437">
    <p class='ocr_par' dir='ltr' id='par_1_60' title="bbox 1062 1406 1851 1437">
     <span class='ocr_line' id='line_1_60' title="bbox 1062 1406 1851 1437; baseline -0.004 -1"><span class='ocrx_word' id='word_1_454' title='bbox 1062 1415 1142 1437; x_wconf 82' lang='lat' dir='ltr'><strong>taret.</strong></span> <span class='ocrx_word' id='word_1_455' title='bbox 1162 1410 1247 1437; x_wconf 86' lang='lat' dir='ltr'><strong>Sicuti</strong></span> <span class='ocrx_word' id='word_1_456' title='bbox 1265 1410 1346 1436; x_wconf 91' lang='lat' dir='ltr'><strong>etiam</strong></span> <span class='ocrx_word' id='word_1_457' title='bbox 1363 1409 1505 1436; x_wconf 71' lang='lat' dir='ltr'><strong>Matthzcus</strong></span> <span class='ocrx_word' id='word_1_458' title='bbox 1525 1408 1616 1435; x_wconf 80' lang='lat' dir='ltr'><strong>verbis</strong></span> <span class='ocrx_word' id='word_1_459' title='bbox 1641 1416 1699 1434; x_wconf 72' lang='lat' dir='ltr'><strong>sero</strong></span> <span class='ocrx_word' id='word_1_460' title='bbox 1721 1406 1851 1433; x_wconf 79' lang='lat' dir='ltr'><strong>Sabbato-</strong></span> 
     </span>
    </p>
   </div>
   <div class='ocr_carea' id='block_1_61' title="bbox 1063 1452 1850 1490">
    <p class='ocr_par' dir='ltr' id='par_1_61' title="bbox 1063 1452 1850 1490">
     <span class='ocr_line' id='line_1_61' title="bbox 1063 1452 1850 1490; baseline -0.005 -7"><span class='ocrx_word' id='word_1_461' title='bbox 1063 1465 1133 1488; x_wconf 83' lang='lat' dir='ltr'><strong>rum,</strong></span> <span class='ocrx_word' id='word_1_462' title='bbox 1149 1464 1184 1483; x_wconf 91' lang='lat' dir='ltr'><strong>ne</strong></span> <span class='ocrx_word' id='word_1_463' title='bbox 1200 1456 1262 1490; x_wconf 87' lang='lat' dir='ltr'><strong>quis</strong></span> <span class='ocrx_word' id='word_1_464' title='bbox 1281 1456 1315 1483; x_wconf 92' lang='lat' dir='ltr'><strong>de</strong></span> <span class='ocrx_word' id='word_1_465' title='bbox 1331 1455 1487 1490; x_wconf 83' lang='lat' dir='ltr'><strong>vespertino</strong></span> <span class='ocrx_word' id='word_1_466' title='bbox 1503 1459 1625 1489; x_wconf 87' lang='lat' dir='ltr'><strong>tempore</strong></span> <span class='ocrx_word' id='word_1_467' title='bbox 1640 1455 1787 1489; x_wconf 81' lang='lat' dir='ltr'><strong>cogitaret,</strong></span> <span class='ocrx_word' id='word_1_468' title='bbox 1805 1452 1850 1480; x_wconf 82' lang='lat' dir='ltr'><strong>ad-</strong></span> 
     </span>
    </p>
   </div>
   <div class='ocr_carea' id='block_1_62' title="bbox 1063 1498 1850 1536">
    <p class='ocr_par' dir='ltr' id='par_1_62' title="bbox 1063 1498 1850 1536">
     <span class='ocr_line' id='line_1_62' title="bbox 1063 1498 1850 1536; baseline -0.004 -8"><span class='ocrx_word' id='word_1_469' title='bbox 1063 1502 1132 1528; x_wconf 91' lang='lat' dir='ltr'><strong>didit</strong></span> <span class='ocrx_word' id='word_1_470' title='bbox 1146 1510 1204 1536; x_wconf 68' lang='lat' dir='ltr'><strong>qure</strong></span> <span class='ocrx_word' id='word_1_471' title='bbox 1224 1502 1330 1528; x_wconf 79' lang='lat' dir='ltr'><strong>lucescit</strong></span> <span class='ocrx_word' id='word_1_472' title='bbox 1349 1502 1375 1527; x_wconf 78' lang='lat' dir='ltr'><strong>in</strong></span> <span class='ocrx_word' id='word_1_473' title='bbox 1390 1509 1469 1527; x_wconf 81' lang='lat' dir='ltr'><strong>unam</strong></span> <span class='ocrx_word' id='word_1_474' title='bbox 1491 1500 1678 1527; x_wconf 83' lang='lat' dir='ltr'><strong>Sabbutorum.</strong></span> <span class='ocrx_word' id='word_1_475' title='bbox 1693 1498 1726 1525; x_wconf 87' lang='lat' dir='ltr'><strong>Et</strong></span> <span class='ocrx_word' id='word_1_476' title='bbox 1740 1499 1850 1533; x_wconf 89' lang='lat' dir='ltr'><strong>quidem</strong></span> 
     </span>
    </p>
   </div>
   <div class='ocr_carea' id='block_1_63' title="bbox 221 1545 1010 1593">
    <p class='ocr_par' dir='ltr' id='par_1_63' title="bbox 221 1548 1010 1584">
     <span class='ocr_line' id='line_1_63' title="bbox 221 1548 1010 1584; baseline 0 -9"><span class='ocrx_word' id='word_1_477' title='bbox 221 1549 375 1584; x_wconf 82' lang='grc' dir='ltr'>προσέθηκε</span> <span class='ocrx_word' id='word_1_478' title='bbox 392 1549 422 1575; x_wconf 80' lang='grc' dir='ltr'>τὸ</span> <span class='ocrx_word' id='word_1_479' title='bbox 441 1549 479 1583; x_wconf 77' lang='grc' dir='ltr'>τῇ</span> <span class='ocrx_word' id='word_1_480' title='bbox 499 1550 714 1584; x_wconf 69' lang='grc' dir='ltr'><strong>ἐπιφωσκούσῃ</strong></span> <span class='ocrx_word' id='word_1_481' title='bbox 737 1551 779 1582; x_wconf 85' lang='grc' dir='ltr'>εὶς</span> <span class='ocrx_word' id='word_1_482' title='bbox 797 1550 871 1584; x_wconf 77' lang='grc' dir='ltr'>μίαν</span> <span class='ocrx_word' id='word_1_483' title='bbox 900 1548 1010 1576; x_wconf 77' lang='grc' dir='ltr'>Σαϐϐά-</span> 
     </span>
    </p>
   </div>
   <div class='ocr_carea' id='block_1_64' title="bbox 1061 1545 1850 1593">
    <p class='ocr_par' dir='ltr' id='par_1_64' title="bbox 1064 1545 1850 1583">
     <span class='ocr_line' id='line_1_64' title="bbox 1064 1545 1850 1583; baseline -0.005 -9"><span class='ocrx_word' id='word_1_484' title='bbox 1064 1553 1191 1576; x_wconf 87' lang='lat' dir='ltr'><strong>accurate</strong></span> <span class='ocrx_word' id='word_1_485' title='bbox 1206 1548 1228 1576; x_wconf 92' lang='lat' dir='ltr'><strong>is</strong></span> <span class='ocrx_word' id='word_1_486' title='bbox 1245 1548 1380 1583; x_wconf 86' lang='lat' dir='ltr'><strong>expressit</strong></span> <span class='ocrx_word' id='word_1_487' title='bbox 1392 1555 1480 1576; x_wconf 86' lang='lat' dir='ltr'><strong>seram</strong></span> <span class='ocrx_word' id='word_1_488' title='bbox 1505 1547 1612 1579; x_wconf 89' lang='lat' dir='ltr'><strong>horam,</strong></span> <span class='ocrx_word' id='word_1_489' title='bbox 1624 1553 1658 1573; x_wconf 93' lang='lat' dir='ltr'><strong>ne</strong></span> <span class='ocrx_word' id='word_1_490' title='bbox 1674 1545 1736 1580; x_wconf 89' lang='lat' dir='ltr'><strong>quis</strong></span> <span class='ocrx_word' id='word_1_491' title='bbox 1753 1553 1850 1579; x_wconf 83' lang='lat' dir='ltr'><strong>vespe-</strong></span> 
     </span>
    </p>
   </div>
   <div class='ocr_carea' id='block_1_65' title="bbox 220 1591 1010 1631">
    <p class='ocr_par' dir='ltr' id='par_1_65' title="bbox 220 1591 1010 1631">
     <span class='ocr_line' id='line_1_65' title="bbox 220 1591 1010 1631; baseline 0.001 -12"><span class='ocrx_word' id='word_1_492' title='bbox 220 1601 290 1621; x_wconf 78' lang='grc' dir='ltr'><strong>των.</strong></span> <span class='ocrx_word' id='word_1_493' title='bbox 311 1594 387 1620; x_wconf 79' lang='grc' dir='ltr'>Ἐπεὶ</span> <span class='ocrx_word' id='word_1_494' title='bbox 413 1594 460 1621; x_wconf 79' lang='grc' dir='ltr'><strong>καὶ</strong></span> <span class='ocrx_word' id='word_1_495' title='bbox 482 1594 603 1631; x_wconf 78' lang='grc' dir='ltr'>ἀκριϐῶς</span> <span class='ocrx_word' id='word_1_496' title='bbox 623 1591 699 1627; x_wconf 66' lang='grc' dir='ltr'>οὗτος</span> <span class='ocrx_word' id='word_1_497' title='bbox 720 1595 858 1621; x_wconf 78' lang='grc' dir='ltr'>Σαδδάτου</span> <span class='ocrx_word' id='word_1_498' title='bbox 875 1592 950 1621; x_wconf 76' lang='grc' dir='ltr'>εἷπεν</span> <span class='ocrx_word' id='word_1_499' title='bbox 963 1594 1010 1629; x_wconf 89' lang='grc' dir='ltr'>τὴν</span> 
     </span>
    </p>
   </div>
   <div class='ocr_carea' id='block_1_66' title="bbox 1061 1591 1851 1631">
    <p class='ocr_par' dir='ltr' id='par_1_66' title="bbox 1065 1591 1851 1628">
     <span class='ocr_line' id='line_1_66' title="bbox 1065 1591 1851 1628; baseline -0.005 -8"><span class='ocrx_word' id='word_1_500' title='bbox 1065 1602 1122 1621; x_wconf 88' lang='lat' dir='ltr'><strong>ram</strong></span> <span class='ocrx_word' id='word_1_501' title='bbox 1138 1595 1297 1628; x_wconf 89' lang='lat' dir='ltr'><strong>opinaretur</strong></span> <span class='ocrx_word' id='word_1_502' title='bbox 1321 1601 1383 1620; x_wconf 88' lang='lat' dir='ltr'><strong>esse</strong></span> <span class='ocrx_word' id='word_1_503' title='bbox 1411 1598 1472 1628; x_wconf 84' lang='lat' dir='ltr'><strong>post</strong></span> <span class='ocrx_word' id='word_1_504' title='bbox 1492 1592 1559 1620; x_wconf 80' lang='lat' dir='ltr'><strong>solis</strong></span> <span class='ocrx_word' id='word_1_505' title='bbox 1585 1598 1713 1619; x_wconf 85' lang='lat' dir='ltr'><strong>occasum</strong></span> <span class='ocrx_word' id='word_1_506' title='bbox 1738 1591 1851 1622; x_wconf 82' lang='lat' dir='ltr'><strong>horam;</strong></span> 
     </span>
    </p>
   </div>
   <div class='ocr_carea' id='block_1_67' title="bbox 221 1639 1011 1676">
    <p class='ocr_par' dir='ltr' id='par_1_67' title="bbox 221 1639 1011 1676">
     <span class='ocr_line' id='line_1_67' title="bbox 221 1639 1011 1676; baseline 0.003 -11"><span class='ocrx_word' id='word_1_507' title='bbox 221 1639 310 1674; x_wconf 78' lang='grc' dir='ltr'>ὀψίαν,</span> <span class='ocrx_word' id='word_1_508' title='bbox 339 1641 375 1676; x_wconf 86' lang='grc' dir='ltr'>μή</span> <span class='ocrx_word' id='word_1_509' title='bbox 401 1649 442 1671; x_wconf 83' lang='grc' dir='ltr'><strong>τις</strong></span> <span class='ocrx_word' id='word_1_510' title='bbox 463 1639 512 1676; x_wconf 83' lang='grc' dir='ltr'><strong>τὴν</strong></span> <span class='ocrx_word' id='word_1_511' title='bbox 532 1641 650 1676; x_wconf 77' lang='grc' dir='ltr'>ἑσπέραν</span> <span class='ocrx_word' id='word_1_512' title='bbox 671 1641 803 1668; x_wconf 76' lang='grc' dir='ltr'>ὑπολάϐοι</span> <span class='ocrx_word' id='word_1_513' title='bbox 824 1641 950 1675; x_wconf 85' lang='grc' dir='ltr'>λέγεσθαι</span> <span class='ocrx_word' id='word_1_514' title='bbox 964 1641 1011 1676; x_wconf 85' lang='grc' dir='ltr'>τὴν</span> 
     </span>
    </p>
   </div>
   <div class='ocr_carea' id='block_1_68' title="bbox 221 1685 956 1722">
    <p class='ocr_par' dir='ltr' id='par_1_68' title="bbox 221 1685 956 1722">
     <span class='ocr_line' id='line_1_68' title="bbox 221 1685 956 1722; baseline 0.001 -11"><span class='ocrx_word' id='word_1_515' title='bbox 221 1685 293 1720; x_wconf 80' lang='grc' dir='ltr'>μετὰ</span> <span class='ocrx_word' id='word_1_516' title='bbox 306 1685 382 1720; x_wconf 81' lang='grc' dir='ltr'>ἡλίου</span> <span class='ocrx_word' id='word_1_517' title='bbox 395 1686 509 1722; x_wconf 83' lang='grc' dir='ltr'>δυσμὰς,</span> <span class='ocrx_word' id='word_1_518' title='bbox 532 1686 599 1713; x_wconf 81' lang='grc' dir='ltr'>ἀλλὰ</span> <span class='ocrx_word' id='word_1_519' title='bbox 615 1686 772 1714; x_wconf 76' lang='grc' dir='ltr'>Σαϐϐάτων</span> <span class='ocrx_word' id='word_1_520' title='bbox 791 1687 873 1722; x_wconf 78' lang='grc' dir='ltr'>φησὶν</span> <span class='ocrx_word' id='word_1_521' title='bbox 889 1686 956 1720; x_wconf 74' lang='grc' dir='ltr'><strong>ὀψέ.</strong></span> 
     </span>
    </p>
   </div>
   <div class='ocr_carea' id='block_1_69' title="bbox 257 1730 1004 1768">
    <p class='ocr_par' dir='ltr' id='par_1_69' title="bbox 257 1730 1004 1768">
     <span class='ocr_line' id='line_1_69' title="bbox 257 1730 1004 1768; baseline 0.003 -11"><span class='ocrx_word' id='word_1_522' title='bbox 257 1730 289 1765; x_wconf 86' lang='grc' dir='ltr'><strong>β’.</strong></span> <span class='ocrx_word' id='word_1_523' title='bbox 305 1731 384 1763; x_wconf 87' lang='grc' dir='ltr'>Ἔθος</span> <span class='ocrx_word' id='word_1_524' title='bbox 401 1732 429 1758; x_wconf 89' lang='grc' dir='ltr'><strong>δὲ</strong></span> <span class='ocrx_word' id='word_1_525' title='bbox 447 1732 510 1768; x_wconf 77' lang='grc' dir='ltr'>ὃλην</span> <span class='ocrx_word' id='word_1_526' title='bbox 527 1732 577 1768; x_wconf 84' lang='grc' dir='ltr'><strong>τὴν</strong></span> <span class='ocrx_word' id='word_1_527' title='bbox 592 1732 726 1768; x_wconf 80' lang='grc' dir='ltr'>ἑϐδομάδα</span> <span class='ocrx_word' id='word_1_528' title='bbox 743 1733 882 1760; x_wconf 76' lang='grc' dir='ltr'>Σάϐϐατον</span> <span class='ocrx_word' id='word_1_529' title='bbox 901 1733 1004 1765; x_wconf 86' lang='grc' dir='ltr'>καλεῖν,</span> 
     </span>
    </p>
   </div>
   <div class='ocr_carea' id='block_1_70' title="bbox 221 1777 1011 1814">
    <p class='ocr_par' dir='ltr' id='par_1_70' title="bbox 221 1777 1011 1814">
     <span class='ocr_line' id='line_1_70' title="bbox 221 1777 1011 1814; baseline 0.001 -11"><span class='ocrx_word' id='word_1_530' title='bbox 221 1777 269 1803; x_wconf 73' lang='grc' dir='ltr'>καὶ</span> <span class='ocrx_word' id='word_1_531' title='bbox 281 1777 370 1809; x_wconf 80' lang='grc' dir='ltr'>πάσας</span> <span class='ocrx_word' id='word_1_532' title='bbox 379 1777 429 1809; x_wconf 84' lang='grc' dir='ltr'><strong>τὰς</strong></span> <span class='ocrx_word' id='word_1_533' title='bbox 441 1777 546 1814; x_wconf 79' lang='grc' dir='ltr'>ἡμέρας</span> <span class='ocrx_word' id='word_1_534' title='bbox 561 1777 645 1810; x_wconf 78' lang='grc' dir='ltr'>οὕτως</span> <span class='ocrx_word' id='word_1_535' title='bbox 656 1779 807 1814; x_wconf 78' lang='grc' dir='ltr'>ὀνομάζειν.</span> <span class='ocrx_word' id='word_1_536' title='bbox 822 1779 937 1812; x_wconf 83' lang='grc' dir='ltr'>Λέγεται</span> <span class='ocrx_word' id='word_1_537' title='bbox 947 1778 1011 1813; x_wconf 85' lang='grc' dir='ltr'>γοῦν</span> 
     </span>
    </p>
   </div>
   <div class='ocr_carea' id='block_1_71' title="bbox 221 1823 1011 1860">
    <p class='ocr_par' dir='ltr' id='par_1_71' title="bbox 221 1823 1011 1860">
     <span class='ocr_line' id='line_1_71' title="bbox 221 1823 1011 1860; baseline 0.003 -10"><span class='ocrx_word' id='word_1_538' title='bbox 221 1823 299 1859; x_wconf 79' lang='grc' dir='ltr'>παρὰ</span> <span class='ocrx_word' id='word_1_539' title='bbox 317 1825 372 1855; x_wconf 76' lang='grc' dir='ltr'>τοῖς</span> <span class='ocrx_word' id='word_1_540' title='bbox 385 1825 589 1859; x_wconf 80' lang='grc' dir='ltr'>εὐαγγελισταῖς</span> <span class='ocrx_word' id='word_1_541' title='bbox 604 1824 642 1859; x_wconf 77' lang='grc' dir='ltr'><em>τῇ</em></span> <span class='ocrx_word' id='word_1_542' title='bbox 655 1824 709 1860; x_wconf 81' lang='grc' dir='ltr'><strong>μιᾷ</strong></span> <span class='ocrx_word' id='word_1_543' title='bbox 725 1824 784 1851; x_wconf 84' lang='grc' dir='ltr'>τῶν</span> <span class='ocrx_word' id='word_1_544' title='bbox 795 1825 965 1852; x_wconf 79' lang='grc' dir='ltr'>Σαῦϐἀτων·</span> <span class='ocrx_word' id='word_1_545' title='bbox 982 1826 1011 1852; x_wconf 82' lang='grc' dir='ltr'>ἐν</span> 
     </span>
    </p>
   </div>
   <div class='ocr_carea' id='block_1_72' title="bbox 220 1868 1011 1906">
    <p class='ocr_par' dir='ltr' id='par_1_72' title="bbox 220 1868 1011 1906">
     <span class='ocr_line' id='line_1_72' title="bbox 220 1868 1011 1906; baseline 0.004 -11"><span class='ocrx_word' id='word_1_546' title='bbox 220 1868 249 1895; x_wconf 75' lang='grc' dir='ltr'>δὲ</span> <span class='ocrx_word' id='word_1_547' title='bbox 261 1870 292 1904; x_wconf 83' lang='grc' dir='ltr'>τῇ</span> <span class='ocrx_word' id='word_1_548' title='bbox 309 1869 444 1906; x_wconf 70' lang='grc' dir='ltr'>συνηθείᾳ,</span> <span class='ocrx_word' id='word_1_549' title='bbox 459 1870 583 1905; x_wconf 82' lang='grc' dir='ltr'>δευτέρα</span> <span class='ocrx_word' id='word_1_550' title='bbox 598 1871 763 1903; x_wconf 77' lang='grc' dir='ltr'>Σαϐϐάτων,</span> <span class='ocrx_word' id='word_1_551' title='bbox 781 1872 828 1898; x_wconf 81' lang='grc' dir='ltr'>καὶ</span> <span class='ocrx_word' id='word_1_552' title='bbox 841 1871 923 1905; x_wconf 80' lang='grc' dir='ltr'>τρίτη</span> <span class='ocrx_word' id='word_1_553' title='bbox 941 1872 1011 1898; x_wconf 77' lang='grc' dir='ltr'><strong>Σαε-</strong></span> 
     </span>
    </p>
   </div>
   <div class='ocr_carea' id='block_1_73' title="bbox 222 1914 1010 1950">
    <p class='ocr_par' dir='ltr' id='par_1_73' title="bbox 222 1914 1010 1950">
     <span class='ocr_line' id='line_1_73' title="bbox 222 1914 1010 1950; baseline 0.004 -9"><span class='ocrx_word' id='word_1_554' title='bbox 222 1914 326 1947; x_wconf 68' lang='grc' dir='ltr'><strong>ἄξτων,</strong></span> <span class='ocrx_word' id='word_1_555' title='bbox 352 1916 399 1942; x_wconf 77' lang='grc' dir='ltr'><strong>καὶ</strong></span> <span class='ocrx_word' id='word_1_556' title='bbox 420 1915 542 1950; x_wconf 79' lang='grc' dir='ltr'>τετάρτη</span> <span class='ocrx_word' id='word_1_557' title='bbox 557 1916 726 1943; x_wconf 77' lang='grc' dir='ltr'>Σαϐϐάτων·</span> <span class='ocrx_word' id='word_1_558' title='bbox 745 1917 830 1949; x_wconf 72' lang='grc' dir='ltr'>οὕτως</span> <span class='ocrx_word' id='word_1_559' title='bbox 846 1915 892 1944; x_wconf 79' lang='grc' dir='ltr'>οὖν</span> <span class='ocrx_word' id='word_1_560' title='bbox 906 1918 920 1943; x_wconf 81' lang='grc' dir='ltr'><strong>ὁ</strong></span> <span class='ocrx_word' id='word_1_561' title='bbox 935 1918 1010 1944; x_wconf 78' lang='grc' dir='ltr'>Ματ-</span> 
     </span>
    </p>
   </div>
   <div class='ocr_carea' id='block_1_74' title="bbox 221 1960 1011 1997">
    <p class='ocr_par' dir='ltr' id='par_1_74' title="bbox 221 1960 1011 1997">
     <span class='ocr_line' id='line_1_74' title="bbox 221 1960 1011 1997; baseline 0.003 -11"><span class='ocrx_word' id='word_1_562' title='bbox 221 1960 297 1992; x_wconf 80' lang='grc' dir='ltr'>θαῑος</span> <span class='ocrx_word' id='word_1_563' title='bbox 320 1961 366 1987; x_wconf 78' lang='grc' dir='ltr'>τὸν</span> <span class='ocrx_word' id='word_1_564' title='bbox 389 1961 485 1997; x_wconf 81' lang='grc' dir='ltr'>καιρὸν</span> <span class='ocrx_word' id='word_1_565' title='bbox 507 1962 551 1987; x_wconf 73' lang='grc' dir='ltr'>τὸν</span> <span class='ocrx_word' id='word_1_566' title='bbox 573 1961 775 1996; x_wconf 78' lang='grc' dir='ltr'>ἑπιφαύσκοντα</span> <span class='ocrx_word' id='word_1_567' title='bbox 789 1963 829 1993; x_wconf 80' lang='grc' dir='ltr'><strong>εἰς</strong></span> <span class='ocrx_word' id='word_1_568' title='bbox 844 1962 893 1997; x_wconf 89' lang='grc' dir='ltr'>τὴν</span> <span class='ocrx_word' id='word_1_569' title='bbox 910 1962 948 1989; x_wconf 82' lang='grc' dir='ltr'><strong>’ἑω</strong></span> <span class='ocrx_word' id='word_1_570' title='bbox 963 1963 1011 1997; x_wconf 85' lang='grc' dir='ltr'>τῆς</span> 
     </span>
    </p>
   </div>
   <div class='ocr_carea' id='block_1_75' title="bbox 221 2004 1011 2043">
    <p class='ocr_par' dir='ltr' id='par_1_75' title="bbox 221 2004 1011 2043">
     <span class='ocr_line' id='line_1_75' title="bbox 221 2004 1011 2043; baseline 0.003 -11"><span class='ocrx_word' id='word_1_571' title='bbox 221 2005 365 2042; x_wconf 81' lang='grc' dir='ltr'>Κυριακῆς</span> <span class='ocrx_word' id='word_1_572' title='bbox 387 2007 504 2042; x_wconf 81' lang='grc' dir='ltr'>ἡμέρας,</span> <span class='ocrx_word' id='word_1_573' title='bbox 522 2004 679 2033; x_wconf 79' lang='grc' dir='ltr'><strong>Σαόὄάτων</strong></span> <span class='ocrx_word' id='word_1_574' title='bbox 702 2007 760 2041; x_wconf 74' lang='grc' dir='ltr'><strong>ὀψὲ</strong></span> <span class='ocrx_word' id='word_1_575' title='bbox 781 2007 935 2043; x_wconf 78' lang='grc' dir='ltr'>ὠνόμασεν·</span> <span class='ocrx_word' id='word_1_576' title='bbox 960 2008 1011 2033; x_wconf 78' lang='grc' dir='ltr'><strong>οὐκ</strong></span> 
     </span>
    </p>
   </div>
   <div class='ocr_carea' id='block_1_76' title="bbox 222 2051 1008 2087">
    <p class='ocr_par' dir='ltr' id='par_1_76' title="bbox 222 2051 1008 2087">
     <span class='ocr_line' id='line_1_76' title="bbox 222 2051 1008 2087; baseline 0.003 -9"><span class='ocrx_word' id='word_1_577' title='bbox 222 2051 307 2078; x_wconf 73' lang='grc' dir='ltr'>εἰπὼν</span> <span class='ocrx_word' id='word_1_578' title='bbox 330 2051 448 2087; x_wconf 79' lang='grc' dir='ltr'>ἑσπέραν</span> <span class='ocrx_word' id='word_1_579' title='bbox 466 2051 513 2079; x_wconf 81' lang='grc' dir='ltr'>τοῦ</span> <span class='ocrx_word' id='word_1_580' title='bbox 539 2052 688 2084; x_wconf 80' lang='grc' dir='ltr'><strong>Σαὸὁάτου,</strong></span> <span class='ocrx_word' id='word_1_581' title='bbox 708 2053 770 2080; x_wconf 81' lang='grc' dir='ltr'>οὐδὲ</span> <span class='ocrx_word' id='word_1_582' title='bbox 789 2053 836 2087; x_wconf 73' lang='grc' dir='ltr'><strong>ὀψὲ</strong></span> <span class='ocrx_word' id='word_1_583' title='bbox 854 2053 1008 2080; x_wconf 76' lang='grc' dir='ltr'>Σαϐϐάτου’</span> 
     </span>
    </p>
   </div>
   <div class='ocr_carea' id='block_1_77' title="bbox 222 2098 1011 2134">
    <p class='ocr_par' dir='ltr' id='par_1_77' title="bbox 222 2098 1011 2134">
     <span class='ocr_line' id='line_1_77' title="bbox 222 2098 1011 2134; baseline 0.003 -10"><span class='ocrx_word' id='word_1_584' title='bbox 222 2098 283 2124; x_wconf 80' lang='grc' dir='ltr'>ἑπεὶ</span> <span class='ocrx_word' id='word_1_585' title='bbox 308 2098 391 2133; x_wconf 85' lang='grc' dir='ltr'>ἑχρῆν</span> <span class='ocrx_word' id='word_1_586' title='bbox 417 2098 489 2133; x_wconf 80' lang='grc' dir='ltr'>ἡμᾶς</span> <span class='ocrx_word' id='word_1_587' title='bbox 517 2099 549 2133; x_wconf 82' lang='grc' dir='ltr'>τῇ</span> <span class='ocrx_word' id='word_1_588' title='bbox 574 2098 667 2134; x_wconf 76' lang='grc' dir='ltr'>ἡμέρᾳ</span> <span class='ocrx_word' id='word_1_589' title='bbox 688 2098 735 2124; x_wconf 80' lang='grc' dir='ltr'><strong>τοῦ</strong></span> <span class='ocrx_word' id='word_1_590' title='bbox 764 2098 903 2125; x_wconf 75' lang='grc' dir='ltr'>Σαὸὁάτου</span> <span class='ocrx_word' id='word_1_591' title='bbox 943 2099 1011 2134; x_wconf 78' lang='grc' dir='ltr'>μετὰ</span> 
     </span>
    </p>
   </div>
   <div class='ocr_carea' id='block_1_78' title="bbox 220 2143 1007 2181">
    <p class='ocr_par' dir='ltr' id='par_1_78' title="bbox 220 2143 1007 2181">
     <span class='ocr_line' id='line_1_78' title="bbox 220 2143 1007 2181; baseline 0.001 -10"><span class='ocrx_word' id='word_1_592' title='bbox 220 2143 297 2179; x_wconf 77' lang='grc' dir='ltr'>ἡλίου</span> <span class='ocrx_word' id='word_1_593' title='bbox 317 2144 421 2180; x_wconf 84' lang='grc' dir='ltr'>δυσμὰς</span> <span class='ocrx_word' id='word_1_594' title='bbox 450 2144 569 2180; x_wconf 82' lang='grc' dir='ltr'>ἑσπέρας</span> <span class='ocrx_word' id='word_1_595' title='bbox 591 2145 738 2180; x_wconf 84' lang='grc' dir='ltr'>γινομένης</span> <span class='ocrx_word' id='word_1_596' title='bbox 762 2144 988 2181; x_wconf 73' lang='grc' dir='ltr'>ἀπονηστεξεσθαι</span> <span class='ocrx_word' id='word_1_597' title='bbox 1001 2154 1007 2161; x_wconf 85' lang='grc'><strong>·</strong></span> 
     </span>
    </p>
   </div>
   <div class='ocr_carea' id='block_1_79' title="bbox 222 2189 1010 2227">
    <p class='ocr_par' dir='ltr' id='par_1_79' title="bbox 222 2189 1010 2227">
     <span class='ocr_line' id='line_1_79' title="bbox 222 2189 1010 2227; baseline 0.003 -11"><span class='ocrx_word' id='word_1_598' title='bbox 222 2189 271 2216; x_wconf 72' lang='grc' dir='ltr'><strong>καὶ</strong></span> <span class='ocrx_word' id='word_1_599' title='bbox 281 2189 373 2217; x_wconf 73' lang='grc' dir='ltr'>οὐκέτι</span> <span class='ocrx_word' id='word_1_600' title='bbox 387 2190 437 2226; x_wconf 81' lang='grc' dir='ltr'>τὴν</span> <span class='ocrx_word' id='word_1_601' title='bbox 451 2189 591 2226; x_wconf 82' lang='grc' dir='ltr'>Κυριακὴν</span> <span class='ocrx_word' id='word_1_602' title='bbox 603 2190 708 2225; x_wconf 82' lang='grc' dir='ltr'>ἡμέραν</span> <span class='ocrx_word' id='word_1_603' title='bbox 724 2191 864 2226; x_wconf 80' lang='grc' dir='ltr'>ἀγαλλιᾷν,</span> <span class='ocrx_word' id='word_1_604' title='bbox 880 2191 948 2218; x_wconf 83' lang='grc' dir='ltr'>ἀλλὰ</span> <span class='ocrx_word' id='word_1_605' title='bbox 961 2191 1010 2227; x_wconf 86' lang='grc' dir='ltr'><strong>τὴν</strong></span> 
     </span>
    </p>
   </div>
   <div class='ocr_carea' id='block_1_80' title="bbox 1063 1638 1480 1675">
    <p class='ocr_par' dir='ltr' id='par_1_80' title="bbox 1063 1638 1480 1675">
     <span class='ocr_line' id='line_1_80' title="bbox 1063 1638 1480 1675; baseline -0.002 -8"><span class='ocrx_word' id='word_1_606' title='bbox 1063 1648 1159 1675; x_wconf 88' lang='lat' dir='ltr'><strong>nempe</strong></span> <span class='ocrx_word' id='word_1_607' title='bbox 1171 1640 1208 1667; x_wconf 85' lang='lat' dir='ltr'><strong>ait</strong></span> <span class='ocrx_word' id='word_1_608' title='bbox 1221 1648 1279 1666; x_wconf 68' lang='lat' dir='ltr'><strong>rem</strong></span> <span class='ocrx_word' id='word_1_609' title='bbox 1295 1638 1480 1667; x_wconf 82' lang='lat' dir='ltr'><strong>Sabbatorum.</strong></span> 
     </span>
    </p>
   </div>
   <div class='ocr_carea' id='block_1_81' title="bbox 1097 1725 1850 1757">
    <p class='ocr_par' dir='ltr' id='par_1_81' title="bbox 1097 1725 1850 1757">
     <span class='ocr_line' id='line_1_81' title="bbox 1097 1725 1850 1757; baseline -0.007 0"><span class='ocrx_word' id='word_1_610' title='bbox 1097 1729 1124 1757; x_wconf 80' lang='grc'><strong>2.</strong></span> <span class='ocrx_word' id='word_1_611' title='bbox 1145 1728 1322 1757; x_wconf 84' lang='lat' dir='ltr'><strong>Consuetudo</strong></span> <span class='ocrx_word' id='word_1_612' title='bbox 1335 1732 1425 1756; x_wconf 87' lang='lat' dir='ltr'><strong>autem</strong></span> <span class='ocrx_word' id='word_1_613' title='bbox 1440 1727 1492 1755; x_wconf 79' lang='lat' dir='ltr'><strong>fuit</strong></span> <span class='ocrx_word' id='word_1_614' title='bbox 1502 1731 1532 1754; x_wconf 94' lang='lat' dir='ltr'><strong>ut</strong></span> <span class='ocrx_word' id='word_1_615' title='bbox 1543 1727 1671 1754; x_wconf 87' lang='lat' dir='ltr'><strong>universa</strong></span> <span class='ocrx_word' id='word_1_616' title='bbox 1679 1725 1850 1754; x_wconf 84' lang='lat' dir='ltr'><strong>hebdomada</strong></span> 
     </span>
    </p>
   </div>
   <div class='ocr_carea' id='block_1_82' title="bbox 1062 1772 1850 1807">
    <p class='ocr_par' dir='ltr' id='par_1_82' title="bbox 1062 1772 1850 1807">
     <span class='ocr_line' id='line_1_82' title="bbox 1062 1772 1850 1807; baseline -0.004 -6"><span class='ocrx_word' id='word_1_617' title='bbox 1062 1774 1200 1803; x_wconf 84' lang='lat' dir='ltr'><strong>diceretur</strong></span> <span class='ocrx_word' id='word_1_618' title='bbox 1223 1775 1384 1807; x_wconf 84' lang='lat' dir='ltr'><strong>Sabbatum,</strong></span> <span class='ocrx_word' id='word_1_619' title='bbox 1398 1775 1453 1800; x_wconf 89' lang='lat' dir='ltr'><strong>imo</strong></span> <span class='ocrx_word' id='word_1_620' title='bbox 1468 1779 1498 1800; x_wconf 90' lang='lat' dir='ltr'><strong>ut</strong></span> <span class='ocrx_word' id='word_1_621' title='bbox 1512 1773 1571 1800; x_wconf 86' lang='lat' dir='ltr'><strong>dies</strong></span> <span class='ocrx_word' id='word_1_622' title='bbox 1587 1772 1687 1807; x_wconf 73' lang='lat' dir='ltr'><strong>singuli</strong></span> <span class='ocrx_word' id='word_1_623' title='bbox 1703 1773 1743 1799; x_wconf 86' lang='lat' dir='ltr'><strong>sic</strong></span> <span class='ocrx_word' id='word_1_624' title='bbox 1758 1772 1850 1806; x_wconf 85' lang='lat' dir='ltr'><strong>appel-</strong></span> 
     </span>
    </p>
   </div>
   <div class='ocr_carea' id='block_1_83' title="bbox 1061 1815 1850 1855">
    <p class='ocr_par' dir='ltr' id='par_1_83' title="bbox 1061 1815 1850 1855">
     <span class='ocr_line' id='line_1_83' title="bbox 1061 1815 1850 1855; baseline -0.008 -7"><span class='ocrx_word' id='word_1_625' title='bbox 1061 1822 1192 1849; x_wconf 85' lang='lat' dir='ltr'><strong>larentur.</strong></span> <span class='ocrx_word' id='word_1_626' title='bbox 1212 1820 1317 1848; x_wconf 90' lang='lat' dir='ltr'><strong>Dicitur</strong></span> <span class='ocrx_word' id='word_1_627' title='bbox 1329 1827 1395 1855; x_wconf 71' lang='lat' dir='ltr'><strong>ergo</strong></span> <span class='ocrx_word' id='word_1_628' title='bbox 1408 1818 1481 1854; x_wconf 82' lang='lat' dir='ltr'><strong>apud</strong></span> <span class='ocrx_word' id='word_1_629' title='bbox 1495 1817 1675 1852; x_wconf 80' lang='lat' dir='ltr'><strong>evangelistas</strong></span> <span class='ocrx_word' id='word_1_630' title='bbox 1682 1825 1736 1843; x_wconf 81' lang='lat' dir='ltr'><strong>una</strong></span> <span class='ocrx_word' id='word_1_631' title='bbox 1745 1815 1850 1844; x_wconf 80' lang='lat' dir='ltr'><strong>Sabbu-</strong></span> 
     </span>
    </p>
   </div>
   <div class='ocr_carea' id='block_1_84' title="bbox 1063 1862 1851 1901">
    <p class='ocr_par' dir='ltr' id='par_1_84' title="bbox 1063 1862 1851 1901">
     <span class='ocr_line' id='line_1_84' title="bbox 1063 1862 1851 1901; baseline -0.006 -8"><span class='ocrx_word' id='word_1_632' title='bbox 1063 1872 1159 1895; x_wconf 84' lang='lat' dir='ltr'><strong>torum.</strong></span> <span class='ocrx_word' id='word_1_633' title='bbox 1175 1866 1209 1893; x_wconf 89' lang='lat' dir='ltr'><strong>Et</strong></span> <span class='ocrx_word' id='word_1_634' title='bbox 1223 1866 1331 1901; x_wconf 89' lang='lat' dir='ltr'><strong>quidem</strong></span> <span class='ocrx_word' id='word_1_635' title='bbox 1350 1866 1377 1893; x_wconf 92' lang='lat' dir='ltr'><strong>iu</strong></span> <span class='ocrx_word' id='word_1_636' title='bbox 1394 1865 1500 1900; x_wconf 79' lang='lat' dir='ltr'><strong>vulgari</strong></span> <span class='ocrx_word' id='word_1_637' title='bbox 1522 1862 1721 1891; x_wconf 88' lang='lat' dir='ltr'><strong>consuetudine</strong></span> <span class='ocrx_word' id='word_1_638' title='bbox 1735 1862 1851 1889; x_wconf 73' lang='lat' dir='ltr'><strong>secunda</strong></span> 
     </span>
    </p>
   </div>
   <div class='ocr_carea' id='block_1_85' title="bbox 1063 1907 1850 1945">
    <p class='ocr_par' dir='ltr' id='par_1_85' title="bbox 1063 1907 1850 1945">
     <span class='ocr_line' id='line_1_85' title="bbox 1063 1907 1850 1945; baseline -0.009 -5"><span class='ocrx_word' id='word_1_639' title='bbox 1063 1912 1250 1942; x_wconf 85' lang='lat' dir='ltr'><strong>Sabbatorum.</strong></span> <span class='ocrx_word' id='word_1_640' title='bbox 1260 1912 1338 1939; x_wconf 82' lang='lat' dir='ltr'><strong>tertia</strong></span> <span class='ocrx_word' id='word_1_641' title='bbox 1351 1910 1541 1942; x_wconf 83' lang='lat' dir='ltr'><strong>Sabbatorum,</strong></span> <span class='ocrx_word' id='word_1_642' title='bbox 1551 1913 1647 1945; x_wconf 82' lang='lat' dir='ltr'><strong>quarta</strong></span> <span class='ocrx_word' id='word_1_643' title='bbox 1659 1907 1850 1935; x_wconf 80' lang='lat' dir='ltr'><strong>Sabbatorum.</strong></span> 
     </span>
    </p>
   </div>
   <div class='ocr_carea' id='block_1_86' title="bbox 1063 1954 1850 1995">
    <p class='ocr_par' dir='ltr' id='par_1_86' title="bbox 1063 1954 1850 1995">
     <span class='ocr_line' id='line_1_86' title="bbox 1063 1954 1850 1995; baseline -0.009 -8"><span class='ocrx_word' id='word_1_644' title='bbox 1063 1960 1107 1987; x_wconf 90' lang='lat' dir='ltr'><strong>Sic</strong></span> <span class='ocrx_word' id='word_1_645' title='bbox 1121 1968 1186 1995; x_wconf 72' lang='lat' dir='ltr'><strong>ergo</strong></span> <span class='ocrx_word' id='word_1_646' title='bbox 1202 1959 1342 1987; x_wconf 64' lang='lat' dir='ltr'><strong>Matthaaus</strong></span> <span class='ocrx_word' id='word_1_647' title='bbox 1359 1963 1466 1993; x_wconf 90' lang='lat' dir='ltr'><strong>tempus</strong></span> <span class='ocrx_word' id='word_1_648' title='bbox 1481 1958 1645 1985; x_wconf 82' lang='lat' dir='ltr'><strong>illucescens</strong></span> <span class='ocrx_word' id='word_1_649' title='bbox 1656 1957 1683 1983; x_wconf 92' lang='lat' dir='ltr'><strong>in</strong></span> <span class='ocrx_word' id='word_1_650' title='bbox 1704 1956 1775 1982; x_wconf 88' lang='lat' dir='ltr'><strong>diem</strong></span> <span class='ocrx_word' id='word_1_651' title='bbox 1795 1954 1850 1981; x_wconf 83' lang='lat' dir='ltr'><strong>Do-</strong></span> 
     </span>
    </p>
   </div>
   <div class='ocr_carea' id='block_1_87' title="bbox 1061 2001 1850 2034">
    <p class='ocr_par' dir='ltr' id='par_1_87' title="bbox 1061 2001 1850 2034">
     <span class='ocr_line' id='line_1_87' title="bbox 1061 2001 1850 2034; baseline -0.009 0"><span class='ocrx_word' id='word_1_652' title='bbox 1061 2008 1191 2034; x_wconf 89' lang='lat' dir='ltr'><strong>minicum</strong></span> <span class='ocrx_word' id='word_1_653' title='bbox 1220 2014 1278 2034; x_wconf 80' lang='lat' dir='ltr'><strong>sero</strong></span> <span class='ocrx_word' id='word_1_654' title='bbox 1305 2005 1482 2033; x_wconf 81' lang='lat' dir='ltr'><strong>Sabbatorum</strong></span> <span class='ocrx_word' id='word_1_655' title='bbox 1510 2003 1650 2030; x_wconf 86' lang='lat' dir='ltr'><strong>vocitavit.</strong></span> <span class='ocrx_word' id='word_1_656' title='bbox 1675 2001 1762 2029; x_wconf 82' lang='lat' dir='ltr'><strong>Secus</strong></span> <span class='ocrx_word' id='word_1_657' title='bbox 1785 2007 1850 2028; x_wconf 91' lang='lat' dir='ltr'><strong>vero</strong></span> 
     </span>
    </p>
   </div>
   <div class='ocr_carea' id='block_1_88' title="bbox 1061 2048 1850 2087">
    <p class='ocr_par' dir='ltr' id='par_1_88' title="bbox 1061 2048 1850 2087">
     <span class='ocr_line' id='line_1_88' title="bbox 1061 2048 1850 2087; baseline -0.008 -9"><span class='ocrx_word' id='word_1_658' title='bbox 1061 2055 1198 2087; x_wconf 87' lang='lat' dir='ltr'><strong>oporteret</strong></span> <span class='ocrx_word' id='word_1_659' title='bbox 1220 2059 1271 2079; x_wconf 89' lang='lat' dir='ltr'><strong>nos</strong></span> <span class='ocrx_word' id='word_1_660' title='bbox 1286 2051 1330 2078; x_wconf 87' lang='lat' dir='ltr'><strong>die</strong></span> <span class='ocrx_word' id='word_1_661' title='bbox 1353 2050 1464 2077; x_wconf 85' lang='lat' dir='ltr'><strong>Sabhati</strong></span> <span class='ocrx_word' id='word_1_662' title='bbox 1479 2053 1540 2084; x_wconf 89' lang='lat' dir='ltr'><strong>post</strong></span> <span class='ocrx_word' id='word_1_663' title='bbox 1556 2048 1623 2076; x_wconf 88' lang='lat' dir='ltr'><strong>solis</strong></span> <span class='ocrx_word' id='word_1_664' title='bbox 1639 2054 1766 2074; x_wconf 82' lang='lat' dir='ltr'><strong>occasum</strong></span> <span class='ocrx_word' id='word_1_665' title='bbox 1779 2067 1785 2077; x_wconf 84' lang='grc'><em>,</em></span> <span class='ocrx_word' id='word_1_666' title='bbox 1802 2054 1850 2073; x_wconf 90' lang='lat' dir='ltr'><strong>ve-</strong></span> 
     </span>
    </p>
   </div>
   <div class='ocr_carea' id='block_1_89' title="bbox 1062 2092 1849 2134">
    <p class='ocr_par' dir='ltr' id='par_1_89' title="bbox 1062 2092 1849 2134">
     <span class='ocr_line' id='line_1_89' title="bbox 1062 2092 1849 2134; baseline -0.01 -7"><span class='ocrx_word' id='word_1_667' title='bbox 1062 2106 1141 2134; x_wconf 85' lang='lat' dir='ltr'><strong>spere</strong></span> <span class='ocrx_word' id='word_1_668' title='bbox 1157 2098 1248 2131; x_wconf 82' lang='lat' dir='ltr'><strong>facto,</strong></span> <span class='ocrx_word' id='word_1_669' title='bbox 1269 2097 1404 2132; x_wconf 84' lang='lat' dir='ltr'><strong>jejunium</strong></span> <span class='ocrx_word' id='word_1_670' title='bbox 1424 2096 1546 2130; x_wconf 88' lang='lat' dir='ltr'><strong>polluere</strong></span> <span class='ocrx_word' id='word_1_671' title='bbox 1562 2105 1568 2122; x_wconf 90' lang='lat'>:</span> <span class='ocrx_word' id='word_1_672' title='bbox 1585 2102 1673 2130; x_wconf 89' lang='lat' dir='ltr'><strong>neque</strong></span> <span class='ocrx_word' id='word_1_673' title='bbox 1700 2094 1743 2121; x_wconf 92' lang='lat' dir='ltr'><strong>die</strong></span> <span class='ocrx_word' id='word_1_674' title='bbox 1759 2092 1849 2120; x_wconf 74' lang='grc' dir='ltr'><strong>ι’)οωί-</strong></span> 
     </span>
    </p>
   </div>
   <div class='ocr_carea' id='block_1_90' title="bbox 1061 2141 1850 2179">
    <p class='ocr_par' dir='ltr' id='par_1_90' title="bbox 1061 2141 1850 2179">
     <span class='ocr_line' id='line_1_90' title="bbox 1061 2141 1850 2179; baseline -0.006 -7"><span class='ocrx_word' id='word_1_675' title='bbox 1061 2145 1124 2172; x_wconf 90' lang='lat' dir='ltr'><strong>nico</strong></span> <span class='ocrx_word' id='word_1_676' title='bbox 1147 2144 1276 2179; x_wconf 80' lang='lat' dir='ltr'><strong>jubilare,</strong></span> <span class='ocrx_word' id='word_1_677' title='bbox 1292 2143 1339 2171; x_wconf 85' lang='lat' dir='ltr'><strong>sed</strong></span> <span class='ocrx_word' id='word_1_678' title='bbox 1354 2143 1447 2178; x_wconf 79' lang='lat' dir='ltr'><strong>potius</strong></span> <span class='ocrx_word' id='word_1_679' title='bbox 1460 2149 1574 2176; x_wconf 85' lang='lat' dir='ltr'><strong>vespere</strong></span> <span class='ocrx_word' id='word_1_680' title='bbox 1594 2141 1725 2174; x_wconf 86' lang='lat' dir='ltr'><strong>Sabbati;</strong></span> <span class='ocrx_word' id='word_1_681' title='bbox 1743 2142 1767 2167; x_wconf 90' lang='lat' dir='ltr'><strong>si</strong></span> <span class='ocrx_word' id='word_1_682' title='bbox 1789 2141 1850 2175; x_wconf 89' lang='lat' dir='ltr'><strong>qui-</strong></span> 
     </span>
    </p>
   </div>
   <div class='ocr_carea' id='block_1_91' title="bbox 1061 2187 1848 2224">
    <p class='ocr_par' dir='ltr' id='par_1_91' title="bbox 1061 2187 1848 2224">
     <span class='ocr_line' id='line_1_91' title="bbox 1061 2187 1848 2224; baseline -0.008 -5"><span class='ocrx_word' id='word_1_683' title='bbox 1061 2191 1122 2219; x_wconf 86' lang='lat' dir='ltr'><strong>dem</strong></span> <span class='ocrx_word' id='word_1_684' title='bbox 1139 2190 1177 2217; x_wconf 89' lang='lat' dir='ltr'><strong>ita</strong></span> <span class='ocrx_word' id='word_1_685' title='bbox 1197 2188 1392 2224; x_wconf 74' lang='lat' dir='ltr'><strong>intelligendus</strong></span> <span class='ocrx_word' id='word_1_686' title='bbox 1411 2193 1484 2216; x_wconf 81' lang='lat' dir='ltr'><strong>esset</strong></span> <span class='ocrx_word' id='word_1_687' title='bbox 1496 2187 1673 2222; x_wconf 77' lang='lat' dir='ltr'><strong>evangelista.</strong></span> <span class='ocrx_word' id='word_1_688' title='bbox 1690 2187 1771 2221; x_wconf 82' lang='lat' dir='ltr'><strong>Atqui</strong></span> <span class='ocrx_word' id='word_1_689' title='bbox 1795 2195 1848 2214; x_wconf 88' lang='lat' dir='ltr'><strong>non</strong></span> 
     </span>
    </p>
   </div>
   <div class='ocr_carea' id='block_1_92' title="bbox 222 2232 1010 2272">
    <p class='ocr_par' dir='ltr' id='par_1_92' title="bbox 222 2233 1010 2272">
     <span class='ocr_line' id='line_1_92' title="bbox 222 2233 1010 2272; baseline 0.005 -12"><span class='ocrx_word' id='word_1_690' title='bbox 222 2233 342 2270; x_wconf 79' lang='grc' dir='ltr'>ἑσπέραν</span> <span class='ocrx_word' id='word_1_691' title='bbox 356 2235 404 2262; x_wconf 75' lang='grc' dir='ltr'>τοῦ</span> <span class='ocrx_word' id='word_1_692' title='bbox 418 2236 566 2268; x_wconf 79' lang='grc' dir='ltr'>Σασῦάτου,</span> <span class='ocrx_word' id='word_1_693' title='bbox 581 2236 659 2272; x_wconf 75' lang='grc' dir='ltr'>εἴπερ</span> <span class='ocrx_word' id='word_1_694' title='bbox 672 2236 743 2263; x_wconf 78' lang='grc' dir='ltr'>τοῦτ’</span> <span class='ocrx_word' id='word_1_695' title='bbox 757 2237 851 2272; x_wconf 77' lang='grc' dir='ltr'>ἐδήλου</span> <span class='ocrx_word' id='word_1_696' title='bbox 866 2238 880 2264; x_wconf 84' lang='grc' dir='ltr'>ὁ</span> <span class='ocrx_word' id='word_1_697' title='bbox 896 2238 1010 2271; x_wconf 85' lang='grc' dir='ltr'>εὐαγγε-</span> 
     </span>
    </p>
   </div>
   <div class='ocr_carea' id='block_1_93' title="bbox 1061 2232 1850 2272">
    <p class='ocr_par' dir='ltr' id='par_1_93' title="bbox 1062 2232 1850 2271">
     <span class='ocr_line' id='line_1_93' title="bbox 1062 2232 1850 2271; baseline -0.005 -9"><span class='ocrx_word' id='word_1_698' title='bbox 1062 2243 1176 2271; x_wconf 86' lang='lat' dir='ltr'><strong>vespere</strong></span> <span class='ocrx_word' id='word_1_699' title='bbox 1193 2234 1305 2263; x_wconf 84' lang='lat' dir='ltr'><strong>Sabbati</strong></span> <span class='ocrx_word' id='word_1_700' title='bbox 1323 2234 1445 2261; x_wconf 89' lang='lat' dir='ltr'><strong>solemus</strong></span> <span class='ocrx_word' id='word_1_701' title='bbox 1459 2233 1565 2267; x_wconf 82' lang='lat' dir='ltr'><strong>jejunia</strong></span> <span class='ocrx_word' id='word_1_702' title='bbox 1587 2233 1720 2267; x_wconf 85' lang='lat' dir='ltr'><strong>polluere,</strong></span> <span class='ocrx_word' id='word_1_703' title='bbox 1735 2232 1782 2259; x_wconf 90' lang='lat' dir='ltr'><strong>sed</strong></span> <span class='ocrx_word' id='word_1_704' title='bbox 1801 2240 1850 2258; x_wconf 88' lang='lat' dir='ltr'><strong>no-</strong></span> 
     </span>
    </p>
   </div>
   <div class='ocr_carea' id='block_1_94' title="bbox 221 2279 1010 2319">
    <p class='ocr_par' dir='ltr' id='par_1_94' title="bbox 221 2279 1010 2319">
     <span class='ocr_line' id='line_1_94' title="bbox 221 2279 1010 2319; baseline 0.006 -14"><span class='ocrx_word' id='word_1_705' title='bbox 221 2279 327 2316; x_wconf 79' lang='grc' dir='ltr'>λιστής.</span> <span class='ocrx_word' id='word_1_706' title='bbox 349 2280 418 2307; x_wconf 79' lang='grc' dir='ltr'>Ἀλλ’</span> <span class='ocrx_word' id='word_1_707' title='bbox 433 2281 482 2317; x_wconf 79' lang='grc' dir='ltr'>οὐχ</span> <span class='ocrx_word' id='word_1_708' title='bbox 503 2282 622 2319; x_wconf 78' lang='grc' dir='ltr'>ἑσπέρας</span> <span class='ocrx_word' id='word_1_709' title='bbox 645 2283 692 2310; x_wconf 84' lang='grc' dir='ltr'>τοῦ</span> <span class='ocrx_word' id='word_1_710' title='bbox 714 2283 852 2310; x_wconf 78' lang='grc' dir='ltr'>Σαόϐάτου</span> <span class='ocrx_word' id='word_1_711' title='bbox 873 2283 1010 2319; x_wconf 80' lang='grc' dir='ltr'>εἰώθαμεν</span> 
     </span>
    </p>
   </div>
   <div class='ocr_carea' id='block_1_95' title="bbox 221 2325 1007 2364">
    <p class='ocr_par' dir='ltr' id='par_1_95' title="bbox 221 2325 1007 2364">
     <span class='ocr_line' id='line_1_95' title="bbox 221 2325 1007 2364; baseline 0.008 -13"><span class='ocrx_word' id='word_1_712' title='bbox 221 2325 270 2357; x_wconf 79' lang='grc' dir='ltr'><strong>τὰς</strong></span> <span class='ocrx_word' id='word_1_713' title='bbox 285 2326 412 2361; x_wconf 77' lang='grc' dir='ltr'>νηστείας</span> <span class='ocrx_word' id='word_1_714' title='bbox 420 2327 576 2360; x_wconf 80' lang='grc' dir='ltr'>καταλύειν,</span> <span class='ocrx_word' id='word_1_715' title='bbox 593 2328 651 2355; x_wconf 75' lang='grc' dir='ltr'>ἀλλ’</span> <span class='ocrx_word' id='word_1_716' title='bbox 664 2328 682 2364; x_wconf 79' lang='grc' dir='ltr'><strong>ἢ</strong></span> <span class='ocrx_word' id='word_1_717' title='bbox 703 2329 800 2361; x_wconf 82' lang='grc' dir='ltr'>νυκτὸς</span> <span class='ocrx_word' id='word_1_718' title='bbox 814 2329 1007 2364; x_wconf 76' lang='grc' dir='ltr'>ἑπιλαϐούσης,</span> 
     </span>
    </p>
   </div>
   <div class='ocr_carea' id='block_1_96' title="bbox 221 2370 1008 2410">
    <p class='ocr_par' dir='ltr' id='par_1_96' title="bbox 221 2370 1008 2410">
     <span class='ocr_line' id='line_1_96' title="bbox 221 2370 1008 2410; baseline 0.008 -14"><span class='ocrx_word' id='word_1_719' title='bbox 221 2370 296 2406; x_wconf 78' lang='grc' dir='ltr'>αὐτῷ</span> <span class='ocrx_word' id='word_1_720' title='bbox 319 2371 495 2408; x_wconf 82' lang='grc' dir='ltr'>μεσονυκτίῳ,</span> <span class='ocrx_word' id='word_1_721' title='bbox 518 2373 565 2400; x_wconf 79' lang='grc' dir='ltr'><strong>καὶ</strong></span> <span class='ocrx_word' id='word_1_722' title='bbox 592 2373 609 2409; x_wconf 82' lang='grc' dir='ltr'>ἢ</span> <span class='ocrx_word' id='word_1_723' title='bbox 634 2374 699 2409; x_wconf 78' lang='grc' dir='ltr'>περὶ</span> <span class='ocrx_word' id='word_1_724' title='bbox 724 2374 879 2410; x_wconf 80' lang='grc' dir='ltr'>ἀλεκτόρων</span> <span class='ocrx_word' id='word_1_725' title='bbox 892 2374 966 2410; x_wconf 78' lang='grc' dir='ltr'>βοὰς,</span> <span class='ocrx_word' id='word_1_726' title='bbox 991 2375 1008 2410; x_wconf 88' lang='grc' dir='ltr'><strong>ἢ</strong></span> 
     </span>
    </p>
   </div>
   <div class='ocr_carea' id='block_1_97' title="bbox 221 2416 1007 2456">
    <p class='ocr_par' dir='ltr' id='par_1_97' title="bbox 221 2416 1007 2456">
     <span class='ocr_line' id='line_1_97' title="bbox 221 2416 1007 2456; baseline 0.008 -14"><span class='ocrx_word' id='word_1_727' title='bbox 221 2417 293 2452; x_wconf 80' lang='grc' dir='ltr'><strong>ἀμφὶ</strong></span> <span class='ocrx_word' id='word_1_728' title='bbox 303 2416 349 2443; x_wconf 78' lang='grc' dir='ltr'>τὸν</span> <span class='ocrx_word' id='word_1_729' title='bbox 363 2417 461 2453; x_wconf 61' lang='lat' dir='ltr'><strong>spem</strong></span> <span class='ocrx_word' id='word_1_730' title='bbox 470 2426 477 2434; x_wconf 89' lang='grc'>·</span> <span class='ocrx_word' id='word_1_731' title='bbox 491 2417 561 2445; x_wconf 75' lang='grc' dir='ltr'>ὥστε</span> <span class='ocrx_word' id='word_1_732' title='bbox 575 2420 624 2446; x_wconf 78' lang='grc' dir='ltr'><strong>καὶ</strong></span> <span class='ocrx_word' id='word_1_733' title='bbox 636 2419 666 2453; x_wconf 78' lang='grc' dir='ltr'>ἑξ</span> <span class='ocrx_word' id='word_1_734' title='bbox 680 2419 762 2446; x_wconf 83' lang='grc' dir='ltr'><strong>αὺτοῦ</strong></span> <span class='ocrx_word' id='word_1_735' title='bbox 776 2419 823 2447; x_wconf 81' lang='grc' dir='ltr'>τοῦ</span> <span class='ocrx_word' id='word_1_736' title='bbox 836 2420 1007 2456; x_wconf 77' lang='grc' dir='ltr'>πράγματος,</span> 
     </span>
    </p>
   </div>
   <div class='ocr_carea' id='block_1_98' title="bbox 220 2463 1008 2502">
    <p class='ocr_par' dir='ltr' id='par_1_98' title="bbox 220 2463 1008 2502">
     <span class='ocr_line' id='line_1_98' title="bbox 220 2463 1008 2502; baseline 0.005 -13"><span class='ocrx_word' id='word_1_737' title='bbox 220 2463 268 2489; x_wconf 76' lang='grc' dir='ltr'><strong>καὶ</strong></span> <span class='ocrx_word' id='word_1_738' title='bbox 293 2463 325 2489; x_wconf 86' lang='grc' dir='ltr'>ἑκ</span> <span class='ocrx_word' id='word_1_739' title='bbox 345 2463 395 2499; x_wconf 83' lang='grc' dir='ltr'>τῆς</span> <span class='ocrx_word' id='word_1_740' title='bbox 420 2465 621 2501; x_wconf 79' lang='grc' dir='ltr'>κεκρατηκυιας</span> <span class='ocrx_word' id='word_1_741' title='bbox 637 2466 666 2492; x_wconf 82' lang='grc' dir='ltr'><strong>ἑν</strong></span> <span class='ocrx_word' id='word_1_742' title='bbox 686 2467 746 2497; x_wconf 85' lang='grc' dir='ltr'>ταῖς</span> <span class='ocrx_word' id='word_1_743' title='bbox 772 2466 947 2502; x_wconf 78' lang='grc' dir='ltr'>Ἐκκλησίαις</span> <span class='ocrx_word' id='word_1_744' title='bbox 960 2466 1008 2493; x_wconf 86' lang='grc' dir='ltr'>τοῦ</span> 
     </span>
    </p>
   </div>
   <div class='ocr_carea' id='block_1_99' title="bbox 220 2508 1010 2546">
    <p class='ocr_par' dir='ltr' id='par_1_99' title="bbox 220 2508 1010 2546">
     <span class='ocr_line' id='line_1_99' title="bbox 220 2508 1010 2546; baseline 0.006 -13"><span class='ocrx_word' id='word_1_745' title='bbox 220 2508 287 2534; x_wconf 80' lang='grc' dir='ltr'>Θεοῦ</span> <span class='ocrx_word' id='word_1_746' title='bbox 311 2509 464 2545; x_wconf 81' lang='grc' dir='ltr'>συνηθείας,</span> <span class='ocrx_word' id='word_1_747' title='bbox 482 2509 528 2537; x_wconf 70' lang='grc' dir='ltr'><strong>τὸν</strong></span> <span class='ocrx_word' id='word_1_748' title='bbox 542 2510 586 2537; x_wconf 88' lang='grc' dir='ltr'><strong>διὰ</strong></span> <span class='ocrx_word' id='word_1_749' title='bbox 604 2510 650 2537; x_wconf 80' lang='grc' dir='ltr'>τοῦ</span> <span class='ocrx_word' id='word_1_750' title='bbox 663 2510 721 2545; x_wconf 76' lang='grc' dir='ltr'><strong>ὀψὲ</strong></span> <span class='ocrx_word' id='word_1_751' title='bbox 734 2510 891 2539; x_wconf 75' lang='grc' dir='ltr'>Σαδᾶάτων</span> <span class='ocrx_word' id='word_1_752' title='bbox 915 2511 1010 2546; x_wconf 87' lang='grc' dir='ltr'>δηλού-</span> 
     </span>
    </p>
   </div>
   <div class='ocr_carea' id='block_1_100' title="bbox 222 2555 1009 2592">
    <p class='ocr_par' dir='ltr' id='par_1_100' title="bbox 222 2555 1009 2592">
     <span class='ocr_line' id='line_1_100' title="bbox 222 2555 1009 2592; baseline 0.004 -12"><span class='ocrx_word' id='word_1_753' title='bbox 222 2562 302 2589; x_wconf 84' lang='grc' dir='ltr'>μενον</span> <span class='ocrx_word' id='word_1_754' title='bbox 325 2555 431 2590; x_wconf 81' lang='grc' dir='ltr'>καιρὸν,</span> <span class='ocrx_word' id='word_1_755' title='bbox 454 2556 491 2592; x_wconf 84' lang='grc' dir='ltr'>μὴ</span> <span class='ocrx_word' id='word_1_756' title='bbox 512 2555 562 2592; x_wconf 83' lang='grc' dir='ltr'>τὴν</span> <span class='ocrx_word' id='word_1_757' title='bbox 584 2556 730 2592; x_wconf 78' lang='grc' dir='ltr'>ὲσπερινὴν</span> <span class='ocrx_word' id='word_1_758' title='bbox 746 2556 820 2592; x_wconf 85' lang='grc' dir='ltr'>ὥραν</span> <span class='ocrx_word' id='word_1_759' title='bbox 845 2555 924 2589; x_wconf 84' lang='grc' dir='ltr'>εἶναι,</span> <span class='ocrx_word' id='word_1_760' title='bbox 941 2557 1009 2584; x_wconf 78' lang='grc' dir='ltr'>ἀλλὰ</span> 
     </span>
    </p>
   </div>
   <div class='ocr_carea' id='block_1_101' title="bbox 219 2599 1009 2638">
    <p class='ocr_par' dir='ltr' id='par_1_101' title="bbox 219 2599 1009 2638">
     <span class='ocr_line' id='line_1_101' title="bbox 219 2599 1009 2638; baseline 0.006 -13"><span class='ocrx_word' id='word_1_761' title='bbox 219 2599 329 2636; x_wconf 75' lang='grc' dir='ltr'>ταύτην,</span> <span class='ocrx_word' id='word_1_762' title='bbox 344 2601 377 2636; x_wconf 78' lang='grc' dir='ltr'>ἣν</span> <span class='ocrx_word' id='word_1_763' title='bbox 387 2601 525 2634; x_wconf 83' lang='grc' dir='ltr'>Ματθαῖος</span> <span class='ocrx_word' id='word_1_764' title='bbox 533 2602 615 2634; x_wconf 75' lang='grc' dir='ltr'>αὐτὸς</span> <span class='ocrx_word' id='word_1_765' title='bbox 628 2602 800 2638; x_wconf 78' lang='grc' dir='ltr'>παρέστησεν</span> <span class='ocrx_word' id='word_1_766' title='bbox 809 2602 894 2630; x_wconf 74' lang='grc' dir='ltr'>εἰπὼν</span> <span class='ocrx_word' id='word_1_767' title='bbox 902 2602 940 2637; x_wconf 75' lang='grc' dir='ltr'>τῇ</span> <span class='ocrx_word' id='word_1_768' title='bbox 947 2603 1009 2630; x_wconf 80' lang='grc' dir='ltr'>ἐπι-</span> 
     </span>
    </p>
   </div>
   <div class='ocr_carea' id='block_1_102' title="bbox 219 2647 1009 2684">
    <p class='ocr_par' dir='ltr' id='par_1_102' title="bbox 219 2647 1009 2684">
     <span class='ocr_line' id='line_1_102' title="bbox 219 2647 1009 2684; baseline 0.004 -11"><span class='ocrx_word' id='word_1_769' title='bbox 219 2647 385 2681; x_wconf 73' lang='grc' dir='ltr'>φωσκούσῃ</span> <span class='ocrx_word' id='word_1_770' title='bbox 399 2649 442 2680; x_wconf 78' lang='grc' dir='ltr'>εὶς</span> <span class='ocrx_word' id='word_1_771' title='bbox 451 2648 525 2682; x_wconf 81' lang='grc' dir='ltr'>μίαν</span> <span class='ocrx_word' id='word_1_772' title='bbox 540 2648 705 2677; x_wconf 68' lang='grc' dir='ltr'>Σαϐϐάτων.</span> <span class='ocrx_word' id='word_1_773' title='bbox 720 2649 787 2676; x_wconf 70' lang='grc' dir='ltr'><strong>οὐδὲ</strong></span> <span class='ocrx_word' id='word_1_774' title='bbox 799 2649 854 2684; x_wconf 87' lang='grc' dir='ltr'>γὰρ</span> <span class='ocrx_word' id='word_1_775' title='bbox 865 2649 942 2683; x_wconf 84' lang='grc' dir='ltr'>λόγον</span> <span class='ocrx_word' id='word_1_776' title='bbox 952 2648 1009 2684; x_wconf 79' lang='grc' dir='ltr'>εἷχε</span> 
     </span>
    </p>
   </div>
   <div class='ocr_carea' id='block_1_103' title="bbox 220 2693 1008 2730">
    <p class='ocr_par' dir='ltr' id='par_1_103' title="bbox 220 2693 1008 2730">
     <span class='ocr_line' id='line_1_103' title="bbox 220 2693 1008 2730; baseline 0.005 -12"><span class='ocrx_word' id='word_1_777' title='bbox 220 2693 290 2719; x_wconf 87' lang='grc' dir='ltr'><strong>κατά</strong></span> <span class='ocrx_word' id='word_1_778' title='bbox 302 2693 351 2728; x_wconf 85' lang='grc' dir='ltr'>τὴν</span> <span class='ocrx_word' id='word_1_779' title='bbox 366 2694 484 2729; x_wconf 84' lang='grc' dir='ltr'>ἑσπέραν</span> <span class='ocrx_word' id='word_1_780' title='bbox 499 2694 547 2721; x_wconf 79' lang='grc' dir='ltr'>τοῦ</span> <span class='ocrx_word' id='word_1_781' title='bbox 562 2694 700 2722; x_wconf 80' lang='grc' dir='ltr'>Σασὸάτου</span> <span class='ocrx_word' id='word_1_782' title='bbox 715 2694 843 2722; x_wconf 83' lang='grc' dir='ltr'>τοιούτων</span> <span class='ocrx_word' id='word_1_783' title='bbox 863 2694 1008 2730; x_wconf 79' lang='grc' dir='ltr'>θαυμάτων</span> 
     </span>
    </p>
   </div>
   <div class='ocr_carea' id='block_1_104' title="bbox 220 2737 1008 2776">
    <p class='ocr_par' dir='ltr' id='par_1_104' title="bbox 220 2737 1008 2776">
     <span class='ocr_line' id='line_1_104' title="bbox 220 2737 1008 2776; baseline 0.006 -14"><span class='ocrx_word' id='word_1_784' title='bbox 220 2737 293 2772; x_wconf 73' lang='grc' dir='ltr'>ἀμφὶ</span> <span class='ocrx_word' id='word_1_785' title='bbox 309 2738 340 2764; x_wconf 81' lang='grc' dir='ltr'>τὸ</span> <span class='ocrx_word' id='word_1_786' title='bbox 362 2740 492 2774; x_wconf 82' lang='grc' dir='ltr'>μνημεῖον</span> <span class='ocrx_word' id='word_1_787' title='bbox 507 2738 554 2766; x_wconf 82' lang='grc' dir='ltr'>τοῦ</span> <span class='ocrx_word' id='word_1_788' title='bbox 572 2739 699 2774; x_wconf 83' lang='grc' dir='ltr'>Σωτῆρος</span> <span class='ocrx_word' id='word_1_789' title='bbox 719 2739 951 2775; x_wconf 73' lang='grc' dir='ltr'>ἀποτελουμένων,</span> <span class='ocrx_word' id='word_1_790' title='bbox 971 2739 1008 2776; x_wconf 86' lang='grc' dir='ltr'>μὴ</span> 
     </span>
    </p>
   </div>
   <div class='ocr_carea' id='block_1_105' title="bbox 221 2781 1009 2819">
    <p class='ocr_par' dir='ltr' id='par_1_105' title="bbox 221 2781 1009 2819">
     <span class='ocr_line' id='line_1_105' title="bbox 221 2781 1009 2819; baseline 0.001 -10"><span class='ocrx_word' id='word_1_791' title='bbox 221 2781 281 2816; x_wconf 76' lang='grc' dir='ltr'><strong>οὐχὶ</strong></span> <span class='ocrx_word' id='word_1_792' title='bbox 296 2783 400 2814; x_wconf 83' lang='grc' dir='ltr'>πάντας</span> <span class='ocrx_word' id='word_1_793' title='bbox 416 2784 479 2815; x_wconf 71' lang='grc' dir='ltr'>τοὺς</span> <span class='ocrx_word' id='word_1_794' title='bbox 495 2784 544 2819; x_wconf 82' lang='grc' dir='ltr'>τὴν</span> <span class='ocrx_word' id='word_1_795' title='bbox 561 2784 638 2811; x_wconf 76' lang='grc' dir='ltr'>πόλιν</span> <span class='ocrx_word' id='word_1_796' title='bbox 652 2783 792 2815; x_wconf 78' lang='grc' dir='ltr'>οἰκοῦντας</span> <span class='ocrx_word' id='word_1_797' title='bbox 809 2783 904 2818; x_wconf 83' lang='grc' dir='ltr'>μαθεῖν</span> <span class='ocrx_word' id='word_1_798' title='bbox 915 2783 950 2810; x_wconf 83' lang='grc' dir='ltr'>τὰ</span> <span class='ocrx_word' id='word_1_799' title='bbox 964 2791 1009 2818; x_wconf 74' lang='grc' dir='ltr'><strong>γι-</strong></span> 
     </span>
    </p>
   </div>
   <div class='ocr_carea' id='block_1_106' title="bbox 258 2860 521 2901">
    <p class='ocr_par' dir='ltr' id='par_1_106' title="bbox 258 2860 521 2901">
     <span class='ocr_line' id='line_1_106' title="bbox 258 2860 521 2901; baseline 0 -2"><span class='ocrx_word' id='word_1_800' title='bbox 258 2870 313 2899; x_wconf 71' lang='lat' dir='ltr'><strong>raoi</strong></span> <span class='ocrx_word' id='word_1_801' title='bbox 332 2872 399 2901; x_wconf 90' lang='lat' dir='ltr'><strong>Cod.</strong></span> <span class='ocrx_word' id='word_1_802' title='bbox 415 2860 521 2901; x_wconf 42' lang='lat' dir='ltr'><strong>astas-1.</strong></span> 
     </span>
    </p>
   </div>
   <div class='ocr_carea' id='block_1_107' title="bbox 1061 2276 1851 2312">
    <p class='ocr_par' dir='ltr' id='par_1_107' title="bbox 1061 2276 1851 2312">
     <span class='ocr_line' id='line_1_107' title="bbox 1061 2276 1851 2312; baseline -0.005 -5"><span class='ocrx_word' id='word_1_803' title='bbox 1061 2285 1105 2308; x_wconf 90' lang='lat' dir='ltr'><strong>cte</strong></span> <span class='ocrx_word' id='word_1_804' title='bbox 1116 2279 1235 2307; x_wconf 85' lang='lat' dir='ltr'><strong>medium</strong></span> <span class='ocrx_word' id='word_1_805' title='bbox 1249 2285 1363 2306; x_wconf 90' lang='lat' dir='ltr'><strong>cursum</strong></span> <span class='ocrx_word' id='word_1_806' title='bbox 1388 2276 1445 2312; x_wconf 79' lang='lat' dir='ltr'><strong>jam</strong></span> <span class='ocrx_word' id='word_1_807' title='bbox 1462 2282 1582 2309; x_wconf 79' lang='lat' dir='ltr'><strong>tenente,</strong></span> <span class='ocrx_word' id='word_1_808' title='bbox 1597 2281 1644 2304; x_wconf 89' lang='lat' dir='ltr'><strong>aut</strong></span> <span class='ocrx_word' id='word_1_809' title='bbox 1663 2279 1736 2304; x_wconf 86' lang='lat' dir='ltr'><strong>circa</strong></span> <span class='ocrx_word' id='word_1_810' title='bbox 1750 2277 1851 2312; x_wconf 80' lang='lat' dir='ltr'><strong>gallici-</strong></span> 
     </span>
    </p>
   </div>
   <div class='ocr_carea' id='block_1_108' title="bbox 1060 2323 1850 2358">
    <p class='ocr_par' dir='ltr' id='par_1_108' title="bbox 1060 2323 1850 2358">
     <span class='ocr_line' id='line_1_108' title="bbox 1060 2323 1850 2358; baseline -0.005 -5"><span class='ocrx_word' id='word_1_811' title='bbox 1060 2327 1136 2353; x_wconf 88' lang='lat' dir='ltr'><strong>nium</strong></span> <span class='ocrx_word' id='word_1_812' title='bbox 1145 2326 1188 2353; x_wconf 83' lang='lat' dir='ltr'><strong>vel</strong></span> <span class='ocrx_word' id='word_1_813' title='bbox 1198 2331 1326 2352; x_wconf 87' lang='lat' dir='ltr'><strong>auroram</strong></span> <span class='ocrx_word' id='word_1_814' title='bbox 1341 2333 1348 2351; x_wconf 96' lang='lat'><strong>:</strong></span> <span class='ocrx_word' id='word_1_815' title='bbox 1365 2324 1402 2350; x_wconf 90' lang='lat' dir='ltr'><strong>ita</strong></span> <span class='ocrx_word' id='word_1_816' title='bbox 1419 2329 1448 2351; x_wconf 96' lang='lat' dir='ltr'><strong>ut</strong></span> <span class='ocrx_word' id='word_1_817' title='bbox 1460 2328 1487 2351; x_wconf 90' lang='lat' dir='ltr'><strong>et</strong></span> <span class='ocrx_word' id='word_1_818' title='bbox 1498 2323 1571 2351; x_wconf 76' lang='lat' dir='ltr'><strong>facto</strong></span> <span class='ocrx_word' id='word_1_819' title='bbox 1587 2323 1647 2358; x_wconf 88' lang='lat' dir='ltr'><strong>ipso</strong></span> <span class='ocrx_word' id='word_1_820' title='bbox 1659 2326 1686 2351; x_wconf 90' lang='lat' dir='ltr'><strong>et</strong></span> <span class='ocrx_word' id='word_1_821' title='bbox 1699 2323 1850 2350; x_wconf 82' lang='lat' dir='ltr'><strong>inveterata</strong></span> 
     </span>
    </p>
   </div>
   <div class='ocr_carea' id='block_1_109' title="bbox 1061 2366 1851 2404">
    <p class='ocr_par' dir='ltr' id='par_1_109' title="bbox 1061 2366 1851 2404">
     <span class='ocr_line' id='line_1_109' title="bbox 1061 2366 1851 2404; baseline -0.006 -5"><span class='ocrx_word' id='word_1_822' title='bbox 1061 2372 1089 2399; x_wconf 90' lang='lat' dir='ltr'><strong>in</strong></span> <span class='ocrx_word' id='word_1_823' title='bbox 1101 2371 1147 2399; x_wconf 86' lang='lat' dir='ltr'><strong>Dei</strong></span> <span class='ocrx_word' id='word_1_824' title='bbox 1163 2370 1294 2398; x_wconf 83' lang='lat' dir='ltr'><strong>Ecclesiis</strong></span> <span class='ocrx_word' id='word_1_825' title='bbox 1307 2370 1517 2401; x_wconf 86' lang='lat' dir='ltr'><strong>consuetudine,</strong></span> <span class='ocrx_word' id='word_1_826' title='bbox 1539 2374 1648 2404; x_wconf 85' lang='lat' dir='ltr'><strong>tempus</strong></span> <span class='ocrx_word' id='word_1_827' title='bbox 1665 2366 1851 2403; x_wconf 71' lang='lat' dir='ltr'><strong>signiﬁcatum</strong></span> 
     </span>
    </p>
   </div>
   <div class='ocr_carea' id='block_1_110' title="bbox 1061 2413 1852 2452">
    <p class='ocr_par' dir='ltr' id='par_1_110' title="bbox 1061 2413 1852 2452">
     <span class='ocr_line' id='line_1_110' title="bbox 1061 2413 1852 2452; baseline -0.004 -8"><span class='ocrx_word' id='word_1_828' title='bbox 1061 2425 1110 2452; x_wconf 92' lang='lat' dir='ltr'><strong>per</strong></span> <span class='ocrx_word' id='word_1_829' title='bbox 1124 2417 1206 2444; x_wconf 85' lang='lat' dir='ltr'><strong>verba</strong></span> <span class='ocrx_word' id='word_1_830' title='bbox 1224 2425 1284 2444; x_wconf 79' lang='lat' dir='ltr'><strong>sero</strong></span> <span class='ocrx_word' id='word_1_831' title='bbox 1301 2415 1495 2446; x_wconf 81' lang='lat' dir='ltr'><strong>Sabbatorum.</strong></span> <span class='ocrx_word' id='word_1_832' title='bbox 1511 2415 1585 2442; x_wconf 88' lang='lat' dir='ltr'><strong>haud</strong></span> <span class='ocrx_word' id='word_1_833' title='bbox 1598 2414 1754 2450; x_wconf 86' lang='lat' dir='ltr'><strong>vespertina</strong></span> <span class='ocrx_word' id='word_1_834' title='bbox 1783 2413 1852 2441; x_wconf 79' lang='lat' dir='ltr'><strong>hora</strong></span> 
     </span>
    </p>
   </div>
   <div class='ocr_carea' id='block_1_111' title="bbox 1062 2458 1852 2498">
    <p class='ocr_par' dir='ltr' id='par_1_111' title="bbox 1062 2458 1852 2498">
     <span class='ocr_line' id='line_1_111' title="bbox 1062 2458 1852 2498; baseline -0.008 -7"><span class='ocrx_word' id='word_1_835' title='bbox 1062 2464 1108 2497; x_wconf 81' lang='lat' dir='ltr'><strong>sit,</strong></span> <span class='ocrx_word' id='word_1_836' title='bbox 1119 2458 1167 2491; x_wconf 80' lang='lat' dir='ltr'><strong>sed</strong></span> <span class='ocrx_word' id='word_1_837' title='bbox 1181 2470 1264 2498; x_wconf 88' lang='lat' dir='ltr'><strong>quam</strong></span> <span class='ocrx_word' id='word_1_838' title='bbox 1292 2462 1435 2490; x_wconf 58' lang='lat' dir='ltr'><strong>Mattheus</strong></span> <span class='ocrx_word' id='word_1_839' title='bbox 1449 2461 1559 2489; x_wconf 80' lang='lat' dir='ltr'><strong>exhibet</strong></span> <span class='ocrx_word' id='word_1_840' title='bbox 1573 2460 1638 2487; x_wconf 90' lang='lat' dir='ltr'><strong>dum</strong></span> <span class='ocrx_word' id='word_1_841' title='bbox 1658 2460 1717 2486; x_wconf 88' lang='lat' dir='ltr'><strong>ait:</strong></span> <span class='ocrx_word' id='word_1_842' title='bbox 1743 2467 1803 2495; x_wconf 68' lang='lat' dir='ltr'><strong>quc</strong></span> <span class='ocrx_word' id='word_1_843' title='bbox 1821 2459 1852 2486; x_wconf 78' lang='lat' dir='ltr'><strong>it-</strong></span> 
     </span>
    </p>
   </div>
   <div class='ocr_carea' id='block_1_112' title="bbox 1062 2505 1852 2542">
    <p class='ocr_par' dir='ltr' id='par_1_112' title="bbox 1062 2505 1852 2542">
     <span class='ocr_line' id='line_1_112' title="bbox 1062 2505 1852 2542; baseline -0.006 -5"><span class='ocrx_word' id='word_1_844' title='bbox 1062 2510 1168 2537; x_wconf 78' lang='lat' dir='ltr'><strong>Iucescr’t</strong></span> <span class='ocrx_word' id='word_1_845' title='bbox 1179 2510 1207 2536; x_wconf 78' lang='lat' dir='ltr'><strong>in</strong></span> <span class='ocrx_word' id='word_1_846' title='bbox 1221 2518 1302 2536; x_wconf 80' lang='lat' dir='ltr'><strong>unum</strong></span> <span class='ocrx_word' id='word_1_847' title='bbox 1311 2508 1501 2536; x_wconf 83' lang='lat' dir='ltr'><strong>Sabbatorum.</strong></span> <span class='ocrx_word' id='word_1_848' title='bbox 1509 2506 1603 2542; x_wconf 85' lang='lat' dir='ltr'><strong>Neque</strong></span> <span class='ocrx_word' id='word_1_849' title='bbox 1620 2505 1691 2534; x_wconf 87' lang='lat' dir='ltr'><strong>enim</strong></span> <span class='ocrx_word' id='word_1_850' title='bbox 1707 2506 1852 2533; x_wconf 81' lang='lat' dir='ltr'><strong>commode</strong></span> 
     </span>
    </p>
   </div>
   <div class='ocr_carea' id='block_1_113' title="bbox 1062 2549 1851 2589">
    <p class='ocr_par' dir='ltr' id='par_1_113' title="bbox 1062 2549 1851 2589">
     <span class='ocr_line' id='line_1_113' title="bbox 1062 2549 1851 2589; baseline -0.008 -7"><span class='ocrx_word' id='word_1_851' title='bbox 1062 2555 1228 2582; x_wconf 88' lang='lat' dir='ltr'><strong>accidissent</strong></span> <span class='ocrx_word' id='word_1_852' title='bbox 1239 2562 1353 2589; x_wconf 88' lang='lat' dir='ltr'><strong>vespere</strong></span> <span class='ocrx_word' id='word_1_853' title='bbox 1365 2553 1476 2581; x_wconf 86' lang='lat' dir='ltr'><strong>Sahbati</strong></span> <span class='ocrx_word' id='word_1_854' title='bbox 1485 2552 1549 2580; x_wconf 84' lang='lat' dir='ltr'><strong>talia</strong></span> <span class='ocrx_word' id='word_1_855' title='bbox 1562 2550 1685 2587; x_wconf 72' lang='lat' dir='ltr'><strong>prodigia</strong></span> <span class='ocrx_word' id='word_1_856' title='bbox 1698 2550 1773 2578; x_wconf 87' lang='lat' dir='ltr'><strong>circa</strong></span> <span class='ocrx_word' id='word_1_857' title='bbox 1785 2549 1851 2578; x_wconf 82' lang='lat' dir='ltr'><strong>Scr--</strong></span> 
     </span>
    </p>
   </div>
   <div class='ocr_carea' id='block_1_114' title="bbox 1061 2596 1851 2634">
    <p class='ocr_par' dir='ltr' id='par_1_114' title="bbox 1061 2596 1851 2634">
     <span class='ocr_line' id='line_1_114' title="bbox 1061 2596 1851 2634; baseline -0.005 -7"><span class='ocrx_word' id='word_1_858' title='bbox 1061 2601 1166 2629; x_wconf 88' lang='lat' dir='ltr'><strong>vatoris</strong></span> <span class='ocrx_word' id='word_1_859' title='bbox 1190 2605 1415 2631; x_wconf 78' lang='lat' dir='ltr'><strong>mouuntentum,</strong></span> <span class='ocrx_word' id='word_1_860' title='bbox 1445 2607 1480 2626; x_wconf 90' lang='lat' dir='ltr'><strong>ne</strong></span> <span class='ocrx_word' id='word_1_861' title='bbox 1516 2598 1621 2626; x_wconf 88' lang='lat' dir='ltr'><strong>scilicet</strong></span> <span class='ocrx_word' id='word_1_862' title='bbox 1649 2596 1755 2634; x_wconf 84' lang='lat' dir='ltr'><strong>passim</strong></span> <span class='ocrx_word' id='word_1_863' title='bbox 1772 2597 1851 2624; x_wconf 88' lang='lat' dir='ltr'><strong>urbis</strong></span> 
     </span>
    </p>
   </div>
   <div class='ocr_carea' id='block_1_115' title="bbox 1062 2641 1850 2681">
    <p class='ocr_par' dir='ltr' id='par_1_115' title="bbox 1062 2641 1850 2681">
     <span class='ocr_line' id='line_1_115' title="bbox 1062 2641 1850 2681; baseline -0.009 -6"><span class='ocrx_word' id='word_1_864' title='bbox 1062 2648 1157 2675; x_wconf 67' lang='lat' dir='ltr'><strong>incolas</strong></span> <span class='ocrx_word' id='word_1_865' title='bbox 1171 2654 1230 2675; x_wconf 87' lang='lat' dir='ltr'><strong>rem</strong></span> <span class='ocrx_word' id='word_1_866' title='bbox 1241 2646 1586 2681; x_wconf 67' lang='lat' dir='ltr'><strong>cognoscerentJieretque</strong></span> <span class='ocrx_word' id='word_1_867' title='bbox 1597 2650 1751 2672; x_wconf 85' lang='lat' dir='ltr'><strong>concursus</strong></span> <span class='ocrx_word' id='word_1_868' title='bbox 1761 2641 1796 2669; x_wconf 88' lang='lat' dir='ltr'><strong>ad</strong></span> <span class='ocrx_word' id='word_1_869' title='bbox 1807 2647 1850 2669; x_wconf 89' lang='lat' dir='ltr'><strong>tu-</strong></span> 
     </span>
    </p>
   </div>
   <div class='ocr_carea' id='block_1_116' title="bbox 1061 2689 1850 2729">
    <p class='ocr_par' dir='ltr' id='par_1_116' title="bbox 1061 2689 1850 2729">
     <span class='ocr_line' id='line_1_116' title="bbox 1061 2689 1850 2729; baseline -0.005 -9"><span class='ocrx_word' id='word_1_870' title='bbox 1061 2694 1165 2721; x_wconf 91' lang='lat' dir='ltr'><strong>mulum</strong></span> <span class='ocrx_word' id='word_1_871' title='bbox 1174 2713 1182 2726; x_wconf 91' lang='lat'><strong><em>,</em></strong></span> <span class='ocrx_word' id='word_1_872' title='bbox 1193 2693 1368 2729; x_wconf 78' lang='lat' dir='ltr'><strong>vigilantibus</strong></span> <span class='ocrx_word' id='word_1_873' title='bbox 1383 2692 1520 2720; x_wconf 88' lang='lat' dir='ltr'><strong>omnibus.</strong></span> <span class='ocrx_word' id='word_1_874' title='bbox 1531 2690 1755 2718; x_wconf 78' lang='lat' dir='ltr'><strong>Consentaneum</strong></span> <span class='ocrx_word' id='word_1_875' title='bbox 1769 2689 1850 2724; x_wconf 89' lang='lat' dir='ltr'><strong>quip-</strong></span> 
     </span>
    </p>
   </div>
   <div class='ocr_carea' id='block_1_117' title="bbox 1061 2735 1851 2774">
    <p class='ocr_par' dir='ltr' id='par_1_117' title="bbox 1061 2735 1851 2774">
     <span class='ocr_line' id='line_1_117' title="bbox 1061 2735 1851 2774; baseline -0.006 -7"><span class='ocrx_word' id='word_1_876' title='bbox 1061 2746 1096 2774; x_wconf 87' lang='lat' dir='ltr'><strong>pc</strong></span> <span class='ocrx_word' id='word_1_877' title='bbox 1113 2743 1184 2772; x_wconf 79' lang='lat' dir='ltr'><strong>erat,</strong></span> <span class='ocrx_word' id='word_1_878' title='bbox 1198 2739 1287 2774; x_wconf 85' lang='lat' dir='ltr'><strong>lapide</strong></span> <span class='ocrx_word' id='word_1_879' title='bbox 1300 2737 1455 2773; x_wconf 72' lang='lat' dir='ltr'><strong>prodigiose</strong></span> <span class='ocrx_word' id='word_1_880' title='bbox 1481 2736 1621 2768; x_wconf 86' lang='lat' dir='ltr'><strong>revoluto.</strong></span> <span class='ocrx_word' id='word_1_881' title='bbox 1640 2735 1733 2766; x_wconf 86' lang='lat' dir='ltr'><strong>statim</strong></span> <span class='ocrx_word' id='word_1_882' title='bbox 1747 2743 1851 2763; x_wconf 83' lang='lat' dir='ltr'><strong>convo-</strong></span> 
     </span>
    </p>
   </div>
   <div class='ocr_carea' id='block_1_118' title="bbox 1061 2782 1854 2821">
    <p class='ocr_par' dir='ltr' id='par_1_118' title="bbox 1061 2782 1854 2821">
     <span class='ocr_line' id='line_1_118' title="bbox 1061 2782 1854 2821; baseline -0.005 -7"><span class='ocrx_word' id='word_1_883' title='bbox 1061 2788 1117 2816; x_wconf 87' lang='lat' dir='ltr'><strong>lare</strong></span> <span class='ocrx_word' id='word_1_884' title='bbox 1135 2785 1277 2818; x_wconf 82' lang='lat' dir='ltr'><strong>custodes.</strong></span> <span class='ocrx_word' id='word_1_885' title='bbox 1293 2785 1363 2814; x_wconf 85' lang='lat' dir='ltr'><strong>hora</strong></span> <span class='ocrx_word' id='word_1_886' title='bbox 1382 2782 1409 2811; x_wconf 87' lang='lat' dir='ltr'><strong>id</strong></span> <span class='ocrx_word' id='word_1_887' title='bbox 1425 2782 1602 2815; x_wconf 81' lang='lat' dir='ltr'><strong>concedente,</strong></span> <span class='ocrx_word' id='word_1_888' title='bbox 1619 2784 1654 2812; x_wconf 82' lang='lat' dir='ltr'><strong>ad</strong></span> <span class='ocrx_word' id='word_1_889' title='bbox 1667 2789 1700 2811; x_wconf 81' lang='lat' dir='ltr'><strong>ea</strong></span> <span class='ocrx_word' id='word_1_890' title='bbox 1714 2789 1776 2821; x_wconf 70' lang='lat' dir='ltr'><strong>quae</strong></span> <span class='ocrx_word' id='word_1_891' title='bbox 1787 2789 1854 2814; x_wconf 56' lang='grc' dir='ltr'>επις</span> 
     </span>
    </p>
   </div>
  </div>
