4106 6442
383 358 386 363 λ
401 351 507 409 943

1112 336 1202 399 Εἰ]
1212 338 1383 397 5ΕΒΙΙ
1422 334 1789 397 (ΞᾸΞΞΑΒΙΕΝ
1798 341 1902 397 SIS
1933 341 1965 396 ί]

2070 383 2082 397 .
2121 334 2299 396 PARS
2331 338 2420 399 lli.
2458 368 2529 386 ε-
2563 341 2975 406 EXEGETICA.

3558 358 3664 416 9“

400 479 598 531 nerant
628 466 1014 527 renuntianda.
1076 464 1143 520 Et
1191 465 1412 536 quidem
1463 466 1520 520 bi
1569 465 1835 521 docentur
1885 466 1965 521 die

2073 466 2293 536 νόμενα,
2321 468 2415 521 καὶ
2449 469 2720 541 συνδρομὴ
2751 471 2965 539 γεγόνει
3002 470 3096 524 ἐπὶ
3119 470 3180 524 rb
3208 471 3419 542 μνῆμα,
3442 472 3665 528 πάντων

401 573 620 637 postero
636 578 667 617 a
686 558 1058 617 sacerdotibus
1078 565 1138 612 ut
1162 571 1434 612 rumorem
1460 558 1517 611 in
1537 558 1734 628 vulgus
1762 567 1949 614 serant
1966 599 1983 625 ,

403 656 617 711 venisse
647 660 813 706 noctu
845 647 1147 717 discipulos
1176 644 1306 701 Jesu
1349 645 1415 699 ad
1453 645 1745 699 furandum
1779 660 1982 717 corpus

401 751 531 805 dum
565 746 669 817 ipsi
705 758 897 801 somno
943 741 1320 811 iudulgerent;
1358 740 1412 794 id
1452 739 1600 810 quod
1640 740 1710 795 ab
1736 742 1817 795 eis
1849 740 1978 808 ﬁngi

400 839 546 896 haud
575 852 713 907 opus
758 832 971 897 fuisset,
1000 833 1047 888 si
1087 847 1314 902 vespere
1341 830 1502 887 Jesus
1557 831 1971 887 resurrexisset.

399 933 586 1004 Itaque
618 929 872 985 existimo
928 943 996 982 ex
1030 926 1115 981 his
1162 924 1559 990 demonstrari,
1613 925 1669 981 id
1700 924 1846 996 quod
1897 924 1974 978 ait

400 1021 688 1079 Matthaaus
719 1036 835 1075 sero
866 1018 1252 1084 Sabbatorum,
1294 1018 1439 1073 haud
1478 1016 1786 1089 signiﬁcare
1816 1031 1973 1072 sero-

400 1116 569 1170 tinam
604 1112 831 1168 Sabbati
874 1111 1065 1165 horam
1102 1125 1278 1180 neque
1315 1117 1532 1179 tempus
1560 1109 1971 1181 vespertinum;

2088 559 2486 631 ἐγρηγορότων.
2542 563 2857 617 Ἀκόλουθον
2904 565 2960 617 δέ
3000 560 3070 635 ἦν
3112 563 3517 636 ἀνατραπέντος
3567 566 3666 621 τοῦ

2086 648 2233 702 λίθου
2262 652 2597 723 παραδόξως,
2622 656 2966 726 παραχρῆμα
2997 654 3227 709 σπεῦσαι
3246 656 3373 719 τοὺς
3393 658 3667 730 φρουροὺς

2081 741 2149 796 τὰ
2181 743 2489 816 πραχθέντα
2519 745 2776 815 δηλῶσαι,
2816 748 2914 818 τῆς
2945 746 3093 820 ὧρας
3121 750 3306 811 αὐτοῖς
3338 748 3667 821 ἐπιτρεπού-

2081 849 2198 904 σης.
2228 836 2290 888 Οἱ
2315 835 2373 889 δέ
2409 837 2504 890 καὶ
2539 837 2879 891 διδάσκονται
2907 842 2970 909 τῇ
3003 836 3264 911 ὑστεραίᾳ
3288 840 3394 893 ὑπὸ
3420 839 3528 894 τῶν
3563 841 3665 912 ἀρ-

2080 927 2308 998 χιερέων
2356 928 2681 1000 διαφημίσαι
2711 932 2791 994 εἰς
2824 931 3047 996 πάντας,
3075 935 3157 986 ὅτι
3188 934 3237 986 oi
3276 933 3517 1005 μαθηταὶ
3558 935 3662 989 αὐ-

2079 1017 2174 1071 τοῦ
2217 1020 2407 1084 νυκτὸς
2456 1021 2700 1087 ἐλθόντες
2742 1024 2971 1095 ἔκλεψαν
2997 1027 3158 1081 αὐτὸν
3190 1029 3348 1099 ⁴ἡμῶν
3384 1029 3663 1101 κοιμωμέ‹

2081 1126 2187 1164 νων
2207 1128 2221 1141 ·
2254 1111 2283 1164 ὃ
2310 1111 2373 1183 δὴ
2416 1111 2599 1185 χώραν
2630 1116 2730 1171 οὐκ
2764 1113 2908 1188 εἶχεν
2940 1118 3268 1174 πλάττεσθαι
3296 1121 3492 1186 αὐτοὺς
3518 1122 3566 1175 εί
3590 1123 3658 1193 τῇ

390 1222 637 1279 namque
666 1208 783 1277 ipse
814 1203 1099 1259 Matthzeus
1130 1202 1280 1257 addit
1305 1221 1317 1257 :
1350 1202 1480 1255 hora
1499 1218 1616 1269 quia
1660 1201 1874 1256 lucescit
1906 1202 1973 1254 -ίη

380 1317 561 1356 ιαηαηι
593 1298 977 1357 Sabbatorum;
1024 1306 1191 1349 mane
1224 1291 1489 1357 videlicet
1527 1291 1656 1345 dum
1689 1292 1866 1346 adhuc
1893 1298 1976 1345 te-

2081 1204 2289 1279 ἐσπέρα
2333 1208 2615 1279 ἐγήγερτο.
2665 1208 2824 1264 Ἀλλά
2868 1210 2978 1282 γάρ
3038 1211 3277 1284 ἠγοῦμαι
3321 1213 3411 1267 διὰ
3451 1212 3658 1268 τούτων

2070 1296 2490 1353 ἀποδείκνυσθαι
2517 1300 2579 1354 rb
2606 1301 2755 1373 παρά
2794 1301 2874 1373 τῷ
2914 1303 3178 1374 Ματθαίῳ
3208 1304 3500 1376 λεγόμενον
3541 1302 3659 1374 ὀψὲ

399 1390 583 1445 nebrae
623 1400 807 1445 essent
826 1430 858 1453 ,.
884 1387 1184 1443 secundum
1217 1383 1502 1438 Joannem.
1550 1382 1644 1436 Sic
1667 1383 1813 1437 enim
1845 1382 1965 1437 har-

2071 1387 2405 1455 Σαϐΰάτων,
2427 1392 2500 1463 μὴ
2527 1392 2624 1464 τὴν
2651 1393 2839 1465 ὀψινὴν
2868 1393 3015 1465 ὥραν
3034 1395 3128 1447 τοῦ
3149 1395 3426 1449 Σαϐϐάτου
3450 1396 3652 1467 σημαί-

395 1482 585 1536 monia
613 1480 704 1535 fiet
730 1478 1166 1549 evangelicarum
1213 1490 1435 1540 vocum,
1476 1474 1642 1530 veluti
1691 1486 1800 1528 uno
1844 1482 1965 1528 tem-

2070 1496 2201 1545 νειν,
2229 1482 2363 1554 μηδέ
2383 1478 2472 1537 τὸν
2501 1483 2785 1558 ἑσπερινὸν
2830 1487 3040 1559 καιρόν·
3065 1486 3178 1540 ἀλλ’
3199 1487 3361 1551 αὐτὸς
3376 1487 3655 1552 Ματθαῖος

397 1589 532 1645 pore
566 1573 635 1627 ab
669 1572 804 1642 ipsis
837 1570 1144 1642 signiﬁcato
1167 1610 1180 1631 ,
1214 1568 1362 1639 quod
1403 1575 1586 1621 tamen
1638 1566 1692 1620 in
1741 1567 1965 1638 singulis

2076 1572 2354 1644 ἐπήγαγεν
2384 1573 2483 1645 τὴν
2520 1574 2939 1645 ἐπιφώσκουσαν
2965 1575 3127 1645 ὥραν
3154 1579 3243 1644 είς
3266 1579 3415 1647 μίαν
3438 1576 3656 1632 Σαϐϐά-

382 1673 643 1720 mutatur
681 1663 995 1733 scripturis,
1029 1662 1103 1715 ira
1140 1668 1207 1715 ut
1259 1661 1400 1713 intra
1429 1674 1592 1713 unam
1618 1658 1965 1730 eamdemque

2076 1678 2213 1730 των,
2255 1666 2378 1738 ἥτις
2401 1663 2471 1741 ἦν
2502 1668 2666 1741 πρωῒ,
2694 1668 2772 1722 ἔτι
2805 1669 3024 1733 σκοτίας
3047 1669 3212 1742 οὔσης
3239 1669 3382 1724 κατὰ
3411 1669 3504 1723 τὸν
3544 1670 3657 1724 Ἰω-

382 1754 589 1810 'horam
611 1752 938 1823 principium
958 1751 1117 1805 liceat
1139 1748 1401 1818 cogitare,
1419 1747 1682 1811 medium,
1700 1755 1755 1802 et
1777 1747 1959 1804 ﬁnem.

2070 1752 2228 1825 άννην
2248 1772 2262 1786 °
2286 1751 2430 1811 οὕτω
2455 1758 2564 1830 γὰρ
2597 1759 2630 1829 ὴ
2665 1758 2951 1830 συμφωνία
2991 1761 3283 1832 συνδράμοι
3311 1758 3377 1813 ἂν
3408 1759 3519 1813 τῶν
3564 1759 3656 1813 εὑ-

399 1847 706 1918 αγγελικῶν
732 1845 952 1917 φωνῶν·
987 1846 1064 1908 ὡς
1095 1842 1288 1914 καιροῦ
1320 1842 1421 1914 μὲν
1449 1842 1569 1907 ἑνὸς
1590 1842 1658 1895 δι’
1716 1842 1897 1896 αὐτῶν
1958 1850 2387 1922 σημαινομένου,
2416 1851 2855 1907 ἀναλλαττόντων
2882 1852 2939 1906 δὲ
2968 1854 3099 1925 παρ’
3147 1850 3378 1907 ἑκάστου
3412 1850 3521 1905 τῶν
3554 1850 3651 1906 τοῦ

382 1945 589 2019 ΔΕκαιροῦ
628 1945 826 2016 μορίων
846 1962 859 1975 ·
899 1944 1022 1996 ἐπεὶ
1050 1943 1140 1996 καὶ
1174 1942 1303 2012 μιᾶς
1335 1940 1429 1995 καὶ
1466 1941 1566 2012 τῆς
1594 1939 1765 2010 αὐτῆς
1795 1939 1965 2013 ὥρας,
2002 1928 2098 1998 καὶ
2127 1947 2227 2018 τὴν
2260 1949 2436 2021 ἀρχήν
2459 1951 2606 2003 ἐστιν
2629 1932 2934 2021 ἐπινοῆσαι,
2995 1944 3087 2003 καὶ
3122 1948 3184 2002 rb
3216 1946 3400 2020 μέσον,
3433 1946 3527 2000 καὶ
3588 1943 3653 2000 rb

396 2041 569 2105 τέλος.

468 2137 523 2191 5.
563 2134 718 2189 Haud
744 2134 912 2205 igitur
937 2148 969 2188 a
993 2131 1228 2189 veritate
1249 2132 1611 2196 aberraveris,
1635 2133 1736 2189 sia
1755 2130 1965 2190 Joanne

2134 2132 2209 2203 γ’.
2246 2132 2364 2188 Οὐκ
2399 2132 2465 2187 ἂν
2499 2133 2631 2202 γοῦν
2662 2132 2930 2205 ἁμάρτοις
2949 2133 3018 2188 τὰ
3054 2133 3152 2205 μὲν
3174 2134 3365 2206 πρῶτα
3392 2135 3491 2207 τῆς
3520 2136 3653 2192 ἀναά

386 2227 613 2282 ‘initium
646 2224 1072 2281 resurrectionis
1106 2221 1417 2279 Servatoris
1453 2225 1630 2279 nostri
1684 2224 1838 2280 dicas
1890 2226 1965 2281 si-

2073 2226 2315 2290 στάσεως
2339 2226 2433 2280 τοῦ
2466 2226 2719 2297 Σωτῆρος
2742 2227 2899 2297 ἡμῶν
2924 2224 3284 2297 σημαίνεσθαι
3305 2225 3475 2281 εἰπὼν
3500 2231 3650 2301 παρά

394 2316 670 2389 gniﬁcari,
696 2315 840 2387 apud
871 2332 1032 2387 quem
1063 2314 1385 2386 Magdalena
1416 2329 1597 2381 mane,
1628 2315 1757 2370 dum
1789 2314 1965 2370 adhuc

2070 2317 2149 2388 τῷ
2182 2317 2423 2389 Ἰωάννῃ,
2448 2320 2574 2389 παρ’
2590 2311 2635 2385 ᾧ
2656 2316 3033 2389 ἠΜαγδαληνὴ
3046 2316 3207 2389 πρωῒ,
3236 2316 3317 2370 ἔτι
3335 2318 3501 2389 οὔσης
3525 2337 3652 2375 σκου

398 2409 863 2473 ιεηεὺισεείεεεεηι,
895 2407 1066 2463 semel
1096 2414 1260 2476 atque
1307 2407 1507 2462 iterum
1546 2405 1615 2460 ad
1644 2421 1969 2461 monumen-

396 2510 514 2556 tum
562 2513 874 2572 progressa,
910 2497 1221 2554 Servatoris
1268 2512 1500 2569 corpore
1537 2497 1687 2552 baud
1722 2498 1964 2560 invento,

394 2590 487 2647 ﬁet
518 2611 531 2647 :
564 2591 692 2661 quia
723 2590 929 2646 nemini
957 2588 1137 2645 adhuc
1170 2590 1508 2645 resurrectio
1537 2588 1660 2659 ejus
1683 2590 1963 2660 explorata

394 2689 533 2737 erat.
586 2679 684 2735 Est
733 2687 915 2734 autem
946 2679 1068 2749 ejus
1100 2678 1249 2734 horae
1279 2694 1407 2749 pars
1454 2680 1625 2734 altera
1653 2688 1868 2749 tempus
1910 2679 1965 2735 id

394 2777 461 2832 de
481 2790 591 2846 quo
620 2773 910 2828 Matthaeus
941 2771 1216 2842 loquitur;
1248 2786 1373 2827 cum
1397 2771 1651 2827 videlicet
1677 2772 1841 2826 tertio
1867 2787 1965 2827 ve-

394 2870 554 2925 niens
588 2867 656 2923 ad
683 2872 1099 2921 monumentum
1125 2863 1315 2917 eadem
1353 2861 1674 2933 Magdalena
1699 2876 1823 2917 cum
1857 2861 1964 2915 alia

394 2960 588 3025 Maria,
621 2958 767 3013 haud
796 2957 909 3026 jam
940 2954 1052 3021 ﬁet,
1082 2955 1285 3026 quippe
1313 2969 1454 3024 quae,
1502 2962 1566 3008 ut
1595 2955 1672 3008 ait
1697 2953 1959 3017 Joannes,

2070 2408 2210 2474 τίας,
2237 2409 2334 2462 καὶ
2350 2408 2565 2480 πρῶτον
2590 2409 2686 2462 καὶ
2708 2409 2958 2481 δεύτερον
2986 2411 3255 2464 ἐπιστᾶσα
3270 2409 3348 2481 τῷ
3380 2413 3643 2483 μνήματι,

2074 2501 2167 2554 καὶ
2193 2501 2266 2572 μὴ
2290 2501 2527 2572 εὑροῦσα
2557 2500 2617 2555 rb
2648 2500 2807 2572 σῶμα
2842 2500 2934 2555 τοῦ
2967 2501 3240 2573 Σωτῆρος,
3263 2502 3440 2557 κλαίει
3464 2505 3555 2559 διὰ
3587 2507 3650 2559 rb

2074 2596 2277 2678 μηδένα
2300 2596 2467 2667 μήπω
2494 2592 2793 2664 ἐγνωκέναι
2825 2595 2952 2678 περὶ
2978 2595 3079 2665 τῆς
3097 2596 3445 2662 ἀναστάσεως
3459 2598 3643 2652 αὐτοῦ’

2072 2676 2169 2760 τῆς
2202 2688 2371 2759 αὐτῆς
2395 2688 2452 2741 δὲ
2475 2687 2624 2759 ὧρας
2657 2688 2823 2759 μέρος
2851 2676 2989 2741 εἶναι
3010 2687 3259 2760 δεύτερον
3280 2690 3370 2743 τὸν
3390 2691 3540 2763 παρά
3571 2689 3647 2760 τῷ

2072 2776 2336 2848 Ματθαίῳ
2383 2776 2606 2848 χρόνον,
2660 2775 2783 2830 καθ’
2821 2775 2879 2829 ὃν
2911 2776 3092 2847 τρίτον
3141 2778 3407 2831 ἐπιστᾶσα
3443 2780 3477 2849 ἠ
3509 2778 3645 2849 αὐτὴ

2070 2868 2400 2941 Μαγδαληνὴ
2435 2870 2549 2940 ἅμα
2575 2872 2639 2940 τῇ
2674 2868 2809 2942 ἄλλῃ
2842 2869 3030 2939 Μαρίᾳ
3062 2868 3139 2939 τῷ
3170 2869 3431 2940 μνήματι,
3460 2869 3642 2923 οὐκέτι

2069 2960 2262 3025 κλαίει,
2296 2960 2370 3024 ὡς
2410 2960 2475 3014 ἂν
2505 2959 2655 3030 παρά
2683 2958 2762 3029 τῷ
2808 2958 3028 3032 Ἰωάννῃ
3066 2958 3366 3031 τεθεαμένη
3397 2960 3524 3023 τοὺς
3547 2962 3646 3027 ἁγία

387 3051 501 3122 jam
552 3050 777 3121 angelos
814 3047 1023 3103 viderat
1073 3045 1366 3116 ipsumque
1401 3043 1772 3101 Servatorem.
1822 3043 1959 3098 Nam

2070 3052 2256 3120 γέλους
2287 3052 2380 3105 καὶ
2403 3051 2564 3104 αὐτὸν
2587 3051 2679 3105 τὸν
2697 3048 2849 3121 Σωτῆ
2858 3067 2943 3121 ρα’
2967 3050 3037 3103 τὰ
3057 3050 3164 3121 γὰρ
3180 3049 3329 3122 παρὰ
3356 3049 3435 3120 τῷ
3459 3048 3646 3120 Λουκᾷ

396 3155 519 3212 quae
546 3140 810 3195 dicuntur
840 3151 872 3191 a
904 3135 1052 3191 Luca
1095 3143 1152 3190 et
1202 3135 1388 3190 Marco
1431 3135 1538 3189 alia
1584 3151 1695 3192 nos
1744 3136 1964 3201 docent,

2070 3145 2165 3198 καὶ
2217 3143 2294 3214 τῷ
2329 3141 2539 3216 Μάρκῳ
2582 3143 2783 3215 ἐτέρων
2833 3141 2900 3197 ἂν
2952 3142 3037 3213 εἴη
3065 3140 3357 3213 δηλωτικὰ,
3401 3142 3532 3211 παρ’
3561 3134 3640 3204 οἷς

394 3234 543 3305 apud
590 3248 729 3303 quos
779 3233 1042 3287 nimirum
1094 3229 1283 3300 plures
1321 3230 1550 3283 veniunt
1595 3228 1968 3285 observatum

392 3325 676 3381 mulieres.
732 3323 905 3379 Porro
962 3329 1144 3376 autem
1201 3319 1575 3390 Magdalenam
1630 3320 1967 3391 temporibus

392 3418 543 3475 haud
571 3432 903 3490 magnopere
954 3416 1098 3470 inter
1139 3429 1199 3470 se
1256 3411 1592 3468 distantibus
1646 3412 1966 3469 interfuisse

390 3519 546 3583 puta,
584 3510 680 3566 sed
710 3524 820 3565 uno
852 3508 964 3563 fere
996 3505 1261 3561 continuo
1302 3511 1572 3575 tempore,
1621 3503 1752 3558 dum
1796 3504 1966 3559 semel

388 3611 446 3657 et
477 3604 675 3659 iterum
720 3603 871 3657 circa
918 3615 1044 3656 eum
1094 3599 1280 3653 locum
1325 3604 1672 3665 versaretur;
1726 3596 1965 3666 primum

392 3699 509 3770 ipsa
539 3698 685 3765 sola;
715 3694 959 3752 secundo
997 3708 1122 3749 cum
1146 3692 1251 3747 alia
1281 3689 1473 3744 Maria.
1508 3688 1601 3744 Sic
1632 3690 1820 3746 eadem
1851 3689 1964 3745 Ma-

391 3784 475 3848 ria
505 3791 821 3865 Magdalena
856 3796 913 3844 et
940 3786 1083 3858 apud
1112 3784 1426 3840 Malthaeum
1470 3790 1702 3853 spectat,
1734 3791 1787 3838 et
1819 3781 1964 3853 apud

390 3887 677 3942 Joannem.
723 3882 911 3953 Neque
940 3879 1148 3935 idcirco
1176 3876 1519 3933 excludenda
1545 3883 1628 3932 est
1677 3889 1708 3928 a
1738 3883 1965 3929 caetero-

390 3992 512 4032 rum
540 3973 1002 4045 evangelistarum
1032 3968 1446 4024 narrationibus
1478 3985 1491 4020 :
1526 3981 1637 4019 non
1683 3965 1828 4019 enim
1876 3977 1965 4017 re-

390 4068 620 4124 cedebat
652 4082 684 4121 a
714 4066 860 4130 loco,
907 4063 1005 4119 sed
1056 4064 1245 4117 aderat
1293 4062 1684 4133 perstabatque
1731 4055 1963 4112 attonita

386 4162 545 4230 visis,
573 4159 911 4232 cupiensque
939 4165 1062 4227 post
1082 4156 1339 4228 primam,
1364 4150 1609 4211 secunda
1640 4151 1806 4206 etiam
1854 4157 1964 4204 ter-

386 4256 577 4325 tiaque
607 4251 949 4323 apparitione
987 4248 1091 4303 l'rui
1124 4268 1136 4303 :
1168 4248 1225 4304 id
1268 4245 1416 4318 qttod
1444 4259 1637 4316 reapse
1665 4248 1962 4298 consecuta

388 4353 494 4410 est,
526 4345 657 4400 dum
684 4342 1022 4398 multimodis
1050 4339 1361 4411 complures
1392 4338 1654 4392 mulieres
1684 4334 1752 4389 ad
1773 4340 1966 4389 tumu-

2071 3234 2289 3298 πλείους
2304 3234 2615 3288 ἀπαντῶσιν
2647 3238 2903 3304 γυναῖκες
2933 3236 3025 3289 ἐπὶ
3059 3233 3155 3306 τὴν
3181 3233 3327 3285 θέαν·
3362 3231 3460 3303 τὴν
3487 3231 3546 3284 δέ
3577 3244 3638 3300 γε

2070 3325 2434 3398 Μαγδαληνὴν
2459 3324 2535 3403 μὴ
2571 3326 2788 3399 μακρὰν
2826 3327 3067 3398 ἀλλήλων
3090 3324 3370 3379 διεστῶσιν
3398 3325 3640 3396 ἀπηντη-

2068 3418 2221 3472 κέναι
2265 3421 2479 3490 καιροῖς
2512 3418 2722 3491 νόμιζε,
2763 3418 2878 3473 ἀλλ’
2922 3419 2979 3472 ἐν
3004 3417 3081 3488 τῷ
3112 3415 3259 3488 αὐτῷ
3286 3417 3381 3469 καὶ
3409 3413 3551 3468 κατά
3580 3412 3643 3466 τὸ

2067 3508 2197 3562 αὐτὸ
2230 3513 2563 3581 παρατυχεῖν
2599 3511 2692 3563 καὶ
2722 3509 2784 3563 rb
2809 3510 3022 3581 πρῶτον
3048 3510 3142 3563 καὶ
3177 3508 3238 3561 rb
3267 3506 3537 3578 δεύτερον·
3580 3502 3642 3558 rb

2070 3603 2169 3671 μὲν
2197 3600 2432 3669 πρῶτον,
2454 3601 2575 3655 καθ’
2595 3601 2791 3672 ἑαυτὴν
2816 3601 2982 3672 μόνην
3004 3617 3018 3631 ·
3043 3601 3105 3653 rb
3126 3599 3183 3654 δὲ
3210 3598 3481 3670 δεύτερον,
3502 3596 3642 3668 μετὰ

2064 3691 2164 3762 τῆς
2184 3690 2351 3761 ἄλλης
2373 3690 2612 3763 Μαρίας
2637 3689 2779 3744 οὕτω
2807 3690 2855 3743 δ’
2867 3685 2960 3743 οὖν
2991 3688 3024 3761 ἠ
3047 3690 3184 3761 αὑτὴ
3214 3688 3401 3760 Μαρία
3426 3690 3460 3759 ἡ
3479 3688 3640 3755 Μαγε-

2065 3782 2265 3855 δαληνὴ
2296 3782 2391 3837 καὶ⁸
2416 3782 2486 3836 τὰ
2518 3781 2668 3854 παρά
2680 3780 2759 3852 τῷ
2773 3780 3034 3852 Ματθαίῳ
3049 3779 3237 3834 ἐθεᾶτο
3270 3781 3365 3835 καὶ
3398 3778 3466 3833 τὰ
3490 3777 3641 3850 παρὰ

2065 3870 2143 3945 τῷ
2177 3854 2415 3947 Ἰωάννῃ·
2440 3875 2539 3928 οὐκ
2565 3873 2969 3944 ἀπελιμπάνετο
2995 3872 3051 3925 δὲ
3077 3871 3183 3925 τῶν
3204 3872 3352 3944 παρά
3381 3874 3493 3934 τοῖς
3512 3869 3642 3924 πολά

2065 3965 2175 4031 λοϊς
2202 3964 2728 4038 ἀναγεγραμμένων·
2760 3965 2822 4018 οὐ
2862 3965 2969 4034 γὰρ
2997 3962 3287 4018 ἀπεστάτει
3318 3961 3413 4016 τοῦ
3445 3962 3636 4015 τόπουο

2066 4059 2245 4130 παρῆν
2255 4059 2312 4112 δέ
2326 4060 2421 4114 καὶ
2432 4058 2737 4131 παρέμενεν
2752 4054 3248 4125 καταπεπληγμένη
3266 4054 3365 4125 μὲν
3377 4053 3445 4107 τὰ
3455 4052 3644 4106 τεθεα-

2068 4154 2225 4225 μένα,
2254 4152 2492 4207 ποθοῦσα
2517 4152 2575 4205 δέ
2598 4150 2734 4222 πρὸς
2747 4153 2859 4213 τοῖς
2887 4147 3120 4221 πρώτοις
3140 4147 3233 4201 καὶ
3263 4145 3530 4218 δευτέρων
3544 4145 3640 4200 καὶ

2063 4245 2228 4318 τριῶν
2263 4242 2589 4313 θεοφανειῶν
2621 4238 3039 4312 καταξιωθῆναιο
3074 4232 3149 4292 ὧν
3178 4237 3471 4309 ἐτύγχανεν
3504 4234 3641 4308 μετά

2062 4338 2237 4393 ταῦτα
2268 4338 2542 4410 διαφόρως
2576 4337 2675 4407 μὲν
2693 4335 2951 4389 πλειόνων
2984 4332 3258 4404 γυναικῶν
3291 4328 3386 4385 ἐπὶ
3415 4330 3477 4384 rb
3509 4346 3641 4402 μνηδ

380 4437 500 4492 ~lum
529 4435 789 4503 veniunt;
844 4441 1006 4504 atque
1054 4431 1176 4487 aliis
1212 4431 1371 4485 aliter
1422 4427 1666 4498 angelica
1711 4424 1852 4479 visio
1893 4439 1961 4479 se

2070 4434 2218 4502 μεῖον
2258 4427 2668 4500 ἀφικνουμένων
2683 4467 2700 4495 ,
2728 4426 2915 4481 ἄλλοτε
2934 4426 2977 4480 δ’
3000 4426 3174 4489 ἄλλως
3197 4425 3388 4487 αὐταῖς
3414 4422 3638 4509 ἀγγελιά-

383 4528 582 4597 oﬂert;
618 4528 740 4598 ipsa
772 4536 950 4581 autem
999 4525 1318 4597 Magdalena
1367 4519 1601 4590 singulis
1654 4516 1960 4573 visionibus

389 4620 638 4676 interest.
668 4617 846 4689 Atque
872 4618 949 4671 ita
978 4632 1164 4672 rerum
1196 4612 1342 4686 apud
1398 4619 1634 4682 quatuor
1684 4609 1960 4680 evangeli-

390 4723 503 4769 stas
538 4712 870 4784 scriptarum
902 4708 1198 4780 speetatrix
1254 4706 1356 4760 fuit
1392 4698 1708 4774 Magdalena
1741 4719 1755 4756 :
1791 4715 1963 4771 quare

381 4813 442 4861 et
472 4804 637 4874 hujus
662 4802 808 4874 apud
857 4817 1048 4857 omnes
1095 4798 1301 4854 mentio
1348 4796 1424 4850 ﬁt.
1476 4794 1571 4849 Sic
1620 4794 1782 4849 etiam
1816 4790 1959 4846 idem

384 4905 602 4968 tempus
634 4904 775 4960 erat,
800 4893 945 4963 quod
980 4892 1079 4947 abs
1115 4887 1325 4943 Joanne
1356 4895 1408 4943 ct
1435 4903 1463 4939 a
1495 4885 1745 4940 Mattwa
1773 4884 1962 4954 perbi-

388 4989 594 5045 betur:
640 4987 737 5042 sed
769 4996 950 5041 tamen
995 4983 1164 5052 hujus
1211 4978 1473 5051 temporis
1526 4974 1742 5034 diversa
1794 4976 1964 5030 inter-

385 5080 530 5136 valla
561 5078 707 5151 apud
737 5077 984 5148 singulos
1014 5083 1294 5130 notantur.

456 5255 512 5313 4.
552 5253 744 5327 Neque
768 5262 823 5310 te
854 5254 1147 5309 conturbet
1164 5253 1219 5309 id
1240 5251 1388 5325 quod
1419 5268 1450 5305 a
1474 5250 1728 5305 Matthazo
1754 5244 1961 5301 dicitur

386 5357 677 5419 postquam
706 5346 829 5401 duae
864 5343 1047 5400 Mariae
1091 5344 1159 5399 ad
1183 5342 1473 5400 visendum
1505 5339 1776 5395 tumulum
1799 5350 1961 5392 vene-

456 5552 568 5625 (51)
612 5550 1004 5625 Quaestiehaec
1036 5550 1323 5625 hucusque
1383 5544 1764 5625 partiminest
1793 5541 1958 5625 etiam

385 5624 441 5679 in
462 5610 660 5680 codice
689 5622 784 5679 Gr.
821 5621 1085 5683 Mediceo,
1118 5610 1256 5674 teste
1284 5610 1554 5670 Baridinio
1592 5622 1632 5667 t.
1670 5614 1710 5683 Ι,
1743 5629 1796 5683 p.
1829 5610 1954 5683 459,

386 5693 534 5749 ldem
578 5705 755 5748 tamen
808 5691 1014 5745 frustra
1058 5682 1390 5757 suspicatur,
1434 5700 1555 5755 qua:
1587 5682 1784 5757 ibidem
1815 5682 1957 5757 apud

385 5780 508 5820 eum
539 5772 841 5836 sequuntur
877 5761 995 5814 λίαν
1043 5754 1328 5836 θαυμάζω,
1377 5754 1685 5836 emancasse
1709 5754 1955 5815 eiusdem

2066 4520 2169 4591 κῆς
2195 4520 2369 4590 ὅψεως
2400 4518 2902 4591 παραφαινομένης,
2934 4518 3104 4588 αὐτῆς
3124 4516 3180 4569 δέ
3205 4517 3288 4584 ἐφ’
3313 4516 3516 4584 ἑκάστῃ
3539 4505 3639 4583 θέα

2065 4609 2611 4683 παρατυγχανούσης·
2633 4610 2774 4664 οὕτω
2805 4610 2937 4680 γοῦν
2964 4609 3072 4664 τῶν
3103 4606 3256 4680 παρὰ
3282 4608 3394 4671 τοῖς
3407 4607 3639 4676 τέσσαρ-

2066 4721 2151 4758 σιν
2183 4701 2595 4771 εὺαγγελισταῖς
2623 4701 3124 4773 ἀναγεγραμμένων
3153 4697 3357 4769 θεωρὸς
3390 4696 3638 4764 ἐγίγνετο

2065 4796 2098 4865 ἡ
2125 4793 2476 4864 Μαγδαληνή·
2511 4793 2592 4847 διὸ
2619 4794 2713 4847 καὶ
2736 4793 2889 4863 παρὰ
2925 4795 3037 4855 τοῖς
3063 4792 3226 4844 πᾶσιν
3257 4785 3637 4860 ἐμνημονεύθη

2066 4886 2197 4958 (51)·
2227 4884 2369 4940 οὕτω
2392 4885 2449 4939 δέ
2474 4886 2567 4939 καὶ
2586 4887 2615 4939 ό
2651 4886 2749 4956 μὲν
2778 4883 2966 4955 καιρὸς
3002 4885 3031 4936 ό
3062 4881 3226 4946 αὐτὸς
3252 4877 3319 4953 ἦν
3349 4882 3378 4933 ὁ
3408 4878 3512 4932 ὑπὸ
3535 4876 3633 4932 τοῦ

2077 4979 2320 5035 Ἰωάννου
2353 4980 2448 5033 καὶ
2476 4978 2568 5031 τοῦ
2596 4976 2875 5032 Ματθαίου
2897 4973 3320 5046 παριστάμενοςο
3345 4971 3439 5025 τοῦ
3468 4971 3515 5024 δ’
3535 4971 3635 5024 αὐ-

2058 5070 2157 5125 τοῦ
2187 5070 2380 5143 καιροῦ
2403 5070 2636 5142 διάφορα
2660 5069 3002 5140 διαστήματα
3027 5068 3155 5136 παρ’
3177 5062 3391 5134 ἑκάστῳ
3407 5077 3637 5134 τετηρηι-

2066 5162 2221 5233 μένα.

2131 5256 2195 5310 δ’.
2232 5254 2324 5327 Μὴ
2354 5255 2667 5328 ταραττέτω
2692 5254 2749 5308 δέ
2782 5271 2841 5307 σε
2863 5252 2925 5308 rb
2948 5251 3197 5322 λέγεσθαι
3221 5250 3369 5322 παρά
3384 5249 3461 5320 τῷ
3480 5250 3635 5303 Ματ-

2063 5345 2199 5417 θαίῳ
2234 5348 2373 5417 μετά
2403 5346 2464 5401 rb
2495 5345 2666 5400 ἐλθεῖν
2707 5344 2808 5408 τὰς
2845 5343 2939 5398 δύο
2980 5342 3200 5416 Μαρίας
3229 5341 3500 5414 θεωρῆσαι
3545 5340 3637 5393 τὸν

2061 5549 2313 5616 Eusebii;
2344 5557 2473 5606 sunt
2494 5548 2639 5605 enim
2663 5547 2869 5604 lsodori
2896 5545 3212 5616 Pelusiotm,
3239 5546 3636 5616 utapparetex

2061 5610 2561 5760 csdélizl’aticanis,
2592 5623 2703 5676 imo
2723 5634 2789 5675 ex
2824 5618 3020 5675 lsidori
3047 5615 3312 5679 editione.
3336 5610 3500 5683 epist.
3531 5610 3628 5666 lib.
