  <div class='ocr_page' id='page_1' title='image "/cluster/home/n/w/nwhite01/storage/ocr_20150623/22:no.4/coo.31924054873025/486.png"; bbox 0 0 4106 6430; ppageno 0'>
   <div class='ocr_carea' id='block_1_1' title="bbox 435 391 538 445">
    <p class='ocr_par' dir='ltr' id='par_1_1' title="bbox 435 391 538 445">
     <span class='ocr_line' id='line_1_1' title="bbox 435 391 538 445; baseline 0.01 -1"><span class='ocrx_word' id='word_1_1' title='bbox 435 391 538 445; x_wconf 69' lang='grc'><strong>945</strong></span> 
     </span>
    </p>
   </div>
   <div class='ocr_carea' id='block_1_2' title="bbox 1040 393 1999 466">
    <p class='ocr_par' dir='ltr' id='par_1_2' title="bbox 1040 393 1999 459">
     <span class='ocr_line' id='line_1_2' title="bbox 1040 393 1999 459; baseline 0.006 -11"><span class='ocrx_word' id='word_1_2' title='bbox 1040 393 1506 459; x_wconf 72' lang='grc' dir='ltr'><strong>ΩΙΜΞΞἸἸΟΝΕΒ</strong></span> <span class='ocrx_word' id='word_1_3' title='bbox 1543 395 1999 458; x_wconf 70' lang='lat' dir='ltr'><strong>EVANGELICAS</strong></span> 
     </span>
    </p>
   </div>
   <div class='ocr_carea' id='block_1_3' title="bbox 2102 393 3117 466">
    <p class='ocr_par' dir='ltr' id='par_1_3' title="bbox 2102 399 3117 466">
     <span class='ocr_line' id='line_1_3' title="bbox 2102 399 3117 466; baseline 0.004 -12"><span class='ocrx_word' id='word_1_4' title='bbox 2102 431 2136 438; x_wconf 92' lang='lat'>—</span> <span class='ocrx_word' id='word_1_5' title='bbox 2176 399 2502 466; x_wconf 57' lang='lat' dir='ltr'><strong>QUxESTiO</strong></span> <span class='ocrx_word' id='word_1_6' title='bbox 2541 401 2585 455; x_wconf 88' lang='lat' dir='ltr'><strong>il</strong></span> <span class='ocrx_word' id='word_1_7' title='bbox 2622 403 2714 458; x_wconf 81' lang='lat' dir='ltr'><strong>AD</strong></span> <span class='ocrx_word' id='word_1_8' title='bbox 2747 403 3117 461; x_wconf 62' lang='lat' dir='ltr'><strong>MARINUM.~</strong></span> 
     </span>
    </p>
   </div>
   <div class='ocr_carea' id='block_1_4' title="bbox 3587 411 3690 464">
    <p class='ocr_par' dir='ltr' id='par_1_4' title="bbox 3587 411 3690 464">
     <span class='ocr_line' id='line_1_4' title="bbox 3587 411 3690 464; baseline 0 0"><span class='ocrx_word' id='word_1_9' title='bbox 3587 411 3690 464; x_wconf 63' lang='grc'><strong>946</strong></span> 
     </span>
    </p>
   </div>
   <div class='ocr_carea' id='block_1_5' title="bbox 434 504 1999 598">
    <p class='ocr_par' dir='ltr' id='par_1_5' title="bbox 434 504 1999 587">
     <span class='ocr_line' id='line_1_5' title="bbox 434 504 1999 587; baseline 0.008 -31"><span class='ocrx_word' id='word_1_10' title='bbox 434 504 624 571; x_wconf 81' lang='grc' dir='ltr'>τάφον,</span> <span class='ocrx_word' id='word_1_11' title='bbox 664 523 682 557; x_wconf 77' lang='grc' dir='ltr'><strong>ι</strong></span> <span class='ocrx_word' id='word_1_12' title='bbox 717 508 744 558; x_wconf 87' lang='grc' dir='ltr'><strong>ό</strong></span> <span class='ocrx_word' id='word_1_13' title='bbox 768 506 995 574; x_wconf 77' lang='grc' dir='ltr'>ἄγγελος</span> <span class='ocrx_word' id='word_1_14' title='bbox 1019 508 1128 580; x_wconf 76' lang='grc' dir='ltr'><strong>γὰρ</strong></span> <span class='ocrx_word' id='word_1_15' title='bbox 1159 508 1358 580; x_wconf 78' lang='grc' dir='ltr'>Κυρίου</span> <span class='ocrx_word' id='word_1_16' title='bbox 1402 513 1646 575; x_wconf 74' lang='grc' dir='ltr'>καταϐάς</span> <span class='ocrx_word' id='word_1_17' title='bbox 1681 514 1739 580; x_wconf 83' lang='grc' dir='ltr'><strong>ἐξ</strong></span> <span class='ocrx_word' id='word_1_18' title='bbox 1791 517 1999 587; x_wconf 68' lang='grc' dir='ltr'>ούρανοὲ</span> 
     </span>
    </p>
   </div>
   <div class='ocr_carea' id='block_1_6' title="bbox 2102 504 3708 598">
    <p class='ocr_par' dir='ltr' id='par_1_6' title="bbox 2126 523 3708 598">
     <span class='ocr_line' id='line_1_6' title="bbox 2126 523 3708 598; baseline 0.008 -26"><span class='ocrx_word' id='word_1_19' title='bbox 2126 527 2251 573; x_wconf 88' lang='lat' dir='ltr'><strong>rant</strong></span> <span class='ocrx_word' id='word_1_20' title='bbox 2303 541 2314 574; x_wconf 94' lang='lat'><strong>:</strong></span> <span class='ocrx_word' id='word_1_21' title='bbox 2354 541 2372 573; x_wconf 86' lang='grc'><strong><em>‹</em></strong></span> <span class='ocrx_word' id='word_1_22' title='bbox 2416 523 2655 594; x_wconf 80' lang='lat' dir='ltr'><strong>Angelus</strong></span> <span class='ocrx_word' id='word_1_23' title='bbox 2685 525 2828 578; x_wconf 87' lang='lat' dir='ltr'><strong>enim</strong></span> <span class='ocrx_word' id='word_1_24' title='bbox 2876 525 3090 580; x_wconf 88' lang='lat' dir='ltr'><strong>Domini</strong></span> <span class='ocrx_word' id='word_1_25' title='bbox 3146 527 3286 582; x_wconf 74' lang='lat' dir='ltr'><strong>cmlo</strong></span> <span class='ocrx_word' id='word_1_26' title='bbox 3317 529 3576 598; x_wconf 89' lang='lat' dir='ltr'><strong>delapsus</strong></span> <span class='ocrx_word' id='word_1_27' title='bbox 3607 547 3708 585; x_wconf 82' lang='lat' dir='ltr'><strong>re--</strong></span> 
     </span>
    </p>
   </div>
   <div class='ocr_carea' id='block_1_7' title="bbox 437 595 2016 676">
    <p class='ocr_par' dir='ltr' id='par_1_7' title="bbox 437 595 2016 676">
     <span class='ocr_line' id='line_1_7' title="bbox 437 595 2016 676; baseline 0.006 -28"><span class='ocrx_word' id='word_1_28' title='bbox 437 595 768 669; x_wconf 75' lang='grc' dir='ltr'>ἀπεκύλισεν</span> <span class='ocrx_word' id='word_1_29' title='bbox 802 598 893 650; x_wconf 81' lang='grc' dir='ltr'><strong>τὸν</strong></span> <span class='ocrx_word' id='word_1_30' title='bbox 931 597 1076 649; x_wconf 87' lang='grc' dir='ltr'>λίθον</span> <span class='ocrx_word' id='word_1_31' title='bbox 1125 600 1190 650; x_wconf 87' lang='grc' dir='ltr'>ὲκ</span> <span class='ocrx_word' id='word_1_32' title='bbox 1221 599 1321 668; x_wconf 80' lang='grc' dir='ltr'>τῆς</span> <span class='ocrx_word' id='word_1_33' title='bbox 1347 599 1535 671; x_wconf 85' lang='grc' dir='ltr'>θύρας.</span> <span class='ocrx_word' id='word_1_34' title='bbox 1574 621 1591 652; x_wconf 73' lang='grc' dir='ltr'><strong><em>ι</em></strong></span> <span class='ocrx_word' id='word_1_35' title='bbox 1645 603 1718 655; x_wconf 87' lang='grc' dir='ltr'>Ού</span> <span class='ocrx_word' id='word_1_36' title='bbox 1755 603 1861 676; x_wconf 76' lang='grc' dir='ltr'>γὰρ</span> <span class='ocrx_word' id='word_1_37' title='bbox 1893 607 2016 658; x_wconf 79' lang='grc' dir='ltr'>κατ’</span> 
     </span>
    </p>
   </div>
   <div class='ocr_carea' id='block_1_8' title="bbox 435 686 2015 761">
    <p class='ocr_par' dir='ltr' id='par_1_8' title="bbox 435 686 2015 761">
     <span class='ocr_line' id='line_1_8' title="bbox 435 686 2015 761; baseline 0.006 -22"><span class='ocrx_word' id='word_1_38' title='bbox 435 686 604 756; x_wconf 82' lang='grc' dir='ltr'>αὐτὴν</span> <span class='ocrx_word' id='word_1_39' title='bbox 627 687 725 758; x_wconf 83' lang='grc' dir='ltr'>τὴν</span> <span class='ocrx_word' id='word_1_40' title='bbox 759 688 908 758; x_wconf 84' lang='grc' dir='ltr'>ὤραν</span> <span class='ocrx_word' id='word_1_41' title='bbox 943 690 1210 759; x_wconf 77' lang='grc' dir='ltr'>προσήκει</span> <span class='ocrx_word' id='word_1_42' title='bbox 1251 694 1388 743; x_wconf 86' lang='grc' dir='ltr'>νοεῖν</span> <span class='ocrx_word' id='word_1_43' title='bbox 1416 693 1506 744; x_wconf 88' lang='grc' dir='ltr'><strong>τὸν</strong></span> <span class='ocrx_word' id='word_1_44' title='bbox 1537 692 1767 761; x_wconf 79' lang='grc' dir='ltr'>ἄγγελον</span> <span class='ocrx_word' id='word_1_45' title='bbox 1810 695 2015 748; x_wconf 77' lang='grc' dir='ltr'>ἀποκεο</span> 
     </span>
    </p>
   </div>
   <div class='ocr_carea' id='block_1_9' title="bbox 435 777 2016 858">
    <p class='ocr_par' dir='ltr' id='par_1_9' title="bbox 435 777 2016 858">
     <span class='ocr_line' id='line_1_9' title="bbox 435 777 2016 858; baseline 0.007 -26"><span class='ocrx_word' id='word_1_46' title='bbox 435 777 713 832; x_wconf 78' lang='grc' dir='ltr'>κυλικέναι</span> <span class='ocrx_word' id='word_1_47' title='bbox 752 779 842 833; x_wconf 77' lang='grc' dir='ltr'><strong>τὸν</strong></span> <span class='ocrx_word' id='word_1_48' title='bbox 883 779 1062 833; x_wconf 73' lang='grc' dir='ltr'>λίθονο</span> <span class='ocrx_word' id='word_1_49' title='bbox 1108 781 1226 845; x_wconf 77' lang='grc' dir='ltr'><strong>πῶς</strong></span> <span class='ocrx_word' id='word_1_50' title='bbox 1281 783 1416 854; x_wconf 89' lang='grc' dir='ltr'>γάρ;</span> <span class='ocrx_word' id='word_1_51' title='bbox 1455 783 1617 838; x_wconf 85' lang='grc' dir='ltr'>ὁπότε</span> <span class='ocrx_word' id='word_1_52' title='bbox 1664 791 2016 858; x_wconf 78' lang='grc' dir='ltr'>προῦπῆρχεν</span> 
     </span>
    </p>
   </div>
   <div class='ocr_carea' id='block_1_10' title="bbox 436 867 2016 948">
    <p class='ocr_par' dir='ltr' id='par_1_10' title="bbox 436 867 2016 948">
     <span class='ocr_line' id='line_1_10' title="bbox 436 867 2016 948; baseline 0.006 -24"><span class='ocrx_word' id='word_1_53' title='bbox 436 869 589 942; x_wconf 81' lang='grc' dir='ltr'>παρὰ</span> <span class='ocrx_word' id='word_1_54' title='bbox 621 871 697 942; x_wconf 80' lang='grc' dir='ltr'>τῷ</span> <span class='ocrx_word' id='word_1_55' title='bbox 731 870 984 944; x_wconf 80' lang='grc' dir='ltr'><strong>Ἰωάννῃ,</strong></span> <span class='ocrx_word' id='word_1_56' title='bbox 1021 875 1150 943; x_wconf 79' lang='grc' dir='ltr'>παρ’</span> <span class='ocrx_word' id='word_1_57' title='bbox 1181 867 1224 942; x_wconf 82' lang='grc' dir='ltr'>ᾦ</span> <span class='ocrx_word' id='word_1_58' title='bbox 1268 875 1365 944; x_wconf 73' lang='grc' dir='ltr'><strong>οὐχ</strong></span> <span class='ocrx_word' id='word_1_59' title='bbox 1399 876 1432 946; x_wconf 81' lang='grc' dir='ltr'>ἡ</span> <span class='ocrx_word' id='word_1_60' title='bbox 1467 876 1654 947; x_wconf 86' lang='grc' dir='ltr'>Μαρία</span> <span class='ocrx_word' id='word_1_61' title='bbox 1691 878 1845 948; x_wconf 84' lang='grc' dir='ltr'>μόνη.</span> <span class='ocrx_word' id='word_1_62' title='bbox 1881 880 2016 934; x_wconf 76' lang='grc' dir='ltr'>ἀλλὰ</span> 
     </span>
    </p>
   </div>
   <div class='ocr_carea' id='block_1_11' title="bbox 434 957 2014 1040">
    <p class='ocr_par' dir='ltr' id='par_1_11' title="bbox 434 957 2014 1040">
     <span class='ocr_line' id='line_1_11' title="bbox 434 957 2014 1040; baseline 0.006 -28"><span class='ocrx_word' id='word_1_63' title='bbox 434 957 530 1012; x_wconf 62' lang='grc' dir='ltr'>καὶ</span> <span class='ocrx_word' id='word_1_64' title='bbox 561 957 654 1010; x_wconf 83' lang='grc' dir='ltr'>δύο</span> <span class='ocrx_word' id='word_1_65' title='bbox 686 959 924 1030; x_wconf 80' lang='grc' dir='ltr'>μαθηταὶ</span> <span class='ocrx_word' id='word_1_66' title='bbox 965 961 1285 1032; x_wconf 82' lang='grc' dir='ltr'>ἐληλύθασιν</span> <span class='ocrx_word' id='word_1_67' title='bbox 1333 965 1412 1027; x_wconf 81' lang='grc' dir='ltr'><strong>εἰς</strong></span> <span class='ocrx_word' id='word_1_68' title='bbox 1436 964 1495 1017; x_wconf 86' lang='grc' dir='ltr'><strong>τὸ</strong></span> <span class='ocrx_word' id='word_1_69' title='bbox 1527 969 2014 1040; x_wconf 73' lang='grc' dir='ltr'>μνημεῖονοδιόπερ</span> 
     </span>
    </p>
   </div>
   <div class='ocr_carea' id='block_1_12' title="bbox 435 1050 2011 1130">
    <p class='ocr_par' dir='ltr' id='par_1_12' title="bbox 435 1050 2011 1130">
     <span class='ocr_line' id='line_1_12' title="bbox 435 1050 2011 1130; baseline 0.006 -28"><span class='ocrx_word' id='word_1_70' title='bbox 435 1051 610 1114; x_wconf 79' lang='grc' dir='ltr'>εἷποις</span> <span class='ocrx_word' id='word_1_71' title='bbox 637 1051 701 1104; x_wconf 85' lang='grc' dir='ltr'>ἂν</span> <span class='ocrx_word' id='word_1_72' title='bbox 723 1050 813 1104; x_wconf 81' lang='grc' dir='ltr'><strong>τὸν</strong></span> <span class='ocrx_word' id='word_1_73' title='bbox 844 1053 992 1124; x_wconf 69' lang='grc' dir='ltr'>παρὰ</span> <span class='ocrx_word' id='word_1_74' title='bbox 1029 1053 1106 1125; x_wconf 80' lang='grc' dir='ltr'><strong>τῷ</strong></span> <span class='ocrx_word' id='word_1_75' title='bbox 1135 1054 1396 1127; x_wconf 83' lang='grc' dir='ltr'>Ματθαίῳ</span> <span class='ocrx_word' id='word_1_76' title='bbox 1429 1055 1584 1125; x_wconf 87' lang='grc' dir='ltr'>λόγον</span> <span class='ocrx_word' id='word_1_77' title='bbox 1615 1057 2011 1130; x_wconf 78' lang='grc' dir='ltr'>διηγηματικὸν</span> 
     </span>
    </p>
   </div>
   <div class='ocr_carea' id='block_1_13' title="bbox 437 1137 2010 1222">
    <p class='ocr_par' dir='ltr' id='par_1_13' title="bbox 437 1137 2010 1222">
     <span class='ocr_line' id='line_1_13' title="bbox 437 1137 2010 1222; baseline 0.006 -28"><span class='ocrx_word' id='word_1_78' title='bbox 437 1137 574 1195; x_wconf 79' lang='grc' dir='ltr'>εἶναι</span> <span class='ocrx_word' id='word_1_79' title='bbox 597 1141 707 1195; x_wconf 82' lang='grc' dir='ltr'><strong>τῶν</strong></span> <span class='ocrx_word' id='word_1_80' title='bbox 747 1143 851 1211; x_wconf 71' lang='grc' dir='ltr'>πρὸ</span> <span class='ocrx_word' id='word_1_81' title='bbox 892 1144 1082 1197; x_wconf 89' lang='grc' dir='ltr'>τούτου</span> <span class='ocrx_word' id='word_1_82' title='bbox 1118 1146 1530 1216; x_wconf 74' lang='grc' dir='ltr'>γεγενημένωνο</span> <span class='ocrx_word' id='word_1_83' title='bbox 1570 1143 1731 1219; x_wconf 82' lang='grc' dir='ltr'>ἦλθον</span> <span class='ocrx_word' id='word_1_84' title='bbox 1773 1151 1870 1220; x_wconf 80' lang='grc' dir='ltr'><strong>μὲν</strong></span> <span class='ocrx_word' id='word_1_85' title='bbox 1903 1150 2010 1222; x_wconf 79' lang='grc' dir='ltr'><strong>γάρ</strong></span> 
     </span>
    </p>
   </div>
   <div class='ocr_carea' id='block_1_14' title="bbox 436 1233 2012 1310">
    <p class='ocr_par' dir='ltr' id='par_1_14' title="bbox 436 1233 2012 1310">
     <span class='ocr_line' id='line_1_14' title="bbox 436 1233 2012 1310; baseline 0.007 -25"><span class='ocrx_word' id='word_1_86' title='bbox 436 1235 574 1286; x_wconf 68' lang='grc' dir='ltr'>κατὰ</span> <span class='ocrx_word' id='word_1_87' title='bbox 610 1233 799 1286; x_wconf 78' lang='grc' dir='ltr'>τοῦτον</span> <span class='ocrx_word' id='word_1_88' title='bbox 827 1235 880 1287; x_wconf 57' lang='grc' dir='ltr'><strong>τί</strong></span> <span class='ocrx_word' id='word_1_89' title='bbox 911 1235 1003 1288; x_wconf 82' lang='grc' dir='ltr'>δύο</span> <span class='ocrx_word' id='word_1_90' title='bbox 1034 1237 1244 1308; x_wconf 89' lang='grc' dir='ltr'>Μαρίαι</span> <span class='ocrx_word' id='word_1_91' title='bbox 1275 1236 1548 1309; x_wconf 81' lang='grc' dir='ltr'>θεωρῆσαι</span> <span class='ocrx_word' id='word_1_92' title='bbox 1571 1239 1857 1310; x_wconf 78' lang='grc' dir='ltr'>τὸντάφον</span> <span class='ocrx_word' id='word_1_93' title='bbox 1877 1285 1892 1308; x_wconf 92' lang='grc'><strong>,</strong></span> <span class='ocrx_word' id='word_1_94' title='bbox 1925 1237 2012 1297; x_wconf 73' lang='grc' dir='ltr'>εὖ-</span> 
     </span>
    </p>
   </div>
   <div class='ocr_carea' id='block_1_15' title="bbox 435 1323 2012 1402">
    <p class='ocr_par' dir='ltr' id='par_1_15' title="bbox 435 1323 2012 1402">
     <span class='ocr_line' id='line_1_15' title="bbox 435 1323 2012 1402; baseline 0.006 -26"><span class='ocrx_word' id='word_1_95' title='bbox 435 1341 528 1396; x_wconf 87' lang='grc' dir='ltr'>ρον</span> <span class='ocrx_word' id='word_1_96' title='bbox 551 1323 607 1377; x_wconf 86' lang='grc' dir='ltr'><strong>δέ</strong></span> <span class='ocrx_word' id='word_1_97' title='bbox 636 1325 796 1378; x_wconf 82' lang='grc' dir='ltr'>αὑτὸν</span> <span class='ocrx_word' id='word_1_98' title='bbox 822 1327 1193 1396; x_wconf 81' lang='grc' dir='ltr'>ἀνεῳγμένον,</span> <span class='ocrx_word' id='word_1_99' title='bbox 1231 1327 1528 1399; x_wconf 79' lang='grc' dir='ltr'><strong>ἐπειδήπερ</strong></span> <span class='ocrx_word' id='word_1_100' title='bbox 1560 1329 1665 1402; x_wconf 84' lang='grc' dir='ltr'><strong>πρὸ</strong></span> <span class='ocrx_word' id='word_1_101' title='bbox 1687 1331 1876 1385; x_wconf 87' lang='grc' dir='ltr'>τούτου</span> <span class='ocrx_word' id='word_1_102' title='bbox 1904 1350 2012 1386; x_wconf 85' lang='grc' dir='ltr'>σει-</span> 
     </span>
    </p>
   </div>
   <div class='ocr_carea' id='block_1_16' title="bbox 436 1413 2011 1486">
    <p class='ocr_par' dir='ltr' id='par_1_16' title="bbox 436 1413 2011 1486">
     <span class='ocr_line' id='line_1_16' title="bbox 436 1413 2011 1486; baseline 0.006 -20"><span class='ocrx_word' id='word_1_103' title='bbox 436 1413 571 1484; x_wconf 82' lang='grc' dir='ltr'>σμὸς</span> <span class='ocrx_word' id='word_1_104' title='bbox 597 1415 836 1484; x_wconf 83' lang='grc' dir='ltr'>ἐγεγόνει</span> <span class='ocrx_word' id='word_1_105' title='bbox 869 1417 1062 1486; x_wconf 81' lang='grc' dir='ltr'><strong>μέγας,</strong></span> <span class='ocrx_word' id='word_1_106' title='bbox 1094 1419 1187 1470; x_wconf 73' lang='grc' dir='ltr'><strong>καὶ</strong></span> <span class='ocrx_word' id='word_1_107' title='bbox 1211 1419 1238 1468; x_wconf 86' lang='grc' dir='ltr'><strong>ό</strong></span> <span class='ocrx_word' id='word_1_108' title='bbox 1254 1417 1481 1486; x_wconf 87' lang='grc' dir='ltr'>ἄγγελος</span> <span class='ocrx_word' id='word_1_109' title='bbox 1510 1421 1892 1476; x_wconf 74' lang='grc' dir='ltr'>άποκεκυλίκει</span> <span class='ocrx_word' id='word_1_110' title='bbox 1918 1424 2011 1476; x_wconf 83' lang='grc' dir='ltr'><strong>τὸν</strong></span> 
     </span>
    </p>
   </div>
   <div class='ocr_carea' id='block_1_17' title="bbox 430 1506 2006 1584">
    <p class='ocr_par' dir='ltr' id='par_1_17' title="bbox 430 1506 2006 1584">
     <span class='ocr_line' id='line_1_17' title="bbox 430 1506 2006 1584; baseline 0.007 -25"><span class='ocrx_word' id='word_1_111' title='bbox 430 1507 597 1571; x_wconf 89' lang='grc' dir='ltr'>λίθον,</span> <span class='ocrx_word' id='word_1_112' title='bbox 631 1509 689 1572; x_wconf 84' lang='grc' dir='ltr'>ὃς</span> <span class='ocrx_word' id='word_1_113' title='bbox 717 1509 962 1574; x_wconf 81' lang='grc' dir='ltr'>ἐπιστάς,</span> <span class='ocrx_word' id='word_1_114' title='bbox 989 1506 1144 1572; x_wconf 73' lang='grc' dir='ltr'>αὖθις</span> <span class='ocrx_word' id='word_1_115' title='bbox 1163 1511 1570 1580; x_wconf 74' lang='grc' dir='ltr'>εὐαγγελίζεται</span> <span class='ocrx_word' id='word_1_116' title='bbox 1599 1515 1696 1579; x_wconf 81' lang='grc' dir='ltr'><strong>τάς</strong></span> <span class='ocrx_word' id='word_1_117' title='bbox 1725 1521 2006 1584; x_wconf 78' lang='grc' dir='ltr'>γυναῖκας,</span> 
     </span>
    </p>
   </div>
   <div class='ocr_carea' id='block_1_18' title="bbox 431 1597 2008 1675">
    <p class='ocr_par' dir='ltr' id='par_1_18' title="bbox 431 1597 2008 1675">
     <span class='ocr_line' id='line_1_18' title="bbox 431 1597 2008 1675; baseline 0.005 -21"><span class='ocrx_word' id='word_1_118' title='bbox 431 1601 578 1672; x_wconf 74' lang='grc' dir='ltr'>Αὕτη</span> <span class='ocrx_word' id='word_1_119' title='bbox 618 1602 718 1672; x_wconf 83' lang='grc' dir='ltr'><strong>μὲν</strong></span> <span class='ocrx_word' id='word_1_120' title='bbox 744 1597 836 1655; x_wconf 77' lang='grc' dir='ltr'>οὖν</span> <span class='ocrx_word' id='word_1_121' title='bbox 861 1602 958 1672; x_wconf 87' lang='grc' dir='ltr'><strong>μία</strong></span> <span class='ocrx_word' id='word_1_122' title='bbox 981 1601 1132 1665; x_wconf 82' lang='grc' dir='ltr'>λύσις</span> <span class='ocrx_word' id='word_1_123' title='bbox 1166 1604 1275 1675; x_wconf 69' lang='lat'><strong>(5‘2)</strong></span> <span class='ocrx_word' id='word_1_124' title='bbox 1303 1602 1368 1657; x_wconf 83' lang='grc' dir='ltr'><strong>ἂν</strong></span> <span class='ocrx_word' id='word_1_125' title='bbox 1394 1604 1604 1673; x_wconf 79' lang='grc' dir='ltr'>γένοιτο</span> <span class='ocrx_word' id='word_1_126' title='bbox 1621 1606 1729 1661; x_wconf 84' lang='grc' dir='ltr'><strong>τῶν</strong></span> <span class='ocrx_word' id='word_1_127' title='bbox 1752 1608 1893 1662; x_wconf 70' lang='grc' dir='ltr'>κατὰ</span> <span class='ocrx_word' id='word_1_128' title='bbox 1915 1611 2008 1663; x_wconf 78' lang='grc' dir='ltr'><strong>τὸν</strong></span> 
     </span>
    </p>
   </div>
   <div class='ocr_carea' id='block_1_19' title="bbox 430 1690 1020 1763">
    <p class='ocr_par' dir='ltr' id='par_1_19' title="bbox 430 1690 1020 1763">
     <span class='ocr_line' id='line_1_19' title="bbox 430 1690 1020 1763; baseline 0.003 -21"><span class='ocrx_word' id='word_1_129' title='bbox 430 1690 593 1744; x_wconf 88' lang='grc' dir='ltr'>τόπον</span> <span class='ocrx_word' id='word_1_130' title='bbox 615 1692 1020 1763; x_wconf 82' lang='grc' dir='ltr'><strong>ἀπορουμένων.</strong></span> 
     </span>
    </p>
   </div>
   <div class='ocr_carea' id='block_1_20' title="bbox 2120 613 3690 692">
    <p class='ocr_par' dir='ltr' id='par_1_20' title="bbox 2120 613 3690 692">
     <span class='ocr_line' id='line_1_20' title="bbox 2120 613 3690 692; baseline 0.01 -32"><span class='ocrx_word' id='word_1_131' title='bbox 2120 613 2361 667; x_wconf 78' lang='lat' dir='ltr'><strong>volverat</strong></span> <span class='ocrx_word' id='word_1_132' title='bbox 2399 615 2466 668; x_wconf 90' lang='lat' dir='ltr'><strong>ab</strong></span> <span class='ocrx_word' id='word_1_133' title='bbox 2513 616 2656 671; x_wconf 91' lang='lat' dir='ltr'><strong>ostio</strong></span> <span class='ocrx_word' id='word_1_134' title='bbox 2689 617 2954 685; x_wconf 88' lang='lat' dir='ltr'><strong>lapidem;</strong></span> <span class='ocrx_word' id='word_1_135' title='bbox 2998 635 3014 667; x_wconf 72' lang='grc' dir='ltr'><strong><em>ι</em></strong></span> <span class='ocrx_word' id='word_1_136' title='bbox 3075 616 3276 686; x_wconf 88' lang='lat' dir='ltr'><strong>quippe</strong></span> <span class='ocrx_word' id='word_1_137' title='bbox 3318 618 3460 673; x_wconf 86' lang='lat' dir='ltr'><strong>haud</strong></span> <span class='ocrx_word' id='word_1_138' title='bbox 3493 630 3690 692; x_wconf 78' lang='lat' dir='ltr'><strong>putan-</strong></span> 
     </span>
    </p>
   </div>
   <div class='ocr_carea' id='block_1_21' title="bbox 2117 701 3688 782">
    <p class='ocr_par' dir='ltr' id='par_1_21' title="bbox 2117 701 3688 782">
     <span class='ocr_line' id='line_1_21' title="bbox 2117 701 3688 782; baseline 0.01 -29"><span class='ocrx_word' id='word_1_139' title='bbox 2117 701 2244 754; x_wconf 91' lang='lat' dir='ltr'><strong>dum</strong></span> <span class='ocrx_word' id='word_1_140' title='bbox 2276 712 2360 757; x_wconf 89' lang='lat' dir='ltr'><strong>est</strong></span> <span class='ocrx_word' id='word_1_141' title='bbox 2394 705 2461 758; x_wconf 90' lang='lat' dir='ltr'><strong>ab</strong></span> <span class='ocrx_word' id='word_1_142' title='bbox 2491 707 2680 777; x_wconf 84' lang='lat' dir='ltr'><strong>angelo</strong></span> <span class='ocrx_word' id='word_1_143' title='bbox 2711 706 2896 782; x_wconf 86' lang='lat' dir='ltr'><strong>eadem</strong></span> <span class='ocrx_word' id='word_1_144' title='bbox 2920 707 3009 761; x_wconf 88' lang='lat' dir='ltr'><strong>illa</strong></span> <span class='ocrx_word' id='word_1_145' title='bbox 3028 707 3162 761; x_wconf 90' lang='lat' dir='ltr'><strong>hora</strong></span> <span class='ocrx_word' id='word_1_146' title='bbox 3188 708 3491 764; x_wconf 84' lang='lat' dir='ltr'><strong>revolutum</strong></span> <span class='ocrx_word' id='word_1_147' title='bbox 3518 710 3688 768; x_wconf 79' lang='lat' dir='ltr'><strong>fuisse</strong></span> 
     </span>
    </p>
   </div>
   <div class='ocr_carea' id='block_1_22' title="bbox 2118 791 3686 872">
    <p class='ocr_par' dir='ltr' id='par_1_22' title="bbox 2118 791 3686 872">
     <span class='ocr_line' id='line_1_22' title="bbox 2118 791 3686 872; baseline 0.01 -30"><span class='ocrx_word' id='word_1_148' title='bbox 2118 791 2374 859; x_wconf 90' lang='lat' dir='ltr'><strong>lapidem.</strong></span> <span class='ocrx_word' id='word_1_149' title='bbox 2439 793 2573 849; x_wconf 90' lang='lat' dir='ltr'><strong>Nam</strong></span> <span class='ocrx_word' id='word_1_150' title='bbox 2631 799 2904 867; x_wconf 91' lang='lat' dir='ltr'><strong>quomodo</strong></span> <span class='ocrx_word' id='word_1_151' title='bbox 2962 798 3093 852; x_wconf 89' lang='lat' dir='ltr'><strong>illud</strong></span> <span class='ocrx_word' id='word_1_152' title='bbox 3160 800 3489 870; x_wconf 57' lang='lat' dir='ltr'><strong>praecederet</strong></span> <span class='ocrx_word' id='word_1_153' title='bbox 3545 805 3686 872; x_wconf 86' lang='lat' dir='ltr'><strong>apud</strong></span> 
     </span>
    </p>
   </div>
   <div class='ocr_carea' id='block_1_23' title="bbox 2115 879 3688 959">
    <p class='ocr_par' dir='ltr' id='par_1_23' title="bbox 2115 879 3688 959">
     <span class='ocr_line' id='line_1_23' title="bbox 2115 879 3688 959; baseline 0.01 -25"><span class='ocrx_word' id='word_1_154' title='bbox 2115 879 2401 948; x_wconf 89' lang='lat' dir='ltr'><strong>Joannem,</strong></span> <span class='ocrx_word' id='word_1_155' title='bbox 2429 901 2536 954; x_wconf 85' lang='lat' dir='ltr'><strong>quo</strong></span> <span class='ocrx_word' id='word_1_156' title='bbox 2570 897 2827 943; x_wconf 74' lang='lat' dir='ltr'><strong>narrante</strong></span> <span class='ocrx_word' id='word_1_157' title='bbox 2851 906 2961 944; x_wconf 92' lang='lat' dir='ltr'><strong>non</strong></span> <span class='ocrx_word' id='word_1_158' title='bbox 3004 890 3174 944; x_wconf 82' lang='lat' dir='ltr'><strong>Maria</strong></span> <span class='ocrx_word' id='word_1_159' title='bbox 3217 893 3355 959; x_wconf 88' lang='lat' dir='ltr'><strong>sola,</strong></span> <span class='ocrx_word' id='word_1_160' title='bbox 3389 892 3484 948; x_wconf 91' lang='lat' dir='ltr'><strong>sed</strong></span> <span class='ocrx_word' id='word_1_161' title='bbox 3519 903 3571 948; x_wconf 91' lang='lat' dir='ltr'><strong>et</strong></span> <span class='ocrx_word' id='word_1_162' title='bbox 3604 895 3688 949; x_wconf 92' lang='lat' dir='ltr'><strong>di-</strong></span> 
     </span>
    </p>
   </div>
   <div class='ocr_carea' id='block_1_24' title="bbox 2117 976 3689 1052">
    <p class='ocr_par' dir='ltr' id='par_1_24' title="bbox 2117 976 3689 1052">
     <span class='ocr_line' id='line_1_24' title="bbox 2117 976 3689 1052; baseline 0.006 -23"><span class='ocrx_word' id='word_1_163' title='bbox 2117 976 2312 1044; x_wconf 90' lang='lat' dir='ltr'><strong>scipuli</strong></span> <span class='ocrx_word' id='word_1_164' title='bbox 2341 977 2448 1031; x_wconf 92' lang='lat' dir='ltr'><strong>duo</strong></span> <span class='ocrx_word' id='word_1_165' title='bbox 2485 987 2895 1033; x_wconf 72' lang='lat' dir='ltr'><strong>monumentum</strong></span> <span class='ocrx_word' id='word_1_166' title='bbox 2937 981 3169 1052; x_wconf 83' lang='lat' dir='ltr'><strong>ingressi</strong></span> <span class='ocrx_word' id='word_1_167' title='bbox 3205 980 3689 1050; x_wconf 73' lang='lat' dir='ltr'><strong>fuerant?Quam-</strong></span> 
     </span>
    </p>
   </div>
   <div class='ocr_carea' id='block_1_25' title="bbox 2115 1067 3684 1133">
    <p class='ocr_par' dir='ltr' id='par_1_25' title="bbox 2115 1067 3684 1133">
     <span class='ocr_line' id='line_1_25' title="bbox 2115 1067 3684 1133; baseline 0.008 -13"><span class='ocrx_word' id='word_1_168' title='bbox 2115 1067 2301 1120; x_wconf 90' lang='lat' dir='ltr'><strong>obrem</strong></span> <span class='ocrx_word' id='word_1_169' title='bbox 2355 1067 2550 1122; x_wconf 89' lang='lat' dir='ltr'><strong>merito</strong></span> <span class='ocrx_word' id='word_1_170' title='bbox 2585 1069 2755 1133; x_wconf 85' lang='lat' dir='ltr'><strong>dices,</strong></span> <span class='ocrx_word' id='word_1_171' title='bbox 2794 1070 3029 1125; x_wconf 79' lang='lat' dir='ltr'><strong>Mattluei</strong></span> <span class='ocrx_word' id='word_1_172' title='bbox 3083 1075 3331 1129; x_wconf 85' lang='lat' dir='ltr'><strong>oratione</strong></span> <span class='ocrx_word' id='word_1_173' title='bbox 3376 1077 3592 1131; x_wconf 87' lang='lat' dir='ltr'><strong>narrari</strong></span> <span class='ocrx_word' id='word_1_174' title='bbox 3623 1093 3684 1132; x_wconf 77' lang='lat' dir='ltr'><strong>ea</strong></span> 
     </span>
    </p>
   </div>
   <div class='ocr_carea' id='block_1_26' title="bbox 2115 1161 3685 1236">
    <p class='ocr_par' dir='ltr' id='par_1_26' title="bbox 2115 1161 3685 1236">
     <span class='ocr_line' id='line_1_26' title="bbox 2115 1161 3685 1236; baseline 0.006 -22"><span class='ocrx_word' id='word_1_175' title='bbox 2115 1175 2237 1229; x_wconf 69' lang='lat' dir='ltr'><strong>qua:</strong></span> <span class='ocrx_word' id='word_1_176' title='bbox 2271 1169 2397 1214; x_wconf 83' lang='lat' dir='ltr'><strong>ante</strong></span> <span class='ocrx_word' id='word_1_177' title='bbox 2433 1161 2774 1230; x_wconf 89' lang='lat' dir='ltr'><strong>contigerant</strong></span> <span class='ocrx_word' id='word_1_178' title='bbox 2813 1181 2826 1216; x_wconf 91' lang='lat'><strong>:</strong></span> <span class='ocrx_word' id='word_1_179' title='bbox 2864 1163 2938 1216; x_wconf 91' lang='lat' dir='ltr'><strong>ita</strong></span> <span class='ocrx_word' id='word_1_180' title='bbox 2986 1173 3043 1217; x_wconf 93' lang='lat' dir='ltr'><strong>ut</strong></span> <span class='ocrx_word' id='word_1_181' title='bbox 3099 1181 3164 1219; x_wconf 79' lang='lat' dir='ltr'><strong>ex</strong></span> <span class='ocrx_word' id='word_1_182' title='bbox 3200 1166 3364 1236; x_wconf 86' lang='lat' dir='ltr'><strong>hujus</strong></span> <span class='ocrx_word' id='word_1_183' title='bbox 3415 1170 3685 1224; x_wconf 81' lang='lat' dir='ltr'><strong>sententia</strong></span> 
     </span>
    </p>
   </div>
   <div class='ocr_carea' id='block_1_27' title="bbox 2113 1249 3687 1322">
    <p class='ocr_par' dir='ltr' id='par_1_27' title="bbox 2113 1249 3687 1322">
     <span class='ocr_line' id='line_1_27' title="bbox 2113 1249 3687 1322; baseline 0.008 -19"><span class='ocrx_word' id='word_1_184' title='bbox 2113 1249 2235 1305; x_wconf 65' lang='lat' dir='ltr'><strong>dua:</strong></span> <span class='ocrx_word' id='word_1_185' title='bbox 2265 1249 2486 1319; x_wconf 91' lang='lat' dir='ltr'><strong>quidem</strong></span> <span class='ocrx_word' id='word_1_186' title='bbox 2521 1249 2704 1304; x_wconf 66' lang='lat' dir='ltr'><strong>Mariae</strong></span> <span class='ocrx_word' id='word_1_187' title='bbox 2733 1251 2798 1304; x_wconf 91' lang='lat' dir='ltr'><strong>ad</strong></span> <span class='ocrx_word' id='word_1_188' title='bbox 2839 1254 3147 1322; x_wconf 89' lang='lat' dir='ltr'><strong>sepulcrum</strong></span> <span class='ocrx_word' id='word_1_189' title='bbox 3207 1256 3492 1312; x_wconf 84' lang='lat' dir='ltr'><strong>visendum</strong></span> <span class='ocrx_word' id='word_1_190' title='bbox 3521 1275 3687 1316; x_wconf 73' lang='lat' dir='ltr'><strong>rene-</strong></span> 
     </span>
    </p>
   </div>
   <div class='ocr_carea' id='block_1_28' title="bbox 2114 1341 3684 1420">
    <p class='ocr_par' dir='ltr' id='par_1_28' title="bbox 2114 1341 3684 1420">
     <span class='ocr_line' id='line_1_28' title="bbox 2114 1341 3684 1420; baseline 0.012 -27"><span class='ocrx_word' id='word_1_191' title='bbox 2114 1341 2245 1404; x_wconf 88' lang='lat' dir='ltr'><strong>rint,</strong></span> <span class='ocrx_word' id='word_1_192' title='bbox 2278 1350 2654 1397; x_wconf 82' lang='lat' dir='ltr'><strong>verumtamen</strong></span> <span class='ocrx_word' id='word_1_193' title='bbox 2688 1343 2741 1397; x_wconf 87' lang='lat' dir='ltr'><strong>id</strong></span> <span class='ocrx_word' id='word_1_194' title='bbox 2795 1344 3124 1414; x_wconf 81' lang='lat' dir='ltr'><strong>patefactum</strong></span> <span class='ocrx_word' id='word_1_195' title='bbox 3164 1348 3624 1420; x_wconf 78' lang='lat' dir='ltr'><strong>deprehenderint</strong></span> <span class='ocrx_word' id='word_1_196' title='bbox 3665 1369 3684 1412; x_wconf 83' lang='lat'><strong>:</strong></span> 
     </span>
    </p>
   </div>
   <div class='ocr_carea' id='block_1_29' title="bbox 2113 1434 3678 1518">
    <p class='ocr_par' dir='ltr' id='par_1_29' title="bbox 2113 1434 3678 1518">
     <span class='ocr_line' id='line_1_29' title="bbox 2113 1434 3678 1518; baseline 0.01 -32"><span class='ocrx_word' id='word_1_197' title='bbox 2113 1434 2239 1503; x_wconf 86' lang='lat' dir='ltr'><strong>quia</strong></span> <span class='ocrx_word' id='word_1_198' title='bbox 2265 1435 2476 1490; x_wconf 82' lang='lat' dir='ltr'><strong>scilicet</strong></span> <span class='ocrx_word' id='word_1_199' title='bbox 2511 1436 2784 1490; x_wconf 89' lang='lat' dir='ltr'><strong>acciderat</strong></span> <span class='ocrx_word' id='word_1_200' title='bbox 2812 1447 2990 1501; x_wconf 58' lang='lat' dir='ltr'><strong>,lerrze</strong></span> <span class='ocrx_word' id='word_1_201' title='bbox 3035 1448 3219 1496; x_wconf 87' lang='lat' dir='ltr'><strong>motus</strong></span> <span class='ocrx_word' id='word_1_202' title='bbox 3275 1444 3485 1514; x_wconf 89' lang='lat' dir='ltr'><strong>ingens,</strong></span> <span class='ocrx_word' id='word_1_203' title='bbox 3542 1446 3678 1518; x_wconf 82' lang='lat' dir='ltr'><strong>lapi-</strong></span> 
     </span>
    </p>
   </div>
   <div class='ocr_carea' id='block_1_30' title="bbox 2115 1529 3679 1605">
    <p class='ocr_par' dir='ltr' id='par_1_30' title="bbox 2115 1529 3679 1605">
     <span class='ocr_line' id='line_1_30' title="bbox 2115 1529 3679 1605; baseline 0.01 -24"><span class='ocrx_word' id='word_1_204' title='bbox 2115 1529 2347 1597; x_wconf 77' lang='lat' dir='ltr'><strong>demque</strong></span> <span class='ocrx_word' id='word_1_205' title='bbox 2395 1529 2620 1598; x_wconf 78' lang='lat' dir='ltr'><strong>angelus</strong></span> <span class='ocrx_word' id='word_1_206' title='bbox 2669 1531 2996 1593; x_wconf 77' lang='lat' dir='ltr'><strong>revolverat,</strong></span> <span class='ocrx_word' id='word_1_207' title='bbox 3056 1533 3149 1602; x_wconf 88' lang='lat' dir='ltr'><strong>qui</strong></span> <span class='ocrx_word' id='word_1_208' title='bbox 3188 1551 3407 1591; x_wconf 84' lang='lat' dir='ltr'><strong>rursum</strong></span> <span class='ocrx_word' id='word_1_209' title='bbox 3464 1549 3679 1605; x_wconf 90' lang='lat' dir='ltr'><strong>astans,</strong></span> 
     </span>
    </p>
   </div>
   <div class='ocr_carea' id='block_1_31' title="bbox 2113 1619 3685 1695">
    <p class='ocr_par' dir='ltr' id='par_1_31' title="bbox 2113 1619 3685 1695">
     <span class='ocr_line' id='line_1_31' title="bbox 2113 1619 3685 1695; baseline 0.008 -23"><span class='ocrx_word' id='word_1_210' title='bbox 2113 1619 2193 1673; x_wconf 88' lang='lat' dir='ltr'><strong>rei</strong></span> <span class='ocrx_word' id='word_1_211' title='bbox 2223 1619 2417 1673; x_wconf 89' lang='lat' dir='ltr'><strong>notitia</strong></span> <span class='ocrx_word' id='word_1_212' title='bbox 2456 1621 2712 1675; x_wconf 86' lang='lat' dir='ltr'><strong>mulieres</strong></span> <span class='ocrx_word' id='word_1_213' title='bbox 2738 1622 3066 1691; x_wconf 88' lang='lat' dir='ltr'><strong>impcrtitur.</strong></span> <span class='ocrx_word' id='word_1_214' title='bbox 3091 1624 3267 1695; x_wconf 77' lang='lat' dir='ltr'><strong>Atque</strong></span> <span class='ocrx_word' id='word_1_215' title='bbox 3299 1627 3413 1682; x_wconf 70' lang='lat' dir='ltr'><strong>hazc</strong></span> <span class='ocrx_word' id='word_1_216' title='bbox 3442 1646 3548 1684; x_wconf 91' lang='lat' dir='ltr'><strong>una</strong></span> <span class='ocrx_word' id='word_1_217' title='bbox 3568 1639 3685 1685; x_wconf 89' lang='lat' dir='ltr'><strong>erat</strong></span> 
     </span>
    </p>
   </div>
   <div class='ocr_carea' id='block_1_32' title="bbox 2113 1710 3683 1784">
    <p class='ocr_par' dir='ltr' id='par_1_32' title="bbox 2113 1710 3683 1784">
     <span class='ocr_line' id='line_1_32' title="bbox 2113 1710 3683 1784; baseline 0.008 -20"><span class='ocrx_word' id='word_1_218' title='bbox 2113 1724 2143 1764; x_wconf 90' lang='lat' dir='ltr'><strong>e</strong></span> <span class='ocrx_word' id='word_1_219' title='bbox 2169 1710 2540 1764; x_wconf 86' lang='lat' dir='ltr'><strong>solutionibus</strong></span> <span class='ocrx_word' id='word_1_220' title='bbox 2595 1711 3038 1782; x_wconf 87' lang='lat' dir='ltr'><strong>ambiguitatum,</strong></span> <span class='ocrx_word' id='word_1_221' title='bbox 3071 1731 3192 1784; x_wconf 73' lang='lat' dir='ltr'><strong>qua:</strong></span> <span class='ocrx_word' id='word_1_222' title='bbox 3221 1719 3367 1772; x_wconf 90' lang='lat' dir='ltr'><strong>circa</strong></span> <span class='ocrx_word' id='word_1_223' title='bbox 3405 1719 3552 1775; x_wconf 90' lang='lat' dir='ltr'><strong>hunc</strong></span> <span class='ocrx_word' id='word_1_224' title='bbox 3605 1723 3683 1776; x_wconf 85' lang='lat' dir='ltr'><strong>lo-</strong></span> 
     </span>
    </p>
   </div>
   <div class='ocr_carea' id='block_1_33' title="bbox 2113 1800 2691 1869">
    <p class='ocr_par' dir='ltr' id='par_1_33' title="bbox 2113 1800 2691 1869">
     <span class='ocr_line' id='line_1_33' title="bbox 2113 1800 2691 1869; baseline 0.002 -16"><span class='ocrx_word' id='word_1_225' title='bbox 2113 1815 2235 1854; x_wconf 90' lang='lat' dir='ltr'><strong>cum</strong></span> <span class='ocrx_word' id='word_1_226' title='bbox 2269 1801 2460 1869; x_wconf 88' lang='lat' dir='ltr'><strong>agitari</strong></span> <span class='ocrx_word' id='word_1_227' title='bbox 2495 1800 2691 1855; x_wconf 89' lang='lat' dir='ltr'><strong>solent.</strong></span> 
     </span>
    </p>
   </div>
   <div class='ocr_carea' id='block_1_34' title="bbox 503 1869 1999 1972">
    <p class='ocr_par' dir='ltr' id='par_1_34' title="bbox 503 1895 1999 1972">
     <span class='ocr_line' id='line_1_34' title="bbox 503 1895 1999 1972; baseline 0.005 -24"><span class='ocrx_word' id='word_1_228' title='bbox 503 1895 566 1948; x_wconf 78' lang='lat' dir='ltr'><strong>e&#39;.</strong></span> <span class='ocrx_word' id='word_1_229' title='bbox 606 1895 808 1968; x_wconf 85' lang='grc' dir='ltr'>Λυθείη</span> <span class='ocrx_word' id='word_1_230' title='bbox 844 1896 888 1949; x_wconf 85' lang='grc' dir='ltr'><strong>δ’</strong></span> <span class='ocrx_word' id='word_1_231' title='bbox 921 1895 986 1950; x_wconf 85' lang='grc' dir='ltr'>ἂν</span> <span class='ocrx_word' id='word_1_232' title='bbox 1010 1899 1104 1951; x_wconf 88' lang='grc' dir='ltr'>καί</span> <span class='ocrx_word' id='word_1_233' title='bbox 1128 1898 1301 1962; x_wconf 85' lang='grc' dir='ltr'>ἄλλως</span> <span class='ocrx_word' id='word_1_234' title='bbox 1325 1899 1394 1952; x_wconf 83' lang='grc' dir='ltr'><strong>τὰ</strong></span> <span class='ocrx_word' id='word_1_235' title='bbox 1424 1901 1788 1972; x_wconf 78' lang='grc' dir='ltr'>προκείμενα,</span> <span class='ocrx_word' id='word_1_236' title='bbox 1815 1905 1862 1955; x_wconf 85' lang='grc' dir='ltr'><strong>εί</strong></span> <span class='ocrx_word' id='word_1_237' title='bbox 1890 1904 1999 1956; x_wconf 84' lang='grc' dir='ltr'>ἐτέ-</span> 
     </span>
    </p>
   </div>
   <div class='ocr_carea' id='block_1_35' title="bbox 2102 1869 3685 1972">
    <p class='ocr_par' dir='ltr' id='par_1_35' title="bbox 2182 1888 3685 1969">
     <span class='ocr_line' id='line_1_35' title="bbox 2182 1888 3685 1969; baseline 0.007 -26"><span class='ocrx_word' id='word_1_238' title='bbox 2182 1889 2235 1944; x_wconf 84' lang='grc'><strong>5.</strong></span> <span class='ocrx_word' id='word_1_239' title='bbox 2278 1888 2428 1942; x_wconf 81' lang='lat' dir='ltr'><strong>Licet</strong></span> <span class='ocrx_word' id='word_1_240' title='bbox 2478 1897 2656 1948; x_wconf 81' lang='lat' dir='ltr'><strong>autem</strong></span> <span class='ocrx_word' id='word_1_241' title='bbox 2711 1899 2763 1944; x_wconf 89' lang='lat' dir='ltr'><strong>et</strong></span> <span class='ocrx_word' id='word_1_242' title='bbox 2785 1892 2942 1946; x_wconf 87' lang='lat' dir='ltr'><strong>aliter</strong></span> <span class='ocrx_word' id='word_1_243' title='bbox 3001 1896 3334 1962; x_wconf 84' lang='lat' dir='ltr'><strong>propositam</strong></span> <span class='ocrx_word' id='word_1_244' title='bbox 3389 1896 3685 1969; x_wconf 80' lang='lat' dir='ltr'><strong>infringere</strong></span> 
     </span>
    </p>
   </div>
   <div class='ocr_carea' id='block_1_36' title="bbox 433 1987 2008 2064">
    <p class='ocr_par' dir='ltr' id='par_1_36' title="bbox 433 1987 2008 2064">
     <span class='ocr_line' id='line_1_36' title="bbox 433 1987 2008 2064; baseline 0.006 -25"><span class='ocrx_word' id='word_1_245' title='bbox 433 2003 528 2056; x_wconf 90' lang='grc' dir='ltr'><strong>ρας</strong></span> <span class='ocrx_word' id='word_1_246' title='bbox 567 1987 666 2057; x_wconf 82' lang='grc' dir='ltr'>μὲν</span> <span class='ocrx_word' id='word_1_247' title='bbox 688 1987 788 2051; x_wconf 81' lang='grc' dir='ltr'>τὰς</span> <span class='ocrx_word' id='word_1_248' title='bbox 811 1990 960 2060; x_wconf 81' lang='grc' dir='ltr'>παρὰ</span> <span class='ocrx_word' id='word_1_249' title='bbox 987 1989 1065 2060; x_wconf 81' lang='grc' dir='ltr'>τῷ</span> <span class='ocrx_word' id='word_1_250' title='bbox 1095 1991 1354 2062; x_wconf 73' lang='lat' dir='ltr'><strong>Mathqu</strong></span> <span class='ocrx_word' id='word_1_251' title='bbox 1376 1993 1590 2064; x_wconf 82' lang='grc' dir='ltr'>Μαρίας</span> <span class='ocrx_word' id='word_1_252' title='bbox 1615 1993 1902 2059; x_wconf 80' lang='grc' dir='ltr'>ὑπολάϐοις</span> <span class='ocrx_word' id='word_1_253' title='bbox 1930 1993 2008 2049; x_wconf 86' lang='grc' dir='ltr'><strong>εἷ-</strong></span> 
     </span>
    </p>
   </div>
   <div class='ocr_carea' id='block_1_37' title="bbox 429 2079 2007 2157">
    <p class='ocr_par' dir='ltr' id='par_1_37' title="bbox 429 2079 2007 2157">
     <span class='ocr_line' id='line_1_37' title="bbox 429 2079 2007 2157; baseline 0.008 -28"><span class='ocrx_word' id='word_1_254' title='bbox 429 2095 538 2141; x_wconf 82' lang='grc' dir='ltr'>ναι,</span> <span class='ocrx_word' id='word_1_255' title='bbox 569 2079 761 2150; x_wconf 77' lang='grc' dir='ltr'>ἑτέραν</span> <span class='ocrx_word' id='word_1_256' title='bbox 789 2079 846 2132; x_wconf 82' lang='grc' dir='ltr'>δὲ</span> <span class='ocrx_word' id='word_1_257' title='bbox 884 2079 980 2151; x_wconf 75' lang='grc' dir='ltr'>τὴν</span> <span class='ocrx_word' id='word_1_258' title='bbox 1015 2082 1163 2152; x_wconf 76' lang='grc' dir='ltr'>παρὰ</span> <span class='ocrx_word' id='word_1_259' title='bbox 1193 2082 1269 2152; x_wconf 82' lang='grc' dir='ltr'>τῷ</span> <span class='ocrx_word' id='word_1_260' title='bbox 1310 2084 1550 2157; x_wconf 70' lang='grc' dir='ltr'>Ἰωάννῃο</span> <span class='ocrx_word' id='word_1_261' title='bbox 1582 2085 1852 2157; x_wconf 84' lang='grc' dir='ltr'>τέσσαρας</span> <span class='ocrx_word' id='word_1_262' title='bbox 1879 2087 2007 2157; x_wconf 81' lang='grc' dir='ltr'>γοῦν</span> 
     </span>
    </p>
   </div>
   <div class='ocr_carea' id='block_1_38' title="bbox 425 2171 2008 2252">
    <p class='ocr_par' dir='ltr' id='par_1_38' title="bbox 425 2171 2008 2252">
     <span class='ocr_line' id='line_1_38' title="bbox 425 2171 2008 2252; baseline 0.004 -25"><span class='ocrx_word' id='word_1_263' title='bbox 425 2171 524 2236; x_wconf 81' lang='grc' dir='ltr'>τὰς</span> <span class='ocrx_word' id='word_1_264' title='bbox 558 2172 736 2236; x_wconf 87' lang='grc' dir='ltr'>πάσας</span> <span class='ocrx_word' id='word_1_265' title='bbox 776 2173 995 2245; x_wconf 84' lang='grc' dir='ltr'>Μαρίας</span> <span class='ocrx_word' id='word_1_266' title='bbox 1032 2175 1310 2246; x_wconf 75' lang='grc' dir='ltr'>παρούσας</span> <span class='ocrx_word' id='word_1_267' title='bbox 1333 2175 1410 2245; x_wconf 87' lang='grc' dir='ltr'><strong>τῷ</strong></span> <span class='ocrx_word' id='word_1_268' title='bbox 1439 2177 1597 2231; x_wconf 85' lang='grc' dir='ltr'>πάθει</span> <span class='ocrx_word' id='word_1_269' title='bbox 1630 2177 1723 2230; x_wconf 76' lang='grc' dir='ltr'>τοῦ</span> <span class='ocrx_word' id='word_1_270' title='bbox 1759 2179 2008 2252; x_wconf 81' lang='grc' dir='ltr'>Σωτῆρος</span> 
     </span>
    </p>
   </div>
   <div class='ocr_carea' id='block_1_39' title="bbox 429 2262 2006 2343">
    <p class='ocr_par' dir='ltr' id='par_1_39' title="bbox 429 2262 2006 2343">
     <span class='ocr_line' id='line_1_39' title="bbox 429 2262 2006 2343; baseline 0.007 -28"><span class='ocrx_word' id='word_1_271' title='bbox 429 2262 568 2332; x_wconf 75' lang='grc' dir='ltr'>μετὰ</span> <span class='ocrx_word' id='word_1_272' title='bbox 600 2263 707 2316; x_wconf 84' lang='grc' dir='ltr'><strong>τῶν</strong></span> <span class='ocrx_word' id='word_1_273' title='bbox 744 2265 918 2318; x_wconf 81' lang='grc' dir='ltr'>ἄλλων</span> <span class='ocrx_word' id='word_1_274' title='bbox 951 2267 1223 2334; x_wconf 82' lang='grc' dir='ltr'>γυναικῶν</span> <span class='ocrx_word' id='word_1_275' title='bbox 1261 2269 1585 2340; x_wconf 79' lang='grc' dir='ltr'>εὑρίσκομεν</span> <span class='ocrx_word' id='word_1_276' title='bbox 1615 2270 1724 2340; x_wconf 80' lang='grc'><strong>(55)</strong></span> <span class='ocrx_word' id='word_1_277' title='bbox 1746 2287 1758 2299; x_wconf 74' lang='grc'><strong><em>⁸</em></strong></span> <span class='ocrx_word' id='word_1_278' title='bbox 1793 2271 2006 2343; x_wconf 82' lang='grc' dir='ltr'>πρῶτον</span> 
     </span>
    </p>
   </div>
   <div class='ocr_carea' id='block_1_40' title="bbox 428 2350 2003 2436">
    <p class='ocr_par' dir='ltr' id='par_1_40' title="bbox 428 2350 2003 2436">
     <span class='ocr_line' id='line_1_40' title="bbox 428 2350 2003 2436; baseline 0.009 -32"><span class='ocrx_word' id='word_1_279' title='bbox 428 2354 526 2424; x_wconf 78' lang='grc' dir='ltr'>μὲν</span> <span class='ocrx_word' id='word_1_280' title='bbox 553 2350 644 2408; x_wconf 78' lang='grc' dir='ltr'>οὗν</span> <span class='ocrx_word' id='word_1_281' title='bbox 669 2355 765 2426; x_wconf 81' lang='grc' dir='ltr'>τὴν</span> <span class='ocrx_word' id='word_1_282' title='bbox 781 2356 1037 2412; x_wconf 85' lang='grc' dir='ltr'>Θεοτόκον</span> <span class='ocrx_word' id='word_1_283' title='bbox 1062 2361 1160 2430; x_wconf 77' lang='grc' dir='ltr'>τὴν</span> <span class='ocrx_word' id='word_1_284' title='bbox 1185 2361 1350 2414; x_wconf 75' lang='grc' dir='ltr'>αὐτοῦ</span> <span class='ocrx_word' id='word_1_285' title='bbox 1379 2361 1470 2414; x_wconf 83' lang='grc' dir='ltr'>τοῦ</span> <span class='ocrx_word' id='word_1_286' title='bbox 1489 2363 1739 2432; x_wconf 82' lang='grc' dir='ltr'>Σωτῆρος</span> <span class='ocrx_word' id='word_1_287' title='bbox 1769 2365 2003 2436; x_wconf 83' lang='grc' dir='ltr'>μητέρα⁶</span> 
     </span>
    </p>
   </div>
   <div class='ocr_carea' id='block_1_41' title="bbox 419 2443 2004 2526">
    <p class='ocr_par' dir='ltr' id='par_1_41' title="bbox 419 2443 2004 2526">
     <span class='ocr_line' id='line_1_41' title="bbox 419 2443 2004 2526; baseline 0.007 -29"><span class='ocrx_word' id='word_1_288' title='bbox 419 2443 680 2516; x_wconf 76' lang='grc' dir='ltr'>δευτέραν</span> <span class='ocrx_word' id='word_1_289' title='bbox 729 2447 785 2500; x_wconf 84' lang='grc' dir='ltr'><strong>δὲ</strong></span> <span class='ocrx_word' id='word_1_290' title='bbox 843 2449 942 2520; x_wconf 87' lang='grc' dir='ltr'>τὴν</span> <span class='ocrx_word' id='word_1_291' title='bbox 987 2450 1190 2522; x_wconf 83' lang='grc' dir='ltr'>ταύτης</span> <span class='ocrx_word' id='word_1_292' title='bbox 1235 2452 1467 2524; x_wconf 76' lang='grc' dir='ltr'>ἀδελφὴν</span> <span class='ocrx_word' id='word_1_293' title='bbox 1514 2455 1750 2524; x_wconf 91' lang='grc' dir='ltr'>Μαρίαν,</span> <span class='ocrx_word' id='word_1_294' title='bbox 1776 2455 1873 2526; x_wconf 81' lang='grc' dir='ltr'><strong>τὴν</strong></span> <span class='ocrx_word' id='word_1_295' title='bbox 1910 2455 2004 2510; x_wconf 76' lang='grc' dir='ltr'>τοῦ</span> 
     </span>
    </p>
   </div>
   <div class='ocr_carea' id='block_1_42' title="bbox 427 2535 2008 2618">
    <p class='ocr_par' dir='ltr' id='par_1_42' title="bbox 427 2535 2008 2618">
     <span class='ocr_line' id='line_1_42' title="bbox 427 2535 2008 2618; baseline 0.008 -30"><span class='ocrx_word' id='word_1_296' title='bbox 427 2535 669 2591; x_wconf 69' lang='grc' dir='ltr'>Κλωπᾶν</span> <span class='ocrx_word' id='word_1_297' title='bbox 687 2535 805 2594; x_wconf 76' lang='grc' dir='ltr'>εἶτα</span> <span class='ocrx_word' id='word_1_298' title='bbox 828 2541 1018 2613; x_wconf 79' lang='grc' dir='ltr'>τρίτην</span> <span class='ocrx_word' id='word_1_299' title='bbox 1038 2545 1256 2614; x_wconf 88' lang='grc' dir='ltr'>Μαρίαν</span> <span class='ocrx_word' id='word_1_300' title='bbox 1278 2545 1374 2615; x_wconf 81' lang='grc' dir='ltr'><strong>τὴν</strong></span> <span class='ocrx_word' id='word_1_301' title='bbox 1395 2546 1778 2618; x_wconf 69' lang='grc' dir='ltr'>Μαγδαληνήνσ</span> <span class='ocrx_word' id='word_1_302' title='bbox 1807 2548 1900 2600; x_wconf 73' lang='grc' dir='ltr'><strong>καὶ</strong></span> <span class='ocrx_word' id='word_1_303' title='bbox 1921 2565 2008 2600; x_wconf 88' lang='grc' dir='ltr'>τε-</span> 
     </span>
    </p>
   </div>
   <div class='ocr_carea' id='block_1_43' title="bbox 424 2631 2008 2709">
    <p class='ocr_par' dir='ltr' id='par_1_43' title="bbox 424 2631 2008 2709">
     <span class='ocr_line' id='line_1_43' title="bbox 424 2631 2008 2709; baseline 0.006 -26"><span class='ocrx_word' id='word_1_304' title='bbox 424 2631 628 2701; x_wconf 82' lang='grc' dir='ltr'>τάρτην</span> <span class='ocrx_word' id='word_1_305' title='bbox 667 2633 765 2704; x_wconf 78' lang='grc' dir='ltr'>τὴν</span> <span class='ocrx_word' id='word_1_306' title='bbox 824 2633 1083 2688; x_wconf 85' lang='grc' dir='ltr'>Ἰακώϐου</span> <span class='ocrx_word' id='word_1_307' title='bbox 1124 2636 1218 2688; x_wconf 79' lang='grc' dir='ltr'><strong>καὶ</strong></span> <span class='ocrx_word' id='word_1_308' title='bbox 1257 2636 1451 2708; x_wconf 79' lang='grc' dir='ltr'>Ἰωσὴφ</span> <span class='ocrx_word' id='word_1_309' title='bbox 1499 2637 1708 2709; x_wconf 83' lang='grc' dir='ltr'>μητέρά</span> <span class='ocrx_word' id='word_1_310' title='bbox 1732 2655 1745 2668; x_wconf 91' lang='grc'><strong>·</strong></span> <span class='ocrx_word' id='word_1_311' title='bbox 1777 2638 2008 2693; x_wconf 77' lang='grc' dir='ltr'>καὶτῶν</span> 
     </span>
    </p>
   </div>
   <div class='ocr_carea' id='block_1_44' title="bbox 427 2723 2002 2802">
    <p class='ocr_par' dir='ltr' id='par_1_44' title="bbox 427 2723 2002 2802">
     <span class='ocr_line' id='line_1_44' title="bbox 427 2723 2002 2802; baseline 0.005 -27"><span class='ocrx_word' id='word_1_312' title='bbox 427 2723 526 2794; x_wconf 81' lang='grc' dir='ltr'><strong>μὲν</strong></span> <span class='ocrx_word' id='word_1_313' title='bbox 553 2724 782 2795; x_wconf 87' lang='grc' dir='ltr'>πρώτων</span> <span class='ocrx_word' id='word_1_314' title='bbox 812 2726 979 2796; x_wconf 86' lang='grc' dir='ltr'>τριῶν</span> <span class='ocrx_word' id='word_1_315' title='bbox 1015 2728 1243 2800; x_wconf 72' lang='grc' dir='ltr'>Μαρεῶν</span> <span class='ocrx_word' id='word_1_316' title='bbox 1285 2730 1692 2799; x_wconf 82' lang='grc' dir='ltr'>ἐμνημόνευσεν</span> <span class='ocrx_word' id='word_1_317' title='bbox 1751 2731 2002 2802; x_wconf 83' lang='grc' dir='ltr'>Ἰωάννης</span> 
     </span>
    </p>
   </div>
   <div class='ocr_carea' id='block_1_45' title="bbox 424 2815 2001 2892">
    <p class='ocr_par' dir='ltr' id='par_1_45' title="bbox 424 2815 2001 2892">
     <span class='ocr_line' id='line_1_45' title="bbox 424 2815 2001 2892; baseline 0.004 -24"><span class='ocrx_word' id='word_1_318' title='bbox 424 2815 595 2884; x_wconf 81' lang='grc' dir='ltr'>λέγων</span> <span class='ocrx_word' id='word_1_319' title='bbox 621 2815 814 2882; x_wconf 78' lang='grc' dir='ltr'>οὕτως·</span> <span class='ocrx_word' id='word_1_320' title='bbox 845 2838 864 2870; x_wconf 74' lang='grc' dir='ltr'><strong>σ</strong></span> <span class='ocrx_word' id='word_1_321' title='bbox 898 2820 1259 2890; x_wconf 81' lang='grc' dir='ltr'>Εἱστήκεισαν</span> <span class='ocrx_word' id='word_1_322' title='bbox 1291 2821 1347 2872; x_wconf 83' lang='grc' dir='ltr'><strong>δὲ</strong></span> <span class='ocrx_word' id='word_1_323' title='bbox 1376 2821 1524 2892; x_wconf 74' lang='grc' dir='ltr'>παρὰ</span> <span class='ocrx_word' id='word_1_324' title='bbox 1552 2821 1630 2892; x_wconf 83' lang='grc' dir='ltr'><strong>τῷ</strong></span> <span class='ocrx_word' id='word_1_325' title='bbox 1669 2821 1883 2892; x_wconf 86' lang='grc' dir='ltr'>σταυρῷ</span> <span class='ocrx_word' id='word_1_326' title='bbox 1908 2822 2001 2876; x_wconf 73' lang='grc' dir='ltr'>τοῦ</span> 
     </span>
    </p>
   </div>
   <div class='ocr_carea' id='block_1_46' title="bbox 436 2909 2003 2986">
    <p class='ocr_par' dir='ltr' id='par_1_46' title="bbox 436 2909 2003 2986">
     <span class='ocr_line' id='line_1_46' title="bbox 436 2909 2003 2986; baseline 0.003 -25"><span class='ocrx_word' id='word_1_327' title='bbox 436 2909 610 2980; x_wconf 79' lang='grc' dir='ltr'><strong>Ἰησοῦ</strong></span> <span class='ocrx_word' id='word_1_328' title='bbox 644 2913 678 2980; x_wconf 84' lang='grc' dir='ltr'>ή</span> <span class='ocrx_word' id='word_1_329' title='bbox 709 2913 890 2984; x_wconf 82' lang='grc' dir='ltr'>μήτηρ</span> <span class='ocrx_word' id='word_1_330' title='bbox 912 2913 1099 2977; x_wconf 73' lang='grc' dir='ltr'>αὐτοῦ,</span> <span class='ocrx_word' id='word_1_331' title='bbox 1121 2915 1216 2966; x_wconf 74' lang='grc' dir='ltr'><strong>καὶ</strong></span> <span class='ocrx_word' id='word_1_332' title='bbox 1243 2916 1274 2984; x_wconf 76' lang='grc' dir='ltr'>ἡ</span> <span class='ocrx_word' id='word_1_333' title='bbox 1309 2914 1511 2986; x_wconf 68' lang='grc' dir='ltr'>ἀδελφὴ</span> <span class='ocrx_word' id='word_1_334' title='bbox 1541 2914 1640 2984; x_wconf 81' lang='grc' dir='ltr'>τῆς</span> <span class='ocrx_word' id='word_1_335' title='bbox 1665 2915 1871 2985; x_wconf 78' lang='grc' dir='ltr'>μητρὸς</span> <span class='ocrx_word' id='word_1_336' title='bbox 1904 2915 2003 2968; x_wconf 83' lang='grc' dir='ltr'>αύ-</span> 
     </span>
    </p>
   </div>
   <div class='ocr_carea' id='block_1_47' title="bbox 421 3000 1997 3076">
    <p class='ocr_par' dir='ltr' id='par_1_47' title="bbox 421 3000 1997 3076">
     <span class='ocr_line' id='line_1_47' title="bbox 421 3000 1997 3076; baseline 0.005 -26"><span class='ocrx_word' id='word_1_337' title='bbox 421 3000 517 3054; x_wconf 78' lang='grc' dir='ltr'>τοῦ</span> <span class='ocrx_word' id='word_1_338' title='bbox 548 3001 788 3070; x_wconf 83' lang='grc' dir='ltr'>Μαρίαή</span> <span class='ocrx_word' id='word_1_339' title='bbox 821 3002 913 3055; x_wconf 76' lang='grc' dir='ltr'>τοῦ</span> <span class='ocrx_word' id='word_1_340' title='bbox 939 3004 1167 3066; x_wconf 82' lang='grc' dir='ltr'>Κλωπᾶ,</span> <span class='ocrx_word' id='word_1_341' title='bbox 1193 3005 1285 3057; x_wconf 73' lang='grc' dir='ltr'>καὶ</span> <span class='ocrx_word' id='word_1_342' title='bbox 1317 3005 1502 3073; x_wconf 89' lang='grc' dir='ltr'>Μαρία</span> <span class='ocrx_word' id='word_1_343' title='bbox 1536 3007 1568 3076; x_wconf 83' lang='grc' dir='ltr'>ἡ</span> <span class='ocrx_word' id='word_1_344' title='bbox 1598 3004 1948 3076; x_wconf 85' lang='grc' dir='ltr'>Μαγδαληνή.</span> <span class='ocrx_word' id='word_1_345' title='bbox 1978 3025 1997 3057; x_wconf 73' lang='grc' dir='ltr'><strong><em>ι</em></strong></span> 
     </span>
    </p>
   </div>
   <div class='ocr_carea' id='block_1_48' title="bbox 422 3093 2002 3168">
    <p class='ocr_par' dir='ltr' id='par_1_48' title="bbox 422 3093 2002 3168">
     <span class='ocr_line' id='line_1_48' title="bbox 422 3093 2002 3168; baseline 0.004 -24"><span class='ocrx_word' id='word_1_346' title='bbox 422 3093 534 3163; x_wconf 85' lang='grc' dir='ltr'><strong>Τῆς</strong></span> <span class='ocrx_word' id='word_1_347' title='bbox 565 3093 623 3146; x_wconf 84' lang='grc' dir='ltr'><strong>δὲ</strong></span> <span class='ocrx_word' id='word_1_348' title='bbox 659 3093 926 3166; x_wconf 84' lang='grc' dir='ltr'>τετάρτης</span> <span class='ocrx_word' id='word_1_349' title='bbox 969 3096 1077 3165; x_wconf 73' lang='grc'><strong>(54)</strong></span> <span class='ocrx_word' id='word_1_350' title='bbox 1103 3095 1322 3167; x_wconf 90' lang='grc' dir='ltr'>Μαρίας</span> <span class='ocrx_word' id='word_1_351' title='bbox 1353 3095 1454 3166; x_wconf 81' lang='grc' dir='ltr'>τῆς</span> <span class='ocrx_word' id='word_1_352' title='bbox 1498 3097 1702 3168; x_wconf 86' lang='grc' dir='ltr'>μητρὸς</span> <span class='ocrx_word' id='word_1_353' title='bbox 1746 3095 2002 3150; x_wconf 85' lang='grc' dir='ltr'>Ἰακώϐου</span> 
     </span>
    </p>
   </div>
   <div class='ocr_carea' id='block_1_49' title="bbox 2111 1979 3684 2061">
    <p class='ocr_par' dir='ltr' id='par_1_49' title="bbox 2111 1979 3684 2061">
     <span class='ocr_line' id='line_1_49' title="bbox 2111 1979 3684 2061; baseline 0.006 -26"><span class='ocrx_word' id='word_1_354' title='bbox 2111 1979 2503 2044; x_wconf 84' lang='lat' dir='ltr'><strong>diilicultatem,</strong></span> <span class='ocrx_word' id='word_1_355' title='bbox 2541 1980 2588 2034; x_wconf 92' lang='lat' dir='ltr'><strong>si</strong></span> <span class='ocrx_word' id='word_1_356' title='bbox 2623 1981 2758 2036; x_wconf 87' lang='lat' dir='ltr'><strong>alias</strong></span> <span class='ocrx_word' id='word_1_357' title='bbox 2801 1998 2923 2038; x_wconf 89' lang='lat' dir='ltr'><strong>esse</strong></span> <span class='ocrx_word' id='word_1_358' title='bbox 2957 1987 3238 2054; x_wconf 85' lang='lat' dir='ltr'><strong>putaveris</strong></span> <span class='ocrx_word' id='word_1_359' title='bbox 3288 1987 3512 2054; x_wconf 87' lang='lat' dir='ltr'><strong>Marias,</strong></span> <span class='ocrx_word' id='word_1_360' title='bbox 3564 2006 3684 2061; x_wconf 63' lang='lat' dir='ltr'><strong>qua:</strong></span> 
     </span>
    </p>
   </div>
   <div class='ocr_carea' id='block_1_50' title="bbox 2110 2071 3679 2147">
    <p class='ocr_par' dir='ltr' id='par_1_50' title="bbox 2110 2071 3679 2147">
     <span class='ocr_line' id='line_1_50' title="bbox 2110 2071 3679 2147; baseline 0.007 -22"><span class='ocrx_word' id='word_1_361' title='bbox 2110 2072 2251 2142; x_wconf 88' lang='lat' dir='ltr'><strong>apud</strong></span> <span class='ocrx_word' id='word_1_362' title='bbox 2283 2071 2618 2136; x_wconf 64' lang='lat' dir='ltr'><strong>Matthazum,</strong></span> <span class='ocrx_word' id='word_1_363' title='bbox 2652 2072 2812 2127; x_wconf 89' lang='lat' dir='ltr'><strong>aliam</strong></span> <span class='ocrx_word' id='word_1_364' title='bbox 2848 2089 3042 2130; x_wconf 90' lang='lat' dir='ltr'><strong>rursus</strong></span> <span class='ocrx_word' id='word_1_365' title='bbox 3075 2091 3197 2146; x_wconf 67' lang='lat' dir='ltr'><strong>quae</strong></span> <span class='ocrx_word' id='word_1_366' title='bbox 3229 2077 3368 2147; x_wconf 89' lang='lat' dir='ltr'><strong>apud</strong></span> <span class='ocrx_word' id='word_1_367' title='bbox 3391 2078 3679 2140; x_wconf 80' lang='lat' dir='ltr'><strong>Joannem.</strong></span> 
     </span>
    </p>
   </div>
   <div class='ocr_carea' id='block_1_51' title="bbox 2108 2163 3682 2242">
    <p class='ocr_par' dir='ltr' id='par_1_51' title="bbox 2108 2163 3682 2242">
     <span class='ocr_line' id='line_1_51' title="bbox 2108 2163 3682 2242; baseline 0.006 -24"><span class='ocrx_word' id='word_1_368' title='bbox 2108 2163 2245 2219; x_wconf 82' lang='lat' dir='ltr'><strong>Nam</strong></span> <span class='ocrx_word' id='word_1_369' title='bbox 2297 2172 2532 2234; x_wconf 87' lang='lat' dir='ltr'><strong>quatuor</strong></span> <span class='ocrx_word' id='word_1_370' title='bbox 2580 2165 2801 2220; x_wconf 88' lang='lat' dir='ltr'><strong>omnino</strong></span> <span class='ocrx_word' id='word_1_371' title='bbox 2841 2165 3041 2222; x_wconf 83' lang='lat' dir='ltr'><strong>Marias</strong></span> <span class='ocrx_word' id='word_1_372' title='bbox 3091 2167 3400 2226; x_wconf 86' lang='lat' dir='ltr'><strong>Servatoris</strong></span> <span class='ocrx_word' id='word_1_373' title='bbox 3437 2173 3682 2242; x_wconf 90' lang='lat' dir='ltr'><strong>passioni</strong></span> 
     </span>
    </p>
   </div>
   <div class='ocr_carea' id='block_1_52' title="bbox 2108 2257 3682 2333">
    <p class='ocr_par' dir='ltr' id='par_1_52' title="bbox 2108 2257 3682 2333">
     <span class='ocr_line' id='line_1_52' title="bbox 2108 2257 3682 2333; baseline 0.005 -21"><span class='ocrx_word' id='word_1_374' title='bbox 2108 2273 2231 2312; x_wconf 93' lang='lat' dir='ltr'><strong>cum</strong></span> <span class='ocrx_word' id='word_1_375' title='bbox 2262 2259 2383 2314; x_wconf 88' lang='lat' dir='ltr'><strong>aliis</strong></span> <span class='ocrx_word' id='word_1_376' title='bbox 2419 2257 2638 2314; x_wconf 81' lang='lat' dir='ltr'><strong>feminis</strong></span> <span class='ocrx_word' id='word_1_377' title='bbox 2671 2271 2965 2328; x_wconf 73' lang='lat' dir='ltr'><strong>przcsentes</strong></span> <span class='ocrx_word' id='word_1_378' title='bbox 2999 2264 3412 2333; x_wconf 40' lang='lat' dir='ltr'><strong>comperimus;</strong></span> <span class='ocrx_word' id='word_1_379' title='bbox 3445 2263 3682 2322; x_wconf 88' lang='lat' dir='ltr'><strong>Primam</strong></span> 
     </span>
    </p>
   </div>
   <div class='ocr_carea' id='block_1_53' title="bbox 2110 2350 3680 2425">
    <p class='ocr_par' dir='ltr' id='par_1_53' title="bbox 2110 2350 3680 2425">
     <span class='ocr_line' id='line_1_53' title="bbox 2110 2350 3680 2425; baseline 0.004 -19"><span class='ocrx_word' id='word_1_380' title='bbox 2110 2352 2280 2422; x_wconf 90' lang='lat' dir='ltr'><strong>ipsam</strong></span> <span class='ocrx_word' id='word_1_381' title='bbox 2343 2350 2628 2421; x_wconf 88' lang='lat' dir='ltr'><strong>Deiparam</strong></span> <span class='ocrx_word' id='word_1_382' title='bbox 2688 2351 2996 2410; x_wconf 77' lang='lat' dir='ltr'><strong>Servatoris</strong></span> <span class='ocrx_word' id='word_1_383' title='bbox 3041 2367 3314 2425; x_wconf 86' lang='lat' dir='ltr'><strong>matrem;</strong></span> <span class='ocrx_word' id='word_1_384' title='bbox 3386 2359 3680 2413; x_wconf 82' lang='lat' dir='ltr'><strong>secundam</strong></span> 
     </span>
    </p>
   </div>
   <div class='ocr_carea' id='block_1_54' title="bbox 2108 2443 3678 2517">
    <p class='ocr_par' dir='ltr' id='par_1_54' title="bbox 2108 2443 3678 2517">
     <span class='ocr_line' id='line_1_54' title="bbox 2108 2443 3678 2517; baseline 0.004 -19"><span class='ocrx_word' id='word_1_385' title='bbox 2108 2444 2272 2513; x_wconf 88' lang='lat' dir='ltr'><strong>hujus</strong></span> <span class='ocrx_word' id='word_1_386' title='bbox 2301 2459 2543 2499; x_wconf 90' lang='lat' dir='ltr'><strong>sororem</strong></span> <span class='ocrx_word' id='word_1_387' title='bbox 2603 2443 2827 2498; x_wconf 85' lang='lat' dir='ltr'><strong>Mariam</strong></span> <span class='ocrx_word' id='word_1_388' title='bbox 2869 2446 3123 2517; x_wconf 73' lang='lat' dir='ltr'><strong>Cle0pte;</strong></span> <span class='ocrx_word' id='word_1_389' title='bbox 3183 2449 3396 2503; x_wconf 87' lang='lat' dir='ltr'><strong>tertiam</strong></span> <span class='ocrx_word' id='word_1_390' title='bbox 3453 2448 3678 2504; x_wconf 82' lang='lat' dir='ltr'><strong>Mariam</strong></span> 
     </span>
    </p>
   </div>
   <div class='ocr_carea' id='block_1_55' title="bbox 2108 2535 3675 2610">
    <p class='ocr_par' dir='ltr' id='par_1_55' title="bbox 2108 2535 3675 2610">
     <span class='ocr_line' id='line_1_55' title="bbox 2108 2535 3675 2610; baseline 0.003 -21"><span class='ocrx_word' id='word_1_391' title='bbox 2108 2535 2475 2606; x_wconf 80' lang='lat' dir='ltr'><strong>Magdalenam</strong></span> <span class='ocrx_word' id='word_1_392' title='bbox 2510 2554 2524 2602; x_wconf 89' lang='lat'><strong>;</strong></span> <span class='ocrx_word' id='word_1_393' title='bbox 2562 2543 2812 2604; x_wconf 87' lang='lat' dir='ltr'><strong>quartam</strong></span> <span class='ocrx_word' id='word_1_394' title='bbox 2840 2535 3027 2591; x_wconf 81' lang='lat' dir='ltr'><strong>Jacobi</strong></span> <span class='ocrx_word' id='word_1_395' title='bbox 3073 2546 3128 2592; x_wconf 89' lang='lat' dir='ltr'><strong>et</strong></span> <span class='ocrx_word' id='word_1_396' title='bbox 3166 2537 3388 2610; x_wconf 91' lang='lat' dir='ltr'><strong>Josepbi</strong></span> <span class='ocrx_word' id='word_1_397' title='bbox 3423 2548 3675 2599; x_wconf 87' lang='lat' dir='ltr'><strong>matrem.</strong></span> 
     </span>
    </p>
   </div>
   <div class='ocr_carea' id='block_1_56' title="bbox 2106 2625 3680 2687">
    <p class='ocr_par' dir='ltr' id='par_1_56' title="bbox 2106 2625 3680 2687">
     <span class='ocr_line' id='line_1_56' title="bbox 2106 2625 3680 2687; baseline 0.004 -8"><span class='ocrx_word' id='word_1_398' title='bbox 2106 2625 2355 2680; x_wconf 88' lang='lat' dir='ltr'><strong>Priorum</strong></span> <span class='ocrx_word' id='word_1_399' title='bbox 2385 2627 2546 2680; x_wconf 90' lang='lat' dir='ltr'><strong>trium</strong></span> <span class='ocrx_word' id='word_1_400' title='bbox 2578 2625 2871 2680; x_wconf 86' lang='lat' dir='ltr'><strong>Mariarum</strong></span> <span class='ocrx_word' id='word_1_401' title='bbox 2892 2629 3138 2684; x_wconf 91' lang='lat' dir='ltr'><strong>meminit</strong></span> <span class='ocrx_word' id='word_1_402' title='bbox 3166 2628 3404 2686; x_wconf 83' lang='lat' dir='ltr'><strong>Joannes</strong></span> <span class='ocrx_word' id='word_1_403' title='bbox 3431 2632 3515 2687; x_wconf 89' lang='lat' dir='ltr'><strong>his</strong></span> <span class='ocrx_word' id='word_1_404' title='bbox 3557 2647 3680 2686; x_wconf 78' lang='lat' dir='ltr'><strong>ver-</strong></span> 
     </span>
    </p>
   </div>
   <div class='ocr_carea' id='block_1_57' title="bbox 2105 2717 3680 2787">
    <p class='ocr_par' dir='ltr' id='par_1_57' title="bbox 2105 2717 3680 2787">
     <span class='ocr_line' id='line_1_57' title="bbox 2105 2717 3680 2787; baseline 0.001 -14"><span class='ocrx_word' id='word_1_405' title='bbox 2105 2718 2236 2773; x_wconf 85' lang='lat' dir='ltr'><strong>bis:</strong></span> <span class='ocrx_word' id='word_1_406' title='bbox 2277 2737 2294 2770; x_wconf 79' lang='grc'><strong>(</strong></span> <span class='ocrx_word' id='word_1_407' title='bbox 2345 2717 2582 2772; x_wconf 88' lang='lat' dir='ltr'><strong>Stabant</strong></span> <span class='ocrx_word' id='word_1_408' title='bbox 2636 2726 2816 2773; x_wconf 91' lang='lat' dir='ltr'><strong>autem</strong></span> <span class='ocrx_word' id='word_1_409' title='bbox 2866 2719 3020 2787; x_wconf 80' lang='lat' dir='ltr'><strong>juxta</strong></span> <span class='ocrx_word' id='word_1_410' title='bbox 3075 2736 3292 2776; x_wconf 89' lang='lat' dir='ltr'><strong>crucem</strong></span> <span class='ocrx_word' id='word_1_411' title='bbox 3341 2719 3472 2778; x_wconf 88' lang='lat' dir='ltr'><strong>Jesu</strong></span> <span class='ocrx_word' id='word_1_412' title='bbox 3505 2731 3680 2777; x_wconf 87' lang='lat' dir='ltr'><strong>mater</strong></span> 
     </span>
    </p>
   </div>
   <div class='ocr_carea' id='block_1_58' title="bbox 2105 2808 3678 2881">
    <p class='ocr_par' dir='ltr' id='par_1_58' title="bbox 2105 2808 3678 2881">
     <span class='ocr_line' id='line_1_58' title="bbox 2105 2808 3678 2881; baseline 0.002 -20"><span class='ocrx_word' id='word_1_413' title='bbox 2105 2808 2245 2877; x_wconf 82' lang='lat' dir='ltr'><strong>ejus,</strong></span> <span class='ocrx_word' id='word_1_414' title='bbox 2283 2817 2336 2862; x_wconf 94' lang='lat' dir='ltr'><strong>et</strong></span> <span class='ocrx_word' id='word_1_415' title='bbox 2362 2823 2522 2862; x_wconf 89' lang='lat' dir='ltr'><strong>soror</strong></span> <span class='ocrx_word' id='word_1_416' title='bbox 2552 2809 2744 2862; x_wconf 90' lang='lat' dir='ltr'><strong>matris</strong></span> <span class='ocrx_word' id='word_1_417' title='bbox 2767 2810 2891 2878; x_wconf 86' lang='lat' dir='ltr'><strong>ejus</strong></span> <span class='ocrx_word' id='word_1_418' title='bbox 2926 2810 3096 2864; x_wconf 84' lang='lat' dir='ltr'><strong>Maria</strong></span> <span class='ocrx_word' id='word_1_419' title='bbox 3127 2810 3360 2881; x_wconf 68' lang='lat' dir='ltr'><strong>Cleopae,</strong></span> <span class='ocrx_word' id='word_1_420' title='bbox 3399 2821 3454 2866; x_wconf 92' lang='lat' dir='ltr'><strong>et</strong></span> <span class='ocrx_word' id='word_1_421' title='bbox 3507 2810 3678 2865; x_wconf 87' lang='lat' dir='ltr'><strong>Maria</strong></span> 
     </span>
    </p>
   </div>
   <div class='ocr_carea' id='block_1_59' title="bbox 2107 2897 3676 2972">
    <p class='ocr_par' dir='ltr' id='par_1_59' title="bbox 2107 2897 3676 2972">
     <span class='ocr_line' id='line_1_59' title="bbox 2107 2897 3676 2972; baseline 0.001 -20"><span class='ocrx_word' id='word_1_422' title='bbox 2107 2899 2448 2970; x_wconf 76' lang='lat' dir='ltr'><strong>Magdalena.</strong></span> <span class='ocrx_word' id='word_1_423' title='bbox 2503 2919 2520 2952; x_wconf 85' lang='grc'>›</span> <span class='ocrx_word' id='word_1_424' title='bbox 2559 2897 2782 2964; x_wconf 63' lang='lat' dir='ltr'><strong>Quartae</strong></span> <span class='ocrx_word' id='word_1_425' title='bbox 2812 2916 2942 2956; x_wconf 77' lang='lat' dir='ltr'><strong>vero</strong></span> <span class='ocrx_word' id='word_1_426' title='bbox 2974 2900 3178 2966; x_wconf 61' lang='lat' dir='ltr'><strong>illarim,</strong></span> <span class='ocrx_word' id='word_1_427' title='bbox 3218 2903 3406 2956; x_wconf 86' lang='lat' dir='ltr'><strong>matris</strong></span> <span class='ocrx_word' id='word_1_428' title='bbox 3454 2900 3676 2972; x_wconf 68' lang='lat' dir='ltr'><strong>Josepbi</strong></span> 
     </span>
    </p>
   </div>
   <div class='ocr_carea' id='block_1_60' title="bbox 2105 2991 3676 3065">
    <p class='ocr_par' dir='ltr' id='par_1_60' title="bbox 2105 2991 3676 3065">
     <span class='ocr_line' id='line_1_60' title="bbox 2105 2991 3676 3065; baseline 0.001 -20"><span class='ocrx_word' id='word_1_429' title='bbox 2105 2998 2158 3045; x_wconf 75' lang='lat' dir='ltr'><strong>et</strong></span> <span class='ocrx_word' id='word_1_430' title='bbox 2186 2991 2399 3056; x_wconf 84' lang='lat' dir='ltr'><strong>Jacobi,</strong></span> <span class='ocrx_word' id='word_1_431' title='bbox 2432 2991 2625 3059; x_wconf 90' lang='lat' dir='ltr'><strong>reliqui</strong></span> <span class='ocrx_word' id='word_1_432' title='bbox 2652 2997 2765 3046; x_wconf 88' lang='lat' dir='ltr'><strong>tres</strong></span> <span class='ocrx_word' id='word_1_433' title='bbox 2795 2993 3166 3047; x_wconf 89' lang='lat' dir='ltr'><strong>meminerunt</strong></span> <span class='ocrx_word' id='word_1_434' title='bbox 3195 2994 3562 3065; x_wconf 58' lang='lat' dir='ltr'><strong>evangelista,</strong></span> <span class='ocrx_word' id='word_1_435' title='bbox 3583 2994 3676 3064; x_wconf 90' lang='lat' dir='ltr'><strong>qui</strong></span> 
     </span>
    </p>
   </div>
   <div class='ocr_carea' id='block_1_61' title="bbox 2106 3082 3672 3156">
    <p class='ocr_par' dir='ltr' id='par_1_61' title="bbox 2106 3082 3672 3156">
     <span class='ocr_line' id='line_1_61' title="bbox 2106 3082 3672 3156; baseline 0.003 -19"><span class='ocrx_word' id='word_1_436' title='bbox 2106 3085 2248 3138; x_wconf 85' lang='lat' dir='ltr'><strong>hanc</strong></span> <span class='ocrx_word' id='word_1_437' title='bbox 2282 3082 2615 3153; x_wconf 66' lang='lat' dir='ltr'><strong>Magdalenen</strong></span> <span class='ocrx_word' id='word_1_438' title='bbox 2665 3082 2901 3138; x_wconf 88' lang='lat' dir='ltr'><strong>addunt.</strong></span> <span class='ocrx_word' id='word_1_439' title='bbox 2950 3084 3241 3140; x_wconf 72' lang='lat' dir='ltr'><strong>Matthazus</strong></span> <span class='ocrx_word' id='word_1_440' title='bbox 3274 3086 3490 3156; x_wconf 88' lang='lat' dir='ltr'><strong>quidem</strong></span> <span class='ocrx_word' id='word_1_441' title='bbox 3544 3087 3624 3141; x_wconf 86' lang='lat' dir='ltr'><strong>sic</strong></span> <span class='ocrx_word' id='word_1_442' title='bbox 3661 3106 3672 3141; x_wconf 93' lang='lat'>:</span> 
     </span>
    </p>
   </div>
   <div class='ocr_carea' id='block_1_62' title="bbox 422 3175 1999 3272">
    <p class='ocr_par' dir='ltr' id='par_1_62' title="bbox 422 3182 1999 3258">
     <span class='ocr_line' id='line_1_62' title="bbox 422 3182 1999 3258; baseline 0.003 -22"><span class='ocrx_word' id='word_1_443' title='bbox 422 3182 516 3236; x_wconf 72' lang='lat' dir='ltr'><strong>xui.</strong></span> <span class='ocrx_word' id='word_1_444' title='bbox 562 3183 780 3255; x_wconf 82' lang='grc' dir='ltr'>Ἰωσὴφ,</span> <span class='ocrx_word' id='word_1_445' title='bbox 809 3187 856 3238; x_wconf 84' lang='grc' dir='ltr'>οἱ</span> <span class='ocrx_word' id='word_1_446' title='bbox 885 3185 1061 3239; x_wconf 77' lang='grc' dir='ltr'>λοιποὶ</span> <span class='ocrx_word' id='word_1_447' title='bbox 1091 3189 1240 3257; x_wconf 86' lang='grc' dir='ltr'>τρεῖς</span> <span class='ocrx_word' id='word_1_448' title='bbox 1273 3187 1688 3258; x_wconf 78' lang='grc' dir='ltr'>ἐμνημόνευσαν</span> <span class='ocrx_word' id='word_1_449' title='bbox 1723 3187 1999 3257; x_wconf 81' lang='grc' dir='ltr'>εὐαγγελι-</span> 
     </span>
    </p>
   </div>
   <div class='ocr_carea' id='block_1_63' title="bbox 2102 3175 3677 3272">
    <p class='ocr_par' dir='ltr' id='par_1_63' title="bbox 2113 3175 3677 3249">
     <span class='ocr_line' id='line_1_63' title="bbox 2113 3175 3677 3249; baseline 0.002 -20"><span class='ocrx_word' id='word_1_450' title='bbox 2113 3196 2134 3228; x_wconf 75' lang='grc' dir='ltr'><strong>ι</strong></span> <span class='ocrx_word' id='word_1_451' title='bbox 2175 3176 2340 3232; x_wconf 89' lang='lat' dir='ltr'><strong>Erant</strong></span> <span class='ocrx_word' id='word_1_452' title='bbox 2369 3185 2548 3234; x_wconf 88' lang='lat' dir='ltr'><strong>autem</strong></span> <span class='ocrx_word' id='word_1_453' title='bbox 2580 3175 2654 3232; x_wconf 88' lang='lat' dir='ltr'><strong>ibi</strong></span> <span class='ocrx_word' id='word_1_454' title='bbox 2691 3178 2951 3233; x_wconf 89' lang='lat' dir='ltr'><strong>mulieres</strong></span> <span class='ocrx_word' id='word_1_455' title='bbox 2984 3179 3168 3233; x_wconf 71' lang='lat' dir='ltr'><strong>multa:</strong></span> <span class='ocrx_word' id='word_1_456' title='bbox 3198 3178 3388 3248; x_wconf 90' lang='lat' dir='ltr'><strong>procul</strong></span> <span class='ocrx_word' id='word_1_457' title='bbox 3421 3187 3677 3249; x_wconf 80' lang='lat' dir='ltr'><strong>spectan-</strong></span> 
     </span>
    </p>
   </div>
   <div class='ocr_carea' id='block_1_64' title="bbox 421 3274 1996 3350">
    <p class='ocr_par' dir='ltr' id='par_1_64' title="bbox 421 3274 1996 3350">
     <span class='ocr_line' id='line_1_64' title="bbox 421 3274 1996 3350; baseline 0.001 -24"><span class='ocrx_word' id='word_1_458' title='bbox 421 3274 563 3337; x_wconf 74' lang='grc' dir='ltr'>σταὶ,</span> <span class='ocrx_word' id='word_1_459' title='bbox 621 3275 1142 3350; x_wconf 83' lang='grc' dir='ltr'>συμπαραλαϐόντες</span> <span class='ocrx_word' id='word_1_460' title='bbox 1177 3279 1244 3347; x_wconf 81' lang='grc' dir='ltr'>τῇ</span> <span class='ocrx_word' id='word_1_461' title='bbox 1291 3275 1620 3348; x_wconf 82' lang='grc' dir='ltr'>Μαγδαληνῇ</span> <span class='ocrx_word' id='word_1_462' title='bbox 1672 3277 1765 3330; x_wconf 71' lang='grc' dir='ltr'><strong>καὶ</strong></span> <span class='ocrx_word' id='word_1_463' title='bbox 1808 3277 1996 3347; x_wconf 72' lang='grc' dir='ltr'>αὐτήψ</span> 
     </span>
    </p>
   </div>
   <div class='ocr_carea' id='block_1_65' title="bbox 417 3363 2001 3437">
    <p class='ocr_par' dir='ltr' id='par_1_65' title="bbox 417 3363 2001 3437">
     <span class='ocr_line' id='line_1_65' title="bbox 417 3363 2001 3437; baseline -0.001 -15"><span class='ocrx_word' id='word_1_464' title='bbox 417 3364 694 3430; x_wconf 85' lang='grc' dir='ltr'>Ματθαῖος</span> <span class='ocrx_word' id='word_1_465' title='bbox 722 3366 820 3437; x_wconf 85' lang='grc' dir='ltr'><strong>μὲν</strong></span> <span class='ocrx_word' id='word_1_466' title='bbox 853 3367 1025 3430; x_wconf 76' lang='grc' dir='ltr'>οὕτως</span> <span class='ocrx_word' id='word_1_467' title='bbox 1049 3367 1239 3420; x_wconf 75' lang='grc' dir='ltr'>εἰπών’</span> <span class='ocrx_word' id='word_1_468' title='bbox 1275 3385 1292 3418; x_wconf 78' lang='grc' dir='ltr'><strong>ι</strong></span> <span class='ocrx_word' id='word_1_469' title='bbox 1325 3363 1504 3422; x_wconf 88' lang='grc' dir='ltr'>Ἦσαν</span> <span class='ocrx_word' id='word_1_470' title='bbox 1533 3367 1589 3422; x_wconf 88' lang='grc' dir='ltr'><strong>δέ</strong></span> <span class='ocrx_word' id='word_1_471' title='bbox 1611 3369 1728 3422; x_wconf 84' lang='grc' dir='ltr'>ἐκεῖ</span> <span class='ocrx_word' id='word_1_472' title='bbox 1749 3371 2001 3436; x_wconf 85' lang='grc' dir='ltr'>γυναῖκες</span> 
     </span>
    </p>
   </div>
   <div class='ocr_carea' id='block_1_66' title="bbox 418 3455 1999 3530">
    <p class='ocr_par' dir='ltr' id='par_1_66' title="bbox 418 3455 1999 3530">
     <span class='ocr_line' id='line_1_66' title="bbox 418 3455 1999 3530; baseline 0 -21"><span class='ocrx_word' id='word_1_473' title='bbox 418 3455 610 3509; x_wconf 73' lang='grc' dir='ltr'>πολλαὶ</span> <span class='ocrx_word' id='word_1_474' title='bbox 639 3457 747 3510; x_wconf 83' lang='grc' dir='ltr'>ἀπὸ</span> <span class='ocrx_word' id='word_1_475' title='bbox 773 3457 1042 3528; x_wconf 81' lang='grc' dir='ltr'>μακρόθεν</span> <span class='ocrx_word' id='word_1_476' title='bbox 1065 3456 1387 3529; x_wconf 71' lang='grc' dir='ltr'>θεωροῦσαι,</span> <span class='ocrx_word' id='word_1_477' title='bbox 1413 3459 1612 3522; x_wconf 76' lang='grc' dir='ltr'>αἵτινες</span> <span class='ocrx_word' id='word_1_478' title='bbox 1631 3458 1999 3530; x_wconf 72' lang='grc' dir='ltr'>ἠκολούθησαν</span> 
     </span>
    </p>
   </div>
   <div class='ocr_carea' id='block_1_67' title="bbox 415 3544 1996 3623">
    <p class='ocr_par' dir='ltr' id='par_1_67' title="bbox 415 3544 1996 3623">
     <span class='ocr_line' id='line_1_67' title="bbox 415 3544 1996 3623; baseline 0.001 -20"><span class='ocrx_word' id='word_1_479' title='bbox 415 3548 582 3620; x_wconf 78' lang='grc' dir='ltr'>αὐτῷ’</span> <span class='ocrx_word' id='word_1_480' title='bbox 609 3551 666 3602; x_wconf 87' lang='grc' dir='ltr'><strong>ἐν</strong></span> <span class='ocrx_word' id='word_1_481' title='bbox 694 3544 782 3613; x_wconf 77' lang='grc' dir='ltr'>αἶς</span> <span class='ocrx_word' id='word_1_482' title='bbox 811 3546 880 3621; x_wconf 81' lang='grc' dir='ltr'>ἦν</span> <span class='ocrx_word' id='word_1_483' title='bbox 922 3551 1111 3622; x_wconf 90' lang='grc' dir='ltr'>Μαρία</span> <span class='ocrx_word' id='word_1_484' title='bbox 1143 3553 1176 3621; x_wconf 83' lang='grc' dir='ltr'><strong>ἡ</strong></span> <span class='ocrx_word' id='word_1_485' title='bbox 1223 3550 1574 3623; x_wconf 82' lang='grc' dir='ltr'>Μαγδαληνὴ,</span> <span class='ocrx_word' id='word_1_486' title='bbox 1623 3552 1718 3606; x_wconf 76' lang='grc' dir='ltr'>καὶ</span> <span class='ocrx_word' id='word_1_487' title='bbox 1749 3549 1934 3622; x_wconf 90' lang='grc' dir='ltr'>Μαρία</span> <span class='ocrx_word' id='word_1_488' title='bbox 1964 3553 1996 3620; x_wconf 79' lang='grc' dir='ltr'><strong>ἡ</strong></span> 
     </span>
    </p>
   </div>
   <div class='ocr_carea' id='block_1_68' title="bbox 414 3639 1994 3712">
    <p class='ocr_par' dir='ltr' id='par_1_68' title="bbox 414 3639 1994 3712">
     <span class='ocr_line' id='line_1_68' title="bbox 414 3639 1994 3712; baseline 0 -20"><span class='ocrx_word' id='word_1_489' title='bbox 414 3639 509 3694; x_wconf 70' lang='grc' dir='ltr'>τοῦ</span> <span class='ocrx_word' id='word_1_490' title='bbox 541 3639 798 3693; x_wconf 86' lang='grc' dir='ltr'>Ἰακώϐου</span> <span class='ocrx_word' id='word_1_491' title='bbox 823 3640 918 3693; x_wconf 75' lang='grc' dir='ltr'><strong>καὶ</strong></span> <span class='ocrx_word' id='word_1_492' title='bbox 958 3640 1174 3712; x_wconf 74' lang='grc' dir='ltr'>Ἰωσὴφ,</span> <span class='ocrx_word' id='word_1_493' title='bbox 1194 3641 1249 3696; x_wconf 79' lang='grc' dir='ltr'>αἳ</span> <span class='ocrx_word' id='word_1_494' title='bbox 1271 3641 1564 3694; x_wconf 85' lang='grc' dir='ltr'>ἐθεάσαντο</span> <span class='ocrx_word' id='word_1_495' title='bbox 1584 3640 1676 3694; x_wconf 79' lang='grc' dir='ltr'><strong>τὸν</strong></span> <span class='ocrx_word' id='word_1_496' title='bbox 1701 3640 1865 3694; x_wconf 85' lang='grc' dir='ltr'>τόπον</span> <span class='ocrx_word' id='word_1_497' title='bbox 1891 3640 1994 3693; x_wconf 78' lang='grc' dir='ltr'>ποῦ</span> 
     </span>
    </p>
   </div>
   <div class='ocr_carea' id='block_1_69' title="bbox 413 3731 1998 3804">
    <p class='ocr_par' dir='ltr' id='par_1_69' title="bbox 413 3731 1998 3804">
     <span class='ocr_line' id='line_1_69' title="bbox 413 3731 1998 3804; baseline 0 -20"><span class='ocrx_word' id='word_1_498' title='bbox 413 3732 642 3786; x_wconf 81' lang='grc' dir='ltr'>τίθεται.</span> <span class='ocrx_word' id='word_1_499' title='bbox 681 3751 700 3783; x_wconf 81' lang='grc' dir='ltr'><strong><em>ι</em></strong></span> <span class='ocrx_word' id='word_1_500' title='bbox 745 3732 856 3786; x_wconf 76' lang='grc' dir='ltr'>Καὶ</span> <span class='ocrx_word' id='word_1_501' title='bbox 884 3733 913 3785; x_wconf 89' lang='grc' dir='ltr'><strong>ό</strong></span> <span class='ocrx_word' id='word_1_502' title='bbox 949 3734 1165 3797; x_wconf 78' lang='grc' dir='ltr'>Λουκᾶς</span> <span class='ocrx_word' id='word_1_503' title='bbox 1191 3733 1248 3786; x_wconf 81' lang='grc' dir='ltr'><strong>δὲ</strong></span> <span class='ocrx_word' id='word_1_504' title='bbox 1275 3733 1404 3804; x_wconf 73' lang='grc' dir='ltr'>περὶ</span> <span class='ocrx_word' id='word_1_505' title='bbox 1438 3733 1538 3803; x_wconf 85' lang='grc' dir='ltr'><strong>τῆς</strong></span> <span class='ocrx_word' id='word_1_506' title='bbox 1572 3731 1738 3802; x_wconf 82' lang='grc' dir='ltr'>ἄλλης</span> <span class='ocrx_word' id='word_1_507' title='bbox 1779 3731 1998 3800; x_wconf 87' lang='grc' dir='ltr'>Μαρίας</span> 
     </span>
    </p>
   </div>
   <div class='ocr_carea' id='block_1_70' title="bbox 2107 3269 3680 3339">
    <p class='ocr_par' dir='ltr' id='par_1_70' title="bbox 2107 3269 3680 3339">
     <span class='ocr_line' id='line_1_70' title="bbox 2107 3269 3680 3339; baseline 0.002 -17"><span class='ocrx_word' id='word_1_508' title='bbox 2107 3278 2212 3332; x_wconf 89' lang='lat' dir='ltr'><strong>tes,</strong></span> <span class='ocrx_word' id='word_1_509' title='bbox 2249 3284 2370 3339; x_wconf 80' lang='lat' dir='ltr'><strong>qua:</strong></span> <span class='ocrx_word' id='word_1_510' title='bbox 2403 3277 2606 3325; x_wconf 69' lang='lat' dir='ltr'><strong>secuta:</strong></span> <span class='ocrx_word' id='word_1_511' title='bbox 2627 3285 2751 3326; x_wconf 87' lang='lat' dir='ltr'><strong>eum</strong></span> <span class='ocrx_word' id='word_1_512' title='bbox 2787 3269 3002 3326; x_wconf 84' lang='lat' dir='ltr'><strong>fuerant</strong></span> <span class='ocrx_word' id='word_1_513' title='bbox 3041 3285 3069 3323; x_wconf 92' lang='lat' dir='ltr'><strong>a</strong></span> <span class='ocrx_word' id='word_1_514' title='bbox 3093 3269 3334 3335; x_wconf 69' lang='lat' dir='ltr'><strong>Galilaca,</strong></span> <span class='ocrx_word' id='word_1_515' title='bbox 3359 3271 3680 3325; x_wconf 78' lang='lat' dir='ltr'><strong>ministran-</strong></span> 
     </span>
    </p>
   </div>
   <div class='ocr_carea' id='block_1_71' title="bbox 2108 3361 3678 3434">
    <p class='ocr_par' dir='ltr' id='par_1_71' title="bbox 2108 3361 3678 3434">
     <span class='ocr_line' id='line_1_71' title="bbox 2108 3361 3678 3434; baseline 0.001 -19"><span class='ocrx_word' id='word_1_516' title='bbox 2108 3372 2190 3418; x_wconf 91' lang='lat' dir='ltr'><strong>tes</strong></span> <span class='ocrx_word' id='word_1_517' title='bbox 2217 3363 2264 3417; x_wconf 91' lang='lat' dir='ltr'><strong>ei</strong></span> <span class='ocrx_word' id='word_1_518' title='bbox 2294 3383 2305 3416; x_wconf 93' lang='lat'>:</span> <span class='ocrx_word' id='word_1_519' title='bbox 2346 3362 2488 3418; x_wconf 87' lang='lat' dir='ltr'><strong>inter</strong></span> <span class='ocrx_word' id='word_1_520' title='bbox 2520 3378 2658 3433; x_wconf 87' lang='lat' dir='ltr'><strong>quas</strong></span> <span class='ocrx_word' id='word_1_521' title='bbox 2701 3371 2819 3417; x_wconf 87' lang='lat' dir='ltr'><strong>erat</strong></span> <span class='ocrx_word' id='word_1_522' title='bbox 2852 3361 3018 3416; x_wconf 85' lang='lat' dir='ltr'><strong>Maria</strong></span> <span class='ocrx_word' id='word_1_523' title='bbox 3056 3362 3394 3434; x_wconf 85' lang='lat' dir='ltr'><strong>Magdalena,</strong></span> <span class='ocrx_word' id='word_1_524' title='bbox 3425 3371 3480 3418; x_wconf 92' lang='lat' dir='ltr'><strong>et</strong></span> <span class='ocrx_word' id='word_1_525' title='bbox 3509 3363 3678 3418; x_wconf 78' lang='lat' dir='ltr'><strong>Maria</strong></span> 
     </span>
    </p>
   </div>
   <div class='ocr_carea' id='block_1_72' title="bbox 2101 3454 3678 3526">
    <p class='ocr_par' dir='ltr' id='par_1_72' title="bbox 2101 3454 3678 3526">
     <span class='ocr_line' id='line_1_72' title="bbox 2101 3454 3678 3526; baseline 0 -16"><span class='ocrx_word' id='word_1_526' title='bbox 2101 3455 2292 3510; x_wconf 87' lang='lat' dir='ltr'><strong>Jacobi</strong></span> <span class='ocrx_word' id='word_1_527' title='bbox 2334 3470 2398 3509; x_wconf 87' lang='lat' dir='ltr'><strong>ac</strong></span> <span class='ocrx_word' id='word_1_528' title='bbox 2426 3454 2652 3524; x_wconf 87' lang='lat' dir='ltr'><strong>Josepbi</strong></span> <span class='ocrx_word' id='word_1_529' title='bbox 2679 3472 2694 3522; x_wconf 89' lang='lat'><strong>;</strong></span> <span class='ocrx_word' id='word_1_530' title='bbox 2721 3462 3202 3525; x_wconf 71' lang='lat' dir='ltr'><strong>quaenotaverunt</strong></span> <span class='ocrx_word' id='word_1_531' title='bbox 3253 3455 3431 3510; x_wconf 88' lang='lat' dir='ltr'><strong>locum</strong></span> <span class='ocrx_word' id='word_1_532' title='bbox 3481 3457 3536 3510; x_wconf 90' lang='lat' dir='ltr'><strong>in</strong></span> <span class='ocrx_word' id='word_1_533' title='bbox 3569 3472 3678 3526; x_wconf 90' lang='lat' dir='ltr'><strong>quo</strong></span> 
     </span>
    </p>
   </div>
   <div class='ocr_carea' id='block_1_73' title="bbox 2103 3545 3678 3617">
    <p class='ocr_par' dir='ltr' id='par_1_73' title="bbox 2103 3545 3678 3617">
     <span class='ocr_line' id='line_1_73' title="bbox 2103 3545 3678 3617; baseline -0.001 -15"><span class='ocrx_word' id='word_1_534' title='bbox 2103 3547 2317 3617; x_wconf 82' lang='lat' dir='ltr'><strong>positus</strong></span> <span class='ocrx_word' id='word_1_535' title='bbox 2350 3545 2473 3601; x_wconf 82' lang='lat' dir='ltr'><strong>fuit.</strong></span> <span class='ocrx_word' id='word_1_536' title='bbox 2513 3566 2532 3600; x_wconf 72' lang='grc' dir='ltr'><strong>ι</strong></span> <span class='ocrx_word' id='word_1_537' title='bbox 2557 3545 2736 3602; x_wconf 89' lang='lat' dir='ltr'><strong>Lucas</strong></span> <span class='ocrx_word' id='word_1_538' title='bbox 2762 3562 2893 3601; x_wconf 81' lang='lat' dir='ltr'><strong>vero</strong></span> <span class='ocrx_word' id='word_1_539' title='bbox 2923 3547 2990 3601; x_wconf 91' lang='lat' dir='ltr'><strong>de</strong></span> <span class='ocrx_word' id='word_1_540' title='bbox 3029 3546 3134 3599; x_wconf 88' lang='lat' dir='ltr'><strong>alia</strong></span> <span class='ocrx_word' id='word_1_541' title='bbox 3170 3545 3339 3600; x_wconf 84' lang='lat' dir='ltr'><strong>Maria</strong></span> <span class='ocrx_word' id='word_1_542' title='bbox 3391 3546 3471 3601; x_wconf 91' lang='lat' dir='ltr'><strong>sic</strong></span> <span class='ocrx_word' id='word_1_543' title='bbox 3501 3547 3678 3617; x_wconf 83' lang='lat' dir='ltr'><strong>loqui-</strong></span> 
     </span>
    </p>
   </div>
   <div class='ocr_carea' id='block_1_74' title="bbox 2107 3635 3672 3708">
    <p class='ocr_par' dir='ltr' id='par_1_74' title="bbox 2107 3635 3672 3708">
     <span class='ocr_line' id='line_1_74' title="bbox 2107 3635 3672 3708; baseline -0.001 -14"><span class='ocrx_word' id='word_1_544' title='bbox 2107 3649 2194 3694; x_wconf 82' lang='lat' dir='ltr'><strong>tur</strong></span> <span class='ocrx_word' id='word_1_545' title='bbox 2231 3655 2244 3691; x_wconf 90' lang='lat'><strong>:</strong></span> <span class='ocrx_word' id='word_1_546' title='bbox 2286 3656 2304 3689; x_wconf 72' lang='grc' dir='ltr'><strong>ι</strong></span> <span class='ocrx_word' id='word_1_547' title='bbox 2343 3637 2514 3692; x_wconf 87' lang='lat' dir='ltr'><strong>Erant</strong></span> <span class='ocrx_word' id='word_1_548' title='bbox 2548 3647 2727 3693; x_wconf 91' lang='lat' dir='ltr'><strong>autem</strong></span> <span class='ocrx_word' id='word_1_549' title='bbox 2762 3637 2933 3699; x_wconf 81' lang='lat' dir='ltr'><strong>Maria</strong></span> <span class='ocrx_word' id='word_1_550' title='bbox 2978 3637 3316 3708; x_wconf 79' lang='lat' dir='ltr'><strong>Magdalena,</strong></span> <span class='ocrx_word' id='word_1_551' title='bbox 3346 3643 3400 3694; x_wconf 89' lang='lat' dir='ltr'><strong>et</strong></span> <span class='ocrx_word' id='word_1_552' title='bbox 3437 3635 3672 3705; x_wconf 81' lang='lat' dir='ltr'><strong>Joanna,</strong></span> 
     </span>
    </p>
   </div>
   <div class='ocr_carea' id='block_1_75' title="bbox 2105 3727 3600 3799">
    <p class='ocr_par' dir='ltr' id='par_1_75' title="bbox 2105 3727 3600 3799">
     <span class='ocr_line' id='line_1_75' title="bbox 2105 3727 3600 3799; baseline 0.001 -18"><span class='ocrx_word' id='word_1_553' title='bbox 2105 3737 2158 3782; x_wconf 91' lang='lat' dir='ltr'><strong>et</strong></span> <span class='ocrx_word' id='word_1_554' title='bbox 2187 3727 2356 3782; x_wconf 81' lang='lat' dir='ltr'><strong>Maria</strong></span> <span class='ocrx_word' id='word_1_555' title='bbox 2379 3728 2592 3794; x_wconf 89' lang='lat' dir='ltr'><strong>Jacobi,</strong></span> <span class='ocrx_word' id='word_1_556' title='bbox 2622 3736 2677 3784; x_wconf 92' lang='lat' dir='ltr'><strong>et</strong></span> <span class='ocrx_word' id='word_1_557' title='bbox 2708 3736 2916 3785; x_wconf 57' lang='lat' dir='ltr'><strong>caeteras</strong></span> <span class='ocrx_word' id='word_1_558' title='bbox 2945 3743 3066 3799; x_wconf 69' lang='lat' dir='ltr'><strong>qua:</strong></span> <span class='ocrx_word' id='word_1_559' title='bbox 3097 3744 3221 3782; x_wconf 90' lang='lat' dir='ltr'><strong>cum</strong></span> <span class='ocrx_word' id='word_1_560' title='bbox 3250 3729 3330 3783; x_wconf 88' lang='lat' dir='ltr'><strong>eis</strong></span> <span class='ocrx_word' id='word_1_561' title='bbox 3359 3738 3534 3784; x_wconf 91' lang='lat' dir='ltr'><strong>erant.</strong></span> <span class='ocrx_word' id='word_1_562' title='bbox 3580 3749 3600 3783; x_wconf 70' lang='grc' dir='ltr'><strong>ι</strong></span> 
     </span>
    </p>
   </div>
   <div class='ocr_carea' id='block_1_76' title="bbox 412 3822 3674 3901">
    <p class='ocr_par' dir='ltr' id='par_1_76' title="bbox 412 3822 3674 3901">
     <span class='ocr_line' id='line_1_76' title="bbox 412 3822 3674 3901; baseline -0 -21"><span class='ocrx_word' id='word_1_563' title='bbox 412 3825 586 3890; x_wconf 75' lang='grc' dir='ltr'>οὕτως</span> <span class='ocrx_word' id='word_1_564' title='bbox 619 3828 839 3897; x_wconf 79' lang='grc' dir='ltr'>ἱστορεῖ·</span> <span class='ocrx_word' id='word_1_565' title='bbox 887 3844 906 3878; x_wconf 86' lang='grc'>‹</span> <span class='ocrx_word' id='word_1_566' title='bbox 949 3822 1130 3880; x_wconf 73' lang='grc' dir='ltr'><strong>τΗσαν</strong></span> <span class='ocrx_word' id='word_1_567' title='bbox 1156 3828 1214 3881; x_wconf 86' lang='grc' dir='ltr'><strong>δὲ</strong></span> <span class='ocrx_word' id='word_1_568' title='bbox 1245 3830 1278 3901; x_wconf 78' lang='grc' dir='ltr'>ἡ</span> <span class='ocrx_word' id='word_1_569' title='bbox 1314 3827 1645 3898; x_wconf 80' lang='grc' dir='ltr'>Μαγδαληνὴ</span> <span class='ocrx_word' id='word_1_570' title='bbox 1699 3827 1887 3898; x_wconf 87' lang='grc' dir='ltr'>Μαρία</span> <span class='ocrx_word' id='word_1_571' title='bbox 1919 3825 2014 3879; x_wconf 66' lang='grc' dir='ltr'><strong>καὶ</strong></span> <span class='ocrx_word' id='word_1_572' title='bbox 2065 3825 2286 3878; x_wconf 90' lang='grc' dir='ltr'>Ἰωαννα</span> <span class='ocrx_word' id='word_1_573' title='bbox 2334 3825 2426 3878; x_wconf 75' lang='grc' dir='ltr'>καὶ</span> <span class='ocrx_word' id='word_1_574' title='bbox 2463 3823 2707 3896; x_wconf 85' lang='grc' dir='ltr'>Μαρίαή</span> <span class='ocrx_word' id='word_1_575' title='bbox 2747 3823 3001 3878; x_wconf 86' lang='grc' dir='ltr'>Ἰακώϐου</span> <span class='ocrx_word' id='word_1_576' title='bbox 3059 3825 3148 3877; x_wconf 71' lang='grc' dir='ltr'><strong>καὶ</strong></span> <span class='ocrx_word' id='word_1_577' title='bbox 3215 3825 3270 3877; x_wconf 75' lang='grc' dir='ltr'><strong>αἱ</strong></span> <span class='ocrx_word' id='word_1_578' title='bbox 3331 3824 3514 3886; x_wconf 78' lang='grc' dir='ltr'>λοιπαὶ</span> <span class='ocrx_word' id='word_1_579' title='bbox 3580 3826 3674 3879; x_wconf 70' lang='grc' dir='ltr'><strong>σὺν</strong></span> 
     </span>
    </p>
   </div>
   <div class='ocr_carea' id='block_1_77' title="bbox 411 3919 677 3984">
    <p class='ocr_par' dir='ltr' id='par_1_77' title="bbox 411 3919 677 3984">
     <span class='ocr_line' id='line_1_77' title="bbox 411 3919 677 3984; baseline -0.008 -10"><span class='ocrx_word' id='word_1_580' title='bbox 411 3919 622 3984; x_wconf 76' lang='grc' dir='ltr'>αὑταῖς.</span> <span class='ocrx_word' id='word_1_581' title='bbox 658 3939 677 3972; x_wconf 77' lang='grc' dir='ltr'><strong><em>ι</em></strong></span> 
     </span>
    </p>
   </div>
   <div class='ocr_carea' id='block_1_78' title="bbox 484 4012 1994 4090">
    <p class='ocr_par' dir='ltr' id='par_1_78' title="bbox 484 4012 1994 4090">
     <span class='ocr_line' id='line_1_78' title="bbox 484 4012 1994 4090; baseline 0.003 -24"><span class='ocrx_word' id='word_1_582' title='bbox 484 4014 558 4078; x_wconf 84' lang='grc' dir='ltr'><strong>ς’.</strong></span> <span class='ocrx_word' id='word_1_583' title='bbox 594 4013 811 4068; x_wconf 91' lang='grc' dir='ltr'>Τούτων</span> <span class='ocrx_word' id='word_1_584' title='bbox 840 4012 933 4070; x_wconf 77' lang='grc' dir='ltr'><strong>οὖν</strong></span> <span class='ocrx_word' id='word_1_585' title='bbox 963 4017 1071 4069; x_wconf 86' lang='grc' dir='ltr'><strong>τῶν</strong></span> <span class='ocrx_word' id='word_1_586' title='bbox 1104 4019 1386 4089; x_wconf 84' lang='grc' dir='ltr'>τεσσάρων</span> <span class='ocrx_word' id='word_1_587' title='bbox 1407 4019 1657 4090; x_wconf 82' lang='grc' dir='ltr'>Μαριῶν,</span> <span class='ocrx_word' id='word_1_588' title='bbox 1693 4019 1741 4071; x_wconf 77' lang='grc' dir='ltr'><strong>εί</strong></span> <span class='ocrx_word' id='word_1_589' title='bbox 1776 4017 1876 4080; x_wconf 80' lang='grc' dir='ltr'><strong>τάς</strong></span> <span class='ocrx_word' id='word_1_590' title='bbox 1902 4018 1994 4070; x_wconf 89' lang='grc' dir='ltr'><strong>δύο</strong></span> 
     </span>
    </p>
   </div>
   <div class='ocr_carea' id='block_1_79' title="bbox 411 4105 1995 4181">
    <p class='ocr_par' dir='ltr' id='par_1_79' title="bbox 411 4105 1995 4181">
     <span class='ocr_line' id='line_1_79' title="bbox 411 4105 1995 4181; baseline 0.003 -25"><span class='ocrx_word' id='word_1_591' title='bbox 411 4105 510 4168; x_wconf 78' lang='grc' dir='ltr'><strong>τάς</strong></span> <span class='ocrx_word' id='word_1_592' title='bbox 531 4105 681 4177; x_wconf 69' lang='grc' dir='ltr'>παρὰ</span> <span class='ocrx_word' id='word_1_593' title='bbox 712 4105 790 4177; x_wconf 81' lang='grc' dir='ltr'>τῷ</span> <span class='ocrx_word' id='word_1_594' title='bbox 821 4107 1080 4178; x_wconf 86' lang='grc' dir='ltr'>Ματθαίῳ</span> <span class='ocrx_word' id='word_1_595' title='bbox 1108 4108 1205 4176; x_wconf 72' lang='grc' dir='ltr'><strong>ὀψὲ</strong></span> <span class='ocrx_word' id='word_1_596' title='bbox 1232 4108 1520 4166; x_wconf 77' lang='grc' dir='ltr'>Σαϐϐάτων</span> <span class='ocrx_word' id='word_1_597' title='bbox 1554 4112 1622 4181; x_wconf 71' lang='grc' dir='ltr'>τῇ</span> <span class='ocrx_word' id='word_1_598' title='bbox 1655 4108 1995 4177; x_wconf 68' lang='grc' dir='ltr'>ἐπιφωσκού-</span> 
     </span>
    </p>
   </div>
   <div class='ocr_carea' id='block_1_80' title="bbox 414 4197 1994 4274">
    <p class='ocr_par' dir='ltr' id='par_1_80' title="bbox 414 4197 1994 4274">
     <span class='ocr_line' id='line_1_80' title="bbox 414 4197 1994 4274; baseline 0.003 -25"><span class='ocrx_word' id='word_1_599' title='bbox 414 4211 483 4268; x_wconf 78' lang='grc' dir='ltr'>σῃ</span> <span class='ocrx_word' id='word_1_600' title='bbox 502 4197 582 4260; x_wconf 87' lang='grc' dir='ltr'><strong>είς</strong></span> <span class='ocrx_word' id='word_1_601' title='bbox 617 4197 744 4268; x_wconf 88' lang='grc' dir='ltr'>μίαν</span> <span class='ocrx_word' id='word_1_602' title='bbox 776 4197 1068 4254; x_wconf 84' lang='grc' dir='ltr'>Σαϐϐάτων</span> <span class='ocrx_word' id='word_1_603' title='bbox 1091 4199 1348 4264; x_wconf 84' lang='grc' dir='ltr'>ἐλθούσας</span> <span class='ocrx_word' id='word_1_604' title='bbox 1377 4202 1468 4258; x_wconf 80' lang='grc' dir='ltr'><strong>ἐπὶ</strong></span> <span class='ocrx_word' id='word_1_605' title='bbox 1495 4201 1556 4254; x_wconf 86' lang='grc' dir='ltr'><strong>τὸ</strong></span> <span class='ocrx_word' id='word_1_606' title='bbox 1587 4203 1869 4274; x_wconf 87' lang='grc' dir='ltr'>μνημεῖον,</span> <span class='ocrx_word' id='word_1_607' title='bbox 1899 4201 1994 4254; x_wconf 81' lang='grc' dir='ltr'>καὶ</span> 
     </span>
    </p>
   </div>
   <div class='ocr_carea' id='block_1_81' title="bbox 413 4288 1989 4366">
    <p class='ocr_par' dir='ltr' id='par_1_81' title="bbox 413 4288 1989 4366">
     <span class='ocr_line' id='line_1_81' title="bbox 413 4288 1989 4366; baseline 0.004 -25"><span class='ocrx_word' id='word_1_608' title='bbox 413 4289 504 4343; x_wconf 84' lang='grc' dir='ltr'><strong>τὸν</strong></span> <span class='ocrx_word' id='word_1_609' title='bbox 541 4288 769 4359; x_wconf 80' lang='grc' dir='ltr'>ἄγγελον</span> <span class='ocrx_word' id='word_1_610' title='bbox 801 4289 1165 4362; x_wconf 83' lang='grc' dir='ltr'>θεασαμένας,</span> <span class='ocrx_word' id='word_1_611' title='bbox 1185 4293 1377 4365; x_wconf 85' lang='grc' dir='ltr'>ἐτέρας</span> <span class='ocrx_word' id='word_1_612' title='bbox 1406 4290 1542 4347; x_wconf 74' lang='grc' dir='ltr'>εἶναι</span> <span class='ocrx_word' id='word_1_613' title='bbox 1573 4293 1823 4358; x_wconf 84' lang='grc' dir='ltr'>ἐκλάϐοις</span> <span class='ocrx_word' id='word_1_614' title='bbox 1839 4293 1989 4366; x_wconf 84' lang='grc' dir='ltr'>παρὰ</span> 
     </span>
    </p>
   </div>
   <div class='ocr_carea' id='block_1_82' title="bbox 413 4380 1992 4457">
    <p class='ocr_par' dir='ltr' id='par_1_82' title="bbox 413 4380 1992 4457">
     <span class='ocr_line' id='line_1_82' title="bbox 413 4380 1992 4457; baseline 0.004 -26"><span class='ocrx_word' id='word_1_615' title='bbox 413 4380 509 4451; x_wconf 76' lang='grc' dir='ltr'>τὴν</span> <span class='ocrx_word' id='word_1_616' title='bbox 526 4381 670 4451; x_wconf 75' lang='grc' dir='ltr'>πρωῒ</span> <span class='ocrx_word' id='word_1_617' title='bbox 680 4385 746 4454; x_wconf 83' lang='grc' dir='ltr'>τῇ</span> <span class='ocrx_word' id='word_1_618' title='bbox 769 4384 868 4455; x_wconf 83' lang='grc' dir='ltr'>μιᾷ</span> <span class='ocrx_word' id='word_1_619' title='bbox 888 4383 996 4436; x_wconf 82' lang='grc' dir='ltr'><strong>τῶν</strong></span> <span class='ocrx_word' id='word_1_620' title='bbox 1011 4383 1324 4448; x_wconf 85' lang='grc' dir='ltr'>Σαϐϐάτων,</span> <span class='ocrx_word' id='word_1_621' title='bbox 1346 4384 1425 4438; x_wconf 74' lang='grc' dir='ltr'>ἔτι</span> <span class='ocrx_word' id='word_1_622' title='bbox 1451 4385 1667 4449; x_wconf 87' lang='grc' dir='ltr'>σκοτίας</span> <span class='ocrx_word' id='word_1_623' title='bbox 1683 4383 1849 4457; x_wconf 80' lang='grc' dir='ltr'>οθσης</span> <span class='ocrx_word' id='word_1_624' title='bbox 1874 4385 1992 4454; x_wconf 81' lang='grc' dir='ltr'><strong>ἀφι-</strong></span> 
     </span>
    </p>
   </div>
   <div class='ocr_carea' id='block_1_83' title="bbox 415 4471 1989 4548">
    <p class='ocr_par' dir='ltr' id='par_1_83' title="bbox 415 4471 1989 4548">
     <span class='ocr_line' id='line_1_83' title="bbox 415 4471 1989 4548; baseline 0.006 -27"><span class='ocrx_word' id='word_1_625' title='bbox 415 4471 650 4541; x_wconf 81' lang='grc' dir='ltr'>κομένην</span> <span class='ocrx_word' id='word_1_626' title='bbox 682 4475 853 4545; x_wconf 85' lang='grc' dir='ltr'>μόνην</span> <span class='ocrx_word' id='word_1_627' title='bbox 885 4476 1026 4530; x_wconf 86' lang='grc' dir='ltr'>κατὰ</span> <span class='ocrx_word' id='word_1_628' title='bbox 1058 4477 1150 4530; x_wconf 76' lang='grc' dir='ltr'>τὸν</span> <span class='ocrx_word' id='word_1_629' title='bbox 1184 4478 1455 4548; x_wconf 87' lang='grc' dir='ltr'>Ἰωάννην,</span> <span class='ocrx_word' id='word_1_630' title='bbox 1489 4477 1786 4548; x_wconf 79' lang='grc' dir='ltr'>ἀγνοοῦσαν</span> <span class='ocrx_word' id='word_1_631' title='bbox 1807 4476 1866 4530; x_wconf 85' lang='grc' dir='ltr'>τὺ</span> <span class='ocrx_word' id='word_1_632' title='bbox 1898 4478 1989 4539; x_wconf 67' lang='grc' dir='ltr'>ἐπ).</span> 
     </span>
    </p>
   </div>
   <div class='ocr_carea' id='block_1_84' title="bbox 486 4605 1212 4677">
    <p class='ocr_par' dir='ltr' id='par_1_84' title="bbox 486 4605 1212 4677">
     <span class='ocr_line' id='line_1_84' title="bbox 486 4605 1212 4677; baseline 0.007 -19"><span class='ocrx_word' id='word_1_633' title='bbox 486 4605 597 4672; x_wconf 71' lang='grc'><strong>(52)</strong></span> <span class='ocrx_word' id='word_1_634' title='bbox 639 4606 774 4677; x_wconf 71' lang='lat' dir='ltr'><strong>Cod.</strong></span> <span class='ocrx_word' id='word_1_635' title='bbox 807 4610 892 4672; x_wconf 78' lang='grc' dir='ltr'><strong>τίς</strong></span> <span class='ocrx_word' id='word_1_636' title='bbox 915 4623 1013 4677; x_wconf 87' lang='lat' dir='ltr'><strong>pro</strong></span> <span class='ocrx_word' id='word_1_637' title='bbox 1043 4609 1212 4674; x_wconf 83' lang='grc' dir='ltr'>λύσις.</span> 
     </span>
    </p>
   </div>
   <div class='ocr_carea' id='block_1_85' title="bbox 484 4675 1984 4748">
    <p class='ocr_par' dir='ltr' id='par_1_85' title="bbox 484 4675 1984 4748">
     <span class='ocr_line' id='line_1_85' title="bbox 484 4675 1984 4748; baseline 0.004 -20"><span class='ocrx_word' id='word_1_638' title='bbox 484 4677 596 4745; x_wconf 74' lang='grc'><strong>(55)</strong></span> <span class='ocrx_word' id='word_1_639' title='bbox 638 4675 1039 4748; x_wconf 54' lang='grc' dir='ltr'>Οιιωειίοξιιίεο</span> <span class='ocrx_word' id='word_1_640' title='bbox 1083 4680 1149 4734; x_wconf 91' lang='lat' dir='ltr'><strong>de</strong></span> <span class='ocrx_word' id='word_1_641' title='bbox 1207 4679 1497 4734; x_wconf 84' lang='lat' dir='ltr'><strong>Mariarum</strong></span> <span class='ocrx_word' id='word_1_642' title='bbox 1543 4681 1984 4748; x_wconf 75' lang='lat' dir='ltr'><strong>erangelicarum</strong></span> 
     </span>
    </p>
   </div>
   <div class='ocr_carea' id='block_1_86' title="bbox 413 4747 1981 4820">
    <p class='ocr_par' dir='ltr' id='par_1_86' title="bbox 413 4747 1981 4820">
     <span class='ocr_line' id='line_1_86' title="bbox 413 4747 1981 4820; baseline 0.003 -22"><span class='ocrx_word' id='word_1_643' title='bbox 413 4761 640 4820; x_wconf 76' lang='lat' dir='ltr'><strong>nurnero</strong></span> <span class='ocrx_word' id='word_1_644' title='bbox 661 4755 863 4820; x_wconf 83' lang='lat' dir='ltr'><strong>quanta</strong></span> <span class='ocrx_word' id='word_1_645' title='bbox 888 4747 1052 4820; x_wconf 78' lang='lat' dir='ltr'><strong>fuerit</strong></span> <span class='ocrx_word' id='word_1_646' title='bbox 1078 4752 1218 4818; x_wconf 87' lang='lat' dir='ltr'><strong>apud</strong></span> <span class='ocrx_word' id='word_1_647' title='bbox 1247 4759 1455 4806; x_wconf 84' lang='lat' dir='ltr'><strong>veteres</strong></span> <span class='ocrx_word' id='word_1_648' title='bbox 1487 4751 1675 4806; x_wconf 89' lang='lat' dir='ltr'><strong>Patres</strong></span> <span class='ocrx_word' id='word_1_649' title='bbox 1702 4747 1981 4820; x_wconf 83' lang='lat' dir='ltr'><strong>novosque</strong></span> 
     </span>
    </p>
   </div>
   <div class='ocr_carea' id='block_1_87' title="bbox 412 4815 1982 4891">
    <p class='ocr_par' dir='ltr' id='par_1_87' title="bbox 412 4815 1982 4891">
     <span class='ocr_line' id='line_1_87' title="bbox 412 4815 1982 4891; baseline 0.004 -24"><span class='ocrx_word' id='word_1_650' title='bbox 412 4815 844 4891; x_wconf 51' lang='lat' dir='ltr'><strong>critii-os,&#39;__satis</strong></span> <span class='ocrx_word' id='word_1_651' title='bbox 892 4818 1049 4891; x_wconf 88' lang='lat' dir='ltr'><strong>docet</strong></span> <span class='ocrx_word' id='word_1_652' title='bbox 1080 4815 1357 4891; x_wconf 80' lang='lat' dir='ltr'><strong>Calmetus</strong></span> <span class='ocrx_word' id='word_1_653' title='bbox 1395 4823 1615 4890; x_wconf 81' lang='lat' dir='ltr'><strong>copiosa</strong></span> <span class='ocrx_word' id='word_1_654' title='bbox 1662 4837 1761 4876; x_wconf 90' lang='lat' dir='ltr'><strong>sua</strong></span> <span class='ocrx_word' id='word_1_655' title='bbox 1817 4815 1982 4891; x_wconf 85' lang='lat' dir='ltr'><strong>super</strong></span> 
     </span>
    </p>
   </div>
   <div class='ocr_carea' id='block_1_88' title="bbox 415 4885 1980 4960">
    <p class='ocr_par' dir='ltr' id='par_1_88' title="bbox 415 4885 1980 4960">
     <span class='ocr_line' id='line_1_88' title="bbox 415 4885 1980 4960; baseline 0.005 -22"><span class='ocrx_word' id='word_1_656' title='bbox 415 4885 624 4960; x_wconf 80' lang='lat' dir='ltr'><strong>hac_re</strong></span> <span class='ocrx_word' id='word_1_657' title='bbox 654 4889 1088 4960; x_wconf 77' lang='lat' dir='ltr'><strong>dissertatione;</strong></span> <span class='ocrx_word' id='word_1_658' title='bbox 1142 4892 1228 4943; x_wconf 91' lang='lat' dir='ltr'><strong>cui</strong></span> <span class='ocrx_word' id='word_1_659' title='bbox 1273 4890 1385 4958; x_wconf 87' lang='lat' dir='ltr'><strong>jam</strong></span> <span class='ocrx_word' id='word_1_660' title='bbox 1426 4885 1722 4960; x_wconf 77' lang='lat' dir='ltr'><strong>quidquam</strong></span> <span class='ocrx_word' id='word_1_661' title='bbox 1759 4885 1980 4956; x_wconf 77' lang='lat' dir='ltr'><strong>addere,</strong></span> 
     </span>
    </p>
   </div>
   <div class='ocr_carea' id='block_1_89' title="bbox 411 4956 1644 5016">
    <p class='ocr_par' dir='ltr' id='par_1_89' title="bbox 411 4956 1644 5016">
     <span class='ocr_line' id='line_1_89' title="bbox 411 4956 1644 5016; baseline 0.005 -6"><span class='ocrx_word' id='word_1_662' title='bbox 411 4956 554 5010; x_wconf 85' lang='lat' dir='ltr'><strong>haud</strong></span> <span class='ocrx_word' id='word_1_663' title='bbox 589 4957 704 5011; x_wconf 89' lang='lat' dir='ltr'><strong>scio</strong></span> <span class='ocrx_word' id='word_1_664' title='bbox 727 4972 796 5010; x_wconf 83' lang='lat' dir='ltr'><strong>an</strong></span> <span class='ocrx_word' id='word_1_665' title='bbox 828 4957 1100 5013; x_wconf 88' lang='lat' dir='ltr'><strong>abutentis</strong></span> <span class='ocrx_word' id='word_1_666' title='bbox 1129 4962 1241 5014; x_wconf 92' lang='lat' dir='ltr'><strong>otio</strong></span> <span class='ocrx_word' id='word_1_667' title='bbox 1277 4956 1520 5014; x_wconf 82' lang='lat' dir='ltr'><strong>l&#39;uturum</strong></span> <span class='ocrx_word' id='word_1_668' title='bbox 1554 4956 1644 5016; x_wconf 87' lang='lat' dir='ltr'><strong>sit.</strong></span> 
     </span>
    </p>
   </div>
   <div class='ocr_carea' id='block_1_90' title="bbox 483 5025 1980 5100">
    <p class='ocr_par' dir='ltr' id='par_1_90' title="bbox 483 5025 1980 5100">
     <span class='ocr_line' id='line_1_90' title="bbox 483 5025 1980 5100; baseline 0.003 -21"><span class='ocrx_word' id='word_1_669' title='bbox 483 5025 594 5100; x_wconf 76' lang='grc'><strong>(54)</strong></span> <span class='ocrx_word' id='word_1_670' title='bbox 624 5026 891 5100; x_wconf 68' lang='lat' dir='ltr'><strong>Scholion</strong></span> <span class='ocrx_word' id='word_1_671' title='bbox 921 5031 1125 5100; x_wconf 83' lang='lat' dir='ltr'><strong>recenti</strong></span> <span class='ocrx_word' id='word_1_672' title='bbox 1161 5046 1322 5083; x_wconf 91' lang='lat' dir='ltr'><strong>manu</strong></span> <span class='ocrx_word' id='word_1_673' title='bbox 1366 5031 1628 5085; x_wconf 88' lang='lat' dir='ltr'><strong>additum.</strong></span> <span class='ocrx_word' id='word_1_674' title='bbox 1675 5031 1826 5100; x_wconf 75' lang='grc' dir='ltr'>Οὐχί·</span> <span class='ocrx_word' id='word_1_675' title='bbox 1867 5030 1980 5084; x_wconf 85' lang='grc' dir='ltr'>ἀλλ’</span> 
     </span>
    </p>
   </div>
   <div class='ocr_carea' id='block_1_91' title="bbox 410 5097 1983 5172">
    <p class='ocr_par' dir='ltr' id='par_1_91' title="bbox 410 5097 1983 5172">
     <span class='ocr_line' id='line_1_91' title="bbox 410 5097 1983 5172; baseline 0.003 -24"><span class='ocrx_word' id='word_1_676' title='bbox 410 5098 441 5166; x_wconf 77' lang='grc' dir='ltr'>ὴ</span> <span class='ocrx_word' id='word_1_677' title='bbox 470 5098 590 5172; x_wconf 80' lang='grc' dir='ltr'>κατ’</span> <span class='ocrx_word' id='word_1_678' title='bbox 611 5097 868 5172; x_wconf 71' lang='grc' dir='ltr'>ἀλήθειαν</span> <span class='ocrx_word' id='word_1_679' title='bbox 897 5099 990 5152; x_wconf 78' lang='grc' dir='ltr'>τοῦ</span> <span class='ocrx_word' id='word_1_680' title='bbox 1008 5100 1220 5172; x_wconf 73' lang='grc' dir='ltr'>Κυρίου</span> <span class='ocrx_word' id='word_1_681' title='bbox 1247 5102 1448 5171; x_wconf 82' lang='grc' dir='ltr'>μήτηρ,</span> <span class='ocrx_word' id='word_1_682' title='bbox 1484 5100 1621 5172; x_wconf 76' lang='grc' dir='ltr'>αὕτη</span> <span class='ocrx_word' id='word_1_683' title='bbox 1650 5097 1865 5168; x_wconf 80' lang='grc' dir='ltr'>λέγεται</span> <span class='ocrx_word' id='word_1_684' title='bbox 1887 5102 1983 5172; x_wconf 81' lang='grc' dir='ltr'><strong>καὶ</strong></span> 
     </span>
    </p>
   </div>
   <div class='ocr_carea' id='block_1_92' title="bbox 415 5166 2020 5254">
    <p class='ocr_par' dir='ltr' id='par_1_92' title="bbox 415 5166 2020 5254">
     <span class='ocr_line' id='line_1_92' title="bbox 415 5166 2020 5254; baseline 0.003 -37"><span class='ocrx_word' id='word_1_685' title='bbox 415 5168 629 5247; x_wconf 47' lang='grc' dir='ltr'>μητηρ-</span> <span class='ocrx_word' id='word_1_686' title='bbox 648 5166 901 5254; x_wconf 51' lang='grc' dir='ltr'>Ἰακώϐου</span> <span class='ocrx_word' id='word_1_687' title='bbox 936 5170 1030 5254; x_wconf 67' lang='grc' dir='ltr'><strong>καὶ</strong></span> <span class='ocrx_word' id='word_1_688' title='bbox 1052 5166 1266 5254; x_wconf 31' lang='grc' dir='ltr'><strong>⁶δξιὶιρσῆ,</strong></span> <span class='ocrx_word' id='word_1_689' title='bbox 1294 5166 1410 5223; x_wconf 76' lang='grc' dir='ltr'><strong>τῶν</strong></span> <span class='ocrx_word' id='word_1_690' title='bbox 1432 5166 1982 5254; x_wconf 37' lang='grc' dir='ltr'>νομιζομένωνίάδελ-</span> <span class='ocrx_word' id='word_1_691' title='bbox 2016 5191 2020 5194; x_wconf 90' lang='grc'><strong>·</strong></span> 
     </span>
    </p>
   </div>
   <div class='ocr_carea' id='block_1_93' title="bbox 451 5235 1980 5312">
    <p class='ocr_par' dir='ltr' id='par_1_93' title="bbox 451 5235 1980 5312">
     <span class='ocr_line' id='line_1_93' title="bbox 451 5235 1980 5312; baseline 0.004 -26"><span class='ocrx_word' id='word_1_692' title='bbox 451 5235 525 5312; x_wconf 68' lang='grc' dir='ltr'>ὧν</span> <span class='ocrx_word' id='word_1_693' title='bbox 541 5235 631 5312; x_wconf 70' lang='grc' dir='ltr'>τρῦ</span> <span class='ocrx_word' id='word_1_694' title='bbox 649 5238 873 5312; x_wconf 81' lang='grc' dir='ltr'>Κυρίου.</span> <span class='ocrx_word' id='word_1_695' title='bbox 905 5239 1034 5312; x_wconf 78' lang='grc' dir='ltr'>υἱῶν</span> <span class='ocrx_word' id='word_1_696' title='bbox 1047 5239 1103 5290; x_wconf 79' lang='grc' dir='ltr'>δὲ</span> <span class='ocrx_word' id='word_1_697' title='bbox 1121 5235 1289 5312; x_wconf 57' lang='grc' dir='ltr'>όντων</span> <span class='ocrx_word' id='word_1_698' title='bbox 1317 5241 1472 5312; x_wconf 21' lang='grc' dir='ltr'>κατάλ</span> <span class='ocrx_word' id='word_1_699' title='bbox 1486 5235 1554 5309; x_wconf 56' lang='lat' dir='ltr'><strong>{pii</strong></span> <span class='ocrx_word' id='word_1_700' title='bbox 1565 5235 1644 5312; x_wconf 81' lang='grc' dir='ltr'><strong>σιν</strong></span> <span class='ocrx_word' id='word_1_701' title='bbox 1665 5240 1980 5312; x_wconf 46' lang='grc' dir='ltr'>τοῦίῐωσὴφ</span> 
     </span>
    </p>
   </div>
   <div class='ocr_carea' id='block_1_94' title="bbox 421 5306 1975 5394">
    <p class='ocr_par' dir='ltr' id='par_1_94' title="bbox 421 5306 1975 5394">
     <span class='ocr_line' id='line_1_94' title="bbox 421 5306 1975 5394; baseline 0.001 -1"><span class='ocrx_word' id='word_1_702' title='bbox 421 5306 516 5394; x_wconf 64' lang='grc' dir='ltr'>ειῖτδ</span> <span class='ocrx_word' id='word_1_703' title='bbox 538 5306 634 5376; x_wconf 75' lang='grc' dir='ltr'><strong>τῆς</strong></span> <span class='ocrx_word' id='word_1_704' title='bbox 672 5306 942 5394; x_wconf 68' lang='grc' dir='ltr'>πρρτέεας</span> <span class='ocrx_word' id='word_1_705' title='bbox 964 5309 1040 5394; x_wconf 75' lang='grc' dir='ltr'><strong>(α)</strong></span> <span class='ocrx_word' id='word_1_706' title='bbox 1071 5309 1237 5394; x_wconf 65' lang='grc' dir='ltr'><strong>εκύῖοὲ</strong></span> <span class='ocrx_word' id='word_1_707' title='bbox 1261 5306 1518 5394; x_wconf 40' lang='grc' dir='ltr'><strong>ωαψς</strong></span> <span class='ocrx_word' id='word_1_708' title='bbox 1558 5311 1656 5394; x_wconf 61' lang='grc' dir='ltr'><strong>τῆς</strong></span> <span class='ocrx_word' id='word_1_709' title='bbox 1689 5306 1975 5394; x_wconf 46' lang='lat' dir='ltr'><strong>“idem:</strong></span> 
     </span>
    </p>
   </div>
   <div class='ocr_carea' id='block_1_95' title="bbox 411 5376 1976 5462">
    <p class='ocr_par' dir='ltr' id='par_1_95' title="bbox 411 5376 1976 5462">
     <span class='ocr_line' id='line_1_95' title="bbox 411 5376 1976 5462; baseline 0.003 -34"><span class='ocrx_word' id='word_1_710' title='bbox 411 5376 678 5462; x_wconf 55' lang='grc' dir='ltr'>τέσσαρας</span> <span class='ocrx_word' id='word_1_711' title='bbox 703 5376 808 5449; x_wconf 78' lang='grc' dir='ltr'><strong>γάρ</strong></span> <span class='ocrx_word' id='word_1_712' title='bbox 825 5376 1182 5462; x_wconf 44' lang='grc' dir='ltr'>εἶχὲνυίοὺςῤ</span> <span class='ocrx_word' id='word_1_713' title='bbox 1199 5376 1418 5462; x_wconf 39' lang='lat' dir='ltr'><strong>&quot;mare,</strong></span> <span class='ocrx_word' id='word_1_714' title='bbox 1438 5376 1688 5462; x_wconf 65' lang='grc' dir='ltr'>Ἰάκωϐον</span> <span class='ocrx_word' id='word_1_715' title='bbox 1709 5383 1800 5434; x_wconf 75' lang='grc' dir='ltr'>καὶ</span> <span class='ocrx_word' id='word_1_716' title='bbox 1826 5376 1976 5462; x_wconf 72' lang='grc' dir='ltr'>Ἰωσῇ</span> 
     </span>
    </p>
   </div>
   <div class='ocr_carea' id='block_1_96' title="bbox 410 5447 1977 5524">
    <p class='ocr_par' dir='ltr' id='par_1_96' title="bbox 410 5447 1977 5524">
     <span class='ocr_line' id='line_1_96' title="bbox 410 5447 1977 5524; baseline 0.004 -26"><span class='ocrx_word' id='word_1_717' title='bbox 410 5447 504 5524; x_wconf 60' lang='grc' dir='ltr'>καὶ</span> <span class='ocrx_word' id='word_1_718' title='bbox 530 5447 746 5524; x_wconf 65' lang='grc' dir='ltr'>ξίμωνα</span> <span class='ocrx_word' id='word_1_719' title='bbox 771 5447 1099 5524; x_wconf 52' lang='grc' dir='ltr'><strong>κοιίἻούδαἐ</strong></span> <span class='ocrx_word' id='word_1_720' title='bbox 1127 5451 1236 5524; x_wconf 51' lang='lat' dir='ltr'><strong>[Sat</strong></span> <span class='ocrx_word' id='word_1_721' title='bbox 1270 5447 1454 5524; x_wconf 72' lang='grc' dir='ltr'>καθὼς</span> <span class='ocrx_word' id='word_1_722' title='bbox 1497 5450 1770 5524; x_wconf 77' lang='grc' dir='ltr'>ἐνομίζετο</span> <span class='ocrx_word' id='word_1_723' title='bbox 1819 5453 1851 5524; x_wconf 77' lang='grc' dir='ltr'>ἡ</span> <span class='ocrx_word' id='word_1_724' title='bbox 1883 5447 1977 5504; x_wconf 78' lang='grc' dir='ltr'>τοῦ</span> 
     </span>
    </p>
   </div>
   <div class='ocr_carea' id='block_1_97' title="bbox 411 5515 1978 5602">
    <p class='ocr_par' dir='ltr' id='par_1_97' title="bbox 411 5515 1978 5602">
     <span class='ocr_line' id='line_1_97' title="bbox 411 5515 1978 5602; baseline 0.003 -33"><span class='ocrx_word' id='word_1_725' title='bbox 411 5515 820 5602; x_wconf 37' lang='grc' dir='ltr'>ξςμρίούημήτηρ</span> <span class='ocrx_word' id='word_1_726' title='bbox 847 5520 982 5602; x_wconf 73' lang='grc' dir='ltr'>γυνη</span> <span class='ocrx_word' id='word_1_727' title='bbox 1009 5519 1103 5572; x_wconf 81' lang='grc' dir='ltr'>τοῦ</span> <span class='ocrx_word' id='word_1_728' title='bbox 1142 5519 1358 5602; x_wconf 64' lang='grc' dir='ltr'>Ἰωσὴφ,</span> <span class='ocrx_word' id='word_1_729' title='bbox 1389 5521 1560 5602; x_wconf 74' lang='grc' dir='ltr'>οὕτως</span> <span class='ocrx_word' id='word_1_730' title='bbox 1579 5515 1857 5602; x_wconf 60' lang='grc' dir='ltr'>ἐνομίζετό</span> <span class='ocrx_word' id='word_1_731' title='bbox 1877 5524 1978 5602; x_wconf 53' lang='grc' dir='ltr'>χαὶ</span> 
     </span>
    </p>
   </div>
   <div class='ocr_carea' id='block_1_98' title="bbox 408 5584 1977 5660">
    <p class='ocr_par' dir='ltr' id='par_1_98' title="bbox 408 5584 1977 5660">
     <span class='ocr_line' id='line_1_98' title="bbox 408 5584 1977 5660; baseline 0.006 -22"><span class='ocrx_word' id='word_1_732' title='bbox 408 5584 517 5640; x_wconf 86' lang='grc' dir='ltr'><strong>τῶν</strong></span> <span class='ocrx_word' id='word_1_733' title='bbox 549 5584 680 5647; x_wconf 78' lang='grc' dir='ltr'>υἱῶν</span> <span class='ocrx_word' id='word_1_734' title='bbox 704 5584 873 5642; x_wconf 70' lang='grc' dir='ltr'>ἀὗτοῦ</span> <span class='ocrx_word' id='word_1_735' title='bbox 916 5584 1119 5660; x_wconf 87' lang='grc' dir='ltr'>μήτηρ.</span> <span class='ocrx_word' id='word_1_736' title='bbox 1157 5584 1413 5654; x_wconf 78' lang='lat' dir='ltr'><strong>Minime;</strong></span> <span class='ocrx_word' id='word_1_737' title='bbox 1444 5593 1534 5646; x_wconf 81' lang='lat' dir='ltr'><strong>sed</strong></span> <span class='ocrx_word' id='word_1_738' title='bbox 1573 5584 1688 5660; x_wconf 79' lang='lat' dir='ltr'><strong>ipsa</strong></span> <span class='ocrx_word' id='word_1_739' title='bbox 1716 5584 1833 5647; x_wconf 77' lang='lat' dir='ltr'><strong>vera</strong></span> <span class='ocrx_word' id='word_1_740' title='bbox 1868 5592 1977 5647; x_wconf 87' lang='lat' dir='ltr'><strong>Do-</strong></span> 
     </span>
    </p>
   </div>
   <div class='ocr_carea' id='block_1_99' title="bbox 471 5738 867 5806">
    <p class='ocr_par' dir='ltr' id='par_1_99' title="bbox 471 5738 867 5806">
     <span class='ocr_line' id='line_1_99' title="bbox 471 5738 867 5806; baseline 0.003 -1"><span class='ocrx_word' id='word_1_741' title='bbox 471 5738 544 5800; x_wconf 82' lang='grc' dir='ltr'><strong>(α)</strong></span> <span class='ocrx_word' id='word_1_742' title='bbox 568 5741 668 5806; x_wconf 55' lang='grc' dir='ltr'><strong>γρ*</strong></span> <span class='ocrx_word' id='word_1_743' title='bbox 693 5759 867 5806; x_wconf 47' lang='lat' dir='ltr'><strong>“enim</strong></span> 
     </span>
    </p>
   </div>
   <div class='ocr_carea' id='block_1_100' title="bbox 2175 4010 3668 4082">
    <p class='ocr_par' dir='ltr' id='par_1_100' title="bbox 2175 4010 3668 4082">
     <span class='ocr_line' id='line_1_100' title="bbox 2175 4010 3668 4082; baseline 0.002 -17"><span class='ocrx_word' id='word_1_744' title='bbox 2175 4013 2228 4066; x_wconf 88' lang='lat'><strong>6.</strong></span> <span class='ocrx_word' id='word_1_745' title='bbox 2271 4011 2407 4065; x_wconf 88' lang='lat' dir='ltr'><strong>Cum</strong></span> <span class='ocrx_word' id='word_1_746' title='bbox 2460 4026 2592 4082; x_wconf 84' lang='lat' dir='ltr'><strong>ergo</strong></span> <span class='ocrx_word' id='word_1_747' title='bbox 2627 4011 2738 4066; x_wconf 92' lang='lat' dir='ltr'><strong>sint</strong></span> <span class='ocrx_word' id='word_1_748' title='bbox 2766 4020 3002 4081; x_wconf 86' lang='lat' dir='ltr'><strong>quatuor</strong></span> <span class='ocrx_word' id='word_1_749' title='bbox 3035 4010 3239 4077; x_wconf 65' lang='lat' dir='ltr'><strong>Mariae,</strong></span> <span class='ocrx_word' id='word_1_750' title='bbox 3282 4011 3334 4068; x_wconf 81' lang='lat' dir='ltr'><strong>si.</strong></span> <span class='ocrx_word' id='word_1_751' title='bbox 3355 4011 3493 4066; x_wconf 90' lang='lat' dir='ltr'><strong>duas</strong></span> <span class='ocrx_word' id='word_1_752' title='bbox 3523 4012 3668 4076; x_wconf 86' lang='lat' dir='ltr'><strong>illas,</strong></span> 
     </span>
    </p>
   </div>
   <div class='ocr_carea' id='block_1_101' title="bbox 2101 4103 3674 4176">
    <p class='ocr_par' dir='ltr' id='par_1_101' title="bbox 2101 4103 3674 4176">
     <span class='ocr_line' id='line_1_101' title="bbox 2101 4103 3674 4176; baseline 0.001 -17"><span class='ocrx_word' id='word_1_753' title='bbox 2101 4121 2222 4176; x_wconf 78' lang='lat' dir='ltr'><strong>quae</strong></span> <span class='ocrx_word' id='word_1_754' title='bbox 2283 4103 2424 4174; x_wconf 88' lang='lat' dir='ltr'><strong>apud</strong></span> <span class='ocrx_word' id='word_1_755' title='bbox 2478 4103 2812 4167; x_wconf 77' lang='lat' dir='ltr'><strong>Matthaeum,</strong></span> <span class='ocrx_word' id='word_1_756' title='bbox 2864 4105 2992 4158; x_wconf 92' lang='lat' dir='ltr'><strong>dum</strong></span> <span class='ocrx_word' id='word_1_757' title='bbox 3045 4104 3162 4160; x_wconf 82' lang='lat' dir='ltr'><strong>dies</strong></span> <span class='ocrx_word' id='word_1_758' title='bbox 3214 4104 3559 4160; x_wconf 90' lang='lat' dir='ltr'><strong>illucesceret</strong></span> <span class='ocrx_word' id='word_1_759' title='bbox 3617 4107 3674 4160; x_wconf 90' lang='lat' dir='ltr'><strong>in</strong></span> 
     </span>
    </p>
   </div>
   <div class='ocr_carea' id='block_1_102' title="bbox 2100 4197 3672 4262">
    <p class='ocr_par' dir='ltr' id='par_1_102' title="bbox 2100 4197 3672 4262">
     <span class='ocr_line' id='line_1_102' title="bbox 2100 4197 3672 4262; baseline -0.003 -8"><span class='ocrx_word' id='word_1_760' title='bbox 2100 4213 2264 4254; x_wconf 90' lang='lat' dir='ltr'><strong>unam</strong></span> <span class='ocrx_word' id='word_1_761' title='bbox 2299 4197 2688 4262; x_wconf 79' lang='lat' dir='ltr'><strong>Sabbatorum,</strong></span> <span class='ocrx_word' id='word_1_762' title='bbox 2720 4197 3078 4259; x_wconf 82' lang='lat' dir='ltr'><strong>veneruntad</strong></span> <span class='ocrx_word' id='word_1_763' title='bbox 3126 4207 3539 4259; x_wconf 87' lang='lat' dir='ltr'><strong>monumentum</strong></span> <span class='ocrx_word' id='word_1_764' title='bbox 3573 4216 3672 4253; x_wconf 41' lang='lat' dir='ltr'><strong>an.</strong></span> 
     </span>
    </p>
   </div>
   <div class='ocr_carea' id='block_1_103' title="bbox 2107 4268 3672 4362">
    <p class='ocr_par' dir='ltr' id='par_1_103' title="bbox 2107 4268 3672 4362">
     <span class='ocr_line' id='line_1_103' title="bbox 2107 4268 3672 4362; baseline 0.001 -17"><span class='ocrx_word' id='word_1_765' title='bbox 2107 4292 2396 4362; x_wconf 85' lang='lat' dir='ltr'><strong>gelumque</strong></span> <span class='ocrx_word' id='word_1_766' title='bbox 2446 4289 2719 4356; x_wconf 83' lang='lat' dir='ltr'><strong>viderunt,</strong></span> <span class='ocrx_word' id='word_1_767' title='bbox 2772 4289 3020 4344; x_wconf 85' lang='lat' dir='ltr'><strong>diversas</strong></span> <span class='ocrx_word' id='word_1_768' title='bbox 3069 4305 3193 4346; x_wconf 90' lang='lat' dir='ltr'><strong>esse</strong></span> <span class='ocrx_word' id='word_1_769' title='bbox 3258 4268 3549 4361; x_wconf 46' lang='lat' dir='ltr'><strong>putaveris.</strong></span> <span class='ocrx_word' id='word_1_770' title='bbox 3603 4293 3672 4355; x_wconf 89' lang='lat' dir='ltr'><strong>ab</strong></span> 
     </span>
    </p>
   </div>
   <div class='ocr_carea' id='block_1_104' title="bbox 2099 4379 3674 4453">
    <p class='ocr_par' dir='ltr' id='par_1_104' title="bbox 2099 4379 3674 4453">
     <span class='ocr_line' id='line_1_104' title="bbox 2099 4379 3674 4453; baseline 0 -13"><span class='ocrx_word' id='word_1_771' title='bbox 2099 4385 2190 4446; x_wconf 84' lang='lat' dir='ltr'><strong>illa</strong></span> <span class='ocrx_word' id='word_1_772' title='bbox 2216 4399 2338 4453; x_wconf 67' lang='lat' dir='ltr'><strong>qua:</strong></span> <span class='ocrx_word' id='word_1_773' title='bbox 2371 4398 2531 4438; x_wconf 88' lang='lat' dir='ltr'><strong>mane</strong></span> <span class='ocrx_word' id='word_1_774' title='bbox 2576 4397 2683 4437; x_wconf 90' lang='lat' dir='ltr'><strong>una</strong></span> <span class='ocrx_word' id='word_1_775' title='bbox 2736 4379 3122 4448; x_wconf 89' lang='lat' dir='ltr'><strong>Sabbatorum,</strong></span> <span class='ocrx_word' id='word_1_776' title='bbox 3157 4383 3285 4438; x_wconf 91' lang='lat' dir='ltr'><strong>dum</strong></span> <span class='ocrx_word' id='word_1_777' title='bbox 3317 4384 3497 4438; x_wconf 86' lang='lat' dir='ltr'><strong>adhuc</strong></span> <span class='ocrx_word' id='word_1_778' title='bbox 3527 4396 3674 4440; x_wconf 87' lang='lat' dir='ltr'><strong>tene-</strong></span> 
     </span>
    </p>
   </div>
   <div class='ocr_carea' id='block_1_105' title="bbox 2100 4475 3674 4551">
    <p class='ocr_par' dir='ltr' id='par_1_105' title="bbox 2100 4475 3674 4551">
     <span class='ocr_line' id='line_1_105' title="bbox 2100 4475 3674 4551; baseline 0.003 -21"><span class='ocrx_word' id='word_1_779' title='bbox 2100 4475 2222 4530; x_wconf 66' lang='lat' dir='ltr'><strong>brae</strong></span> <span class='ocrx_word' id='word_1_780' title='bbox 2264 4484 2471 4540; x_wconf 87' lang='lat' dir='ltr'><strong>essent,</strong></span> <span class='ocrx_word' id='word_1_781' title='bbox 2505 4475 2652 4529; x_wconf 88' lang='lat' dir='ltr'><strong>venit</strong></span> <span class='ocrx_word' id='word_1_782' title='bbox 2689 4475 2804 4529; x_wconf 89' lang='lat' dir='ltr'><strong>sola</strong></span> <span class='ocrx_word' id='word_1_783' title='bbox 2836 4475 3139 4538; x_wconf 86' lang='lat' dir='ltr'><strong>secundum</strong></span> <span class='ocrx_word' id='word_1_784' title='bbox 3191 4477 3483 4542; x_wconf 89' lang='lat' dir='ltr'><strong>Joannem,</strong></span> <span class='ocrx_word' id='word_1_785' title='bbox 3521 4480 3674 4551; x_wconf 58' lang='lat' dir='ltr'><strong>ignoo</strong></span> 
     </span>
    </p>
   </div>
   <div class='ocr_carea' id='block_1_106' title="bbox 2019 4610 3671 4679">
    <p class='ocr_par' dir='ltr' id='par_1_106' title="bbox 2019 4610 3671 4679">
     <span class='ocr_line' id='line_1_106' title="bbox 2019 4610 3671 4679; baseline 0.001 -14"><span class='ocrx_word' id='word_1_786' title='bbox 2019 4624 2063 4679; x_wconf 78' lang='grc' dir='ltr'><strong>ι)</strong></span> <span class='ocrx_word' id='word_1_787' title='bbox 2095 4613 2223 4665; x_wconf 85' lang='lat' dir='ltr'><strong>mini</strong></span> <span class='ocrx_word' id='word_1_788' title='bbox 2275 4623 2462 4668; x_wconf 73' lang='lat' dir='ltr'><strong>mater,</strong></span> <span class='ocrx_word' id='word_1_789' title='bbox 2512 4610 2690 4663; x_wconf 85' lang='lat' dir='ltr'><strong>eadem</strong></span> <span class='ocrx_word' id='word_1_790' title='bbox 2738 4611 2933 4663; x_wconf 84' lang='lat' dir='ltr'><strong>dicitur</strong></span> <span class='ocrx_word' id='word_1_791' title='bbox 2977 4613 3136 4665; x_wconf 87' lang='lat' dir='ltr'><strong>etiam</strong></span> <span class='ocrx_word' id='word_1_792' title='bbox 3188 4623 3358 4666; x_wconf 82' lang='lat' dir='ltr'><strong>mater</strong></span> <span class='ocrx_word' id='word_1_793' title='bbox 3403 4611 3592 4666; x_wconf 78' lang='lat' dir='ltr'><strong>Jacobi</strong></span> <span class='ocrx_word' id='word_1_794' title='bbox 3622 4623 3671 4666; x_wconf 86' lang='lat' dir='ltr'><strong>et</strong></span> 
     </span>
    </p>
   </div>
   <div class='ocr_carea' id='block_1_107' title="bbox 2088 4680 3668 4751">
    <p class='ocr_par' dir='ltr' id='par_1_107' title="bbox 2088 4680 3668 4751">
     <span class='ocr_line' id='line_1_107' title="bbox 2088 4680 3668 4751; baseline 0.001 -17"><span class='ocrx_word' id='word_1_795' title='bbox 2088 4682 2257 4742; x_wconf 79' lang='lat' dir='ltr'><strong>Josis,</strong></span> <span class='ocrx_word' id='word_1_796' title='bbox 2301 4683 2390 4751; x_wconf 85' lang='lat' dir='ltr'><strong>qui</strong></span> <span class='ocrx_word' id='word_1_797' title='bbox 2428 4682 2625 4746; x_wconf 75' lang='lat' dir='ltr'><strong>fratres</strong></span> <span class='ocrx_word' id='word_1_798' title='bbox 2665 4680 2888 4751; x_wconf 86' lang='lat' dir='ltr'><strong>_Domini</strong></span> <span class='ocrx_word' id='word_1_799' title='bbox 2932 4683 3420 4746; x_wconf 76' lang='lat' dir='ltr'><strong>existimabantur;</strong></span> <span class='ocrx_word' id='word_1_800' title='bbox 3452 4684 3554 4751; x_wconf 83' lang='lat' dir='ltr'><strong>ﬁlii</strong></span> <span class='ocrx_word' id='word_1_801' title='bbox 3587 4700 3668 4736; x_wconf 85' lang='lat' dir='ltr'><strong>se-</strong></span> 
     </span>
    </p>
   </div>
   <div class='ocr_carea' id='block_1_108' title="bbox 2090 4748 3671 4821">
    <p class='ocr_par' dir='ltr' id='par_1_108' title="bbox 2090 4748 3671 4821">
     <span class='ocr_line' id='line_1_108' title="bbox 2090 4748 3671 4821; baseline -0.001 -15"><span class='ocrx_word' id='word_1_802' title='bbox 2090 4748 2322 4806; x_wconf 83' lang='lat' dir='ltr'><strong>cundum</strong></span> <span class='ocrx_word' id='word_1_803' title='bbox 2356 4762 2605 4804; x_wconf 86' lang='lat' dir='ltr'><strong>naturam</strong></span> <span class='ocrx_word' id='word_1_804' title='bbox 2647 4748 2864 4819; x_wconf 64' lang='lat' dir='ltr'><strong>Iosephi</strong></span> <span class='ocrx_word' id='word_1_805' title='bbox 2895 4767 2959 4804; x_wconf 82' lang='lat' dir='ltr'><strong>ea;</strong></span> <span class='ocrx_word' id='word_1_806' title='bbox 3003 4756 3116 4821; x_wconf 84' lang='lat' dir='ltr'><strong>ejus</strong></span> <span class='ocrx_word' id='word_1_807' title='bbox 3163 4755 3336 4821; x_wconf 82' lang='lat' dir='ltr'><strong>priore</strong></span> <span class='ocrx_word' id='word_1_808' title='bbox 3367 4748 3529 4806; x_wconf 73' lang='lat' dir='ltr'><strong>uxore</strong></span> <span class='ocrx_word' id='word_1_809' title='bbox 3567 4753 3671 4806; x_wconf 84' lang='lat' dir='ltr'><strong>Sa-</strong></span> 
     </span>
    </p>
   </div>
   <div class='ocr_carea' id='block_1_109' title="bbox 2089 4821 3667 4892">
    <p class='ocr_par' dir='ltr' id='par_1_109' title="bbox 2089 4821 3667 4892">
     <span class='ocr_line' id='line_1_109' title="bbox 2089 4821 3667 4892; baseline -0.001 -16"><span class='ocrx_word' id='word_1_810' title='bbox 2089 4825 2244 4877; x_wconf 86' lang='lat' dir='ltr'><strong>lome.</strong></span> <span class='ocrx_word' id='word_1_811' title='bbox 2292 4821 2534 4887; x_wconf 83' lang='lat' dir='ltr'><strong>Quatuor</strong></span> <span class='ocrx_word' id='word_1_812' title='bbox 2552 4823 2686 4892; x_wconf 59' lang='lat' dir='ltr'><strong>enim</strong></span> <span class='ocrx_word' id='word_1_813' title='bbox 2719 4823 2942 4890; x_wconf 84' lang='lat' dir='ltr'><strong>suscepit</strong></span> <span class='ocrx_word' id='word_1_814' title='bbox 2970 4821 3227 4892; x_wconf 78' lang='lat' dir='ltr'><strong>Josephus</strong></span> <span class='ocrx_word' id='word_1_815' title='bbox 3258 4822 3468 4888; x_wconf 86' lang='lat' dir='ltr'><strong>liberos,</strong></span> <span class='ocrx_word' id='word_1_816' title='bbox 3502 4821 3667 4876; x_wconf 57' lang='lat' dir='ltr'><strong>Jacoe</strong></span> 
     </span>
    </p>
   </div>
   <div class='ocr_carea' id='block_1_110' title="bbox 2091 4890 3669 4955">
    <p class='ocr_par' dir='ltr' id='par_1_110' title="bbox 2091 4890 3669 4955">
     <span class='ocr_line' id='line_1_110' title="bbox 2091 4890 3669 4955; baseline 0.001 -9"><span class='ocrx_word' id='word_1_817' title='bbox 2091 4894 2232 4955; x_wconf 88' lang='lat' dir='ltr'><strong>bum,</strong></span> <span class='ocrx_word' id='word_1_818' title='bbox 2282 4892 2485 4953; x_wconf 86' lang='lat' dir='ltr'><strong>Josem,</strong></span> <span class='ocrx_word' id='word_1_819' title='bbox 2555 4890 2844 4954; x_wconf 84' lang='lat' dir='ltr'><strong>Simonem,</strong></span> <span class='ocrx_word' id='word_1_820' title='bbox 2903 4901 2951 4945; x_wconf 87' lang='lat' dir='ltr'><strong>et</strong></span> <span class='ocrx_word' id='word_1_821' title='bbox 3005 4890 3224 4946; x_wconf 72' lang='lat' dir='ltr'><strong>ludam.</strong></span> <span class='ocrx_word' id='word_1_822' title='bbox 3279 4892 3452 4947; x_wconf 86' lang='lat' dir='ltr'><strong>Porro</strong></span> <span class='ocrx_word' id='word_1_823' title='bbox 3512 4895 3669 4948; x_wconf 78' lang='lat' dir='ltr'><strong>sicuti</strong></span> 
     </span>
    </p>
   </div>
   <div class='ocr_carea' id='block_1_111' title="bbox 2085 4961 3665 5032">
    <p class='ocr_par' dir='ltr' id='par_1_111' title="bbox 2085 4961 3665 5032">
     <span class='ocr_line' id='line_1_111' title="bbox 2085 4961 3665 5032; baseline 0.001 -17"><span class='ocrx_word' id='word_1_824' title='bbox 2085 4964 2374 5032; x_wconf 79' lang='lat' dir='ltr'><strong>putabatur</strong></span> <span class='ocrx_word' id='word_1_825' title='bbox 2410 4961 2844 5032; x_wconf 79' lang='lat' dir='ltr'><strong>Dominimater</strong></span> <span class='ocrx_word' id='word_1_826' title='bbox 2884 4979 3020 5016; x_wconf 76' lang='lat' dir='ltr'><strong>uxor</strong></span> <span class='ocrx_word' id='word_1_827' title='bbox 3061 4980 3172 5017; x_wconf 86' lang='lat' dir='ltr'><strong>esse</strong></span> <span class='ocrx_word' id='word_1_828' title='bbox 3213 4961 3450 5031; x_wconf 73' lang='lat' dir='ltr'><strong>Iosephi,</strong></span> <span class='ocrx_word' id='word_1_829' title='bbox 3493 4965 3571 5016; x_wconf 85' lang='lat' dir='ltr'><strong>ita</strong></span> <span class='ocrx_word' id='word_1_830' title='bbox 3617 4977 3665 5017; x_wconf 88' lang='lat' dir='ltr'><strong>et</strong></span> 
     </span>
    </p>
   </div>
   <div class='ocr_carea' id='block_1_112' title="bbox 2086 5031 3663 5103">
    <p class='ocr_par' dir='ltr' id='par_1_112' title="bbox 2086 5031 3663 5103">
     <span class='ocr_line' id='line_1_112' title="bbox 2086 5031 3663 5103; baseline 0.002 -17"><span class='ocrx_word' id='word_1_831' title='bbox 2086 5031 2319 5103; x_wconf 77' lang='lat' dir='ltr'><strong>ejusdem</strong></span> <span class='ocrx_word' id='word_1_832' title='bbox 2359 5031 2596 5103; x_wconf 78' lang='lat' dir='ltr'><strong>ﬁliorum</strong></span> <span class='ocrx_word' id='word_1_833' title='bbox 2635 5031 2924 5086; x_wconf 82' lang='lat' dir='ltr'><strong>habebatur</strong></span> <span class='ocrx_word' id='word_1_834' title='bbox 2951 5043 3137 5087; x_wconf 86' lang='lat' dir='ltr'><strong>mater.</strong></span> <span class='ocrx_word' id='word_1_835' title='bbox 3173 5032 3279 5087; x_wconf 86' lang='lat' dir='ltr'><strong>Sed</strong></span> <span class='ocrx_word' id='word_1_836' title='bbox 3310 5037 3453 5088; x_wconf 87' lang='lat' dir='ltr'><strong>enim</strong></span> <span class='ocrx_word' id='word_1_837' title='bbox 3488 5035 3556 5089; x_wconf 86' lang='lat' dir='ltr'><strong>de</strong></span> <span class='ocrx_word' id='word_1_838' title='bbox 3581 5046 3663 5089; x_wconf 87' lang='lat' dir='ltr'><strong>le-</strong></span> 
     </span>
    </p>
   </div>
   <div class='ocr_carea' id='block_1_113' title="bbox 2089 5101 3665 5175">
    <p class='ocr_par' dir='ltr' id='par_1_113' title="bbox 2089 5101 3665 5175">
     <span class='ocr_line' id='line_1_113' title="bbox 2089 5101 3665 5175; baseline 0.002 -19"><span class='ocrx_word' id='word_1_839' title='bbox 2089 5101 2235 5175; x_wconf 83' lang='lat' dir='ltr'><strong>mere</strong></span> <span class='ocrx_word' id='word_1_840' title='bbox 2256 5104 2489 5175; x_wconf 63' lang='lat' dir='ltr'><strong>creditis</strong></span> <span class='ocrx_word' id='word_1_841' title='bbox 2512 5101 2733 5173; x_wconf 83' lang='lat' dir='ltr'><strong>Josepbi</strong></span> <span class='ocrx_word' id='word_1_842' title='bbox 2770 5118 2836 5156; x_wconf 75' lang='lat' dir='ltr'><strong>ex</strong></span> <span class='ocrx_word' id='word_1_843' title='bbox 2853 5104 3055 5175; x_wconf 85' lang='lat' dir='ltr'><strong>_priore</strong></span> <span class='ocrx_word' id='word_1_844' title='bbox 3085 5104 3320 5175; x_wconf 62' lang='lat' dir='ltr'><strong>conjuge</strong></span> <span class='ocrx_word' id='word_1_845' title='bbox 3350 5106 3560 5168; x_wconf 89' lang='lat' dir='ltr'><strong>liberis,</strong></span> <span class='ocrx_word' id='word_1_846' title='bbox 3589 5105 3665 5159; x_wconf 90' lang='lat' dir='ltr'><strong>le—</strong></span> 
     </span>
    </p>
   </div>
   <div class='ocr_carea' id='block_1_114' title="bbox 2088 5171 3667 5244">
    <p class='ocr_par' dir='ltr' id='par_1_114' title="bbox 2088 5171 3667 5244">
     <span class='ocr_line' id='line_1_114' title="bbox 2088 5171 3667 5244; baseline 0.001 -18"><span class='ocrx_word' id='word_1_847' title='bbox 2088 5173 2297 5243; x_wconf 85' lang='lat' dir='ltr'><strong>gendus</strong></span> <span class='ocrx_word' id='word_1_848' title='bbox 2328 5181 2412 5228; x_wconf 87' lang='lat' dir='ltr'><strong>est</strong></span> <span class='ocrx_word' id='word_1_849' title='bbox 2447 5171 2810 5243; x_wconf 79' lang='lat' dir='ltr'><strong>Hieronymus</strong></span> <span class='ocrx_word' id='word_1_850' title='bbox 2839 5171 3038 5226; x_wconf 84' lang='lat' dir='ltr'><strong>Contra</strong></span> <span class='ocrx_word' id='word_1_851' title='bbox 3074 5171 3410 5244; x_wconf 52' lang='lat' dir='ltr'><strong>Helufcap.</strong></span> <span class='ocrx_word' id='word_1_852' title='bbox 3453 5175 3540 5238; x_wconf 76' lang='grc'><strong>14,</strong></span> <span class='ocrx_word' id='word_1_853' title='bbox 3574 5175 3667 5228; x_wconf 86' lang='lat' dir='ltr'><strong>ubi</strong></span> 
     </span>
    </p>
   </div>
   <div class='ocr_carea' id='block_1_115' title="bbox 2095 5246 3667 5315">
    <p class='ocr_par' dir='ltr' id='par_1_115' title="bbox 2095 5246 3667 5315">
     <span class='ocr_line' id='line_1_115' title="bbox 2095 5246 3667 5315; baseline 0.001 -19"><span class='ocrx_word' id='word_1_854' title='bbox 2095 5247 2207 5315; x_wconf 72' lang='lat' dir='ltr'><strong>haec</strong></span> <span class='ocrx_word' id='word_1_855' title='bbox 2234 5246 3048 5315; x_wconf 78' lang='lat' dir='ltr'><strong>apocryphorumdeliramenta</strong></span> <span class='ocrx_word' id='word_1_856' title='bbox 3074 5246 3232 5307; x_wconf 84' lang='lat' dir='ltr'><strong>ridet,</strong></span> <span class='ocrx_word' id='word_1_857' title='bbox 3264 5247 3446 5315; x_wconf 85' lang='lat' dir='ltr'><strong>aitque</strong></span> <span class='ocrx_word' id='word_1_858' title='bbox 3468 5246 3667 5298; x_wconf 82' lang='lat' dir='ltr'><strong>fratres</strong></span> 
     </span>
    </p>
   </div>
   <div class='ocr_carea' id='block_1_116' title="bbox 2091 5313 3669 5384">
    <p class='ocr_par' dir='ltr' id='par_1_116' title="bbox 2091 5313 3669 5384">
     <span class='ocr_line' id='line_1_116' title="bbox 2091 5313 3669 5384; baseline 0 -19"><span class='ocrx_word' id='word_1_859' title='bbox 2091 5313 2306 5368; x_wconf 85' lang='lat' dir='ltr'><strong>Domini</strong></span> <span class='ocrx_word' id='word_1_860' title='bbox 2348 5313 2456 5368; x_wconf 74' lang='lat' dir='ltr'><strong>nun</strong></span> <span class='ocrx_word' id='word_1_861' title='bbox 2490 5315 2630 5368; x_wconf 85' lang='lat' dir='ltr'><strong>lilios</strong></span> <span class='ocrx_word' id='word_1_862' title='bbox 2669 5313 2913 5384; x_wconf 82' lang='lat' dir='ltr'><strong>Josepbi,</strong></span> <span class='ocrx_word' id='word_1_863' title='bbox 2948 5315 3043 5368; x_wconf 78' lang='lat' dir='ltr'><strong>sed</strong></span> <span class='ocrx_word' id='word_1_864' title='bbox 3075 5313 3437 5371; x_wconf 78' lang='lat' dir='ltr'><strong>consobrinos</strong></span> <span class='ocrx_word' id='word_1_865' title='bbox 3472 5315 3669 5369; x_wconf 81' lang='lat' dir='ltr'><strong>Serva-</strong></span> 
     </span>
    </p>
   </div>
   <div class='ocr_carea' id='block_1_117' title="bbox 2089 5383 3666 5456">
    <p class='ocr_par' dir='ltr' id='par_1_117' title="bbox 2089 5383 3666 5456">
     <span class='ocr_line' id='line_1_117' title="bbox 2089 5383 3666 5456; baseline 0 -19"><span class='ocrx_word' id='word_1_866' title='bbox 2089 5388 2223 5440; x_wconf 89' lang='lat' dir='ltr'><strong>toris</strong></span> <span class='ocrx_word' id='word_1_867' title='bbox 2269 5400 2390 5439; x_wconf 82' lang='lat' dir='ltr'><strong>esse</strong></span> <span class='ocrx_word' id='word_1_868' title='bbox 2444 5383 2842 5456; x_wconf 82' lang='lat' dir='ltr'><strong>intelligendos.</strong></span> <span class='ocrx_word' id='word_1_869' title='bbox 2876 5384 3018 5438; x_wconf 88' lang='lat' dir='ltr'><strong>ldem</strong></span> <span class='ocrx_word' id='word_1_870' title='bbox 3058 5400 3180 5455; x_wconf 86' lang='lat' dir='ltr'><strong>cap.</strong></span> <span class='ocrx_word' id='word_1_871' title='bbox 3236 5385 3302 5439; x_wconf 76' lang='grc'>19</span> <span class='ocrx_word' id='word_1_872' title='bbox 3364 5389 3438 5439; x_wconf 90' lang='lat' dir='ltr'><strong>ait</strong></span> <span class='ocrx_word' id='word_1_873' title='bbox 3471 5386 3666 5456; x_wconf 76' lang='lat' dir='ltr'><strong>praedi-</strong></span> 
     </span>
    </p>
   </div>
   <div class='ocr_carea' id='block_1_118' title="bbox 2089 5454 3667 5526">
    <p class='ocr_par' dir='ltr' id='par_1_118' title="bbox 2089 5454 3667 5526">
     <span class='ocr_line' id='line_1_118' title="bbox 2089 5454 3667 5526; baseline 0 -19"><span class='ocrx_word' id='word_1_874' title='bbox 2089 5465 2231 5508; x_wconf 90' lang='lat' dir='ltr'><strong>ctam</strong></span> <span class='ocrx_word' id='word_1_875' title='bbox 2287 5457 2521 5524; x_wconf 86' lang='lat' dir='ltr'><strong>piurium</strong></span> <span class='ocrx_word' id='word_1_876' title='bbox 2547 5454 2860 5526; x_wconf 84' lang='lat' dir='ltr'><strong>nuptiarum</strong></span> <span class='ocrx_word' id='word_1_877' title='bbox 2915 5454 3224 5524; x_wconf 86' lang='lat' dir='ltr'><strong>opinionem</strong></span> <span class='ocrx_word' id='word_1_878' title='bbox 3288 5470 3319 5508; x_wconf 87' lang='lat' dir='ltr'><strong>a</strong></span> <span class='ocrx_word' id='word_1_879' title='bbox 3392 5454 3667 5526; x_wconf 84' lang='lat' dir='ltr'><strong>plerisque</strong></span> 
     </span>
    </p>
   </div>
   <div class='ocr_carea' id='block_1_119' title="bbox 2088 5525 3666 5596">
    <p class='ocr_par' dir='ltr' id='par_1_119' title="bbox 2088 5525 3666 5596">
     <span class='ocr_line' id='line_1_119' title="bbox 2088 5525 3666 5596; baseline 0.001 -19"><span class='ocrx_word' id='word_1_880' title='bbox 2088 5540 2196 5578; x_wconf 88' lang='lat' dir='ltr'><strong>non</strong></span> <span class='ocrx_word' id='word_1_881' title='bbox 2237 5534 2344 5578; x_wconf 88' lang='lat' dir='ltr'><strong>tam</strong></span> <span class='ocrx_word' id='word_1_882' title='bbox 2385 5527 2474 5596; x_wconf 88' lang='lat' dir='ltr'><strong>pia</strong></span> <span class='ocrx_word' id='word_1_883' title='bbox 2513 5541 2675 5595; x_wconf 89' lang='lat' dir='ltr'><strong>quam</strong></span> <span class='ocrx_word' id='word_1_884' title='bbox 2723 5525 2916 5585; x_wconf 88' lang='lat' dir='ltr'><strong>audaci</strong></span> <span class='ocrx_word' id='word_1_885' title='bbox 2967 5526 3271 5586; x_wconf 81' lang='lat' dir='ltr'><strong>temeritate</strong></span> <span class='ocrx_word' id='word_1_886' title='bbox 3302 5525 3470 5584; x_wconf 80' lang='lat' dir='ltr'><strong>fuisse</strong></span> <span class='ocrx_word' id='word_1_887' title='bbox 3498 5527 3666 5586; x_wconf 54' lang='lat' dir='ltr'><strong>conlie</strong></span> 
     </span>
    </p>
   </div>
   <div class='ocr_carea' id='block_1_120' title="bbox 2086 5604 2249 5649">
    <p class='ocr_par' dir='ltr' id='par_1_120' title="bbox 2086 5604 2249 5649">
     <span class='ocr_line' id='line_1_120' title="bbox 2086 5604 2249 5649; baseline -0.018 0"><span class='ocrx_word' id='word_1_888' title='bbox 2086 5604 2249 5649; x_wconf 87' lang='lat' dir='ltr'><strong>ctam.</strong></span> 
     </span>
    </p>
   </div>
   <div class='ocr_carea' id='block_1_121' title="bbox 913 5745 3664 5817">
    <p class='ocr_par' dir='ltr' id='par_1_121' title="bbox 913 5745 3664 5817">
     <span class='ocr_line' id='line_1_121' title="bbox 913 5745 3664 5817; baseline 0.004 -25"><span class='ocrx_word' id='word_1_889' title='bbox 913 5746 1214 5817; x_wconf 56' lang='lat' dir='ltr'><strong>expungitur</strong></span> <span class='ocrx_word' id='word_1_890' title='bbox 1233 5747 1282 5794; x_wconf 89' lang='lat' dir='ltr'><strong>in</strong></span> <span class='ocrx_word' id='word_1_891' title='bbox 1295 5745 1493 5817; x_wconf 71' lang='lat' dir='ltr'><strong>codice;</strong></span> <span class='ocrx_word' id='word_1_892' title='bbox 1514 5747 1643 5817; x_wconf 84' lang='lat' dir='ltr'><strong>quod</strong></span> <span class='ocrx_word' id='word_1_893' title='bbox 1665 5753 1827 5817; x_wconf 75' lang='lat' dir='ltr'><strong>tamen</strong></span> <span class='ocrx_word' id='word_1_894' title='bbox 1855 5749 1910 5817; x_wconf 74' lang='lat' dir='ltr'><strong>fit</strong></span> <span class='ocrx_word' id='word_1_895' title='bbox 1929 5753 2096 5796; x_wconf 87' lang='lat' dir='ltr'><strong>contra</strong></span> <span class='ocrx_word' id='word_1_896' title='bbox 2118 5749 2272 5817; x_wconf 73' lang='lat' dir='ltr'><strong>sancti</strong></span> <span class='ocrx_word' id='word_1_897' title='bbox 2300 5749 2556 5817; x_wconf 74' lang='lat' dir='ltr'><strong>Epiphanii</strong></span> <span class='ocrx_word' id='word_1_898' title='bbox 2584 5746 2850 5817; x_wconf 79' lang='lat' dir='ltr'><strong>lectionem</strong></span> <span class='ocrx_word' id='word_1_899' title='bbox 2877 5751 2924 5817; x_wconf 83' lang='lat' dir='ltr'><strong>in</strong></span> <span class='ocrx_word' id='word_1_900' title='bbox 2951 5753 3207 5817; x_wconf 44' lang='lat' dir='ltr'><strong>ducor-ato.</strong></span> <span class='ocrx_word' id='word_1_901' title='bbox 3234 5752 3430 5817; x_wconf 77' lang='lat' dir='ltr'><strong>cap.60,</strong></span> <span class='ocrx_word' id='word_1_902' title='bbox 3455 5768 3546 5802; x_wconf 75' lang='lat' dir='ltr'><strong>nec</strong></span> <span class='ocrx_word' id='word_1_903' title='bbox 3571 5770 3664 5804; x_wconf 76' lang='lat' dir='ltr'><strong>non</strong></span> 
     </span>
    </p>
   </div>
   <div class='ocr_carea' id='block_1_122' title="bbox 407 5803 3654 5872">
    <p class='ocr_par' dir='ltr' id='par_1_122' title="bbox 407 5803 3654 5872">
     <span class='ocr_line' id='line_1_122' title="bbox 407 5803 3654 5872; baseline 0.005 -27"><span class='ocrx_word' id='word_1_904' title='bbox 407 5807 584 5872; x_wconf 71' lang='lat' dir='ltr'><strong>contra</strong></span> <span class='ocrx_word' id='word_1_905' title='bbox 602 5803 861 5872; x_wconf 72' lang='lat' dir='ltr'><strong>Hippolyti</strong></span> <span class='ocrx_word' id='word_1_906' title='bbox 887 5803 1105 5872; x_wconf 78' lang='lat' dir='ltr'><strong>Thebani</strong></span> <span class='ocrx_word' id='word_1_907' title='bbox 1129 5805 1408 5872; x_wconf 64' lang='lat' dir='ltr'><strong>Cbronicon.</strong></span> <span class='ocrx_word' id='word_1_908' title='bbox 1437 5803 1710 5872; x_wconf 59' lang='lat' dir='ltr'><strong>Ciet&#39;eroqui</strong></span> <span class='ocrx_word' id='word_1_909' title='bbox 1751 5811 1800 5857; x_wconf 88' lang='lat' dir='ltr'><strong>in</strong></span> <span class='ocrx_word' id='word_1_910' title='bbox 1839 5810 1938 5858; x_wconf 84' lang='lat' dir='ltr'><strong>alio</strong></span> <span class='ocrx_word' id='word_1_911' title='bbox 1972 5823 2060 5858; x_wconf 92' lang='lat' dir='ltr'><strong>nos</strong></span> <span class='ocrx_word' id='word_1_912' title='bbox 2083 5803 2419 5872; x_wconf 72' lang='lat' dir='ltr'><strong>volumine&#39;p&#39;.</strong></span> <span class='ocrx_word' id='word_1_913' title='bbox 2465 5809 2553 5856; x_wconf 66' lang='lat' dir='ltr'><strong>Bt</strong></span> <span class='ocrx_word' id='word_1_914' title='bbox 2582 5812 2712 5857; x_wconf 86' lang='lat' dir='ltr'><strong>inter</strong></span> <span class='ocrx_word' id='word_1_915' title='bbox 2766 5815 2918 5859; x_wconf 81' lang='lat' dir='ltr'><strong>sancti</strong></span> <span class='ocrx_word' id='word_1_916' title='bbox 2946 5813 3115 5871; x_wconf 69' lang='lat' dir='ltr'><strong>Cyrilli</strong></span> <span class='ocrx_word' id='word_1_917' title='bbox 3153 5803 3217 5861; x_wconf 76' lang='lat' dir='ltr'><strong>ad</strong></span> <span class='ocrx_word' id='word_1_918' title='bbox 3259 5803 3535 5866; x_wconf 61' lang='lat' dir='ltr'><strong>M&#39;atlhazum</strong></span> <span class='ocrx_word' id='word_1_919' title='bbox 3559 5803 3654 5872; x_wconf 58' lang='lat' dir='ltr'><strong>ira;</strong></span> 
     </span>
    </p>
   </div>
   <div class='ocr_carea' id='block_1_123' title="bbox 413 5865 2990 5942">
    <p class='ocr_par' dir='ltr' id='par_1_123' title="bbox 413 5865 2990 5942">
     <span class='ocr_line' id='line_1_123' title="bbox 413 5865 2990 5942; baseline 0.005 -33"><span class='ocrx_word' id='word_1_920' title='bbox 413 5868 618 5924; x_wconf 67' lang='lat' dir='ltr'><strong>menta</strong></span> <span class='ocrx_word' id='word_1_921' title='bbox 653 5865 865 5930; x_wconf 56' lang='lat' dir='ltr'><strong>pariete</strong></span> <span class='ocrx_word' id='word_1_922' title='bbox 887 5868 1106 5918; x_wconf 72' lang='lat' dir='ltr'><strong>scholica</strong></span> <span class='ocrx_word' id='word_1_923' title='bbox 1128 5870 1387 5930; x_wconf 82' lang='lat' dir='ltr'><strong>edidimus,</strong></span> <span class='ocrx_word' id='word_1_924' title='bbox 1410 5865 1843 5942; x_wconf 35' lang='lat' dir='ltr'><strong>praedicto-Cyrum</strong></span> <span class='ocrx_word' id='word_1_925' title='bbox 1862 5873 2164 5940; x_wconf 82' lang='lat' dir='ltr'><strong>inscriptum,</strong></span> <span class='ocrx_word' id='word_1_926' title='bbox 2188 5871 2270 5920; x_wconf 85' lang='lat' dir='ltr'><strong>ubi</strong></span> <span class='ocrx_word' id='word_1_927' title='bbox 2297 5865 2385 5932; x_wconf 81' lang='lat' dir='ltr'><strong>pro</strong></span> <span class='ocrx_word' id='word_1_928' title='bbox 2404 5884 2578 5933; x_wconf 57' lang='grc' dir='ltr'>πντιρας</span> <span class='ocrx_word' id='word_1_929' title='bbox 2607 5873 2789 5934; x_wconf 78' lang='lat' dir='ltr'><strong>legitur</strong></span> <span class='ocrx_word' id='word_1_930' title='bbox 2809 5865 2990 5934; x_wconf 59' lang='grc' dir='ltr'><strong>ματ-πηιζ</strong></span> 
     </span>
    </p>
   </div>
  </div>
