4106 6446
483 424 593 479 947

1167 424 1430 480 EUSEBII
1467 423 1943 482 CASSARIENSIS
1981 421 2130 479 OPP.
2170 424 2348 479 PARS
2377 425 2464 480 lll.
2505 455 2574 465 —
2614 420 3055 479 EXEGETICA.‘

3614 424 3718 477 948

480 555 612 595 rans
644 537 1121 603 resurrectionem,
1142 539 1371 610 ideoque
1395 541 1549 606 ﬂens,
1581 542 1715 595 nihil
1736 549 2042 597 tortuosum

2146 542 2243 613 τὴν
2259 542 2571 606 ἀνάστασιν,
2596 545 2688 596 καὶ
2715 541 2801 595 διὰ
2814 541 2974 595 τοῦτο
2999 539 3306 603 κλαίουσαν,
3331 538 3480 591 οὐδὲν
3498 537 3564 592 ἂν
3592 555 3717 591 σκο-

482 631 581 684 tibi
615 637 889 690 occurret,
922 630 1070 683 omni
1111 630 1220 699 jam
1267 631 1609 688 dubitatione
1639 649 1704 687 ac
1744 634 2045 702 quaestione
2092 688 2100 694 ,

481 726 708 773 remota.
742 717 911 788 Igitur
943 719 1088 787 quod
1118 736 1244 775 sero
1275 719 1661 789 Sabbatorum,
1703 724 1866 777 sicuti
1899 734 2044 778 retro

480 811 825 875 tradidimus,
868 821 1170 882 perpetrata
1212 813 1415 869 fuerint
1453 831 1515 869 ea
1544 832 1664 886 quae
1713 817 1857 886 apud
1904 816 2042 871 Mat-

475 903 673 957 thaeum
709 904 1029 959 scribuntur
1082 906 1149 961 de
1198 907 1507 962 interventu
1562 908 1852 962 Mariarum
1908 910 2044 964 dua-

477 1008 634 1056 rum;
676 991 929 1062 quodque
973 1008 1130 1047 mane
1162 1010 1264 1046 una
1299 992 1661 1048 Sabbatorum
1704 995 1824 1049 aliae
1866 994 2044 1050 Maria:

475 1100 539 1138 ea
580 1100 699 1155 qua:
740 1094 867 1139 sunt
915 1085 1059 1154 apud
1109 1083 1373 1139 Joannem
1410 1084 1808 1155 spectaverint;
1860 1087 2043 1140 omnia

479 1177 614 1238 hac,
646 1176 886 1245 inquam,
919 1191 1044 1231 vera
1076 1184 1225 1240 sunt,
1274 1178 1536 1246 nullaque
1565 1177 1928 1247 repugnantia
1958 1184 2043 1231 est

478 1266 562 1320 vel
592 1266 836 1319 locorum
874 1266 957 1318 vel
988 1273 1292 1334 temporum
1324 1265 1408 1319 vel
1436 1278 1793 1333 personarum
1826 1263 1907 1316 vel
1941 1261 2040 1316 de-

478 1361 643 1427 nique
666 1358 1016 1412 narrationis.

552 1451 603 1504 7.
645 1448 779 1503 Nam
820 1448 867 1503 si
906 1446 1049 1501 forte
1076 1445 1408 1517 Magdalenae
1442 1461 1662 1507 nomen,
1714 1444 1859 1515 quod
1895 1441 2040 1511 apud

479 1550 775 1609 utrumque
804 1538 1197 1606 evangelistam
1237 1535 1514 1604 adjicitur,
1546 1536 1869 1590 sententiam
1908 1547 2042 1587 con-

476 1634 697 1697 turbat;
753 1630 1034 1684 enimvero
1081 1627 1227 1682 haud
1285 1642 1497 1697 asquum
1527 1634 1611 1683 est
1638 1627 1878 1681 divinam
1912 1637 2039 1697 per-

423 1788 433 1801 _
476 1724 696 1780 misceri
718 1722 1056 1792 Scripturam
1084 1720 1248 1773 unius
1278 1718 1483 1773 voculae
1508 1718 1814 1773 nominisve
1846 1734 2035 1782 causa,

2145 632 2255 685 λιδν
2270 634 2659 704 ἀπαντήσεται,
2679 634 2857 701 πάσης
2880 631 3108 702 ἀπορίας
3124 630 3219 684 καὶ
3241 628 3517 701 ζητήσεως
3556 629 3719 681 ἐκπο-

2144 723 2247 776 δὼν
2268 724 2527 794 ἀρθείσης
2547 739 2558 753 '
2583 723 2675 776 καὶ
2706 722 2802 790 ὀψὲ
2833 723 2929 793 μὲν
2962 720 3273 783 Σαϐϐάτων,
3303 718 3444 773 κατά
3477 718 3545 772 τὰ
3578 720 3716 772 ἀπο-

2144 815 2432 886 δεδομένα,
2468 814 2872 885 πεπραγμένων
2902 811 3010 865 τῶν
3042 812 3132 865 ἐπὶ
3181 811 3259 881 τῷ
3290 809 3553 880 Ματθαίῳ
3589 826 3718 878 συγ-

2147 905 2546 976 γεγραμμένων
2566 904 2657 955 ὲπὶ
2686 902 2953 974 παρουσίᾳ
2974 900 3081 955 τῶν
3113 900 3203 954 δύο
3226 902 3313 954 Ma
3324 900 3473 972 ριῶν,
3506 902 3718 972 πρωΐας

2145 995 2200 1048 δὲ
2215 999 2279 1066 τῇ
2312 997 2410 1065 μιᾷ
2432 993 2538 1046 τῶν
2571 992 2861 1046 Σαὸὄάτων
2893 994 3083 1064 ἑτέρας
3097 992 3314 1064 Μαρίας
3338 991 3438 1055 τὰς
3468 993 3617 1063 παρά
3639 992 3718 1062 τῷ

2157 1087 2373 1156 Ἰωάννῃ
2435 1085 2783 1155 τεθεαμένας,
2826 1084 3180 1156 ἀληθεύεσθαί
3229 1100 3287 1136 τε
3342 1085 3571 1138 κάκεῖνα
3621 1087 3716 1139 καὶ

2142 1175 2333 1238 ταῦτα,
2365 1174 2497 1244 μηδὲ
2550 1174 2855 1242 ἀντιλογίαν
2884 1174 3154 1244 περιέχειν
3182 1174 3305 1236 τοὺς
3332 1174 3547 1239 τόπους,
3579 1177 3717 1246 μήτε

2144 1266 2283 1321 κατὰ
2300 1265 2426 1328 τοὺς
2442 1264 2685 1335 χρόνους,
2707 1266 2844 1337 μήτε
2868 1264 3009 1319 κατά
3034 1265 3100 1319 τά
3116 1266 3401 1337 πρόσωπα,
3424 1266 3558 1337 μήτε
3574 1268 3715 1321 κατὰ

2141 1359 2268 1421 τοὺς
2291 1357 2500 1425 λόγους.

2214 1448 2279 1513 ζ’.
2318 1450 2381 1502 Ei
2407 1450 2462 1503 δὲ
2492 1449 2552 1502 τὸ
2582 1450 2680 1520 τῆς
2706 1450 3071 1521 Μαγδαληνῆς
3102 1452 3496 1522 προσκείμενον
3529 1453 3588 1504 ὲν
3610 1452 3716 1523 ἀμ-

2146 1542 2392 1615 φοτέροις
2421 1546 2532 1607 τοϊς
2565 1542 2977 1612 εὐαγγελισταῖς
3017 1543 3185 1613 ὄνομα
3222 1542 3318 1613 τὴν
3351 1542 3590 1599 διάνοιαν
3615 1563 3714 1599 τα-

2151 1634 2353 1705 ράττει,
2383 1634 2495 1688 ἀλλ’
2525 1635 2585 1686 ού
2627 1635 2890 1706 προσήκει
2918 1634 3017 1705 τὴν
3054 1633 3203 1687 θείαν
3240 1636 3457 1704 συγχεῖν
3492 1635 3715 1706 Γραφὴν

2148 1722 2341 1789 λέξεως
2373 1726 2501 1795 μιᾶς
2544 1724 2578 1794 ἢ
2602 1723 2876 1795 ,ὀνόματος
2903 1722 3108 1788 ἕνεκεν,
3142 1723 3171 1777 ὃ
3203 1723 3458 1787 πολλάκις
3489 1724 3717 1795 συμϐαί-

475 1816 531 1870 id
572 1816 715 1883 quod
749 1829 889 1883 saepe
919 1811 1117 1865 accidit
1150 1825 1335 1864 errore
1372 1808 1580 1864 librarii
1631 1809 1872 1864 obtrudi.
1930 1809 2040 1864 Aut

2152 1832 2231 1867 νει
2260 1815 2354 1867 καὶ
2384 1813 2522 1867 κατά
2560 1813 2824 1884 γραφικὺν
2859 1812 3208 1885 προσκεῖσθαι
3242 1815 3483 1884 σφάλμα·
3532 1815 3565 1885 ἢ
3606 1816 3716 1888 γάρ

476 1892 620 1960 enim
651 1905 788 1959 duas
818 1904 915 1957 bas
950 1916 1017 1955 ex
1047 1915 1154 1954 una
1188 1901 1322 1954 urbe
1370 1915 1464 1955 seu
1517 1900 1744 1954 castello
1794 1899 2040 1970 Magdalo

2146 1907 2236 1961 δύο
2266 1906 2360 1959 καὶ
2404 1904 2605 1969 ταύτας
2638 1906 2745 1958 ἀπὸ
2779 1906 2908 1977 μιᾶς
2933 1905 3139 1969 πόλεως
3169 1906 3203 1977 ἢ
3241 1905 3431 1978 κώμης
3465 1906 3576 1979 (55)
3615 1909 3715 1979 τῆς

476 1997 767 2051 advenisse
789 1992 1089 2062 putandum
1121 1998 1244 2058 est;
1290 1999 1385 2044 aut
1418 1989 1668 2045 alterutri
1713 2006 1780 2045 ex
1827 1990 1913 2046 his
1964 2001 2042 2047 te-

475 2102 623 2143 mere
650 2085 819 2141 fuisse
852 2083 1121 2153 adjectum
1156 2080 1490 2152 Magdalenaa
1518 2094 1844 2151 cognomen,
1872 2082 2043 2136 semel

476 2180 699 2234 librario
728 2177 821 2248 qui
853 2178 1160 2247 antiquitus
1216 2176 1439 2245 scripsit
1490 2175 1545 2229 in
1575 2190 1817 2230 errorem
1848 2176 2041 2244 lapso;

474 2270 620 2341 quod
649 2270 908 2338 deinceps
936 2267 1192 2322 mendum
1246 2266 1620 2337 exscriptores
1667 2266 1861 2335 reliqui
1908 2265 2041 2320 reti-

474 2370 735 2418 nuerunt.
776 2361 834 2416 Id
883 2361 1062 2432 ipsum
1123 2360 1256 2415 alias
1302 2373 1519 2429 quoque
1579 2357 1847 2413 accidisse
1879 2358 2042 2427 paulo

474 2462 600 2525 post
647 2451 1174 2508 demonstrabimus.
1236 2450 1439 2519 Nempe
1485 2465 1610 2504 cum
1662 2450 1719 2503 in
1769 2448 2039 2519 ejusmodi

472 2548 636 2602 rebus
665 2561 694 2599 a
726 2544 997 2616 principio
1021 2543 1242 2614 quidem
1264 2543 1526 2598 dictatum
1550 2550 1700 2598 recte
1730 2541 1917 2606 fuerit,
1945 2542 2040 2597 sed

474 2649 664 2710 postea
692 2636 942 2693 mendum
980 2636 1303 2706 obrepserit,
1331 2650 1507 2706 neque
1535 2642 1717 2690 tamen
1742 2649 2043 2690 amanuen-

473 2749 564 2789 ses
617 2732 902 2803 scripturae
960 2731 1317 2788 mutationem
1368 2728 1711 2799 agnoverint,
1763 2728 2041 2782 nonnulla

473 2823 802 2891 quastiones
822 2833 1023 2875 exortae
1057 2826 1203 2874 sunt.
1238 2819 1415 2889 Atque
1440 2819 1513 2872 ita
1540 2820 1687 2872 circa
1712 2818 2041 2889 Magdalena:

474 2927 799 2982 cognomen,
856 2923 1194 2978 supervacue
1260 2909 1355 2961 uni
1417 2923 1484 2963 ex
1535 2907 1722 2965 Mariis
1770 2908 2036 2971 additum,

473 3002 772 3072 contigisse
803 3000 953 3055 dices
996 3017 1010 3053 :
1043 3014 1153 3069 quo
1203 2998 1405 3060 ablato,
1437 2998 1651 3052 tollitur
1677 2999 1856 3054 omnis
1888 3014 2037 3067 qua:-

473 3095 601 3155 stio,
635 3093 853 3146 nemine
898 3091 1012 3158 jam
1048 3088 1104 3143 in
1154 3088 1242 3144 bis
1302 3089 1439 3145 locis
1477 3090 1782 3146 dubitante.
1818 3088 1957 3160 Ergo
1984 3096 2039 3145 et

474 3200 599 3240 sero
628 3183 1013 3244 Sabbatorum,
1055 3181 1111 3236 id
1153 3191 1239 3237 est
1280 3181 1550 3252 profunda
1582 3189 1760 3246 nocte,
1801 3197 1885 3246 ea,
1919 3196 2039 3252 quae

2144 1996 2510 2068 Μαγδαληνῆς
2550 1995 2821 2068 ὁρμᾶσθαι
2878 1996 3131 2066 ἡγητέονο
3172 1997 3205 2067 ἢ
3244 1998 3338 2051 ἐπὶ
3375 2001 3502 2069 μιᾶς
3538 1997 3715 2051 αὐτῶν

2144 2088 2498 2161 προσκεῖσθαι
2525 2088 2587 2140 τὸ
2610 2087 2710 2158 τῆς
2738 2086 3102 2157 Μαγδαληνῆς
3132 2086 3434 2159 ἐπώνυμον,
3454 2089 3602 2155 ἀποιξ
3619 2088 3714 2142 τοῦ

2141 2180 2399 2252 γραφέως
2434 2179 2574 2233 κατά
2607 2178 2706 2249 τὴν
2744 2178 2918 2250 ἀρχὴν
2948 2178 3259 2247 σφαλέντος,
3294 2180 3373 2233 ὅτι
3401 2179 3463 2245 ἐξ
3505 2180 3716 2235 ἐκείνου

2141 2269 2249 2324 τῶν
2286 2270 2400 2340 μετ’
2428 2270 2589 2323 αὐτὸν
2626 2268 2828 2341 πρώτῳ
2860 2270 3374 2341 ὲπηκολουθηκότων
3401 2272 3678 2344 σφάλματι
3697 2290 3712 2305 ’

2140 2361 2297 2414 τοῦτο
2328 2360 2386 2414 δὲ
2413 2360 2506 2414 καὶ
2532 2360 2617 2429 ἐφ’
2641 2360 2811 2432 ἑτέρῳ
2842 2360 3075 2431 συμϐὰν,
3108 2363 3333 2432 σμικρὸν
3351 2361 3575 2434 ὕστερον
3597 2364 3718 2417 ἐπι-

2140 2451 2417 2523 δείξωμενο
2454 2450 2571 2504 ἀλλ’
2602 2450 2789 2522 ὥσπερ
2816 2452 2908 2505 ἐπὶ
2944 2451 3199 2506 τοιούτων
3237 2452 3412 2524 ὀρθῶς
3444 2453 3585 2507 κατά
3613 2455 3715 2526 τὴν

2142 2543 2314 2615 ἀρχὴν
2337 2542 2678 2614 ὑπηγόρευτο
2694 2583 2709 2606 ,
2737 2543 2878 2596 κατά
2904 2543 3125 2613 σφάλμα
3152 2545 3209 2598 δὲ
3236 2545 3344 2598 τῶν
3372 2547 3509 2616 μετὰ
3543 2546 3715 2602 ταῦτα

2145 2631 2219 2702 μὴ
2241 2630 2608 2701 ἀκριϐοῦντων
2638 2630 2735 2702 τὴν
2772 2632 3092 2705 μεταϐολὴν,
3125 2635 3437 2707 συμσέόηκέ
3468 2654 3589 2691 τινα
3613 2637 3678 2709 Cr;
3702 2668 3713 2681 -

2139 2723 2371 2786 τείσθαι,
2401 2722 2545 2777 οὕτω
2566 2723 2660 2777 καὶ
2683 2723 2776 2776 ἐπὶ
2802 2723 2895 2777 τοῦ
2922 2725 3210 2797 ἐπωνύμου
3229 2729 3328 2799 τῆς
3350 2729 3714 2801 Μαγδαληνῆς

2141 2812 2410 2884 περιττῶς
2430 2812 2523 2866 ἐπὶ
2555 2814 2684 2883 μιᾶς
2699 2812 2918 2884 Μαρίας
2936 2815 3192 2884 κειμένου
3220 2816 3393 2881 εἴποις
3412 2818 3478 2871 ἂν
3499 2820 3715 2888 γεγονέο

2141 2921 2248 2957 ναν
2291 2896 2352 2957 οὗ
2383 2904 2787 2977 ὑφαιρεθέντος,
2817 2905 3253 2977 περιγέγραπται
3285 2911 3436 2961 πᾶσα
3466 2909 3712 2981 ζήτησις,

2144 2994 2368 3065 μηδενὸς
2398 2994 2591 3066 μηκέτι
2611 2994 2752 3048 κατά
2783 2997 2910 3059 τοὺς
2930 2997 3129 3060 τόπους
3154 2998 3554 3070 ἀπορουμένου·
3580 3000 3716 3055 ἀλλὰ

2142 3089 2237 3140 καὶ
2263 3086 2361 3157 ὀψὲ
2401 3086 2714 3152 Σαὸὅάτων,
2749 3087 2891 3141 τοῦτ’
2927 3087 3042 3142 ἔστι
3084 3088 3306 3159 βαθείας
3355 3092 3566 3155 νυκτὸς,
3601 3092 3713 3146 τῶν

2143 3178 2295 3249 παρά
2310 3176 2387 3247 τῷ
2416 3177 2682 3247 Ματθαίῳ
2699 3178 3098 3249 πεπραγμένων
3126 3178 3450 3249 ἑωραμένων
3480 3180 3585 3233 ὑπὸ
3609 3181 3712 3251 τῆς

472 3277 615 3346 apud
649 3273 957 3329 Mattbaeum
991 3248 1308 3337 narrantur,
1358 3274 1475 3328 visa
1503 3272 1725 3328 fuerunt
1755 3287 1784 3325 a
1818 3248 2037 3344 Magda-

2146 3248 2499 3339 Μαγδαληνῆς
2529 3269 2621 3322 καὶ
2653 3269 2753 3340 τῆς
2780 3248 2946 3341 άλλης
2975 3248 3222 3343 Μαριαςὲ
3251 3248 3345 3325 και
3378 3273 3608 3343 πρωῖας,
3631 3248 3712 3326 ἔτι

476 3367 598 3419 lena
629 3372 792 3434 atque
822 3364 891 3418 ab
913 3364 1020 3417 alia
1043 3363 1211 3417 Maria
1247 3381 1260 3414 :
1296 3371 1351 3418 et
1383 3378 1567 3426 mane,
1598 3363 1726 3417 dum
1752 3363 1930 3419 adhuc
1955 3373 2038 3419 te-

474 3457 659 3511 nebras
688 3461 893 3514 essent,
936 3453 1083 3509 venit
1112 3453 1220 3506 alia
1251 3450 1421 3506 Maria
1453 3453 1507 3507 in
1537 3453 1786 3508 eumdem
1820 3454 2036 3522 locum;

472 3564 592 3618 quae
641 3547 815 3617 primo
850 3545 1069 3617 quidem
1102 3545 1265 3599 anxia
1297 3553 1436 3610 erat,
1472 3545 1620 3599 haud
1655 3545 1876 3599 invento
1911 3544 2040 3601 Ser-

470 3638 677 3694 vatoris
705 3652 964 3708 corpore;
991 3637 1187 3693 deinde
1216 3645 1270 3693 et
1309 3637 1427 3708 ipsa
1461 3637 1756 3707 spectatrix
1793 3637 2037 3706 ejusdem

475 3732 597 3787 fuit.
636 3731 992 3787 Laudabilius
1028 3738 1209 3787 tamen
1234 3731 1345 3796 lict,
1376 3733 1511 3788 sine
1540 3732 1796 3786 mendum
1822 3730 2040 3802 quidem

469 3825 529 3879 in
559 3824 644 3878 his
677 3824 811 3878 locis
845 3839 969 3880 esse
993 3824 1367 3887 causabimur,
1401 3822 1645 3893 duasque
1672 3823 1854 3894 potius
1891 3822 2041 3893 Mag—

471 3916 697 3970 dalenas
725 3916 1091 3981 censebimus,
1114 3915 1279 3970 sicuti
1307 3914 1418 3985 jam
1438 3923 1674 3984 quatuor
1702 3915 2042 3970 demonstra-

469 4010 652 4063 vimus
684 4007 853 4063 l‘uisse
882 4000 1100 4062 Marias.
1143 4007 1304 4062 Certe
1346 4008 1495 4061 nulla
1530 4006 1845 4063 absurditas
1872 4017 2038 4074 vetat,

469 4099 771 4168 quominus
805 4099 943 4155 duas
978 4100 1178 4154 Marias
1210 4100 1279 4154 ab
1305 4100 1495 4155 eodem
1529 4100 1756 4156 castello
1794 4099 2042 4171 Magdalo

471 4192 692 4247 venisse
721 4190 974 4248 dicamus
1013 4211 1025 4247 :
1058 4207 1288 4262 prorsus
1316 4199 1369 4248 et
1401 4193 1548 4247 nulla
1571 4193 1684 4262 jam
1712 4194 2042 4264 perplexitas

476 4279 837 4349 relinquatur,
867 4281 961 4335 sed
983 4281 1152 4335 altera
1178 4281 1248 4337 sit
1276 4281 1367 4336 illa
1393 4297 1515 4352 qua:
1532 4296 1657 4337 sero
1680 4280 2042 4338 Sabbatorum

474 4372 619 4442 apud
648 4370 984 4437 Matthaeum,
1037 4374 1209 4429 altera
1251 4390 1445 4429 rursus
1475 4380 1530 4428 et
1562 4375 1679 4443 ipsa
1730 4373 2041 4445 Magdalena

474 4479 600 4532 quae
626 4464 770 4534 apud
794 4462 1059 4521 Joannem
1089 4481 1248 4521 mane
1266 4466 1332 4520 ad
1363 4476 1775 4521 monumentum
1798 4468 2039 4524 accedit:

2148 3358 2364 3422 σκοτίας
2378 3356 2563 3430 οὔσης,
2588 3359 2775 3431 ἑτέρας
2800 3360 3015 3432 Μαρίας
3037 3362 3371 3433 ἀφικομένης
3390 3363 3480 3415 ἐπὶ
3500 3362 3593 3415 τὸν
3613 3364 3714 3416 αύ-

2145 3450 2237 3505 τδν
2268 3450 2432 3504 τόπον
2451 3467 2466 3481 ο
2498 3451 2594 3504 καὶ¹
2632 3453 2893 3524 πρότερον
2934 3454 3031 3524 μὲν
3077 3454 3387 3526 ἀπορούσης
3420 3455 3513 3507 ἐπὶ
3540 3455 3602 3508 τδ
3639 3456 3716 3527 μὴ

2147 3542 2325 3612 εὑρεῖν
2355 3541 2416 3594 τὸ
2447 3541 2606 3612 σῶμα
2630 3542 2726 3595 τοῦ
2758 3544 3027 3615 Σωτῆρος·
3062 3543 3285 3617 ὕστερον
3322 3546 3381 3600 δὲ
3418 3546 3513 3600 καὶ
3549 3546 3719 3617 αὐτῆς

2148 3633 2522 3706 αὐτοπτούσης
2552 3635 2733 3687 αὐτόν’
2767 3635 2982 3689 κάλλιον
3007 3636 3064 3688 δὲ
3090 3635 3152 3689 τὸ
3181 3639 3256 3708 μὴ
3284 3637 3342 3690 δὲ
3375 3637 3599 3710 σφάλμα
3629 3640 3719 3692 αι-

2148 3722 2434 3777 τιάσασθαι
2467 3723 2605 3777 κατά
2633 3725 2760 3788 τοὺς
2785 3724 2985 3790 τόπους
3005 3765 3021 3789 ,
3047 3724 3141 3778 δύο
3166 3724 3225 3778 δὲ
3260 3724 3477 3798 ἀληθῶς
3501 3726 3721 3795 γεγονέ-

2150 3834 2239 3870 ναι
2260 3817 2359 3880 τάς
2392 3815 2752 3886 Μαγδαληνάς
2793 3817 3040 3885 φάσκειν,
3071 3816 3147 3881 ὡς
3180 3816 3274 3870 καὶ
3307 3816 3575 3888 τέτταρας
3611 3818 3721 3871 ἀπ·-

2151 3905 2326 3969 εδείξα
2334 3921 2431 3974 μεν
2448 3904 2545 3968 τὰς
2565 3905 2798 3976 Μαρίας*
2821 3899 2895 3958 ὧν
2913 3904 3063 3958 οὐδὲν
3081 3906 3277 3959 ἀτοπον
3295 3905 3402 3959 ἀπὸ
3427 3906 3529 3975 τῆς
3549 3907 3721 3977 αὐτῆς

2151 3994 2510 4066 Μαγδαληνῆς
2540 3994 2633 4048 δύο
2663 3996 2879 4067 Μαρίας
2905 3995 3178 4066 ὁρμᾶσθαι
3219 3996 3420 4064 λέγειν,
3463 3997 3627 4068 μηδέν
3658 4013 3723 4050 τε

2152 4085 2333 4139 λοιπὸν
2363 4086 2608 4157 ἀπορεῖν,
2641 4085 2752 4139 ἀλλ’
2773 4085 2962 4158 ἑτέραν
2989 4088 3085 4157 μὲν
3105 4082 3242 4140 εἶναι
3266 4087 3365 4156 τὴν
3397 4084 3492 4156 ὀψὲ
3515 4085 3722 4140 Σαϐϐά-

2151 4195 2259 4231 των
2296 4177 2446 4249 παρὰ
2477 4177 2554 4248 τῷ
2580 4177 2842 4249 Ματθαίῳ
2870 4178 3252 4249 Μαγδαληνὴν,
3276 4178 3469 4249 ἑτέραν
3486 4178 3544 4231 δὲ
3566 4174 3723 4242 αὖθις

2154 4267 2249 4320 καὶ⁵
2277 4268 2444 4339 αὐτὴν
2465 4268 2824 4339 Μαγδαληνὴν
2858 4268 2954 4339 τὴν
2981 4268 3131 4339 παρά
3156 4267 3232 4338 τῷ
3266 4268 3485 4342 Ἰωάννῃ
3510 4269 3725 4338 πρωῖας

2154 4359 2247 4412 ἐπὶ
2272 4359 2335 4412 τὸ
2362 4362 2622 4430 μνημεῖον
2656 4360 2915 4413 ἐλθοῦσαν
2934 4378 2949 4392 ο
2988 4359 3190 4431 ταύτην
3221 4360 3279 4412 δὲ
3310 4356 3448 4414 εἶναι
3486 4359 3583 4431 τὴν
3628 4362 3726 4415 καὶ

2156 4451 2308 4523 παρὰ
2324 4451 2403 4521 τῷ
2425 4452 2635 4524 Μάρκῳ
2651 4452 3008 4524 δηλουμένην,
3032 4452 3173 4506 κατά
3195 4469 3313 4505 τινα
3334 4452 3441 4506 τῶν
3466 4452 3725 4524 ἀντιγρά-

481 4567 644 4621 quam
707 4560 1036 4623 postremam
1078 4556 1338 4611 credibile
1395 4556 1468 4610 sit
1514 4571 1547 4610 a
1592 4555 1774 4611 Marco
1829 4573 2042 4628 quoque

2156 4559 2309 4612 φων,
2345 4542 2438 4610 ἀφ’
2462 4535 2531 4613 ἦς
2563 4541 2881 4613 ὲκόεὸλήκει
2928 4541 3067 4595 ἑπτὰ
3113 4541 3390 4611 δαιμόνια·
3439 4541 3533 4594 καὶ
3594 4539 3728 4594 ταύ-

473 4647 773 4702 memorari
808 4647 1108 4702 secundum
1139 4647 1349 4717 aliquot
1396 4647 1790 4717 exemplarium
1843 4646 2040 4714 ﬁdem;

472 4739 542 4794 de
563 4754 670 4808 qua
699 4738 954 4793 nimirum
995 4748 1199 4808 septem
1234 4738 1450 4795 fuerant
1490 4738 1755 4793 daemonia
1796 4740 1970 4808 ejecta
2024 4757 2041 4791 :

474 4839 638 4900 atque
670 4829 785 4885 haec
822 4829 1038 4885 videtur
1067 4831 1155 4884 cui
1204 4831 1409 4885 dictum
1454 4829 1621 4885 fuerit
1660 4828 1790 4883 Noti
1818 4846 1898 4883 me
1925 4838 2045 4881 tan-

468 4936 612 4987 gere,
636 4934 744 4973 non
775 4920 866 4973 illa
892 4935 1013 4989 quae
1047 4920 1189 4988 apud
1218 4919 1527 4975 Mattbazum
1566 4939 1577 4973 :
1612 4934 1739 4974 nam
1761 4919 1863 4975 etsi
1907 4917 2045 4972 forte

471 5021 524 5065 et
555 5011 673 5080 ipsa
705 5025 734 5062 a
763 5009 1010 5080 Magdalo
1039 5011 1271 5065 oriunda
1319 5020 1456 5075 erat,
1507 5011 1652 5064 haud
1685 5018 1866 5064 tamen
1895 5023 2045 5063 eam-

472 5101 593 5155 dem
638 5102 754 5172 pari
785 5103 1001 5156 macula
1030 5102 1270 5173 aspergit
1301 5102 1486 5157 divina
1526 5101 1829 5170 Scriptura.

466 5346 746 5413 Quomodo
784 5364 900 5417 qum
938 5349 1224 5403 secundum
1259 5347 1572 5417 Matthreum
1622 5364 1736 5401 sero
1781 5344 2041 5417 Sabbato-

540 5433 658 5469 rum
698 5415 1019 5487 Magdalena
1056 5436 1176 5473 cum
1220 5419 1391 5472 altera
1428 5416 1615 5487 Moriar
1649 5418 1816 5486 tetigit
1853 5415 2041 5470 Serva—

539 5487 669 5557 tpris
696 5485 870 5557 pedes,
910 5489 1092 5543 eadem
1135 5505 1285 5542 mane
1334 5505 1440 5540 una
1489 5485 1713 5541 Sabbali
1748 5485 2041 5540 secundum

534 5554 797 5611 Joannem
834 5560 1032 5613 audivit
1067 5578 1087 5610 ι
1126 5558 1257 5612 Νοιὶ
1291 5574 1370 5611 me
1398 5568 1628 5627 tangere.
1666 5577 1683 5608 ι

544 5710 593 5764 1.
641 5710 696 5765 Si
750 5713 968 5782 quidem
1004 5731 1112 5768 una
1151 5713 1451 5784 eademque
1499 5712 1667 5767 Maria
1723 5720 1868 5768 esset
1897 5712 2039 5782 apud

2151 4650 2249 4705 την
2276 4634 2422 4697 εἰκὸς
2452 4629 2589 4686 εἶναι
2614 4632 2708 4705 τὴν
2738 4634 3048 4688 ἀκούσασαν
3076 4633 3171 4700 Μή
3207 4651 3326 4702 μου
3366 4633 3579 4697 ἅπτου,
3607 4632 3726 4687 ἀλλ’

2150 4727 2210 4779 οὐ
2240 4727 2337 4797 τὴν
2364 4725 2514 4795 παρά
2543 4725 2621 4795 τῷ
2648 4726 2928 4797 Ματθαίῳο
2958 4730 3006 4779 εί
3034 4726 3141 4799 γὰρ
3167 4728 3259 4780 καὶ
3280 4725 3350 4779 τὰ
3372 4725 3605 4796 μάλιστα
3627 4726 3729 4779 κά·-

2154 4818 2303 4888 κείνη
2334 4817 2439 4871 ἀπὸ
2468 4818 2567 4887 τῆς
2590 4818 2950 4890 Μαγδαληνῖκ
2978 4819 3220 4889 ὡρμᾶτο,
3243 4818 3357 4871 ἀλλ’
3388 4818 3450 4871 ού
3476 4815 3546 4870 τά
3563 4817 3726 4888 ὃμοια

2154 4911 2248 4964 καὶ
2273 4911 2440 4982 αὐτῆς
2466 4912 2499 4983 ή
2530 4910 2650 4964 θεία
2688 4914 2983 4983 κατηγορεῖ
3005 4911 3043 4963 Γ
3048 4913 3194 4983 ραφή

2153 5341 2284 5408 Πῶς
2322 5340 2471 5395 κατὰ
2501 5340 2608 5393 τὸν
2628 5338 2928 5408 Ματθαῑον
2952 5337 3067 5407 ὀψὲ
3101 5337 3413 5392 Σαϐϐάτων
3429 5336 3468 5403 ή
3493 5326 3727 5408 Μαγδα-

2222 5405 2382 5485 ,πληγῇ
2416 5410 2566 5485 μετᾲ
2602 5408 2753 5485 τῆςχ
2773 5407 2972 5485 ἄλλης
2994 5405 3239 5485 *Μαρίας
3284 5405 3728 5485 ἀψαέιένη-’τῶζ

2221 5476 2430 5535 ποδιῖὶῷ
2452 5480 2558 5533 τοῦ
2589 5476 2879 5549 Σωτῆρος,
2920 5480 2959 5549 ἠ
3006 5478 3158 5546 αὑτὴ
3193 5480 3342 5544 πρωϊ
3365 5476 3443 5546 τῇ
3480 5476 3591 5549 μιᾷ
3620 5476 3729 5549 τοῦ

2219 5551 2530 5606 Σαϐϐάτου
2554 5547 2766 5605 ἀκούει
2795 5568 2813 5600 ι
2845 5548 2941 5616 Μή
2980 5567 3099 5619 μου
3145 5549 3337 5604 ἅπτου
3380 5570 3397 5600 ι
3426 5548 3577 5603 κατὰ
3622 5547 3729 5600 τὸν

2233 5621 2529 5675 Ἰωάννην.

2233 5623 2529 5689 Ἰωάννην.

2220 5711 2287 5763 α’.
2328 5712 2392 5764 El
2428 5711 2527 5781 μὲν
2544 5706 2637 5763 οὖν
2673 5710 2769 5781 μία
2795 5709 2889 5763 καὶ
2918 5710 2951 5780 ἡ
2976 5708 3113 5779 αὐτὴ
3146 5709 3232 5779 εἴη
3261 5708 3448 5780 Μαρία
3467 5705 3598 5781 παρ’
3621 5706 3725 5778 ἀμ-

539 5863 650 5933 (ὖῦ)
693 5863 961 5922 Eusebius
1000 5877 1054 5921 et
1091 5865 1452 5939 Hieronymus
1478 5869 1685 5925 Beloc.
1723 5868 1912 5937 Hebr.,
1950 5870 2039 5923 Μα

2146 5866 2208 5921 λὰ
2243 5865 2414 5937 φυλῆς
2453 5864 2640 5929 Ἰούδα,
2674 5862 2929 5934 Hagdala
2961 5865 3014 5918 in
3045 5863 3184 5917 tribu
3208 5859 3244 5916 Ι
3250 5860 3375 5916 uda.
