4106 6430
467 390 568 446 919

1062 387 1525 457 ρυιιΕδτιοΝιῖε
1561 387 2035 443 ΕνΛΝΟἶζῙΛΕΛΞ.

2180 388 2505 456 QUAESTIO
2542 390 2610 443 ιιι
2648 389 2739 443 AD
2776 367 3146 444 nmmum]

3570 394 3575 399 ’
3603 388 3707 443 950

470 503 717 577 φοτὲροις
748 504 856 566 τοῖς
888 501 1317 569 εὐαγγελισταὶς,
1347 500 1570 571 λέξομεν
1595 501 1730 570 ὅτιή
1764 501 1899 572 αὐτὴ
1920 503 2045 555 πολε

2159 512 2440 573 utrumque
2476 503 2888 575 evangelistam,
2939 500 3232 556 dicendum
3286 500 3427 557 foret
3462 503 3708 557 eamdem

470 594 625 657 λάκις
656 592 748 646 ἐπὶ⁵
766 594 856 646 τὸν
889 592 1050 647 αὐτὸν
1069 592 1282 661 ἀπήντα
1306 592 1490 655 τόπον,
1536 590 1718 661 ἐπειδὴ
1744 585 1921 645 εἷλκεν
1945 593 2042 648 αὐτ

469 685 568 757 τὴν
594 687 627 756 ἡ
656 683 916 754 ἔκπληξις
942 681 1034 735 τοῦ
1072 681 1394 752 πράγματος
1416 682 1509 735 καὶ
1536 682 1569 751 ή
1593 680 1685 733 ἐπὶ
1710 680 1788 751 τῷ
1804 681 2042 750 γεγονότι

471 776 642 848 χαρά·
677 774 867 848 πρώτη
906 773 1082 828 τοίνυν
1116 774 1474 844 ἀπαντήσασα
1501 773 1591 826 καὶ
1634 771 1822 844 πρώτη
1854 772 2042 827 τεθεα-

478 870 614 939 μένη
639 867 709 921 τὰ
729 866 880 938 παρά
904 864 982 935 τῷ
1031 864 1271 937 Ἰωάννῃ,
1303 864 1684 935 ἐσπευσμένως
1708 862 1871 935 ἀπῄει
1909 864 2045 935 πρὸς

475 960 601 1024 τοὺς
632 958 959 1020 ἀποστόλους
978 957 1040 1009 τὸ
1068 956 1305 1029 πρῶτον,
1327 956 1426 1027 τὴν
1457 955 1551 1010 τοῦ
1590 957 1866 1028 μνήματος
1899 956 2045 1011 ἀνοισ-

480 1052 560 1117 ξιν
581 1050 1012 1119 ἀπαγγέλλουσαο
1033 1045 1129 1102 εἷθ’
1156 1048 1271 1119 ἅμα
1300 1047 1398 1119 τὴν
1414 1048 1706 1102 ἀνάστασιν
1724 1048 2043 1120 τεθεαμένη,

480 1142 758 1211 ἐδυσφόρει
800 1140 1097 1194 ὑπονοοῦσα
1129 1136 1293 1211 ἧρθαι
1324 1140 1385 1192 τὸ
1413 1139 1569 1210 σῶμα
1611 1139 1703 1193 τοῦ
1742 1138 1914 1210 Ἰησοῦ
1942 1140 2047 1191 ἀπὸ

479 1233 572 1287 τοῦ
606 1236 902 1304 μνήματος,
942 1233 1019 1304 μὴ
1041 1232 1239 1285 εἰδέναι
1282 1249 1344 1285 τε
1379 1233 1509 1286 ὅπου
1541 1232 1768 1285 τέθειτοθ
1806 1227 1902 1284 εἶτ’
1955 1233 2050 1284 ἐπ-

481 1311 632 1395 ανῄει
658 1323 907 1395 δεύτερον
949 1325 1043 1376 σὺν
1084 1323 1264 1385 αὐτοῖς
1304 1324 1395 1376 ἐπὶ
1426 1323 1489 1375 τὸ
1522 1326 1730 1393 μνῆμα*
1760 1323 1834 1385 ὡς
1868 1322 1911 1375 δ’
1951 1322 2051 1373 ἐπε

483 1418 742 1488 ἔστρεφον
758 1416 936 1469 οἴκαδε
952 1419 1167 1479 ἐκεῖνοι,
1190 1416 1324 1486 μόνη
1339 1415 1496 1469 πάλιν
1510 1415 1891 1478 ἀπολειφθεῖσα
1906 1417 1961 1467 ἐν
1974 1414 2052 1486 τῷ

483 1508 652 1579 τόπῳ,
676 1509 890 1563 ἔκλαιεν
928 1510 1141 1563 ἑστῶσα
1166 1527 1181 1540 ο
1211 1505 1331 1562 εἶτα
1353 1508 1446 1561 τοῦ
1489 1512 1763 1580 μνήματος
1791 1509 1921 1563 εἴσω
1939 1509 2052 1562 δια-

485 1598 721 1663 κύψασα,
746 1601 871 1664 τοὺς
903 1600 995 1654 δύο
1015 1600 1275 1670 ἀγγέλους
1291 1599 1532 1672 ἐθεώρει’
1558 1600 1743 1653 ἔπειτα
1766 1602 1857 1654 καὶ
1891 1600 2052 1654 αὑτὸν

483 1693 584 1762 ὁρᾷ
615 1692 707 1745 τὸν
736 1692 991 1763 Σωτῆραο
1026 1692 1106 1758 ὃς,
1143 1691 1328 1764 ἐπειδὴ
1357 1690 1618 1744 κλαίουσα
1658 1693 1929 1762 εἱστήκει,
1970 1692 2057 1746 ἀν·

2143 608 2284 663 saepe
2308 594 2365 650 in
2391 594 2642 651 eumdem
2674 595 2853 649 locum
2894 593 3132 659 venisse,
3159 606 3326 663 quam
3372 593 3585 649 scilicet
3629 600 3713 650 at-

2144 686 2395 740 trahebat
2418 684 2707 741 admiratio
2730 687 2808 741 rei
2842 693 3006 755 gesta:
3030 691 3084 739 et
3107 698 3402 739 successus
3428 683 3709 755 gaudium.

2144 775 2324 831 Prima
2352 777 2518 849 igitur
2544 779 2673 833 illuc
2707 776 2972 848 profecta,
3006 776 3292 847 primaque
3322 790 3529 839 rerum,
3572 789 3712 845 quas

2144 864 2382 922 Joannes
2426 874 2636 934 narrat,
2672 866 2994 936 spectatrix,
3047 864 3373 921 festinanter
3403 863 3618 919 redibat
3646 864 3714 917 ad

2147 957 2457 1027 apostolos;
2505 956 2771 1027 principio
2828 957 3048 1026 quidem
3099 955 3341 1025 sepulcri
3377 954 3713 1024 apertionem

2147 1047 2408 1103 nuntians
2441 1067 2453 1102 :
2489 1047 2707 1113 deinde,
2728 1062 3041 1117 quanquam
3069 1046 3531 1101 resurrectionem
3562 1045 3715 1099 vide-

2153 1146 2260 1207 rat,
2293 1139 2597 1211 angebatur
2629 1138 2987 1194 nihilominus
3017 1139 3331 1209 suSpicione
3362 1152 3432 1192 ne
3462 1135 3586 1207 quis
3617 1150 3717 1205 ρος

2153 1233 2263 1287 tius
2288 1230 2418 1288 Jesu
2461 1246 2660 1302 corpus
2715 1246 2746 1285 e
2792 1239 3145 1287 monumento
3191 1230 3531 1293 abstulisset,
3567 1227 3715 1297 quod

2153 1321 2431 1377 nesciebat
2465 1336 2703 1391 quonam
2736 1328 2882 1376 esset
2918 1319 3267 1375 translatum.
3305 1319 3443 1373 Exin
3473 1316 3716 1373 secundo

2154 1412 2265 1467 ibat
2291 1427 2415 1467 cum
2448 1412 2713 1481 apostolis
2751 1411 2821 1466 ad
2860 1419 3296 1467 monumentum.
3327 1410 3628 1480 Postquam
3662 1409 3717 1463 bi

2152 1501 2375 1557 domum
2423 1502 2628 1557 reversi
2677 1509 2827 1566 sunt,
2878 1502 2995 1557 sola
3025 1517 3220 1557 rursus
3246 1502 3300 1555 in
3350 1503 3471 1556 loco
3502 1502 3712 1564 relicta,

2153 1590 2287 1647 ﬂens
2322 1591 2397 1646 ibi
2430 1591 2786 1646 subsistebat.
2816 1590 3021 1646 Deinde
3068 1590 3125 1644 in
3169 1598 3582 1646 monumentum
3641 1588 3721 1643 in-

2156 1682 2483 1753 trospiciens
2533 1682 2673 1738 duos
2723 1683 2947 1753 angelos
2994 1681 3133 1737 vidit
3190 1701 3203 1736 :
3259 1682 3494 1751 denique
3540 1682 3718 1750 ipsum

487 1781 771 1853 θρωπίνως
793 1782 849 1836 δὲ
870 1783 963 1837 καί
988 1782 1278 1849 ταπεινῶς,
1303 1782 1378 1846 ὼς
1395 1782 1460 1836 ἂν
1482 1781 1776 1845 κλαπέντος
1807 1781 2055 1853 σώματος

2159 1775 2332 1829 oculis
2385 1774 2505 1844 ejus
2551 1773 2795 1828 oblatum
2827 1772 3177 1830 Servatorem
3221 1792 3248 1833 :,
3287 1788 3451 1844 quam
3487 1773 3562 1828 ibi
3594 1787 3721 1826 cum

487 1872 672 1935 αὐτοῦ,
713 1873 1027 1944 διακειμένη
1048 1914 1063 1939 ,
1097 1873 1290 1941 ἀνάξιά
1318 1891 1377 1927 τε
1409 1875 1537 1944 περὶ
1563 1872 1726 1927 αὐτοῦ
1762 1872 2053 1943 φρονοῦσα,

2159 1867 2289 1921 lletu
2325 1866 2640 1929 haerentem,
2689 1875 2742 1920 et
2788 1880 2854 1920 ex
2905 1866 3161 1920 humana:
3189 1865 3528 1920 inlirmitatis
3559 1872 3723 1937 atque

489 1963 701 2033 πρῶτον
749 1964 845 2034 μὲν
894 1964 1063 2034 αὐτὴν
1104 1966 1337 2032 γυναῖκα
1371 1963 1666 2034 ὀνομάζει,
1713 1963 2056 2035 ἐπιπλήττων

488 2052 624 2125 αὐτῇ
651 2056 744 2107 καὶ
766 2054 1037 2118 ὀνειδίζων
1077 2055 1139 2107 τὸ
1175 2057 1480 2122 γυναικεῖον
1517 2054 1714 2117 πάθος·
1745 2054 1825 2107 διό
1873 2070 2055 2124 φησιν,

488 2144 684 2214 γύναι,
710 2145 768 2198 τί
806 2145 1035 2212 κλαίεις
1050 2162 1069 2208 ;
1096 2141 1214 2199 εἶτά
1241 2163 1402 2216 φησιν
1441 2145 1575 2217 πρὸς
1601 2147 1788 2216 αὐτήν
1825 2146 2017 2214 Μαρία
2043 2164 2055 2177 ·

488 2234 578 2289 διὰ
607 2234 701 2287 τοῦ
731 2234 991 2304 ὀνόματος
1023 2234 1190 2306 αὐτὴν
1233 2237 1431 2306 ἑαυτῆς
1472 2237 1900 2307 ὑπομιμνήσκων
1924 2274 1939 2299 ,
1967 2236 2061 2289 καὶ

488 2323 597 2377 τῦν
626 2323 791 2378 πάλαι
827 2324 962 2395 πρὸς
986 2325 1152 2396 αὑτήν
1185 2342 1243 2378 τε
1281 2326 1374 2379 καὶ
1407 2328 1531 2390 τοὺς
1572 2326 1787 2390 λοιποὺς
1816 2325 2061 2397 μαθητὰς

493 2412 621 2483 περὶ
649 2413 749 2483 τῆς
777 2414 1122 2478 ἀναστάσεως
1141 2415 1303 2468 αὑτοῦ
1327 2415 1515 2484 λόγων·
1546 2417 1579 2487 ἡ
1604 2416 1649 2469 δ’
1674 2419 1753 2480 εἰς
1776 2417 2062 2490 συναίσθη-

495 2520 579 2556 σιν
601 2502 847 2568 ἐλθοῦσα,
873 2505 965 2558 καὶ
992 2505 1054 2558 τί
1083 2521 1210 2559 ποτε
1231 2502 1298 2579 ἦν
1328 2509 1435 2561 ἀπὸ
1476 2508 1576 2576 τῆς
1615 2509 1795 2578 φωνῆς
1835 2509 1929 2561 καὶ
1963 2510 2061 2580 τῆς

489 2593 584 2646 τοῦ
605 2593 760 2664 λόγου
793 2595 1071 2667 δυνάμεως
1116 2598 1427 2667 ἐπιγνοῦσα,
1468 2599 1775 2654 Ῥαϐϐουνί
1797 2617 1958 2671 φησιν
1979 2641 1993 2666 ,
2032 2601 2061 2654 δ

497 2685 956 2759 μεθερμηνεύεται
981 2687 1330 2748 διδάσκαλε.

568 2958 640 3030 β’.
675 2954 788 3014 Εἶτ’
816 2960 1000 3031 ἐπειδὴ
1028 2960 1103 3024 ὡς
1130 2961 1432 3033 διδασκάλῳ
1464 2962 1615 3034 αὐτῷ
1641 2962 1722 3016 ἐτι
1756 2964 1848 3018 καλ⁵
1869 2965 1967 3035 οὐχ
1984 2966 2062 3029 ὡς

491 3047 609 3119 Θεῷ
629 3050 1150 3122 προσιέναιὼρμᾶτο
1165 3092 1179 3116 ,
1201 3052 1473 3105 ἀναίνεται
1492 3054 1942 3125 καὶπαραιτεῖται
1966 3054 2063 3107 αὐ-

490 3137 621 3209 τὴν,
656 3136 750 3205 Μή
773 3156 892 3207 μου
921 3139 1140 3195 ἅπτου·
1171 3138 1337 3210 θνητά
1362 3140 1473 3210 γὰρ
1492 3139 1573 3193 ἑτι
1606 3139 1876 3211 φρονοῦσα
1896 3181 1911 3206 ,
1961 3141 2061 3210 οὐχ

488 3227 579 3280 οἶα
606 3245 666 3282 τε
691 3224 761 3300 ἦν
791 3233 890 3301 τῆς
917 3230 1081 3285 αὐτοῦ
1115 3230 1366 3302 θεότητος
1391 3230 1563 3300 θίγειν
1582 3248 1603 3263 ·η
1630 3232 1751 3286 οὐδὲ
1784 3231 1891 3303 γὰρ
1915 3231 2061 3299 ἀξιον

488 3314 561 3391 ἦν
578 3321 677 3392 τὴν
707 3320 793 3374 ἔτι·
807 3321 1098 3378 κλαίουσαν
1118 3363 1133 3389 ,
1162 3324 1260 3378 καὶ
1279 3324 1430 3377 κάτω
1449 3325 1576 3397 περὶ
1599 3324 1671 3381 τά
1694 3326 1950 3396 μνήματα
1971 3325 2063 3379 καὶ

492 3410 695 3479 τάφους
729 3407 817 3464 οἷα
850 3412 1041 3484 νεκρὸν
1076 3411 1343 3482 ζητοῦσαν
1374 3412 1567 3479 αὐτὸν,
1614 3414 1843 3468 ταπεινά
1875 3430 1935 3467 τε
1971 3414 2064 3467 καὶ

491 3500 805 3572 ἀνθρώπινα
825 3504 953 3572 περὶ
974 3502 1138 3557 αὐτοῦ
1163 3503 1486 3569 δοξάζουσαν
1507 3547 1522 3569 ,
1538 3504 1639 3575 τῆς
1660 3505 1876 3576 ἐπαφῆς
1897 3504 2062 3559 αὐτοῦ

493 3593 798 3645 κοινωνεῖν
840 3592 921 3646 διὸ
956 3592 1056 3665 τὴν
1096 3592 1276 3646 αἰτίαν
1311 3594 1653 3665 ἀπήλεγχεν,
1694 3598 1769 3668 μὴ
1814 3598 1924 3669 γὰρ
1967 3599 2062 3652 ἀν-

492 3683 806 3755 εληλυθέναι
835 3684 988 3739 οὔπω
1020 3686 1201 3757 φησὶν,
1228 3686 1351 3740 ὅσον
1378 3687 1441 3740 τὸ
1462 3687 1547 3740 ἐπ’
1578 3688 1769 3761 αὐτὴν,
1804 3691 1940 3761 πρὸς
1970 3690 2063 3744 τὸν

493 3777 711 3848 Πατέρα
728 3818 743 3843 ,
771 3778 894 3833 ἐπεὶ
928 3778 1003 3851 μὴ
1029 3778 1172 3831 τοῦτ’
1192 3779 1509 3836 ἐπίστευσεν
1530 3779 1811 3849 γεγονέναι
1827 3823 1842 3848 ,
1872 3784 2063 3854 νεκρὸν

491 3868 548 3922 δέ
596 3888 698 3925 που
742 3871 953 3926 κεῖσθαι
984 3871 1145 3926 αὐτὸν
1186 3869 1358 3942 ᾤετο·
1395 3871 1476 3928 διό
1507 3890 1670 3945 φησιν
1706 3875 1842 3946 πρὸς
1874 3877 2061 3947 αὐτὴν·

491 3962 589 4030 Μή
613 3979 732 4032 μου
765 3962 956 4018 ἅπτου
977 4004 991 4030 ,
1034 3963 1257 4035 τοιαύτη
1283 3982 1365 4028 τις
1391 3961 1528 4020 οῦσα
1560 3967 1654 4019 καὶ
1676 3965 1898 4020 τοιαῦτα
1938 3969 2065 4039 περὶ

493 4052 627 4123 ἐμοῦ
666 4052 1019 4125 λογιζομένηο
1053 4054 1137 4108 σοὶ
1180 4055 1289 4127 γὰρ
1322 4055 1454 4119 Θεὸς
1480 4055 1632 4111 οὔπω
1662 4058 2060 4129 πεπίστευμαι·

493 4144 577 4197 σοὶ
603 4141 682 4197 ἐτι
722 4143 873 4198 κάτω
909 4141 1046 4199 εἶναι
1074 4145 1389 4217 λελόγισμαι
1410 4162 1426 4179 θ
1468 4146 1609 4202 οὕτω
1648 4147 1748 4220 τὴν
1777 4147 2065 4204 κλαίουσαν

493 4235 588 4290 καὶ
624 4236 852 4303 δόξασαν
880 4236 1042 4291 αὐτὸν
1071 4233 1209 4292 εἶναι
1239 4238 1331 4291 τὸν
1354 4239 1657 4311 κηπουρὸν,
1708 4240 1795 4294 διὰ
1842 4241 1939 4312 μὲν
1970 4241 2063 4295 τοῦ

491 4325 587 4395 Μή
608 4345 728 4398 μου
748 4326 938 4383 ἅπτου
959 4327 1296 4400 ἀπέστρεφεν
1319 4330 1662 4402 ἐπιπλήττων
1683 4331 1817 4403 αὑτῇ
1838 4349 1852 4363 ο
1874 4332 1948 4396 ὡς
1972 4334 2065 4387 καὶ

491 4418 580 4473 διὰ
606 4418 701 4471 τοῦ
725 4422 957 4488 γυναῖκα
986 4419 1301 4487 καλεῖν,καὶ
1331 4420 1419 4475 διὰ
1438 4421 1529 4474 τοῦ
1558 4422 1758 4491 λέγειν,
1797 4423 1858 4477 Τί
1890 4424 2063 4477 ual-

2158 1955 2487 2012 humilitatis
2519 1957 2785 2012 instinctu
2814 1955 2957 2012 furto
2996 1957 3239 2012 ablatum
3269 1972 3472 2026 corpus
3498 1957 3726 2012 creden-

2159 2056 2289 2115 tem,
2314 2057 2476 2119 atque
2507 2048 2731 2119 indigna
2753 2046 2821 2103 de
2840 2048 2962 2119 ipso
2994 2048 3338 2112 sentientem,
3364 2046 3526 2104 Jesus
3548 2048 3725 2118 primo

2160 2142 2446 2197 mulierem
2476 2142 2730 2213 appellat,
2760 2142 3051 2213 increpans
3083 2148 3246 2211 atque
3278 2140 3621 2213 exprobrans
3646 2136 3726 2193 fe-

2161 2235 2411 2289 mineam'
2447 2233 2619 2288 animi
2665 2233 3044 2305 aegritudinem
3084 2250 3101 2288 :
3157 2231 3302 2287 unde
3353 2231 3449 2295 ait,
3512 2229 3722 2293 mulier,

2160 2324 2285 2395 quid
2307 2323 2528 2393 ploras?
2553 2323 2757 2379 Deinde
2789 2324 2958 2389 addit,
2992 2321 3208 2387 Maria;
3264 2329 3323 2376 ut
3371 2321 3463 2375 illa
3506 2320 3729 2375 nomine

2162 2417 2438 2470 admonita
2468 2414 2537 2470 ad
2563 2423 2804 2469 mentem
2847 2420 3223 2477 revocaretur,
3280 2418 3443 2481 atque
3477 2421 3536 2467 ut
3584 2410 3729 2465 anti-

2161 2519 2391 2576 quarum
2415 2505 2773 2575 sponsionum
2796 2514 2911 2559 tum
2938 2504 3045 2575 ipsi
3073 2512 3189 2559 tum
3222 2503 3451 2574 reliquis
3484 2503 3729 2573 discipu-

2163 2598 2231 2655 lis
2264 2596 2332 2653 de
2381 2597 2587 2653 Christi
2639 2596 3045 2651 resurrectione
3098 2592 3370 2649 factarum
3410 2593 3730 2649 recordare-

2161 2698 2272 2746 tur.
2304 2691 2401 2745 Illa
2430 2693 2614 2747 animo
2640 2707 2706 2746 ex
2736 2687 3082 2744 aberratione
3111 2696 3349 2758 recepto,
3386 2686 3547 2757 vique
3576 2685 3728 2740 vocis

2163 2796 2228 2835 ac
2255 2781 2543 2836 verborum
2571 2780 2757 2852 agnita
2798 2778 3035 2834 Rabboni
3082 2778 3294 2849 inquit;
3335 2790 3443 2847 qua
3485 2791 3618 2832 voce
3654 2775 3728 2833 si-

2161 2870 2449 2944 gniﬁcatur
2472 2872 2747 2941 magister.

2231 2961 2287 3016 2.
2322 2958 2446 3016 Mox
2478 2960 2546 3015 ad
2584 2960 2738 3015 illum
2785 2958 2966 3015 adhuc
3011 2966 3072 3014 ut
3118 2957 3463 3029 magistrum,
3514 2968 3633 3010 non
3670 2962 3729 3008 ut

2162 3051 2355 3119 Deum,
2388 3051 2649 3107 accedere
2674 3058 2932 3123 properat
2958 3071 2972 3107 :
2996 3050 3219 3122 quaille
3249 3048 3521 3121 prohibita
3547 3054 3600 3102 et
3634 3044 3729 3100 de-

2163 3144 2478 3210 territaoait,
2510 3141 2641 3199 Noli
2664 3160 2744 3200 me
2776 3152 3008 3214 tangere.
3038 3141 3176 3196 Nam
3211 3157 3333 3213 qua:
3363 3141 3603 3196 humana
3641 3138 3730 3192 ad-

2165 3237 2271 3292 huc
2296 3237 2560 3307 sapiebat,
2608 3252 2721 3293 non
2769 3243 2889 3293 erat
2921 3235 3087 3306 digna
3130 3234 3466 3289 divinitatem
3497 3231 3617 3302 ejus
3651 3239 3731 3283 at-

2164 3329 2412 3399 tingere:
2445 3344 2621 3399 neque
2666 3342 2764 3399 par
2814 3334 2934 3382 erat
2968 3328 3149 3391 illam,
3173 3341 3295 3395 qua:
3329 3325 3509 3381 adhuc
3546 3322 3728 3384 ﬂebat,

2162 3428 2216 3475 et
2246 3418 2431 3475 Jesum
2466 3418 2678 3473 inferne
2703 3418 2761 3471 in
2788 3418 3160 3472 monumentis
3187 3416 3563 3487 sepulcrisque
3582 3430 3732 3485 quaso

2162 3513 2337 3578 rebat,
2362 3520 2526 3583 atque
2565 3509 2843 3577 humiliter
2886 3517 2941 3565 et
2970 3508 3183 3563 inﬁrme
3205 3508 3273 3564 de
3312 3509 3404 3563 illo
3435 3507 3725 3571 sentiebat,

2146 3590 2327 3670 haud,
2367 3606 2616 3676 inquam,
2650 3616 2868 3673 aequum
2902 3610 3021 3657 erat
3057 3609 3346 3656 contactus
3374 3599 3493 3669 ejus
3512 3612 3731 3668 compo-

2162 3702 2270 3749 tem
2309 3694 2445 3750 lieri.
2495 3693 2859 3761 Quamobrem
2904 3690 3065 3747 Jesus
3094 3705 3341 3747 .causam
3386 3704 3606 3760 quoque
3649 3689 3729 3744 rei

2163 3786 2358 3857 aperit,
2408 3784 2652 3841 nondum
2701 3799 2761 3841 se
2806 3782 3122 3839 ascendisse
3168 3781 3454 3852 (quantum
3503 3779 3569 3834 ad
3608 3793 3729 3833 eam

2162 3875 2472 3945 attineret):
2509 3875 2574 3931 ad
2626 3874 2863 3930 Patrem.
2896 3873 3120 3940 dicens;
3170 3872 3431 3942 quoniam
3480 3870 3599 3941 ipsa
3652 3870 3729 3925 rei

2163 3980 2325 4041 gestae
2356 3970 2512 4025 ﬁdem
2544 3966 2787 4023 nondum
2815 3965 3125 4030 adhibebat,
3159 3979 3327 4035 seque
3347 3970 3622 4019 mortuum
3643 3963 3729 4032 ja-

2162 4076 2285 4116 cere
2307 4059 2812 4130 putabatzideoque
2842 4056 2938 4121 ait,
2966 4054 3095 4109 Noli
3116 4070 3195 4109 me
3216 4063 3444 4125 tangere,
3462 4068 3584 4108 cum
3603 4053 3730 4109 talis

2163 4150 2262 4215 sis,
2310 4150 2584 4219 talemque
2627 4147 2695 4202 de
2740 4162 2829 4203 me
2868 4145 3181 4216 opinionem
3226 4159 3422 4215 geras:
3449 4145 3548 4199 tibi
3585 4145 3731 4200 enim

2163 4239 2306 4297 Deus
2341 4238 2585 4294 nondum
2610 4236 2830 4303 credor,
2867 4235 2965 4293 sed
2993 4236 3275 4291 terrestris
3296 4235 3473 4292 adhuc
3504 4237 3728 4291 habeor.

2165 4332 2258 4389 Sic
2302 4334 2350 4390 is
2386 4332 2716 4403 plorantem,
2779 4340 2833 4386 et
2865 4345 2986 4400 quae
3018 4330 3368 4385 hortulanum
3412 4330 3591 4399 ipsum
3621 4344 3733 4383 crc-

2163 4425 2355 4488 debat,
2393 4422 2478 4478 his
2523 4421 2726 4484 verbis,
2784 4418 2916 4473 Noli
2969 4436 3050 4478 me
3096 4429 3306 4493 tangere
3334 4419 3522 4489 rejecit
3554 4419 3735 4474 incre-

492 4525 614 4576 ειςς
642 4511 703 4563 τὸ
726 4510 835 4582 γάρ
868 4511 1074 4566 κλαίειν
1105 4514 1197 4571 τὸν
1222 4511 1427 4580 ζῶντα,
1463 4514 1658 4585 μᾶλλον
1690 4515 1748 4569 δέ
1781 4515 1879 4588 τὴν
1917 4517 2058 4589 ζωὴν

2165 4517 2383 4593 pilans:
2411 4513 2555 4569 unde
2596 4519 2650 4568 et
2700 4513 2983 4567 mulierem
3008 4514 3256 4568 eamdem
3309 4513 3587 4575 vocitavit,
3628 4515 3735 4565 ait-

494 4598 661 4670 αὐτὴν
684 4639 698 4664 ,
726 4602 960 4673 ἐσχάτης
980 4598 1048 4674 ἦν
1067 4603 1307 4675 ἀμαθίας
1325 4621 1339 4635 ο
1378 4605 1472 4661 καὶ
1497 4605 1584 4659 διὰ
1610 4607 1707 4677 μὲν
1730 4607 1931 4661 τούτων
1966 4611 2065 4663 ἐπ-

492 4691 752 4764 έπληττεν
780 4694 914 4765 αὐτῇ
933 4710 947 4724 ’
975 4693 1062 4748 διὰ
1080 4695 1137 4748 δέ
1163 4695 1268 4751 τῶν
1285 4696 1413 4768 ἐξῆς
1433 4700 1529 4770 τὴν
1555 4698 1675 4753 καθ’
1701 4701 1889 4754 ἑαυτὸν
1912 4703 2067 4756 ἐπαίε-

491 4783 641 4837 δευεν
673 4782 947 4853 θεολογίαν
966 4800 979 4814 ·
1009 4787 1041 4857 ή
1071 4786 1116 4839 δ’
1144 4787 1238 4841 ἐπὶ
1268 4789 1475 4854 τούτοις
1505 4790 1573 4844 τὰ
1614 4793 1822 4863 μεγάλα
1849 4794 2063 4866 ὠφελη-

494 4875 629 4947 μένη
644 4916 658 4940 ,
683 4877 842 4930 πάλιν
864 4878 1135 4948 ἀναχωρεῖ
1149 4878 1243 4931 τοῦ
1264 4881 1543 4952 μνήματος
1563 4900 1576 4914 ·
1603 4884 1758 4938 τοῦτο
1779 4885 2027 4958 δεύτερον
2047 4905 2061 4918 ο

489 4964 588 5020 εἶτ’
614 4965 903 5033 ἐξειποῦσα
930 4973 996 5041 τῇ
1030 4970 1163 5042 άλλη
1190 4971 1377 5043 Μαρίᾳ
1400 4973 1468 5026 τὰ
1493 4974 1795 5045 τεθεαμένα
1819 4978 1965 5048 παρά
1986 4978 2064 5049 τῷ

503 5057 719 5131 Ἰωάννη
739 5098 753 5123 ,
782 5059 1007 5131 ἐπανῄει
1041 5063 1137 5115 σὺν
1179 5061 1346 5133 αὐτῇ·
1391 5066 1549 5119 τοῦτο
1577 5066 1790 5138 τρίτον*
1826 5069 1918 5122 καὶ
1957 5068 2064 5124 τῶν

490 5148 640 5221 παρὰ
670 5148 746 5220 τῷ
776 5149 1035 5222 Ματθαίῳ
1067 5155 1551 5226 μνημονευομένων
1591 5156 1793 5229 θεωρὸς
1823 5159 2065 5228 ἐγίγνετο

488 5239 668 5292 οὐκέτι
692 5240 855 5312 μόνη,
882 5243 978 5296 σὺν
1005 5243 1062 5296 δέ
1090 5246 1153 5314 τῇ
1180 5245 1340 5316 ἑτέρᾳ
1368 5247 1554 5319 Μαρίᾳ
1575 5266 1589 5278 ·
1618 5250 1710 5301 καὶ
1733 5250 1913 5303 οὐκέτι
1934 5253 2063 5304 εἴσω

488 5329 580 5383 τοῦ
603 5330 773 5400 τάφου
810 5333 1238 5406 παρακύπτουσα
1266 5338 1339 5401 ὡς
1366 5339 1515 5409 παρά
1545 5339 1620 5409 τῷ
1657 5342 1871 5413 Ἰωάννῃ
1896 5382 1910 5407 ,
1942 5343 2061 5396 οὐδὲ

487 5419 579 5473 δύο
629 5422 892 5492 ἀγγέλους
918 5464 932 5489 ,
985 5425 1098 5479 ἀλλ’
1136 5427 1230 5482 ἕνα
1278 5429 1415 5500 πρὸς
1462 5430 1539 5502 τῷ
1588 5432 1717 5503 λίθῳ
1755 5433 2060 5506 καθήμενον

487 5509 691 5581 ὁρῶσα.

555 5693 623 5777 γ’.
642 5683 757 5742 Εἶτ’
778 5691 870 5744 ἐπὶ
883 5692 1092 5758 τούτοις
1108 5695 1269 5750 αὐτὸν
1289 5698 1448 5755 πάλιν
1468 5700 1556 5753 τὸν
1570 5702 1795 5777 Σωτῆρα
1814 5704 1948 5774 μετᾶ
1967 5705 2060 5775 τῆς

485 5774 651 5851 ἄλλης
669 5782 886 5854 Μαρίας
907 5783 1129 5858 θεωρεῖ·
1156 5789 1309 5847 τοῦτο
1334 5792 1579 5865 δεύτερον
1601 5813 1612 5825 ·
1639 5774 1934 5853 καὶοῦκέτι
1962 5774 2060 5869 μέν

2168 4623 2293 4679 que,
2327 4603 2466 4672 Quid
2494 4603 2714 4673 ploras?
2744 4618 2869 4657 nam
2904 4602 3089 4671 lugere
3115 4604 3400 4668 viventem,
3421 4603 3528 4656 imo
3557 4602 3732 4672 ipsam

2166 4699 2355 4761 vitam,
2388 4703 2644 4751 extremae
2681 4700 2799 4749 erat
2856 4695 3088 4750 inscitiae
3119 4714 3131 4748 :
3162 4710 3267 4765 qua
3316 4709 3478 4765 super
3521 4708 3579 4749 re
3625 4708 3732 4747 non

2168 4789 2410 4861 pepercit
2432 4785 2819 4857 objurgationi.
2856 4785 2994 4839 Tum
3025 4786 3079 4839 in
3110 4786 3467 4855 sequentibus
3491 4783 3732 4837 divinam

2166 4881 2245 4934 illi
2281 4880 2368 4935 sui
2405 4879 2656 4933 notitiam
2705 4877 3049 4946 impertivit:
3081 4891 3203 4946 quae
3258 4875 3343 4929 bis
3391 4873 3571 4928 verbis
3625 4890 3737 4926 ma-

2166 4984 2405 5042 gnopere
2453 4970 2702 5033 erudita,
2751 4968 2932 5023 denuo
2988 4967 3231 5022 deseruit
3283 4972 3732 5027 monumentum,

2166 5059 2407 5116 secundo
2439 5059 2710 5115 videlicet.
2746 5057 2882 5112 Exin
2916 5058 3156 5114 narratis
3194 5055 3379 5110 Mariae
3407 5055 3585 5119 alteri,
3614 5071 3735 5125 quae

2166 5151 2369 5208 vidisse
2403 5166 2521 5206 eam
2567 5159 2754 5205 narrat
2794 5149 3055 5214 Joannes,
3090 5151 3219 5205 illuc
3250 5165 3373 5204 cum
3424 5148 3615 5204 eadem
3648 5164 3735 5203 re-

2165 5258 2321 5299 versa
2373 5256 2482 5307 est,
2526 5244 2693 5299 tertio
2744 5243 3033 5297 videlicet:
3070 5257 3133 5295 ac
3181 5250 3295 5295 tum
3343 5254 3557 5303 eorum,
3614 5255 3735 5309 quae

2165 5342 2432 5389 memorat
2459 5332 2766 5397 Mattbzeus,
2791 5334 3089 5404 spectatrix
3122 5330 3253 5397 fuit;
3286 5330 3560 5399 haudjam
3594 5330 3731 5395 sola,

2165 5425 2258 5482 sed
2294 5441 2419 5480 cum
2451 5427 2618 5482 altera
2654 5425 2820 5479 Maria
2851 5443 2864 5480 :
2901 5440 3075 5493 neque
3108 5423 3222 5492 jam
3258 5422 3647 5492 introspiciens
3678 5421 3729 5473 in

2165 5522 2495 5592 sepulcrum,
2529 5522 2605 5575 uti
2640 5520 2900 5574 narrabat
2940 5518 3210 5584 Joannes;
3250 5534 3425 5589 neque
3451 5518 3564 5586 jam
3594 5517 3732 5571 duos

2164 5614 2406 5683 angelos,
2438 5611 2533 5668 sed
2571 5626 2737 5665 unum
2770 5610 2937 5680 lapidi
2968 5610 3295 5666 insidentem
3335 5625 3585 5664 cernens.

2235 5705 2287 5761 5.
2329 5703 2460 5759 Post
2500 5705 2613 5757 haec
2666 5703 2847 5757 denuo
2881 5702 3045 5764 videt,
3083 5704 3285 5755 comite
3335 5704 3502 5758 altera
3542 5700 3730 5764 Maria,

2166 5796 2344 5868 ipsum
2384 5799 2760 5864 Servatorem,
2813 5796 3054 5855 secundo
3084 5796 3370 5854 videlicet:
3422 5811 3594 5867 neque
3620 5796 3732 5867 jam
