4106 6482
479 393 580 453 951
1135 392 1403 450 EUSEBll
1441 388 1922 450 CESARJENSIS
1955 387 2107 445 OPP.
2147 385 2328 442 PARS
2364 386 2450 442 lli.
2487 418 2556 430 —
2594 388 3002 468 EXEGETICA.
3619 395 3727 452 952

479 513 653 575 audit,
698 513 930 568 Nolim:
956 521 1200 584 tangere;
1240 515 1350 569 imo
1377 514 1637 585 gaudere,
1670 514 1868 570 nedum
1893 511 1995 568 ilch

2098 510 2356 578 λάκούει,
2385 511 2482 581 Μή
2517 529 2638 582 μου
2679 513 2871 568 ἅπτου
2893 553 2908 578 ,
2941 512 3248 567 τούναντίον
3285 512 3340 565 δὲ
3362 511 3571 584 χαίρειν
3600 512 3721 566 ἀντὶ

477 605 548 658 ab
578 603 698 674 ipso
726 604 988 672 jubetur:
1019 605 1152 678 quin
1195 609 1358 661 etiam
1392 607 1538 664 hunc
1567 615 1789 676 tangere
1820 606 1995 661 sinitul

2147 603 2242 656 τοῦ
2272 602 2478 658 κλαίειν
2503 605 2593 658 ὑπ’
2629 605 2793 659 αὑτοῦ
2823 605 3100 659 κελεύεται
3119 623 3133 635 θ
3163 603 3299 658 ἀλλὰ
3326 605 3420 658 καὶ
3451 604 3718 658 ἅπτεσθαι

475 708 638 763 quem
666 693 778 762 jam
814 701 875 748 ut
925 695 1091 750 Deum
1120 697 1505 752 venerabatur.
1540 697 1631 751 Ait
1672 711 1802 766 ergo
1835 697 1918 750 his
1963 695 1995 750 it

2147 693 2311 750 αὑτοῦ
2328 698 2707 767 συγχωρεῖται,
2730 695 2850 748 ἐπεὶ
2862 695 2954 748 καὶ
2972 695 3267 766 προσκυνεῖ
3282 694 3442 747 αὐτὸν
3455 693 3531 757 ὡς
3547 692 3680 746 Θεόν
3698 709 3713 725 ·

474 785 640 839 minis
675 783 856 850 Jesus,
908 785 1160 842 Gaudete.
1204 787 1312 844 Illae
1338 805 1466 844 vero
1497 787 1818 843 accedentes
1847 795 1995 842 tenue

2145 786 2435 856 λέγειγοῦν
2469 788 2658 851 αὑταῖς
2685 791 2713 841 ὁ
2749 787 2974 859 Ἰησοῦς,
3002 788 3274 856 Χαίρετε·
3309 788 3365 840 αἱ
3395 787 3452 839 δέ
3480 787 3712 858 προσελ-

474 885 602 929 runt
633 876 798 945 pedes
828 879 948 946 ejus
972 888 1036 934 et-
1054 880 1440 936 adoraverunt.
1476 879 1542 935 Et
1567 895 1692 934 vera
1717 880 1882 950 igitur
1907 894 1995 934 nat

2145 877 2330 937 θοῦσαι
2348 921 2363 943 ,
2398 880 2704 950 ἐκράτησαν
2735 878 2898 938 αὑτοῦ
2923 879 3049 942 τοὺς
3076 878 3240 942 πόδας
3264 879 3355 930 καὶ
3379 874 3717 948 προσεκύνηε

473 979 597 1022 rant
646 984 802 1024 sacra
856 970 1168 1041 Evangelia,
1217 980 1272 1026 et
1306 973 1454 1026 nulla
1500 973 1555 1026 in
1607 980 1763 1043 parte
1809 971 1995 1026 inter:

2145 989 2243 1024 σαν
2271 970 2416 1040 αὐτῷ
2438 988 2450 1000 ·
2478 971 2572 1024 καὶ
2599 970 2770 1034 οὕτως
2810 971 2927 1040 ἅμα
2955 969 3205 1040 ἀληθεύει
3231 968 3298 1022 τά
3321 967 3443 1040 ἱερά
3469 967 3712 1036 Εὐαγγέ-

471 1068 720 1130 pugnant
747 1079 760 1114 :
795 1078 1106 1132 quanquam
1137 1065 1380 1118 eamdem
1415 1063 1638 1118 Mariam
1667 1063 1995 1134 Magdalenat

2134 1063 2260 1134 νλῑά,
2305 1061 2424 1116 κατ’
2460 1063 2644 1116 οὐδένα
2682 1062 2837 1132 λόγον
2872 1062 3268 1133 διαφωνοῦντω
3308 1059 3405 1136 τὴν
3445 1057 3616 1129 αὐτὴν
3651 1057 3708 1113 δὲ

470 1151 824 1208 introducunt
861 1162 915 1210 et
955 1171 1062 1210 non
1105 1163 1411 1225 tangentem
1451 1155 1625 1224 primo
1667 1153 1995 1209 Servatoren

2138 1153 2356 1226 Μαρίαν
2374 1153 2472 1224 τὴν
2491 1152 2853 1225 Μαγδαληνὴν
2875 1156 3160 1223 εἰσάγοντα
3179 1153 3273 1208 καὶ
3298 1151 3372 1222 μὴ
3397 1148 3707 1220 ἁπτομένην

466 1245 594 1300 dum
631 1243 816 1310 ﬂebat,
865 1259 1090 1318 eratque
1138 1246 1439 1309 incredula,
1486 1256 1541 1302 et
1569 1262 1690 1301 eum
1723 1253 1995 1316 tangente:

2136 1246 2397 1319 πρότερον
2424 1244 2518 1298 τοῦ
2553 1247 2802 1318 Σωτῆρος
2821 1287 2835 1312 ,
2884 1248 2972 1300 ὅτε
2999 1247 3180 1300 ἔκλαιε
3207 1246 3301 1298 καὶ
3334 1243 3550 1312 ὴπίστει
3569 1258 3584 1271 ’
3611 1240 3706 1295 καὶ

464 1343 750 1406 postquam
783 1338 1017 1408 gaudere
1054 1339 1207 1407 jussa
1251 1345 1355 1394 est.
1398 1335 1517 1392 Jam
1547 1339 1725 1410 priora
1757 1353 1878 1394 esse
1913 1338 2030 1391 exi-

463 1427 736 1482 stimanda
780 1443 901 1498 qua}
946 1437 1074 1483 sunt
1125 1431 1267 1499 apud
1309 1428 1572 1486 Joannem
1617 1431 1684 1485 iis
1727 1445 1846 1498 quae
1885 1426 2026 1496 apud

460 1515 795 1578 Matthzeum,
823 1519 877 1572 in
905 1519 1197 1590 disputatis
1227 1527 1374 1574 retro
1401 1519 1699 1574 secundum
1735 1518 2025 1588 quamdam

458 1613 874 1680 explicationem
902 1615 1400 1683 comprobavimus,
1431 1614 1559 1668 dum
1590 1613 2021 1679 ostenderemus,

457 1702 552 1756 ubi
586 1703 788 1756 dicitur
819 1703 959 1772 apud
995 1703 1304 1756 Mattlneum
1337 1719 1452 1756 sero
1499 1701 1875 1766 Sabbatorum,
1912 1716 2020 1755 non

454 1795 819 1863 vespertinam
871 1795 1060 1847 horam
1107 1794 1398 1863 signiﬁcari
1445 1793 1514 1846 ab
1542 1792 1895 1862 evangelista,
1924 1791 2016 1845 sed

2134 1339 2445 1409 ἁπτομένην
2473 1337 2638 1392 αὐτοῦ
2661 1379 2676 1403 ,
2717 1339 2806 1391 ὅτε
2835 1340 3048 1410 χαίρειν
3074 1335 3352 1390 ἐκελεύετο
3373 1352 3386 1364 ·
3423 1331 3616 1404 πρῶτα
3647 1331 3704 1384 δὲ

2132 1430 2383 1500 ἡγεῖσθαι
2413 1431 2481 1484 τά
2513 1430 2662 1503 παρά
2703 1431 2782 1502 τῷ
2828 1431 3045 1502 Ἰωάννῃ
3077 1429 3379 1500 δηλούμενα
3408 1426 3518 1478 τῶν
3551 1423 3703 1497 παρά

2129 1521 2208 1592 τῷ
2235 1523 2496 1594 Ματθαίῳ
2530 1524 2874 1596 φερομένων,
2909 1523 3002 1576 καὶ
3031 1521 3119 1574 διὰ
3143 1520 3248 1574 τῶν
3272 1517 3577 1590 ἔμπροσθεν
3605 1532 3701 1585 γε-

2128 1614 2521 1684 γυμνασμένων
2547 1615 2676 1684 ἡμῖν
2707 1613 2846 1668 κατά
2874 1613 3000 1684 μίαν
3025 1612 3131 1665 τῶν
3160 1610 3394 1681 ἐκδοχῶν
3417 1609 3693 1682 παρεστή-

2129 1721 2298 1774 σαμεν
2321 1745 2334 1766 ,
2385 1705 2812 1776 διασαφήσαντες
2844 1706 2990 1767 ὅπως
3022 1703 3232 1776 εἴρηται
3265 1700 3414 1773 παρά
3446 1699 3522 1770 τῷ
3551 1701 3696 1754 Ματ-

2127 1795 2262 1866 θαίῳ
2293 1796 2353 1849 τὸ
2386 1797 2499 1864 ὀψὲ
2527 1797 2874 1862 Σαϐϐἀτων,
2906 1797 2965 1850 οὑ
2991 1795 3088 1867 τὴν
3128 1793 3414 1864 ἐσπερινὴν
3434 1792 3578 1864 ὥραν
3598 1792 3661 1863 δη

452 1893 670 1956 tempus
701 1888 1022 1941 illucescens
1054 1886 1107 1940 in
1135 1902 1297 1940 unam
1335 1884 1719 1940 Sabbatorum.
1761 1885 1888 1938 Erat
1920 1901 1995 1939 aui

2121 1887 2336 1951 λοῦντος
2353 1887 2446 1940 τοῦ
2468 1887 2850 1957 εὐαγγελιστοῦ
2872 1927 2887 1950 ,
2924 1886 3061 1941 ἀλλὰ
3081 1887 3170 1940 τὸν
3193 1885 3592 1953 ἐπιφαύσκοντα
3610 1885 3692 1945 είς

451 1985 560 2032 tem
597 1979 698 2032 hoc
733 1987 941 2047 tempus
973 1981 1243 2046 posterius
1278 1979 1392 2040 illo,
1421 1977 1488 2031 de
1529 1993 1638 2046 quo
1665 1976 1904 2032 Joannes
1943 1978 2020 2031 lo-

451 2071 657 2140 quitur.
710 2070 884 2138 Atque
932 2071 1048 2125 hare
1098 2072 1241 2125 dicta
1299 2079 1484 2131 sunto,
1538 2071 1580 2123 si
1625 2071 1750 2139 quis
1796 2070 2018 2124 omnino

449 2164 692 2216 eamdem
719 2161 942 2215 Mariam
970 2163 1112 2231 apud
1136 2170 1425 2231 utrumque
1449 2163 1836 2232 evangelistam
1853 2160 2016 2216 Joan-

445 2266 569 2313 nem
596 2260 759 2321 atque
785 2251 1095 2307 Mattbazum
1123 2268 1244 2307 esse
1275 2253 1591 2307 contendat.

510 2434 564 2486 4.
611 2431 706 2486 Sin
755 2447 882 2486 vero
921 2433 1255 2487 concedatur
1287 2447 1394 2485 non
1437 2431 1682 2486 eamdem
1719 2445 1860 2488 esse,
1913 2429 2006 2483 scd

439 2523 602 2580 aliam
649 2539 770 2592 quae
816 2540 940 2579 sero
991 2523 1376 2586 Sabbatorum,
1421 2523 1620 2577 comite
1673 2522 1776 2574 alia
1818 2521 2004 2584 Maria,

438 2614 588 2668 venit
618 2613 685 2668 ad
733 2621 1186 2679 monumentum;
1220 2613 1381 2667 aliam
1415 2627 1534 2682 quae
1572 2612 1714 2680 apud
1741 2609 2001 2664 Joannem

439 2719 601 2760 mane
627 2719 732 2758 una
766 2704 1152 2766 Sabbatorum,
1180 2703 1307 2758 dum
1340 2703 1515 2756 adhuc
1542 2703 1778 2757 tenebra:
1796 2710 2000 2766 essent,

436 2796 554 2850 sola
583 2795 650 2849 ad
692 2795 832 2851 idem
867 2802 1280 2850 monumentum
1310 2795 1576 2856 accessit;
1619 2795 1798 2848 omnis
1831 2794 2002 2848 ambi-

435 2885 616 2953 guitas
670 2886 1047 2956 dissipabitur.
1095 2885 1363 2939 Nimirum
1420 2887 1657 2956 priores.
1712 2901 1832 2954 quae
1878 2901 2000 2940 sero

435 2975 797 3030 Sabbalorum
846 2985 1131 3039 venerunt,
1178 2985 1399 3046 propter
1447 2991 1601 3030 suam
1655 2977 1996 3030 sedulitatem

431 3079 595 3138 atque
625 3070 1030 3130 credulitatem,
1053 3069 1239 3136 jussas
1283 3083 1404 3124 esse
1434 3085 1462 3121 a
1490 3068 1708 3122 Christo
1739 3067 1994 3138 gaudere,

2123 1980 2249 2050 μίαν
2293 1980 2580 2033 Σαϐϐάτων
2599 1996 2613 2011 ·
2656 1976 2725 2052 ἦν
2757 1979 2800 2032 δ’
2840 1973 2993 2043 οὗτος
3024 1979 3272 2048 δεύτερος
3304 1975 3398 2030 τοῦ
3431 1973 3583 2047 παρά
3612 1973 3692 2046 τῷ

2131 2073 2350 2145 Ἰωάννῃ
2371 2072 2758 2144 δεδηλωμένον.
2793 2073 2903 2126 Καὶ
2925 2072 3094 2126 ταῦτα
3119 2073 3216 2142 μὲν
3239 2069 3475 2144 είρήσθω
3492 2111 3506 2134 ,
3529 2067 3692 2139 εἴπερ

2114 2181 2198 2228 τις
2228 2165 2285 2230 ἐξ
2319 2166 2554 2228 ἅπαντος
2587 2164 2684 2235 τὴν
2718 2165 2885 2235 αὐτὴν
2923 2160 3060 2216 εἶναι
3102 2163 3317 2235 Μαρίαν
3347 2163 3474 2232 παρ’
3504 2161 3688 2230 ἀμφο-

2067 2305 2069 2307 .
2111 2255 2290 2327 τέροις
2328 2259 2440 2318 τοῖς
2482 2255 2886 2324 εὐαγγελισταῖς
2943 2256 3161 2328 Ἰωάννῃ
3198 2273 3256 2310 τε
3299 2257 3392 2309 καὶ
3421 2253 3693 2324 Ματθαίῳ,

2110 2349 2508 2420 διῖσχυρίζοιτο.

2177 2441 2248 2495 δ’.
2285 2443 2346 2494 Ei
2368 2442 2425 2497 δὲ
2452 2443 2827 2514 συγχωρηθείη
2855 2443 2914 2496 τὸ
2941 2443 3015 2514 μὴ
3049 2443 3147 2514 τὴν
3172 2442 3341 2512 αὐτὴν
3360 2437 3498 2494 εἶναι
3518 2479 3534 2504 ,
3563 2439 3678 2493 ἐτέ-

2108 2550 2210 2604 ραν
2249 2533 2304 2586 δέ
2349 2533 2447 2604 τὴν
2485 2533 2580 2602 ὀψὲ
2613 2533 2904 2586 Σαϐϐάτων
2937 2531 3078 2586 κατὰ
3108 2532 3200 2586 τὸν
3229 2532 3506 2586 Ματθαῖον
3544 2528 3679 2602 μετὰ

2103 2623 2203 2693 τῆς
2223 2623 2387 2695 ἄλλης
2410 2623 2629 2696 Μαρίας
2652 2625 3039 2695 ἀπαντήσασαν
3054 2665 3070 2689 ,
3100 2625 3194 2678 καὶ
3218 2623 3384 2694 ἄλλην
3407 2622 3506 2694 τὴν
3530 2621 3690 2694 παρὰ,

2101 2714 2178 2784 τῷ
2228 2715 2449 2788 Ἰωάννῃ
2493 2713 2637 2786 πρωῒ
2681 2719 2744 2786 τῇ
2780 2719 2876 2788 μιᾷ
2921 2716 3028 2769 τῶν
3061 2715 3373 2780 Σαϐϐάτων,
3404 2714 3484 2768 ἔτι
3516 2713 3688 2784 οὔσης·Δ

2105 2803 2343 2867 σκοτίας,
2384 2804 2552 2874 μόνην
2577 2804 2836 2858 ἐλθοῦσαν
2878 2806 2970 2858 ἐπὶ
3000 2805 3060 2857 τὸ
3087 2806 3376 2876 μνημεῖον,
3407 2805 3554 2858 πᾶσα
3583 2804 3682 2858 λυ..

2101 2893 2217 2964 θείη
2245 2894 2308 2948 ἂν
2329 2893 2625 2965 ἀμφιϐολία
2642 2913 2655 2925 °
2681 2895 2742 2948 τὸ
2769 2895 2867 2960 τὰς
2899 2897 2996 2966 μὲν
3021 2896 3243 2968 πρώτας
3266 2896 3363 2965 ὀψὲ
3384 2895 3680 2950 Σαϐϐάτων

2098 2986 2453 3057 ἀφικομένας,
2475 2987 2572 3041 ἆτε
2606 2987 3028 3060 σπουδαιοτέρας
3052 2988 3146 3041 καὶ
3167 2988 3486 3060 πιστοτέρας
3507 2988 3679 3059 ὑπαρ-

2097 3078 2293 3149 χούσας
2307 3119 2322 3143 ,
2342 3079 2436 3134 καὶ
2453 3079 2516 3134 τὸ
2536 3082 2744 3153 χαίρειν
2767 3081 2915 3154 παρά
2936 3081 3028 3134 τοῦ
3052 3082 3300 3153 Σωτῆρος
3315 3079 3560 3142 ἀκοῦσαι,
3582 3080 3676 3134 καὶ

430 3176 663 3230 eumque
708 3161 1041 3222 adoravisse,
1094 3161 1323 3230 ejusnue
1370 3161 1535 3230 pedes
1582 3170 1766 3215 tenere
1800 3161 1993 3231 dignas

2098 3172 2488 3241 προσκυνῆσαι,
2510 3173 2744 3236 καὶτοὺς
2764 3174 2930 3237 πόδας
2946 3172 3110 3227 αὐτοῦ
3132 3173 3398 3245 κρατῆσαι
3414 3171 3673 3236 καταξιω-

429 3253 621 3312 fuisse.
657 3250 806 3305 Illam
829 3268 958 3306 vero
987 3253 1128 3322 apud
1152 3251 1417 3306 Joannem
1442 3250 1686 3317 Mariam,
1722 3252 1990 3307 diversam

2098 3261 2281 3332 θῆναιο
2306 3262 2404 3335 τὴν
2425 3265 2480 3317 δὲ
2501 3264 2650 3336 παρὰ
2677 3264 2755 3335 τῷ
2799 3266 3018 3338 Ἰωάννῃ
3046 3265 3262 3336 Μαρίαν
3282 3264 3472 3334 ἑτέραν
3502 3258 3666 3317 οὖσαν

429 3358 458 3394 a
503 3343 900 3411 superioribus,
952 3344 1153 3406 serius,
1206 3359 1365 3398 mane
1406 3343 1681 3410 videlicet,
1731 3360 1992 3414 superve-

428 3435 596 3490 nisse.
646 3434 899 3490 Eamdem
951 3436 1092 3490 hanc
1130 3452 1256 3492 esse
1291 3437 1432 3506 apud
1470 3436 1732 3501 Marcum,
1778 3437 1846 3492 de
1887 3453 1991 3508 qua

425 3535 629 3594 septem
659 3527 924 3581 daemonia
955 3527 1132 3598 ejecta
1165 3527 1382 3582 fuerant
1409 3549 1422 3583 :
1450 3545 1677 3599 quaeque
1703 3531 1994 3587 vehemen-

424 3619 508 3668 ter
538 3615 720 3670 animo
763 3617 1054 3688 perterrita
1095 3617 1281 3684 fuerit,
1326 3628 1380 3675 et
1417 3621 1581 3691 paulo
1614 3621 1988 3691 incredulior;

421 3704 651 3774 ideoque
694 3714 971 3762 manserat
997 3707 1070 3761 ibi
1123 3707 1280 3773 ﬂens,
1317 3719 1372 3765 et
1425 3711 1714 3782 suspicans
1754 3727 1822 3768 ne
1852 3711 1992 3768 forte

423 3792 734 3852 Servatoris
759 3812 959 3866 corpus
983 3797 1051 3853 de
1079 3799 1332 3869 sepulcro
1356 3798 1548 3857 fuisset
1577 3801 1875 3866 sublatum,
1908 3809 1991 3855 at-

418 3902 526 3956 que
551 3887 602 3942 in
637 3888 772 3942 alias
803 3899 977 3943 terras
1011 3889 1289 3946 abactum.
1329 3890 1505 3962 Atque
1536 3892 1674 3948 adeo
1703 3893 1988 3962 perturba.

418 3989 508 4033 tus
537 3977 716 4034 fuerat
755 3979 833 4033 illi
871 3981 1108 4049 animus,
1142 3990 1202 4038 ut
1229 3999 1298 4038 ne
1331 3986 1556 4055 angelos
1585 3985 1804 4055 quidem
1843 3985 1985 4039 intra

403 4071 727 4138 sepulcrum
800 4073 947 4128 visos
1003 4089 1331 4145 magnopere
1394 4077 1748 4147 suspexerit,
1810 4092 1985 4146 neque

413 4159 593 4227 ipsum
638 4159 814 4216 oculis
864 4163 1104 4218 oblatum
1153 4163 1494 4221 Servatorem
1539 4166 1842 4237 agnoverit,
1888 4165 1984 4222 sed

412 4250 598 4320 potius
631 4251 977 4308 hortulanum
1004 4271 1126 4311 esse
1149 4259 1437 4326 putaverit.

1147 4370 1238 4426 IV.

585 4479 659 4534 De
684 4483 921 4548 sepulcro
948 4492 999 4537 et
1028 4484 1093 4538 de
1121 4486 1472 4555 repugnantia
1503 4495 1804 4553 appaream.

2092 3355 2222 3426 παρ’
2244 3353 2455 3417 ἐκείνας
2477 3354 2691 3426 βρῶιον
2716 3355 2813 3425 μὲν
2835 3353 3208 3424 ἀπηντηκέναι
3225 3353 3319 3406 καὶ
3342 3351 3487 3424 πρωῒ
3502 3370 3514 3383 ·
3533 3351 3669 3406 ταύςι

2089 3463 2190 3514 την
2211 3447 2256 3500 δ’
2284 3446 2452 3518 αὐτὴν
2467 3443 2604 3500 εἶναι
2627 3447 2767 3500 κατὰ
2786 3447 2879 3500 τὸν
2901 3447 3125 3518 Μάρκον
3143 3447 3233 3515 ἀφ’
3253 3440 3319 3518 ἧς
3350 3429 3670 3515 ἐκϐεϐλήκει

2091 3538 2230 3591 ἑπτὰ
2261 3539 2512 3610 δαιμόνια
2534 3556 2547 3570 ⁶
2569 3540 2773 3612 σφόδρα
2788 3539 2843 3593 δὲ
2861 3541 2960 3610 τὴν
2975 3537 3150 3610 ψυχὴν
3166 3536 3558 3609 τεθορυϐἧσθαι
3577 3537 3671 3590 καὶ

2090 3629 2447 3702 ἀπιστοτέραν
2469 3625 2604 3684 εἶναι
2626 3631 2701 3694 ὡς
2724 3629 2965 3683 ἑστῶσαν
2985 3628 3190 3683 κλαίειν
3209 3669 3223 3691 ,
3247 3627 3341 3680 καὶ¹
3365 3622 3673 3695 ὑπολαμϐάο

2090 3737 2200 3774 νειν
2229 3721 2575 3794 ὑφαιρεῖσθαι
2599 3722 2693 3775 τοῦ
2719 3739 2822 3793 μνη
2833 3721 2986 3792 μείου
3004 3719 3065 3774 τὸ
3091 3719 3251 3790 σῶμα
3276 3716 3370 3771 τοῦ
3397 3716 3669 3788 Σωτῆρος,

2094 3812 2189 3865 καὶ
2214 3814 2270 3865 ἐν
2304 3815 2465 3886 ἑτέρᾳ
2495 3812 2880 3884 μετενηνέχθαι
2903 3816 2972 3884 γῇ
2991 3831 3005 3844 ο
3044 3811 3186 3866 οὕτω
3215 3811 3274 3865 δὲ
3303 3808 3603 3878 συγκέχυτο
3630 3810 3665 3879 ἡ

2089 3904 2235 3976 ψυχὴ
2258 3906 2394 3976 αὐτῇ
2419 3944 2435 3968 ,
2470 3905 2546 3969 ὡς
2574 3906 2709 3976 μηδὲ
2741 3907 2866 3969 τοὺς
2887 3905 2978 3958 δύο
2997 3903 3260 3973 ἀγγέλους
3279 3902 3405 3966 τοὺς
3421 3901 3553 3954 εἵσω
3573 3899 3672 3954 τοῦ

2095 3998 2374 4068 μνήματος
2403 3997 2666 4066 ὀφθέντας
2699 3997 2834 4068 αὐτῇ
2867 3994 3302 4066 καταπλαγῆναι,
3332 3991 3465 4064 μηδὲ
3505 3989 3671 4044 αὑτὸν

2091 4089 2354 4160 γνωρίσαι
2371 4089 2603 4158 ὀφθέντα
2630 4089 2766 4160 αὐτῇ
2783 4090 2872 4143 τὸν
2895 4091 3122 4160 Σωτῆρα
3139 4129 3155 4154 ,
3179 4088 3396 4160 νομίσαι
3419 4085 3477 4140 δὲ
3505 4081 3671 4146 αὐτὸν

2095 4175 2236 4234 εἶναι
2261 4181 2352 4234 τὸν
2375 4180 2652 4252 κηπουρὸν
2679 4179 2912 4252 (36-57).

2827 4382 2909 4432 Δ’.

2136 4490 2276 4558 Περὶ
2305 4488 2414 4542 τοῦ
2446 4487 2638 4557 τάφου
2666 4489 2762 4541 καί
2795 4487 2906 4557 τῆς
2933 4488 3234 4555 δοκούσης
3265 4488 3616 4556 διαφωνίας.

483 4593 770 4660 Quomodo
802 4598 946 4668 apud
995 4598 1305 4658 Mattbazum
1355 4599 1522 4654 Maria
1561 4597 1871 4668 Magdalena
1904 4601 1980 4655 si-

2153 4603 2279 4665 Πῶς
2311 4602 2462 4672 παρὰ
2491 4601 2568 4672 τῷ
2589 4602 2854 4674 Ματθαίῳ
2884 4603 2918 4673 ή
2947 4601 3280 4673 Μαγδαληνὴ
3310 4602 3498 4674 Μαρία
3523 4601 3671 4674 μετά·

407 4687 520 4744 mut
555 4703 680 4742 cum
715 4689 885 4744 altera
920 4690 1089 4746 Maria
1121 4701 1276 4747 extra
1317 4699 1735 4746 monumentum
1777 4692 1978 4747 viderit

406 4795 573 4834 unum
621 4781 871 4852 angelum
917 4783 1244 4839 insidentem
1296 4782 1460 4852 lapidi
1509 4784 1870 4838 monumenti.
1909 4781 1976 4836 Et

401 4876 698 4940 quomodo,
757 4877 1059 4931 secundum
1106 4874 1395 4938 Joannem,
1450 4876 1590 4930 intra
1650 4891 1975 4931 monumen-

402 4972 518 5018 tum
551 4966 775 5036 angelos
813 4966 954 5022 duos
993 4967 1325 5036 spectaverit
1356 4966 1608 5022 sedentes
1651 4966 1820 5022 Maria
1859 4965 1974 5020 Ma-

400 5059 652 5128 gdalena,
691 5060 992 5114 secundum
1035 5067 1216 5112 autem
1250 5058 1474 5120 Lucam,
1509 5059 1620 5113 duo
1646 5060 1748 5114 viri
1781 5059 1970 5114 astite-

395 5151 508 5204 rint
536 5152 881 5208 mulieribus.
912 5152 1156 5223 Denique
1202 5152 1504 5208 secundum
1549 5151 1788 5206 Marcum
1814 5152 1972 5221 juve-

395 5243 484 5296 nis
520 5242 574 5295 in
612 5242 808 5297 dextro
839 5245 1086 5300 residens
1127 5247 1464 5300 monumenti
1515 5245 1687 5299 latere
1720 5244 1873 5298 visus
1899 5245 1970 5296 sit

394 5333 579 5389 Maria:
613 5335 944 5406 Magdalenw
971 5347 1026 5392 et
1056 5339 1237 5395 Maria:
1270 5339 1460 5395 Jacobi
1494 5347 1548 5393 et
1583 5337 1832 5392 Salomae.

463 5427 515 5481 1.
561 5426 750 5483 Priora
801 5438 929 5485 sunt
958 5447 1078 5501 quae
1123 5443 1312 5488 narrat
1361 5433 1682 5487 Matthmus:
1717 5445 1886 5502 quare
1913 5441 1966 5486 et

392 5511 513 5568 duae
544 5514 728 5571 Maria:
754 5517 1006 5574 viderunt
1033 5524 1282 5593 angelum
1314 5524 1406 5591 qui
1438 5537 1610 5590 nuper
1644 5523 1774 5576 illuc
1799 5538 1964 5577 vene-

2083 4693 2183 4763 τῆς
2209 4693 2374 4764 ἄλλης
2396 4695 2612 4766 Μαρίας
2630 4694 2735 4762 ἔξω
2757 4694 2852 4748 τοῦ
2881 4695 3161 4766 μνήματος
3185 4691 3428 4765 ἑώρακεν
3451 4694 3541 4748 τὸν
3563 4695 3660 4748 ἕνα

2081 4784 2310 4852 ἄγγελον
2329 4784 2730 4857 ἐπικαθήμενον
2747 4786 2824 4858 τῷ
2838 4783 2972 4856 λίθῳ
2988 4783 3082 4839 τοῦ
3102 4786 3377 4856 μνήματος
3393 4801 3407 4816 ·
3427 4786 3520 4839 καὶ
3542 4785 3661 4849 πῶς

2085 4875 2224 4929 κατὰ
2248 4875 2338 4929 τὸν
2383 4877 2634 4949 Ἰωάννην
2669 4877 2801 4930 εἴσω
2839 4875 2932 4928 τοῦ
2963 4877 3241 4948 μνήματος
3273 4875 3536 4944 ἀγγέλους
3563 4875 3660 4930 δύο

2080 4967 2274 5038 θεωρεῖ
2302 4967 2692 5040 καθημένουςὴ
2722 4966 3052 5038 Μαγδαληνὴ
3073 4969 3287 5038 Μαρία·
3315 4967 3456 5021 κατὰ
3484 4967 3542 5021 δὲ
3565 4968 3656 5022 τὸν

2077 5061 2290 5113 Λουκᾶν
2317 5060 2410 5114 δύο
2433 5060 2620 5133 ἄνδρες
2645 5061 2952 5132 ἐπέστησαν
2981 5062 3100 5123 ταῖς
3129 5057 3371 5128 γυναιξίν
3389 5077 3403 5091 ο
3430 5059 3574 5114 κατὰ
3597 5058 3657 5114 δὲ

2076 5151 2165 5208 τὸν
2190 5153 2412 5224 Μάρκον
2443 5154 2724 5216 νεανίσκος
2746 5147 2815 5223 ἦν
2847 5153 3038 5215 αὐταῖς
3063 5153 3092 5204 ὁ
3111 5148 3386 5222 ὁρώμενος
3410 5151 3545 5222 καθή
3556 5167 3654 5222 με·

2075 5260 2164 5305 νος
2186 5246 2241 5296 ἐν
2268 5248 2376 5308 τοῖς
2403 5244 2592 5315 δεξιοῖς
2613 5243 2707 5298 τοῦ
2733 5243 2999 5316 μνημείου
3026 5245 3092 5314 τῇ
3114 5241 3443 5314 Μαγδαληνῇ
3465 5241 3656 5315 Μαρίᾳ

2076 5338 2170 5390 καὶ
2201 5339 2388 5410 Μαρίᾳ
2425 5336 2683 5408 Ἰακώβου
2712 5339 2805 5391 καὶ
2834 5335 3089 5409 Σαλώμῃ.

2142 5437 2224 5485 α’.
2264 5430 2343 5481 Τά
2387 5429 2488 5499 μὲν
2518 5426 2670 5498 παρά
2699 5426 2777 5497 τῷ
2806 5424 3070 5496 Ματθαίῳ
3104 5422 3465 5496 προηγοῦνται
3484 5440 3498 5454 ο
3530 5421 3654 5478 ὅθεν

2075 5522 2167 5574 καὶ
2200 5522 2256 5574 αἱ
2289 5519 2382 5573 δύο
2413 5519 2620 5592 Μαρίαι
2670 5518 2795 5591 ἄρτι
2840 5517 2932 5570 τὸν
2965 5516 3196 5584 ἄγγελον
3229 5514 3528 5571 ἐπιστάντα
3557 5513 3654 5567 καὶ⁸

389 5612 478 5657 rat
532 5605 875 5678 lapidemque
928 5615 1251 5668 revolverat.
1309 5612 1626 5682 Sequuntur
1680 5613 1770 5666 illa
1817 5613 1957 5682 apud

2101 5614 2158 5667 ὸν
2205 5611 2350 5666 λίθον
2391 5613 2795 5668 ἀποκυλίσαντα
2828 5611 3153 5666 ἐθεάσαντο⁹
3201 5609 3268 5662 τά
3304 5606 3360 5659 δὲ
3394 5603 3545 5678 παρὰ
3571 5605 3652 5672 τῷ

460 5758 1078 5841 (53-57).Quaesti0ineni
1111 5765 1362 5841 delitam
1387 5767 1454 5820 ad
1476 5765 1684 5821 Domini
1708 5767 1872 5838 pedes
1892 5769 2208 5841 procidente
2239 5769 2503 5825 exscribit
2523 5770 2608 5824 vel
2631 5769 2876 5824 imitatur
2905 5767 3270 5837 Hieronymus
3297 5763 3454 5834 epist.
3483 5760 3571 5828 59,
3586 5757 3647 5825 4,

398 5844 498 5883 nec
529 5845 638 5884 non
666 5831 892 5888 I’liotius
925 5837 1082 5904 epist.
1113 5836 1235 5890 157.
