4106 6460
462 401 570 457 935
1176 399 1442 456 EUSEBII
1477 399 1958 457 CAESARIENSIS
1994 397 2144 454 OPP.
2188 399 2370 455 PARS
2409 401 2492 454 lli.
2527 430 2594 440 —-
2631 397 3039 454 EXEGETlCA.
3070 395 3078 406 ’
3599 395 3705 454 936

460 525 600 585 sole,
638 540 668 577 a
694 525 896 590 juvene
919 524 1102 578 oblato
1131 523 1453 578 mulieribus
1488 523 1671 578 Mariae
1705 521 2016 592 Magdalena

2136 520 2414 583 νεανίσκος
2433 522 2461 572 6
2484 518 2664 587 ὀφθεὶς
2687 522 2806 582 ταῖς
2829 516 3072 587 γυναιξὶν
3092 519 3157 588 τῇ
3181 516 3366 587 Μαρία
3391 518 3456 587 τῇ
3486 517 3707 586 Μαγδα-

460 623 516 666 et
553 611 736 667 Mariae
767 612 956 669 Jacobi
1001 625 1054 670 et
1094 614 1346 680 Salomae,
1379 630 1501 686 quae
1537 631 1661 670 cum
1699 614 2033 670 aromatibus

460 711 747 770 venerant,
798 707 881 760 hae
945 706 1078 777 ipsae
1134 709 1522 765 audieruntzc
1561 708 1741 764 Nolite
1801 721 2034 776 expave-

459 810 648 862 scere;
694 794 883 852 Jesum
937 801 1185 868 quaeritis
1241 801 1581 857 Nazarenum
1635 802 1977 857 cruciﬁxum.
2008 821 2028 854 ι

462 883 622 940 Medii
654 897 835 944 autem
872 900 1001 945 sunt
1029 873 1206 964 angeli
1238 895 1338 960 illi,
1379 895 1472 965 qui
1509 894 1650 964 apud
1681 893 1946 950 Joannem
1981 904 2035 950 et

459 974 665 1033 Lucam
700 989 961 1051 apparent
1008 999 1104 1052 per
1142 984 1428 1039 intervalla
1464 985 1804 1056 singillatim.
1853 986 2034 1056 Appa-

459 1073 572 1126 ruit
623 1073 769 1130 enim
817 1091 942 1131 sero
993 1073 1360 1131 Sabbatorum
1407 1077 1634 1147 angelus
1684 1093 1826 1131 unus
1877 1086 2032 1131 extra

455 1172 907 1233 monumentum;
948 1177 1070 1237 post
1103 1184 1263 1238 quem
1296 1171 1414 1238 ipse
1446 1168 1723 1224 Servator.
1750 1167 1906 1222 Mane
1941 1185 2033 1224 au-

460 1263 570 1312 tem
593 1258 705 1327 jam
731 1257 938 1323 adulto,
965 1259 1060 1314 alii
1088 1261 1196 1316 duo
1219 1261 1362 1331 apud
1387 1260 1591 1317 Lucam
1621 1261 1722 1315 viri
1749 1262 2028 1332 appellati,
2076 1292 2080 1298 -

454 1346 605 1401 haud
635 1347 779 1401 intra
827 1357 1242 1404 monumentum
1283 1350 1410 1406 visi.
1460 1337 1747 1406 Extremus
1787 1351 2030 1405 omnium

456 1438 548 1494 ille
581 1438 842 1508 juvenis;
874 1449 928 1495 et
968 1450 1094 1498 ante
1136 1441 1304 1507 hunc,
1353 1458 1454 1499 nec
1497 1460 1612 1498 non.
1649 1451 1776 1497 ante
1816 1443 1966 1500 viros
1997 1459 2032 1498 a

455 1528 608 1585 Luca
639 1539 996 1598 memoratos,
1034 1536 1142 1588 duo
1168 1535 1247 1588 illi
1277 1535 1421 1589 intra
1449 1543 1885 1590 monumentum.

528 1620 581 1673 5.
624 1617 802 1675 Lucas
849 1621 926 1674 ait
979 1639 1084 1677 una
1129 1621 1492 1678 Sabbatorum
1543 1639 1700 1678 mane
1739 1625 2030 1694 perspicuo

457 1707 651 1762 tulisse
684 1717 930 1762 aromata
956 1711 1209 1766 mulieres
1237 1711 1395 1778 duas,
1437 1728 1557 1781 quae
1584 1720 1785 1768 secutae
1816 1713 2028 1769 fuerant

453 1795 662 1860 Jesum,
705 1797 921 1854 Galilzea
953 1801 1237 1866 oriundas,
1268 1817 1497 1870 quaeque
1526 1801 1865 1858 deduxerant
1903 1805 2023 1874 ejus

457 1884 619 1940 funus
643 1894 696 1940 et
719 1896 980 1942 venerant
1004 1887 1068 1940 ad
1112 1896 1544 1943 monumentum.
1578 1888 1670 1944 llze
1700 1891 1849 1946 duos
1869 1906 2025 1962 ange-

453 1972 538 2030 ios
571 1976 820 2030 viderunt
849 1978 952 2032 sibi
972 1979 1216 2033 dicentes
1243 1998 1256 2033 :
1289 1997 1308 2029 ι
1343 1978 1455 2034 Cur
1479 1981 1724 2050 quaeritis
1752 1982 2021 2037 viventem

457 2064 603 2120 inter
638 2069 924 2123 mortuos?
955 2085 1062 2123 non
1108 2077 1191 2123 est
1227 2071 1337 2133 hic,
1371 2071 1467 2127 sed
1522 2074 1781 2128 surrexit.
1818 2073 2022 2130 Recor-

449 2157 654 2213 damini
694 2175 814 2229 quae
845 2161 1000 2216 vobis
1040 2162 1178 2216 dixit
1211 2163 1341 2216 dum
1372 2164 1652 2220 vobiscum
1686 2175 2017 2234 versaretur,

449 2250 595 2319 quod
645 2267 839 2323 nempe
874 2262 1150 2324 oporteret
1184 2254 1388 2312 Filium
1434 2257 1674 2316 hominis
1718 2261 1866 2331 pati;
1898 2280 1918 2314 ›
1966 2267 2028 2318 et

447 2341 680 2410 reliqua.
1456 2366 1463 2373 ·

519 2430 572 2486 ι.
613 2429 851 2488 Joannes
880 2434 957 2488 ait
998 2450 1105 2489 una
1145 2434 1509 2492 Sabbatorum
1536 2437 1758 2493 Mariam
1799 2438 2026 2510 Magda-

448 2521 624 2575 lenam
651 2524 821 2578 solam
845 2527 1148 2582 accessisse
1169 2527 1236 2581 ad
1258 2537 1668 2585 monumentum
1692 2546 1815 2584 cum
1840 2532 2020 2588 adhuc

447 2614 680 2669 tenebrae
705 2625 927 2682 essent;
964 2618 1172 2675 vidisse
1198 2621 1428 2691 lapidem
1462 2623 1772 2690 sublatum;
1804 2624 2016 2680 venisse

445 2702 517 2756 ad
567 2702 841 2760 Simonem
886 2717 1049 2779 atque
1073 2708 1357 2772 Joannem,
1403 2713 1602 2782 quibus
1650 2715 1766 2768 ait:
1805 2713 2018 2770 tTule-

442 2802 576 2848 runt
605 2794 890 2851 Dominum
915 2800 982 2854 de
1009 2811 1386 2868 monumento,
1409 2812 1462 2859 et
1491 2807 1679 2861 nescio
1708 2807 1797 2861 ubi
1819 2823 2016 2876 posue-

443 2894 576 2940 runt
607 2903 751 2942 eum.
784 2889 943 2945 Venit
975 2908 1104 2961 ergo
1126 2891 1324 2948 Petrus
1353 2903 1513 2965 atque
1533 2894 1772 2954 Joannes
1801 2900 1867 2954 ad
1898 2915 2015 2954 mo-

447 2987 805 3049 numentum;
837 3003 855 3034 ι
890 2993 943 3038 et
973 2986 1201 3054 reliqua.
1243 2984 1445 3042 Deinde
1475 2979 1845 3058 Ma'gdalenam
1883 2992 2015 3046 flen-

440 3077 553 3124 tem
586 3071 808 3128 exhibet
835 3077 1200 3145 evangelista;
1245 3094 1407 3148 quam
1455 3088 1628 3134 semet
1659 3082 2010 3137 inclinantem

443 3162 649 3220 vidisse
675 3165 750 3218 ait
772 3169 910 3223 duos
954 3171 1178 3238 angelos
1219 3170 1494 3237 sedentes,
1525 3189 1690 3226 unum
1720 3174 1787 3228 ad
1820 3186 2007 3246 caput,
2039 3190 2084 3248 α

442 3255 672 3309 alterum
709 3257 775 3310 ad
807 3258 970 3328 pedes
989 3300 1004 3324 ,
1025 3261 1234 3329 sibique
1264 3261 1509 3319 dicentes
1539 3281 1552 3317 :
1591 3282 1609 3315 ‹
1643 3263 1854 3331 Mulier,
1879 3267 2010 3336 quid

441 3346 663 3414 ploras?
691 3367 710 3399 ι
742 3364 862 3418 quae
894 3349 970 3403 ait
1002 3368 1014 3404 :
1047 3369 1065 3401 ι
1098 3350 1364 3406 Tulerunt
1389 3351 1675 3408 Dominum
1717 3371 1918 3419 meum,
1956 3363 2014 3412 et

443 3436 632 3491 nescio
660 3438 750 3493 ubi
776 3449 1079 3508 posuerunt
1112 3459 1260 3500 eum.
1295 3464 1314 3496 ›
1348 3443 1473 3499 Mox
1509 3461 1776 3502 conversa
1801 3457 2018 3502 τριτον-ς

442 3543 565 3584 sum
611 3529 744 3584 vidit
790 3530 977 3588 Jesum
1034 3542 1292 3600 stantem,
1338 3551 1514 3606 neque
1569 3545 1748 3593 tamen
1800 3540 2013 3596 sciebat

437 3633 562 3673 eum
579 3635 700 3675 esse
715 3619 923 3679 Jesum.
946 3623 1082 3679 Dicit
1112 3634 1293 3681 autem
1317 3627 1369 3682 ei
1395 3625 1557 3683 Jesus
1586 3647 1598 3682 :
1630 3648 1648 3681 ‹
1674 3629 1886 3698 Mulier,
1908 3647 2009 3686 cur

438 3710 664 3781 ploras?
689 3729 849 3782 quem
877 3717 1115 3786 quaeris?
1145 3737 1162 3768 ι

510 3801 566 3857 5.
609 3802 904 3876 Ambiguut
958 3810 1208 3864 nonnulli
1264 3828 1500 3882 quonam
1546 3825 1704 3884 pacto
1740 3822 1850 3870 tres
1888 3815 2012 3871 dies

438 3902 736 3966 noctesque
765 3906 875 3953 tres
903 3899 1163 3956 absolutae
1192 3901 1414 3970 iuerint,
1450 3906 1527 3959 uti
1563 3907 1809 3975 praedixit
1847 3907 2008 3962 Chri-

438 3993 578 4050 stus,
604 3998 729 4043 ante
756 3987 1059 4046 faciendam
1083 3999 1562 4055 resurrectionem.
1587 3999 1758 4055 Porro
1788 4015 2007 4070 respon-

436 4074 566 4129 dere
600 4077 680 4131 sic
720 4077 864 4133 licet.
897 4079 1004 4134 Alii
1044 4097 1073 4134 a
1107 4090 1372 4152 tempore,
1407 4103 1517 4157 quo
1555 4087 1716 4144 Jesus
1756 4090 2004 4159 proditus

437 4162 560 4228 fuit,
591 4175 878 4220 numerant
912 4188 924 4223 :
953 4171 1042 4224 alii
1097 4188 1426 4241 parasceven
1476 4177 1529 4231 in
1578 4177 1686 4232 duo
1733 4179 2002 4244 dividunt,

432 4254 560 4321 quia
619 4270 726 4308 nox
780 4255 878 4311 fuit
933 4275 1234 4330 rursusque
1285 4262 1420 4330 dies,
1465 4266 1592 4335 quia
1639 4268 1849 4323 scilicet
1912 4270 2004 4324 illa

431 4344 520 4399 die
551 4346 633 4400 sol
660 4347 1009 4417 obscuratus,
1041 4352 1221 4408 denuo
1245 4356 1462 4410 reluxit.
1501 4357 1637 4411 Exin
1667 4370 1747 4414 est
1781 4357 2003 4415 Sabbali

435 4431 552 4488 dies
589 4435 819 4508 integra,
848 4439 1077 4511 ejusque
1114 4458 1242 4498 nox.
1269 4445 1376 4498 Alii
1425 4455 1725 4517 suppurunt
1757 4464 2004 4518 parasce—

2135 612 2268 683 ληνῇ
2305 612 2398 665 καί
2431 613 2496 681 τῇ
2529 610 2715 682 Μαρίᾳ
2759 609 3012 680 Ἰακώβου
3053 611 3147 662 καὶ
3179 608 3448 681 Σαλώμῃ,
3496 610 3550 662 αἳ
3588 611 3701 680 μετ’

2134 703 2437 774 ἀρωμάτων
2461 700 2707 753 ἐλθοῦσαι
2730 701 2968 771 ἤκουσαν
2987 741 3001 764 ,
3031 719 3049 752 ι
3181 698 3539 769 ἐκθαμϐεῖσθε
3556 739 3569 762 ,
3607 701 3706 770 ’qu-

2136 787 2260 840 σοῦν
2274 787 2484 858 ζητεῖτε
2504 787 2592 840 τὸν
2607 787 2926 858 Ναζαρηνὸν
2938 787 3029 840 τὸν
3047 789 3475 859 ἐσταυρωμένον.
3492 809 3508 841 ι
3529 789 3701 843 Μέσοι

2133 881 2191 934 δὲ
2224 881 2272 932 οί
2317 878 2467 950 παρὰ
2507 877 2585 948 τῷ
2630 879 2848 950 Ἰωάννῃ
2882 878 2976 932 καὶ
3017 878 3093 949 τῷ
3122 880 3303 951 Λουκᾷ
3332 879 3424 933 καὶ
3448 880 3701 949 ὀφθέντες

2133 971 2272 1025 κατὰ
2307 972 2494 1043 καιρὸν
2529 971 2846 1035 ἰδιάζοντες·
2895 971 3062 1042 ἐφάνη
3102 971 3197 1042 μὲν
3229 971 3337 1042 γὰρ
3360 971 3457 1040 ὀψὲ
3486 972 3699 1028 Σαϐϐά-

2131 1079 2236 1114 των
2260 1061 2484 1129 ἅγγελος
2510 1056 2589 1124 εἷς
2617 1062 2770 1124 ἐκτὸς
2799 1061 2890 1114 τοῦ
2926 1062 3226 1132 μνήματος·
3259 1062 3376 1132 μεθ’
3404 1057 3464 1117 οὗ
3492 1063 3702 1117 καὶαύ-

2131 1152 2220 1214 τὸς
2247 1154 2275 1205 6
2318 1153 2538 1224 Σωτήρ·
2575 1152 2769 1224 ὄρθρου
2804 1152 2860 1205 δὲ
2899 1145 3120 1222 βαθέος,
3155 1154 3330 1224 ’έτεροι
3362 1156 3409 1206 oi
3443 1154 3582 1207 κατὰ
3607 1156 3698 1208 τὸν

2130 1245 2343 1298 Λουκᾶν
2383 1243 2474 1296 δύο
2523 1244 2710 1316 ἄνδρες
2737 1245 3109 1315 ὠνομασμένοι
3140 1246 3238 1298 οὐκ
3271 1245 3400 1299 εἴσω
3427 1247 3520 1300 τοῦ
3562 1249 3696 1318 μνή-

2133 1351 2297 1404 ματος
2329 1333 2582 1402 ὀφθέντες
2601 1349 2616 1364 °
2651 1333 2874 1404 ὕστερος
2907 1335 3158 1388 ἁπάντων
3197 1338 3225 1388 6
3255 1336 3530 1400 νεανίσκος
3553 1376 3566 1400 ,
3602 1338 3697 1390 καὶ

2129 1426 2236 1496 πρὸ
2273 1425 2460 1480 τούτου
2494 1429 2587 1482 καὶ⁵
2617 1427 2722 1481 τῶν
2756 1426 2907 1500 παρὰ
2933 1427 3010 1500 τῷ
3040 1429 3228 1499 Λουκᾷ
3247 1430 3294 1481 ot
3324 1427 3416 1483 δύο
3445 1429 3574 1483 εἴσω
3601 1430 3695 1485 τοῦ

2132 1517 2234 1586 μνή
2245 1534 2428 1586 ματος.

2197 1615 2274 1677 γ’.
2291 1610 2412 1662 Ὅτι
2434 1612 2462 1663 6
2490 1611 2700 1675 Λουκᾶς
2733 1613 2827 1682 μιᾷ
2854 1611 3000 1680 λέγει
3029 1611 3135 1665 τῶν
3160 1612 3469 1669 Σαϐὀάτων.
3496 1613 3691 1687 ὄρθρου

2129 1701 2340 1771 βαθέος,
2375 1703 2556 1773 φέρειν
2581 1701 2843 1774 ἀρώματα
2872 1707 3131 1771 γυναῖκας
3161 1704 3252 1756 δύο
3276 1705 3374 1768 τὰς
3397 1705 3690 1776 ἀκολουθη-

2129 1793 2297 1856 σάσας
2329 1792 2509 1863 αὐτῷ,
2545 1793 2743 1857 αἵτινες
2785 1781 2924 1864 ἦσαν
2975 1795 3082 1848 61:6
3117 1796 3215 1866 τῆς
3251 1797 3537 1860 Γαλιλαίας
3571 1815 3691 1850 συν-

2125 1882 2570 1954 ακολουθήσασαι,
2589 1884 2676 1937 ὅτε
2692 1884 2919 1938 ἔθαπτον
2933 1885 3090 1938 αὑτὸν
3105 1884 3347 1939 ἐλθοῦσαι
3367 1887 3457 1938 ἐπὶ
3478 1887 3537 1939 τὸ
3557 1887 3690 1957 μνῆ-

2126 1992 2231 2046 μα’
2266 1976 2464 2040 αἵτινες
2491 1975 2582 2029 δύο
2615 1976 2877 2045 ἀγγέλους
2911 1973 3078 2042 εἶδον,
3126 1977 3174 2030 οἳ
3211 1980 3302 2030 κα)¹
3353 1975 3536 2042 εἷπον,
3577 1999 3594 2029 ‹
3625 1979 3688 2032 Τί

2123 2067 2330 2138 ζητεῖτε
2358 2069 2449 2122 τὸν
2478 2067 2655 2132 ζῶντα
2689 2068 2825 2139 μετὰ
2851 2070 2958 2122 τῶν
2988 2069 3230 2141 νεκρῶν;
3261 2072 3358 2124 οὐκ
3395 2071 3538 2124 ἔστιν
3564 2065 3686 2139 ὧδε,

2121 2156 2233 2209 ἀλλ’
2258 2155 2462 2226 ἠγέρθη
2484 2174 2498 2188 ·
2537 2157 2810 2228 μνήσθητε
2838 2158 2914 2219 ὡς
2938 2157 3195 2228 ἐλάλησεν
3225 2160 3351 2229 ὑμῖν
3378 2159 3455 2213 ἔτι
3489 2160 3563 2213 ὣν
3593 2164 3688 2216 σὺν

2121 2249 2247 2318 ὑμῖν
2274 2247 2475 2316 λέγων,
2503 2249 2584 2301 ὅτι
2607 2248 2686 2301 δεῖ
2713 2247 2904 2302 παθεῖν
2937 2249 3026 2302 τὸν
3055 2249 3179 2302 Υἰδν
3205 2249 3489 2322 ἀνθρώπου
3511 2292 3528 2315 ,
3548 2271 3566 2303 ›
3597 2255 3686 2307 καὶ

2117 2338 2185 2392 τά
2219 2337 2372 2408 ἑξῆς.

2120 2431 2124 2442 “
2186 2430 2259 2483 δ’.
2296 2431 2418 2484 Ὅτι
2449 2430 2700 2502 Ἰωάννης
2731 2431 2875 2501 λέγει
2899 2436 2966 2504 τῇ
3000 2435 3097 2504 μιᾷ
3122 2433 3228 2486 τῶν
3248 2434 3537 2488 Σαϐϐάτων
3566 2436 3684 2488 Μα-

2122 2521 2240 2592 ρίαν
2267 2523 2365 2593 τὴν
2387 2523 2748 2594 Μαγδαληνὴν
2778 2525 2943 2596 μόνην
2961 2524 3212 2595 ἔρχεσθαι
3238 2526 3372 2596 πρὸς
3397 2526 3457 2579 τὸ
3477 2527 3579 2597 μνῆ
3587 2545 3682 2596 μα.

2118 2612 2333 2675 σκοτίας
2361 2613 2440 2666 ἔτι
2467 2612 2631 2684 οὔσης
2650 2655 2665 2679 ,
2701 2615 2795 2669 καὶ
2829 2616 3010 2686 βλέπει
3042 2617 3132 2669 τὸν
3168 2617 3313 2670 λίθον
3337 2618 3569 2689 ἠρμένον
3593 2621 3686 2673 καὶ

2116 2703 2330 2775 ἔρχεται
2382 2705 2516 2777 πρὸς
2547 2708 2764 2778 Σίμωνα
2797 2708 2890 2762 καὶ
2921 2709 3060 2780 πρὸς
3107 2709 3356 2781 Ἰωάννην
3388 2712 3481 2764 καὶ
3514 2711 3681 2778 λέγει,

2120 2815 2138 2847 ι
2161 2793 2340 2868 Ἦραν
2369 2798 2460 2851 τὸν
2500 2798 2704 2870 Κύριον
2743 2799 2848 2852 ἀπὸ
2877 2799 2969 2852 τοῦ
3009 2802 3274 2870 μνημείου
3307 2803 3400 2856 καὶ
3438 2803 3536 2856 οὐκ
3569 2799 3685 2858 οἶδα

2114 2888 2215 2942 ποῦ
2255 2889 2455 2960 ἔθηκαν
2494 2891 2688 2944 αὐτόν’
2723 2888 2883 2962 ἦλθεν
2925 2889 3017 2946 οὖν
3051 2895 3256 2966 Πέτρος
3289 2897 3381 2948 καὶ
3434 2896 3685 2969 Ἰωάννης

2113 2983 2204 3035 ἐπὶ
2233 2974 2578 3054 τὸμνημεῖον
2597 3025 2610 3048 ,
2637 3005 2654 3036 ι
2686 2986 2778 3038 καὶ
2801 2985 2869 3038 τὰ
2898 2986 3042 3056 ἐξῆς.
3078 2983 3210 3042 Εἶτα
3237 2990 3443 3057 εἰσάγει
3474 2990 3685 3044 κλαίου-

2115 3091 2210 3128 σαν
2245 3076 2342 3146 την
2376 3076 2771 3147 Μαγδαληνὴν,
2815 3077 2908 3130 καὶ
2943 3078 3340 3148 παρακύψασαν
3375 3080 3499 3132 ίδεῖν
3537 3081 3698 3149 λέγειν

2114 3166 2204 3219 δύο
2229 3167 2489 3235 ἀγγέλους
2523 3167 2940 3238 καθεζομένους,
2972 3168 3066 3221 ἕνα
3099 3169 3232 3240 πρὸς
3259 3173 3322 3240 τῇ
3341 3170 3565 3241 κεφαλῇ,
3588 3173 3691 3226 καὶ·

2116 3258 2212 3311 ἕνα
2244 3257 2380 3328 πρὸς
2409 3260 2522 3322 τοῖς
2547 3258 2700 3312 ποσίν
2719 3273 2732 3286 '
2761 3258 2854 3311 καὶ
2884 3257 3127 3328 λέγουσιν
3147 3259 3282 3330 αὐτῇ
3306 3301 3319 3325 ,
3363 3279 3379 3311 ι
3403 3259 3597 3324 Γύναι,
3629 3261 3683 3314 τί

2117 3348 2318 3411 κλαίεις
2339 3366 2363 3414 ;_
2385 3369 2403 3401 ι
2431 3353 2462 3420 ἡ
2488 3349 2543 3402 δὲ
2569 3345 2739 3413 εἶπεν,
2770 3368 2788 3400 ‹
2809 3344 2885 3402 Ἦ
2896 3366 2990 3419 ραν
3010 3350 3098 3402 τὸν
3121 3349 3319 3422 Κύριὸν
3346 3368 3443 3421 μου
3468 3352 3560 3404 καὶ
3583 3352 3686 3404 οὐκ

2115 3436 2237 3512 οῖδα,
2258 3439 2361 3493 ποῦ
2385 3440 2586 3512 ἔθηκαν
2611 3441 2789 3494 αὐτόν.
2819 3460 2836 3492 ι
2872 3437 3004 3494 Εἶτα
3026 3442 3267 3512 ἐστράφη
3296 3445 3372 3506 εἰς
3397 3441 3463 3494 τὰ
3485 3442 3690 3505 ὀπίσω,

2116 3533 2208 3587 καὶ
2232 3511 2380 3588 ἐἶδεν
2428 3511 2516 3587 τδν
2561 3532 2767 3604 Ἰησοῦν
2796 3533 3029 3586 ἑστῶτα⁶
3069 3535 3163 3586 καὶ
3193 3511 3290 3586 οὐκ
3319 3533 3432 3604 ᾔδει
3459 3534 3539 3587 ὅτι
3582 3533 3687 3602 Ἰη-

2116 3623 2240 3689 σοῦς
2262 3627 2440 3679 ἐστιν’
2474 3627 2502 3678 6
2531 3624 2589 3678 δὲ
2621 3622 2825 3695 Ἰησοῦς
2858 3623 3026 3692 λέγει,
3069 3641 3088 3676 ι
3113 3622 3309 3686 Γύναι,
3353 3624 3407 3677 τί
3441 3625 3647 3689 κλαίεις
3667 3644 3697 3692 ;,

2112 3715 2234 3770 τίνα
2261 3716 2441 3786 ζητεῖς
2457 3733 2470 3780 ;
2495 3734 2512 3766 ι

2183 3807 2242 3854 ε’.
2270 3803 2387 3856 Ὅτι
2411 3801 2676 3872 ἀποροῦσί
2698 3819 2842 3866 τινες
2873 3802 2949 3866 ὡς
2988 3807 3138 3874 τρεῖς
3170 3807 3368 3878 ἡμέραι
3400 3809 3492 3862 καὶ¹
3539 3813 3692 3880 τρεῖς

2112 3893 2302 3955 νύκτες
2328 3891 2675 3964 πληροῦνται,
2704 3890 2885 3954 καθὼς
2909 3887 3061 3946 εἶπεν
3082 3895 3330 3965 Χριστὸς,
3355 3897 3409 3948 αί
3435 3897 3532 3967 τῆς
3555 3897 3684 3950 ἀνα-

2114 3985 2352 4047 στάσεως
2371 3998 2390 4015 ο
2420 3984 2514 4036 καὶ
2541 3982 2684 4035 ἔστιν
2712 3982 2886 4034 εἰπεῖν
2909 3981 3041 4054 (41)’
3072 3983 3121 4036 οί
3157 3985 3252 4054 μὲν
3284 3984 3391 4037 61:6
3416 3987 3516 4056 τῆς
3547 4004 3681 4057 προ-

2111 4076 2292 4139 δοσίας
2315 4091 2328 4105 ’
2356 4077 2404 4128 οί
2435 4074 2490 4127 δὲ
2515 4073 2612 4143 τὴν
2639 4073 2998 4144 Παρασκευὴν
3036 4076 3116 4140 είς
3141 4075 3234 4130 δύο
3261 4077 3525 4141 ποιοῦσιν,
3561 4080 3682 4131 ἐπεὶ

2112 4169 2206 4235 νὺξ
2240 4167 2459 4236 γέγονεν
2502 4165 2594 4218 καὶ
2646 4165 2804 4219 πάλιν
2853 4167 3036 4237 ἡμέρα
3057 4185 3070 4198 ο
3106 4168 3162 4221 ἐν
3200 4169 3380 4241 ἐκείνῃ
3403 4172 3468 4240 τῇ
3500 4170 3682 4242 ἡμέρᾳ

2111 4261 2201 4315 τοῦ
2227 4261 2378 4332 ἡλίου
2406 4258 2775 4320 σκοτισθέντος
2801 4259 2892 4311 καὶ
2914 4259 3074 4313 πάλιν
3093 4260 3513 4331 ἀναφλεχθέντος
3529 4280 3540 4293 ·
3564 4259 3682 4316 εἶτα

2110 4353 2143 4422 ἡ
2175 4349 2268 4402 τοῦ
2302 4349 2575 4402 Σαϐὃάτου
2607 4347 2786 4418 ἡμέρα
2819 4347 2912 4418 ὅλη
2962 4347 3054 4399 καὶ
3095 4349 3127 4416 ἡ
3177 4347 3272 4412 νὺξ
3305 4349 3492 4418 αὐτῆς.
3525 4350 3584 4403 Oi
3624 4350 3681 4402 δὲ

2111 4440 2322 4510 ἡμέραν
2355 4439 2452 4508 μὲν
2475 4437 2570 4507 τὴν
2600 4436 2954 4507 Παρασκευὴν
2985 4435 3111 4505 ὅλην
3137 4437 3230 4488 καὶ
3254 4437 3351 4507 τὴν
3382 4436 3552 4490 νύκτα
3580 4439 3681 4491 αὐ-

430 4539 535 4580 ven
565 4534 753 4593 totam,
783 4531 924 4586 diem
955 4542 1308 4607 noctemque;
1341 4537 1635 4593 Sabbatum
1664 4541 1790 4596 item
1821 4551 1994 4596 totum

2113 4535 2220 4605 τῆς,
2248 4529 2523 4584 Σάϐϐατον
2545 4529 2661 4581 ὅλον
2686 4529 2778 4582 καὶ
2809 4527 2906 4598 τὴν
2939 4527 3109 4580 νύκτα
3137 4529 3330 4581 αὐτοῦ’
3363 4532 3460 4598 τῆς
3485 4530 3540 4582 δὲ
3569 4531 3678 4582 Κυ-

429 4620 657 4690 ejusque
707 4631 961 4691 noctem;
1019 4626 1311 4684 Dominicae
1370 4639 1548 4686 autem
1599 4633 1703 4688 diei
1752 4634 1992 4698 initium,

429 4713 551 4767 loco
587 4713 810 4784 integra:
848 4717 955 4772 diei
1003 4721 1322 4788 metiuntur,
1357 4739 1463 4793 qua
1500 4725 1794 4794 incipiente
1837 4727 1999 4780 Chri-

426 4812 544 4866 stus
569 4807 829 4861 surrexit.
878 4808 1055 4878 Atque
1103 4811 1177 4865 ita
1219 4823 1331 4869 tres
1367 4815 1482 4871 dies
1512 4816 1721 4871 dicunt.
1755 4817 1914 4872 Certe
1946 4823 1999 4870 et

425 4896 483 4950 in
511 4899 743 4954 mortuis
793 4915 856 4954 ac
894 4901 950 4954 in
986 4918 1178 4960 recens
1226 4909 1367 4962 natis
1412 4911 1596 4978 pueris
1630 4912 1705 4964 ita
1759 4912 1997 4965 solemus

420 4998 597 5044 totam
627 4992 768 5046 diem
808 4997 1008 5062 metiri,
1072 4998 1184 5075 sive
1218 5001 1474 5055 nativitas
1523 5005 1815 5074 contigerit
1854 5005 1991 5058 hora

414 5081 655 5144 decima,
683 5084 799 5139 sive
829 5084 915 5141 die
945 5089 1283 5145 exordiente.
1320 5090 1411 5146 Sic
1443 5093 1605 5148 etiam
1637 5096 1867 5149 mortuis
1895 5103 1994 5151 ter-

418 5174 495 5227 tia
531 5174 619 5229 die
659 5183 712 5229 et
735 5192 878 5243 nona
923 5185 979 5233 et
1013 5181 1430 5252 quadragesima
1468 5183 1694 5240 inferias
1728 5187 1997 5256 legitimas

422 5264 671 5332 ferimus,
708 5268 851 5323 baud
905 5278 1018 5325 tota
1066 5276 1224 5328 tertia
1264 5289 1388 5329 cum
1435 5291 1534 5329 sua
1587 5286 1767 5341 nocte,
1821 5293 1996 5346 neque

418 5361 530 5410 tota
561 5371 703 5411 nona
735 5373 858 5412 cum
902 5375 1002 5414 sua
1040 5363 1166 5417 item
1210 5373 1388 5429 nocte,
1423 5380 1598 5433 neque
1631 5373 1741 5420 tota
1771 5367 1997 5437 quadra-

423 5444 627 5512 gesima
678 5447 932 5504 similiter
960 5465 1084 5505 cum
1123 5469 1222 5508 sua
1255 5465 1432 5519 nocte,
1468 5457 1562 5510 sed
1595 5457 1767 5512 initiis
1798 5469 1996 5513 morta-

422 5533 555 5596 lium
601 5534 810 5593 dierum
877 5543 1160 5609 spectatis,
1215 5545 1366 5613 iusta
1420 5547 1776 5615 absolvimus,
1832 5551 1995 5620 idque

419 5628 638 5692 tetilpus
663 5642 760 5696 pro
798 5629 886 5684 die
911 5631 1116 5704 integra
1155 5635 1418 5691 habemus
1445 5645 1606 5706 atque
1646 5641 1919 5699 metimur.

2090 4623 2302 4700 Ξριακῆς
2347 4621 2445 4691 τὴν
2496 4619 2666 4691 ἀρχὴν
2714 4623 2793 4683 εις
2827 4619 3039 4692 ἡμέραν
3075 4620 3364 4691 μετροῦσιν
3409 4621 3566 4691 ὃλην·
3603 4622 3682 4686 ('0;

2086 4697 2414 4807 Ιᾶρξαμένης
2447 4711 2545 4783 ἡδη
2577 4712 2699 4765 τότε
2742 4714 2770 4765 6
2806 4713 3038 4807 Χριστὸς
3081 4712 3317 4807 ἠγέρθη·
3354 4711 3680 4807 οὕτωτρεῖς

2087 4803 2313 4886 ξὴμέρας
2343 4803 2606 4872 λέγουσιν.
2628 4803 2780 4856 Ἐπεὶ
2812 4805 2904 4856 καὶ
2935 4805 3026 4856 ἐπὶ
3056 4803 3263 4874 νεκρῶν
3308 4805 3400 4857 καὶ
3444 4805 3536 4857 ἐπὶ
3570 4803 3678 4857 τῶν

2085 4896 2398 4979 ιἁρτιγενῶν
2430 4895 2635 4948 παίδων
2663 4894 2835 4958 οὕτως
2867 4898 3084 4966 μετρεῖν
3125 4895 3244 4958 έθος
3277 4895 3404 4966 ὅλην
3441 4896 3673 4966 ἡμέραν,

2083 4994 2185 5053 ,ὅτε
2226 4989 2324 5060 τὴν
2365 4989 2472 5043 ἀπὸ
2513 4990 2611 5057 τῆς
2653 4987 2886 5057 δεκάτης
2913 4986 3062 5057 ὥρας
3093 4986 3403 5058 ἀρξαμένην
3428 4987 3675 5058 γέννησιν

2082 5073 2429 5155 ἶμετροῦμεν,
2459 5079 2492 5150 ἢ
2528 5079 2626 5150 τὴν
2661 5079 2770 5130 61:6
2799 5078 2898 5147 τῆς
2929 5078 3104 5148 ἀρχῆς
3129 5080 3227 5147 τῆς
3258 5078 3469 5149 ἡμέρας
3507 5079 3670 5150 ἀρξα-

2102 5178 2269 5248 μένην
2314 5177 2598 5246 γέννησιν⁶
2630 5174 2831 5244 ὁμοίως
2879 5173 2972 5226 καὶ
3005 5175 3094 5226 ἐπὶ
3117 5173 3325 5245 νεκρῶν
3361 5173 3462 5244 ςτὴν
3489 5172 3671 5244 τρίτην

2098 5270 2308 5340 ἡμέραν
2363 5269 2458 5321 καὶ
2487 5267 2582 5339 τὴν
2610 5267 2806 5338 ἐνάτην
2856 5267 2948 5319 κα)⁴
2992 5267 3090 5336 τὴν
3134 5266 3574 5337 τεσσαρακοστὴν
3602 5264 3674 5318 τὰ

2096 5358 2457 5428 νενομισμένα
2513 5356 2822 5418 ποιοῦντες·
2870 5357 2968 5427 οὐχ
3016 5356 3144 5428 ὃλην
3174 5357 3272 5429 τὴν
3316 5356 3504 5428 τρίτην
3540 5355 3676 5426 μετὰ

2095 5453 2192 5522 τῆς
2231 5449 2422 5512 νυκτὸς
2463 5449 2660 5520 αὐτῆς⁹
2696 5450 2816 5502 οὐδὲ
2852 5449 2979 5520 ὅλην
3012 5449 3109 5520 τὴν
3148 5449 3343 5520 ἐνάτην
3406 5448 3546 5519 μετὰ
3580 5449 3678 5519 τῆς

2096 5542 2302 5604 οἰκείας
2324 5541 2515 5603 νυκτὸς
2534 5543 2703 5612 αὐτῆς
2721 5559 2734 5573 ο
2761 5542 2881 5595 οὐδὲ
2901 5543 2999 5612 τὴν
3021 5541 3460 5612 τεσσαρακοστὴν
3476 5541 3680 5611 ὁμοίως

2097 5633 2224 5702 ὃλην
2262 5632 2399 5703 μετὰ
2424 5633 2614 5695 νυκτὸς
2644 5634 2841 5703 αὐτῆς·
2873 5633 3008 5686 ἀλλὰ
3036 5635 3134 5696 τὰς
3161 5633 3332 5704 ἀρχὰς
3356 5632 3464 5684 τῶν
3490 5632 3676 5692 τελευ-

2098 5723 2262 5777 ταίων
2307 5722 2526 5794 ἡμερῶν
2577 5723 2807 5794 ὁρῶντες
2850 5725 3175 5794 ἐκτελοῦμεν
3207 5724 3275 5776 τά
3304 5723 3673 5793 πραττόμενα,

2099 5815 2224 5868 ὃλην
2252 5817 2462 5871 ἠαὲοαν
2486 5816 2687 5882 ταύτην
2713 5818 2806 5871 καὶ
2845 5818 3168 5886 μετροῦντες
3193 5818 3285 5871 καὶ
3310 5816 3672 5886 λογιζόμενοι.
