4106 6420
410 411 515 467 957

1254 411 1756 466 SUPPLEMENTA
1796 407 2273 478 QUAESTIONUM‘
2309 409 2400 462 AD
2439 405 2883 464 STEPHANUM.

3581 405 3685 462 953

401 513 407 582 ί
480 525 554 590 ς’.
593 523 732 578 Ἀλλ’
766 525 888 578 ἐπει
938 524 1172 596 Χριστός
1222 541 1408 596 φησιν,
1431 528 1579 595 τρεῖς
1628 524 1840 594 ἡμέρας
1897 526 1992 577 καὶ

2179 522 2232 577 6.
2269 520 2374 576 Sed
2402 523 2660 592 quoniam
2707 521 2961 584 Christus
2999 520 3212 577 dixerat
3240 521 3306 584 ",
3342 521 3521 576 tribus
3565 521 3682 577 die-

405 620 558 690 τρείς
601 616 802 681 νύκτας
851 619 907 670 ὲν
955 619 1022 687 τῇ
1071 616 1269 688 καρδίᾳ
1288 617 1386 685 τῆς
1416 617 1516 687 γῆς
1544 615 1757 686 ἔσομαι,
1791 615 1906 668 ἐστι
1935 617 1991 668 δὲ

405 710 579 773 οὕτως
611 712 784 763 εἰπεῖν
817 709 949 778 (41)·
978 704 1086 778 ἄρα
1129 710 1176 760 εί
1211 707 1493 779 χρεώστην
1527 707 1992 776 ἐπαγγειλάμενον

403 799 482 870 τῷ
507 800 692 870 οἰκείῳ
722 800 972 869 δανειστῇ
1011 799 1148 867 μετὰ
1172 803 1322 870 τρεῖς
1347 800 1560 875 ἡμέρας
1592 799 1900 871 πληρώσειν
1930 799 1992 852 τὸ

403 891 586 962 χρέος,
619 891 726 962 πρὸ
757 892 856 960 τῆς
886 890 1222 961 προθεσμίας
1256 891 1618 962 πληρώσαντα
1643 891 1986 961 θεασάμενοι,

401 982 477 1046 ὡς
511 983 853 1052 ψευσάμενον
885 982 1201 1052 κρινοῦμεν,
1232 983 1264 1053 ἦ
1294 983 1368 1045 ὡς
1395 983 1555 1035 πλέον
1581 983 1985 1052 ἀληθεύσαντα;

405 1075 516 1127 Καὶ
549 1074 757 1136 ἄλλωςθ
791 1077 840 1126 εί
875 1073 1066 1128 θᾶττον
1096 1073 1128 1145 ἢ
1163 1073 1275 1144 (42)
1309 1069 1721 1144 είπεν,άνέστη,
1749 1075 1926 1127 πλέων
1954 1077 1986 1145 ἡ

403 1165 652 1238 δύναμις,
689 1167 781 1220 καὶ
809 1165 1059 1236 ἔγκλημα
1104 1168 1202 1219 οὐκ
1248 1167 1380 1236 ἕχει·
1416 1167 1476 1219 τὸ
1524 1167 1580 1219 δὲ
1623 1167 1855 1236 βράδιον,
1887 1168 1990 1219 ὑπ-

405 1257 563 1326 οψίας
596 1258 755 1327 γέμει
779 1258 874 1309 καὶ
899 1256 1092 1325 ψεῦδος
1120 1256 1390 1324 λογίζεται
1417 1255 1733 1325 γιγνόμενον
1753 1272 1765 1284 ·
1793 1253 1987 1322 ψεῦδος

409 1351 526 1422 μὲν,
558 1350 639 1402 ὅτι
676 1349 950 1420 παρῆλθεν
998 1351 1026 1401 ὀ
1068 1348 1276 1419 λεχθεὶς
1325 1349 1480 1418 ὅρος·
1519 1347 1760 1398 ὕποπτον
1799 1346 1876 1409 δὲ,
1903 1347 1984 1398 ὃτι

404 1442 514 1496 τῶν
535 1442 789 1512 φυλάκων
816 1442 1305 1515 ἀναχωρησάντων,
1335 1438 1508 1512 κλοπὴ
1532 1439 1592 1492 τὸ
1615 1440 1844 1510 πρᾶγμα
1870 1441 1984 1491 tvo-

410 1534 573 1607 μίσθη
613 1535 698 1590 ἄν.

2107 614 2209 668 bus
2233 613 2516 683 tribusque
2543 614 2798 669 noctibus
2830 629 2887 668 se
2925 614 2979 666 in
3011 612 3177 667 corde
3225 621 3384 668 terra:
3411 612 3682 680 futurum,

2093 705 2240 757 lubet
2288 705 2361 758 ita
2399 706 2711 760 disserere:
2743 705 2937 774 siquis
2987 720 3095 759 rere
3147 704 3329 759 alieno
3376 703 3682 759 obstrictus

2093 797 2353 850 creditori
2407 813 2506 851 suo
2558 799 2877 868 recepisset.
2915 813 2974 852 se
3007 805 3129 866 post
3169 805 3281 852 tres
3311 797 3429 851 dies
3477 797 3680 851 solutu-

2092 903 2252 952 rum;
2299 889 2464 954 hunc,
2509 889 2752 958 inquam,
2795 890 2840 944 si
2877 897 3006 944 ante
3053 889 3366 944 condictam
3411 889 3554 944 diem
3603 904 3679 944 ωε

2091 982 2228 1036 illud
2267 983 2568 1038 dissolvere
2601 983 2933 1045 videremus,
2963 983 3350 1036 mendacemne
3393 997 3462 1036 an
3505 982 3678 1036 multo

2093 1075 2430 1130 veracidrem
2489 1075 2908 1145 judicaremus?
2972 1074 3264 1138 Praeterea,
3324 1075 3372 1130 si
3423 1074 3680 1131 Christus

2091 1168 2269 1231 ocius,
2321 1183 2484 1236 quam
2521 1167 2909 1236 spoponderat,
2964 1169 3284 1234 resurrexit,
3328 1167 3501 1235 major
3550 1168 3680 1223 hinc

2092 1258 2267 1312 virtus
2289 1259 2570 1320 elucescit,
2597 1257 2793 1312 nedum
2819 1258 2972 1311 locus
3012 1258 3418 1328 reprehensioni
3441 1266 3544 1314 est.
3583 1257 3679 1313 Su-

2092 1347 2268 1417 Spicio
2290 1359 2482 1401 contra
2511 1355 2674 1416 atque
2705 1347 3050 1401 mendacium
3096 1364 3160 1402 ex
3197 1348 3453 1403 tarditate
3486 1364 3680 1405 conse-

2093 1439 2404 1508 quebantur
2449 1459 2462 1493 :
2513 1440 2879 1507 mendacium,
2921 1441 3047 1510 quia
3090 1441 3377 1496 condictus
3416 1443 3682 1498 terminus

2092 1527 2286 1580 fuisset
2315 1528 2568 1596 elapsus;
2602 1529 2866 1597 suspicio,
2903 1530 3056 1599 quia,
3092 1529 3474 1588 recedentibus
3504 1541 3682 1590 custo-

2092 1618 2276 1684 dibus,
2309 1635 2374 1674 ea
2405 1635 2493 1675 res
2528 1618 2663 1674 furti
2691 1620 2888 1677 fuisset
2915 1621 3251 1678 insimulata.

1668 1775 2026 1830 EXPLICIT
2059 1775 2426 1832 EPITOME.

1749 2146 2272 2240 LECTORI

487 2342 757 2399 Hactenus
786 2346 1047 2398 edidimus
1084 2345 1387 2399 continuam
1419 2353 1573 2412 atque
1608 2340 1875 2394 illibatam
1920 2338 2211 2394 Eusebiani
2251 2341 2424 2407 operis
2453 2343 2684 2409 priscam
2723 2354 2774 2396 et
2822 2347 3139 2414 praclarum
3184 2345 3490 2416 Epitomen,
3525 2360 3682 2418 prout

411 2453 473 2489 ea
521 2446 598 2490 est
640 2439 696 2489 in
742 2437 1094 2506 pulcherrimo
1137 2436 1312 2491 codice
1352 2434 1606 2488 Palatino
1659 2433 1779 2488 Vat.
1826 2429 2044 2493 CCXX,
2115 2449 2147 2484 ιι
2191 2431 2232 2500 Ῑ.
2281 2432 2343 2486 61
2389 2449 2551 2503 usque
2595 2435 2662 2489 ad
2694 2436 2784 2504 96,
2825 2437 2914 2491 ubi
2947 2455 3075 2507 opus
3109 2455 3290 2508 reapse
3315 2441 3676 2501 concluditur.

413 2529 609 2582 relictis
635 2528 876 2596 deinceps
919 2529 1128 2599 paginis
1156 2529 1327 2597 puris.
1363 2525 1602 2581 Fuerunt
1633 2534 1829 2586 autem,
1866 2532 1920 2576 ut
1969 2522 2217 2588 vidimus,
2248 2526 2564 2594 quazstiones
2609 2544 2717 2591 xx;
2762 2531 2963 2584 scilicet
3009 2530 3078 2584 ad
3104 2530 3431 2601 Stephanum
3460 2547 3574 2596 xvr,
3609 2535 3678 2586 ad

414 2618 688 2674 Marinum
731 2636 806 2677 IV.
846 2620 1165 2690 Quanquam
1193 2637 1309 2674 vero
1349 2619 1513 2673 variis
1559 2632 1623 2671 ea:
1664 2615 1898 2685 fontibus
1935 2613 2085 2668 nobis
2128 2616 2467 2682 suppetebant
2494 2617 2767 2688 utriusque
2793 2621 2966 2687 partis
2997 2620 3377 2688 supplementa,
3411 2621 3678 2676 noluimus

411 2733 474 2770 ea
502 2732 620 2769 cum
653 2715 896 2785 Epitome
929 2715 1240 2776 admiscere,
1267 2731 1329 2768 ne
1357 2713 1540 2780 scripti
1580 2725 1670 2778 per
1700 2726 1754 2763 se
1783 2707 2024 2762 concinni
2059 2715 2108 2760 et
2139 2706 2358 2776 perfecti
2396 2708 2586 2762 seriem
2629 2710 3015 2779 quodammodo
3050 2713 3130 2768 his
3159 2715 3369 2768 insertis
3399 2715 3680 2784 perturba-

414 2827 608 2864 remus.
659 2806 814 2862 Nunc
856 2817 1030 2862 tamen
1069 2807 1429 2876 supplementa
1467 2819 1584 2875 qua:
1621 2801 1909 2855 invenimus
1950 2808 2060 2852 tum
2095 2803 2446 2868 quwstionum
2477 2803 2545 2857 ad
2591 2801 2915 2872 Stephanum
2961 2816 3070 2858 tant
3106 2808 3268 2860 etiam
3307 2807 3375 2860 ad
3403 2806 3679 2862 Marinum

413 2901 735 2956 subtexenda
776 2910 916 2955 sunt.
958 2897 1022 2951 Et
1051 2901 1278 2969 primum
1324 2899 1486 2952 lauta:
1525 2896 1725 2964 aliquot
1770 2901 1946 2961 partes
1984 2905 2049 2943 ex
2094 2908 2288 2961 magna
2337 2911 2436 2950 ms.
2484 2903 2671 2948 catena
2719 2894 2924 2950 Nicetw
2955 2896 3023 2950 ad
3073 2898 3270 2951 Lucam
3311 2899 3365 2952 in
3399 2899 3576 2954 codice
3605 2902 3674 2963 Α,

412 3011 504 3048 seu
550 2993 668 3048 Vat.
711 2993 872 3055 1611,
915 3009 1046 3062 quas
1079 3010 1182 3047 non
1215 3008 1279 3045 ex
1313 2991 1548 3060 Epitome
1584 2989 1673 3043 sed
1704 3002 1768 3042 ea:
1797 2987 1999 3054 integro
2035 2999 2185 3052 opere
2211 2983 2482 3055 decerptas
2520 2988 2687 3056 fuisse
2717 2997 2971 3056 apparet;
3001 3005 3301 3060 quanquam
3340 2992 3448 3058 ipse
3476 3008 3679 3062 quoque

417 3087 633 3142 Nicetas
663 3088 866 3142 videtur
892 3088 1175 3152 interdum,
1209 3097 1265 3139 ut
1296 3089 1357 3156 ﬁt
1388 3093 1439 3143 in
1469 3092 1692 3151 catenis,
1729 3091 2014 3145 Eusebium
2042 3089 2375 3154 diminucre;
2403 3091 2554 3160 cujus
2584 3092 2658 3145 rei
2693 3091 2947 3144 indicium
3001 3099 3098 3155 est,
3131 3089 3270 3160 quod
3301 3092 3590 3162 aliquando
3623 3095 3678 3148 iu

413 3180 652 3247 Epitome
707 3189 830 3234 sunt
891 3180 1090 3250 aliquot
1134 3182 1430 3249 particulas,
1492 3201 1624 3254 quas
1672 3184 1888 3238 Nicetas
1949 3183 2214 3238 subtrahit
2257 3199 2274 3236 :
2315 3185 2417 3238 etsi
2463 3185 2662 3256 alioqui
2705 3185 2762 3239 in
2811 3183 3049 3238 laudatis
3089 3201 3121 3238 a
3152 3183 3343 3240 Νίσαια
3404 3187 3668 3254 partibm.

412 3270 670 3325 Eusebius
715 3273 1018 3345 plerumque
1065 3273 1261 3346 integer
1304 3285 1404 3342 est,
1447 3286 1499 3330 et
1546 3277 1734 3348 ubique
1775 3278 2000 3345 plenior.
2065 3273 2222 3330 Nunc
2267 3276 2433 3347 igitur
2458 3279 2634 3347 priore
2682 3275 2797 3331 loco
2836 3277 3197 3346 supplementa
3233 3278 3581 3349 questionum
3609 3279 3680 3335 ad

412 3361 762 3430 Stephanum.

1352 3571 1834 3661 EUSEBII
1931 3573 2747 3666 CAESARIENSIS

660 3759 778 3820 EX
829 3747 1362 3822 INTEGRIORE
1406 3758 1689 3822 OPERE
1723 3761 2301 3835 QUZESTIONUM
2339 3764 3071 3828 EVANGELICARUM
3102 3765 3428 3827 PARTES

1450 3927 1517 3986 in
1545 3925 1778 3988 Niceti:
1820 3926 2056 3987 Catena
2089 3947 2200 3988 ms.
2249 3929 2332 3992 ad
2363 3929 2616 3992 Lucam.

481 4175 550 4225 α’.
594 4168 703 4238 (45)
745 4168 879 4238 Περὶ
925 4166 981 4219 δὲ
1025 4166 1119 4220 τοῦ
1171 4167 1260 4220 τὸν
1290 4165 1569 4221 Ματθαίον
1617 4167 1823 4223 ἄνωθεν
1864 4187 1996 4224 κατ-

2167 4173 2224 4227 1.
2257 4169 2418 4236 Quod
2471 4167 2763 4224 Mattheus
2812 4182 3052 4238 superne
3095 4167 3477 4223 successiones
3507 4166 3680 4222 dedu-

409 4261 565 4329 άγειν
597 4261 697 4324 τὰς
728 4259 997 4330 διαδοχὰς,
1027 4259 1118 4312 τὸν
1150 4259 1206 4311 δὲ
1233 4260 1442 4312 Λουκᾶν
1470 4259 1736 4313 ἀνάπαλιν
1761 4277 1992 4332 πεποιη-

414 4354 587 4415 κέναι,
619 4353 747 4424 μίαν
792 4355 884 4406 καὶ
914 4352 1010 4424 τὴν
1052 4353 1222 4422 αὐτὴν
1261 4351 1376 4406 ὁδὸν
1424 4352 1806 4423 πορευθέντας,
1841 4356 1992 4409 οὐδὲν

413 4444 822 4515 ἐπιμέμφεσθαι
853 4445 962 4497 δεῖ·
996 4444 1118 4498 ἐπεὶ
1153 4444 1244 4497 καὶ
1272 4444 1398 4508 τοὺς
1431 4445 1632 4516 ἀνάντη
1675 4447 1767 4499 καὶ
1811 4446 1993 4518 ὄρθιον

416 4535 642 4606 πορείαν
675 4536 942 4600 ἀνιόντας,
976 4537 1068 4591 καὶ
1120 4538 1247 4600 τοὺς
1293 4535 1528 4607 ἔμπαλιν
1575 4536 1663 4590 διὰ
1697 4538 1793 4608 τῆς
1825 4539 1994 4609 αὐτῆς

414 4627 718 4691 κατιόντας,
746 4628 960 4703 οὑκιάν
1011 4646 1094 4691 τις
1142 4628 1336 4699 ἑτέραν
1381 4630 1514 4698 φαίη
1572 4629 1826 4698 βαδίζειν,
1865 4633 1994 4699 μιᾶς

408 4717 740 4789 ἀμφοτέροις
775 4717 1031 4787 κειμένης
1058 4721 1172 4780 τοῖς
1194 4736 1253 4770 τε
1283 4719 1491 4773 ἀνιοῦσι
1516 4719 1608 4772 καὶ
1636 4723 1750 4783 τοῖς
1776 4720 1994 4774 κατιοῦ-

411 4827 464 4863 σι
489 4811 700 4882 τρίϐου.
729 4811 832 4863 Τὸν
880 4811 1042 4864 αὑτὸν
1089 4810 1218 4879 γοῦν
1267 4813 1467 4882 τρόπον
1507 4813 1600 4865 καὶ
1633 4813 1723 4865 ἐπὶ
1751 4813 1849 4882 τῆς
1884 4814 1992 4867 τῶν

409 4904 582 4973 γενῶν
615 4904 862 4975 διαδοχῆς
894 4904 1176 4975 πάρεστιν,
1205 4905 1311 4976 ὂτῳ
1342 4905 1492 4972 φίλον
1519 4907 1605 4958 ἐπ’
1635 4906 1884 4971 ἐξουσίας
1906 4905 1993 4959 διὰ

414 4997 522 5051 τῶν
553 4996 752 5060 αὐτῶν,
785 4999 900 5060 τοῖς
928 4997 1025 5067 μὲν
1056 4995 1300 5050 κάτωθεν
1346 4997 1438 5050 ἐπὶ
1481 4999 1608 5060 τοὺς
1639 4998 1825 5068 πρόσω
1850 4997 1994 5050 ἀνιέ-

410 5106 519 5154 ναι,
550 5090 660 5150 τοῖς
683 5087 738 5140 δὲ
771 5087 880 5140 ἀπὸ
903 5087 1011 5140 τῶν
1033 5086 1237 5142 ἄνωθεν
1261 5087 1617 5159 προπατόρων
1645 5087 1988 5158 ἀρξαμένοις,

409 5180 504 5235 ἐπὶ
549 5182 674 5243 τοὺς
713 5179 975 5242 ὑστάτους
1004 5179 1364 5249 καταλήγειν·
1398 5173 1550 5241 οὗτος
1575 5180 1632 5232 δὲ
1656 5181 1748 5232 καὶ
1776 5180 1990 5250 πόρρω-

407 5274 500 5328 θεν
535 5271 808 5342 Ἑϐραίοις
839 5271 987 5342 (pilo;
1012 5267 1079 5341 ἦν
1106 5271 1134 5322 ὁ
1163 5271 1382 5342 τρόπος,
1415 5279 1544 5335 etc.,
1571 5281 1626 5324 ut
1658 5273 1713 5324 in
1736 5273 1992 5340 impressa

407 5363 604 5419 anobis
637 5365 882 5433 epitome,
916 5363 1015 5416 col.
1051 5363 1175 5426 891,
1202 5364 1298 5418 lin.
1325 5363 1360 5417 4
1388 5382 1419 5416 a
1447 5365 1570 5432 ﬁne,
1602 5381 1762 5433 usque
1798 5365 1867 5417 ad
1895 5364 1989 5418 τοῦ

407 5457 660 5530 Σωτῆρος
676 5455 834 5527 ἡμῶν
847 5455 1258 5524 εὐαγγελιστάς,
1270 5459 1373 5508 col.
1391 5456 1516 5522 895,
1531 5457 1628 5511 lin.
1656 5455 1745 5510 '57.
1766 5457 1887 5510 me
1907 5457 1988 5510 ὅτι

477 5589 525 5622 ⁸³
563 5589 756 5645 Matth.
795 5607 906 5656 xu,
942 5591 1032 5646 40.

480 5702 594 5770 (41)
634 5704 903 5775 Expilavit
943 5705 1080 5758 hanc
1106 5703 1325 5758 Eusebii
1358 5704 1712 5774 qmestionem
1745 5703 1990 5764 Isidorus

408 5771 684 5828 Pelusiota
718 5771 805 5846 ep.
837 5775 892 5836 2,
920 5775 1048 5838 212,
1075 5777 1241 5830 tacito
1271 5771 1516 5830 auctoris
1546 5776 1799 5844 nomine;
1835 5777 1982 5834 ideo-

411 5858 516 5913 que
545 5846 788 5916 ejusdem
828 5847 1031 5904 solutio
1061 5847 1270 5919 jamdiu
1311 5856 1439 5903 nota
1465 5857 1600 5903 erat.

1761 5953 1806 5961 4-»
1839 5952 1856 5958 --

2099 4272 2208 4331 cat,
2245 4263 2424 4318 Lucas
2452 4278 2581 4318 vero
2621 4262 2906 4316 contrario
2949 4261 3142 4316 ordine
3186 4269 3395 4324 utatur,
3441 4261 3681 4330 quando-

2094 4357 2316 4429 quidem
2371 4355 2561 4411 eadem
2617 4355 2706 4408 via
2764 4361 2995 4423 uterque
3039 4353 3305 4424 graditur,
3357 4353 3539 4409 nullus
3588 4361 3676 4409 est

2095 4449 2510 4520 reprehensioni
2543 4448 2716 4502 locus.
2751 4445 2888 4499 Nam
2917 4453 2972 4499 et
2998 4445 3123 4501 illos
3153 4445 3246 4516 qui
3277 4461 3528 4515 prorsum
3559 4461 3676 4501 sur-

2094 4557 2330 4610 sumque
2385 4541 2710 4608 ascendunt,
2755 4546 2811 4592 et
2855 4538 2980 4593 illos
3013 4537 3106 4607 qui
3163 4536 3454 4593 adversum
3484 4537 3678 4594 eadem

2094 4635 2181 4689 via
2221 4632 2602 4694 descendunt,
2655 4630 2800 4684 haud
2850 4631 3140 4700 quisquam
3209 4629 3413 4684 diceret
3459 4628 3678 4683 diverso

2095 4726 2311 4779 tramite
2344 4723 2596 4778 incedere
2633 4741 2645 4776 :
2691 4723 2818 4791 quia
2851 4723 3060 4777 scilicet
3089 4737 3194 4775 una
3229 4723 3297 4777 ab
3323 4721 3591 4790 utrisque,
3622 4721 3674 4774 id

2093 4822 2178 4871 est
2206 4815 2274 4868 ab
2309 4813 2734 4869 ascendentibus
2777 4812 3366 4882 descendentibusque,
3419 4811 3505 4864 via
3554 4810 3678 4864 teri-

2096 4914 2206 4961 tur.
2240 4905 2363 4960 Pari
2390 4921 2520 4977 ergo
2551 4905 2712 4959 modo
2737 4906 2900 4960 etiam
2948 4906 3004 4960 in
3061 4903 3414 4959 recensendis
3459 4903 3675 4972 generis

2093 4997 2564 5062 successiouibus,
2626 5013 2724 5067 pro
2773 4997 3042 5066 cujusque
3084 4995 3239 5050 libito
3288 4994 3372 5048 vel
3419 4994 3489 5048 ab
3549 4994 3674 5050 imis

2095 5107 2316 5147 sursum
2348 5089 2592 5153 tendere,
2631 5089 2717 5144 vel
2755 5106 2785 5143 a
2810 5090 3024 5158 superis
3054 5096 3216 5158 capto
3246 5085 3401 5139 initio
3427 5085 3676 5155 progeni-

2094 5186 2308 5240 toribus
2337 5186 2390 5239 in
2423 5191 2733 5256 postremos
2763 5183 3014 5238 desinere
3045 5181 3188 5236 licet.
3219 5179 3397 5248 Atque
3425 5178 3514 5231 hic
3555 5192 3675 5234 mos

2095 5277 2399 5345 antiquitus
2431 5274 2673 5330 Hebraeis
2717 5275 2941 5344 placuit,
2978 5281 3084 5327 etc.
3117 5269 3270 5338 Quod
3303 5269 3373 5335 si,
3411 5269 3537 5340 quia
3573 5284 3674 5322 nec

2093 5364 2272 5420 Lucas
2308 5365 2610 5421 ascendens
2650 5363 2897 5420 substitit
2941 5365 2996 5416 in
3028 5362 3361 5423 Abrahamo,
3399 5374 3499 5415 nec
3546 5358 3676 5412 Mat-

2093 5459 2269 5514 thzeus
2298 5458 2367 5513 ab
2391 5458 2601 5514 Adamo
2631 5460 2880 5526 intcepit,
2907 5457 2961 5511 in
3011 5471 3173 5526 quem
3220 5453 3397 5510 Lucas
3444 5452 3671 5518 desivit;

2174 5705 2286 5775 (ιε)
2328 5703 2487 5758 Deest
2529 5704 2806 5775 incomce
2829 5701 3097 5772 particula
3131 5701 3184 5770 ἡ,
3222 5715 3343 5768 quae
3370 5705 3554 5753 tamen
3583 5693 3674 5750 hic

2093 5773 2276 5833 omiui‘
2302 5790 2408 5828 non
2442 5773 2647 5827 debuit.

2167 5846 2276 5918 (-55)
2317 5845 2451 5900 Cod.
2483 5844 2548 5911 Α,
2587 5845 2623 5897 Γ.
2651 5842 2737 5896 65.
2765 5840 2964 5898 Confer
2999 5850 3194 5912 quast.
3230 5856 3291 5894 ιι.
