4106 6478
411 414 516 472 9'9

1075 412 1343 471 EUSEBII
1374 413 1859 475 CESARIENSIS
1893 414 2048 470 ΟΡΡ.
2089 411 2272 467 PARS
2309 409 2396 465 Ill.
2432 440 2504 457 -—
2540 406 2955 465 EXEGETICA.

3570 410 3677 466 960

409 531 620 590 idcirco
648 532 903 588 dissonos
925 532 1064 588 inter
1092 549 1154 592 se
1189 535 1557 605 cvangelistas
1588 535 1789 605 aliquis
1817 534 1986 597 dicat,

2103 530 2174 601 μὴ
2213 529 2372 600 μέχρι
2410 527 2505 583 τοῦ
2550 526 2802 599 ’Λϐραάμ
2847 526 2944 582 καὶ
2987 527 3017 580 6
3060 526 3275 591 Λουκᾶς
3319 525 3486 581 ἀνιὼν
3522 525 3675 599 ἔστη,

412 638 522 678 non
566 630 714 678 recte
743 621 977 692 judicat.
1018 622 1258 694 Uterque
1296 628 1442 679 enim
1486 626 1821 696 evangelista
1863 639 1992 694 pro-

410 715 534 785 prio
562 714 777 769 calculo
806 714 1235 785 descriptionem
1259 717 1516 787 exposuit
1541 736 1558 785 ;
1592 718 1750 772 aliter
1771 716 1990 787 quidem

406 823 481 861 ex
517 806 834 862 Abrahamo
864 807 1156 878 incipiens,
1206 809 1346 863 alter
1384 809 1562 879 ipsum
1617 808 1991 863 Abrahamum

408 897 835 970 sitpergradiens
873 939 888 963 ,
912 900 979 953 ad
1023 899 1261 971 primum
1290 916 1466 970 usque
1504 900 1777 960 hominem
1807 914 1995 955 ascen-~

411 990 526 1055 dit;
576 1004 752 1059 neque
799 989 854 1043 in
898 989 1001 1043 hoc
1034 990 1154 1059 ipso
1202 989 1539 1053 consistens,
1589 990 1835 1044 historiae
1880 1002 1995 1045 sua:

414 1082 612 1140 seriem
645 1097 768 1135 cum
791 1079 902 1136 Deo
924 1081 1221 1139 connectit.
1261 1083 1525 1147 Quanam
1583 1096 1753 1155 porro
1797 1082 1851 1135 in
1906 1081 1995 1136 his

415 1174 775 1243 repugnantia
822 1173 939 1229 est?
981 1173 1027 1228 si
1073 1173 1327 1229 Matthzeo
1369 1171 1587 1242 quidem
1634 1172 1811 1228 visum
1864 1172 1996 1226 utile

414 1275 522 1327 est,
553 1266 625 1320 ob
667 1266 957 1336 scriptura:
996 1282 1109 1325 sua:
1136 1266 1470 1328 institutum,
1492 1280 1561 1320 ex
1592 1264 1906 1321 Abrahamo
1941 1272 1997 1321 et

415 1356 677 1428 deinceps
706 1357 1077 1429 genealogiam
1109 1356 1381 1413 deducere
1405 1375 1420 1417 :
1444 1356 1608 1413 Luca:
1659 1364 1840 1411 autem
1888 1356 2001 1425 pla~

416 1448 554 1512 cuit,
586 1461 807 1519 propter
834 1449 1266 1520 regenerationis
1311 1450 1367 1504 in
1392 1449 1612 1506 Christo
1636 1448 1984 1519 mysterium,

417 1557 639 1599 sursum
684 1543 987 1612 provehere
1034 1542 1310 1599 hominem
1361 1541 1582 1596 lavacro
1615 1547 1997 1610 regeneratum

418 1636 561 1689 ultra
592 1635 888 1704 cujuslibet
919 1634 1290 1706 generationis
1339 1633 1497 1689 ﬁnes.
1542 1632 1786 1688 Observa
1824 1632 1993 1696 enim,

417 1743 543 1782 eum
582 1735 697 1782 toto
729 1742 831 1782 suo
862 1742 1112 1783 sermone
1147 1726 1473 1781 vocabulum
1500 1725 1867 1797 generationis
1913 1741 1998 1779 re-

418 1818 609 1882 ticere,
647 1819 740 1874 sed
794 1818 980 1874 Jesum
1027 1817 1420 1873 retrocedendo
1467 1817 1792 1881 subvehere,
1821 1818 1997 1872 donec

2101 620 2237 693 μηδὲ
2270 623 2298 675 6
2328 620 2603 682 Ματθαῖος
2636 618 2744 678 ἀπὸ
2777 618 2870 673 τοῦ
2907 617 3081 690 ’Λδάμ
3111 617 3315 691 ἣρξατο
3353 620 3440 689 ἐφ’
3469 618 3528 673 ὃν
3551 636 3680 673 κατ-

2097 712 2285 785 έληξεν
2328 715 2358 766 6
2403 713 2647 775 Λουκᾶς,
2668 712 2956 781 διαφωνεῖν
3001 728 3086 776 τις
3135 711 3334 776 αὐτοὺς
3363 710 3532 781 λέγοι,
3578 712 3680 767 οὐκ

2097 805 2273 878 ὀρθῶς
2319 804 2522 859 οἴεται’
2552 804 2812 875 ἑκάτερος
2859 803 2969 874 γάρ
3013 803 3193 857 αὐτῶν
3220 803 3407 876 οἰκείῳ
3432 805 3679 877 λογισμῷ

2097 899 2197 969 τὴν
2241 896 2453 951 ἔκθεσιν
2504 897 2796 968 πεποίηται
2842 898 2938 969 τῆς
2980 898 3219 970 γραφῆς,
3248 901 3278 952 6
3325 898 3425 970 μὲν
3469 900 3536 954 ἐκ
3583 898 3683 953 τοῦ

2113 991 2363 1064 ’Λϐραὰμ
2387 990 2710 1064 ἀρξάμενος,
2741 993 2771 1044 6
2800 989 2857 1048 δέ
2888 990 2984 1044 καὶ
3011 990 3103 1045 τὸν
3129 989 3381 1062 ’Λϐραάμ
3411 989 3679 1063 ὑπερϐὰς,

2101 1084 2192 1138 ἐπί
2216 1101 2274 1139 τε
2303 1084 2395 1138 τὸν
2421 1082 2639 1154 πρῶτον
2670 1082 2957 1154 ἄνθρωπον
2983 1082 3249 1141 ἀνελθών·
3285 1084 3376 1137 καὶ
3408 1082 3544 1156 μηδὲ
3579 1081 3678 1155 μέ-

2100 1196 2192 1250 χρι
2241 1175 2432 1230 τούτου
2482 1175 2635 1241 στὰς,
2665 1174 2758 1228 τὸν
2804 1175 2986 1228 πάντα
3018 1174 3075 1228 δὲ
3105 1173 3262 1243 λόγον
3307 1175 3399 1227 ἐπὶ
3428 1175 3522 1228 τὸν
3548 1172 3681 1228 Θεὸν

2100 1269 2441 1341 ἀναρτήσαςε
2484 1265 2613 1323 ποία
2653 1266 2761 1338 γὰρ
2811 1269 2869 1321 ἐν
2912 1266 3123 1333 τούτοις
3167 1268 3351 1338 μάχης
3383 1268 3446 1321 Et
3474 1266 3554 1338 τῷ
3582 1267 3681 1338 μὲν

2100 1360 2367 1432 χρήσιμος
2388 1359 2562 1429 ἐφάνη
2583 1363 2617 1431 ὴ
2641 1358 2750 1413 ἀπὸ
2776 1356 2867 1411 τοῦ
2896 1357 3147 1430 Ἀϐραὰμ
3169 1357 3264 1415 καὶ
3289 1358 3382 1412 ἐπὶ
3408 1359 3534 1422 τοὺς
3552 1357 3681 1430 ἑξῆς

2101 1452 2437 1523 γενεαλογία,
2469 1451 2560 1506 διὰ
2592 1452 2689 1522 τὴν
2715 1449 3024 1520 οἰκονομίαν
3049 1448 3143 1509 τοῦ
3164 1450 3292 1521 παρ’
3322 1449 3474 1521 αὐτῷ
3495 1448 3677 1520 λόγου,

2101 1547 2130 1599 6
2158 1545 2215 1599 δέ
2246 1544 2334 1598 διὰ
2357 1544 2427 1598 τὸν
2441 1544 2542 1617 τῆς
2567 1548 2625 1598 ἐν
2651 1541 2871 1614 Χριστῷ
2909 1540 3328 1610 παλιγγενεσίας
3357 1543 3679 1614 μυστήριον,

2102 1630 2418 1697 ἀναϐιϐάζει
2468 1632 2561 1686 τὸν
2594 1630 2681 1683 διά
2719 1629 2942 1702 λουτροῦ
2976 1628 3392 1700 γεγεννημένον,
3424 1631 3682 1685 ἐπέκεινα

2103 1726 2320 1796 ἀπάσης
2349 1722 2615 1793 γενέσεως
2637 1721 2845 1793 ’,τήρει
2870 1720 2979 1793 γάρ
3017 1721 3100 1774 ὅτι
3140 1720 3206 1775 δι’
3232 1722 3356 1778 ὅλου
3393 1720 3487 1776 τοῦ
3520 1722 3680 1792 λόγου

2104 1814 2414 1887 σεσιώπηκε
2462 1813 2524 1868 τὸ
2572 1814 2674 1884 τῆς
2723 1811 2993 1881 γενέσεως
3032 1811 3223 1883 ὄνομα,
3251 1813 3375 1883 ἄγει
3415 1831 3474 1870 τε
3520 1815 3681 1885 αὐτόν

418 1926 530 1967 non
580 1912 633 1965 in
668 1912 888 1967 homine
937 1913 1121 1982 aliquo
1151 1910 1319 1977 sistit,
1366 1910 1462 1967 sed
1508 1911 1564 1965 in
1601 1910 1721 1981 ipso
1747 1909 1991 1971 omnium

2103 1908 2336 1976 ἀνάγων,
2373 1906 2470 1960 καὶ
2498 1905 2712 1977 ἵστησιν
2760 1907 2861 1959 οὐκ
2904 1906 2996 1960 ἐπί
3041 1924 3161 1960 τινα
3205 1905 3529 1981 ἀνθρώπων,
3565 1906 3687 1961 ἀλλ’

419 1997 553 2064 Deo,
595 2001 683 2055 cui
717 2001 869 2055 illum
893 2009 1081 2071 utpote
1103 2000 1304 2056 Filium
1332 2002 1482 2055 Patri
1514 2002 1756 2072 copulat.

488 2178 543 2232 2.
596 2179 710 2250 Age
737 2195 868 2236 vero
906 2188 967 2234 ut
1004 2180 1082 2235 ita
1115 2181 1277 2242 etiam
1311 2180 1595 2251 loquentis
1623 2194 1990 2250 coarguamus

420 2271 772 2340 imperitiam,
822 2280 988 2342 atque
1037 2279 1099 2327 ut
1153 2287 1316 2327 nemo
1359 2272 1613 2327 veritatis
1649 2273 1997 2341 ignoratione

416 2363 678 2434 deinceps
737 2365 1060 2421 scandalum
1108 2365 1371 2435 patiatur,
1416 2364 1711 2437 genuinam
1744 2374 1879 2420 actm
1917 2365 1996 2419 rei

419 2458 709 2514 historiam
745 2471 1044 2527 exponam.
1093 2455 1152 2510 In
1197 2457 1393 2527 primis
1427 2472 1556 2513 vero
1591 2458 1863 2526 objectam
1897 2473 1998 2510 nu-

416 2549 505 2610 bis
534 2549 969 2620 propositionem
1006 2549 1365 2605 considerare
1392 2565 1533 2619 opus
1556 2558 1660 2606 est.
1704 2548 1998 2604 Matthaaus

415 2641 640 2714 quidem
687 2658 756 2697 ex
804 2641 1122 2696 Abrahamo
1175 2640 1245 2697 ad
1283 2640 1568 2706 Davidem,
1617 2650 1781 2711 atque
1810 2641 1887 2695 ita
1930 2640 1999 2694 ad

420 2730 773 2787 Salomonem
826 2732 1059 2803 ejusque
1091 2747 1445 2789 successores
1489 2748 1666 2802 usque
1717 2731 1787 2788 ad
1838 2729 1999 2786 Jaco-

418 2823 571 2889 bum,
631 2822 775 2879 unde
826 2831 981 2880 ortus
1008 2822 1283 2895 Iosephus
1326 2824 1533 2880 Christi
1565 2831 1789 2895 putatus
1820 2833 1996 2895 pater,

417 2915 724 2973 descendit.
784 2915 964 2973 Lucas
993 2926 1174 2975 autem
1215 2915 1513 2986 Josephum
1554 2917 1700 2972 haud
1730 2934 1798 2975 ex
1831 2915 1996 2973 Jaco-

418 3010 491 3063 ho
511 3007 588 3061 ait
611 3017 817 3073 ortum,
847 3015 909 3063 ut
945 3007 1271 3075 Mattheus;
1295 3008 1392 3064 sed
1416 3024 1485 3067 ex
1517 3007 1636 3063 Heli
1667 3010 1994 3075 ascendens,

419 3096 490 3153 ad
520 3106 752 3153 caeteros
781 3098 980 3168 pergit,
1006 3113 1243 3168 quorum
1275 3098 1487 3153 nullum
1529 3098 1813 3155 Matthzeus
1845 3114 1999 3153 com-

419 3200 709 3246 memorat.
732 3192 908 3261 Atque
927 3191 1000 3245 ita
1015 3191 1294 3262 obliquam
1318 3191 1485 3247 veluti
1507 3191 1809 3248 decurrens
1828 3194 1997 3257 viam,

422 3296 771 3352 nequaquam
800 3282 868 3335 ad
900 3280 1249 3337 Salomonem
1298 3280 1517 3337 devenit
1549 3283 1770 3339 Davidis
1798 3283 1994 3349 tilium,
2025 3264 2069 3324 (ἶ

421 3373 517 3431 sed
572 3373 641 3428 ad
692 3372 1004 3429 Nathanum
1063 3375 1157 3446 qui
1206 3390 1361 3446 aque
1410 3374 1513 3430 fuit
1555 3375 1780 3433 Davidis
1829 3376 1998 3433 ﬁlius.

420 3465 588 3536 Atqui
616 3467 974 3537 oportuisset,
1011 3468 1058 3522 si
1085 3484 1251 3524 unam
1283 3475 1512 3540 uterque
1532 3470 1874 3541 evangelista
1906 3486 2004 3540 ge-

420 3558 727 3630 nealogiam
777 3559 1016 3621 texebat,
1052 3560 1139 3616 vel
1165 3558 1370 3615 Lucam
1403 3560 1653 3616 eamdem
1690 3576 1818 3616 cum
1862 3560 2002 3616 Mat-

421 3649 568 3704 thaeo
589 3648 791 3705 seriem
825 3657 1141 3715 contexere,
1175 3650 1263 3705 vel
1300 3648 1611 3704 Matthzeum
1634 3649 1850 3715 eadem,
1879 3666 2005 3721 qum

421 3742 589 3799 habet
629 3741 829 3807 Lucas,
854 3743 1082 3797 nomina
1122 3743 1379 3799 recitare.
1432 3741 1499 3796 Hi
1531 3758 1661 3798 vero
1688 3743 1826 3799 adeo
1867 3744 2002 3799 invi-

421 3849 541 3889 cem
571 3849 681 3889 non
726 3833 1066 3904 conspirant,
1108 3841 1169 3888 ut
1206 3834 1346 3889 alter
1390 3832 1587 3889 Jacobi
1634 3834 1805 3889 tilium
1850 3835 2003 3891 dicat

420 3922 720 3996 Josephum
754 3939 820 3980 ac
843 3923 1156 3980 Salomonis
1184 3924 1389 3981 Davide
1420 3926 1621 3996 geniti:
1651 3926 1791 3980 alter
1813 3933 1997 3982 autem

435 4032 547 4073 non
587 4016 801 4083 Jacobi,
834 4016 930 4073 sed
962 4015 1084 4073 Heli
1124 4031 1190 4072 ac
1227 4015 1470 4072 Nathani
1517 4015 1721 4074 Davide
1744 4018 1874 4073 item
1906 4034 2005 4089 ge-

424 4108 562 4164 niti:
608 4126 719 4181 quo
758 4109 1036 4167 scribendi
1076 4110 1331 4165 instituto
1380 4125 1716 4181 magnopere
1760 4110 1907 4167 inter
1945 4127 2006 4168 se

421 4203 694 4262 dissidere
748 4202 1033 4258 videntur.
1079 4231 1153 4246 —-
1208 4200 1499 4268 Quomodo
1554 4201 1721 4272 igitur
1773 4201 2006 4272 objecta:

423 4294 786 4370 propositioni
835 4293 1238 4348 occurrendum
1266 4292 1385 4348 est?
1406 4292 1623 4363 Agesis,
1651 4294 1849 4350 animae
1875 4311 2006 4366 ape—

424 4387 632 4442 rientcs
669 4384 914 4448 oculum,
948 4382 1234 4439 vocabulis
1276 4382 1413 4453 ipsis
1465 4393 1725 4439 accurate
1767 4392 2002 4440 mentem

426 4476 802 4542 intendamus,
856 4483 912 4531 et
982 4474 1117 4545 quid
1179 4474 1327 4531 dicat
1379 4472 1561 4532 Lucas
1617 4476 1997 4546 inspiciamus.

433 4589 453 4622 ι
481 4566 549 4624 Et
580 4568 697 4638 ipse
726 4565 890 4623 Jesus
942 4576 1062 4622 erat
1095 4566 1365 4638 incipiens
1394 4569 1563 4643 quasi
1591 4583 1860 4623 annorum
1900 4571 1997 4623 tri-

423 4662 596 4734 ginta,
651 4667 710 4714 ut
760 4660 1055 4730 putabatur
1103 4660 1248 4716 ﬁlius
1278 4659 1527 4731 Iosephi,
1563 4661 1658 4732 qui
1706 4659 1810 4715 fuit
1854 4659 1997 4727 Heli,

427 4753 523 4824 qui
558 4751 663 4807 fuit
708 4750 927 4807 Melchi.
966 4769 986 4804 ι
1023 4748 1131 4805 Sed
1154 4750 1301 4806 enim
1349 4749 1655 4817 Matthaeus,
1686 4751 1831 4806 haud
1867 4766 2002 4806 usus

423 4854 510 4903 est
540 4845 782 4901 dictione
820 4843 1137 4916 putabatur,
1166 4853 1294 4916 ,etc.
1352 4842 1531 4913 Atque
1561 4844 1678 4899 haec
1707 4844 1883 4915 prima
1916 4851 2001 4900 est

425 4940 733 5009 responsio.

498 5031 555 5087 3.
601 5029 756 5086 Alius
783 5043 1002 5099 quoque
1044 5027 1282 5085 fortasse
1315 5030 1448 5084 latet
1494 5027 1808 5101 profundus
1835 5036 2002 5099 atque

426 5135 663 5176 arcanus
693 5123 748 5174 in
788 5120 1067 5190 praedictis
1109 5135 1327 5176 sensus.
1380 5120 1671 5177 Mattlneus
1704 5121 1850 5176 enim
1884 5136 2004 5175 ma-

427 5211 624 5267 nifeste
659 5212 935 5268 carnalem
980 5228 1220 5267 narrans
1249 5211 1458 5268 Christi
1501 5213 1795 5284 originem,
1829 5220 1883 5269 et
1909 5211 2009 5267 Jo-

429 5307 663 5377 sephum
704 5307 894 5361 volens
947 5322 1074 5361 vere
1121 5306 1322 5361 Davide
1358 5306 1649 5360 oriundum
1683 5304 2004 5369 ostendere,

428 5398 695 5453 orationis
707 5413 819 5453 sua:
833 5399 1140 5469 ingressum
1153 5398 1368 5467 qualem
1386 5396 1625 5468 oportuit
1638 5396 2005 5463 facit,dicens,

433 5487 591 5545 Liber
615 5488 972 5558 generationis
1007 5485 1140 5541 Jesu
1165 5485 1398 5550 Christi,
1430 5493 1485 5541 et
1531 5486 1764 5556 reliqua,
1809 5499 2008 5541 conse-

429 5588 771 5650 quenterque
798 5587 968 5635 totam
1001 5577 1198 5634 deinde
1224 5579 1510 5635 historiam
1548 5580 1701 5650 ponit
1736 5589 1861 5651 post
1882 5595 2011 5650 pro-

430 5671 739 5743 genitorum
784 5672 1117 5742 catalogum,
1171 5669 1357 5741 Magos
1428 5670 1716 5737 videlicet,
1777 5670 2009 5728 Herodis

503 5852 616 5924 (At)
653 5852 788 5909 Cod.
815 5854 881 5923 Α,
914 5854 955 5912 f.
986 5853 1074 5910 σι.
1117 5852 1320 5920 Quaest.
1360 5870 1433 5909 nl.

2098 2002 2191 2056 ἐπὶ
2231 2000 2323 2053 τὸν
2369 1998 2586 2053 πάντων
2627 1998 2781 2062 Θεὸν,
2811 2000 3090 2071 μονονουχὶ
3126 1998 3438 2071 προσάγων,
3483 1999 3577 2053 ἅτε
3617 1999 3696 2078 δη

2100 2093 2227 2147 Υίὸν
2251 2092 2548 2162 γενόμενον
2576 2089 2654 2160 τῷ
2685 2090 2881 2162 Πατρί.

2173 2185 2236 2255 β’.
2273 2183 2383 2255 (44)
2414 2184 2532 2237 Ἵνα
2559 2179 2652 2237 οὖν
2684 2184 2780 2237 καί⁵
2815 2181 2975 2241 τοῦτο
3010 2183 3294 2255 εἰρηκότος
3320 2183 3418 2254 τὴν
3444 2184 3683 2255 ἀμαθίαν

2099 2276 2438 2347 ἐλέγξωμεν,
2488 2275 2785 2345 παύσωμεν
2833 2274 2891 2328 δὲ
2938 2275 3033 2328 τοῦ
3092 2276 3292 2347 μηδένα
3335 2277 3428 2330 ὑπ’
3460 2278 3682 2346 ἀγνοίας

2100 2368 2292 2439 ὁμοίας
2346 2365 2803 2437 σκανδαλισθῆναι
2828 2406 2846 2430 ,
2887 2366 2985 2439 τὴν
3024 2368 3200 2439 ἀληθῆ
3244 2367 3353 2421 τῶν
3381 2368 3687 2438 γεγονότων

2102 2460 2344 2530 ίστορίαν
2394 2458 2728 2529 ἐκθήσομαι·
2764 2458 3028 2531 πρότερον
3073 2459 3132 2513 δὲ
3180 2459 3276 2532 τὴν
3323 2460 3686 2534 προταθεωαν

2100 2552 2232 2621 ἡμῖν
2289 2550 2551 2621 πρότασιν
2584 2553 2781 2624 καιρός
2839 2553 2960 2611 ἐστι
3010 2553 3453 2624 ἐπισκέψασθαι·
3502 2556 3531 2607 6
3585 2554 3686 2626 μὲν

2101 2639 2376 2704 Ματθαῖος
2403 2641 2512 2695 ἀπὸ
2551 2641 2646 2696 τοῦ
2680 2643 2932 2717 ’Λϐραάμ
2955 2645 3050 2699 ἐπὶ
3079 2646 3172 2699 τὸν
3218 2644 3383 2699 Δαυῒδ
3402 2685 3417 2709 ,
3469 2647 3565 2700 καὶ
3595 2645 3687 2701 οὖ-

2100 2749 2208 2795 τως
2255 2733 2347 2785 ἐπὶ
2394 2734 2486 2787 τὸν
2533 2733 2822 2806 Σολομῶνα
2860 2738 2955 2791 καὶ
3009 2738 3138 2801 τοὺς
3182 2737 3373 2791 τούτου
3406 2737 3685 2809 διαδόχους

2105 2824 2266 2895 μέχρι
2310 2824 2406 2878 τοῦ
2439 2825 2633 2880 ’Ῑακὼδ
2655 2867 2669 2891 ν
2705 2826 2764 2892 ἒξ
2788 2820 2850 2884 οὗ
2880 2828 3076 2900 Ἰωσὴφ
3109 2831 3139 2883 6
3166 2828 3261 2888 τοῦ
3286 2829 3525 2903 Χριστοῦ
3550 2848 3682 2902 χρη-

2105 2915 2338 2990 ματίσας
2371 2916 2576 2988 πατὴρ,
2624 2918 2868 2971 κάτεισιν
2889 2936 2903 2949 ·
2950 2920 2980 2971 6
3018 2919 3075 2973 δὲ
3122 2922 3335 2984 Λουκᾶς
3360 2920 3456 2974 τὸν
3484 2921 3684 2992 Ἰωσὴφ

2099 3004 2200 3057 οὐκ
2228 3004 2335 3065 ἀπὸ
2364 3005 2460 3058 τοῦ
2490 3006 2686 3060 Ἰακὼϐ
2728 3004 2872 3064 εἶναί
2907 3025 3073 3080 φησιν
3100 3010 3178 3075 ὼς
3224 3008 3527 3074 Ματθαῖος,
3565 3010 3691 3065 ἀλλ’

2101 3096 2210 3153 ἀπὸ
2232 3097 2327 3151 τοῦ
2356 3097 2506 3151 Ἡλεί
2526 3116 2541 3130 ο
2570 3094 2690 3154 εἶτα
2721 3100 2829 3157 ἀπὸ
2859 3100 2955 3155 τοῦ
2989 3101 3137 3155 Ἠλεὶ
3163 3101 3326 3159 ἀνιὼν
3351 3103 3436 3171 ἐφ’
3460 3102 3682 3173 ἐτέρους

2106 3191 2291 3261 χωρεῖ,
2316 3183 2391 3243 ὧν
2422 3190 2543 3243 οὐδὲ
2574 3190 2695 3254 ὅλος
2735 3192 3139 3263 ἐμνημόνευσεν
3189 3191 3218 3244 6
3248 3190 3558 3253 Ματθαῖοςο
3586 3190 3681 3242 καὶ

2102 3278 2275 3344 οὕτως
2328 3281 2566 3351 πλαγίαν
2605 3281 2731 3339 τινά
2779 3281 3036 3355 δραμὼν,
3078 3282 3299 3354 ἔρχεται
3338 3282 3440 3335 οὐκ
3469 3281 3563 3334 ἐπὶ
3589 3280 3693 3335 τὸν

2104 3371 2392 3443 Σολομῶνα
2431 3373 2523 3427 τὸν
2574 3373 2670 3428 τοῦ
2712 3374 2876 3431 Δαυῒδ
2893 3415 2908 3441 ,
2956 3373 3071 3427 ἀλλ’
3102 3374 3194 3429 ἐπὶ
3235 3372 3422 3429 Νάθαν
3454 3374 3546 3429 τὸν
3588 3373 3695 3432 καὶ.

2104 3465 2266 3523 αὑτὸν
2293 3466 2388 3523 τοῦ
2419 3466 2614 3521 Δαυῖδο
2649 3467 2903 3537 ὀφείλων,
2936 3468 2984 3521 εί
3006 3467 3071 3539 δὴ
3108 3468 3236 3539 περὶ
3260 3468 3360 3538 τῆς
3392 3467 3562 3538 αὐτῆς
3594 3482 3691 3534 γεε

2102 3557 2384 3633 νεαλογίας
2417 3559 2445 3611 6
2475 3558 2633 3628 λόγος
2654 3555 2722 3633 ἦν
2749 3559 2952 3624 αὐτοῖς,
2983 3557 3076 3613 διά
3097 3557 3206 3613 τῶν
3235 3557 3414 3612 αὐτῶν
3435 3555 3515 3626 τῷ
3533 3557 3688 3610 Mat-

2104 3649 2537 3721 θαίῳ’ἀνελθεῖν,
2573 3650 2607 3721 ἢ
2638 3651 2729 3704 τὸν
2761 3650 3041 3705 Ματθαῖον
3078 3650 3147 3709 δι’
3180 3642 3255 3703 ὧν
3277 3651 3306 3703 6
3338 3649 3553 3712 Λουκᾶς
3576 3667 3691 3720 χω-ν

2107 3742 2267 3819 ρῆσαι
2300 3742 2580 3813 ὀνομάτων
2600 3757 2614 3773 ⁸
2644 3743 2693 3803 εἰ
2718 3743 2775 3796 δέ
2802 3742 2974 3807 οὕτως
2999 3743 3062 3795 οὐ
3096 3740 3499 3813 συνηνέχθησαν
3526 3741 3691 3813 ἀλλή-

2103 3833 2248 3899 λοις,
2273 3835 2347 3899 ὡς
2374 3834 2463 3887 τὸν
2495 3835 2592 3888 ἕνα
2618 3837 2789 3888 εἰπεῖν
2825 3834 2920 3888 τοῦ
2955 3832 3146 3891 Ἰακὼϐ
3182 3833 3272 3888 τὸν
3309 3832 3508 3904 Ἰωσὴφ
3548 3828 3685 3886 εἶναι

2103 3929 2218 3982 υἱὸν
2248 3929 2341 3983 καὶ
2369 3927 2681 4000 Σολομῶνος
2712 3927 2830 3982 υἱοῦ
2870 3927 3064 3982 Δαυῖδ·
3106 3927 3199 3981 τὸν
3250 3925 3306 3980 δὲ
3351 3925 3569 3997 ἕτερον,
3612 3925 3688 3998 μὴ

2102 4019 2197 4081 τοῦ
2230 4020 2423 4075 Ἰακὼϐ
2443 4060 2458 4085 ,
2494 4020 2628 4076 ἀλλά
2669 4020 2763 4075 τοῦ
2792 4021 2942 4075 Ἠλεὶ
2984 4020 3079 4079 καὶ
3120 4017 3309 4075 Νάθαν
3341 4016 3459 4071 υἱοῦ
3486 4016 3650 4072 Δαυῖδ
3669 4034 3684 4049 ·

2103 4114 2171 4168 δι’
2197 4107 2271 4167 ὧν
2294 4113 2503 4173 ἐοίκασι
2529 4112 2734 4186 πολλὴν
2770 4111 3067 4183 διαφωνίαν
3108 4111 3248 4184 πρὸς
3288 4109 3549 4182 ἀλλήλους
3592 4125 3690 4162 πε·-

2109 4205 2330 4278 ριέχειν.
2346 4234 2420 4245 -—
2441 4204 2506 4259 Τί
2530 4205 2593 4278 δὴ
2614 4200 2706 4260 οὖν
2734 4206 2813 4269 είς
2835 4205 2897 4258 τὸ
2924 4203 3190 4277 προταθὲν
3212 4201 3370 4256 τοῦτο
3399 4200 3687 4273 πρόϐλημα

2106 4295 2250 4351 εἴποι
2288 4296 2352 4350 ἄν
2377 4312 2498 4361 τις;
2532 4295 2667 4366 φέρε
2693 4294 2795 4365 τῆς
2825 4292 3004 4366 ψυχῆς
3033 4292 3397 4359 διανοίξαντες
3416 4291 3478 4345 τὸ
3498 4291 3684 4366 ὄμμα,

2104 4389 2309 4453 ἀτενῶς
2356 4390 2478 4452 ταῖς
2523 4385 2739 4457 λέξεσιν
2790 4387 2977 4451 αὐτοῖς
3024 4385 3399 4456 ἐπερείσωμεν
3437 4384 3538 4455 τὴν
3573 4382 3690 4436 διάο

2105 4499 2253 4536 νοιαν
2272 4521 2287 4547 ,
2321 4479 2521 4551 ἴδωμέν
2555 4496 2617 4532 τε
2643 4477 2696 4532 τί
2722 4495 2885 4551 φησιν
2922 4480 2953 4535 6
2982 4477 3214 4542 Λουκᾶς.
3264 4495 3283 4527 ι
3314 4474 3427 4529 Καὶ
3470 4474 3632 4539 αὐτὸς
3660 4476 3690 4528 6

2121 4571 2330 4645 Ἰησοῦς
2368 4568 2437 4643 ἦν
2470 4571 2772 4644 ἀρχόμενος
2804 4570 2936 4623 ὡσεὶ
2978 4568 3116 4629 ἐτῶν
3144 4569 3442 4640 τριάκοντα
3468 4566 3543 4620 ὣν
3573 4565 3689 4631 υἱὸς

2108 4666 2185 4729 ὡς
2226 4663 2506 4736 ἐνομίζετο
2545 4661 2640 4716 τοῦ
2668 4663 2899 4735 Ἰωσὴφ,
2934 4661 3030 4715 τοῦ
3059 4659 3240 4723 Ἠλεὶ,
3284 4660 3380 4713 τοῦ
3419 4659 3624 4731 Μελχί·
3662 4680 3683 4712 ι

2105 4756 2221 4810 ἀλλ’
2246 4759 2345 4826 οὐχ
2372 4755 2401 4808 ὅ
2433 4771 2498 4824 γε
2541 4753 2820 4818 Ματθαῖος
2862 4754 3134 4825 ἐχρήσατο
3165 4752 3231 4823 τῇ
3275 4752 3356 4817 ὡς
3389 4746 3690 4819 ἐνομίζετο

2105 4849 2289 4918 φωνῇ,
2324 4856 2454 4909 etc.,
2485 4847 2614 4901 utin
2642 4848 2885 4915 epitome,
2918 4845 3019 4898 col.
3044 4843 3173 4910 896,
3205 4842 3300 4896 lin.
3328 4842 3385 4906 4,
3422 4856 3586 4912 usque
3618 4840 3690 4895 ad

2105 4938 2243 5012 αὕτη
2279 4940 2376 5012 μὲν
2399 4935 2491 4994 οὖν
2519 4942 2551 5014 ἡ
2584 4940 2777 5013 πρώτη
2793 4937 3064 5000 ἀπόδοσις.

2179 5041 2244 5105 γ’.
2271 5035 2382 5106 (45)
2414 5033 2514 5108 Εῖη
2540 5034 2586 5087 δ’
2611 5033 2677 5088 ἀν
2703 5050 2788 5096 τις
2814 5031 2912 5085 καὶ
2936 5027 3097 5094 ἀλλος
3123 5028 3291 5101 βαθὺς
3315 5028 3411 5083 καὶ
3440 5029 3687 5101 ἀπόρρη-

2106 5141 2198 5189 τος
2235 5127 2294 5178 ἐν
2337 5128 2450 5189 τοῖς
2485 5122 2870 5196 προκειμένοις
2903 5119 3077 5190 λόγος.
3127 5119 3407 5182 Ματθαῖος
3440 5118 3541 5189 μὲν
3580 5117 3685 5188 γάρ

2106 5216 2550 5287 ὁμολογουμένως
2593 5214 2692 5286 τὴν
2735 5213 2999 5284 ἐνσαρκον
3055 5211 3270 5280 γένεσιν
3316 5209 3548 5280 ἱστορῶν
3593 5204 3681 5261 τοῦ

2108 5308 2342 5381 Χριστοῦ
2366 5350 2380 5374 ,
2411 5309 2618 5363 καὶτὸν
2648 5306 2845 5380 Ἰωσὴφ
2882 5305 3158 5372 ἀποδεῖξαι
3201 5302 3520 5375 βουλόμενος
3556 5299 3685 5370 ἀλη-

2110 5400 2220 5466 θῶς
2260 5404 2326 5454 ἐκ
2365 5400 2527 5455 Δαυῖδ
2549 5443 2563 5465 ,
2596 5399 2719 5453 ὅθεν
2746 5400 2913 5477 ἐχρῆν
2950 5400 3015 5470 τῇ
3051 5396 3268 5468 εἰσϐολῇ
3302 5397 3565 5470 κέχρηται
3588 5392 3686 5448 τοῦ

2110 5495 2287 5559 λόγου,
2307 5495 2505 5565 φήσας,
2527 5493 2746 5559 Βίϐλος
2755 5490 3047 5563 γενέσεως
3074 5488 3269 5557 Ἰησοῦ
3289 5486 3569 5557 Χριστοῦ,
3595 5484 3694 5540 καὶ

2109 5584 2177 5638 τά
2209 5583 2335 5653 ἐξῆς
2356 5600 2370 5615 ·
2397 5582 2704 5646 ἀκολούθως
2727 5598 2788 5635 τε
2814 5581 2911 5653 τὴν
2937 5580 3064 5652 ὃλην
3087 5578 3217 5649 ἑξῆς
3245 5578 3487 5649 ἱστορίαν
3506 5574 3689 5643 τίθησι

2115 5674 2251 5747 μετά
2284 5672 2378 5727 τὸν
2414 5673 2522 5726 τῶν
2553 5671 2913 5744 προπατόρων
2938 5668 3258 5736 κατάλογον,
3290 5668 3415 5730 τοὺς
3441 5664 3686 5734 Μάγους,

2185 5853 2295 5927 (ιδ)
2335 5851 2471 5908 Ibid.
