4106 6438
320 372 430 430 ’981

1189 371 1690 436 SUPPLEMENTA
1729 374 2204 449 QUESTIONUM
2242 385 2334 440 AD
2375 375 2822 444 STEPHANUM.

3485 384 3590 440 963

331 496 427 555 τὴν
455 497 694 568 Ἡρώδου
725 498 940 570 μανίαν,
969 498 1068 570 τὴν
1098 496 1179 561 εἰς
1201 497 1476 567 Αἴγυπτον
1508 499 1680 570 Ἰησοῦ
1708 500 1905 572 φυγὴν.

2014 502 2277 566 furorem,
2302 503 2430 558 Jesu
2449 503 2504 558 in
2520 502 2816 574 Egyptum
2834 499 3038 572 fugam,
3064 497 3300 555 indidem
3324 497 3584 562 reditum,

321 592 429 662 τὴν
471 591 680 646 ἐκεῖθεν
720 593 1000 656 ἐπάνοδον,
1040 593 1130 645 τὸν
1159 593 1448 663 Ἀρχέλαον
1469 611 1484 624 ·
1521 594 1615 647 καὶ
1650 594 1726 658 ώς
1773 597 1909 666 μετὰ

304 684 502 760 γταῦτα
531 686 631 755 ἥδη
662 686 848 739 λοιπὸν
890 689 968 748 εἰς
999 686 1197 754 ἄνδρας
1230 686 1480 756 Ἰωάννης
1519 687 1730 758 προϐὰς
1772 689 1908 758 μετὰ

270 767 653 846 ἐτριακοστὸν
683 775 801 839 ἔτος
825 777 922 846 τῆς
953 775 1127 845 Ἰησοῦ
1155 777 1436 842 γενέσεως,
1465 775 1558 831 ἐπὶ
1581 775 1680 849 τῆς
1701 780 1908 850 ἐρήμου

335 867 598 938 κηρύσσει
632 867 911 938 βάπτισμα
943 869 1230 939 μετανοίας
1251 913 1264 935 ,
1301 868 1522 942 πάρεισί
1548 889 1608 924 τε
1639 873 1775 943 μετὰ
1800 873 1909 926 τῶν

335 959 508 1013 ἄλλων
531 961 625 1014 καὶ
651 963 680 1014 6
711 960 917 1031 Ἰησοῦς
947 963 1005 1015 ἐν
1037 961 1114 1032 τῷ
1141 963 1376 1036 Ἰορδάνῃ
1411 964 1908 1036 βαπτισθησόμενος

323 1051 440 1103 ’ὐπὸ
467 1051 560 1104 τοῦ
587 1047 834 1105 Ἰωάννου
851 1069 864 1082 ’
893 1052 990 1106 καὶ
1017 1051 1082 1124 δὴ
1117 1054 1312 1125 συνόρα
1345 1057 1400 1108 ἐν
1425 1055 1633 1119 τούτοις
1662 1055 1795 1125 ὕφος
1815 1058 1908 1112 καὶ

335 1141 654 1197 ἀκολουθίαν
684 1143 963 1214 ἱστορικῆς
992 1143 1294 1216 διηγήσεως
1317 1146 1385 1216 ἣν
1410 1149 1438 1200 6
1464 1148 1738 1212 Ματθαῖος
1765 1150 1910 1202 ἐκτί-

331 1227 485 1283 θεται
510 1270 524 1293 ,
559 1231 729 1304 Σύρος
767 1232 932 1305 ἀνὴρ,
983 1233 1220 1305 τελώνης
1266 1235 1357 1288 τὸν
1397 1233 1546 1307 βίον,
1580 1239 1679 1310 τὴν
1725 1241 1907 1311 φωνὴν

343 1319 610 1390 Ἐϐραῖος.

401 1409 462 1463 δ’.
491 1411 548 1463 '0
577 1411 635 1464 δὲ
672 1412 888 1476 Λουκᾶς
926 1409 988 1466 τὸ
1034 1413 1131 1484 μὲν
1166 1415 1323 1484 γένος
1359 1417 1466 1470 ἀπὸ
1498 1416 1600 1488 τῆς
1627 1418 1907 1492 βοωμένης

347 1497 675 1572 Ἀντιοχείας
709 1498 811 1573 ἦν,
855 1505 912 1555 ἐν
1009 1501 1074 1576 δὴ
1097 1506 1146 1559 οἱ
1181 1506 1383 1570 πάντες
1418 1507 1739 1575 λογιώτατοι
1780 1512 1908 1574 τοὺς

335 1592 530 1655 Ἴωνας
553 1594 850 1664 προγόνους
877 1596 1132 1667 αὐχοῦσιν
1166 1598 1275 1670 (46)
1299 1617 1314 1630 ·
1347 1599 1407 1653 οὐ
1454 1601 1559 1671 μὴν
1600 1600 1735 1654 ἀλλὰ
1771 1601 1908 1674 πρὸς

323 1680 408 1751 τῷ
441 1681 582 1734 κατὰ
624 1681 785 1751 φύσιν
828 1683 1124 1756 Ἑλληνικῷ
1158 1687 1266 1740 τῶν
1307 1688 1550 1759 ἀνδρῶν,
1577 1690 1810 1761 ἐπήγετό
1852 1708 1904 1744 τι

332 1772 492 1826 πλέον
514 1776 542 1827 6
564 1776 778 1839 Λουκᾶς
807 1778 863 1830 ἐν
886 1777 1064 1846 λόγοις
1085 1820 1099 1842 ,
1136 1778 1230 1832 άτε
1269 1781 1519 1852 ἰατρικῆς
1544 1781 1804 1853 ἔμπειρος
1829 1781 1904 1836 ὢν

331 1865 525 1937 ἐπιστή
537 1884 661 1938 μης.
683 1869 871 1938 Ὅμως
912 1870 976 1940 δὴ
1019 1873 1046 1924 ὁ
1075 1871 1314 1936 τοιοῦτος
1346 1875 1444 1945 τῆς
1480 1874 1574 1927 τοῦ
1603 1877 1723 1928 κατ’
1746 1873 1903 1927 αὐτὸν

329 1955 659 2027 Εὐαγγελίου
687 1961 906 2032 γραφῆς
941 1963 1260 2034 ἀρχόμενος,
1290 1966 1358 2019 τὰ
1387 1966 1486 2036 μὲν
1509 1966 1649 2020 κατὰ
1675 1967 1764 2019 τὸν
1801 1968 1906 2020 Ζα-

325 2049 524 2120 χαρίαν
574 2051 668 2104 καὶ
713 2053 813 2123 τὴν
847 2051 1126 2108 Ἐλισάϐετ
1157 2059 1360 2127 ἱστορεῖ
1394 2058 1605 2126 πρῶτα.
1644 2053 1778 2111 Εἶτα
1806 2057 1904 2129 τὴν

329 2141 469 2212 πρὸς
501 2140 598 2212 τὴν
644 2144 864 2214 Μαρίαν
917 2145 1011 2198 τοῦ
1049 2145 1289 2218 Γαϐριὴλ
1326 2149 1645 2216 ἐπιφάνειαν
1687 2149 1905 2201 ἐπισυν-

324 2228 490 2298 άψας,
506 2229 606 2292 τὰς
631 2231 963 2302 παραδόξους
988 2234 1230 2303 γενέσεις
1249 2236 1375 2307 ἐξῆς
1397 2237 1627 2310 τίθησιν,
1650 2239 1904 2311 οὐδεμιᾶς

331 2320 590 2391 μνησθεὶς
619 2317 966 2394 γενεαλογίας
997 2325 1090 2379 τοῦ
1117 2328 1313 2398 Ἰωσήφ
1338 2345 1352 2359 ·
1387 2329 1578 2382 ἔπειτα
1604 2329 1902 2384 δωδέκατον

327 2411 447 2476 ἔτος
466 2413 796 2484 ἀναγράφων
818 2415 911 2467 τοῦ
938 2415 1133 2488 Ἰησοῦ,
1158 2417 1310 2473 οὐπω
1329 2423 1422 2474 καὶ
1443 2421 1537 2474 νῦν
1556 2422 1902 2491 γενεαλογίας

321 2507 672 2578 μνημονεύει.
709 2508 863 2562 Μετὰ
898 2509 953 2562 δὲ
985 2510 1110 2574 τοὺς
1134 2513 1443 2581 Αὐγούστου
1475 2514 1719 2584 χρόνους,
1746 2515 1904 2566 Τιϐε-

326 2600 443 2672 ρίου
467 2601 848 2673 διαδεξαμένου
889 2603 987 2674 τὴν
1017 2603 1302 2674 Ῥωμαίων
1327 2605 1641 2676 ἡγεμονίαν,
1672 2605 1813 2658 κατὰ
1841 2604 1902 2657 τὸ

326 2693 811 2748 πεντεκαιδέκατον
851 2694 1013 2748 αὐτοῦ
1062 2696 1210 2759 ἔτος,
1254 2696 1388 2766 φησί
1419 2696 1509 2751 τὸν
1536 2698 1784 2768 Ἰωάννην
1811 2700 1900 2751 ἐπὶ

325 2783 427 2853 τῆς
452 2786 657 2856 ἐρήμου
691 2785 925 2857 κηρῦξαι
956 2789 1240 2857 μετανοίας
1283 2788 1567 2860 βάπτισμα
1595 2793 1672 2854 εἰς
1706 2789 1899 2859 ἄφεσιν

327 2873 637 2946 ἁμαρτιῶν
670 2875 1014 2940 διδασκαλίας
1044 2896 1102 2930 τε
1137 2879 1299 2930 αὐτοῦ
1321 2879 1523 2948 τίθησι,
1551 2881 1644 2932 καὶ
1665 2881 1755 2932 ἐπὶ
1777 2880 1900 2933 τού-

2011 593 2246 664 denique
2271 593 2623 650 Archelaum.
2669 593 2734 646 Et
2767 592 3043 664 quomodo
3076 603 3201 662 post
3247 591 3364 646 haec
3396 591 3452 646 iu
3482 605 3588 660 pu-

2011 685 2214 739 blicum
2258 686 2541 742 hominum
2593 694 2952 757 conspectum
3005 685 3268 755 prodiens
3318 681 3586 744 Joannes.

2009 777 2293 834 tricesimo
2325 780 2504 834 anatis
2529 777 2658 834 Jesu
2684 795 2852 841 anno,
2887 779 3226 849 pmnitentiae
3245 778 3588 848 baptismum

2008 868 2064 920 in
2116 869 2336 923 deserto
2384 871 2778 940 praedicaverit,
2816 877 3003 940 "atque
3067 871 3209 923 inter
3252 869 3395 922 alios
3453 867 3586 920 illuc

2007 961 2170 1017 Jesus
2225 978 2445 1034 quoque
2497 965 2733 1028 venerit,
2771 971 2832 1017 ut
2867 963 2967 1018 ahs
3006 962 3218 1017 Joanne
3263 961 3318 1014 in
3347 959 3588 1015 Jordane

2007 1054 2410 1123 baptizaretur.
2467 1053 2634 1110 Vides
2687 1070 2818 1124 ergo
2878 1055 2933 1108 in
2985 1054 3073 1110 his
3131 1061 3468 1116 contextum,
3531 1060 3587 1106 et

2009 1143 2290 1196 historica:
2325 1144 2660 1198 narrationis
2710 1144 3012 1212 sequelam.
3067 1159 3237 1212 quam
3299 1141 3584 1197 Matthaaus

2007 1235 2255 1304 exponit,
2306 1235 2396 1288 vir
2448 1234 2658 1305 Syrus,’
2689 1235 3035 1306 professione
3064 1237 3190 1288 vita:
3222 1234 3578 1305 publicanus,

2007 1326 2200 1398 lingua
2237 1325 2522 1382 Hebraeus.

2079 1418 2134 1473 4.
2177 1419 2247 1472 At
2289 1417 2470 1474 Lucas
2500 1417 2706 1473 celebri
2741 1416 3031 1470 Antiochia
3078 1431 3252 1487 genus
3305 1416 3581 1481 trahebat,

2007 1523 2117 1579 qua
2149 1509 2206 1562 in
2238 1508 2375 1562 urbe
2423 1507 2782 1562 eruditissimi
2848 1506 3056 1577 quique
3111 1507 3210 1561 abs
3256 1505 3479 1562 louibus
3522 1522 3584 1561 se

2008 1599 2327 1671 progenitos
2353 1613 2477 1653 esse
2506 1597 2831 1668 gloriantur.
2880 1596 2986 1650 Sed
3017 1604 3214 1667 praeter
3245 1596 3471 1652 insitum
3503 1595 3584 1650 ci-

2010 1693 2172 1747 vibus
2200 1690 2610 1752 hellenismum,
2661 1689 2957 1759 aliquando
2985 1688 3161 1759 magis
3191 1687 3497 1758 profecerat
3525 1689 3580 1743 in

2011 1785 2209 1838 litteris
2250 1780 2448 1845 Lucas,
2477 1780 2628 1850 ’quia
2658 1780 2886 1837 medica:
2911 1779 3047 1832 artis
3080 1779 3290 1848 peritus
3325 1785 3462 1833 erat.
3518 1777 3584 1832 Et

1936 1854 1975 1908 Β
2007 1884 2191 1929 tamen
2241 1874 2370 1928 talis
2419 1887 2544 1928 cum
2589 1879 2756 1935 esset,
2803 1871 3081 1941 Evangelii
3122 1872 3454 1940 scripturam
3492 1885 3586 1926 or-

2006 1969 2183 2029 diens,
2233 1982 2322 2021 res
2357 1965 2592 2036 primum
2642 1962 2924 2018 Zachariae
2964 1971 3019 2018 et
3049 1961 3339 2016 Elisabcta:
3367 1969 3580 2016 narrat.

2010 2059 2209 2114 Deinde
2237 2057 2507 2112 Gabrielis
2533 2056 2602 2110 ad
2647 2055 2873 2109 Mariam
2911 2055 3255 2125 apparitione
3303 2055 3580 2120 subnexa,

2005 2153 2174 2206 miras
2229 2151 2353 2207 illas
2383 2150 2706 2205 nativitates
2739 2147 2939 2203 deinde
2969 2145 3144 2217 ponit,
3178 2146 3326 2199 nulla
3356 2143 3582 2216 Josephi

2004 2242 2333 2313 genealogia:
2383 2242 2531 2296 facta
2570 2240 2869 2296 mentione.
2934 2236 3133 2297 Postea
3194 2235 3579 2291 duodecimum

1999 2336 2128 2392 Jesu
2156 2351 2361 2390 annum
2406 2335 2674 2398 scribens,
2725 2331 2968 2387 nondum
3001 2331 3169 2384 ullam
3203 2327 3577 2401 genealogiam

2004 2437 2291 2484 memorat.
2350 2427 2482 2483 Post
2537 2426 2770 2498 Augusti
2826 2439 2960 2478 vero
3024 2432 3294 2492 tempora,
3359 2420 3579 2474 Tiberio

2001 2517 2372 2573 Romanorum
2405 2518 2691 2588 imperium
2718 2513 3162 2584 tenente,quinto
3179 2511 3392 2566 decimo
3414 2509 3580 2579 hujus

2000 2625 2166 2673 anno,
2203 2609 2337 2663 dicit
2363 2607 2628 2663 Joannem
2662 2607 2720 2661 in
2749 2607 2969 2662 deserto
3015 2604 3403 2675 praedicavisse
3455 2617 3578 2673 pm-

1999 2700 2243 2753 nitentiae
2294 2699 2625 2769 baptismum
2686 2699 2742 2752 in
2773 2706 3120 2768 peccatorum
3156 2695 3575 2752 remissionem:

1998 2789 2406 2858 concionesque
2450 2789 2573 2857 ejus
2606 2789 2861 2858 exponit;
2915 2796 2974 2843 et
3019 2795 3144 2858 post
3185 2786 3303 2841 haec
3362 2785 3574 2849 omnia,

1995 2878 2147 2947 Jesu,
2171 2881 2370 2951 inquit,
2391 2880 2665 2950 baptizato
2688 2888 2742 2935 et
2769 2887 2961 2935 orante
2989 2881 3189 2934 cmlu'm
3211 2878 3413 2949 aperiri
3441 2894 3577 2933 cou-

325 2982 440 3030 τοις
464 2966 688 3031 ἅπασιν,
707 2969 901 3040 Ἰησοῦ,
917 2972 1068 3039 φησι,
1095 2969 1479 3039 βαπτισθέντος
1495 2973 1586 3024 καὶ
1600 2973 1900 3042 προσευξα-

1999 2973 2141 3042 tigit,
2177 2983 2230 3027 et
2261 2971 2524 3042 Spiritum
2557 2973 2824 3026 columbae
2871 2972 3054 3042 specie
3083 2972 3440 3035 descendere,
3487 2979 3574 3025 at-

327 3058 487 3128 μένου
518 3048 732 3127 ἐγένετο
760 3061 1039 3133 ἀνοιγῆναι
1067 3061 1158 3114 τὸν
1184 3063 1409 3132 οὐρανὸν
1431 3102 1446 3125 ,
1474 3064 1570 3116 καὶ
1599 3065 1897 3134 καταϐῆναι

1999 3079 2105 3134 que
2138 3063 2292 3118 illinc
2323 3078 2513 3118 vocem
2548 3063 2753 3117 deferri
2782 3081 2793 3116 :
2829 3061 2940 3116 t'l'u
2959 3077 3018 3116 es
3047 3060 3224 3116 Filius
3253 3077 3406 3118 meus
3437 3063 3576 3117 dile-

317 3149 384 3203 τὸ
409 3149 634 3222 Πνεῦμα
662 3151 794 3204 ὡσεὶ
819 3153 1169 3223 περιστεράν,
1206 3154 1297 3206 καὶ¹
1328 3153 1511 3225 φωνὴν
1545 3154 1754 3207 ἐκεῖθεν
1781 3156 1896 3208 ἐνε-

2000 3163 2146 3220 ctus,
2173 3156 2228 3209 in
2263 3170 2374 3225 quo
2429 3154 2562 3208 mihi
2597 3154 2926 3224 complacui.
2963 3173 2982 3206 ι
3040 3152 3212 3209 Porro
3240 3154 3349 3209 huc
3378 3169 3574 3225 prove-

322 3238 518 3310 χθῆναι
540 3257 554 3271 ·
602 3259 620 3292 ‹
654 3241 726 3292 ΣΞ)
758 3236 808 3293 εἶ
832 3243 860 3295 6
888 3241 1014 3303 Υἱός
1055 3258 1154 3312 μου
1195 3243 1222 3293 ὁ
1265 3243 1548 3314 ἀγαπητὸς
1586 3245 1645 3297 ἐν
1677 3237 1721 3312 ᾦ
1756 3245 1896 3298 εὐδό-

2001 3259 2144 3314 ctus,
2179 3259 2439 3318 tanquam
2479 3263 2672 3303 somno
2702 3249 2987 3318 cvigilans,
3013 3248 3344 3318 genealogim
3372 3248 3572 3302 intem-

323 3347 484 3404 κησα.
514 3352 533 3384 ι
576 3333 743 3386 Ἔνθα
768 3335 1087 3404 γενόμενος,
1113 3332 1302 3406 ὥσπερ
1328 3335 1384 3401 ἐξ
1413 3335 1578 3390 ὕπνου
1609 3337 1893 3408 διανήψας,

1997 3339 2226 3408 pestive,
2259 3346 2319 3390 ut
2360 3336 2560 3405 aliquis
2611 3336 2966 3400 existimabit,
2999 3337 3334 3391 mentionem
3365 3334 3565 3392 infert:

319 3422 420 3493 τῆς
459 3423 810 3491 γενεαλογίας
841 3423 1106 3494 ἀκαίρως,
1152 3424 1228 3487 ώς
1259 3424 1324 3477 ἂν
1364 3425 1571 3498 οἰηθείη
1600 3444 1680 3490 τις
1703 3468 1717 3491 ,
1757 3447 1894 3500 μνη-

2002 3449 2021 3481 (
2056 3431 2123 3484 Et
2153 3429 2270 3498 ipse
2301 3425 2464 3482 Jesus
2499 3433 2617 3481 erat
2675 3425 2944 3496 incipiens
2990 3426 3149 3495 quasi
3180 3441 3446 3480 annorum
3469 3427 3574 3481 tri-

325 3514 537 3585 μονεύει
567 3514 912 3583 λέγων,‹Καὶ
941 3516 1103 3579 αὐτὸς
1124 3512 1192 3587 ἦν
1220 3517 1519 3588 ἀρχόμενος
1538 3519 1788 3590 ὀἹησοῦς
1819 3521 1896 3584 ὡς

1996 3525 2168 3592 ginta,
2222 3519 2367 3573 filius
2415 3527 2475 3573 ut
2516 3517 2813 3588 putabatur
2847 3514 3094 3586 Josephi,
3138 3517 3235 3588 qui
3264 3516 3370 3572 fuit
3422 3515 3566 3584 Heli,

321 3607 457 3659 ἐτῶν
479 3607 792 3678 τριάκοντα,
815 3605 889 3660 ὢν
913 3607 1027 3670 υἱὸς
1047 3608 1123 3669 ὡς
1142 3605 1420 3677 ἐνομίζετο
1440 3607 1533 3661 τοῦ
1557 3609 1774 3682 Ἰωσὴφ,
1799 3611 1892 3664 τοῦ

330 3697 499 3761 Ἠλεὶ,
523 3698 617 3751 τοῦ
640 3698 814 3769 Μελχί
840 3699 971 3770 (47),
1013 3717 1028 3750 ι
1066 3699 1160 3752 καὶ
1185 3699 1291 3752 τῶν
1317 3700 1538 3754 λοιπῶν.

389 3797 449 3843 ε’.
485 3790 580 3853 Τίς
611 3790 904 3862 τοιγαροῦν
948 3793 1006 3844 ἐν
1037 3791 1247 3855 τούτοις
1290 3793 1389 3844 οὐκ
1428 3791 1494 3844 ἂν
1525 3793 1890 3862 ἁπορήσειεν;

311 3883 367 3935 εἰ
407 3881 683 3947 Ματθαῖος
716 3883 814 3954 μέν
841 3883 999 3952 λόγου
1032 3882 1283 3949 σύνταξιν
1309 3884 1688 3954 ἐπιστημόνως
1712 3883 1894 3953 φαίνε-

315 3988 406 4025 ται
465 3973 868 4043 πεποιημένος,
931 3972 1071 4026 κατὰ
1114 3972 1303 4043 καιρόν
1336 3989 1396 4024 τε
1437 3973 1781 4043 χρησάμενος
1823 3975 1890 4044 τῇ

313 4065 656 4138 γενεαλογίᾳ,
687 4067 900 4128 Λουκᾶς
919 4065 975 4118 δὲ
1001 4067 1079 4128 εἰς
1100 4063 1353 4118 τοσοῦτον
1381 4063 1610 4136 ἤλαυνεν
1635 4064 1888 4136 ἀπορίας,

308 4161 391 4225 -ώς
417 4161 504 4214 ὅτε
542 4159 640 4230 μὲν
667 4157 833 4230 ἐχρῆν
858 4158 1000 4211 κατὰ
1030 4157 1212 4228 χώραν
1238 4159 1336 4229 τὴν
1362 4156 1710 4225 γενεαλογίαν
1735 4155 1891 4209 ἐντά-

315 4252 423 4319 ξαι,
452 4249 755 4322 τηνικαῦτα
785 4248 1109 4321 παραλιπεῖν
1130 4248 1318 4320 αὐτὴν,
1349 4249 1587 4318 ἱστορίαν
1609 4265 1668 4300 τε
1695 4249 1890 4302 τοσαύ-

312 4360 411 4414 την
437 4343 730 4414 ὲκθέμενον
755 4342 854 4413 τὴν
880 4341 990 4395 ἀπὸ
1012 4341 1110 4412 τῆς
1132 4341 1398 4409 γενέσεως
1420 4339 1512 4393 τοῦ
1534 4339 1768 4412 Χριστοῦ
1795 4340 1893 4412 μέ-

315 4451 405 4504 χρι
430 4435 726 4507 τριάκοντα
767 4434 924 4498 ἐτῶν,
960 4433 1164 4506 μηδένα
1205 4432 1396 4504 καιρὸν
1433 4433 1736 4503 ἐπιτήδειον
1765 4449 1890 4486 συν-

1996 3611 2089 3680 qui
2121 3609 2224 3663 fuit
2258 3607 2476 3676 Melchi,
2511 3627 2531 3658 ›
2552 3616 2608 3662 et
2632 3607 2994 3677 reliquorum.

2066 3791 2119 3845 5.
2163 3789 2298 3854 Quis
2324 3803 2455 3858 ergo
2488 3788 2593 3842 hoc
2620 3787 2742 3842 loco
2766 3788 2897 3856 fnon
2928 3786 3001 3843 sit
3035 3787 3368 3858 perplexus?
3394 3787 3570 3860 siqui-

1992 3884 2116 3939 dem
2171 3882 2483 3938 Matthaeum
2547 3881 2882 3935 narrationis
2934 3895 3048 3936 sua:
3110 3881 3564 3950 compositionem

1994 3976 2131 4031 scite
2167 3974 2368 4029 fecisse
2412 3982 2671 4044 apparet;
2704 3971 2909 4027 Lucam
2941 3982 3122 4027 autem
3165 3980 3319 4026 tanta
3355 3972 3566 4044 incogi-

1996 4069 2170 4122 tantia
2205 4067 2395 4131 fuisse,
2429 4077 2486 4120 ut
2520 4081 2643 4120 cum
2689 4081 2790 4120 suo
2833 4066 2954 4119 loco
2994 4064 3367 4135 genealogiam
3394 4064 3567 4118 collo-

1993 4178 2122 4217 care
2162 4161 2408 4222 deberet,
2460 4173 2580 4213 eam
2643 4168 2776 4212 tunc
2824 4157 3270 4227 praetermiserit:
3324 4165 3378 4211 et
3435 4170 3566 4210 cum

1992 4262 2200 4306 tantam
2237 4251 2478 4306 historiae
2509 4257 2719 4319 partem
2755 4248 3094 4318 scripsisset,
3123 4261 3318 4317 nempe
3353 4261 3382 4299 a
3412 4244 3569 4300 Chri-

1993 4347 2062 4401 sti
2098 4346 2384 4400 nativitate
2424 4358 2600 4412 usque
2641 4342 2708 4395 ad
2758 4341 3100 4396 tricesimum
3161 4340 3283 4410 ejus
3335 4354 3566 4406 annum,

1993 4437 2204 4491 nullum
2266 4436 2570 4492 iuserendae
2637 4435 2968 4506 genealogiae
3031 4435 3288 4489 idoneum
3348 4443 3566 4504 tempus

317 4524 444 4578 ιδεῖν
471 4525 569 4597 τῆς
595 4527 716 4578 κατ’
736 4525 897 4579 αὐτὸν
924 4525 1272 4594 γενεαλογίας
1291 4541 1305 4556 ο
1332 4523 1426 4580 νῦν
1446 4525 1503 4578 δέ
1527 4524 1614 4577 ὅτε
1640 4541 1890 4594 τριακον-

1996 4528 2314 4600 agnoverit:
2344 4526 2441 4582 sed
2476 4543 2622 4580 nunc
2645 4525 2866 4580 demum
2896 4541 3022 4581 cum
3059 4527 3287 4596 triginta
3320 4525 3433 4594 jam
3464 4541 3565 4580 an-

310 4617 508 4688 ταέτης
534 4615 773 4685 γεγονὼς
801 4616 1053 4688 πάρεισιν
1090 4617 1182 4669 ἐπὶ
1215 4617 1275 4670 τὸ
1303 4617 1548 4670 Ἰωάννου
1583 4616 1883 4687 βάπτισμα,

313 4710 463 4782 παρὰ
485 4709 661 4763 πάντα
686 4709 844 4776 λόγον
871 4710 965 4762 καὶ
981 4708 1130 4778 παρὰ
1145 4710 1354 4781 καιρὸν,
1384 4708 1572 4780 ὥσπερ
1595 4709 1716 4762 τινὰ
1749 4724 1888 4779 παρ-

311 4802 545 4874 ενθήκην
590 4801 798 4869 εἰσάγει
835 4801 934 4872 τῆς
966 4800 1184 4872 γραφῆς
1219 4802 1318 4873 τὴν
1350 4801 1719 4870 γενεαλογίαν.
1746 4799 1884 4852 Ἀλλ’

311 4893 366 4947 εἴ
391 4893 474 4956 τίς
504 4910 568 4962 γε
599 4891 748 4963 αὐτῷ
777 4891 1001 4946 τοιαῦτα
1030 4893 1345 4964 ἐμέμψατο,
1376 4893 1476 4946 οὐκ
1509 4893 1574 4947 ἂν
1606 4894 1884 4964 ἠπόρησεν

190 4985 208 5001 ⁵
309 4985 651 5058 ἀποκρίσεως
675 4988 704 5039 6
725 4985 864 5048 θεῖος
894 4984 1283 5057 εὐαγγελιστής
1305 5003 1317 5016 ·
1347 4982 1466 5039 εἶπε
1487 4985 1531 5038 δ’
1555 4985 1620 5039 ἂν
1641 4987 1717 5049 ώς
1738 4985 1884 5048 εἰκὸς

309 5079 430 5135 θεῖά
455 5097 577 5134 τινα
603 5079 696 5132 καὶ
722 5077 861 5148 σοφὰ
882 5079 975 5132 καὶ
999 5077 1094 5132 τοῦ
1122 5082 1179 5133 ἐν
1209 5080 1357 5150 αὐτῷ
1391 5079 1533 5132 θείου
1568 5078 1883 5150 Πνεύματος

307 5174 525 5240 ἐπάξια.
556 5171 697 5242 Ἐγὼ
719 5172 779 5227 δὲ
809 5173 1048 5244 ἡγοῦμαι
1075 5172 1236 5226 αὐτὸν
1263 5174 1358 5226 καὶ
1397 5173 1495 5244 τὴν
1525 5171 1666 5225 κατὰ
1699 5173 1881 5243 σάρκα

305 5266 517 5336 γένεσιν
554 5262 648 5317 τοῦ
676 5261 849 5334 Ἰησοῦ
878 5262 1216 5331 γενεαλογεῖν
1261 5263 1543 5328 ἐθέλοντα,
1587 5261 1680 5315 νῦν
1723 5262 1881 5315 τοῦτο

306 5357 695 5429 πεποιηκέναι·
722 5355 878 5410 τοῦτο
912 5356 1025 5428 γὰρ
1067 5359 1114 5409 εἰ
1159 5356 1297 5409 κατὰ
1339 5355 1562 5428 γνώμην
1589 5356 1875 5427 ἔπραττεν,

305 5451 404 5503 οὐκ
428 5449 613 5521 ἠγνόει
635 5488 651 5513 ,
682 5449 770 5503 ὅτε
815 5448 982 5520 ἐχρῆν
1022 5449 1224 5519 ταύτην
1272 5449 1544 5502 ἐκθέσθαι.
1576 5447 1789 5519 Ἐπειδὴ
1820 5447 1877 5501 δὲ

305 5540 400 5594 νῦν
439 5542 540 5613 τῆς
571 5541 659 5596 διὰ
703 5541 926 5613 λουτροῦ
965 5542 1374 5614 ἀναγεννήσεως
1410 5541 1714 5613 μέμνηται,
1746 5539 1876 5596 Υἰόν

283 5597 466 5686 Ιαὐτὸν
490 5597 725 5706 εἰσάγων
751 5597 909 5700 Θεδῦ,
940 5597 1187 5704 βούλεται
1207 5597 1282 5698 ώς
1309 5597 1370 5688 ἐν
1393 5597 1748 5706 ὐπόδείγματι
1773 5651 1876 5688 πα-

378 5787 489 5859 (46)
530 5789 622 5845 Sic
649 5790 988 5847 demonstrat
1017 5791 1285 5849 Eusebius
1317 5800 1485 5849 totam
1507 5791 1874 5850 Antiochcno-

305 5871 426 5914 rum
456 5861 814 5919 litteraturam
847 5861 1090 5920 Graecam
1123 5863 1310 5921 fuisse.

1992 4637 2092 4676 nos
2119 4628 2281 4674 natus
2311 4618 2379 4673 ad
2411 4616 2640 4673 Joannis
2672 4619 3004 4688 baptismum
3038 4617 3251 4674 accedit
3283 4616 3562 4682 Christus,

1993 4722 2194 4786 praeter
2250 4726 2466 4766 omnem
2530 4711 2802 4765 rationem
2876 4725 2941 4764 ac
2999 4716 3240 4784 tempus,
3297 4718 3560 4778 tanquam

1989 4803 2188 4873 scripti
2242 4802 2511 4857 insertum
2569 4801 2844 4871 quoddam
2888 4801 3260 4871 genealogiam
3309 4798 3557 4853 inducat.

1986 4893 2465 4951 Verumenimvero
2511 4893 2556 4947 si
2605 4893 2729 4962 quis
2766 4892 2919 4946 illum
2964 4893 3045 4946 sic
3096 4891 3554 4962 reprehenderet,

1987 4989 2134 5043 haud
2165 5001 2494 5057 responsum
2526 5001 2686 5041 suum
2726 4985 3030 5040 desiderari
3075 4994 3352 5054 pateretur
3395 4985 3557 5039 divus

1984 5080 2357 5152 evangelista;
2392 5077 2489 5134 sed
2536 5077 2722 5132 divina
2767 5081 3037 5150 quaedam,
3075 5085 3134 5130 ut
3184 5069 3284 5146 par
3337 5085 3445 5144 est,
3500 5085 3556 5131 et

1985 5172 2146 5235 scita.
2190 5178 2246 5225 et
2284 5170 2629 5225 inhabitante
2654 5169 2842 5225 divino
2883 5169 3094 5240 Spiritu
3131 5168 3295 5238 digna
3329 5169 3548 5238 eloque-

1982 5271 2156 5318 retur.
2210 5260 2324 5332 Ego
2353 5269 2536 5317 autem
2581 5262 2838 5316 existimo
2868 5261 3050 5330 ipsum
3093 5257 3226 5314 Jesu
3274 5261 3552 5315 carnalem

1985 5369 2210 5428 quoque
2237 5355 2507 5424 originem
2555 5353 2868 5409 describere
2894 5351 3190 5417 volentem,
3227 5352 3304 5405 ita
3342 5367 3400 5406 se
3428 5367 3554 5422 ges-

1979 5448 2142 5504 sisse.
2186 5446 2253 5501 Et
2283 5448 2410 5518 quia
2436 5447 2541 5501 hoc
2567 5447 2616 5500 ei
2643 5444 2982 5516 propositum
3022 5451 3164 5508 erat,
3202 5442 3346 5498 haud
3396 5445 3556 5515 igne-

1977 5540 2156 5609 rabat,
2205 5538 2612 5612 generationem
2664 5534 2980 5605 hujusmodi
3038 5535 3238 5603 exponi
3271 5544 3549 5605 oportere.

1979 5629 2086 5687 Sed
2124 5629 2386 5701 quoniam
2409 5640 2555 5680 nunc
2582 5624 2651 5679 de
2691 5623 3107 5696 regeneratione
3136 5638 3236 5695 per
3261 5624 3545 5680 lavacrum

2046 5791 2159 5866 (47)
2197 5790 2277 5847 ita
2305 5789 2495 5855 codex,
2529 5786 2912 5858 praetermissis
2951 5787 3156 5844 Matath
3189 5795 3242 5845 et
3267 5787 3418 5844 Levi.
