4106 6434
463 348 574 407 .963

1187 342 1456 399 EUSEBII
1481 341 1970 400 CESABIENSIS
2006 342 2158 399 OPP.
2199 339 2380 397 PARS
2418 341 2507 397 lll.
2544 369 2618 385 --
2655 338 3062 395 EXEGETlCA.

3627 342 3731 396 9οῑ

471 463 731 535 loquitur,
765 461 1060 530 Jesumque
1095 466 1154 512 ut
1189 457 1283 512 Dei
1309 455 1508 509 Filium
1533 455 1798 522 exhibet;
1829 455 2037 510 idcirco

2155 455 2412 526 ραστῆσαι
2445 455 2527 507 ὅτι
2553 455 2617 526 δὴ
2662 455 2770 517 πᾶς
2811 455 2839 506 ό
2869 456 2926 506 ἐν
2969 451 3088 523 Θεῷ
3129 449 3594 522 ἀναγεννὼμενος,
3629 455 3733 508 κᾶν

472 554 577 607 hoc
600 550 763 606 veluti
792 549 1038 618 exemplo
1076 548 1458 615 demonstrare
1489 546 1694 609 studet,
1742 545 2043 615 quemlibet

471 644 746 698 hominem
781 641 837 694 in
881 639 991 694 Deo
1035 643 1447 707 regeneratum,
1478 635 1693 691 etiamsi
1735 651 1862 689 vere
1898 634 2044 690 ﬁlius

472 733 750 787 hominum
788 730 1049 783 habeatur
1091 729 1162 782 ob
1207 742 1430 796 carnem
1482 741 1590 796 qua
1651 725 1878 780 indutus
1934 735 2042 791 est,

470 839 582 878 non
609 832 789 877 tamen
819 836 944 874 cum
981 834 1078 874 sua
1117 825 1316 872 natura
1357 816 1420 869 εἰη
1461 816 1645 870 carnis
1702 817 2045 885 genitoribus

471 914 686 974 sistere,
711 926 890 980 neque
925 925 1032 963 non
1069 909 1212 962 ultra
1251 907 1500 975 corporis
1540 911 1920 975 procreatores
1950 919 2048 958 ex-

473 1018 734 1058 currere:
765 1017 951 1056 verum
975 1000 1190 1055 etiamsi
1226 999 1370 1053 ﬁlius
1402 998 1644 1051 hominis
1675 995 1930 1050 videatur
1974 996 2046 1050 ob

471 1095 716 1165 corporis
753 1094 1187 1164 generationem,
1223 1091 1589 1146 nihilominus
1621 1089 1766 1143 haud
1805 1088 2044 1142 alienum

472 1206 502 1246 a
533 1189 628 1243 Dei
677 1188 971 1257 adeptione
1024 1185 1260 1239 censeri.
1326 1182 1605 1236 Existimo
1649 1181 1818 1249 igitur
1865 1180 2043 1248 ipsum

473 1281 795 1350 tempestive
843 1288 895 1333 et
945 1276 1316 1347 genealogiam
1374 1274 1696 1342 scripsisse,
1745 1278 1799 1325 et
1830 1270 2042 1322 addita-

470 1381 653 1425 mento
691 1368 949 1423 dictionis
976 1376 1032 1420 ut
1056 1364 1345 1434 putabatur
1377 1378 1560 1418 usum.
1599 1360 2043 1415 Consentaneum

469 1463 672 1532 quippe
723 1467 862 1523 erat,
902 1467 1194 1528 postquam
1239 1457 1307 1509 de
1345 1457 1484 1509 caelo
1545 1451 1916 1507 testimonium
1977 1449 2044 1503 ad

470 1553 659 1610 Jesum
697 1558 951 1606 venerat:
1007 1549 1088 1602 Tu
1141 1564 1200 1602 es
1232 1546 1402 1601 Filius
1438 1560 1593 1598 meus
1623 1544 1877 1601 dilectus,
1911 1542 1966 1594 in
1995 1553 2046 1596 te

475 1647 608 1700 mihi
669 1642 1010 1714 complacui;
1047 1642 1159 1710 jam
1214 1640 1436 1708 inquam
1469 1637 1621 1690 haud
1653 1635 1903 1695 decebat,
1951 1635 2050 1688 ho-

471 1737 679 1792 minum
714 1737 904 1798 ﬁlium,
940 1748 1092 1802 atque
1124 1747 1188 1785 ac
1221 1739 1471 1792 caeteros,
1522 1728 1700 1796 ipsum
1744 1728 2047 1796 appellare;

472 1827 569 1884 sed
607 1827 1033 1881 additamentum
1063 1823 1297 1891 adjicere
1336 1836 1474 1890 opus
1516 1820 1617 1873 fuit
1647 1830 1704 1872 ut
1733 1821 2040 1889 putabatur.

2153 548 2366 620 ἀληθῶς
2413 549 2527 612 υίὸς
2566 547 2868 620 ἀνθρώπων
2913 542 3052 600 εἰναι
3090 544 3362 615 νομίζοιτο
3394 545 3460 598 δι’
3484 547 3550 616 ἣν
3578 549 3734 616 περί·-

2153 657 2331 693 κειται
2382 641 2557 712 σάρκα
2579 680 2593 702 ,
2629 639 2742 691 ἀλλ’
2766 639 2863 708 οὐχ
2893 637 3110 690 ἵσταταί
3143 653 3206 704 γε
3241 635 3388 706 αὐτῷ
3413 635 3482 688 τὰ
3507 636 3608 706 τῆς
3641 655 3732 706 γε-
3763 682 3770 706 ,

2153 731 2353 794 νέσεως
2392 733 2471 794 εἰς
2499 731 2624 792 τοὺς
2655 730 2797 782 κατά
2835 729 3012 797 σάρκα
3042 729 3220 794 γονεῖς
3239 767 3253 790 ,
3289 727 3408 780 οὐδὲ
3439 727 3601 798 μέχρι
3625 719 3764 780 τῶν⁸

2153 820 2248 873 τοῦ
2297 820 2548 891 σώματος
2587 820 2945 891 προπατόρων
2987 819 3203 888 φθάνει·
3243 819 3356 872 ἀλλ’
3381 821 3429 872 εἰ
3466 821 3561 873 καὶ
3589 821 3754 890 νομί-ς

2155 911 2300 975 ζοιτο
2329 910 2629 983 ἀνθρώπων
2656 908 2922 974 εἷναιυίδς
2949 912 3036 964 διά
3057 911 3154 982 τὴν
3183 911 3277 963 τοῦ
3304 911 3554 981 σώματος
3580 891 3750 980 γένεέ

2157 1021 2260 1066 σιν,
2293 1005 2440 1074 ὅμως
2463 1003 2507 1056 δ’
2533 998 2624 1056 οῦν
2639 1004 2738 1056 οὐκ
2769 1003 3043 1073 ἀλλότριος
3073 1004 3170 1073 τῆς
3185 1002 3279 1055 τοῦ
3309 1003 3444 1056 Θεοῦ
3465 983 3751 1078 υἰοθεσίαςέ

2154 1095 2481 1165 καθέστηκε.
2525 1094 2616 1147 Διὸ
2656 1095 2895 1165 ἡγοῦμαι
2938 1095 3099 1148 αὐτὸν
3141 1097 3282 1150 κατὰ
3321 1097 3511 1167 καιρόν
3547 1097 3639 1150 καί
3667 1100 3732 1168 τῇ

2153 1186 2469 1256 γενεαλογίᾳ
2519 1187 2842 1258 κεχρῆσθαι,
2911 1189 3006 1241 καί
3058 1193 3125 1260 τῇ
3171 1185 3456 1261 προσθήκῃ
3500 1190 3599 1259 τῆς
3652 1190 3736 1255 ὡς

2149 1277 2448 1346 ἐνομίζετο
2472 1280 2675 1348 φωνῆς.
2726 1281 2834 1332 Καὶ
2880 1280 2987 1350 γὰρ
3038 1279 3324 1332 ἀκόλουθον
3375 1275 3478 1349 ἦν,
3525 1281 3624 1349 τῆς
3674 1280 3734 1347 ἐξ

2150 1369 2394 1439 οὐρανῶν
2443 1372 2747 1442 μαρτυρίας
2792 1373 3043 1443 φησάσης
3084 1373 3220 1444 πρὸς
3253 1372 3345 1425 τὸν
3388 1372 3616 1443 Ἰησοῦν,
3657 1374 3729 1427 Σὺ

2153 1457 2182 1510 ὁ
2206 1460 2319 1523 υἱός
2345 1478 2446 1530 μου
2474 1464 2501 1514 ὁ
2531 1463 2832 1532 ἀγαπητὸς,
2879 1465 2938 1515 ἐν
2955 1465 3036 1516 σοὶ
3065 1463 3352 1535 εὐδόκησα,
3390 1464 3587 1534 μηκέτι
3641 1465 3735 1518 καὶ

2153 1548 2455 1620 ἀνθρώπων
2515 1553 2714 1623 ὁμοίως
2785 1554 2946 1606 αὐτὸν
2984 1555 3344 1624 ἀναγορεῦσαι
3392 1556 3526 1619 υἱὸν,
3596 1557 3734 1626 μετά

2157 1644 2213 1696 δὲ
2261 1645 2358 1715 τῆς
2415 1646 2495 1710 ὡς
2547 1644 2840 1713 ἐνομίζετο
2900 1646 3247 1718 ’προσθήκης⁹
3299 1646 3435 1700 Θεοῦ
3477 1648 3576 1717 μὲν
3625 1649 3738 1720 γὰρ

2159 1735 2326 1804 ἁνεκη
2338 1735 2504 1808 ρύχθη
2535 1737 2649 1800 υἱὸς
2677 1733 2813 1789 εἶναι
2840 1736 3020 1804 φύσει,
3046 1737 3159 1790 ἀλλ’
3187 1739 3285 1807 οὐχ
3302 1737 3381 1802 ὡς
3402 1737 3696 1807 ἐνομίζετο
3717 1757 3731 1770 ·

2152 1823 2246 1876 τοῦ
2271 1825 2326 1877 δὲ
2356 1827 2551 1897 Ἰωσὴφ
2582 1827 2881 1897 ἐνομίζετο,
2919 1827 3034 1880 ἀλλ’
3063 1828 3123 1880 οὐ
3155 1827 3313 1897 φύσει
3346 1830 3460 1892 υίὸς
3482 1825 3571 1900 ἦν.

472 1924 606 1978 Nam
628 1922 720 1978 Dei
755 1921 970 1991 quidem
1015 1920 1384 1988 proclamatus
1436 1915 1534 1971 fuit
1586 1918 1910 1971 naturaliter
1954 1917 2117 1982 ﬁlius,
2170 1937 2277 1976 non
2336 1933 2516 1979 autem
2577 1935 2635 1976 ut
2692 1923 3025 1993 putabatur:
3080 1940 3239 1980 secus
3285 1936 3467 1982 autem
3513 1926 3736 1999 Josephi

473 2015 690 2089 quidem
738 2012 1061 2082 putabatur,
1123 2009 1216 2065 sed
1274 2025 1383 2063 non
1448 2017 1566 2062 erat
1630 2010 1954 2064 naturaliter
1994 2010 2159 2067 ﬁlius.

543 2110 597 2164 6.
640 2109 772 2175 Quae
815 2122 938 2162 cum
979 2107 1052 2160 ita
1109 2121 1166 2160 se
1214 2106 1476 2169 habeant,
1529 2105 1719 2160 videor
1770 2106 1903 2159 mihi
1961 2106 2042 2159 sic

2217 2115 2291 2173 ς’.
2332 2103 2431 2161 Ὧν
2466 2109 2636 2174 οῦτως
2681 2111 2930 2180 ἐχόντων,
2971 2110 3111 2163 δοκῶ
3160 2128 3249 2180 μοι
3295 2110 3390 2164 καὶ
3438 2110 3612 2175 οῦτως
3641 2111 3736 2165 τὸν

472 2203 738 2257 rationem
762 2199 1090 2263 reddidisse,
1114 2213 1213 2253 cur
1230 2196 1516 2251 Matthaeus
1537 2197 1867 2264 scripturam
1893 2211 2048 2250 suam

471 2292 794 2360 exordiens,
830 2298 956 2346 ante
987 2289 1171 2344 Mariae
1202 2297 1552 2356 conceptum,
1577 2295 1632 2340 et
1681 2293 1808 2364 ante
1850 2300 2048 2340 carna-

472 2386 578 2440 lem
603 2383 736 2440 Jesu
769 2384 1202 2454 generationem,
1240 2380 1567 2451 tempestive
1613 2380 1666 2433 in
1697 2395 1796 2434 sua
1820 2379 2049 2434 historia

473 2475 748 2530 carnalem
783 2473 1156 2544 genealogiam
1194 2471 1580 2541 praeposuerit.
1612 2469 1908 2540 Propterea
1953 2486 2047 2542 ge-

473 2567 785 2622 nerationes
834 2579 1052 2636 quoque
1108 2563 1367 2618 deorsum
1425 2563 1597 2628 ducit,
1643 2561 1968 2618 descensum
2019 2577 2050 2616 a

472 2659 700 2713 meliore
739 2664 887 2712 statu
929 2657 1166 2711 innuens
1215 2655 1364 2710 illius
1409 2654 1476 2709 de
1507 2669 1617 2724 quo
1655 2655 1766 2724 agit
1802 2673 1815 2709 :
1845 2654 2048 2708 etenim

474 2738 821 2805 incarnatum
876 2749 968 2803 Dei
1022 2747 1261 2802 Verbum
1327 2761 1525 2816 reapse
1574 2747 1890 2810 descendit,
1922 2747 2051 2816 quia

475 2855 601 2895 cum
657 2840 715 2894 in
776 2840 953 2894 forma
1003 2838 1096 2894 Dei
1147 2845 1294 2893 esset
1342 2838 1648 2893 exinanivit
1695 2839 2051 2908 semetipsum

476 2931 708 2988 formam
739 2932 884 2987 servi
914 2930 1210 3001 accipiens.
1247 2930 1317 2983 At
1341 2944 1472 2984 vero
1508 2929 1719 2995 Lucas,
1754 2929 2049 3000 siquidem,

475 3040 630 3096 aque
661 3038 726 3078 ac
763 3022 1074 3088 Matthaeus,
1105 3021 1270 3076 Verbi
1307 3022 1364 3076 in
1407 3037 1574 3077 carne
1617 3022 1909 3076 adventum
1957 3020 2053 3076 de-

477 3122 885 3172 monstraturus
908 3113 1123 3179 fuisset,
1155 3113 1273 3184 ipse
1300 3128 1519 3183 quoque
1572 3113 1798 3168 omnino
1833 3113 2051 3183 generis

479 3207 763 3263 historiam
798 3205 1114 3274 scripsisset
1162 3205 1309 3261 circa
1350 3205 1730 3276 conceptionis
1766 3213 1860 3258 aut
1907 3212 2054 3259 certe

479 3299 781 3354 nativitatis
850 3305 1103 3368 tempus;
1159 3297 1567 3365 ordinatimque
1638 3311 1670 3348 a
1743 3295 2053 3352 senioribus

477 3391 801 3454 exordiens,
839 3389 906 3443 ad
949 3396 1259 3459 postremos
1300 3386 1702 3443 descendisset.
1761 3384 1869 3440 Sed
1924 3385 2053 3454 quia

2150 2198 2406 2269 λογισμὸν
2439 2200 2853 2266 ἀποδεδωκέναι,
2888 2200 3007 2254 καθ’
3047 2201 3105 2252 ὃν
3136 2203 3164 2254 ό
3196 2202 3296 2272 μὲν
3327 2201 3603 2265 Ματθαῖος
3629 2203 3738 2274 ἀρ·-

2150 2291 2378 2362 χόμενος
2409 2292 2507 2362 τῆς
2536 2291 2728 2344 ἑαυτοῦ
2759 2293 2995 2362 γραφῆς,
3030 2291 3139 2362 πρὸ
3170 2293 3268 2361 τῆς
3299 2291 3610 2362 συλλήψεως
3635 2294 3737 2362 τῆς

2150 2383 2390 2453 Μαρίας,
2429 2384 2520 2436 καί
2553 2383 2658 2452 πρὸ
2687 2383 2784 2452 τῆς
2809 2383 3070 2453 ἐνσάρκου
3105 2383 3368 2450 γενέσεως
3399 2383 3489 2436 τοῦ
3534 2385 3734 2455 Ἰησοῦ,

2153 2476 2293 2527 κατά
2319 2476 2507 2547 καιρὸν
2530 2476 2604 2539 ὡς
2635 2478 2692 2526 ἐν
2727 2477 2937 2546 ἱστορία
2963 2476 3251 2546 προτάττει
3277 2476 3373 2547 τὴν
3393 2477 3535 2530 κατά
3558 2476 3736 2547 σάρκα

2153 2568 2518 2636 ’γενεαλογίαν-
2569 2567 2648 2622 διὸ
2674 2569 2765 2620 καὶ
2801 2569 2868 2621 τὰ
2907 2569 3035 2640 γένη
3072 2569 3319 2638 κατάγει,
3365 2567 3588 2622 κάθοδον
3625 2570 3736 2623 ἀπὸ

2151 2661 2260 2714 τῶν
2307 2659 2628 2730 κρειττόνων
2679 2662 3048 2729 αἰνιττόμενος
3089 2662 3185 2714 τοῦ
3222 2661 3569 2734 δηλουμένου’
3599 2679 3731 2732 σαρ-

2153 2751 2415 2820 κούμενος
2443 2751 2551 2822 γὰρ
2587 2753 2616 2804 ό
2653 2751 2820 2819 Λόγος
2871 2751 2963 2804 τοῦ
3015 2752 3151 2804 Θεοῦ
3192 2750 3403 2823 κατῄει,
3440 2753 3520 2806 ὅτι
3561 2751 3626 2823 δὴ
3675 2755 3734 2805 ἐν

2159 2845 2338 2913 μορφῇ
2372 2842 2505 2894 Θεοῦ
2542 2842 2801 2912 ὑπάρχων
2841 2842 3107 2896 ἐκένωσεν
3139 2845 3330 2897 ἑαυτὸν
3365 2845 3578 2918 μορφὴν
3610 2845 3731 2898 δού-

2153 2933 2244 2986 λου
2276 2933 2470 2986 λαϐώνο
2505 2933 2534 2985 ὁ
2570 2932 2624 2985 δὲ
2663 2935 2898 2996 Λουκᾶς,
2933 2935 2981 2986 εἰ
3023 2935 3118 3005 μὲν
3143 2936 3344 3005 ὁμοίως
3367 2936 3443 3006 τῷ
3471 2937 3737 3008 Ματθαίῳ

2153 3026 2250 3096 τὴν
2273 3025 2532 3096 ἐνσαρκον
2565 3023 2784 3096 έμελλεν
2819 3024 2981 3078 αὐτοῦ
3028 3027 3322 3098 παρουσίαν
3355 3027 3566 3096 δηλοῦν,
3600 3029 3740 3081 πάν-

2153 3136 2259 3181 τως
2299 3118 2363 3171 ἂν
2401 3119 2670 3188 ἐχρήσατο
2713 3117 2806 3170 καί
2834 3118 2994 3182 αὐτὸς
3034 3121 3098 3188 τῇ
3141 3117 3234 3170 τοῦ
3275 3119 3463 3187 γένους
3494 3121 3734 3192 ἱστορίᾳ,

2154 3207 2295 3260 κατὰ
2321 3208 2410 3260 τὸν
2432 3207 2530 3276 τῆς
2554 3207 2864 3278 συλλήψεως
2889 3207 2922 3278 ἢ
2953 3207 3049 3277 τῆς
3073 3207 3376 3274 ἀποτέξεως
3401 3209 3608 3278 καιρόν·
3636 3212 3734 3264 καὶ

2155 3298 2460 3362 ἀκολούθως
2487 3299 2593 3351 ἀπὸ
2627 3297 2736 3351 τῶν
2762 3297 3143 3369 πρεσϐυτέρων
3181 3298 3502 3368 ἀρξάμενος,
3537 3301 3734 3371 κατῄει

2158 3389 2251 3444 ἐπὶ
2283 3391 2408 3452 τοὺς
2447 3388 2805 3452 τελευταίους
2839 3389 2960 3442 ἐπεὶ
2988 3388 3043 3440 δέ
3066 3388 3126 3440 οὐ
3155 3386 3298 3441 κατά
3331 3389 3428 3458 τὴν
3458 3389 3628 3460 αὐτὴν
3655 3388 3736 3458 τῷ

480 3482 624 3538 haud
656 3480 953 3538 secundum
980 3479 1220 3533 Matthaei
1242 3486 1477 3534 mentem
1505 3477 1872 3532 narrationem
1897 3491 2052 3532 suam

2157 3481 2419 3552 Ματθαίῳ
2456 3481 2689 3534 διάνοιαν
2721 3480 2933 3544 ἐξέθετο
2962 3479 3055 3550 τὴν
3087 3479 3356 3550 διήγησιν,
3388 3457 3612 3543 εἰκότως
3645 3457 3740 3534 τὸν

478 3573 762 3643 explicuit,
815 3570 1013 3626 merito
1051 3577 1269 3639 tempus
1312 3567 1450 3623 illud
1507 3565 1923 3630 transcenderis,
1986 3564 2052 3619 ad

479 3665 731 3738 baptismi
771 3662 1240 3735 regenerationem
1265 3661 1547 3716 contendit
1573 3679 1585 3714 :
1612 3668 1775 3730 atque
1803 3659 1910 3713 hoc
1933 3659 2056 3714 loco

479 3755 810 3812 contrariam
850 3753 1075 3826 exponit
1118 3752 1538 3824 generationum
1587 3751 1995 3806 successionem
2040 3767 2053 3802 :

480 3847 841 3918 subgradiens
866 3846 1084 3902 simula
1109 3845 1404 3916 postremis
1435 3843 1502 3897 ad
1532 3844 1759 3914 primos,
1785 3842 2058 3914 simulque

477 3941 660 3995 vitans
678 3945 1235 3994 commemoratorum
1259 3952 1288 3990 a
1317 3935 1572 3991 Matthan
1603 3951 1824 3992 reorum
1858 3950 2070 4005 pecca-

479 4039 772 4100 torumque
848 4029 1094 4082 virorum
1156 4028 1493 4082 mentionem
1548 4045 1562 4079 :
1611 4025 2056 4096 quandoquidem

479 4130 834 4194 regeneratus
884 4122 938 4176 in
987 4121 1120 4186 Deo,
1145 4120 1205 4174 ﬁt
1233 4120 1444 4174 alienus
1483 4134 1515 4173 a
1561 4119 1771 4173 carnali
1802 4118 2015 4188 origine
2038 4159 2054 4184 ,

480 4225 535 4272 et
560 4233 590 4270 a
619 4214 1003 4287 peccatoribus
1031 4213 1332 4268 secundum
1357 4226 1576 4266 carnem
1602 4211 1872 4280 patribus,
1907 4220 2059 4280 post-

481 4324 642 4379 quam
673 4305 768 4362 Dei
801 4305 947 4361 ﬁlius
980 4313 1066 4361 est
1101 4305 1349 4364 allectus,
1380 4311 1434 4358 et
1460 4304 1702 4357 omnium
1737 4303 1830 4374 qui
1861 4319 2059 4358 secun-

482 4399 612 4454 dum
674 4398 846 4453 Deum
918 4396 1195 4466 inculpate
1258 4397 1532 4450 vixerunt.
1593 4392 1684 4448 Sic
1746 4393 2057 4448 Abrahamo

481 4507 699 4564 quoque
745 4489 951 4544 dictum
999 4487 1144 4543 fuit:
1180 4506 1198 4538 ι
1237 4486 1321 4541 Tu
1373 4501 1505 4540 vero
1541 4485 1718 4541 abibis
1754 4485 1822 4540 ad
1873 4494 2056 4556 patres

483 4593 627 4640 tuos.
665 4604 684 4636 ›
712 4581 924 4649 Quibus
949 4581 1132 4636 verbis
1183 4578 1328 4634 haud
1368 4578 1623 4633 carnales
1656 4585 1912 4648 parentes
1957 4577 2055 4633 sed

483 4677 558 4732 illi
590 4675 681 4748 qui
720 4673 1021 4732 secundum
1053 4671 1222 4726 Deum
1250 4671 1453 4741 pietate
1476 4669 1526 4725 ei
1567 4669 1774 4725 similes
1811 4670 2052 4736 fuerunt,

481 4769 638 4840 quasi
667 4767 954 4836 aenigmate
982 4765 1335 4820 denotantur.

553 4861 602 4912 7.
646 4858 840 4913 Merito
867 4871 997 4928 ergo
1026 4854 1426 4923 Lucas,utpote
1455 4853 1546 4924 qui
1575 4853 2047 4924 regenerationem

485 4962 694 5015 narrat,
730 4949 875 5005 haud
925 4949 1114 5004 eadem
1163 4963 1270 5016 qua
1327 4945 1612 5001 Matthaeus
1669 4947 1759 5000 via
1815 4943 2038 4998 incedit.

489 5044 855 5113 Quamobrem
904 5057 1081 5112 neque
1119 5040 1428 5096 Salomonis
1456 5054 1634 5110 neque
1665 5037 1810 5092 Uriae
1843 5035 2052 5099 uxoris,

479 5151 657 5208 neque
709 5133 1016 5192 Thamaraa.
1052 5149 1229 5203 neque
1277 5131 1494 5196 Ruthae,
1549 5145 1725 5198 neque
1757 5127 2054 5190 Jechoniae,

478 5246 658 5301 neque
689 5228 779 5285 bis
811 5228 1221 5297 interjectorum
1247 5223 1394 5278 haud
1431 5223 1639 5291 absque
1669 5218 2050 5274 criminatione

478 5329 722 5384 virorum
752 5325 884 5380 facit
909 5321 1308 5384 recensionem,
1340 5318 1435 5374 sed
1469 5332 1563 5387 per
1585 5313 1721 5370 alios
1747 5313 2055 5382 inculpatos

479 5420 760 5493 graditur;
787 5427 841 5472 et
870 5417 1089 5486 quidem
1126 5429 1155 5466 a
1185 5413 1450 5482 propheta
1479 5407 1730 5461 Nathano
1769 5419 2055 5475 regenera-

478 5528 596 5566 tum
631 5525 791 5566 suum
826 5509 1058 5562 derivat.
1094 5504 1162 5558 Et
1193 5503 1282 5558 ille
1311 5500 1529 5571 quidem
1565 5499 1708 5569 apud
1738 5497 2050 5552 Matthaenm

479 5601 782 5660 secundum
829 5614 1048 5654 carnem
1105 5595 1340 5666 genitus,
1375 5593 1518 5646 ﬁlius
1566 5597 1684 5646 erat
1734 5589 2048 5648 Abrahami.

479 5712 546 5750 ex
598 5693 702 5746 hoc
761 5691 1006 5746 videlicet
1050 5688 1282 5743 deducta
1332 5683 1668 5754 genealogia,
1719 5683 1844 5752 quia
1873 5681 2050 5751 primo

480 5785 796 5842 Abrahamo
824 5782 961 5836 facta
993 5781 1095 5834 fuit
1126 5777 1418 5849 promissio
1448 5776 1692 5847 gentium
1721 5772 2047 5830 benedictio-

2085 4799 2132 4855 D

2157 3574 2317 3628 αὐτὸν
2359 3574 2553 3645 ἐκείνῳ
2585 3573 2773 3645 καιρὸν
2820 3573 3094 3644 ὑπερϐὰς,
3139 3572 3232 3624 ἰεπί⁵
3258 3571 3356 3642 τὴν
3383 3571 3741 3643 ἀναγέννησιν

2156 3667 2253 3736 τὴν
2283 3666 2372 3720 διά
2397 3665 2618 3736 λουτροῦ
2649 3666 3032 3736 παραγίνεται·
3068 3663 3162 3715 καί
3196 3661 3428 3715 ἐνταῦθα
3455 3663 3553 3732 τὴν
3587 3663 3739 3714 ἐναν-

2157 3760 2277 3812 τίαν
2307 3759 2579 3812 ἐκτίθεται
2601 3758 2708 3811 τῶν
2735 3757 2906 3826 γενῶν
2933 3755 3200 3826 διαδοχὴν,
3233 3752 3366 3825 ὁμοῦ
3395 3753 3486 3807 καί
3523 3755 3737 3821 ἀνάγων

2157 3851 2266 3904 ἀπὸ
2300 3851 2409 3904 τῶν
2440 3850 2683 3904 ὑστάτων
2718 3850 2813 3903 ἐπί
2842 3849 2910 3902 τὰ
2947 3847 3156 3918 πρῶτα,
3187 3844 3321 3917 όμοῦ
3353 3845 3444 3897 καὶ
3471 3844 3570 3916 τὴν
3605 3847 3738 3916 μνή-

2162 3961 2266 4015 μην
2287 3942 2394 3996 τῶν
2415 3941 2565 4013 παρὰ
2589 3941 2667 4010 τῷ
2695 3940 2959 4010 Ματθαίῳ
2984 3938 3247 3991 ὑπαιτίων
3276 3937 3368 3990 καί
3399 3937 3734 4008 ἁμαρτωλῶν

2159 4032 2365 4104 ἀνδρῶν
2417 4031 2822 4101 ἀποσειόμενος,
2873 4029 3168 4099 ἐπειδήπερ
3218 4029 3247 4081 ὁ
3296 4026 3447 4098 παρά
3490 4025 3569 4096 τῷ
3616 4025 3734 4096 Θεῷ

2157 4127 2486 4196 ἀναγεγεννη
2497 4126 2675 4196 μένος,
2705 4123 2979 4194 ἀλλότριος
3008 4120 3327 4174 καθίσταται
3347 4119 3446 4188 τῆς
3468 4117 3733 4187 ἐνσάρκου

2120 4203 2135 4222 ⁸
2156 4218 2422 4286 γενέσεως
2445 4217 2538 4270 καί
2565 4214 2672 4268 τῶν
2696 4213 2838 4267 κατά
2862 4213 3039 4283 σάρκα
3075 4208 3411 4281 ἁμαρτωλῶν
3461 4208 3731 4278 πατέρων,

2157 4306 2286 4370 Υἰὸς
2332 4305 2759 4375 ἀποφαινόμενος
2805 4301 2938 4356 Θεοῦ
2965 4341 2980 4366 ,
3039 4299 3134 4352 καί
3179 4297 3393 4350 πάντων
3439 4296 3544 4348 τῶν
3591 4297 3738 4350 κατά

2157 4399 2287 4453 Θεὸν
2315 4397 2698 4467 ἀνεπιλήπτως
2729 4393 3084 4465 βεϐιωκότων·
3110 4389 3251 4442 οὕτω
3272 4391 3365 4441 καί
3382 4387 3459 4457 τῷ
3489 4387 3739 4459 Ἀϐραὰμ

2157 4493 2361 4562 εἰῖρητο⁹
2415 4509 2432 4540 ι
2465 4489 2536 4540 Συ
2569 4488 2624 4541 δέ
2653 4485 2928 4557 ἁπελεύσῃ
2960 4482 3095 4553 πρὸς
3127 4482 3251 4543 τοὺς
3281 4478 3523 4549 πατέρας
3556 4495 3669 4531 σου·
3712 4499 3732 4530 ι

2157 4581 2218 4634 οὐ
2261 4581 2386 4643 τοὺς
2435 4578 2577 4632 κατὰ
2629 4577 2824 4648 σάρκα,
2859 4575 2984 4636 τοὺς
3031 4572 3087 4625 δὲ
3131 4571 3188 4622 ἐν
3226 4567 3345 4638 Θεῷ
3376 4567 3464 4620 διὰ
3513 4566 3612 4638 τὴν
3645 4567 3736 4619 εὐ-

2159 4670 2375 4734 σεϐείας
2399 4667 2781 4741 ὁμοιοτροπίαν
2804 4662 3174 4734 αἰνιττομένου
3201 4659 3294 4714 τοῦ
3323 4659 3502 4727 λόγου.

2231 4849 2297 4914 ζ’.
2327 4847 2566 4911 Εἰκότως
2597 4841 2885 4917 τοιγαροῦν
2910 4843 2937 4894 ὁ
2965 4839 3176 4900 Λουκᾶς
3195 4877 3209 4898 ,
3261 4836 3355 4890 ἆτε
3383 4835 3479 4905 τὴν
3511 4835 3738 4903 ἀναγέν-

2160 4960 2312 5012 νησιν
2336 4939 2582 5012 ἰστορῶν,
2608 4940 2667 4991 οὐ
2695 4937 2790 5008 τὴν
2823 4932 2990 5002 αὐτὴν
3013 4927 3278 4998 ὁδεύειτῷ
3307 4926 3593 4997 Ματθαίιεν
3627 4925 3732 4978 οὔτ’

2159 5031 2251 5088 οὖν
2291 5033 2384 5088 τοῦ
2429 5031 2741 5103 Σολομῶνος
2772 5027 2866 5080 καὶ
2898 5025 2996 5094 τῆς
3026 5021 3245 5092 Οὐρίου.
3290 5019 3351 5071 οὐ
3390 5019 3490 5089 τῆς
3519 5019 3729 5087 Θάμαρ,

2160 5127 2219 5178 οὐ
2248 5128 2346 5196 τῆς
2388 5124 2565 5186 Ῥοὺθ,
2604 5124 2662 5174 οὐ
2693 5118 2785 5172 τοῦ
2826 5113 3072 5186 Ἰεχονίου
3108 5111 3201 5164 καὶ
3232 5109 3340 5162 τῶν
3383 5109 3585 5179 μεταξὺ
3616 5107 3732 5158 δια-

2161 5217 2503 5288 ϐεϐλημένων
2548 5211 2755 5282 ἀνδρῶν
2795 5209 2892 5280 τὴν
2930 5203 3227 5275 παράθεσιν
3257 5201 3565 5270 πεποίηται,
3599 5197 3735 5252 ἀλλά

2160 5311 2228 5363 δι’
2277 5285 2478 5380 ἐτέρων
2531 5303 2912 5372 ἀνεπιλήπτων
2961 5296 3157 5356 ἄνεισι,
3192 5291 3286 5345 καί
3325 5290 3382 5342 δὲ
3424 5290 3518 5342 καὶ
3551 5290 3611 5340 ἐκ
3638 5285 3735 5338 τοῦ

2163 5377 2437 5472 προφήτου
2463 5395 2649 5450 Νάθαν
2681 5393 2772 5446 τὸν
2799 5393 3132 5458 ἀναγεγεννη
3143 5383 3298 5454 μένον
3320 5381 3541 5449 εἰσάγει.
3572 5377 3681 5472 Ka't
3709 5379 3744 5430 ὁ

2167 5469 2263 5562 μέν
2302 5469 2450 5560 παρά
2494 5487 2572 5558 τῷ
2613 5484 2876 5555 Ματθαίῳ
2917 5478 3059 5534 κατά
3111 5477 3288 5546 σάρκα
3326 5469 3740 5544 γεγεννημένος,

2161 5585 2275 5647 υίὸς
2315 5579 2382 5654 ἦν
2441 5580 2709 5651 Ἀϐραὰμ,
2765 5574 3013 5629 ἐντεῦθεν
3046 5566 3551 5639 γενεαλογούμενος,
3590 5563 3743 5654 ἐπεισ-

2156 5653 2439 5748 δήπερντῷ
2475 5671 2723 5743 Ἀϐραὰμ
2769 5667 2970 5739 πρώτῳ
3010 5666 3044 5734 ἠ
3089 5657 3389 5728 ἐπαγγελία
3433 5654 3614 5710 δέδοτο
3639 5653 3742 5721 τῆς

2157 5769 2263 5823 τῶν
2299 5767 2466 5822 ἐθνῶν
2493 5764 2758 5832 εὐλογίας,
2790 5763 2890 5814 οὐκ
2915 5759 3090 5818 ἄλλως
3118 5755 3152 5826 ἢ
3179 5752 3268 5806 διὰ
3285 5751 3378 5805 τοῦ
3409 5753 3474 5804 ἐκ
3504 5749 3750 5820 σπέρμαρ
