4106 6418
336 338 452 394 96$

1202 341 1707 399 SUPPLEMENTA
1745 342 2223 412 QUAESTIONUM
2260 345 2351 400 Αῐ)
2391 344 2837 402 STEPHANUM.

3503 345 3608 400 966

345 468 437 516 τος
468 451 630 507 αὐτοῦ
661 454 1120 524 προελευσομένου
1141 458 1496 528 γενησομένη.
1547 458 1602 509 '0
1637 458 1690 511 δὲ
1718 461 1775 511 ὲν
1809 459 1926 530 Θεῷ

2028 461 2136 521 nis,
2167 473 2287 528 quae
2332 458 2475 512 haud
2525 458 2680 513 aliter
2713 471 2876 528 quam
2918 471 3012 526 per
3059 471 3244 511 semen
3268 471 3334 512 ex
3371 471 3437 512 eo
3480 473 3608 527 pro-

346 546 863 616 ἀναγεγεννημένος,
899 547 1118 619 ἐτέρους
1149 547 1388 618 πατέρας
1431 550 1555 611 τοὺς
1607 550 1748 602 κατά
1794 551 1924 604 Θεὸν

345 637 808 708 ἐπιγραψάμενος,
848 640 956 693 οὐδ’
1003 641 1197 702 αὐτοὺς
1241 639 1454 711 ἀληθῶς
1491 641 1758 712 ἐσχηκὼς,
1810 643 1923 696 ἀλλ’

343 728 419 793 ὡς
446 717 724 802 ἐνομίζετο
755 733 841 787 διὰ
887 734 984 803 τὴν
1014 733 1121 786 τῶν
1154 734 1300 804 ⁴ἠθῶν
1347 735 1749 806 ὁμοιοτροπίαν,
1784 739 1927 792 ἄνει-

349 837 433 874 σιν
463 823 552 876 ὲπὶ
583 824 676 877 τὸν
704 824 872 894 ἀληθῆ
919 826 1138 896 Πατέρα
1181 828 1318 898 μετά
1347 830 1554 892 πάντας
1584 830 1926 900 χρηματίσας

347 910 476 974 Υἱὸς
518 912 610 964 τοῦ
661 912 818 966 Θεοῦ·
865 914 980 968 ἀλλ’
1009 910 1163 980 οὗτος
1200 918 1298 988 μὲν
1337 921 1394 972 ὲν
1435 921 1764 990 ἀπορρήτοις
1792 923 1924 991 ἡμῖν

345 1004 627 1058 ἀποδόσθω
661 1008 689 1058 6
721 1006 896 1074 λόγος.
930 1007 1045 1060 Ἵνα
1073 1008 1131 1061 δὲ
1177 1011 1249 1080 μή
1281 1027 1364 1074 τις
1391 1013 1538 1081 ἡμᾶς
1565 1013 1923 1082 εὑρεσιλογεῖν

346 1093 623 1159 ὑπολάϐοι,
651 1097 746 1148 καὶ
777 1098 985 1168 ἱστορίᾳ
1013 1101 1290 1170 χρήσομαι
1329 1102 1668 1175 παλαιοτάτῃ
1693 1105 1821 1175 παρ’
1857 1100 1923 1176 ἧς

341 1185 458 1238 ἔστι
497 1189 594 1258 τὴν
632 1187 784 1241 λύσιν
819 1190 996 1261 εὑρεῖν
1038 1194 1136 1262 τῆς
1173 1194 1565 1264 νενομισμένης
1595 1197 1723 1266 παρ’
1756 1198 1923 1266 ἀμφο-

341 1278 521 1350 τέροις
545 1282 658 1343 τοῖς
683 1281 1089 1350 εὐαγγελισταῖς
1113 1285 1424 1353 διαφωνίας.
1453 1286 1564 1355 Τῆς
1595 1287 1651 1340 δὲ
1685 1290 1922 1360 ἱστορίας

343 1371 533 1438 γέγονε
568 1375 914 1444 συγγραφεὺς
951 1376 1286 1446 Ἀφρικανὸς,
1317 1377 1456 1448 ἀνὴρ
1483 1377 1664 1444 λόγιος
1697 1380 1921 1446 καὶτοῖς

342 1464 449 1517 ἀπὸ
476 1465 573 1535 τῆς
623 1465 818 1530 ἔξωθεν
851 1468 1099 1531 παιδείας
1135 1469 1475 1540 ὁρμωμένοις
1524 1472 1809 1544 ἐπιφανής·
1861 1471 1920 1530 οὗ

343 1554 479 1626 πρὸς
504 1555 685 1619 ἄλλοις
716 1556 931 1621 πολλοῖς
969 1559 1062 1611 καὶ
1092 1559 1277 1622 καλοῖς
1305 1560 1504 1628 λόγοις,
1541 1563 1634 1615 καὶ
1665 1564 1918 1636 ἐπιστολὴ

341 1646 564 1717 φέρεται
587 1647 723 1718 πρὸς
763 1649 1096 1720 Ἀριστείδην
1119 1652 1246 1723 περὶ
1267 1651 1366 1722 τῆς
1399 1654 1789 1726 νενομισμένης
1813 1657 1920 1711 τῶν

338 1738 740 1806 εὐαγγελιστῶν
770 1742 897 1810 περὶ
933 1743 1031 1812 τὴν
1063 1743 1298 1797 Χριστοῦ
1338 1743 1687 1814 γενεαλογίαν
1720 1748 1920 1818 διαφω-

339 1829 478 1892 νίας·
498 1831 629 1902 -ἓχει
669 1831 712 1883 δ’
743 1831 938 1896 οὕτως.

844 1946 1246 2000 ΑΦΡΙΚΑΝΟΥ
1278 1947 1411 2020 (ts).

406 2059 476 2126 η’.
507 2058 619 2112 Οὐκ
639 2058 879 2132 ἀκριϐῶς
903 2061 1084 2131 μέντοι
1108 2061 1254 2125 τινὲς
1275 2061 1547 2132 λέγουσιν,
1570 2067 1653 2121 ὅτι
1696 2069 1918 2132 δικαίως

336 2149 556 2219 γέγονεν
579 2154 612 2223 ἡ
635 2152 890 2224 διάφορος
914 2153 1051 2224 αὕτη
1075 2154 1181 2209 τῶν
1213 2154 1489 2225 ὀνομάτων
1518 2160 1918 2231 καταρίθμησίς

338 2255 394 2295 τε
428 2243 522 2296 καὶ
570 2245 838 2315 ἐπιμιξία,
872 2243 981 2298 τῶν
1017 2262 1076 2297 τε
1106 2247 1412 2317 ἱερατικῶν,
1450 2247 1525 2312 ὡς
1557 2250 1780 2315 οἴονται,
1826 2253 1918 2304 καὶ

336 2333 445 2384 τῶν
478 2333 789 2403 βασιλικῶν,
830 2335 916 2388 ἵνα
945 2334 1126 2404 δειχθῇ
1159 2335 1381 2400 δικαίως
1417 2340 1446 2389 6
1471 2340 1703 2409 Χριστὸς
1741 2341 1918 2410 ἱερεύς

337 2441 393 2475 τε
423 2425 518 2476 καὶ
545 2424 794 2494 βασιλεὺς
824 2426 1144 2495 γενόμενος·
1176 2428 1364 2501 ὥσπερ
1395 2431 1539 2495 τινὸς
1570 2431 1916 2495 ἀπειθοῦντος

337 2515 370 2584 ἢ
409 2515 599 2587 ἑτέραν
629 2518 924 2589 ἐσχηκότος
957 2519 1165 2584 ἐλπίδα,
1193 2522 1274 2574 ὅτι
1308 2525 1336 2574 6
1368 2524 1602 2596 Χριστὸς
1629 2526 1916 2597 ἀρχιερεύς

338 2609 452 2658 ἐστι
481 2607 711 2678 ΠατρὸςἻ
742 2608 842 2672 τὰς
864 2611 1136 2682 ἡμετέρας
1168 2613 1305 2682 πρὸς
1337 2614 1496 2667 αὐτὸν
1533 2616 1694 2686 εὐχὰς
1718 2617 1917 2686 ἀναφέ-

343 2714 470 2758 οων,
506 2699 598 2752 καὶ
629 2698 882 2768 βασιλεὺς
919 2701 1308 2774 ὑπερκόσμιος,
1343 2703 1434 2768 οὒς
1456 2705 1797 2779 ἠλευθέρωσε
1831 2709 1916 2762 νέέ

341 2805 457 2858 μων
587 2789 882 2860 Πνεύματι,
906 2793 1164 2863 συνεργὸς
1188 2797 1269 2858 εἰς
1297 2794 1393 2866 τὴν
1419 2797 1776 2869 διακόσμησιν
1807 2799 1915 2852 τῶν

336 2879 470 2934 ὅλων
513 2883 822 2953 γενόμενος.
865 2885 976 2938 Καὶ
1020 2885 1178 2939 τοῦτο
1217 2889 1347 2958 ἡμῖν
1380 2890 1773 2960 προσήγγειλεν
1818 2891 1916 2962 οὐχ

321 2974 363 3025 ‘6
385 2973 680 3042 κατάλογος
708 2975 818 3028 τῶν
845 2975 1045 3044 φυλῶν,
1067 2977 1164 3048 οὐχ
1189 2980 1222 3047 ἡ
1262 2977 1406 3047 μίξις
1425 2978 1532 3031 τῶν
1553 2981 1916 3051 ἀναγράπτων

333 3065 526 3131 γενῶν,
553 3066 688 3119 ἀλλὰ
715 3067 1049 3139 πατριάρχαι
1081 3069 1174 3121 καὶ
1203 3069 1496 3138 προφῆται.
1531 3070 1620 3140 Μὴ
1655 3067 1747 3123 οὖν
1783 3089 1915 3123 κατ-

336 3154 501 3260 ίωμεν
541 3159 622 3260 εἷς
646 3159 1258 3260 τρσαύτηνθεοσεϐείας
1293 3161 1702 3234 σμικρολογίαν,
1743 3165 1827 3218 ἵνα
1850 3168 1914 3238 τῇ
1945 3203 1985 3260 C

319 3247 600 3321 Δὲναλλαγῇ
627 3249 734 3303 τῶν
775 3251 1076 3322 ὀνομάτων,
1114 3252 1210 3324 τὴν
1246 3254 1480 3324 Χριστοῦ
1518 3255 1790 3324 βασιλείαν
1823 3259 1918 3312 καὶ

333 3341 634 3414 ἱερωσύνην
667 3344 1036 3415 συνιστῶμενσ
1068 3347 1189 3398 ἐπεὶ
1233 3349 1300 3417 τῇ
1348 3347 1514 3400 Ἰούδα
1543 3348 1680 3420 φυλῇ
1722 3353 1787 3419 τῇ
1823 3350 1920 3421 βα-

337 3431 537 3503 σιλικῇ,
569 3435 604 3490 ἡ
646 3435 740 3487 τοῦ
791 3437 922 3489 Λευὶ
974 3435 1114 3505 φυλὴ
1172 3438 1417 3507 ίερατικὴ
1471 3440 1767 3510 συνεζύγη,
1821 3441 1916 3494 τοῦ

334 3523 600 3576 Ναασσὼν
632 3525 865 3596 ἀδελφὴν
911 3526 1009 3596 τὴν
1059 3526 1338 3580 Ἐλισάϐετ
1377 3528 1584 3599 Ἀαρὼν
1623 3530 1913 3601 ἀξαμένου,

333 3614 427 3666 καὶ
457 3613 614 3666 πάλιν
645 3615 904 3687 Ἐλεάζαρ
933 3615 1030 3686 τὴν
1045 3615 1319 3689 θυγατέρα
1341 3621 1562 3692 Φατιὴλ,
1587 3623 1680 3674 καὶ
1707 3623 1916 3677 ἐνθένδε

333 3704 900 3776 παιδοποιησαμένων.
947 3706 1276 3776 Ἐψεύσαντο
1308 3708 1400 3764 οῦν
1430 3713 1479 3764 οἱ
1514 3713 1914 3781 εὐαγγελισταὶ,

333 3794 678 3856 συνιστάντες
698 3796 797 3848 οὑκ
826 3795 1108 3866 ἀλήθειαν,
1146 3797 1263 3851 ἀλλ’
1286 3800 1636 3871 εἰκαζόμενον
1667 3802 1914 3856 ἔπαινσνο

331 3889 426 3940 καὶ
453 3887 542 3940 διὰ
592 3887 752 3942 τοῦτο
784 3889 812 3941 6
849 3889 949 3958 μὲν
980 3889 1069 3942 διὰ
1109 3889 1420 3960 Σολομῶνος
1447 3893 1556 3945 ἀπὸ
1583 3893 1748 3946 Δαυῒδ
1793 3895 1916 3962 ἐγε-

327 3979 656 4050 νεαλόγησεν
687 3980 776 4033 τὸν
823 3979 1015 4034 Ἰακὼϐ
1041 3982 1131 4035 τὸν
1157 3983 1250 4036 τοῦ
1292 3984 1488 4054 Ἰωσὴφ
1527 3985 1740 4056 πατέρα
1761 4003 1774 4016 ·
1806 3989 1834 4039 6
1862 3987 1918 4040 δὲ

330 4071 516 4125 Νάθαν
544 4069 637 4123 τοῦ
679 4070 863 4134 Δαυῒδ,
898 4072 988 4125 τὸν
1037 4073 1184 4126 Ἠλεὶ
1221 4075 1312 4127 τὸν
1350 4075 1442 4128 τοῦ
1487 4075 1680 4146 Ἰωσὴφ
1719 4078 1917 4147 ὁμοίως

325 4163 503 4217 ἄλλων
532 4162 747 4235 πατέρα
766 4181 778 4192 ο
802 4163 982 4217 καίτοι
1030 4163 1242 4232 ἀγνοεῖν
1269 4165 1462 4226 αὐτοὺς
1484 4166 1583 4218 οὐκ
1613 4167 1802 4237 ἐχρῆν,
1843 4169 1918 4231 ὡς

328 4256 564 4330 ἑκατέρα
592 4257 700 4311 τῶν
717 4257 1211 4328 κατηριθμημένων
1229 4256 1400 4323 τάξις,
1419 4258 1479 4310 τὸ
1491 4258 1584 4310 τοῦ
1614 4259 1777 4312 Δαυῒδ
1801 4261 1916 4313 ἐστι

323 4352 504 4418 γένος,
536 4352 569 4422 ἡ
599 4351 692 4404 τοῦ
730 4351 901 4405 Ἰούδα
927 4351 1067 4423 φυλὴ
1101 4351 1373 4422 βασιλική.
1403 4352 1466 4403 Εἰ
1487 4350 1595 4420 γὰρ
1629 4353 1916 4423 προφήτης

327 4444 358 4493 6
389 4442 597 4506 Νάθαν,
625 4443 739 4496 ἀλλ’
768 4439 862 4498 οὖν
911 4445 1004 4496 καὶ
1032 4442 1302 4514 Σολομὼν,
1345 4443 1374 4494 ὃ
1400 4460 1461 4496 τε
1506 4443 1708 4495 τούτων
1736 4443 1914 4515 πατὴρ

329 4533 624 4604 ἐκατέρουο
659 4535 724 4586 ἐκ
761 4533 969 4587 πολλῶν
1001 4535 1058 4588 δὲ
1102 4533 1284 4603 φυλῶν
1335 4535 1570 4602 ἐγίνοντο
1615 4535 1908 4606 προφῆται,
1945 4559 1986 4612 D

330 4625 494 4696 ἱερεῖς
526 4624 581 4676 δὲ
614 4624 673 4688 ἐξ
700 4626 956 4696 οὐδεμιᾶς
995 4625 1107 4695 (49)
1139 4625 1248 4678 τῶν
1281 4625 1486 4679 δώδεκα
1527 4625 1728 4696 φυλῶν,
1761 4627 1912 4696 μόνοι

327 4715 385 4766 δὲ
415 4715 655 4766 Λευῖται.
698 4714 892 4786 Μάτην
938 4716 1121 4779 αὐτοῖς
1167 4715 1273 4786 ἄρα
1308 4715 1612 4769 πέπλασται
1645 4716 1707 4768 τὸ
1752 4717 1912 4786 ἐψευ-

331 4803 524 4875 σμένον
545 4820 559 4833 ·
582 4805 714 4876 μηδὲ
751 4805 977 4878 κρατοίη
1001 4805 1238 4870 τοιοῦτος
1264 4810 1292 4861 6
1311 4806 1466 4876 λόγος
1513 4809 1572 4860 ὲν
1613 4807 1912 4878 Ἐκκλησία

329 4897 566 4968 Χριστοῦ
609 4895 797 4969 [κατὰ]
827 4897 1090 4968 ἀκριϐοῦς
1116 4898 1394 4970 ἀληθείας,
1441 4900 1523 4951 ὅτι
1554 4897 1747 4967 ψεῦδος
1781 4897 1913 4965 σύγ-

329 5005 506 5042 κειται
543 4990 623 5052 εἰς
658 4985 806 5044 αἶνον
841 4991 936 5043 καὶ
959 4990 1265 5060 δοξολογίαν
1295 4990 1550 5062 Χριστοῦ·
1578 4991 1660 5052 τίς
1683 4991 1792 5060 γὰρ
1811 4990 1912 5042 οὐκ

325 5076 434 5134 οἶδε
462 5083 714 5136 κάκεῖνον
741 5081 832 5136 τὸν
861 5082 1145 5154 ἱερώτατον
1167 5083 1260 5136 τοῦ
1285 5081 1605 5135 Ἀποστόλου
1628 5080 1784 5149 λόγον
1812 5097 1914 5152 κη-

329 5173 618 5246 ρύσσοντος
641 5177 734 5230 καὶ
754 5175 1154 5245 διαγγέλλοντος
1176 5177 1274 5247 τὴν
1300 5175 1593 5229 ἀνάστασιν
1617 5173 1710 5226 τοῦ
1736 5173 1912 5243 Σωτῆ-

405 5292 451 5323 ⁶¹⁵
490 5291 661 5346 Exod.
697 5309 788 5359 vt,
821 5293 912 5349 25.
989 5295 1032 5326 ⁸⁸
1074 5296 1207 5350 ibid.
1241 5295 1332 5349 95.

302 5405 307 5418 '
400 5405 510 5477 (48)
528 5403 768 5477 ρῐχὶιηιιε.
785 5407 890 5477 col.
907 5406 1033 5470 899,
1067 5406 1193 5462 adn.
1215 5405 1561 5471 12,Africani
1589 5405 1900 5476 epistolam,

328 5475 490 5544 quam
525 5475 793 5531 Eusebius
829 5476 973 5530 Hist.
1000 5478 1192 5541 eet-(.1,
1219 5477 1271 5539 7,
1305 5475 1635 5546 acephalam:
1651 5477 1898 5537 dederat,

328 5559 360 5616 ξι
392 5554 576 5616 nostra
611 5549 847 5615 epitome
877 5547 1105 5603 feliciter
1132 5548 1329 5616 partim
1351 5544 1566 5602 sarciri.
1589 5544 1748 5600 Nunc
1794 5547 1902 5601 isto

330 5615 384 5667 in
420 5615 723 5688 fragmento
755 5618 1052 5687 integriore
1082 5615 1148 5672 ac
1175 5617 1450 5688 primitivo
1470 5617 1753 5688 praedicta:
1779 5618 1900 5688 cpi-7

331 5685 483 5769 st‘che
509 5685 658 5768 prior
680 5703 808 5769 pars
841 5685 1426 5769 omnino_eu_inu_la_tur.
1469 5687 1644 5769 Hujus
1671 5685 1903 5768 ergo’ad

331 5753 576 5810 Africani
608 5753 893 5828 epistolam
935 5761 1178 5828 praeclari
1206 5753 1567 5813 additamenti
1589 5753 1904 5813 meminisse

333 5833 545 5894 oportet
565 5841 680 5893 eos,
703 5831 795 5899 qui
819 5845 986 5888 novas
1005 5829 1300 5901 aliquando
1318 5830 1584 5886 editiones
1609 5828 1900 5884 curabunt.

2032 557 2322 604 venturum
2351 557 2610 605 eventura
2630 558 2768 604 erat.
2801 548 2871 602 At
2893 548 2983 602 ille
3005 547 3060 601 in
3091 547 3200 602 Deo
3230 559 3606 618 regeneratus.

2044 642 2180 694 alios
2214 641 2318 695 sibi
2352 649 2534 710 patres
2564 639 2863 695 secundum
2899 637 3067 693 Deum
3097 638 3427 702 inscribens,
3459 639 3603 692 haud

2031 732 2279 800 equidem
2315 745 2470 786 veros
2500 740 2685 801 patres
2708 772 2721 794 ,
2757 731 2852 787 sed
2881 731 2953 785 ita
2979 739 3198 801 putatos
3240 741 3461 800 prepter
3488 745 3605 784 mo-

2031 839 2150 876 rum
2189 824 2626 888 similitudinem,
2663 823 2728 876 ad
2761 839 2949 878 verum
2979 823 3198 879 Patrem
3246 833 3370 894 post
3413 838 3604 877 omnes

2031 929 2250 968 sursum
2285 914 2480 979 tendit,
2512 912 2680 968 Filius
2725 911 2817 966 Dei
2869 915 3162 970 exsistens.
3194 913 3372 984 Atque
3416 914 3604 968 hacte-

2030 1022 2136 1062 nus
2174 1007 2241 1060 de
2267 1021 2469 1060 arcano
2505 1023 2533 1060 a
2564 1007 2724 1061 nobis
2757 1021 2924 1060 sensu
2958 1007 3166 1061 dictum
3199 1008 3290 1062 sit.
3338 1005 3418 1062 Ne
3471 1019 3603 1060 vero

2030 1113 2130 1152 nos
2162 1099 2449 1168 quisquam
2493 1097 2609 1151 bare
2638 1098 2858 1167 proprio
2907 1097 3126 1167 ingenio
3158 1099 3468 1168 excogitare
3499 1116 3602 1169 pu-

2028 1198 2128 1255 tet,
2161 1191 2599 1261 antiquissimam
2633 1189 2918 1245 historiam
2944 1190 3238 1260 proferam,
3265 1191 3407 1261 apud
3435 1207 3599 1261 quam

2029 1284 2334 1352 comperire
2383 1291 2467 1337 est
2497 1281 2823 1335 solutionem
2859 1289 3059 1350 putata:
3093 1283 3236 1336 inter
3265 1284 3404 1337 duos
3436 1299 3601 1338 evan—

2031 1375 2256 1443 gelistas
2289 1372 2662 1426 dissonantize.
2709 1371 2960 1426 Historiae
3003 1373 3166 1442 hujus
3217 1383 3409 1428 auctor
3457 1375 3604 1428 Afri-

2027 1482 2198 1520 canus
2220 1475 2323 1532 est,
2369 1466 2454 1519 vir
2499 1465 2769 1528 eruditus,
2819 1471 2872 1519 et
2934 1464 3079 1518 inter
3135 1472 3321 1520 extera
3351 1467 3600 1522 doctrina

2027 1559 2265 1613 imbutos
2320 1559 2589 1621 illustris,
2637 1558 2794 1627 cujus
2843 1567 3039 1626 praeter
3099 1568 3326 1613 caeteros
3401 1560 3602 1616 multos

2026 1651 2272 1720 egregios
2299 1651 2492 1714 libros,
2529 1649 2758 1719 epistola
2787 1662 3004 1717 quoque
3037 1647 3270 1702 habetur
3309 1647 3374 1702 ad
3401 1649 3601 1704 Aristi-

2026 1743 2147 1796 dem
2183 1742 2250 1798 de
2280 1750 2461 1812 putata
2485 1742 2941 1808 evangelistarum
2975 1741 3122 1795 circa
3165 1738 3370 1796 Christi
3403 1757 3602 1811 genea-

1957 1840 1998 1894 B
2030 1835 2227 1905 logiam
2257 1834 2620 1900 dissonantia,
2655 1849 2775 1902 qua:
2803 1834 2878 1886 ita
2910 1848 2969 1887 se
3001 1833 3186 1887 habet.

2641 1945 2985 2001 AFRICANI.

2096 2063 2147 2116 8.
2171 2060 2325 2115 Haud
2374 2067 2626 2116 accurate
2654 2061 2871 2130 quidam
2914 2061 3088 2124 aiunt,
3121 2059 3347 2128 provide
3399 2059 3598 2116 fartam

2026 2168 2147 2207 esse
2178 2153 2514 2207 dilferentem
2555 2152 2696 2204 hanc
2727 2152 3020 2213 'nominum
3053 2153 3517 2206 enumerationem
3548 2163 3603 2207 et

2027 2245 2436 2313 permistionem
2455 2243 2897 2307 sacerdotalium,
2933 2251 2992 2296 ut
3009 2251 3221 2312 putant,
3241 2250 3295 2297 et
3325 2245 3597 2313 regalium

2025 2334 2288 2397 virorum,
2315 2341 2376 2387 ut
2399 2333 2784 2387 ostenderetur
2812 2334 3009 2388 merito
3033 2333 3289 2390 Christus
3309 2351 3403 2391 rex
3437 2337 3602 2391 simul

2026 2430 2188 2491 atque
2235 2422 2492 2477 sacerdos
2524 2440 2538 2476 :
2568 2421 2724 2491 quasi
2774 2421 2971 2491 aliquis
3003 2421 3070 2476 de
3099 2423 3202 2477 hoc
3243 2424 3475 2488 dubitet,
3506 2436 3602 2480 aut

2025 2514 2185 2567 aliam
2221 2529 2371 2584 spem
2408 2514 2624 2577 habeat,
2662 2529 2850 2584 nempe
2881 2514 3014 2585 quin
3063 2515 3320 2572 Christus
3363 2527 3601 2572 aeternus

2027 2606 2099 2659 sit
2135 2607 2280 2676 apud
2336 2605 2550 2660 Patrem
2595 2605 2862 2674 pontifex,
2899 2621 3090 2676 preces
3141 2616 3364 2662 nostras
3393 2609 3441 2662 ei
3467 2607 3604 2662 olfe-

2025 2711 2186 2753 rens:
2221 2712 2319 2751 rex
2351 2703 2528 2750 autem
2559 2695 3041 2766 supermundialis,
3073 2711 3212 2766 quos
3232 2697 3482 2752 liberavit
3505 2713 3603 2767 pa-

2025 2803 2184 2843 scens
2216 2785 2444 2858 Spiritu,
2467 2794 2790 2856 cooperator
2813 2786 3037 2842 eﬂectus
3069 2787 3121 2841 in
3147 2788 3389 2842 omnium
3415 2804 3598 2842 rerum

2024 2883 2391 2937 ordinatione.
2425 2879 2592 2948 quue
2637 2879 2796 2933 nobis
2831 2880 3170 2948 exploratum
3203 2879 3331 2935 fecit
3362 2895 3470 2935 non
3497 2881 3600 2940 tri-

2025 2975 2191 3028 buum
2239 2973 2543 3041 catalogus,
2581 2987 2760 3040 neque
2818 2972 3248 3041 perscriptarum
3299 2974 3602 3043 generatio-

2023 3081 2153 3119 num
2213 3065 2417 3124 mistio,
2470 3063 2566 3118 sed
2612 3063 2935 3132 patriarchae
2975 3073 3137 3133 atque
3167 3065 3464 3133 prophetae.
3496 3065 3602 3124 (Za-
3694 3052 3711 3069 ⁸

2023 3174 2248 3214 veamus
2284 3158 2449 3226 igitur
2477 3171 2506 3210 a
2537 3156 2748 3211 minuto
2777 3155 3090 3224 hujusmodi
3121 3157 3400 3226 religionis
3433 3157 3605 3212 artili—

2021 3251 2130 3314 cio,
2170 3259 2229 3304 ut
2259 3250 2539 3304 nominum
2575 3250 2979 3318 permutatione
3021 3249 3227 3303 Christi
3275 3266 3500 3319 regnum
3537 3267 3603 3305 ac

2021 3341 2390 3396 sacerdotium
2433 3340 2792 3409 comprobare
2841 3340 3088 3396 velimus.
3131 3338 3267 3395 Nam
3315 3349 3370 3397 et
3397 3343 3602 3413 alioqui.

2019 3433 2186 3504 regali
2219 3431 2375 3486 Judae
2426 3431 2590 3485 tribui
2650 3429 3010 3485 sacerdotalis
3056 3430 3186 3486 Levi
3233 3433 3412 3489 tribus
3455 3434 3600 3489 facta

2017 3532 2136 3578 erat
2166 3523 2361 3583 allinis,
2386 3539 2453 3578 ex
2486 3536 2594 3592 quo
2618 3519 2916 3577 Naassonis
2972 3539 3215 3579 sororem
3266 3522 3598 3580 Elisahetam

2018 3612 2172 3666 duxit
2201 3613 2384 3665 Aaron
2415 3626 2640 3665 uxorem
2678 3610 2744 3677 “,
2783 3626 3087 3683 rursusque
3133 3612 3362 3668 Eleazar
3413 3615 3604 3668 Phati-

2022 3703 2163 3758 helis
2198 3702 2360 3756 tiliam
2387 3703 2456 3767 °',
2507 3702 2660 3772 prole
2695 3701 2821 3758 inde
2860 3710 3137 3773 suscepta.
3189 3702 3332 3775 Ergo
3365 3719 3600 3776 evange-

2019 3795 2161 3851 lista:
2195 3795 2408 3849 mentiti
2463 3801 2614 3858 sunt,
2651 3793 2780 3848 dum
2831 3809 2943 3849 non
2983 3795 3267 3850 veritatem
3316 3806 3596 3864 asserunt,

2018 3890 2114 3946 sed
2157 3891 2470 3945 simulatam
2498 3890 2713 3944 laudem
2752 3909 2765 3944 :
2799 3889 2960 3959 cujus
2991 3891 3070 3946 rei
3101 3905 3290 3954 causa,
3317 3892 3451 3945 alter
3474 3893 3598 3962 qui-

2018 3981 2139 4036 dem
2180 3997 2278 4052 per
2320 3981 2669 4036 Salomonem
2703 3996 2733 4034 a
2766 3981 2972 4037 Davide
2995 3980 3186 4036 Jacobi
3207 3981 3450 4052 ,stirpem
3479 3992 3595 4036 tra-

2019 4074 2120 4138 xit,
2149 4075 2240 4144 qui
2277 4074 2379 4128 fuit
2405 4074 2629 4144 Josephi
2665 4081 2820 4144 pater
2862 4091 2877 4129 :
2910 4074 3050 4128 alter
3083 4082 3264 4130 autem
3294 4090 3323 4127 a
3346 4074 3598 4129 Nathauo

2021 4165 2240 4222 Davidis
2291 4169 2400 4222 lilio
2448 4166 2622 4222 Helim
2679 4166 2907 4222 deduxit
2941 4164 3166 4235 Josephi
3217 4169 3444 4235 pariter,
3500 4169 3593 4221 sed

2018 4259 2124 4312 alia
2155 4260 2389 4323 ratione,
2425 4265 2658 4327 patrem.
2681 4257 2845 4326 Atqui
2872 4272 2967 4312 eos
3003 4257 3254 4327 ignorare
3288 4273 3397 4312 non
3434 4275 3598 4328 opm-—

2018 4352 2186 4418 tebat,
2217 4359 2514 4420 utrumque
2543 4358 2951 4404 numeratorum
2993 4349 3278 4404 hominum
3325 4349 3594 4417 ordinem,

2017 4459 2193 4512 genus
2226 4457 2350 4498 esse
2380 4440 2623 4504 Davidis,
2669 4440 2822 4495 Juda:
2873 4456 3068 4510 nempe
3117 4429 3594 4511 regiam'trihum.

2019 4535 2241 4588 Etiamsi
2280 4534 2426 4588 enim
2471 4533 2736 4603 prepheta
2790 4533 3075 4588 Nathanus
3123 4533 3248 4598 fuit,
3277 4540 3332 4588 et
3376 4533 3595 4604 quidem

2013 4628 2174 4681 etiam
2209 4626 2560 4689 Salomon,et
2579 4625 2772 4679 herum
2798 4626 3085 4695 utriusque
3115 4640 3314 4696 parens
3345 4624 3594 4697 (David):

2013 4733 2079 4771 ex
2110 4717 2298 4772 multis
2330 4731 2462 4772 sane
2483 4716 2740 4772 tribubus
2768 4717 3030 4772 exstitere
3051 4717 3363 4788 prophetae;
3386 4717 3479 4771 sed
3511 4725 3598 4769 ta-

2013 4825 2136 4864 men
2175 4809 2488 4864 sacerdotes
2541 4809 2678 4863 nulli
2727 4807 2950 4864 fuerunt
2997 4825 3061 4865 ex
3098 4810 3245 4863 nulla
3300 4808 3588 4864 duodecim

2011 4899 2278 4964 tribuum,
2307 4899 2400 4954 sed
2432 4899 2534 4954 soli
2569 4899 2793 4955 Levitte.
2836 4899 3063 4956 Frustra
3098 4900 3263 4971 igitur
3287 4899 3591 4970 composita

2016 4989 2085 5043 ab
2114 4990 2223 5045 illis
2252 4989 2357 5045 fuit
2393 4991 2509 5046 haec
2547 4990 2796 5056 falsitas;
2830 5007 3008 5062 neque
3037 4991 3350 5062 praevalebit
3399 4991 3592 5059 hujus-

2018 5081 2165 5136 modi
2190 5097 2371 5138 sermo
2395 5083 2451 5138 in
2497 5082 2706 5140 Christi
2744 5083 2988 5140 Ecclesia
3027 5090 3218 5138 contra
3275 5089 3588 5135 accuratam

2015 5174 2322 5241 veritatem,
2353 5190 2550 5248 nempe
2580 5184 2640 5231 ut
2685 5175 3029 5233 mendacium
3069 5173 3485 5230 eonsarcinetur
3522 5172 3590 5226 ad

2007 5404 2222 5460 Etenim
2258 5403 2314 5458 in
2362 5403 2552 5459 Veneti
2598 5417 2816 5472 quoque
2859 5400 3128 5472 Gallandii
3181 5399 3588 5472 diligentissimi

2009 5475 2252 5530 hominis
2292 5471 2628 5529 Bibliotheca
2648 5471 2878 5526 Patrum
2917 5481 2954 5524 t.
2983 5471 3046 5534 ll,
3076 5488 3128 5542 p.
3156 5471 3282 5536 558,
3306 5471 3586 5542 acephala

2008 5555 2094 5600 est
2130 5547 2243 5600 haec
2274 5547 2527 5615 epistola,
2559 5545 2689 5612 quia
2717 5550 2879 5612 caput
2908 5543 3030 5612 ejus
3068 5541 3248 5597 adhuc
3282 5541 3465 5595 linteis
3495 5555 3587 5595 co-

2007 5617 2190 5670 dicum
2226 5617 2541 5671 obvolutum
2569 5621 2708 5668 erat.

2080 5686 2192 5758 (49)
2232 5687 2290 5740 ln
2325 5683 2802 5758 epitome_eodex‘
2824 5682 3259 5758 habetromnino
3295 5682 3355 5758 οὐ
3390 5682 3590 5748 δεῖνες,

2009 5753 2102 5815 sed
2130 5753 2311 5813 veram
2335 5753 2481 5810 nunc
2501 5753 2656 5809 vides
2681 5753 2968 5810 lectionem
3003 5754 3064 5820 ἐξ
3095 5755 3371 5825 οὐδεμιᾶς,
