4106 6430
482 371 588 427 961

1159 361 1428 418 EUSEBI!
1465 348 1944 417 CESARIENSI'S
1981 347 2132 412 OPP.
2174 343 2357 406 PARS
2411 349 2590 406 lll.--
2621 339 3028 404 EXEGETICA.

3630 343 3737 402 968

481 492 688 549 Christi
719 490 933 546 laudem
967 498 1130 558 atque
1161 485 1514 556 praeconium.
1544 483 1678 549 Quis
1711 496 1839 536 vero
1871 489 1924 535 et
1962 480 2047 534 illa

2160 493 2251 549 ρος
2273 475 2450 547 ήμῶν,
2479 473 2572 527 καὶ
2600 469 3067 542 διῖσχυριζομένου
3087 485 3185 538 την
3207 459 3482 538 ἀλήθειαν,
3520 465 3738 536 μεγάλῳ

483 585 659 640 nescit
692 581 1065 638 sacratissima
1094 579 1341 650 Apostoli
1383 577 1550 632 verba
1598 575 2055 630 resurrectionem

483 672 794 730 Servatoris
863 671 1040 726 nostri
1099 667 1451 740 praedicantis
1513 677 1678 735 atque
1729 663 2056 728 nuntiantis,

479 767 668 835 reique
690 764 969 817 veritatem
998 775 1194 832 magno
1216 775 1340 813 cum
1369 773 1568 829 pavore
1590 753 1907 811 adﬁrmantis
1928 755 2055 809 dum

480 857 557 911 ait
590 858 636 891 ⁸⁸
669 879 680 909 ;
717 854 773 908 Si
805 851 1082 908 Christum
1121 850 1494 906 resurrexisse
1558 849 1780 918 quidam
1833 857 2054 917 negant.

479 960 582 1004 nos
623 955 805 1002 autem
837 947 1141 1000 asserimus
1168 954 1332 1014 atque
1363 943 1664 1002 credimus,
1688 955 1972 1011 speramus
1994 954 2058 992 ac

480 1039 863 1110 praedicamus,
893 1039 1011 1094 falsi
1043 1047 1212 1093 testes
1259 1035 1353 1089 Dei
1401 1049 1619 1097 sumus,
1651 1033 1796 1102 quod
1825 1034 2059 1088 suscita-

479 1125 620 1181 verit
646 1125 948 1186 Christum.
976 1141 1137 1194 quem
1178 1139 1284 1178 non
1318 1124 1626 1179 suscitavit.
1660 1121 1814 1187 Quod
1849 1123 1893 1177 si
1923 1122 2058 1176 adeo

481 1215 569 1270 hic
598 1215 690 1285 qui
713 1213 882 1270 Deum
915 1214 1134 1268 Patrem
1162 1214 1417 1275 honorat,
1442 1213 1759 1266 nemendax
1785 1212 2052 1273 videatur,

477 1308 655 1373 timet,
680 1307 809 1377 quia
847 1322 958 1362 rem
991 1307 1184 1359 miram
1219 1313 1444 1369 narrat;
1474 1319 1575 1358 cur
1606 1319 1714 1357 non
1765 1303 1959 1357 merito
1989 1304 2057 1358 ti-

478 1406 627 1454 meat
657 1397 912 1469 quisquis
947 1397 1086 1452 falso
1111 1410 1366 1452 sermone
1394 1396 1676 1449 veritatem
1700 1395 1816 1447 vult
1843 1393 2057 1448 stabili-

479 1507 561 1556 re,
595 1507 708 1546 non
741 1503 922 1544 veram
952 1487 1278 1543 sententiam
1319 1487 1660 1540 concinnans
1680 1487 1704 1538 ?
1725 1484 1858 1538 Nam
1879 1487 1927 1541 si
1964 1501 2054 1556 ge-

477 1584 792 1639 nerationes
819 1579 914 1634 abl
933 1579 1179 1640 uderent,
1201 1578 1441 1647 nihilque
1462 1578 1704 1646 germani
1732 1577 1956 1632 seminis
1977 1578 2045 1632 ad

475 1668 777 1742 Iosephum
802 1669 1168 1731 conferretur,
1195 1667 1288 1722 sed
1312 1683 1374 1720 ea
1412 1680 1500 1722 res
1542 1667 1608 1720 ad
1638 1666 1901 1722 fulcimen
1931 1677 2054 1722 tan-

475 1761 759 1818 tummodo
785 1762 1052 1816 nascituri
1078 1761 1220 1814 dicta
1251 1767 1416 1821 esset,
1447 1774 1642 1828 nempe
1671 1757 1815 1829 quod
1849 1775 1942 1814 rex
1969 1767 2052 1812 at-

2159 568 2308 638 φόϐῳ
2330 567 2600 634 λέγοντος,
2633 565 2715 616 ὅτι
2746 565 2793 615 εἰ
2824 561 3056 633 Χριστὸν
3079 558 3294 627 λέγουσι
3325 575 3469 620 τινες
3505 558 3578 628 μὴ
3608 559 3737 626 ἐγη-

2159 659 2373 731 γέρθαι,
2406 659 2569 729 ἡμεῖς
2600 655 2655 709 δὲ
2690 655 2848 708 τοῦτο
2892 654 2986 706 καὶ
3023 653 3199 723 φαμὲν
3228 644 3323 703 καὶ
3364 648 3736 733 πεπισζτεύκαά

2163 769 2282 823 μεν,
2313 751 2405 804 καὶ
2433 747 2562 803 αὐτὸ
2592 748 2688 800 καὶ
2712 743 3003 814 ἐλπίζομεν
3037 743 3130 796 καὶ
3162 742 3528 813 κηρύσσομεν,
3563 747 3736 792 κατα-

2157 839 2706 914 ψεύδομαρτυροῦμεν
2731 835 3013 908 τοῦΙΘεοῦ,
3049 836 3128 888 ὅτι
3154 835 3343 905 ἤγειρε
3373 833 3464 885 τὸν
3501 831 3736 902 Χριστὸν

2157 936 2216 989 ὂν
2257 937 2357 988 οὐκ
2396 935 2644 1004 ἤγειρεν·
2681 933 2728 984 εἰ
2759 930 2814 983 δὲ
2854 928 3026 991 οὕτως
3062 928 3090 980 ὁ
3129 922 3422 994 δοξολογῶν
3467 924 3600 978 Θεὸν
3625 925 3738 978 Παε-

2157 1025 2312 1099 τέρα,
2346 1025 2550 1078 δέδοικε
2585 1022 2659 1094 μὴ
2677 1019 2995 1092 ψευδολόγος
3015 1018 3219 1087 δοκοίη,
3254 1017 3412 1089 ἔργον
3433 1014 3735 1088 παράδοξον

2155 1117 2527 1190 διηγούμενος,
2573 1114 2690 1177 πῶς
2720 1113 2818 1166 οὐκ
2859 1111 2925 1164 ἂν
2956 1108 3178 1174 δικαίως
3211 1108 3495 1179 φοϐηθείη,
3529 1110 3611 1161 ὅτι
3642 1107 3734 1161 διὰ

2154 1211 2501 1282 ψευδολογίας
2544 1208 2801 1278 ἀληθείας
2841 1205 3098 1258 σύστασιν
3141 1197 3521 1275 ποριζόμενος,
3575 1201 3731 1268 δόξαν

2155 1301 2254 1358 οὐκ
2297 1302 2470 1374 ἀληθῆ
2511 1299 2806 1363 συντιθείς;
2839 1300 2901 1352 Et
2929 1298 3037 1369 γὰρ
3079 1296 3146 1348 τὰ
3186 1297 3315 1366 γένη
3349 1294 3600 1364 διάφορα,
3638 1292 3736 1346 καὶ

2160 1394 2326 1466 μηδὲν
2351 1388 2651 1461 καταφέρει
2678 1389 2899 1459 γνήσιον
2929 1387 3146 1456 σπέρμα
3175 1385 3268 1438 ἐπὶ
3285 1378 3376 1438 τον
3412 1383 3630 1454 Ἰωσὴφ,
3659 1385 3737 1436 εἷ-

2158 1497 2312 1557 ρηται
2341 1483 2398 1539 δὲ
2421 1478 2578 1555 μόνον
2610 1483 2688 1546 εἰς
2710 1474 2964 1535 σύστασιν
3003 1479 3095 1532 τοῦ
3128 1477 3617 1548 γεννηθησομένου,
3650 1477 3733 1529 ὃτι

2156 1576 2410 1648 βασιλεὺς
2447 1575 2542 1628 καὶ
2573 1574 2750 1646 ἱερεὺς
2778 1572 2928 1624 ἔσται
2954 1571 2982 1622 ὁ
3005 1572 3278 1640 ἐσόμενος,
3307 1565 3630 1631 ἀποδείξεως
3657 1567 3732 1637 μὴ

2153 1667 2480 1740 προσούσης,
2511 1664 2646 1720 ἀλλά
2666 1665 2766 1734 τῆς
2785 1663 2894 1716 τῶν
2917 1662 3087 1731 λόγων
3108 1662 3436 1731 σεμνότητος
3457 1660 3538 1722 εἰς
3565 1657 3731 1728 ὕμνον

2153 1758 2359 1830 ἀδρανῆ
2394 1757 2720 1828 φερομένης,
2754 1754 2910 1824 δῆλον
2938 1754 3015 1817 ὡς
3034 1752 3128 1807 τοῦ
3157 1753 3291 1806 Θεοῦ
3326 1753 3424 1822 μὲν
3450 1754 3482 1804 ὁ
3511 1751 3730 1813 ἔπαινος

476 1869 584 1925 que
619 1852 874 1910 sacerdos
910 1851 1050 1906 foret
1080 1851 1126 1905 is
1157 1849 1250 1920 qui
1287 1860 1552 1904 venturus
1586 1859 1726 1913 erat,
1761 1851 2046 1905 deliciente

2151 1851 2247 1937 ούχ
2282 1849 2532 1911 ἅπτεται,
2574 1847 2769 1918 ψεῦδος
2801 1844 2875 1899 ὢν
2899 1863 2912 1876 ο
2949 1845 3130 1917 κρίσις
3159 1844 3215 1897 δὲ
3245 1845 3324 1914 τῷ
3362 1844 3628 1916 εἰρηκότι,
3667 1844 3730 1897 τδ

474 1944 817 2015 probatione,
875 1951 1095 2011 tetoque
1144 1941 1410 1996 orationis
1467 1951 1664 1996 ornatu
1717 1941 1772 1995 in
1836 1942 2044 1996 {utilem

2153 1942 2252 1994 οὐκ
2284 1939 2363 2002 ὃν,
2397 1939 2472 2002 ὡς
2508 1938 2568 1991 ὃν
2600 1937 2942 2009 κομπάσαντι
2973 1937 3105 2008 (50).

478 2038 740 2109 hymnum
797 2035 1101 2100 desinente,
1168 2035 1372 2088 nullam
1414 2035 1542 2089 hinc
1572 2036 1787 2089 laudem
1852 2034 1962 2090 Deo
2027 2036 2287 2090 accedere
2332 2035 2671 2103 exploratum
2714 2031 2788 2095 fit,
2828 2032 2955 2102 quia
3007 2040 3181 2087 totum
3221 2031 3564 2086 mendacium
3600 2037 3726 2096 est;

476 2129 574 2186 sed
604 2127 1012 2188 damnationem
1044 2128 1227 2198 potius
1255 2128 1456 2182 dicenti
1481 2127 1726 2193 conﬂari,
1747 2129 1874 2198 quia
1905 2128 2050 2198 quod
2088 2127 2222 2182 nihil
2246 2136 2352 2190 est,
2389 2125 2594 2196 aliquid
2623 2140 2747 2179 esse
2773 2125 3020 2195 jactavit.

545 2241 599 2298 9.
631 2241 890 2298 Davidem
930 2240 1214 2299 Matthaeus
1235 2261 1452 2314 quoque
1478 2253 1607 2300 ante
1646 2245 1782 2301 alios
1809 2247 1862 2300 in
1895 2246 2044 2300 ordi-

474 2350 543 2389 ne
563 2335 746 2405 posuit
772 2334 829 2388 iu
861 2350 958 2388 sua
991 2337 1326 2407 genealogia,
1351 2338 1481 2406 quia
1519 2336 1706 2392 Davidi
1754 2337 1930 2408 primo
1957 2353 2047 2392 50-

474 2427 622 2496 lique
660 2425 821 2480 ﬁrmo
862 2425 1221 2496 jurejurando
1258 2429 1581 2499 praedixerat
1631 2427 1775 2484 Deus
1830 2429 1946 2485 fore
1986 2441 2049 2484 ut

472 2533 541 2573 ex
590 2518 683 2571 illo
750 2526 1074 2572 nasceretur
1132 2520 1431 2575 secundum
1487 2535 1706 2575 carnem
1769 2520 2042 2577 Christus.

476 2606 752 2677 Scriptum
780 2616 867 2662 est
889 2608 1054 2679 igitur
1080 2626 1093 2662 :
1124 2628 1142 2660 ‹
1171 2608 1382 2665 Iuravit
1410 2609 1672 2666 Dominus
1697 2610 1885 2665 Davidi
1913 2613 2050 2666 veri-

473 2689 664 2762 tatem,
699 2706 754 2752 et
798 2713 909 2751 non
943 2696 1302 2753 frustrabitur
1348 2715 1468 2754 eam
1502 2701 1607 2755 :de
1632 2701 1812 2756 fructu
1841 2704 2047 2758 ventris

473 2788 556 2842 tui
603 2803 802 2858 ponam
849 2803 1014 2860 super
1043 2789 1299 2844 thronum
1353 2798 1505 2844 tuum
1536 2792 1602 2845 ".
1650 2810 1668 2842 ι
1705 2790 1771 2844 Et
1808 2807 2044 2848 rursus:

477 2897 500 2929 ί
531 2876 718 2934 Juravi
742 2878 932 2934 Davidi
953 2895 1112 2935 servo
1143 2895 1284 2944 meo,
1314 2896 1487 2950 usque
1516 2881 1572 2935 in
1607 2891 1870 2936 aeternum
1899 2897 2049 2952 para-

473 2970 542 3026 bo
569 2986 755 3026 semen
779 2979 934 3024 tuum
959 2971 1025 3023 ⁸⁸.
1069 2991 1087 3024 ι
1133 2970 1197 3023 Et
1221 2972 1278 3026 in
1313 2971 1744 3044 Paralipomenis
1773 2995 1785 3029 :
1826 2994 1843 3026 ι
1879 2975 2042 3030 Cum-

472 3078 581 3133 que
603 3063 858 3133 completi
881 3062 1084 3116 fuerint
1106 3063 1224 3119 dies
1247 3065 1345 3129 tui,
1378 3073 1435 3117 ut
1457 3065 1696 3121 dormias
1717 3083 1840 3121 cum
1870 3070 2043 3137 patri-

2223 2242 2286 2298 θ’.
2316 2244 2419 2296 Τὸν
2451 2243 2615 2297 Δαυῖδ
2640 2243 2746 2314 πρὸ
2777 2242 2883 2296 τῶν
2904 2243 3076 2297 ἄλλων
3105 2241 3198 2294 καὶ
3236 2240 3510 2303 Ματθαῖος
3542 2239 3729 2308 ἔταξεν

2151 2337 2210 2390 ἐν
2240 2339 2305 2407 τῇ
2343 2338 2460 2389 κατ’
2487 2335 2649 2389 αὑτὸν
2681 2335 3015 2404 γενεαλογίᾳ,
3048 2332 3235 2403 ἐπειδὴ
3270 2333 3362 2386 καὶ
3410 2331 3610 2404 πρώτῳ
3638 2333 3731 2386 καὶ

2155 2431 2300 2499 μόνῳ
2329 2428 2408 2498 τῷ
2452 2427 2622 2480 Δαυῖδ
2653 2427 2770 2498 μεθ’
2803 2428 2966 2498 ὅρκου
3003 2425 3433 2489 δια6ε6αἰώσεως
3474 2424 3532 2490 ἐξ
3565 2423 3730 2478 αὑτοῦ

2153 2521 2294 2574 κατὰ
2319 2520 2496 2591 σάρκα
2529 2518 2691 2589 φῦναι
2728 2521 2755 2572 ὁ
2777 2515 3008 2590 Χριστὸς
3037 2517 3380 2582 ἐθεσπίζετο·
3416 2516 3728 2588 γέγραπται

2153 2611 2300 2680 γοῦν
2334 2631 2351 2662 ι
2380 2613 2582 2682 Ὤμοσε
2612 2609 2807 2683 Κύριος
2829 2610 2906 2680 τῷ
2941 2606 3101 2662 Δαυῒδ
3132 2609 3406 2680 ἀλήθειαν,
3439 2609 3535 2662 καὶ
3556 2609 3615 2660 οὐ
3656 2608 3730 2677 μὴ

2153 2703 2387 2775 ἀθετήσῃ
2419 2703 2585 2774 αὐτήν
2607 2719 2621 2732 ·
2657 2705 2720 2755 ἐκ
2751 2700 2962 2774 καρποῦ
3001 2701 3098 2771 τῆς
3129 2700 3336 2773 κοιλίας
3368 2717 3460 2753 σου
3499 2699 3728 2770 θήσομαι

2152 2793 2246 2846 ἐπὶ
2266 2794 2358 2847 τὸν
2385 2793 2570 2866 θρόνον
2603 2810 2715 2846 σου.
2753 2811 2772 2845 ι
2811 2793 2922 2846 Kal
2956 2791 3137 2845 πάλιν·
3175 2809 3196 2844 ι
3237 2793 3448 2863 Ὤμοσα
3466 2789 3631 2844 Δαυῖδ
3652 2788 3728 2860 τῷ

2151 2882 2321 2954 δούλῳ
2371 2901 2491 2954 μου,
2531 2883 2635 2946 ἓως
2679 2882 2773 2935 τοῦ
2828 2882 3021 2946 αἰῶνος
3063 2882 3335 2953 ἑτοιμάσω
3388 2883 3452 2936 τὸ
3507 2883 3728 2954 σπέρμα

2153 2991 2270 3029 σου.
2313 2995 2332 3029 ι
2376 2977 2486 3030 Kal
2529 2977 2587 3028 ἐν
2639 2977 3169 3047 Παραλειπομένοις·
3207 2996 3226 3029 ι
3264 2978 3372 3030 Kal
3411 2976 3561 3029 ἐσται
3600 2977 3728 3028 ὅταν

2152 3066 2507 3138 πληρωθῶσιν
2537 3067 2593 3119 αἱ
2618 3068 2819 3138 ἡμέραι
2850 3083 2964 3130 σου,
2992 3067 3085 3118 καὶ
3112 3066 3418 3138 κοιμηθήσῃ
3454 3063 3593 3135 μετά
3618 3065 3727 3120 τῶν

473 3155 575 3210 bus
623 3155 756 3217 tuis,
791 3155 1071 3209 suscitabo
1107 3171 1293 3211 semen
1354 3163 1512 3211 tuum
1563 3170 1687 3228 post
1717 3169 1789 3223 te,
1837 3161 2047 3231 eritque

2151 3159 2405 3229 πατέρων
2435 3175 2552 3221 σου,
2588 3159 2682 3212 καλ⁸
2709 3159 2999 3230 ἀναστήσω
3027 3160 3089 3212 τὸ
3123 3159 3343 3230 σπέρμα
3365 3175 3456 3210 σου
3486 3156 3621 3228 μετά
3641 3155 3722 3220 σὲ,

481 3245 628 3300 ﬁlius
667 3245 735 3300 de
768 3255 958 3300 ventre
989 3256 1102 3310 tuo,
1152 3256 1208 3302 et
1271 3249 1544 3304 stabiliam
1600 3266 1827 3320 regnum
1882 3253 2040 3320 ejus:

473 3333 593 3403 ipse
637 3333 772 3387 mihi
814 3334 1102 3388 tediﬁcabit
1139 3335 1383 3400 domum,
1429 3345 1483 3392 et
1529 3339 1732 3410 erigam
1787 3342 2043 3396 thronum

473 3426 594 3494 ejus
619 3441 793 3496 usque
831 3427 887 3480 in
921 3427 1333 3497 sempiternum.
1385 3430 1496 3501 Ego
1529 3447 1625 3486 ero
1677 3433 1752 3487 illi
1786 3433 1967 3498 Pater,
1992 3445 2046 3490 et

472 3516 590 3585 ipse
621 3516 755 3569 mihi
789 3515 886 3570 ﬁlii
917 3517 1087 3572 instar
1126 3518 1192 3573 “.
1228 3537 1248 3571 ι
1301 3518 1516 3575 Similia
1560 3522 1646 3578 his
1703 3525 1759 3577 in
1803 3525 2044 3580 secundo

469 3621 690 3678 quoque
721 3605 1032 3678 Regnorum
1068 3608 1212 3664 libro
1235 3611 1552 3665 scribuntur
1580 3614 1644 3668 7°.
1691 3615 1795 3669 Sed
1831 3631 1894 3670 ea
1921 3615 2045 3686 qui-

469 3696 594 3752 dem
631 3697 696 3750 ad
731 3696 1080 3755 Salomonem
1118 3700 1261 3754 trahi
1297 3711 1534 3771 queunt;
1564 3719 1752 3758 verum
1786 3706 1898 3761 haec
1922 3723 2044 3777 quae

469 3788 527 3843 in
557 3790 807 3846 manibus
832 3798 983 3853 sunt,
1008 3791 1144 3845 nihil
1170 3808 1398 3862 prorsus
1429 3794 1498 3848 ad
1533 3795 1882 3853 Salomonem
1917 3801 2041 3854 atti-

468 3892 617 3940 nere,
647 3879 728 3934 sic
775 3880 901 3935 licet
946 3895 1298 3952 cognoscere.
1340 3883 1525 3941 Multis
1572 3897 1696 3956 post
1733 3887 2042 3945 Salomonis

465 3968 676 4023 obitum
705 3971 867 4026 annis
899 3973 1230 4042 prophetans
1262 3973 1452 4042 Isaias,
1493 3977 1606 4031 haec
1647 3979 1716 4034 de
1749 3980 1935 4036 futuro
1975 3999 2039 4036 ex

466 4059 688 4116 Davidis
727 4063 933 4118 semine
975 4065 1416 4122 vaticinabatur:
1454 4087 1471 4120 ι
1529 4068 1854 4139 Egredietur
1890 4075 2039 4143 virga

465 4153 535 4209 de
561 4153 746 4208 radice
778 4153 948 4210 Jessaa
987 4156 1113 4226 (fuit
1139 4157 1226 4211 hic
1251 4157 1472 4216 Davidis
1488 4163 1730 4235 parens),
1763 4173 1817 4219 et
1845 4165 1944 4221 llos
1971 4167 2039 4222 de

2145 3250 2205 3313 ὃς
2234 3249 2385 3303 ἔσται
2411 3252 2476 3304 ἐκ
2503 3252 2601 3321 τῆς
2627 3252 2831 3316 κοιλίας
2864 3269 2976 3316 σου,
3015 3252 3108 3305 καὶ
3147 3251 3418 3321 ἑτοιμάσω
3447 3249 3545 3321 τὴν
3575 3248 3725 3318 βασι-

2145 3337 2293 3392 λείαν
2319 3339 2512 3392 αὐτοῦ·
2543 3341 2702 3404 αὐτὸς
2735 3341 3072 3412 οἰκοδομήσει
3109 3358 3198 3412 μοι
3238 3338 3382 3394 οἷκον
3402 3356 3415 3368 ⁶
3453 3341 3548 3394 καὶ
3569 3341 3725 3410 ἀνορ-

2146 3429 2303 3484 θώσω
2327 3430 2416 3484 τὸν
2444 3431 2631 3503 θρόνον
2665 3433 2826 3486 αὐτοῦ
2861 3435 2966 3498 ἕως
3007 3437 3087 3497 εἰς
3118 3433 3208 3488 τὸν
3235 3433 3406 3486 αἰῶνα
3424 3449 3438 3462 ο
3473 3431 3585 3501 ἐγὼ
3611 3432 3728 3484 ἔσο-ι

2148 3539 2242 3591 μαι
2271 3522 2418 3592 αὐτῷ
2437 3525 2516 3586 είς
2542 3524 2781 3596 Πατέρα,
2806 3524 2902 3578 καὶ
2923 3525 3086 3589 αὐτὸς
3118 3525 3268 3578 ἔσται
3297 3541 3383 3595 μοι
3413 3525 3491 3586 εἰς
3526 3523 3662 3578 υἱόν.
3703 3543 3721 3572 ι

2145 3611 2226 3664 Τά
2256 3613 2415 3683 ὅμοια
2460 3614 2666 3678 τούτοις
2709 3617 2803 3668 καὶ
2836 3618 2892 3669 ἐν
2922 3619 2987 3687 τῇ
3021 3615 3248 3688 δευτέρᾳ
3290 3616 3396 3668 τῶν
3431 3615 3726 3669 Βασιλειῶν

2143 3704 2401 3774 φέρεται·
2429 3705 2541 3758 ἀλλ’
2574 3708 2754 3760 ἐκεῖνα
2782 3708 2879 3778 μὲν
2913 3708 3020 3762 κᾶν
3049 3707 3330 3778 ἐλκυσθείη
3372 3707 3464 3760 ἐπὶ
3503 3708 3595 3760 τὸν
3631 3708 3725 3760 Σοι

2141 3795 2378 3866 λομῶνα,
2406 3798 2476 3850 τὰ
2501 3798 2545 3850 δ’
2567 3802 2624 3852 ἐν
2653 3801 2840 3872 χερσὶν
2881 3801 2961 3854 ὅτι
2993 3801 3258 3872 μηδεμίαν
3291 3800 3401 3870 ἔχει
3433 3801 3720 3871 κοινότητα

2142 3889 2277 3960 πρὸς
2299 3889 2606 3961 Σολομῶνα,
2636 3886 2726 3945 ὧδ’
2752 3894 2815 3947 ἄν
2842 3911 2926 3956 τις
2964 3893 3288 3964 καταμάθοι.
3320 3893 3476 3947 Μετά
3506 3894 3604 3964 τὴν
3627 3895 3720 3946 Σο·-

2139 3981 2378 4051 λομῶνος
2434 3983 2718 4056 τελευτὴν,
2752 3985 2966 4050 πολλοῖς
2995 3984 3219 4057 ὕστερον
3267 3986 3478 4058 χρόνοις
3509 4003 3720 4057 προφη-

2139 4069 2308 4123 τεύων
2337 4071 2582 4137 Ἡσαΐας,
2607 4074 2783 4127 τοιάδε
2807 4077 2934 4146 περὶ
2962 4074 3053 4127 τοῦ
3075 4075 3438 4144 γενησομένου
3462 4076 3527 4128 ἐκ
3555 4077 3719 4147 σπέρ-

2141 4180 2309 4233 ματος
2341 4165 2506 4218 Δαυῒδ
2539 4167 2932 4238 προκηρύττει·
2971 4188 2990 4220 ι
3037 4169 3402 4235 Ἑξελεύσεται
3433 4169 3623 4240 ῥάϐδος
3648 4172 3712 4222 ἐκ

463 4243 651 4298 radice
683 4244 804 4313 ejus
836 4247 1115 4302 ascendet.
1162 4246 1229 4300 Et
1275 4250 1381 4303 erit
1424 4253 1581 4307 radix
1631 4252 1821 4319 Jessaa,
1857 4265 1910 4310 et
1942 4259 2036 4326 qui

2151 4255 2234 4325 τῆς
2279 4255 2434 4328 ῥίζης
2484 4259 2717 4311 Ἰεσσαί·
2751 4260 2955 4332 (πατὴρ
2992 4261 3049 4315 δὲ
3094 4258 3162 4333 ἦν
3201 4257 3354 4325 οὗτος
3395 4261 3488 4314 τοῦ
3529 4260 3712 4332 aqua)

462 4335 749 4404 consurgit
784 4335 851 4389 ad
879 4337 1256 4406 imperandum
1282 4343 1536 4412 gentibus
1568 4361 1583 4399 :
1624 4344 1679 4398 in
1707 4345 1827 4415 ipso
1846 4355 2035 4417 gentes

2151 4352 2229 4404 cal
2252 4351 2410 4418 ἄνθος
2436 4356 2500 4408 ἐκ
2529 4355 2629 4424 τῆς
2663 4355 2820 4427 ῥίζης
2839 4356 3166 4429 ἀναϐήσεται
3186 4374 3201 4388 ⁸
3229 4359 3322 4411 καὶ
3348 4358 3498 4412 ἔσται
3523 4360 3554 4428 ή
3589 4355 3714 4428 ῥίζα

461 4427 760 4495 sperabunt
804 4429 871 4480 '“.
918 4446 936 4479 ι
979 4427 1054 4484 De
1082 4431 1356 4499 promisso
1397 4442 1578 4490 autem
1615 4433 1802 4492 Davidi
1835 4439 2034 4495 throno

2151 4441 2228 4494 τοῦ
2266 4443 2484 4508 Ἰεσσαὶ,
2519 4447 2614 4498 καὶ
2660 4447 2689 4499 ό
2733 4427 3091 4518 ἀνιστάμενος
3137 4448 3324 4521 ἄρχειν
3374 4427 3598 4502 ἐθνῶν(
3625 4448 3714 4502 ἐπ’

462 4518 570 4572 tale
616 4519 899 4573 oraculum
931 4531 1015 4575 est
1044 4541 1056 4576 :
1095 4541 1113 4572 ‹
1158 4522 1426 4581 Parvulus
1457 4539 1620 4584 natus
1648 4540 1731 4584 est
1760 4532 1940 4597 nobis,
1977 4544 2028 4589 et

2151 4531 2283 4602 ιύτῷ
2316 4533 2441 4607 ἔθνη
2493 4537 2758 4592 ἐλπιοῦσι.
2805 4557 2823 4590 ι
2861 4540 2971 4592 Καὶ
2996 4539 3124 4611 περὶ
3167 4518 3259 4592 τοῦ
3303 4539 3714 4612 ἐπηγγελμένον

459 4608 603 4665 filius
633 4609 793 4666 datus
832 4619 916 4666 est
944 4613 1122 4678 nobis,
1153 4616 1311 4685 cujus
1342 4618 1686 4689 principatus
1729 4637 1896 4692 super
1925 4623 2029 4677 hu-

2151 4623 2190 4676 ἱέ
2221 4625 2300 4697 τῷ
2328 4627 2492 4682 Δαυῒδ
2521 4629 2712 4701 θρόνου
2731 4622 2830 4685 ὧδε
2854 4608 3100 4696 θεσπίζει
3121 4649 3134 4662 ·
3168 4651 3186 4686 ι
3215 4608 3429 4686 Παιδίον
3451 4608 3714 4705 ἐγεννήθη

456 4717 665 4758 merum
694 4702 814 4772 ejus
840 4722 853 4756 :
887 4711 1223 4776 vocaturque
1250 4722 1450 4764 nomen
1483 4710 1605 4780 ejus
1641 4712 1824 4782 magni
1853 4714 2031 4769 consi—

2151 4717 2283 4787 ιιμῖν,
2327 4719 2442 4782 υἱὸς
2473 4722 2565 4774 καὶ
2602 4723 2758 4794 ἐδόθη
2782 4725 2932 4796 ἡμῖν,
2961 4717 3022 4777 οὗ
3053 4726 3087 4795 ἠ
3116 4724 3257 4795 ἀρχή
3302 4725 3395 4776 ἐπὶ
3421 4723 3517 4776 τοῦ
3560 4702 3716 4793 ὤμου

455 4793 510 4847 lii
552 4792 813 4864 Angelus.
851 4793 1078 4866 Magnus
1125 4808 1208 4852 est
1242 4801 1582 4870 principatus
1611 4801 1752 4872 ejus,
1784 4813 1838 4858 et
1876 4805 2028 4874 pacis

2151 4807 2296 4860 ιύτοῦ
2317 4827 2332 4842 ·
2359 4813 2451 4864 καὶ
2482 4812 2725 4867 καλεῖται
2852 4815 3022 4886 ὄνομα
3052 4792 3222 4870 σώτῶ
3247 4792 3493 4886 μεγάλης
3520 4792 3717 4884 βουλῇ

451 4883 572 4956 ejus
621 4901 731 4940 non
777 4893 862 4941 est
900 4889 1170 4944 terminus
1205 4907 1217 4942 :
1249 4905 1414 4960 super
1467 4895 1666 4948 solium
1729 4898 1946 4952 Davidis
1974 4909 2027 4952 et

2151 4898 2430 4967 Ἀγγελοςο
2469 4902 2676 4971 μεγάλη
2705 4905 2736 4974 ή
2770 4903 2910 4975 ἀρχὴ
2948 4883 3142 4969 ἀὺτοῦ,
3192 4883 3288 4958 καὶ
3343 4883 3457 4973 τῆς-
3489 4883 3713 4976 είρήνης

452 4991 677 5046 regnum
715 4977 855 5045 ejus,
893 4988 953 5032 ut
993 4978 1048 5034 id
1101 4983 1400 5036 constituat
1431 4987 1500 5038 ".
1553 5005 1572 5036 ι
1613 4985 1674 5040 1η
1715 4991 2024 5058 suprascri-

2151 4991 2292 5044 ιὺτοῠ
2323 4993 2423 5046 οὐκ
2455 4993 2601 5047 ἔστιν
2624 4997 2768 5066 ὃριον
2786 5013 2798 5026 ·
2825 4997 2918 5048 ἐπὶ
2959 4995 3050 5049 τὸν
3082 4996 3270 5068 θρόνον
3301 4997 3463 5051 Δαυῖδ
3492 4999 3585 5051 καί
3615 4996 3710 5067 τὴν

449 5067 558 5138 ptis
593 5067 775 5137 itaque
802 5069 1006 5123 dicitur
1057 5071 1274 5141 quidem
1315 5090 1380 5128 ex
1435 5077 1619 5131 radice
1655 5077 1827 5133 Jessae
1874 5087 1929 5133 et
1957 5096 2023 5134 ex

2151 5083 2405 5138 ιασιλείαν
2451 5085 2639 5151 αὐτοῦ,
2691 5087 3034 5159 κατορθῶσαι
3079 5089 3266 5160 αὑτήν.
3299 5107 3318 5140 ι
3351 5089 3452 5142 Διὰ
3498 5089 3557 5141 δὲ
3603 5087 3704 5141 τῶν

446 5157 652 5215 Davide
681 5173 1030 5218 surrecturus
1070 5164 1289 5234 aliquis,
1319 5180 1428 5220 non
1450 5174 1562 5221 tam
1582 5166 1651 5221 ad
1685 5170 2023 5240 regnandum

2151 5174 2458 5230 ;κτεθέντων
2489 5179 2703 5250 εἴρηται
2862 5181 2944 5232 ὅτι
2981 5181 3048 5233 ἐκ,
3065 5181 3164 5251 τῆς
3199 5157 3354 5251 ῥίζης
3395 5179 3592 5233 Ἰεσσαὶ
3616 5176 3706 5233 καὶ

513 5314 563 5348 ⁸⁸
597 5316 620 5371 ῐ
651 5315 778 5373 Cor.
814 5334 903 5383 xv,
939 5317 1127 5374 12-45.
1208 5319 1252 5350 ⁸⁷
1291 5319 1435 5375 Psal.
1471 5335 1656 5381 cxxxr,
1692 5323 1779 5378 11.
1861 5323 2047 5378 “Psal

445 5383 535 5442 12.
610 5387 657 5435 ."
692 5387 798 5443 lsa.
835 5405 924 5453 ιι,
960 5389 1012 5456 1,
1051 5390 1133 5444 ιο.
1210 5391 1256 5421 ’³
1292 5390 1398 5446 lsa.
1431 5407 1520 5457 Ix,
1557 5392 1611 5458 6,
1635 5392 1688 5448 7.

2151 5343 2360 5393 :xxvm,
2381 5331 2434 5393 4,
2456 5331 2509 5387 5.
2589 5333 2630 5364 ‘9
2672 5332 2946 5403 lParalip.
2984 5348 3120 5397 xvn,
3147 5333 3238 5388 15.
3314 5335 3361 5366 ⁷ο
3383 5333 3426 5386 ll
3455 5334 3584 5403 Reg.
3607 5349 3701 5398 vn,

518 5539 630 5612 (50)
671 5539 950 5601 Hactenus
997 5543 1362 5617 fragmentum
1412 5549 1468 5602 in
1515 5549 1638 5605 cod.
1683 5547 1753 5615 A,
1791 5548 1828 5604 f.
1859 5549 1929 5606 65
1961 5551 2018 5616 b,

443 5608 701 5664 Africano
744 5615 1065 5664 nominatim
1108 5618 1452 5664 inscrinlnm-
1494 5619 1594 5664 Cui
1636 5620 1680 5664 si
1722 5621 2018 5664 anhnnnlaa

2151 5555 2192 5640 il}
2215 5556 2322 5664 γάρ
2341 5559 2411 5610 τὰ
2431 5559 2690 5664 ὀνέματα,
2715 5569 2847 5664 ego"
2875 5561 3252 5664 cumdreliqua,
3275 5568 3338 5615 ut
3359 5568 3541 5616 exstat
3563 5557 3704 5664 apud

2151 5642 2272 5664 Luco
2298 5643 2422 5664 num
2537 5642 2600 5664 ηρ
2673 5648 2685 5664 ι
2849 5647 2982 5664 ενι-ειη
3027 5633 3140 5664 ἶη-Δ
3180 5643 3333 5664 ενι-ιη.
3387 5641 3560 5664 Ιηθηηὶ
3617 5644 3704 5664 nr-

516 5619 1066 5701 ricanioﬁnom‘inatim
1108 5619 1454 5701 inscriptum.
1494 5619 1594 5701 Qui
1636 5620 2018 5701 si_subnectas
2127 5619 2422 5701 Eusebium
2477 5619 2621 5684 Hist.
2673 5619 2710 5692 ι,
2754 5631 2806 5692 7,
2836 5619 3159 5701 grandiore.
3180 5619 3354 5699 parte,
3387 5641 3560 5688 totam
3595 5619 3708 5687 for-

444 5683 946 5773 paII-ti‘clull‘arnuillarn
981 5701 1142 5773 quam
1179 5683 1515 5773 ha_b1esﬁa.pud
1557 5705 1658 5746 nos
1684 5690 1752 5773 _in
1782 5691 2019 5773 epitome
2127 5705 2274 5752 tassc
2301 5683 3237 5773 Africaniepistolamotenebimus.‘

445 5751 551 5807 col.
584 5752 713 5820 900,
746 5754 833 5806 ῑνα
857 5751 950 5808 οὖν
981 5751 1153 5828 usque
1184 5758 1250 5812 ad
1281 5751 1618 5830 ἐκθήσομαις
1647 5769 1702 5818 et
1718 5751 1843 5818 mox
1870 5764 2018 5815 ἐπει-
