4106 6434
431 365 534 420 969

1237 364 1740 421 SUPPLEMENTA
1778 361 2253 433 QUESTIONUM
2286 363 2378 416 AD
2418 362 2860 422 STEPHANUM.
2964 392 2967 403 ι

3557 340 3665 432 ενδ

431 480 526 534 τοῦ
559 482 724 537 Δαϐὶδ
771 482 1131 554 ἀναστήσεται
1178 499 1261 544 τις
1312 481 1372 535 ού
1413 481 1506 534 τοῦ
1552 480 1766 553 Ἰσραὴλ
1791 480 1971 555 ἄρχειν

2069 528 2075 542 ,
2101 479 2155 533 in
2182 476 2379 534 lsraele
2401 493 2564 548 quam
2597 479 2652 533 in
2683 480 2954 551 gentibus.
3001 479 3211 536 Dicitur
3258 490 3386 539 item
3418 486 3663 543 nascitu-

429 573 565 628 ἀλλὰ
591 574 699 632 τῶν
741 574 940 628 ἐθνῶν⁸
976 574 1185 646 εἴρηται
1223 572 1279 625 δὲ
1323 573 1406 626 ὅτι
1435 572 1825 644 γεννηθήσεται
1868 592 1998 627 παι-

426 665 556 731 δίον,
590 667 684 720 καὶ
716 664 1307 737 ὀνομασθήσεταιΥίὺς,
1337 665 1507 731 ξένοις
1534 666 1760 737 ὀνόμασι
1785 667 1880 720 καὶ
1897 668 1996 737 τὴν

426 756 728 829 ἀνθρώπων
761 759 919 828 φύσιν
949 758 1300 829 ύπεραίρουσι
1332 759 1758 831 κεκοσμημένος,
1785 760 1866 813 ὃτι
1887 777 1946 813 τε
1968 761 1997 813 6

423 845 662 912 τοιοῦτος
687 850 778 903 τὸν
800 848 987 921 θρόνον
1016 849 1180 902 Δαϐὶδ
1210 849 1562 922 ἀναλήψεται,
1590 852 1683 905 καὶ
1716 852 1813 924 τὴν
1844 853 1995 924 βασι-

423 938 572 993 λείαν
597 939 761 993 αὑτοῦ
791 939 1133 1011 κατορθῶσαι
1157 941 1348 1013 αὐτήν.

495 1050 546 1108 ι’.
585 1052 769 1107 Ταῦτα
805 1054 860 1108 δὲ
884 1054 964 1108 ὅτι
992 1055 1129 1126 μετὰ
1167 1056 1452 1127 Σολομῶνα
1476 1058 1605 1128 περὶ
1641 1058 1824 1130 ἑτέρου
1849 1060 1991 1126 τινὸς

425 1141 705 1215 μέλλοντος
734 1142 883 1215 ἥξειν
917 1149 1366 1217 προανεφωνεῖτο,
1393 1147 1552 1201 παντί
1582 1164 1659 1218 τῳ
1685 1149 1863 1219 δῆλον.
1881 1151 1992 1202 Καὶ

420 1234 592 1299 ἄλλως
624 1235 770 1289 δὲτὰ
798 1235 932 1309 πρὶς
971 1236 1059 1291 τὸν
1090 1237 1252 1291 Δαϐὶδ
1283 1237 1569 1292 ἐκτεθέντα
1617 1240 1769 1309 λόγια
1794 1243 1892 1295 οὐκ
1924 1242 1990 1297 ἂν

419 1327 786 1399 ἑφαρμόσαιεν
831 1328 1123 1399 Σολομῶνι,
1162 1329 1421 1400 ἀκριϐοῦς
1451 1331 1746 1396 ἐξετάσεως
1789 1332 1991 1403 τυγχά-

418 1430 609 1467 νοντα·
658 1416 843 1485 σαφῶς
874 1417 983 1490 γὰρ
1028 1419 1058 1471 6
1112 1417 1358 1489 χρησμὸς
1383 1418 1547 1490 δηλοῖ,
1598 1421 1677 1472 ὃτι
1712 1421 1851 1491 μετὰ
1897 1422 1990 1475 τὸν

419 1503 644 1560 θάνατον
674 1508 767 1561 τοῦ
805 1508 966 1562 Δαϐὶδ
1008 1509 1370 1581 ἀναστήσεται
1400 1513 1428 1564 ὁ
1464 1502 1866 1583 θεσπιζόμενος.
1895 1515 1990 1567 Σο-

416 1595 595 1667 λομὼν
621 1597 699 1661 δὲ,
737 1597 935 1663 ζῶντος
984 1598 1064 1652 ἔτι
1093 1599 1399 1666 τού-Δαϐὶδ,
1426 1600 1651 1672 νεύματι
1695 1603 1856 1656 αὑτοῦ
1894 1604 1988 1658 καὶ

415 1687 606 1761 γνώμῃ
635 1689 872 1761 διάδοχος
909 1691 1008 1762 τῆς
1041 1691 1314 1762 βασιλείας
1332 1710 1346 1721 ·
1381 1692 1597 1762 λέγεται
1627 1695 1754 1763 γοῦν
1781 1696 1871 1748 ἐπὶ
1894 1696 1987 1767 μό-

415 1798 526 1844 νοις
550 1781 692 1834 ἕτεσι
717 1783 1121 1853 τεσσαράκοντα
1143 1782 1455 1854 βασιλεῦσαι
1489 1785 1581 1839 ἐπὶ
1610 1785 1701 1839 τὸν
1744 1786 1981 1859 Ἰσραήλ·

416 1872 531 1936 πῶς
557 1869 650 1926 οὖν
681 1874 760 1938 είς
788 1873 950 1928 αὐτὸν
983 1875 1295 1947 ἑπιφέροιτο
1338 1875 1426 1941 τὸ,
1467 1895 1487 1928 ι
1535 1876 1863 1949 Ἀνορθῶσαι
1894 1878 1983 1933 τὸν

415 1962 599 2035 θρόνον
629 1966 790 2019 αὐτοῦ
820 1969 901 2030 εἰς
925 1965 1016 2020 τὸν
1044 1966 1245 2033 αίῶνα;
1274 1987 1295 2019 ι
1343 1967 1479 2021 Ἀλλ’
1507 1971 1554 2022 εί
1580 1968 1727 2038 λέγοι
1745 1986 1829 2034 τις
1859 1971 1986 2042 περὶ

408 2057 510 2127 τῆς
541 2058 599 2123 ἑξ
631 2058 795 2111 αὐτοῦ
825 2059 1075 2131 διαδοχῆς
1102 2063 1352 2135 εἰρῆσθαι
1383 2063 1539 2127 αὐτὰ,
1568 2064 1667 2118 οὐκ
1697 2064 1984 2136 ἀγνοητέω

408 2147 489 2200 ὅτι
524 2148 717 2219 μέχρις
752 2149 991 2220 Ἰεχονίου
1033 2152 1127 2207 καὶ
1165 2154 1262 2226 τῆς
1290 2157 1369 2218 είς
1395 2154 1683 2209 Βαϐυλῶνα
1705 2156 1984 2227 αἰχμαλω-

409 2238 528 2304 σίας
556 2243 587 2312 ή
615 2241 722 2294 ἀπὸ
758 2243 921 2297 Δαϐὶδ
951 2244 1046 2297 καὶ
1092 2245 1403 2318 Σολομῶνος
1441 2247 1654 2320 διαδοχὴ
1688 2248 1785 2320 τῆς
1826 2248 1981 2318 βασι-

404 2328 554 2393 λείας
583 2331 860 2404 διήρκεσε,
905 2336 1130 2406 μηδενὸς
1180 2337 1319 2409 μετὰ
1354 2339 1444 2392 τὸν
1483 2340 1733 2409 Ἰεχονίαν
1768 2342 1860 2393 ἑπὶ
1889 2340 1981 2394 τὸν

405 2419 593 2493 θρόνον
622 2424 719 2493 τῆς
748 2423 1023 2495 βασιλείας
1051 2427 1144 2481 τοῦ
1182 2429 1345 2482 Δαϐ¹ιδ
1371 2431 1753 2495 καταστάντος.
1781 2434 1904 2496 Πῶς
1932 2433 1978 2487 δ’

402 2508 469 2563 ἂν
502 2510 577 2582 τῷ
624 2514 973 2587 φίλογυναίῳ,
1016 2518 1110 2571 καὶ
1156 2513 1217 2574 οὗ
1246 2520 1346 2573 οὐκ
1394 2516 1526 2593 ἦνή
1568 2523 1765 2595 καρδία
1797 2523 1979 2579 τελεία

405 2602 542 2672 μετὰ
580 2604 785 2677 Κυρίου
818 2606 952 2661 Θεοῦ
982 2608 1168 2673 αὑτοῦ,
1215 2611 1531 2684 ἑφᾱρμόσῃς
1568 2612 1636 2668 τὰ
1668 2615 1761 2669 τοῦ
1788 2616 1971 2688 ὅρκου,

402 2689 496 2743 καὶ
528 2692 589 2745 τό
611 2709 624 2723 ο
668 2711 686 2749 ι
736 2693 874 2763 Ἐγὼ
920 2695 1110 2768 ἔσομαι
1137 2699 1285 2771 αὑτῷ
1317 2703 1394 2766 είς
1422 2703 1653 2775 πατέρα,
1682 2706 1775 2759 καὶ
1815 2706 1976 2771 αὐτὸς

400 2778 552 2836 ἔσται
580 2800 668 2855 μοι
698 2786 778 2849 εἰς
809 2788 954 2854 υίόν;
986 2808 1005 2841 ι
1054 2788 1212 2844 Ἀλλὰ
1232 2792 1341 2864 γὰρ
1377 2792 1634 2867 ἄντικρυς
1665 2796 1975 2868 Σολομῶνος

404 2869 502 2938 μὲν
531 2872 786 2947 ἀλλότρια
813 2877 983 2932 ταῦτα
1002 2898 1014 2909 ·
1044 2881 1326 2951 ἁνάγοιντο
1351 2883 1395 2936 δ’
1418 2884 1485 2940 ἂν
1513 2886 1604 2938 ἑπὶ
1634 2888 1885 2959 Χριστὸν,
1913 2888 1972 2954 ὃς

398 2958 464 3012 ἐκ
502 2961 812 3033 σπέρματος
857 2968 1023 3022 Δαϐἱδ
1063 2970 1321 3036 ἀναστὰς,
1349 2968 1494 3027 οἷκον
1531 2975 1609 3046 τῷ
1630 2958 1748 3047 Θεῷ
1786 2978 1887 3032 ούκ
1912 2977 1972 3045 ἑξ

397 3049 617 3123 ἀψύχων
637 3053 820 3121 λίθων,
851 3058 957 3111 οὐδ’
983 3061 1040 3113 ὲν
1055 3062 1226 3132 γωνίᾳ
1247 3064 1341 3116 καὶ
1359 3065 1511 3136 μέρει
1532 3067 1655 3136 γῆς,
1688 3066 1822 3121 ἀλλὰ
1849 3069 1968 3123 καθ’

2100 584 2196 623 rus
2226 570 2507 638 parvulus,
2536 578 2592 625 et
2629 586 2826 627 nomen
2855 572 2975 627 Filii
3003 573 3310 638 habiturus,
3347 579 3660 648 peregrinos

2097 663 2284 719 titulos
2316 670 2371 718 et
2418 664 2709 718 humanam
2740 674 2993 720 naturam
3040 666 3365 725 excedentes
3406 680 3659 742 receptu.

2095 768 2192 808 rus
2223 772 2237 808 :
2273 752 2498 824 fereque
2525 761 2585 809 ut
2614 755 2703 810 hic
2737 756 2993 812 thronum
3029 757 3250 815 Davidis
3295 760 3562 830 obtineat,
3605 775 3662 821 et

2097 859 2324 915 regnum
2355 845 2498 914 ejus,
2525 852 2586 900 ut
2610 846 2667 900 id
2703 848 3024 903 constituat.

2163 1042 2253 1099 10.
2279 1041 2392 1113 Age
2422 1058 2551 1098 vero
2582 1046 2727 1115 quod
2766 1046 2881 1102 haec
2913 1057 3038 1118 post
3069 1049 3414 1108 Salomonem
3444 1054 3513 1110 de
3549 1054 3657 1112 alio

2091 1132 2325 1202 quodam
2356 1143 2583 1190 venturo
2615 1137 2873 1207 przedicta
2912 1140 3131 1206 fuerint,
3159 1159 3318 1199 nemo
3348 1160 3459 1200 non
3486 1147 3653 1207 videt.

2093 1222 2196 1279 Sed
2227 1226 2432 1296 alioqui
2461 1228 2624 1282 etiam
2666 1229 2812 1285 edita
2858 1230 3050 1287 Davidi
3100 1238 3321 1292 oracula
3375 1236 3657 1296 Salomoni

2078 1316 2235 1379 baud
2282 1319 2611 1375 videbuntur
2654 1336 2975 1394 congruere,
3006 1326 3051 1379 si
3105 1339 3363 1384 accurato
3403 1332 3655 1388 examine

2087 1411 2512 1480 perpendantur.
2557 1413 2803 1486 Namque
2854 1419 3136 1473 oraculum
3169 1422 3452 1478 manifeste
3498 1424 3649 1487 dicit,

2087 1507 2213 1567 post
2246 1499 2467 1557 Davidis
2496 1514 2725 1558 mortem
2770 1514 3146 1563 surrecturum
3180 1511 3332 1567 illum
3363 1513 3431 1569 de
3458 1531 3566 1584 quo
3593 1516 3652 1570 fit

2086 1589 2426 1647 vaticinium.
2474 1594 2639 1665 Atqui
2669 1595 2926 1653 Salomon
2964 1599 3175 1657 vivente
3214 1604 3392 1659 adhuc
3424 1603 3646 1670 Davide,

2086 1695 2260 1751 eoque
2282 1684 2496 1739 volente
2518 1700 2580 1739 ac
2596 1684 2822 1754 jubente
2838 1689 3017 1748 factus
3037 1702 3121 1749 est
3144 1695 3295 1766 regni
3326 1712 3644 1756 successor:

2089 1787 2191 1827 nec
2219 1774 2326 1829 nisi
2349 1790 2522 1832 annos
2554 1778 2912 1850 quadraginta
2944 1796 3110 1853 super
3140 1784 3395 1843 Israelem
3425 1805 3646 1861 regnas-

2016 1842 2055 1896 Β
2084 1878 2143 1917 se
2167 1864 2389 1920 dicitur.
2430 1866 2714 1934 Quomodo
2748 1887 2878 1943 ergo
2909 1874 2973 1928 ad
3014 1875 3159 1931 hunc
3189 1842 3646 1937 referenturover-

2082 1952 2151 2007 ba
2180 1971 2193 2008 :
2233 1973 2252 2005 ι
2287 1953 2352 2009 Ει
2377 1956 2581 2028 erigam
2616 1959 2871 2015 thronum
2897 1963 3017 2033 ejus
3049 1966 3103 2019 in
3142 1970 3528 2038 sempiternum
3558 1973 3584 2028 ?
3617 1992 3640 2028 ι

2082 2041 2237 2109 Quod
2262 2046 2308 2101 si
2330 2046 2455 2117 quis
2483 2049 2727 2119 objiciat,
2756 2051 2824 2108 de
2845 2056 3164 2123 posteritate
3190 2057 3312 2127 ejus
3350 2061 3466 2118 haec
3497 2062 3643 2120 dicta

2081 2132 2251 2190 fuisse
2279 2174 2294 2200 ,
2323 2144 2457 2193 tunc
2506 2154 2638 2196 sane
2681 2157 2789 2197 non
2819 2152 2902 2199 est
2953 2146 3334 2216 ignorandum,
3359 2167 3532 2222 usque
3573 2153 3641 2210 ad

2078 2224 2396 2284 Jechouiam
2433 2233 2651 2303 quidem
2704 2243 2759 2291 et
2817 2235 3201 2309 Babylonicam
3248 2243 3638 2312 captivitatem,

2079 2312 2298 2374 Davidis
2315 2334 2378 2374 ac
2402 2319 2706 2380 Salomonis
2730 2327 2962 2396 regalem
2982 2329 3384 2385 successionem
3407 2333 3642 2390 mansis-

2077 2422 2173 2477 se;
2195 2410 2469 2467 neminem
2500 2423 2679 2471 tamen
2710 2425 2834 2486 post
2860 2415 3178 2474 Jechoniam
3206 2420 3262 2475 in
3300 2422 3452 2491 regio
3477 2423 3639 2480 Davi-

2075 2514 2161 2573 dis
2187 2518 2386 2571 throno
2412 2507 2641 2565 sedisse.
2669 2507 2801 2576 Quo.
2813 2510 3184 2583 pactojgitur.
3204 2513 3501 2572 mulieroso
3519 2514 3636 2573 'Sa-

2075 2609 2303 2674 lbmoni,
2349 2605 2509 2677 cujus
2537 2620 2632 2660 cor
2656 2620 2766 2659 non
2793 2613 2910 2659 erat
2945 2605 3246 2675 perfectum
3280 2623 3408 2679 erga
3453 2608 3639 2665 Domi-

2074 2717 2204 2756 num
2251 2700 2420 2756 Deum
2468 2711 2650 2760 suum,
2673 2695 3033 2767 jurisjurandi
3057 2699 3222 2753 verba
3253 2701 3635 2759 accommoda-

2074 2792 2191 2859 bis;
2231 2805 2442 2847 necnon
2474 2789 2564 2843 illa
2602 2806 2616 2841 :
2655 2805 2673 2838 ι
2711 2786 2823 2858 Ego
2852 2802 2947 2842 ero
2976 2787 3054 2841 illi
3079 2789 3133 2843 in
3159 2796 3388 2859 patrem,
3419 2798 3475 2847 et
3518 2792 3635 2862 ipse

2069 2882 2199 2940 mihi
2259 2882 2363 2937 erit
2420 2882 2475 2934 in
2525 2880 2903 2934 filiumhlmo
2938 2893 3068 2933 vero
3107 2878 3221 2934 hac
3264 2896 3296 2935 a
3344 2880 3634 2941 Salomone

2071 2970 2230 3042 longe
2259 2970 2567 3026 recedunt:
2606 2969 2701 3025 sed
2750 2968 2970 3024 Christo
3001 2969 3192 3040 utique
3242 2972 3398 3027 valde
3436 2988 3636 3031 conve-

2068 3062 2247 3127 niunt,
2281 3062 2374 3132 qui
2398 3060 2620 3116 Davidis
2652 3060 2860 3116 semine
2886 3068 3062 3126 ortus,
3097 3077 3206 3117 non
3232 3064 3491 3134 templum
3524 3067 3634 3121 Deo

394 3142 523 3214 ὅλης
548 3146 645 3215 τῆς
665 3148 988 3221 οἰκουμένης
1021 3153 1116 3205 καὶ
1137 3153 1197 3207 ὲν
1227 3156 1357 3208 πᾶσι
1379 3159 1490 3221 τοῖς
1519 3156 1725 3212 ἔθνεσιν
1747 3161 1810 3214 ἑκ
1830 3160 1966 3226 ζών-

2069 3170 2135 3210 ex
2174 3153 2488 3208 inanimatis
2528 3152 2825 3222 lapidibus,
2858 3159 2910 3205 et
2957 3151 3015 3206 in
3058 3164 3210 3222 parte
3237 3155 3419 3225 aliqua
3467 3163 3632 3226 atque

393 3251 501 3289 των
535 3239 628 3319 καί
648 3240 848 3311 νοερῶν
877 3242 1037 3298 λίθων
1070 3249 1432 3319 συνεστήσατο
1452 3249 1548 3320 τὴν
1570 3250 1846 3323 θεοπρεπῆ
1869 3256 1964 3307 αὐ-

393 3325 486 3378 τοῦ
530 3328 851 3402 Ἐκκλησίαν
877 3347 892 3361 ⁹
921 3326 965 3401 ᾧ
1015 3336 1108 3389 καὶ
1142 3336 1288 3408 μόνῳ
1319 3339 1399 3404 τὸ,
1434 3358 1451 3390 ι
1481 3340 1650 3405 Αὐτὸς
1691 3341 1843 3395 ἔσται
1874 3361 1963 3414 μοι

392 3420 470 3482 εἰς
491 3420 601 3473 υἱὸν
626 3443 641 3470 ›
664 3423 944 3494 ἁναφωνού
952 3444 1112 3496 μενον
1136 3430 1364 3500 ἁρμόσει
1379 3451 1392 3463 ·
1414 3432 1535 3485 ἐπεὶ
1561 3433 1654 3486 καὶ
1675 3436 1733 3487 ἐν
1751 3435 1964 3506 ἑτέραις

393 3511 636 3581 Γραφαῖς
650 3515 777 3579 Υἱὸς
792 3517 1182 3590 ἀναγορεύεται
1202 3521 1294 3575 τοῦ
1311 3522 1443 3577 Θεοῦ
1460 3541 1473 3554 ο
1496 3527 1554 3577 ἑν
1571 3527 1635 3597 τῇ
1659 3527 1959 3599 φασκούσῃ,

398 3620 416 3650 ι
468 3603 561 3655 Ἐκ
593 3606 824 3676 γαστρὸς
855 3608 959 3681 πρὸ
987 3611 1264 3682 ἑωσφόρον
1293 3614 1560 3685 ἐγέννησα
1593 3633 1682 3669 σε*
1724 3636 1744 3668 ι
1780 3617 1872 3672 καὶ
1905 3621 1961 3671 ἐν

391 3694 456 3763 τῇ
482 3692 731 3768 λεγούσῃ,
756 3718 773 3749 ι
799 3699 1000 3771 Κύριος
1024 3698 1142 3755 εἶπε
1172 3703 1308 3774 πρός
1329 3721 1417 3774 με,
1451 3705 1581 3771 Υίός
1608 3724 1707 3777 μου
1741 3702 1791 3761 εἶ
1816 3707 1909 3761 σύο
1936 3726 1955 3760 ι

393 3784 553 3839 πάλιν
587 3789 644 3842 ὲν
745 3791 1013 3859 λέλεκται,
1048 3814 1067 3846 ι
1099 3796 1300 3870 Κύριος
1326 3798 1504 3853 ἔκτισέ
1529 3818 1597 3868 με
1622 3801 1795 3875 ἀρχὴν
1826 3802 1959 3856 ὁδῶν

390 3876 552 3930 αὐτοῦ
585 3880 665 3943 είς
693 3879 831 3951 ἔργα
862 3883 1048 3949 αὐτοῦ,
1083 3885 1188 3956 πρὸ
1216 3886 1271 3939 δὲ
1306 3888 1520 3941 πάντων
1564 3887 1767 3959 βουνῶν
1798 3893 1962 3964 γεννᾷ

394 3983 483 4036 με.
525 3987 545 4019 ι
587 3969 808 4035 Τούτοις
861 3974 993 4042 γοῦν
1026 3977 1239 4048 συνᾴδει
1291 3978 1448 4049 καὶὴ
1490 3978 1549 4045 ἑξ
1592 3980 1841 4051 οὐρανῶνπ
1871 3985 1955 4036 ἐπ’

390 4057 550 4113 αὑτὸν
574 4060 851 4132 ἐνεχθεῖσα
884 4066 1056 4138 φωνὴ.
1092 4085 1110 4117 ι
1149 4070 1221 4122 Σὺ
1256 4065 1309 4122 εἴ
1337 4072 1365 4123 6
1397 4069 1521 4134 Υἱός
1556 4086 1657 4140 μου
1685 4072 1714 4123 6
1743 4072 1960 4145 ἀγαπη-

386 4150 498 4216 τὸς,
536 4170 555 4204 ι
586 4155 827 4225 φήσασα·
871 4158 1061 4212 καὶτὰ
1113 4162 1172 4214 ἑν
1213 4161 1593 4233 ἑϐδομηκοστῷ
1646 4162 1703 4215 δὲ
1755 4163 1957 4237 πρώτῳ

385 4242 584 4315 ψαλμῷ
624 4248 1009 4320 περιεχόμενα,
1031 4251 1092 4304 τὸ
1121 4270 1139 4303 ι
1176 4252 1603 4323 Συμπαραμενεῖ
1628 4252 1705 4324 τῷ
1736 4254 1892 4325 ἡλίῳ,
1930 4274 1949 4307 ι

388 4336 481 4389 καὶ
506 4335 586 4403 τὸ,
624 4356 643 4389 ι
670 4339 852 4393 Πάντα
882 4340 950 4395 τὰ
981 4341 1106 4413 ἔθνη
1150 4343 1509 4415 μαωριοῦσιν
1542 4346 1724 4410 αὐτὸν,
1760 4365 1779 4399 ›
1808 4348 1955 4402 ἄντι-

387 4441 522 4495 κρυς
570 4432 683 4492 τοῖς
733 4431 860 4502 περὶ
900 4430 994 4485 τοῦ
1030 4433 1280 4507 Σωτῆρος
1319 4433 1474 4505 ἡμῶν
1522 4434 1956 4507 θεολογουμένοις

389 4517 660 4587 συντρέχοι
684 4519 767 4576 ἄν.
800 4521 919 4575 ’Ὀτι
945 4522 1001 4576 δὲ
1041 4523 1192 4578 ταῦθ’
1214 4524 1385 4589 οὕτως
1406 4525 1537 4597 ἔχει,
1560 4528 1957 4598 ἀναμφίλεκτος

2068 3245 2267 3315 angulo
2288 3252 2465 3311 terrae,
2514 3244 2605 3297 sed
2659 3241 2714 3294 in
2760 3240 3015 3296 universo
3064 3241 3197 3297 orbe
3230 3252 3283 3298 et
3321 3244 3375 3297 in
3418 3245 3632 3300 cunctis

2064 3334 2316 3405 gentibus
2349 3350 2416 3389 ex
2449 3332 2588 3388 vivis
2618 3331 2888 3402 lapidibus
2917 3339 2970 3386 et
2992 3331 3452 3391 intellectualibus
3476 3350 3633 3391 suam

2067 3424 2178 3480 Deo
2210 3424 2425 3495 dignam
2456 3423 2754 3478 Ecclesiam
2788 3421 3073 3476 aediﬁcavit
3107 3442 3119 3476 :
3153 3425 3240 3479 cui
3275 3426 3376 3480 soli
3408 3424 3629 3482 eﬂ'atum

2064 3516 2198 3570 illud
2223 3521 2487 3586 congruet
2518 3534 2531 3568 :
2570 3531 2588 3565 ι
2630 3513 2751 3584 ipse
2781 3513 2914 3566 mihi
2946 3513 3052 3567 erit
3080 3514 3137 3567 in
3166 3514 3369 3584 ﬁlium,
3402 3534 3424 3569 ι
3463 3532 3632 3587 quan-

2063 3605 2352 3676 doquidem
2387 3614 2442 3661 et
2472 3606 2526 3660 in
2549 3605 2671 3661 aliis
2693 3603 2990 3674 Scriptura:
3008 3604 3142 3659 locis
3169 3603 3459 3662 Filius'Dei
3487 3623 3627 3678 pne-

2062 3697 2309 3765 dicatur;
2346 3697 2438 3751 ubi
2463 3712 2657 3767 nempe
2690 3695 2891 3751 dicitur
2921 3712 2939 3751 :
2976 3715 2995 3749 ι
3031 3696 3107 3752 Ex
3150 3705 3306 3753 utero
3328 3705 3455 3754 ante
3484 3699 3625 3755 luei—

2065 3789 2235 3844 ferum
2274 3787 2434 3858 genui
2465 3798 2516 3843 te
2541 3788 2651 3855 7";
2692 3806 2710 3839 ι
2744 3802 2959 3843 necnon
2997 3787 3086 3842 ubi
3111 3788 3352 3844 dicitur:
3387 3808 3407 3841 ι
3440 3790 3628 3846 Domi-

2060 3895 2167 3935 nus
2193 3879 2328 3933 dixit
2358 3878 2422 3932 ad
2449 3894 2533 3934 me
2563 3897 2578 3934 :
2652 3877 2825 3934 Filius
2844 3894 3069 3935 menses
3100 3887 3156 3935 tu
3180 3880 3260 3948 ἠς
3289 3899 3308 3933 ι
3341 3881 3517 3937 denuo
3535 3883 3625 3935 ubi

2061 3972 2357 4027 scribitur:
2395 3989 2414 4023 ι
2449 3971 2709 4028 Dominus
2756 3971 2962 4026 creavit
3006 3986 3094 4027 me
3150 3971 3364 4027 initium
3410 3973 3623 4027 viarum

2061 4078 2284 4119 suarum
2331 4062 2399 4117 ad
2437 4077 2602 4133 Opera
2653 4062 2806 4132 ejus;
2840 4070 2967 4117 ante
2997 4056 3187 4119 omnes
3238 4063 3408 4120 colles
3440 4066 3626 4136 genuit

2060 4171 2146 4210 me
2170 4155 2239 4211 ".
2279 4173 2298 4207 ι
2335 4153 2432 4210 His
2454 4168 2584 4224 ergo
2611 4163 2875 4209 consonat
2908 4169 3010 4208 vox
3031 4169 3247 4226 quoque
3276 4154 3367 4208 illa
3398 4155 3465 4211 de
3485 4159 3625 4212 cmlo

2059 4246 2273 4302 delata:
2301 4264 2323 4298 ι
2360 4244 2442 4300 Τιι
2492 4259 2551 4301 es
2582 4244 2753 4299 Filius
2801 4260 2954 4301 meus
2996 4245 3228 4302 dilectus
3262 4245 3328 4301 ".
3364 4265 3384 4298 ι
3432 4245 3496 4300 Ει
3531 4249 3625 4303 illa

2059 4353 2179 4407 quae
2231 4337 2632 4408 septuagesimo
2687 4337 2866 4406 primo
2942 4337 3153 4406 psalmo
3204 4338 3555 4393 continentur
3606 4359 3620 4395 :

2064 4447 2087 4480 ι
2124 4428 2470 4483 Permanebit
2495 4442 2618 4481 cum
2645 4429 2787 4493 sole;
2827 4445 2846 4479 ι
2884 4427 3119 4498 itemque
3150 4445 3164 4482 :
3204 4446 3222 4479 ι
3258 4426 3461 4484 Omnes
3494 4444 3626 4500 gen-

2061 4530 2141 4574 tes
2162 4520 2378 4574 beatum
2405 4519 2557 4573 illum
2583 4518 2766 4574 dicent
2797 4517 2843 4549 ⁷⁸
2877 4537 2890 4572 :
2921 4537 2940 4569 ι
2968 4518 3104 4584 haec,
3137 4519 3379 4589 inquam,
3404 4535 3529 4575 cum
3556 4521 3624 4576 iis

384 4606 419 4677 ή
442 4606 549 4660 ἀπὸ
564 4609 658 4662 τοῦ
699 4610 917 4665 Ἡσαΐου
960 4613 1237 4679 σύστασις,
1271 4616 1330 4680 ὃς
1353 4617 1490 4688 μετὰ
1519 4618 1608 4670 τὸν
1644 4618 1955 4690 Σολομῶνος

2069 4627 2291 4682 prorsus
2318 4627 2439 4682 quae
2471 4610 2539 4666 de
2589 4609 2879 4665 Servatore
2930 4620 3120 4666 nostro
3174 4610 3437 4667 divinitus
3474 4611 3623 4666 dicta

385 4696 610 4751 θάνατον
627 4701 720 4754 καὶ
747 4702 881 4771 μετᾶ
910 4704 1165 4769 πλείστας
1190 4706 1354 4771 ἄλλας
1368 4708 1460 4761 τοῦ
1476 4709 1665 4777 γένους
1683 4709 1950 4780 διαδοχὰς,

382 4788 447 4840 ὲκ
476 4788 631 4860 ῥίζης
665 4791 858 4845 Ἰεσσαὶ
888 4797 982 4847 καὶ
1006 4796 1168 4849 Δαϐὶδ
1198 4797 1571 4863 ἐξελεύσεσθαί
1597 4818 1719 4855 τινα
1750 4819 1954 4873 προφη-

381 4879 548 4947 τεύει,
582 4882 676 4934 καὶ
720 4883 909 4939 τοῦτον
952 4884 1170 4941 ἔσεσθαι
1202 4888 1428 4960 Σωτῆρα
1479 4890 1669 4956 ἑθνῶν,
1729 4892 1953 4962 γυμνῶς

381 4968 522 5022 οὕτω
548 4970 802 5039 φάσκωνο
843 4993 862 5026 ι
906 4977 1017 5030 Καὶ
1053 4976 1204 5030 ἔσται
1235 4980 1268 5049 ἡ
1299 4977 1426 5048 ῥίζα
1462 4979 1558 5032 τοῦ
1599 4981 1818 5045 Ἰεσσαὶ,
1854 4982 1954 5036 καὶι

380 5063 408 5113 ὁ
435 5063 789 5135 ἀνιστάμενος
820 5066 1006 5138 ἄρχειν
1035 5068 1233 5123 ἑθνῶν·
1269 5072 1354 5124 ἐπ’
1385 5071 1533 5141 αύτῷ
1571 5070 1701 5143 ἔθνη
1740 5071 1953 5125 ἑλπιοῦ-

384 5170 486 5209 σιν.
519 5174 538 5207 ι

451 5458 536 5505 ια’.
592 5454 749 5508 Ἀλλὰ
793 5443 911 5529 γὰρ⁵
946 5455 1212 5512 τοσούτων
1265 5459 1625 5531 ἑκδεδομένων
1682 5459 1944 5531 χρησμῶν

383 5542 525 5615 μόθλῳ
556 5543 634 5616 τῷ
674 5546 836 5599 Δαϐὶδ
867 5548 961 5602 καὶ
1008 5548 1125 5619 μεθ’
1157 5552 1319 5620 ὅρκου
1362 5549 1789 5615 διαϐεϐαιώσειιις
1818 5551 1950 5622 περὶ

447 5698 517 5730 ’ν
542 5698 701 5776 Rsal.
752 5718 839 5758 cur
865 5744 879 5768 ,
930 5704 984 5761 5.
1058 5704 1105 5736 ⁷³
1142 5702 1287 5761 Psal.
1322 5723 1395 5774 ιι,
1429 5708 1483 5764 7.
1560 5708 1605 5741 "
1644 5706 1806 5764 Prov.
1846 5721 1962 5773 \‘lil,

2069 5736 2088 5759 ι.
2164 5703 2210 5737 ⁷⁸
2252 5701 2443 5758 Matth.
2491 5716 2588 5767 ιιι,
2635 5699 2722 5757 Π.
2770 5701 2845 5776 ,⁷⁸
2882 5698 3029 5758 Psal.
3065 5717 3225 5772 uxl,
3270 5701 3325 5757 5.

380 5781 469 5834 xl,
538 5769 624 5823 ω.
689 5862 959 5923 Ρλτιιιοι..
997 5863 1356 5944 Guy-XXII.

2054 4712 2206 4768 sunt,
2237 4709 2585 4759 concurrent.
2619 4701 2773 4769 Quod
2825 4710 3004 4758 autem
3045 4704 3120 4758 ita
3173 4719 3261 4759 res
3300 4720 3361 4759 se
3399 4704 3617 4769 habeat,

2056 4794 2422 4849 indubitanter
2450 4791 2619 4849 isaias
2652 4793 2959 4857 confirmat,
2994 4793 3121 4849 dum
3164 4802 3287 4864 post
3317 4793 3621 4850 Salomonis

2052 4885 2262 4940 obitum
2288 4884 2663 4954 plurimasque
2695 4884 2830 4939 alias
2859 4887 3270 4955 generationum
3315 4887 3620 4941 successio-

2052 4992 2170 5040 nes,
2204 4991 2271 5032 ex
2300 4976 2483 5031 radice
2509 4973 2680 5031 Jessae
2718 4991 2783 5030 ae
2807 4975 3022 5032 Davidis
3058 4992 3404 5047 egressurum
3429 4992 3619 5048 quem-

2051 5066 2176 5122 dam
2204 5066 2553 5135 vaticinatur,
2583 5083 2817 5138 eumque
2842 5066 3182 5122 Servatorem
3215 5066 3454 5137 gentium
3483 5067 3621 5121 fctu-

2048 5173 2171 5213 rum
2198 5168 2307 5213 tam
2342 5159 2628 5230 perspicue
2659 5158 2973 5229 pronuntiat
3001 5178 3015 5214 :
3045 5176 3064 5210 ι
3096 5157 3160 5212 Et
3198 5158 3301 5214 erit
3323 5158 3478 5212 radix
3499 5156 3621 5212 Jes-

2051 5265 2146 5315 sae,
2180 5258 2234 5305 et
2255 5250 2348 5321 qui
2378 5258 2672 5321 consurget
2716 5251 2785 5306 ad
2830 5247 3202 5321 imperandum
3234 5250 3531 5322 gentibus;
3566 5260 3620 5308 et

2052 5343 2108 5397 in
2138 5343 2316 5414 ipsum
2346 5350 2532 5414 gentes
2563 5343 2861 5413 sperabunt
2891 5343 2960 5399 ".
2989 5361 3009 5395 ι

2125 5456 2212 5512 ll.
2243 5455 2379 5510 Cum
2412 5455 2540 5510 talia
2577 5453 2741 5525 igitur
2786 5452 2932 5508 edita
2966 5453 3199 5511 fuissent
3252 5456 3476 5511 oracula
3525 5456 3617 5510 uni

2055 5547 2266 5614 Davidi,
2295 5558 2349 5601 et
2383 5545 2602 5615 quidem
2646 5560 2770 5600 cum
2815 5544 2996 5616 jurata
3027 5545 3407 5615 afﬁrmatione,
3442 5546 3611 5602 oritu-

3428 5703 3472 5734 "
3513 5700 3617 5757 Isa.

3295 5861 3370 5924 31
