4106 6452
441 442 545 499 975

1247 434 1749 493 SUPPLEMENTA
1789 432 2271 502 QUAZSTIONUM
2310 435 2401 490 AD
2441 434 2880 491 STEPHANUM.

3579 441 3683 497 974

442 554 596 627 φησὶ,
630 552 692 608 τὸ
722 553 961 608 τοιοῦτον
991 550 1252 623 φανερόν
1287 550 1480 621 δικαίῳ
1501 546 1610 620 γὰρ
1642 548 1755 601 ὄντι
1785 548 1862 619 τῷ
1904 549 2005 602 Ἰω-
2040 605 2043 612 ⁴

2124 548 2247 603 mini
2279 546 2358 601 nil
2386 547 2587 602 mirum
2619 556 2703 603 est
2731 549 3026 604 revelatam
3074 547 3243 605 fuisse
3264 565 3295 605 a
3330 559 3522 607 sancto
3558 551 3682 623 Spi-

444 644 551 717 σὴφ
582 645 679 696 οὐκ
733 640 800 715 ἦν
846 643 1152 713 θαυμαστὸν
1196 640 1500 711 γνωσθῆναι
1557 639 1645 693 διὰ
1695 638 2008 707 Πνεύματος

444 732 620 802 ἁγίου,
656 730 715 796 ἐξ
746 727 806 788 οὔ
839 733 930 785 καὶ
956 733 989 803 ἡ
1023 730 1216 803 κύησις
1248 730 1487 798 γέγονεν.

2114 639 2223 693 ritu
2268 638 2412 693 hanc
2468 639 2905 709 conceptionem,
2951 655 3114 712 quam
3160 656 3260 697 sua
3312 642 3458 699 idem
3483 644 3683 700 virtute

2117 727 2440 798 perfecerat.

1503 846 1587 902 Ex
1611 856 1795 902 catena
1823 847 2021 900 inedita
2052 847 2105 899 in
2132 844 2308 899 codice
2352 844 2623 899 Vaticano.

516 967 596 1021 ιδ’.
633 966 741 1037 (53)
782 967 1077 1021 Εὐσεϐίου
1113 1008 1126 1021 .
1177 968 1452 1036 Ἐνέτυχον
1491 965 1548 1018 δὲ
1599 965 1863 1037 ἑρμηνείᾳ
1923 966 2015 1018 ἀν-

441 1058 729 1128 επιγράφῳ
780 1056 1034 1130 λεγούσῃ,
1070 1059 1150 1110 ὅτι
1192 1059 1242 1110 οἱ
1276 1058 1372 1127 μέν
1415 1074 1543 1125 φασι
1595 1056 1882 1125 συγγενίδα
1916 1056 2014 1126 τὴν

455 1148 736 1211 Ἑλισάϐετ
765 1149 863 1218 τῆς
911 1147 1187 1220 Παρθένου
1227 1148 1376 1219 παρὰ
1410 1148 1501 1201 τοῦ
1533 1148 1764 1217 ἀγγέλου
1797 1147 2013 1217 ὠνομά-

445 1239 590 1306 σθαι,
629 1240 726 1309 οὐχ
769 1240 844 1303 ὡς
877 1241 942 1293 ἐκ
985 1240 1083 1310 τῆς
1128 1240 1297 1308 αὐτῆς
1326 1240 1519 1309 φυλῆς,
1547 1239 1682 1293 ἀλλὰ
1729 1238 1817 1292 διὰ
1854 1239 1915 1291 τὸ
1952 1240 2015 1291 ἐκ

443 1332 551 1386 τῶν
582 1333 763 1387 αὐτῶν
788 1333 1087 1405 προγόνων,
1116 1335 1210 1386 καὶ
1235 1333 1327 1386 τοῦ
1350 1332 1513 1385 αὑτοῦ
1537 1331 1729 1395 κοινῶς
1755 1330 1862 1383 τῶν
1897 1331 2015 1383 Ἰου-

441 1425 605 1480 δαίων
633 1425 821 1491 γένους
868 1426 1184 1497 ἀμφοτέροις
1215 1426 1536 1497 ὡρμῆσθαι’
1570 1425 1644 1487 ὡς
1684 1427 1712 1477 6
1756 1424 2012 1477 Ἀπόστο-

442 1515 554 1580 λος,
590 1534 609 1568 ι
658 1517 1004 1587 Ἐϐουλόμην,
1029 1518 1221 1587 λέγων,
1256 1518 1500 1588 ἀνάθεμα
1553 1513 1688 1570 εἶναι
1734 1516 1871 1587 ὑπὲρ
1910 1514 2017 1567 τῶν

442 1607 686 1677 ἀδελφῶν
707 1626 808 1678 μου
836 1607 944 1661 τῶν
980 1610 1252 1677 συγγενῶν
1285 1626 1383 1679 μου
1418 1608 1559 1661 κατὰ
1592 1610 1788 1680 σάρκα.
1829 1627 1847 1658 ι
1885 1606 2018 1658 Πολ-

442 1700 525 1754 λοὶ
550 1701 605 1753 δὲ
631 1702 725 1754 καὶ
753 1701 861 1754 τῶν
885 1701 1122 1773 δοκίμων
1166 1702 1414 1770 λέγουσιν
1461 1701 1676 1772 άληθῶς
1712 1700 1848 1755 κατὰ
1887 1716 2020 1767 συγ-

443 1792 658 1860 γένειαν
717 1794 982 1865 συνῆφθαι
1037 1793 1133 1864 τὴν
1184 1794 1462 1864 ἱερατικὴν
1517 1792 1685 1863 φυλὴν
1752 1796 1818 1864 τῇ
1872 1792 2021 1862 βασι-

2193 962 2280 1016 M.
2319 960 2551 1016 Eusebii.
2614 960 2787 1016 Incidi
2821 962 2891 1035 in
2921 960 3212 1032 quamdam
3265 962 3524 1034 anonymi
3581 977 3682 1018 au-

2120 1053 2288 1107 ctoris
2310 1052 2813 1121 interpretationem
2835 1051 3066 1107 dicentis
3087 1052 3438 1119 Elisabetam,
3460 1070 3528 1109 ex
3554 1070 3692 1110 non-

2121 1142 2394 1196 nullorum
2450 1142 2741 1207 sententia,
2798 1143 3122 1212 appellatam
3159 1145 3330 1201 fuisse
3366 1147 3435 1201 ab
3491 1148 3687 1217 angelo

2119 1242 2405 1303 cognatam
2438 1230 2703 1303 Virginis,
2734 1247 2843 1288 non
2873 1234 3000 1303 quia
3028 1235 3096 1290 de
3121 1237 3308 1292 eadem
3333 1246 3477 1293 esset
3512 1239 3683 1303 tribu,

2119 1322 2213 1377 sed
2231 1324 2355 1392 quia
2375 1338 2437 1378 ex
2476 1323 2666 1379 iisdem
2687 1325 3122 1393 progenitoribus
3139 1317 3445 1398 'eodemque
3471 1327 3690 1384 Iudaeo-

2117 1430 2238 1469 rum
2302 1430 2501 1485 genere
2529 1416 2836 1471 communis
2854 1418 3068 1487 utrique
3087 1422 3239 1489 origo
3276 1419 3456 1475 fuerit.
3484 1419 3688 1493 Nempe

2119 1506 2484 1577 utApostolus
2500 1509 2770 1577 loquitur:
2794 1527 2813 1560 ι
2845 1506 3112 1579 Optabam
3131 1526 3231 1581 ego
3257 1512 3544 1567 anathema
3566 1529 3688 1569 esse

2118 1614 2219 1669 pro
2239 1598 2501 1654 fratribus
2529 1601 2686 1668 meis,
2711 1602 2803 1671 qui
2828 1611 2957 1658 sunt
2974 1603 3189 1674 cognati
3234 1604 3341 1658 mei
3385 1606 3685 1661 secundum

2118 1706 2341 1747 carnem
2372 1691 2437 1745 δι.
2474 1711 2493 1744 ι
2526 1690 2678 1746 Multi
2707 1701 2903 1747 tamen
2938 1693 3146 1763 probati
3172 1694 3495 1765 interpretes
3515 1699 3686 1763 aiunt,

2119 1799 2248 1839 vera
2289 1799 2515 1854 prorsus
2545 1784 2870 1854 cognatione
2913 1786 3307 1841 sacerdotalem
3333 1788 3538 1843 tribum
3563 1804 3687 1843 cum

440 1881 566 1953 λικῇ
602 1883 693 1936 καὶ
726 1885 837 1938 ἄνω
881 1885 973 1937 ἐπὶ
1011 1883 1286 1947 Μωῦσέως
1317 1883 1447 1953 (54).
1492 1884 1556 1936 Ἠ
1586 1883 1695 1954 γὰρ
1740 1882 2016 1935 Ἑλισάϐετ

2124 1876 2283 1946 regali
2314 1874 2483 1931 fuisse
2506 1889 2806 1931 connexam
2863 1892 2894 1930 a
2948 1876 3203 1934 Mosaicis
3234 1895 3409 1950 usque
3430 1884 3691 1952 tempori-

443 1976 477 2045 ἡ
509 1976 645 2045 γυνὴ
687 1975 895 2046 Ἀαρὼν
928 1975 1127 2046 ἀδελφὴ
1166 1976 1379 2046 ὑπῆρχε
1417 1974 1684 2028 Ναασσὼν
1724 1974 1840 2027 υἱοῦ
1874 1975 2019 2044 Ἀμι-

443 2064 629 2129 ναδὰϐ,
664 2065 722 2128 ὃς
756 2050 862 2117 άπὸ
898 2064 1065 2119 Ἰούδα
1101 2064 1194 2118 τοῦ
1224 2066 1339 2118 υἱοῦ
1383 2064 1575 2117 Ἰακὼϐ
1614 2066 1900 2136 κατήγετο,
1925 2065 2016 2132 ἀφ’

441 2148 502 2208 οὗ
529 2155 588 2207 τὸ
636 2154 905 2224 βασίλειον
949 2156 1103 2225 γένος
1146 2159 1258 2219 τοῖς
1294 2157 1590 2219 Ἰουδαίοις·
1635 2157 1729 2209 καὶ
1783 2157 1931 2210 κάτω
1960 2157 2018 2209 δὲ

442 2244 641 2316 ὁμοίως
689 2246 968 2300 Ἐλισάϐετ
1001 2250 1034 2318 ἡ
1080 2247 1215 2318 γυνὴ
1264 2248 1529 2319 Ζαχαρίου
1576 2247 1682 2300 ἀπὸ
1710 2248 1808 2319 τῆς
1853 2247 2020 2301 ’ἰούδα

444 2335 616 2405 φυλῆς
669 2331 818 2390 εἷλκε
871 2339 968 2408 τὴν
1023 2338 1267 2405 γένεσιν,
1321 2339 1565 2409 θυγάτηρ
1611 2339 2021 2411 χρηματίζουσα

455 2426 648 2480 Ἰακὼϐ
674 2427 767 2479 τοῦ
804 2429 1008 2499 πατρὸς
1055 2430 1254 2500 Ἰωσήφ
1278 2446 1289 2458 ·
1321 2430 1384 2481 ὲκ
1417 2430 1546 2497 γοῦν
1578 2430 1676 2499 τῆς
1705 2431 2020 2499 συγγενείας

442 2516 632 2570 τούτου
660 2516 754 2571 τοῦ
798 2517 1066 2572 Ναασσὼν
1098 2522 1126 2572 6
1160 2519 1360 2593 Κύριος
1402 2521 1541 2574 κατὰ
1591 2522 1767 2593 σάρκα
1796 2522 2021 2593 γεγένη-

444 2624 533 2663 ται
557 2626 569 2638 ⁸
605 2610 664 2662 οὐ
713 2610 887 2681 μάτην
924 2607 1017 2665 οὖν
1055 2611 1155 2682 τῆς
1190 2611 1472 2682 βασιλικῆς
1505 2613 1674 2686 φυλῆς
1708 2613 1802 2685 τὴν
1835 2614 2023 2685 ἐπιμι-

447 2700 562 2767 ξίαν
593 2702 622 2753 6
652 2702 792 2766 θεῖος
840 2705 1123 2777 προφήτης
1170 2703 1427 2771 ἐδίδαξεν,
1462 2705 1595 2759 ἀλλὰ
1638 2706 1850 2770 δεικνὺς
1891 2707 1966 2770 ὡς
1996 2711 2023 2760 6

443 2793 719 2862 Δεσπότης
741 2794 973 2865 Χριστὸς
1000 2794 1058 2861 ἐξ
1088 2795 1410 2867 ἀμφοτέρων
1444 2793 1793 2866 ἐϐλάστησεν,
1827 2795 1901 2858 ὡς
1927 2797 2022 2865 βα-

447 2883 624 2948 σιλεὺς
656 2886 749 2940 καὶ
791 2887 1078 2958 ἀρχιερεὺς
1111 2886 1251 2940 κατὰ
1292 2888 1353 2941 τὸ
1383 2886 1720 2959 ἀνθρώπινον
1754 2887 2024 2958 χρηματί-

446 2989 544 3036 σας
577 2973 691 3044 (55)
710 2975 778 3046 ·ἢ
809 2975 885 3038 ὡς
904 2975 962 3040 ἐξ
993 2976 1112 3039 ἑνὸς
1136 2977 1475 3049 προπάτορος
1504 2977 1598 3030 τοῦ
1632 2976 1825 3031 Ἰακὼϐ
1858 2980 2026 3048 ὕπαρ·

446 3064 541 3134 χού
550 3082 665 3130 σας,
703 3067 1019 3136 συγγενίδας
1051 3068 1224 3122 καλεῖ.

2123 1967 2247 2021 bus.
2274 1966 2624 2037 Namqueilla
2649 1964 2922 2022 Elisabeta
2949 1967 3184 2023 Aaronis
3203 1983 3362 2037 uxor,
3392 1970 3689 2028 Naassonis

2125 2076 2282 2117 soror
2307 2071 2424 2116 erat
2471 2061 2813 2117 Aminadabo
2861 2061 3051 2133 geniti,
3087 2064 3180 2132 qui
3230 2071 3410 2118 ortum
3443 2080 3473 2119 a
3502 2065 3691 2123 Jacobi

2125 2153 2237 2209 filio
2265 2154 2512 2208 trahebat
2558 2152 2725 2219 Juda,
2784 2154 2931 2209 unde
2964 2156 3144 2225 regale
3184 2154 3496 2212 Iudaeorum
3517 2174 3691 2229 genus

2126 2252 2482 2315 propagatum
2507 2251 2608 2299 est.
2647 2243 2754 2299 Sed
2813 2256 2868 2300 et
2923 2246 3172 2314 proximo
3202 2247 3410 2317 pariter
3451 2255 3693 2318 tempore

2125 2335 2396 2391 Elisabeta
2424 2334 2705 2391 Zachariae
2761 2351 2901 2390 uxor
2930 2353 2960 2391 e
2991 2335 3143 2393 Iudae
3186 2337 3331 2391 tribu
3374 2337 3688 2406 oriebatur;

2126 2426 2235 2479 filia
2274 2427 2473 2495 quippe
2497 2424 2687 2481 Jacobi
2719 2427 2811 2496 qui
2843 2424 3064 2497 Josephi
3092 2433 3244 2497 pater
3274 2437 3379 2483 est.
3409 2428 3494 2482 Ab
3524 2427 3690 2498 hujus

2125 2516 2290 2587 igitur
2319 2515 2613 2572 Naassonis
2636 2516 2809 2586 stirpe
2855 2516 3119 2572 Dominus
3148 2517 3447 2573 secundum
3470 2532 3691 2573 carnem

2130 2615 2286 2661 ortus
2315 2614 2418 2661 est.
2457 2604 2596 2677 Ergo
2613 2606 2760 2660 haud
2786 2613 2993 2661 temere
3014 2608 3421 2677 permistionem
3449 2623 3573 2663 cum
3606 2623 3693 2664 re-

2125 2699 2213 2770 gia
2238 2698 2385 2752 tribu
2414 2699 2576 2754 divus
2631 2699 2899 2769 propheta
2940 2697 3123 2754 docuit
3149 2716 3164 2763 ;
3197 2699 3290 2755 sed
3321 2707 3380 2754 ut
3412 2687 3689 2764 Christum

2126 2790 2414 2846 Dominum
2440 2806 2505 2844 ex
2550 2798 2785 2861 utraque
2813 2799 3171 2862 propagatum
3212 2790 3541 2857 ostenderet,
3596 2794 3689 2862 qui

2124 2883 2270 2953 regis
2293 2882 2550 2935 nimirum
2578 2897 2870 2953 personam
2924 2891 3088 2952 atque
3112 2885 3387 2953 pontiﬁcis
3418 2884 3558 2939 inter
3585 2884 3688 2938 ho-

2127 2976 2304 3031 mines
2325 2982 2578 3046 gesturus
2631 2982 2770 3030 erat.
2804 2974 2902 3028 Vel
2948 2975 3181 3044 denique
3212 2976 3293 3030 hae
3323 2982 3567 3046 cognata:
3595 2991 3693 3044 ap-

2130 3069 2427 3140 pellantur,
2446 3066 2587 3138 quia
2614 3066 2686 3124 de
2719 3068 2906 3125 eodem
2920 3065 3688 3142 progenitoseJacohoouee.

1394 3181 1478 3239 Ea:
1511 3184 1726 3240 Possini
1760 3196 1948 3240 catena
1977 3185 2033 3240 in
2069 3182 2263 3240 Matth.
2292 3199 2421 3239 tom.
2455 3182 2494 3249 I,
2518 3200 2571 3252 p.
2596 3184 2650 3238 8.

404 3330 413 3339 η
519 3297 597 3344 ιε’.
622 3290 730 3362 (56)
760 3292 1148 3366 Προσηκόντως
1175 3297 1433 3369 ἐζήτηται
1466 3301 1499 3370 ὴ
1536 3300 1682 3353 αἰτία
1712 3300 1777 3353 δι’
1806 3302 1871 3373 ἢν
1904 3300 2034 3355 ἅνω-

2208 3299 2296 3354 15.
2320 3296 2556 3354 Eusebii.
2579 3295 2772 3354 Merito
2804 3300 3033 3369 quaestio
3059 3307 3178 3356 orta
3227 3308 3311 3358 est
3339 3303 3694 3373 quamobrem

446 3379 537 3435 θεν
567 3384 595 3435 6
625 3381 899 3445 Ματθαῖος
954 3388 1245 3457 ἐποιήσατο
1275 3389 1373 3460 τὴν
1409 3389 1504 3444 τοῦ
1554 3390 1788 3459 Χριστοῦ
1832 3408 2021 3458 γενεα-

444 3471 649 3539 λογίαν,
682 3476 710 3526 ὀ
734 3473 791 3527 δέ
824 3491 887 3543 γε
911 3477 1124 3540 Λουκᾶς
1144 3480 1384 3533 κάτωθεν
1414 3482 1507 3534 καὶ
1536 3481 1596 3546 ἐξ
1627 3482 1871 3545 ἐναντίας
1893 3499 1905 3513 ⁸
1930 3482 2022 3535 καὶ

448 3564 657 3632 ῥητέον,
695 3565 770 3629 ὡς
816 3568 915 3620 οὑκ
949 3568 1145 3622 ἄτοπον
1186 3570 1393 3625 ἄνωθέν
1422 3589 1481 3625 τε
1526 3575 1620 3626 καὶ
1651 3573 1894 3626 κάτωθεν
1924 3574 2021 3644 τὴν

445 3654 613 3726 αὐτὴν
650 3656 884 3726 βαδίζειν
921 3660 1037 3714 ὁδόν
1056 3677 1067 3688 ·
1096 3657 1163 3731 ἦν
1189 3661 1297 3732 γὰρ
1318 3664 1410 3716 καὶ⁸
1439 3663 1596 3718 τοῦτο
1621 3664 1786 3718 πάλαι
1810 3666 1876 3735 τῇ
1905 3663 2023 3735 θείᾳ

444 3745 634 3819 Γραφῇ
689 3747 941 3820 σύνηθες·
973 3749 1117 3804 οὕτω
1154 3753 1263 3823 γὰρ
1299 3754 1391 3806 καὶ
1447 3754 1612 3807 Δαϐὶδ
1663 3757 1720 3808 ὲν
1756 3758 1822 3826 τῇ
1863 3753 2018 3807 Ῥοὺθ

443 3835 650 3890 ἄνωθεν
675 3840 1093 3909 γενεαλογεῖται,
1130 3841 1314 3907 καθὼς
1350 3844 1443 3897 καὶ
1484 3844 1633 3916 παρὰ
1659 3844 1737 3915 τῷ
1758 3844 2020 3915 Ματθαίῳ

444 3929 473 3979 6
496 3928 729 3998 Χριστός
748 3948 761 3962 ·
791 3933 884 3985 καὶ
911 3933 969 3984 ὲν
993 3936 1056 4004 τῇ
1078 3933 1185 3987 τῶν
1217 3934 1507 3989 Βασιλειῶν
1539 3935 1596 3989 δὲ
1636 3937 1824 4009 πρώτῃ
1855 3936 2020 4008 βίϐλῳ

444 4015 474 4066 6
497 4013 589 4066 τοῦ
617 4016 867 4091 Σαμουὴλ
903 4020 1085 4092 πατὴρ
1113 4022 1355 4078 κάτωθεν
1386 4025 1804 4095 γενεαλογεῖται,
1847 4044 2023 4098 παρα-

446 4104 555 4179 πλη
564 4107 691 4172 σίως
724 4109 802 4180 τῷ
832 4112 1035 4183 Λουκᾷ.

2130 3389 2418 3444 Malthaeus
2469 3403 2705 3458 superne
2760 3391 2998 3444 texuerit
3045 3390 3249 3447 Christi
3303 3394 3695 3465 genealogiam,

2127 3481 2308 3538 Lucas
2333 3490 2513 3536 autem
2549 3480 2763 3536 inferne
2796 3489 2957 3551 atque
3006 3498 3074 3537 ex
3124 3483 3373 3539 adverso.
3414 3484 3584 3541 Porro
3612 3486 3697 3541 di-

2128 3574 2359 3629 cendum
2418 3579 2525 3639 est,
2576 3574 2714 3627 nihil
2739 3573 2853 3629 fieri
2910 3574 3228 3638 absurdum,
3261 3576 3309 3631 si
3364 3577 3553 3632 eadem
3604 3580 3694 3633 via

2131 3679 2349 3719 sursum
2407 3662 2772 3732 deorsumque
2818 3673 3094 3732 pergatur.
3156 3663 3290 3718 Nam
3338 3672 3393 3719 et
3445 3665 3535 3720 hic
3564 3666 3697 3721 oliui

2131 3754 2426 3824 Scriptum
2450 3748 2649 3809 divina:
2708 3768 2827 3808 mos
2876 3753 3013 3808 fuit:
3046 3754 3249 3825 quippe
3280 3757 3355 3808 ita
3389 3754 3609 3811 Davidis
3638 3757 3694 3811 in

2129 3845 2324 3900 Ruthze
2368 3845 2505 3900 libro
2553 3860 2790 3914 superne
2837 3844 3103 3900 evolvitur
3152 3845 3487 3916 genealogis,
3543 3845 3694 3902 haud

2130 3952 2290 3992 secus
2341 3951 2506 4007 quam
2565 3936 2771 3991 Christi
2816 3934 2958 4007 apud
3018 3935 3345 3991 Matthznum.
3401 3936 3606 3992 Contra
3637 3937 3697 3991 in

2128 4028 2269 4083 libro
2294 4027 2500 4096 Regum
2529 4028 2731 4097 primo,
2774 4027 3042 4083 Samuelis
3071 4034 3226 4099 pater
3249 4042 3469 4085 sursum
3498 4042 3694 4084 versus

2126 4120 2194 4174 ad
2222 4119 2551 4191 genealogite
2589 4120 2792 4176 fontem
2835 4119 3186 4192 perducitur,
3231 4120 3393 4177 sicuti
3442 4119 3499 4174 ﬁt
3548 4120 3697 4192 apud,

2122 4211 2348 4268 Lucam.

1529 4320 1578 4377 E
1607 4335 1795 4379 catena
1818 4324 2017 4381 inedita
2039 4327 2093 4381 in
2120 4327 2298 4382 codice
2328 4327 2606 4382 Vaticano.

518 4424 614 4492 ις’.
649 4427 784 4501 Περὶ
827 4430 1017 4484 τούτου
1049 4432 1078 4485 6
1122 4431 1381 4498 Εὐσέϐιος
1413 4435 1470 4489 ὲν
1521 4435 1600 4507 τῷ
1638 4438 1744 4504 Εὶς
1765 4439 1833 4493 τὸ
1876 4440 2028 4495 κατὰ

2202 4441 2291 4497 16.
2324 4440 2560 4496 Eusebii.
2616 4439 2693 4495 De
2753 4439 2860 4494 hoc
2921 4439 3190 4497 Eusebius
3234 4440 3317 4495 in‘
3345 4455 3508 4511 opere
3535 4458 3693 4512 super

445 4519 746 4574 Ματθαῖον
779 4522 891 4593 (57)
929 4523 1101 4588 οὕτως
1120 4540 1133 4554 ο
1162 4527 1298 4595 Φησὶ
1342 4526 1398 4581 δὲ
1425 4527 1514 4581 τὸν
1546 4529 1732 4584 Νάθαν
1761 4532 1854 4585 καὶ
1888 4550 2023 4602 προ-

447 4609 711 4681 φητεῦσαι
737 4613 877 4666 κατὰ
903 4614 971 4667 τά
1001 4615 1059 4669 ἐν
1080 4618 1199 4680 ταῖς
1224 4617 1528 4685 Βασιλεῐαις
1554 4623 1845 4694 φερόμενα.
1882 4623 2022 4692 Ἐγὼ

447 4700 523 4767 δὲ,
560 4703 691 4773 φησί
723 4721 825 4769 τις,
847 4706 941 4758 καὶ
968 4706 1066 4777 τὴν
1094 4708 1272 4763 αἰτίαν
1300 4712 1579 4784 ἐπυθόμην
1611 4713 1708 4786 τὴν
1728 4715 1818 4769 τὸν
1844 4718 2021 4787 μακά-

450 4809 565 4863 ριον
597 4794 808 4847 Λουκᾶν
842 4796 1128 4850 ἁποκλίναι
1157 4800 1257 4871 τῆς
1288 4800 1554 4871 βασιλείου
1583 4807 1851 4877 φρατρίας
1882 4810 2023 4863 ὐπα-

2128 4534 2444 4589 Mattlueum
2491 4533 2573 4590 sic
2617 4532 2859 4603 loquitur
2891 4551 2905 4587 :
2934 4533 3100 4587 Aiunt
3145 4530 3445 4588 Nathanem
3483 4551 3699 4606 quoque

2126 4625 2558 4697 prephetavisse,
2594 4633 2757 4696 prout
2781 4635 3002 4695 apparet
3056 4640 3122 4680 ex
3152 4624 3221 4680 iis
3251 4641 3374 4695 qua:
3397 4624 3453 4679 in
3488 4624 3696 4697 Regum

2128 4719 2285 4774 libris
2308 4718 2582 4774 feruntur.
2636 4715 2751 4787 Ego
2781 4731 2931 4781 vere,
2961 4715 3142 4786 inquit
3179 4717 3425 4786 quidam,
3471 4730 3695 4771 causam

2125 4824 2346 4881 quoque
2382 4808 2552 4863 didici
2597 4810 2717 4878 qua:
2750 4805 2952 4862 Lucam
3010 4822 3041 4861 a
3093 4807 3242 4878 regia
3269 4808 3411 4862 linea
3461 4809 3694 4873 avertit;

447 4884 742 4953 γαγοῢσαν,
766 4886 843 4957 τῷ
867 4890 941 4960 μὴ
965 4891 1091 4955 τοὺς
1121 4890 1357 4961 βασιλεῖς
1376 4895 1468 4947 ἀπ’
1494 4897 1659 4949 αὐτοῦ
1678 4898 2029 4970 Σολομῶντος)

2124 4901 2255 4971 quia
2287 4900 2498 4957 scilicet
2524 4915 2703 4970 reges,
2727 4900 2896 4956 ducto
2935 4914 2965 4953 a
3011 4896 3309 4955 Salomone
3331 4898 3510 4962 initio,
3533 4914 3691 4955 exce-

446 4977 887 5052 είδωλολατρείας
928 4981 1274 5054 καθαρεύειν,
1319 4985 1457 5057 πλὴν
1495 4987 1811 5058 ἐλαχίστων,
1853 4990 2016 5063 ταύττ

2124 4991 2234 5061 ptis
2258 4989 2630 5061 paucissimis,
2664 4989 2987 5046 idololatria:
3017 4987 3248 5045 crimine
3277 4989 3542 5059 inquinati
3572 4988 3687 5045 fue-

446 5071 885 5142 παραιτήσασθαι
914 5072 1011 5144 τὴν
1042 5074 1107 5127 δι’
1141 5076 1321 5131 αὐτῶν
1343 5078 1710 5148 γενεαλογίαν.

2107 5072 2275 5135 Eunt.
2308 5079 2518 5136 Idcirco
2536 5077 2717 5138 Lucas
2746 5094 2779 5134 a
2807 5077 3119 5153 genealogis
3148 5092 3244 5148 per
3269 5076 3371 5133 hos
3401 5077 3695 5133 derivanda

2129 5172 2412 5229 abstinuit.

1462 5278 1546 5334 Ex
1570 5278 1784 5335 Possini
1813 5289 2000 5335 catena
2028 5283 2083 5337 in
2114 5282 2336 5351 Matth"
2371 5295 2413 5342 t.
2441 5286 2484 5350 l,
2509 5301 2563 5356 ρ.
2596 5289 2631 5341 8

412 5408 427 5445 .=
521 5390 606 5485 ιζ’τ
643 5390 757 5464 (58)
791 5393 1117 5450 Εὐσεὸἰου.·
1144 5395 1255 5466 Τὴν
1295 5396 1389 5450 τοῦ
1425 5398 1590 5453 Δαϐὶδ
1617 5399 1904 5470 μετάνοιαν
1933 5403 2026 5464 ἐπὶ

519 5547 562 5581 ⁸³
600 5546 762 5605 Rom.
804 5565 894 5616 rx,
933 5551 1023 5607 15.

538 5662 628 5733 5‘5)
667 5664 872 5731 Quaest.
905 5683 945 5731 ι,
975 5666 1031 5724 8.

539 5734 626 5804 ξι)
668 5735 868 5804 Supra,
900 5737 1006 5793 col.
1029 5734 1154 5793 968.

539 5753 626 5804 Μ)
669 5753 742 5790 Su
786 5753 868 5800 ra,
900 5753 1006 5793 σοι.
1029 5753 1154 5793 vos.

531 5791 625 5883 ξξ)
667 5753 889 5883 [ierunt
918 5808 1034 5863 hae:
1064 5806 1353 5865 Africanus
1379 5821 1565 5879 supra.

538 5872 625 5945 56)
666 5875 871 5941 Quaest.
903 5892 963 5935 ll.

2206 5404 2292 5458 i7.
2328 5404 2565 5460 Eusebii.
2599 5403 2821 5460 Davidis
2865 5401 3242 5473 paenitentiam
3271 5400 3450 5472 palam
3478 5401 3700 5460 edieens

2165 5666 2561 5759 .‘t5h7lnqua‘est.
2588 5685 2668 5725 nr.
2715 5702 2785 5713 —
2827 5669 2890 5728 in
2937 5672 3170 5731 diversis
3213 5642 3477 5759 operibus
3507 5672 3695 5729 eadem

2126 5740 2265 5801 dixit
2295 5738 2583 5795 Eusebius.

2202 5810 2314 5881 ’58)
2354 5809 2558 5876 Quaest.
2593 5825 2709 5865 vni.
