4106 6444
514 397 620 456 983

525 552 3656 582 mm

1198 394 1466 455 EUSEBII
1502 398 1979 459 CAESARIENSIS
2010 399 2158 456 ΟΡΡ.
2191 399 2369 455 PARS
2408 400 2497 457 Ill.
2532 432 2603 443 -—
2638 400 3052 460 EXEGETICA.

3628 405 3731 463 986

3659 571 3708 585 -ο

579 694 733 762 Quod
764 696 1004 765 superius
1051 698 1410 766 promisimus,
1440 715 1578 753 nunc
1612 716 1668 754 re
1714 701 1830 769 ipsa
1859 710 2196 770 prwstamus,
2253 701 2479 773 grandia
2508 718 2688 772 nempe
2725 704 3075 775 qua'stionum
3123 703 3340 759 Eusebii
3367 706 3437 760 ad
3460 706 3733 766 Marinum

505 790 865 860 supplementa
898 807 963 847 ex
992 790 1197 850 Niceta:
1234 796 1358 865 (qui
1380 797 1693 850 nominatim
1724 795 2009 852 Eusebium
2030 798 2252 869 recitat)
2274 808 2461 853 catena
2480 816 2582 855 ms.
2606 800 2662 852 in
2686 798 2884 854 Lucam
2901 815 2925 864 ς
2946 817 3063 871 qua
3090 810 3267 869 partes
3289 818 3394 859 Ion
3417 819 3483 858 ea:
3508 806 3733 874 epitome

504 879 596 935 sed
623 882 832 951 ex'ipso
859 884 1059 955 integro
1091 901 1242 954 opere
1271 884 1525 941 detractae
1552 887 1785 956 fuerunt.
1820 886 1951 941 Mox
1979 888 2116 942 alias
2143 904 2345 960 quoque
2366 887 2667 943 earumdem
2695 889 2765 942 ad
2794 888 3063 943 Marinum
3084 892 3432 960 quaestionum
3458 894 3729 965 reliquias,

501 989 566 1028 ea:
589 975 747 1029 variis
784 976 1085 1032 auctoribus
1113 978 1457 1044 codicibusve,
1474 981 1565 1050 qui
1594 979 1875 1034 Eusebium
1892 981 2017 1035 item
2039 983 2349 1036 nominatim
2374 983 2563 1047 citant,
2588 998 2838 1037 corrasas
2863 979 3225 1051 subtexemus,
3242 985 3411 1057 Atque
3430 985 3507 1040 ita
3522 984 3729 1043 demum

500 1084 595 1126 nos
622 1076 785 1124 totum
813 1068 922 1139 fere
953 1070 1023 1125 ad
1054 1068 1324 1125 Marinum
1363 1070 1578 1127 Eusebii
1613 1072 1805 1127 librum
1835 1074 2220 1144 recuperavisse
2248 1089 2542 1143 speramus.

1432 1324 1911 1441 EUSEBII
1986 1324 2784 1419 CAESARIENSIS

923 1516 1045 1578 EX
1080 1515 1457 1579 INTEGRO
1496 1514 1755 1577 ΠΒΒο
1781 1514 2357 1590 ΩΠΔΕΒΤΙΟΝΠΜ
2387 1516 2500 1578 AD
2539 1518 2950 1586 MARINUM
2972 1519 3293 1585 PARTES
3360 1584 3364 1588 _

1520 1678 1597 1739 In
1624 1678 1857 1742 Νἰοειω
1893 1678 2126 1741 Catena
2165 1699 2280 1743 ms.
2319 1680 2401 1742 ad
2427 1680 2681 1745 Lucam.

2059 1861 2133 1880 -ο

2896 1969 2974 2021 Α’.

555 2060 694 2114 Cum
715 2071 744 2110 a
779 2054 981 2115 Iudaeis
1012 2056 1321 2115 Servatoris
1347 2058 1601 2130 discipuli
1623 2059 1729 2117 sibi
1759 2062 2039 2127 timerent,

2226 2059 2337 2130 (60)
2380 2057 2488 2112 Τοῦ
2534 2057 2699 2127 φόϐου
2744 2055 2856 2111 τῶν
2906 2057 3170 2111 Ἰουδαίων
3215 2058 3560 2130 ἐπικειμένου
3606 2060 3719 2127 τοῖς

489 2148 564 2203 ait
597 2147 834 2204 Joannes
883 2148 1052 2205 fuisse
1093 2165 1189 2206 eos
1234 2160 1592 2222 congregatos
1627 2153 1683 2207 in
1729 2170 1836 2209 una
1867 2155 2049 2221 domo,

480 2236 682 2327 januisf
707 2238 908 2294 clausis
941 2246 1161 2309 propter
1196 2246 1396 2295 metum
1416 2238 1747 2297 Judaeorum.
1771 2240 2052 2309 Quomodo

484 2344 614 2401 ergo
638 2328 832 2385 Petrus
874 2345 940 2385 ac
963 2328 1200 2387 Joannes
1232 2329 1302 2386 ad
1338 2340 1751 2388 monumentum
1789 2349 2051 2405 perrexe-

485 2421 658 2476 runt?
694 2419 760 2474 Et
803 2421 1020 2492 quidem
1063 2431 1329 2492 praesente
1381 2425 1493 2479 illic
1542 2425 1763 2481 militari
1795 2426 2051 2497 praesidio

483 2510 630 2581 quod
659 2512 837 2568 locum
867 2513 1231 2578 custodiebat,
1262 2523 1325 2570 ut
1348 2514 1635 2572 Mattheeus
1666 2524 1919 2572 testatur.
1952 2516 2051 2573 Est

483 2611 666 2668 autem
706 2605 954 2660 custodia
986 2607 1296 2678 manipulus
1326 2606 1599 2663 militaris.

552 2780 634 2838 Ad
670 2782 785 2838 haec
813 2783 1069 2848 dicimus,
1096 2783 1375 2854 apostolos
1406 2784 1474 2840 ad
1512 2793 1926 2842 monumentum
1953 2800 2051 2841 au-

483 2872 672 2930 dacter
701 2875 888 2940 ivisse,
915 2884 1074 2933 antea
1106 2876 1330 2933 edoctos
1373 2893 1402 2931 a
1450 2876 1798 2948 Magdalene,
1839 2879 2046 2933 nullum

475 2965 590 3034 jam
622 2965 728 3021 loci
756 2967 1039 3024 custodem
1071 2969 1143 3024 ibi
1174 2983 1484 3038 superesse,
1534 2969 1676 3039 quod
1710 2979 1828 3024 erat
1857 2972 2045 3041 explo-

480 3070 662 3116 ratum
690 3077 758 3117 ex
794 3076 905 3132 quo
955 3063 1094 3132 lapis
1147 3062 1215 3119 de
1278 3063 1528 3134 sepulcro
1573 3062 1750 3120 fuerat
1794 3065 2043 3131 ablatus;

481 3149 641 3206 aliter
687 3157 869 3205 autem
905 3150 1043 3221 lapis
1092 3150 1220 3206 inde
1250 3152 1466 3208 ablatus
1505 3166 1616 3207 non
1667 3150 1882 3217 fuerat,
1939 3152 2045 3208 nisi

481 3259 606 3299 cum
635 3243 704 3299 de
734 3244 872 3300 coelo
902 3244 1127 3314 angelus
1155 3244 1331 3299 locum
1354 3243 1543 3314 grandi
1573 3244 1774 3300 lumine
1805 3244 2046 3301 illustra-

479 3335 578 3402 vit,
608 3335 1153 3406 ipsumquerevolvit
1192 3336 1447 3407 lapidem,
1494 3337 1737 3408 adeoque
1767 3337 2043 3393 terrefacti

2157 2148 2420 2220 μαθηταῖς
2462 2146 2554 2200 τοῦ
2600 2147 2870 2218 Σωτῆρος,
2919 2147 3066 2216 λέγει
3108 2147 3238 2216 γοῦν
3279 2149 3309 2203 6
3363 2148 3613 2222 Ἰωάννης
3643 2150 3720 2215 ὡς

2152 2237 2291 2313 ἦσαν
2324 2240 2460 2312 όμοῦ
2502 2239 2830 2310 συνηγμένοι
2877 2241 2926 2293 oi
2958 2240 3194 2311 μαθηταὶ
3240 2244 3299 2295 ἐν
3324 2241 3457 2313 οίκῳ
3483 2244 3584 2307 ἐνὶ,
3610 2242 3719 2297 τῶν

2152 2333 2328 2406 θυρῶν
2372 2332 2771 2403 κεκλεισμένων
2820 2330 2909 2385 διὰ
2954 2330 3045 2387 τὸν
3080 2332 3241 2401 φόϐον
3284 2332 3390 2387 τῶν
3429 2333 3717 2389 Ἰουδαίων.

2152 2423 2277 2488 Πῶς
2298 2426 2326 2477 6
2345 2424 2549 2495 Πέτρος
2578 2423 2673 2476 καὶ
2695 2423 2724 2477 ό
2749 2422 3001 2494 Ἰωάννης
3033 2424 3288 2495 ἀπήντων
3314 2424 3406 2477 ἐπὶ
3426 2424 3488 2477 τὸ
3511 2425 3717 2496 μνῆμα;

2152 2513 2259 2565 Καὶ
2284 2512 2457 2566 ταῦτα
2510 2511 2903 2585 στρατιωτικῆς
2940 2515 3180 2585 φρουρᾶς
3228 2513 3598 2586 φυλαττούσης
3629 2518 3718 2570 τὸν

2149 2604 2331 2668 τόπον,
2359 2603 2433 2668 ὡς
2461 2606 2488 2657 ὁ
2517 2602 2791 2668 Ματθαῖος
2833 2604 3212 2676 ἐμαρτύρησεν
3234 2621 3248 2636 ο
3282 2587 3452 2678 ἧγάρ
3479 2624 3720 2660 κουστω-

2148 2697 2233 2750 δία
2257 2697 2640 2769 στρατιωτικόν
2665 2700 2781 2751 ἐστι
2810 2697 3015 2767 τάγμα.

2232 2786 2492 2860 Ἐροῦμεν
2517 2789 2572 2842 δέ
2597 2789 2732 2860 πρὸς
2761 2788 2952 2855 ταῦτα,
2982 2788 3296 2859 θαρσαλέως
3329 2790 3454 2854 τοὺς
3484 2789 3718 2845 ἀποστό-

2148 2880 2272 2945 λους·
2317 2881 2688 2953 ἀπηντηκέναι
2726 2881 2818 2934 ἐπὶ
2860 2880 2922 2934 τὸ
2971 2882 3179 2953 μνῆμα,
3220 2881 3718 2953 προμεμαθηκότας

2151 2973 2302 3044 παρὰ
2330 2975 2431 3044 τῆς
2457 2974 2822 3045 Μαγδαληνῆς
2861 2973 3065 3045 μηδένα
3093 2973 3201 3027 τῶν
3230 2973 3603 3044 φυλαττόντων
3625 2972 3717 3030 ⁸ιὸν

2147 3066 2311 3120 τόπον
2340 3065 2523 3119 αὐτόθι
2570 3067 2843 3137 παρεῖναι,
2895 3065 3042 3128 ὅπως
3072 3064 3227 3134 δῆλον
3264 3058 3332 3134 ἦν
3362 3062 3469 3117 ἀπὸ
3500 3063 3594 3117 τοῦ
3623 3063 3716 3117 τὸν

2147 3157 2292 3212 λίθον
2318 3153 2482 3232 ᾖρθαι
2518 3155 2610 3213 τοῦ
2638 3156 2897 3229 μνημείου
2918 3172 2932 3188 ⁸
2960 3153 3096 3229 ᾖρτο
3127 3156 3183 3209 δὲ
3208 3155 3306 3209 οὐκ
3334 3155 3526 3219 ἄλλως,
3563 3155 3596 3226 ἢ
3632 3154 3710 3225 τῷ

2147 3249 2238 3302 τὸν
2264 3247 2323 3313 ἐξ
2345 3246 2576 3319 οὐρανοῦ
2601 3247 2828 3316 ἄγγελον
2865 3245 3196 3316 ἐξαπράψαι
3224 3244 3314 3297 τὸν
3335 3243 3496 3296 τόπον
3528 3242 3709 3315 πολλῷ

2148 3339 2305 3409 φωτὶ,
2351 3340 2443 3391 καὶ
2487 3338 2647 3391 αὐτὸν
2684 3335 3009 3390 ἀποκυλίσαι
3045 3335 3135 3389 τὸν
3175 3333 3349 3397 λίθον,
3376 3333 3609 3404 φοϐῆσαί
3645 3351 3707 3387 τε

481 3431 611 3480 sunt
628 3403 914 3491 custodes,
948 3436 1009 3481 ut
1038 3403 1280 3497 lapideos
1311 3403 1700 3498 propemodum
1754 3428 1919 3483 timor
1946 3442 2039 3485 eos

2142 3403 2268 3494 τοὺς
2288 3428 2551 3499 φύλακας,
2589 3428 2665 3493 ὼς
2695 3426 2891 3499 μικροῦ
2923 3427 3032 3481 δεῖν
3072 3427 3165 3480 καὶ
3184 3403 3585 3495 ἀπολιθωθῆναι
3610 3425 3706 3479 αὐ-

478 3516 718 3574 eﬂ‘ecerit
747 3536 760 3572 :
793 3533 902 3589 quo
938 3517 1141 3575 factum
1166 3528 1270 3583 est,
1307 3528 1368 3574 ut
1405 3519 1442 3574 ii
1467 3518 1523 3574 in
1563 3518 1727 3591 pedes
1769 3534 1829 3576 se
1857 3518 2043 3590 conje-

479 3608 675 3675 cerint,
709 3608 843 3665 adeo
869 3619 926 3665 ut
956 3627 1114 3667 nemo
1158 3611 1233 3666 ibi
1257 3610 1607 3681 superfuerit,
1636 3611 1895 3681 locusque
1933 3610 2041 3667 illis

478 3703 732 3771 patuerit,
754 3702 849 3774 qui
893 3701 959 3757 ad
992 3702 1268 3758 visendam
1326 3700 1635 3759 Servatoris
1682 3701 2042 3759 resurrectio-

474 3808 599 3848 nem
624 3801 910 3849 venerunt.
943 3792 1122 3863 Atque
1159 3793 1273 3848 haec
1305 3795 1575 3864 praecipua
1608 3807 1776 3849 causa
1806 3791 1909 3847 fuit
1939 3808 2042 3848 cur

474 3883 700 3956 angelus
730 3883 804 3941 ibi
827 3887 1158 3956 apparuerit.
1184 3883 1382 3956 'Neque
1405 3885 1548 3941 enim
1580 3884 1652 3940 ob
1679 3883 2043 3954 adjuvandam

475 3972 932 4029 resurrectionem
990 3973 1220 4029 removit
1278 3975 1503 4045 angelus
1559 3973 1814 4043 lapidem,
1865 3988 2042 4045 neque

476 4064 672 4134 lapidis
724 4079 890 4121 causa
925 4067 1185 4136 praedicto
1237 4067 1400 4121 modo
1465 4066 1782 4131 intervenit,
1839 4066 1936 4121 sed
1980 4075 2042 4121 ut

475 4156 733 4212 custodes
763 4156 913 4213 illinc
940 4157 1216 4230 abigeret,
1269 4157 1501 4213 feminas
1547 4165 1726 4212 autem
1765 4156 1833 4211 ad
1861 4158 2042 4213 visen~

474 4247 601 4303 dum
621 4250 901 4305 venientes
930 4250 1229 4321 excipiens,
1262 4250 1717 4331 resurrectionem
1770 4249 1852 4306 eis
1896 4264 2038 4304 nun-

474 4338 655 4394 tiaret.
693 4338 896 4395 Harum
929 4342 1086 4397 testis
1113 4356 1292 4396 rerum
1318 4340 1602 4397 Matthazus
1627 4340 1836 4409 dicens,
1862 4341 2038 4413 angeli

477 4427 670 4482 timore
728 4437 1031 4485 commotos
1082 4431 1358 4495 custodes,
1390 4432 1535 4488 velut
1571 4439 1815 4488 mortuos
1869 4433 2039 4491 exsti-

472 4517 628 4573 tisse.
663 4516 862 4588 Utique
891 4528 1225 4590 praevenerat
1249 4522 1498 4592 angelum
1527 4538 1817 4594 resurgens
1843 4522 2039 4580 Serva-

474 4616 600 4673 tor,
658 4623 836 4679 neque
901 4608 1097 4678 lapidis
1148 4609 1537 4666 revolutionem
1591 4617 2032 4681 exspectaverat;

2141 3519 2266 3583 τοὺς
2286 3517 2363 3588 τῷ
2387 3517 2536 3588 φόϐῳ
2555 3534 2568 3547 ·
2613 3517 2705 3570 καὶ
2732 3515 2872 3587 μετά
2893 3515 3066 3570 ταῦτα
3100 3514 3174 3580 ὡς
3215 3514 3362 3577 εἰκὸς
3390 3516 3534 3589 φυγῇ
3572 3513 3708 3585 χρή-

2146 3610 2361 3675 σασθαι,
2410 3610 2487 3673 ὡς
2531 3609 2732 3680 μηδένα
2768 3608 2866 3679 μὲν
2907 3607 3318 3684 περιλειφθῆναι
3349 3606 3550 3671 αὐτῶν,
3586 3623 3710 3678 σχο-

2142 3703 2324 3769 λάζειν
2346 3702 2402 3757 δὲ
2442 3703 2533 3755 τὸν
2572 3702 2734 3755 τόπον
2766 3703 2878 3765 τοῖς
2906 3700 3000 3754 ἐπὶ
3018 3701 3120 3772 τὴν
3152 3699 3279 3753 θέαν
3297 3699 3711 3769 ἀφικνουμένοις

2140 3794 2240 3863 τῆς
2271 3793 2535 3864 σωτηρίου
2578 3791 2956 3852 ἀναστόιειέως⁸
3004 3791 3140 3863 αὕτη
3172 3790 3281 3863 γὰρ
3306 3784 3375 3862 ἦν
3410 3790 3642 3862 μάλιστα
3672 3790 3705 3859 ἡ

2141 3885 2289 3939 αἰτία
2316 3885 2416 3955 τῆς
2456 3883 2772 3954 ἐπιφανείας
2818 3883 2912 3937 τοῦ
2959 3882 3208 3951 ἀγγέλου.
3261 3883 3335 3936 Οὐ
3369 3881 3478 3953 γὰρ
3513 3880 3576 3952 δὴ
3608 3881 3706 3952 τῆς

2140 3977 2482 4039 ἀναστάσεως
2499 3977 2658 4048 χάριν
2685 3974 2933 4029 ἀπεκίνει
2959 3975 3050 4029 τὸν
3077 3973 3240 4040 λίθον,
3266 3973 3371 4028 οὐδ’
3396 3973 3582 4026 ’ἐνεκεν
3611 3971 3706 4026 τοῦ

2139 4066 2285 4121 λίθου
2337 4066 2532 4128 τοιόςδε
2570 4064 2746 4136 ὤφθη,
2792 4065 2905 4118 ἀλλ’
2931 4064 3018 4119 ἵνα
3045 4064 3170 4129 τοὺς
3201 4063 3301 4138 μὲν
3328 4062 3707 4134 ἀπελάσῃ,τάς

2139 4156 2198 4210 δέ
2214 4157 2513 4229 ἑρχομένας
2539 4158 2629 4210 ἐπὶ
2650 4156 2748 4228 τὴν
2764 4156 2891 4209 θέαν
2910 4155 3321 4225 δεξιωσάμενος,
3352 4155 3450 4228 τὴν
3477 4156 3709 4210 ἀνάστα-

2143 4266 2224 4302 σιν
2257 4250 2446 4312 αὑταῖς
2475 4247 2871 4317 καταγγείλειε.
2902 4246 3116 4300 Τούτων
3135 4241 3227 4299 οὖν
3262 4247 3469 4317 μάρτυς
3500 4248 3529 4298 6
3553 4245 3705 4297 Ματ-

2141 4340 2289 4404 θαῑος
2334 4339 2527 4408 λέγων,
2557 4339 2689 4393 Ἀπὸ
2738 4337 2832 4392 τοῦ
2883 4337 3047 4408 φόϐου
3083 4336 3249 4391 αὐτοῦ
3289 4335 3610 4405 ἐσείσθησαν
3649 4332 3700 4385 οἱ

2138 4431 2448 4504 τηροῦντες,
2473 4431 2565 4484 καὶ
2593 4430 2838 4497 ἐγένοντο
2869 4429 2999 4482 ὡσεὶ
3027 4427 3223 4500 νεκροί.
3252 4426 3443 4480 Φθάνει
3471 4425 3567 4495 μὲν
3594 4424 3704 4497 γὰρ

2139 4523 2236 4577 καὶ
2258 4522 2346 4575 τὸν
2375 4521 2604 4590 ἄγγελον
2633 4520 2871 4584 ἀναστὰς
2898 4523 2926 4575 6
2944 4519 3153 4590 Σωτὴρ,
3173 4517 3292 4571 οὐδὲ
3323 4514 3586 4586 ἀναμένει
3606 4516 3706 4586 τὴν

2140 4611 2459 4681 ἁποκίνησιν
2482 4609 2575 4663 τοῦ
2610 4609 2778 4675 λίθου,
2805 4608 2941 4662 ἀλλὰ
2974 4608 3065 4661 καὶ
3084 4608 3273 4661 τούτου
3293 4606 3398 4677 πρὸ
3416 4605 3515 4678 τὴν
3536 4604 3708 4676 θύραν

472 4714 662 4755 verum
686 4699 790 4755 hoc
816 4699 996 4757 adhuc
1027 4700 1235 4755 foribus
1263 4700 1590 4765 adhaerente,
1617 4710 1671 4757 et
1714 4702 2032 4772 pontiﬁcum

2142 4702 2417 4772 κειμένου,
2465 4702 2557 4756 καὶ
2600 4704 2710 4765 τοῖς
2754 4701 2861 4755 τῶν
2882 4699 3180 4773 ἀρχιερέων
3213 4697 3553 4770 σημαντῆρσι
3588 4696 3706 4787 (6i)

470 4793 666 4864 sigillis
699 4792 1008 4866 obsignato,
1040 4793 1469 4864 custodibusque
1497 4793 1677 4848 locum
1706 4794 2034 4850 circumam—

468 4885 768 4950 bientibus,
801 4883 1091 4941 invisibilis
1123 4883 1192 4940 de
1220 4893 1572 4941 monumento
1593 4885 1849 4955 prodiens
1874 4897 2030 4941 suam

466 4993 536 5034 ex
557 4976 791 5033 mortuis
812 4976 995 5032 divina
1018 4977 1221 5031 virtute
1245 4984 1528 5047 peregerat
1552 4976 2027 5041 resurrectionem;

464 5067 561 5125 sed
590 5082 827 5139 quanam
861 5067 914 5122 id
938 5068 1198 5139 temporis
1226 5067 1359 5124 hora
1380 5067 1662 5129 acciderit,
1680 5082 1840 5123 nemo
1860 5081 2028 5126 cvan-

464 5158 781 5231 gelistarum
808 5157 1138 5230 significavit
1163 5178 1176 5213 :
1210 5159 1282 5215 ita
1316 5170 1377 5215 ut
1403 5159 1623 5230 quidam
1652 5157 1781 5212 huic
1813 5172 2028 5227 quoque

463 5254 543 5309 rei
571 5251 888 5322 tempestive
926 5252 1015 5307 illa
1045 5252 1211 5308 verba
1251 5250 1761 5315 accommodaverit,
1794 5266 1915 5320 quae
1961 5248 2029 5306 de

463 5343 707 5400 universi
758 5344 1230 5400 consummatione
1276 5358 1304 5397 a
1353 5343 1574 5398 Christo
1599 5343 1745 5397 dicta
1777 5341 2029 5408 fuerunt,

465 5452 698 5507 nempe:
733 5454 753 5488 ι
790 5435 868 5489 De
887 5435 975 5491 die
1002 5451 1164 5491 nemo
1197 5435 1494 5507 quidquam
1527 5435 1634 5490 scit
1664 5474 1680 5499 ,
1731 5450 1802 5490 ne
1851 5437 2028 5508 angeli

466 5527 683 5598 quidem
710 5525 808 5583 Dei
829 5528 897 5583 ⁸⁸.
934 5549 953 5583 ι
985 5528 1078 5584 Sic
1109 5544 1238 5599 ergo
1261 5529 1470 5601 primus
1503 5528 1619 5605 ipse
1643 5527 1819 5585 factus
1846 5542 2031 5587 resur-

531 5681 578 5713 ⁸⁸
619 5680 805 5736 Matth.
847 5698 995 5750 xuv,
1031 5683 1122 5745 36,

533 5822 644 5895 (60)
685 5820 817 5881 Cod.
852 5821 917 5889 Λ,
952 5823 991 5880 l‘.
1024 5823 1150 5881 3l2.

2141 4792 2700 4864 κατεσφραγισμένου,
2734 4793 2842 4845 τῶν
2882 4808 2942 4844 τε
2975 4789 3225 4862 φρουρῶν
3243 4787 3583 4842 κυκλούντων
3615 4785 3708 4842 τὸν

2137 4886 2302 4938 τόπον
2323 4925 2337 4945 ,
2360 4884 2568 4956 ἀφανὴς
2597 4880 2665 4955 ἦν
2682 4882 2776 4936 τοῦ
2814 4882 3111 4953 μνήματος,
3137 4879 3232 4951 τὴν
3252 4881 3316 4932 ἐκ
3338 4877 3547 4948 νεκρῶν
3576 4876 3707 4932 ανά-

2140 4993 2323 5030 στασιν
2345 4976 2709 5046 πεποιημένος
2733 4973 2885 5043 θεῖκῇ
2918 4972 3166 5043 δυνάμει,
3198 4969 3318 5023 καθ’
3351 4971 3417 5039 ἢν
3441 4968 3591 5040 ὥραν
3617 4969 3706 5024 οὑ-

2135 5069 2245 5134 δεὶς
2270 5069 2432 5137 ἔγνω,
2452 5068 2547 5120 καὶ
2574 5065 2694 5119 καθ’
2711 5065 2769 5117 ὃν
2797 5063 2970 5127 οὐδεὶς
3000 5063 3383 5134 ἐπεσημήνατο
3413 5060 3521 5113 τῶν
3545 5060 3703 5127 εὐαγ-

2133 5156 2392 5225 γελιστῶν
2422 5155 2643 5229 καιρόν·
2679 5152 2807 5205 ὥστ’
2835 5151 2900 5205 ἂν
2941 5152 3115 5204 εἰπεῖν
3142 5150 3410 5221 εὐκαίρως
3455 5147 3573 5201 τινὰ
3610 5138 3697 5198 καὶ

2136 5248 2222 5302 ἐπ’
2250 5246 2414 5302 αὐτοῦ
2446 5246 2605 5300 τοῦτο
2643 5244 2707 5315 δὴ
2755 5244 2812 5298 τὸ
2837 5242 3085 5314 περὶτῆς
3128 5240 3357 5295 καθόλου
3401 5236 3698 5297 συντελείας

2137 5341 2276 5412 πρὸς
2306 5338 2470 5393 αὐτοῦ
2500 5336 2819 5406 λελεγμένον
2850 5337 2907 5388 ἐν
2939 5332 3037 5404 τῷ,
3078 5351 3097 5384 ι
3128 5331 3262 5402 Περὶ
3288 5331 3343 5383 δὲ
3370 5332 3465 5401 τῆς
3496 5329 3698 5400 ἡμέρας

2135 5433 2311 5496 οὐδεὶς
2336 5429 2494 5493 οἶδεν,
2518 5430 2637 5485 οὐδέ
2670 5432 2720 5483 οξ
2768 5427 2991 5498 ἄγγελοι
3015 5423 3108 5479 τοῦ
3150 5423 3305 5477 Θεοῦ.
3340 5441 3357 5473 ι
3393 5420 3544 5474 Οὕτω
3573 5415 3707 5485 γοῦν

2136 5525 2352 5599 πρῶτος
2392 5524 2553 5589 αὐτὸς
2594 5521 2816 5593 ἀπαρχὴ
2874 5518 2974 5588 τῆς
3017 5515 3363 5577 ἀναστάσεως
3400 5509 3636 5584 γεγονὼς
3678 5509 3710 5563 ὁ

2209 5813 2321 5887 (6i)
2361 5812 2447 5875 Al.
2478 5813 2626 5882 cod.,
2662 5812 3014 5888 σημάντροις·
