4106 6420
384 383 489 442 985

1246 368 1752 426 SUPPLEMENTA
1792 362 2273 435 QUzESTlONUM
2313 362 2402 417 AD
2441 357 2789 415 MARINUM.

3525 357 3632 416 986

387 497 597 568 Σωτὴρ,
640 492 759 549 καθ’
785 494 853 566 ἢν
882 493 1031 564 ὥραν
1066 488 1239 553 οὐδεὶς
1272 486 1434 554 ἔγνω,
1462 488 1748 558 ἐγήγερτο,
1778 485 1954 540 λαθὼν

2064 485 2317 541 rectionis
2343 480 2617 538 inchoatio
2644 477 2924 543 Servatur,
2947 478 3083 533 hora
3106 492 3271 547 quam
3285 490 3446 533 nemo
3470 476 3636 535 scivit

387 589 512 651 τοὺς
544 587 813 652 ἅπαντας,
844 584 940 637 καὶ
976 581 1242 652 ἐγήγερτο
1279 577 1375 631 τοῦ
1403 575 1552 629 λίθου
1593 575 1986 647 μεμενηκότος,

389 681 481 733 ἐπὶ
502 679 800 750 σχήματος.
834 672 1076 743 Ἀγαθῶν
1097 672 1154 724 δὲ
1175 669 1425 740 ἄγγελος,
1444 666 1751 739 ἀνθρώποις
1776 668 1959 739 παρῆν

388 769 418 821 ὁ
449 768 697 837 ἄγγελος,
751 766 903 821 οὐδὲν
952 762 1049 834 μὲν
1089 764 1157 833 τῇ
1210 760 1504 815 ἀναστάσει
1546 757 1633 812 διά
1668 758 1769 829 τῆς
1795 755 1959 810 αὐτοῦ

392 860 694 931 παρουσίας
733 856 1189 930 συμϐαλλόμενος,
1215 853 1286 906 τά
1329 850 1540 922 μεγάλα
1564 849 1622 903 δὲ
1646 852 1712 920 τῇ
1743 847 1851 902 τῶν
1870 848 1963 902 άν-

390 948 623 1021 θρὼπων
653 946 1063 1018 διακονούμενος
1092 942 1363 1015 σωτηρίᾳ·
1389 941 1469 995 διὸ
1497 940 1590 995 καὶ
1623 940 1962 1011 ὲξήστραπτε

387 1040 491 1111 τὴν
542 1039 774 1112 μορφὴν,
806 1030 1127 1108 λευχείμονα
1147 1034 1360 1098 δεικνὺς
1384 1032 1599 1097 ἑαυτὸν,
1624 1031 1717 1085 καὶ
1749 1030 1963 1102 πρῶτος

386 1132 491 1203 τῆς
517 1130 787 1200 σωτηρίου
829 1129 1177 1191 ἀναστάσεως
1219 1125 1618 1198 ἀπαρχόμενος.
1640 1122 1751 1177 Καὶ
1774 1124 1961 1197 ῶσπερ

385 1219 544 1291 ήλίου
593 1218 857 1283 ἀνατολάς
911 1218 1116 1291 ἑρπετά
1161 1218 1259 1289 μὲν
1296 1217 1475 1272 ίοϐὁλα
1514 1216 1609 1269 καὶ
1637 1214 1840 1286 θηρίων
1863 1216 1964 1269 ὅσα

385 1308 587 1374 νυκτὸς
612 1310 706 1364 καὶ
744 1310 969 1374 σκότους
992 1309 1100 1363 sici.
1137 1309 1264 1380 φίλα
1307 1308 1516 1378 φεύγει,
1547 1308 1738 1380 ἄνδρες
1761 1307 1817 1361 δὲ
1840 1304 1964 1358 ταύ-

382 1418 492 1465 ταις
510 1396 599 1456 οἷα
624 1401 800 1471 φωτὸς
841 1403 1118 1470 συγγενεῖς
1148 1400 1557 1472 μεταδιώκουσι,
1589 1398 1727 1452 κατά
1753 1398 1842 1451 τὸν
1868 1397 1964 1451 αύ-

383 1487 485 1540 τὸν
539 1487 602 1560 δὴ
646 1489 848 1562 τρόπον
907 1491 1035 1553 τοὺς
1085 1488 1182 1560 μὲν
1228 1489 1327 1561 τῆς
1378 1488 1634 1559 ἀληθείας
1676 1490 1772 1542 καὶ
1820 1488 1965 1559 ζωῆς

386 1578 642 1652 ἐχθροὺς,
704 1580 933 1635 θανάτου
986 1579 1044 1634 δὲ
1074 1581 1309 1644 οἰκείους
1337 1580 1432 1634 καὶ
1475 1580 1679 1650 φίλους,
1718 1582 1835 1643 ταῖς
1870 1578 1963 1632 τοῦ

389 1672 571 1742 φωτὸς
601 1671 766 1726 αὐτοῦ
806 1675 1194 1744 μαρμαρυγαῖς
1241 1672 1703 1742 καταπράπτων,
1740 1672 1965 1743 ήλαυνεν

390 1765 421 1816 ὀ
452 1763 709 1833 ἄγγελος·
739 1767 853 1829 τοῖς
878 1765 935 1818 δὲ
965 1763 1188 1818 ποθοῦσι
1222 1764 1321 1836 τὴν
1358 1769 1622 1837 σωτήριον
1652 1764 1963 1825 ἀνάστασιν,

371 1854 599 1928 ,ταύτην
626 1856 1025 1927 εὐηγγελίζετο,
1055 1856 1247 1929 σχολὴν
1279 1856 1461 1921 αὐτοῖς
1489 1857 1726 1928 εὐτρεπῆ
1754 1854 1840 1909 διά
1866 1854 1969 1925 τῆς

392 1947 502 2000 τῶν
532 1948 781 2020 φρουρῶν
833 1949 1149 2013 ἀπελάσεως
1192 1948 1477 2021 παρέχων·
1525 1948 1617 2001 δύο
1657 1948 1787 2018 γοῦν
1824 1965 1965 2018 γνω-

397 2040 638 2111 ρίσματα
664 2044 776 2106 τοῖς
802 2041 1021 2106 οἰκείοις
1052 2046 1311 2113 παρεῖχεν
1337 2044 1490 2114 ὀρᾷν,
1521 2042 1621 2113 τήν
1646 2042 1968 2113 ἀποκίνησιν

392 2131 488 2186 τοῦ
515 2132 685 2198 λίθου,
724 2135 818 2188 καὶ
850 2135 950 2205 τῆς
988 2134 1157 2206 θύρας
1198 2134 1292 2187 τοῦ
1325 2136 1603 2207 μνήματος
1632 2135 1732 2206 τὴν
1761 2135 1964 2199 ἄνεσιν,

394 2224 502 2281 τῶν
515 2243 575 2281 τε
600 2224 853 2295 φυλάκων
869 2226 965 2297 τὴν
988 2227 1165 2292 δίωξιν
1182 2244 1196 2258 ’
1220 2226 1257 2281 ἃ,
1279 2228 1342 2300 δὴ
1369 2226 1671 2297 τεθεαμένη
1694 2227 1726 2297 ή
1748 2225 1968 2294 Μαγδα-

390 2316 529 2388 ληνη
559 2319 672 2381 τοῖς
717 2316 985 2387 μαθηταῖς
1031 2316 1388 2387 ἐπήγγειλεν·
1434 2316 1484 2369 οἱ
1521 2315 1579 2370 δὲ
1614 2316 1787 2369 ταῦτα
1841 2318 1967 2387 παρ’

387 2409 566 2480 αὐτῆς
608 2409 1004 2480 μεμαθηκότες,
1043 2408 1355 2481 θαρσαλέως
1394 2410 1648 2480 ἀπήντων
1686 2408 1965 2481 δρομαῖοι,

392 2498 622 2572 μηδενὸς
644 2501 827 2564 αὐτοῖς
858 2498 1107 2571 ἐμποδὼν
1130 2499 1493 2564 καθεστῶτος.

1145 2608 1222 2664 B'.

468 2698 578 2771 (62)
610 2700 721 2753 Καὶ
748 2699 864 2764 πῶς
897 2699 1116 2764 σκοτίας
1163 2697 1349 2771 οὔσης,
1386 2698 1528 2754 κατά
1573 2699 1663 2753 τὸν
1689 2700 1971 2770 εὐαγγελι-

395 2791 527 2861 στὴν
568 2793 840 2864 Ἰωάννην,
862 2792 932 2846 τά
956 2791 1087 2845 εἴσω
1118 2790 1212 2845 τοῦ
1263 2793 1540 2864 μνήματος
1569 2790 1755 2862 ἐώρων
1793 2795 1841 2846 οί
1877 2793 1970 2847 δύο

399 2880 637 2954 μαθηταί
656 2899 671 2948 ;
705 2884 762 2936 ὐ
809 2884 916 2956 γάρ
951 2883 1111 2946 αὐτὸς
1161 2882 1256 2936 καὶ
1278 2882 1378 2953 τὴν
1417 2881 1563 2953 ὤραν
1589 2883 1971 2954 ἐπεσημήνατο

396 2975 587 3028 εἰπών’
632 2992 651 3025 ι
689 2974 841 3046 IIme
900 2973 981 3026 ἔτι
1039 2972 1253 3037 σκοτίας
1290 2972 1475 3044 οὐσης,
1519 2992 1538 3026 ι
1569 2974 1664 3027 καὶ
1713 2973 1839 3037 τοὺς
1877 2973 1970 3027 δύο

399 3061 646 3133 μαθητὰς
671 3063 740 3117 τά
767 3063 895 3116 εἴσω
917 3064 973 3116 ὲν
1000 3061 1078 3133 τῷ
1100 3062 1342 3135 μνήματι
1377 3062 1737 3133 τεθεαμένους
1754 3080 1768 3094 ·
1796 3083 1814 3115 ι
1844 3064 1971 3117 Ela-

392 3152 557 3225 ἦλθον
593 3153 722 3225 γὰρ,
755 3155 910 3225 φησὶ,
948 3154 1040 3207 καὶ
1068 3155 1410 3209 ἐπίστευσαν.
1440 3173 1459 3206 ι

477 3334 812 3407 Ἀρχομένης
856 3335 953 3405 μὲν
998 3336 1121 3389 κατ’
1159 3335 1335 3407 ἀρχὰς
1381 3335 1484 3407 τῆς
1511 3336 1742 3408 ἡμέρας,
1779 3337 1874 3390 ἐπὶ
1907 3338 1969 3391 τὸ

397 3428 589 3497 μνῆμα
617 3426 998 3499 ἐμαρτύρησεν
1026 3427 1060 3497 ή
1088 3425 1278 3497 Γραφῂ
1311 3425 1390 3479 ἔτι
1422 3426 1543 3480 τότε
1568 3428 1784 3482 σκοτίαν
1807 3425 1965 3483 εἶναι·

393 3516 536 3589 πλὴν
554 3517 669 3571 ἀλλ’
704 3517 806 3590 ἤδη
851 3518 1031 3589 πρωῒα
1069 3513 1136 3588 ἦν
1158 3534 1173 3547 ·
1202 3517 1360 3571 τοῦτο
1385 3518 1441 3571 δὲ
1477 3519 1537 3571 τὸ
1564 3518 1706 3591 πρωῒ
1734 3520 1813 3573 ἔτι
1844 3538 1970 3575 σκο-

392 3609 516 3673 τίας
536 3607 703 3682 οὔσης
734 3610 869 3681 αὐτὴ
903 3609 1022 3663 καθ’
1048 3609 1243 3681 ἑαυτὴν
1289 3609 1470 3664 ίδοῦσα
1504 3610 1691 3681 Μαρία
1721 3612 1967 3667 ἐπάνεισι

394 3700 532 3772 πρὸς
550 3701 677 3765 τούς
708 3700 955 3772 μαθητάς
975 3718 988 3733 ·
1024 3697 1120 3755 εἶτ’
1140 3702 1369 3773 ἄγγελος
1386 3703 1565 3767 αὐτοῖς
1588 3704 1964 3776 παραγίνεται.

406 3794 495 3848 Ἐν
528 3793 593 3865 δὴ
617 3789 710 3848 οὖν
737 3794 836 3865 τῷ,
851 3794 1052 3865 μεταξύ
1077 3795 1254 3865 χρόνῳ
1307 3795 1442 3867 μετά
1476 3795 1574 3868 τὴν
1598 3796 1821 3869 πρώτην
1840 3798 1967 3868 ἀφι-

396 3886 477 3952 ξιν
529 3886 797 3957 ἀπιούσης
829 3887 1001 3956 αὐτῆς
1052 3887 1189 3958 πρὸς
1218 3888 1346 3951 τοὺς
1378 3889 1710 3953 ἀποστόλους
1737 3892 1831 3943 καὶ
1867 3890 1967 3963 τὴν

394 3974 544 4046 ὤραν
600 3974 873 4048 προκόψαι
926 3975 1072 4039 εἰκὸς
1103 3971 1170 4048 ἦν
1194 3993 1208 4007 ο
1240 3977 1507 4032 κάκείνων
1539 3979 1697 4035 πάλιν
1739 3981 1832 4035 ἐπὶ
1878 3982 1968 4036 τὸν

391 4067 567 4137 τάφον
590 4067 1020 4138 ἀφικνουμένων,
1050 4067 1129 4121 ἔτι
1162 4068 1361 4139 μᾶλλον
1391 4070 1619 4142 αὐξῆσαι
1644 4072 1733 4126 τὸν
1756 4074 1966 4146 χρόνον,

395 4158 471 4223 ὡς
496 4158 691 4230 μηκέτι
719 4159 938 4213 σκοτίαν
966 4155 1124 4223 εἶναι,
1157 4160 1271 4214 ἀλλ’
1300 4162 1397 4235 ἤδη
1432 4163 1679 4236 καθαρὰν
1724 4168 1964 4239 ἡμέραν,

394 4251 518 4305 καθ’
545 4252 613 4322 ἢν
634 4252 1043 4323 ἀπαντήσαντες
1062 4254 1110 4306 οί
1133 4254 1427 4325 εἰρημένοι,
1462 4256 1555 4309 καὶ
1584 4257 1678 4310 τοῦ
1704 4261 1968 4331 μνημείου

395 4344 551 4408 ἐκτὸς
575 4344 825 4408 ἑστῶτες,
863 4344 1049 4416 διορᾷν
1076 4344 1143 4398 τά
1169 4345 1299 4399 εἴσω
1323 4347 1549 4418 κείμενα
1576 4348 1758 4403 ὀθόνια
1781 4344 1883 4403 οἷοί
1907 4369 1968 4405 τε

394 4429 563 4504 ἦσαν’
608 4434 704 4488 καὶ
734 4434 869 4488 πολὺ
902 4435 1099 4506 μᾶλλον
1152 4436 1299 4490 ἔνδον
1344 4437 1644 4510 γενόμενοι,
1684 4438 1789 4492 ὑπὸ
1831 4439 1970 4511 λαμ-

2060 577 2399 639 resurrexit,
2457 580 2684 629 cunctos
2733 572 2949 635 latens,
3010 571 3418 641 resurrexitque
3456 570 3636 643 lapide
3714 626 3719 633 ,

2063 676 2266 722 statum
2321 680 2481 722 suum
2532 664 2818 721 retinente.
2876 662 3039 717 Bonae
3088 677 3217 717 vero
3277 661 3357 719 rei
3408 664 3635 718 nuntius

2061 758 2233 815 astitit
2270 757 2585 814 hominibus
2617 755 2864 828 angelus,
2892 754 3032 809 nihil
3075 752 3326 824 equidem
3377 770 3632 810 resurre-

2061 846 2230 901 ctioni
2260 846 2553 916 praesentia
2588 860 2689 902 sua
2738 844 3031 899 conferens
3056 882 3071 906 ,
3117 842 3399 897 hominum
3451 851 3635 898 tamen

2062 938 2224 994 saluti
2258 937 2862 1008 plurimumserviens.
2920 934 3214 1005 Propterea
3256 934 3532 990 relucente
3567 934 3633 990 liv
3665 983 3672 991 .

2062 1045 2197 1103 gura
2231 1044 2365 1085 usus
2392 1035 2497 1095 est,
2529 1035 2585 1082 et
2614 1027 2852 1081 albatum
2887 1033 3060 1081 semet
3100 1025 3362 1090 ostendit,
3392 1026 3635 1094 primus-

2062 1138 2170 1195 que
2190 1120 2611 1178 resurrectionis
2632 1117 2943 1175 Servatoris
2974 1117 3100 1173 fecit
3124 1118 3365 1174 initium.
3389 1118 3456 1173 Et
3472 1119 3637 1175 sicuti

2062 1214 2313 1270 venenati
2364 1219 2649 1283 serpentes
2683 1225 2749 1265 ac
2802 1209 2950 1274 ferae,
2986 1212 3164 1267 noctis
3196 1219 3251 1268 et
3284 1212 3634 1267 tenebrarum

2065 1312 2330 1367 amantes,
2359 1302 2495 1358 solis
2531 1308 2712 1358 ortum
2765 1300 3001 1371 fugiunt,
3037 1301 3288 1358 homines
3317 1311 3507 1358 contra
3537 1316 3637 1358 ceu

2065 1397 2204 1453 lueis
2232 1395 2463 1452 studiosi
2497 1394 2731 1450 libenter
2762 1394 3082 1465 excipiunt;
3128 1394 3318 1450 eodem
3349 1394 3510 1449 modo
3546 1410 3639 1450 ve-

2063 1487 2245 1544 ritatis
2287 1487 2521 1557 vitaeque
2574 1486 2783 1550 hostes,
2819 1487 3015 1542 mortis
3045 1493 3225 1540 autem
3254 1485 3555 1541 familiares
3585 1495 3640 1540 et

2067 1582 2292 1647 amicos,
2323 1579 2466 1635 lucis
2489 1579 2871 1650 splendoribus
2909 1577 3182 1633 irradians
3203 1578 3429 1648 angelus
3451 1578 3640 1647 dispu-

2067 1673 2126 1727 lit
2153 1689 2165 1724 :
2204 1671 2667 1728 resurrectionem
2699 1686 2832 1726 vero
2858 1668 3166 1726 Salvatoris
3190 1668 3637 1740 exspectantibus

2066 1765 2358 1830 nuntiavit,
2397 1765 2627 1820 liberum
2664 1764 2772 1819 illis
2808 1764 3013 1818 aditum
3044 1772 3170 1834 post
3217 1760 3507 1819 custodum
3540 1761 3636 1817 ἀοι

2068 1857 2374 1929 pulsionem
2407 1856 2679 1927 praebens.
2730 1853 2960 1909 Gemina
2993 1855 3160 1924 igitur
3194 1853 3387 1908 amicis
3440 1852 3642 1909 indicia

2068 1948 2362 2020 spectanda
2404 1948 2637 2008 obtulit.
2701 1946 2898 2017 lapidis
2953 1960 3145 2016 nempe
3203 1945 3640 2010 revolutionem,

2067 2039 2408 2095 monumenti
2442 2047 2599 2110 porta
2623 2038 2734 2108 jam
2755 2043 2994 2108 patente,
3025 2044 3079 2089 et
3110 2035 3402 2090 custodum
3435 2035 3641 2106 fugam.

2068 2132 2199 2198 Qua:
2245 2131 2440 2188 videns
2491 2129 2808 2201 Magdalene
2859 2128 3148 2201 discipulis
3192 2127 3510 2183 nuntiavit:
3547 2127 3642 2198 qui

2069 2224 2155 2280 bis
2187 2224 2444 2294 cognitis,
2470 2223 2729 2278 audacter
2757 2237 3034 2291 cursuque
3063 2229 3280 2276 concito
3310 2219 3441 2275 illuc
3462 2259 3475 2271 .
3549 2234 3644 2274 ne—

2068 2318 2215 2374 mine
2241 2316 2588 2388 impediente,
2623 2323 3007 2387 properarunt.

2824 2606 2893 2663 ll.

2139 2701 2461 2769 Quomodo,
2505 2700 2751 2757 tenebris
2784 2700 2964 2755 adhuc
3003 2715 3064 2755 se
3097 2698 3542 2764 intendentibus,
3583 2706 3647 2754 ut

2071 2795 2148 2848 ait
2176 2793 2509 2865 evangelista
2529 2791 2788 2856 Joannes,
2819 2807 2883 2847 ea
2916 2808 3036 2862 qua:
3057 2791 3202 2846 intra
3229 2802 3645 2847 monumentqu

2069 2895 2226 2941 erant
2254 2886 2509 2957 discipuli
2532 2886 2641 2941 duo
2672 2885 2963 2941 viderunt?
2986 2884 3230 2956 Namque
3277 2885 3418 2940 idem
3452 2886 3644 2941 horam

2072 2994 2289 3050 quoque
2322 2978 2653 3050 signiﬁcavit
2696 2978 2884 3032 dicens
2910 2997 2922 3031 :
2952 2994 2969 3028 ι
3000 2977 3181 3040 Mane,
3201 2992 3323 3032 cum
3352 2976 3532 3031 adhuc
3557 2984 3644 3030 te-

2072 3072 2256 3127 nebra:
2278 3080 2481 3127 essent.
2523 3090 2541 3124 ι
2580 3068 2648 3124 Et
2677 3084 2823 3135 mox,
2847 3069 2985 3124 duos
3019 3068 3322 3139 discipulos
3349 3084 3470 3139 quae
3501 3068 3645 3123 intra

1995 3172 2038 3229 C
2071 3171 2485 3222 monumentum
2521 3171 2677 3218 erant
2705 3161 2926 3217 vidisse.
2973 3179 2993 3213 ι
3039 3159 3409 3216 lntroiverunt
3456 3160 3601 3216 enim
3629 3200 3644 3225 ,

2069 3257 2271 3328 inquit,
2295 3263 2350 3312 et
2380 3253 2747 3310 crediderunt.
2788 3273 2807 3305 ι

2138 3347 2324 3402 Primo
2366 3345 2475 3401 diei
2506 3343 2872 3415 crepusculo,
2926 3340 3070 3413 apud
3123 3341 3436 3412 sepulcrum
3495 3340 3647 3397 Scri-

2069 3446 2230 3509 ptura
2258 3434 2394 3490 dicit
2427 3433 2607 3488 adhuc
2627 3431 2885 3487 tenebras
2915 3431 3119 3497 fuisse;
3149 3432 3243 3484 sed
3269 3437 3450 3483 tamen
3482 3443 3644 3484 mane

2064 3530 2177 3601 jam
2204 3535 2353 3592 erat,
2403 3540 2515 3597 quo
2565 3524 2944 3589 subobscure,
2996 3522 3113 3577 sola
3156 3520 3318 3575 rediit
3346 3519 3514 3574 Maria
3574 3519 3645 3574 ad

2067 3619 2388 3692 discipulos.
2446 3615 2650 3672 Deinde
2684 3614 2910 3685 angelus
2942 3612 3077 3682 ipsis
3134 3610 3470 3681 supervenit.
3524 3607 3647 3663 Jam

2068 3715 2173 3769 hoc
2201 3708 2525 3766 intermedio
2553 3715 2820 3777 tempore,
2851 3715 2974 3777 post
2996 3703 3231 3775 primum
3274 3702 3395 3772 ejus
3418 3701 3487 3756 ad
3514 3716 3647 3771 apo‘

2069 3805 2239 3863 stolos
2268 3801 2556 3856 adventum
2581 3838 2596 3863 ,
2639 3798 2829 3853 horam
2892 3796 3063 3851 ferme
3092 3792 3402 3857 trausiisse,
3440 3791 3643 3849 verisi-

2068 3897 2199 3953 mile
2230 3903 2316 3952 est
2349 3914 2363 3951 :
2399 3903 2513 3949 tum
2537 3892 2647 3949 illis
2679 3890 2749 3946 ad
2791 3884 3391 3960 sepulcrum‘euntibus
3415 3922 3430 3949 ,
3462 3882 3645 3954 majus

2069 3991 2248 4046 adhuc
2267 3990 2511 4058 elapsum
2542 3993 2778 4056 tempus,
2818 3983 2893 4037 ita
2916 3987 2977 4036 ut
3000 3979 3113 4050 jam
3143 3977 3382 4034 tenebrae
3420 3989 3529 4030 non
3555 3989 3645 4030 est

2069 4089 2211 4145 sent,
2241 4079 2335 4135 sed
2354 4093 2488 4149 pura
2509 4076 2660 4142 dies;
2683 4089 2792 4145 quo
2813 4082 3055 4144 tempore
3080 4068 3310 4142 profecti
3348 4067 3477 4122 illuc
3506 4079 3648 4137 pra:-

2069 4173 2200 4230 dicti
2240 4169 2517 4240 discipuli,
2542 4175 2807 4237 extraque
2842 4172 3256 4221 monumentum
3311 4166 3598 4215 manentes
3625 4197 3640 4223 ,

2069 4264 2248 4336 posita
2308 4260 2627 4316 linteamina
2684 4267 2930 4329 spectare
2994 4264 3321 4328 potuerunt;
3361 4254 3645 4323 multoque

2069 4353 2243 4420 magis
2283 4348 2410 4402 illnc
2452 4346 2706 4418 ingressi,
2735 4346 3019 4418 splendida
3045 4346 3159 4416 jam
3194 4344 3281 4399 die
3307 4344 3488 4399 locum
3513 4342 3639 4396 illii-

2068 4444 2334 4498 minante.
2365 4442 2493 4497 Mihi
2543 4457 2673 4497 vero
2719 4439 2975 4495 videntur
3018 4436 3338 4494 linteamina
3368 4437 3517 4492 intus
3546 4449 3644 4504 po—

400 4528 542 4599 πρᾶς
581 4527 795 4598 ἡμέρας
826 4527 926 4598 ἥδη
966 4527 1061 4582 τοῦ
1105 4528 1271 4582 τόπου
1309 4530 1779 4601 κατηυγασμένου.
1815 4533 1971 4586 Δοκεῖ

2071 4535 2175 4591 sita
2228 4534 2748 4589 demonstrationem
2796 4530 2959 4587 simul
3004 4529 3276 4601 praebere,
3328 4542 3531 4597 corpus
3576 4525 3650 4580 ab

395 4616 453 4671 δέ
477 4635 565 4689 μοι
600 4618 669 4672 τά
699 4618 880 4673 ὀθόνια
914 4619 1060 4674 ἔνδον
1097 4620 1326 4691 κείμενα
1351 4622 1487 4693 ὀμοῦ
1515 4624 1611 4694 μὲν
1642 4626 1735 4679 κα)⁵
1770 4624 1968 4697 δεῖγμα

372 4707 656 4780 ’παρέχειν
682 4707 775 4761 τοῦ
802 4706 876 4780 μὴ
902 4708 1006 4761 ὐπὸ
1032 4707 1332 4780 ἀνθρώπων
1356 4707 1520 4783 ᾗρθαι
1543 4712 1603 4765 τὸ
1632 4712 1810 4784 σῶμα,
1831 4715 1969 4787 ὅπερ

396 4800 583 4874 Μαρία
613 4801 877 4855 ὑπέλαϐεν
896 4818 908 4832 ·
934 4802 995 4855 οὐ
1028 4802 1137 4873 γάρ
1165 4802 1231 4856 ἄν
1257 4820 1401 4868 τινες
1420 4804 1482 4858 τὸ
1512 4804 1671 4877 σῶμα
1700 4808 1964 4880 ὑφαιρού-

400 4910 549 4963 μενοι
575 4891 976 4965 κατελίμπανον
1002 4894 1070 4947 τά
1106 4893 1312 4949 ὀθόνιαο
1339 4895 1457 4949 οὐδὲ
1489 4899 1517 4949 ὀ
1556 4896 1802 4952 κλέπτων
1838 4900 1967 4953 ποτὲ

398 4983 738 5057 περιέμεινεν
780 4984 885 5049 ἓως
908 4986 995 5039 ὅτε
1025 4985 1262 5059 ἀναλύσῃ
1287 4986 1353 5041 τὰ
1376 4986 1558 5041 ὀθόνια
1594 4988 1689 5043 καὶ
1726 4990 1965 5045 καταλά-

399 5076 563 5146 ϐηται
584 5092 597 5105 ⁸
634 5075 769 5147 ὁμοῦ
807 5075 865 5130 δὲ
898 5077 1122 5150 καὶτῆς
1149 5079 1215 5130 ὲκ
1251 5077 1461 5151 νεκρῶν
1499 5080 1848 5145 ἀναστάσεως
1869 5082 1964 5136 τοῦ

400 5166 647 5239 σώματος
679 5161 1238 5239 είναιπαραστατικά.
1268 5173 1325 5227 Ὀ
1339 5172 1447 5245 γάρ
1477 5174 1963 5246 μετασχηματίζων

395 5260 464 5315 τά
496 5257 722 5331 σώματα
752 5260 850 5331 τῆς
877 5262 1257 5328 ταπεινώσεως
1284 5263 1441 5336 ήμῶν
1457 5263 1592 5330 Θεὸς
1610 5268 1688 5331 είς
1721 5267 1782 5321 τὸ
1823 5264 1961 5322 εἶναι

397 5351 695 5421 σύμμορφα
721 5348 801 5420 τῷ
819 5349 1031 5422 σώματι
1061 5353 1160 5424 τῆς
1178 5353 1334 5427 δόξης
1357 5356 1450 5411 τοῦ
1483 5357 1739 5430 Χριστοῦ,
1775 5359 1837 5414 τὸ
1863 5359 1962 5431 μὲν

398 5442 557 5512 σῶμα
601 5443 676 5507 ὡς
716 5444 944 5516 ὄργανον
979 5445 1080 5516 τῆς
1108 5446 1166 5501 ὲν
1190 5448 1339 5520 αὐτῷ
1373 5452 1777 5524 κατοικησάσης
1804 5452 1964 5508 δυνά-

400 5549 543 5602 μεως
570 5533 803 5603 ήλλοίου,
861 5535 1205 5608 μεταϐάλλων
1259 5540 1352 5596 ἐπὶ
1388 5541 1450 5595 τὸ
1484 5541 1778 5629 θειότερον,
1809 5544 1876 5601 τὰ
1905 5546 1960 5602 δὲ

467 5692 515 5723 ⁸⁸
554 5690 786 5766 Philipp.
826 5711 923 5761 ιιι,
959 5696 1052 5753 2|.

477 5806 579 5880 (δε)
619 5809 753 5870 Cod.
786 5811 853 5884 Α,
879 5811 918 5874 ς.
948 5813 1073 5884 sla,
1099 5774 1176 5883 ιμ’

2070 4626 2385 4682 hominibus
2417 4641 2529 4681 non
2563 4624 2731 4681 fuisse
2773 4624 3049 4681 sublatum
3077 4661 3093 4688 ,
3150 4636 3311 4679 secus
3366 4634 3431 4674 ac
3476 4617 3647 4677 Maria

2068 4717 2485 4789 su5picalialur:
2536 4732 2714 4787 neque
2761 4716 2907 4772 enim
2951 4716 3046 4786 qui
3094 4728 3297 4785 corpus
3355 4710 3646 4767 subtrahe-

2066 4820 2221 4876 rent,
2253 4811 2568 4866 linteamina
2600 4810 3008 4879 relinquerent;
3053 4821 3230 4877 neque
3252 4803 3339 4860 fur
3365 4798 3640 4881 quispiam

2066 4911 2428 4977 exspectaret,
2458 4903 2632 4959 donec
2661 4900 2880 4958 indusia
2910 4900 3242 4963 resolveret,
3283 4904 3445 4967 atque
3474 4895 3549 4949 ita
3580 4895 3637 4949 in

2065 4996 2314 5069 ﬂagranti
2367 5004 2529 5067 raptu
2584 4993 3103 5066 deprehenderetur.
3157 4990 3504 5061 Caeteroquin
3546 4988 3639 5044 illa

2067 5087 2316 5144 suscitati
2345 5103 2412 5144 ex
2440 5097 2613 5144 morte
2651 5087 2903 5158 corporis
2938 5083 3142 5141 indicia
3169 5092 3348 5138 erant.
3378 5080 3514 5136 Nam
3544 5081 3638 5151 qui

2066 5181 2384 5237 reformabit
2422 5197 2653 5253 corpora
2678 5179 3019 5235 humilitatis
3034 5183 3238 5233 nostrae
3257 5174 3423 5239 Deus,
3445 5181 3505 5229 ut
3526 5174 3639 5229 sint

2064 5274 2364 5330 conformia
2391 5275 2607 5346 corpori
2626 5275 2813 5346 gloriae
2832 5271 3057 5337 Christi,
3082 5278 3217 5325 tunc
3238 5268 3401 5325 etiam
3432 5281 3635 5338 corpus

2066 5366 2285 5439 quidem
2314 5382 2580 5438 organum
2607 5364 2964 5421 inbabitantis
3009 5364 3068 5419 in
3106 5363 3228 5433 ipso
3272 5359 3494 5416 virtutis
3542 5358 3642 5413 im-

2066 5458 2318 5524 mutavit,
2345 5457 2415 5513 ad
2465 5456 2789 5513 diviniorem
2822 5463 3023 5510 statum
3059 5452 3366 5509 relormans
3397 5451 3443 5483 ⁸⁸
3471 5469 3486 5518 ;
3534 5448 3640 5505 lin-

2062 5551 2302 5610 teamina
2331 5557 2535 5620 autem,
2560 5565 2659 5608 ceu
2703 5548 2921 5607 inutilia
2952 5556 3006 5604 et
3034 5545 3281 5620 corporis
3314 5543 3641 5605 substantia:
