4106 6448
507 401 613 467 987

1190 403 1457 462 EUSEBll
1495 402 1971 460 CESARIENSIS
2004 402 2156 459 OPP.
2196 401 2378 457 PARS
2414 400 2505 457 Ill.
2545 432 2615 442 —
2652 401 3062 459 EXEGETICA.

3640 409 3748 467 988

508 522 709 587 aliena,
735 522 903 578 missa
929 520 1079 579 fecit.
1098 520 1416 592 Opportune
1442 521 1669 592 insuper
1699 520 1915 576 videtur
1943 519 2053 574 mih

2178 518 2359 573 ὀθόνια
2387 519 2462 582 ὼς
2485 516 2715 589 περιττά
2738 518 2832 572 καὶ
2858 517 3111 588 ἀλλότρια
3139 518 3238 588 τῆς
3267 518 3359 572 τοῦ
3381 535 3630 590 σωματος
3651 523 3746 575 οὕ-

508 615 770 670 aecidisse
807 620 867 667 ut
902 610 1097 668 Petrus
1140 628 1204 668 ac
1254 612 1492 669 Joannes
1538 612 1605 668 ad
1660 619 2073 667 monumentum

504 705 753 761 venirent
793 703 940 758 clara
965 702 1079 773 jam
1121 703 1209 759 die
1254 703 1646 774 splendidaque
1695 703 1849 769 luce;
1907 719 1975 758 ne
2026 704 2075 758 si

503 792 642 851 forte
676 794 733 848 in
758 802 918 849 nocte
940 810 1005 849 ac
1035 794 1274 851 tenebris
1304 796 1691 859 accessissent,
1721 796 1840 866 ejus
1871 797 1949 852 rei
1980 812 2074 853 su-

503 886 800 957 spicionem
828 886 1150 956 praeberent,
1180 901 1344 954 quam
1379 886 1492 956 jam
1529 885 1817 957 pontiﬁces
1847 887 2075 944 mentie-

502 977 737 1042 bantur,
795 994 990 1049 nempe
1040 978 1186 1047 quod
1239 985 1406 1032 noctu
1456 979 1737 1034 venientes
1786 978 2071 1033 Dominum

502 1069 874 1124 sustulissent.
938 1068 1125 1139 Itaque
1189 1083 1365 1139 neque
1414 1079 1578 1124 noctu
1613 1078 1968 1125 accesserunt
2016 1070 2073 1125 hi

500 1158 626 1221 viri,
656 1159 740 1213 vel
762 1160 1003 1215 tenebris
1029 1158 1206 1213 adhuc
1239 1175 1295 1214 se
1322 1160 1728 1216 intendentibus
1748 1200 1763 1223 ,
1797 1160 1893 1215 sed
1925 1161 2072 1216 clara

495 1248 607 1317 jam
640 1250 947 1305 lucescente
979 1249 1087 1305 die.
1120 1248 1275 1318 Quod
1317 1250 1364 1306 si
1398 1250 1615 1307 dicente
1644 1250 1958 1322 Evangelia,
1986 1254 2072 1307 di-

498 1340 739 1410 scipulos
768 1355 896 1405 una,
922 1340 1048 1410 quia
1078 1339 1295 1396 Judaeos
1324 1342 1609 1407 timebant,
1642 1342 1813 1397 fuisse
1842 1358 2072 1413 congre—

497 1440 673 1502 gatos,
704 1432 1027 1488 adversetur
1052 1433 1252 1503 aliquis
1269 1433 1455 1489 dicens
1482 1453 1496 1489 :
1521 1433 1806 1499 Quomodo
1826 1449 1955 1504 ergo
1976 1435 2067 1504 qui

496 1538 555 1579 se
596 1524 1025 1589 concluserant,
1077 1524 1143 1579 ad
1182 1533 1591 1579 monumentum
1648 1525 1935 1579 veniebant
1981 1525 2069 1580 die

496 1616 815 1685 splendida?
843 1617 1268 1687 respondemus,
1325 1619 1445 1674 illos
1479 1632 1610 1672 sane
1660 1618 1752 1687 qui
1794 1617 1970 1672 media
2012 1618 2067 1672 in

497 1705 631 1759 urbe
684 1703 994 1759 Judaeorum
1025 1705 1380 1770 habitabant,
1415 1721 1514 1777 par
1542 1706 1712 1761 fuisse
1749 1716 1809 1760 nt
1853 1722 1963 1761 una
2010 1707 2066 1761 iu

495 1796 659 1851 domo
687 1796 930 1850 conclusi
977 1812 1168 1852 omnes
1210 1797 1371 1852 simul
1408 1806 1725 1853 manerent:
1759 1799 1851 1868 qui
1884 1807 2063 1855 autem

495 1887 563 1942 ad
587 1887 896 1957 sepulcrum
919 1887 1153 1954 iverunt,
1177 1889 1305 1958 quia
1330 1897 1484 1943 extra
1509 1890 1696 1944 urbem
1724 1862 1903 1955 erant,
1925 1890 2066 1945 mul-
2096 1862 2139 1917 Β

494 1982 609 2030 tum
638 1978 823 2032 aberat
852 1984 909 2031 ut
939 1976 1154 2033 Judaeos
1182 1979 1436 2035 timerent
1462 2019 1478 2046 ,
1531 1982 1788 2051 quoniam
1833 1982 1900 2037 ad
1935 1982 2066 2037 soli-

493 2068 692 2123 tarium
746 2068 922 2123 locum
972 2076 1025 2124 et
1073 2069 1387 2126 hominibus
1432 2087 1663 2126 vacuum
1714 2072 2062 2131 devenerant.

492 2157 749 2214 Fortasse
774 2159 938 2214 etiam
970 2169 1155 2231 spreto
1201 2169 1522 2217 caeterorum
1553 2163 1947 2234 discipulorum
1997 2166 2067 2220 ti-

491 2266 642 2308 more
681 2251 876 2309 Petrus
921 2267 986 2308 ae
1031 2252 1269 2310 Joannes
1296 2295 1310 2319 ,
1368 2257 1488 2311 ausi
1544 2266 1671 2312 sunt
1726 2258 2065 2314 conﬁdenter

489 2340 653 2399 domo
689 2343 926 2411 prodire,
967 2343 1094 2399 dum
1128 2347 1312 2401 ezeteri
1343 2346 1396 2401 id
1424 2347 1647 2403 minime
1686 2348 1867 2405 facere
1896 2349 2065 2405 aude-

488 2444 629 2498 rent,
656 2442 853 2505 praeter
906 2435 1007 2491 hos
1057 2436 1196 2493 duos
1239 2438 1427 2503 solos,
1480 2440 1681 2509 quibus
1725 2443 1887 2496 etiam
1935 2442 2061 2497 alibi

489 2528 665 2599 major
691 2530 867 2584 honor
887 2544 997 2600 prae
1024 2531 1235 2587 caeteris
1269 2533 1526 2602 apostolis
1554 2535 1890 2592 attribuitur.

1236 2736 1324 2793 Ill.

558 2844 665 2901 Sed
694 2848 966 2916 quomodo
987 2849 1131 2921 apud
1163 2848 1455 2918 Joannem,
1489 2858 1671 2906 aumta
1695 2851 1864 2907 Maria
1894 2852 2062 2910 disci-

487 2936 620 3005 puli,
652 2937 847 2993 deinde
894 2930 963 2993 ad
1014 2949 1429 2996 tuonumentum
1484 2944 1763 3014 progressi
1816 2945 2062 3001 credide-

486 3038 661 3096 runt;
695 3030 839 3097 apud
896 3029 1098 3084 Lucam
1151 3041 1331 3088 autem
1381 3032 1601 3099 dicitur,
1626 3035 1742 3091 visa
1784 3051 1906 3091 esse
1951 3037 2059 3093 illis

2178 608 2298 672 σίας
2325 609 2495 679 ἠφίει.
2520 608 2742 662 Δοκοῦσι
2778 609 2835 661 δέ
2864 626 2951 679 μοι
2981 608 3121 663 κατὰ
3160 609 3347 679 καιρὸν
3367 612 3396 662 ὀ
3420 610 3748 683 Πέτροςκαὶ

2173 701 2201 753 ὁ
2246 700 2494 771 Ἰωάννης
2526 699 2618 753 ἐπὶ
2646 699 2709 752 τὸ
2751 702 3007 770 μνημεῖον
3046 700 3291 772 ἀπαντᾷν
3314 703 3370 755 ἐν
3403 701 3501 772 ἤδη
3528 703 3747 775 καθαρᾷ

2172 789 2355 861 ἡμέρα
2380 790 2475 844 καί⁵
2502 791 2640 859 φωτὶ
2676 790 2932 861 λαμπρῷ,
2955 791 3030 854 ὡς
3066 791 3131 845 ἂν
3156 789 3229 861 μή
3272 791 3467 854 νυκτὸς
3497 792 3593 845 καὶ
3628 809 3749 846 σκο-

2171 882 2292 945 τίας
2335 881 2578 944 ἐλθόντες
2606 879 2764 934 τοῦτο
2809 880 3174 952 ὑπονοηθεῖεν,
3206 882 3235 934 ὃ
3263 881 3328 953 δὴ
3366 884 3459 935 καὶ
3479 883 3748 953 κατεψεύ-

2175 990 2335 1026 σαντο
2361 972 2537 1025 αὐτῶν
2571 974 2620 1025 οἰ
2660 973 2954 1043 ἀρχιερεῖς,
2982 973 3063 1026 ὅτι
3087 972 3283 1037 νυκτὸς
3311 972 3558 1038 ἐλθόντες
3591 974 3748 1028 ἐκλε-

2170 1064 2296 1133 ψαν.
2327 1063 2523 1134 Διόπερ
2551 1064 2612 1116 οὗ
2639 1064 2832 1127 νυκτὸς
2859 1065 3112 1135 ἀπήντων
3148 1066 3197 1116 οἰ
3239 1064 3450 1136 ἄνδρες,
3476 1064 3592 1118 ἀλλ’
3621 1065 3746 1122 οὑδὲ

2173 1154 2389 1217 σκοτίας
2412 1154 2492 1207 ἐτι
2518 1153 2704 1224 οὔσης,
2731 1154 2845 1207 ἀλλ’
2871 1154 2971 1226 ἠδη
3001 1156 3450 1227 καταυγαζούσης
3481 1156 3744 1229 λαμπρᾶς

2171 1247 2401 1317 ἠμέρας.
2433 1248 2496 1299 Εἰ
2523 1247 2579 1299 δὲ
2605 1248 2751 1315 λέγοι
2780 1249 2839 1301 τὸ
2861 1248 3190 1316 Εὐαγγέλιον
3221 1248 3295 1312 ὡς
3322 1250 3427 1321 ἀρα
3449 1246 3590 1321 ἦσαν
3604 1251 3746 1321 ὀμοῦ

2172 1339 2493 1409 συνηγμένοι
2521 1342 2568 1392 οί
2600 1339 2836 1409 μαθηταὶ
2865 1339 2953 1393 διά
2987 1339 3077 1392 τὸν
3110 1339 3272 1408 φόϐον
3303 1340 3412 1393 τῶν
3449 1341 3738 1406 Ἰουδαίων,

2169 1423 2288 1484 εἶτα
2334 1431 2469 1502 πρὸς
2502 1431 2660 1484 τοῦτο
2701 1431 3064 1502 ἀνθυποφέροι
3090 1449 3175 1495 τις
3198 1432 3393 1502 λέγων,
3417 1433 3542 1499 Πῶς
3572 1429 3665 1488 οὗν
3691 1438 3739 1489 οἰ

2171 1522 2645 1591 συγκεκλεισμένοι
2689 1521 2916 1590 ἐφοίτων
2958 1522 3050 1575 ἐπὶ
3094 1522 3155 1576 τὸ
3186 1527 3445 1593 μνημεῖον
3479 1527 3536 1578 ἐν
3559 1524 3741 1597 ἠμέρᾳ

2167 1611 2401 1682 διαυγεί;
2461 1613 2693 1687 ἐροῦμεν
2729 1614 2810 1665 ὅτι
2850 1615 2979 1676 τοὺς
3011 1614 3109 1684 μὲν
3148 1616 3205 1666 ἐν
3250 1617 3316 1685 τῇ
3359 1614 3506 1669 πόλει
3543 1616 3738 1686 μέσους

2166 1703 2446 1766 οἰκοῦντας
2496 1703 2604 1757 τῶν
2664 1703 2963 1767 Ἰουδαίων,
3016 1703 3162 1767 εἰκὸς
3218 1699 3285 1773 ἧν
3323 1705 3735 1759 ἀποκεκλεῖσθαι

2166 1795 2299 1866 ὀμοῦ
2354 1795 2478 1859 τοὺς
2532 1795 2737 1858 πάντας
2792 1796 2848 1848 ἐν
2889 1794 3022 1865 οἴκῳ
3051 1796 3131 1848 ἐνὶ
3175 1796 3573 1866 συνηγμένους·
3608 1798 3656 1849 oi
3679 1795 3737 1850 δέ

2167 1891 2258 1943 ἐπὶ
2298 1889 2359 1942 τὸ
2406 1892 2596 1960 μνῆμα
2644 1888 3028 1959 ἀφικνούμενοι
3065 1889 3165 1959 τῆς
3199 1886 3405 1951 πόλεως
3453 1887 3610 1951 ἐκτὸς
3647 1888 3736 1940 ὀν-

2165 1998 2257 2044 τες
2291 1980 2421 2051 (65),
2478 1979 2694 2050 μακρὰν
2740 1978 3037 2049 ἐτύγχανον
3078 1980 3170 2031 καὶ
3199 1976 3294 2030 τοῦ
3329 1978 3436 2031 τῶν
3468 1978 3739 2033 Ἰουδαίων

2167 2069 2353 2137 φόϐου,
2408 2069 2483 2132 ὡς
2515 2070 2607 2121 ἐπὶ
2658 2068 2987 2139 ἐρημίζοντα
3015 2068 3174 2120 τόπον
3213 2067 3306 2120 καὶ
3338 2067 3547 2139 ἀνδρῶν
3585 2070 3736 2139 ἐσχο-

2165 2157 2365 2229 ληκὸτα
2387 2159 2691 2230 παριόντες.
2719 2159 2872 2229 Τάχα
2885 2159 2943 2213 δὲ
2970 2159 3063 2212 καὶ
3090 2160 3369 2230 κρείττους
3400 2159 3566 2229 φόϐου
3587 2160 3739 2229 γενό-

2169 2267 2317 2321 μενοι
2341 2249 2451 2303 τῶν
2482 2249 2738 2322 μαθητῶν
2775 2250 2804 2302 ὃ
2849 2266 2908 2302 τε
2957 2250 3160 2321 Πέτρος
3199 2250 3294 2305 καὶ
3343 2250 3595 2321 Ἰωάννης
3619 2250 3740 2304 τολ-

2169 2343 2465 2415 μηρότερον
2520 2342 2783 2413 ἐθάρρουν
2811 2340 3054 2415 προϊέναι
3099 2342 3193 2396 τοῦ
3217 2342 3388 2407 οἴκου,
3423 2343 3531 2396 τῶν
3562 2344 3738 2398 ἄλλων

2167 2435 2241 2507 μή
2262 2436 2417 2488 τοῦτο
2440 2433 2700 2505 πράττειν
2737 2432 3080 2503 τολμώντων,
3119 2433 3151 2504 ἢ
3195 2435 3369 2504 μόνων
3409 2434 3474 2506 δὴ
3508 2434 3733 2497 τούτων.

2161 2529 2211 2582 οἳ
2238 2527 2331 2580 καὶ
2361 2528 2417 2578 ἐν
2447 2530 2558 2589 τοῖς
2590 2525 2766 2589 ἀλλοις
2800 2524 3042 2587 πλείονος
3071 2524 3361 2596 ἠξιωμένοι
3392 2526 3556 2598 τιμῆς

2162 2619 2287 2682 τοὺς
2316 2618 2532 2681 λοιποὺς
2562 2616 2888 2679 ἀποστόλους
2923 2615 3391 2689 μεμαρτύρηνται.

2907 2731 2983 2784 I".

2233 2844 2344 2916 (64)
2408 2843 2552 2898 Αλλὰ
2588 2843 2705 2906 πῶς
2744 2842 2897 2914 παρὰ
2928 2842 3025 2913 μὲν
3047 2840 3123 2912 τῷ
3161 2840 3379 2917 Ἰωάννῃ
3394 2843 3491 2914 τῆς
3513 2844 3735 2917 Μαρίας

2161 2937 2490 2999 ἀκούσαντες
2510 2937 2559 2989 οἰ
2580 2935 2837 3007 μαθηταὶ,
2870 2936 3108 2989 κᾶπειτα
3137 2934 3383 2999 ἐλθόντες
3410 2939 3490 3000 εἰς
3520 2937 3579 2990 τὸ
3606 2955 3741 3008 μνη-ι.

2166 3030 2313 3098 μεῖον
2364 3025 2715 3079 ἐπίστευσαν·
2753 3025 2902 3096 παρά
2958 3024 3014 3077 δὲ
3057 3024 3135 3094 τῷ
3172 3026 3356 3096 Λουκᾷ
3398 3026 3609 3098 εἴρηται
3646 3027 3728 3080 ὅτι

486 3115 630 3170 sicut
686 3117 1041 3173 deliramenta
1072 3121 1237 3175 verba
1298 3122 1446 3189 ista,
1511 3140 1688 3194 neque
1737 3126 2058 3184 mulieribus

2163 3119 2435 3189 ἐφάνησαν
2488 3117 2716 3171 ἐνώπιον
2765 3117 2943 3171 αὐτῶν
2993 3116 3124 3169 ὡσεὶ
3175 3116 3338 3188 λῆρος
3391 3116 3461 3170 τά
3507 3117 3735 3187 ῥήματα

484 3205 823 3262 credidisse?

554 3314 648 3369 llla
676 3319 817 3387 apud
847 3317 1111 3375 Joannem
1141 3320 1307 3376 Maria
1337 3326 1626 3395 praecupuis
1659 3329 1920 3396 apostolis
1948 3328 2054 3387 Pe-

482 3413 570 3462 tro
610 3422 673 3461 ac
698 3407 891 3463 Joanni
926 3412 1059 3467 solis
1083 3421 1295 3468 secreto
1329 3415 1493 3469 veluti
1528 3431 1642 3471 rem
1686 3418 1859 3475 visam
1908 3433 2055 3477 retu-

483 3497 565 3551 lit.
601 3496 777 3568 Hique
809 3502 1012 3570 pariter
1035 3503 1176 3558 clam
1208 3506 1435 3576 reliquis
1482 3506 1765 3578 discipulis
1799 3511 1897 3566 soli
1928 3527 2053 3568 cur-

482 3589 585 3643 sim
618 3590 686 3644 ad
718 3602 1126 3649 monumentum
1166 3596 1450 3663 abierunt,
1493 3599 1848 3672 videntesque
1879 3605 2053 3660 credi-

482 3681 724 3737 derunt:
760 3684 1005 3755 nihilque
1054 3686 1253 3741 mirum
1295 3697 1379 3745 est
1421 3691 1559 3749 duos
1605 3693 1706 3749 hos
1752 3697 2055 3766 praecipuos

482 3775 758 3843 apostolos
782 3778 860 3832 rei
886 3777 1017 3834 vise
1055 3779 1390 3850 credidisse;
1428 3784 1669 3855 reliquos
1700 3797 1901 3852 autem,
1932 3790 2056 3859 qui-

478 3865 584 3922 bus
620 3868 825 3923 nuntia:
871 3869 1085 3925 fuerant
1127 3873 1420 3939 mulieres,
1453 3892 1554 3931 nec
1606 3879 1784 3935 oculis
1818 3883 2055 3951 propriis

477 3958 748 4023 viderant,
775 3960 921 4015 haud
955 3962 1043 4017 his
1072 3962 1229 4019 ﬁdem
1260 3963 1597 4024 adhibuisse.
1624 3968 1767 4024 Ecce
1812 3972 1957 4026 enim
2000 3981 2056 4028 et

478 4048 613 4119 ipsis
641 4066 750 4104 una
782 4052 1126 4124 congregatis
1158 4054 1445 4125 discipulis
1483 4073 1607 4113 cum
1662 4060 1918 4116 Servator
1959 4080 2057 4134 ap-

477 4143 773 4211 paruisset,
806 4154 865 4200 ut
893 4143 1133 4203 Joannes
1182 4156 1402 4214 narrat,
1447 4150 1503 4204 hi
1561 4152 1784 4220 quidem
1819 4169 1886 4210 eo
1936 4157 2056 4211 viso

477 4232 652 4300 gavisi
686 4240 848 4301 sunt;
880 4232 1118 4292 Thomas
1147 4246 1329 4293 autem
1377 4240 1470 4310 qui
1517 4256 1619 4297 uec
1674 4242 1923 4299 interfuit
1954 4261 2056 4301 nec

476 4322 631 4387 vidit,
663 4338 777 4379 rem
807 4325 910 4378 sibi
941 4326 1257 4394 persuaderi
1300 4345 1409 4384 non
1450 4342 1534 4386 est
1574 4348 1790 4402 passus.
1824 4334 1976 4402 Quod
2008 4338 2055 4392 si

477 4411 567 4464 hic
592 4413 853 4480 apostolis
888 4430 996 4469 non
1035 4416 1287 4483 credidit,
1320 4418 1527 4475 frustra
1549 4421 1662 4491 jam
1687 4426 2054 4494 reprehende-

2084 3191 2126 3249 (ἶ
2158 3208 2351 3274 ταῦτα,
2372 3211 2465 3263 καὶ
2496 3210 2756 3280 ἠπίστουν
2785 3209 3007 3276 αὑταῖς;

2232 3324 2297 3376 Ἥ
2344 3324 2442 3394 μὲν
2482 3322 2633 3392 παρά
2679 3323 2756 3393 τῷ
2799 3323 3019 3396 Ἰωάννῃ
3056 3322 3241 3393 Μαρία
3276 3326 3388 3386 τοῖς
3450 3325 3722 3395 ἐκκρίτοις

2150 3414 2258 3467 τῶν
2282 3414 2590 3467 ἀποστόλων
2616 3414 2806 3485 Πέτρῳ
2845 3417 2938 3469 καὶ
2992 3414 3209 3489 Ἰωάννῃ
3236 3417 3416 3487 μόνοις
3455 3417 3531 3480 ὡς
3564 3417 3729 3488 ἀπόρ-

2155 3509 2316 3577 ρητον
2348 3506 2676 3576 ἐκφαίνουσα
2707 3505 2885 3570 ἐξεῖπε
2920 3508 2981 3560 τὸ
3017 3508 3337 3579 τεθεαμένον
3357 3526 3369 3538 ·
3402 3509 3452 3561 οἱ
3481 3509 3538 3563 δὲ
3558 3509 3718 3563 πάλιν

2152 3602 2402 3665 λαθόντες
2433 3602 2559 3664 τοὺς
2606 3600 2824 3666 λοιποὺς
2863 3601 3109 3674 μαθητὰς
3149 3602 3299 3673 μόνοι
3338 3602 3593 3674 ἀπήντων
3636 3604 3729 3656 ἐπὶ

2152 3695 2213 3748 τὸ
2235 3698 2497 3766 μνημεῖον
2552 3694 2821 3766 δρομαῖοι,
2873 3695 2967 3748 καί⁵
3002 3696 3200 3760 ἰδόντες
3235 3696 3596 3750 ἐπίστευσαν·
3631 3697 3727 3750 καὶ

2152 3788 2301 3840 οὐδέν
2330 3803 2393 3855 γε
2422 3782 2489 3857 ἦν
2521 3786 2829 3857 θαυμαστὸν
2860 3788 2985 3851 τοὺς
3016 3788 3112 3858 μὲν
3145 3788 3428 3858 ἐκκρίτους
3453 3787 3559 3842 τῶν
3595 3789 3730 3844 ἀπο-

2154 3878 2353 3931 στόλων
2391 3877 2593 3941 ἰδόντας
2649 3877 3088 3941 πεπιστευκέναι,
3129 3878 3255 3941 τοὺς
3298 3878 3356 3931 δὲ
3392 3879 3612 3943 λοιποὺς
3647 3875 3744 3943 οίςη

2153 3971 2208 4022 αἱ
2234 3971 2488 4037 γυναῖκες
2514 3967 2872 4038 ἀπήγγελλον,
2904 3969 2999 4022 ἆτε
3035 3968 3108 4040 μή
3148 3969 3266 4037 ὕψει
3290 3970 3724 4041 παραλαϐόντας,

2158 4062 2232 4133 μὴ
2266 4060 2551 4115 πιστεῦσαι
2589 4061 2797 4124 αὐταῖς.
2839 4061 3049 4115 Λύτίκα
3099 4061 3228 4130 γοῦν
3259 4063 3352 4115 καὶ
3379 4063 3561 4127 αὐτοῖς
3591 4062 3725 4133 ὀμοῦ

2156 4152 2511 4225 συνηγμένοις
2556 4156 2667 4216 τοῖς
2721 4152 2986 4223 μαθηταῖς
3038 4152 3295 4222 ὀφθέντος
3338 4152 3431 4206 τοῦ
3475 4154 3726 4224 Σωτῆρος

2156 4245 2295 4299 κατὰ
2316 4245 2405 4298 τὸν
2429 4243 2705 4313 Ἰωάννην,
2738 4244 2788 4296 oi
2825 4243 2921 4313 μὲν
2960 4243 3157 4306 ἰδόντες
3179 4242 3454 4313 ἐχάρησαν
3473 4259 3486 4273 ·
3519 4242 3737 4314 Θωμᾶς

2153 4337 2230 4398 δὲ,
2261 4336 2384 4390 ἐπεὶ
2423 4334 2497 4406 μή
2535 4335 2714 4406 παρῆν
2756 4334 2890 4405 μηδὲ
2933 4329 3090 4399 εἶδεν,
3129 4333 3228 4386 οὐκ
3257 4334 3522 4387 ἐπείθετο.
3559 4335 3621 4387 Εἰ
3665 4336 3724 4389 δὲ

2154 4424 2307 4491 οὗτος
2334 4426 2551 4496 ἠπίστει
2570 4429 2682 4489 τοῖς
2711 4426 3045 4488 ἀποστόλοις,
3070 4424 3231 4495 σχολῇ
3261 4427 3311 4493 γ’
3340 4425 3406 4479 ἂν
3448 4426 3724 4497 μέμψαιτό

478 4516 603 4557 mus
650 4513 905 4571 caeteros,
955 4507 1049 4576 qui
1099 4509 1225 4577 quia
1255 4525 1363 4565 non
1398 4511 1682 4579 viderant,
1718 4517 2040 4577 mulieribus

2160 4538 2227 4583 ιις
2253 4521 2363 4581 τοῖς
2385 4518 2588 4580 λοιποῖς
2616 4518 2697 4570 ὅτι
2733 4517 2954 4589 μηδέπω
2970 4516 3304 4587 τεθεαμένοι,
3340 4521 3453 4581 ταῖς
3479 4519 3725 4586 γυναιξὶν

476 4592 934 4652 diserediderunt.
985 4598 1237 4655 Profecto
1277 4613 1458 4658 autem
1505 4603 1785 4676 Scriptura
1819 4611 2046 4666 multam

473 4685 809 4741 demonstrat
838 4687 1276 4759 disquisitionem
1310 4709 1374 4749 ac
1407 4697 1751 4755 sedulitatem
1801 4700 2047 4773 discipu-

472 4773 670 4842 lorum,
701 4777 794 4846 qui
828 4778 971 4833 haud
1003 4780 1161 4837 facile
1190 4783 1383 4842 alienis
1427 4790 1780 4848 sermonibus
1807 4807 2044 4849 consen-

472 4876 685 4932 serunt,
713 4868 807 4923 sed
835 4869 1010 4939 primo
1040 4871 1247 4942 judicia
1288 4877 1707 4947 suspenderunt,
1729 4884 1907 4953 quoad
1932 4884 2045 4955 ple-

471 4957 699 5047 nissime
731 4967 895 5030 atque
943 4964 1229 5034 perspicue
1275 4970 1501 5026 veritate
1545 4975 1762 5046 cognita
1790 5015 1807 5040 ,
1854 4987 2042 5047 postea

470 5045 656 5103 dicere
680 5059 945 5119 possent:
982 5071 1001 5104 t
1041 5053 1194 5121 Quod
1246 5055 1347 5111 fuit
1376 5060 1445 5115 ab
1488 5045 1678 5130 initio,
1713 5045 2043 5134 quodﬁaudi-

469 5140 672 5204 vimus,
709 5143 856 5211 quod
890 5143 1127 5202 vidimus
1157 5149 1332 5204 oculis
1364 5153 1567 5207 nostris
1587 5194 1603 5219 ,
1651 5155 1794 5223 quod
1826 5169 2042 5223 perspe-

469 5228 672 5292 ximus,
704 5237 759 5285 et
788 5246 983 5288 manus
1010 5243 1214 5290 nostra:
1252 5247 1728 5295 contreetaverunt
1758 5240 1827 5297 de
1859 5240 2037 5297 Verbo

469 5318 595 5373 vitae
621 5320 687 5374 ⁸⁷.
748 5340 768 5373 ι
812 5320 919 5378 Sed
952 5325 1098 5380 enim
1129 5327 1294 5381 alium
1323 5343 1539 5398 quoque
1583 5345 1806 5385 sensum
1842 5346 2037 5403 capere

470 5410 561 5466 hic
590 5414 738 5469 locus
775 5423 972 5485 potest.
1006 5417 1157 5474 Dicet
1184 5420 1331 5474 enim
1386 5419 1620 5476 fortasse
1662 5421 1880 5492 aliquis,
1916 5440 2038 5479 mu-

468 5502 696 5560 lieribus
754 5511 1211 5568 resurrectionem
1266 5510 1588 5590 Servatoris.
1622 5517 2035 5589 nuntiantibus,

550 5652 597 5686 ⁸⁷
628 5660 647 5711 I
680 5657 839 5717 Joan.
878 5678 929 5729 ι,
969 5665 1016 5720 ι.

551 5809 653 5884 (δε)
694 5812 771 5869 lta
795 5814 916 5873 cod.

2152 4607 2436 4678 ἠπίστουν.
2467 4603 2673 4675 Πολλὴν
2703 4605 2761 4658 δὲ
2794 4605 3020 4676 βάσανον
3053 4606 3147 4658 καὶ
3175 4605 3458 4677 ἀκρίϐειαν
3479 4607 3587 4661 τῶν
3620 4625 3725 4678 μα-

2154 4697 2330 4769 θητῶν
2383 4696 2709 4768 παρίστησιν
2740 4698 2773 4768 ἠ
2800 4697 3011 4768 Γραφή,
3042 4698 3143 4751 οὐκ
3190 4698 3429 4771 εὐχερῶς
3456 4701 3572 4763 τοῖς
3601 4700 3723 4753 τού-

2150 4808 2258 4845 των
2282 4789 2457 4858 λόγοις
2474 4790 2763 4861 συγκατιθε
2770 4790 2965 4861 μένων,
2980 4790 3092 4843 ἀλλ’
3109 4792 3411 4860 ἐπεχόντων
3424 4790 3491 4844 τά
3507 4791 3718 4864 πρῶτα,

2151 4882 2325 4936 εἰσότε
2372 4879 2719 4952 πληρέστατα
2748 4882 2841 4934 καὶ
2878 4881 3123 4953 ἐναργῶς
3150 4880 3378 4951 τάληθὲς
3410 4882 3723 4950 ἐπιγνόντες

2149 4974 2319 5026 εἰπεῖν
2349 4972 2621 5043 δυνηθεῖεν
2643 4973 2893 5043 ὕστερον·
2931 4991 2949 5022 t
2989 4973 3054 5024 Ὃ
3082 4966 3148 5041 ἦν
3181 4971 3274 5024 ἀπ’
3299 4971 3495 5043 ἀρχῆς,
3530 4972 3559 5026 ὃ
3580 4974 3717 5045 ἀκη-

2150 5066 2379 5136 κόαμεν,
2426 5066 2454 5118 ὃ
2495 5054 2821 5137 ἑωράκαμεν
2847 5066 2960 5127 τοῖς
2984 5063 3277 5133 ὀφθαλμοῖς
3304 5064 3483 5135 ἡμῶν,
3510 5064 3540 5118 δ
3567 5065 3715 5120 ἐθεαο

2148 5155 2381 5226 σάμεθα,
2428 5158 2521 5210 καὶ
2563 5158 2619 5211 αί
2661 5157 2843 5226 χεῖρες
2883 5154 3039 5224 ἡμῶν
3069 5153 3423 5225 ἐψηλάφησαν
3468 5156 3596 5226 περὶ
3624 5153 3708 5207 τοῦ

2145 5247 2319 5315 Λόγου
2349 5250 2447 5318 τῆς
2475 5245 2635 5318 ζωῆς.
2673 5266 2691 5297 ι
2733 5247 2885 5315 Ἔχοι
2912 5245 2956 5297 δ’
2982 5244 3049 5298 ἂν
3088 5246 3182 5298 καὶ
3213 5246 3402 5315 ἑτέραν
3436 5244 3712 5299 διάνοιανό

2141 5338 2323 5402 τόπος.
2346 5339 2500 5392 Εἴποι
2526 5339 2634 5410 γὰρ
2668 5338 2733 5392 ἄν
2760 5355 2844 5400 τις
2864 5338 2945 5393 ὅτι
2972 5339 3092 5399 ταῖς
3126 5337 3589 5406 ἀπαγγελλούσαις
3617 5354 3714 5404 γυ·-

2143 5428 2285 5494 ναιξὶ
2308 5429 2405 5500 τήν
2433 5430 2723 5484 ἀνάστασιν
2773 5428 2869 5482 τοῦ
2905 5428 3176 5499 Σωτῆρος,
3208 5426 3283 5491 ὡς
3321 5428 3380 5495 ἐξ
3414 5431 3581 5503 ἀκοῆς
3608 5427 3731 5482 τῶν

2144 5521 2416 5590 ὀφθέντων
2442 5522 2628 5585 αὐταῖς
2661 5520 2755 5575 δύο
2780 5519 2991 5594 ἀνδρῶν
3021 5518 3165 5573 κατὰ
3195 5518 3285 5573 τὸν
3331 5520 3559 5589 Λουκᾶν,
3619 5534 3735 5577 out

2207 5825 2321 5898 (64)
2360 5828 2494 5887 Cod.
2530 5831 2595 5898 Α,
2625 5831 2667 5887 f.
2698 5830 2823 5901 512,
2856 5831 2911 5887 b.
