4106 6414
346 373 450 431 989
1211 366 1720 424 SUPPLEMENTA
1757 365 2239 437 QUESTIONUM
2278 364 2369 421 AD
2409 361 2751 421 MARINUM.
3501 362 3607 421 990

347 487 672 544 ιπίστευσαν
702 484 752 539 οί
776 482 987 547 ἕνδεκα,
1013 481 1071 535 ὲν
1100 475 1182 546 οἷς
1208 475 1348 553 ἦσαν
1368 482 1461 536 καὶ
1487 484 1532 535 ὁ·
1546 482 1751 553 Πέτρος
1780 486 1872 538 καὶ
1899 487 1927 538 ὁ

2039 490 2290 553 tanquam
2312 496 2380 537 ex
2413 478 2603 534 auditu
2630 478 2866 534 duorum
2914 482 3265 533 ostensorum
3294 475 3433 548 ipsis
3464 476 3611 532 viro-

360 579 633 651 Ἰωάννης,
671 576 804 649 μηδὲ
864 575 1019 630 αὐτοὶ
1065 573 1509 637 πεπιστευκότες.
1544 573 1708 646 Τῇδὲ
1736 574 1924 647 Μαρία

2039 591 2173 640 rum,
2204 581 2266 628 ut
2313 573 2388 628 ait
2418 572 2628 636 Lucas,
2664 587 2774 627 non
2822 568 3126 626 credidisse
3172 568 3476 640 discipulos
3504 586 3614 624 un-

348 671 490 726 κατά
515 669 608 723 τὸν
648 667 898 738 Ἰωάννην
937 664 1166 738 εἰπούσῃ
1187 665 1293 731 ὅτι,
1323 683 1343 717 ι
1373 660 1556 737 Ἦραν
1598 665 1692 719 τὸν
1722 666 1925 737 Κύριόν

2039 668 2226 731 decim,
2244 682 2381 737 quos
2403 667 2547 720 inter
2568 673 2727 720 erant
2748 664 2912 719 etiam
2931 661 3127 719 Petrus
3144 677 3208 719 ac
3227 660 3490 728 Joannes,
3515 664 3613 735 qui

352 781 453 835 μου
488 765 554 817 ἑκ
590 759 683 816 τοῦ
731 761 1029 831 μνήματος,
1074 777 1093 808 ι
1124 759 1186 813 ού
1234 757 1497 830 πρότερον
1535 758 1858 812 ἐπίστευσαν
1878 760 1925 811 οί

2039 761 2231 831 pariter
2288 758 2747 814 discrediderunt.
2828 755 3217 813 Verumtamen
3275 755 3496 824 Mariae,
3552 764 3616 812 ut

348 855 442 910 δύο
475 853 717 927 μαθηταὶ
734 851 894 905 τοῦτο
925 850 1078 916 αὐτὸ,
1106 850 1167 904 τὸ
1197 846 1365 923 ἦρθαι
1395 851 1489 905 τὸν
1522 852 1770 923 Σωτῆρα,
1799 852 1927 924 πρὶν

2039 850 2266 907 Ioannes
2296 859 2506 914 narrat,
2535 849 2778 905 dicenti:
2822 868 2841 900 ι
2873 848 3161 904 Dominum
3199 864 3379 904 meum
3424 849 3492 904 de
3527 863 3617 904 se-

349 948 525 1002 ἑλθεῖν
575 949 655 1010 είς
693 944 783 999 τὶν
830 943 994 997 τόπον
1040 942 1134 996 καὶ
1183 941 1329 1014 ἔργῳ
1369 942 1528 996 τοῦτο
1572 942 1924 1014 παραλαϐεῖν.

2039 944 2219 1013 pulcro
2248 941 2618 1008 abstulerunt;
2684 961 2702 993 ι
2745 940 2890 995 haud
2935 949 3061 996 ante
3108 941 3463 997 crediderunt
3505 941 3617 995 duo

352 1039 482 1091 Ὅτε
504 1035 634 1108 γοῦν
650 1034 897 1106 εἰσῆλθον
922 1030 1066 1086 οὗτοι
1098 1033 1180 1095 είς
1211 1032 1272 1085 τὸ
1304 1033 1515 1104 μνῆμα,
1547 1034 1641 1086 xui
1658 1033 1727 1087 τὰ
1745 1033 1927 1087 ὀθόνια

2039 1033 2283 1103 discipuli
2308 1033 2555 1102 rapinam
2587 1031 2896 1087 Servatoris
2920 1031 3089 1088 fuisse
3109 1041 3408 1102 peractam,
3428 1046 3614 1101 quam,

351 1125 490 1186 εἶδον
520 1129 673 1201 μόνα,
719 1128 781 1181 τὸ
834 1127 890 1180 δὲ
938 1126 1096 1197 σῶμα
1117 1126 1372 1197 οὐδαμοῦ,
1407 1127 1528 1180 τότε
1561 1127 1886 1180 ἐπίστευσαν
1910 1144 1923 1157 θ

2039 1126 2098 1182 ad
2120 1126 2299 1180 locum
2336 1124 2585 1194 profecti,
2615 1139 2728 1178 rem
2760 1125 2934 1179 oculis
2956 1125 3071 1180 suis
3103 1114 3457 1195 usurparunt.
3479 1121 3618 1178 Cum

350 1221 456 1279 τινι
485 1220 541 1273 δὲ
584 1219 929 1285 ἐπίστευσαν,
973 1217 1087 1270 ἀλλ’
1120 1216 1153 1287 ἢ
1179 1217 1256 1287 τῷ
1283 1218 1379 1289 τῆς
1412 1218 1631 1289 Μαρίας
1659 1218 1801 1289 λόγῳ
1826 1220 1929 1291 φή-

2039 1219 2086 1272 hi
2120 1233 2251 1289 ergo
2279 1229 2693 1272 monumentum
2724 1218 2955 1286 ingressi
2999 1217 3319 1271 linteamina
3370 1217 3486 1273 sola
3535 1215 3619 1270 vi-

356 1331 532 1378 σαντι,
569 1309 782 1385 «Ἦραν
814 1313 906 1366 τὸν
929 1311 1133 1384 Κύριόν
1166 1328 1267 1382 μου
1294 1327 1309 1377 ;
1334 1330 1351 1362 ι
1375 1312 1471 1364 Διὸ
1500 1311 1740 1381 ἐπιλέγει
1771 1311 1925 1384 ἑξῆς·

2039 1307 2250 1371 derunt,
2285 1315 2417 1362 tunc
2464 1308 2838 1362 crediderunt.
2873 1305 3104 1361 Cuinam
3136 1308 3213 1361 rei
3247 1322 3409 1377 porro
3440 1305 3619 1362 credi-

361 1426 380 1459 ι
405 1406 572 1461 Οὔπω
616 1407 725 1478 γὰρ
766 1406 990 1478 ᾔδεισαν
1030 1406 1127 1478 τὴν
1165 1404 1407 1477 Γραφὴν,
1434 1405 1516 1458 ὃτι
1542 1405 1622 1458 δεῖ
1670 1404 1831 1459 αὑτὸν
1867 1407 1932 1460 ἑκ

2039 1399 2264 1461 derunt,
2307 1396 2414 1451 nisi
2455 1397 2634 1451 Mariae
2680 1396 2902 1452 verbis:
2948 1415 2966 1447 ι
3002 1396 3270 1451 Tulerunt
3323 1398 3618 1453 Dominum

354 1497 565 1569 νεκρῶν
583 1498 902 1569 ἀναστῆναι.
940 1515 961 1549 ι

2039 1488 2249 1542 meum?
2284 1508 2302 1539 ι
2324 1486 2614 1557 Propterea
2670 1503 2795 1542 mox
2825 1488 2970 1543 addit
2992 1486 3270 1545 Joannes:
3307 1509 3326 1540 ι
3364 1488 3618 1545 Nondum

1478 1623 1507 1655 '
2034 1576 2180 1630 enim
2211 1576 2463 1631 sciebant
2498 1574 2835 1646 Scripturam
2857 1616 2873 1643 ,
2927 1578 3073 1648 quod
3121 1588 3398 1648 oporteret
3426 1594 3550 1635 eum
3587 1593 3619 1634 a

2035 1664 2271 1719 mortuis
2302 1680 2607 1735 resurgere.
2648 1685 2666 1717 ι

1111 1779 1184 1832 Δ¹.
2784 1778 2874 1834 IV.

427 1893 539 1965 (65)
568 1893 641 1947 T6
672 1892 731 1947 δὲ
762 1891 882 1956 πῶς
920 1891 1014 1946 δύο
1057 1890 1207 1963 παρά
1244 1889 1335 1943 τὸν
1374 1889 1627 1961 Ἰωάννην
1678 1888 1936 1963 μαθητῶν

2112 1895 2397 1963 Quomodo
2442 1902 2622 1950 autem
2669 1894 2779 1949 duo
2827 1894 3087 1949 dicantur
3128 1909 3159 1947 a
3201 1892 3413 1951 Joanne
3455 1893 3625 1950 disci-

353 1986 617 2041 ἐλθόντων
640 1988 720 2050 είς
746 1986 807 2039 τὸ
857 1987 1150 2057 μνημεῖον,
1197 1983 1406 2055 Πέτρου
1459 1984 1553 2037 καὶ
1608 1984 1875 2046 Ἰωάννου,
1907 1987 1936 2038 6

2043 1988 2154 2060 puli
2190 1988 2258 2043 ad
2292 1996 2704 2042 monumentum
2740 1987 2979 2050 venisse,
3018 1985 3214 2042 Petrus
3249 1995 3412 2058 atque
3454 1985 3624 2044 Joan-

354 2079 568 2141 Δουκᾶς
595 2078 692 2132 ἕνα
722 2077 880 2148 μόνον
914 2076 1077 2149 φησὶν
1104 2073 1499 2147 ἀπηντηκέναι,
1541 2074 1715 2140 οὕτως
1747 2076 1813 2130 ἂν
1844 2076 1937 2129 λυ-

2040 2095 2174 2143 nes,
2206 2078 2384 2135 Lucas
2416 2095 2547 2134 vero
2591 2095 2758 2134 unum
2794 2080 2925 2134 illuc
2971 2093 3324 2149 progressum
3355 2077 3622 2147 aﬂirmet,

353 2169 497 2241 θείη.
2041 2172 2272 2243 quaestio
2306 2173 2381 2226 ita
2409 2172 2753 2227 dissolvitur.

424 2262 598 2326 Πολὺς
646 2258 716 2333 ἦν
747 2260 776 2314 6
831 2263 1033 2334 Πέτρος
1078 2264 1165 2317 ἀεὶ
1196 2268 1261 2336 τῇ
1306 2263 1614 2337 προθυμίᾳ,
1657 2262 1733 2327 ὡς
1776 2262 1936 2332 μόνον

354 2354 508 2425 παρά
530 2358 656 2419 τοὺς
688 2355 1018 2420 ἀποστόλους
1040 2358 1214 2411 εἰπεῖν
1238 2357 1315 2427 τῷ
1342 2357 1551 2428 Σωτῆρι
1580 2374 1595 2387 ·
1636 2375 1656 2408 ‹
1696 2356 1813 2410 Κᾶν
1841 2356 1933 2428 δέῃ

356 2460 426 2515 με
456 2446 554 2498 σὺν
586 2445 668 2499 σοὶ
693 2445 1001 2510 ἀποθανεῖν,
1026 2447 1086 2498 οὐ
1126 2446 1198 2516 μή
1238 2462 1296 2498 σε
1324 2447 1740 2517 ἀπαρνήσομαι*
1779 2464 1797 2496 ›
1841 2445 1936 2498 xui

358 2537 517 2607 μόνον
540 2537 703 2591 πάλιν
726 2538 983 2608 ἐπιϐῆναι
1010 2542 1123 2601 τοῖς
1152 2538 1390 2611 κύμασιν
1421 2539 1650 2603 ἀξιῶσαι
1672 2556 1684 2569 ·
1713 2540 1808 2593 xui.
1843 2539 1937 2610 μό-

354 2642 447 2682 νον
491 2628 889 2700 ἀποκρίνασθαι
921 2630 1015 2683 xui
1044 2632 1221 2685 εἰπεῖν
1259 2631 1409 2701 αὐτῷ
1440 2650 1454 2664 ο
1498 2652 1516 2684 ι
1552 2633 1625 2686 Σὺ
1657 2628 1707 2685 εἴ
1736 2632 1765 2684 6
1799 2634 1935 2704 Χρι-

355 2719 479 2784 στὸς
495 2722 523 2773 6
549 2720 677 2784 Υἱὸς
700 2721 794 2775 τοῦ
819 2720 953 2775 Θεοῦ
976 2722 1070 2776 τοῦ
1102 2721 1302 2787 ζῶντος
1323 2741 1335 2754 ·
1374 2744 1393 2776 ι
1421 2724 1500 2778 διὸ
1531 2726 1623 2778 xui
1648 2724 1805 2795 μόνος
1827 2723 1937 2777 τῶν

357 2813 613 2884 μαθητῶν
638 2814 826 2867 ἀκούει
844 2832 857 2843 ·
894 2834 913 2866 ‹
932 2816 1219 2887 Μακάριος
1248 2812 1317 2884 εἴ,
1348 2817 1528 2887 Σίμων
1557 2817 1668 2889 Βάρ
1708 2817 1878 2871 Ἰωνᾶ.
1911 2836 1932 2870 ι

353 2904 446 2957 Διὸ
471 2905 565 2957 xui
596 2905 809 2974 πρῶτος
837 2905 1011 2977 τολμᾷ
1051 2905 1278 2958 εἰσιέναι
1317 2908 1396 2970 είς
1434 2906 1496 2959 τὸ
1531 2909 1812 2978 μνημεῖον,
1840 2908 1937 2961 σὺν

350 2995 430 3066 τῷ
459 2996 632 3067 ἑτέρῳ
668 2995 882 3068 μαθητῇ
931 2998 988 3049 ὃν
1022 2996 1193 3066 ἐφίλει
1248 3000 1276 3050 6
1321 2997 1527 3069 Ἰησοῦς
1571 2997 1763 3062 ἐλθὼν,
1797 2997 1939 3054 κατά

350 3087 444 3140 τὸν
486 3087 740 3158 Ἰωάννην
761 3105 773 3117 ·
805 3088 941 3141 ἀλλά
969 3090 1089 3142 τότε
1124 3089 1221 3159 μὲν
1247 3089 1398 3161 παρὰ
1433 3090 1533 3160 τῆς
1574 3091 1938 3164 Μαγδαληνῇ

2043 3094 2234 3158 Jesus,
2256 3100 2315 3147 ut
2342 3093 2417 3146 ait
2448 3090 2709 3145 Joannes.
2753 3087 2858 3144 Sed
2894 3095 3026 3143 tunc
3063 3088 3284 3158 quidem
3335 3096 3625 3159 postquam

349 3171 518 3247 ἦρθαι
545 3177 606 3229 τὸ
639 3176 797 3247 σῶμα
821 3177 913 3231 τοῦ
941 3179 1148 3250 Κυρίου
1183 3180 1290 3233 ἀπὸ
1313 3179 1409 3233 τοῦ
1462 3180 1725 3252 μνημείου
1757 3199 1936 3253 μεμα-

2046 3184 2295 3239 audierat
2326 3198 2389 3237 ex
2449 3180 2765 3250 Magdalene
2825 3180 3101 3235 sublatum
3140 3178 3210 3233 de
3274 3188 3629 3234 monumento

353 3267 557 3340 θηκὼς,
593 3269 808 3341 ἀπήντα
841 3271 958 3340 ἅμα
981 3271 1059 3341 τῷ
1093 3272 1266 3344 ἑτέρῳ
1304 3273 1517 3344 μαθητῇ
1541 3290 1555 3305 ο
1588 3269 1706 3326 εἶτα
1735 3273 1938 3344 ἀνεχώ-

2048 3290 2251 3346 corpus
2283 3272 2518 3337 Domini,
2552 3275 2727 3325 iverat
2767 3286 2892 3325 cum
2935 3272 3109 3326 altero
3159 3271 3450 3343 discipulo.
3504 3270 3628 3326 Mox

356 3375 439 3429 ρει
469 3360 565 3412 σὺν
594 3360 762 3430 αὐτῷ,
800 3360 866 3413 τὰ
890 3360 1069 3414 ὀθόνια
1098 3362 1229 3415 εἴσω
1259 3362 1354 3415 τοῦ
1382 3364 1664 3433 μνήματος
1684 3362 1938 3434 τεθεαμέ-

2043 3382 2168 3421 cum
2201 3366 2391 3421 eodem
2426 3363 2693 3428 recessit,
2725 3362 2859 3416 visis
2900 3362 3045 3416 intra
3079 3370 3493 3418 monumentum
3524 3363 3631 3418 lin-

352 3468 443 3514 νος
473 3452 567 3503 xui
591 3451 904 3515 πιστεύσας.
935 3452 1092 3506 Κατά
1116 3453 1172 3506 δὲ
1208 3455 1443 3515 Λουκᾶν,
1471 3453 1578 3505 τῶν
1610 3453 1783 3506 ἄλλων
1812 3456 1938 3507 ἀπι-

2040 3456 2395 3518 teamiuibus,
2444 3455 2634 3524 reique
2680 3467 2824 3506 vera:
2861 3454 3067 3507 certior
3118 3451 3316 3509 factus.
3359 3452 3429 3507 At
3464 3468 3617 3519 vero,

354 3542 623 3595 στούντων
660 3542 935 3613 μαθητῶν,
975 3544 1133 3614 μόνος
1164 3544 1326 3607 αὐτὸς
1357 3544 1517 3597 πάλιν
1552 3543 1795 3596 πιστεύει
1818 3546 1938 3607 ταῖς

2042 3548 2342 3604 secundum
2368 3545 2596 3608 Lucam,
2633 3543 2757 3598 aliis
2787 3543 3073 3613 discipulis
3107 3560 3217 3599 non
3249 3545 3623 3614 credentibus,

352 3629 638 3702 λεγούσαις
665 3637 785 3697 ταῖς
812 3634 1056 3703 γυναιξὶν
1084 3635 1388 3705 ἑωρακέναι
1412 3635 1539 3697 τοὺς
1555 3634 1819 3703 ἀερθέντας
1839 3635 1938 3701 ἀγ-

2042 3637 2191 3692 solus
2236 3635 2353 3705 ipse
2395 3634 2569 3689 credit
2603 3634 2893 3689 mulierum
2927 3633 3271 3687 aﬂirmationi
3327 3633 3625 3689 dicentium

352 3724 579 3795 ⁸μέλους·
624 3726 686 3778 ού
744 3726 853 3797 γὰρ
887 3727 1195 3798 ἀπιστήσας
1248 3727 1304 3780 δὲ
1355 3730 1475 3789 ταῖς
1503 3727 1611 3779 τῶν
1664 3724 1938 3794 γυναικῶν

2042 3744 2102 3784 se
2141 3729 2362 3798 angelos
2408 3725 2634 3782 vidisse.
2687 3725 2899 3779 Etenim
2964 3724 3254 3778 mulierum
3311 3725 3628 3781 testimonio

355 3816 708 3889 μαρτυρίαις,
766 3818 1188 3890 παλινδρομαῐος
1224 3819 1316 3872 ἑπὶ
1369 3819 1431 3872 τὸ
1489 3821 1752 3889 μνημεῖον
1780 3817 1938 3889 μόνος

2042 3836 2154 3875 non
2182 3818 2522 3883 discredens,
2555 3834 2753 3874 rursus
2785 3816 2850 3869 ad
2883 3823 3300 3870 monumentum
3347 3818 3500 3871 solus
3527 3832 3625 3873 ve-

354 3910 719 3980 παραγίνεται
739 3927 751 3940 °
782 3912 876 3963 xui
907 3906 1062 3975 αὖθις
1088 3911 1418 3984 παρακύψας
1447 3911 1632 3981 βλέπει
1659 3910 1726 3965 τὰ
1760 3909 1938 3964 ὀθόνια

2042 3913 2124 3968 nit
2150 3926 2486 3981 :rursusque
2515 3907 2930 3979 introspiciens,
2955 3906 3072 3961 sola
3103 3907 3419 3961 linteamina
3444 3915 3503 3962 ut
3528 3923 3629 3963 an-

358 4002 495 4073 μόνα
530 4002 606 4065 ὼς
639 4004 732 4055 xui
762 4002 822 4055 τὸ
857 4004 1151 4075 πρότερον·
1186 4000 1306 4058 εἶτα
1338 4005 1539 4076 ἀπῄει,
1575 4004 1711 4076 πρὸς
1751 4004 1938 4057 ἑαυτὸν

2043 4015 2127 4061 tea
2157 4003 2312 4058 vidit.
2346 4002 2552 4058 Deinde
2582 4001 2735 4063 abiit,
2772 4013 2959 4054 secum
3007 3998 3127 4068 ipse
3157 4012 3274 4053 rem
3320 3998 3622 4056 demirans.

354 4092 652 4165 Θαυμάζων
681 4092 741 4146 τὸ
768 4094 990 4163 γεγονός
1011 4111 1022 4121 ·
1057 4096 1152 4149 καὶ
1186 4095 1281 4149 νῦν
1311 4097 1410 4168 μὲν
1435 4096 1601 4168 ἀπῄει
1647 4096 1938 4167 θαυμάζων

2045 4095 2268 4151 Scilicet
2296 4109 2412 4149 rem
2438 4100 2647 4164 gestam
2678 4092 2879 4147 tacitus
2914 4090 3311 4157 admirabatur,
3351 4091 3481 4163 quia
3513 4084 3638 4149 fer-'-

354 4182 417 4239 1-6
442 4186 683 4254 γεγονὸς,
713 4187 833 4239 ἐπεὶ
850 4186 906 4240 δὲ
930 4180 1095 4252 πολὺς
1114 4184 1181 4259 ἦν
1203 4191 1268 4260 τῇ
1295 4188 1574 4261 προθυμίᾳ
1598 4189 1692 4243 xui
1722 4188 1940 4242 πλείονα

356 4277 594 4349 σπουδὴν
625 4277 778 4350 παρὰ
808 4279 1015 4343 πάντας
1039 4279 1407 4343 ἐπεδείκνυτο,
1434 4279 1683 4335 σπεύδων
1715 4281 1809 4334 xui
1842 4297 1942 4333 πε-

356 4370 640 4441 ριτρέχων,
665 4372 759 4425 xui
780 4370 955 4444 πάντη
982 4383 1071 4425 τον
1094 4372 1325 4445 Σωτῆρα
1348 4372 1658 4445 περιαθρῶν
1681 4372 1942 4441 ἀνεωγόσι

356 4461 469 4521 τοῖς
501 4460 601 4528 τῆς
629 4460 808 4531 ψυχῆς
839 4461 1073 4533 ὄμμασι,
1105 4462 1381 4534 πανταχοῦ
1411 4463 1470 4516 δὲ
1503 4463 1681 4535 ζητῶν
1727 4465 1821 4518 καὶ
1846 4481 1941 4517 πε-

361 4548 768 4621 ριδλεπόμενος,
797 4554 898 4606 οὐκ
921 4553 1163 4626 ἠτύχησε
1185 4555 1284 4626 τῆς
1313 4555 1545 4621 ἐλπίδος,
1572 4554 1707 4609 ἀλλά
1736 4556 1830 4609 xui
1852 4557 1942 4610 αὺ-

356 4641 449 4705 τὸς
471 4640 713 4707 ἀξιοῦται
747 4644 847 4715 τῆς
881 4646 1046 4699 αὐτοῦ
1076 4646 1397 4717 θεοφανείας
1416 4661 1429 4676 ⁸
1459 4649 1650 4703 τούτου
1683 4649 1892 4721 μάρτυς
1912 4652 1941 4704 6

354 4733 515 4797 αὐτὸς
545 4734 936 4807 εὐαγγελιστὴς
969 4738 1185 4802 Λουκᾶς
1215 4731 1318 4792 ὧδέ
1351 4757 1426 4811 πη
1465 4738 1667 4812 προϊὼν
1694 4740 1820 4811 ἑξῆς
1847 4741 1942 4794 xui

355 4826 532 4894 λέγων
557 4828 640 4880 ὅτι
667 4827 837 4892 ὅντως
865 4829 1073 4902 ἠγέρθη
1099 4833 1127 4883 6
1160 4830 1362 4903 Κύριος
1390 4833 1485 4886 xui
1506 4831 1661 4904 ὤφθη
1709 4832 1937 4902 Σίμωνι.

355 4918 744 4991 Συμμαρτυρεῖ
766 4920 822 4973 δὲ
848 4921 996 4993 αὐτῷ
1023 4922 1119 4976 xui
1141 4924 1169 4976 6
1201 4923 1344 4994 ἱερὸς
1358 4924 1678 4987 Ἀπόστολος
1700 4917 1803 4977 ὧδε
1828 4925 1940 4977 Κο-

356 5009 580 5082 ρινθίοις
598 5014 844 5084 γράφων,
869 5015 949 5067 ὅτι
980 5014 1189 5088 «Ὤφθη
1215 5017 1393 5088 Κεφᾷ,
1420 5012 1537 5069 εἶτα
1555 5019 1666 5080 τοῖς
1689 5016 1934 5071 ἕνδεκα.»

2114 2263 2311 2334 Magno
2344 2279 2560 2333 semper
2600 2272 2717 2319 erat
2769 2262 2982 2317 fervore
3017 2261 3245 2329 Petrus;
3286 2263 3488 2333 quippe
3526 2263 3623 2333 qui

2046 2357 2196 2413 solus
2226 2358 2597 2426 apostolorum
2628 2354 2827 2409 dixerit
2856 2352 3135 2408 Servatori
3170 2374 3181 2408 :
3220 2372 3239 2404 ‹
3278 2353 3506 2409 Etiamsi
3537 2369 3627 2409 me

2042 2451 2347 2522 oportuerit
2380 2449 2516 2503 mori
2545 2457 2747 2508 tecum,
2787 2461 2894 2500 non
2941 2454 2992 2500 te
3035 2445 3245 2516 negabo
3274 2445 3355 2512 '3;
3397 2465 3414 2497 ι
3474 2446 3626 2502 solus

2042 2545 2170 2599 item
2193 2543 2428 2598 voluerit
2448 2555 2612 2610 supra
2640 2539 2839 2594 ﬂuctus
2862 2538 3141 2593 ambulare
3169 2556 3183 2603 ;
3215 2538 3366 2593 solus
3393 2553 3626 2608 respon-

2042 2635 2203 2697 derit,
2235 2632 2540 2700 dixeritque
2570 2629 2697 2685 Jesu
2732 2649 2745 2684 :
2782 2647 2801 2679 ι
2841 2627 2921 2682 Tu
2950 2644 3009 2683 es
3037 2628 3291 2683 Christus
3322 2627 3492 2682 Filius
3528 2626 3625 2683 Dei

2040 2726 2153 2782 vivi
2178 2726 2222 2758 ⁸⁹
2261 2740 2337 2779 τ’»
2375 2724 2608 2791 ideoque
2658 2729 2712 2777 et
2761 2722 2911 2775 solus
2959 2721 3353 2788 discipulorum
3390 2718 3564 2773 audiit
3606 2739 3621 2775 :

2049 2840 2068 2872 ι
2098 2818 2300 2874 Beatus
2352 2832 2434 2882 es,
2496 2815 2685 2869 Simon
2728 2812 2832 2867 Bar
2869 2812 3094 2867 Jona”.
3170 2831 3188 2863 ι
3249 2810 3619 2879 Quamobrem

2042 2911 2254 2983 primus
2284 2922 2504 2978 quoque
2549 2904 2714 2961 audet
2775 2906 2828 2958 in
2889 2912 3306 2959 monumentum
3368 2904 3622 2970 introire,

2044 3017 2169 3057 cum
2199 3003 2372 3057 altero
2394 2999 2665 3068 discipulo
2703 2997 2832 3051 illuc
2863 2997 3142 3067 profectus
3174 3012 3336 3067 quem
3369 2997 3630 3067 diligebat

2042 4281 2149 4337 bus
2183 4278 2618 4343 demonstrabat,
2663 4284 2920 4350 satagens
2971 4287 3134 4350 atque
3176 4280 3534 4347 discurrens;
3573 4287 3630 4336 et

2043 4372 2247 4442 ubique
2285 4369 2632 4425 Servatorem
2676 4372 2879 4439 apertis
2927 4372 3146 4427 intuens
3197 4371 3393 4426 anima:
3419 4371 3621 4438 oculis,

2045 4477 2456 4535 quaqueversus
2530 4461 2797 4531 indagans
2864 4470 2919 4520 et
2990 4466 3478 4537 circumspiciens,
3533 4482 3631 4539 spe

1973 4596 2017 4651 ο
2045 4573 2145 4615 sua
2188 4572 2296 4612 non
2324 4558 2548 4621 excidit,
2585 4556 2681 4612 sed
2713 4566 2766 4613 et
2800 4558 2918 4629 ipse
2962 4558 3149 4615 divina
3182 4560 3630 4618 manifestatione

2044 4650 2245 4718 dignus
2279 4648 2398 4703 fuit.
2430 4647 2529 4704 Rei
2560 4650 2717 4705 testis
2748 4648 2892 4705 idem
2922 4651 3257 4723 evangelista
3291 4651 3491 4716 Lucas,
3534 4652 3631 4723 qui

2042 4741 2099 4796 in
2132 4742 2594 4811 subsequentibus
2631 4742 2787 4807 dicit,
2835 4758 3026 4799 revera
3076 4745 3389 4801 surrexisse
3438 4744 3629 4800 Domi-

2042 4849 2198 4899 num,
2233 4841 2287 4888 et
2326 4834 2650 4905 apparuisse
2695 4832 2928 4889 Simoni.
2975 4834 3259 4892 Consonat
3312 4836 3441 4891 huic
3481 4837 3629 4892 sacri

2045 4926 2297 4998 Apostoli
2349 4927 2727 4983 testimonium
2757 4928 2826 4983 ad
2882 4928 3197 4986 Corinthios
3268 4930 3560 4988 scribentis
3610 4951 3627 4990 :

2038 5016 2073 5075 ἰ
2119 5020 2278 5077 Visus
2307 5029 2392 5077 est
2419 5020 2637 5092 Cepbze,
2673 5031 2729 5077 et
2760 5022 2958 5081 deinde
2984 5024 3238 5080 undecim
3266 5024 3335 5082 ⁹¹.
3367 5044 3386 5077 ι
3414 5025 3629 5095 Cephas

358 5103 548 5173 Κεφᾶς
576 5102 635 5157 δὲ
660 5105 821 5179 αὐτὸς
849 5102 917 5178 ἦν
949 5107 1132 5178 Σίμων
1162 5110 1191 5162 6
1224 5108 1319 5162 xui
1351 5108 1578 5180 Πέτρος,
1609 5102 1654 5177 ᾧ
1692 5108 1785 5162 καί
1831 5109 1938 5180 πρὸ

2047 5123 2230 5170 autem
2260 5114 2381 5185 ipse
2411 5113 2602 5170 Simon
2636 5124 2721 5173 est
2760 5133 2824 5173 ac
2872 5115 3102 5185 Petrus;
3157 5116 3249 5172 cui
3305 5117 3469 5172 etiam
3500 5127 3629 5175 ante

357 5193 467 5247 τῶν
502 5194 696 5249 ἕνδεκα
739 5197 899 5267 μόνος
945 5199 1093 5271 μόνῳ
1142 5198 1296 5272 ὤφθη
1328 5201 1357 5253 ὁ
1404 5201 1615 5270 Σωτὴρ,
1648 5199 1749 5270 τῆς
1787 5201 1938 5273 παρά

2045 5206 2183 5262 alios
2213 5203 2470 5261 undecim
2500 5206 2651 5263 solus
2678 5207 2780 5264 soli
2809 5208 3062 5283 apparuit
3091 5207 3371 5275 Servator,
3401 5215 3626 5280 propter

356 5284 566 5349 πάντας
589 5286 1035 5361 ὑπερϐαλλούσης
1062 5289 1231 5345 αὐτοῦ
1256 5292 1416 5363 χάριν
1458 5293 1709 5364 σπουδῆς.

2042 5309 2315 5349 summam
2347 5298 2466 5367 ejus
2497 5299 2863 5369 praeomnibas
2885 5301 3243 5359 seculitatem.

1119 5404 1198 5460 E’.
2802 5409 2869 5467 ν.

430 5486 565 5560 (65')
586 5488 706 5541 Ἔτι
728 5489 1012 5562 ζητήσειεν
1032 5493 1097 5548 ἄν
1125 5510 1209 5558 τις
1235 5494 1352 5559 πῶς
1379 5496 1531 5568 παρά
1557 5498 1655 5569 μὲν
1683 5497 1763 5570 τῷ
1789 5500 1915 5555 Ματ

2118 5502 2346 5572 Insuper
2384 5502 2582 5573 aliquis
2605 5502 2979 5559 sciscitabitur
3001 5501 3275 5575 quomodo
3303 5501 3449 5575 apud
3482 5500 3620 5559 Mat-

427 5643 477 5677 ⁹⁸
516 5642 707 5702 Matth.
742 5663 907 5718 xxvn,
943 5649 1032 5706 35.
1109 5651 1155 5684 "
1195 5652 1383 5712 Matth.
1421 5672 1547 5726 XVI,
1588 5656 1676 5715 16.
1753 5659 1799 5692 ⁸⁸
1841 5657 1938 5716 ibid

2047 5659 2097 5713 7.
2174 5659 2217 5691 "
2262 5657 2426 5713 lCor.
2472 5673 2560 5725 xv,
2597 5658 2651 5711 5.

366 5795 542 5875 .|uuu
580 5799 1123 5897 Cod.a,r.3iz,b.

2110 5814 2245 5889 (θεὴ
2284 5813 2394 5872 Cod
2436 5812 2729 5883 A,f.3l3.

2041 4187 2169 4242 vida
2201 4194 2382 4241 mente
2405 4193 2542 4251 erat,
2583 4184 2995 4256 plurimumque
3025 4183 3268 4237 studium
3303 4197 3415 4254 prae
3445 4184 3628 4240 omni-
3708 4246 3713 4249 _
