4106 6424
518 391 617 448 991

1181 388 1453 445 EUSEBI!
1493 386 1984 445 CrESARlENSlS
2014 387 2167 445 OPP.
2200 389 2379 446 PARS
2419 386 2508 445 ΙΙΙ.
2548 417 2618 430 -—-
2653 384 3066 443 EXEGETICA.

3644 383 3750 439 99‘}

499 497 714 568 'tharum
755 507 922 563 Maria
955 505 1274 577 Magdalene
1304 495 1707 576 cum'ejusdem
1734 504 1971 561 nominis
1998 506 2073 559 al-

2183 505 2316 578 θαίῳ
2339 508 2372 578 ή
2403 503 2732 575 Μαγδαληνὴ
2755 502 2941 573 Μαρία
2972 498 3109 572 μετά
3135 500 3234 572 τῆς
3259 498 3547 571 ὁμωνύμου
3577 501 3753 572 ἑωρα-

512 612 630 659 tera
657 601 858 656 vidisse
890 606 1046 654 extra
1099 603 1509 651 monumentum
1557 594 1883 652 insidentem
1916 596 2082 666 lapidi

513 708 683 751 uanam
734 687 1115 744 tantummodo
1165 687 1419 757 angelum
1472 685 1734 741 dicatur:
1782 686 2081 741 secundum

509 782 775 842 Joannem
808 789 986 836 autem
1040 779 1184 833 intra
1218 785 1626 832 monumentum
1670 777 1894 848 angelos
1937 776 2078 834 duos

511 875 763 933 sedentes
795 871 1066 943 aspexerit
1099 888 1112 925 :
1140 875 1194 923 at
1237 884 1367 924 vero
1405 869 1706 924 secundum
1742 867 1944 924 Lucam
1973 869 2084 924 duo

509 967 613 1021 viri
657 964 983 1020 mulieribus
1031 960 1374 1017 occurrerint
1428 978 1441 1013 :
1497 959 1733 1029 denique
1778 959 2081 1014 secundum

511 1054 758 1109 Marcum
788 1053 1010 1123 juvenis
1041 1052 1110 1107 ab
1150 1051 1284 1122 ipsis
1313 1057 1642 1119 conspectus
1674 1048 1874 1104 fuerit?

582 1147 864 1203 Dictorum
920 1145 1063 1216 apud
1109 1144 1373 1199 Joannem
1412 1150 1575 1212 atque
1613 1141 1923 1196 Matthaeum
1968 1140 2081 1197 hac

511 1249 631 1295 esto
660 1239 879 1295 solutio.
929 1236 1185 1291 Arbitror
1227 1235 1370 1290 enim
1427 1233 1775 1303 praecessisse
1820 1249 1905 1296 ea,
1961 1248 2082 1303 quae

510 1336 699 1383 narrat
725 1326 990 1393 Joannes,
1021 1325 1088 1381 iis
1117 1339 1238 1394 qua!
1272 1323 1591 1389 Matthaeus;
1623 1329 1680 1376 et
1708 1321 2078 1392 Magdalenam

506 1421 566 1477 in
596 1419 776 1490 primo
814 1418 1051 1474 adventu
1080 1416 1300 1487 angelos
1331 1414 1470 1469 duos
1503 1413 1644 1469 intra
1672 1422 2079 1468 monumentum

510 1509 766 1566 sedentes
792 1509 1017 1563 vidisse.
1058 1507 1254 1561 Postea
1294 1504 1363 1559 ad
1383 1503 1631 1560 eumdem
1664 1504 1841 1557 locum
1888 1518 2080 1558 rursus

507 1616 851 1673 progressam
880 1615 1004 1655 eum
1029 1599 1135 1653 alia
1161 1597 1348 1661 Maria,
1377 1595 1699 1651 insidentem
1729 1594 1892 1665 lapidi
1917 1609 2079 1664 ange-

509 1692 620 1746 lum
647 1691 1019 1761 spectavisse;
1053 1689 1137 1744 vel
1169 1688 1331 1743 etiam
1364 1686 1597 1741 fortasse
1642 1684 1783 1740 alius
1827 1693 1909 1739 est
1938 1683 2081 1754 apud

509 1782 823 1837 Matthazum
886 1781 1131 1851 angelus,
1181 1778 1328 1834 aliud
1378 1786 1594 1849 tempus
1646 1777 1911 1845 locusque
1970 1789 2079 1845 quo

508 1876 734 1945 angelus
765 1875 914 1930 visus
945 1873 1049 1928 fuit
1082 1890 1095 1926 :
1126 1871 1218 1926 alii
1245 1871 1374 1926 item
1406 1869 1584 1942 angeli
1628 1868 1770 1939 apud
1796 1883 1922 1923 eum
1957 1882 2076 1920 mu-

507 1968 736 2025 lieribus
766 1968 936 2023 oblati
970 1986 983 2022 :
1023 1966 1336 2036 pariterque
1376 1964 1486 2019 duo
1523 1962 1665 2034 apud
1694 1960 1957 2017 Joannem
1985 1975 2077 2016 an-

507 2061 611 2133 geli
642 2064 782 2114 intra
823 2066 1238 2113 monumentum
1273 2055 1549 2119 sedentes,
1580 2053 1781 2111 diversi
1815 2052 2075 2109 credendi

508 2159 635 2208 sunt
664 2151 847 2205 abillo
884 2151 977 2221 qui
1005 2158 1158 2205 extra
1197 2156 1612 2204 monumentum
1649 2145 1815 2217 lapidi
1868 2146 2075 2201 inside-

506 2244 618 2307 bat,
667 2250 727 2297 ut
757 2251 946 2296 narrat
979 2241 1286 2297 Matthaaus.
1318 2239 1453 2294 Nam
1485 2241 1554 2304 si,
1605 2254 1731 2295 cum
1787 2238 2074 2294 Matthaaus

503 2337 651 2393 dicat
681 2351 805 2391 sero
830 2334 1217 2398 Sabbatorum,
1249 2348 1530 2403 unumque
1564 2340 1690 2390 ante
1729 2332 1927 2389 ostium
1957 2347 2076 2387 mo-

504 2430 752 2484 numenti
778 2429 1054 2484 sedentem
1081 2427 1135 2481 in
1161 2426 1361 2497 lapide,
1381 2424 1622 2482 Joannes
1643 2424 1831 2481 eodem
1864 2431 2075 2480 retento

504 2531 748 2591 tempore
791 2535 851 2574 ac
883 2520 1025 2584 loco,
1059 2519 1310 2583 dixisset,
1370 2533 1495 2573 sero
1533 2517 1920 2595 Sabbatorum,
1949 2523 2076 2572 ante

503 2614 703 2669 ostium
745 2611 1085 2667 monumenti
1131 2610 1270 2666 duos
1304 2610 1469 2681 lapidi
1506 2609 1816 2681 insidentes
1841 2623 2074 2679 conspe-

502 2714 643 2770 ctos,
674 2720 802 2761 vere
843 2711 1118 2775 oporteret
1155 2702 1554 2759 dissonantiam
1595 2702 1834 2757 causari.
1864 2701 1994 2757 ltem
2028 2701 2075 2758 si

502 2797 788 2852 Matthaeus
817 2812 970 2866 asque
997 2811 1061 2850 ac
1094 2793 1336 2850 Joannes
1370 2794 1693 2849 matutinam
1717 2792 1905 2847 horam
1931 2791 2075 2847 allir~

502 2902 681 2953 mans,
715 2888 861 2942 intra
915 2892 1329 2941 monumentum
1372 2885 1489 2954 ipse
1528 2900 1745 2955 quoque
1785 2899 1896 2938 non
1938 2884 2076 2940 duos

501 2978 725 3048 angelos
758 2977 856 3033 sed
895 2992 1066 3031 unum
1110 2975 1289 3031 visum
1325 2976 1637 3038 allirmaret,
1682 2975 1956 3030 contraria
1989 2975 2077 3029 vi-

501 3069 722 3124 deretur
764 3067 959 3122 merito
1013 3067 1275 3122 scribere.
1333 3064 1818 3122 Verumenimvero
1881 3066 1928 3121 si
1969 3065 2077 3123 dis-

501 3160 781 3214 tinxerunt
816 3157 1161 3227 evangelista:
1187 3165 1455 3227 tempora,
1490 3164 1545 3213 et
1568 3156 1781 3223 modos,
1812 3163 1865 3213 et
1887 3172 2077 3228 perso-

2183 595 2334 649 κέναι
2363 594 2518 657 ἐκτὸς
2542 593 2635 647 τοῦ
2671 594 2950 664 μνήματος
2970 589 3369 661 ἐπικαθήμενον
3390 588 3470 659 τῷ
3499 589 3632 657 λίθῳ
3653 591 3749 645 ἕνα

2185 688 2344 761 μόνον
2364 686 2589 756 ἄγγελον
2621 685 2833 756 εἴρηται
2857 701 2872 714 ·
2897 682 3039 738 κατὰ
3076 683 3133 737 δὲ
3177 682 3269 736 τὸν
3327 682 3577 753 Ἰωάννην
3620 683 3750 737 είσω

2181 780 2272 835 τοῦ
2301 782 2577 853 μνήματος
2600 778 2861 847 ἀγγέλους
2884 776 2976 830 δύο
2997 775 3191 846 θεωρεῖ
3207 774 3549 847 καθημένους
3567 790 3582 805 ·
3608 777 3748 830 κατά

2180 874 2237 928 δὲ
2263 873 2354 927 τὸν
2386 874 2598 927 Λουκᾶν
2649 870 2742 925 δύο
2788 869 2980 941 ἄνδρες
3028 869 3287 938 ἀπήντων
3331 872 3452 933 ταῖς
3500 869 3746 938 γυναιξί·

2181 964 2319 1021 κατά
2347 964 2403 1019 δὲ
2426 964 2519 1018 τὸν
2541 962 2765 1035 Μάρκον
2791 961 3069 1025 νεανίσκος
3093 956 3161 1033 ἦν
3189 961 3371 1026 αὐτοῖς
3393 960 3690 1034 ὁρώμενος.

2249 1150 2331 1204 Τά
2364 1149 2464 1222 μὲν
2491 1147 2642 1220 παρά
2664 1147 2743 1219 τῷ
2783 1148 3004 1221 Ἰωάννῃ
3035 1148 3129 1201 καὶ
3152 1146 3412 1218 Ματθαίῳ
3448 1146 3655 1212 λύσεως
3680 1147 3748 1202 ἂν

2178 1242 2329 1314 τύχοι
2354 1240 2646 1312 τοιαύτης’
2680 1239 2915 1311 ήγοῦμαι
2958 1240 3062 1311 γὰρ
3110 1238 3468 1311 προηγεῖσθαι
3526 1240 3622 1310 μὲν
3649 1240 3747 1310 τὴν

2184 1330 2332 1400 παρὰ
2354 1329 2431 1400 τῷ
2464 1330 2681 1400 Ἰωάννῃ
2719 1327 2978 1399 ἱστορίαν,
3011 1328 3111 1397 τῆς
3139 1326 3289 1398 παρά
3327 1326 3407 1398 τῷ
3459 1326 3743 1397 Ματθαίῳ,

2178 1419 2273 1472 καὶ
2302 1418 2399 1489 τὴν
2427 1417 2786 1490 Μαγδαληνὴν
2831 1418 2893 1471 τὸ
2935 1416 3149 1490 πρῶτον
3182 1416 3439 1472 ἐλθοῦσαν
3480 1419 3607 1482 τοὺς
3654 1418 3747 1471 δύο

2178 1510 2441 1579 ἀγγέλους
2490 1511 2620 1564 εῐσω
2668 1510 2761 1565 τοῦ
2817 1512 3095 1582 μνήματος
3141 1510 3534 1579 καθεζομένους
3586 1511 3744 1564 ἰδεῖν·

2183 1603 2318 1674 μετὰ
2355 1602 2412 1656 δὲ
2450 1601 2625 1657 ταῦτα
2665 1600 2914 1674 δεύτερον
2955 1603 3252 1656 ἐπιστᾶσαν
3293 1601 3373 1671 τῷ
3410 1601 3558 1673 αὐτῷ
3596 1602 3745 1674 τόπῳ

2181 1693 2317 1765 μετὰ
2356 1694 2455 1765 τῆς
2495 1693 2659 1765 ἄλλης
2684 1694 2901 1764 Μαρίας
2926 1694 3016 1746 τὸν
3055 1692 3451 1763 ἐπικαθήμενον
3502 1692 3579 1764 τῷ
3614 1693 3744 1764 λίθῳ

2179 1784 2403 1853 ἄγγελον
2427 1784 2747 1856 ἑωρακέναι.
2773 1785 2842 1837 Ἦ
2871 1784 3012 1854 τάχα
3038 1782 3223 1854 ἕτερος
3249 1781 3348 1853 μὲν
3378 1784 3407 1835 6
3435 1781 3587 1853 παρὰ
3606 1783 3747 1836 Ματ-

2106 1864 2149 1920 B
2175 1877 2310 1949 θαίῳ
2328 1877 2575 1947 ἄγγελος,
2608 1876 2797 1948 ἕτερος
2820 1877 2877 1930 δὲ
2906 1877 2999 1930 καὶ
3021 1878 3049 1931 6
3080 1877 3267 1948 χρόνος
3294 1875 3388 1930 καὶ
3409 1878 3435 1930 6
3461 1877 3625 1940 τόπος
3646 1880 3741 1947 τῆς

2176 1970 2269 2024 τοῦ
2304 1969 2533 2039 ἀγγέλου
2561 1969 2688 2033 θέας
2713 1985 2727 1999 ⁸
2776 1968 2952 2041 ἕτεροι
2990 1968 3049 2022 δὲ
3094 1969 3187 2023 καὶ
3217 1967 3437 2037 ἄγγελοι
3484 1968 3647 2029 αὐτοῦ
3693 1972 3740 2022 οἱ

2177 2062 2313 2132 πρὸς
2361 2061 2459 2123 τὰς
2515 2064 2806 2131 γυναῖκας’
2832 2059 3091 2124 ὡσαύτως
3142 2060 3198 2114 δὲ
3223 2059 3317 2114 καὶ¹
3363 2060 3413 2113 oi
3464 2059 3618 2132 παρά
3665 2060 3742 2130 τῷ

2188 2152 2407 2226 Ἰωάννῃ
2435 2152 2526 2205 δύο
2558 2152 2776 2221 ἄγγελοι
2802 2156 2850 2206 οἱ
2882 2153 3013 2206 εἴσω
3039 2151 3131 2206 τοῦ
3169 2153 3447 2224 μνήματος
3491 2152 3745 2222 ὀφθέντες

2174 2246 2350 2318 ἕτεροί
2380 2249 2486 2300 εἰσι
2507 2246 2655 2319 παρὰ
2674 2247 2764 2301 τὸν
2791 2245 2893 2314 ἔξω
2917 2247 3022 2319 πρὸ
3060 2247 3333 2318 μνήματος
3375 2246 3468 2300 ἐπὶ
3491 2246 3569 2318 τῷ
3613 2246 3744 2318 λίθῳ

2175 2338 2534 2410 καθεζόμενον
2556 2339 2705 2411 παρὰ
2722 2339 2800 2411 τῷ
2824 2338 3108 2410 Ματθαίῳ.
3131 2339 3193 2392 Et
3218 2338 3316 2409 μὲν
3343 2339 3451 2411 γὰρ
3478 2338 3572 2392 τοῦ
3598 2340 3747 2393 Ματ-

2175 2432 2325 2487 θαίου
2356 2431 2452 2501 ὀψὲ
2479 2432 2770 2486 Σαϐϐάτων
2802 2430 3101 2502 εἰρηκότος,
3142 2430 3236 2483 καὶ
3259 2430 3354 2484 ἕνα
3387 2429 3492 2501 πρὸ
3523 2429 3624 2501 τῆς
3654 2429 3746 2483 θύ-

2178 2542 2277 2595 ρας
2306 2524 2399 2578 τοῦ
2429 2523 2689 2595 μνημείου
2718 2521 3020 2593 καθήμενον
3059 2523 3150 2576 ἐπὶ
3186 2521 3264 2593 τῷ
3301 2521 3433 2594 λίθῳ
3467 2525 3745 2596 ἱστορηκό-

2174 2634 2285 2683 τος,
2327 2616 2564 2687 φυλάξας
2602 2618 2631 2671 ό
2673 2616 2923 2687 Ἰωάννης
2969 2615 3059 2669 τὸν
3087 2615 3248 2671 αὐτὸν
3299 2616 3489 2688 καιρὸν
3522 2617 3616 2670 καὶ
3651 2617 3744 2670 τὸν

2175 2710 2335 2764 αὐτὸν
2387 2709 2548 2763 τόπον
2580 2710 2790 2781 εἰρήκει
2835 2709 2933 2779 ὀψὲ
2964 2708 3254 2763 Σαϐϐάτων
3274 2749 3289 2774 ,
3323 2709 3428 2781 πρὸ
3453 2710 3551 2780 τῆς
3576 2709 3744 2781 θύρας

2174 2801 2269 2856 τοῦ
2303 2802 2582 2873 μνήματος
2628 2800 2720 2854 ἐπὶ
2748 2800 2826 2872 τῷ
2872 2800 3004 2872 λίθῳ
3045 2800 3138 2854 δύο
3185 2800 3580 2871 καθεζομένους
3618 2803 3746 2874 ὁρᾶ-

2176 2894 2320 2959 σθαι,
2342 2889 2410 2965 ἦν
2427 2893 2641 2965 άληθῶς
2663 2893 2956 2963 διαφωνίαν
2979 2893 3272 2949 αἰτιᾶσθαι.
3294 2893 3452 2948 Καὶὸ
3472 2893 3744 2959 Ματθαῖος

2173 2987 2433 3051 ὡσαύτως
2468 2990 2516 3041 εί
2546 2989 2743 3058 ὁμοίως
2786 2987 3006 3060 Ἰωάννῃ
3045 2985 3146 3058 τὴν
3189 2987 3432 3057 πρωῖνήν
3465 2986 3615 3057 ὤραν
3645 3005 3745 3057 τη-

2179 3076 2365 3146 ρήσας,
2389 3076 2518 3129 εἴσω
2547 3074 2639 3128 τοῦ
2673 3076 2949 3147 μνήματος
2972 3075 3065 3129 καὶ
3091 3075 3251 3139 αὐτὸς
3277 3077 3336 3128 ού
3365 3075 3457 3128 δύο
3482 3076 3743 3144 ἀγγέλους

2175 3166 2289 3221 ἀλλ’
2322 3167 2420 3221 ἕνα
2450 3166 2619 3238 ἔφησε
2648 3166 3038 3240 τεθεωρῆσθαι,
3070 3167 3528 3233 τάναντίαέδοξεν
3562 3168 3627 3222 ἂν
3666 3170 3742 3220 εί-

501 3263 604 3302 nas
652 3246 1039 3317 spectantium,
1116 3261 1332 3301 necnon
1405 3248 1718 3317 angelorum
1771 3262 2073 3312 sermones,

2179 3260 2352 3323 κότως
2404 3259 2758 3330 συγγράφειν.
2794 3261 2856 3313 El
2887 3260 2932 3313 δ’
2960 3258 3237 3330 ἀφώρισαν
3264 3261 3314 3313 οί
3363 3259 3741 3329 εύαγγελισταλ⁵

503 3354 664 3395 nemo
693 3337 1093 3394 rationabiliter
1125 3339 1523 3395 dissonantiam
1568 3338 1865 3410 Scriptum
1907 3354 2073 3394 accu-

503 3430 665 3491 sabit,
694 3443 820 3483 cum
852 3429 1083 3501 singulae
1122 3430 1465 3485 narrationes
1511 3444 1613 3484 suo
1650 3444 1880 3499 quaeque
1909 3427 2071 3483 modo

503 3535 644 3575 verae
668 3520 801 3585 sint,
828 3528 883 3576 et
914 3521 1255 3577 diversarum
1289 3535 1472 3576 rerum
1524 3519 1728 3574 faciant
1774 3519 2072 3589 expositio-

502 3627 648 3666 nem.
683 3610 787 3666 Sed
812 3612 954 3682 apud
981 3613 1115 3668 istos
1138 3614 1501 3683 evangelistas
1528 3612 1756 3683 (Matth.
1790 3620 1844 3667 et
1874 3610 2068 3684 Joan.)

501 3703 697 3771 angeli,
742 3712 796 3758 et
843 3702 1150 3760 Servatoris
1192 3710 1317 3774 post
1366 3704 1823 3760 resurrectionem
1858 3704 2071 3773 appari-

503 3794 698 3853 tiones,
725 3795 866 3863 apud
895 3795 996 3850 hos
1028 3795 1246 3865 inquam
1273 3795 1442 3856 solos,
1471 3778 1618 3850 velut
1638 3795 1776 3864 apud
1810 3796 2068 3864 potiores,

500 3891 556 3940 et
590 3885 765 3955 ipsius
797 3884 1107 3941 Servatoris
1155 3892 1494 3956 spectatores
1531 3892 1587 3940 et
1618 3884 1898 3941 auditores
1928 3886 2068 3941 rela-

503 3987 591 4040 tae.
633 3978 778 4033 hunc
808 3977 1056 4033 ordinem
1088 3985 1329 4036 teneant.
1373 3979 1489 4035 Duo
1534 3994 1662 4034 vero
1695 3980 1836 4050 apud
1866 3978 2069 4033 Lucam

501 4070 604 4126 viri
658 4071 712 4123 in
742 4079 891 4125 veste
945 4068 1187 4139 fulgente
1241 4069 1369 4135 visi,
1423 4070 1788 4126 solemnitatis
1827 4069 2069 4140 symbola

503 4165 612 4221 sint
649 4183 660 4218 :
697 4165 935 4233 itemque
956 4163 1175 4233 juvenis
1204 4164 1348 4232 apud
1379 4163 1623 4218 Marcum
1666 4164 1803 4218 stola
1837 4162 2069 4217 candida

501 4259 556 4306 et
594 4253 710 4323 ipse
742 4249 1064 4323 coopertus,
1112 4254 1167 4307 in
1222 4252 1411 4307 dextra
1453 4269 1565 4307 non
1614 4262 1792 4308 autem
1845 4253 2069 4308 sinistra

504 4350 657 4412 parte
700 4351 1047 4413 conspectus.
1081 4344 1202 4397 laeta
1232 4351 1287 4399 et
1315 4346 1506 4400 dextra
1560 4344 1881 4400 mulieribus
1929 4360 2070 4399 nun-

504 4434 684 4499 tians;
716 4441 770 4489 et
822 4434 899 4501 hi,
941 4434 1185 4506 inquam,
1219 4435 1419 4491 diversi
1468 4436 1770 4492 habeantur
1803 4445 1916 4490 tum
1948 4450 1979 4490 a
2010 4451 2070 4492 se

502 4524 753 4592 invicem,
775 4534 887 4579 tum
916 4540 946 4579 a
974 4526 1183 4596 primis.
1215 4527 1578 4595 Quamobrem
1609 4543 1677 4583 ne
1703 4528 1922 4599 angelos
1947 4529 2070 4600 qui-

2177 3349 2270 3403 καὶ
2300 3348 2424 3412 τοὺς
2456 3348 2677 3420 χρόνους
2704 3348 2798 3402 καὶ
2822 3351 2947 3413 τοὺς
2973 3351 3225 3420 τρόπους,
3252 3350 3345 3403 καὶ
3381 3350 3448 3404 τά
3479 3350 3744 3423 πρόσωπα

2174 3440 2283 3495 τῶν
2306 3439 2612 3511 θεωμένων,
2639 3441 2733 3495 καὶ
2759 3442 2885 3507 τοὺς
2917 3441 3025 3495 τῶν
3041 3441 3284 3510 ἀγγέλων
3312 3440 3519 3509 λόγους,
3548 3442 3650 3494 οὑκ
3679 3441 3746 3496 ἄν

2175 3551 2259 3597 τις
2286 3532 2522 3602 εὐλόγως
2570 3533 2843 3604 μέμψαιτο
2884 3534 3179 3603 διαφωνίαν
3205 3534 3303 3606 τῆς
3344 3534 3580 3604 Γραφῆς,
3612 3533 3750 3605 ἀλη-

2177 3626 2439 3699 θευούσης
2474 3625 2708 3697 ἑκάστης
2736 3625 2877 3680 κατὰ
2906 3627 2996 3681 τὸν
3027 3627 3232 3690 οίκείας
3281 3625 3520 3697 ἱστορίας
3566 3625 3746 3693 λόγον,

2174 3716 2445 3789 διαφόρων
2472 3734 2530 3770 τε
2561 3719 2898 3789 πραγμάτων
2922 3718 3193 3789 ὑφήγησιν
3214 3716 3498 3788 δηλούσης.
3535 3717 3673 3770 Ἀλλ’
3697 3718 3749 3771 o'.

2179 3809 2278 3879 μὲν
2311 3808 2459 3880 παρά
2490 3809 2663 3862 τοῖσδε
2686 3812 2798 3873 τοῖς
2829 3810 3238 3878 εύαγγελισταῖς
3266 3808 3508 3876 ἄγγελοι,
3536 3806 3748 3863 καὶτοῦ

2177 3900 2425 3971 Σωτῆρος
2452 3902 2506 3954 αἱ
2533 3901 2670 3971 μετὰ
2686 3899 2785 3973 τὴν
2807 3901 3098 3955 ἀνάστασιν
3123 3900 3450 3969 θεοφάνειαι,
3476 3900 3627 3973 παρά
3651 3901 3747 3972 μό-

2175 4007 2287 4053 νοις
2334 3989 2542 4054 τούτοις
2593 3991 2669 4055 ὠς
2718 3990 2784 4045 ἂν
2814 3990 2966 4061 παρὰ
3018 3990 3290 4063 κρείττοσι
3336 3992 3428 4045 καὶ
3458 3989 3623 4044 αὑτοῦ
3652 3989 3745 4044 τοῦ

2177 4081 2425 4152 Σωτῆρος
2452 4081 2745 4146 αὑτόπταις
2771 4099 2829 4135 τε
2847 4083 2941 4136 καὶ
2967 4081 3253 4151 αὐτηκόοις
3284 4082 3598 4153 φερόμεναι,
3617 4081 3747 4136 ταύ-

2174 4190 2274 4243 την
2303 4172 2524 4237 σώζοιεν
2550 4172 2616 4226 ἂν
2639 4172 2735 4243 τὴν
2757 4172 3097 4226 ἀκολουθίαν.
3121 4173 3184 4226 Οἱ
3210 4172 3265 4225 δὲ
3295 4171 3444 4242 παρὰ
3464 4171 3541 4242 τῷ
3559 4171 3748 4242 Λουκᾷ

2174 4265 2267 4319 δύο
2298 4264 2487 4337 ἄνδρες
2517 4265 2575 4317 ὲν
2603 4264 2788 4335 ἐσθῆτι
2821 4263 3202 4337 ἀστραπτούσῃ
3234 4262 3518 4331 ὀφθέντες,
3555 4262 3643 4317 διὰ
3676 4262 3745 4317 τὰ

2174 4359 2272 4427 τῆς
2306 4358 2500 4426 ἑορτῆς
2540 4354 2785 4426 σύμϐολα
2803 4373 2816 4387 ·
2857 4356 2951 4409 καὶ
2980 4358 3008 4410 6
3037 4356 3187 4426 παρὰ
3216 4354 3292 4425 τῷ
3329 4354 3539 4425 Μάρκῳ
3568 4352 3748 4407 νεανία

2176 4459 2304 4506 σκος
2328 4441 2525 4513 λευκὴν
2556 4442 3015 4513 περιϐεϐλημένος
3050 4443 3144 4498 καὶ
3189 4444 3348 4506 αὐτὸς
3396 4442 3618 4514 στολὴν,
3657 4443 3743 4496 δε-

2177 4530 2286 4595 ξιός
2315 4548 2373 4583 τε
2398 4531 2512 4585 ἀλλ’
2542 4532 2642 4585 οὑκ
2668 4533 2952 4605 ἀριστερὸς
2984 4533 3314 4606 ὲωραμένος,
3337 4533 3414 4604 τῷ
3455 4550 3517 4585 τε
3545 4532 3748 4606 φαιδρὰ

503 4616 623 4671 :lem
658 4616 758 4672 hos
801 4619 1240 4685 nominaverunt,
1274 4635 1451 4690 neque
1492 4617 1799 4676 Servatoris
1830 4620 2069 4676 visiones

2174 4622 2268 4676 καὶ
2294 4621 2441 4688 δεξιά
2475 4625 2594 4686 ταῖς
2620 4624 2860 4693 γυναιξὶν
2899 4624 3359 4694 εὐαγγελίζεσθαι,
3384 4624 3543 4679 πάλιν
3569 4625 3753 4698 ἕτεροι

500 4717 911 4774 memorarunt,
983 4709 1077 4765 sed
1142 4711 1449 4781 potioribus
1545 4727 1605 4778 se
1685 4711 1938 4767 Matthaeo
2003 4726 2069 4767 ac

495 4798 691 4856 Joanni
738 4802 949 4871 potiora
1003 4802 1245 4859 scribere
1283 4811 1337 4859 et
1394 4804 1635 4861 historia:
1682 4804 2068 4860 commendare

495 4896 862 4964 permiserunt
898 4913 911 4950 :
945 4894 1048 4965 ipsi
1078 4911 1210 4952 vero
1249 4897 1489 4953 secunda
1520 4905 1834 4961 narrarunt,
1863 4905 1918 4951 et
1947 4910 2068 4966 quae

495 4994 619 5055 post
645 4986 831 5056 priora
863 4994 1082 5041 narrata
1109 4994 1405 5043 evenerant
1436 5006 1449 5042 :
1476 4987 1698 5043 omissis
1732 4995 1911 5042 autem
1945 5002 2066 5057 quse

497 5082 663 5132 testes
706 5078 941 5133 visuales
971 5078 1084 5147 jam
1128 5079 1401 5143 dixerant,
1461 5079 1565 5148 ipsi
1596 5077 1665 5131 ab
1714 5077 1801 5132 bis
1849 5078 2067 5133 silentio

494 5171 766 5240 praeterita
793 5171 1213 5241 suppleverunt;
1241 5185 1360 5241 qua:
1378 5169 1596 5238 quidem
1618 5167 1856 5224 secunda
1884 5176 2062 5235 erant,

496 5263 777 5335 multoque
823 5266 1003 5334 priore
1049 5264 1277 5319 historia
1327 5263 1588 5316 inferiora
1635 5280 1648 5317 :
1686 5262 1767 5317 sic
1808 5260 2063 5316 nimirum

496 5364 687 5410 sancto
728 5354 936 5427 Spiritu
976 5371 1246 5427 congruas
1299 5354 1532 5425 singulis
1575 5362 1898 5424 suggerente
1945 5369 2065 5408 nar-

497 5447 755 5502 rationes.

2170 4713 2236 4768 ἂν
2270 4710 2379 4768 εἷεν
2428 4716 2522 4769 καὶ
2576 4716 2749 4782 αὐτοὶ,
2784 4714 3029 4787 ἀλλήλων
3075 4734 3136 4770 τε
3176 4719 3269 4770 καὶ
3307 4716 3416 4771 τῶν
3453 4716 3604 4789 παρὰ
3634 4718 3753 4781 τοῖς

2169 4802 2419 4875 πρώτοις.
2469 4805 2558 4859 Διὸ
2603 4805 2723 4860 οὐδὲ
2766 4806 3029 4875 ἀγγέλους
3074 4806 3272 4870 αὐτοὺς
3296 4806 3403 4859 οἵδε
3431 4805 3744 4877 ὠνόμασαν,

2166 4895 2287 4947 ἐπεὶ
2316 4896 2449 4966 μηδὲ
2478 4899 2586 4953 τῶν
2609 4897 2699 4952 τοῦ
2735 4899 2987 4971 Σωτῆρος
3028 4898 3300 4951 ὀπτασιῶν
3329 4898 3748 4970 ἐμνημόνευσαν

2166 4988 2278 5051 τοῖς
2305 4989 2605 5059 κρείττοσιν
2629 4989 2661 5061 ἦ
2697 4989 2817 5042 καθ’
2843 4989 3072 5052 ἑαυτοὺς
3106 4988 3369 5061 Ματθαίῳ
3397 4990 3493 5045 καὶ
3525 4990 3745 5062 Ἰωάννῃ

2169 5078 2238 5132 τά
2267 5080 2546 5151 κρείττονα
2569 5082 2802 5152 γράφειν
2832 5080 2927 5135 καὶ
2945 5082 3176 5154 ἱστορεῖν
3195 5083 3740 5154 παρακεχωρηκότες·

2172 5172 2323 5225 αὐτοὶ
2351 5173 2409 5227 δὲ
2439 5173 2507 5227 τά
2544 5173 2772 5245 δεύτερα
2803 5172 3177 5246 διηγούμενοι,
3215 5174 3309 5229 καὶ
3336 5173 3414 5244 τῷ
3454 5173 3630 5245 χρόνῳ
3676 5171 3743 5225 τά

2175 5263 2311 5334 μετὰ
2335 5264 2432 5336 τὴν
2455 5265 2563 5318 τῶν
2598 5264 2828 5335 πρώτων
2861 5265 3080 5337 μνήμην
3103 5264 3327 5338 ὕστερον
3358 5260 3740 5335 πεπραγμένα,

2172 5355 2452 5425 παρῄεσαν
2506 5358 2605 5426 μὲν
2635 5354 2703 5409 τὰ
2738 5356 2889 5428 παρὰ
2940 5359 3051 5420 τοῖς
3109 5357 3407 5418 αύτόπταις
3459 5350 3743 5423 εἰρημένα.

2171 5446 2606 5519 άντανεπλήρουν
2629 5449 2686 5502 δὲ
2709 5449 2778 5502 τά
2812 5451 2940 5522 παρ’
2963 5448 3193 5511 ἐκείνοις
3225 5447 3580 5518 σεσιγημένα·
3607 5441 3645 5496 ἃ
3681 5441 3748 5513 δὴ

495 5534 719 5609 δεύτερα
772 5533 841 5609 ἦν
872 5538 965 5591 καὶ
995 5537 1189 5610 μακρῷ
1244 5536 1540 5608 λειπόμενα
1581 5536 1678 5607 τῆς
1712 5534 1817 5589 τῶν
1857 5537 2133 5609 προτέρων
2173 5540 2443 5613 ἱστορίας·
2480 5541 2621 5595 οὓτω
2654 5542 2747 5596 τοῦ
2802 5544 2957 5613 άγίου
3012 5540 3328 5613 Πνεύματος
3374 5536 3749 5609 διανείμαντος

496 5631 595 5697 τὰς
628 5633 941 5700 πρεπούσας
970 5635 1184 5705 ἑκάστῳ
1217 5634 1310 5688 καὶ
1338 5632 1701 5706 καταλλήλους
1726 5631 2029 5705 διηγήσεις.

1237 5749 1319 5805 γι.

571 5841 702 5909 Qua:
750 5841 911 5912 igitur
959 5844 1100 5915 apud
1145 5843 1347 5900 Lumm
1383 5844 1536 5902 valde
1582 5859 1739 5903 mane
1779 5843 1846 5901 ad
1875 5859 2068 5903 monu-

2242 5840 2307 5894 ΔΞ
2326 5838 2452 5909 γοῦν
2485 5838 2632 5911 παρὰ
2656 5839 2729 5910 τῷ
2750 5745 3153 5911 Δουκᾷῖξρθρου
3168 5836 3358 5909 βαθέος
3374 5836 3464 5893 ἐπὶ
3480 5835 3538 5891 τὸ
3561 5834 3751 5909 μνῆμα
