4106 6414
346 356 450 411 993

1202 346 1713 405 SUPPLEMENTA
1751 347 2237 416 QUESTIONUM
2275 349 2368 404 AB
2405 349 2752 408 MARINUM.

3486 353 3591 411 994

344 462 595 517 ἐλθοῦσαι
646 462 898 530 γυναῖκες
930 462 1025 515 καὶ⁵
1079 458 1341 531 φέρουσαι
1365 458 1402 513 ἀ
1425 460 1730 531 ἡτοίμασαν
1771 458 1915 532 ἀρώ-

2016 469 2259 517 mentum
2307 472 2575 519 venerunt
2616 465 2908 531 mulieres,
2956 471 3146 535 parata
3200 464 3436 522 ferentes
3464 482 3592 522 aro-

347 570 520 626 ματα,
584 552 768 626 ’ἐτεραι
812 551 878 606 ἂν
941 547 1053 605 εἷεν
1088 550 1197 605 τῶν
1240 550 1391 623 παρά
1420 550 1498 621 τῷ
1529 549 1791 621 Ματθαίῳ
1822 552 1916 605 καὶ

355 649 593 720 Ἰωάννῃ.
641 649 714 701 οὐ
755 646 862 717 γάρ
902 644 967 700 ἂν
996 644 1108 715 ἔχοι
1144 644 1301 715 λόγον
1321 644 1421 707 τὰς
1460 643 1697 698 τοσαῦτα
1722 661 1919 717 προτε-

345 738 613 810 θεαμένας
646 737 864 810 Μαρίας
907 734 1033 807 ἀρτι
1064 734 1277 807 πρῶτον
1305 734 1575 808 ἀρώματα
1603 734 1808 806 φέρειν,
1842 734 1919 798 ὡς

348 830 512 900 μήπω
550 829 648 899 τὴν
681 828 973 881 ἀνάστασιν
1012 825 1526 899 προμεμαθηκυίας.
1578 827 1773 897 Σαφῶς
1808 827 1918 897 γάρ

343 920 408 975 δι’
434 914 507 973 ὧν
534 937 663 991 φησι
694 918 930 973 δείκνυσι
954 919 1036 971 δτι
1063 919 1155 971 καὶ
1183 919 1231 971 οί
1251 917 1527 987 ὀφθέντες,
1560 918 1734 989 ἕτεροι
1768 917 1918 989 παρὰ

344 1011 469 1075 τοὺς
517 1010 821 1082 ἔμπροσθεν
871 1009 1308 1080 δεδηλωμένουςο
1342 1010 1438 1062 κα)⁹
1495 1011 1524 1062 6
1576 1011 1737 1073 τόπος
1788 1008 1919 1063 ἔνθα

343 1101 602 1174 ὤφθησαν
633 1102 836 1173 ἕτερος*
871 1098 993 1154 οὔτε
1017 1101 1126 1172 γὰρ
1157 1101 1287 1153 εἴσω
1317 1099 1412 1153 τοῦ
1444 1100 1723 1172 μνήματος
1754 1096 1914 1172 ἦσαν.

343 1193 419 1257 ὡς
454 1197 482 1247 6
523 1194 773 1263 Ἰωάννης
801 1192 1056 1257 ἐδίδαξεν,
1090 1190 1213 1244 οὐτε
1251 1190 1345 1244 ἐπὶ
1376 1190 1467 1244 τὸν
1502 1189 1648 1243 λίθον
1686 1187 1916 1254 καθεζό-

349 1303 517 1358 μενοι,
547 1284 621 1349 ῶς
667 1287 696 1339 6
727 1284 878 1357 παρὰ
903 1283 978 1355 τῷ
1028 1283 1289 1355 Ματθαίῳ
1344 1282 1574 1353 ἄγγελος
1594 1299 1608 1313 ⁸
1658 1282 1771 1336 ἀλλ’
1793 1282 1916 1335 οὐδὲ

344 1379 481 1442 ὅλως
512 1378 791 1450 ὠνόμασεν
817 1378 1082 1446 ἀγγέλους
1117 1378 1145 1430 6
1185 1378 1398 1440 Λουκᾶς
1423 1416 1438 1441 ,
1487 1374 1579 1428 δύο
1609 1375 1666 1428 δὲ
1697 1373 1914 1446 ἀνδρας,

346 1471 481 1543 πλὴν
509 1470 644 1524 ἀλλά
674 1471 768 1525 καὶ
792 1469 989 1533 αὐτοὺς
1011 1471 1068 1523 ἐν
1092 1468 1279 1541 ἐσθῆτι
1304 1466 1711 1539 ἀστραπτούσῃ,
1743 1466 1832 1520 διὰ
1849 1465 1916 1520 τὰ

343 1564 443 1635 τῆς
485 1564 675 1637 ἑορτῆς
710 1562 982 1633 σύμϐολα·
1016 1564 1109 1617 καὶ
1138 1564 1186 1615 οἱ
1223 1562 1369 1631 λόγοι
1401 1561 1457 1614 δὲ
1489 1560 1668 1613 αὐτῶν
1698 1562 1748 1613 οἱ
1781 1560 1916 1631 πρὸς

344 1654 441 1718 τὰς
469 1658 729 1723 γυναῖκας
758 1654 1015 1719 ίδιάζουσι
1038 1671 1052 1683 ο
1086 1654 1182 1708 καὶ
1226 1655 1282 1707 αί
1321 1655 1574 1722 γυναῖκες
1608 1652 1664 1705 δὲ
1699 1651 1916 1715 πλείους

342 1738 504 1815 ἦσαν,
535 1742 647 1796 ἀλλ’
680 1744 778 1815 οὐχ
808 1744 841 1815 ἡ
870 1742 1022 1815 παρά
1050 1743 1127 1813 τῷ
1151 1741 1414 1814 Ματθαίῳ
1436 1741 1530 1795 δύο
1553 1742 1783 1813 Μαρίαι,
1802 1742 1914 1795 ἀλλ’

2018 561 2185 619 mata,
2218 555 2445 611 diversa:
2472 557 2542 611 ab
2572 557 2637 611 iis
2663 566 2825 612 erunt
2853 572 2976 628 quae
3007 557 3150 627 apud
3183 557 3494 613 Mattlueum
3526 574 3590 614 ac

2014 642 2280 701 Joannem
2311 656 2706 705 memorantur.
2736 648 2924 720 Neque
2953 650 3099 705 enim
3132 649 3456 705 rationabile
3483 659 3590 717 est,

2016 736 2218 793 Marias
2248 754 2370 809 qua:
2397 741 2526 795 talia
2558 748 2685 797 ante
2715 741 2987 807 viderant,
3020 742 3430 813 nunc,primum
3462 758 3590 800 aro-

2016 836 2162 884 mata
2191 830 2427 895 deferre,
2460 832 2883 902 quasinondum
2912 834 3370 889 resurrectionem
3402 836 3592 892 novis-

2017 926 2160 974 sent.
2234 919 2525 977 Manifeste
2572 922 2826 977 videlicet
2875 923 2959 978 bis
3003 940 3123 994 quae
3165 924 3299 979 dicit
3346 923 3589 989 denotat,

2014 1009 2164 1079 quod
2196 1018 2252 1066 et
2281 1012 2386 1066 visi
2413 1014 2590 1083 angeli
2614 1014 2816 1069 diversi
2852 1013 3056 1070 fuerint
3085 1015 3154 1070 ab
3183 1022 3344 1071 antea
3374 1024 3589 1086 specta-

2013 1102 2127 1168 tis;
2181 1110 2234 1156 et
2262 1102 2416 1157 locus
2444 1103 2535 1158 ubi
2585 1113 2713 1158 sunt
2742 1106 2867 1171 visi,
2917 1108 3045 1162 item
3089 1107 3375 1176 diversus;
3417 1121 3591 1179 neque

2015 1194 2162 1246 enim
2194 1193 2340 1246 intra
2366 1203 2779 1249 monumentum
2812 1205 2991 1261 erant,
3028 1206 3085 1252 ut
3109 1198 3349 1255 Joannes
3372 1200 3586 1267 docuit;

2016 1299 2194 1354 neque
2224 1284 2391 1354 lapidi
2422 1285 2746 1351 insidentes,
2779 1294 2838 1340 ut
2865 1288 2955 1343 ille
2987 1291 3128 1359 apud
3151 1289 3462 1345 Matthaaum
3486 1306 3588 1346 an-

2016 1379 2170 1450 gelus
2196 1399 2208 1433 :
2242 1393 2421 1449 neque
2447 1380 2672 1452 angelos
2706 1380 2910 1436 diserte
2933 1383 3223 1452 appellavit
3265 1399 3360 1440 eos
3389 1381 3589 1451 Lucas,

2015 1469 2113 1526 sed
2143 1470 2282 1525 duos
2330 1470 2501 1535 viros,
2550 1486 2866 1542 quanquam
2900 1473 3051 1543 ipsos
3097 1490 3313 1546 quoque
3341 1477 3395 1530 in
3443 1486 3592 1532 veste

2017 1558 2278 1630 fulgente,
2323 1560 2395 1615 ob
2445 1561 2810 1617 solemnitatis
2864 1563 3126 1618 indicium
3173 1585 3186 1620 :
3238 1567 3363 1621 item
3395 1568 3589 1623 horum

2017 1665 2300 1707 sermones
2332 1647 2401 1705 ad
2426 1653 2688 1708 mulieres
2716 1661 2845 1709 sunt
2873 1657 3177 1724 peculiares
3211 1677 3225 1712 :
3262 1669 3315 1713 et
3335 1662 3592 1717 mulieres

2017 1743 2199 1811 plures
2232 1758 2462 1798 numero
2503 1754 2669 1810 sunt,
2715 1761 2877 1815 quam
2921 1746 3041 1803 dua:
3084 1751 3226 1820 apud
3282 1751 3591 1807 Matthzeum

343 1834 676 1899 ἁπαξαπλῶς
718 1838 773 1907 αί
808 1829 1158 1900 συνελθοῦσαι
1186 1834 1335 1906 αὐτῷ
1368 1837 1432 1888 ὲκ
1464 1835 1560 1905 τῆς
1598 1834 1905 1897 Γαλιλαίας·

2016 1832 2216 1896 Mariae,
2264 1834 2358 1889 sed
2392 1835 2498 1889 illa:
2542 1837 2768 1892 omnino
2799 1853 2919 1907 qua:
2952 1818 3136 1893 .‘esum
3167 1842 3438 1897 comitatae
3470 1842 3592 1898 fue-

344 1925 594 1997 ὀλίγωροι
630 1926 686 1979 δὲ
732 1925 827 1980 καὶ
882 1918 1062 1991 αὗται,
1092 1926 1210 1979 οὐδὲ
1239 1929 1505 1997 τοσαύτην
1549 1924 1914 1995 ὲνδειξάμεναι

346 2018 574 2090 σπουδὴν
607 2020 736 2090 ὅσην
768 2019 823 2070 αἱ
857 2017 945 2072 διὰ
968 2018 1158 2083 νυκτὸς
1184 2019 1589 2090 καρτερήσασαι
1612 2018 1707 2071 καὶ
1744 2035 1918 2089 παρα-

347 2110 596 2179 μείνασαι
624 2110 699 2181 τῷ
730 2111 997 2183 μνημείῳ.
1027 2111 1311 2182 Μαρτυρεῖ
1337 2111 1467 2180 γοῦν
1498 2112 1526 2163 6
1550 2110 1825 2174 Ματθαῖος
1848 2114 1913 2182 τῇ

343 2203 673 2276 Μαγδαληνῇ
706 2206 799 2258 καὶ
826 2208 892 2277 τῇ
923 2203 1056 2276 ἀλλῃ
1093 2204 1280 2275 Μαρίᾳ
1302 2204 1545 2257 εὐτονίαν
1572 2204 1772 2274 πολλὴν
1825 2206 1919 2258 καὶ

344 2296 683 2368 παραμονὴν,
736 2296 908 2366 λέγων
966 2296 1103 2367 μετά
1158 2296 1219 2349 τὸ
1273 2296 1446 2361 πάθος
1504 2296 1673 2350 αὐτοῦ
1708 2298 1915 2352 ταῦτα·

348 2406 366 2439 ι
402 2384 510 2441 Ἦν
537 2388 594 2441 δὲ
625 2391 742 2442 ἐκεῖ
772 2385 959 2460 Μαρία
989 2389 1021 2458 ή
1057 2387 1388 2459 Μαγδαληνὴ
1412 2388 1507 2441 καὶ
1533 2388 1666 2461 άλλη
1707 2390 1915 2458 Μαρία,

282 2549 287 2553 _
342 2480 646 2552 καθήμεναι
666 2480 924 2535 ἀπέναντι
958 2479 1052 2533 τοῦ
1075 2480 1247 2548 τάφου
1269 2496 1282 2509 ο
1318 2498 1336 2530 ι
1369 2479 1482 2534 ἀλλ’
1527 2474 1687 2535 αὗται
1726 2482 1824 2552 μὲν
1849 2484 1915 2552 τῇ

343 2572 525 2643 ἡμέρᾳ.
566 2572 666 2643 τῆς
712 2573 1073 2644 Παρασκευῆς
1117 2573 1499 2643 παρεκάθηντο
1546 2574 1772 2644 ἀντικρύ
1823 2573 1915 2626 τοῦ

346 2666 625 2735 μνήματος
645 2681 659 2695 ο
686 2664 767 2718 διὸ
794 2665 887 2718 καὶ
912 2665 1105 2719 θᾶττον
1133 2665 1301 2737 ὁρῶσι
1328 2664 1542 2737 πρῶτον
1574 2665 1672 2734 μὲν
1697 2665 1785 2718 τὸν
1808 2664 1917 2717 τῶν

342 2756 557 2826 ἀγαθῶν
587 2756 835 2825 ἄγγελον,
868 2753 986 2810 εἶτα
1019 2758 1112 2810 καὶ
1134 2757 1293 2811 αὐτὸν
1317 2757 1407 2810 τὸν
1432 2757 1531 2827 τῆς
1575 2757 1721 2826 ζωῆς
1753 2758 1919 2828 ἀρχη-

341 2851 458 2917 γόν.
500 2849 565 2902 Ἠ
586 2848 642 2902 δὲ
673 2850 822 2921 παρά
841 2848 919 2920 τῷ
955 2850 1173 2923 Ἰωάννῃ
1196 2888 1212 2913 ,
1247 2851 1340 2903 καὶ
1372 2847 1511 2920 αὕτη
1539 2848 1600 2902 τὸ
1628 2848 1725 2921 μὲν
1760 2848 1915 2921 πρῶ-

341 2961 431 2996 τον
473 2944 598 3007 τοὺς
647 2943 929 3013 ἀγγέλους,
980 2943 1118 3014 μετά
1149 2942 1203 2996 δὲ
1242 2942 1462 3007 τούτους
1516 2944 1608 2996 καὶ
1640 2942 1801 2997 αὐτὸν
1824 2942 1916 2996 τὸν

343 3034 571 3108 Σωτῆρα
599 3035 792 3106 θεωρεί
809 3053 822 3066 ·
857 3035 915 3087 οὐ
949 3034 1054 3106 μὴν
1082 3033 1350 3105 ἀρώματα
1372 3033 1563 3106 ἔφερον
1591 3026 1776 3101 αὗται,
1795 3034 1915 3087 οὐδὲ

341 3126 469 3197 περὶ
492 3125 693 3196 ταύτην
721 3123 1063 3193 κατεγίνοντο
1084 3123 1182 3195 τὴν
1216 3123 1471 3194 σπουδήν.
1504 3124 1569 3175 Αἱ
1595 3123 1650 3175 δὲ
1684 3122 1792 3176 ἀπὸ
1816 3123 1914 3193 τῆς

341 3217 625 3281 Γαλιλαίας
646 3216 1074 3287 ἀκολουθήσασαι
1095 3214 1244 3285 αὐτῷ
1257 3200 1533 3283 γυναῖκες,
1553 3215 1741 3269 πολλαὶ
1760 3212 1915 3269 οὖσαι

338 3310 481 3364 κατά
508 3308 599 3363 τὸν
621 3309 854 3372 Λουκᾶν,
882 3309 948 3379 τῇ
976 3306 1073 3378 μὲν
1105 3307 1433 3377 Παρασκευῇ
1483 3306 1913 3377 ὑποστρέψασαι,

342 3399 641 3471 ἡτοίμασαν
666 3398 734 3451 τά
756 3396 1044 3469 ἀρώματα,
1076 3394 1171 3449 ἀτε
1211 3395 1274 3467 δὴ
1319 3396 1484 3467 μηδὲν
1522 3395 1747 3467 μηδέπω
1792 3414 1917 3467 προ-

343 3491 609 3564 μαθοῦσαι
637 3491 765 3561 περὶ
789 3507 888 3561 της
926 3487 1291 3551 ἀναστάσεως.
1315 3488 1407 3540 Διὸ
1438 3486 1662 3551 ταύταις
1704 3487 1803 3559 μὲν
1824 3487 1916 3541 δύο

339 3583 533 3656 ἄνδρες
552 3585 609 3636 ὲν
634 3582 819 3652 ἐσθῆτι
847 3580 1230 3652 ἀστραπτούσῃ
1251 3579 1638 3649 φαίνονταικαὶ
1665 3579 1764 3649 τὴν
1795 3579 1918 3633 ἀνά-

343 3692 530 3730 στασιν
580 3671 1038 3743 εὐαγγελίζονται.
1086 3671 1281 3725 Οὐκέτι
1335 3669 1391 3723 δὲ
1422 3670 1612 3734 αὐταῖς
1654 3670 1683 3722 6
1727 3668 1915 3740 Σωτὴρ

340 3766 516 3839 ῶιρθη,
548 3767 736 3838 ῶσπερ
758 3760 849 3819 οὖν
873 3766 938 3835 τῇ
963 3762 1113 3835 παρά
1138 3761 1215 3833 τῷ
1249 3762 1470 3835 Ἰωάννῃ
1491 3763 1585 3816 καὶ
1614 3764 1733 3825 ταῖς
1767 3761 1915 3832 παρά

340 3861 418 3934 τῷ
458 3859 754 3931 Ματθαίῳο
813 3857 952 3911 ὥστε
998 3857 1300 3920 ἰδιάζουσαν
1352 3856 1600 3927 ἡγεῖσθαι
1650 3854 1915 3926 προσήκει

340 3954 437 4026 τὴν
470 3953 726 4023 ἱστορίαν.
761 3948 918 4003 Κατὰ
939 3949 994 4003 δὲ
1020 3948 1112 4002 τὸν
1143 3948 1367 4019 Μάρκον
1396 3947 1516 4002 λίαν
1547 3945 1691 4019 πρωῒ
1715 3948 1781 4018 τῇ
1818 3948 1917 4018 μιᾷ

340 4046 448 4101 τῶν
471 4044 762 4098 Σαϐὃάτων
790 4041 1039 4113 ἔρχονται
1065 4040 1158 4094 ἐπὶ
1178 4039 1240 4093 τὸ
1258 4042 1519 4111 μνημεῖον
1540 4038 1916 4101 ἀνατείλαντος

338 4140 435 4195 τοῦ
482 4139 634 4212 ἡλίου
679 4137 836 4192 ἄλλαι
890 4134 1049 4188 πάλιν
1082 4129 1262 4198 αὗται,
1317 4135 1408 4189 καὶ
1438 4136 1495 4187 ἐν
1534 4134 1707 4206 ἑτέρῳ
1738 4131 1915 4204 καιρῷ

341 4233 525 4300 πάλιν,
563 4233 619 4287 αἳ
657 4233 751 4287 καὶ
791 4231 974 4300 ἔλεγον
1003 4229 1139 4301 πρὸς
1165 4227 1384 4291 ἑαυτὰς,
1421 4244 1440 4277 ι
1480 4225 1575 4289 Τίς
1598 4224 1916 4279 ἀποκυλίσει

341 4326 472 4396 ⁴ἡμῖν
503 4325 592 4379 τὸν
612 4323 789 4388 λίθον;
829 4342 847 4374 ι
869 4323 961 4375 καὶ
989 4321 1256 4393 ἔρχονται,
1289 4319 1382 4372 καὶ
1413 4316 1760 4387 εὑρίσκουσιν
1788 4316 1916 4368 ἀπο-

339 4414 744 4486 κεκυλισμένον,
777 4413 873 4467 καὶ
896 4411 1230 4466 εἰσελθοῦσαι
1258 4405 1395 4463 εἶδον
1440 4407 1718 4461 νεανίσκον
1741 4425 1754 4438 ·
1787 4406 1914 4461 ἔνθα

340 4505 499 4559 πάλιν
524 4505 615 4557 ἐπὶ
655 4502 748 4556 τοῦ
787 4502 972 4556 Λουκᾶ
998 4500 1186 4567 ἄνδρες
1217 4497 1331 4552 ἀλλ’
1359 4498 1458 4552 οὐκ
1496 4496 1714 4566 ἄγγελοι
1733 4537 1748 4561 ,
1775 4496 1916 4551 οὕτω
1946 4532 1991 4587 D

338 4597 414 4661 ὼς
446 4595 540 4648 καὶ
560 4594 654 4648 νῦν
683 4594 783 4647 οὐκ
804 4592 1033 4662 ἅγγελος
1057 4592 1389 4663 ὠνόμασται,
1424 4588 1560 4643 ἀλλά
1602 4589 1912 4652 νεανίσκος·

336 4686 478 4740 ὣστε
525 4685 616 4738 καὶ
650 4682 856 4753 ταύτην
897 4680 1286 4754 ἀφωρισμένην
1332 4676 1472 4733 εἷναι
1500 4677 1598 4749 τὴν
1644 4678 1913 4750 διήγησιν,

339 4778 432 4832 καὶ
462 4776 555 4829 τὸν
580 4774 813 4845 ὀφθέντα
836 4773 1021 4844 ἕτερον
1041 4811 1055 4836 ,
1085 4772 1178 4823 καὶ
1212 4770 1311 4833 τὰς
1353 4767 1688 4838 ἀφικομένας
1727 4766 1912 4831 ἄλλας,

338 4869 433 4923 καὶ
462 4867 552 4920 τὸν
579 4866 769 4939 καιρὸν
796 4864 995 4936 ὁμοίως
1026 4862 1119 4915 τὸν
1163 4859 1302 4932 μετά
1329 4859 1483 4931 ἡλίου
1518 4857 1779 4922 ἀνατολάς
1797 4875 1811 4889 ·
1857 4858 1916 4921 ὃς

339 4962 388 5014 εί
414 4961 510 5032 μὲν
543 4959 635 5012 καί
667 4956 820 5032 παρά
844 4955 921 5027 τῷ
952 4954 1138 5026 Λουκᾷ
1164 4952 1447 5024 τερήτητο,
1474 4949 1709 5018 εὐλόγως
1734 4949 1798 5003 ἄν
1830 4967 1915 5014 τις

336 5055 462 5117 τούς
492 5052 621 5125 παρ’
650 5048 800 5121 αὐτῷ
823 5048 915 5102 δύο
946 5047 1144 5119 ἄνδρας
1178 5043 1396 5116 ἀπῄτει,
1427 5043 1521 5095 καὶ
1560 5041 1687 5105 τούς
1717 5042 1914 5105 αὐτοὺς

2015 1933 2141 1981 rant
2189 1943 2255 1981 ex
2297 1925 2538 1984 Galilaea.
2570 1927 2637 1980 Et
2666 1928 2750 1983 hae
2820 1930 3036 2000 quidem
3084 1934 3384 2003 segniores,
3416 1950 3594 2005 neque

2016 2033 2115 2087 par
2140 2018 2379 2073 studium
2415 2034 2525 2089 prae
2552 2034 2610 2075 se
2646 2018 2883 2076 ferentes
2915 2021 3022 2077 illis
3051 2037 3174 2092 qua:
3202 2031 3370 2077 noctu
3404 2041 3593 2094 perse-

2016 2115 2341 2162 veraverant
2381 2109 2526 2178 apud
2580 2111 2893 2179 sepulcrum
2944 2113 3200 2167 assiduae.
3240 2113 3593 2171 Contestatur

2018 2211 2149 2250 vero
2177 2196 2461 2253 Mattha'us
2500 2198 2831 2270 Magdalenaa
2857 2208 2911 2256 et
2935 2202 3092 2257 alteri
3139 2202 3321 2259 Maria:
3352 2207 3592 2276 vigorem

2020 2289 2253 2343 multum
2279 2299 2441 2361 atque
2469 2293 2858 2357 constantiam,
2892 2292 3083 2349 dicens
3116 2304 3240 2365 post
3283 2296 3593 2354 Servatoris

2019 2380 2328 2448 passionem
2356 2380 2437 2435 sic
2470 2400 2482 2434 :
2522 2399 2540 2432 ι
2578 2380 2707 2435 Erat
2736 2389 2917 2436 autem
2949 2384 3022 2438 ibi
3047 2383 3215 2439 Maria
3250 2384 3588 2459 Magdalene,

2016 2476 2071 2522 et
2098 2468 2267 2523 altera
2316 2470 2508 2536 Maria,
2544 2472 2796 2528 sedentes
2828 2481 3021 2528 contra
3065 2476 3397 2545 sepulcrum.
3428 2496 3446 2529 ι
3484 2476 3592 2532 Sed

2016 2561 2099 2617 hae
2127 2562 2347 2633 quidem
2375 2564 2494 2635 ipsa
2528 2565 2616 2621 die
2642 2564 2976 2623 Parasceves
2999 2567 3262 2623 sedebant
3286 2584 3470 2624 coram
3504 2586 3594 2627 se-

2015 2654 2208 2722 pulcro
2252 2674 2264 2708 :
2316 2656 2546 2726 ideoque
2592 2665 2647 2711 et
2693 2659 2927 2714 celerius
2969 2659 3155 2715 vident
3191 2661 3322 2715 boni
3366 2669 3593 2717 eventus

2015 2746 2296 2809 nuntium,
2331 2746 2529 2801 deinde
2571 2763 2750 2818 ipsum
2802 2750 2926 2804 vitae
2982 2761 3282 2806 auctorem.
3345 2752 3436 2806 Illa
3463 2768 3595 2809 vero

2015 2837 2161 2908 apud
2211 2836 2501 2903 Joannem,
2534 2847 2588 2895 et
2619 2840 2737 2909 ipsa
2780 2857 2998 2913 quoque
3037 2845 3215 2913 primo
3241 2844 3389 2899 videt
3427 2858 3596 2916 ange-

2015 2929 2119 2994 los,
2152 2938 2206 2983 et
2230 2938 2421 3001 postea
2452 2928 2797 2987 Servatorem
2840 2934 3017 3003 ipsum
3053 2954 3066 2989 :
3102 2950 3279 3005 neque
3300 2936 3382 2990 liae
3408 2942 3594 2991 tamen

2017 3030 2263 3076 aromata
2292 3022 2561 3089 ferebant,
2590 3039 2767 3095 neque
2789 3024 2859 3080 ob
2886 3040 3006 3079 eam
3036 3041 3148 3082 rem
3165 3028 3460 3083 curandam
3488 3029 3597 3086 ive-

2015 3120 2159 3170 rant.
2195 3112 2301 3171 Sed
2331 3115 2437 3169 illae
2463 3114 2682 3169 demum
2707 3131 2827 3186 qua:
2852 3131 2915 3171 ex
2940 3115 3156 3172 Galilaaa
3183 3116 3369 3173 Jesum
3402 3121 3595 3177 subse-

2021 3213 2162 3260 cuta;
2192 3205 2428 3274 fuerant,
2461 3208 2756 3278 multaeque
2782 3209 2924 3279 apud
2948 3208 3153 3264 Lucam
3182 3210 3455 3280 feruntur,
3498 3214 3590 3270 die

2020 3295 2356 3353 Parasceves
2385 3297 2453 3354 de
2494 3298 2617 3354 loco
2659 3315 2912 3365 reversae,
2961 3310 3293 3371 paraverunt
3325 3292 3593 3371 aromata,

2016 3391 2218 3460 quippe
2246 3405 2369 3461 qua:
2406 3391 2617 3446 nullum
2668 3395 3091 3449 resurrectionis
3113 3396 3373 3451 indicium
3392 3412 3598 3469 engno-

2014 3489 2228 3536 verant.
2262 3480 2475 3536 Idcirco
2500 3482 2587 3537 his
2607 3482 2718 3537 duo
2733 3483 2832 3537 viri
2865 3483 2922 3538 in
2953 3492 3107 3540 veste
3126 3484 3364 3557 fulgente
3389 3484 3593 3553 astant,

2014 3572 2381 3643 nuntiantque
2434 3575 2917 3630 resurrectionem.
2976 3575 3232 3631 Nondum
3273 3578 3362 3634 his
3408 3586 3595 3637 tamen

2017 3662 2278 3719 Servator
2309 3666 2585 3735 apparuit,
2618 3666 2761 3722 sicut
2797 3668 2872 3721 illi
2908 3676 3231 3737 apparuerat
3257 3669 3396 3739 apud
3427 3668 3595 3725 Joan-

2014 3770 2163 3820 nem,
2210 3764 2265 3812 et
2308 3757 2417 3812 illis
2466 3758 2609 3829 apud
2654 3757 2999 3826 Matthaaum;
3049 3759 3122 3813 ita
3161 3768 3223 3814 ut
3260 3761 3593 3831 peculiarem

2015 3846 2159 3900 hanc
2211 3854 2457 3917 oporteat
2507 3847 2793 3903 historiam
2825 3848 3160 3905 existimare.
3213 3850 3459 3921 Denique
3502 3867 3592 3908 sc-

2017 3939 2260 4007 cunQdum
2301 3939 2542 3995 Marcum
2577 3941 2736 3997 valde
2762 3956 2922 3997 mane
2966 3958 3071 3996 una
3105 3941 3465 3997 Sabbatorum
3496 3959 3593 3998 τοι

2015 4030 2174 4084 niunt
2202 4031 2270 4085 ad
2297 4037 2713 4085 monumentum
2744 4040 2865 4086 orto
2888 4031 3001 4100 jam
3035 4032 3169 4086 sole.
3223 4031 3356 4087 Alia:
3388 4033 3593 4103 pariter

2016 4124 2099 4179 ha!
2128 4130 2290 4189 sunt,
2320 4125 2538 4194 alioque
2567 4125 2772 4195 pariter
2797 4134 3074 4196 tempore;
3108 4140 3229 4195 quae
3255 4135 3310 4181 et
3337 4125 3594 4182 dicebant

2015 4218 2082 4272 ad
2109 4217 2343 4272 invicem
2378 4237 2393 4273 :
2440 4236 2459 4268 ι
2497 4216 2631 4284 Quis
2663 4218 2901 4273 revolvet
2926 4218 3086 4273 nobis
3135 4217 3406 4287 lapidem?
3442 4237 3462 4270 ›
3498 4234 3593 4274 ve-

2015 4310 2305 4381 niuntque,
2341 4316 2397 4365 et
2426 4313 2730 4366 revolutum
2756 4311 3118 4381 comperiunt,
3149 4318 3203 4366 et
3227 4311 3594 4381 ingressaeju-

2016 4419 2210 4460 venem
2236 4403 2459 4468 vident;
2496 4406 2569 4458 ita
2597 4411 2656 4459 ut
2700 4403 2813 4458 lucc
2840 4404 3007 4458 etiam
3036 4403 3265 4458 diversae
3293 4404 3369 4458 rei
3401 4419 3596 4457 narra-

2018 4495 2097 4550 tio
2127 4497 2219 4560 sit,
2256 4504 2310 4552 et
2345 4496 2487 4552 alius
2512 4498 2605 4567 qui
2637 4496 2790 4551 visus
2815 4503 2920 4559 est,
2943 4502 2998 4551 et
3020 4496 3139 4551 alia:
3157 4511 3278 4566 qua:
3303 4502 3590 4557 venerunt,

2018 4597 2074 4644 et
2106 4590 2357 4645 similiter
2387 4589 2493 4645 diei
2519 4600 2734 4659 tempus
2756 4596 2877 4659 post
2899 4589 3032 4645 solis
3056 4596 3236 4643 ortum
3273 4607 3286 4642 :
3317 4604 3439 4658 qua:
3457 4596 3593 4642 tem-

2015 4680 2167 4749 poris
2190 4680 2400 4733 notatio
2431 4678 2478 4733 si
2513 4679 2698 4734 eadem
2723 4678 2867 4749 apud
2893 4677 3095 4732 Lucam
3125 4681 3308 4741 fieret,
3335 4685 3479 4732 recte
3511 4677 3589 4731 le-

2016 4780 2137 4826 ctor
2170 4785 2200 4825 a
2236 4771 2421 4826 Marco
2454 4771 2757 4841 requireret
2800 4778 2857 4826 et
2900 4771 3050 4825 viros
3078 4766 3251 4833 duos,
3287 4775 3340 4822 et
3367 4767 3588 4822 eosdem

2016 4877 2316 4918 sermones.
2374 4861 2529 4917 Nunc
2572 4878 2697 4918 cum
2726 4860 2906 4917 Lucas
2929 4863 3034 4917 diei
3064 4861 3250 4915 horam
3279 4868 3407 4913 ante
3454 4858 3591 4913 solis

2017 4963 2197 5010 ortum
2243 4957 2655 5026 prmoccuparit,
2689 4957 2884 5011 merito
2931 4962 2985 5009 et
3032 4954 3156 5008 illos
3202 4953 3297 5021 qui
3325 4951 3428 5006 visi
3460 4956 3591 5003 sunt

2018 5044 2159 5099 duos
2188 5046 2336 5102 viros
2361 5046 2495 5101 dicit
2516 5087 2532 5112 ,
2565 5063 2674 5103 non
2702 5053 2884 5101 autem
2912 5057 3076 5099 unum
3101 5044 3356 5113 juvenem
3380 5048 3587 5094 narrat.

337 5152 546 5221 λόγους.
568 5149 633 5203 Εἰ
658 5148 703 5201 δ’
724 5150 753 5202 6
775 5146 989 5209 Λουκᾶς
1016 5142 1112 5197 τὸν
1146 5142 1252 5215 πρὸ
1298 5140 1449 5211 ἡλίου
1485 5136 1748 5209 ἀνατολῆς
1796 5139 1985 5211 καιρὸν
2023 5140 2346 5213 προύλαϐεν,
2387 5144 2610 5208 εἰκότως
2647 5142 2742 5197 καὶ
2772 5143 2895 5205 τούς
2919 5140 3038 5195 τότε
3066 5136 3325 5208 ὀφθέντας
3370 5135 3462 5188 δύο
3497 5133 3592 5188 ἄν.

337 5249 491 5323 δρας,
522 5246 636 5302 ἀλλ’
668 5245 727 5299 οὐ
757 5244 847 5298 τὸν
877 5241 1155 5298 νεανίσκον
1180 5240 1397 5311 ἱστορεῖ.

1095 5355 1169 5410 Z'.

411 5453 522 5524 (66)
544 5451 828 5523 Τεττάρων
858 5449 917 5504 δὲ
941 5448 1109 5502 ὄντων
1127 5446 1236 5501 τῶν
1257 5442 1653 5516 εὐαγγελιστῶν
1669 5484 1686 5509 ,
1734 5443 1910 5517 ἰσάρι-

341 5545 371 5599 θ
378 5562 466 5615 μοι
491 5543 695 5599 τούτων
718 5542 813 5596 καὶ
832 5543 889 5596 αἱ
916 5540 1051 5613 πρὸς
1072 5537 1252 5594 αὐτῶν
1271 5539 1668 5610 ἀναγραφεῖσαι
1697 5537 1913 5607 φαίνον-

340 5652 432 5691 ται
476 5635 764 5691 ὀπτασίαν
799 5636 854 5689 οἵ
904 5651 965 5689 τε
998 5632 1182 5707 καιροί⁸
1206 5632 1502 5710 τέσσαρες..
1551 5630 1647 5686 καὶ
1690 5630 1741 5684 οί
1787 5629 1908 5686 καθ’

423 5796 533 5870 (66)
571 5796 707 5854 Cod.
740 5796 807 5865 Α,
838 5794 1025 5855 L313.

2751 5347 2862 5405 VII.

2084 5447 2205 5502 Jam
2241 5448 2370 5518 quia
2403 5453 2641 5517 quatuor
2669 5440 3014 5513 evangelista
3041 5444 3191 5502 sunt,
3213 5450 3332 5505 pari
3363 5446 3591 5488 numero

2014 5538 2382 5608 comperimus
2415 5535 2557 5607 apud
2588 5527 2737 5604 ipsos
2766 5531 3001 5602 scriptas
3033 5528 3308 5591 visiones;
3343 5531 3590 5592 tempora

2014 5630 2143 5687 item
2175 5638 2445 5701 quatuor;
2488 5633 2542 5681 et
2588 5624 2663 5679 illi
2698 5624 2826 5681 item
2861 5620 2958 5694 qui
2987 5617 3220 5690 singulis
3248 5614 3593 5685 temporibus
