4106 6500
417 433 522 493 995

1119 419 1389 480 EUSEBII
1424 412 1902 478 CESARIENSIS
1931 412 2084 470 OPP.
2123 410 2301 468 PARS
2337 410 2430 466 ill.
2470 439 2538 450 —
2585 404 3002 462 EXEGETICA.

3572 403 3679 461 996

415 555 822 624 apparuerunt,
860 545 1169 618 singulares
1198 549 1326 597 sunt
1356 561 1371 598 :
1410 540 1641 596 diversae
1667 550 1885 608 quoque
1910 534 1996 588 vi-

2122 536 2329 587 ζκαστον
2362 529 2551 601 καιρὸν
2573 526 2850 597 ὀφθέντες,
2884 523 3175 589 ἰδιάζοντες
3197 540 3211 554 ·
3252 522 3457 595 ὁμοίως
3498 521 3557 576 δὲ
3582 524 3681 577 καὶ

415 647 608 702 dentes
637 642 917 704 mulieres,
942 648 996 695 et
1021 636 1397 709 apparentium
1437 632 1572 704 ipsis
1598 643 1879 689 sermones
1902 642 1999 681 va-

416 740 582 793 riant.
624 734 871 789 Primum
908 732 1010 786 fuit
1051 742 1268 801 tempus
1297 726 1442 798 quod
1473 725 1664 781 scribit
1692 721 1996 783 Matthaeus,

417 843 542 884 sero
573 825 940 882 Sabbatorum
965 822 1178 878 dicens.
1204 818 1473 887 Quartum
1494 826 1548 872 et
1574 815 1827 870 ultimum
1856 810 2001 882 apud

419 921 659 974 Marcum
690 927 812 973 orto
841 915 952 985 jam
991 914 1105 970 sole
1138 913 1459 968 decurrens.
1506 906 1681 962 Media
1707 912 1835 961 sunt
1866 912 2003 958 tem-

417 1027 553 1084 pora
579 1010 720 1081 apud
754 1007 1021 1064 Joannem
1054 1015 1217 1075 atque
1241 1003 1465 1058 Lucam.
1495 1001 1789 1070 Propterea
1817 1004 1871 1052 et
1898 994 2003 1050 visi

420 1103 601 1173 angeli
637 1102 945 1171 peculiares
974 1105 1124 1152 sunt.
1164 1095 1300 1150 Nam
1327 1110 1451 1150 sero
1480 1091 1870 1155 Sabbatorum,
1907 1102 2006 1141 an-

420 1195 574 1266 gelus
600 1208 744 1246 unus
776 1207 843 1246 ex
874 1195 1250 1253 monumento,
1283 1192 1407 1256 post
1456 1199 1615 1255 quem
1643 1190 1698 1238 et
1730 1181 1846 1251 ipse
1878 1176 2007 1233 Ser-

423 1294 597 1339 vator.
650 1283 808 1337 Mane
831 1288 1013 1336 autem
1039 1280 1169 1335 dum
1201 1278 1439 1333 tenebrae
1468 1276 1648 1330 adhuc
1679 1278 1886 1335 essent,
1921 1270 2007 1323 in-

422 1385 511 1431 tra
540 1382 954 1430 monumentum
983 1373 1160 1442 angeli
1188 1370 1326 1436 duo;
1365 1377 1486 1441 post
1510 1383 1649 1439 quos
1669 1367 1848 1422 denuo
1879 1364 2009 1418 Ser-

424 1480 607 1528 valor.
646 1469 816 1524 Valde
848 1482 1010 1522 mane
1046 1482 1178 1521 vero
1207 1466 1297 1520 alii
1337 1464 1638 1521 secundum
1661 1461 1862 1516 Lucam
1898 1459 2008 1513 duo

424 1564 529 1617 viri
560 1561 859 1623 nominati,
898 1558 1047 1613 haud
1086 1559 1230 1611 intra
1262 1563 1674 1611 monumentum
1704 1552 2005 1622 conspecti.

426 1655 655 1711 Demum
686 1659 1000 1723 postremus
1029 1650 1275 1705 omnium
1303 1648 1524 1717 juvenis
1545 1648 1637 1718 qui
1663 1645 2011 1701 venientibus

427 1755 553 1803 orto
583 1746 699 1801 sole
726 1744 1050 1799 mulieribus
1084 1759 1143 1798 se
1169 1742 1388 1797 obtulit.
1431 1739 1487 1794 Si
1518 1754 1650 1810 ergo
1676 1754 1846 1792 unum
1876 1753 2010 1791 cun~

429 1840 506 1895 cti
533 1838 788 1906 idemque
820 1843 1037 1905 tempus
1068 1835 1443 1903 scripsissent,
1476 1831 1838 1900 eumdemque
1867 1828 2003 1884 desi-

2099 626 2156 679 αἰ
2205 623 2495 694 θεώμεναι,
2525 619 2798 693 διάφοροι·
2825 619 2919 673 καὶ
2967 618 3017 670 οἰ
3044 616 3153 670 τῶν
3184 616 3459 685 ὀφθέντων
3497 610 3682 681 αὐτοῖς

2099 717 2267 786 λόγοι,
2292 715 2714 775 διαλλάττοντες.
2760 710 2982 783 Πρῶτος
3014 708 3112 781 μὲν
3142 707 3252 781 γὰρ
3297 702 3366 779 ἦν
3416 706 3610 778 καιρὸς
3652 708 3682 760 ὀ

2101 810 2253 881 παρά
2285 809 2363 879 τῷ
2393 805 2657 876 Ματθαίῳ
2685 804 2782 874 ὀψὲ
2811 794 3102 857 Σᾶϐϐάτων
3135 802 3426 872 λεγόμενος
3444 818 3457 831 ·
3488 795 3683 871 τέταρ-

2101 919 2194 964 τος
2219 900 2275 953 δὲ
2305 899 2399 953 καὶ
2421 896 2729 958 τελευταῖος
2760 895 2788 946 6
2816 892 2969 965 παρά
2994 893 3072 961 τῷ
3109 893 3322 964 Μάρκῳ
3364 891 3516 963 ἡλίου
3550 891 3685 944 ἀνα-

2103 994 2376 1055 τείλαντος
2403 988 2706 1060 ίστορηθείς
2723 1005 2735 1018 ·
2773 988 2926 1058 μέσοι
2958 986 3015 1039 δὲ
3043 986 3071 1038 ὅ
3090 1002 3149 1037 τε
3171 983 3323 1056 παρὰ
3344 982 3423 1054 τῷ
3458 980 3682 1055 Ἰωάννῃ

2105 1087 2200 1141 καὶ
2228 1089 2256 1139 6
2276 1083 2426 1156 παρὰ
2443 1083 2521 1153 τῷ
2550 1082 2733 1152 Λουκᾷ
2751 1099 2765 1114 ο
2794 1080 2873 1133 διὸ
2906 1080 2999 1133 καὶ
3025 1080 3073 1131 οἱ
3094 1077 3349 1145 ὀφθέντες
3390 1076 3531 1130 κατὰ
3561 1086 3684 1129 και-

2108 1180 2199 1253 ρὸν
2227 1176 2535 1242 ἰδιάζοντες.
2579 1174 2705 1243 Ὀψὲ
2737 1172 2835 1244 μὲν
2864 1170 2972 1241 γάρ
3003 1169 3295 1223 Σαϐϐάτων
3327 1167 3555 1237 ἄγγελος
3606 1162 3687 1232 εἷς

2107 1272 2171 1324 ὲκ
2198 1268 2290 1322 τοῦ
2324 1269 2632 1340 μνήματος·
2664 1266 2782 1338 μεθ’
2808 1266 2866 1319 ὃν
2901 1265 2993 1318 καὶ
3023 1262 3184 1326 αὐτὸς
3209 1265 3238 1315 ὀ
3277 1262 3468 1332 Σωτήρ
3487 1278 3500 1291 ·
3540 1256 3687 1331 πρωῒ

2107 1362 2164 1415 δὲ
2187 1362 2264 1415 ἔτι
2292 1361 2510 1424 σκοτίας
2537 1358 2721 1430 ούσης,
2754 1360 2884 1411 εἴσω
2909 1356 3000 1410 τοῦ
3029 1357 3308 1427 μνήματος
3329 1353 3549 1422 ἄγγελοι
3571 1352 3685 1406 δύο·

2110 1454 2231 1526 μεθ’
2248 1452 2341 1517 οὒς
2373 1452 2532 1507 πάλιν
2560 1454 2588 1505 ὁ
2608 1451 2770 1514 αὐτὸς
2787 1451 2996 1521 Σωτήρ.
3020 1447 3154 1520 Ὄρθ
3166 1464 3255 1518 ρου
3277 1447 3333 1499 δὲ
3358 1446 3548 1517 βαθέος
3572 1445 3689 1499 ἔτει

2115 1563 2195 1617 ροι
2230 1545 2371 1600 κατά
2398 1545 2488 1598 τὸν
2533 1545 2747 1597 Λουκᾶν
2785 1542 2877 1596 δύο
2910 1542 3102 1612 ἄνδρες
3152 1538 3529 1610 ὠνομασμένοι
3589 1538 3691 1591 ούκ

2111 1639 2242 1694 εἴσω
2268 1637 2361 1691 τοῦ
2400 1638 2679 1709 μνήματος
2703 1633 2977 1702 ὀφθέντες.
3014 1628 3127 1684 Εἶθ’
3176 1630 3401 1702 ὕστερον
3434 1630 3690 1684 ἁπάντων

2112 1732 2141 1783 ὀ
2168 1728 2449 1790 νεανίσκος
2473 1766 2487 1790 ,
2524 1728 2553 1778 ὀ
2588 1726 2706 1786 ταῖς
2730 1721 2883 1794 ἡλίου
2912 1719 3284 1781 ἀνατείλαντος
3332 1716 3691 1787 ἀφικομέναις

2113 1820 2458 1891 τεθεαμένος.
2520 1819 2585 1871 Εἰ
2652 1798 2752 1888 μὲν
2797 1812 2889 1869 οὖν
2932 1815 3046 1869 ,ἕνα
3103 1812 3292 1883 καιρὸν
3338 1812 3619 1881 εἰρηκότες
3644 1812 3692 1863 οἰ

432 1936 697 2000 gnassent
722 1929 901 1981 locum
922 1966 937 1990 ,
968 1941 1143 1995 neque
1170 1932 1350 1979 tamen
1382 1923 1602 1979 easdem
1643 1922 2011 1993 apparitiones

2122 1914 2316 1978 πάντες
2373 1912 2465 1966 καί⁵
2513 1910 2605 1964 τὸν
2672 1908 2833 1962 αὑτὸν
2880 1905 3293 1978 ἀναγράψαντες
3364 1905 3532 1957 τόπον
3556 1943 3570 1967 ,
3630 1902 3693 1956 ού

431 2020 835 2091 exposuissent,
852 2020 1048 2073 merito
1073 2016 1306 2072 fortasse
1331 2017 1531 2086 aliquis
1548 2030 1837 2071 censuram
1857 2028 2014 2069 exer-

433 2121 601 2167 ceret.
653 2109 758 2163 Sed
789 2124 914 2163 cum
940 2117 1185 2179 tempora
1213 2107 1567 2162 distinxerim
1588 2149 1602 2174 ,
1636 2116 1691 2162 et
1720 2105 2015 2175 unicuique

435 2202 664 2273 tempori
686 2202 865 2254 locum
893 2202 1173 2271 proprium
1199 2197 2017 2268 accommodaverint,sequitur

432 2301 496 2347 ut
552 2292 796 2346 diversas
865 2305 1085 2361 quoque
1149 2289 1527 2359 apparitiones
1590 2286 2013 2357 descripserint.

436 2383 591 2438 Sicut
614 2392 830 2446 contra,
860 2383 908 2436 si
945 2397 1108 2436 unam
1138 2380 1326 2435 cuncti
1352 2379 1750 2451 apparitionem
1782 2392 2019 2432 comme-

434 2480 763 2539 morassent,
816 2489 1099 2543 unumque
1147 2472 1420 2527 dixissent
1464 2471 1751 2540 angelum,
1786 2476 1880 2522 aut
1908 2467 2017 2523 duo

436 2561 786 2618 concorditer
816 2562 1064 2631 angelos,
1098 2561 1183 2616 vel
1212 2561 1340 2615 item
1373 2559 1513 2614 duos
1547 2560 1715 2623 viros,
1745 2567 1839 2612 aut
1857 2558 2017 2629 juve-

434 2667 561 2708 nem
611 2666 822 2713 unum;
860 2658 975 2705 tum
1014 2650 1214 2706 deinde
1256 2659 1506 2720 tempora
1540 2649 1875 2712 variassent,
1915 2662 2019 2703 nec

437 2757 609 2796 unum
661 2740 1019 2797 denotassent
1073 2742 1293 2807 locum,
1326 2741 1403 2795 ita
1450 2755 1671 2810 quoque
1719 2738 2018 2809 reprehen—

438 2834 578 2891 sioni
612 2834 767 2889 locus
809 2841 975 2889 esset.
1006 2832 1161 2887 Nunc
1186 2847 1369 2887 sermo
1406 2832 1717 2902 praecipuus
1766 2837 1820 2885 et
1867 2830 2014 2883 inva.

437 2924 651 2980 riabilis
693 2931 901 2987 manet,
941 2923 1180 2979 diversis
1245 2920 1593 2992 temporibus
1638 2921 1885 2990 locisque
1925 2934 2021 2973 va-

437 3016 648 3070 riantes
697 3015 940 3069 visiones
993 3014 1220 3079 sistens,
1274 3020 1329 3067 et
1377 3012 1571 3066 barum
1621 3010 2017 3081 spectatrices,

440 3107 575 3164 item
625 3107 900 3173 diversas,
932 3107 1071 3161 duas
1128 3106 1252 3161 illas
1306 3106 1521 3175 priores
1570 3104 1819 3160 diversas
1852 3118 1883 3157 a
1929 3119 2017 3158 se-

441 3198 645 3263 cunda,
677 3197 978 3269 tertiasque
1028 3197 1285 3252 similiter
1337 3212 1369 3250 a
1416 3196 1632 3267 quartis
1683 3195 2016 3251 dill'crentes.

439 3289 714 3346 Nimirum
767 3297 890 3361 post
934 3288 1156 3359 juvenis
1201 3302 1327 3344 cum
1369 3288 1662 3358 postremis
1697 3287 2020 3342 mulieribus

442 3382 800 3452 colloquium,
831 3396 1063 3453 quarum
1100 3381 1321 3436 nomina
1354 3395 1464 3435 non
1499 3390 1800 3451 ponuntur,
1844 3379 2022 3451 pergit

443 3471 628 3527 dicere
654 3462 873 3528 Marcus
906 3491 919 3528 :
960 3493 977 3523 ι
1008 3471 1128 3538 Quo
1171 3456 1361 3527 audito
1404 3471 1681 3542 fugerunt,
1714 3482 1767 3527 et
1816 3473 2020 3527 nemini

443 3561 743 3632 quidquam
784 3563 1063 3625 dixerunt,
1101 3562 1370 3617 timebant
1423 3564 1592 3617 enim.
1629 3581 1647 3614 ι
1684 3561 1777 3617 llas
1824 3578 2023 3633 nempe

444 3655 667 3710 fuerunt
710 3654 1004 3723 ejusmodi,
1038 3654 1251 3724 pavidae
1295 3670 1361 3709 ac
1408 3656 1574 3712 nimis
1631 3654 2019 3719 formidolosae,

445 3744 734 3800 intantum
770 3753 827 3798 ut
862 3760 930 3798 ne
955 3745 1145 3814 juveni
1174 3745 1395 3815 quidem
1430 3746 1798 3802 auscultarint
1820 3746 2023 3801 dicenti

445 3838 527 3893 eis
564 3855 578 3891 :
617 3856 635 3889 ε
666 3837 744 3891 [te
772 3845 827 3893 et
860 3836 1030 3893 dicite
1070 3838 1361 3908 discipulis
1396 3839 1516 3908 ejus
1546 3847 1601 3894 et
1638 3838 1802 3894 Petro
1832 3858 1846 3894 :
1880 3838 2024 3895 Ecce

445 3929 707 4002 pracedit
735 3945 832 3985 vos
863 3930 920 3983 in
951 3929 1249 3986 Galilaeam.
1285 3950 1304 3982 ο
1348 3930 1445 3986 His
1489 3931 1634 3986 enim
1667 3930 1869 3986 auditis
1908 3947 2025 3987 ser-

444 4019 725 4083 monibus,
776 4019 1115 4073 contrarium
1145 4019 1418 4074 fecerunt.
1468 4020 1538 4073 At
1583 4021 1688 4075 illa:
1725 4020 1870 4091 apud
1910 4020 2022 4076 Lu-

446 4124 592 4175 cam,
622 4110 691 4165 de
733 4119 1093 4165 monumento
1138 4125 1402 4175 reversae,
1462 4112 1857 4168 nuntiaverunt
1908 4113 2025 4167 haec

448 4203 634 4257 omnia
671 4204 947 4259 undecim.
985 4202 1249 4259 Similiter
1272 4212 1326 4258 et
1356 4206 1499 4275 apud
1527 4205 1795 4261 Joannem
1828 4207 2026 4262 mulier

449 4295 597 4350 venit
643 4294 712 4348 ad
749 4295 1073 4366 discipulos,
1128 4311 1313 4350 rerum
1349 4311 1485 4366 quas
1537 4296 1750 4351 viderat
1805 4297 2021 4352 nuntia.

452 4384 595 4441 Solae
623 4387 730 4440 illae
768 4386 913 4457 apud
960 4385 1205 4440 Marcum
1235 4396 1522 4458 postrema:
1552 4389 2021 4458 supervenientes,

452 4491 692 4546 vereque
725 4477 1000 4545 serotinae,
1046 4477 1119 4531 ita
1150 4486 1210 4531 ut
1238 4491 1366 4549 post
1393 4486 1574 4533 ortum
1603 4478 1733 4534 illuc
1765 4495 2025 4551 pervene-

451 4567 567 4623 rint
600 4607 615 4633 ,
648 4582 825 4637 neque
854 4568 1200 4624 Servatorem
1231 4570 1417 4626 videre
1450 4571 1626 4643 dignae
1655 4570 1898 4638 fuerunt,
1928 4589 2025 4629 ne-

451 4671 562 4728 que
605 4672 777 4712 unum
818 4658 1119 4730 fulgentem
1156 4661 1431 4730 angelum,
1477 4678 1654 4733 neque
1696 4662 1835 4719 duos
1882 4664 2028 4719 intra

451 4759 894 4817 monumentum,
937 4768 1115 4822 neque
1158 4753 1282 4810 illos
1316 4771 1454 4825 quos
1492 4756 1639 4813 viros
1660 4757 1791 4814 dicit
1814 4757 2025 4815 Lucas:

452 4842 746 4913 quemdam
795 4845 1181 4900 tantummodo
1220 4845 1476 4915 juvenem
1519 4856 1851 4921 aspexerunt
1895 4867 2029 4907 can-

453 4934 583 4989 dida
611 4936 753 4990 stola
784 4948 1107 5008 coapertum
1135 4978 1150 5003 ,
1180 4953 1481 5010 congruam
1532 4941 1742 5012 exigua:
1785 4943 2029 5012 ipsarum

453 5027 626 5083 menti
652 5028 919 5084 visionem
952 5038 1260 5085 consecuta:
1292 5049 1307 5086 :
1345 5041 1401 5087 et
1447 5031 1596 5087 hunc
1619 5034 1863 5088 albatum
1902 5031 2029 5089 festi

453 5134 623 5176 causa
652 5127 969 5190 spectantes
990 5162 1007 5187 ,
1041 5129 1225 5179 tamen
1259 5123 1544 5181 admiratae
1577 5134 1741 5194 sunt;
1765 5126 1847 5182 sic
1882 5125 2030 5181 enim

453 5211 522 5267 de
576 5212 665 5267 bis
713 5211 931 5270 Marcus
983 5222 1258 5285 testatur;
1289 5233 1603 5288 quanquam
1648 5218 1705 5272 in
1748 5218 2029 5288 prioribus

451 5304 604 5358 nulla
633 5306 877 5375 stuporis
912 5309 1115 5363 mentio
1146 5316 1251 5365 est.
1288 5311 1402 5381 Age
1442 5324 1596 5375 vero,
1651 5307 2028 5380 Magdalenam

451 5404 775 5453 constanter
798 5399 853 5454 in
877 5399 999 5456 loco
1027 5409 1495 5472 perseverantem,
1524 5399 1788 5456 credibile
1813 5409 1898 5456 est
1921 5417 2029 5456 non

453 5488 667 5557 priores
699 5498 915 5548 tantum
949 5494 1319 5563 apparitiones
1347 5491 1554 5548 vidisse
1592 5492 1913 5564 angelorum
1935 5493 2030 5563 qui

455 5580 563 5635 sibi
605 5581 701 5635 uni
728 5590 1111 5649 occurrerant,
1144 5584 1241 5640 sed
1284 5591 1339 5639 et
1390 5584 1541 5638 illum
1593 5584 1737 5654 apud
1784 5583 2029 5639 Marcum

456 5673 686 5745 reliquis
732 5676 1060 5733 mulieribus
1110 5685 1469 5746 conspectum
1514 5677 1812 5748 juvenem.
1877 5678 2028 5751 Idem

456 5765 611 5824 dicas
666 5767 795 5823 licet
835 5770 1003 5824 etiam
1048 5770 1114 5826 de
1160 5770 1394 5826 historia
1451 5770 1595 5842 apud
1656 5768 1878 5841 Lucam,
1934 5772 2030 5843 qui

458 5866 583 5932 post
614 5859 909 5932 multarum
955 5862 1246 5923 mulierum
1296 5863 1612 5934 adventum,
1645 5873 1699 5924 et
1724 5874 1848 5940 post
1892 5866 2031 5923 duo-

2113 2006 2215 2070 τὰς
2278 2003 2448 2068 αὑτὰς
2505 2002 2825 2072 ἐπιφανείας
2869 1999 3127 2071 ἐδήλουν,
3178 1997 3281 2051 κᾶν
3340 1996 3576 2065 εὐλόγως
3629 1995 3695 2049 ἄν

2115 2114 2199 2161 τις
2241 2095 2547 2167 ἐμέμψατο.
2588 2094 2651 2147 Εἰ
2683 2092 2727 2145 δ’
2762 2092 3044 2164 ἀφώρισαν
3089 2090 3215 2153 τοὺς
3248 2089 3507 2160 χρόνους,
3559 2086 3697 2140 ἐνει-

2120 2188 2226 2259 μάν
2295 2205 2355 2241 τε
2429 2184 2550 2239 καθ’
2613 2184 2841 2238 ἕκαστον
2902 2182 3096 2253 χρόνοι
3156 2181 3250 2233 καὶ
3328 2180 3491 2234 τόπον
3562 2180 3696 2234 ἰδιά·

2116 2281 2313 2345 ζοντα,
2349 2276 2658 2340 ἀκολούθως
2708 2275 2766 2329 δὲ
2812 2274 3098 2345 διαφόρους
3149 2273 3244 2327 καὶ
3295 2275 3393 2336 τὰς
3431 2269 3699 2336 ὀπτασίας

2116 2371 2450 2443 ἀνέγραψαν.
2496 2371 2583 2433 Ὧς
2616 2369 2774 2440 εἴπερ
2803 2364 2940 2440 ἦσαν
2975 2368 3103 2438 μιᾶς
3138 2366 3235 2437 μὲν
3272 2367 3321 2419 οἱ
3344 2366 3543 2429 πάντες
3575 2357 3701 2419 ἐπι-

2118 2464 2344 2535 φανείας
2391 2462 2885 2535 μνημονεύσαντες,
2920 2462 3012 2515 καὶ
3062 2461 3158 2513 ἕνα
3219 2460 3418 2528 φάντες
3469 2458 3699 2529 ἄγγελον

2119 2551 2360 2628 ὦφθαιῆ
2399 2557 2492 2609 δύο
2538 2555 2843 2626 συμφώνως
2885 2554 3153 2624 ἀγγέλους
3201 2552 3514 2624 εἰρηκότες,
3558 2552 3592 2623 ἢ
3628 2546 3696 2607 αὖ

2121 2649 2282 2702 πάλιν
2310 2648 2403 2702 δύο
2430 2648 2630 2719 ἄνδρας
2653 2647 2685 2718 ἧ
2717 2646 2996 2700 νεανίσκον
3024 2645 3152 2697 ἕνα·
3181 2640 3299 2697 εἶτα
3321 2645 3446 2706 τοὺς
3476 2644 3701 2715 καιροὺς

2119 2742 2464 2815 διήλλαττον,
2505 2739 2537 2812 ἢ
2583 2740 2656 2811 μὴ
2689 2740 2818 2801 τοὺς
2865 2740 3061 2801 αὐτοὺς
3099 2737 3317 2807 ἐδήλουν
3368 2737 3600 2800 τόπους,
3631 2729 3702 2807 ἦν

2118 2832 2185 2887 ἂν
2215 2832 2310 2885 καὶ
2351 2830 2493 2884 οὕτω
2551 2828 2887 2900 μέμψασθαι.
2937 2825 3051 2879 Νῦν
3085 2824 3129 2877 δ’
3179 2828 3207 2878 6
3257 2823 3415 2892 λόγος
3464 2823 3702 2894 ἀκριϐὴς

2124 2924 2272 2995 μένει
2327 2923 2421 2976 καὶ
2478 2920 2797 2991 ἀδιάϐλητος
2859 2918 2952 2970 ἐπὶ
3012 2918 3221 2987 καιροῖς
3272 2915 3547 2987 διαφόροις
3606 2916 3704 2967 καὶ

2119 3016 2306 3079 τόποις
2334 3012 2756 3074 ὲναλλαττούσας
2786 3010 2882 3073 τὰς
2909 3009 3175 3072 ὀπτασίας
3198 3009 3453 3077 εἰσάγων,
3481 3007 3575 3061 καί
3603 3004 3705 3070 τάς

2120 3109 2323 3162 τούτων
2358 3106 2596 3177 θεωροὺς
2643 3104 2804 3158 πάλιν
2832 3103 3156 3174 διαφόρους,
3205 3101 3397 3172 ἑτέρας
3455 3099 3554 3171 μὲν
3604 3099 3705 3161 τὰς

2122 3199 2215 3253 δύο
2249 3198 2493 3271 πρώτας,
2537 3196 2687 3268 παρά
2715 3196 2814 3268 τὴν
2842 3194 3129 3267 δευτέραν·
3169 3192 3263 3246 καὶ
3295 3191 3394 3255 τὰς
3424 3191 3611 3263 τρίτας
3644 3190 3702 3244 δὲ

2127 3291 2387 3354 ὡσαύτως
2414 3289 2609 3361 ἐτέρας
2635 3288 2744 3340 τῶν
2781 3287 3072 3359 τετάρτων.
3124 3285 3331 3338 Αὐτίκα
3354 3284 3396 3337 δ’
3429 3280 3520 3337 οὖν
3563 3284 3704 3356 μετά

2129 3385 2229 3457 τὴν
2247 3382 2341 3437 τοῦ
2359 3382 2639 3436 νεανίσκου
2672 3379 2809 3452 πρὸς
2836 3378 2933 3443 τὰς
2957 3377 3268 3440 τελευταίας
3287 3378 3551 3445 γυναῖκας
3584 3378 3707 3448 ὁμι-

2128 3477 2270 3540 λίαν,
2291 3470 2365 3529 ὦν
2386 3476 2454 3528 τὰ
2480 3474 2718 3544 ὀνόματα
2747 3473 2847 3525 οὐκ
2865 3470 3216 3543 ἐμφέρονται,
3235 3469 3474 3537 ἐπιλέγει
3489 3470 3517 3521 ὁ
3547 3467 3710 3538 Μάρ-

2129 3583 2246 3631 κος·
2276 3585 2294 3617 ι
2319 3566 2430 3620 Καὶ
2464 3564 2762 3619 ἀκούσασαι
2797 3562 3017 3631 ἔφυγον,
3053 3562 3147 3614 καὶ
3163 3561 3334 3614 οὐδενὶ
3362 3560 3512 3614 οὐδὲν
3533 3553 3709 3623 εἶπον,

2129 3658 2423 3731 ἐφοϐοῦντο
2458 3657 2567 3728 γάρ
2585 3674 2597 3686 ·
2633 3676 2650 3708 ι
2686 3652 2846 3709 αὗται
2868 3654 2965 3726 μὲν
2982 3650 3073 3707 οὖν
3088 3653 3333 3707 τοιαῦται
3350 3654 3443 3706 καὶ
3457 3652 3712 3723 ἔμφοϐοι,

2130 3753 2225 3807 καὶ
2257 3752 2377 3805 λίαν
2397 3749 2588 3813 δειλαὶ,
2603 3748 2678 3812 ὡς
2699 3748 2832 3819 μηδὲ
2856 3748 3146 3819 πεισθῆναι
3162 3746 3241 3816 τῷ
3258 3746 3527 3817 νεανίσκῳ
3547 3745 3708 3814 φάντι

2131 3841 2267 3914 πρὸς
2302 3838 2503 3902 αὐτάς·
2550 3857 2568 3889 ι
2607 3838 2875 3905 Ὑπάγετε
2924 3837 3018 3890 καὶ
3062 3835 3253 3889 εἴπατε
3291 3837 3405 3898 τοῖς
3440 3835 3710 3907 μαθηταῖς

2129 3932 2293 3988 αὐτοῦ
2327 3932 2421 3985 καί
2464 3928 2542 4001 τῷ
2596 3929 2823 4000 Πέτρῳ,
2860 3927 2992 3981 Ἰδοὺ
3034 3927 3265 3999 προάγει
3297 3927 3441 3995 ὑμᾶς
3492 3927 3571 3987 εἰς
3615 3924 3715 3995 τὴν

2130 4022 2451 4077 Γαλιλαίαν·
2499 4040 2517 4071 ι
2565 4018 2769 4073 τούτων
2819 4017 2928 4089 γὰρ
2982 4017 3285 4070 ἀκούσασαι
3346 4016 3455 4069 τῶν
3511 4014 3709 4085 λόγων,

2130 4113 2438 4169 τούναντίον
2470 4110 2830 4184 διεπράξαντο
2853 4126 2867 4141 ·
2903 4112 2959 4163 αἰ
2987 4109 3044 4163 δὲ
3076 4108 3227 4179 παρά
3254 4107 3332 4179 τῷ
3354 4110 3537 4179 Λουχᾷ
3575 4110 3712 4160 ἀπο-

2134 4206 2433 4279 στρέψασαι
2497 4205 2604 4259 ἀπὸ
2660 4202 2755 4257 τοῦ
2811 4204 3092 4274 μνήματος
3145 4202 3486 4275 ἀπήγγειλαν
3538 4186 3745 4254 ταῦταὶ

2131 4301 2307 4356 πάντα
2329 4302 2439 4363 τοῖς
2466 4298 2680 4351 ἕνδεκα.
2708 4296 2936 4367 Ὁμοίως
2962 4295 3018 4349 δὲ
3041 4296 3134 4350 καὶ
3159 4297 3191 4367 ή
3213 4294 3365 4366 παρά
3386 4293 3462 4365 τῷ
3490 4294 3710 4368 Ἰωάννῃ

2131 4394 2349 4467 ἔρχεται
2383 4391 2518 4464 πρὸς
2542 4390 2670 4454 τοὺς
2703 4387 2948 4460 μαθητάς
2971 4386 3385 4455 ἀπαγγέλλουσα
3411 4385 3446 4439 ἃ
3471 4383 3709 4459 ἑώρακε.

2130 4487 2305 4541 Μόναι
2338 4484 2395 4537 δὲ
2426 4485 2483 4537 αἰ
2521 4482 2671 4554 παρά
2696 4481 2773 4553 τῷ
2801 4482 3015 4553 Μάρκῳ
3050 4478 3238 4533 πασῶν
3269 4476 3494 4532 ύσταται
3525 4477 3715 4531 ἐλθού-

2134 4590 2245 4638 σαι,
2282 4572 2378 4625 καὶ
2405 4569 2619 4641 ἀληθῶς
2647 4570 2971 4640 ὀψισθεῖσαι,
2998 4569 3073 4632 ὡς
3100 4565 3237 4640 μετά
3270 4567 3532 4639 ἀνατολὴν
3558 4568 3713 4640 ἡλίου

2134 4668 2441 4735 ἐπιστῆναι,
2463 4662 2586 4717 οὔτε
2615 4663 2706 4716 τὸν
2736 4663 2963 4735 Σωτῆρα
2985 4661 3282 4716 θεάσασθαι
3307 4662 3713 4728 καταξιούνται,

2133 4755 2258 4811 οὔτε
2279 4755 2372 4808 τὸν
2404 4754 2634 4824 ἄγγελον
2665 4753 2756 4808 τόν
2787 4753 3249 4826 ὲξαστράπτοντα,
3284 4751 3407 4807 οὔτε
3452 4755 3579 4818 τοὺς
3621 4754 3717 4807 δύο

2131 4847 2259 4910 τοὺς
2285 4848 2416 4901 εἴσω
2464 4846 2559 4900 τοῦ
2595 4848 2894 4918 μνήματος,
2945 4845 3070 4899 οὕτε
3101 4847 3224 4909 τοὺς
3263 4844 3355 4898 δύο
3401 4846 3528 4908 τοὺς
3563 4843 3716 4916 παρά

2131 4939 2211 5011 τῷ
2254 4940 2437 5012 Λουκᾷ
2484 4939 2720 5011 ἄνδρας·
2762 4938 2918 5009 ψιλὸν
2966 4937 3023 4991 δέ
3075 4955 3197 4992 τινα
3247 4936 3529 4992 νεανίσκον
3575 4933 3715 4991 εἶδον

2133 5032 2593 5105 περιϐεϐλημένον
2646 5032 2837 5105 στολὴν
2890 5032 3089 5105 λευκὴν
3109 5073 3123 5097 ,
3165 5030 3443 5099 ἀναλόγως
3489 5032 3555 5102 τῇ
3616 5030 3712 5101 τῆς

2131 5125 2367 5190 διανοίας
2416 5125 2597 5179 αὐτῶν
2651 5125 2979 5198 σμικρότητι
3030 5125 3130 5197 τὴν
3173 5123 3436 5177 ὀπτασίαν
3471 5122 3706 5175 ἰδοῦσαι·

2133 5216 2227 5270 καὶ
2254 5216 2444 5271 τοῦτον
2473 5216 2529 5270 δὲ
2575 5215 2898 5287 λευχείμονα
2929 5217 3030 5288 τῆς
3083 5216 3277 5286 ἑορτῆς
3307 5214 3467 5285 χάριν
3512 5211 3707 5266 θεασά-

2135 5326 2316 5380 μεναι,
2348 5310 2498 5381 ὅμως
2530 5308 2982 5381 ἐθαυμάσθησαν·
3012 5307 3170 5361 τοῦτο
3201 5306 3309 5379 γὰρ
3332 5305 3708 5379 ἐμαρτύρησεν

2132 5401 2323 5465 αύταῖς
2350 5404 2379 5454 6
2421 5402 2677 5474 Μάρκος·
2732 5401 2979 5470 καίτοιγε
3019 5400 3112 5454 ἐπὶ
3142 5399 3252 5452 τῶν
3290 5399 3569 5471 προτέρων
3605 5412 3712 5467 μη-

2130 5492 2304 5563 δαμοῦ
2331 5492 2426 5547 τοῦ
2469 5492 2711 5565 θάμϐους
2758 5491 3170 5563 ὠνομασμένον.
3198 5489 3310 5561 Τὴν
3353 5484 3716 5559 Μαγδαληνὴν

2132 5586 2191 5639 δὲ
2219 5584 2585 5657 σχολάζουσαν
2607 5585 2702 5640 καὶ
2729 5582 3268 5656 προσκαρτεροῦσαν,
3292 5581 3441 5645 εἰκὸς
3469 5581 3529 5633 οὐ
3561 5579 3721 5652 μόνον

2131 5678 2232 5743 τάς
2266 5678 2487 5749 πρώτας
2524 5677 2675 5749 ὄψεις
2713 5676 3009 5739 τεθεᾶσθαι¹
3033 5675 3144 5729 τῶν
3190 5675 3329 5745 αὐτῇ
3365 5674 3500 5745 μόνῃ
3528 5673 3723 5743 ὀφθέν-

2132 5790 2274 5837 των,
2320 5771 2457 5826 ἁλλὰ
2487 5771 2581 5825 καὶ
2627 5771 2720 5826 τὸν
2774 5770 2925 5843 παρά
2968 5768 3047 5842 τῷ
3076 5768 3290 5838 Μάρκῳ
3337 5768 3457 5832 ταῖς
3506 5766 3724 5829 λοιπαῖς

2134 5852 2381 5937 γυναιξὶν
2420 5864 2733 5937 ἑωραμένον
2765 5863 3065 5922 νεανίσκον.
3097 5859 3306 5915 Ταύτὸν
3348 5858 3393 5914 δ’
3433 5858 3498 5914 ἂν
3550 5860 3725 5922 εἴποις
