4106 6414
352 345 458 401 997
1222 296 1727 396 SUP'PLEMENTA
1767 338 2246 407 QUA‘ZSTIONUM
2286 341 2378 395 AD
2417 342 2766 399 MARINUM.
3494 345 3601 401 998

352 462 450 517 καί
482 460 573 512 ἑπὶ
599 462 699 524 τῆς
731 457 876 511 κατά
912 458 1001 511 τὸν
1029 458 1245 512 Δουκᾶν
1280 457 1541 528 ἱστορίας,
1566 456 1624 520 ὃς
1666 456 1801 525 μετὰ
1831 456 1927 527 τὴν
1954 474 1973 521 λ

1979 468 2001 522 ι
2031 471 2153 510 rum
2186 458 2428 512 virorum
2458 456 2592 528 ipsis
2621 460 2929 515 oblatorum
2979 458 3247 515 visionem
3269 498 3284 525 ,
3315 460 3491 532 pergit
3514 461 3600 516 di-

352 551 534 621 ᾶφιξιν
560 550 669 604 τῶν
698 549 906 604 πολλῶν
939 547 1233 617 γυναικῶν,
1256 548 1352 601 καὶ
1382 549 1517 618 μετά
1542 547 1638 618 τὴν
1667 548 1794 602 θέαν
1818 548 1926 601 τῶν

2089 563 2171 612 re,
2202 546 2349 618 quod
2396 563 2658 619 regressae
2710 550 2779 605 de
2825 558 3202 613 monumento,
3252 550 3367 605 haec
3413 553 3601 607 omnia
3686 569 3710 595 ο

353 642 625 710 ὀφθέντων
655 640 844 701 αὐταῖς
891 636 984 690 δύο
1013 636 1218 707 ἀνδρῶν
1244 636 1507 707 διηγεῖται
1541 634 1734 703 λέγων·
1765 654 1783 686 ι
1818 636 1928 688 Καὶ

2027 639 2465 695 renuntiaverint
2512 641 2802 712 discipulis
2854 641 3130 696 undecim.
3161 640 3292 697 Post
3317 657 3438 712 qua:
3472 643 3547 697 ait
3581 661 3593 697 :

354 731 765 802 ἀποστρέψας-αι
811 729 918 783 ἀπὸ
953 728 1047 781 τοῦ
1090 728 1353 799 μνημείου
1388 727 1726 797 ἀπήγγειλαν
1757 727 1928 781 ταῦτα

2032 745 2050 779 ι
2096 728 2264 783 Erant
2336 739 2518 786 autem
2600 732 2770 786 Maria
2825 732 3160 804 Magdalene,
3198 751 3216 783 ι
3254 740 3310 788 et
3363 733 3593 802 reliqua.

354 824 530 877 πάντα
550 825 661 884 τοῖς
689 820 896 874 ἑνδεκαε
919 839 936 872 ι
961 817 1041 883 οἷς
1069 815 1557 890 ἑπιφέρειμἾῖσαν
1583 819 1639 871 δὲ
1654 822 1687 891 ἡ
1702 819 1926 887 Μαγδα-

2027 817 2238 890 Quippe
2267 820 2415 877 haud
2440 830 2524 878 est
2562 824 2940 889 inverisimile,
2974 839 3122 879 nunc
3155 825 3351 879 iterum
3379 824 3598 895 Magda-

351 915 485 987 ληνὴ
512 914 719 985 Μαρία,
746 932 764 965 ι
792 914 886 965 καὶ
912 912 980 965 τὰ
1003 912 1149 982 ἑξῆς.
1181 914 1293 965 Οὐκ
1321 902 1549 975 ἀπεικὸς
1579 914 1674 983 μὲν
1698 911 1805 983 γὰρ
1833 908 1921 983 ἦν,

2026 912 2203 966 lenam
2235 914 2378 982 (quae
2427 922 2586 969 antea
2633 916 2810 985 prima
2856 914 3030 971 iverat
3058 955 3075 980 ,
3125 915 3450 985 fortiterque
3486 917 3598 971 illic

353 1000 447 1053 καὶ
472 1000 565 1054 νῦν
599 1001 759 1055 πάλιν
781 1000 878 1071 τὴν
906 1001 1270 1073 Μαγδαληνὴν
1299 1002 1465 1054 πάλαι
1510 1002 1923 1073 προαιριγμὲνην

2025 1004 2494 1074 perseveraverat)
2527 1006 2666 1074 apud
2694 1015 3108 1062 monumentum
3146 1007 3318 1063 fuisse
3345 1022 3597 1078 comper-

350 1090 448 1143 καὶ
482 1091 897 1163 παραμείνασαν
927 1092 1158 1155 εὐτόνως
1193 1094 1340 1163 παρά
1377 1092 1455 1163 τῷ
1490 1096 1733 1164 μνήματι
1759 1092 1925 1165 εὑρῆ-

2025 1102 2157 1159 tam,
2191 1109 2316 1148 cum
2348 1094 2453 1148 illa:
2490 1096 2675 1164 plures
2705 1113 2768 1151 ex
2800 1096 3021 1152 Galilma
3048 1100 3434 1155 convenientes
3482 1115 3597 1153 mu-

354 1180 515 1245 σθαι,
569 1182 657 1234 ὅτε
708 1181 898 1235 πολλαὶ
946 1182 1054 1236 ἀπὸ
1102 1185 1200 1253 τῆς
1243 1183 1527 1247 Γαλιλαίας
1576 1183 1922 1238 συνελθοῦσαι

2023 1185 2185 1240 lieres
2214 1185 2281 1239 ad
2310 1187 2621 1255 sepulcrum
2652 1197 2918 1243 venerunt
2949 1198 3194 1245 aromata
3220 1191 3483 1258 ferentes,
3512 1192 3590 1247 ita

351 1276 607 1341 γυναῖκες
651 1274 903 1345 ἀπήντων
937 1275 1029 1327 ἑπὶ
1056 1275 1146 1328 τὸν
1174 1276 1343 1344 τάφον
1384 1276 1640 1348 φέρουσαι
1676 1275 1744 1328 τά
1778 1274 1921 1347 ἀρώ-

2026 1285 2083 1331 ut
2136 1278 2252 1346 ipsa
2298 1293 2514 1348 quoque
2556 1294 2679 1332 cum
2726 1281 2939 1335 caeteris
2992 1283 3129 1337 duos
3174 1284 3322 1340 viros
3369 1284 3589 1348 viderit,

353 1378 519 1431 ματα,
558 1361 697 1416 ὥστε
739 1366 832 1417 καὶ
876 1364 1042 1431 αὐτὴν
1078 1365 1194 1436 ἅμα
1242 1369 1362 1429 ταῖς
1402 1342 1612 1430 λοιπαῖς
1662 1368 1788 1431 τοὺς
1830 1367 1921 1421 δύο

2021 1382 2322 1438 eorumque
2341 1370 2507 1423 verba
2542 1370 2854 1435 audiverit;
2889 1380 2943 1425 et
2973 1371 3169 1427 deinde
3196 1388 3318 1426 cum
3353 1374 3461 1428 illis
3505 1390 3592 1430 re-

350 1451 547 1523 ἄνδρας
581 1453 884 1516 τεθεᾶσθαι,
916 1456 1010 1509 καὶ
1036 1456 1143 1506 τῶν
1168 1454 1341 1523 λόγων
1375 1454 1551 1507 αὐτῶν
1590 1455 1915 1524 ἀκηκοέναι·

2022 1474 2209 1529 gressa
2260 1475 2373 1514 rem
2420 1462 2673 1517 undecim
2704 1464 3061 1518 enarraverit.
3116 1464 3499 1521 Verumtamen
3536 1475 3590 1523 et

349 1540 467 1597 εἶτα
500 1547 595 1599 σὺν
624 1549 744 1609 ταῖς
766 1547 986 1610 πολλαῖς
1011 1544 1321 1601 ἐπανελθεῖν
1355 1548 1450 1601 καὶ
1482 1548 1785 1617 διηγεῖσθαι
1809 1549 1921 1612 τοῖς

2023 1553 2177 1606 aliter
2218 1553 2448 1623 proponi
2502 1555 2815 1623 explanatio
2888 1563 3105 1625 potest:
3141 1573 3332 1627 nempe
3382 1566 3442 1612 ut
3501 1574 3589 1615 res

347 1636 560 1692 ἕνδεκα.
584 1639 814 1693 Δύναται
838 1640 893 1693 δὲ
928 1642 1021 1694 καὶ
1050 1641 1221 1704 ἄλλως
1246 1643 1273 1693 ὁ
1296 1642 1473 1711 λόγος,
1507 1643 1573 1695 τά
1606 1642 1704 1712 μὲν
1729 1641 1920 1713 πρῶτα

2023 1644 2230 1712 priores
2260 1645 2579 1699 mulieribus
2628 1644 2867 1700 Galilaeis
2918 1647 3250 1712 tribuamus,
3295 1649 3588 1705 adventum

346 1734 467 1794 ταῖς
514 1732 622 1786 ἀπὸ
655 1734 752 1803 τῆς
789 1733 1077 1797 Γαλιλαίας
1123 1734 1369 1802 γυναιξὶν
1404 1737 1694 1804 ἀπονεῖμαι
1719 1775 1733 1799 ,
1775 1734 1920 1803 λέγω

2022 1736 2146 1790 dico
2181 1738 2247 1790 ad
2280 1737 2615 1806 sepulcrum,
2667 1745 2720 1791 et
2768 1745 3070 1791 aromatum
3106 1738 3501 1804 advectionem,
3536 1749 3590 1795 et

345 1823 410 1895 δὴ
436 1824 535 1893 τὴν
572 1827 651 1889 είς
679 1826 739 1878 τὸ
777 1826 966 1897 μνῆμα
996 1827 1199 1895 ἄφιξιν,
1228 1828 1321 1880 καὶ⁵
1347 1827 1443 1897 τὴν
1475 1827 1582 1879 τῶν
1616 1826 1919 1898 ἀρωμάτων
1952 1854 1966 1907 ι

1966 1854 1991 1906 Β
2021 1828 2255 1881 oblatam
2287 1828 2420 1897 ipsis
2449 1830 2682 1882 duorum
2711 1828 2955 1881 virorum
2985 1829 3273 1893 visionem,
3305 1840 3360 1884 et
3392 1831 3587 1884 horum

346 1917 593 1987 κομιδὴν.
628 1918 726 1989 τήν
769 1936 828 1971 τε
871 1919 1168 1989 γενομένην
1213 1921 1402 1983 αὑταῖς
1429 1919 1535 1972 τῶν
1575 1919 1667 1972 δύο
1711 1919 1920 1991 ἀνδρῶν

2024 1919 2088 1970 ad
2117 1918 2265 1988 ipsas
2298 1934 2602 1973 sermones.
2635 1917 2704 1971 At
2732 1920 2982 1973 nuntium
3009 1919 3294 1990 discipulis
3331 1921 3585 1976 undecim

346 2007 685 2077 ἑπιφάνειαν,
708 2010 802 2062 καὶ
829 2011 953 2072 τοὺς
978 2009 1179 2064 τούτων
1210 2011 1344 2082 πρὸς
1376 2009 1546 2073 αὐτὰς
1576 2010 1765 2079 λόγους
1785 2027 1797 2039 ·
1822 2009 1920 2080 τὴν

2021 2005 2258 2059 delatum
2292 2021 2633 2077 nequaquam
2670 2009 2738 2063 ab
2767 2008 2853 2063 his
2880 2008 3095 2063 feminis
3116 2010 3250 2065 solis
3274 2009 3462 2076 fuisse,
3492 2013 3590 2067 sed

349 2097 447 2167 μὲν
499 2093 593 2152 οὖν
631 2100 969 2168 ἀπαγγελίαν
1012 2101 1109 2172 τὴν
1139 2080 1275 2173 πρὸς
1327 2102 1451 2162 τοὺς
1494 2101 1683 2154 ἕνδεκα
1725 2101 1920 2171 μηκέτι

2020 2112 2051 2151 a
2083 2097 2297 2153 cunctis
2342 2099 2527 2163 simul,
2580 2099 2707 2153 dum
2759 2080 3095 2170 unaquaeque
3123 2116 3187 2156 ea
3219 2117 3339 2171 quae
3370 2104 3587 2159 viderat

344 2191 477 2261 παρ’
511 2190 689 2244 αὐτῶν
724 2192 882 2262 μόνον
913 2193 1262 2263 γεγενῆσθαι,
1298 2192 1411 2245 ἀλλ’
1445 2191 1580 2263 ὁμοῦ
1615 2192 1766 2261 παρὰ
1810 2209 1918 2244 πα-

2020 2189 2285 2258 referret;
2315 2206 2453 2261 quas
2507 2193 2669 2258 inter,
2715 2193 3043 2248 credendum
3072 2200 3156 2249 est
3206 2194 3583 2265 Magdalenam

343 2280 474 2347 σῶν,
503 2283 740 2353 ἑκάστης
784 2283 820 2337 ἃ,
863 2284 1085 2337 τεθέατο
1128 2284 1492 2355 διηγημένης’
1536 2285 1593 2336 ἑν
1639 2279 1725 2347 αἷς
1760 2283 1917 2337 πάλιν

2019 2282 2210 2349 fuisse,
2249 2270 2380 2337 cum.
2423 2285 2649 2355 reliquis
2680 2294 2735 2340 et
2768 2286 2941 2355 ipsam
2992 2286 3280 2356 discipulis
3321 2287 3583 2341 nuntian-

339 2372 438 2443 τὴν
480 2374 845 2444 Μαγδαληνὴν
877 2370 1013 2427 εἶναι
1050 2375 1188 2445 μετά
1219 2375 1328 2427 τῶν
1371 2374 1571 2428 λοιπῶν
1623 2375 1718 2427 καὶ
1750 2376 1917 2447 αὐτὴν

1761 2376 1917 2447 αὐτὴν
2018 2380 2126 2428 tem
2158 2388 2222 2428 ea
2260 2389 2381 2445 qua:
2412 2375 2669 2431 solitatim
2698 2382 2752 2431 et
2773 2376 3123 2446 singulariter
3152 2376 3382 2433 viderat.

339 2467 453 2527 τοῖς
504 2465 770 2537 μαθηταῖς
813 2467 1262 2536 ἁπαγγέλλουσαν
1302 2468 1373 2522 τὰ
1425 2467 1570 2531 ἰδίως
1600 2468 1733 2539 μόνῃ
1775 2470 1912 2540 αὐτῇ

341 2555 648 2627 ἑωραμένα.

1081 2698 1164 2749 ιιι.
2716 2685 2852 2744 VIII.

411 2803 521 2875 (67)
565 2804 705 2873 Ἐγὼ
734 2806 792 2859 δὲ
844 2807 1064 2859 κάκεῖνο
1104 2804 1279 2875 ζητῶ,
1326 2804 1443 2869 πῶς
1491 2805 1642 2877 παρὰ
1688 2806 1785 2876 μὲν
1834 2805 1911 2878 τῷ

2081 2797 2194 2870 Ego
2226 2814 2355 2857 vero
2384 2808 2438 2857 et
2462 2802 2594 2856 illud
2625 2817 2830 2873 quaero,
2862 2802 3139 2872 quomodo
3165 2802 3307 2873 apud
3339 2801 3581 2859 Marcum

337 2898 550 2969 Μάρκῳ
590 2900 827 2969 εἴρηται,
858 2900 933 2963 ὡς
961 2899 1068 2972 ἄρα
1100 2900 1475 2970 διαγενομένου
1508 2898 1601 2951 τοῦ
1631 2899 1908 2954 Σαϐϐάτου

2008 2889 2215 2946 dictum
2261 2892 2354 2958 sit,
2404 2891 2551 2962 quod
2590 2908 2715 2947 cum
2748 2891 3422 2956 Sabbatum'transiisset,
3454 2908 3580 2948 aro-

335 2990 633 3060 ήτοίμασαν
668 2991 971 3062 ἀρώματα,
1020 2993 1170 3063 παρὰ
1218 2993 1274 3046 δὲ
1302 2992 1381 3062 τῷ
1425 2995 1606 3064 Λουκᾷ
1655 2994 1762 3064 πρὸ
1812 2993 1905 3047 τοῦ

2008 2994 2152 3037 mata
2181 2986 2540 3053 paraverint;
2583 2985 2726 3055 apud
2771 2984 2973 3040 Lucam
3024 3002 3154 3041 vero
3200 2994 3326 3042 ante
3375 2985 3581 3042 Sabba-

334 3080 611 3134 Σαόϐάτου
642 3082 786 3135 τοῦτ’
817 3083 1058 3155 ἔπραξαν
1091 3087 1148 3137 ἐν
1180 3086 1317 3155 αὐτῇ
1350 3088 1414 3155 τῇ
1447 3085 1815 3156 Παρασκευῇι

1452 3085 1815 3156 Παρασκευῇ,
2007 3081 2124 3127 tum
2160 3074 2215 3128 id
2245 3084 2431 3146 agant,
2459 3076 2578 3145 ipsa
2606 3076 2937 3133 Parasceves
2968 3076 3073 3132 die.

403 3193 515 3246 Καὶ
547 3192 704 3245 τοῦτο
729 3193 784 3245 δὲ
824 3196 936 3257 τοῖς
973 3193 1258 3264 προτέροις
1293 3195 1778 3269 συμπεπλεγμένον
1809 3193 1906 3266 ζη-
1934 3212 1976 3267 C

1958 3212 1976 3267 ι
2078 3187 2203 3243 Haec
2226 3203 2443 3259 quoque
2465 3188 2844 3259 superioribus
2867 3188 3131 3259 implicita
3154 3190 3579 3260 quaestionibus.

329 3283 570 3354 τήμασι,
623 3283 721 3354 τῆς
764 3284 957 3353 ὁμοίας
996 3283 1224 3344 ἑκείνοις
1277 3283 1427 3353 τύχοι
1478 3284 1544 3337 ἂν
1578 3284 1906 3355 ἑρμηνείαςο

2015 3296 2200 3351 parem
2252 3281 2361 3336 illis
2408 3280 2849 3352 etplanationem
2901 3282 3180 3339 sortietur.
3222 3283 3433 3339 Etenim
3480 3299 3582 3341 nos

332 3374 762 3427 ἀποδεικνύντων
789 3376 845 3428 δὲ
868 3376 1023 3445 ἡμῶν
1043 3375 1115 3446 μὴ
1148 3371 1283 3428 εἶναι
1308 3375 1404 3439 τὰς
1433 3375 1622 3439 αὐτὰς,
1651 3375 1764 3429 ἀλλ’
1790 3376 1908 3429 ἑτέ-

2009 3375 2529 3436 demonstravimus,
2563 3374 2705 3428 haud
2737 3372 2953 3427 easdem
2972 3388 3115 3439 esse,
3151 3375 3243 3428 sed
3268 3376 3427 3442 alias,
3460 3390 3582 3446 quae

333 3480 434 3535 ρας
470 3466 567 3535 μὲν
607 3465 704 3528 τὰς
735 3465 841 3536 πρὸ
876 3465 969 3517 τοῦ
1014 3465 1293 3519 Σαϐϐάτου
1350 3470 1408 3520 ἑν
1435 3468 1573 3538 αὐτῇ
1622 3470 1688 3537 τῇ
1726 3468 1909 3537 Παρα-

2008 3474 2134 3520 ante
2170 3464 2466 3519 Sabbatum
2498 3465 2615 3535 ipsa
2662 3463 2994 3519 Parasceves
3028 3465 3136 3527 die;
3178 3481 3284 3534 qua
3314 3464 3579 3523 Dominus

331 3559 524 3627 σκευῇ,
562 3557 682 3609 καθ’
713 3559 778 3629 ἢν
804 3556 1067 3611 πέπονθεν
1099 3561 1126 3610 ὁ
1160 3557 1369 3630 Σωτὴρ,
1399 3560 1526 3631 περὶ
1556 3560 1653 3630 τὴν
1685 3559 1905 3630 κηδείαν

2007 3571 2204 3625 passus
2236 3565 2342 3621 est,
2378 3557 2587 3610 adeam
2614 3570 2801 3608 curam
2824 3555 3227 3622 incubuerunt;
3257 3555 3394 3612 alias
3422 3572 3571 3623 vero,

327 3649 735 3720 ἀσχοληθείσας,
773 3650 963 3723 ἑτέρας
988 3650 1044 3703 δὲ
1081 3651 1179 3715 τὰς
1214 3651 1354 3721 μετά
1384 3652 1444 3703 τὸ
1474 3651 1746 3705 Σάϐϐατον
1766 3669 1779 3682 ’
1810 3669 1905 3705 σα-

2004 3662 2124 3716 qua!
2180 3655 2301 3716 post
2349 3645 2645 3700 Sabbatum
2680 3665 2693 3700 :
2731 3646 3020 3715 perspicue
3061 3646 3205 3699 enim
3256 3646 3355 3701 bas
3398 3644 3576 3702 Lucas

327 3741 443 3811 φῶς
474 3743 584 3813 γὰρ
632 3742 835 3806 ταύτας
882 3744 1093 3806 Λουκᾶς
1142 3742 1532 3815 μεμαρτύρηκε
1580 3744 1700 3796 κατ’
1734 3744 1903 3816 αὐτὴν

2002 3743 2238 3790 testatur
2282 3736 2399 3805 ipsa
2443 3735 2532 3789 die
2569 3733 2849 3791 Passionis
2893 3735 2945 3789 id
2981 3736 3179 3805 egisse,
3206 3737 3410 3792 nullius
3455 3752 3577 3792 mu-

329 3835 428 3906 τὴν
463 3836 673 3908 ἡμέραν
695 3836 788 3889 τοῦ
819 3836 1023 3899 πάθους
1054 3834 1224 3889 ταῦτα
1252 3837 1629 3906 πεποιηκέναι,
1652 3835 1901 3906 οὐδαμῶς

2002 3825 2151 3880 lieris
2180 3834 2482 3880 memorato
2513 3827 2757 3889 nomine,
2783 3826 2879 3881 sed
2906 3825 3229 3896 simpliciter
3248 3825 3573 3882 mulieribus

327 3929 587 4002 ὀνόματος
610 3930 882 3999 γυναικῶν
918 3928 1314 4001 μνημονεύσας,
1341 3929 1453 3982 ἀλλ’
1482 3929 1666 3993 ἁπλῶς
1713 3934 1899 3998 γυναῖ-

2009 3919 2339 3982 memoratis,
2388 3933 2509 3987 quae
2552 3933 2677 3972 cum
2724 3916 2854 3973 Jesu
2905 3926 3168 3971 venerant
3211 3917 3279 3971 de
3327 3915 3570 3973 Galilzna.
3610 3967 3630 3977 ,,

324 4039 427 4086 κας
452 4021 620 4075 εἰπὼν
648 4023 747 4087 τὰς
771 4022 1127 4087 συνελθούσας
1151 4021 1299 4092 αὐτῷ
1329 4020 1437 4074 ἀπὸ
1458 4020 1559 4091 τῆς
1579 4020 1894 4084 Γαλιλαίας’

2000 4010 2217 4067 Marcus
2263 4019 2443 4066 autem
2486 4019 2599 4065 tres
2641 4012 2788 4067 solas
2816 4009 3138 4065 nominatim
3172 4010 3416 4079 scripsit,
3444 4023 3572 4064 aro-

321 4116 351 4168 ὁ
377 4114 435 4167 δὲ
483 4114 708 4187 Μάρκος
755 4115 1013 4185 ὀνομαστὶ⁵
1060 4115 1210 4185 τρεῖς
1256 4112 1419 4183 μόνας
1460 4111 1733 4182 ἀνέγραψε
1774 4111 1896 4165 καθ’

1998 4111 2203 4157 malum
2231 4103 2394 4158 simul
2418 4118 2603 4157 curam
2638 4110 2912 4174 gerentes,
2935 4101 3081 4155 haud
3105 4101 3193 4155 die
3217 4100 3567 4166 Parasceves,

321 4208 520 4271 ἑαυτὰς
552 4208 805 4279 πρόνοιαν
836 4206 1211 4276 πεποιημένας
1243 4204 1349 4257 τῶν
1381 4205 1707 4275 ἀρωμάτων,
1743 4204 1803 4256 οὐ
1826 4206 1891 4275 τῇ
1926 4216 1932 4223 ·

1996 4193 2091 4250 sed
2118 4194 2231 4264 jam
2274 4193 2514 4249 Sabbato
2548 4196 2920 4264 praeterlapso.
2959 4192 3070 4247 Has
3118 4208 3281 4263 porro
3321 4193 3568 4248 diversas

319 4300 645 4371 Παρασκευῇ
668 4340 682 4364 ,
734 4299 870 4353 ἀλλά
922 4297 1063 4369 μετὰ
1094 4297 1432 4366 διαγενέσθαι
1464 4296 1524 4349 τὸ
1575 4295 1851 4349 Σάϐϐατον
1874 4311 1889 4326 ·

1995 4301 2119 4342 esse
2146 4287 2215 4340 ab
2238 4287 2347 4342 illis
2386 4285 2567 4350 Lucae,
2595 4286 2881 4356 sequentia
2916 4300 3135 4355 quoque
3161 4283 3564 4340 demonstrant.

319 4391 512 4462 ἑτέρας
548 4391 604 4443 δὲ
651 4386 786 4445 εἶναι
816 4389 1017 4453 ταύτας
1047 4388 1198 4460 παρὰ
1239 4389 1338 4452 τὰς
1388 4386 1538 4458 παρὰ
1576 4384 1654 4457 τῷ
1685 4386 1888 4457 Λουκᾷ,

1993 4376 2087 4433 Ha:
2125 4380 2386 4433 nimirum
2424 4378 2567 4448 apnd
2619 4379 2860 4431 Marcum
2900 4377 3158 4432 mulieres
3195 4377 3448 4446 juvenem
3480 4376 3567 4429 vi-

318 4481 414 4532 καὶ
457 4479 527 4532 τὰ
578 4478 704 4549 ἑξῆς
744 4480 1058 4550 ἑπαγόμενα
1097 4479 1387 4532 δείκνυσιν.
1425 4472 1594 4531 Abeat
1649 4476 1746 4547 μὲν
1796 4472 1890 4530 οὖν

1991 4472 2122 4527 dent
2170 4472 2225 4525 in
2273 4471 2465 4525 dextra
2514 4477 2669 4541 parte
2715 4470 3019 4533 sedentem,
3051 4468 3145 4540 qui
3197 4475 3251 4523 et
3297 4467 3406 4524 illis
3440 4467 3561 4521 ait:

317 4574 575 4639 γυναῖκες
609 4570 760 4640 παρὰ
790 4570 869 4640 τῷ
894 4571 1107 4642 Μάρκῳ
1133 4570 1224 4623 τὸν
1253 4569 1533 4623 νεανίσκον
1563 4566 1733 4639 ὁρῶσι
1756 4566 1889 4619 καθ·
1918 4552 1938 4607 ἶ

1944 4555 1963 4607 )
1997 4585 2015 4617 ι
2051 4564 2231 4619 Nolite
2266 4564 2485 4630 timere;
2519 4562 2703 4617 Jesum
2744 4562 2987 4632 quaeritis
3032 4560 3412 4627 Nazarenam;
3441 4573 3565 4615 sur-

316 4663 519 4733 ήμενον
555 4662 612 4715 ἑν
642 4663 755 4723 τοῖς
810 4661 1021 4726 δεξιοῖς,
1051 4661 1109 4724 ὃς
1139 4660 1232 4713 καί
1276 4677 1440 4730 φησιν
1485 4660 1704 4722 αὐταῖς·
1742 4677 1761 4709 ‹
1791 4657 1882 4730 Μὴ

1992 4656 2156 4721 rexit,
2186 4672 2296 4711 non
2326 4663 2412 4711 est
2442 4656 2548 4710 hic.
2591 4674 2610 4707 ι
2647 4653 2761 4709 Illis
2789 4663 2972 4709 autem
3012 4652 3155 4723 apud
3205 4650 3408 4706 Lucam
3452 4649 3564 4704 duo

314 4744 599 4824 φοϐεῖσθεθ
642 4753 849 4823 Ἰησοῦν
891 4751 1102 4823 ζητεῖτε
1131 4752 1219 4804 τὸν
1263 4750 1613 4821 Ναζαρηνόν·
1650 4749 1880 4821 ἠγέρθη,

1992 4751 2095 4807 viri
2136 4752 2426 4806 astiterunt
2452 4751 2507 4804 in
2537 4757 2691 4805 veste
2720 4748 2962 4820 fulgente
2988 4787 3003 4813 ,
3047 4756 3103 4803 et
3143 4745 3251 4800 alia
3287 4743 3452 4799 verba
3476 4742 3560 4797 di-

311 4844 411 4896 οὐκ
448 4841 593 4894 ἑστιν
621 4833 745 4895 ὧδε.
767 4860 786 4893 ι
819 4841 951 4904 Ταῖς
984 4840 1041 4893 δὲ
1071 4839 1222 4911 παρά
1253 4839 1329 4911 τῷ
1365 4841 1548 4910 Λουκᾷ
1574 4838 1668 4891 δύο
1692 4839 1884 4911 ἄνδρες

1989 4848 2165 4897 cunt:
2206 4858 2225 4891 ι
2263 4841 2374 4896 Cur
2424 4840 2672 4910 quaeritis
2717 4840 2996 4894 viventem
3040 4838 3183 4892 inter
3210 4831 3499 4889 mortuos?
3534 4852 3552 4884 ι

310 4936 617 5004 ἐπέστησαν
651 4935 708 4987 ἑν
738 4933 924 5004 ἐσθῆτι
957 4931 1364 5004 ἀστραπτούσῃ,
1397 4932 1490 4985 καὶ
1516 4932 1709 5003 ἑτέρας
1750 4947 1884 5002 προ-

1991 4941 2046 4988 et
2074 4932 2304 5003 reliqua.
2348 4932 2415 4987 Et
2448 4933 2552 4986 illae
2581 4931 2723 5002 apud
2754 4929 2994 4984 Marcum
3040 4926 3261 4981 monita:
3301 4922 3555 4976 mandata

310 5029 566 5101 φέρονται
610 5026 793 5096 φωνὰς
844 5026 1091 5095 λέγοντες
1111 5041 1125 5055 ·
1158 5044 1179 5076 α
1208 5025 1273 5078 Τί
1308 5023 1521 5095 ζητεῖτε
1572 5023 1663 5076 τὸν
1709 5021 1885 5086 ζῶντα

1991 5028 2247 5083 nuntiare
2290 5024 2596 5096 discipulis,
2629 5024 2833 5079 nemini
2858 5019 3154 5092 quidquam
3182 5017 3455 5070 dixerunt.
3485 5011 3555 5066 At

312 5118 450 5190 μετὰ
470 5117 579 5170 τῶν
600 5116 843 5188 νεκρῶνς
873 5136 891 5169 ι
926 5118 1022 5171 καὶ
1048 5116 1119 5170 τά
1161 5116 1286 5188 ἑξῆς
1310 5133 1324 5146 °
1360 5117 1455 5170 καὶ
1494 5116 1550 5169 αἱ
1584 5116 1682 5186 μὲν
1731 5116 1881 5187 παρά
1912 5162 1917 5165 ,

1985 5119 2094 5175 illa:
2131 5117 2294 5173 Lucae
2331 5118 2589 5189 profectae
2622 5116 3020 5171 nuntiaverunt
3052 5107 3339 5179 discipulis
3381 5104 3555 5159 unde-

303 5212 383 5285 τῷ
411 5213 624 5285 Μάρκῳ
664 5211 964 5265 ἀκούσασαι
996 5212 1106 5273 τοῖς
1152 5210 1422 5282 μαθηταῖς
1464 5208 1782 5278 ἑπαγγεῖλαι
1809 5206 1878 5260 τὰ

1984 5208 2114 5263 cim.
2147 5209 2327 5275 Quare
2353 5223 2421 5263 ex
2446 5209 2533 5263 his
2557 5207 2812 5262 omnibus
2842 5201 3139 5272 colligitur,
3164 5197 3308 5252 haud
3332 5193 3552 5250 easdem

304 5303 732 5378 παρηγγελμένα
755 5320 770 5335 ο
816 5302 992 5356 οὐδενὶ
1022 5301 1173 5355 οὐδὲν
1220 5298 1370 5355 εἷπον
1391 5318 1406 5333 ο
1433 5301 1489 5354 at
1520 5300 1577 5353 δὲ
1620 5298 1770 5369 παρὰ
1798 5298 1875 5369 τῷ

1984 5299 2155 5356 fuisse
2178 5301 2457 5365 nuntiares,
2487 5300 2719 5369 ideoque
2754 5312 2857 5353 nec
2890 5309 3003 5350 uno
3042 5302 3285 5363 tempore
3322 5303 3387 5344 ea
3430 5300 3553 5357 quae

301 5395 485 5465 Δουκᾷ
522 5393 868 5466 πορευθεῖσαι
893 5391 1235 5462 ἀπήγγειλαν
1265 5394 1378 5456 τοῖς
1407 5391 1617 5445 ἕνδεκα·
1672 5389 1747 5453 ὡς
1784 5389 1875 5444 διὰ

1265 5394 1378 5456 τοῖς
1407 5391 1617 5445 ἑνδεκα·
1672 5389 1747 5453 ὡς
1784 5389 1875 5444 διὰ
1981 5390 2037 5446 in
2061 5392 2281 5463 scriptis
2312 5399 2619 5457 sunt,.esse
2648 5396 2886 5461 peracta.

298 5486 504 5543 τούτων
547 5488 800 5543 ἁπάντων
846 5484 1193 5555 συνάγεσθαι,
1228 5486 1302 5557 μὴ
1348 5485 1448 5549 τὰς
1481 5485 1649 5548 αὑτὰς
1692 5479 1861 5539 εἶναι’
1902 5483 1983 5541 διὸ
2045 5486 2179 5559 μηδὲ
2230 5488 2319 5557 ὐφ’
2345 5486 2440 5542 ἑνα
2477 5484 2666 5557 καιρὸν
2699 5477 3055 5552 πεποςηιέοιι
3102 5476 3172 5532 τά
3204 5475 3553 5542 ἀναγεγραμθ

306 5576 460 5648 μένα.

374 5755 484 5828 (67)
522 5757 657 5816 Cod.
683 5759 752 5826 Α,
785 5757 822 5813 r.
856 5758 981 5824 διδ,
1004 5758 1060 5814 b.
