4106 6426
488 338 591 394 999

1189 466 1314 537 ux.

558 606 685 664 Haec
706 606 814 663 illis
837 605 1194 677 loquentibus
1217 604 1367 662 stetit
1384 604 1546 661 .iesus
1570 605 1625 660 in
1645 604 1829 661 medio
1848 619 2063 671 eorum,
2097 609 2142 668 Α

487 702 733 772 dixitque
760 700 842 756 eis
874 719 887 754 ε
927 717 946 751 ι
983 699 1097 754 Pax
1130 699 1308 755 vobis.
1341 718 1360 751 ι
1398 697 1540 756 Hinc
1568 699 1806 769 ambiget
1841 698 2065 769 aliquis,

487 791 764 863 quomodo
816 789 1070 847 undecim
1126 790 1415 863 discipulis
1468 790 1634 846 simul
1694 789 2067 861 congregatis,

486 885 862 941 interveniens
928 882 1236 949 Dominus,
1290 883 1592 940 secundum
1648 882 1849 939 Lucam
1905 892 2071 954 atque

482 977 751 1035 Joannem
775 980 829 1034 id
862 976 1213 1034 concorditer
1241 976 1593 1041 atlirmantes,
1625 992 1970 1048 nequaquam
2000 978 2070 1034 ab

484 1082 720 1145 utroque
752 1071 907 1143 paria
924 1070 1107 1127 facere
1135 1078 1190 1125 et
1218 1070 1402 1127 dicere
1433 1071 1699 1142 scriptum
1734 1073 1917 1128 tuerit.

554 1254 710 1323 Quod
754 1255 1003 1313 eamdem
1034 1257 1306 1312 visionem
1352 1255 1516 1311 ambo
1547 1256 1895 1327 cvangelistaa
1921 1258 2066 1311 scric

485 1346 620 1402 bant
649 1363 758 1403 una
790 1349 1093 1419 eademque
1123 1356 1178 1403 et
1202 1348 1333 1402 liora
1366 1356 1421 1403 et
1453 1348 1541 1402 die
1574 1348 1836 1413 oblatam,
1871 1349 1924 1402 in
1952 1349 2068 1418 pri-

482 1442 591 1498 mis
622 1443 1093 1513 comprobandum
1117 1448 1222 1497 est.
1255 1440 1411 1507 Quod
1451 1440 1548 1495 tibi
1578 1441 1919 1511 exploratum
1951 1441 2062 1507 ﬁet,

484 1534 850 1605 si-diligenter
884 1533 1239 1605 Scripturam'
1264 1532 1720 1589 eonsideraveris.
1765 1532 1901 1588 Nam
1936 1550 2062 1588 cum

484 1622 729 1679 Joannes
749 1632 910 1678 antea
932 1624 1164 1679 dixisset
1187 1642 1229 1675 ει
1245 1621 1363 1677 Una
1387 1637 1516 1677 vero
1533 1622 1898 1679 Sabbatorum
1918 1625 2066 1679 venit

487 1714 659 1770 Maria
686 1713 1006 1786 Magdalena
1046 1714 1384 1769 annuntians
1419 1714 1730 1785 discipulis,
1771 1732 1831 1772 se
1860 1716 2067 1773 vidisse

488 1806 802 1871 Dominum,
836 1814 889 1862 et
919 1807 1033 1862 bmc
1075 1807 1179 1862 sibi
1216 1806 1458 1872 dixisse;
1499 1825 1519 1858 ι
1547 1806 1742 1863 deinde
1790 1809 2067 1866 subnectit

488 1899 681 1955 dicens
716 1919 729 1955 :
767 1919 786 1951 ι
816 1899 951 1954 Cum
984 1915 1107 1955 sero
1149 1906 1296 1955 esset
1325 1897 1414 1953 die
1445 1899 1559 1963 illa,
1604 1901 1953 1973 congregatis
1983 1901 2068 1955 di-

489 1992 739 2062 scipulis,
775 1992 923 2046 venit
970 1990 1153 2054 Jesus,
1192 1993 1451 2062 stetitque
1493 1992 1549 2047 in
1598 1993 1801 2061 medio,
1843 2002 1897 2049 et
1928 1995 2068 2048 dixit

489 2084 615 2139 eis:
651 2084 761 2138 Pax
807 2084 982 2139 vobis.
1021 2104 1040 2137 ι
1091 2084 1457 2150 Quamobrem
1519 2101 1586 2140 ex
1638 2085 1726 2141 bis
1777 2085 2068 2141 manifeste

488 2186 725 2243 constat,
747 2177 937 2233 eadem
962 2177 1244 2233 Dominica
1267 2177 1692 2234 resurrectionis
1709 2178 1817 2240 die,
1842 2194 2070 2249 vesper-

490 2268 604 2323 tino
638 2276 883 2338 tempore
917 2275 1037 2323 acta
1082 2284 1206 2325 esse
1248 2284 1371 2340 quae
1406 2267 1648 2326 Joannes
1690 2270 1900 2325 scribit.
1934 2270 2066 2324 Item

488 2359 635 2431 apud
655 2358 858 2415 Lucam
878 2360 1022 2417 idem
1047 2361 1165 2417 dies
1195 2369 1250 2417 et
1280 2362 1418 2416 hora
1448 2361 1775 2417 invenietur.
1806 2361 1897 2415 Ait
1920 2362 2067 2418 enim

486 2448 606 2518 ipse
636 2467 648 2503 :
683 2466 703 2499 ι
734 2446 852 2504 Una
886 2459 1068 2507 autem
1098 2448 1322 2506 Sabbati
1346 2449 1503 2505 valde
1530 2450 1772 2506 diluculo
1803 2460 2070 2508 venerunt

487 2537 557 2592 ad
585 2545 1001 2593 monumentum
1024 2540 1302 2596 mulieres.
1340 2559 1358 2590 ›
1386 2538 1593 2595 Deinde
1629 2540 1775 2607 quod
1804 2541 1939 2596 visis
1971 2556 2067 2595 an~

485 2628 623 2700 gelis
647 2644 881 2686 reversae
912 2630 1290 2685 nuntiaverint
1324 2630 1616 2701 discipulis
1651 2647 1772 2702 qua:
1793 2632 2065 2686 viderant.

486 2718 684 2777 Petrus
714 2728 894 2776 autem
928 2721 1254 2777 festinanter
1274 2722 1339 2776 ad
1365 2732 1780 2777 monumentum
1805 2723 2066 2787 occurrit,

486 2820 541 2869 et
572 2813 891 2869 linteamina
917 2814 1089 2869 videt.
1125 2812 1304 2883 Atque
1343 2814 1458 2868 base
1487 2813 1645 2868 valde
1668 2812 1911 2869 diluculo
1938 2829 2070 2869 con—

484 2906 749 2976 tigerunt,
778 2906 1207 2963 resurrectionis
1241 2905 1350 2961 die.
1393 2905 1535 2961 Dicit
1561 2922 1687 2962 mox
1724 2909 2069 2964 continenter

487 2994 778 3064 Scriptura
806 3015 823 3053 :
853 3015 873 3048 ι
904 2996 967 3050 Et
997 3011 1126 3052 ecce
1152 2997 1262 3052 duo
1292 3012 1359 3051 ex
1390 2998 1527 3069 ipsis
1560 2999 1713 3055 ibant
1743 3001 1861 3069 ipsa
1894 3000 1982 3056 die
2012 3001 2065 3056 in

484 3090 797 3145 castellum.
837 3107 857 3140 ι
889 3088 1058 3143 Erant
1082 3096 1261 3144 autem
1285 3088 1517 3161 Cleopas
1552 3106 1676 3146 cum
1712 3092 1865 3148 socio
1902 3109 1915 3145 :
1945 3096 2069 3165 qui-

484 3183 719 3241 buscum
770 3181 933 3239 Jcsus
984 3182 1362 3237 Emmauntem
1407 3184 1725 3254 ingressus,
1791 3185 2067 3256 accipiens
2096 3214 2136 3272 ο

485 3289 684 3347 partem
741 3274 1053 3341 benedixit;
1105 3289 1214 3345 quo
1248 3274 1358 3331 illis
1399 3283 1669 3345 porrecto,
1711 3275 2000 3346 disparuit.
2037 3297 2057 3330 ι

486 3372 693 3428 Deinde
712 3371 898 3429 subdit
926 3387 939 3424 :
977 3391 995 3423 ι
1037 3370 1103 3423 Et
1131 3377 1418 3441 surgentes
1445 3369 1635 3425 eadem
1663 3371 1799 3425 hora
1830 3374 2067 3442 regressi

487 3473 617 3522 sunt
644 3466 701 3520 in
740 3464 1106 3524 Hierusalem,
1135 3470 1190 3515 ct
1219 3463 1548 3517 invenerunt
1580 3470 1939 3532 congregatos
1968 3479 2070 3517 un-

485 3558 689 3614 decim.
730 3576 749 3609 ι
784 3555 982 3612 Postea
1010 3552 1452 3624 colloquentibus
1487 3552 1614 3617 illis,
1647 3554 1796 3609 stetit
1818 3553 1978 3609 Jcsus
2012 3556 2066 3610 in

486 3650 668 3705 medio
698 3664 911 3712 eorum,
939 3655 992 3702 et
1028 3647 1169 3702 dixit
1202 3647 1283 3701 eis
1315 3663 1328 3699 :
1361 3662 1379 3696 ι
1417 3643 1529 3698 Pax
1563 3644 1737 3707 vobis,
1788 3664 1806 3697 ι
1850 3653 1905 3701 ct
1938 3647 2069 3700 reli-

484 3754 615 3812 qua.
646 3739 1093 3796 Demonstratum
1125 3747 1210 3792 est
1237 3737 1423 3807 itaque
1455 3737 1621 3792 etiam
1652 3750 1681 3789 a
1718 3734 1888 3800 Luca,
1919 3751 2070 3791 eam-

483 3836 607 3891 dem
646 3833 816 3889 t‘uisse
863 3830 1433 3900 diem;eamdemque
1488 3829 1618 3883 item
1669 3829 1858 3883 horam
1898 3828 2070 3886 fuisse

483 3927 613 3984 inde
649 3926 1067 3997 comprobatur,
1120 3923 1265 3994 quod
1315 3922 1549 3991 Cleopas
1597 3935 1721 3975 eum
1766 3920 1919 3975 socio
1957 3936 2065 3975 una

481 4019 571 4075 die
608 4024 664 4074 et
706 4016 1035 4071 Emmaunte
1072 4013 1269 4077 fuerit,
1310 4022 1365 4068 ct
1404 4011 1646 4068 indidem
1692 4009 2064 4084 Hierosolyma

483 4108 734 4171 redierit,
761 4107 1003 4163 serotino
1027 4120 1256 4176 prorsus
1278 4111 1541 4173 tempore.
1576 4102 1710 4157 Exin
1738 4102 1939 4157 factam
1968 4118 2066 4174 ap-

481 4203 836 4284 paritionem.

550 4385 823 4452 Quoniam
853 4385 1039 4455 itaque
1062 4382 1250 4439 eadem
1284 4382 1425 4453 apud
1459 4389 1758 4452 utrumque
1788 4383 2051 4455 evangeli-
2094 4395 2138 4451 ι)

482 4484 624 4535 stam
656 4477 714 4531 fit
747 4476 1039 4548 apparitio,
1074 4490 1174 4546 age
1216 4475 1502 4530 videamus
1529 4466 1805 4545 quomodo
1839 4475 1942 4528 alia
1976 4476 2060 4530 di-

480 4578 639 4624 catur
662 4569 811 4639 loqui
833 4568 1093 4623 Servator
1112 4578 1168 4624 et
1193 4584 1354 4640 agere
1378 4569 1518 4640 apud
1542 4568 1767 4636 Lucam,
1791 4569 1893 4623 alia
1916 4570 2059 4639 apud

477 4657 764 4716 Joannem.
797 4659 976 4729 [Eque
1003 4660 1168 4730 igitur
1198 4660 1340 4729 apud
1367 4659 1558 4714 ambos
1585 4660 1791 4715 dictum
1816 4668 1919 4724 est,
1947 4675 2061 4714 me-

479 4752 632 4808 dium
666 4760 902 4807 stantem
936 4751 1082 4806 inter
1119 4764 1216 4806 eos
1240 4749 1426 4807 Jesum
1456 4750 1662 4807 dixisse
1704 4768 1718 4803 :
1762 4770 1780 4804 ι
1817 4750 1929 4806 Pax
1964 4768 2060 4807 voc

479 4846 589 4903 bis.
621 4864 643 4898 ι
680 4844 1012 4917 Singulatim
1045 4859 1177 4900 vero
1209 4844 1353 4915 apud
1382 4842 1584 4899 Lucam
1627 4844 1846 4900 additur
1868 4843 2060 4899 existi-

477 4950 662 4992 masse
700 4951 797 4991 eos
831 4935 1088 5006 spiritum
1132 4950 1191 4990 se
1232 4935 1436 5001 videre,
1472 4943 1524 4990 et
1558 4935 1790 5005 reliqua.
1834 4933 2060 4989 Etiamsi

476 5044 608 5086 vero
641 5028 759 5084 haec
788 5028 933 5100 apud
945 5027 1209 5083 Joannem
1231 5029 1641 5099 nongdicuntur,
1666 5043 1860 5083 rursus
1877 5036 2061 5081 tamen

476 5123 765 5194 sequentia
803 5104 948 5193 apud
992 5133 1286 5193 utrumque
1328 5131 1657 5176 consonant.
1693 5119 1851 5190 Apud
1896 5119 2061 5175 Joan-

478 5232 602 5271 nem
627 5215 850 5287 quidem
880 5223 1004 5284 post
1019 5215 1188 5270 verba
1208 5232 1226 5265 ι
1256 5213 1368 5268 Pax
1394 5214 1574 5276 vobis,
1608 5231 1626 5263 ι
1652 5212 1909 5266 additur:
1943 5229 1961 5263 ι
1995 5211 2061 5266 Ει

477 5310 583 5365 hoc
609 5308 780 5374 dicto,
811 5308 1054 5364 ostendit
1079 5307 1162 5362 eis
1196 5321 1391 5361 manus
1418 5320 1483 5360 ac
1505 5307 1648 5360 latus
1665 5318 1848 5360 suum.
1890 5323 1909 5356 ι
1939 5303 2060 5359 Non

476 5410 659 5461 tamen
677 5400 902 5471 ponitur
924 5400 1065 5469 apud
1086 5397 1354 5454 Joannem
1373 5412 1560 5463 causa,
1582 5411 1705 5467 quae
1725 5395 1837 5466 jam
1860 5411 1891 5450 a
1913 5394 2061 5451 Luca

474 5495 622 5549 dicta
663 5495 859 5549 fuerat.
897 5493 1027 5546 Erat
1064 5500 1245 5546 autem
1288 5492 1424 5555 haec,
1458 5489 1603 5561 quod
1648 5488 1753 5558 ipsi
1781 5489 2062 5545 existima-

475 5594 599 5647 rent
623 5603 682 5646 se
711 5587 962 5656 spiritum
994 5584 1201 5641 videre.
1225 5584 1391 5654 Atqui
1421 5583 1550 5639 dum
1580 5596 1778 5639 manus
1809 5580 2061 5651 latusque

548 5806 661 5883 (68)
701 5798 840 5862 Cod.
876 5806 940 5876 Α,
974 5807 1013 5867 ι.
1048 5805 1174 5874 3w,
1214 5806 1267 5862 b.

1176 333 1448 390 EUSEDII
1474 328 1841 389 CIESARIEN
1851 327 1955 386 SIS
1991 327 2069 385 ΟΡ

2181 323 2364 382 rans
2402 321 2492 379 ιιι.
2529 353 2601 367 -
2644 292 3060 380 Execertca.

3617 326 3760 384 i000

2924 459 3001 515 9'.

2239 596 2350 669 (68)
2396 614 2415 648 ι
2449 593 2633 649 Ταῦτα
2661 592 2719 648 δὲ
2743 591 2921 646 αὐτῶν
2954 591 3258 647 λαλούντων
3289 592 3451 659 αὐτὸς
3487 596 3517 649 6
3550 594 3760 667 Ἰησοῦς

2168 690 2297 761 ἔστη
2320 692 2378 743 ἐν
2411 689 2560 762 μέσῳ
2587 686 2788 752 αύτῶν,
2814 688 2909 740 καὶ
2928 686 3069 757 λέγει
3098 687 3302 751 αὐτοῖς.
3329 688 3536 759 Εἰρήνη
3559 689 3707 760 ὑμῖν.
3732 710 3755 742 ›

2178 780 2443 836 Ἐνταῦοά
2455 796 2538 843 τις
2550 779 2847 849 ἀπορήσειε
2867 777 2983 843 πῶς
2999 781 3109 842 τοῖς
3126 778 3318 832 ἕνδεκα
3336 778 3606 850 μαθηταῖς
3621 779 3759 851 ὁμοῦ

2168 872 2527 944 συνηγμένοις
2561 869 2700 943 μετὰ
2739 869 2838 942 τὴν
2884 870 3182 925 ἀνάστασιν
3233 872 3463 936 ἐπιστὰς
3493 874 3523 926 6
3552 872 3761 946 Κύριος

2166 969 2308 1023 κατά
2330 967 2422 1021 τὸν
2444 967 2659 1020 Λουκᾶν
2691 965 2786 1020 καὶ
2813 964 2955 1019 κατά
2978 965 3230 1037 Ἰωάννην
3258 966 3567 1038 συμφώνως
3586 969 3762 1023 ταῦτα

2172 1059 2786 1132 ἀπομνημονεύσαντας,
2823 1058 3006 1113 οὐκέτι
3055 1061 3184 1131 παρ’
3215 1060 3545 1134 ἀμφοτέροις
3586 1063 3760 1118 ταύτά

2174 1154 2428 1225 πράττων
2459 1151 2582 1205 οὐδὲ
2611 1153 2837 1221 φάσκων
2862 1151 3299 1223 ἀναγέγραπται.

2246 1244 2366 1296 Ὅτι
2392 1242 2490 1314 τὴν
2520 1243 2691 1315 αὐτὴν
2716 1241 2982 1297 ὀπτασίαν
3013 1244 3062 1296 οἱ
3089 1242 3184 1296 δύο
3216 1244 3563 1318 συνέγραψαν
3590 1247 3758 1316 εὐαγ-

2172 1330 2418 1400 γελισταὶ
2449 1330 2589 1385 κατὰ
2623 1330 2749 1402 μίαν
2771 1330 2865 1384 καὶ
2888 1331 2989 1403 τὴν
3022 1332 3193 1403 αύτὴν
3218 1332 3368 1402 ὥραν
3399 1352 3459 1388 τε
3492 1335 3586 1388 καὶ
3628 1340 3660 1408 ἡ
3671 1339 3760 1408 μὲ-

2174 1440 2275 1495 ραν
2314 1423 2631 1495 γενομένην,
2661 1424 3011 1495 παραστῆσαι
3059 1423 3140 1477 δεῖ
3185 1426 3482 1498 πρότερον·
3523 1427 3686 1483 τοῦτο
3710 1429 3757 1483 δ’

2171 1516 2240 1570 ἂν
2286 1518 2497 1585 γένοιτο
2540 1517 2772 1589 φανερὸν
2816 1517 3209 1589 ἐπιτηρήσαντί
3254 1535 3336 1573 σοι
3370 1519 3612 1592 ἀκριϐῶς
3658 1521 3761 1593 τὴν

2169 1609 2491 1681 Γραφήν.⁹0
2527 1610 2625 1681 μὲν
2655 1609 2765 1680 γάρ
2794 1609 3046 1680 Ἰωάννης
3076 1608 3374 1681 προειπὼν,
3402 1595 3419 1662 ἐ
3458 1611 3537 1684 Τῇ
3569 1612 3629 1665 δὲ
3660 1617 3760 1686 μιᾷ

2168 1701 2277 1754 τῶν
2320 1700 2613 1754 Σαϐϐάτων
2652 1700 2870 1773 ἔρχεται
2908 1703 3097 1773 Μαρία
3131 1704 3164 1774 ἡ
3193 1703 3527 1776 Μαγδαληνὴ
3575 1707 3757 1776 ἀπαγ-

2169 1792 2436 1863 γέλλουσα
2468 1796 2580 1857 τοῖς
2627 1792 2897 1865 μαθηταῖς
2932 1795 3016 1847 ὅτι
3061 1793 3273 1867 ἑώρακε
3306 1796 3397 1850 τὸν
3424 1797 3627 1870 Κύριον
3660 1802 3757 1855 καὶ

2168 1885 2340 1939 ταῦτα
2363 1882 2514 1940 εἶπεν
2544 1886 2704 1959 αὐτῇ,
2736 1906 2754 1938 ι
2778 1887 2905 1958 ὲξῆς
2932 1887 3288 1941 ὲπισυνάπτει
3305 1888 3497 1959 λέγων·
3534 1909 3552 1942 ι
3577 1890 3758 1965 Οὔσης

2168 1979 2329 2049 ὀψίας
2357 1980 2414 2032 ἐν
2443 1979 2625 2051 ἐκείνῃ
2652 1982 2718 2051 τῇ
2748 1980 2931 2053 ἡμέρᾳ
2957 1980 3313 2052 συνηγμένων
3338 1981 3446 2036 τῶν
3475 1982 3753 2055 μαθητῶν,

2167 2070 2331 2145 ἦλθεν
2358 2075 2386 2126 6
2425 2073 2651 2144 Ἰησοῦς,
2694 2074 2789 2127 καὶ
2831 2073 2959 2146 ἔστη
3010 2075 3090 2139 εἰς
3133 2074 3194 2127 τὸ
3240 2075 3405 2147 μέσον
3444 2077 3539 2130 καὶ
3578 2073 3751 2141 εἶπεν,

2170 2166 2380 2237 Εἰρήνη
2412 2166 2562 2237 ὑμῖν.
2602 2185 2621 2217 ι
2641 2166 2792 2218 ”Ωστ’
2830 2161 2972 2220 εἶναι
2999 2167 3167 2237 σαφὲς
3194 2169 3259 2221 ἐκ
3280 2168 3490 2223 τούτων
3520 2170 3601 2222 ὅτι
3634 2173 3754 2225 κατ’

2169 2258 2341 2331 αὐτὴν
2389 2258 2485 2330 τὴν
2533 2258 2822 2331 Κυριακὴν
2855 2258 3069 2331 ἡμέραν
3095 2259 3194 2330 τῆς
3220 2259 3569 2324 ἀναστάσεως
3598 2260 3756 2331 ὀψίας

2168 2346 2235 2423 ἦν
2262 2350 2625 2423 πεπραγμένα
2663 2351 2733 2404 τά
2766 2350 2915 2422 παρά
2956 2349 3033 2421 τῷ
3070 2351 3292 2425 Ἰωάννῃ
3315 2364 3329 2380 '
3357 2353 3451 2405 καὶ
3485 2354 3626 2407 κατὰ
3662 2353 3755 2407 τὸν

2170 2440 2386 2495 Λουκᾶν
2429 2443 2461 2513 ἡ
2503 2440 2642 2513 αὐτὴ
2685 2439 2870 2513 ἡμέρα
2904 2440 3000 2494 καὶ
3031 2438 3149 2512 ὥρα
3184 2441 3540 2513 εὑρεθήσεται
3562 2457 3576 2470 ⁸
3606 2441 3754 2511 λέγει

2169 2534 2299 2601 γοῦν
2351 2535 2446 2587 καὶ
2489 2533 2649 2598 αὐτός
2671 2549 2687 2564 ·
2721 2552 2740 2585 ‹
2771 2535 2849 2606 Τῇ
2884 2534 2941 2587 δὲ
2978 2536 3077 2605 μιᾷ
3105 2533 3214 2587 τῶν
3239 2534 3543 2588 Σαδδάτων·
3557 2534 3753 2608 ὄρθρου

2173 2624 2384 2695 βαθέος,
2419 2624 2513 2678 ἐπὶ
2538 2624 2599 2678 τὸ
2623 2625 2812 2696 μνῆμα
2833 2620 2996 2697 ἦλθον
3018 2625 3368 2693 αἱγυναῖκες,
3399 2643 3418 2675 ι
3447 2621 3561 2677 Εἶθ’
3598 2625 3749 2696 ἑξῆς,

2169 2717 2251 2770 ὅτι
2282 2716 2488 2770 ἰδοῦσαι
2524 2716 2809 2786 ἀγγέλους,
2839 2715 3140 2789 ἐπανῆλθον
3165 2716 3255 2771 διαὶ
3277 2715 3755 2788 άπήγγειλαντοῖς

2172 2807 2440 2880 μαθηταῖς
2457 2808 2493 2863 ὃ.
2512 2809 2786 2863 τεθέαντο.
2807 2808 3015 2881 Πέτρος
3032 2809 3243 2864 δὲ’σπεύ
3253 2828 3350 2874 σας
3370 2812 3462 2864 ἐπὶ
3484 2812 3543 2865 τὸ
3565 2812 3756 2884 μνῆμα

2168 2902 2402 2973 ἀπαντᾷ,
2432 2901 2525 2955 καὶ
2547 2901 2617 2956 τά
2645 2901 2828 2956 ὀθόνια
2857 2900 3080 2973 θεωρεῖο
3117 2902 3402 2957 καὶταῦτα
3431 2904 3528 2975 μὲν
3558 2904 3757 2975 ὄρθρου

2172 2991 2361 3063 βαθέος
2389 2993 2624 3063 ἐγένετο,
2647 2997 2714 3065 τῇ
2741 2994 3099 3066 ἁναστασίμῳ
3129 2995 3333 3066 ἡμέρᾳ.
3360 2996 3521 3065 Λέγει
3545 2995 3604 3048 δὲ
3628 2995 3759 3068 ἑξῆς

2169 3085 2616 3140 ἐπισυνάπτουσα
2670 3088 2704 3158 ἡ
2749 3087 2941 3160 Γραφή
2963 3102 2978 3117 ·
3020 3106 3038 3137 ι
3067 3088 3189 3142 ,Καὶ
3230 3088 3337 3142 ἰδοὺ
3367 3087 3460 3141 δύο
3486 3088 3547 3153 ἐξ
3574 3089 3756 3141 αὐτῶν

2170 3180 2229 3232 ἑν
2262 3181 2398 3252 αὐτῇ
2431 3179 2616 3252 ἡμέρα
2646 3176 2785 3252 ἦσαν
2819 3183 3174 3253 πορευόμενοι
3223 3182 3302 3244 εἰς
3348 3181 3561 3252 κώμην.
3595 3199 3615 3231 ι
3650 3178 3755 3237 Οὖ-

2171 3290 2254 3326 τοι
2286 3273 2343 3326 δὲ
2372 3268 2512 3344 ἦσαν
2537 3275 2585 3325 οἱ
2613 3265 2741 3345 περὶ
2765 3272 2854 3327 τὸν
2878 3273 3127 3327 Κλεόπαν
3146 3289 3159 3302 °
3186 3268 3266 3336 οἷς
3298 3273 3653 3327 συνεισελθὼν
3672 3275 3753 3339 εις

2171 3368 2272 3439 τὴν
2311 3366 2610 3438 Ἐμμαοῦν,
2649 3365 2831 3422 λαϐὼν
2862 3366 3024 3438 ἄρτον
3057 3365 3337 3436 εύλόγησε,
3363 3366 3458 3420 καὶ
3483 3365 3755 3429 ἐπιδιδοὺς

2174 3461 2377 3523 αὐτοῖς,
2396 3460 2607 3532 ἀφανὴς
2633 3460 2867 3529 ἐγένετο.
2890 3457 3004 3515 Εἶτ’
3026 3459 3265 3528 ἐπιλέγει
3285 3475 3297 3487 ·
3325 3477 3343 3509 ι
3365 3460 3478 3513 Καὶ
3493 3457 3758 3512 ἀναστάν-

2172 3569 2261 3616 τες
2289 3552 2633 3623 ύπέστρεψαν
2678 3553 2815 3624 αὐτῇ
2855 3554 2924 3624 τῇ
2960 3550 3079 3623 ὥρᾳ
3128 3553 3209 3616 εἰς
3252 3550 3632 3623 Ἰερουσαλὴμ,
3665 3553 3759 3604 καὶ

2172 3640 2329 3717 εὗρον
2363 3644 2755 3716 ἡθροισμένους
2783 3645 2909 3710 τοὺς
2937 3644 3148 3698 ἕνδεκα.
3181 3664 3199 3697 ι
3244 3640 3380 3698 Εἶτα
3426 3644 3758 3716 ὁμιλούντων

2171 3737 2351 3791 αὐτῶν
2392 3736 2521 3808 ἔστη
2571 3739 2601 3790 6
2646 3736 2851 3808 Ἰησοῦς
2897 3741 2956 3791 ὲν
3004 3737 3171 3808 μέσῳ,
3212 3737 3308 3790 καὶ
3364 3736 3512 3811 λέγει
3552 3738 3755 3803 αὐτοῖς,

2178 3847 2198 3880 ι
2236 3830 2442 3901 Εἰρήνη
2479 3829 2628 3898 ὑμῖν,
2662 3848 2681 3881 ›
2721 3829 2817 3882 καὶ
2860 3828 2929 3881 τά
2969 3828 3116 3895 ἑξῆς.
3152 3828 3429 3882 Δέδεικται
3454 3829 3635 3885 τοίνυν
3662 3831 3755 3885 καὶ

2170 3922 2279 3976 ἀπὸ
2318 3921 2412 3975 τοῦ
2450 3923 2653 3989 Λουκᾶ,
2681 3922 2758 3986 ὡς
2855 3922 2993 3993 αὑτὴ
3026 3921 3318 3993 ἐτύγχανεν
3353 3922 3556 3994 ἡμέρα,
3592 3922 3685 3976 καὶ
3717 3924 3753 3994 ἡ

2169 4012 2306 4083 αὐτὴ
2320 4013 2374 4066 δὲ
2392 4011 2510 4085 ὥρα
2532 4013 2846 4067 συνίσταται
2859 4014 2965 4067 ἀπὸ
2982 4012 3073 4066 τοῦ
3091 4014 3148 4066 ἐν
3167 4014 3265 4084 μιᾷ
3285 4013 3467 4085 ἡμέρᾳ
3480 4015 3607 4078 τοὺς
3624 4031 3753 4085 περι

2169 4103 2421 4157 Κλεόπαν
2451 4104 2532 4167 εἰς
2565 4102 2665 4174 τὴν
2689 4103 2967 4175 Ἐμμαοῦν
2991 4103 3265 4173 γενέσθαι,
3303 4102 3555 4156 κάκεῖθεν
3585 4105 3756 4156 ἐπαν-

2166 4196 2484 4265 εληλυθέναι
2504 4199 2584 4263 εἰς
2600 4197 2697 4270 τὴν
2711 4197 2777 4249 Ἱε
2788 4196 3195 4269 ρουσαλὴμ,ἡδη
3241 4212 3345 4248 που
3362 4195 3575 4258 πάντως
3589 4195 3721 4248 ἑσπέ
3731 4223 3753 4236 -

2161 4305 2261 4353 ρας
2286 4287 2699 4360 καταλαϐούσης
2720 4305 2733 4319 σ
2765 4284 2884 4342 εἶτα
2913 4288 3011 4359 τὴν
3040 4288 3358 4358 ἐπιφάνειαν
3386 4286 3691 4355 γεγονέναι.

2248 4384 2466 4458 Ἐπειδὴ
2500 4385 2680 4439 τοίνυν
2731 4386 2765 4455 ἡ
2812 4385 2949 4455 αὐτὴ
2979 4386 3108 4455 παρ’
3135 4381 3462 4454 ἀμφοτέροις
3508 4381 3752 4453 πέφηνεν

2164 4474 2422 4539 ὁπτασία,
2450 4477 2583 4549 φέρε
2620 4476 2816 4547 ἰδωμεν
2843 4477 2991 4539 ὅπως
3013 4474 3174 4546 ἕτερα
3203 4474 3300 4545 μὲν
3330 4472 3482 4545 παρά
3511 4472 3589 4543 τῷ
3613 4474 3751 4526 Λου-

2164 4571 2236 4639 κᾷ
2283 4569 2498 4641 εἴρηται
2542 4567 2756 4641 πράξας
2799 4570 2895 4624 καὶ
2935 4567 3176 4640 λαλήσας
3203 4569 3231 4620 6
3259 4566 3470 4637 Σωτὴρ,
3500 4566 3664 4636 ἕτερα
3694 4566 3752 4620 δὲ

2164 4659 2316 4731 παρὰ
2344 4658 2423 4731 τῷ
2465 4659 2955 4732 Ἰωάννῃ.⁰ομοίως
2994 4660 3092 4731 μὲν
3124 4654 3217 4713 οὖν
3260 4655 3390 4727 παρ’
3423 4654 3750 4728 ἀμφοτέροις

2161 4752 2432 4819 λέλεκται,
2463 4755 2539 4819 ὡς
2583 4756 2690 4827 ἄρα
2741 4755 2905 4825 μέσος
2962 4752 3142 4808 αὐτῶν
3190 4752 3319 4816 στὰς
3363 4746 3514 4803 εἶπεν
3543 4751 3749 4813 αὐτοῖς,

2168 4870 2187 4897 ι
2224 4848 2428 4919 Εἰρήνη
2461 4849 2611 4920 ύμῖν.
2647 4832 3107 4919 »Ἀφωρισμένως
3154 4845 3209 4898 δὲ
3254 4843 3406 4915 παρὰ
3448 4841 3527 4913 τῷ
3565 4843 3754 4912 Λουκᾷ

2163 4939 2486 5009 πρόσκειται
2511 4940 2593 4993 ὅτι
2622 4939 2841 4992 ἐδόκουν
2867 4938 3088 5009 πνεῦμα
3115 4936 3361 5007 θεωρεῖν,
3387 4934 3482 4988 καὶ
3506 4934 3574 4988 τὰ
3599 4933 3746 5003 ἑξῆς.

2174 5027 2313 5083 Ἀλλ’
2343 5030 2392 5082 εἰ
2441 5030 2536 5083 καὶ
2587 5031 2662 5101 μὴ
2702 5028 2941 5083 τοσαῦτα
2967 5028 3180 5101 εἴρηται
3203 5026 3354 5099 παρὰ
3381 5025 3460 5096 τῷ
3504 5024 3742 5094 Ἰωάννῃ,

2163 5119 2302 5175 ἀλλά
2326 5121 2396 5175 τά
2424 5122 2550 5193 ἑξῆς
2583 5122 2744 5176 πάλιν
2785 5123 2915 5192 παρ’
2953 5120 3283 5191 ἀμφοτέροις
3327 5116 3563 5189 συνᾴδει.
3595 5114 3744 5183 napi

2165 5213 2263 5283 μὲν
2310 5214 2518 5286 γὰρτῷ
2556 5215 2775 5288 Ἰωάννῃ
2814 5213 2952 5285 μετὰ
2978 5215 3060 5275 τὸ,
3101 5231 3119 5264 ι
3152 5213 3357 5284 Εἰρήνη
3388 5212 3540 5283 ὑμῖν,
3572 5228 3590 5260 ι
3627 5210 3745 5258 ἑπι-

2161 5303 2397 5375 λέγεται,
2427 5326 2447 5358 ι
2478 5309 2584 5361 Καὶ
2617 5306 2776 5361 τοῦτο
2791 5304 2962 5360 εἰπὼν
2996 5305 3197 5369 ἔδειξεν
3222 5305 3407 5367 αὐτοῖς
3440 5303 3537 5365 τὰς
3563 5301 3746 5372 χεῖρας

2162 5400 2257 5456 καὶ
2296 5401 2394 5472 τὴν
2424 5399 2663 5474 πλευρὰν
2677 5399 2860 5454 αὑτοῦ.
2890 5420 2909 5453 ›
2928 5399 3003 5454 Οὐ
3034 5396 3330 5470 φέρεταιδὲ
3355 5397 3389 5467 ἡ
3424 5394 3570 5449 αἰτία
3600 5389 3752 5463 παρὰ

2158 5493 2240 5565 τῷ
2276 5493 2517 5565 Ἰωάννῃ,
2551 5494 2627 5556 ὼς
2660 5492 2727 5547 ἂν
2766 5492 2867 5564 ήδη
2897 5489 3197 5563 λελεγμένη
3229 5487 3383 5560 παρὰ
3412 5486 3493 5557 τῷ
3530 5485 3715 5556 Λουκᾷ
3735 5499 3749 5512 ’

2161 5582 2229 5659 ἧν
2257 5587 2312 5639 δὲ
2353 5586 2491 5658 αὕτη
2522 5586 2582 5639 τὸ
2609 5584 2852 5657 νομίζειν
2883 5584 3082 5647 αὐτοὺς
3120 5580 3336 5652 πνεῦμα
3377 5579 3636 5650 θεωρεῖν’
3671 5574 3757 5632 ὅτι
