4106 6466
405 406 533 463 1091

1248 409 1753 466 SUPPLEMENTA
1791 409 2270 479 QUAESTIONUM
2305 411 2396 465 AD
2433 409 2781 467 MARINUM.

3492 415 3632 470 1002

401 537 466 591 γε
512 521 616 594 μὴν
661 521 862 587 ἔδειξεν
910 521 1090 583 αὐτοῖς
1121 519 1220 584 τὰς
1253 523 1439 592 χεῖρας
1471 521 1564 573 καὶ
1593 521 1690 592 τὴν
1725 521 1960 592 πλευρὰν

2069 537 2221 576 suum
2251 521 2557 578 ostendisse
2586 521 2774 579 Jesum
2812 527 3046 578 testatur
3078 521 3634 585 Joannes,'consonat

399 613 564 670 αὑτοῦ
594 616 946 687 μαρτυρήσας
991 616 1020 667 ὁ
1055 613 1322 683 Ἰωάννης,
1361 613 1644 683 σύμφωνος
1678 615 1743 667 ἂν
1773 614 1856 684 εἴη
1892 614 1968 684 τῷ

400 705 494 762 mil
550 708 648 777 τὴν
700 707 876 760 αἰτίαν
927 703 1305 775 παραθεμένῳ,
1342 705 1561 768 Τούτοις
1615 704 1762 775 ἑξῆς,
1791 709 1819 759 ὁ
1873 708 1968 777 μὲν

401 800 611 861 Λουκᾶς
645 815 827 867 φησιν,
857 817 876 848 ι
913 797 1030 852 Ἔτι
1061 795 1114 847 δὲ
1136 794 1502 848 ἀπιστούντων
1531 796 1704 849 αὐτῶν
1728 798 1833 850 ἀπὸ
1871 799 1968 869 τῆς

400 894 575 964 χαρᾶς
619 891 712 945 καὶ
752 889 1155 961 θαυμαζόντων,
1199 885 1350 943 εἶπεν
1396 889 1613 952 αὐτοῖς,
1680 890 1870 960 Ἔχετέ
1917 909 1968 944 τι

403 982 675 1056 βρώσιμον
733 982 956 1047 ὲνθάδες
1021 984 1082 1036 Οί
1131 983 1188 1036 δὲ
1239 981 1523 1035 ἀπέδωκαν
1567 981 1715 1052 αὐτῷ
1790 982 1968 1053 ἰχθύος

400 1075 566 1130 ὀπτοῦ
619 1076 799 1148 μέρος.
845 1094 862 1127 ο
899 1073 1085 1129 Ταῦτα
1127 1075 1184 1128 δὲ
1221 1074 1470 1145 Ἰωάννης
1500 1075 1561 1127 οὑ
1611 1074 1963 1145 συνέγραψεν.

403 1170 572 1224 Ἔνθα
619 1167 929 1238 γενομένοις
979 1168 1266 1237 ἐπιστῆσαι
1299 1168 1562 1238 προσήκει
1596 1166 1687 1219 τὸν
1718 1165 1863 1231 νοῦν,
1893 1168 1966 1232 ὡς

401 1263 495 1317 καὶ
532 1263 588 1314 ὲν
633 1262 746 1323 τοῖς
786 1258 1142 1322 λοιποίςιτάς
1184 1258 1512 1329 σεμνοτέρας
1557 1259 1652 1311 καὶ
1697 1258 1968 1330 θειοτέρας

402 1351 629 1424 πράξεις
669 1367 729 1402 τε
771 1349 868 1403 καὶ
899 1347 1243 1411 διδασκαλίας
1271 1347 1365 1401 τοῦ
1399 1349 1649 1420 Σωτῆρος
1692 1348 1848 1419 ἡμῶν
1880 1348 1967 1402 διὰ

398 1443 490 1497 τοῦ
527 1443 769 1496 Ἰωάννου
803 1441 864 1495 τὸ
888 1441 1108 1512 Πνεῦμα
1129 1441 1189 1495 τὸ
1222 1440 1374 1509 ἅγιον
1403 1441 1871 1513 ἀπεμνημόνευσε,
1900 1441 1965 1496 τὰ

397 1535 455 1588 δὲ
493 1534 950 1605 ἀνθρωπινώτερα
976 1533 1063 1586 διὰ
1088 1533 1196 1587 τῶν
1225 1532 1428 1586 λοιπῶν
1455 1532 1808 1607 συνέγραψεν,
1843 1533 1873 1586 ὃ
1903 1534 1966 1605 δὴ

398 1625 492 1678 καὶ
516 1623 610 1678 νῦν
644 1624 960 1694 πεποίηκεν.
977 1624 1066 1687 Ὠς
1087 1623 1195 1695 γὰρ
1223 1624 1480 1695 ἐνόμισαν
1502 1627 1550 1677 οἱ
1578 1623 1817 1696 μαθηταὶ
1842 1624 1968 1678 ἰδόν-

397 1735 490 1782 τες
516 1718 607 1772 τὸν
638 1719 884 1790 Σωτῆρα,
911 1716 984 1788 μὴ
1017 1717 1177 1770 αὑτὸν
1211 1716 1432 1788 θεωρεῖν
1457 1716 1590 1770 ἀλλά
1621 1716 1853 1786 πνεῦμα,
1875 1715 1967 1768 καὶ

395 1811 476 1874 ὡς
496 1811 757 1883 ἠπίστουν
783 1809 952 1880 αὐτῷ,
971 1811 1062 1864 καί
1091 1809 1228 1881 μετὰ
1254 1810 1315 1863 τὸ
1337 1810 1504 1876 δεῖξαι
1531 1810 1712 1872 αὐτοῖς
1739 1809 1835 1872 τὰς
1863 1812 1968 1880 χεί-

2069 616 2258 684 utique
2289 615 2364 669 illi
2387 615 2478 685 qui
2513 615 2590 670 rei
2618 630 2837 670 causam
2876 616 3079 670 attulit.
3113 615 3242 671 Post
3284 618 3421 680 haec,
3457 619 3635 678 Lucas

2069 707 2288 776 quidem
2319 709 2414 773 ait,
2444 708 2623 763 adhuc
2651 724 2758 761 non
2790 708 3137 763 credentibus
3167 709 3274 762 illis
3300 726 3411 780 prae
3435 713 3636 781 gaudio

2069 806 2123 853 et
2155 799 2502 863 mirantibus,
2537 800 2742 855 dixisse
2774 800 2882 855 illis
2912 817 2926 852 :
2966 821 2984 852 ι
3021 800 3242 857 Habetis
3291 803 3380 857 hic
3430 805 3633 874 aliquid

2069 891 2212 961 quod
2240 892 2630 948 manducetur?
2653 913 2670 944 ι
2702 894 2822 949 illos
2845 902 3024 951 autem
3049 904 3258 964 partem
3278 898 3384 952 assi
3404 899 3569 966 piscis
3583 902 3635 956 ei

2067 984 2351 1039 obtulisse.
2407 983 2532 1039 Haec
2596 983 2834 1042 Joannes
2893 989 3094 1044 omisit.
3145 988 3228 1042 Ad
3273 989 3420 1045 hunc
3455 991 3636 1046 locum

2070 1075 2342 1144 progressi
2367 1081 2600 1130 mentem
2617 1074 2876 1131 debemus
2897 1077 3196 1141 intendere,
3221 1086 3281 1131 ut
3299 1080 3460 1133 etiam
3483 1081 3634 1147 alibi,

2068 1164 2412 1233 augustiores
2462 1178 2527 1217 ac
2573 1163 2874 1221 diviniores
2923 1176 3078 1221 actus
3125 1167 3434 1224 Servatoris
3461 1171 3636 1225 nostri

2070 1261 2230 1322 atque
2281 1252 2564 1309 doctrinas
2605 1253 2866 1323 Spiritum
2930 1265 3178 1312 sanctum
3232 1275 3327 1330 per
3371 1258 3638 1315 Joannem

2069 1361 2370 1400 memorare
2404 1348 2609 1414 solere;
2646 1349 2996 1403 humaniores
3043 1359 3220 1404 autem
3257 1368 3354 1420 per
3397 1354 3637 1422 reliquos

2068 1440 2430 1506 evangelistas
2473 1440 2802 1510 scripsisse;
2839 1441 2985 1511 quod
3031 1448 3086 1496 et
3128 1442 3232 1496 hoc
3277 1445 3396 1498 loco
3445 1461 3638 1514 reapse

2069 1528 2216 1583 fecit.
2245 1529 2382 1595 Quia
2407 1532 2552 1585 enim
2570 1530 2846 1600 discipuli.
2874 1539 3168 1602 conspecto
3197 1533 3506 1599 Servatore,
3538 1551 3638 1605 pu-

2070 1621 2256 1674 tabant
2293 1636 2402 1674 non
2448 1623 2626 1692 ipsum
2660 1624 2754 1678 sed
2795 1626 3043 1696 spiritum
3078 1641 3138 1681 se
3188 1627 3392 1692 videre,
3427 1635 3480 1682 et
3509 1630 3638 1699 quia

2069 1711 2308 1765 nondum
2368 1713 2417 1767 ei
2476 1712 2804 1778 credebant,
2851 1717 3065 1771 etiamsi
3126 1731 3322 1773 manus
3368 1720 3639 1790 pedesque

2068 1801 2401 1866 ostenderat,
2457 1806 2765 1859 necessario
2814 1814 3034 1876 propter
3061 1823 3250 1863 eorum
3300 1790 3637 1879 pervicacem

400 1921 504 1975 ρας
532 1904 625 1957 καὶ
657 1905 781 1967 τοὺς
808 1903 972 1967 πόδας
1004 1903 1336 1973 ἀναγκαίως,
1365 1903 1445 1956 ἔτι
1477 1902 1847 1957 ἀπιστούντων
1873 1904 1967 1955 αύ-

2072 1893 2526 1959 incredulitatem,
2559 1895 2886 1963 postulatam
2925 1912 3106 1952 escam
3136 1913 3320 1954 coram
3357 1902 3462 1957 illis
3496 1919 3642 1957 man-

395 1995 527 2059 τῶν,
561 1997 788 2064 αἰτήσας
833 2011 885 2048 τι
935 1995 1230 2068 βρώσιμον,
1262 1995 1464 2065 ἔφαγεν
1510 1994 1737 2050 ἐνώπιον
1769 1995 1968 2050 αὐτῶν.

399 2086 584 2139 Ταῦτα
613 2083 669 2138 δὲ
703 2084 1131 2156 σωματικώτερα
1170 2085 1319 2150 ὄντα,
1353 2085 1447 2139 καὶ
1493 2084 1691 2156 πολλὴν
1716 2084 1970 2138 ἀπιστίαν

395 2177 505 2231 τῶν
532 2177 844 2232 ἀποστόλων
869 2177 1296 2250 κατηγοροῦντα,
1323 2177 1486 2232 αὐτοῦ
1515 2195 1576 2230 τε
1607 2176 1699 2230 τοῦ
1722 2177 1969 2248 Σωτῆρος

402 2269 839 2341 συμπεριφοράν,
893 2269 1170 2332 πείθοντος
1213 2270 1408 2332 αὐτοὺς
1453 2270 1547 2321 καί¹
1589 2267 1776 2337 σαφῶς
1825 2284 1968 2338 παρ-

401 2361 655 2424 ιστῶντος
685 2361 760 2424 ὼς
800 2361 910 2432 ἄρα
940 2360 1100 2423 αὐτὸς
1121 2360 1227 2430 εἴη,
1258 2360 1335 2430 τῷ
1359 2361 1542 2430 Λουκᾷ
1576 2360 1652 2423 ὡς
1681 2360 1746 2414 ἂν
1789 2359 1973 2412 ὑποδε-

396 2452 600 2525 εστέρῳ
630 2451 740 2522 (69)
766 2453 994 2524 γράφειν
1015 2453 1076 2504 τὸ
1096 2451 1316 2522 Πνεῦμα
1341 2451 1574 2504 ὑπέϐαλε
1593 2468 1606 2481 ·
1636 2452 1702 2504 τὰ
1722 2451 1780 2504 δὲ
1797 2451 1973 2522 κρείτ-

397 2561 527 2597 τονα
578 2544 673 2598 καὶ
720 2545 1002 2614 δυνάμεως
1065 2544 1248 2597 ἐνθέου
1308 2543 1690 2615 παραστατικά
1743 2543 1831 2595 διὰ
1873 2542 1968 2596 τοῦ

409 2635 654 2689 Ἰωάννου
690 2635 948 2708 παρίστη,
984 2635 1284 2707 γράφοντος
1307 2636 1400 2688 καὶ
1421 2634 1582 2688 αὐτοῦ
1615 2635 1740 2704 ἑξῆς
1779 2635 1968 2697 ταῦτα,

404 2745 424 2774 ι
447 2725 750 2796 Ἑχάρησαν
780 2721 873 2778 οῦν
897 2725 947 2778 οἱ
978 2724 1216 2795 μαθηταὶ
1247 2724 1444 2787 ἰδόντες
1464 2725 1554 2776 τὸν
1577 2724 1778 2796 Κύριον
1801 2742 1813 2755 ·
1848 2744 1865 2775 ι
1894 2719 1970 2776 εἷ-

404 2835 503 2872 πεν
551 2814 645 2870 οὖν
689 2818 872 2881 αὐτοῖς
920 2817 1116 2881 πάλιν,
1151 2835 1169 2866 ι
1200 2818 1402 2888 Εἰρήνη
1438 2818 1595 2887 ὑμῖν·
1645 2815 1824 2879 καθὼς
1865 2818 1971 2871 ἀπ-

398 2910 628 2966 έσταλκε
670 2929 736 2981 με
764 2912 793 2962 ὁ
831 2910 1040 2981 Πατὴρ,
1081 2907 1234 2977 κάγὼ
1258 2909 1458 2980 πέμπω
1485 2909 1660 2979 ὑμᾶς·
1695 2909 1786 2961 καὶ
1817 2908 1972 2962 τοῦτο

397 3003 567 3058 εἰπὼν
599 3003 924 3075 ἀνεφύσησε,
956 3023 973 3055 ι
1010 3003 1103 3056 καὶ
1135 3003 1203 3056 τά
1231 3002 1374 3072 ἑξῆς.
1394 3001 1546 3071 Ἔχοι
1579 3001 1624 3054 δ’
1656 3000 1720 3054 ἂν
1747 3002 1970 3054 ἀκολου-

397 3097 519 3151 θίαν
551 3098 580 3149 ὁ
609 3097 736 3166 παρ’
763 3095 1092 3166 ἀμφοτέροις
1115 3095 1290 3164 λόγος,
1317 3097 1365 3148 εἰ
1391 3094 1459 3147 τὰ
1484 3095 1633 3165 παρά
1671 3093 1749 3164 τῷ
1789 3095 1971 3166 Λουκᾷ

402 3187 593 3260 πρῶτα
623 3187 935 3259 πεπρᾶχθαι
973 3187 1351 3258 λογισαίμεθα,
1375 3183 1473 3240 εἶθ’
1499 3186 1670 3250 οὓτως
1699 3185 1814 3257 μετ’
1835 3189 1969 3239 ἐκεῖ·

397 3255 460 3332 να
494 3255 889 3349 ,τυνάψομεν-τά
915 3255 1063 3348 παρά
1086 3276 1163 3347 τῷ
1196 3255 1571 3347 ἽἽωάννῃῧἙτι
1601 3255 1826 3347 μὲνγὰρ
1848 3275 1970 3328 άπι-
1995 3255 2038 3313 C

396 3370 665 3423 στούντων
708 3369 886 3422 αὐτῶν
919 3370 1011 3422 καὶ⁴
1040 3369 1244 3440 τροφὴν
1271 3369 1409 3438 ᾔτει,
1441 3369 1534 3421 καὶ
1577 3368 1650 3438 μὴ
1681 3367 1968 3438 ἀρκεσθεὶς

396 3463 462 3532 τῇ
514 3461 712 3532 βρώσει
740 3460 834 3513 τοῦ
875 3461 1073 3530 ἰχθύος,
1109 3461 1202 3512 καὶ
1249 3460 1436 3528 λόγους
1468 3461 1663 3522 αὐτοὺς
1705 3461 1964 3530 στηρίξει,

395 3553 495 3622 τῆς
514 3554 783 3624 προτέρας
799 3554 993 3615 αὐτοὺς
1017 3553 1444 3623 ὑπομιμνήσκων
1462 3552 1804 3614 διδασκαλίας
1828 3552 1967 3604 κατὰ

394 3645 486 3697 τὸν
508 3645 874 3698 Λουκᾶν.”οτε
905 3645 960 3696 δὲ
984 3643 1166 3696 λοιπὸν
1193 3642 1504 3705 πεισθέντες
1525 3642 1968 3714 ὲπληροφορήθη-

398 3755 498 3790 σαν
527 3737 688 3789 αὑτὸν
710 3732 847 3790 εἶναι
882 3737 1115 3808 ἀληθῶς,
1150 3737 1243 3789 καὶ
1277 3735 1460 3789 λοιπὸν
1495 3737 1662 3807 χαρᾶς
1699 3731 1838 3806 ἦσαν
1873 3753 1966 3806 με·

398 3828 535 3891 στοὶ,
563 3828 685 3880 τότε
709 3827 965 3900 δευτέραν
997 3829 1180 3890 αὐτοῖς
1212 3828 1435 3899 εἰρήνην
1464 3827 1656 3899 ἑτέραν
1678 3827 1771 3880 καὶ
1796 3828 1968 3898 κρείτ·

395 3939 524 3974 τονα
560 3921 709 3992 παρὰ
748 3921 845 3992 τὴν
889 3921 1159 3992 προτέραν
1191 3921 1391 3984 δίδωσι,
1420 3921 1513 3973 καὶ
1538 3919 1966 3990 παρακελεύεται

396 4014 646 4084 ἑτοίμους
673 4006 809 4066 εἶναι
849 4015 926 4076 εἰς
958 4013 1055 4084 τὴν
1088 4011 1409 4082 ἀποστολὴν,
1440 4012 1717 4081 μονονουχὶ
1752 4010 1967 4081 ὁμοίους

397 4105 544 4177 αὐτῷ
571 4106 664 4159 καὶ
687 4106 884 4168 αὐτοὺς
916 4103 1131 4157 ἔσεσθαι
1161 4103 1250 4157 διὰ
1281 4103 1374 4156 τοῦ
1401 4103 1582 4173 ὁμοίου
1605 4102 1764 4174 ἔργου
1793 4105 1966 4170 ἐπαγ-

395 4197 732 4267 γειλάμενος.
766 4192 877 4248 Εἶθ’
909 4195 1033 4266 ἑξῆς
1077 4194 1170 4248 καὶ
1220 4193 1527 4256 ἀκολούθως
1566 4195 1763 4264 ἐμπνεῖ
1785 4193 1966 4256 αὐτοῖς

395 4289 488 4342 τοῦ
514 4289 669 4358 ἁγίου
696 4287 835 4341 Πνεύ
844 4304 1031 4358 ματος,
1063 4286 1137 4350 ὡς
1171 4286 1236 4339 ἂν
1264 4285 1534 4356 δεομένοις
1554 4283 1741 4338 τούτου
1769 4285 1847 4346 εἰς
1869 4283 1966 4354 τὴν

398 4378 527 4448 ἑξῆς
557 4377 957 4451 ἐπιφερομένην
984 4377 1314 4446 ἐπαγγελίαν
1333 4392 1345 4404 ·
1379 4375 1516 4447 αὓτη
1543 4375 1600 4428 δὲ
1624 4371 1691 4446 ῆν
1715 4375 1776 4427 τὸ
1807 4373 1965 4427 δύναι

398 4467 521 4520 σθαι
551 4469 766 4538 ἀφιέναι
798 4468 1071 4540 ἁμαρτίας
1094 4468 1181 4521 διὰ
1208 4467 1309 4537 τῆς
1346 4465 1440 4520 τοῦ
1466 4465 1622 4536 ἁγίου
1651 4464 1964 4535 Πνεύματος

2070 1982 2311 2039 ducavit.
2339 1984 2462 2040 Haec
2485 1987 2658 2058 magis
2681 1988 2987 2058 corporalia
3009 2004 3131 2043 cum
3157 1993 3286 2054 sint,
3311 2008 3642 2063 gravemque

2071 2078 2439 2146 apostolorum
2471 2079 2903 2136 incredulitatem
2926 2091 3205 2146 accusent,
3230 2093 3283 2138 et
3311 2085 3481 2154 ipsius
3507 2088 3638 2142 Ser-

2073 2169 2275 2223 vatoris
2312 2169 2699 2242 indulgentiam
2747 2182 2994 2242 arguant,
3028 2176 3405 2243 persuadentis
3450 2178 3533 2233 eis
3575 2194 3641 2236 ac

2071 2259 2496 2318 demonstrantis
2528 2280 2586 2318 se
2615 2280 2758 2329 esse,
2800 2265 2960 2320 Luca:
2997 2275 3179 2335 utpote
3220 2268 3444 2322 secundi
3487 2269 3637 2324 ordi-

2072 2352 2160 2406 nis
2192 2352 2398 2407 homini
2434 2356 2724 2410 scrihenda
2756 2356 2991 2426 Spiritus
3013 2360 3288 2415 commisit
3318 2361 3451 2416 :sed
3482 2363 3640 2420 nobi-

2072 2443 2209 2497 liora
2243 2452 2297 2500 et
2331 2445 2568 2500 divinam
2595 2449 2849 2503 virtutem
2888 2451 3316 2520 comprobantia,
3348 2470 3443 2523 per
3469 2453 3639 2510 Joan-

2075 2549 2198 2589 nem
2215 2536 2480 2599 exhibuit.
2503 2539 2593 2608 qui
2611 2549 2664 2594 et
2687 2540 2800 2609 ipse
2827 2556 2952 2594 mox
2979 2542 3168 2596 scribit
3200 2562 3213 2597 :
3251 2562 3269 2594 ι
3305 2542 3486 2600 Gavisi
3511 2555 3640 2602 sunt

2071 2641 2201 2697 ergo
2235 2627 2510 2698 discipuli,
2546 2630 2664 2684 viso
2714 2630 2965 2685 Domino.
3005 2651 3023 2682 ι
3059 2632 3204 2686 Dixit
3241 2650 3371 2703 ergo
3412 2635 3492 2690 eis
3538 2637 3642 2692 ite-

2071 2735 2234 2774 rum:
2275 2739 2294 2771 ‹
2335 2719 2444 2774 Pax
2479 2723 2650 2778 vobis.
2689 2722 2842 2778 Sicut
2883 2726 3034 2781 misit
3085 2742 3171 2780 me
3210 2725 3388 2791 Pater,
3442 2735 3495 2783 et
3541 2743 3642 2800 ego

2071 2813 2228 2866 mitto
2254 2829 2375 2867 vos.
2406 2814 2470 2867 Et
2499 2829 2620 2868 cum
2646 2816 2757 2868 haec
2779 2815 3026 2880 dixisset,
3055 2817 3368 2882 insuﬂlavit,
3393 2837 3412 2870 υ
3440 2829 3491 2874 et
3513 2821 3644 2875 reli-

2071 2919 2200 2972 qua.
2233 2902 2465 2959 Habebit
2508 2914 2688 2961 autem
2739 2923 2936 2961 nexum
2968 2910 3254 2980 utriusque
3293 2913 3641 2981 evangelista

2071 2996 2267 3058 oratio,
2306 2997 2352 3050 si
2382 3011 2502 3066 quae
2533 2998 2668 3051 dicit
2707 2997 2903 3061 Lucas,
2933 2999 3086 3069 prius
3127 3011 3249 3054 acta
3281 3009 3595 3071 reputemus
3622 3023 3638 3069 ;

2074 3103 2198 3142 mox
2228 3099 2452 3143 narrata
2502 3091 2600 3145 abs
2631 3090 2844 3148 Joanne
2893 3094 3228 3163 copulemus.
3275 3093 3467 3150 Adhuc
3495 3097 3640 3150 enim

2073 3184 2182 3240 illis
2210 3199 2318 3238 non
2354 3184 2724 3250 credentibus,
2758 3201 2940 3241 escam
2991 3186 3323 3255 postulavit;
3356 3203 3532 3257 neque
3558 3189 3643 3258 pi-

2072 3278 2183 3333 scis
2211 3294 2309 3333 esu
2339 3285 2653 3342 contentus,
2685 3294 2966 3334 sermones
2992 3294 3122 3335 suos
3148 3281 3456 3344 conﬁrmat,
3493 3282 3642 3350 prio-

2071 3383 2184 3423 rem
2209 3369 2289 3424 eis
2317 3384 2438 3439 quae
2467 3377 2552 3424 est
2593 3371 2736 3439 apud
2765 3369 2966 3425 Lucam
3001 3371 3304 3426 doctrinam
3351 3371 3638 3428 refricans.

2070 3457 2366 3530 Postquam
2387 3475 2516 3515 vero
2537 3461 2845 3526 credentes,
2871 3462 3048 3530 ipsum
3080 3477 3208 3516 vere
3241 3477 3364 3519 esse
3391 3462 3493 3517 sibi
3522 3479 3646 3531 per-

2071 3559 2379 3614 suaserant,
2401 3552 2622 3622 jamque
2647 3551 2849 3622 gaudio
2873 3553 3199 3614 difﬂuerent,
3233 3565 3365 3607 tunc
3398 3553 3641 3608 secundo

2067 3643 2149 3697 eis
2181 3657 2392 3713 pacem,
2435 3644 2711 3698 meliorem
2747 3644 2956 3700 scilicet
2989 3645 3159 3714 prima
3189 3645 3492 3714 impertitus
3518 3655 3638 3713 est,

2071 3743 2233 3804 atque
2258 3740 2318 3786 ut
2345 3733 2668 3802 apostolatui
2696 3735 2870 3803 parati
2898 3743 3082 3789 essent
3111 3734 3408 3798 mandavit,
3432 3734 3640 3790 similes

2068 3824 2460 3896 propemodum
2514 3825 2599 3881 sui
2646 3825 2860 3881 futuros
2895 3827 2964 3880 ob
2999 3827 3181 3897 operis
3224 3826 3636 3883 similitudinem

2070 3918 2363 3989 spondens.
2401 3919 2520 3974 Mox
2567 3925 2933 3974 consentanee
2976 3917 3237 3988 Spiritum
3279 3926 3530 3974 sanctum
3580 3922 3636 3973 in

2066 4025 2163 4065 eos
2193 4010 2500 4080 inspiravit,
2533 4018 2721 4082 utpote
2749 4011 2894 4065 illius
2927 4010 3143 4080 indigos
3177 4011 3245 4065 ad
3291 4025 3417 4065 mox
3445 4011 3637 4065 dicen-

2067 4103 2192 4158 dam
2225 4103 2709 4160 denuntiationem.
2750 4102 2878 4158 Htec
2923 4110 3102 4158 autem
3137 4108 3276 4167 erat,
3311 4118 3472 4172 posse
3513 4102 3636 4158 illos

2067 4203 2291 4267 peccata
2329 4197 2602 4252 dimittere
2629 4211 2725 4267 per
2753 4196 2928 4251 sancti
2959 4195 3194 4264 Spiritus
3228 4194 3505 4250 virtutem.
3539 4196 3638 4248 At~

2065 4304 2172 4358 que
2217 4287 2291 4342 ita
2345 4303 2413 4343 ex
2463 4288 2728 4343 ambobus
2759 4287 3105 4358 evangelistis
3149 4302 3292 4341 unus
3327 4287 3635 4349 communis

2066 4380 2380 4450 perﬁcietur
2411 4395 2627 4448 sermo;
2667 4380 2795 4452 dum
2827 4381 2972 4434 dicta
3000 4379 3140 4449 apud
3182 4378 3407 4445 Lucam,
3443 4386 3633 4435 tacen-

2066 4480 2158 4536 tur
2198 4472 2342 4542 apud
2392 4471 2692 4540 Joannem;
2729 4472 3082 4541 vicissimque
3124 4473 3180 4525 in
3225 4469 3453 4526 Joannis
3497 4471 3637 4527 scri-

395 4558 690 4631 δυνάμεως.
724 4562 832 4615 Καὶ
871 4561 1042 4625 οὕτως
1087 4560 1147 4625 ἐξ
1193 4560 1514 4632 ἀμφοτέρων
1544 4557 1653 4611 τῶν
1684 4557 1961 4627 εὐαγγελι-

2069 4574 2227 4632 ptura
2297 4564 2608 4627 traduntur,
2673 4579 2794 4634 qua:
2853 4563 3072 4618 silentio
3134 4561 3311 4619 Lucas
3373 4563 3630 4632 premit:

397 4651 538 4706 στῶν
583 4649 662 4715 εἷς
708 4651 960 4715 κοινωνὸς
1003 4651 1466 4723 ἁπαρτισθήσεται
1505 4649 1680 4719 λόγος,
1712 4647 1819 4702 τῶν
1863 4649 1960 4720 μὲν

397 4745 547 4816 παρά
593 4744 672 4815 τῷ
710 4745 892 4815 Λουκᾷ
916 4744 1270 4816 λελεγμένων,
1300 4743 1678 4815 σιωπηθέντων
1704 4743 1854 4814 παρά
1885 4740 1963 4811 τῷ

407 4835 630 4908 Ἰωάννῃ
647 4851 661 4865 ο
690 4834 797 4888 τῶν
819 4835 876 4888 δὲ
901 4835 1004 4888 ὑπὸ
1033 4835 1124 4888 τοῦ
1151 4835 1396 4889 Ἰωάννου
1417 4837 1601 4906 γραφῇ
1635 4832 1964 4907 παραδοθέν-

395 4945 522 4992 των,
552 4931 676 4999 σιγῇ
718 4927 1117 4998 ταμιευθέντων
1157 4925 1308 5000 παρά
1330 4925 1407 4996 τῷ
1438 4928 1650 4998 Λουκξί⁹
1685 4925 1778 4980 καὶ
1815 4922 1961 4996 πρώ-

2069 4653 2246 4723 primo
2278 4654 2419 4720 loco,
2453 4665 2510 4708 ut
2532 4655 2792 4718 diximus,
2825 4669 2947 4724 quae
2973 4664 3100 4711 sunt
3129 4653 3288 4709 Lucae
3320 4656 3632 4720 collocatis;

2069 4739 2267 4794 deinde
2297 4755 2418 4810 qua!
2450 4738 2689 4795 Joannes
2717 4743 2813 4806 ait,
2856 4740 3118 4795 subnexis
3144 4757 3160 4806 ;
3203 4739 3446 4794 eamdem
3479 4753 3634 4792 men-

2071 4837 2177 4886 tem
2208 4844 2556 4901 sensumque,
2588 4846 2708 4902 quat
2741 4839 2870 4886 sunt
2901 4832 3042 4901 apud
3063 4840 3374 4898 utrumque,
3409 4843 3633 4884 servan-

2069 4923 2239 4979 tibus.
2265 4923 2443 4992 Atque
2470 4922 2584 4977 haec
2613 4923 2686 4976 ita
2716 4924 3026 5004 se_habent.

394 5040 503 5078 των
553 5024 651 5095 μὲν
697 5021 804 5075 τῶν
852 5021 1002 5094 παρά
1042 5022 1119 5094 τῷ
1163 5023 1342 5093 Λουκᾷ
1371 5021 1728 5090 λελεγμένων,
1755 5019 1881 5090 ἑξῆς
1911 5018 1969 5071 δὲ
1995 5017 2223 5080 ἐκείνοις
2283 5017 2701 5088 συναπτομένων
2741 5016 2848 5072 τῶν
2888 5014 3038 5086 παρὰ
3069 5012 3147 5083 τῷ
3195 5011 3442 5108 Ἰωάννῃ·
3491 5009 3634 5065 οὕτω

394 5137 453 5173 τε
482 5119 576 5173 ἕνα
607 5118 728 5173 νοῦν
773 5119 867 5171 καὶ
913 5118 1042 5187 μίαν
1087 5118 1322 5172 διάνοιαν
1356 5115 1634 5180 σωζόντων
1677 5113 1783 5168 τῶν
1829 5115 1956 5184 παρ’
1995 5112 2340 5184 ἀμφοτέροις.
2369 5113 2550 5167 Ταῦτα
2585 5113 2682 5185 μὲν
2711 5114 2900 5186 ταύτῃ.

1154 5233 1210 5291 1'.

467 5354 578 5427 (70)
618 5352 742 5418 Πῶς
786 5353 844 5406 δὲ
890 5351 1041 5424 παρὰ
1071 5352 1166 5423 μὲν
1194 5351 1271 5421 τῷ
1300 5351 1564 5426 Ματθαίῳ
1592 5349 1820 5420 ἄγγελος
1869 5351 1963 5419 ὀφ-

395 5448 507 5512 θεὶς
535 5449 652 5510 ταῖς
677 5443 888 5515 γυναιξὶ
913 5442 1272 5514 παρήγγειλεν
1297 5442 1623 5510 ἀπαγγεῖλαι
1648 5443 1758 5503 τοῖς
1786 5439 1958 5512 μαθη-

393 5542 512 5603 ταῖς
530 5537 716 5603 αὐτοῦ,
733 5539 835 5601 δτι,
853 5535 1090 5608 Ἠγέρθη
1110 5535 1219 5588 ἀπὸ
1235 5533 1344 5587 τῶν
1363 5533 1590 5604 νεκρῶν,
1615 5533 1706 5586 καὶ
1729 5531 1958 5605 προάγει

395 5633 538 5701 ὑμᾶς
586 5634 667 5695 εἰς
707 5629 803 5702 τὴν
835 5627 1142 5694 Γαλιλαίαν,
1177 5628 1292 5680 ἐκεῖ
1315 5625 1474 5679 αὐτὸν
1498 5625 1723 5696 ὄψεσθε,
1762 5624 1960 5696 ὁμοίως

469 5804 578 5876 (69)
617 5805 846 5862 Minoris
880 5805 1088 5862 ordinis
1115 5805 1292 5860 Lucas
1328 5811 1381 5858 et
1414 5801 1649 5865 Marcus,
1683 5809 1952 5876 quatenus

397 5877 452 5932 hi
475 5873 581 5932 non
603 5877 823 5933 fuerunt
844 5877 1056 5933 Domini
1077 5876 1204 5932 Jesu
1225 5883 1558 5944 spectatores
1579 5882 1632 5929 et
1654 5873 1951 5927 auditores.

635 5976 888 6037 PATBOL
956 5975 1075 6038 Gn.
1162 5973 1344 6036 XXII
1357 6021 1369 6034 .

2819 5228 2886 5283 Χ.

2141 5343 2425 5411 Quomodo
2462 5343 2605 5415 apud
2636 5343 2946 5397 Matthaeum
2972 5332 3449 5411 quidemvangelus
3478 5338 3630 5394 visus

2063 5439 2389 5494 mulieribus
2458 5437 2736 5493 mandavit
2791 5437 3046 5490 nuntiare
3097 5431 3384 5502 discipulis
3438 5429 3627 5486 Jesum

2065 5532 2466 5594 resurrexisse,
2509 5529 2741 5599 illosque
2777 5540 3172 5597 praecessurum
3217 5525 3270 5578 in
3309 5521 3624 5586 Galilaeam,

2064 5623 2249 5695 ibique
2303 5621 2419 5678 fore
2462 5621 2815 5693 conspicuum
2840 5659 2856 5685 ,
2904 5618 3156 5675 similiter
3199 5614 3342 5687 apud
3386 5613 3628 5669 Marcum

2131 5801 2244 5874 (το)
2283 5799 2416 5855 Cod.
2452 5800 2515 5865 A,
2549 5798 2588 5854 ι.
2618 5797 2742 5866 516,
2771 5798 2823 5853 b.
