4106 6442
555 365 693 423 1005
1253 367 1518 426 EUSEBH
1557 369 2026 429 C£SARIENSIS
2062 371 2079 426 t

2181 376 2211 427 '-.
2254 375 2428 431 PARS
2467 377 2553 433 III.
2597 409 2646 418 -
2702 378 3108 438 EXEGETICA.
3642 391 3778 446 ιοοι

551 495 769 554 quoque
801 497 829 536 a
855 483 1081 550 juvene,
1121 500 1282 554 quem
1329 485 1384 538 in
1423 486 1615 541 dextra
1653 498 1807 558 parte
1845 490 2079 546 sedentel

2181 510 2194 553 ι
2223 493 2277 548 δὲ
2327 497 2419 550 καὶ
2470 501 2620 572 παρὰ
2648 501 2726 571 τῷ
2755 501 2964 572 Μάρκῳ
2988 503 3015 554 6
3046 501 3342 568 νεανίάκος,
3371 504 3429 557 δν
3459 502 3595 560 εἶδον
3623 507 3794 582 καθη-

548 574 832 641 viderunt,
857 573 972 630 hcc
998 577 1322 633 mulieribus
1348 579 1494 633 dicta
1526 578 1695 636 fuere.
1726 582 1882 653 Apud
1910 581 2076 638 Luca:

2219 606 2379 660 μενον
2410 595 2468 644 ὲν
2494 598 2602 657 τοῖς
2627 594 2837 658 δεξιοῖς,
2862 595 3032 649 ταῦτα
3061 591 3180 648 ε’ίπε
3216 599 3335 661 ταῖς
3365 602 3597 666 γυναιξί.
3634 573 3792 676 Παρά

545 683 678 722 vero
703 666 756 721 in
790 668 907 738 ipsa
937 667 1071 723 urbe
1098 667 1398 725 Jerusalem
1431 674 1780 743 congregatis
1825 675 2079 746 discipuli

2215 679 2271 732 δὲ
2321 681 2398 752 τῷ
2431 685 2613 755 Λουκᾷ
2639 687 2697 738 ἐν
2725 685 2860 756 αὐτῇ
2909 687 2974 756 τῇ
3016 687 3390 760 Ἰερουσαλὴμ,
3417 666 3789 764 ἡθροισμένων

547 759 828 822 undecim,
862 767 914 814 et
945 760 1011 816 de
1042 763 1465 818 resurrectionis
1498 767 1718 834 negotio
1762 768 1992 822 invicem
2026 784 2114 823 re-

544 849 876 915 ferentibus,
911 853 1060 908 stetit
1087 852 1246 910 Jesus
1280 855 1333 909 in
1368 855 1548 911 medio
1579 873 1767 912 eorum
1791 899 1804 922 ,
1858 860 2112 914 eosdem-

539 960 647 1015 que
682 946 954 1002 allocutus
1001 956 1127 1012 est,
1176 949 1396 1019 assique
1443 950 1611 1020 piscis
1663 960 1870 1022 partem
1920 968 2107 1008 coram

538 1039 673 1109 ipsis
705 1041 960 1097 comedit.
992 1043 1148 1112 Apud
1176 1042 1444 1099 Joannem
1478 1045 1714 1115 denique
1746 1047 1799 1101 iu
1833 1049 1950 1118 ipsa
1979 1049 2106 1104 item

536 1129 859 1199 Jerusalem,
892 1150 1000 1188 non
1044 1136 1232 1202 semel,
1273 1135 1367 1192 sed
1401 1137 1562 1192 etiam
1617 1138 1808 1194 iterum
1860 1139 2107 1210 apparuit

536 1224 784 1280 undecim
815 1265 830 1290 ,
863 1227 1041 1296 primo
1083 1227 1300 1298 quidem
1347 1230 1465 1299 ipsa
1515 1231 1934 1286 resurrectionis
1973 1232 2062 1288 die
2087 1273 2101 1298 ,

534 1334 689 1386 sero;
721 1317 917 1375 deinde
947 1328 1068 1390 post
1099 1322 1219 1376 dies
1249 1329 1395 1377 octo.
1429 1323 1717 1390 Quomodo
1742 1341 1872 1395 ergo
1908 1342 2104 1381 secun-

532 1409 661 1466 dum
694 1411 898 1466 Lucam
927 1419 1090 1481 atque
1117 1411 1383 1468 Joannem
1413 1416 1577 1472 toties
1618 1431 1683 1472 eo
1730 1431 1760 1470 a
1809 1416 2100 1487 discipulis

534 1504 591 1560 in
619 1505 737 1575 ipsa
779 1504 1079 1560 Jerusalem
1111 1507 1264 1569 viso,
1302 1509 1602 1563 secundum
1649 1508 1890 1563 Marcum
1938 1518 2101 1580 atque

529 1594 841 1652 Mattlmum
875 1597 1191 1652 mandatum
1223 1598 1415 1654 iisdem
1441 1615 1539 1668 per
1577 1600 1836 1657 mulieres
1879 1599 1999 1667 fuit,
2041 1611 2099 1656 ut

529 1690 584 1746 in
616 1688 890 1745 Galilaeam
935 1690 1180 1753 abirent,
1209 1696 1394 1758 utpote
1421 1689 1532 1744 illic
1559 1705 1684 1746 eum
1718 1691 1918 1748 visuris
1940 1731 1955 1757 ,
1986 1707 2096 1748 non

527 1788 710 1838 autem
743 1784 796 1837 in
829 1784 962 1839 urbe
989 1782 1287 1840 Jerusalem
1317 1783 1646 1855 spectatoris
1671 1783 1696 1837 ἲ

595 1957 863 2016 Praeterea
885 2001 900 2025 ,
930 1962 974 2017 si
1000 1961 1254 2019 undecim
1280 1964 1430 2021 solos
1460 1963 1771 2023 Servatoris
1797 1966 2098 2040 discipulos

523 2049 938 2124 Evangeliorum
980 2056 1251 2126 scriptura
1278 2066 1634 2129 agnosceret,
1668 2060 1749 2116 sic
1774 2075 1990 2132 quoque
2015 2061 2098 2116 dl-

521 2153 668 2202 ceret
714 2147 865 2202 nulla
897 2163 956 2203 re
986 2148 1130 2204 hunc
1160 2166 1467 2206 sermonem
1496 2151 1760 2220 deﬁcere,
1792 2154 1837 2208 si
1870 2161 2095 2210 eatenus

517 2237 810 2294 mulierum
837 2241 1181 2298 sermonibus
1206 2257 1314 2297 non
1337 2242 1621 2299 credentes
1642 2243 1942 2314 discipulos
1964 2259 2093 2300 suos

519 2327 888 2396 conﬁrmans,
927 2333 1094 2388 semel
1125 2343 1178 2388 et
1206 2334 1404 2389 iterum
1439 2335 1575 2405 ipsis
1610 2335 1663 2388 in
1696 2336 1834 2391 urbe
1867 2334 2092 2391 Jerusa-

518 2419 625 2475 lem
661 2421 962 2478 latentibus
995 2424 1286 2494 apparuit:
1321 2435 1374 2479 at
1407 2426 1464 2480 in
1495 2423 1715 2482 Galilaaa
1746 2442 2087 2497 nequaquam

512 2513 748 2576 occulte,
781 2528 959 2583 neque
992 2516 1160 2570 semel
1185 2524 1279 2570 aut
1311 2517 1508 2572 iterum
1533 2556 1547 2581 ,
1575 2535 1755 2590 neque
1785 2519 1856 2573 ob
1884 2527 2086 2573 metum

512 2620 543 2658 a
573 2604 780 2660 Judaeis
811 2607 1136 2674 conclusos,
1167 2609 1336 2664 multa
1364 2626 1488 2665 cum
1520 2611 1718 2665 ﬁducia
1748 2611 2087 2682 apparitione

513 2715 615 2756 sua
665 2699 992 2772 deitatisque
1020 2702 1335 2758 ostensione
1362 2703 1622 2774 dignatus
1651 2710 1767 2767 est,
1805 2709 1976 2757 semet
2005 2701 2087 2756 vi-

508 2801 723 2849 ventem
740 2793 1038 2849 ostendens
1051 2795 1515 2866 postpassionem,
1541 2794 1728 2849 multis
1745 2810 1869 2848 cum
1888 2795 2081 2865 signis,

507 2899 606 2957 per
634 2887 997 2957 quadraginta
1040 2886 1158 2942 dies
1199 2888 1533 2958 conspicuus
1556 2897 1611 2942 et
1644 2889 1876 2958 loquens
1899 2888 1966 2943 de
1994 2903 2081 2943 re-

505 2993 614 3048 gno
645 2977 739 3032 Dei
773 2988 935 3050 atque
965 2994 1298 3036 conversans
1325 2999 1339 3047 ;
1375 2988 1434 3035 ut
1463 2981 1518 3035 in
1548 2981 1774 3036 Actibus
1805 2981 2082 3051 apostolo-

503 3085 628 3126 rum
661 3071 840 3126 Lucas
867 3073 963 3126 ait.
992 3071 1168 3141 Atque
1193 3073 1309 3128 haec
1336 3073 1512 3143 prima
1539 3081 1658 3129 esto
1684 3074 1907 3130 solutio.
1934 3072 2077 3140 Quo-

2218 771 2354 824 κατά
2376 773 2436 826 τὸ
2466 775 2597 826 αὐτὸ
2626 774 2733 826 τῶν
2769 773 3025 846 μαθητῶν
3057 775 3164 828 τῶν
3190 775 3398 840 ἕνδεκα,
3435 779 3528 832 καὶ
3558 779 3625 834 τά
3662 782 3795 856 περὶ

2215 865 2314 935 τῆς
2338 866 2682 930 ἀναστάσεως
2719 866 2882 920 αὑτοῦ
2935 866 3181 938 ἀλλήλοις
3213 869 3624 941 ὑφηγουμένων,
3658 875 3789 949 ἔστη

2216 956 2384 1025 μέσος
2431 957 2610 1020 αὐτὸς,
2642 957 2737 1014 καὶ
2786 958 3248 1028 προσδιαλέγεται,
3283 961 3377 1013 καὶ
3415 963 3594 1032 ἰχθύος
3621 967 3788 1022 ὀπτοῦ

2213 1046 2378 1114 μέρος
2409 1045 2634 1099 ἐνώπιον
2663 1048 2842 1102 αὐτῶν
2870 1048 3060 1117 ἔφαγε.
3083 1051 3192 1103 Καὶ
3231 1053 3373 1106 κατά
3415 1055 3508 1106 τὸν
3535 1056 3788 1130 Ἰωάννην

2207 1135 2262 1188 δὲ
2288 1139 2344 1189 ἐν
2372 1138 2503 1208 αὐτῇ
2523 1141 2585 1209 τῇ
2617 1139 2965 1210 Ἰερουσαλὴμ
2989 1141 3168 1202 πάλιν,
3200 1144 3296 1213 οὐχ
3328 1143 3495 1210 ἅπαξ,
3525 1147 3660 1202 ἀλλὰ
3689 1150 3789 1205 καὶ

2203 1225 2451 1297 δεύτερον
2498 1227 2653 1300 ῶφθη
2705 1233 2816 1294 τοῖς
2866 1231 3075 1295 ἕνδεκα,
3105 1234 3317 1304 πρῶτον
3358 1238 3454 1305 μὲν
3488 1241 3581 1292 καὶ
3613 1241 3785 1314 αὐτὴν

2203 1317 2300 1388 τὴν
2326 1319 2534 1390 ἡμέραν
2561 1321 2661 1391 τῆς
2682 1323 3049 1386 ἀναστάσεως,
3071 1323 3228 1393 ὀψίας
3247 1344 3260 1356 ·
3288 1323 3404 1380 εἶτα
3429 1329 3546 1398 μεθ’
3571 1332 3782 1406 ἡμέρας

2201 1406 2362 1464 ὀκτώ.
2396 1409 2517 1474 Πῶς
2565 1407 2657 1464 οὖν
2709 1411 2850 1466 κατὰ
2892 1413 2984 1468 τὸν
3026 1416 3238 1469 Λουκᾶν
3271 1417 3363 1470 καὶ
3397 1419 3487 1472 τὸν
3527 1421 3780 1496 Ἰωάννην

2198 1500 2521 1562 τοσαυτάκις
2548 1501 2802 1570 ὀφθέντος
2835 1503 2998 1557 αὑτοῦ
3023 1507 3134 1568 τοῖς
3166 1507 3431 1579 μαθηταῖς
3461 1511 3517 1564 ἐν
3547 1514 3683 1586 αὐτῇ
3709 1519 3775 1587 τῇ

2211 1589 2578 1663 Ἰερουσαλὴμ,
2609 1595 2750 1648 κατὰ
2775 1596 2864 1648 τὸν
2890 1597 3114 1668 Μάρκον
3139 1600 3232 1651 καὶ
3261 1601 3352 1653 τὸν
3379 1602 3654 1659 Ματθαῖον
3681 1624 3773 1662 κι-

2197 1679 2440 1737 λεύονται
2465 1686 2512 1737 οί
2543 1685 2694 1738 αὐτοὶ
2720 1687 2807 1740 διά
2828 1687 2936 1740 τῶν
2961 1689 3231 1756 γυναικῶν
3259 1692 3338 1754 εἰς
3363 1691 3460 1762 τὴν
3487 1693 3775 1750 Γαλιλαίαν

2196 1774 2467 1841 ἀπελθεῖν,
2500 1777 2576 1841 ὼς
2603 1779 2716 1831 ἐκεῖ
2741 1779 2902 1832 αὑτὸν
2935 1780 3208 1852 ὀψόμενοι,
3244 1782 3360 1834 ἀλλ’
3389 1784 3449 1836 οὺ
3489 1785 3772 1855 μέλλοντες

2129 1861 2171 1919 Β
2200 1867 2359 1921 αὐτὸν
2390 1868 2612 1922 θεᾶσθαι
2641 1872 2698 1922 ὲν
2729 1873 2794 1942 τῇ
2828 1872 3207 1943 Ἰερουσαλήμ;

2270 1962 2380 2034 (71)
2424 1964 2543 2016 Ἔτι
2576 1967 2623 2018 εί
2655 1965 2752 2036 μὲν
2782 1967 2908 2029 τοὺς
2935 1965 3126 2019 ἕνδεκα
3156 1967 3348 2036 μόνους
3385 1969 3629 2040 μαθητάς
3675 1971 3769 2027 τοῦ

2198 2053 2448 2124 Σωτῆρος
2481 2056 2514 2126 ἡ
2540 2057 2648 2110 τῶν
2671 2058 3016 2126 Εὑαγγελίων
3041 2059 3308 2128 ἠπίστατο
3335 2063 3540 2135 γραφὴ,
3569 2066 3661 2118 καὶ
3687 2064 3770 2119 οὔ⁹

2196 2163 2302 2208 τως
2345 2142 2496 2201 εἶπεν
2543 2149 2608 2202 ἄν
2645 2168 2728 2214 τις
2779 2152 2942 2222 μηδὲν
2972 2153 3064 2206 τὸν
3093 2152 3247 2222 λόγον
3291 2154 3515 2223 λείπειν,
3542 2159 3588 2210 εί
3633 2159 3766 2223 τέως

2197 2239 2296 2308 μὲν
2325 2240 2684 2308 ἀπιστοῦντας
2704 2247 2822 2308 ταῖς
2849 2244 2956 2297 τῶν
2981 2245 3251 2313 γυναικῶν
3272 2249 3624 2316 ἐπαγγελίαις
3644 2253 3766 2317 τοὺς

2193 2332 2358 2384 αὑτοῦ
2389 2335 2635 2406 μαθητὰς
2667 2335 2999 2408 θεραπεύων,
3031 2336 3174 2401 ἅπαξ
3195 2338 3286 2390 καὶ
3318 2338 3566 2411 δεύτερον
3585 2343 3766 2405 αὐτοῖς

2191 2423 2462 2497 λαθραίως
2494 2427 2960 2498 κρυπταζομὲνοις
2999 2431 3056 2482 ὲν
3092 2429 3441 2503 Ἰερουσαλὴμ
3473 2434 3674 2504 ἐφάνη·
3707 2435 3766 2489 ἔν

2189 2536 2251 2588 γε
2302 2517 2405 2590 μὴν
2457 2521 2521 2588 τῇ
2568 2518 2823 2590 Γαλιλαίᾳ
2857 2519 3031 2572 οὐκέτ’
3077 2522 3591 2594 ἐπικεκρυμμένως,
3641 2527 3761 2581 οὐδὲ

2190 2611 2334 2677 ἅπαξ
2367 2610 2487 2664 οὐδὲ
2518 2609 2788 2682 δεύτερον,
2814 2611 2925 2664 ἀλλ’
2951 2612 3057 2665 οὐδ’
3079 2615 3546 2685 ὲγκεκλεισμένοις
3565 2619 3654 2672 διὰ
3673 2618 3763 2674 τὸν

2186 2704 2346 2772 φόϐον
2378 2703 2486 2755 τῶν
2525 2703 2810 2768 Ἰουδαίων,
2844 2705 2940 2757 σὺν
2978 2706 3144 2777 πολλῇ
3179 2708 3233 2760 δὲ
3264 2711 3327 2779 τῇ
3357 2711 3640 2783 παρρησίᾳ
3663 2710 3760 2784 τὴν

2185 2795 2497 2864 θεοφάνειαν
2551 2793 2748 2858 αὑτοῦ,
2805 2796 2898 2849 καὶ
2942 2796 3041 2866 τῆς
3093 2797 3342 2870 θεότητος
3392 2802 3490 2872 τὴν
3538 2801 3761 2869 ἔνδειξιν

2183 2888 2434 2953 ἐποιεῖτο,
2471 2886 2750 2959 παριστῶν
2782 2887 2962 2950 αὐτοῖς
2989 2889 3177 2942 ἑαυτὸν
3201 2889 3377 2954 ζῶντα
3403 2892 3540 2962 μετά
3567 2895 3628 2948 τὸ
3655 2913 3762 2948 παι

2183 2983 2313 3046 θεῖν,
2336 2983 2392 3034 ὲν
2419 2979 2631 3042 πολλοῖς
2655 2979 2990 3049 τεκμηρίοις,
3019 2981 3084 3032 δι’
3103 2981 3324 3052 ἡμερῶν
3352 2985 3758 3056 τεσσαράκοντα

2179 3069 2542 3140 ὀπτανόμενος
2572 3085 2630 3121 τε
2661 3069 2753 3121 καὶ
2777 3067 2948 3135 λέγων
2980 3068 3049 3120 τὰ
3075 3071 3202 3140 περὶ
3227 3069 3329 3140 τῆς
3359 3070 3635 3140 βασιλείας
3659 3074 3754 3128 τοῦ

503 3163 652 3218 niam
677 3178 808 3218 vero
839 3163 1213 3233 apostolorum
1246 3165 1430 3220 selecti
1454 3165 1672 3236 quidem
1698 3174 1750 3220 et
1775 3175 2074 3221 summates

2181 3163 2334 3227 Θεοῦ,
2371 3163 2465 3215 καὶ
2513 3159 2978 3230 πναυλιζὸμενος,
3019 3161 3094 3223 ῶς
3144 3179 3305 3232 φησιν
3352 3165 3380 3215 ό
3429 3165 3642 3228 Λουκᾶς
3691 3168 3750 3219 ἐν

501 3270 792 3310 numerum
823 3255 1108 3311 duodecim
1139 3257 1467 3327 explebant;
1499 3257 1640 3313 alius
1669 3267 1848 3314 autem
1877 3267 2075 3328 praeter

2181 3260 2296 3320 ταῖς
2332 3254 2596 3326 Πράξεσι·
2645 3252 2738 3306 καὶ
2789 3251 2925 3323 αὓτη
2973 3251 3068 3322 μὲν
3113 3252 3298 3324 πρώτη
3326 3253 3495 3318 λύσις.
3517 3255 3750 3312 Ἐπέιδὲ

500 3347 606 3404 bos
635 3348 769 3402 ordo
798 3357 914 3403 erat
943 3348 1335 3418 discipulorum
1364 3350 1707 3422 septuaginta
1729 3394 1743 3415 ,
1775 3352 1844 3408 de
1873 3353 2074 3422 quibus

500 3436 633 3491 dicit
649 3437 824 3494 Lucas
843 3437 894 3491 in
908 3437 1230 3507 Evangelio:
1255 3458 1272 3489 ι
1287 3437 1416 3493 Post
1435 3439 1547 3493 haec
1565 3441 1725 3511 elegit
1744 3439 2004 3500 Dominus
2019 3451 2073 3500 et

500 3530 639 3586 alios
656 3530 1002 3601 septuaginta
1024 3530 1170 3596 "-93;
1201 3550 1220 3582 ι
1247 3538 1401 3586 extra
1421 3547 1581 3602 quem
1603 3548 1890 3589 numerum
1913 3545 2072 3591 erant

499 3621 593 3676 alii
621 3623 936 3693 complures
975 3620 1252 3676 Servatori
1299 3622 1674 3688 adhaerentes,
1707 3641 1848 3695 quos
1889 3627 2068 3682 innuit

495 3714 661 3769 etiam
697 3728 850 3769 sacer
880 3712 1176 3783 Apostolus
1201 3751 1217 3777 ,
1248 3713 1439 3769 dicens
1465 3732 1477 3768 :
1513 3731 1531 3764 ι
1568 3713 1773 3769 Deinde
1803 3716 1955 3772 visus
1984 3727 2070 3772 est

492 3805 619 3874 plus
646 3819 807 3875 quam
839 3804 1152 3876 quingentis
1190 3801 1454 3860 fratribus
1483 3805 1549 3870 ",
1583 3824 1602 3857 ι
1632 3806 1723 3875 qui
1766 3815 1819 3861 et
1860 3808 1962 3878 ipsi
1986 3809 2067 3862 di-

493 3899 833 3968 scipulorum
859 3897 1076 3952 nomine
1104 3897 1377 3953 honestati
1427 3897 1643 3953 fuerant
1662 3938 1676 3960 ,
1706 3899 1907 3968 quibus
1947 3900 2063 3954 ﬁeri

491 4005 600 4045 non
630 3997 875 4061 poterat,
905 3998 966 4044 ut
995 3991 1160 4045 simul
1205 3991 1462 4045 omnibus
1501 3992 1848 4061 congregatis
1892 4001 2063 4047 semet

490 4081 547 4135 in
584 4081 722 4135 urbe
747 4079 1048 4136 Jerusalem
1077 4081 1390 4136 ostenderet
1422 4079 1688 4135 Dominus
1719 4089 1843 4151 post
1875 4098 2063 4138 resur-

489 4171 837 4226 rectionem:
887 4169 1009 4227 ideo
1051 4178 1203 4225 recte
1245 4170 1595 4240 evangelista:
1639 4171 1748 4225 duo
1791 4171 1968 4226 Lucas
2008 4183 2062 4228 et

487 4262 728 4318 Joannes
766 4262 899 4318 solis
941 4261 1197 4318 undecim
1243 4263 1564 4332 apparuisse
1607 4264 1784 4334 ipsum
1831 4265 1884 4318 in
1926 4267 2061 4322 urbe

487 4352 791 4410 Jerusalem
825 4351 1094 4407 scribunt.
1136 4351 1355 4423 Reliqui
1394 4367 1523 4408 vero
1563 4353 1702 4418 duo,
1735 4369 1845 4408 non
1888 4355 2056 4410 unde-

483 4445 595 4498 cim
619 4444 895 4514 proﬁcisci
920 4445 977 4499 in
1001 4441 1312 4510 Galilaeam,
1343 4444 1440 4501 sed
1462 4447 1688 4500 omnino
1713 4452 1927 4502 cunctis
1954 4448 2058 4509 ira.

2174 3346 2281 3399 τῶν
2329 3343 2584 3416 μαθητῶν
2632 3344 2681 3396 οἱ
2733 3342 2830 3413 μὲν
2881 3341 3119 3412 ἔκκριτοι
3152 3341 3245 3394 καὶ
3285 3341 3490 3413 πρῶτοι
3516 3343 3607 3398 τὸν
3637 3345 3747 3397 τῶν

2171 3435 2380 3491 δώδεκα
2416 3435 2784 3506 συνεπλήρουν
2809 3434 2988 3506 χορὸν,
3013 3434 3258 3504 δεύτερον
3285 3435 3339 3488 δὲ
3363 3435 3509 3507 παρὰ
3524 3437 3747 3501 τούτους

2171 3529 2431 3600 ἐτύγχανε
2455 3527 2640 3598 τάγμα
2675 3527 2734 3578 τὸ
2773 3528 2880 3580 τῶν
2923 3526 3313 3597 ἐϐδομήκοντα,
3350 3528 3476 3598 περὶ
3508 3521 3583 3581 ὧν
3615 3545 3749 3600 φησι

2171 3625 2383 3684 Λουκᾶς
2411 3624 2467 3674 ἐν
2495 3621 2573 3690 τῷ
2595 3615 2913 3688 Εὐαγγελίῳ
2932 3636 2945 3648 ο
2971 3637 2990 3669 ι
3011 3619 3167 3672 Μετά
3191 3618 3247 3673 δὲ
3274 3619 3445 3673 ταῦτα
3477 3619 3747 3685 ἀνέδειξεν

2168 3712 2196 3763 ό
2215 3711 2416 3781 Κύριος
2443 3709 2535 3763 καὶ
2567 3709 2782 3780 ἐτέρους
2804 3707 3198 3778 ἐϐδομήκοντα·
3221 3727 3240 3760 ι
3261 3709 3464 3762 τούτων
3489 3709 3545 3762 δὲ
3570 3710 3744 3775 ἐκτὸς,

2167 3803 2409 3874 ὑπῆρχον
2448 3803 2541 3856 καὶ
2585 3801 2761 3872 ἕτεροι
2807 3799 3024 3864 πλείους
3056 3801 3318 3872 γνώριμοι
3348 3803 3441 3856 τοῦ
3471 3803 3741 3875 Σωτῆρος,

2165 3893 2256 3957 οὒς
2284 3895 2377 3946 καὶ
2409 3893 2607 3963 ἔφησεν
2631 3894 2659 3945 ὁ
2691 3891 2832 3962 ἱερὸς
2873 3891 3193 3954 Ἀπόστολος
3222 3892 3392 3961 λέγων
3412 3909 3426 3922 ο
3477 3895 3741 3947 «Ἔπειτα

2164 3985 2321 4056 ὤφθη
2353 3986 2537 4038 ἐπάνω
2569 3983 2943 4046 πεντακοσίοις
2980 3984 3245 4052 ἀδελφοῖς,
3276 4003 3295 4036 ›
3345 3985 3438 4038 καὶ
3479 3986 3634 4038 αὐτοὶ
3682 3985 3740 4040 δὲ

2162 4075 2305 4134 οὗτοι
2358 4078 2449 4132 τοῦ
2493 4077 2599 4131 τῶν
2647 4076 2902 4147 μαθητῶν
2947 4077 3205 4147 ὀνόματος
3257 4077 3546 4147 ἠξιωμένοι
3575 4074 3735 4149 ἦσαν,

2162 4165 2241 4234 οἷς
2268 4171 2364 4241 οὐχ
2419 4165 2528 4223 οἷόν
2557 4187 2612 4222 τε
2643 4165 2710 4241 ἦν
2737 4168 2870 4240 ὁμοῦ
2913 4171 3046 4224 πᾶσι
3077 4169 3215 4223 κατὰ
3257 4169 3419 4223 ταυτὸ
3458 4171 3738 4242 συνηθροι-

2163 4264 2378 4327 σμένοις
2411 4265 2468 4316 ἐν
2512 4265 2577 4334 τῇ
2619 4261 2964 4334 Ἰερουσαλὴμ
3009 4262 3236 4332 ὀφθῆναι
3271 4263 3431 4315 αὐτὸν
3469 4262 3606 4332 μετά
3635 4263 3734 4334 τὴν

2160 4357 2472 4422 ἀνάστασιν,
2505 4355 2731 4419 εἰκότως
2762 4355 2853 4408 δύο
2883 4356 2978 4426 μὲν
3023 4355 3131 4406 τῶν
3160 4354 3580 4422 εύαγγελιστῶν,
3610 4356 3639 4408 ὃ
3669 4372 3732 4409 τι

2159 4450 2368 4511 Λουκᾶς
2405 4448 2497 4500 καὶ
2523 4449 2550 4499 ὁ
2587 4447 2860 4516 Ἰωάννης,
2890 4446 3069 4516 μόνοις
3087 4450 3198 4509 τοῖς
3220 4445 3409 4498 ἕνδεκα
3435 4440 3611 4514 ὦφθαι
3635 4448 3733 4502 αὑ-

483 4537 664 4593 tri‘bus
687 4537 838 4592 aiunt
859 4537 1030 4594 fuisse
1050 4537 1364 4593 mandatum
1405 4538 1475 4592 ab
1514 4537 1635 4609 ipso
1677 4537 1964 4595 Servatore
2003 4551 2057 4595 et

2181 4539 2248 4593 τὸν
2275 4540 2680 4610 ἀναγράφουσιν
2713 4541 2770 4591 ἐν
2800 4541 2862 4609 τῇ
2907 4537 3276 4608 Ἰερουσαλήμ.
3311 4536 3414 4589 Δύο
3436 4537 3492 4590 δὲ
3524 4536 3732 4591 τούτων

482 4630 553 4685 ab
577 4629 769 4700 angelo
791 4634 953 4684 antea
980 4628 1119 4693 viso,
1141 4627 1439 4696 indeﬁnite,
1469 4628 1716 4698 inquam,
1733 4637 1789 4684 et
1807 4630 2055 4686 absolute

2181 4633 2212 4684 »ί
2234 4632 2409 4684 λοιποὶ
2436 4631 2496 4683 οὐ
2525 4633 2636 4690 τοῖς
2661 4630 2850 4684 ἕνδεκα
2885 4630 3040 4700 μόνον
3067 4628 3314 4682 σπεύδειν
3345 4631 3425 4692 είς
3454 4628 3552 4698 τὴν
3573 4628 3704 4682 Γαλι

478 4721 800 4777 mandatum
844 4720 1105 4779 omnibus
1148 4721 1323 4778 aiunt.
1367 4720 1674 4793 Cmteroqui
1726 4723 1922 4778 melior
1963 4738 2056 4777 ve-

478 4815 701 4888 riorque
728 4824 814 4874 est
831 4817 986 4887 prior
1014 4816 1236 4873 solutio.
1266 4814 1546 4872 Multoties
1576 4815 1744 4886 igitur
1773 4829 1838 4868 ac
1865 4811 2054 4868 multi-

474 4909 655 4965 modis
694 4909 948 4980 apparuit
987 4907 1272 4980 discipulis
1317 4906 1481 4964 Jesus
1526 4914 1651 4978 post
1681 4907 2050 4962 resurrectio-

474 5015 616 5057 nem.
645 4999 823 5071 Atque
858 5001 948 5056 alii
977 5001 1134 5055 aiunt
1163 4998 1448 5056 Christum
1482 4997 1809 5069 promisisse
1838 4997 1939 5053 has
1970 4997 2048 5052 vi-

471 5092 692 5152 siones,
724 5091 816 5145 alii
843 5105 975 5146 vero
1001 5097 1055 5146 et
1099 5089 1442 5161 prmstitisse.
1491 5086 1840 5156 Quandoque
1881 5087 2046 5142 etiam

470 5181 528 5236 in
559 5183 636 5237 rei
666 5182 902 5253 alicujus
933 5183 1252 5238 narratione
1271 5221 1288 5246 ,
1322 5181 1368 5236 si
1397 5179 1530 5250 quid
1559 5178 1716 5249 prior
1747 5177 2043 5234 historicus

470 5274 820 5344 pmtermisit
843 5315 862 5340 ,
892 5275 954 5330 ω
976 5276 1115 5331 alter
1143 5273 1382 5344 supplet.

2160 4721 2340 4787 λαίαν,
2367 4722 2482 4775 ἀλλ’
2509 4721 2695 4785 ἁπλῶς
2719 4726 2830 4786 τοῖς
2859 4721 3124 4792 μαθηταῖς
3150 4721 3319 4774 ἅπασι
3362 4721 3456 4772 καὶ
3483 4718 3728 4788 ἀδελφοῖς

2159 4814 2366 4884 ἔφασαν
2412 4814 2923 4886 παρακελεύσασθαι
2950 4813 3111 4867 αὐτόν
3139 4829 3197 4864 τε
3228 4812 3322 4865 τὸν
3351 4811 3579 4883 Σωτῆρα
3633 4813 3722 4867 καὶ

2156 4909 2246 4961 τὸν
2272 4908 2614 4981 προφανέντα
2640 4905 2803 4962 αὐτοῦ
2835 4907 3082 4974 ἄγγελον,
3111 4905 3375 4978 ἀορίστως
3405 4905 3500 4957 καὶ
3528 4903 3726 4957 ἀπολύω

2153 5017 2261 5063 τως
2306 5001 2429 5064 τοὺς
2481 5000 2688 5062 πάντας
2711 4997 3062 5070 δηλώσαντες.
3083 4997 3342 5069 ’Ᾱμιίνων
3368 4995 3424 5048 δὲ
3457 4996 3556 5050 καὶ
3588 4995 3724 5068 άλη-

2151 5089 2380 5163 θεστὲρα
2417 5093 2450 5162 ἡ
2497 5089 2689 5161 πρώτη
2726 5088 2878 5152 λύσις
2897 5105 2911 5118 ·
2941 5087 3158 5150 πλείους
3181 5087 3356 5141 τοίνυν
3384 5087 3441 5140 ai
3465 5085 3718 5140 ὀπτασίαι

2149 5185 2241 5238 καὶ
2273 5183 2515 5255 διάφοροι
2543 5181 2867 5253 γεγένηνται
2888 5183 3001 5245 τοῖς
3027 5178 3290 5253 μαθηταῖς
3314 5179 3449 5251 μετά
3470 5179 3569 5249 τὴν
3592 5174 3706 5230 ἀνά-

2147 5295 2355 5334 στασιν.
2391 5278 2501 5330 Καὶ
2539 5277 2588 5329 oi
2626 5275 2725 5347 μὲν
2751 5275 2912 5329 τάσδε
2950 5274 3228 5345 εἰρηκέναι
3259 5272 3421 5327 αὐτόν
3461 5284 3640 5342 φασιν,
3665 5267 3717 5321 οἱ

463 5367 520 5421 δὲ
545 5368 705 5424 τάσδε
743 5370 836 5423 καὶ
863 5370 1227 5441 πεπραχέναι·
1276 5368 1389 5422 ἐστι
1420 5367 1591 5420 δὲλῦτε
1645 5367 1737 5422 καὶ
1784 5367 1909 5439 περὶ
1945 5368 2040 5423 τοῦ
2079 5373 2369 5448 κεφαλαίου
2436 5362 2706 5440 λέγοντες,
2770 5369 3073 5440 ἀναπληροῖ
3098 5368 3167 5422 τά
3198 5368 3302 5424 ὑπὸ
3329 5367 3423 5422 τοῦ
3455 5362 3718 5437 προτέρου

463 5460 810 5531 ἱλλειφθέντα
832 5467 861 5515 ὁ
881 5464 1158 5538 δεύτερος.

527 5645 653 5685 ⁶²ο⁶³
688 5646 824 5700 Luc.
863 5663 916 5710 κ,
955 5647 1003 5700 Ι.
1080 5647 1124 5677 ⁸⁸
1167 5647 1346 5716 [ΒΔΓ.
1385 5663 1474 5713 ιν,
1509 5647 1560 5702 σι

559 5830 621 5887 71
697 5828 834 5884 Cod.
862 5829 928 5896 Α,
961 5827 1001 5882 r.
1034 5827 1158 5882 an.
