4106 6428
419 402 446 458 1
456 403 560 460 0θῦ

1146 523 1248 579 lA'.

488 610 599 682 (72)
638 612 772 685 Φαίη
804 613 849 667 δ’
872 613 1064 680 ἄνιτις,
1092 615 1207 678 πῶς
1238 619 1269 669 ὀ
1291 618 1390 688 μὲν
1403 619 1678 686 Ματθαῐος
1703 624 1993 694 πορευθέν-

413 720 511 768 τας
536 705 663 769 τοὺς
689 705 878 760 ἕνδεκα
905 708 983 770 είς
1011 706 1072 759 τὸ
1096 705 1222 779 ὅρος
1246 712 1345 781 τῆς
1375 707 1661 777 Γαλιλαίας
1687 711 1990 787 ἑωρακέναι

417 799 551 869 φησὶ
577 797 668 851 τὸν
706 798 931 870 Ἰησοῦν,
961 801 991 852 ὀ
1037 799 1093 852 δὲ
1131 802 1380 873 Ἰωάννης
1419 804 1553 875 μετά
1582 807 1680 871 τὰς
1705 806 1797 860 δύο
1822 809 1990 863 ὀπτα-

418 888 540 952 σίας
576 890 674 956 τὰς
703 892 760 945 ἐν
788 894 854 963 τῇ
893 892 1243 965 Ἰερουσαλὴμ
1286 895 1346 948 τὸ
1387 896 1569 968 τρίτον
1600 893 1777 967 ὦφθαι
1827 903 1988 957 αὑτὸν

415 983 515 1037 οὐκ
542 984 599 1036 ὲν
630 984 707 1053 τῷ
732 983 845 1054 ὀρει
873 985 972 1055 τῆς
996 985 1304 1050 Γαλιλαίας,
1326 987 1461 1042 ἀλλά
1491 990 1640 1061 παρὰ
1664 992 1762 1063 τὴν
1790 993 1989 1047 θάλασ-

416 1089 514 1127 σαν
534 1072 635 1143 τῆς
659 1074 946 1138 Γαλιλαίας
978 1077 1211 1149 ἱστορεῖς

482 1165 675 1235 Τρίτον
711 1166 807 1236 μὲν
858 1168 1074 1239 ἀληθῶς
1100 1169 1256 1225 τοῦτο
1286 1171 1539 1245 σύμφημι
1570 1176 1665 1228 καὶ
1693 1177 1855 1242 αὐτὸς
1893 1180 1984 1233 τὸν

413 1254 642 1327 Σωτῆρα
690 1249 868 1327 ὦφθαι
914 1262 1027 1323 τοῖς
1063 1261 1348 1333 μαθηταῖς,
1383 1265 1445 1318 τὸ
1487 1266 1587 1338 μὲν
1620 1269 1834 1340 πρῶτον
1863 1274 1982 1326 κατ’

411 1346 578 1419 αὐτὴν
607 1347 706 1419 τὴν
728 1350 940 1423 ἡμέραν
964 1352 1061 1425 τῆς
1091 1354 1460 1421 ἀναστάσεως,
1486 1360 1607 1414 καθ’
1637 1362 1702 1432 ἣν
1731 1365 1920 1436 Μαρία
1947 1367 1981 1437 ή

409 1438 739 1513 Μαγδαληνὴ
789 1445 1002 1515 πρωῒας
1060 1448 1221 1502 αὑτὸν
1279 1448 1491 1521 ἑώρακε
1511 1469 1524 1480 ·
1551 1451 1751 1525 ταύτην
1794 1456 1851 1510 δὲ
1884 1459 1981 1530 τὴν

409 1529 631 1603 πρώτην
691 1533 954 1589 ὀπτασίαν
1008 1537 1103 1591 καὶ
1164 1538 1378 1604 Λουκᾶς
1444 1544 1663 1614 ἱστορεῖ.
1697 1529 1979 1620 οΔεύτερον

405 1621 465 1676 δὲ
496 1623 615 1710 μεθ’
640 1626 849 1697 ἡμέρας
868 1628 1031 1693 ὀκτὼ,
1050 1630 1248 1703 δηλαδὴ
1273 1636 1337 1704 τῇ
1377 1634 1535 1708 ἑτέρᾳ
1564 1637 1837 1710 Κυριακῇ,
1857 1640 1977 1694 καθ’

405 1712 472 1784 ἢν
493 1709 646 1778 αὖθις
671 1717 953 1786 ἐπιφανεὶς
975 1721 1003 1772 ὀ
1031 1719 1223 1795 Σωτὴρ
1249 1724 1340 1777 τὸν
1372 1724 1571 1796 Θωμᾶν
1596 1727 1696 1798 τῆς
1721 1709 1978 1797 ἀπιστίας

404 1804 716 1878 θεραπεύει,
750 1809 929 1876 δείξας
960 1812 1109 1884 αὐτῷ
1129 1815 1226 1886 τὴν
1252 1815 1489 1900 πλευρὰν
1520 1820 1614 1872 καὶ
1639 1820 1737 1885 τὰς
1763 1825 1972 1894 χεῖρας.

1239 412 1743 469 SUPPLEMENTA
1782 414 2258 483 QUESTIONUM
2296 425 2388 479 AD
2428 426 2776 489 MARINUM.

2018 536 2066 590 Δ

3523 448 3661 504 1006
3738 528 3749 541 ⁸

2165 624 2522 686 Dicetetiam
2566 634 2799 705 aliquis,
2833 640 3109 708 quomodo
3152 642 3435 704 Matthaaus
3477 651 3661 720 proie-

2091 720 2210 770 ctos
2241 719 2489 774 undecim
2521 722 2577 776 in
2607 720 2840 782 Galilaeae
2879 736 3119 797 montem
3164 732 3314 788 dicat
3345 719 3545 794 vidisse
3568 737 3661 795 Je-

2094 818 2254 871 sum,
2302 806 2543 866 Joannes
2591 823 2772 870 autem
2820 827 2948 889 post
2996 820 3133 877 duas
3170 823 3315 878 intra
3353 824 3656 884 Jerusalem

2091 898 2458 966 apparitiones
2478 945 2493 969 ,
2526 909 2687 962 tertio
2713 909 2889 964 visum
2918 924 3041 968 esse
3069 911 3253 969 Jesum
3298 931 3407 972 non
3452 920 3507 974 in
3548 918 3657 974 Ga-

2089 986 2242 1043 lilaaa:
2270 1001 2472 1059 monte,
2501 997 2598 1053 sed
2626 1000 2768 1069 apud
2796 1016 2950 1059 mare
2973 1001 3207 1061 Galilaaae
3231 1008 3455 1063 narret?

2156 1166 2343 1225 Tertio
2365 1170 2707 1231 Servatorem
2734 1180 3053 1249 apparuisse
3072 1199 3198 1241 vere
3218 1183 3522 1256 discipulis,
3556 1203 3654 1260 ego

2086 1272 2297 1333 quoque
2329 1260 2662 1331 conﬁtebor;
2700 1269 2908 1337 primo,
2940 1270 3055 1340 ipsa
3084 1276 3506 1332 resurrectionis
3538 1277 3647 1341 die,

2083 1362 2207 1402 cum
2242 1364 2401 1407 mane
2430 1353 2581 1407 illum
2605 1353 2772 1409 Maria
2797 1356 3108 1427 Magtlalcne
3136 1363 3290 1418 vidit.
3312 1365 3490 1435 Atque
3508 1367 3650 1424 hanc
3702 1386 3705 1391 ·

2082 1440 2313 1510 primam
2348 1444 2613 1501 visionem
2656 1446 2832 1504 Lucas
2877 1465 3094 1521 quoque
3125 1466 3329 1508 narrat.
3360 1455 3648 1522 Secundo,

2081 1541 2206 1603 post
2232 1534 2347 1591 dies
2381 1545 2526 1598 octo,
2550 1538 2808 1594 nimirum
2843 1542 3014 1597 altera
3057 1542 3145 1599 die
3182 1543 3461 1604 Dominica
3492 1591 3509 1615 ,
3541 1568 3649 1623 qua

2080 1627 2277 1679 iterum
2312 1640 2581 1698 apparens
2634 1628 2891 1688 Servator
2941 1637 3379 1694 incredulitatem
3425 1641 3650 1700 'l'homze

2081 1717 2327 1782 sanavit,
2379 1728 2602 1776 ostenso
2650 1721 2701 1776 ei
2734 1723 2903 1779 latere
2942 1740 3007 1780 ac
3039 1728 3310 1784 manibus.
3337 1728 3475 1797 Quia
3520 1749 3651 1788 vero

2075 1812 2215 1882 jussi
2246 1812 2460 1870 fuerant
2489 1817 2544 1872 in
2566 1815 2842 1873 Galilaeam
2870 1820 3031 1875 simul
3054 1822 3351 1890 proﬁcisci,
3383 1824 3649 1883 fecerant-

416 1898 567 1952 Ἐπεὶ
593 1900 649 1953 δὲ
679 1902 1093 1975 κεκελευσμένοι
1114 1901 1253 1978 ἦσαν
1277 1890 1487 1980 ἐπὶτὴν
1520 1890 1804 1967 Γαλιλαίαν
1836 1890 1972 1985 ὀμοῦ
2004 1890 2047 1945 Β
2076 1919 2182 1974 (ille
2211 1905 2464 1977 ᾶὶεοίρυιὶ
2520 1908 2772 1965 “ﬁdem”
2824 1912 3142 1967 mandatum
3192 1929 3318 1969 cum
3377 1918 3645 1987 τειίίιυὶες

399 1989 666 2062 ἁπαντᾷν,
696 1992 962 2064 ἔπραττόν
1002 2013 1061 2048 τε
1090 1996 1227 2067 μετά
1256 1998 1366 2052 τῶν
1385 1998 1588 2054 λοιπῶν
1616 2004 1664 2057 οἱ
1697 2003 1886 2058 ἕνδεκα
1911 2007 1973 2060 τὸ

399 2081 704 2148 κελευσθὲν,
735 2086 829 2139 καὶ
859 2087 887 2138 ὀ
936 2087 1122 2153 καθείς
1161 2089 1338 2144 αὐτῶν
1392 2094 1765 2166 ἐπισυνήγετο,
1805 2098 1972 2168 μήπω

396 2175 504 2229 τῶν
536 2175 728 2230 ἕνδεκα
753 2177 1146 2251 ἡθροισμένων,
1167 2182 1280 2241 ἀλλ’
1302 2182 1381 2237 ἔτι
1418 2185 1738 2255 μελλόντων,
1766 2189 1827 2242 τὸ
1850 2190 1970 2262 τρί-

393 2285 484 2322 τον
512 2270 664 2338 παρὰ
693 2270 792 2341 τὴν
826 2270 1099 2325 θάλασσαν
1128 2274 1227 2345 τῆς
1259 2275 1568 2341 Γαλιλαίας,
1596 2278 1657 2331 οὐ
1686 2282 1797 2343 τοῖς
1822 2281 1969 2335 ἐνδε-

393 2374 468 2411 κα
513 2358 784 2426 φαίνεται,
820 2358 955 2413 ἀλλά
1010 2361 1191 2431 μόνοις
1243 2363 1382 2418 ἑπτὰ
1413 2366 1526 2430 τοῖς
1564 2367 1668 2421 ὑπὸ
1718 2369 1964 2425 Ἰωάννου

391 2449 780 2520 δεδηλωμένοις
799 2468 814 2483 ο
839 2444 984 2506 οῦτοι
1023 2454 1078 2507 δὲ
1115 2450 1255 2526 ἦσαν
1291 2456 1496 2529 Πέτρος
1522 2460 1615 2513 καὶ
1645 2459 1847 2533 Θωμᾶς
1870 2464 1964 2518 καὶ

394 2540 704 2613 Ναθαναὴλ,
731 2542 822 2596 δύο
851 2562 910 2597 τε
935 2546 983 2598 οἱ
1020 2548 1125 2601 υἱοὶ
1144 2547 1452 2614 Ζεϐεδαίου,
1478 2552 1571 2604 καὶ
1591 2552 1739 2606 ἄλλοι
1763 2557 1827 2608 ἐκ
1855 2555 1962 2608 τῶν

394 2634 647 2706 μαθητῶν
678 2636 843 2691 αὐτοῦ
871 2638 989 2693 δύο·
1010 2637 1168 2693 τοῦτο
1194 2640 1257 2712 δὴ
1287 2637 1379 2695 οὖν
1404 2643 1585 2715 τρίτον
1607 2644 1817 2711 τούτοις
1839 2648 1964 2719 ἀλη-

388 2724 496 2790 θῶς
516 2725 692 2799 ὤφθη,
710 2727 861 2783 οὔπω
887 2729 1079 2785 ἕνδεκα
1110 2736 1481 2805 συνηγμένων.
1498 2738 1698 2811 Διόπερ
1719 2740 1961 2812 ἀκριϐῶς

385 2818 487 2873 οὐκ
510 2821 813 2876 ἀποκλείων
841 2825 935 2877 καὶ⁵
962 2826 1089 2888 τοὺς
1120 2825 1339 2891 λοιποὺς
1368 2831 1397 2881 ὀ
1447 2831 1699 2902 Ἰωάννης
1728 2834 1830 2905 τῆς
1860 2836 1957 2890 τοῦ

383 2909 638 2981 Σωτῆρος
667 2914 949 2980 ὀπτασίας,
992 2917 1397 2990 ἐπεσημήνατο,
1433 2922 1568 2998 μετὰ
1596 2923 1693 2995 τὴν
1735 2924 1957 2998 πρώτην

382 3000 478 3053 καὶ
510 3000 768 3072 δευτέραν
794 3006 1077 3072 ὀπτασίαν,
1110 3009 1207 3079 τὴν
1237 2991 1790 3083 τρίτηνμόνοιςγτοίς-
1822 2991 1956 3070 κατ-

379 3094 787 3164 ωνομασμένοις
825 3098 1155 3168 πεποιῆσθαι
1198 3102 1359 3155 αὐτὸν
1405 3104 1498 3156 ἐπὶ
1534 3105 1630 3176 τῆς
1680 3106 1955 3179 θαλάσσης

379 3183 479 3255 τῆς
510 3185 817 3251 Γαλιλαίας.
844 3189 965 3243 Ὀὐκ
997 3191 1224 3256 ἀπεικὸς
1255 3193 1311 3245 δὲ
1355 3195 1492 3265 μετά
1519 3196 1692 3251 ταῦτα
1734 3201 1829 3253 καὶ
1867 3203 1954 3254 τέ-
1979 3223 2023 3282 ο

378 3291 574 3347 ταρτον
598 3278 692 3331 καὶ
721 3279 992 3350 πέμπτον,
1023 3283 1118 3336 καὶ
1150 3283 1336 3338 ἄλλοτε
1371 3288 1464 3341 καὶ
1496 3288 1750 3353 πολλάκις
1776 3284 1952 3360 ὦφθαι

379 3367 576 3420 αὐτόν·
626 3368 705 3422 διὸ
751 3371 871 3424 οὐδὲ
922 3376 1251 3445 περιγράφει
1294 3377 1323 3427 ὀ
1367 3378 1619 3452 Ἰωάννης
1651 3383 1830 3448 πάσας
1857 3386 1952 3440 τοῦ

377 3456 628 3528 Σωτῆρος
652 3459 751 3520 τὰς
775 3459 1021 3531 πράξεις’
1054 3463 1256 3533 προϊὼν
1281 3465 1336 3519 δὲ
1361 3467 1488 3540 ἑξῆς
1511 3487 1663 3540 φησι,
1684 3472 1792 3526 Καὶ
1818 3473 1952 3530 ἄλλα

377 3547 548 3602 πολλὰ
576 3550 873 3622 ἐποίησενό
907 3553 1112 3625 Ἰησοῦς
1131 3573 1144 3585 ·
1172 3558 1311 3627 μετά
1330 3558 1461 3627 γοῦν
1490 3561 1552 3614 τὸ
1586 3556 1765 3632 ὦφθαι
1789 3567 1950 3624 αὐτὸν

373 3639 532 3694 τοῦτο
574 3643 754 3711 τρίτον
785 3647 895 3708 τοῖς
940 3647 1250 3718 εἰρημένοις
1282 3650 1441 3716 ἑπτὰ,
1485 3634 1750 3728 τετάρτην
1781 3661 1949 3713 ὀπτα-

374 3731 497 3786 σίαν
523 3733 622 3787 οὐκ
656 3733 720 3787 ἂν
751 3736 1016 3809 ἁμάρτοις
1048 3738 1147 3811 τὴν
1176 3740 1326 3813 παρά
1356 3741 1432 3814 τῷ
1460 3745 1725 3819 Ματθαίῳ
1769 3752 1949 3821 φήσας

372 3817 531 3886 εἶναι,
560 3826 627 3897 ἣν
657 3828 715 3878 ὲν
741 3825 819 3897 τῷ
840 3828 955 3900 ὀρει
981 3833 1092 3894 τοῖς
1131 3831 1322 3888 ἕνδεκα
1362 3817 1946 3915 πεποιῆσθαιγωέκρα-

369 3914 461 3983 de.
509 3918 618 3971 Καὶ
668 3919 806 3989 μετά
842 3922 1063 3988 τούτους
1104 3927 1203 3980 οὐκ
1241 3926 1307 3981 ἂν
1346 3929 1606 4002 σφαλείης
1638 3934 1774 4005 ὀμοῦ
1805 3914 1946 3990 κατά

369 4009 565 4063 ταυτὸν
596 4013 955 4083 συνηγμένοις
998 4018 1112 4089 ἄμα
1144 4024 1256 4084 τοῖς
1287 4021 1480 4076 ἕνδεκα
1517 4025 1611 4079 καὶ
1648 4030 1760 4091 τοῖς
1792 4028 1943 4082 ἐϐδο-

373 4101 618 4172 μήκοντα
672 4104 831 4159 αὐτὸν
883 4102 1062 4175 ὦφθαι
1089 4109 1275 4164 εἰπών.
1312 4112 1371 4164 '0
1407 4113 1463 4166 δὲ
1495 4114 1707 4180 Παῦλος
1736 4120 1830 4172 καὶ
1862 4118 1942 4173 ἔτι

365 4193 571 4247 τούτων
593 4193 833 4250 πλείοσιν
861 4199 1132 4270 ἑωρᾶσθαι
1160 4202 1251 4255 τὸν
1268 4204 1498 4277 Σωτῆρα
1526 4206 1665 4276 μετὰ
1686 4209 1786 4281 τὴν
1815 4211 1942 4266 ἀνά-

369 4300 555 4338 στασιν
600 4287 820 4358 ίστορεῖ,
862 4289 1019 4344 τοῦτο
1052 4294 1182 4364 παρ’
1227 4293 1427 4366 ἑτέρων
1460 4296 1644 4366 μαθών
1664 4315 1676 4328 -
1711 4317 1729 4349 ι
1762 4300 1937 4373 Ὠφθη

364 4376 495 4448 γὰρ,
524 4379 677 4449 φησὶ,
701 4379 880 4452 Κεφᾷ,
913 4376 1033 4436 εἶτα
1064 4386 1175 4447 τοῖς
1205 4384 1410 4439 δώδεκα
1441 4386 1573 4457 (75),
1596 4388 1786 4443 ἔπειτα
1807 4408 1937 4444 πεν-

364 4468 654 4533 τακοσίοις,
697 4469 886 4527 ἔπειτα
940 4473 1199 4546 Ἰακώϐῳ,
1242 4475 1433 4531 ἔπειτα
1475 4481 1587 4542 τοῖς
1622 4480 1938 4546 ἀποστόλοις

2072 1995 2201 2052 dum
2246 1998 2448 2070 singuli
2479 2000 2834 2074 colliguntur,
2865 2004 3107 2060 nondum
3136 2006 3389 2062 undecim
3417 2024 3647 2082 congre-

2070 2090 2233 2160 gatis,
2271 2093 2365 2149 sed
2425 2093 2605 2150 adhuc
2654 2096 3024 2165 exSpectatis,
3082 2099 3245 2153 tertio
3295 2098 3454 2157 Jesus
3503 2103 3646 2174 apud

2070 2196 2222 2237 mare
2250 2181 2503 2245 Galilaeze.
2536 2185 2681 2241 haud
2730 2189 2947 2245 cunctis
2993 2189 3242 2245 undecim
3270 2231 3286 2256 ,
3324 2193 3417 2248 sed
3451 2193 3519 2249 iis
3557 2208 3645 2250 se-

2066 2281 2212 2343 ptem
2245 2266 2625 2333 tantummodo
2654 2281 2907 2350 apparuit
2945 2296 3086 2352 quos
3130 2280 3370 2340 Joannes
3404 2300 3643 2341 comme-

2066 2374 2244 2418 morat
2267 2384 2280 2420 :
2300 2364 2462 2433 hique
2490 2377 2647 2423 erant
2677 2367 2872 2426 Petrus
2904 2386 2968 2426 ac
2996 2370 3255 2440 Thomas,
3281 2383 3336 2430 et
3362 2373 3641 2431 Nathana-

2066 2456 2115 2511 el
2136 2496 2152 2522 ,
2205 2466 2259 2513 et
2286 2457 2383 2513 ﬁlii
2411 2460 2519 2514 duo
2554 2460 2822 2526 Zebedaai,
2855 2463 3056 2535 aliique
3084 2474 3347 2536 praeterea
3386 2467 3642 2539 discipuli

2065 2546 2195 2603 duo.
2243 2548 2428 2606 Tertio
2468 2551 2653 2622 itaque
2689 2552 2778 2609 his
2821 2570 3010 2609 revera
3058 2558 3347 2626 apparuit,
3393 2558 3635 2614 nondum

2066 2640 2319 2695 undecim
2373 2645 2735 2715 congregatis.
2802 2642 3145 2718 QuaprOpter
3205 2649 3351 2703 haud
3417 2653 3640 2705 omnino

2062 2734 2357 2790 excludens
2398 2735 2638 2807 reliquos
2683 2752 2714 2791 a
2765 2736 3067 2796 Servatoris
3099 2742 3310 2799 visione
3356 2740 3635 2807 Joannes,

2061 2835 2182 2895 post
2214 2828 2445 2896 primam
2488 2830 2824 2900 alteramque
2875 2832 3163 2898 visionem,
3197 2836 3416 2892 tertiam
3467 2836 3637 2890 adno-

2059 2918 2193 2970 tavit
2252 2919 2526 2988 praedictis
2582 2924 2960 2979 tantummodo
3007 2925 3246 2980 oblatam
3274 2925 3433 2996 juxta
3483 2943 3637 2983 mare

2058 3007 2310 3065 Galilreaa.
2333 3009 2588 3082 Nihilque
2610 3012 2793 3068 obstat
2815 3014 3107 3084 quominus
3137 3019 3414 3088 posthinc,
3441 3028 3636 3089 quarto

2056 3101 2217 3155 etiam
2239 3109 2294 3157 et
2313 3103 2524 3173 quinto,
2560 3111 2614 3160 et
2647 3106 2846 3176 saepius
2891 3114 3060 3163 semet
3090 3110 3442 3178 spectandum
3466 3111 3633 3167 dede-

2057 3194 2127 3245 rit
2152 3211 2165 3246 :
2192 3192 2422 3265 ideoque
2449 3194 2688 3252 Joannes
2712 3198 2864 3253 nullo
2890 3200 3125 3256 termino
3143 3199 3454 3257 Servatoris
3477 3213 3632 3259 actus

2058 3285 2457 3342 circumscribit
2488 3307 2500 3341 :
2532 3286 2641 3344 imo
2687 3304 2918 3361 pergens
2964 3308 3127 3363 porro
3156 3294 3232 3348 ait
3280 3294 3385 3348 alia
3416 3310 3633 3366 quoque

2054 3382 2221 3436 multa
2242 3381 2425 3439 Jesum
2463 3384 2679 3440 fecisse.
2712 3383 2846 3443 Post
2875 3388 3015 3442 hanc
3052 3404 3182 3460 ergo
3234 3391 3513 3461 praedictis
3542 3407 3629 3448 se-

2032 3481 2197 3545 ,ptem
2236 3477 2519 3547 discipulis
2540 3478 2755 3532 tertiam
2786 3482 3205 3550 apparitionem,
3242 3483 3388 3538 haud
3424 3498 3455 3538 a
3485 3485 3629 3540 verl-
3710 3520 3730 3541 .

2051 3574 2161 3622 tate
2185 3567 2409 3624 abludes
2437 3570 2485 3624 si
2515 3580 2763 3638 quartam
2808 3572 2960 3628 dicas
3000 3573 3145 3627 illam
3175 3589 3338 3642 quam
3367 3575 3622 3631 undecim

2049 3658 2106 3711 in
2155 3669 2339 3715 monte
2391 3660 2675 3731 prmbitam
2722 3657 3006 3719 Mattheus
3060 3665 3324 3734 scriptum
3379 3666 3620 3737 reliquit.

2047 3747 2179 3804 Post
2201 3750 2302 3807 hos
2325 3767 2472 3820 vero,
2491 3752 2697 3824 absque
2711 3769 2896 3810 errore
2916 3753 3208 3811 aﬁirmnbis
3232 3770 3263 3809 a
3278 3757 3491 3813 cunctis
3513 3774 3620 3812 una

2047 3841 2412 3910 congregatis,
2445 3842 2695 3897 undecim
2723 3843 2974 3899 videlicet
3010 3852 3065 3899 et
3095 3844 3219 3899 aliis
3278 3848 3619 3916 septuaginta

2044 3928 2230 3985 Jesum
2257 3930 2426 3989 fuisse
2456 3941 2827 4003 conspectum.
2858 3934 2973 3989 lmo
3000 3933 3203 3989 Paulus
3239 3949 3267 3988 a
3302 3937 3473 3990 multo
3495 3937 3620 4006 plu-

2044 4022 2198 4078 ribus
2227 4023 2404 4077 visum
2438 4022 2781 4080 Servatorem
2838 4034 2964 4097 post
2995 4025 3455 4081 resurrectionem
3488 4040 3615 4080 nar-

2043 4123 2162 4179 rat,
2211 4132 2375 4186 quam
2402 4133 2515 4173 rem
2562 4117 2631 4172 ab
2665 4118 2788 4175 aliis
2826 4117 3015 4173 auditu
3046 4127 3351 4189 acceperat.
3391 4135 3411 4168 ¢
3450 4117 3615 4174 Visus

2041 4216 2144 4272 est,
2175 4208 2374 4279 inquit,
2406 4209 2621 4279 Cephae,
2652 4211 2849 4266 deinde
2878 4210 3189 4274 duodecim,
3222 4219 3410 4281 postea
3459 4213 3616 4283 quin-

2041 4299 2239 4368 gentis,
2272 4308 2387 4355 tum
2417 4300 2643 4369 Jacobo,
2673 4303 2797 4358 exin
2843 4303 3104 4370 apostolis
3134 4305 3380 4365 cunctis,
3435 4306 3618 4361 novis-

2041 4387 2178 4444 sime
2219 4399 2398 4446 autem
2451 4379 2694 4447 omnium
2729 4392 2894 4446 etiam
2930 4392 3059 4447 mihi
3091 4392 3157 4447 ⁵³.
3200 4412 3220 4445 ι
3256 4392 3452 4464 Viden,
3482 4406 3615 4468 quot

2039 4477 2350 4538 hominibus
2383 4493 2439 4538 et
2467 4486 2680 4554 quoties
2707 4492 2829 4554 post
2859 4487 3316 4541 resurrectionem
3346 4501 3613 4557 apparue-

365 4557 550 4621 πᾶσιν,
570 4557 793 4628 ἔσχατον
816 4560 875 4614 δὲ
907 4563 1143 4624 πάντων,
1169 4566 1320 4637 φησὶ,
1359 4567 1540 4638 κάμοί.
1570 4587 1588 4619 ι
1621 4568 1781 4640 Ὀρᾷς
1813 4571 1939 4624 ὁσά-

2057 4571 2153 4626 rit?
2183 4571 2275 4629 Sic
2305 4574 2470 4629 etiam
2500 4576 2794 4632 latentibus
2821 4577 2967 4631 intra
3005 4575 3306 4633 Jerusalem
3332 4581 3609 4649 apparuit;

364 4664 452 4711 κις
479 4651 573 4702 καὶ
616 4650 762 4714 ὃσοις
792 4651 946 4724 ὤφθη
996 4655 1131 4725 μετὰ
1160 4657 1259 4729 τὴν
1291 4658 1623 4725 ἀνάστασιν;
1654 4656 1810 4715 Οὕτω
1841 4662 1936 4716 καὶ

359 4743 474 4803 τοῖς
514 4741 574 4794 ὲν
629 4741 982 4817 Ἰερουσαλὴμ
1030 4749 1424 4817 κρυπτομένοις
1469 4748 1660 4820 ὤφθη·
1702 4751 1799 4804 καὶ
1830 4751 1935 4823 πρὸ

362 4829 544 4884 αὐτῶν
592 4835 705 4897 τοῖς
747 4834 875 4906 περὶ
919 4835 1170 4889 Κλεόπαν
1199 4839 1452 4894 ἀπιοῦσιν
1482 4842 1575 4896 ἐπὶ
1620 4841 1928 4914 Ἐμμαοῦψ

361 4920 458 4974 καὶ⁵
481 4922 588 4993 πρό
612 4939 675 4991 γε
697 4925 932 4989 πάντων,
954 4925 1162 4997 ἀνδρῶν
1197 4928 1294 4998 μὲν
1321 4929 1546 5000 Σίμωνι,
1574 4933 1849 5000 γυναικῶν
1873 4932 1931 4986 δὲ

360 5015 427 5084 τῇ
466 5014 816 5087 Μαγδαληνῇ.
851 5017 1041 5071 Ἔνθεν
1080 5020 1110 5073 ὀ
1149 5020 1361 5084 Λουκᾶς
1393 5023 1452 5076 ἐν
1484 5025 1604 5086 ταῖς
1638 5023 1928 5094 Πράξεσιν,

360 5105 485 5160 ἐπεὶ
517 5106 772 5170 πολλάκις
792 5108 981 5162 ἑαυτὸν
1009 5110 1216 5165 ἐδείκνυ
1242 5115 1352 5176 τοῖς
1375 5112 1662 5184 μαθηταῖς,
1680 5118 1930 5187 ἐπιτηρεῖ

324 5250 327 5253 λ
358 5194 554 5265 λέγων,
571 5197 646 5260 ὡς
668 5196 776 5270 ἄρα
807 5197 873 5251 δι’
899 5199 1120 5271 ἡμερῶν
1139 5194 1541 5273 τεσσαράκοντα
1563 5204 1927 5275 ὀπτανόμενος

355 5289 538 5352 αὐτοῖς
569 5290 663 5343 καὶ
705 5290 1175 5363 συωυλιξόμενος,
1218 5294 1286 5348 τὰ
1335 5295 1463 5365 περὶ
1500 5295 1598 5365 τῆς
1650 5295 1926 5366 βασιλείας

2041 4671 2094 4718 et
2116 4672 2244 4719 ante
2279 4663 2382 4720 hos
2401 4666 2616 4735 Cleope
2646 4668 2904 4736 socioque
2926 4669 3302 4724 Emmauntem
3331 4672 3608 4738 euntibus;

2038 4764 2093 4809 et
2120 4755 2296 4824 primo
2318 4756 2557 4810 virorum
2579 4758 2795 4826 quidem
2817 4756 3393 4824 Simonipfeminarum
3425 4768 3603 4816 autem

2038 4847 2386 4919 Magdalenae.
2410 4846 2548 4903 Hinc
2575 4847 2754 4905 Lucas
2778 4850 2834 4903 in
2872 4850 3123 4915 Actibus,
3174 4849 3431 4919 quoniam
3463 4864 3608 4920 saepe

2037 4934 2197 4993 Jesus
2238 4952 2297 4992 se
2328 4937 2614 5008 discipulis
2641 4936 3107 5002 manifestaverat,
3134 4936 3477 4993 considerate
3518 4936 3605 4992 di-

2035 5029 2151 5083 cit:
2188 5047 2208 5078 ι
2245 5028 2349 5085 Per
2397 5030 2515 5085 dies
2562 5030 2919 5101 quadraginta
2969 5044 3239 5101 apparens
3301 5029 3383 5086 eis
3439 5044 3604 5102 atque

2033 5135 2385 5181 conversans.
2417 5124 2567 5194 regni
2610 5122 2703 5179 Dei
2761 5122 3101 5191 disciplinam
3137 5122 3424 5188 tradebat;
3479 5136 3603 5177 mo-

2033 5212 2258 5282 nuitque
2283 5222 2343 5268 ut
2371 5211 2671 5269 Jerusalem
2697 5220 2998 5282 pergerent,
3029 5213 3213 5283 ibique
3240 5212 3603 5284 pradicarent

2026 5300 2229 5360 Judzeis
2274 5313 2400 5360 ante
2431 5320 2623 5360 omnes
2661 5303 2998 5371 doctrinam;
3032 5319 3208 5374 neque
3241 5305 3377 5361 urbe
3406 5306 3601 5363 absce-

351 5381 448 5435 τοιῦ
482 5380 616 5437 Θεοῦ
648 5383 928 5455 παρεδίδου
959 5384 1280 5457 μαθήματα,
1295 5374 1529 5459 πᾰρῄνει
1556 5405 1617 5442 τε
1637 5391 1814 5461 ὀρμᾷν
1841 5393 1923 5455 είς

2061 5405 2235 5462 erent,
2268 5396 2364 5453 sed
2395 5403 2776 5466 exspectarent
2806 5396 3220 5467 promissionem
3243 5395 3446 5461 Patris.
3468 5413 3492 5450 ι
3528 5397 3597 5452 de

349 5475 449 5546 τὴν
466 5530 467 5533 η
484 5476 854 5549 Ἰερουσαλὴμ,
881 5478 1041 5531 κάκεῖ
1063 5478 1348 5549 κηρύττειν
1392 5480 1660 5545 Ἰουδαίοις
1686 5480 1921 5553 πρώτοις

2022 5499 2129 5556 qua
2163 5501 2264 5540 nos
2294 5487 2457 5556 paulo
2496 5493 2617 5554 post
2644 5485 2998 5540 disseremus.

346 5570 440 5623 τὸν
482 5570 666 5639 λόγον·
713 5570 847 5641 μηδὲ
892 5570 1152 5642 πρότερον
1204 5571 1502 5643 ἀναχωρεῖν
1541 5572 1641 5642 τῆς
1689 5572 1914 5641 πόλεως,
1957 5574 2092 5631 ἀλλά
2126 5580 2438 5651 περιμένειν
2474 5576 2572 5647 τὴν
2611 5574 2937 5644 ἐπαγγελίαν
2963 5575 3056 5629 τοῦ
3095 5576 3328 5651 Πατρὸς,
3360 5578 3490 5651 περὶ
3525 5572 3594 5652 ῆς

351 5662 546 5734 μικρὸν
573 5663 796 5737 ὕστερον
825 5662 1194 5735 διαληψόμεθα
1223 5663 1353 5735 (74).

425 5752 472 5783 ⁸⁸
509 5752 529 5805 l
564 5755 691 5809 Cor.
728 5772 818 5820 κν,
851 5752 966 5809 5-8.

418 5848 531 5915 (γε)
568 5850 700 5905 Cod.
738 5852 802 5906 Α.
838 5849 876 5903 r.
908 5850 1030 5904 sn.

414 5915 527 5989 (75)
568 5921 642 5973 ita
676 5922 796 5975 cod.

2089 5846 2201 5919 (Ἠ)
2238 5845 2442 5919 Nempe
2475 5844 2707 5902 inferius
2739 5863 2795 5901 n.
2836 5847 2891 5914 9,
2937 5849 3026 5913 l0,
3074 5848 3165 5904 ubi
3217 5845 3421 5907 Christi
3469 5862 3595 5906 scr-

2018 5917 2208 5973 menes
2239 5925 2294 5971 et
2320 5917 2460 5972 dona
2490 5924 2613 5972 ante
2644 5922 3036 5976 ascensionem.
