4106 6466
508 448 645 507 {007

1191 443 1281 501 EU
1291 439 1461 497 SEBll
1495 438 1969 496 CESARIENSIS
2008 435 2095 492 ΟΡ

2200 435 2380 490 PARS
2418 435 2509 492 lll.
2549 467 2618 477 —-
2656 435 3070 493 EXEGETICA.

3615 436 3757 497 1303

1333 734 1343 747 .
1436 804 2311 901 SUPPLEMENTA
2365 803 2884 898 MINORA.

1732 1122 1771 1158 Α

2110 1051 2180 1066 ἡ

1134 1206 1175 1263 l.
1205 1205 1291 1262 Ex
1322 1204 1584 1260 chronicis
1616 1201 1827 1257 ineditis
1863 1198 2073 1270 Georgii
2101 1195 2409 1251 Hamartoli
2435 1205 2485 1250 ct
2514 1192 2745 1249 Joannis
2783 1190 2954 1249 Siculi
2982 1191 3116 1266 (75).

568 1398 621 1455 1.
662 1392 933 1452 Eusebius
966 1391 1022 1446 in
1059 1404 1224 1461 opere
1249 1386 1318 1441 ad
1348 1384 1621 1439 Marinum
1654 1382 1734 1437 sic
1756 1380 1830 1434 ait
1858 1400 1871 1435 :
1908 1397 1929 1431 ι
1965 1378 2080 1432 Duo

2253 1372 2322 1428 α’.
2359 1371 2621 1437 Εὐσέϐιος
2655 1375 2714 1426 ὲν
2750 1374 2865 1435 τοῖς
2890 1370 3039 1440 πρὸς
3084 1369 3350 1441 Μαρῖνσν
3374 1371 3551 1425 τοιάδε
3586 1370 3755 1444 φησί·

498 1488 799 1545 constituta
820 1492 950 1541 sunt
976 1483 1032 1537 in
1073 1480 1279 1536 Christi
1307 1476 1549 1532 Ecclesia
1576 1472 1809 1527 vitarum
1838 1484 2071 1540 genera;

498 1594 668 1632 unum
698 1576 917 1647 quidem
966 1572 1248 1635 eximium,
1283 1576 1338 1624 et
1388 1578 1733 1622 communem
1791 1560 2073 1615 hominum

499 1666 953 1725 consuetudinem
976 1661 1266 1722 excedens,
1298 1654 1443 1728 quod
1472 1668 1652 1723 neque
1671 1650 1878 1721 nuptiis
1899 1662 2075 1717 neque

496 1760 686 1815 liberis
719 1771 941 1828 operam
966 1755 1083 1819 dat,
1114 1765 1289 1821 neque
1333 1762 1496 1819 opum
1534 1745 1735 1800 retinet
1768 1739 2075 1814 possessio-

497 1856 902 1920 nem,totoque,
935 1854 993 1901 ut
1018 1845 1094 1899 ita
1121 1843 1326 1908 dicam,
1355 1839 1496 1895 coelo
1515 1853 1544 1891 a
1574 1834 1852 1891 communi
1880 1841 1933 1889 et
1956 1831 2080 1886 vul-

497 1941 615 2014 gari
649 1941 990 1999 saecularium
1008 1935 1288 1992 hominum
1318 1947 1469 1988 more
1498 1928 1699 1993 differt,
1725 1937 1889 1998 atque
1916 1923 2076 1980 unice

497 2036 593 2094 Dei
624 2031 908 2090 famulatui
928 2035 1106 2093 vacat,
1124 2025 1324 2082 eximio
1350 2022 1654 2080 caelestium
1680 2033 1863 2075 rerum
1893 2030 2075 2071 amore

496 2128 811 2200 impulsum.
848 2123 1061 2193 Reapse
1108 2118 1202 2192 qui
1250 2117 1355 2172 hoc
1382 2116 1507 2171 vitae
1529 2128 1701 2185 genus
1753 2117 2033 2167 sectantur
2056 2148 2071 2173 ,

494 2221 642 2275 velut
689 2217 803 2288 jam
854 2215 1097 2279 mortui,
1156 2208 1539 2267 mortiﬁcatam
1575 2206 1741 2259 vitam
1771 2209 1827 2259 et
1859 2209 2074 2256 tantum

494 2326 726 2382 corpore
774 2306 1056 2380 praeditam
1088 2304 1144 2359 in
1177 2311 1322 2358 terra
1349 2296 1798 2356 circumferentes
1822 2334 1838 2359 ,
1877 2292 2074 2365 spiritu

495 2410 677 2458 autem
709 2401 823 2470 jam
855 2398 910 2453 in
931 2396 1132 2453 caelum
1164 2392 1458 2470 translato,
1482 2386 1860 2444 caelicolarum
1898 2384 2076 2470 instar

494 2465 764 2543 humanas
792 2499 882 2541 res
911 2487 1190 2555 spectant,
1227 2493 1352 2534 cum
1383 2465 1494 2532 sint
1531 2473 1633 2545 ipsi
1666 2486 1765 2543 pro
1795 2465 2074 2525 communi

495 2580 672 2635 salute
713 2577 827 2632 Deo
854 2571 1163 2631 consecrati
1190 2611 1205 2636 ,
1239 2584 1417 2641 neque
1449 2565 1693 2623 cruentis
1719 2562 1957 2619 victimis
1990 2559 2075 2614 vel

495 2668 807 2725 libamentis
837 2673 932 2721 aut
957 2662 1211 2735 adipibus
1236 2701 1251 2727 ,
1295 2660 1392 2716 sed
1423 2659 1593 2714 rectis
1624 2654 1907 2726 religionis
1930 2665 2075 2709 verte

494 2723 843 2831 dogmatibus
887 2723 1164 2827 animique
1193 2723 1384 2820 habitu
1417 2758 1471 2807 et
1498 2723 1760 2821 operibus
1784 2746 2074 2814 verbisque
2104 2723 2145 2778 Β

493 2855 661 2911 rectis
684 2851 957 2925 puriﬁcati
988 2873 1001 2907 ;
1033 2850 1235 2921 quibus
1259 2847 1424 2902 rebus
1453 2843 1624 2900 Deum
1653 2842 1755 2899 sibi
1783 2840 2075 2896 concilian-

493 2957 598 3012 tes,
624 2961 723 3018 pro
766 2959 826 3001 se
863 2950 917 2999 et
947 2939 1159 2998 caeteris
1194 2937 1502 2996 sacerdotio
1533 2935 1855 3006 funguntur.
1896 2932 2075 3001 Atque

495 3041 601 3095 hoc
644 3035 946 3109 perfectum
976 3032 1408 3106 primariumque
1446 3036 1532 3086 est
1570 3027 1899 3084 Christianae
1952 3024 2075 3079 vitae

499 3146 695 3203 genus.
732 3130 978 3183 Alterum
1034 3140 1199 3196 porro
1259 3123 1383 3179 vitae
1436 3136 1608 3193 genus
1657 3119 1901 3175 deterius
1951 3125 2071 3183 est,

503 3229 667 3293 atque
695 3220 934 3277 humana
966 3218 1260 3290 fragilitate
1311 3216 1569 3272 laborans
1595 3255 1611 3283 ,
1657 3213 1823 3284 idque
1850 3210 2073 3267 omnino

503 3329 627 3369 cum
655 3313 938 3382 superiore
970 3309 1277 3381 comparari
1303 3307 1531 3379 nequit:
1563 3304 1831 3377 siquidem
1874 3311 1928 3359 et
1957 3316 2076 3357 mo-

500 3403 674 3459 destis
698 3401 942 3474 indulget
974 3400 1183 3472 nuptiis
1229 3399 1640 3468 liberorumque
1677 3394 2070 3466 procreationi,

500 3498 556 3546 et
588 3490 663 3547 rei
702 3491 988 3548 familiaris
1025 3506 1148 3546 cum
1177 3489 1431 3560 aequitate
1459 3501 1648 3542 curam
1692 3485 1854 3557 gerit,
1885 3493 1940 3541 et
1970 3485 2075 3539 mi-

498 3584 685 3639 litibus
701 3580 876 3639 oﬂicia
896 3584 1147 3654 imperat,
1168 3589 1224 3637 et
1243 3580 1633 3652 agriculturam
1657 3618 1672 3644 ,
1699 3585 2069 3634 mercaturam

499 3692 565 3732 ac
584 3686 776 3733 caetera
805 3676 1023 3748 publica
1053 3675 1267 3747 negotia
1302 3688 1412 3731 non
1445 3676 1566 3729 sine
1597 3672 1796 3743 pietate
1833 3678 2068 3727 exercet.

498 3766 562 3822 Hi
578 3767 909 3839 caeteroquin
921 3767 1173 3823 homines
1192 3773 1341 3822 certa
1355 3762 1558 3821 habent
1573 3763 1813 3836 religiosi
1827 3763 2008 3820 cultus
2019 3771 2073 3818 et

493 3863 820 3919 eruditionis
853 3869 1131 3933 tempora,
1166 3869 1223 3917 et
1269 3860 1579 3915 divinorum
1614 3858 1953 3929 eloquiorum
1984 3872 2075 3911 au-

495 3954 689 4010 ditioni
730 3960 929 4010 vacant
965 3972 980 4009 :
1017 3961 1180 4024 atque
1234 3951 1321 4008 his
1362 3951 1638 4008 secundus
1667 3950 1965 4005 attributus
1988 3956 2072 4004 est

2183 1488 2202 1520 ι
2234 1468 2346 1521 Καὶ
2376 1467 2485 1538 γὰρ
2510 1468 2543 1538 ἡ
2576 1465 2669 1519 τοῦ
2698 1466 2935 1539 Χριστοῦ
2973 1463 3266 1536 Ἐκκλησία
3296 1464 3389 1518 δύο
3425 1463 3571 1534 βίους
3599 1482 3759 1537 νομο-

2176 1561 2322 1615 θετεῖ
2356 1561 2450 1613 καὶ⁵
2491 1558 2752 1632 τρόπουςο
2779 1558 2870 1614 τὸν
2900 1558 2996 1630 μὲν
3027 1555 3282 1628 ὑπερφυῆ
3320 1557 3415 1611 καὶ
3443 1557 3542 1628 τῆς
3572 1557 3757 1629 κοινῆς

2175 1652 2521 1725 ἀνθρωπίνης
2552 1651 2826 1715 πολιτείας
2874 1650 3153 1713 ἐπέκεινα,
3186 1649 3247 1702 οὐ
3276 1649 3506 1720 γάμους,
3535 1650 3595 1702 οὐ
3629 1666 3757 1703 παι-

2173 1746 2435 1810 δοποιίας,
2460 1745 2522 1798 οὑ
2548 1744 2865 1818 περιουσίας
2893 1741 3123 1815 ὕπαρξιν
3151 1741 3606 1815 παραδεχόμενον,
3641 1741 3755 1795 ἀλλ’

2174 1839 2292 1893 ὅλον
2319 1840 2384 1893 δι’
2412 1837 2530 1891 ὅλου
2559 1837 2659 1908 τῆς
2686 1838 2869 1909 κοινῆς
2912 1837 3006 1891 καὶ
3050 1835 3312 1908 συνήθους
3348 1834 3455 1888 τῶν
3487 1834 3757 1905 βιωτικῶν

2175 1928 2476 2001 ἀνθρώπων
2526 1930 2749 2000 ἀγωγῆς
2792 1927 3244 2000 παρηλλαγμένον
3286 1928 3380 1981 καὶ
3416 1926 3553 1999 μόνῃ
3574 1928 3640 1997 τῇ
3660 1925 3756 1980 τοῦ

2175 2021 2311 2077 Θεοῦ
2333 2023 2599 2095 θεραπείᾳ
2621 2022 3127 2094 προσῳκειωμένον,
3151 2020 3272 2075 καθ’
3300 2020 3604 2093 ὑπερϐολὴν
3623 2021 3755 2093 ἔρω-

2174 2133 2265 2179 τος
2287 2116 2559 2187 οὐρανίου.
2584 2116 2648 2168 Oi
2690 2115 2798 2189 γὰρ
2824 2115 2973 2169 τόνδε
3012 2114 3284 2186 μετιόντες
3312 2113 3402 2166 τὸν
3431 2113 3633 2183 τρόπον
3669 2130 3755 2167 τε⁹

2177 2207 2363 2262 θνάναι
2410 2206 2730 2272 δοκοῦντες,
2763 2207 2853 2260 τὸν
2897 2206 3088 2278 θνητὸν
3143 2206 3255 2277 βίον
3302 2207 3397 2262 καὶ
3436 2207 3566 2260 αὐτὸ
3602 2207 3759 2277 μόνον

2173 2297 2235 2351 τὸ
2283 2298 2440 2370 σῶμα
2496 2297 2881 2370 περιφέροντες
2912 2299 3006 2352 ἐπὶ
3043 2299 3166 2370 γῆς,
3202 2299 3511 2371 φρονήματι
3563 2299 3620 2352 δὲ
3657 2299 3758 2368 τὴν

2174 2391 2350 2462 ψυχὴν
2378 2393 2457 2454 είς
2493 2392 2757 2463 οὐρανοὺς
2792 2392 3264 2464 μετενηνεγμένοι,
3297 2387 3389 2445 οἷά
3423 2408 3568 2455 τινες
3596 2391 3753 2464 οὐράο

2174 2502 2297 2550 νιοι,
2350 2483 2441 2537 τὸν
2492 2482 2602 2537 τῶν
2656 2482 2959 2556 ἀνθρώπων
3014 2484 3257 2557 ἐφορῶσι
3302 2484 3437 2555 βίον,
3472 2485 3614 2555 ὑπὲρ
3663 2485 3759 2540 τοῦ

2177 2577 2377 2640 παντὸς
2408 2575 2594 2646 γένους
2626 2577 2990 2648 ἀφιερωμένοι
3051 2576 3128 2648 τῷ
3192 2576 3286 2630 ἐπὶ
3335 2578 3552 2631 πάντων
3603 2575 3753 2648 Θεῷ·

2176 2670 2237 2722 οὐ
2267 2668 2577 2739 βουθυσίαις
2604 2668 2698 2722 καὶ
2724 2668 2969 2739 αἴμασιν,
2988 2669 3108 2722 οὐδὲ
3138 2670 3389 2734 σπονδαῖς
3410 2670 3505 2723 καὶ
3526 2669 3757 2733 κνίσαις,

2174 2757 2311 2811 ἀλλὰ
2339 2758 2605 2830 δόγμασιν
2648 2759 2830 2831 ὀρθοῖς
2875 2758 3107 2830 ἀληθοῦς
3137 2761 3419 2825 εὐσεϐείας
3456 2762 3562 2815 καὶ.
3581 2760 3759 2832 ψυχῆς

2172 2850 2411 2904 διαθέσει
2443 2851 2882 2923 κεκαθαρμένης,
2904 2852 2995 2906 καὶ
3020 2853 3245 2925 προσέτι
3276 2857 3388 2917 τοῖς
3413 2855 3532 2908 κατ’
3557 2854 3759 2926 ἀρετὴν

2173 2938 2352 3011 ἔργοις
2379 2950 2439 2993 τε
2466 2941 2559 2994 καὶ
2590 2940 2769 3009 λόγοις
2787 2956 2800 2969 ·
2834 2936 2916 3005 οἷς
2941 2942 3002 2995 τὸ
3031 2942 3186 2997 Θεῖον
3235 2943 3615 3015 ὲξιλεούμενοι,
3660 2942 3762 3016 τὴν

2175 3031 2311 3104 ὑπὲρ
2350 3031 2529 3085 αὐτῶν
2581 3032 2677 3085 καὶ
2708 3031 2817 3085 τῶν
2848 3032 3124 3104 ὁμογενῶν
3152 3035 3505 3090 ἀποτελοῦσιν
3548 3024 3762 3107 ἱερουρ-

2173 3122 2317 3191 γίαν⁶
2363 3123 2455 3175 καὶ
2484 3122 2513 3174 ὀ
2549 3121 2647 3193 μὲν
2675 3122 2889 3195 ἐντελὴς
2922 3125 3015 3177 καὶ
3066 3124 3278 3199 πρῶτος
3304 3125 3404 3195 τῆς
3436 3124 3580 3179 κατὰ
3613 3126 3753 3197 Χρι-

2174 3212 2489 3282 στιανισμὺν
2529 3210 2802 3275 πολιτείας
2835 3211 3053 3284 τρόπος,
3080 3204 3280 3266 τοιόσδε
3303 3212 3658 3283 καθέστηκεν.
3697 3212 3757 3266 ’0

2171 3304 2228 3357 δὲ
2262 3303 2514 3375 δεύτερος
2574 3303 2668 3356 καὶ
2724 3302 3099 3374 ὑποὸεὗηκὼς,
3126 3303 3627 3377 ἀνθρωπινώτερος,
3660 3306 3757 3357 καί

2172 3392 2250 3465 τῷ
2281 3393 2484 3466 πρώτῳ
2523 3392 2642 3447 λίαν
2668 3393 3028 3467 ἀσύγκριτος·
3060 3393 3118 3458 ὃς
3164 3395 3258 3449 καὶ
3289 3395 3487 3466 γάμοις
3519 3411 3759 3464 συγκατ-

2174 3488 2313 3542 ιέναι
2368 3487 2609 3561 σώφροσι
2646 3490 2740 3543 καὶ
2790 3489 3172 3556 παιδοποιίαις,
3208 3490 3517 3561 οἰκονομίας
3558 3508 3620 3544 τε
3657 3490 3758 3561 τῆς

2173 3583 2315 3637 κατὰ
2340 3583 2402 3637 τὸ
2431 3583 2639 3637 δίκαιον
2698 3582 3096 3655 ἐπιμελεῖσθαι,
3134 3586 3226 3638 καὶ
3274 3584 3755 3655 στρατευομένους,

2173 3675 2266 3727 καὶ
2283 3673 2352 3729 τὰ
2376 3674 2625 3744 πρακτέα
2651 3676 3023 3743 ὑποτίθεσθαι,
3045 3677 3229 3751 ἀγρῶν
3250 3694 3311 3730 τε
3351 3678 3447 3731 καὶ
3465 3676 3754 3748 ἐμπορίας,

2172 3766 2265 3821 καὶ
2295 3766 2394 3837 τῆς
2422 3765 2588 3839 ἄλλης
2615 3767 3037 3842 πολιτικωτέρας
3067 3770 3313 3841 ἀγωγῆς,
3347 3768 3486 3841 μετὰ
3515 3768 3611 3823 τοῦ
3635 3768 3752 3822 θεο-

2174 3857 2366 3921 σεϐοῦς
2400 3859 2723 3928 φροντίζειν.
2768 3859 2863 3926 Οἷς
2898 3863 2993 3916 καὶ
3023 3863 3309 3933 ἀσκήσεων
3340 3861 3544 3933 καιροὶ,
3578 3860 3755 3932 μαθη-

2173 3951 2323 4015 τείας
2357 3969 2418 4005 τε
2472 3953 2566 4007 καὶ
2614 3952 2722 4007 τῶν
2754 3953 2913 4008 θείων
2956 3955 3151 4025 λογίων
3201 3954 3514 4026 ἀκροάσεως
3553 3954 3755 4026 ἡμέραι

494 4047 713 4118 pietatis
740 4047 967 4118 gradus,
993 4046 1089 4118 qui
1111 4058 1412 4117 congruam
1463 4042 1594 4099 huic
1630 4042 1756 4099 vitae
1778 4042 2070 4097 utilitatem

2176 4043 2586 4116 ἀφωρίσθησαν,
2647 4046 2742 4099 καὶ
2792 4046 3044 4121 δεύτερος
3104 4047 3388 4112 εὐσεϐείας
3439 4043 3753 4119 ἀπενεμήθη

496 4138 720 4209 praebet.
758 4157 778 4191 ι

2177 4133 2403 4206 βαθμδς,
2449 4137 2783 4211 κατάλληλον
2820 4139 2897 4212 τῷ
2947 4140 3134 4212 τοιῷδε
3189 4141 3290 4213 βίῳ
3355 4140 3607 4214 παρέχων
3653 4139 3757 4212 τὴν

2175 4227 2442 4297 ὠφέλειαν
2475 4228 2609 4302 (76).
2645 4251 2664 4283 ο

490 4378 558 4437 ιι.
594 4380 680 4435 Ex
707 4379 889 4438 Grtcco
921 4383 1201 4440 scholiastc
1224 4384 1293 4439 ad
1324 4360 1588 4440 Marcum.
1599 4382 1739 4454 apud
1766 4381 1915 4440 Rich.
1936 4381 2233 4509 Simonitam
2259 4386 2315 4439 in
2348 4383 2590 4441 Historia
2620 4387 2814 4443 critica
2842 4389 3200 4461 interpretum
3223 4385 3360 4442 Novi
3388 4385 3749 4445 Testamenti’

2005 4470 2122 4509 can.
2198 4494 2214 4509 .

2005 4470 2122 4525 cap.
2159 4470 2214 4509 υ.

561 4637 616 4690 2.
653 4633 1040 4706 Propheticum
1101 4634 1308 4691 dictum
1346 4636 1451 4693 hoc
1504 4634 1784 4692 Malachite
1810 4645 1917 4702 est,
1953 4650 2064 4692 non

490 4725 662 4783 Isaiae.
693 4726 947 4782 Mendum
980 4741 1111 4798 ergo
1162 4727 1374 4783 librarii
1403 4737 1508 4797 est,
1557 4736 1616 4784 ut
1660 4729 1738 4783 ait
1794 4726 2066 4785 Eusebius

490 4818 846 4875 Casariensis
894 4818 951 4873 in
1000 4818 1140 4875 libro
1155 4819 1239 4873 Ad
1284 4817 1561 4876 Marinum
1587 4821 1655 4894 de
1683 4830 1982 4894 apparente
2008 4821 2064 4875 in

492 4909 798 4982 Evangeliis
824 4908 1163 4966 dissonantia
1192 4910 1340 4966 circa
1368 4887 1851 4970 resurrectionem.

2249 4632 2313 4704 β’.
2358 4632 2528 4689 Τοῦτο
2569 4636 2629 4689 τὸ
2680 4640 3014 4713 προφητικὸν
3067 4640 3229 4712 ῥητὸν
3271 4642 3551 4713 Μαλαχίου
3580 4645 3747 4713 ἐστὶν,

2173 4724 2271 4796 οὐχ
2316 4726 2534 4782 Ἡσαΐου
2563 4729 2693 4802 (77)’
2723 4733 2978 4805 γραφέως
3018 4734 3196 4788 τοίνυν
3247 4735 3363 4789 ἐστὶ
3405 4736 3648 4809 σφάλμα,
3674 4739 3750 4806 ῶς

2175 4831 2340 4886 φησιν
2380 4815 2638 4883 Εὐσέϐιος
2669 4819 2697 4872 ὁ
2728 4821 3067 4893 Καισαρείας
3097 4823 3154 4878 ὲν
3187 4821 3267 4893 τῷ
3295 4822 3453 4892 Πρὸς
3482 4826 3750 4896 Μαρῖνον

2171 4909 2302 4980 περὶ
2327 4908 2427 4981 τῆς
2449 4908 2710 4984 δοκούσης
2741 4913 2801 4968 ἐν
2820 4915 2934 4979 τοῖς
2963 4912 3311 4985 Εὐαγγελίοις
3340 4917 3467 4989 περὶ
3492 4918 3594 4991 τῆς
3618 4922 3747 4976 ἁνα-

2174 5002 2416 5069 στάσεως
2444 5005 2754 5077 διαφωνίας.

548 5218 669 5302 ,(75)
710 5218 1011 5309 Perpetuus
1040 5222 1341 5308 admirator
1368 5220 1589 5279 Eusebii
1617 5221 1886 5307 Georgius
1908 5232 2059 5282 certe
2090 5232 2134 5289 D
2164 5245 2248 5295 tu.
2278 5240 2333 5288 et
2375 5233 2544 5292 Marc.
2592 5250 2635 5298 ι,
2682 5234 2884 5293 Parata
2927 5239 3066 5292 viam
3109 5237 3348 5303 Domini,
3381 5249 3550 5294 rectas
3581 5238 3737 5306 facite

485 5287 618 5342 fuit:
654 5307 776 5342 nam
827 5301 882 5342 et
929 5311 1051 5342 eius
1090 5292 1388 5342 Chromaon
1433 5309 1541 5342 non
1591 5295 1760 5342 semel
1803 5303 1956 5342 mtat-
2006 5306 2063 5342 at
2166 5305 2382 5342 unum
2412 5306 2526 5342 at...
2584 5306 2878 5342 unum..."
2910 5324 3041 5342 “ann
3062 5317 3310 5342 πηοί-...η
3339 5311 3529 5342 ιιυτρςιηη³
3558 5325 3614 5342 ιη.
3642 5310 3736 5342 δι

510 5292 888 5382 ἓῗὲείὲἐὶδωηέι.
929 5292 1410 5382 είυδ.ξ²ί²νίέ¹ἒίίὶῗ².⁷ἒ.
1430 5309 1541 5382 Ϊι-(ἒῐτ
1584 5292 1977 5382 ie‘f‘el'ﬁ‘ﬁ‘s
2006 5306 2063 5382 et
2165 5292 2549 5382 trinitatem-
2583 5292 2878 5382 Eusebium
2910 5324 3041 5365 vero
3060 5292 3614 5382 nosttuntiesissssé
3642 5292 3737 5364 de;

482 5363 849 5442 quidemcum
875 5363 1079 5442 insigni
1105 5365 1264 5442 laude
1291 5365 1556 5442 auctoris,
1579 5381 1631 5419 ν.
1656 5380 1763 5442 g_r.,
1789 5365 1911 5442 cod.
1935 5366 2056 5421 Vat.

482 5499 740 5577 Εὐσέϐιος
760 5503 1208 5577 διᾳκριὸεστάτην
1227 5503 1336 5577 τῶν
1367 5499 1571 5576 χρόνων
1591 5507 1913 5577 ἀναγραφὴν
1942 5499 2061 5561 ποιὲ

483 5572 793 5650 ησάμενος.-
820 5572 951 5630 Item
985 5597 997 5630 ε
1031 5576 1060 5628 ὁ
1091 5572 1426 5647 πολυμαθής,
1458 5583 1591 5646 etc.,
1619 5579 1678 5631 ὲν
1710 5572 2057 5647 τοίςΧρονι-

482 5646 611 5705 κοῖς
642 5646 878 5698 κανόσι.

408 5770 415 5775 ο
491 5781 530 5797 ﬁ
705 5711 1301 5797 Haltentnfragmentum
1322 5715 1677 5797 hocbrevius
1693 5715 1893 5797 _Suidas
1929 5733 2052 5779 voc.

484 5781 791 5857 Ειξςέϐιρς.
826 5792 881 5839 et
912 5781 1193 5845 Cedrenus
1211 5788 1298 5845 ed.
1327 5786 1505 5844 Paris.
1536 5803 1590 5857 p.
1612 5788 1738 5844 20-1.

549 5849 665 5918 I77)
709 5850 900 5911 Sermo
929 5864 1013 5912 est
1056 5857 1123 5913 de
1166 5859 1486 5930 prophetico
1530 5849 1650 5916 loco
1681 5860 1823 5932 apud
1851 5858 2044 5916 Matth.

485 5373 700 5442 quidem
726 5380 849 5418 cum
875 5373 1079 5436 insigni
1105 5373 1264 5421 laude
1291 5373 1556 5429 auctoris,
1579 5381 1631 5419 ν.
1656 5380 1763 5434 gr.,
1789 5373 1911 5420 cod.
1936 5373 2056 5421 Vat.

485 5432 522 5483 Ι.
560 5432 646 5491 19,
692 5433 762 5486 40
805 5435 859 5491 1).
893 5435 1105 5491 1241ιε
1152 5435 1211 5488 '0
1247 5434 1564 5491 πολυμαθὴς
1612 5435 1708 5489 καὶ
1754 5436 2061 5491 πολυῖστωο

2172 5374 2337 5429 clarat
2360 5373 2728 5491 Hierowmus
2752 5380 2809 5433 in
2831 5378 3038 5434 Comm.
3068 5382 3137 5433 ad
3164 5379 3361 5438 Matth.
3386 5373 3413 5433 ἷ
3435 5379 3564 5437 Cum
3592 5380 3740 5434 testi-

2172 5448 2399 5491 manium
2428 5446 2492 5491 de
2585 5448 2795 5491 nlnnln'n
2837 5448 3082 5491 lsm'nmm
3115 5460 3411 5491 rnnfprlum
3441 5453 3503 5491 ιῑι
3549 5452 3740 5491 ηίιηινὸι

633 5474 646 5493 ,
692 5446 762 5486 4υ
805 5446 859 5499 ι),
893 5446 996 5491 124
1026 5446 1105 5489 b:
1154 5446 1211 5488 ὐ
1247 5446 1564 5507 πολυμαθὴς
1612 5446 1708 5489 καὶ
1754 5446 2061 5510 πολυῖστωρ

633 5502 740 5566 Βιος
760 5503 1208 5588 διακριϐωτάτην
1227 5503 1336 5588 τῶν
1353 5505 1571 5588 ¹χρόνων
1591 5507 1913 5588 ἀναγραφὴν
1942 5522 2061 5561 ποι-

2172 5448 2399 5499 monium
2428 5446 2492 5502 de
2523 5446 2795 5503 Malae/tia
2831 5448 3082 5520 Isaiaque
3114 5460 3413 5506 contextum
3436 5453 3525 5518 sit,
3549 5452 3740 5519 qua'rit

2172 5514 2489 5587 Porphyrius
2529 5519 2788 5588 quomodo
2828 5521 2967 5575 velut
3007 5521 3072 5574 ab
3109 5537 3213 5575 uno
3255 5521 3407 5577 Isaia
3446 5522 3740 5588 exctnplum

2160 5594 2403 5667 putemus
2455 5593 2839 5667 assumptume
2873 5590 2975 5646 Cui
3010 5591 3354 5647 ecclesiastici
3396 5595 3509 5667 uiri
3542 5592 3742 5662 plenis-

2157 5658 2290 5710 sime
2334 5658 2730 5733 responderuttt.
2781 5660 2895 5717 Nos
2944 5671 3122 5733 autem
3166 5677 3350 5733 agmen
3396 5658 3562 5719 Isaia:
3587 5672 3746 5733 puta-

2162 5742 2279 5781 mus
2319 5727 2582 5806 addimur
2602 5734 2920 5801 scriptorum
2963 5730 3433 5806 oitio.___Eamdem
3485 5727 3747 5806 quaestio-

2159 5811 2287 5878 nem
2313 5811 2494 5856 versat
2522 5800 2885 5878 Hieronymus
2914 5804 3077 5873 epist.
3104 5801 3195 5869 57,
3226 5802 3278 5858 9.

2585 5448 2795 5520 alacltia
2831 5448 3082 5520 Isaiaque
3114 5460 3413 5506 contextum
3436 5453 3525 5518 sit,
3549 5452 3741 5519 qua'rit
