4106 6424
390 363 529 422 1009

1276 362 1777 418 SUPPLEMENTA
1810 362 2285 430 QUESTIONUM
2318 361 2410 418 AD
2449 361 2789 422 MARINUM.

3493 367 3632 428 1010

740 504 827 561 ΠΙ.
864 504 946 561 Ex
971 504 1185 560 Ροεδὲιή
1212 504 1415 560 Catena
1441 503 1498 558 in
1528 502 1796 573 Marcum,
1822 524 1875 577 p.
1899 508 2023 574 545,
2043 507 2132 563 ubi
2151 508 2214 563 de
2243 509 2492 579 Cyrenen
2523 522 2728 571 crucem
2750 504 2964 561 Domini
2985 504 3272 578 bajulante.

452 652 523 718 γ’.
564 643 639 700 Οὐ
672 644 780 716 γὰρ
808 640 875 715 ἦν
907 641 1053 707 άξιός
1085 658 1168 705 τις
1194 642 1250 693 ὲν
1271 643 1337 712 τῇ
1373 630 1523 695 πόλει
1565 641 1850 708 Ἰουδαίων,
1881 642 1937 706 ὥς

2131 645 2184 699 5.
2206 625 2392 714 Neque
2417 647 2559 700 enim
2589 642 2900 699 Iudaeorum
2933 644 3220 715 quisquam
3274 644 3330 698 in
3385 645 3519 702 urbe
3544 647 3630 703 di-

385 753 548 811 φησιν
572 733 828 797 Εὐσέὸιος
861 731 1137 801 κεφαλαίῳ
1164 737 1230 799 ιγ’
1263 730 1373 801 (78)
1396 731 1548 799 Πρὸς
1573 729 1858 799 Μαρῒνον,
1886 732 1948 785 τὸ

387 830 531 886 κατὰ
556 827 651 883 τοῦ
675 825 916 881 διαϐόλου
949 826 1225 898 τρόπαιον,
1242 825 1335 877 τὸν
1372 824 1603 895 σταυρὸν
1643 824 1945 895 βαστάσαι·

381 923 495 975 ἀλλ’
527 925 555 976 6
593 919 652 987 ἐξ
697 919 890 990 ἀγροῦ,
929 918 987 981 ὃς
1031 919 1193 989 μηδὲν
1223 916 1676 990 ὲπικεκοινώψηκε
1708 922 1777 990 τῇ
1811 918 1952 973 κατὰ

381 1012 615 1086 Χριστοῦ
650 1010 932 1084 μιαιφονίᾳ
962 1009 1097 1081 (79).

2047 751 2186 806 gnus
2208 745 2347 801 erat,
2376 742 2435 788 ut
2466 735 2542 790 ait
2588 733 2856 791 Eusebius
2889 737 3067 806 capite
3118 736 3187 790 15
3215 732 3284 788 ad
3323 734 3620 803 Marinum,

2048 829 2143 897 qui
2172 828 2471 897 trophaeum
2529 828 2596 882 de
2643 827 2876 887 diabolo.
2909 841 3127 883 crucem
3178 828 3406 894 scilicet,
3440 828 3622 886 ferret.

2053 919 2232 985 Quare
2253 919 2498 973 delectus
2530 919 2619 974 ille
2656 926 2741 974 est
2772 920 2865 989 qui
2891 935 2958 974 ex
2986 935 3116 991 agro
3148 920 3419 990 veniebat,
3448 937 3625 994 neque

2057 1009 2170 1064 ullo
2199 1008 2360 1064 modo
2396 1009 2452 1062 in
2482 1006 2686 1063 Christi
2715 1025 2904 1065 necem
2928 1010 3364 1082 conspiraverat.

1263 1145 1349 1201 IV.
1386 1145 1467 1201 Ex
1500 1146 1741 1204 Corderii
1770 1147 1977 1204 Catena
1999 1148 2055 1202 in
2079 1144 2368 1212 Joannem,
2395 1161 2515 1217 pag.
2538 1144 2666 1201 436.

448 1286 512 1340 6”.
550 1284 807 1348 Εὐσέϐιος
836 1286 865 1339 ό
907 1285 1236 1354 Καισαρεὺς,
1284 1286 1313 1337 6
1358 1283 1642 1354 Παμφίλου
1687 1301 1957 1355 προσαγο-

384 1376 689 1450 ρευόμενος,
716 1379 773 1429 ὲν
798 1375 926 1441 ταῖς
943 1375 1092 1444 πρὸς
1115 1374 1378 1443 Μαρῖνον
1393 1376 1485 1427 ἐπὶ
1506 1375 1601 1427 τοῦ
1633 1374 1744 1445 (80)
1771 1377 1957 1446 Σωτη-

381 1469 497 1536 ρίου
530 1465 641 1538 (81)
673 1464 875 1529 πάθους
895 1465 988 1518 καὶ
1016 1466 1115 1536 τῆς
1148 1465 1494 1528 ἀναστάσεως
1526 1465 1829 1534 Ζητήσεσι
1859 1468 1954 1521 καὶ

378 1556 674 1636 ὲπιλύσεσι,
701 1558 793 1610 καί
828 1556 998 1615 ταῦτα
1027 1556 1332 1629 προῦθηκεν
1358 1559 1436 1621 εἰς
1476 1556 1739 1623 ἐξέτασιν,
1762 1558 1823 1612 τὸ
1860 1559 1954 1615 τὸν

380 1648 480 1721 μὲν
526 1649 667 1704 θεῖον
713 1649 1104 1721 εὐαγγελιστὴν
1150 1650 1377 1722 Μάρκον
1429 1652 1602 1705 εἰπεῖν
1632 1650 1778 1723 ὤραν
1811 1648 1952 1707 εἶναι

372 1742 563 1816 τρίτην
587 1741 709 1797 καθ’
739 1742 804 1813 ἢν
824 1740 1142 1813 ἐσταυρώθη
1170 1743 1401 1814 Χριστὸς
1426 1743 1455 1795 6
1483 1742 1614 1807 Θεὸς
1642 1744 1735 1796 καὶ
1760 1743 1950 1816 Σωτὴρ

372 1834 529 1905 ἡμῶν
552 1850 567 1865 °
621 1834 713 1887 τὸν
761 1833 818 1887 δὲ
866 1830 1316 1901 θεολογικώτατον
1356 1832 1607 1904 Ἰωάννην
1658 1833 1798 1887 κατὰ
1849 1834 1950 1904 τὴν

372 1927 538 1997 ἕκτην
565 1925 714 1997 ὥραν
749 1924 859 1996 (82)
888 1925 1094 1996 γράψαι
1135 1924 1573 1995 προκαθεσθῆναι
1602 1926 1693 1979 τὸν
1717 1925 1947 1980 Πιλᾶτον

371 2018 466 2071 ἐπὶ
491 2016 587 2071 τοῦ
620 2016 860 2089 βήματος
895 2019 951 2070 ὲν
994 2016 1071 2087 τῷ
1098 2016 1441 2088 λιθοστρώτῳ
1479 2017 1557 2088 τῷ
1602 2017 1940 2089 καλουμένῳ,

370 2110 463 2165 καὶ
483 2110 794 2181 ἀνακρίνειν
825 2108 916 2162 τὸν
959 2107 1165 2181 Ἰησοῦν
1184 2126 1198 2139 ο
1226 2108 1319 2163 καί
1349 2126 1481 2180 φησι
1509 2109 1778 2180 γραφικὸν
1805 2107 1942 2163 εἶναι

366 2200 524 2257 τοῦτο
563 2201 804 2272 σφάλμα,
842 2201 1151 2273 παροραθὲν
1183 2201 1335 2273 παρὰ
1361 2201 1470 2255 τῶν
1507 2201 1565 2269 ἐξ
1608 2202 1779 2274 ἀρχῆς
1809 2203 1945 2256 ἀπο-

366 2291 731 2367 γραψαμένων
758 2290 829 2345 τά
853 2292 1176 2362 Εὐαγγέλια·
1200 2291 1294 2346 τοῦ
1325 2291 1422 2364 μὲν
1444 2292 1550 2364 γὰρ
1574 2292 1771 2363 γάμμα
1796 2309 1941 2345 στοι-

364 2384 510 2457 χείου
541 2384 639 2456 τὴν
663 2383 853 2456 τρίτην
881 2381 1030 2454 ὥραν
1062 2383 1436 2454 σημαίνοντος,
1462 2382 1556 2436 τοῦ
1584 2383 1640 2436 δὲ
1669 2385 1943 2454 ἐπισήμου

362 2475 462 2548 τὴν
497 2476 682 2548 ἕκτην,
715 2475 808 2529 καὶ
858 2475 1056 2546 πολλὴν
1094 2473 1388 2547 ἐμφέρειαν
1422 2475 1651 2545 ἐχόντων
1686 2474 1822 2545 πρὸς
1854 2474 1943 2528 ἀλ-

363 2567 555 2638 λήλους
592 2565 797 2621 τούτων
844 2565 950 2619 τῶν
996 2568 1356 2638 χαρακτήρων
1379 2606 1394 2629 ,
1452 2566 1592 2619 κατὰ
1632 2565 1838 2637 πλάνην
1882 2566 1942 2619 τὸ

364 2658 560 2728 γάμμα
591 2660 848 2729 στοιχεῖον
873 2657 934 2710 τὸ
965 2658 1065 2729 τῆς
1088 2658 1280 2729 τρίτης
1304 2657 1452 2728 ὥρας
1481 2656 1793 2727 δηλωτικὸν,
1813 2674 1944 2729 κυρ-

363 2749 629 2821 τωθείσης
655 2751 754 2822 τῆς
785 2750 1240 2822 ἀππεταμμένης
1279 2752 1359 2814 είς
1403 2751 1575 2821 μῆκος
1599 2748 1833 2814 εὐθείας,
1862 2751 1942 2814 είς

362 2839 459 2911 τὴν
490 2840 584 2893 τοῦ
610 2841 885 2912 ἐπισήμου
931 2838 1317 2912 μεταχωρῆσαι
1361 2838 1655 2910 σημασίαν,
1698 2838 1793 2892 τοῦ
1839 2839 1942 2909 τῆς

322 2918 327 2922 δ
362 2932 526 3005 ἕκτης
546 2932 695 3004 ὥρας
713 2932 1009 3004 δηλωτικοῢ
1030 2949 1044 2962 ·
1072 2931 1179 2985 τῶν
1201 2932 1309 3004 γὰρ
1329 2931 1494 3004 τριῶν
1518 2930 1938 3000 εὐαγγελιστῶν,

361 3025 454 3078 τοῦ
485 3042 544 3078 τε
573 3024 854 3079 Ματθαίου
887 3024 982 3079 καὶ
1012 3024 1259 3097 Μάρκου,
1280 3024 1373 3077 κα)⁵
1399 3022 1492 3076 τοῦ
1517 3024 1699 3076 Λουκᾶ
1724 3019 1943 3093 συμφώ-

360 3134 466 3180 νως
489 3117 774 3186 λεγόντων,
792 3118 867 3181 ὡς
887 3117 995 3171 άπὸ
1017 3117 1184 3189 ἕκτης
1212 3117 1359 3188 ὥρας
1391 3118 1578 3181 σκότος
1608 3116 1822 3186 ἐγένετο
1843 3118 1910 3187 ὲφ
1925 3116 1942 3139 ’

361 3209 491 3280 ὅλην
520 3210 620 3280 τὴν
667 3210 773 3280 γῆν
803 3210 909 3274 ἕως
941 3210 1091 3282 ὥρας
1122 3210 1316 3280 ἐνάτης
1361 3210 1495 3282 (85),
1532 3211 1792 3283 πρόδηλον
1818 3211 1892 3274 ὡς
1911 3212 1940 3263 6

360 3301 563 3375 Κίριος
607 3301 699 3355 καὶ
741 3301 874 3366 Θεὸς
914 3301 1119 3373 Ἰησοῦς
1149 3301 1255 3375 πρὸ
1289 3303 1388 3374 τῆς
1428 3302 1592 3374 ἕκτης
1614 3301 1764 3375 ὥρας
1803 3301 1935 3373 (84),

361 3391 466 3465 πρὸ
493 3392 586 3448 τοῦ
612 3393 863 3463 γενέσθαι
904 3394 964 3446 τὸ
997 3394 1206 3459 σκότος,
1239 3394 1570 3466 ὲσταύρωτο,
1603 3394 1804 3466 δηλαδὴ
1834 3412 1937 3448 και·

2125 1289 2179 1344 6.
2212 1288 2478 1369 Eusebius
2496 1287 2871 1352 Cmsariensis,
2891 1288 2981 1359 qui
3006 1287 3269 1359 Pamphili
3300 1285 3619 1358 appellatur,

2064 1377 2121 1433 in
2155 1377 2547 1442 Quwstiom'bus
2568 1376 2635 1430 ad
2653 1375 2925 1430 Marinum
2943 1374 3009 1430 de
3033 1374 3337 1430 Servatoris
3365 1372 3624 1444 passione

2057 1483 2121 1523 ac
2146 1467 2572 1530 resurrectione,
2600 1468 2703 1522 hoc
2735 1482 2950 1538 quoque
2990 1462 3426 1537 expendit,quod
3459 1461 3621 1517 divus

2056 1559 2262 1615 scilicet
2284 1560 2613 1629 evangelista
2629 1557 2843 1614 Marcus
2872 1557 2969 1620 ait,
2997 1557 3130 1611 hora
3156 1556 3314 1610 tertia
3341 1555 3618 1609 Christum

2055 1651 2224 1708 Deum
2249 1667 2312 1708 ac
2340 1653 2686 1708 Servatorem
2720 1651 2871 1707 cruci
2896 1651 3067 1707 fuisse
3096 1648 3378 1715 sullixum;
3410 1646 3620 1702 theolo—

2051 1759 2153 1815 gus
2182 1752 2359 1800 autem
2388 1760 2636 1800 summus
2663 1742 2902 1799 Ioannes
2925 1743 3059 1798 hora
3089 1749 3242 1796 sexta
3274 1739 3349 1793 ait
3385 1738 3620 1793 Pilatum

2052 1837 2261 1892 sedisse
2288 1852 2387 1907 pro
2428 1835 2686 1891 tribunali
2734 1837 2789 1890 in
2822 1836 2943 1889 loco
3004 1833 3098 1903 qui
3151 1831 3526 1903 appellabatur
3552 1829 3622 1885 li-

2049 1931 2350 1986 thostrotos
2370 1929 2438 1985 ad
2467 1928 2751 1985 dicendam
2779 1928 3038 1983 adversus
3058 1923 3243 1980 Iesum
3271 1925 3619 1983 sententiam.

1973 2051 2017 2106 Β
2042 2021 2215 2078 Porro
2257 2020 2526 2077 Eusebius
2568 2020 2864 2085 contendit,
2902 2017 3253 2073 amanuensis
3285 2017 3337 2071 id
3374 2031 3497 2072 esse
3533 2031 3623 2072 er-

2042 2121 2240 2180 ratum,
2268 2112 2414 2184 quod
2439 2111 2477 2166 ii
2528 2112 2620 2178 qui
2667 2110 2938 2183 principio
2993 2107 3284 2179 Evangelia
3314 2108 3620 2178 exscripse-

2043 2212 2171 2260 runt
2200 2204 2345 2259 haud
2377 2204 2670 2260 senserint.
2699 2202 2834 2257 Nam
2865 2219 2992 2258 cum
3021 2203 3199 2256 littera
3259 2214 3473 2271 gamma
3531 2198 3616 2271 (Γ)

2044 2299 2256 2353 tertiam
2274 2296 2545 2368 signiﬁcet
2580 2298 2808 2363 horam;
2835 2294 3117 2366 episemon
3147 2291 3247 2364 (ς)
3279 2298 3461 2347 autem
3492 2305 3617 2345 sesc-

2044 2398 2197 2457 tam;
2252 2405 2484 2459 cumque
2544 2387 2601 2443 hi
2632 2389 2977 2442 characteres
3030 2385 3354 2456 permultam
3383 2383 3617 2439 habeant

2043 2484 2184 2538 inter
2214 2499 2273 2539 se
2301 2481 2711 2539 similitudinem
2728 2524 2743 2550 ,
2766 2478 3023 2537 mendose
3038 2479 3363 2535 elementum
3377 2491 3615 2548 gamma,

2042 2587 2150 2641 quo
2180 2572 2588 2628 demonstratur
2609 2571 2742 2626 hora
2763 2571 2923 2626 tertia
2974 2570 3244 2643 (curvata,
3274 2581 3394 2638 quae
3439 2564 3616 2636 porri-

2042 2665 2269 2734 gebatur
2310 2665 2363 2718 in
2404 2673 2710 2727 extensum.
2759 2661 2953 2735 recta,)
2989 2662 3056 2716 ad
3106 2660 3332 2733 episemi
3386 2657 3614 2731 ﬁguram

2042 2757 2322 2810 redactum
2353 2754 2655 2826 fuit,quod
2710 2764 2917 2811 sextam
2972 2754 3178 2809 indicat
3206 2753 3420 2809 horam.
3471 2748 3617 2806 Sane

2041 2864 2207 2918 quum
2250 2848 2595 2918 evangelista:
2646 2854 2781 2909 tres,
2843 2846 3149 2909 Matthaeus,
3193 2843 3411 2898 Marcus
3450 2848 3617 2912 atque

2040 2939 2218 2994 Lucas
2245 2937 2587 2993 concorditer
2609 2935 2895 3001 allirment,
2928 2936 2997 2990 ab
3024 2936 3158 2989 hora
3183 2942 3338 2990 sexta
3362 2934 3615 2989 tenebras

2041 3030 2213 3086 factas
2233 3045 2356 3085 esse
2380 3028 2436 3083 in
2471 3029 2728 3084 universa
2757 3037 2903 3084 terra
2953 3043 3126 3098 usque
3162 3027 3228 3081 ad
3251 3040 3451 3080 nonam
3469 3069 3484 3093 ,
3512 3040 3611 3096 pa-

2039 3132 2116 3181 tet
2137 3124 2377 3187 omnino,
2412 3121 2697 3177 Dominum
2740 3135 2805 3175 ac
2842 3119 3011 3175 Deum
3049 3117 3234 3174 Jesum
3271 3124 3395 3173 ante
3421 3116 3613 3174 horam

2041 3225 2282 3283 sextam,
2313 3215 2630 3286 priusquam
2662 3213 2873 3269 scilicet
2904 3210 3094 3267 ﬁerent
3124 3210 3382 3279 tenebrae,
3407 3209 3462 3263 in
3488 3224 3616 3265 cru-

2040 3323 2157 3366 cem
2182 3324 2304 3366 esse
2325 3308 2619 3375 sublatum,
2645 3320 2839 3377 nempe
2864 3305 3010 3360 circa
3053 3304 3246 3359 horam
3278 3304 3519 3369 tertiam,
3554 3310 3614 3359 ut

2038 3401 2254 3457 Marcus
2270 3407 2475 3456 narrat.
2496 3398 2674 3466 Quare
2694 3405 2748 3452 et
2766 3396 3005 3452 Joannes
3018 3410 3172 3468 aeque
3193 3396 3405 3452 tertiam
3420 3396 3611 3452 horam

360 3488 429 3537 τὰ
451 3482 551 3555 τὴν
582 3482 769 3555 τρίτην
789 3481 959 3555 ὤραν,
990 3483 1066 3548 ὡς
1088 3485 1117 3537 6
1142 3485 1368 3556 Μάρκος
1404 3485 1655 3557 ἱστόρησε
1672 3502 1686 3516 ·
1719 3485 1815 3540 καὶ
1842 3483 1936 3558 τοῦ

2039 3491 2315 3565 prodidit;
2342 3505 2653 3562 quanquam
2694 3496 2883 3560 postea
2913 3502 3277 3543 amanuenses
3311 3501 3525 3559 gamma
3552 3486 3615 3543 in

373 3573 617 3628 Ἰωάννου
660 3574 752 3630 τὸν
804 3576 989 3646 ὅμοιον
1033 3575 1232 3646 τρόπον
1272 3576 1371 3648 τὴν
1410 3576 1557 3648 ὥραν
1585 3577 1776 3648 τρίτην
1798 3572 1938 3630 εἶναι

362 3667 877 3742 ὲπισημηναμένου,
896 3669 991 3721 καὶ
1016 3667 1125 3722 τῶν
1153 3667 1626 3740 ἀπογραψαμένων
1654 3667 1941 3738 τὸγάμμα.

363 3757 701 3827 μεταθέντων
725 3760 810 3823 είς,
832 3761 894 3812 τὸ
926 3757 1227 3831 ἐπίσημον..

2041 3585 2320 3656 episemon
2335 3588 2613 3638 commuta
2623 3587 2834 3641 rerum.

1346 3898 1413 3955 γ.
1440 3899 1526 3954 Ex
1551 3899 1763 3957 Possini
1780 3901 1986 3958 Catena
2021 3900 2077 3955 in
2104 3897 2370 3967 Marcum,
2396 3912 2450 3969 ρ.
2484 3895 2607 3953 564.

424 4040 487 4089 ε’.
525 4035 726 4106 Ἐφάνη
769 4035 985 4108 πρῶτον
1025 4037 1213 4111 Μαρίᾳ
1237 4040 1302 4110 τῇ
1333 4039 1692 4112 Μαγδαληνῇ·
1724 4040 1928 4111 ταύτην

355 4127 395 4182 Ε
409 4124 613 4189 5σέ6ιος
634 4128 690 4181 ἐν
721 4129 833 4190 τοῖς
856 4126 1012 4195 Πρός
1034 4128 1297 4196 Μαρῖνον
1323 4130 1514 4201 ἑτέραν
1533 4130 1682 4199 λέγει
1712 4132 1929 4203 Μαρίαν

346 4219 507 4292 «παρὰ
537 4218 634 4291 τὴν
669 4218 1012 4291 θεασαμένην
1035 4222 1126 4273 τὸν
1158 4222 1469 4276 νεανίσκον·
1502 4222 1535 4294 ἢ
1573 4224 1665 4276 καὶ
1687 4221 1928 4293 ἀμφότε-

357 4328 447 4381 ραι
475 4312 538 4364 ὲκ
563 4311 661 4381 τῆς
686 4311 1045 4383 Μαγδαληνῆς
1069 4308 1229 4385 ἦσαν.

2105 4040 2161 4096 5.
2183 4039 2447 4111 Apparuit
2494 4037 2671 4109 primo
2703 4034 2885 4091 Maria:
2934 4033 3280 4107 Magdalenae.
3314 4032 3465 4088 Hanc
3496 4030 3606 4087 Eu-

2036 4134 2220 4191 sebius
2256 4134 2308 4188 in
2333 4147 2495 4202 opere
2525 4130 2603 4186 Ad
2623 4128 2895 4184 Marinum
2923 4128 3196 4185 diversam
3226 4143 3348 4184 esse
3394 4126 3469 4182 ait
3492 4125 3607 4181 Ma-

2033 4226 2258 4282 riamab
2318 4226 2409 4280 illa
2442 4240 2563 4295 quae
2611 4222 2869 4293 juvenem
2893 4220 3046 4278 vidit.
3094 4220 3193 4277 Vel
3220 4220 3383 4276 etiam
3435 4216 3609 4276 ambte

2036 4315 2283 4388 Magdalo
2305 4314 2550 4372 oriundae
2582 4324 2757 4370 erant.

427 4489 538 4568 (78_)
575 4490 859 4548 Notandus
881 4502 965 4568 est
988 4492 1280 4568 vigilanter
1304 4495 1495 4568 lectori
1524 4496 1616 4568 hic
1647 4511 1927 4568 numerus,
1960 4500 2005 4555 Ι)
2107 4495 2217 4568 (79)
2257 4493 2476 4568 Eusebii
2509 4494 2656 4568 hunc
2697 4494 2885 4568 locum
2907 4492 3166 4568 exprimit
3192 4492 3515 4568 Ambrosius
3548 4495 3604 4550 in

354 4574 462 4627 quo
482 4561 743 4635 docemur
762 4561 1163 4635 quodammodo
1194 4565 1321 4633 (nisi
1342 4575 1427 4620 est
1450 4567 1704 4622 mendum
1737 4566 1929 4635 κεφαλ.

357 4636 424 4704 ςζ
452 4646 549 4700 pro
577 4631 906 4704 Καισαρεύς)
935 4642 1137 4701 quanta
1175 4631 1302 4704 pars
1333 4636 1514 4704 Operis
1545 4631 1833 4693 Eusebiani
1859 4636 1935 4690 ad.

354 4696 629 4775 Marinum
659 4696 818 4775 nobis
851 4696 993 4757 desit
1021 4713 1146 4775 ante
1166 4696 1287 4775 illas
1316 4696 1622 4775 postremas
1650 4708 1718 4762 de
1744 4723 1929 4763 resur-

355 4771 597 4841 rectione
620 4773 971 4841 qnaestiones.
1014 4773 1176 4830 Certe
1226 4771 1523 4832 Eusebium
1558 4780 1662 4833 hoc
1691 4778 1831 4832 libro
1858 4779 1937 4832 ad.

355 4837 995 4922 liarinum'complexum
1038 4843 1206 4906 fuisse
1238 4847 1570 4922 quaestiones
1604 4864 1712 4902 non
1746 4849 1925 4922 solum

353 4914 501 4965 circa
546 4914 1026 4987 resurrectionem,
1072 4914 1273 4987 verum
1308 4917 1472 4971 etiam
1520 4920 1667 4973 circa
1718 4919 1928 4987 passio-

353 4996 499 5071 nem;
528 4983 814 5071 perspicue
839 4985 1226 5071 cognoscimus
1253 5000 1328 5067 ex.
1350 4996 1613 5071 seque-nte
1637 4983 1927 5071 Coiderila:

352 5066 437 5132 ne
461 5052 676 5132 Catenae
704 5054 844 5110 loco.
875 5052 991 5132 Nisi
1016 5054 1157 5111 forte
1169 5052 1453 5132 suspicari
1478 5060 1675 5129 placet,
1708 5057 1927 5132 Eumbii

351 5122 498 5177 istud
523 5124 590 5179 de
612 5122 870 5197 Cyrenaeo
900 5124 1106 5180 dictum
1133 5122 1308 5197 obiter
1327 5122 1509 5197 potius
1535 5128 1844 5184 occurrisse
1869 5130 1924 5183 in

377 5201 625 5273 tostrema
655 5195 847 5263 quavis
874 5196 1206 5273 q_uazs_tione._
1230 5195 1415 5273 Neque
1454 5215 1586 5273 sane
1625 5199 1927 5273 intelligere

377 5266 481 5319 ieet
509 5279 574 5319 eo
601 5280 830 5340 numero
857 5266 1039 5340 'Marci
1089 5266 1411 5340 capitulum,
1443 5270 1586 5340 quod
1618 5266 1836 5340 quidem
1870 5271 1926 5325 in

351 5342 534 5389 vetere
562 5335 941 5391 stichometria
965 5344 1050 5392 est
1072 5335 1256 5402 ccvm,
1292 5339 1348 5392 in
1374 5335 1513 5394 nova
1543 5335 1813 5394 divisione
1841 5345 1927 5394 est

351 5418 443 5460 xv.
476 5402 636 5460 Certe
667 5405 756 5458 ubi
794 5406 851 5460 in
876 5416 1066 5463 nostra
1102 5408 1205 5462 hac
1231 5408 1467 5465 editione
1490 5409 1625 5464 dicit
1660 5409 1925 5466 Eusebius

354 5473 408 5550 i_n
450 5474 572 5528 libri
611 5474 838 5550 exordio
867 5476 1175 5550 ἠρώτας-δὲ
1211 5478 1446 5550 πρῶτον,
1492 5481 1719 5537 cavebit
1743 5479 1926 5534 admo-

351 5542 481 5624 dum
509 5545 757 5624 erit-ditus
788 5542 960 5602 lector
997 5563 1065 5624 ne
1096 5542 1362 5624 intelligat
1394 5550 1624 5621 primam
1660 5549 1832 5624 fuisse
1854 5551 1924 5624 l_i-

356 5611 441 5666 bri
468 5611 539 5691 ait
563 5613 834 5691 Marinum
867 5618 1221 5691 quaestionem
1249 5611 1547 5691 illam'quze
1574 5623 1820 5691 sequitur
1845 5620 1923 5676 De

354 5695 471 5761 {ero
489 5681 1173 5761 Sabbatoram._-Breviator
1204 5690 1425 5761 quippe,
1441 5681 1722 5759 ‘resecaia,
1759 5699 1817 5745 ut
1840 5693 1924 5746 vi-

356 5752 537 5831 detur,
572 5754 774 5838 ingenti
803 5759 983 5829 priore
1007 5767 1182 5833 parte,
1215 5752 1593 5833 adpositrema
1624 5752 1805 5834 operis
1837 5777 1923 5820 ca-

356 5828 471 5893 pita
499 5835 823 5893 prOperatut.

499 5838 823 5896 properam.

2031 4561 2236 4626 Coinn't.
2273 4565 2343 4619 ad
2373 4565 2503 4618 Luc.
2548 4562 2885 4636 li_b._rx,9107
2918 4581 2931 4617 :
2969 4561 3094 4618 Non
3129 4561 3355 4619 ludam:
3394 4574 3472 4619 est
3516 4568 3604 4636 qui

2033 4653 2237 4696 crucem
2268 4645 2466 4705 portat,
2489 4632 2588 4705 sed
2614 4634 2909 4705 alienigena
2936 4636 3442 4705 atque_percgrinus.

2103 4707 2214 4785 (80)
2246 4703 2391 4785 ~Tam
2439 4703 2627 4770 editio,
2672 4703 2837 4774 quam
2886 4703 3071 4759 codex.
3098 4703 3471 4759 Vatﬁhabent
3509 4703 3604 4759 ἐπὶ

2028 4783 2592 4921 ταῑὲιζοξίοοοὺυιυιῃ
2644 4842 2919 4921 Σωτήριος
2969 4843 3112 4921 apud
3162 4843 3456 4921 Eusebium
3499 4859 3601 4921 no-

1999 4944 2002 4948 λ
2029 4914 2204 4977 strum
2232 4932 2341 4971 non
2366 4925 2475 4969 tam
2501 4914 2769 4982 adjectivo
2787 4914 2954 4970 'sensu
2978 4914 3255 4980 salutaris,
3281 4930 3440 4985 quam
3471 4915 3601 4970 sub-

2028 4989 2268 5047 stantivo
2292 4986 2513 5056 obliquo
2546 4986 2866 5049 Servatoris,
2897 4986 3216 5056 plerumque
3240 5000 3362 5056 esse
3392 4985 3597 5040 intelli-

2028 5059 2283 5132 gendum,
2316 5053 2571 5132 plurimis
2596 5057 2650 5111 in
2660 5056 2820 5132 iocis
2842 5053 3010 5132 patet.
3041 5053 3098 5132 lg
3128 5053 3263 5132 facit
3281 5055 3444 5132 etiam
3476 5056 3601 5132 Atu-

2025 5124 2244 5187 brosius
2272 5124 2431 5198 apud
2446 5142 2546 5182 nos
2576 5142 2629 5198 p.
2659 5126 2784 5192 504,
2815 5124 2918 5197 qui
2940 5129 3017 5179 ait
3051 5124 3264 5180 Domini
3302 5124 3594 5191 Salutaris,

2025 5216 2125 5271 pro
2158 5196 2372 5271 Domi—ni
2402 5196 2717 5271 salvat-oris.

2097 5270 2209 5343 (89)
2249 5268 2628 5343 Qua'stionem
2647 5270 2787 5323 hanc
2815 5265 2882 5343 de
2904 5265 3064 5343 ter_t_ia
3088 5272 3147 5343 _ct
3173 5266 3486 5343 sexta__hora
3516 5265 3596 5343 le_-
3695 5291 3699 5295 ν

2060 5335 2215 5395 etiam
2248 5335 2409 5396 etiam
2436 5341 2492 5395 in
2512 5339 2701 5396 codice
2721 5336 2959 5407 quodam
2984 5335 3264 5401 Vaticano,
3287 5337 3416 5390 olim
3437 5336 3590 5391 card.

2071 5412 2242 5477 irleti;
2298 5407 2440 5466 unde
2504 5411 2742 5479 aliquam
2797 5407 3234 5479 emendationem
3291 5407 3591 5479 accersivi;

2024 5496 2434 5553 quanquamne
2458 5482 2547 5536 hic
2574 5477 2689 5553 ipse
2716 5478 2935 5553 quidem
2965 5477 3285 5553 cod_ex'_si_ne
3302 5478 3418 5553 _ttllo
3446 5491 3594 5532 men-

2024 5545 2095 5606 do
2117 5545 2220 5607 est.
2255 5550 2454 5604 Eadem
2487 5545 2717 5620 quaistio
2736 5545 2943 5620 legitur
2974 5548 3026 5620 i_n
3052 5545 3593 5620 Parisiacisquoque

2023 5622 2328 5686 codicibus,
2385 5616 2523 5677 teste
2574 5616 2822 5675 Harlesio
2873 5618 2929 5672 in
2973 5616 3211 5675 Fabricii
3245 5616 3590 5686 Bibliotheca,

2022 5702 2064 5748 ι’
2245 5691 2561 5834 Βίειῖξθῗὸειη
2593 5759 2943 5834 άναστάσεως
2973 5775 3073 5834 pro
3101 5760 3317 5834 ἐνάτης,

2120 5833 2209 5905 84)
2252 5832 2410 5889 Deest
2431 5833 2485 5888 in
2519 5832 2642 5889 cod.
2672 5830 2842 5906 ὥρας.
