4106 6434
414 385 547 440 IOII

1163 384 1433 441 EUSEBII
1474 384 1946 443 CESARIENSIS
1967 387 2122 445 OPP.
2160 386 2339 444 PARS
2367 386 2456 443 III.
2480 416 2549 435 -ν-
2587 385 2997 447 EXEGETICA.

3526 390 3663 445 ιρις

419 527 509 583 γι.
546 529 631 583 Ex
662 529 786 583 Joh.
819 525 1089 594 Xiphilino
1113 527 1444 594 patriarcha,
1473 528 1527 581 in
1559 527 1778 651 Ιιοηιῗζέα
1801 528 2003 654 inﬁgo
2025 546 2184 653 (cram
2210 529 2393 655 nam?
2422 529 2476 583 in
2499 524 2765 581 dominica
2788 522 2854 578 de
2874 522 3183 579 mulieribus
3212 532 3457 579 aromata
3487 523 3631 594 [afen

1698 614 1713 651 ι
1753 615 1835 655 us.
1981 638 1995 651 .
2079 612 2155 655 at.
2193 616 2244 655 ρ.
2386 638 2403 655 .

1698 612 1835 665 tuus,
1863 612 1995 654 una.
2039 612 2155 659 Vat.
2191 616 2244 669 ρ.
2277 612 2403 660 sou.

488 716 540 773 6.
580 714 848 770 Eusebius
864 729 992 768 vero
1011 712 1368 769 Caesariensis
1391 714 1486 780 ait,
1521 713 1746 775 Mariam
1769 715 1989 787 quidem

2168 717 2241 783 ς’.
2282 716 2541 785 Εὑσέϐιός
2574 732 2739 786 φησιν
2770 716 2799 768 ὁ
2835 712 3191 784 Καισαρείας,
3225 712 3302 775 ὡς
3333 712 3519 785 Μαρία
3565 714 3665 785 μὲν

416 806 808 878 blagdalenem,
838 813 894 861 et
918 804 1138 859 Mariam
1169 802 1358 860 Jacobi
1387 813 1661 877 unguenta
1678 807 1990 876 paravisse;

416 916 594 971 neque
618 909 795 954 tamen
822 897 1040 953 easdem
1062 912 1187 952 esse
1214 912 1334 967 quae
1369 912 1529 953 mane
1576 906 1841 954 venerunt
1870 909 1993 955 orto

413 994 525 1063 jam
543 994 678 1053 sole,
694 991 789 1046 sed
806 1005 1106 1061 anonymas
1129 989 1267 1045 alias
1288 1009 1301 1045 :
1328 991 1512 1047 multa:
1528 991 1671 1051 enim
1691 1008 1756 1047 ex
1773 990 1992 1048 Galilasa

418 1101 544 1141 cum
571 1084 860 1140 Servatore
887 1083 1269 1139 ascenderant.
1303 1082 1668 1151 Quamobrem
1701 1084 1786 1139 ba:
1816 1101 1993 1163 neque

421 1185 585 1232 noctu
624 1176 753 1230 illuc
779 1175 1095 1237 adfuerunt,
1124 1174 1220 1229 sed
1250 1189 1443 1242 mane;
1478 1175 1790 1245 easdemque
1840 1193 1995 1232 man-

421 1268 549 1323 dato
572 1267 760 1322 audito
789 1275 851 1321 ut
874 1267 1160 1336 discipulis
1189 1265 1461 1336 Petroque
1508 1282 1623 1323 rem
1650 1269 1989 1334 nuntiarent,

423 1360 679 1429 fugerunt
707 1359 907 1413 nemini
944 1359 1242 1429 quidquam
1270 1358 1517 1422 dictum,
1549 1359 1676 1428 quia
1719 1360 1992 1414 extimue-

423 1461 564 1507 rant.
594 1450 829 1507 Proinde
860 1451 1022 1505 etiam
1077 1451 1206 1519 quia
1248 1448 1521 1520 postsolis
1553 1457 1734 1503 ortum
1764 1451 1996 1505 advene-

424 1550 566 1606 rant,
589 1544 771 1598 videre
795 1540 1137 1597 Servatorem
1169 1540 1312 1595 haud
1339 1542 1516 1612 digna:
1548 1539 1784 1596 luerunt.
1811 1541 1996 1613 Neque

422 1635 639 1690 demum
668 1633 782 1689 Iieri
814 1632 1010 1703 potuit,
1030 1640 1089 1686 ut
1121 1630 1434 1702 Magdalene
1464 1643 1586 1702 post
1606 1641 1685 1688 tot
1708 1641 1998 1705 tantasque

423 1729 705 1791 visiones,
764 1727 879 1782 sole
937 1736 1096 1789 orto,
1151 1724 1332 1779 adhuc
1385 1724 1686 1791 dubitaret,
1744 1727 1998 1783 nesciens

423 1820 678 1891 quisnam
700 1817 934 1889 lapidem
963 1816 1099 1872 foret
1118 1817 1487 1873 revoluturus.

2095 811 2128 881 ἡ
2178 806 2505 878 Μαγδαληνὴ
2555 806 2650 860 καὶ
2727 803 2914 876 Μαρία
2971 805 3005 874 ὴ
3051 801 3303 856 Ἰακώϐου
3360 802 3667 874 ἡτοίμασαν

2093 897 2390 972 ἀρώματα·
2426 899 2527 952 οὐκ
2551 895 2711 951 αὑταὶ
2736 894 2792 948 δέ
2818 897 2953 948 εἰσιν
2982 896 3038 947 al
3071 894 3216 966 πρωῒ
3252 893 3503 950 ἐλθοῦσαι
3534 895 3668 954 ἀνα-

2068 993 2368 1056 ,τείλαντος
2411 990 2505 1044 τοῦ
2556 991 2729 1062 ἡλίου,
2775 989 2887 1043 ἀλλ’
2916 989 3069 1044 ἄλλαι
3122 986 3424 1059 ἀνώνυμοι·
3471 988 3669 1044 πολλαὶ

2093 1084 2202 1158 γὰρ
2224 1081 2363 1157 ἦσαν
2394 1084 2450 1137 αἱ
2486 1084 2853 1136 συναναϐᾶσαι
2884 1081 2961 1152 τῷ
2990 1081 3200 1152 Σωτῆρι
3242 1083 3349 1135 ἀπὸ
3380 1082 3477 1153 τῆς
3510 1081 3669 1136 Γαλι.

2095 1177 2249 1240 λαίας
2269 1193 2282 1206 ·
2317 1176 2436 1230 ὅθεν
2485 1175 2605 1229 οὐδὲ
2637 1174 2806 1229 νύκτα
2854 1174 3263 1245 παραγίνονται,
3293 1172 3430 1227 ἀλλά
3484 1173 3628 1245 πρωῒ
3649 1190 3666 1206 ο

2098 1269 2192 1322 καὶ
2220 1267 2524 1323 ἀκούσασαι
2546 1268 2879 1337 ἀπαγγεῖλαι
2907 1269 3018 1330 τοῖς
3048 1265 3313 1337 μαθηταῖς
3339 1266 3435 1320 καὶ
3460 1265 3538 1337 τῷ
3565 1266 3670 1321 Πι-

2094 1378 2226 1432 τρῳ,
2258 1360 2475 1429 ἔφυγον,
2505 1360 2598 1415 καὶ
2625 1360 2796 1414 οὐδενὶ
2826 1357 2977 1412 οὐδὲν
3010 1352 3181 1411 εἷπον·
3215 1356 3502 1427 ἐφοϐοῦντο
3526 1357 3667 1430 γάρ·

2096 1453 2172 1517 ὼς
2219 1451 2326 1524 γάρ
2378 1452 2515 1523 μετά
2562 1452 2822 1522 ἀνατολὴν
2864 1452 3016 1523 ἡλίου
3067 1452 3357 1504 ἐπιστᾶσαι
3415 1450 3536 1505 οὐδὲ
3579 1449 3671 1506 τὸν

2101 1546 2330 1617 Σωτῆρα
2360 1544 2655 1600 θεάσασθαι
2679 1544 3086 1611 καταξιοῦνταν
3115 1543 3237 1597 οὐδὲ
3265 1540 3376 1597 οἷόν
3404 1560 3463 1597 τε
3485 1539 3553 1615 ἦν
3571 1542 3670 1615 τὴν

2101 1636 2464 1709 Μαγδαληνὴν
2501 1636 2639 1708 μετά
2682 1636 2950 1700 τοσαύτας
2996 1634 3141 1699 θέας,
3176 1636 3324 1706 ἡλίου
3360 1634 3674 1691 ἀνατείλαψ

2099 1745 2210 1795 τος,
2239 1730 2463 1801 ἀπορεῖν
2488 1729 2582 1783 καὶ
2603 1729 2819 1798 ἀγνοεῖν
2849 1729 2935 1791 τίς
2965 1727 3282 1783 ἀποκυλίσει
3313 1728 3403 1782 τὸν
3435 1725 3579 1782 λίθον

1449 1932 1564 1989 VII.
1596 1934 1681 1989 Ea:
1701 1936 1986 1993 Anastasio
2014 1936 2247 2001 Siuaita,
2274 1945 2461 2008 φησι.
2484 1952 2634 1993 cun.

502 2053 551 2108 7.
578 2052 794 2107 Eusebii
821 2068 885 2107 ex
910 2069 1061 2122 opere
1081 2053 1149 2107 ad
1176 2051 1471 2107 Marinum.
1498 2052 1635 2111 Tres
1686 2057 1848 2127 igitur
1886 2073 1996 2113 om-

2167 2056 2232 2121 C’.
2274 2056 2570 2111 Εὑσεϐίου
2610 2056 2679 2109 ἐκ
2720 2052 2839 2109 τῶν
2880 2054 3031 2123 πρὸς
3056 2054 3321 2123 Μαρῖνον
3350 2054 3481 2127 (85).
3515 2056 3675 2130 Τρεῖς

429 2145 558 2202 nino
598 2146 797 2202 Marias
827 2146 1071 2217 passioni
1102 2146 1309 2201 Christi
1337 2162 1461 2204 cum
1492 2146 1710 2204 feminis
1730 2150 1852 2204 aliis
1872 2165 2006 2221 prte-

429 2246 612 2293 sentes
640 2238 1144 2312 deprehendimus;
1187 2238 1418 2308 primam
1449 2237 1758 2311 Deiparam,
1810 2258 2006 2299 secun-

427 2331 550 2385 dam
584 2330 747 2400 hujus
771 2345 1016 2386 sororem
1039 2329 1263 2384 Mariam
1286 2328 1521 2401 Cleopae,
1546 2333 1761 2387 tertiam
1788 2333 2007 2408 Magda-

431 2424 624 2477 lenem.
658 2422 887 2499 Quidam
938 2439 1068 2481 vero
1121 2426 1447 2497 interpretes
1506 2428 1657 2481 aiunt
1699 2428 1837 2483 duas
1881 2442 2007 2483 esse

429 2512 776 2585 Magdalenas
813 2556 829 2580 ,
874 2532 1038 2571 unam
1082 2532 1203 2588 quae
1260 2534 1384 2574 sero
1432 2519 1792 2575 Sabbatorum
1861 2520 2004 2591 apud

433 2608 767 2672 Μοιιιιαιιυη,
792 2609 1019 2665 alteram
1074 2627 1196 2682 qum
1252 2614 1395 2683 apud
1421 2611 1688 2669 Joannem
1722 2627 1883 2667 mane
1937 2612 2005 2667 ad

430 2708 839 2761 monumentum
870 2703 1049 2771 venit;
1098 2705 1342 2760 eamdem
1380 2704 1519 2759 hanc
1544 2720 1687 2769 esse,
1718 2704 1785 2760 de
1811 2720 1916 2776 qua
1952 2713 2007 2760 et

432 2790 645 2847 Marcus
668 2793 927 2864 loquitur,
950 2794 1095 2850 etde
1129 2810 1238 2867 qua
1270 2796 1537 2851 daemonia
1588 2803 1793 2868 septem
1833 2799 2007 2867 ejecta

430 2883 667 2941 fuerant.
690 2883 937 2956 Namque
968 2887 1151 2947 aliam,
1180 2887 1359 2958 inquit
1392 2887 1678 2951 Eusebius,
1708 2905 1817 2943 non
1842 2889 2005 2952 hanc,

435 2974 804 3047 Magdalenem
835 2993 946 3048 pra:
986 2979 1163 3035 oculis
1189 2980 1397 3035 habens
1426 2979 1641 3037 Marcus
1667 2982 1742 3035 ait
1768 3000 1780 3036 :
1821 3000 1840 3028 α
1868 2980 2005 3036 Cum

430 3075 611 3123 autem
637 3069 987 3134 surrexisset,
1015 3085 1173 3126 mane
1207 3087 1314 3129 una
1343 3074 1705 3137 Sabbatorum
1753 3077 2007 3146 apparuit

433 3162 608 3228 primo
632 3159 813 3215 Mariae
857 3159 1209 3232 Magdalenw,
1258 3165 1325 3219 de
1374 3181 1482 3235 qua
1511 3176 1715 3235 septem
1740 3165 2006 3231 daemonia

430 3253 687 3320 eiecerat.
715 3269 734 3303 ι
766 3253 940 3331 Atque
988 3254 1101 3310 haec
1160 3256 1375 3311 videtur
1401 3257 1523 3328 qum
1572 3258 1764 3323 audiit,
1795 3258 1873 3315 Ne
1922 3275 2008 3316 me

432 3355 645 3419 tangas,
679 3358 788 3398 non
818 3360 938 3415 quae
966 3348 1108 3418 apud
1137 3346 1470 3405 Matthaeum.
1496 3348 1631 3403 Nam
1669 3358 1728 3403 ut
1783 3353 2005 3409 verissi-

2102 2148 2231 2217 γοῦν
2258 2149 2354 2212 τὰς
2382 2149 2563 2212 πάσας
2593 2148 2809 2218 Μαρίας
2845 2147 2923 2219 τῷ
2953 2148 3111 2202 πάθει
3140 2148 3233 2201 τοῦ
3258 2150 3491 2222 Χριστοῦ
3540 2150 3677 2222 μετά

2101 2241 2209 2295 τῶν
2242 2240 2413 2295 ἄλλων
2458 2239 2731 2310 γυναικῶν
2773 2241 3132 2313 εὑρίσκομεν
3166 2240 3388 2313 πρώτην
3418 2243 3518 2313 μὲν
3544 2242 3676 2297 Θεο-

2103 2332 2281 2396 τόκον,
2308 2332 2569 2404 δευτέραν
2613 2332 2670 2386 δὲ
2714 2331 2811 2405 τὴν
2850 2331 3082 2402 ἀδελφὴν
3121 2332 3291 2402 αὐτῆς
3336 2333 3552 2406 Μαρίαν
3579 2333 3676 2406 τὴν

2102 2423 2195 2478 τοῦ
2226 2424 2483 2488 Κλεωπᾶ,
2521 2425 2615 2478 καὶ
2654 2424 2842 2496 τρίτην
2889 2425 2987 2495 τὴν
3025 2424 3389 2496 Μαγδαληνήν
3411 2443 3423 2455 ’
3450 2428 3594 2489 τινὲς
3618 2426 3675 2480 δέ

2105 2532 2268 2585 φασιν
2312 2514 2370 2581 ἐξ
2412 2513 2591 2568 αὐτῶν
2638 2512 2730 2567 δύο
2776 2510 2915 2566 εἶναι
2958 2512 3351 2584 Μαγδαληνάς·
3393 2513 3521 2585 μίαν
3556 2513 3677 2586 μὲν,

2103 2610 2201 2682 τὴν
2235 2608 2332 2678 ὀψὲ
2366 2607 2654 2662 Σαϐϐάτων
2676 2607 2828 2679 παρά
2853 2607 2932 2678 τῷ
2954 2607 3215 2678 Ματθαίῳ
3237 2648 3252 2673 ,
3281 2608 3478 2680 ἑτέραν
3501 2607 3557 2662 δὲ
3578 2606 3679 2681 τὴν

2105 2699 2257 2772 παρὰ
2289 2700 2368 2771 τῷ
2395 2700 2612 2772 Ἰωάννῃ
2641 2699 2853 2771 πρωῖας
2890 2699 2981 2753 ἐπὶ
3007 2699 3065 2753 τὸ
3103 2703 3363 2771 μνημεῖον
3397 2699 3678 2765 ἐλθοῦσαν,

2105 2793 2307 2863 ταύτην
2343 2792 2401 2846 δὲ
2444 2788 2581 2846 εἶναι
2620 2791 2712 2862 τὴν
2754 2793 2845 2845 καὶ
2874 2791 3086 2863 Μάρκῳ
3117 2791 3469 2863 δηλουμένην,
3495 2792 3587 2863 ἀφ’
3610 2788 3681 2866 ἦς

2106 2885 2425 2957 ἐκϐεϐλήκει
2458 2884 2598 2947 ἑπτὰ
2625 2884 2875 2955 δαιμόνια
2894 2900 2906 2914 ·
2936 2883 3011 2948 ὠς
3031 2884 3138 2956 γὰρ
3165 2882 3330 2956 οὔσης
3351 2885 3445 2937 καὶ
3469 2884 3679 2957 ἑτέρας,

2108 2977 2293 3049 φησὶν,
2326 2977 2386 3029 ού
2419 2976 2673 3048 τοιαύτης
2708 2976 3089 3047 ῙιῙαγδαληνῆς,
3124 2977 3387 3047 ἐτήρησεν
3408 2977 3682 3049 δτΜάρκος

2106 3066 2262 3121 τοῦτο
2287 3064 2481 3120 εἰπών·
2514 3085 2533 3117 ι
2557 3066 2817 3129 Ἀναστὰς
2847 3066 2904 3119 δὲ
2940 3065 3081 3137 πρωῒ
3103 3068 3167 3136 τῇ
3209 3067 3311 3136 μιᾷ
3333 3064 3439 3118 τῶν
3466 3064 3678 3119 Σαϐϐά·

2107 3176 2214 3214 των
2243 3159 2417 3229 ἐφάνη
2444 3159 2636 3231 Μαρίᾳ
2670 3158 2886 3230 πρῶτον
2908 3161 2972 3230 τῇ
3003 3156 3353 3229 Μαγδαληνῇ,
3389 3157 3479 3226 ἀφ’
3498 3152 3565 3231 ῆς
3595 3159 3682 3211 ὲκ-

2108 3253 2359 3326 ϐεϐλήκει
2389 3252 2527 3306 ὲπτά
2551 3251 2822 3330 δαιμόνια.
2852 3272 2871 3303 ι
2892 3252 3004 3304 Καὶ
3030 3249 3232 3323 ταύτην
3255 3251 3385 3315 ἴσως
3414 3247 3552 3304 εἶναι
3578 3249 3678 3321 τὴν

2107 3348 2437 3411 ἀκούσασαν,
2465 3348 2553 3420 Μή
2587 3366 2687 3419 μου
2711 3349 2902 3413 ἅπτου,
2920 3347 3031 3401 ἀλλ’
3050 3347 3111 3401 ού
3139 3347 3236 3419 τὴν
3262 3346 3413 3420 παρά
3439 3345 3518 3418 τῷ
3537 3347 3689 3401 Ματ-

434 3418 580 3490 unum
609 3436 681 3491 sit
714 3437 860 3491 illam
917 3452 1134 3517 quoque
1177 3438 1425 3510 Magdalo
1479 3439 1649 3497 fuisse
1692 3443 2001 3509 oriundam,

2108 3440 2260 3514 θαίῳ.
2287 3443 2349 3495 Εἰ
2370 3441 2477 3513 γὰρ
2500 3418 2677 3496 καὶτὰ
2700 3441 2931 3512 μάλιστα
2958 3418 3319 3512 κάκείνηάπὸ
3343 3418 3442 3511 τῆς
3458 3438 3685 3509 Μαγδα-

436 3525 581 3580 haud
609 3534 791 3583 tamen
830 3528 981 3599 paria
1027 3530 1225 3600 probra
1264 3529 1332 3585 de
1382 3546 1460 3599 ea,
1499 3540 1687 3586 narrat
1702 3531 2003 3605 Scriptura.

434 3615 589 3686 Quod
609 3619 654 3674 si
696 3634 859 3673 unam
889 3620 1244 3692 eamdemque
1273 3620 1643 3693 Magdalenem
1683 3626 1808 3695 quis
1838 3624 2007 3691 dicat,

435 3710 613 3766 adhuc
638 3720 817 3767 tamen
841 3711 1081 3768 veridica
1120 3722 1248 3771 sunt
1281 3729 1440 3772 sacra
1486 3714 1802 3787 Evangelia,
1834 3704 2011 3788 neque

436 3802 549 3856 ullo
578 3801 742 3858 modo
772 3805 914 3858 inter
942 3818 1003 3859 se
1052 3803 1405 3876 discrepant;
1458 3807 1730 3879 siquidem
1760 3807 2009 3865 eamdem

434 3895 691 3952 exhibent
727 3895 956 3953 Mariam
1008 3896 1381 3969 Magdalenem
1434 3908 1490 3955 et
1553 3916 1664 3957 non
1699 3908 2010 3973 tangentem

436 3990 611 4058 primo
640 3986 827 4047 Jesmn
852 4003 976 4044 cum
993 3997 1112 4046 erat
1144 3990 1446 4054 incredula.
1469 4000 1525 4049 et
1555 3992 1753 4049 deinde
1784 4002 2016 4065 tangen~

437 4090 543 4141 tom
577 4081 761 4139 statim
789 4096 855 4138 ac
909 4082 1065 4152 jussa
1109 4090 1194 4140 est
1239 4083 1476 4155 gaudere
1505 4099 1629 4140 cum
1679 4085 1786 4140 alia
1822 4082 2012 4145 Maria.

436 4170 815 4243 Quippeillum
854 4180 1134 4243 postremo
1170 4183 1230 4229 ut
1256 4173 1429 4230 Deum
1459 4173 1727 4238 adoravit,
1773 4191 1883 4231 non
1913 4175 2013 4235 bo-

2112 3532 2275 3604 ληνῆς
2325 3531 2570 3603 ὡρμᾶτο,
2600 3530 2713 3584 ἀλλ’
2741 3531 2801 3584 οὐ
2848 3529 2917 3584 τὰ
2948 3531 3109 3602 ὃμοια
3142 3531 3235 3585 καὶ
3270 3529 3440 3600 αὐτῆς
3491 3529 3526 3599 ή
3568 3526 3689 3583 θεία

2115 3626 2410 3695 κατηγορεῖ
2440 3623 2630 3695 Γραφή
2651 3640 2664 3654 ·
2697 3623 2746 3676 εί
2777 3623 2835 3685 δὲ
2869 3622 2998 3702 μίαν
3026 3622 3121 3677 καὶ
3150 3622 3249 3693 τὴν
3270 3621 3439 3693 αὐτὴν
3466 3620 3690 3690 Μαγδα-

2117 3715 2283 3788 ληνὴν
2301 3715 2410 3787 (86)
2436 3714 2659 3786 φήσειέν
2685 3733 2789 3780 τις,
2814 3715 2909 3775 καὶ
2932 3713 3104 3779 οὕτως
3121 3712 3375 3787 ἀληθεύοι
3393 3712 3459 3768 ἂν
3476 3711 3546 3765 τά
3569 3712 3691 3783 ίερά

2118 3808 2444 3878 Εύαγγέλια,
2473 3811 2592 3863 κατ’
2623 3808 2811 3861 οὐδένα
2846 3807 3001 3877 λόγον
3029 3804 3399 3876 διαφωνοῦντα
3417 3822 3431 3835 ·
3465 3805 3564 3877 τὴν
3595 3803 3695 3858 αὺ-

2117 3900 2215 3971 τὴν
2244 3901 2300 3954 δὲ
2332 3901 2550 3973 Μαρίαν
2575 3900 2671 3972 τὴν
2698 3898 3064 3972 Μαγδαληνὴν
3095 3899 3404 3967 εἰσάγονται
3434 3896 3509 3968 μὴ
3534 3896 3675 3950 ἀπτο

2120 3992 2286 4061 μένην
2319 3991 2578 4065 πρότερον
2608 3991 2701 4046 τοῦ
2737 3991 2963 4062 Κυρίου,
2994 3991 3082 4044 ὅτε
3106 3988 3289 4047 ἔκλαιε
3322 3989 3416 4043 καὶ
3439 3987 3691 4058 ἠπίστει·

2116 4082 2212 4137 καὶ
2260 4082 2573 4156 ἁπτομένην
2618 4082 2806 4148 αὐτοῦ,
2835 4084 2923 4136 ὅτε
2970 4082 3181 4155 χαίρειν
3232 4080 3368 4153 μετά
3406 4080 3505 4150 τῆς
3528 4078 3696 4151 ἄλλης

2117 4174 2337 4248 Μαρίας
2385 4175 2478 4227 ὑπ’
2506 4174 2673 4229 αὑτοῦ
2727 4173 3039 4229 κελεύεται·
3087 4173 3273 4244 ἐπειδὴ
3307 4172 3416 4245 γάρ
3455 4171 3531 4234 ὡς
3561 4168 3693 4222 Θεὸν

439 4265 601 4321 minis
627 4264 802 4324 instar
826 4265 1039 4331 habuit,
1077 4267 1228 4325 velut
1251 4266 1407 4323 initio
1453 4283 1579 4323 cum
1608 4267 1768 4324 ﬂebat
1787 4275 2017 4340 eratque

435 4356 735 4413 Incredula.

2117 4266 2277 4320 αὑτὸν
2312 4266 2717 4342 προσεκύνησεν
2750 4265 2996 4338 ἔσχατον,
3030 4265 3124 4321 καὶ
3144 4265 3241 4336 οὐχ
3288 4265 3365 4326 ὡς
3385 4261 3689 4331 ἄνθρωπον,

2117 4359 2193 4424 ὡς
2218 4360 2480 4432 πρότερον
2511 4360 2600 4414 ὅτε
2628 4358 2807 4413 ἔκλαιε
2834 4359 2928 4412 καὶ
2961 4358 3198 4428 ἠπίστει.

1694 4474 1827 4531 VIII.
1855 4475 1938 4531 Ea:
1963 4477 2145 4532 eodem
2169 4477 2481 4532 Anastasio.

507 4590 564 4646 8.
593 4588 809 4645 Eusebii
840 4607 907 4647 ex
946 4607 1097 4660 opere
1126 4594 1194 4648 ad
1226 4592 1521 4655 Marinum.
1566 4592 1684 4650 Jam
1716 4594 1861 4666 quod
1888 4610 2005 4649 am-

2190 4594 2262 4666 η’.
2305 4594 2603 4650 Εὐσεϐἰου
2622 4592 2692 4647 ἐκ
2718 4591 2837 4647 τῶν
2860 4590 3008 4662 πρὸς
3029 4589 3322 4659 Μαρῖνον.
3364 4587 3500 4660 Περὶ
3523 4586 3581 4640 δὲ
3600 4586 3697 4642 τιῦ

435 4680 660 4753 bigitur,
690 4681 965 4752 quomodo
988 4683 1277 4750 Mattbasus.
1297 4684 1476 4739 visum
1514 4695 1699 4740 narret
1724 4686 2005 4757 discipulis

2123 4687 2420 4758 ὲπαπορεῖν
2450 4685 2630 4751 πάλιν,
2648 4684 2766 4750 πῶς
2787 4683 2935 4757 παρά
2965 4681 3042 4754 τῷ
3065 4680 3329 4752 Ματθαίῳ
3355 4681 3433 4744 εἰς
3464 4680 3564 4752 τὴν
3589 4678 3700 4735 Γα-

436 4769 726 4827 Dominum
762 4774 817 4828 in
852 4773 1086 4831 Galilane
1115 4776 1595 4844 monte,Joannes
1632 4787 1817 4833 autem
1865 4777 2005 4834 circa

2124 4776 2335 4832 λιλαίαν
2362 4770 2541 4847 ὦφθαι
2572 4777 2663 4831 τὸν
2691 4777 2896 4849 Κύριον
2925 4778 3038 4839 τοῖς
3070 4773 3336 4846 μαθηταῖς
3360 4774 3417 4826 ὲν
3446 4770 3546 4865 τῷ⁸
3557 4769 3699 4865 ὄρει,

437 4880 589 4921 mare
612 4864 953 4935 Tiberiadis,
988 4868 1076 4923 aio
1106 4868 1359 4940 equidem
1387 4910 1401 4936 ,
1435 4870 1581 4927 haud
1616 4870 1784 4926 semel
1815 4876 1869 4925 et
1918 4870 2005 4923 ite«

2124 4869 2275 4945 παρά
2292 4869 2349 4923 δὲ
2376 4868 2454 4940 τῷ
2479 4869 2698 4942 Ἰωάννῃ
2725 4868 2876 4941 παρά
2900 4867 2999 4939 τὴν
3028 4865 3301 4949 θάλασσαν
3329 4862 3431 4933 τῆς
3445 4860 3702 4932 Τιϐεριά-

437 4971 582 5021 rum,
617 4958 712 5014 sed
745 4961 1023 5016 multoties
1050 4958 1238 5017 Jesum
1278 4978 1402 5018 esse
1428 4972 1807 5033 conspectum.
1835 4959 2005 5028 Quart

2257 4950 2487 5035 ἐροῦμεν
2513 4963 2596 5016 δτι
2622 4963 2683 5015 ού
2709 4961 2868 5033 μόνον
2900 4960 3045 5027 ἅπαξ
3070 4959 3162 5013 καὶ
3179 4958 3281 5021 δὶς,
3304 4955 3438 5010 ἀλλά
3465 4955 3560 5009 καὶ⁸
3580 4954 3702 5009 πολ-

438 5049 665 5105 tuinime
711 5051 923 5105 errabis
978 5053 1025 5106 si
1072 5062 1331 5123 quartam
1382 5054 1652 5109 visionem
1698 5066 1821 5108 esse
1868 5052 2015 5105 illam

437 5142 740 5210 putaveris,
791 5157 913 5213 quae
954 5144 1097 5213 apud
1142 5143 1454 5201 Matthaeum
1486 5146 1563 5199 lit.
1618 5142 1771 5205 Hanc
1817 5143 2020 5214 quippe

437 5234 581 5290 haud
602 5234 748 5291 circa
778 5250 928 5293 mare
968 5235 1203 5292 Galilazae
1249 5238 1623 5308 speetautibus
1653 5251 1799 5300 eum,
1821 5235 1917 5290 sed
1962 5235 2019 5296 in

437 5332 625 5381 monte
664 5325 956 5398 discipulis
1003 5328 1256 5385 undecim
1309 5328 1611 5398 contigisse
1655 5327 1849 5383 scribit
1881 5326 2020 5383 Mat-

438 5418 616 5473 thaeus
648 5436 663 5472 :
693 5436 713 5471 ι
755 5417 1017 5475 Undeeim
1058 5429 1241 5475 autem
1280 5420 1536 5489 discipuli
1574 5427 1932 5489 perrexerunt
1961 5419 2017 5474 in

440 5517 703 5573 montem,
747 5522 908 5582 prout
952 5514 1277 5573 eondixerat
1336 5514 1445 5568 illis
1474 5511 1667 5575 Jesus,
1723 5528 1883 5584 quem
1942 5513 2017 5568 ibi

440 5611 796 5672 conspectum
827 5604 1216 5666 adoraverunt.
1255 5627 1274 5659 ι
1309 5604 1443 5663 Post
1494 5607 1611 5662 haec
1660 5606 1780 5662 sine
1827 5621 2018 5666 errore

496 5753 626 5881 ηδε)
666 5756 816 5814 Hanc
873 5776 1092 5834 quamne
1144 5764 1600 5832 quaestiunculam
1649 5779 1773 5818 cum
1822 5763 2012 5821 codice

496 5843 521 5881 ο
545 5830 819 5881 umnensi.
852 5847 996 5881 nunc
1028 5831 1311 5881 Vaticano-
1352 5835 1558 5881 utiliter
1587 5835 1815 5881 contuli-

442 5830 819 5896 bolumnensi,
852 5830 1311 5900 nunc'Vatieano,
1352 5835 1558 5890 utiliter
1587 5835 1816 5891 contuli.

2122 5054 2279 5119 λάκις
2316 5049 2494 5124 ὦφθαι
2524 5054 2707 5116 αὐτόν.
2726 5054 2818 5107 Διὸ
2837 5052 3104 5125 τετάρτην
3123 5048 3386 5103 ὀπτασίαν
3405 5048 3503 5118 οὐχ
3523 5046 3700 5117 ἀμάρ-

2123 5164 2235 5212 τοις
2271 5148 2369 5220 τὴν
2404 5148 2554 5220 παρά
2591 5146 2667 5231 τῷ
2684 5145 2947 5217 Ματθαίῳ
2977 5146 3157 5218 φήσας
3188 5140 3346 5206 εἶναι,
3368 5144 3433 5212 ἣν
3462 5140 3523 5193 οὑ
3550 5140 3695 5231 παρὰ

2123 5238 2222 5313 τὴν
2257 5237 2530 5292 θάλασσαν
2554 5228 2653 5308 τῆς
2680 5236 2988 5305 Γαλιλαίας,
3012 5234 3133 5288 οὐδὲ
3151 5236 3264 5297 τοῖς
3290 5228 3691 5302 δπτανομὲνοις,

2125 5329 2239 5383 ἀλλ’
2274 5332 2331 5383 ὲν
2355 5327 2433 5399 τῷ
2465 5330 2579 5401 ὄρει
2612 5330 2723 5393 τοῖς
2751 5328 2943 5381 ἕνδεκα
2976 5324 3303 5396 πεποιῆσθαι
3335 5318 3634 5393 ἀνέγραψεν
3663 5316 3696 5371 ὁ

2125 5420 2421 5485 Ματθαῖος,
2455 5420 2623 5474 εἰπών
2642 5438 2657 5453 ο
2691 5439 2708 5472 ι
2741 5420 2804 5473 Οἱ
2831 5419 2888 5472 δὲ
2916 5419 3109 5475 ἕνδεκα
3134 5417 3371 5488 μαθηταὶ
3401 5406 3701 5483 ἐπορεύθη-

2125 5532 2224 5568 σαν
2275 5516 2354 5578 εἰς
2400 5515 2462 5568 τὸ
2510 5514 2654 5587 ὅρος,
2689 5509 2749 5569 οὗ
2784 5514 3010 5581 ἐτάξατο
3042 5512 3222 5575 αύτοίς
3261 5511 3290 5563 ὁ
3328 5506 3574 5580 Ἰησοῦςο
3608 5502 3705 5557 καὶ

2127 5605 2323 5669 ἰδόντες
2356 5606 2516 5665 αὑτὸν
2548 5604 2977 5679 προσεκύνησαν.
3018 5623 3038 5657 ι
3075 5601 3185 5657 Καὶ
3232 5599 3368 5671 μετά
3412 5596 3572 5651 τοῦτο
3602 5593 3706 5649 οὐκ

2193 5765 2305 5838 (86)
2347 5763 2507 5822 Deest
2546 5767 2603 5821 in
2634 5764 2823 5822 codice
2852 5757 3206 5821 Columneusi
3239 5755 3627 5828 Μαγδαληνήν.
