4106 6430
393 394 531 452 {OB

1235 391 1736 450 SUPPLEEENTA
1773 395 2382 472 QUESTIONUIAD
2419 391 2778 459 MARINUM.

3492 411 3631 464 1014

386 511 455 566 ἂν
477 511 736 584 σφαλείης
768 512 934 566 cimini
981 511 1114 582 ὁμοῦ
1155 513 1274 565 κατ’
1303 514 1435 566 αὐτὸ
1474 515 1831 585 συνηγμένοις
1860 519 1955 570 αὺ-

2059 519 2232 588 dices,
2273 522 2466 579 iisdem
2499 523 2750 580 undecim
2785 524 3067 597 discipulis
3102 527 3467 598 congregatis,
3500 545 3631 586 nec-

379 603 494 666 τοῖς
520 605 637 665 τοῖς
665 602 860 656 ἕνδεκα
880 602 1146 673 μαθηταῖς
1179 601 1294 670 ἅμα
1315 603 1410 655 καὶ
1441 605 1557 666 τοῖς
1591 603 1960 676 ἐϐδομήκοντα

384 690 562 766 ὦφθαι
589 697 849 751 αὐτόν.⁹0
875 696 931 749 δὲ
973 694 1291 758 Ἀπόστολος
1319 695 1411 748 καὶ
1433 693 1512 747 ἔτι
1544 695 1745 750 τούτων
1778 695 1959 750 πλείο-

387 805 470 844 σιν
499 789 770 860 ἑωρᾶσθαι
795 787 885 841 τὸν
909 785 1111 857 Κύριον
1133 787 1267 856 μετὰ
1292 789 1387 859 τὴν
1404 788 1696 842 ἀνάστασιν
1726 790 1951 860 ἱστορεῖ,

384 879 584 950 λέγων·
624 881 776 934 (Ὅτι
809 881 1102 951 ἐγήγερται
1149 882 1214 950 τῇ
1257 880 1416 952 τρίτῃ
1457 879 1638 952 ἡμέρᾳ
1679 883 1820 936 κατὰ
1859 883 1957 947 τὰς

382 970 623 1045 Γραφὰς,
653 975 744 1027 καὶ
767 973 919 1042 ὤφθη
954 973 1137 1044 Κηφᾷ,
1164 973 1351 1026 ἔπειτα
1370 976 1481 1036 τοῖς
1512 972 1735 1037 δώδεκα,
1761 975 1948 1029 ἔπειτα

382 1062 537 1135 ὤφθη
567 1066 750 1119 ἐπάνω
778 1066 1152 1128 πεντακοσίοις
1200 1064 1446 1134 ἀδελφοῖς
1484 1065 1717 1134 ἐφάπαξ.
1749 1087 1766 1117 ι
1787 1068 1947 1138 ὐρᾷς

378 1155 564 1220 ὁσάκις
610 1158 702 1210 καὶ
751 1157 895 1219 ὅσοις
921 1155 1074 1228 ὤφθη
1115 1155 1251 1228 μετὰ
1293 1156 1388 1229 τὴν
1431 1158 1758 1224 άνάστασιν;
1791 1159 1944 1212 Οὕτω

378 1247 470 1301 καὶ
495 1251 602 1310 τοῖς
646 1250 700 1301 ἐν
741 1247 1089 1319 Ἰερουσαλὴμ
1118 1248 1582 1319 κρυτπαζομένοις
1606 1247 1694 1301 διὰ
1725 1248 1816 1301 τὸν
1847 1250 1942 1318 φό-

377 1339 468 1392 ϐον
490 1339 598 1393 τῶν
625 1340 911 1405 Ἰουδαίων,
935 1341 1028 1392 καὶ
1051 1340 1156 1411 πρό
1182 1357 1245 1407 γε
1269 1341 1483 1395 πάντων
1509 1339 1718 1412 ἀνδρῶν
1744 1340 1946 1410 Σίμωνι

375 1428 452 1499 τῷ
485 1429 696 1501 Πέτρῳ.
731 1430 1000 1499 γυναικῶν
1023 1431 1079 1483 δὲ
1104 1433 1228 1494 ταῖς
1259 1432 1400 1502 ἀμφὶ
1429 1431 1527 1502 τὴν
1558 1430 1940 1502 Μαγδαληνήψ

373 1520 490 1574 ὅθεν
521 1521 614 1575 καὶ
646 1523 673 1574 ὁ
704 1523 914 1586 Λουκᾶς
941 1539 1073 1592 φησι
1092 1538 1105 1552 ο
1145 1541 1162 1573 ι
1192 1523 1268 1576 Δι’
1297 1523 1519 1595 ἡμερῶν
1538 1523 1944 1595 τεσσαράκοντα

372 1612 736 1686 ὀπτανόμενος
777 1617 870 1668 καὶ
901 1613 1348 1686 συναυλιζόμενος
1380 1617 1580 1683 αὐτοῖς,
1614 1616 1681 1673 τὰ
1715 1617 1816 1687 τῆς
1843 1617 1942 1688 βα-

377 1703 579 1770 σιλείας
609 1704 704 1758 τοῦ
737 1705 870 1759 Θεοῦ
896 1705 1177 1778 παρεδίδου
1212 1707 1525 1780 μαθήματα.
1557 1727 1595 1777 »ι

2061 627 2168 666 non
2189 614 2309 670 aliis
2347 617 2711 686 septuaginta,
2742 615 2927 673 Iesum
2961 622 3297 689 apparuisse.
3336 621 3448 680 lino
3477 623 3624 694 Apo-

2059 706 2232 761 stolus
2251 708 2425 763 multo
2461 709 2638 764 adhuc
2671 709 2922 779 pluribus
2959 714 3136 766 visum
3186 729 3308 769 esse
3337 713 3624 770 Dominum

2058 806 2179 868 post
2209 801 2665 858 resurrectionem
2701 803 2786 858 bis
2817 804 3000 859 verbis
3028 813 3252 860 narrat:
3283 825 3300 858 ι
3341 806 3478 874 Quia
3501 825 3626 863 sur-

2053 892 2194 945 rexit
2225 893 2384 947 tertia
2405 893 2494 949 die
2519 894 2820 954 secundum
2850 894 3184 966 Scripturas,
3220 899 3478 969 visusque
3521 898 3622 956 Pe-

2056 990 2144 1037 tro
2178 991 2282 1050 est,
2320 992 2432 1038 tum
2465 985 2774 1051 duodecim,
2807 987 3004 1043 deinde
3029 991 3152 1060 plus
3179 991 3492 1060 quingentis
3516 990 3624 1046 fra-

2056 1076 2233 1130 tribus
2267 1076 2511 1133 simul".
2554 1098 2572 1131 ι
2605 1077 3030 1148 Viden,quoties
3059 1088 3112 1135 et
3139 1090 3273 1152 quot
3308 1083 3621 1139 hominibus

2055 1178 2178 1240 post
2218 1170 2676 1226 resurrectionem
2726 1180 3054 1243 conSpectus
3097 1173 3299 1230 fuerit?
3329 1175 3419 1231 Sic
3472 1177 3620 1233 enim

2054 1259 2306 1329 apparuit
2356 1258 2699 1316 latitantibus
2746 1261 2889 1314 intra
2944 1259 3371 1332 Hierosolymam
3401 1271 3621 1334 propter

2052 1358 2256 1406 metum
2289 1366 2318 1405 a
2345 1349 2579 1420 Iuda-is;
2616 1359 2671 1408 et
2699 1352 2878 1423 primo
2908 1354 3148 1408 virorum
3191 1353 3400 1410 Simoni
3434 1356 3616 1420 Petro,

2050 1441 2375 1498 feminarum
2400 1453 2581 1500 autem
2614 1443 2961 1516 liiagdaleuaa.
2998 1444 3178 1512 Quare
3209 1454 3264 1502 et
3292 1446 3466 1503 Lucas
3493 1448 3568 1502 ait
3599 1467 3612 1502 :

2056 1555 2074 1588 ι
2107 1536 2208 1591 Per
2249 1537 2366 1593 dies
2417 1536 2778 1608 quadraginta
2827 1553 3096 1617 apparens
3129 1541 3231 1606 eis,
3268 1556 3392 1597 cum
3437 1542 3615 1614 iisque

2051 1642 2384 1688 conversans
2417 1629 2722 1686 doctrinam
2751 1629 2818 1692 de
2845 1645 3014 1703 regno
3048 1630 3141 1687 Dei
3171 1632 3412 1689 tradidit.
3462 1653 3482 1686 ι

1410 1852 1514 1914 IX.
1540 1851 1624 1912 Ea:
1652 1854 1832 1910 eodem
1863 1855 2176 1924 Anastasio,
2200 1865 2390 1928 quazst.
2417 1857 2550 1917 148..

437 1970 500 2024 θ’.
541 1973 837 2028 Εὐσεόἱου
855 1973 923 2028 ἐκ
955 1973 1060 2028 τοῦ
1087 1972 1236 2044 πρὸς
1275 1973 1541 2044 Μαρῖνον
1568 1976 1701 2047 (87).
1740 1975 1852 2030 Καὶ
1878 1975 1938 2028 τὺ

2112 1976 2164 2032 9.
2206 1975 2431 2032 Eusebii
2452 1993 2516 2032 ea:
2540 1991 2688 2046 opere
2717 1977 2786 2032 ad
2811 1975 3102 2032 Marinum.
3127 1975 3363 2048 Spiritus
3386 1986 3610 2037 sanctus

368 2062 468 2131 μὲν
501 2064 604 2117 ὑπὸ
628 2063 864 2136 Χριστοῦ
894 2066 1228 2137 ἐμπνευσθέν
1250 2067 1474 2138 Πνεῦμα
1493 2067 1646 2136 ἅγιον
1671 2070 1784 2130 τοῖς
1808 2066 1941 2120 ἀπο-

367 2152 591 2219 στόλοις,
619 2154 835 2210 λυτικὸν
881 2157 972 2210 καὶ
1027 2157 1434 2228 συγχωρητικὺν
1483 2153 1551 2228 ἦν
1589 2157 1697 2229 (88)
1757 2159 1940 2228 πάσης

364 2245 666 2316 ἁμαρτίαςο
710 2250 770 2304 τὸ
819 2248 874 2301 δὲ
928 2249 1331 2319 ἐπηγγελμένον
1374 2251 1437 2302 τὸ
1480 2250 1937 2321 βαπτισθήσεσθαι

359 2338 558 2403 αὐτοὺς
601 2341 656 2394 ἐν
703 2341 842 2412 άγίῳ
875 2342 1169 2412 Πνεύματι,
1204 2343 1296 2394 καὶ
1347 2345 1630 2433 μετασχεῖν
1657 2342 1938 2412 δυνάμεως

359 2430 764 2501 ἐνεργημάτων,
813 2433 1170 2504 ἐνεργητικῆς
1213 2433 1311 2503 μὲν
1359 2432 1467 2486 τῶν
1523 2430 1818 2504 μελλόντων
1869 2431 1934 2484 δι’

359 2522 539 2576 αὐτῶν
584 2524 958 2580 ἀποτελεῖσθαι
1009 2525 1322 2597 θαυμάτων,
1378 2526 1696 2596 ἐνπατικῆς
1742 2525 1798 2578 δὲ
1843 2525 1936 2578 καὶ

359 2616 690 2686 καμερικῆς
717 2616 824 2669 τῶν
857 2617 1156 2687 μελλόντων
1187 2618 1371 2680 αὐτοῖς
1398 2616 1785 2670 ἐπανίστασθαι
1821 2635 1934 2670 κιν-

355 2704 546 2759 δύνων.
584 2707 696 2777 Πρὸ
728 2707 835 2778 γὰρ
862 2708 1064 2780 ταύτης
1093 2710 1190 2779 τῆς
1219 2707 1499 2780 δυνάμεως
1521 2707 1810 2780 κηρύττειν
1838 2709 1934 2762 αὑ-

355 2797 481 2860 τοὺς
511 2800 624 2861 τοῖς
653 2797 862 2852 ἔθνεσιν
907 2802 1006 2853 οὐκ
1053 2799 1320 2864 ἐϐούλετο,
1357 2800 1469 2854 ἀλλ’
1499 2800 1812 2870 ἐκδέχεσθαι
1839 2801 1932 2854 καὶ

362 2889 673 2960 περιμένειν
699 2891 868 2962 αὐτὴν
897 2891 953 2958 ἐξ
980 2890 1143 2962 ὕψους
1175 2896 1483 2965 μετασχεῖν.
1515 2892 1684 2946 Τοῦτο
1706 2893 1761 2945 δὲ
1791 2892 1883 2945 καὶ
1904 2893 1932 2944 ὁ

371 2980 690 3047 Ἀπόστολος
732 2983 793 3036 τὺ
841 2985 1085 3056 χάρισμα
1116 2985 1262 3046 ἰδίως
1285 2983 1556 3056 ἀφορίζων
1595 2984 1703 3036 τῶν
1731 2983 1932 3037 λοιπῶν

355 3073 642 3143 ἐνεργειῶν
663 3075 756 3132 τοῦ
779 3076 934 3144 ἁγίου
958 3077 1272 3146 Πνεύματος
1293 3076 1535 3129 ἐδίδασκε
1555 3075 1744 3145 λέγων’
1771 3093 1790 3126 ι
1805 3075 1932 3127 Ἀλ-

351 3161 427 3232 λῳ
458 3163 514 3218 δὲ
546 3166 892 3236 ἐνεργήματα
923 3166 1218 3238 δυνάμεων.
1247 3185 1265 3217 ι
1291 3168 1400 3220 Καὶ
1429 3169 1460 3239 ἡ
1488 3169 1794 3240 προφητεία
1827 3187 1930 3239 φη-

353 3254 438 3307 σί·
467 3272 486 3306 ι
510 3256 713 3327 Κύριος
740 3256 898 3311 δώσει
932 3260 1080 3329 ῥῆμα
1111 3263 1221 3323 τοῖς
1246 3259 1747 3332 εὐαγγελιζομένοις
1764 3262 1923 3315 δυνά-

356 3362 442 3416 μει
477 3346 663 3418 πολλῇ.
695 3343 828 3411 VH;
853 3350 1131 3421 δυνάμεως
1162 3353 1249 3404 ὅτε
1278 3353 1444 3422 μήπω
1469 3356 1736 3424 μετεῖχον,
1759 3353 1927 3424 ὴρνή-
1953 3336 2000 3397 C

355 3454 515 3492 σαντο
547 3439 709 3492 αὐτὸν
735 3443 782 3492 οἱ
805 3441 1002 3506 πάντες
1033 3445 1126 3497 καλ⁸
1151 3444 1644 3516 ἐσκανδαλίσθησαν
1673 3447 1815 3501 κατὰ
1837 3448 1952 3509 τὸν,

353 3529 542 3600 καιρὸν
589 3530 681 3584 τοῦ
732 3532 962 3596 πάθους·
992 3535 1079 3587 ὅτε
1123 3535 1179 3588 δὲ
1224 3537 1480 3606 μετέσχον
1508 3529 1694 3607 αὐτῆς,
1729 3538 1944 3604 πάντες

348 3622 467 3682 ταῖς
491 3620 629 3693 ὑπὲρ
653 3622 886 3694 Χριστοῦ
923 3625 1245 3696 μαρτυρίαις
1274 3644 1333 3678 τε
1374 3627 1467 3680 καὶ
1508 3628 1815 3698 ὁμολογίαις
1844 3629 1928 3683 δι-

350 3712 624 3784 έπρεψαν·
659 3715 1019 3780 άνακαινίζων
1043 3717 1150 3788 γὰρ
1188 3717 1277 3770 τὸν
1316 3717 1598 3790 ἄνθρωπον
1633 3721 1662 3772 ὁ
1700 3719 1924 3790 Κύριος,

347 3803 439 3857 καὶ
469 3804 535 3874 ἠν
567 3804 810 3860 ἀπώλεσε
834 3807 994 3879 χάριν
1023 3811 1086 3862 ἐκ
1112 3810 1204 3864 τοῦ
1239 3810 1631 3881 ἐμφυσήματος
1649 3809 1744 3863 τοῦ
1765 3810 1924 3876 Θεοῦ,

345 3891 547 3966 ταύτην
578 3896 736 3950 πάλιν
771 3897 1072 3962 ἀποδιδοὺς,
1106 3900 1434 3970 ἐνεφύσησεν
1459 3901 1537 3962 είς
1563 3899 1630 3953 τὰ
1656 3899 1921 3970 πρόσωπα

349 3983 455 4037 τῶν
489 3983 743 4056 μαθητῶν
776 3986 968 4056 λέγων,
1010 4007 1028 4040 ι
1056 3988 1262 4043 Λάϐετε
1293 3989 1717 4060 Πνεῦμαάγιον.
1754 4010 1773 4042 ι

2043 2081 2074 2120 a
2115 2067 2336 2123 Christo
2387 2069 2442 2124 in
2467 2069 2750 2140 apostolos
2779 2085 2876 2140 per
2910 2067 3094 2123 ﬂatum
3142 2068 3444 2134 immissus,
3475 2087 3607 2141 pec-

2040 2161 2152 2215 cati
2193 2163 2374 2218 omnis
2421 2161 2665 2218 solvendi
2717 2159 3138 2231 dimittendique
3183 2159 3292 2215 vim
3348 2161 3602 2217 habebat.

2040 2242 2159 2298 Jam
2183 2247 2500 2317 promissio,
2531 2246 2649 2303 fore
2697 2257 2756 2302 ut
2802 2247 3212 2318 baptizarentur
3258 2257 3450 2305 sancto
3480 2250 3606 2321 Spi-

2037 2348 2170 2409 ritu,
2201 2339 2544 2414 signiﬁcabat
2585 2347 2863 2410 compotes
2907 2355 3002 2396 eos
3045 2339 3260 2396 futuros
3312 2340 3589 2398 facultatis

2036 2449 2220 2491 rerum
2257 2431 2640 2502 gerendarum,
2670 2429 2828 2500 cujus
2870 2444 2972 2499 ope
3018 2430 3285 2500 patraturi
3317 2441 3474 2486 erant
3499 2433 3606 2486 mi-

2035 2527 2245 2590 racula,
2281 2525 2502 2594 vimque
2528 2523 2692 2579 etiam
2725 2523 3000 2594 recepturi
3033 2532 3196 2595 atque
3234 2524 3600 2580 constantiam

2038 2619 2300 2675 adversus
2341 2634 2406 2674 ea
2453 2633 2574 2689 quae
2629 2616 2909 2672 instabant
2955 2617 3219 2686 pericula.
3269 2618 3408 2672 Ante
3454 2617 3600 2672 enim

2036 2713 2179 2766 hanc
2211 2717 2488 2781 acceptam
2516 2707 2772 2763 virtutem
2801 2708 2978 2764 noluit
3002 2724 3098 2764 eos
3121 2710 3373 2781 gentibus
3407 2707 3602 2779 praedi-

2035 2821 2183 2868 care,
2228 2803 2322 2859 sed
2392 2801 2697 2873 prastolari
2735 2801 2904 2871 jussit
2936 2809 3100 2871 atque
3127 2816 3384 2865 manere,
3427 2801 3602 2857 donec

2031 2911 2151 2951 eam
2181 2911 2247 2950 ex
2281 2895 2390 2950 alto
2420 2893 2746 2964 reciperent.
2778 2892 2989 2948 Donum
3027 2893 3131 2948 hoc
3157 2893 3322 2949 etiam
3367 2891 3602 2964 Aposto-

2033 2987 2119 3042 lus
2166 2987 2374 3043 satisa
2403 2985 2630 3054 reliquis
2676 2985 2850 3039 sancti
2903 2985 3140 3055 Spiritus
3193 2985 3598 3055 operationibus

2034 3079 2348 3136 discernere
2381 3093 2440 3132 se
2471 3075 2739 3147 signiﬁcat
2770 3075 2898 3130 dum
2932 3079 3004 3131 ait
3035 3095 3048 3130 :
3086 3095 3103 3127 ι
3135 3077 3238 3130 Alii
3261 3079 3600 3148 operationes

2033 3170 2370 3228 virtutum“.
2405 3187 2424 3221 ι
2445 3167 2582 3222 Τιιηι
2612 3168 2896 3238 prophetia
2927 3166 3056 3221 dicit
3082 3187 3095 3222 :
3126 3187 3144 3219 ι
3171 3167 3432 3223 Dominus
3450 3166 3600 3221 dabit

2032 3260 2257 3319 verbum
2312 3257 2818 3328 cvangelizantibus
2863 3257 3069 3312 virtute
3121 3257 3370 3312 multa".
3420 3276 3437 3308 ι
3481 3255 3598 3324 Qua

2031 3352 2232 3408 virtute
2260 3366 2383 3405 cum
2415 3348 2657 3404 nondum
2688 3357 2845 3402 erant
2875 3348 3056 3417 potiti,
3094 3355 3428 3418 negaverunt
3471 3363 3598 3403 eum

2031 3459 2244 3506 omnes,
2285 3449 2339 3497 et
2369 3440 2630 3496 seandalo
2664 3439 2940 3510 passionis
2969 3446 3219 3508 tempore
3252 3440 3391 3510 lapsi
3431 3447 3595 3494 sunt:

2031 3536 2122 3589 illa
2161 3542 2343 3589 autem
2375 3534 2682 3602 impetrata,
2743 3532 2923 3586 cuncti
2954 3532 3206 3601 protinus
3234 3533 3600 3588 confessioni-

2029 3625 2134 3679 bus
2163 3623 2601 3693 testimoniisque
2627 3637 2725 3693 pro
2751 3621 2974 3678 Christo
3000 3621 3163 3676 editis
3197 3621 3592 3678 inclaruerunt.

2029 3716 2275 3772 Renovat
2332 3716 2477 3770 enim
2527 3713 2802 3769 hominem
2839 3713 2984 3768 Deus
3021 3755 3035 3778 ,
3070 3713 3144 3767 ita
3177 3721 3236 3767 ut
3275 3729 3436 3784 quam
3470 3727 3599 3783 gra-

2032 3807 2163 3861 tiam
2193 3805 2356 3860 homo
2379 3804 2661 3867 amiserat,
2707 3801 2804 3856 Dei
2848 3802 2978 3856 olim
3023 3801 3381 3870 inspiratione
3422 3801 3594 3854 colla-

2029 3907 2165 3961 tam,
2202 3895 2378 3950 eidem
2410 3892 2553 3947 hanc
2598 3906 2795 3948 rursus
2837 3889 2983 3946 Deus
3032 3889 3361 3949 attribuerit,
3416 3889 3470 3942 in
3513 3887 3596 3942 ia-

2027 3989 2167 4041 ciem
2193 3983 2591 4055 discipulorum
2627 3983 2905 4055 inspirans
2937 3982 3024 4037 bis
3047 3981 3226 4037 verbis
3259 3999 3272 4035 :
3310 3999 3328 4032 ι
3351 3979 3594 4050 Accipite

2035 4075 2300 4148 Spiritum
2333 4083 2607 4131 sanctum.
2648 4092 2668 4127 ι

643 4203 712 4258 Χ.
741 4203 825 4259 Ea:
856 4204 1080 4261 Macarii
1108 4205 1516 4278 Chrysocephali
1547 4209 1657 4281 (89)
1691 4208 2004 4282 Florilegio,
2032 4209 2173 4280 apud
2203 4209 2573 4272 Villoisonum,
2596 4207 2862 4263 Anecdot.
2887 4215 2927 4262 ι.
2961 4205 3047 4272 Il,
3077 4223 3132 4278 ρ.
3166 4206 3250 4260 74.

418 4328 467 4374 ι’.
510 4321 766 4386 Εὐσέϐιος
799 4322 854 4375 δὲ
886 4323 914 4375 ό
944 4323 1228 4393 Παμφίλου
1272 4324 1330 4376 ἐν
1362 4326 1430 4396 τῇ
1477 4324 1625 4393 πρὸς
1657 4325 1922 4396 Μαρῗνον

344 4414 596 4485 ἐπιστολῇ
625 4414 738 4484 (90)
765 4413 938 4479 οὕτως
964 4414 1238 4487 ἐξηγεῖται
1266 4415 1636 4488 τὸτπροτεθὲν,
1671 4417 1751 4470 ὅτι
1785 4417 1922 4471 διαι-

349 4501 524 4572 ρέσεις
557 4503 908 4574 χαρισμάτων
933 4505 1042 4557 εἰσὶ
1079 4503 1219 4558 κατὰ
1259 4504 1350 4558 τὸν
1394 4505 1733 4568 Ἀπόστολον,
1766 4506 1826 4560 τὸ
1864 4506 1920 4560 δὲ

2097 4325 2185 4380 ιο.
2221 4309 2497 4380 Eusebius
2548 4322 2815 4395 Pamphili
2862 4321 2918 4380 in
2964 4322 3196 4393 epistola
3221 4321 3290 4376 ad
3322 4320 3594 4376 Marinum

2027 4419 2383 4491 quaestionem
2429 4417 2510 4472 sic
2553 4415 2808 4486 explicat,
2858 4413 3005 4486 quod
3054 4429 3249 4484 nempe
3298 4411 3593 4469 divisiones

2025 4513 2328 4585 gratiarum
2359 4518 2508 4573 sunt,
2540 4517 2601 4563 ut
2629 4508 2705 4562 ait
2738 4507 3057 4578 Apostolus,
3079 4506 3222 4562 idem
3254 4514 3434 4561 autem
3471 4504 3593 4576 Spi-

344 4593 475 4646 αὐτὸ
506 4593 746 4664 Πνεῦμα.
785 4595 893 4648 Καὶ
919 4596 1078 4650 πάλιν
1101 4614 1113 4627 '
1144 4597 1358 4668 ἑκάστῳ
1383 4596 1580 4649 δίδοται
1613 4598 1645 4668 ή
1677 4595 1920 4669 φανέρωο
1952 4609 1955 4618 “

2036 4605 2187 4659 ritus.
2246 4601 2593 4671 Rursusque,
2629 4599 2776 4669 quod
2822 4599 3121 4669 unicuique
3170 4598 3385 4660 lumen,
3432 4605 3594 4668 prout

345 4703 428 4750 σις
451 4686 584 4757 πρὸς
611 4686 672 4739 τὸ
700 4687 994 4757 συμφέρον·
1031 4683 1156 4759 ιΪῼ
1181 4689 1278 4759 μὲν
1305 4687 1412 4760 γάρ
1437 4688 1523 4741 διὰ
1548 4688 1643 4742 τοῦ
1667 4689 1918 4762 Πνεῦμα-

342 4798 432 4845 τος
458 4781 658 4835 δίδοται
680 4780 835 4849 λόγος
857 4782 1066 4850 σοφίας,
1089 4783 1230 4854 ἄλλῳ
1253 4783 1308 4836 δὲ
1331 4783 1487 4852 λόγος
1506 4782 1756 4852 γνώσεως
1778 4785 1918 4839 κατὰ

342 4874 402 4928 τὸ
429 4874 560 4928 αὐτὸ
583 4874 806 4946 Πνεῦμα
825 4891 838 4905 ⁸
871 4875 1040 4949 ἑτέρῳ
1070 4877 1126 4930 δέ
1162 4876 1340 4941 πίστις
1370 4877 1426 4929 ἐν
1455 4877 1530 4948 τῷ
1563 4877 1709 4948 αύτῷ
1746 4879 1916 4932 Πνεύέ

347 4985 495 5038 ματι,
526 4967 669 5038 ἄλλῳ
701 4967 756 5020 δὲ
801 4969 1154 5040 ἐνεργήματα
1188 4967 1296 5039 (91)
1342 4967 1642 5038 δυνάμεων,
1679 4968 1822 5040 ἄλλῳ
1857 4969 1914 5022 δὲ

345 5062 687 5130 προφητεῖαι,
721 5058 865 5130 ἄλλῳ
887 5059 944 5113 δέ
965 5058 1261 5132 διακρίσεις
1289 5060 1633 5130 πνευμάτων,
1659 5063 1831 5135 ἐτέρῳ
1857 5062 1928 5115 δὲ’

2025 4711 2164 4767 opus
2187 4693 2372 4759 fuerit,
2391 4692 2708 4747 attribuitur
2734 4711 2746 4748 :
2781 4710 2799 4743 ι
2821 4691 2927 4745 Alii
2955 4689 3174 4762 quidem
3207 4705 3387 4745 sermo
3411 4688 3592 4745 scien-

2025 4789 2113 4843 tiae
2144 4785 2444 4842 secundum
2484 4783 2734 4840 eumdem
2769 4782 3198 4854 Spiritum;alii
3242 4781 3376 4837 ﬁdes
3419 4781 3592 4836 ineo-

2023 4877 2144 4933 dem
2211 4875 2440 4947 Spiritu,
2499 4873 2591 4928 alii
2642 4873 3016 4944 prodigiorum
3076 4873 3272 4935 virtus,
3333 4871 3421 4926 alii
3464 4885 3592 4941 pro-

2021 4969 2236 5041 phetiae,
2292 4968 2381 5022 alii
2432 4966 2794 5024 discretiones
2849 4966 3164 5037 spirituum,
3224 4965 3314 5019 alii
3376 4965 3590 5036 lingua-

2020 5076 2140 5116 rum
2173 5059 2512 5120 multitudo;
2545 5075 2666 5130 qua:
2698 5069 2879 5120 tamen
2913 5055 3096 5114 omnia
3143 5067 3400 5127 operatur
3446 5070 3588 5111 unus

417 5216 462 5247 "
499 5215 517 5269 Ι
552 5214 680 5272 Cor.
715 5232 808 5282 xv,
842 5216 924 5283 4;,
973 5217 1018 5248 "
1061 5215 1079 5269 Ι
1113 5217 1240 5274 Cor.
1278 5233 1355 5272 xtl
1380 5258 1395 5284 ,
1433 5217 1544 5278 10._
1594 5219 1638 5250 "
1679 5217 1822 5274 Psal.
1848 5233 2030 5283 van,
2070 5218 2158 5275 i2.

569 5395 748 5476 Verba
768 5399 839 5476 ἐκ
868 5399 973 5453 τοῦ
1004 5400 1152 5470 πρὸς
1188 5401 1454 5472 Μαρῖνον
1491 5403 1691 5458 desunt
1720 5403 1776 5458 in
1807 5417 1901 5458 co-

2036 5403 2138 5458 nihi
2175 5402 2231 5456 S.
2264 5403 2450 5476 Cyrilli
2489 5401 2788 5476 fragmenta
2819 5400 3343 5476 Commentariorum
3364 5396 3452 5476 _¢_1d
3485 5395 3586 5476 Lit:

383 5398 530 5522 .(872
569 5398 748 5452 Verba
768 5399 839 5480 ἐπι

344 5468 464 5522 dlce
536 5469 865 5524 olumnenst.

415 5538 524 5609 (88)
568 5539 726 5613 Deest
749 5536 817 5611 ἦν
850 5541 903 5594 in
931 5540 1154 5613 codice.
1175 5539 1280 5595 Sed
1309 5549 1491 5598 tamen
1520 5553 1710 5598 extera
1734 5543 1910 5613 plera-

346 5622 453 5679 que
500 5611 722 5663 meliora
776 5610 904 5664 sunt
947 5610 1008 5664 in
1039 5612 1226 5666 codice
1259 5628 1420 5679 quam
1463 5615 1516 5667 in
1561 5610 1909 5668 Gretsériana

347 5675 623 5798 Antastasii
645 5679 902 5746 editione,
936 5697 1055 5757 quae
1083 5675 1331 5752 plurim-is
1360 5683 1464 5738 beu
1494 5685 1908 5740 mendis!labo-

348 5761 406 5800 ra
439 5786 450 5796 .

419 5786 534 5886 ἶὸθ)
577 5818 666 5878 Est
699 5820 785 5878 bic
815 5822 953 5878 idem
987 5820 1256 5880 Macarius
1289 5823 1786 5897 Chrysocephalus,
1818 5827 1910 5899 qui

2014 5492 2129 5528 cam
2183 5467 2734 5529 non'rontemnenda
2784 5473 2997 5526 obtulit.
3051 5471 3304 5539 Ejusdem
3363 5467 3586 5539 Macarii

2013 5546 2165 5601 locos
2194 5545 2532 5615 dogmaticos
2575 5542 2773 5612 protuli
2815 5535 3108 5599 identidem
3149 5541 3205 5596 in
3236 5539 3372 5596 meis
3389 5539 3456 5594 ad
3487 5535 3584 5594 Ni-

2013 5613 2310 5696 εερὲιρτιιεί)
2343 5613 2606 5696 ξςὲξοιίίεο.
2692 5683 2732 5696 _
2832 5682 2904 5696 ..

2085 5676 2196 5756 "(90)
2236 5684 2548 5756 Xipbilinﬁus
2595 5685 2650 5738 in
2692 5682 2973 5756 Dominica
3008 5682 3251 5756 Thomaz,
3300 5679 3422 5737 cod.
3459 5676 3576 5738 Vat.

2014 5773 2066 5828 p.
2095 5753 2575 5828 '7149,_reeitatghoc
2605 5756 2780 5828 ipsum
2815 5753 3033 5811 Eusebii
3070 5753 3451 5825 fragmentum.

2087 5826 2194 5897 (9i)
2235 5825 2420 5895 Xiph.,
2449 5825 2802 5898 ἐνεργήματι.
