4106 6434
356 388 357 391 ‘
453 372 590 430 i015

1108 365 1377 438 EUSEBH
1427 358 1908 419 CESARIENSIS
1937 347 2113 415 OPP.
2129 353 2308 412 PARS
2331 352 2420 410 HI.
2442 345 2936 410 -ΕῑΕοΕτισΑς

455 491 707 558 idemque
738 485 1006 557 Spiritus,
1035 483 1284 540 dividens
1325 482 1555 554 singulis
1583 486 1743 552 prout
1765 478 1878 533 vult
1906 478 2009 534 ’9.»

2126 472 2245 545 γένη
2279 470 2536 542 γλωσσῶν
2562 489 2579 506 ·-
2608 471 2786 526 πάντα
2813 470 2870 524 δὲ
2896 466 3069 524 ταῦτα
3095 470 3305 540 ἐνεργεῖ
3346 467 3406 522 ἓν
3450 467 3549 539 μὲν
3586 460 3682 524 καὶ

457 581 801 636 Demonstrat
828 578 972 631 enim
1001 575 1296 646 Apostolus
1323 574 1486 628 unius
1517 571 1869 644 ejusdemque
1898 569 2020 640 Spi-

456 671 596 726 ritus
629 668 828 723 multas
855 683 978 724 esse
1005 667 1257 731 virtutes,
1294 666 1636 722 diversorum
1667 678 1894 735 operum
1941 661 2020 716 el-

457 761 730 818 i’ectrices.
759 758 949 831 Cogita
1001 758 1166 831 igitur
1211 766 1395 815 utrum
1441 773 1587 812 nunc
1625 756 1878 822 Christus
1905 755 2019 810 sin-

458 852 700 922 gularem
756 851 997 920 aliquam
1047 849 1280 919 gratiam
1331 849 1624 920 discipulis
1684 847 2019 912 contulerit,

455 941 600 995 haud
623 940 840 1012 quidem
878 939 947 994 ad
989 949 1238 996 mortuos
1287 939 1637 996 suscitandos
1666 939 2023 1011 prodigiaque

454 1032 758 1099 elﬁcienda,
797 1033 888 1088 sed
913 1033 982 1088 ad
1012 1033 1337 1087 dimittenda
1383 1039 1628 1103 peccata.
1662 1031 1802 1087 Sunt
1845 1031 2020 1098 enim,

456 1131 518 1178 ut
565 1123 828 1190 diximus,
879 1124 1094 1179 diversa
1147 1122 1388 1194 Spiritus
1441 1125 1606 1180 dona.
1657 1123 2021 1192 Quamobrem

457 1233 602 1272 nunc
631 1199 840 1271 addidit
874 1235 888 1270 :
924 1233 943 1266 ι
980 1215 1226 1282 Quorum
1263 1215 1590 1272 remiseritis
1631 1224 1877 1286 peccata,
1930 1232 2020 1272 re-

457 1309 771 1376 mittuntur,
808 1327 829 1362 ι
872 1318 1004 1374 etc.,
1040 1308 1240 1378 quibus
1269 1307 1453 1364 verbis
1485 1307 1729 1363 ostendit
1760 1323 1792 1362 a
1833 1323 1893 1363 se
1917 1308 2022 1363 hoc

457 1416 630 1472 genus
674 1401 972 1472 gratiarum
1020 1415 1169 1455 nunc
1223 1400 1333 1456 illis
1375 1416 1499 1456 esse
1550 1401 1833 1456 collatum.
1895 1398 2022 1454 Post

457 1494 704 1566 ejusdem
735 1509 868 1550 vero
909 1494 1305 1559 ascensionem,
1342 1491 1581 1563 Spiritus
1626 1493 2023 1564 superveniens

460 1586 846 1641 miraculorum
874 1601 1092 1657 quoque
1120 1592 1174 1640 et
1205 1585 1532 1640 omnimodae
1559 1585 1747 1656 gratiae
1770 1583 1878 1640 vim
1910 1587 2024 1639 vir-

459 1687 742 1748 tutemque
791 1678 927 1749 ipsis
959 1677 1157 1732 attulit.
1188 1675 1370 1742 Quare
1417 1692 1566 1732 nunc
1616 1678 1735 1734 sine
1789 1678 2024 1734 articulo

461 1768 710 1841 (Πνεῦμα
752 1784 852 1839 pro
880 1769 941 1822 τὸ
985 1768 1229 1840 Πνεῦμα)
1261 1770 1374 1823 ait:
1415 1787 1433 1821 ι
1462 1768 1711 1841 Accipite
1758 1769 2022 1842 Spiritum

2121 567 2181 620 τὸ
2210 565 2340 623 αὐτὸ
2367 563 2609 636 Πνεῦμα,
2641 561 2877 634 διαιροῦν
2907 562 3009 634 ἰδίᾳ
3040 562 3252 635 ἑκάστῳ
3279 561 3458 628 καθὼς
3493 561 3680 633 βούλε-

2119 677 2230 712 ται.
2265 677 2284 710 ι
2319 655 2511 725 Σαφῶς
2553 656 2661 728 γὰρ
2701 655 2788 709 διὰ
2816 654 2910 708 τοῦ
2938 656 3055 720 ἐνὸς
3082 657 3174 709 καὶ
3199 655 3294 709 τοῦ
3321 653 3484 709 αὑτοῦ
3515 655 3685 709 ΙΙνεύ-

2124 765 2312 820 ματος,
2341 745 2539 810 πολλὰς
2583 741 2722 799 εἶναι
2765 745 3074 816 παρέστησε
3113 745 3387 817 δυνάμεις,
3412 745 3686 818 διαφόρων

2123 842 2457 916 πραγμάτων
2483 839 3002 912 ὲνεργητικάς.’¹ορα
3029 840 3206 894 τοίνυν
3236 841 3432 912 μήπως
3451 839 3688 896 ἐνταῦθα.

2123 935 2368 1003 ἐξουσίαν
2396 932 2517 987 τινὰ
2551 931 2781 1004 μερικὴν
2819 933 2914 986 καὶ
2949 932 3106 1003 χάριν
3136 931 3504 1003 πνευματικὴν
3527 932 3691 987 δέδω-

2123 1047 2216 1082 κεν
2242 1027 2423 1090 αὐτοῖς
2444 1042 2458 1055 ·
2491 1025 2588 1095 οὐχ
2614 1023 2753 1078 ὥστε
2779 1026 3004 1096 νεκροὺς
3027 1024 3280 1094 ἐγείρειν,
3311 1026 3407 1078 καὶ
3431 1023 3690 1094 δυνάμεις

2124 1127 2314 1188 ποιεῖν,
2340 1123 2453 1176 ἀλλ’
2483 1122 2623 1176 ὥστε
2659 1121 2876 1191 ἀφιέναι
2899 1121 3267 1193 ἁμαρτήματα
3287 1135 3301 1148 ο
3327 1117 3557 1188 διάφορα
3577 1115 3692 1188 γὰρ

2120 1217 2189 1270 τά
2227 1215 2539 1288 χαρίσματα
2578 1214 2672 1268 τοῦ
2712 1214 3046 1285 Πνεύματος.
3072 1214 3162 1267 Διὸ
3192 1213 3288 1266 καὶ
3318 1211 3574 1266 συνάπτει
3603 1209 3692 1263 λέ-

2122 1325 2252 1378 γων,
2293 1327 2315 1360 ι
2347 1310 2445 1361 Ἀν
2465 1326 2626 1362 τινων
2649 1310 2822 1380 ἀφῆτε
2856 1305 2956 1371 τὰς
2983 1304 3274 1377 ἁμαρτίας,
3309 1303 3558 1374 ἀφίενται
3586 1303 3688 1357 αὐ-

2121 1403 2252 1466 τοῖς,
2279 1420 2300 1453 ι
2339 1401 2430 1455 καὶ
2458 1401 2529 1455 τὰ
2560 1401 2716 1471 ὲξῆςο
2753 1400 2966 1464 δεικνὺς
2997 1402 3078 1454 ὅτι
3111 1399 3270 1452 τοῦτο
3311 1398 3374 1451 τὺ
3417 1393 3555 1461 εἶδος
3580 1396 3691 1452 τῶν

2124 1493 2506 1564 πνευματικῶν
2526 1494 2878 1565 χαρισμάτων
2900 1493 3080 1556 αὐτοῖς
3105 1491 3432 1562 ἐδωρήσατο.
3459 1489 3615 1543 Μετὰ
3635 1488 3693 1542 δὲ

2124 1587 2223 1658 τὴν
2246 1586 2509 1657 ἀνάληψιν
2539 1587 2672 1641 αὐτὸ
2696 1587 2754 1640 τὸ
2783 1584 3012 1658 Πνεῦμα
3031 1583 3308 1650 κατελθὸν,
3341 1583 3432 1638 καὶ
3459 1583 3570 1638 τῶν
3593 1598 3694 1652 ση-

2129 1679 2298 1751 μείων
2343 1680 2438 1734 καὶ
2485 1679 2683 1742 παντὸς
2717 1679 2902 1751 ἑτέρου
2950 1678 3281 1751 χαρίσματος
3316 1676 3415 1740 τὰς
3438 1676 3699 1748 δυνάμεις

2125 1770 2188 1841 δὴ
2224 1770 2335 1841 (92)
2379 1773 2473 1825 καὶ
2517 1768 2794 1845 ἐνεργείας
2827 1771 3009 1835 αὐτοῖς
3038 1771 3358 1842 ἐχορήγησε.
3400 1769 3499 1823 Διὰ
3540 1769 3698 1824 τοῦτο

459 1871 748 1932 sanctum;
784 1883 803 1916 ι
826 1862 1139 1933 signiﬁcans
1166 1871 1373 1933 partem
1397 1878 1456 1919 se
1476 1863 1765 1934 quamdam
1791 1863 2024 1922 eliicacis

2126 1859 2358 1914 ἐνταῦθα
2403 1861 2502 1932 μὲν
2549 1860 2675 1915 ἄνευ
2721 1859 2921 1932 ἄρθρου
2969 1856 3114 1926 εἶπε,
3165 1879 3184 1911 ι
3212 1860 3418 1914 Λάϐετε
3471 1859 3696 1932 Πνεῦμα

463 1953 700 2028 Spiritus
749 1955 1060 2010 attribuere.
1114 1951 1192 2009 De
1246 1953 1366 2025 ipso
1412 1962 1593 2010 autem
1652 1955 1856 2029 Spiritu
1904 1959 2023 2017 ait:

467 2067 484 2098 ε
515 2047 811 2120 Accipietis
849 2047 1104 2102 virtutem
1135 2047 1569 2118 supervenientis
1609 2049 1666 2104 in
1708 2065 1808 2106 vos
1859 2049 2031 2122 Spiri-

461 2140 601 2195 tns‘.
626 2158 648 2191 ι

2129 1954 2300 2020 ἅγιον,
2322 1972 2344 2006 ι
2369 1952 2542 2025 δηλῶν
2569 1954 2650 2007 ὃτι
2688 1971 2750 2025 με
2760 1955 2916 2025 ρικήν
2941 1970 3064 2006 τινα
3089 1951 3184 2008 τοῦ
3209 1951 3348 2005 Πνεύ
3357 1969 3522 2022 ματος
3545 1951 3700 2022 ἐνέρ-

2130 2062 2285 2114 γειαν
2330 2045 2545 2099 δίδωσιν
2591 2046 2803 2109 αὐτοῖς·
2851 2046 2980 2118 περὶ
3020 2043 3130 2116 (95)
3171 2045 3228 2098 δὲ
3269 2045 3476 2098 ἐκείνου
3523 2042 3697 2116 φησί’

2137 2157 2156 2190 ‹
2185 2137 2436 2210 Λήψεσθε
2467 2139 2694 2210 δύναμιν
2727 2138 3040 2204 ἐπελθόντος
3069 2138 3166 2192 τοῦ
3195 2138 3350 2209 ἁγίου
3385 2139 3702 2210 Πνεύματος

2129 2231 2214 2300 ἐφ’
2250 2232 2394 2303 ὑμᾶς
2429 2230 2562 2304 (94).
2596 2251 2616 2284 ι

463 2378 658 2436 Deinde
681 2382 1011 2453 prosequitur
1041 2379 1181 2448 apud
1224 2380 1556 2451 Xiphih'mim
1591 2383 1848 2441 Eusebius
1881 2385 2066 2441 iisdem
2096 2386 2266 2441 verbis
2318 2387 2503 2460 quibus
2534 2389 2590 2442 in
2625 2389 2946 2458 praecedente
2975 2390 3271 2461 fragmento
3301 2389 3440 2460 apud
3462 2389 3702 2456 Anasta-

792 2471 958 2534 sium;
989 2485 1166 2539 nempe
1203 2471 1307 2542 πρὸ
1335 2473 1444 2543 γὰρ
1477 2474 1679 2548 ταύτης
1717 2477 1818 2548 τῆς
1841 2476 2025 2551 δυνάμι

2153 2489 2253 2536 etc.
2289 2495 2454 2550 usque
2491 2480 2560 2534 ad
2590 2482 2686 2536 καὶ
2711 2480 3020 2553 ὁμολογίαις
3048 2481 3366 2556 δ.ἐπρεψαν.

615 2652 638 2707 ι
669 2649 795 2708 Cor.
831 2670 943 2719 ιιι,
974 2652 1130 2709 s-u.
1194 2653 1315 2709 Act.
1353 2627 1486 2719 1,8.

557 2806 648 2882 9g)
685 2806 938 2882 ρεςβιδή
969 2809 1112 2879 apud
1141 2807 1510 2882 Xiphilinum.

555 2876 644 2949 95)
684 2876 1188 2949 Xiphiiinusmpd.

532 2948 648 3020 (94)
688 2948 966 3005 Hactenus
999 2948 1373 3019 supplementa
1403 2952 1688 3020 posuimus
1718 2967 1783 3006 ex
1817 2951 1884 3006 iis
1915 2961 2032 3007 tan-

463 3020 745 3089 tummodo
781 3021 917 3075 locis
945 3020 1000 3073 in
1039 3021 1417 3089 quibus'opus
1449 3020 1671 3076 Eusebii
1709 3023 2030 3076 nominatim

463 3090 535 3162 ad
556 3088 827 3143 Marinum
863 3090 1138 3144 laudatur.
1167 3088 1511 3162 Caeteroquin
1539 3100 1742 3161 quanta
1770 3107 1896 3162 pars
1923 3092 2030 3146 Eu-

463 3161 812 3232 sebianarum
832 3162 1193 3232 quaestionum
1217 3161 1418 3232 tum_ad
1445 3161 1803 3232 Stephanum,
1825 3172 1938 3217 tum
1964 3163 2031 3218 ad

465 3231 734 3288 Marinum
779 3229 1282 3287 in'Commentario
1328 3229 1384 3284 S.
1427 3229 1702 3290 Ambrosii
1755 3232 1824 3287 ad
1869 3232 2032 3289 Luae

466 3301 1114 3375 Evangeliumjupersit,
1144 3301 1272 3375 item
1298 3312 1502 3371 quanta
1530 3303 1586 3356 in
1618 3301 1933 3375 Hieronymi
1964 3304 2031 3359 ad

465 3371 773 3426 Matthmum
809 3371 1526 3439 Comnwntariooccurrat,
1559 3375 1613 3428 in
1649 3371 2034 3442 subsequenti-

466 3443 570 3497 bus
588 3442 833 3513 paginis,
877 3444 1072 3513 partim
1118 3443 1329 3502 saltem.
1372 3443 1894 3501 demonstrabimus.
1932 3445 2035 3500 Le-

465 3512 671 3584 gendus
693 3512 908 3587 quoque
935 3512 1276 3587 Augustinus
1299 3513 1376 3568 De
1405 3531 1663 3570 consensu
1688 3515 2036 3587 evangelista-

465 3582 604 3654 rum,
619 3582 674 3640 ct
691 3584 746 3639 in
773 3582 1164 3652 Quwstioriibus
1185 3582 1541 3658 Evangelicis;
1559 3587 1687 3643 item
1703 3582 2035 3660 anonymum

2056 2817 2098 2876 C
2132 2827 2271 2882 opus
2299 2809 2662 2882 Qutestionurn
2697 2809 2896 2865 Veteris
2923 2818 2972 2862 et
3003 2808 3147 2864 Novi
3160 2809 3536 2882 _Testar_nenti;
3572 2823 3703 2865 nec-

2133 2879 2242 2937 non
2277 2897 2374 2952 seu
2405 2881 2577 2936 falsus
2601 2881 3026 2952 Qltrysostomus
3043 2895 3139 2936 seu
3159 2879 3316 2952 Titus
3352 2880 3698 2952 Bostrensis;

2135 2962 2250 3007 tum
2281 2951 2586 3023 Hesychius
2609 2950 3136 3023 Hierosolymitanus
3160 2967 3255 3023 ac_
3267 2950 3506 3006 Joannes
3527 2950 3700 3023 Thes:

2136 3021 2517 3086 salonicensis,
2538 3024 2593 3076 in
2617 3022 3008 3087 Qumstionibus
3027 3039 3178 3091 aeque
3209 3021 3574 3091 Evangelicis;
3602 3021 3698 3092 qui

2138 3102 2389 3148 auctores
2421 3108 2611 3148 omnes
2650 3091 2958 3148 Eusebiano
3000 3109 3030 3146 a
3070 3095 3217 3148 fonte
3253 3091 3698 3146 multifariam’et

2137 3165 2341 3220 aﬂ'atim
2370 3164 2624 3220 hausisse
2647 3163 2919 3219 videntur.
2949 3162 3055 3218 Sed
3075 3167 3215 3220 enim
3247 3178 3349 3218 nos
3378 3163 3549 3216 multo
3581 3162 3701 3230 plu-

2138 3252 2230 3292 res
2265 3234 2698 3291 Eusebianarum
2733 3233 3094 3306 quaestionum
3130 3233 3466 3306 credibiliter
3496 3232 3701 3306 expila-

2140 3318 2308 3373 tores,
2342 3307 2426 3362 vel
2457 3313 2604 3361 certe
2634 3301 2957 3369 imitatores,
2991 3306 3046 3359 in
3077 3305 3390 3374 praelatione
3419 3301 3702 3374 recensuit

2141 3372 2297 3434 mus.
2331 3375 2506 3433 Porro
2545 3377 2616 3430 ab
2652 3377 2738 3432 his
2768 3383 3008 3430 veterum
3039 3372 3506 3430 lucubrationibus
3536 3372 3703 3428 medii

2141 3465 2360 3520 quoque
2405 3455 2460 3520 et
2507 3448 2677 3520 intimi
2727 3448 2825 3520 αενῇ
2873 3446 3197 3517 interpretes
3240 3446 3542 3502 solutiones
3573 3455 3709 3501 suas

2143 3517 2303 3590 prout
2331 3519 2546 3577 libitum
2580 3519 2680 3575 fuit
2709 3517 3112 3575 derivaverunt.

3541 350 3677 408 tota
