4106 6434
922 347 942 379 ι

397 369 524 424 l‘il'l
922 366 942 379 ⁹
1122 366 1416 423 ECLOGrE
1455 367 1932 427 PROPHETICAE.
1960 403 2030 414 —
2056 372 2143 427 DE
2175 373 2423 430 CODICE
2457 373 2568 429 MS.
2611 373 2880 432 VINDOB.
3469 378 3605 437 lOlS

437 584 2334 613 NW

1819 589 3586 623 Μ

958 797 1812 978 EUSEBII
1972 791 3033 1038 PAMPHILI

1520 1145 1874 1208 EPISCOPI
1939 1143 2466 1207 C/ESARIENSIS

1065 1320 1726 1486 ECLOGXE
1821 1357 2908 1487 PROPHETICXE.

459 1620 519 1681 E
559 1618 768 1702 codice
797 1623 1224 1702 manuscripto
1253 1621 1639 1702 bibliotheca
1667 1622 1959 1702 Casarea
2003 1621 2486 1702 Vindobonensis
2535 1641 2698 1702 nunc
2728 1625 3006 1701 primum
3037 1621 3231 1684 edidit
3271 1625 3531 1684 Thomas

580 1699 921 1777 Gusnonn,
952 1701 1019 1764 S.
1057 1699 1133 1763 ΤΣ
1158 1702 1260 1780 Ρ.,
1294 1702 1442 1764 adis
1470 1701 1709 1764 Christi
1737 1700 2006 1763 decanus
2036 1719 2278 1763 necnon
2305 1700 2536 1780 lingua
2565 1699 2792 1763 θνωὸω
2818 1703 3144 1781 professor
3171 1702 3404 1781 regius.

1357 1917 1550 1978 Oxonii,
1579 1930 1609 1966 e
1637 1917 1973 1980 typographeo
1999 1917 2306 1976 Academico,
2330 1915 2470 1977 1842,
2504 1917 2630 1967 in-8.

1963 2102 2036 2113 .-

957 2234 1591 2300 ιῖΑΠΤΗΟιοΜιΕο
1631 2237 2105 2299 ΚΟΡΙΤΑΒΙΟ
2148 2238 2490 2302 THOMAS
2525 2241 2578 2301 G

1393 2237 1591 2300 MzEO
1631 2237 2105 2299 KOPITARIO
2148 2238 2490 2302 THOMAS
2525 2239 3014 2302 GAISFORDS

453 2425 606 2482 Redit
633 2425 702 2480 ad
734 2436 802 2491 te,
833 2429 912 2482 vir
943 2430 1163 2498 egregie,
1196 2444 1347 2497 quem
1381 2439 1428 2481 te
1476 2437 1794 2497 procurante
1820 2441 1884 2481 ea:
1909 2429 2268 2497 manuscripto
2299 2429 2510 2500 inclyta
2541 2428 2862 2485 bibliotheca
2883 2431 3142 2486 Casarea
3180 2430 3355 2486 codice
3393 2431 3626 2501 ﬁdeliter

383 2517 700 2586 descriptum
729 2520 940 2589 accepi,
987 2519 1194 2575 libellus
1220 2521 1552 2576 Eusebianus
1579 2562 1594 2587 ,
1644 2521 1943 2576 litterarum
1995 2522 2241 2591 formulis
2267 2522 2566 2578 Academia
2598 2532 2789 2579 nostra
2819 2523 3106 2576 luculenter
3157 2524 3460 2593 impressus.
3513 2523 3623 2591 Qui

384 2628 501 2669 cum
538 2611 602 2665 ab
634 2613 975 2684 antiquarum
1020 2633 1194 2670 rerum
1228 2633 1290 2670 ac
1344 2618 1638 2687 prasertim
1688 2615 1962 2687 theologia
2005 2616 2256 2671 studiosis
2296 2617 2390 2670 diu
2437 2620 2760 2688 multumque
2788 2615 3115 2671 desideratus
3151 2617 3344 2686 fuerit,
3378 2633 3481 2670 non
3513 2631 3622 2670 me-

383 2705 554 2760 diocri
585 2705 774 2761 latitia
802 2709 980 2776 efferri
1009 2726 1090 2762 me
1127 2711 1331 2779 fateor,
1391 2709 1476 2763 cui
1519 2725 1612 2778 per
1650 2709 2059 2764 benevolentiam
2098 2719 2244 2762 tuam
2278 2711 2553 2781 contigerit
2579 2725 2643 2764 ea
2673 2709 2966 2779 pluteorum
2996 2709 3217 2765 tenebris
3260 2719 3369 2762 tam
3421 2709 3624 2779 insigne

384 2800 566 2853 veteris
593 2801 689 2854 avi
717 2811 1104 2855 monumentum
1129 2805 1432 2870 protrahere
1458 2818 1628 2871 posse.
1668 2801 1930 2858 Caterum
1964 2803 2019 2855 in
2051 2800 2249 2856 edendo
2279 2801 2414 2855 hanc
2470 2801 2597 2855 mihi
2651 2802 2808 2872 legem
2854 2802 3152 2871 prascripsi
3174 2842 3190 2866 ,
3238 2810 3297 2854 ut
3352 2801 3623 2856 lectionem

385 2890 672 2959 apographi
696 2890 884 2961 ubique
912 2909 1086 2960 presse
1127 2910 1386 2964 sequerer,
1412 2895 1517 2948 nisi
1552 2894 1607 2947 in
1638 2895 2071 2962 interpunctione,
2107 2900 2158 2947 et
2202 2894 2258 2946 in
2289 2893 2556 2962 spiritibus
2581 2903 2626 2947 et
2656 2893 2974 2956 accentibus,
3013 2894 3101 2962 qui
3143 2892 3424 2947 admodum
3450 2893 3617 2964 negli-

382 2993 562 3052 genter
588 2984 748 3052 positi
773 2994 930 3048 sunt;
961 2991 1120 3055 neque
1144 2997 1325 3055 aperta
1349 2990 1592 3056 quadam
1629 2986 1840 3039 librarii
1872 2986 2000 3040 vitia
2021 3026 2036 3051 ,
2073 2986 2234 3040 cuivis
2265 2985 2422 3055 facile
2463 2985 2770 3056 corrigenda
2789 3027 2804 3051 ,
2833 2983 3093 3040 servanda
3123 2984 3293 3040 duxi:
3321 3003 3544 3056 quorum
3576 2987 3624 3041 si

380 3088 574 3143 pauca,
608 3094 768 3147 eaque
798 3077 1094 3143 levissima,
1130 3079 1285 3132 tacite
1307 3079 1633 3142 sustulerim,
1653 3079 1720 3131 in
1745 3078 2007 3149 plerisque
2037 3077 2376 3132 emendandis
2401 3078 2480 3131 ita
2508 3085 2744 3132 versatus
2767 3093 2912 3141 sum,
2941 3085 2997 3129 ut
3020 3092 3135 3146 qua
3159 3078 3443 3131 resecando
3473 3093 3625 3147 eran,

383 3171 589 3229 uncinis
619 3170 895 3241 quadratis
928 3171 1331 3236 circumdarem,
1361 3188 1477 3241 qua
1527 3171 1769 3227 addenda
1799 3172 1876 3226 vel
1927 3169 2207 3236 mutanda,
2231 3171 2450 3226 lanulis.
2509 3169 2611 3226 Sed
2664 3186 2822 3240 neque
2870 3171 3348 3241 interpretationem
3380 3169 3626 3223 Latinam

385 3281 547 3335 neque
579 3263 939 3318 adnotationis
983 3264 1109 3336 quid
1161 3265 1344 3319 addidi
1378 3268 1453 3336 (a)
1482 3282 1502 3320 :
1545 3283 1648 3320 non
1697 3268 1833 3320 enim
1880 3265 2024 3320 volui
2075 3265 2295 3319 nimiam
2346 3266 2515 3335 operis
2557 3281 2762 3318 moram
2791 3264 3046 3333 injicere:
3081 3266 3135 3320 in
3168 3265 3405 3335 margine
3455 3273 3630 3317 tamen

387 3358 611 3426 (prater
655 3375 898 3413 numeros
945 3358 1198 3427 foliorum
1246 3358 1442 3413 codicis
1485 3376 1586 3414 ms.
1624 3360 1694 3414 ad
1749 3362 2023 3416 sinistram
2065 3358 2380 3430 collocatos)
2433 3374 2600 3412 sacra
2639 3357 2930 3425 Scriptura
2981 3373 3369 3428 paucorumque
3398 3356 3628 3410 aliorum

384 3451 701 3519 scriptorum
729 3453 794 3504 ab
821 3451 1046 3507 Eusebio
1069 3455 1350 3508 citatorum
1378 3454 1492 3507 loca
1526 3454 1766 3523 apposui,
1803 3470 1864 3508 ne
1896 3453 1950 3506 in
1980 3451 2166 3507 iisdem
2188 3449 2446 3506 rimandis
2467 3459 2516 3505 et
2539 3448 2871 3518 conferendis
2907 3450 3070 3504 lector
3102 3450 3370 3519 ingratum
3391 3447 3624 3505 laborem

386 3553 736 3609 consumeret,
763 3551 876 3608 aut,
903 3559 995 3613 per
1032 3543 1289 3598 desidiam
1310 3543 1406 3598 hoc
1436 3545 1688 3615 neglecto,
1726 3553 1948 3599 mentem
1984 3542 2216 3598 auctoris
2246 3542 2417 3595 minus
2455 3550 2592 3596 recte
2622 3539 2896 3607 aliquoties
2923 3538 3223 3606 perciperet.
3275 3535 3424 3590 Vale.

528 3697 738 3760 Dabam
761 3714 825 3753 ea:
858 3697 970 3754 ade
1000 3698 1202 3754 Christi
1225 3700 1280 3753 d.
1308 3699 1443 3753 Maii
1473 3701 1533 3754 51
1591 3697 1748 3755 1842.

455 3867 534 3937 (a)
573 3869 1075 3940 lnterpretationem
1111 3867 1335 3923 latinam
1369 3863 1741 3922 adornandum
1771 3863 2106 3926 curavimus,
2138 3859 2296 3916 Εωτ.
2330 3858 2505 3916 Pun.

3157 4059 3589 4080 Ἥ

491 4217 612 4280 EX
681 4217 754 4280 P.
815 4215 1240 4283 LAMBECII
1303 4211 2112 4354 ΟΟΜΜΕΝΤΑΙἪὲΝἶξΨ

1903 4207 2718 4354 ΞξΙΒιΙΟΤΗΕοΑ
2778 4203 3175 4270 ΟΞΞΑΗΕΑ
3246 4201 3524 4268 VINDO—

1525 4443 1656 4509 (Lib.
1685 4459 1752 4503 Ill,
1783 4451 1816 4493 ῑ.
1842 4458 1890 4507 p.
1915 4443 2000 4506 Ill,
2029 4459 2081 4507 p.
2100 4445 2186 4494 201
2215 4444 2297 4494 ed.
2321 4442 2530 4501 Kollar.)

459 4703 642 4764 Codex
678 4723 766 4774 LV,
797 4709 1042 4777 Graecus,
1074 4714 1546 4780 membranaceus,
1577 4715 1997 4786 antiquissimus
2020 4754 2035 4779 ,
2072 4713 2291 4784 optimae
2337 4716 2501 4776 notae,
2529 4707 2786 4771 in-folio,
2817 4711 3138 4774 constatque
3167 4699 3313 4756 foliis
3339 4694 3446 4751 249
3485 4701 3540 4750 et
3567 4692 3636 4748 ab

391 4799 458 4855 Δ.
497 4800 801 4860 Busbeckio
826 4806 956 4862 olim
985 4806 1087 4862 fuit
1115 4818 1461 4879 comparatus
1493 4809 1989 4881 Constantinopoli.
2025 4807 2393 4865 Continentur
2423 4819 2490 4860 eo
2515 4803 2631 4858 haec
2661 4820 2675 4856 :
3127 4861 3137 4868 _

459 4893 505 4948 A
540 4895 635 4952 fol.
666 4898 923 4981 i,.usque
951 4900 1019 4955 ad
1049 4899 1145 4956 fol.
1175 4901 1264 4958 6i.
1295 4901 1514 4960 Eusebii
1539 4902 1804 4975 Pamphili
1834 4903 2096 4960 Caesarea
2124 4903 2180 4956 in
2211 4899 2504 4956 Palaestina
2536 4895 2780 4968 episcopi
2831 4892 2980 4948 Libri
3038 4898 3266 4962 quatuor
3315 4883 3634 4955 Eclogarum

393 4987 811 5056 propheticarum
833 4989 896 5045 de
919 4989 1150 5057 Christo,
1175 4993 1485 5050 Arianismo
1515 4993 1724 5060 infecti,
1760 5003 1813 5051 et
1846 4996 2111 5051 hactenus
2156 4991 2368 5048 inediti.

466 5077 533 5137 In
565 5098 715 5150 quem
755 5083 925 5138 locum
952 5095 1334 5143 commentatus
1359 5087 1554 5142 esthoc
1577 5089 1730 5144 modo
1762 5086 2040 5143 Kollarius
2071 5104 2091 5141 :
2914 5170 2929 5172 _
3043 5169 3057 5172 _
3146 5167 3158 5172 _
3583 5159 3597 5172 .

463 5173 538 5228 De
565 5173 786 5236 ineditis
813 5175 1079 5232 hactenus
1107 5184 1344 5247 quatuor
1371 5179 1524 5235 hisce
1548 5178 1766 5235 Eusebii
1792 5178 2061 5250 Pamphili
2096 5178 2256 5234 libris
2299 5177 2579 5249 copiosius
2608 5174 2738 5229 alibi
2768 5173 2876 5244 egit
2910 5167 3267 5232 Lambecius;
3301 5177 3422 5234 qua:
3449 5167 3635 5216 omnia

359 5258 537 5321 ‘ilunc
568 5266 843 5338 colligere,
877 5277 934 5322 et
961 5282 1240 5324 sacrarum
1261 5271 1562 5326 litterarum
1593 5271 1766 5341 gratia
1795 5271 1848 5325 in
1879 5286 2108 5327 examen
2132 5286 2330 5327 vocare
2354 5279 2622 5340 satagam.
2657 5263 2772 5319 Sub
2805 5261 2964 5316 ﬁnem
2998 5259 3128 5314 tomi
3161 5255 3306 5314 tertii
3333 5256 3636 5324 Apparatus

392 5345 478 5415 sui
513 5360 655 5419 sacri
680 5361 996 5431 vulgaverat
1024 5362 1153 5417 olim
1182 5362 1512 5420 Possevinus
1545 5365 1850 5436 catalogum
1895 5366 2257 5436 quorumdam
2302 5364 2803 5434 manuscriptorum
2853 5361 3188 5417 nostrorum,
3223 5351 3381 5420 cujus
3408 5353 3634 5405 exstan-

393 5455 532 5510 tiora
559 5462 740 5509 errata
765 5456 1112 5512 emendatum
1141 5457 1252 5513 ibat
1274 5456 1594 5515 Lambecius
1620 5458 1912 5515 Comment.
1951 5460 2046 5516 lib.
2082 5477 2121 5525 ι,
2148 5477 2202 5530 p.
2230 5459 2357 5515 2H.
2408 5476 2427 5511 ι
2466 5456 2525 5512 ln
2550 5455 2738 5513 eodem
2771 5447 3054 5506 Possevini
3077 5445 3325 5515 catalogo
3354 5441 3533 5496 littera
3553 5437 3622 5504 ὃ,

394 5546 537 5602 inter
574 5555 767 5604 caetera
797 5549 1052 5620 leguntur
1090 5549 1371 5621 sequentia
1406 5568 1420 5604 :
1463 5548 1678 5607 Gracus
1724 5551 1885 5607 codex
1924 5551 2142 5606 mutilus
2172 5561 2312 5607 totus
2337 5549 2696 5606 enarrationes
2721 5543 2915 5598 habens
2945 5542 3001 5596 in
3023 5538 3223 5609 aliquot
3269 5534 3444 5604 capita
3471 5531 3638 5587 Gene-

394 5642 490 5695 sis.
531 5661 551 5694 ›
585 5641 716 5708 Quae
757 5641 1080 5702 Lambecius
1131 5645 1336 5716 virgula
1383 5645 1632 5702 censoria
1686 5645 1906 5708 feriens,
1939 5645 2128 5701 codice
2160 5645 2254 5700 illo
2280 5641 2504 5699 Eusebii
2545 5637 2814 5712 Pamphili
2861 5635 3183 5706 Eclogarum
3213 5629 3635 5700 propheticarum

394 5732 565 5791 libros
596 5735 862 5792 contineri
892 5737 1118 5807 pulchre
1159 5740 1433 5796 ostendit:
1465 5741 1536 5795 ob
1564 5741 1707 5811 quod
1736 5740 1998 5796 indicium
2040 5739 2254 5796 laudem
2289 5737 2533 5810 profecto
2560 5735 2916 5792 commeritus
2953 5730 3146 5787 fuisset
3189 5743 3300 5784 non
3332 5724 3630 5796 vulgarem.

401 5829 470 5904 si,
497 5832 660 5903 gnavi
695 5842 748 5888 et
773 5830 968 5890 eruditi
999 5833 1180 5891 critici
1206 5850 1432 5895 munere
1470 5833 1712 5907 functus,
1747 5834 1964 5894 invictis
2000 5833 2334 5904 argumentis
2363 5835 2633 5889 assertum
2680 5843 2839 5887 suum
2876 5824 3203 5904 astruxisset
3227 5861 3241 5889 ,
3276 5817 3476 5891 quibus
3517 5823 3630 5874 tum
