4106 6450
470 408 605 463 1019
1134 397 1400 457 EUSEBlI
1433 394 1915 454 CESARIENSIS
1950 393 2098 452 OPP.
2138 392 2320 449 PARS
2356 392 2446 448 Ill.
2484 420 2552 432 —
2590 387 3000 446 EXEGETICA.
3070 378 3079 383 ’
3562 387 3701 442 1020

469 530 700 583 maxime
722 543 858 597 opus
884 534 987 591 est,
1019 540 1143 579 cum
1180 523 1249 578 de
1275 519 1659 593 anepigrapbis
1688 516 2023 590 perditisque
2051 516 2329 587 operibus,
2358 514 2656 587 pet-celebri
2695 511 2910 569 cuidam
2944 511 3195 585 scriptori
3232 509 3559 573 tribuendis,
3586 508 3703 579 agi-

466 626 575 675 tur.
618 616 816 675 Verum
855 618 1130 674 enimvero
1157 613 1479 669 Lambecius
1512 611 1680 666 libros
1711 609 1875 665 hosce
1914 607 2134 664 Eusebii
2162 605 2430 677 Pamphili
2457 622 2581 662 esse
2610 607 2687 659 ait
2716 606 2788 661 ob
2814 604 3018 676 stylum
3044 613 3101 660 et
3132 603 3445 658 methodum
3476 600 3695 655 tractaui
3752 638 3755 643 ς

467 712 770 784 argumenti
804 729 817 765 :
860 710 1147 774 familiare,
1175 715 1235 762 ut
1261 707 1497 771 videtur,
1518 702 1749 760 eruditis
1778 700 1961 757 saeculi
1984 700 2067 757 sui
2099 708 2502 770 argumentum,
2535 698 2680 768 quod
2712 705 2895 753 tamen
2921 696 3033 766 jam
3062 695 3271 767 pridem
3301 692 3699 750 recentioribus

465 806 668 862 nostris
699 804 867 876 coepit
887 819 1008 860 esse
1036 809 1373 872 suspectum,
1398 814 1505 869 qua
1535 797 1607 854 de
1635 811 1695 852 re
1728 796 1831 867 legi
1863 802 2102 850 meretur
2129 792 2179 849 J.
2211 793 2271 848 C.
2322 792 2525 864 Mylius
2549 791 2603 844 in
2637 788 2963 853 Bibliotheca
2984 806 3144 850 anon.
3167 797 3215 842 et
3247 785 3530 858 pseudon...
3546 793 3701 853 parte

466 898 639 969 prima
666 897 1102 960 schediasmatis,
1138 910 1192 966 p.
1229 893 1298 949 '50
1318 901 1372 947 et
1402 893 1492 948 '58.
1514 922 1585 932 —
1621 888 1729 945 Sed
1763 887 2077 957 argumenti,
2099 887 2266 957 hujus
2291 886 2376 941 sui
2400 882 2769 938 infirmitatem
2803 882 3071 952 persensit
3095 881 3321 951 ipsemet
3349 877 3696 938 Lambecius,

462 1007 626 1060 quam
647 993 810 1048 etiam
842 992 911 1045 ob
940 1004 1162 1046 causam
1196 989 1251 1043 in
1286 987 1516 1058 append.
1542 984 1639 1040 lib.
1669 999 1768 1039 vin
1800 983 2249 1046 additamentum,
2277 980 2593 1036 melioribus
2625 977 2929 1032 rationibus
2957 975 3172 1038 fultum,
3193 971 3357 1042 hujus
3386 970 3492 1025 loci
3523 970 3701 1041 gratia

465 1083 705 1153 scripsit.
735 1080 792 1136 ιιι
820 1083 986 1137 hocce
1020 1082 1393 1136 additamento
1423 1078 1636 1134 duabus
1676 1077 1833 1132 novis
1870 1076 2176 1131 rationibus
2222 1073 2546 1129 sententiam
2575 1086 2729 1128 suam
2760 1071 3117 1140 comprobare
3173 1067 3394 1130 studet,
3441 1071 3496 1120 et
3525 1062 3701 1134 prima

464 1174 684 1246 quidem
717 1175 793 1228 illi
824 1176 891 1229 ah
918 1176 1148 1245 ipsomet
1176 1172 1412 1228 Eusebio
1439 1172 1663 1243 petitur,
1695 1171 1840 1242 quod
1872 1170 2129 1225 nimirum
2160 1169 2208 1225 is
2260 1168 2430 1223 libros
2459 1165 2780 1236 Eclogarum
2808 1163 3227 1234 propheticarum
3256 1162 3323 1217 de
3350 1158 3571 1215 Christo
3601 1171 3701 1227 pro

465 1281 628 1336 opere
660 1281 760 1321 suo
796 1265 1164 1337 designaverit
1195 1263 1338 1319 Hist.
1380 1262 1564 1319 eccles.
1594 1280 1635 1328 ι,
1668 1279 1720 1318 c.
1760 1263 1816 1329 2,
1852 1264 1907 1316 in
1937 1276 2096 1331 quem
2141 1261 2319 1315 locum
2353 1258 2485 1313 satis
2514 1257 2744 1313 feliciter
2775 1255 3033 1311 incidisse
3071 1253 3416 1309 Lambecium
3446 1267 3535 1307 res
3583 1249 3698 1319 ipsa

467 1355 686 1421 fatetur,
710 1358 802 1428 qui
835 1364 1015 1411 tamen
1051 1357 1468 1427 haudquaquam
1494 1357 1729 1411 evicerat
1763 1354 1987 1424 Eclogas
2023 1353 2243 1409 Eusebii
2271 1351 2598 1421 prophetica;
2634 1349 2697 1405 de
2726 1348 2934 1411 Christo
2977 1350 3032 1405 in
3074 1348 3199 1413 hoc,
3240 1346 3307 1401 de
3338 1360 3448 1416 quo
3478 1344 3657 1414 agitur
3679 1383 3697 1408 ,

464 1451 775 1509 Caesariano
811 1452 996 1507 codice
1022 1450 1212 1505 haberi
1244 1469 1258 1505 :
1289 1467 1412 1506 cum
1447 1450 1679 1506 testibus
1705 1462 1851 1503 xcvn
1878 1454 1932 1503 et
1963 1463 2132 1501 xum
2159 1447 2440 1502 codicibus
2472 1462 2580 1502 non
2613 1448 2787 1501 solum
2822 1444 3114 1501 Eusebium
3157 1440 3510 1507 Ἀποδείξεις
3543 1455 3701 1494 evan.

463 1543 658 1613 gelicas
682 1542 783 1597 hac
805 1541 1062 1597 methodo
1085 1542 1374 1612 scripsisse
1407 1546 1641 1595 constet.
1664 1538 1750 1595 Ad
1778 1538 2002 1592 alteram
2026 1537 2291 1592 rationem
2323 1537 2471 1608 quod
2504 1538 2728 1602 attinet,
2776 1550 2840 1591 ea
2888 1536 3129 1607 profecto
3154 1532 3323 1605 priori
3353 1534 3515 1589 etiam
3549 1532 3699 1588 infir-

465 1637 606 1690 mior
637 1642 720 1689 est
745 1651 761 1699 ;
790 1648 857 1688 ex
879 1633 987 1695 illis
1008 1633 1176 1700 enim,
1208 1648 1329 1703 qua:
1351 1632 1533 1703 operis
1565 1630 1795 1700 hujusce
1821 1629 2074 1701 producit
2096 1629 2300 1695 verbis,
2333 1629 2475 1683 nihil
2491 1628 2638 1683 aliud
2663 1629 2943 1699 conjicias,
2966 1642 3128 1703 quam
3147 1624 3699 1697 gravemquampiam

465 1726 707 1783 auctoris
738 1741 853 1781 aevo
873 1727 1162 1782 excitatam
1192 1727 1649 1797 persecutionem,
1677 1738 2023 1795 nequaquam
2047 1737 2180 1778 vero
2211 1722 2359 1777 illam
2390 1738 2511 1794 quae
2547 1739 2637 1778 an.
2672 1721 2776 1778 302
2806 1722 2910 1777 sub
2930 1723 3107 1792 impp.
3140 1719 3474 1776 Diocletiano
3499 1726 3555 1773 et
3589 1717 3703 1773 Ma-

475 1818 714 1873 ximiano
746 1817 1000 1874 Herculio
1031 1820 1086 1873 in
1117 1818 1461 1874 Christianos
1518 1818 1799 1883 detonuit,
1850 1816 2087 1872 Eusebio
2118 1829 2353 1871 coaevam
2384 1834 2397 1868 :
2430 1830 2569 1886 quas
2593 1814 2756 1871 etiam
2805 1814 3046 1885 aliasque
3078 1813 3383 1884 persimiles
3407 1811 3478 1868 ob
3504 1825 3700 1868 causas

469 1929 577 1968 non
608 1913 896 1970 defuerunt
926 1915 1024 1969 viri
1054 1915 1223 1980 docti,
1253 1916 1346 1985 qui
1390 1931 1529 1986 opus
1572 1915 1677 1971 hoc
1730 1924 1980 1973 nostrum
2033 1912 2271 1967 Eusebio
2308 1910 2576 1981 Pamphili
2624 1910 2696 1967 ob
2726 1909 2961 1966 nominis
3003 1907 3370 1964 celebritatem
3420 1902 3699 1960 subditum

466 2007 928 2080 substitutumque
954 2024 1076 2065 esse
1105 2009 1370 2065 dicerent.
1395 2009 1647 2067 Oudinus
1679 2020 1829 2067 certe
1851 2008 2232 2066 Commentarii
2261 2007 2346 2063 sui
2379 2015 2419 2060 t.
2444 2006 2487 2073 Ι,
2516 2007 2621 2061 col.
2645 2006 2767 2071 5H,
2800 2005 3038 2061 scribere
3067 2017 3173 2057 non
3208 1998 3513 2054 dubitavit:
3552 2017 3571 2051 ι
3607 1996 3696 2060 At,

466 2100 664 2171 inquit,
692 2102 875 2157 nullus
907 2100 1120 2167 dubito,
1151 2102 1284 2172 quin
1306 2115 1474 2173 opera
1503 2105 1608 2160 ista
1638 2103 1893 2168 Eusebio,
1919 2103 1989 2158 ob
2015 2100 2255 2158 nominis
2304 2100 2502 2155 famam
2550 2098 2927 2163 celeberrimo,
2966 2095 3261 2153 substituta
3296 2093 3406 2149 sint
3434 2110 3447 2146 :
3499 2106 3695 2162 neque,

465 2189 514 2245 si
542 2205 667 2246 vera
715 2190 968 2258 fuissent,
999 2189 1323 2249 Lambecius
1351 2194 1422 2250 ab
1450 2193 1768 2265 evulgandis
1794 2194 2171 2257 abstinuisset,
2194 2195 2287 2263 qui
2318 2191 2546 2247 minoris
2581 2190 2745 2260 longe
2773 2187 3030 2244 momenti
3079 2186 3381 2258 fragmenta
3419 2184 3537 2240 suis
3568 2197 3693 2238 cum

465 2284 720 2355 scrupulo
744 2284 995 2341 inseruit.
1038 2306 1058 2340 ι
1092 2284 1217 2341 Haec
1244 2288 1368 2343 ille:
1404 2288 1460 2342 in
1490 2291 1649 2359 cujus
1669 2304 1854 2345 errore
1891 2305 1977 2344 me
2006 2303 2225 2360 quoque
2246 2283 2633 2356 complusculis
2662 2283 2823 2338 annis
2852 2281 3074 2337 haesisse
3102 2281 3334 2352 ingenue
3360 2277 3551 2337 fateor.
3589 2274 3698 2331 Sed

462 2376 608 2435 enim
637 2378 918 2435 verissima
952 2387 1037 2435 est
1069 2379 1159 2434 illa
1184 2378 1537 2451 Xenophanis
1576 2384 1842 2437 sententia
1866 2422 1882 2448 ,

1332 2493 1413 2547 Οὔ
1442 2509 1532 2548 τοι
1560 2493 1659 2547 ἀπ’
1693 2493 1885 2563 ἀρχῆς
1911 2493 2110 2548 πάντα
2140 2492 2258 2547 θεοὶ
2283 2490 2520 2557 θνητοῖς
2556 2487 2893 2563 ἀπέδειξαν,

1353 2564 1541 2618 Ἀλλὰ
1568 2560 2107 2634 γρόνῷζητοῦντες
2129 2563 2597 2632 ἐφευρίσκουσιν
2624 2560 2885 2629 ἄμεινον.

465 2675 597 2732 Nam
622 2692 745 2732 cum
772 2677 861 2734 die
897 2676 1129 2749 quadam
1164 2676 1410 2732 codicem
1442 2677 1589 2731 hunc
1615 2678 1779 2732 volvo
1805 2677 2000 2732 iterum
2031 2677 2383 2747 revolvoque,
2412 2691 2477 2731 ex
2503 2674 2594 2730 vili
2624 2674 2853 2745 palliolo
2866 2689 3132 2745 magnum:
3150 2672 3344 2744 agnovi
3373 2671 3692 2731 Eusebium.

462 2775 572 2830 Res
603 2776 677 2830 ita
705 2774 923 2829 accidit.
955 2773 1137 2838 Codex
1163 2772 1230 2828 de
1269 2787 1378 2843 quo
1410 2786 1559 2826 nunc
1585 2770 1817 2842 agimus,
1841 2772 1997 2826 theca
2041 2772 2171 2826 olim
2201 2787 2417 2836 carens,
2454 2769 2600 2824 foliis
2644 2768 2902 2839 utrinque
2932 2754 3048 2825 suis
3090 2770 3386 2840 tegebatur.
3419 2767 3695 2833 Primum.

463 2866 534 2924 ab
563 2866 716 2922 edaci
744 2873 986 2937 tempore
1007 2866 1286 2936 multoque
1309 2881 1413 2921 usu
1444 2866 1686 2920 lacerum
1716 2880 1782 2920 ac
1814 2881 1951 2936 pene
1982 2865 2245 2931 deletum,
2274 2880 2376 2935 pro
2397 2864 2553 2920 theca
2584 2863 2790 2919 codicis
2819 2878 2848 2917 a
2880 2862 3173 2919 Lambecio
3195 2863 3297 2918 fuit
3328 2864 3569 2920 habitum
3590 2903 3606 2929 ,
3641 2874 3711 2923 et.

462 2976 582 3017 eam
610 2960 777 3015 etiam
799 2959 870 3013 ob
897 2973 1116 3016 causam
1154 2958 1212 3012 in
1255 2957 1575 3014 recensione
1605 2957 1869 3012 omissum
1902 2958 2083 3028 neglec

2074 2968 2355 3026 :tumque:
2396 2955 2560 3026 igitur
2599 2969 2723 3008 cum
2783 2951 3403 3024 ἀμηχανῶνοΕυεεῦἱιιηι
3437 2956 3494 3012 in
3524 2955 3695 3012 Ense.

461 3054 551 3109 hi0
580 3065 787 3122 quaero,
815 3048 1223 3105 similitudinem
1252 3064 1470 3114 manus,
1504 3064 1611 3121 qua
1644 3049 1889 3120 reliquus
1923 3048 2097 3104 codex
2147 3050 2386 3118 scriptus
2428 3056 2512 3103 est
2530 3087 2556 3122 ,ψ
2580 3047 2635 3101 in
2669 3047 2846 3117 primo
2872 3047 2965 3100 illo
3016 3046 3145 3102 folio
3172 3047 3578 3114 animadverto,
3611 3048 3699 3103 fu-

460 3141 720 3213 gientium
752 3140 1063 3194 litterarum
1094 3139 1324 3210 vestigia
1357 3139 1498 3210 lego,
1530 3154 1595 3194 ac
1629 3139 1863 3211 denique
1892 3139 2168 3211 comperio
2197 3141 2519 3211 prommium
2571 3137 2885 3209 Eclogarum
2918 3137 3135 3194 Eusebii
3156 3178 3185 3202 ,,
3212 3140 3478 3210 principio
3506 3148 3560 3195 et
3586 3140 3696 3197 fine

464 3232 745 3296 mutilum,
785 3230 975 3287 eodem
1006 3229 1137 3285 folio
1166 3231 1453 3285 contineri.
1481 3230 1574 3286 Sic
1606 3233 1752 3288 enim
1782 3232 1855 3288 ibi
1888 3232 2030 3288 inter
2050 3248 2085 3287 α

2066 3241 2243 3289 zattera
2274 3233 2504 3303 ipsemet
2525 3229 2810 3295 Eusebius,
2847 3230 3040 3287 ’ἰστέον
3058 3230 3102 3287 δῗ
3132 3231 3207 3295 ὼς
3250 3231 3687 3304 πρὸ-ἡγοῦμαι.

463 3325 613 3395 (νεά.
645 3325 800 3396 hujus
823 3323 905 3379 ed.
934 3324 1034 3378 col.
1061 3324 1220 3379 1024.
1255 3324 1433 3395 Pergit
1467 3323 1745 3380 Kollarius
1769 3325 1824 3398 :)
1855 3324 2132 3382 Hactenus
2183 3325 2429 3397 prooemii
2455 3325 2742 3396 pericope:
2776 3338 2843 3378 ex
2872 3324 3071 3394 quibus
3100 3339 3223 3379 cum
3257 3326 3390 3390 alia,
3440 3332 3556 3381 tum
3607 3327 3707 3384 vel-

460 3418 696 3475 maxime
732 3418 841 3474 duo
873 3414 1129 3471 facillime
1157 3415 1502 3472 deducuntur
1529 3437 1542 3473 :
1581 3420 1838 3473 nimirum
1858 3460 1875 3487 ,
1904 3425 1959 3474 et
1998 3417 2293 3473 Eusebium
2325 3417 2593 3487 Pamphili
2620 3425 2897 3471 auctorem
2936 3417 3164 3488 hujusce
3193 3419 3445 3489 prooemii
3478 3435 3621 3485 esse,
3645 3430 3711 3482 et.

467 3510 690 3581 Eclogas
722 3509 791 3565 de
826 3508 1079 3575 Christo,
1120 3508 1370 3576 przesenti
1406 3509 1594 3565 codice
1627 3517 1933 3574 contentas,
1961 3510 2164 3564 nemini
2198 3509 2289 3563 alii
2325 3524 2485 3579 quam
2514 3508 2687 3564 eidem
2718 3505 2976 3573 Eusebio,
3005 3525 3167 3579 posse
3191 3510 3379 3566 tribui.
3414 3509 3713 3579 Enimvero.

461 3606 751 3661 Eusebium
780 3603 1028 3675 prooemii
1061 3610 1336 3658 auctorem
1358 3620 1511 3670 esse,
1553 3605 1701 3660 clare
1728 3605 1908 3660 elucet
1936 3619 2001 3660 ex
2034 3604 2143 3660 illis
2190 3643 2205 3669 ,
2240 3604 2440 3674 quibus
2468 3604 2695 3669 indicat,
2726 3604 2875 3675 prius
2911 3619 2969 3659 se
2992 3643 3007 3668 ,
3054 3619 3218 3674 quam
3252 3604 3319 3659 ad
3349 3605 3696 3661 scribendum

460 3712 698 3767 praesens
729 3711 866 3767 Opus
890 3696 1128 3750 animum
1162 3696 1405 3765 appulit,
1443 3696 1772 3766 Χρονικοὺς
1807 3697 2081 3761 Κανόνας
2114 3696 2436 3766 scripsisse,
2491 3702 2546 3750 et
2593 3709 2657 3750 ea
2692 3695 2911 3766 quidem
2942 3703 3124 3751 mente
3147 3735 3161 3762 ,
3206 3704 3267 3751 ut
3294 3695 3496 3768 Moysis
3546 3713 3702 3770 asque

459 3799 625 3862 atque
653 3791 906 3857 aliorum,
936 3792 1028 3863 qui
1059 3800 1184 3864 post
1216 3807 1340 3849 eum
1377 3791 1551 3857 fuere,
1586 3790 1973 3863 prophetarum
2000 3797 2326 3848 vetustatem
2351 3789 2676 3845 vindicaret.
2707 3788 2937 3855 Quinam
2968 3804 3096 3844 vero
3125 3789 3179 3844 hi
3207 3791 3479 3860 Χρονικοὶ
3513 3792 3704 3846 Κανό-

457 3898 562 3952 νες
589 3884 738 3952 sint,
788 3884 947 3939 facile
978 3884 1340 3957 intelligitur:
1378 3882 1637 3939 nimirum
1670 3882 1748 3937 illi
1779 3883 1906 3953 ipsi,
1935 3897 2073 3953 quos
2112 3882 2358 3951 Scaliger
2388 3881 2443 3935 in
2472 3879 2738 3935 Thesauro
2768 3889 3055 3951 temporum
3083 3888 3228 3936 tomo
3249 3882 3425 3952 primo
3465 3884 3707 3955 vulgavit

462 3976 850 4033 Amstelodami
886 3991 974 4031 an.
1014 3975 1152 4031 l658
1184 3994 1198 4030 :
1229 3976 1430 4046 quippe
1462 3974 1518 4028 in
1548 3972 1902 4044 illiusgoperis
1945 3973 2212 4043 prommio
2248 3972 2390 4027 idem
2426 3970 2530 4025 hoc
2568 3969 2787 4027 Eusebii
2838 3971 3179 4042 propositum
3212 3972 3440 4044 legitur;
3483 3989 3547 4030 ex
3591 3989 3700 4046 quo

462 4070 683 4127 lectoris
733 4068 909 4140 gratia
965 4069 1212 4140 pluscula
1265 4068 1375 4123 huc
1416 4065 1788 4129 transcribere
1831 4066 2044 4135 placet,
2105 4064 2200 4120 sed
2228 4063 2421 4119 Latine
2450 4071 2683 4129 tantum,
2718 4064 2846 4134 quia
2901 4062 3232 4136 Hieronymo
3262 4066 3598 4137 interprete:
3633 4097 3704 4111 -ο

467 4181 486 4214 ι
518 4161 779 4233 Moysem,
811 4159 1008 4231 inquit,
1040 4160 1219 4230 gentis
1264 4158 1535 4223 Hebraeae,
1567 4159 1659 4228 qui
1694 4157 1908 4228 primus
1952 4156 2197 4212 omnium
2241 4156 2628 4227 prophetarum
2676 4164 2801 4211 ante
2833 4154 3125 4211 adventura
3158 4154 3368 4213 Domini
3402 4156 3703 4215 Salvatoris

460 4256 672 4311 divinas
703 4255 848 4324 leges
880 4253 1079 4309 litteris
1109 4253 1418 4326 explicavit,
1444 4250 1626 4306 lnachi
1661 4250 1833 4306 fuisse
1863 4250 2198 4320 temporibus
2221 4252 2575 4308 eruditissimi
2601 4253 2701 4307 viri
2727 4251 3090 4316 tradiderunt,
3119 4267 3186 4307 ex
3219 4253 3423 4307 nostris
3446 4252 3699 4311 Clemens

457 4354 514 4402 et
545 4345 855 4410 Africanus,
884 4352 939 4400 et
968 4342 1262 4409 Tatianus;
1295 4360 1359 4399 ex
1383 4341 1585 4397 Iudaeis
1617 4340 1885 4411 Iosephus
1930 4351 1983 4396 et
2015 4340 2226 4406 Justus,
2261 4344 2460 4400 veteris
2483 4345 2727 4401 historia:
2771 4354 3119 4402 monumenta
3149 4345 3493 4415 replicantes.
3528 4347 3700 4403 Porro

461 4438 694 4493 Inachus
723 4437 1034 4509 quingentis
1071 4438 1230 4493 annis
1260 4436 1556 4507 Trojanum
1586 4436 1786 4492 bellum
1834 4435 2123 4492 antecedit.
2164 4436 2243 4491 Ex
2269 4439 2503 4495 ethnicis
2540 4456 2670 4504 vero
2697 4442 2898 4513 impius
2934 4442 3025 4498 ille
3052 4440 3386 4513 Porphyrius
3415 4443 3473 4498 in
3505 4454 3701 4515 quarto

459 4531 642 4602 operis
664 4531 750 4586 sui
778 4530 935 4594 libro,
960 4529 1105 4601 quod
1137 4530 1426 4587 adversum
1457 4544 1558 4585 nos
1594 4543 1754 4585 casso
1775 4528 1960 4585 labore
1992 4531 2293 4594 contexuit,
2318 4538 2441 4601 post
2471 4531 2711 4604 Moysem
2741 4534 3082 4591 Semiramim
3110 4535 3277 4593 fuisse
3304 4538 3556 4602 allirmat,
3578 4551 3701 4609 qua:

459 4620 604 4692 apud
642 4621 896 4691 Assyrios
926 4634 992 4674 cr.
1031 4627 1155 4674 ante
1187 4620 1448 4674 inachum
1478 4621 1724 4690 regnavit
1751 4634 1945 4675 annos.
1978 4618 2169 4692 Itaque
2220 4621 2376 4689 juxta
2428 4637 2551 4677 eum
2583 4639 2711 4679 nccc
2735 4642 2873 4697 pene
2902 4635 2957 4683 et
2992 4644 3022 4682 ι.
3078 4629 3237 4685 annis
3286 4628 3524 4701 Trojano
3554 4632 3699 4687 bello

461 4712 671 4787 Moyses
700 4713 885 4769 senior
914 4713 1206 4768 invenitur.
1237 4712 1374 4768 Cum
1402 4712 1515 4767 haec
1540 4714 1615 4767 ita
1642 4728 1702 4769 se
1726 4713 1991 4779 habeant,
2004 4716 2373 4770 necessarium
2399 4714 2528 4770 duxi
2561 4720 2843 4776 veritatem
2867 4722 3182 4794 diligentius
3205 4727 3457 4797 persequi
3486 4746 3499 4781 :
3541 4734 3595 4781 et
3625 4727 3701 4795 ob,

460 4806 513 4862 id
536 4806 591 4860 in
615 4806 781 4877 priori
805 4805 944 4861 libro
966 4805 1122 4875 quasi
1143 4803 1432 4876 quamdam
1462 4807 1746 4861 materiam
1777 4805 1963 4861 futuro
1992 4806 2147 4876 operi
2177 4806 2421 4861 omnium
2455 4824 2637 4881 regum
2688 4813 2819 4867 mihi
2855 4790 3101 4886 tempora
3154 4790 3450 4887 prmnotavi
3479 4859 3495 4885 ,
3533 4790 3703 4876 Chal-i

459 4902 719 4964 deorum,
750 4898 1121 4970 Assyriorum,
1154 4897 1457 4962 Medorum,
1492 4896 1807 4964 Persarum,
1838 4899 2139 4971 Lydorum,
2188 4899 2564 4967 Hebraeorum,
2601 4902 3004 4977 Egyptiorum,
3028 4908 3417 4978 Macedonum,
3474 4913 3699 4972 Latino-

459 5007 603 5060 rum,
635 4991 726 5062 qui
752 4999 940 5062 postea
962 4989 1195 5046 Romani
1218 4990 1520 5060 nuncupati
1558 4999 1719 5058 sunt;
1749 4992 1802 5046 in
1825 4994 2079 5062 praesenti
2113 5000 2317 5061 autem,
2352 4996 2492 5065 stylo
2522 4997 2710 5052 eadem
2742 5007 2985 5070 tempora
3012 5009 3205 5057 cont-ra
3234 5008 3312 5059 se
3339 5005 3569 5061 invicem
3595 5022 3695 5078 po-

461 5099 618 5147 nens,
650 5093 704 5139 et
738 5084 1076 5154 singularum
1109 5083 1353 5154 gentium
1404 5097 1577 5138 annos
1620 5083 2001 5150 dinumerans,
2036 5085 2253 5155 utquid
2309 5096 2640 5144 coaetaneum
2686 5092 2885 5162 cuique
2931 5093 3067 5160 fuit,
3128 5096 3201 5150 ita
3235 5097 3454 5154 curioso
3503 5101 3694 5157 ordine

461 5178 726 5249 coaptavi.
760 5175 949 5248 Neque
976 5191 1065 5231 me
1093 5175 1230 5246 fugit
1268 5177 1324 5232 in
1350 5174 1590 5231 Hebrzeis
1615 5176 1899 5233 codicibus
1942 5179 2287 5236 dissonantes
2316 5191 2531 5236 aetatum
2567 5198 2740 5238 annos
2789 5185 3041 5250 inveniri,
3074 5189 3305 5260 plusque
3355 5190 3437 5245 vel
3481 5192 3686 5255 minus,

460 5279 619 5344 prout
651 5271 1040 5343 interpretibus
1066 5271 1242 5327 visum
1288 5278 1392 5337 est,
1420 5271 1694 5327 lectitari:
1729 5274 2177 5345 sequendumque
2224 5276 2355 5331 illud
2392 5280 2592 5348 potius,
2631 5281 2774 5351 quod
2806 5283 3259 5354 exemplariorum
3300 5285 3590 5340 multitudo
3635 5284 3687 5336 in

460 5367 617 5423 fidem
653 5367 837 5420 traxit.
873 5365 1074 5421 Verum
1104 5374 1383 5437 utcunque
1412 5366 1537 5436 quis
1567 5366 1712 5421 volet
1760 5376 2058 5438 computet,
2090 5379 2145 5423 et
2180 5373 2413 5442 reperiet
2447 5371 2631 5429 lnachi
2682 5377 3039 5446 temporibus,
3068 5392 3228 5447 quem
3268 5378 3501 5447 primum
3536 5376 3691 5446 Argis

458 5475 714 5532 regnasse
737 5460 908 5524 aiunt,
937 5459 1303 5530 patriarcham
1330 5457 1682 5514 Hebraeorum
1713 5457 1882 5516 fuisse
1913 5458 2162 5517 lsraelem
2196 5481 2209 5516 :
2245 5479 2277 5518 a
2303 5479 2413 5534 quo
2460 5464 2747 5521 duodecim
2790 5466 3105 5524 Iudaeorum
3144 5469 3321 5525 tribus
3356 5470 3573 5525 Israelis
3598 5485 3694 5524 vo-

457 5552 711 5606 cabulum
755 5552 959 5607 sortita:
985 5557 1155 5606 sunt:
1189 5549 1533 5606 Semiramim
1580 5558 1759 5606 autem
1797 5559 1851 5607 et
1893 5552 2162 5609 Abraham
2195 5560 2627 5628 contemporales
2679 5559 2845 5616 fuisse
2894 5560 3248 5617 manifestum
3289 5569 3394 5617 est.
3451 5561 3699 5633 Namque

460 5641 691 5712 Moyses,
711 5642 896 5712 junior
931 5641 1056 5696 licet
1087 5656 1250 5712 supra
1282 5640 1444 5696 dictis
1470 5642 1562 5706 sit,
1605 5642 1674 5698 ab
1704 5643 1958 5699 omnibus
1985 5652 2188 5711 tamen,
2221 5663 2361 5718 quos
2399 5648 2571 5705 Graeci
2602 5652 3013 5722 antiquissimos
3041 5661 3257 5724 putant,
3292 5652 3479 5707 senior
3500 5653 3701 5724 deprc-

463 5732 715 5786 henditur
742 5753 757 5787 :
792 5731 1027 5788 Homero
1058 5732 1267 5791 scilicet
1300 5741 1377 5790 'et
1408 5734 1645 5810 Hesiodo
1670 5777 1686 5803 ,
1731 5735 2076 5811 Trojanoque
2106 5741 2269 5805 bello,
2312 5756 2377 5797 ac
2423 5744 2595 5801 multo
2644 5745 2897 5816 superius
2929 5745 3183 5811 Hercule,
3222 5744 3424 5801 Mustco
3452 5786 3466 5811 ,
3520 5744 3696 5811 Lino,

459 5819 720 5888 ChirOne,
739 5822 974 5891 Orpheo,
1008 5822 1254 5891 Castore,
1284 5824 1528 5900 Polluce,
1555 5828 1888 5901 IEsculapio,
1918 5831 2134 5902 Libero,
2171 5833 2461 5906 Mercurio,
2489 5836 2768 5907 Apolline,
2798 5838 3118 5909 caeterisque
3150 5836 3256 5893 diis
3288 5836 3529 5908 gentium
3552 5875 3568 5903 ,
3599 5849 3698 5894 sa-
