4106 6498
432 464 563 522 ιοὲἶί
1457 453 1752 546 Eccam.
1788 450 2002 514 morr

2058 456 2271 511 mea.
2317 486 2382 495 ..-
2421 454 2549 510 LIB.
2594 446 2668 536 t._'
3542 444 3679 506 tm

432 580 650 649 erisque
685 578 770 634 Vel
795 580 1032 645 vatibus,
1063 578 1236 648 ipsius
1267 571 1486 645 qudque
1514 569 1664 626 Jovis
1693 570 1884 641 gestis,
1909 586 2070 640 quem
2104 569 2315 626 Graecia
2344 570 2398 625 in
2426 586 2555 626 arce
2578 567 2902 640 {divinitatis
2927 567 3235 624 collocavit.
3266 566 3397 631 Hos,
3429 564 3678 637 Inquam,

431 685 644 740 clunes,
679 687 819 743 quos
844 671 1307 735 enumeravimus,
1336 668 1498 723 etiam
1528 675 1653 738 post
1679 665 1975 736 Cecropem
2025 664 2313 737 Diphyem,
2344 667 2579 738 primum
2621 665 2814 720 Atticae
2837 678 3038 735 regem,
3067 663 3238 720 fuisse
3262 661 3676 719 convincimus:

430 763 730 834 Cecropem
757 774 937 820 autem
968 777 1207 835 praesens
1236 759 1465 817 historia
1500 757 1672 828 Moysi
1711 764 2047 811 coaetaneum
2078 758 2363 822 ostendet,
2403 764 2457 812 et
2481 756 2802 812 antecedere
2825 755 3123 827 Troianum
3151 755 3352 809 bellum
3386 752 3544 808 annis
3566 758 3679 808 tre-

432 855 616 909 centis
646 854 1057 925 quinquaginta.
1083 850 1240 917 Quod
1268 866 1337 906 ne
1364 849 1453 904 cui
1475 847 1700 903 dubium
1730 846 1997 911 videatur,
2022 846 2274 917 frequens
2311 839 2451 901 ratio
2473 847 2553 902 sic
2581 846 2855 917 probabit,
2894 867 2913 900 ι
2939 855 3046 904 etc.
3076 846 3350 903 Hactenus
3370 846 3672 913 Eusebius;

431 961 497 1000 ex
527 946 727 1017 quibus
756 944 1108 1000 manifestum
1139 943 1340 1007 evadit,
1369 940 1619 997 eumdem
1659 939 1811 994 illum
1841 948 1895 995 et
1926 941 2182 1009 prooemii
2221 939 2671 1010 nostri,‘Eclogis
2694 942 3005 1010 propheticis
3041 940 3266 1013 praeﬁxi,
3295 947 3350 996 et
3374 936 3676 1009 Χρονικῶν

435 1041 718 1095 Κανόνων
749 1046 1025 1093 auctorem
1064 1052 1186 1093 esse
1211 1055 1224 1092 :
1257 1035 1398 1107 quod
1422 1033 1746 1105 prommium
1776 1048 1901 1087 cum
1930 1048 2031 1103 pro
2058 1032 2270 1105 Eclogis
2296 1076 2312 1101 ,
2363 1041 2416 1089 et
2444 1048 2552 1088 una
2591 1035 2889 1105 eademque
2926 1050 3112 1102 manu,
3135 1050 3243 1106 qua
3271 1034 3376 1090 illae
3405 1036 3459 1089 in
3485 1032 3675 1088 codice

432 1137 695 1207 scriptum
719 1135 812 1199 sit,
838 1151 949 1190 non
980 1134 1192 1200 dubito,
1224 1133 1356 1205 quin
1394 1133 1634 1219 lectores
1661 1129 1767 1185 mei
1795 1142 1906 1184 una
1931 1145 2144 1186 mecum
2175 1144 2274 1201 pro
2302 1143 2434 1184 vero
2463 1133 2853 1198 compertoque
2898 1128 3134 1183 habituri
3167 1128 3296 1194 sint,
3327 1128 3426 1184 bas
3455 1144 3673 1200 quoque

432 1228 655 1299 Eclogas
690 1234 906 1282 nostras
956 1226 1199 1295 ejusdem
1249 1223 1469 1280 Eusebii
1499 1222 1764 1293 Pamphili
1799 1224 2093 1294 genuinum
2142 1238 2281 1293 Opus
2313 1237 2457 1279 esse.
2497 1219 2669 1277 Porro
2699 1234 2876 1277 autem
2907 1221 3295 1294 κριτικὼτατος
3329 1222 3571 1294 Scaliger
3614 1223 3673 1279 in

431 1317 696 1391 prooemio
726 1317 792 1372 ad
825 1317 1151 1372 Tltesaurum
1180 1332 1339 1371 suum
1366 1314 1507 1370 ridet
1532 1313 2129 1387 Hieronymum,quod,
2157 1315 2354 1385 inquit,
2387 1312 2575 1369 Graeca
2613 1313 2833 1370 Eusebii
2863 1329 2970 1369 non
3000 1325 3284 1372 assecutus
3310 1357 3326 1382 ,
3376 1314 3670 1371 Eusebium

429 1410 810 1467 Chronicorum
841 1424 1063 1465 suorum
1107 1408 1374 1479 ἐπιτομήν
1407 1407 1806 1477 conscripsisse
1845 1407 2145 1462 arbitratus
2198 1408 2289 1462 sit.
2336 1404 2388 1461 Is
2424 1407 2575 1462 locus
2618 1407 2818 1479 legitur
2858 1406 2913 1461 in
2957 1408 3182 1478 prologo
3222 1408 3476 1465 Historia:
3504 1410 3669 1465 eccle-

425 1507 657 1562 siastica:
690 1504 913 1562 Eusebii
940 1524 953 1559 :
989 1503 1128 1575 Ἤδη
1162 1504 1261 1575 μὲν
1292 1498 1384 1557 οὖν
1406 1503 1610 1557 τούτων
1642 1503 1736 1557 καὶ
1769 1505 2052 1576 πρότερον,
2084 1505 2142 1556 ὲν
2167 1499 2247 1567 οἷς
2273 1501 2685 1574 διετυπώσαμεν
2719 1502 3029 1571 Χρονικοῖς
3056 1504 3352 1571 Κανόσιν,
3406 1506 3670 1580 ἐπιτομὴν

425 1602 847 1675 κατεστησάμην
872 1614 888 1631 ⁸
944 1600 1322 1673 πληρεστάτην
1372 1598 1417 1651 δ’
1463 1585 1741 1671 οὖν’ὂμως
1788 1598 1970 1654 αὐτῶν
2021 1599 2113 1652 ἐπὶ
2171 1598 2266 1651 τοῦ
2317 1598 2581 1669 παρόντος
2634 1596 2898 1670 ὡρμήθην
2933 1598 3033 1670 τήν
3064 1599 3340 1670 ἀφήγησιν
3377 1601 3666 1656 ποιεῖσθαι.

421 1704 554 1764 uua:
584 1694 816 1751 Ruﬁnus
841 1693 1033 1750 Latine
1062 1694 1331 1749 convertit
1356 1693 1437 1749 sic
1467 1713 1480 1749 :
1519 1693 1769 1760 Quamuis
1793 1693 1911 1763 jam
1932 1691 1995 1747 de
2023 1694 2105 1748 his
2139 1692 2266 1762 ipsis
2298 1691 2553 1745 nonnulla
2574 1691 2810 1745 etiamin
2836 1690 3124 1746 Chronicis
3151 1690 3226 1762 (id
3252 1700 3329 1746 est
3356 1691 3410 1745 in
3434 1709 3494 1745 eo
3519 1709 3671 1763 opere

421 1788 559 1860 quod
585 1789 649 1844 de
679 1799 968 1858 temporum
1020 1788 1224 1842 ratione
1246 1788 1691 1858 conscripsimus}
1722 1786 1943 1841 breviter
1984 1787 2343 1857 succincteque
2388 1784 2815 1853 perstrinxerim,
2863 1782 3067 1853 plenius
3112 1792 3285 1839 tamen
3326 1786 3380 1838 in
3422 1787 3669 1855 praesenti

421 1896 570 1950 opere
599 1880 926 1951 singulorum
958 1880 1317 1933 narrationem
1348 1880 1551 1949 aperire
1590 1878 1930 1934 tentabimus.
1958 1878 2040 1933 Ad
2067 1894 2190 1948 quae
2224 1877 2467 1947 Scaliger
2496 1895 2508 1931 :
2548 1895 2567 1929 (
2608 1875 2808 1941 Recte,
2845 1876 3043 1947 inquit,
3078 1874 3310 1934 Ruﬁnus
3343 1897 3356 1933 :
3391 1879 3498 1933 nisi
3522 1878 3669 1948 quod

421 1972 515 2024 ἐπὶ
549 1970 644 2026 τοῦ
684 1972 948 2044 παρόντος
980 1972 1298 2027 vertendum
1324 1979 1441 2027 erat
1466 1972 1969 2041 imprwseutiarum,
2008 1971 2089 2025 vel
2123 1985 2281 2024 nunc.
2321 1989 2339 2022 ι
2376 1968 2500 2023 Haec
2530 1968 2660 2024 ille:
2694 1974 2749 2021 at
2768 1983 2888 2023 mea
2907 1969 3126 2036 quidem
3149 1968 3442 2035 sententia,
3463 1969 3668 2025 rectius

419 2060 605 2118 Graeca
639 2062 855 2119 Eusebii
894 2070 1180 2119 assecutus
1205 2072 1289 2120 est
1323 2062 1720 2137 Hieronymus,
1766 2079 1930 2134 quam
1986 2064 2071 2119 vel
2118 2061 2380 2127 Rufinus,
2424 2063 2509 2117 vel
2546 2064 2575 2116 ὁ
2615 2061 2755 2116 πάνυ
2797 2060 3081 2132 Scaliger:
3134 2077 3260 2117 nam
3293 2063 3350 2117 in
3402 2065 3667 2134 prooemio

421 2162 611 2211 nostro
638 2155 785 2211 clare
817 2155 1132 2225 diserteque
1165 2154 1240 2208 ait
1269 2153 1537 2210 Eusebius
1561 2197 1576 2222 ,
1635 2154 1967 2225 Χρονικοὺς

2058 2154 2370 2221 δντάξαντες
2408 2154 2677 2219 Κανόνας
2702 2193 2717 2218 ,
2758 2155 3024 2226 ἐπιτομήν
3060 2169 3121 2207 τε
3157 2154 3366 2218 τούτοις
3404 2154 3667 2211 παντοδα-

418 2246 526 2317 πῆς
554 2244 794 2316 ἱστορίας
842 2246 1107 2318 Ἑλλήνων
1139 2264 1200 2300 τε
1238 2248 1332 2301 καὶ
1378 2247 1669 2320 βαρϐάρων
1697 2238 2002 2320 ἀντιπαραο

2058 2264 2179 2312 ντες,
2223 2265 2280 2303 κ.
2319 2265 2369 2301 τ.
2402 2246 2477 2311 λ.,
2515 2262 2575 2303 se
2612 2244 2899 2303 Chronicos
2926 2247 3168 2303 Canones
3196 2248 3522 2318 scripsisse,
3553 2252 3665 2306 eis-

416 2339 651 2411 demque
678 2340 1063 2411 compendium
1112 2340 1275 2397 varia:
1332 2340 1578 2397 historiae
1624 2348 1735 2396 tam
1791 2341 2102 2397 Graecorum
2135 2357 2298 2413 quam
2344 2348 2399 2396 et
2430 2340 2661 2398 aliarum
2695 2340 2937 2411 gentium
2972 2357 3039 2396 cx
3072 2340 3300 2396 adverso
3354 2340 3604 2410 posuisse
3643 2359 3660 2396 :

417 2435 580 2487 trium
619 2433 764 2487 enim
800 2434 888 2489 hic
925 2433 1266 2489 diversorum
1304 2449 1533 2504 operum
1561 2449 1786 2490 suorum
1817 2436 2002 2491 memir

2058 2450 2065 2488 ;
2093 2435 2362 2491 Eusebius
2396 2453 2408 2488 :
2449 2432 2634 2504 primi,
2668 2433 3069 2503 Παντοδαπῆς
3098 2433 3367 2502 ἱστορίας
3389 2449 3404 2463 ·
3436 2433 3663 2489 alterius

414 2526 722 2595 Χρονικῶν
747 2530 1032 2585 Κανόνων
1054 2544 1068 2558 ·
1110 2530 1276 2594 tertii,
1324 2529 1642 2601 Ἐπιτομῆς
1662 2530 2002 2606 παγτοδαπῆ

2080 2534 2367 2601 ἱστορίας.
2399 2531 2640 2592 Primum
2673 2532 2963 2605 separatim
2992 2530 3164 2587 edidit
3204 2530 3470 2588 Eusebius
3490 2572 3505 2596 ,
3552 2531 3665 2586 duo

416 2617 621 2688 reliqua
653 2617 1011 2687 coniunctim,
1036 2627 1098 2673 ut
1122 2620 1207 2676 vel
1238 2619 1400 2675 hodie
1432 2621 1612 2677 solent
1644 2617 1856 2692 vulgari
1892 2642 1904 2677 :
1946 2637 2111 2693 quam
2145 2623 2308 2679 etiam
2339 2624 2410 2679 ob
2437 2640 2661 2682 causam
2696 2623 3054 2681 emendandae
3081 2622 3215 2677 mihi
3244 2623 3503 2677 videatur
3546 2621 3664 2692 epi-

413 2709 633 2778 graphae
658 2722 689 2762 a
725 2706 1002 2780 Scaligero
1029 2711 1209 2780 editae,
1244 2726 1309 2766 ac
1345 2712 1582 2783 primum
1616 2712 1838 2783 quidem
1876 2712 2098 2771 Eusebii
2129 2730 2269 2786 opus
2294 2715 2535 2785 titulum,
2568 2726 2629 2772 ut
2662 2717 2898 2781 videtur,
2929 2714 3073 2770 ferre
3110 2715 3371 2783 deberet,
3427 2718 3660 2769 Παντο-

411 2798 611 2868 δαπῆς
646 2800 915 2870 ἱστορίας
951 2800 1165 2874 (cujus,
1227 2811 1323 2858 aut
1368 2806 1665 2874 persimilis
1711 2805 2036 2878 epigraplies
2072 2807 2278 2864 Gellius
2324 2825 2542 2881 quoque
2586 2810 2833 2866 meminit
2880 2810 2934 2863 in
2983 2808 3300 2879 praefatione
3352 2809 3420 2864 ad
3463 2807 3658 2864 Noctes

411 2892 667 2963 Atticas.)
691 2900 805 2958 aut,
840 2901 898 2948 ut
930 2894 986 2949 in
1038 2897 1334 2967 exemplari
1370 2913 1470 2953 suo
1501 2900 1631 2971 legit
1671 2898 1998 2971 Hieronymu

2058 2940 2067 2967 ,
2103 2902 2400 2956 Εὐσεϐίου
2437 2901 2545 2957 τοῦ
2577 2904 2893 2973 Παμφίλου
2939 2901 3370 2972 Χρονοῃοαςρία.
3411 2902 3657 2956 Altertrn

410 3000 569 3051 vero,
608 2985 879 3053 Χρονικοὶ
900 2989 1165 3056 Κανόνες
1201 2990 1326 3044 σὺν
1351 2991 1605 3061 ἐπιτομῇ
1647 2993 2001 3064 παντοδαπῆ

2067 2995 2353 3064 ἱστορίας.
2400 2995 2506 3052 Sed
2546 2997 2663 3053 haec
2690 2996 2770 3051 illi
2796 2995 3140 3053 discutienda
3171 2996 3527 3067 relinquimus
3562 2994 3657 3067 qui

409 3085 476 3128 au
506 3074 715 3131 edenda
747 3077 966 3135 Eusebii
1003 3096 1167 3152 opera
1200 3083 1442 3137 animum
1478 3086 1769 3155 appulerit.

1183 3453 1352 3568 EC
1373 3454 1787 3569 LOG/E
1865 3453 2867 3569 PROPHETIC/E.

1553 3692 1917 3797 LIBER
1986 3689 2476 3785 PRIMUS.

397 3994 442 4048 ou
492 4032 509 4049 ο
596 4032 613 4050 ο
687 4032 703 4049 ο
784 4034 799 4049 ο
877 4034 891 4049 ο
971 4035 987 4050 ο
1067 4037 1081 4059 η
1173 4037 1188 4052 ο
1268 4039 1282 4053 ο
1364 4039 1377 4053 ο
1456 4038 1473 4054 ο
1558 4039 1574 4055 ο
1652 4040 1666 4061 τ
1747 4043 1761 4057 ο
1843 4041 1858 4056 ο
1943 4032 2002 4063 ολ

393 4085 458 4157 (ί,
480 4086 533 4156 1)
551 4084 709 4156 λόγου
736 4103 796 4141 τε
813 4088 908 4141 καὶ
930 4086 1044 4159 βίου
1066 4087 1454 4156 διεξοδευθεῖσα
1473 4091 1573 4157 τὰς
1592 4094 1719 4164 περὶ
1737 4092 1828 4147 τοῦ
1859 4094 1967 4146 Κυ-

395 4180 512 4251 ,ειῐου
542 4178 635 4234 καὶ⁵
667 4179 919 4252 Σωτῆρος
957 4181 1119 4252 ἡμῶν
1164 4182 1335 4254 Ἰησοῦ
1368 4184 1604 4255 Χριστοῦ
1638 4184 1960 4258 μαρτυρίας,

390 4268 458 4323 δι’
480 4271 725 4343 ἐναργῶν
748 4272 841 4326 καὶ
864 4271 1090 4337 πιστῶν,
1110 4273 1203 4326 καὶ
1216 4274 1428 4346 ἀληθῶν
1447 4274 1770 4341 ἀποδείξεών
1787 4294 1846 4330 τε
1870 4278 1964 4331 καὶ

393 4362 764 4435 συλλογισμῶν
797 4364 1103 4428 ὲπιστοῦτο,
1134 4364 1415 4437 βραχείαις
1458 4368 1653 4441 κομιδῇ
1697 4372 1817 4432 ταῖς
1857 4369 1963 4423 ἀπὸ

388 4454 496 4507 τῶν
523 4455 674 4528 παρά
693 4473 753 4510 τε
768 4456 1041 4522 Ἰουδαίοις
1068 4458 1162 4521 καὶ
1186 4461 1316 4531 ἡμῖν
1337 4444 1782 4533 πεπιστευμένων
1804 4461 1962 4516 θείων

391 4543 621 4614 Γραφῶν
661 4547 756 4601 ἐπὶ
788 4548 932 4614 τέλει
963 4551 1282 4623 χρησαμένη
1333 4553 1691 4625 μαρτυρίαις
1729 4554 1849 4607 ἐπεὶ
1887 4554 1962 4627 μὴ

388 4635 445 4688 δὲ
475 4634 632 4701 ἄλλος
672 4638 794 4711 ᾕρει
828 4640 983 4710 λόγος
1013 4645 1126 4707 τοῖς
1169 4643 1249 4697 ἔτι
1274 4646 1451 4716 πάντη
1480 4649 1597 4711 ταῖς
1630 4645 1802 4710 θείαις
1835 4647 1963 4700 ἀπι-

393 4723 607 4781 στοῦσιν
649 4728 894 4799 Γραφαῖς
943 4731 1185 4802 δαψιλεῖς
1232 4733 1291 4801 ἐξ
1336 4735 1514 4789 αὐτῶν
1568 4738 1961 4812 παρατίθεσθαι

387 4816 486 4881 τὰς
543 4820 851 4885 συστάσεις.
898 4822 980 4887 Τά
1022 4841 1086 4893 γε
1126 4825 1232 4898 μὴν
1272 4828 1329 4878 ὲν
1367 4829 1551 4899 χερσὶν
1592 4833 1704 4898 τοῖς
1750 4832 1815 4884 ἐκ
1862 4831 1962 4902 τῆς

388 4910 611 4968 ἐκείνων
651 4913 977 4980 ἀποδείξεως
1007 4910 1095 4970 οἷα
1125 4916 1188 4989 δὴ
1236 4916 1409 4983 θείαις
1437 4920 1537 4992 ἢδη
1573 4922 1665 4975 καὶ
1701 4921 1959 4976 θεοπνεύ-

388 5018 534 5066 στοις
580 5005 857 5069 πιστεύειν
907 5006 1183 5077 ὀφείλουσι
1225 5010 1344 5079 ταῖς
1392 5011 1561 5083 ἱεραῖς
1611 5013 1852 5084 Γραφαῖς
1886 4996 1959 5068 ¹τὸ

384 5090 567 5155 λεῖπον
587 5093 823 5159 ἐκείναις
843 5096 1261 5169 ἀποπληροῦντα
1282 5099 1604 5173 ἐπεπόνητο,
1628 5103 1957 5175 Συναγωγὴν

383 5182 705 5255 περιέχοντα
743 5184 1043 5257 συλλήϐδην
1119 5225 1134 5242 .
1214 5226 1229 5241 .
1310 5226 1327 5243 .
1405 5227 1423 5246 .
1500 5230 1516 5257 ._
1596 5231 1613 5259 η
1686 5193 1955 5264 περὶτοῦ

382 5274 587 5347 Κυρίου
618 5277 712 5342 καὶ
752 5277 1004 5349 Σωτῆρος
1051 5280 1206 5351 ἡμῶν
1245 5282 1419 5355 Ἰησοῦ
1450 5282 1697 5356 ’Χριστοῦ
1742 5302 1956 5357 προφη-

377 5363 900 5433 τείαν,ἃ;ςάπὸπ.
980 5410 997 5436 τ
1073 5407 1090 5425 .
1168 5412 1182 5424 .
1263 5411 1276 5425 .
1350 5390 1381 5425 τ
1458 5413 1472 5437 ,
1551 5390 1583 5426 σ

381 5456 652 5529 Διαθήκης
681 5460 770 5528 ὑφ’
798 5459 856 5514 ἓν
880 5467 1217 5535 συναγαγεῖν
1245 5466 1419 5533 ἔδοξεν
1440 5468 1511 5532 ’δ
1551 5507 1564 5521 .
1646 5510 1660 5523 .
1740 5513 1754 5527 .
1837 5512 1852 5526 .
1934 5513 1949 5529 .

379 5562 562 5619 τερον·
594 5548 673 5621 πῆ
702 5550 759 5615 δὲ
790 5553 884 5615 καὶ
905 5553 971 5607 δι’
1006 5555 1267 5621 ὑπονοιῶν
1302 5560 1373 5613 τὰ
1401 5560 1529 5632 περὶ
1559 5562 1722 5616 αὐτοῦ
1754 5582 1948 5638 προειρ

383 5675 398 5688 ο
474 5680 490 5696 .
569 5681 584 5697 .
633 5709 636 5712 ,
664 5682 680 5697 .
754 5661 811 5698 ον
836 5646 998 5700 αὐτὸν
1028 5649 1123 5702 καὶ
1150 5649 1247 5715 τὰς
1274 5652 1394 5717 κατ’
1424 5653 1588 5708 αὐτὸν
1615 5658 1945 5728 οἰκονομίας,

381 5727 514 5820 υνξχὶ
546 5729 603 5820 δὲ
627 5733 722 5786 καὶ
763 5736 849 5787 εἰσ
924 5777 938 5790 .
1018 5778 1031 5790 .
1114 5778 1129 5792 .
1207 5779 1221 5794 .
1300 5743 1501 5816 μύζομε
1532 5745 1568 5801 ἂ
1594 5734 1770 5817 πέρας
1801 5727 1947 5820 εἱλη-

379 5817 514 5883 φὸτα
536 5819 828 5883 δείκνυται.
873 5828 1308 5893 Τὰςδὲτοιαύτα
1361 5875 1374 5888 .
1455 5877 1468 5889 .
1550 5877 1564 5893 .
1645 5878 1657 5894 .
1739 5880 1752 5894 .
1835 5880 1848 5893 .
1904 5817 1943 5895 ν.

476 5949 488 5963 .
562 5913 867 5986 ἀρχούσας·
913 5922 1005 5979 καὶ
1037 5925 1311 5999 σποράδην
1350 5930 1407 5982 οὐ
1446 5930 1603 6001 μόνον
1645 5933 1945 6007 προφητεία

2067 4091 2333 4149 Sermone
2378 4102 2435 4151 et
2460 4095 2572 4149 vita
2616 4103 2875 4153 accurate
2917 4095 3169 4154 discussa
3204 4097 3272 4155 dc
3319 4099 3551 4159 Domino
3587 4113 3644 4163 et

2067 4185 2351 4243 Salvatore
2380 4195 2573 4243 nostro
2611 4184 2740 4244 Jesu
2771 4188 2992 4245 Christo
3026 4192 3367 4260 testimonia,
3409 4211 3505 4266 per
3537 4197 3646 4254 cla.

2066 4294 2176 4343 ras,
2220 4277 2520 4350 ﬁdelesque
2564 4287 2619 4334 et
2654 4294 2813 4336 veras
2845 4279 3348 4340 demonstrationes
3375 4293 3431 4340 et
3473 4288 3644 4343 ratio-

2063 4371 2373 4428 cinationes
2411 4371 2860 4438 conﬁrmabatur,
2879 4373 3137 4429 brevibus
3152 4373 3440 4447 diligenter
3494 4375 3642 4433 Scri-

2064 4476 2347 4538 pturarum
2376 4466 2708 4532 divinarum,
2732 4482 2853 4538 quae
2877 4467 3019 4538 apud
3050 4464 3268 4525 Iudaeos
3299 4480 3353 4525 et
3375 4470 3518 4541 apud
3539 4486 3642 4529 nos

2063 4558 2384 4623 creduntur,
2433 4566 2709 4629 postremo
2760 4574 2860 4614 usa
2912 4559 3275 4629 testimoniis;
3340 4576 3463 4618 cum
3518 4558 3641 4635 qui;

2033 4650 2186 4706 ‘dem
2222 4666 2332 4706 non
2363 4650 2469 4706 alia
2524 4658 2670 4706 esset
2710 4650 2874 4715 ratio,
2935 4649 3247 4707 divinarum
3295 4654 3474 4712 adhuc
3522 4671 3641 4710 om-

2064 4742 2197 4797 nino
2230 4740 2638 4812 Scripturarum
2680 4741 2979 4807 incredulis
3016 4734 3223 4813 largam
3269 4760 3333 4801 ex
3369 4746 3437 4802 iis
3467 4753 3640 4803 mate-

2062 4835 2201 4888 riam
2230 4824 2233 4825 ν
2259 4832 2597 4889 conferendi.
2654 4832 2786 4901 Qum
2844 4834 3013 4905 igitur
3058 4824 3113 4889 in
3146 4824 3525 4903 manu‘erant,
3567 4838 3635 4893 iis

2061 4926 2154 4998 qui
2214 4933 2438 4997 propter
2502 4926 2697 4980 borum
2764 4925 3284 4982 demonstrationem
3359 4928 3445 4983 vel
3496 4928 3637 4985 divi-

2061 5019 2171 5084 nis,
2226 5018 2315 5074 vel
2360 5018 2623 5077 divinitus
2677 5017 2874 5100 atllatis
2919 5019 3143 5075 credere
3186 5018 3383 5076 debent
3427 5023 3634 5079 sanctis

2063 5109 2386 5181 Scripturis,
2417 5126 2537 5181 quae
2569 5110 2677 5166 illis
2721 5097 2923 5167 desunt
2962 5112 3314 5182 complentia,
3354 5114 3634 5173 elaborata

2059 5208 2236 5268 erant,
2264 5199 2605 5275 Synagogam
2638 5218 2749 5261 uno
2786 5203 2956 5258 verbo
2997 5187 3513 5275 comprehendentia
3555 5249 3569 5263 .
3616 5253 3629 5266 .

2063 5332 2077 5346 .
2122 5310 2138 5349 ;
2182 5332 2197 5357 ς
2243 5335 2258 5350 .
2303 5337 2317 5350 .
2362 5337 2377 5350 .
2422 5334 2436 5349 .
2482 5335 2497 5348 .
2544 5337 2559 5351 .
2604 5334 2619 5349 .
2662 5337 2676 5350 .
2718 5295 2786 5349 de
2810 5292 3043 5350 Domino
3067 5302 3122 5350 et
3145 5295 3633 5357 Salvatorcnostro

1658 5412 1674 5429 .
1987 5395 2002 5451 ι

2058 5352 2439 5442 Jesu‘Cbristo
2480 5386 2840 5457 prephetiam,
2884 5400 3023 5455 quas
3066 5401 3097 5440 a
3139 5430 3153 5443 .
3196 5430 3210 5444 .
3256 5428 3269 5442 .

2132 5518 2138 5543 ε
2184 5519 2196 5533 .
2243 5520 2257 5533 .
2300 5489 2485 5535 vetera
2522 5478 2856 5535 Testamenti
2888 5477 2945 5532 in
2979 5494 3149 5563 unum
3191 5485 3522 5542 contrahere
3550 5487 3630 5543 vi-

2052 5585 2173 5625 sum
2201 5581 2321 5638 est;
2365 5612 2380 5625 .
2424 5612 2443 5630 .
2486 5612 2500 5626 .
2546 5614 2559 5627 .
2606 5612 2621 5626 .
2667 5615 2681 5628 .
2728 5618 2741 5627 .
2785 5613 2801 5628 .
2845 5576 3136 5649 allegorice
3175 5577 3243 5635 de
3275 5580 3369 5634 illo
3392 5596 3502 5651 pra:
3544 5622 3556 5635 .
3605 5626 3622 5639 .

2054 5704 2068 5716 .
2112 5702 2126 5715 .
2170 5703 2187 5719 .
2230 5704 2244 5717 .
2290 5706 2306 5721 .
2349 5704 2364 5719 .
2411 5708 2425 5723 .
2458 5707 2472 5721 .
2504 5681 2626 5721 eum
2653 5674 3062 5739 atquepereum
3080 5671 3487 5743 dispositiones.
3505 5675 3626 5734 Non

2051 5765 2231 5812 autem
2253 5758 2386 5813 etin
2429 5801 2443 5814 .
2488 5796 2503 5812 .
2549 5797 2563 5811 .
2603 5801 2617 5814 .
2662 5800 2677 5814 .
2722 5802 2735 5815 .
2776 5776 2899 5832 qua:
2918 5764 3195 5834 accepisse
3216 5779 3418 5823 exutum
3440 5779 3596 5827 oeten

2046 5848 2270 5906 duntur.
2298 5849 2449 5905 Talia
2481 5866 2610 5907 vero
2650 5890 2664 5905 .
2712 5895 2725 5907 .
2771 5894 2785 5907 .
2832 5897 2847 5909 .
2885 5893 2902 5911 .
2949 5897 2963 5911 .
3010 5895 3025 5908 .
3071 5899 3083 5912 .
3129 5898 3143 5913 .
3190 5900 3204 5913 .
3243 5899 3256 5911 .
3298 5858 3616 5933 dirigentes,

2050 5949 2212 6017 atque
2242 5942 2348 5998 huc
2392 5948 2445 5999 et
2487 5942 2615 5999 illuc
2658 5960 2767 6001 non
2801 5953 3007 6004 tantum
3038 5950 3323 6022 prophetia
3369 5988 3383 6011 ,
3425 5992 3440 6012 .
3482 5994 3493 6008 .
3542 5993 3557 6007 .
3595 5992 3616 6008 .
