4106 6442
481 363 620 420 ίυῖὅ
1116 367 1382 425 EUSEBII
1421 365 1908 424 CAESARIENSIS
1959 365 2028 427 ΠΡ

2135 363 2315 419 PARS
2351 362 2437 422 ill.
2476 395 2546 407 —
2585 365 2996 425 EXEGETICA.
3579 376 3718 434 ιοει

479 521 499 542 .
543 525 560 542 .
603 525 618 540 .
664 529 676 542 .
724 528 738 542 .
781 529 793 541 .
833 505 954 558 quae
984 489 1036 543 in
1074 489 1320 545 historiis
1359 489 1730 544 continentur.
1761 487 1878 543 Non
1913 503 2028 559 pau-

2152 526 2166 540 .
2249 528 2262 541 .
2342 526 2356 540 .
2435 527 2448 540 .
2503 495 2646 542 baca.
2687 529 2700 543 .
2777 528 2793 544 .
2836 489 3097 562 ἱστορίαις
3131 491 3584 564 ἐναποκειμένας·
3615 498 3715 552 οὐκ

479 577 561 634 cis
600 620 614 634 .
658 620 672 632 .
712 621 725 634 .
770 621 783 634 .
824 623 836 636 .
881 622 893 636 .
937 624 950 637 .
992 593 1111 637 acta
1159 581 1274 636 fore
1324 581 1522 645 utiles;
1551 596 1673 635 cum
1719 596 1827 634 non
1868 580 2024 634 facile

2149 579 2346 648 ὀλίγοις
2423 621 2434 632 .
2515 623 2528 635 .
2609 621 2622 633 .
2702 580 2924 652 αχθεῖσα
2957 581 3173 636 ἔσεσθαι
3220 585 3552 657 χρησίμους⁸
3592 588 3714 643 ἐπεὶ

478 671 574 726 sed
614 672 769 740 quasi
814 689 880 726 ex
923 711 938 727 .
983 712 998 726 .
1043 711 1058 726 .
1104 715 1116 728 .
1162 715 1174 728 .
1223 715 1236 728 .
1284 713 1295 724 .
1343 714 1357 728 .
1404 671 1809 742 Scripturarum
1863 686 2028 725 corau

2152 671 2227 743 μὴ
2256 673 2435 744 ῥᾴδιον
2459 673 2572 725 ἀλλ’
2603 673 2679 735 ὡς
2703 675 2764 726 ἐκ
2793 673 2892 744 τῆς
2971 715 2984 728 .
3063 714 3075 727 .
3151 675 3315 746 τάδην
3342 676 3449 730 τῶν
3483 678 3714 751 Γραφῶν

477 762 730 816 omnibus
776 765 1114 820 recitationis
1159 780 1350 820 omnes
1398 764 1684 834 subiacere
1715 764 1772 819 in
1805 780 1868 820 os
1901 773 1956 819 et
1995 765 2047 819 in

474 853 792 906 memoriam
823 853 966 910 ferre
996 857 1325 911 volentibus.

548 941 841 1000 Sciendum
889 957 974 1004 est
1021 965 1144 1013 nos,
1184 951 1503 1019 priusquam
1559 949 1662 1004 hoc
1706 949 2045 1020 propositum

474 1037 918 1106 aggrederemur,
947 1040 1235 1096 Chronicos
1260 1041 1499 1097 Canones
1523 1041 1836 1112 scripsisse,
1856 1041 2046 1112 eisque

475 1129 858 1197 compendium
895 1133 1060 1187 variae
1103 1134 1349 1188 historiae
1379 1143 1488 1187 tam
1533 1131 1846 1187 Graecorum
1881 1147 2041 1202 quam

474 1228 526 1273 et
548 1220 778 1274 aliarum
811 1224 1055 1293 gentium
1084 1241 1148 1278 ex
1187 1224 1415 1280 adverso
1442 1225 1714 1294 posuisse,
1744 1223 1810 1278 ad
1843 1223 2043 1295 Moysis

475 1319 636 1382 atque
682 1315 936 1378 aliorum,
986 1315 1078 1386 qui
1111 1325 1234 1386 post
1280 1332 1404 1371 eum
1449 1316 1618 1385 fuere,
1655 1317 2040 1387 prOphetarum

474 1412 796 1460 vetustatem
841 1407 1247 1462 vindicandam.
1282 1408 1377 1464 llis
1408 1412 1564 1479 quasi
1609 1410 2040 1478 supplementum

471 1513 591 1568 quae
621 1499 780 1553 nobis
813 1500 866 1553 in
887 1515 1050 1553 manu
1076 1513 1233 1556 erant
1264 1504 1464 1573 passim
1497 1503 1833 1571 colligentes,
1860 1502 2043 1571 priore

472 1588 724 1642 absoluto
767 1589 834 1642 ad
887 1605 1127 1658 pmscns
1175 1608 1312 1662 opus
1357 1608 1538 1647 rerum
1581 1604 1774 1646 natura
1820 1591 2039 1645 adducti

471 1695 682 1735 sumus.
717 1679 871 1745 Quod
917 1681 1040 1752 quis
1089 1683 1194 1738 cite
1237 1683 1498 1752 sapientis
1527 1684 1644 1754 apis
1677 1684 1910 1737 naturali
1951 1683 2038 1738 in-

469 1772 693 1826 dustria:
735 1774 1148 1842 comparaverit,
1198 1775 1263 1827 ad
1296 1789 1456 1843 quam
1506 1791 1606 1829 nos
1657 1775 1883 1829 remittit
1945 1792 2039 1830 sa-

2149 763 2597 834 συναναγνώσεως
2619 764 2717 828 τὰς
2739 765 2914 830 πάσας
2938 767 3261 820 ὑποπίπτειν
3282 771 3395 833 τοῖς
3415 769 3519 825 ἀνὰ
3540 771 3713 844 στόμα

2148 858 2240 910 καὶ
2273 856 2359 910 διὰ
2388 858 2606 928 μνήμης
2634 857 2818 928 φέρειν
2854 861 3022 925 αὑτάς
3048 861 3412 932 βουλομένοις.

2230 947 2425 1001 Ἰστέον
2455 947 2502 1000 δ’
2530 947 2606 1011 ὼς
2639 949 2744 1020 πρὸ
2777 951 2873 1020 τῆς
2913 952 3190 1022 παρούσης
3224 952 3531 1016 ὑποθέσεως
3567 955 3712 1023 Χρο-

2145 1040 2352 1107 νικοὺς
2393 1040 2746 1105 συντάξαντες
2785 1043 3076 1110 Κανόνας,
3109 1045 3374 1115 ἐπιτομήν
3403 1062 3464 1098 τε
3502 1045 3712 1110 τούτοις

2145 1130 2484 1202 παντοδαπῆς
2515 1131 2751 1202 ἱστορίας
2797 1131 3057 1203 Ἐλλήνων
3088 1150 3145 1186 τε
3177 1135 3271 1188 καὶ
3305 1134 3592 1207 βαρϐάρων
3615 1135 3711 1192 ἅν-

2143 1219 2557 1290 τιπαραθέντες,
2585 1222 2686 1293 τὴν
2716 1221 2994 1284 Μωὺσέως
3022 1223 3114 1275 καὶ
3139 1222 3247 1276 τῶν
3280 1224 3337 1291 ἐξ
3381 1224 3544 1278 αὑτοῦ
3576 1242 3711 1298 προ-ι

2144 1311 2328 1384 φητῶν
2361 1311 2693 1385 ἀρχαιότητα
2721 1313 2784 1366 δι’
2815 1313 2993 1366 αὐτῶν
3019 1316 3469 1386 παρεστήσαμενο
3504 1313 3584 1381 οἷς
3609 1318 3707 1390 τὴν

2146 1402 2281 1474 μετά
2323 1407 2511 1475 χεῖρας
2555 1405 2828 1476 σποράδην
2879 1403 3168 1458 ἀκόλουθον
3214 1405 3706 1477 ὑπολαμϐάνοντες,

2141 1495 2367 1559 εἰκότως
2411 1497 2529 1566 μετ’
2555 1495 2768 1568 ἐκείνην
2801 1495 2894 1548 ἐπὶ
2931 1494 3026 1566 τὴν
3052 1495 3329 1564 παροῦσαν
3372 1495 3706 1568 ἐληλύθαμεν

2142 1588 2519 1659 πραγματείαν
2540 1605 2555 1620 ⁹
2583 1591 2649 1660 ἣν
2669 1589 2762 1642 καὶ
2785 1589 3080 1662 χαριέντως
3108 1591 3172 1645 ἄν
3199 1608 3280 1653 τις
3305 1590 3383 1661 τῷ
3407 1590 3508 1660 τῆς
3537 1590 3704 1660 σοφῆς

2145 1679 2396 1750 μελίττης
2422 1681 2769 1734 ἀπεικάσειεν
2808 1681 3018 1752 φυσικῷ
3051 1683 3443 1754 σπουδάσματι,
3476 1683 3611 1753 πρὸς
3638 1683 3704 1754 ἢν

2141 1772 2478 1842 ἀναπέμπων
2511 1774 2659 1843 ἡμᾶς
2699 1775 2726 1826 ὁ
2768 1775 2826 1827 ἐν
2855 1775 3181 1846 Παροιμίαις
3227 1775 3368 1848 ἱερὸς
3411 1775 3564 1842 λόγος
3597 1793 3702 1846 φης-

467 1877 560 1917 cer
597 1878 779 1918 sermo
827 1865 881 1917 in
926 1863 1235 1920 Proverbiis
1282 1865 1470 1922 dicens
1500 1886 1512 1920 :
1544 1885 1561 1917 ι
1594 1864 1742 1922 Vade
1763 1868 1828 1922 ad
1852 1883 2028 1938 apem,

2144 1868 2245 1931 σὶν,
2288 1885 2306 1917 ‹
2351 1867 2420 1919 Ἣ
2446 1865 2737 1938 πορεύθητι
2766 1866 2899 1936 πρδς
2931 1868 3027 1938 τὴν
3058 1867 3327 1939 μέλιτταν,
3359 1869 3452 1920 καὶ
3482 1867 3556 1919 ίδε
3588 1865 3702 1930 πῶς

465 1961 520 2008 et
543 1953 665 2009 vide
686 1971 847 2024 quam
875 1971 1104 2026 operosa
1133 1959 1224 2023 sit,
1256 1974 1529 2028 quamque
1559 1961 1833 2029 egregium
1867 1960 2038 2014 conﬁ-

465 2046 574 2100 ciat
598 2062 774 2116 opus;
805 2048 924 2117 ejus
953 2049 1192 2103 laborem
1229 2066 1384 2120 reges
1425 2062 1478 2106 et
1515 2052 1710 2122 privati
1739 2053 1804 2106 ad
1839 2054 2038 2107 sanita-

465 2149 570 2194 tem
603 2140 928 2207 comedunt;
961 2151 1115 2212 grata
1158 2150 1243 2198 est
1293 2145 1570 2211 omnibus,
1604 2155 1771 2216 atque
1806 2147 2032 2217 inclyta,

461 2232 565 2286 etsi
615 2231 826 2288 viribus
877 2233 1109 2298 debilis,
1167 2235 1492 2306 sapientiam
1541 2237 1721 2292 colere
1773 2239 2037 2308 praedica-

460 2325 613 2379 tur'.
647 2344 664 2374 ι
710 2326 1177 2392 Quemadmodum
1235 2327 1383 2383 enim
1429 2329 1544 2384 haec
1589 2329 1774 2400 Opifex
1811 2332 2034 2401 sapien-

459 2419 588 2474 tiam
642 2420 822 2476 colere
894 2419 1087 2484 fertur,
1143 2420 1449 2477 ﬂorentium
1513 2422 1821 2493 germinum
1886 2423 2036 2477 colli—

458 2525 590 2581 gens
627 2510 800 2576 utilia,
835 2519 888 2566 et
922 2510 1008 2566 his
1038 2513 1296 2568 omnibus
1325 2515 1572 2568 collectis
1597 2524 1758 2584 atque
1787 2515 2038 2569 elabora-

463 2602 556 2663 tis,
588 2601 807 2671 regibus
836 2609 888 2656 et
922 2602 1149 2672 privatis
1192 2603 1486 2668 salutares,
1516 2614 1573 2657 ut
1601 2605 1676 2657 ait
1728 2603 2031 2674 Sci-iptura,

457 2702 677 2764 praestat
709 2694 919 2748 labores
959 2710 1110 2756 suos,
1143 2693 1285 2748 idem
1321 2696 1484 2749 etiam
1534 2696 1669 2751 istas
1710 2695 1777 2750 de
1814 2694 2036 2750 Christo

457 2784 802 2854 propheticas
829 2787 986 2841 nobis
1017 2786 1268 2855 Eclogas,
1309 2803 1430 2857 qua:
1469 2795 1598 2842 sunt
1641 2787 1970 2858 ﬁorilegium
2007 2804 2037 2843 e

457 2877 625 2946 pratis
649 2876 742 2931 Dei
761 2877 1120 2948 spiritalibus,
1155 2881 1652 2949 comprehensuras
1693 2895 1816 2935 esse
1847 2879 2037 2934 existi-

456 2983 565 3032 mo,
628 2971 826 3039 quippe
873 2986 1011 3025 cera:
1060 2969 1362 3040 opiﬁcium,
1415 2972 1643 3041 pulchre
1695 2973 2035 3028 elaboratum

455 3060 683 3115 sinceris
749 3060 927 3116 verbis
978 3059 1254 3116 tradentes
1316 3064 1619 3118 sententias
1679 3081 1810 3120 vero
1855 3066 1910 3120 in
1967 3067 2035 3122 iis

452 3152 765 3209 reconditas
795 3155 936 3209 sicut
974 3153 1186 3210 dulcem
1230 3170 1293 3210 ac
1331 3156 1754 3211 saluberrimum
1794 3159 1914 3228 apis
1945 3175 2034 3214 sa-
2061 3194 2099 3249 ε

455 3245 655 3314 pientis
691 3245 924 3300 fructum
966 3246 1021 3299 in
1061 3254 1272 3301 secreto
1311 3247 1571 3303 interiore
1604 3249 1724 3303 loco
1761 3249 2026 3307 condens.

453 3335 588 3403 Quis
624 3339 766 3391 enim
812 3337 1048 3391 ﬁdeliutn
1088 3354 1196 3392 non
1226 3338 1487 3394 fateretur
1520 3340 1586 3395 ab
1613 3341 1760 3395 omni
1781 3344 2026 3413 corporis

453 3429 726 3499 voluptate
766 3437 818 3483 et
845 3429 1074 3485 utilitate
1109 3431 1521 3501 incomparabili
1560 3431 1778 3489 differre
1807 3436 2026 3504 praecel-

453 3521 616 3574 lentia
648 3521 912 3575 Salutares
937 3521 1002 3576 de
1033 3520 1214 3578 Verbo
1246 3521 1340 3578 Dei
1363 3523 1707 3590 collationes,
1733 3525 1802 3580 ad
1828 3527 2026 3582 intelli-

451 3614 685 3682 gentiam
712 3613 1044 3667 orthodoxi-,1:
1079 3613 1322 3680 idoneas,
1349 3615 1405 3668 in
1451 3616 1518 3670 iis
1541 3633 1661 3686 qua:
1704 3634 1831 3674 vere
1869 3619 2024 3674 utilia

449 3711 502 3754 ct
541 3701 781 3756 salubria
827 3704 990 3757 sunt!
1027 3702 1176 3758 llane
1227 3705 1480 3775 amplecti
1521 3723 1748 3764 necesse
1786 3717 1872 3764 est
1913 3725 2025 3766 non

450 3801 658 3846 tantum
729 3793 993 3864 dignitate
1067 3798 1481 3865 praecellentes,
1551 3801 1644 3871 qui
1702 3817 1858 3872 reges
1923 3819 2025 3858 vo-

448 3891 662 3948 cantur,
717 3883 814 3937 sed
862 3891 917 3939 et
965 3885 1262 3956 subjectos,
1311 3895 1364 3945 et
1397 3889 1633 3958 primum
1660 3907 1806 3946 nunc
1836 3891 2023 3948 divino

449 3977 789 4032 attendentes
853 3977 1040 4032 verbo.
1094 3978 1303 4042 Quibus
1339 3981 1556 4038 diverse
1606 3984 1862 4041 idoneum
1908 3986 2024 4042 fore

445 4067 701 4122 existimo
746 4067 944 4122 mentis
982 4067 1264 4134 habitum,
1319 4077 1379 4124 ut
1427 4087 1754 4142 pernoscere
1812 4075 2024 4145 possint

444 4157 732 4212 veritatem
781 4171 971 4211 eorum
1029 4159 1321 4214 verborum
1357 4199 1373 4225 ,
1437 4161 1503 4216 de
1569 4163 1769 4232 quibus
1820 4165 2022 4219 eruditi

445 4247 642 4312 sunt”;
695 4253 826 4299 tunc
861 4247 1093 4302 maxime
1135 4250 1368 4319 simplici
1427 4253 1752 4323 sinceraque
1787 4253 1891 4309 ﬁde
1929 4255 2021 4311 ﬁr-

445 4352 589 4390 mam
649 4349 1015 4409 consequente
1068 4342 1364 4408 ﬁduciam,
1410 4361 1535 4399 cum
1601 4347 2022 4404 ratiocinatione

445 4437 498 4484 et
536 4429 998 4489 demonstratione
1035 4433 1393 4491 fundamenta
1424 4437 1667 4492 stabilita
1713 4441 1845 4505 sint,
1899 4456 2020 4496 cer-

445 4521 712 4576 tissimam
742 4538 922 4578 rerum
953 4527 1289 4582 creditarum
1316 4528 1728 4598 intelligentiam
1752 4538 1806 4586 et
1837 4530 2018 4588 scien-

444 4614 572 4667 tiam
634 4614 701 4668 ad
742 4654 756 4668 .
801 4655 814 4669 .
858 4654 876 4674 .
919 4659 933 4672 .
992 4658 1008 4672 .
1054 4661 1067 4673 .
1113 4657 1128 4672 .
1181 4658 1196 4672 .
1241 4657 1258 4674 .
1304 4660 1317 4674 .
1365 4660 1379 4674 .
1421 4620 1586 4691 igitur
1635 4637 1838 4690 causa,
1891 4623 2017 4680 dico

443 4709 624 4758 autem
665 4743 680 4758 .
721 4744 734 4758 .
780 4744 794 4758 .
841 4747 856 4761 .
900 4747 914 4761 .
963 4749 976 4762 .
1023 4749 1037 4763 .
1085 4749 1098 4763 .
1141 4747 1154 4760 .
1195 4723 1422 4765 necesse
1463 4727 1583 4767 esse
1618 4714 1840 4783 prodest
1877 4757 1891 4770 .
1938 4757 1953 4771 .
1999 4758 2013 4774 .

443 4811 459 4826 ο
503 4834 518 4848 .
563 4837 577 4852 .
621 4836 636 4851 .
684 4839 698 4852 .
743 4839 758 4853 .
803 4839 818 4853 .
863 4839 878 4854 .
922 4841 936 4857 .
983 4810 1079 4868 ,ut
1115 4801 1170 4855 in
1207 4806 1460 4873 prommii
1491 4808 1654 4863 modo
1683 4809 2015 4881 interpreta-

442 4887 642 4941 tionem
672 4887 822 4944 brevi
865 4927 881 4944 .
928 4931 942 4944 .
982 4930 998 4947 .
1045 4931 1062 4946 .
1105 4931 1118 4944 .
1163 4930 1180 4945 .
1229 4932 1244 4947 .
1290 4933 1303 4945 .
1347 4932 1362 4946 .
1404 4936 1420 4950 .
1467 4937 1482 4950 .
1525 4898 1762 4952 maxime
1803 4899 2015 4956 brevis-

441 4979 634 5034 simam
681 4997 986 5053 proponere
1031 4983 1100 5038 de
1141 5022 1154 5037 .
1202 5027 1216 5040 .
1263 5026 1278 5040 .
1323 5027 1335 5039 .
1381 5025 1395 5038 .
1455 4987 1676 5058 quidem
1725 5006 2015 5062 argumen-

439 5079 553 5126 tum
583 5073 692 5128 illis
713 5075 803 5144 qui
832 5073 1055 5130 credere
1085 5076 1244 5146 quasi
1267 5076 1470 5134 divinis
1512 5118 1527 5133 .
1573 5120 1586 5132 .
1633 5122 1646 5135 .
1689 5125 1703 5137 .
1757 5121 1772 5136 .
1818 5123 1831 5136 .
1879 5126 1892 5138 .
1937 5127 1950 5141 .
1997 5123 2011 5139 .

440 5165 736 5233 praedicant
781 5165 1119 5237 Scripturis;
1166 5184 1276 5223 non
1309 5169 1477 5240 igitur
1519 5212 1532 5226 .
1579 5211 1592 5224 .
1640 5215 1652 5227 .
1703 5215 1714 5228 .
1759 5212 1774 5228 .
1817 5215 1830 5228 .
1875 5215 1888 5228 .
1935 5218 1948 5232 .
1997 5216 2010 5230 .

436 5255 622 5312 Jesum
655 5258 815 5329 quasi
846 5259 1024 5328 ipsum
1073 5276 1233 5330 quem
1274 5261 1761 5332 prophetaverunt.
1807 5264 1866 5321 In
1911 5267 2013 5322 du-

437 5350 526 5405 bio
566 5391 580 5406 .
625 5393 638 5406 .
685 5394 698 5407 .
746 5393 760 5406 .
804 5392 819 5407 .
864 5390 880 5406 .
1047 5395 1061 5408 .
1104 5370 1218 5424 eos,
1265 5357 1474 5412 scilicet
1520 5356 1758 5426 Iudaeos,
1797 5376 2011 5417 necnon

437 5444 638 5498 electos
683 5485 696 5499 .
739 5483 754 5498 .
799 5483 813 5498 .
856 5483 870 5499 .
915 5486 932 5503 .
977 5487 992 5501 .
1038 5485 1051 5499 .
1097 5487 1111 5511 ,
1153 5456 1206 5501 et
1245 5446 1605 5505 refutationes
1653 5467 1842 5506 eorum
1890 5470 2011 5524 quae

437 5537 610 5604 magis
637 5537 798 5590 etiam
838 5539 1074 5608 mythica
1107 5552 1333 5609 possent
1361 5542 1565 5608 dicere,
1595 5546 1879 5602 exsolvere
1909 5563 2007 5602 co-

437 5625 546 5678 nati
573 5625 784 5683 divinas
817 5645 998 5686 voces.
1030 5631 1149 5686 Erit
1179 5648 1398 5704 quoque
1435 5636 1617 5696 brevis
1645 5645 1698 5695 ct
1728 5639 2006 5695 moderata

511 5799 526 5830 ⁸
568 5799 726 5856 Prov.
761 5818 836 5868 vl,
871 5805 924 5859 8.
1001 5808 1020 5837 ¹
1062 5806 1195 5862 Luc.
1235 5810 1300 5876 l,
1334 5809 1387 5868 4.

2140 1959 2359 2029 ἐργάτις
2389 1958 2526 2023 ἐστὶ,
2556 1962 2654 2030 τήν
2685 1975 2744 2010 τε
2775 1958 3032 2030 ἐργασίαν
3059 1959 3134 2022 ὡς
3178 1959 3378 2029 σεμνὴν
3407 1955 3696 2031 ἐμπορεύε-

2137 2069 2224 2105 ται
2243 2070 2254 2081 ’
2281 2048 2347 2124 ἧς
2371 2053 2496 2115 τοὺς
2517 2052 2711 2116 πόνους
2741 2052 2974 2121 βασιλεῖς
2997 2051 3093 2104 καὶ
3129 2050 3331 2103 ἰδιῶται
3358 2051 3492 2120 πρὸς
3516 2049 3703 2118 ὑγείαν

2138 2144 2534 2215 προσφέρονται
2562 2160 2574 2173 ’
2612 2143 2831 2213 ποθεινή
2865 2160 2923 2195 τε
2950 2143 3095 2197 ἐστὶν
3119 2143 3281 2194 πᾶσιν
3316 2142 3408 2194 καὶ
3439 2139 3700 2204 ἐπίδοξος,

2139 2235 2336 2306 καίπερ
2363 2230 2496 2287 οὖσα
2521 2237 2586 2305 τῇ
2623 2233 2780 2306 ῥώμη
2803 2232 3052 2303 ἀσθενὴς,
3087 2233 3184 2302 τὴν
3210 2233 3399 2300 σοφίαν
3427 2232 3705 2302 τιμήσασα

2138 2329 2405 2401 προήχθη.
2447 2347 2464 2378 ι
2504 2329 2599 2381 Ὃν
2633 2327 2740 2397 γὰρ
2789 2329 2821 2398 ἡ
2860 2329 3081 2398 ἐργάτις
3128 2326 3310 2395 ἐκείνη
3356 2326 3558 2396 τρόπον
3606 2325 3702 2396 τὴν

2138 2421 2324 2490 σοφίαν
2356 2420 2582 2492 τιμῆσαι
2612 2419 3048 2491 μαρτυρουμένη,
3071 2417 3178 2470 τῶν
3199 2416 3436 2470 εὑθαλῶν
3459 2417 3710 2488 βλαστῶν

2135 2513 2504 2584 ἁναλεγομένη
2533 2512 2601 2566 τὰ
2641 2512 2942 2584 πρόσφορα,
2978 2512 3041 2563 ἐκ
3064 2510 3162 2579 τῆς
3201 2509 3452 2563 ἁπάντων
3481 2512 3702 2563 ἐπισυν-

2137 2607 2358 2677 αγωγῆς
2417 2623 2474 2658 τε
2530 2605 2624 2658 καὶ
2669 2605 2928 2675 ἐργασίας
2992 2602 3265 2673 βασιλεῦσι
3321 2603 3415 2656 καὶ
3469 2601 3703 2665 ἰδιώταις

2137 2698 2423 2767 ὑγιεινοὺς,
2517 2713 2680 2767 φησιν
2710 2697 2742 2766 ὴ
2769 2693 2980 2766 Γραφὴ,
3009 2694 3308 2766 παρέχεται
3343 2694 3468 2757 τοὺς
3504 2691 3703 2763 ἐαυτῆς

2139 2791 2350 2855 πόνους,
2381 2789 2572 2843 ταυτόν
2597 2805 2647 2841 τι
2675 2789 2765 2841 καὶ
2798 2788 2893 2848 τὰς
2925 2788 3053 2857 περὶ
3079 2786 3171 2839 τοῦ
3203 2785 3440 2858 Χριστοῦ
3461 2789 3702 2854 Προφη-

2136 2884 2301 2950 τικὰς
2332 2884 2464 2953 ἡμῖν
2506 2879 2807 2950 Ἐκλογὰς,
2853 2880 3170 2951 ἀπάνθισμα
3197 2879 3307 2932 τῶν
3338 2877 3431 2932 τοῦ
3456 2876 3589 2940 Θεοῦ
3614 2876 3704 2931 λιι-

2135 2974 2305 3042 γικῶν
2351 2970 2630 3043 λειμώνων
2672 2970 3063 3040 τυγχανούσας,
3121 2969 3390 3042 περιέξειν
3439 2967 3699 3040 ἡγοῦμαι.

2134 3069 2234 3139 τὴν
2269 3067 2365 3138 μὲν
2389 3065 2497 3119 τῶν
2531 3064 2713 3137 κηρῶν
2741 3062 3040 3116 εὔπλαστον
3067 3062 3422 3136 δημιουργίαν
3444 3061 3502 3112 ἐν
3519 3058 3700 3128 ψιλαῖς

2135 3161 2252 3222 ταῖς
2279 3157 2482 3222 λέξεσιν
2515 3153 2923 3219 ἀποσωζούσας,
2971 3153 3041 3206 τὰ
3083 3153 3126 3206 δ’
3171 3155 3228 3206 ἐν
3257 3152 3406 3223 αὑτῷ
3435 3150 3699 3213 τεθησαυ-

2136 3248 2369 3322 ρισμένα
2400 3249 2645 3319 νοήματα
2676 3245 2991 3316 καταλλήλῳ
3019 3243 3095 3315 τῷ
3121 3244 3308 3313 γλυκεῖ
3335 3244 3427 3297 καὶ
3468 3245 3697 3312 ὑγιεινο-

2132 3342 2279 3412 τάτῳ
2310 3341 2408 3411 τῆς
2441 3340 2610 3408 σοφῆς
2659 3341 2716 3390 ἐν
2735 3337 2959 3408 ’ἐκείνης
2991 3339 3284 3408 Ὑεννήματι
3325 3336 3452 3389 εἴσω
3499 3352 3603 3389 που
3634 3337 3694 3389 ὲν

2133 3432 2462 3502 ἀπορρήτοις
2502 3429 2910 3499 ταμιευόμενος.
2955 3425 3048 3489 Τίς
3087 3427 3192 3494 γάρ
3239 3425 3304 3496 δὴ
3343 3426 3450 3478 τῶν
3490 3423 3695 3478 πιστῶν

2131 3524 2231 3576 οὑκ
2284 3522 2349 3576 ἂν
2380 3521 2706 3592 ὁμολογήσαι
2749 3520 2928 3591 πάσης
2973 3518 3061 3571 διὰ
3105 3518 3367 3588 σωμάτων
3407 3517 3596 3587 ἡδονῆς
3637 3531 3697 3568 τε

2133 3617 2226 3668 καὶ
2249 3615 2510 3685 ὠφελείας
2542 3613 2856 3685 ἀσυγκρίτῳ
2889 3611 3162 3681 διαφέρειν
3193 3611 3432 3682 ὑπεροχῇ
3462 3609 3562 3671 τὰς
3593 3625 3696 3660 σω-

2129 3707 2348 3778 τηρίους
2375 3706 2501 3778 περὶ
2533 3704 2628 3758 τοῦ
2661 3705 2834 3773 Λόγου
2869 3702 2961 3756 τοῦ
2993 3701 3128 3754 Θεοῦ
3171 3699 3514 3772 παραθέσεις,
3553 3696 3695 3767 (L2)

2131 3800 2464 3872 ἐπιτηδείους
2509 3799 2646 3869 πρὸς
2696 3796 2960 3868 ἀνάληψιν
3011 3791 3359 3867 ὑπαρχούσας
3416 3791 3516 3860 τῆς
3559 3788 3696 3842 κατά

2131 3892 2387 3964 ἀλήθειαν
2438 3890 2712 3961 ὠφελίμου
2756 3891 2851 3943 καὶ
2903 3888 3145 3957 ὑγιεινῆς
3202 3882 3540 3957 ὀρθοδοξίας;
3595 3883 3697 3939 Ἢν

2131 3984 2410 4055 περιέπειν
2442 3985 2736 4052 ἀναγκαῖον
2764 3982 2825 4033 οὑ
2863 3980 3053 4051 μόνους
3077 3979 3203 4040 τοὺς
3230 3976 3327 4046 τὴν
3360 3975 3472 4040 ἐξιν
3497 3973 3694 4046 προϐε-

2129 4073 2365 4144 ϐηκότας
2398 4072 2636 4142 βασιλεῖς
2660 4067 3108 4143 όνομαζομένομς.
3136 4063 3270 4119 ἀλλά
3296 4064 3389 4117 καὶ
3414 4065 3539 4126 τοὺς
3569 4062 3698 4115 ὑπο-

2130 4166 2428 4237 ϐεϐηκότας
2453 4165 2545 4219 καὶ
2572 4163 2789 4235 πρῶτον
2806 4158 3019 4233 ἀρτιτῷ
3041 4159 3168 4229 θείῳ
3187 4155 3508 4228 προσιόντας
3531 4152 3690 4221 λόγῳ*

2127 4257 2207 4323 οἷς
2249 4259 2342 4313 καὶ
2373 4257 2731 4329 διαφερόντως
2764 4253 3074 4323 ἐπιτηδείαν
3103 4248 3316 4302 ἔσεσθαι
3365 4244 3566 4316 νομίζω
3597 4243 3695 4316 τὴν

2129 4351 2404 4413 ὑπόθεσιν,
2447 4351 2522 4412 ὠς
2570 4349 2636 4402 ἂν
2684 4346 2941 4419 ἀκριϐοῦν
2983 4343 3041 4411 ἐξ
3085 4344 3252 4413 αὑτῆς
3303 4340 3547 4395 δύναιντο
3594 4337 3704 4411 τὴν.

2127 4445 2255 4515 περὶ
2292 4436 2366 4496 ὧν
2406 4439 2794 4512 κατηχήθησαν
2827 4436 3000 4505 λόγων
3032 4434 3360 4503 ἀσφάλειαν·
3396 4431 3517 4484 τότε
3555 4428 3692 4502 μᾶλ-

2126 4532 2215 4585 λον
2241 4533 2341 4602 τῆς
2368 4527 2546 4599 ἀπλῆς
2571 4527 2666 4580 καὶ
2694 4525 2952 4597 ἀκεραίου
2979 4524 3214 4586 πίστεως
3243 4524 3448 4591 πεῖσμα
3477 4517 3694 4588 βέϐαιον

2127 4622 2402 4693 ίσχούσης,
2443 4619 2660 4672 ἐπειδάν
2699 4617 2777 4688 τῷ
2816 4614 3058 4687 λογισμῷ
3110 4617 3234 4678 τοὺς
3268 4613 3334 4666 δι’
3371 4609 3694 4675 ἀποδείξεως

2123 4708 2618 4786 προεγκαταϐαλών
2641 4727 2724 4773 τις
2743 4707 3021 4780 θεμελίους
3044 4707 3144 4778 τὴν
3167 4705 3367 4776 ἀκριϐῆ
3398 4703 3506 4756 τῶν
3532 4719 3694 4755 πεπι-

2125 4803 2432 4874 στευμένων
2481 4800 2783 4870 κατάληψίν
2824 4817 2884 4853 τε
2935 4799 3029 4852 καὶ
3079 4796 3280 4866 γνῶσιν
3313 4795 3448 4866 πρὸς
3492 4796 3689 4865 ἐπικτη

2491 4933 2505 4947 .
2544 4911 2574 4946 ν
2597 4891 2726 4962 γοῦν
2757 4891 2941 4945 ἕνεκεν
2970 4890 3112 4960 φημὶ
3139 4889 3195 4942 δέ
3223 4888 3331 4943 τῶν
3361 4889 3422 4940 ἐτ
3461 4925 3477 4940 .
3521 4924 3536 4940 .
3575 4902 3689 4939 τοι-

2121 4988 2332 5060 χειώσε-
2395 5029 2407 5041 .
2489 5028 2503 5041 .
2585 5026 2598 5040 .
2679 5025 2693 5040 .
2772 5025 2786 5038 .
2867 5022 2882 5038 .
2957 4984 3248 5051 ἀναγκαῖον
3275 4976 3411 5033 εἶναι
3441 4979 3689 5052 παρέστη

2125 5079 2264 5151 μετὰ
2304 5079 2403 5151 τὴν
2443 5078 2678 5148 ἑκάστης
2730 5074 2836 5148 προ
2909 5113 2924 5128 .
3003 5114 3017 5127 .
3096 5112 3110 5126 .
3194 5115 3207 5128 .
3286 5089 3354 5138 ιν,
3385 5071 3460 5134 ὡς
3488 5071 3547 5122 ἐν
3575 5069 3688 5122 είσ-

2121 5175 2344 5246 αγωγῆς
2374 5173 2560 5246 τρόπῳ
2587 5173 2836 5244 διήγησιν
2869 5169 3039 5242 βραχυ
3082 5208 3097 5223 .
3177 5209 3190 5220 .
3268 5205 3282 5220 .
3363 5205 3378 5219 .
3454 5165 3535 5217 ενὶ
3584 5161 3684 5235 tu}:

2119 5265 2275 5319 λιστα
2307 5262 2724 5337 συντομωτάτην
2753 5261 3090 5334 παραθέσθαι
3122 5259 3250 5330 περὶ
3291 5299 3304 5311 .
3382 5297 3396 5310 .
3477 5295 3492 5309 .
3573 5294 3589 5311 .
3663 5289 3678 5306 .

2123 5359 2219 5428 μὲν
2245 5357 2464 5429 ἔλεγχον
2485 5356 2595 5411 τῶν
2628 5353 2903 5409 πιστεύειν
2938 5353 3034 5426 μὲν
3066 5353 3142 5414 ὡς
3173 5350 3345 5414 θείαις
3385 5388 3400 5404 .
3478 5389 3492 5402 .
3570 5385 3587 5400 .
3663 5383 3678 5397 .

2121 5454 2237 5519 ραῖς
2257 5451 2568 5522 αὐχούντων
2589 5451 2857 5522 Γραφαῖς’
2887 5448 2960 5520 μὴ
2985 5445 3088 5518 μὴν
3110 5458 3405 5516 προσιεμεν
3429 5481 3443 5495 .
3471 5479 3485 5494 .
3507 5452 3609 5493 trra.
3627 5475 3643 5490 .
3665 5473 3682 5490 .

2408 5587 2420 5600 .
2498 5543 2574 5597 ὦν
2617 5541 2820 5613 Ἰησοῦν
2853 5540 2927 5605 ὡς
2970 5540 3034 5594 ἂν
3077 5538 3239 5593 αὐτὸν
3263 5535 3391 5589 ὄντα
3433 5532 3527 5587 τὸν
3551 5543 3686 5604 προ-

2117 5638 2510 5710 φητευὸμενονο
2547 5635 2890 5708 ἐπαπόρησιν
2923 5651 2962 5686 π
2991 5673 3004 5686 .
3049 5673 3062 5687 .
3106 5671 3119 5685 .
3165 5671 3177 5686 .
3219 5625 3434 5690 αὐτοὺς,
3463 5621 3609 5692 λέγω
3631 5618 3690 5674 δὶς
