4106 6472
451 461 588 517 1025
1510 456 1806 514 ECLOGA:
1847 451 2068 514 PROPH

2058 453 2322 515 IETICAS.
2361 490 2430 500 —
2469 457 2595 514 LIB.
2632 423 2701 515 ι.’
3545 466 3679 520 toea

445 577 572 637 τοὺς
599 575 661 627 ἐκ
689 572 1003 644 περιτομῆς,
1033 571 1272 634 καὶτοὺς
1296 569 1402 624 ἀπὸ
1427 569 1534 623 τῶν
1554 571 1761 644 αἱρέσε.
1796 611 1810 625 .
1850 612 1865 626 .
1911 573 2011 644 μοῦ
2043 581 2066 633 Δ

2056 581 2084 633 Α
2117 584 2300 628 nostra
2332 574 2659 643 explanatio,
2699 575 2813 630 sive
2859 592 2981 632 cum
3016 580 3244 648 probare
3273 581 3557 637 conabitur
3582 598 3677 655 per

447 659 518 721 δὲ’
550 667 643 720 καὶ
686 663 992 736 ἀνατροπὰς
1042 655 1115 715 ὧν
1157 661 1222 715 ἂν
1250 661 1450 715 εἴποιεν
1480 662 1847 735 μυθικώτερον
1890 665 2010 716 ὲπι-

2119 667 2294 720 solum
2337 665 2671 723 Salvatorem
2724 677 2971 725 nostrum
3002 672 3252 742 impletas
3283 673 3456 730 fuisse
3495 691 3681 732 sacras

448 760 594 813 λύειν
623 757 948 829 πειρώμενοι
978 754 1076 818 τὰς
1100 753 1245 818 θείας
1271 755 1470 823 φωνάς.
1501 755 1690 808 Ἔσται
1715 755 1770 808 δὲ
1808 756 1902 809 καλ⁸
1926 757 2012 810 διὰ

2119 757 2210 812 Dei
2241 758 2640 828 praedictiones,
2679 762 2792 817 sive
2825 779 2948 817 cum
2981 772 3225 820 nostram
3257 765 3408 822 deiis
3433 783 3553 838 quae
3582 784 3681 825 ex-

451 850 694 923 βραχέων
726 846 918 919 μετρία
947 863 1031 909 τις
1057 845 1212 916 ἡμῶν
1240 844 1514 916 ἐξήγησις,
1548 846 1636 898 ὁτὲ
1667 846 1761 916 μὲν
1795 847 2009 900 ἀπόδει-

1552 846 1636 898 ὑτὲ
1667 846 1761 916 μὲν
1795 847 2009 900 ἁπόδει-
2118 867 2381 922 ponemus
2410 855 2731 908 sententiam
2763 857 3173 927 explicabimus.

451 943 530 1008 ξιν
563 938 880 1011 περιέξουσα
905 933 998 987 τοῦ
1021 933 1162 988 κατὰ
1196 934 1352 1006 μόνον
1374 933 1464 986 τὸν
1488 933 1754 1004 ἡμέτερον
1784 934 2010 1006 Σωτῆρα

451 1031 836 1104 πεπληρῶσθαι
870 1029 965 1094 τὰς
995 1029 1143 1101 ἱερὰς
1173 1029 1266 1082 τοῦ
1293 1028 1427 1082 Θεοῦ
1458 1029 1808 1100 προρρήσεις,
1837 1030 1926 1083 ὁτὲ
1954 1030 2008 1084 δὲ
2047 1033 2144 1104 τὴν
2171 1034 2440 1107 ἡμετέραν
2464 1035 2688 1107 γνώμην
2711 1037 2777 1109 ἢν
2818 1037 3010 1112 ἔχομεν
3044 1041 3170 1112 περὶ
3233 1042 3338 1098 τῶν
3376 1040 3680 1112 ,ἐκτεθησο-

451 1130 626 1202 μένων
662 1124 1018 1198 σημαίνουσα.

530 1218 686 1272 Ἀλλά
717 1219 824 1290 γὰρ
868 1217 1070 1272 τούτων
1115 1215 1451 1286 ἐφάπτεσθαι
1503 1215 1814 1286 μέλλοντας,
1848 1218 2012 1286 ἀναγ-

2186 1214 2389 1270 Verum
2422 1221 2708 1284 antequam
2730 1214 2990 1285 quidquid
3015 1217 3080 1272 de
3100 1217 3186 1274 his
3215 1220 3564 1290 attingamus,
3583 1238 3679 1293 pro

448 1313 616 1375 καίως
645 1308 1144 1383 προδιαστείλασθαι
1171 1309 1246 1372 ὡς
1268 1309 1344 1379 πῆ
1380 1309 1476 1379 μὲν
1506 1309 1738 1380 προόντα
1769 1308 1828 1361 οὐ
1855 1308 2011 1379 μόνον

2113 1315 2262 1362 certo
2277 1307 2476 1361 habere
2491 1319 2714 1360 necesse
2725 1315 2825 1370 est,
2841 1306 2983 1376 quod
2999 1309 3190 1377 partim
3209 1311 3560 1379 praeexistens
3573 1328 3679 1366 non

447 1403 544 1472 τῆς
586 1402 1044 1473 ὲνανθρωπήσεως
1081 1399 1217 1453 ἀλλά
1267 1401 1359 1454 καὶ
1393 1401 1571 1472 πάσης
1610 1400 1833 1471 γενετῆς
1882 1401 2011 1453 ὐπο-

2115 1400 2290 1470 solum
2325 1397 2712 1462 incarnationi,
2745 1401 2839 1452 sed
2876 1407 2929 1453 et
2963 1401 3140 1454 omnis
3175 1402 3494 1456 substantiae
3537 1419 3681 1460 crea-

449 1495 687 1559 στάσεως
721 1493 814 1546 τοῦ
841 1493 975 1546 Θεοῦ
1006 1493 1177 1562 Λόγον
1216 1492 1556 1547 διδάσκουσιν
1587 1495 1634 1546 οἱ
1674 1494 1806 1563 ἱεροὶ
1838 1492 2006 1560 λόγοι,

2114 1495 2250 1549 tioni
2274 1493 2627 1549 DeiVerbum
2649 1495 2824 1550 sancti
2846 1494 2967 1548 libri
2985 1494 3382 1558 docent,Deum
3427 1539 3440 1552 .
3486 1537 3501 1550 .
3546 1537 3561 1552 .
3606 1541 3620 1554 .
3665 1539 3677 1552 .

446 1587 579 1640 Θεὸν
607 1629 621 1643 .
667 1626 680 1640 .
726 1627 738 1639 .
772 1585 932 1639 αὐτὸν
962 1585 1098 1656 μετά
1127 1585 1216 1638 τὸν
1249 1586 1466 1657 Πατέρα
1494 1585 1587 1638 καὶ
1619 1584 1820 1656 Κύριον
1846 1601 2011 1655 προσ-

2114 1603 2236 1641 eum
2268 1594 2393 1657 post
2434 1586 2649 1641 Patrem
2680 1596 2735 1642 et
2778 1586 3064 1640 Dominum
3105 1588 3476 1657 designanles,
3525 1601 3586 1644 ut
3628 1600 3681 1645 et

445 1680 818 1752 αγορεύοντες,
844 1673 930 1733 οἷα
958 1679 1018 1749 δὴ
1053 1679 1145 1731 καὶ
1170 1678 1230 1731 τὸ
1265 1680 1522 1749 κήρυγμα
1553 1677 1611 1730 τὸ
1636 1677 2011 1747 ἐκκλησιαστι-

2114 1679 2488 1734 ecclesiastica
2532 1679 2636 1734 fert
2669 1679 2982 1748 praedicatio
3013 1694 3252 1748 congrue
3297 1695 3418 1732 cum
3449 1696 3681 1751 evange-

446 1771 541 1824 κὸν
591 1770 830 1842 περιέχει
883 1761 1188 1833 ἀκολούθως
1237 1773 1303 1840 τῇ
1352 1769 1676 1840 εὐαγγελικῇ
1739 1767 2056 1840 μαρτυρίᾳ.

2117 1772 2222 1825 lico
2267 1771 2583 1826 testimonio
2624 1770 2881 1824 dicente:
2916 1788 2934 1819 ι
2966 1769 3024 1823 ln
3073 1771 3341 1840 principio
3386 1783 3505 1826 erat
3545 1766 3678 1828 Ver-

446 1862 739 1934 (είπ)οὐσῃ,
781 1883 799 1913 ‹
841 1864 926 1916 Ἐν
980 1863 1119 1933 ἀρχῇ
1157 1856 1225 1932 ἧν
1254 1863 1282 1914 ὁ
1310 1861 1514 1930 Λόγος·
1557 1862 1650 1914 καὶ
1677 1863 1704 1915 ὁ
1749 1863 1918 1929 Λόγος
1942 1856 2009 1930 ἦν

2116 1863 2265 1928 bum,
2303 1869 2356 1917 et
2405 1861 2641 1916 Verbum
2688 1869 2805 1916 erat
2851 1861 2993 1930 apud
3047 1861 3240 1924 Deum,
3276 1870 3331 1917 et
3382 1861 3526 1917 Deus
3565 1873 3680 1918 erat

445 1955 581 2027 πρὸς
603 1956 692 2008 τὸν
711 1955 862 2020 Θεὸν,
897 1955 990 2008 καὶ
1011 1955 1142 2018 Θεὸς
1167 1951 1235 2025 ἦν
1255 1957 1283 2009 ὁ
1309 1954 1479 2024 Λόγος
1496 1973 1509 1985 ·
1544 1954 1719 2007 πάντα
1749 1954 1814 2006 δι’
1844 1951 2008 2006 αὐτοῦ

2117 1954 2376 2011 Verbum.
2411 1953 2602 2009 Omnia
2637 1970 2730 2023 per
2763 1956 2938 2025 ipsum
2973 1953 3112 2008 facta
3142 1963 3288 2021 sunt,
3321 1963 3375 2010 et
3401 1955 3521 2012 sine
3562 1957 3681 2026 ipso

443 2047 684 2115 ἐγένετο·
721 2047 818 2100 καὶ
849 2046 1017 2117 χωρὶς
1045 2046 1207 2099 αὐτοῦ
1242 2047 1455 2116 ἐγένετο
1495 2045 1616 2099 οὐδὲ
1645 2046 1702 2098 ἓν
1727 2062 1739 2075 ·
1779 2064 1796 2096 ι
1841 2045 1916 2116 πῆ
1951 2045 2007 2098 δὲ
2039 2043 2064 2097 ἒ

2059 2043 2079 2096 3
2110 2047 2312 2101 factum
2366 2053 2449 2101 est
2504 2046 2640 2099 nihil
2664 2046 2704 2111 ³,
2739 2065 2756 2098 ι
2787 2046 2984 2116 partim
3030 2048 3396 2116 prmuuntiant
3419 2047 3528 2103 duo
3562 2049 3680 2118 ejus

443 2141 542 2204 τὰς
587 2140 678 2194 δύο
724 2141 1025 2212 παρουσίας
1073 2140 1236 2196 αὐτοῦ
1289 2137 1762 2212 προαναφωνοῦσι·
1818 2140 1915 2208 τήν
1951 2156 2010 2192 τε

2113 2139 2376 2194 adventus
2436 2157 2448 2192 :
2502 2139 2758 2209 priorem,
2807 2141 2859 2193 in
2890 2153 2997 2210 quo
3032 2153 3208 2208 neque
3255 2139 3527 2210 speciem,
3584 2156 3682 2194 ne-

444 2233 737 2306 προτέραν,
771 2235 826 2286 ἐν
918 2236 1052 2305 μήτε
1082 2228 1219 2297 εἶδος
1258 2232 1420 2286 αὐτὸν
1460 2233 1596 2301 μήτε
1644 2229 1836 2294 κάλλος
1870 2230 2010 2294 ἕξειν

2114 2247 2221 2301 que
2281 2230 2530 2285 decorem
2594 2231 2880 2286 habiturus
2934 2230 3241 2286 ostenditur
3264 2231 3306 2295 δ,
3364 2231 3674 2295 manifeste,

443 2327 844 2398 προύθέσπιζον
889 2326 1185 2398 διαρρήδην
1231 2326 1306 2391 ὡς
1347 2325 1617 2396 πρόϐατον
1663 2325 1753 2377 ἐπὶ
1797 2324 2010 2395 σφαγὴν

2111 2324 2252 2378 sicut
2313 2339 2485 2394 agnus
2537 2323 2602 2377 ad
2653 2323 2986 2378 occisionem
3031 2322 3334 2386 ducendus,
3386 2336 3549 2393 atque
3604 2324 3676 2378 ita

441 2419 797 2492 ἀχθήσεσθαι,
841 2421 932 2473 καὶ⁵
962 2419 1144 2488 σαφῶς
1174 2419 1344 2482 οὕτως
1376 2419 1484 2472 ἀπὸ
1511 2417 1618 2470 τῶν
1651 2417 1888 2486 ἀνομιῶν
1916 2416 2008 2469 τοῦ

2112 2423 2334 2486 propter
2362 2415 2560 2484 prioris
2592 2417 2776 2486 populi
2809 2415 3125 2485 iniquitates
3153 2415 3222 2470 ad
3261 2423 3491 2471 mortem
3528 2416 3679 2470 dam-

442 2514 707 2585 προτέρου
745 2513 873 2567 λαοῦ
918 2514 1016 2586 τὴν
1055 2513 1148 2565 ἐπὶ
1194 2513 1406 2582 Θανάτῳ
1449 2510 2009 2581 καταδικασθήσεσθαι

2110 2508 2366 2574 nandus;
2399 2523 2520 2577 qua:
2555 2507 2774 2578 quidem
2826 2509 2883 2561 in
2916 2508 3076 2578 primi
3111 2507 3229 2576 ejus
3258 2508 3545 2574 adventus,
3581 2507 3675 2563 Ti-

442 2603 716 2674 λέγοντες·
753 2599 841 2658 οἷα
883 2605 947 2676 δὴ
996 2604 1090 2658 καὶ
1137 2603 1552 2658 ἀποδείκνυνται
1594 2604 1694 2673 τῆς
1741 2601 2010 2673 προτέρας

2108 2599 2244 2655 lterii
2269 2607 2534 2670 tempore,
2554 2602 2808 2670 passione
2840 2601 3050 2670 expleta
3072 2610 3231 2668 sunt;
3270 2602 3497 2656 alterum
3527 2616 3680 2667 vero,

443 2694 608 2749 αὐτοῦ
641 2696 943 2766 παρουσίας
969 2696 1024 2748 αἱ
1067 2693 1207 2747 κατὰ
1233 2695 1358 2757 τοὺς
1394 2692 1644 2765 Τιϐερίου
1683 2693 1904 2764 χρόνους
1933 2694 2011 2746 ot-

2108 2693 2281 2764 priori
2323 2693 2482 2764 longe
2514 2693 2834 2749 dissimilem
2856 2735 2871 2760 ,
2897 2693 3220 2749 diviniorem
3254 2694 3532 2764 multoque
3565 2694 3679 2749 cla-

443 2787 716 2858 κονομίαι’
761 2789 852 2841 καὶ
878 2786 975 2858 τὴν
1017 2786 1290 2858 δευτέραν,
1336 2784 1511 2838 οὐκέθ’
1545 2785 1732 2856 ὁμοίαν
1765 2787 1830 2856 τῇ
1874 2802 2009 2854 προ-

2108 2767 2330 2849 riorem,
2350 2784 2609 2854 angelicis
2626 2785 3228 2854 cohortibus,omnique
3242 2786 3505 2839 cmlorum
3524 2801 3678 2840 exer—

441 2877 596 2950 τέρᾳ,
629 2877 902 2946 θειοτέραν
932 2877 988 2929 δὲ
1019 2877 1114 2929 καὶ
1161 2877 1293 2929 πολὺ
1327 2874 1393 2946 τῇ
1436 2873 1560 2947 δόξῃ
1605 2873 2008 2944 παραλλάττου-

2111 2876 2224 2929 citu
2253 2875 2668 2929 circumdatum.
2703 2875 2913 2941 Quibus
2971 2876 3074 2930 rite
3119 2877 3679 2946 respondeatnecesse

445 2987 564 3034 σαν,
611 2969 724 3039 μετ’
757 2966 1051 3036 άγγελικῆς
1082 2966 1406 3038 δορυφορίας
1450 2965 1544 3017 καὶ
1582 2963 1681 3032 τῆς
1711 2965 1803 3015 ἀπ’
1843 2964 2008 3037 οὐρα-

2109 2973 2193 3021 est
2208 2966 2414 3036 regula,
2433 2967 2588 3036 quasi
2608 2967 2943 3036 propositum
2962 2967 3156 3022 habeat
3179 2968 3530 3038 apostolicam
3551 2984 3682 3038 prte-

443 3057 550 3113 νῶν
583 3057 936 3129 παρατάξεως
973 3056 1371 3128 γενησομένην·
1407 3049 1488 3116 οἷς
1533 3054 1887 3124 εὐγνωμόνως
1918 3053 2008 3106 τὸν

2110 3057 2460 3122 dicationem,
2483 3074 2603 3128 qua:
2625 3059 2864 3128 perfecta
2892 3060 3294 3130 purissimaque
3317 3061 3560 3115 veritatis
3583 3063 3679 3115 do-

442 3149 832 3218 ὲντυγχάνοντα
877 3145 1051 3218 χρεὼν
1098 3146 1297 3199 κανόνα
1345 3143 1531 3216 ὥσπερ
1574 3144 1667 3196 καὶ
1711 3144 1909 3197 σκοπὸν
1949 3144 2010 3196 τὸ

2108 3161 2286 3223 gmata
2349 3159 2671 3216 conservet,
2723 3153 2934 3206 scilicet
2985 3151 3050 3207 de
3111 3153 3284 3222 prima
3339 3161 3392 3206 et
3439 3154 3677 3208 incrcata

442 3242 701 3312 κήρυγμα
741 3239 992 3308 κατέχειν
1021 3238 1080 3291 τὸ
1108 3236 1462 3290 ἀποστολικὸν
1491 3235 1671 3289 τέλεια
1701 3237 1795 3290 καὶ
1829 3237 2006 3310 ἀπαρ-

2111 3244 2494 3299 universorum
2545 3243 2638 3298 Dei
2687 3250 2901 3311 natura,
2947 3252 3000 3298 et
3044 3243 3214 3297 divini
3260 3243 3423 3298 Verbi
3476 3259 3681 3314 praeex-

442 3334 732 3405 εγχείρητα
767 3332 834 3385 τὰ
864 3332 962 3403 τῆς
1000 3330 1254 3402 ἀληθείας
1293 3329 1534 3400 δόγματα
1564 3329 2005 3398 διαφυλάττοντα,
2045 3398 2063 3405 Δ

2058 3398 2076 3405 _
2115 3336 2334 3390 istentia
2387 3342 2550 3405 atque
2601 3335 2931 3399 substantia,
2982 3350 3145 3404 quam
3205 3335 3261 3390 in
3308 3343 3679 3391 creaturarum

441 3398 713 3476 τουτέστιν
741 3420 808 3474 τὰ
842 3398 968 3491 περὶ
994 3398 1100 3492 τῆς⁷
1122 3419 1342 3494 πρώτης
1366 3398 1460 3472 καὶ
1489 3420 1749 3490 ἁγενήτου
1777 3419 1867 3472 τοῦ
1886 3419 2008 3502 πῶν
2036 3398 2062 3455 ί

2057 3398 2354 3480 ³οιηιιίιιιῐι
2393 3425 2690 3490 creatione,
2737 3425 2883 3480 sicut
2916 3427 3140 3480 verbum
3187 3468 3199 3479 .
3242 3467 3256 3481 .
3369 3464 3385 3480 .
3429 3465 3442 3479 .
3488 3466 3502 3480 .
3546 3467 3562 3482 .
3605 3469 3620 3482 .
3664 3467 3678 3480 .

441 3510 1472 3583 δλωνΘεοῦφύσεως,καὶτὰτῆςτοῦ
1507 3510 2008 3581 θείουΛόγουπρο-
2112 3555 2128 3569 .
2174 3557 2189 3572 ,
2235 3555 2248 3568 .
2294 3555 2306 3569 .
2351 3557 2366 3573 ,
2411 3555 2425 3568 .
2473 3557 2486 3570 ,
2532 3557 2546 3571 ,
2592 3555 2606 3570 ,
2652 3557 2666 3570 .
2711 3555 2725 3568 .
2773 3555 2786 3568 ,
2833 3557 2845 3568 .
2891 3558 2903 3570 ,
2945 3557 2958 3571 ,
3013 3559 3026 3573 ,
3073 3557 3086 3570 ,
3134 3557 3147 3569 .
3192 3558 3206 3572 ,
3249 3555 3266 3571 .
3310 3560 3322 3572 ,
3370 3559 3383 3572 ,
3427 3557 3442 3571 .
3487 3559 3502 3574 ,
3546 3556 3680 3574 ,,,

443 3607 790 3670 υποστάσεώς
813 3624 872 3659 τε
916 3607 1011 3658 καὶ
1046 3605 1365 3676 ὑπουργίας,
1396 3604 1463 3675 ἢν
1490 3603 1582 3656 ἐπὶ
1618 3607 1684 3676 τῇ
1717 3605 1824 3657 τῶν
1851 3621 2008 3676 γενη-

439 3703 550 3759 τῶν
577 3702 829 3757 ἁπάντων
857 3701 1207 3772 δημιουργίᾳ,
1233 3694 1318 3753 οἷα
1349 3698 1412 3770 δὴ
1447 3697 1621 3768 λόγος.

444 3795 1936 3868 (r.5)..............

2109 3798 2304 3864 praeter
2346 3797 2580 3860 quatuor
2627 3789 2840 3844 litteras
2895 3789 3037 3859 apud
3083 3789 3339 3846 Hebraeos
3393 3791 3677 3859 infandas,

2107 3898 2342 3955 quarum
2397 3882 2789 3952 conjunctione
2837 3880 3108 3936 inell'abile
3165 3889 3385 3936 constat
3436 3869 3676 3948 nomen,

445 4020 460 4035 .
539 4017 552 4031 .
633 4019 647 4033 .
734 4018 748 4032 .
826 4016 840 4029 .
920 4017 937 4034 .
1022 4016 1036 4029 .
1118 4016 1132 4031 .
1213 4014 1230 4030 .
1319 4014 1333 4029 .
1407 4013 1422 4028 .
1502 4019 1516 4028 .
1605 4014 1618 4026 .
1711 4013 1726 4028 .
1805 4015 1819 4029 .
1901 4015 1912 4026 .
1991 4013 2005 4027 .
2109 3976 2391 4032 abusivius
2419 3973 3676 4045 vero«Dominus»nominatum;nunquam

443 4075 610 4145 χωρὶς
652 4073 761 4127 τῶν
804 4070 1084 4143 τεσσάρων
1121 4069 1399 4139 στοιχείων
1436 4069 1543 4122 τῶν
1571 4071 1700 4140 παρ’
1739 4067 2008 4140 Ἑϐραίοις

2110 4070 2176 4124 de
2207 4067 2452 4138 angelica
2489 4072 2756 4136 potestate
2805 4071 3130 4135 usurpatum
3169 4072 3276 4129 est,
3321 4074 3379 4119 ut
3428 4067 3679 4120 attendas

442 4166 856 4236 ἁνεκφωνήτων,
889 4155 962 4217 ὧν
1005 4162 1092 4216 διὰ
1120 4163 1218 4232 τῆς
1253 4160 1550 4224 συνθέσεως
1583 4162 1642 4214 τὸ
1671 4159 2007 4232 σημαινόμε-

2109 4163 2166 4216 in
2195 4161 2340 4216 omni
2373 4159 2636 4215 divinitus
2667 4156 2934 4226 inspirata
2960 4155 3266 4227 Scriptura,
3302 4157 3394 4212 ubi
3420 4157 3562 4214 Deus
3590 4158 3673 4213 vel

441 4276 530 4312 νον
552 4254 734 4328 ’ὄνομα
770 4257 1004 4328 ἄρρητον
1046 4255 1307 4326 ὑπάρχον,
1344 4251 1917 4325 καταχρηστικώτερον
1950 4251 2008 4304 δὲ

2108 4271 2205 4326 per
2258 4259 2742 4324 tetragrammaton
2794 4249 3112 4320 designatus
3160 4249 3425 4306 Dominus
3478 4250 3679 4306 inseri-.-

447 4371 465 4402 ‹
496 4351 698 4422 Κύριος
729 4369 747 4401 ι
780 4348 1226 4418 ἐπικαλούμενον,
1267 4346 1475 4400 οὐδέπω
1506 4346 1636 4399 ποτὲ
1663 4346 1755 4398 ἐπὶ
1787 4347 2006 4415 ἀγγελι-

2109 4355 2235 4418 ptus
2283 4355 2387 4410 est,
2439 4360 2563 4399 cum
2605 4341 2932 4413 quibusdam
2987 4342 3312 4397 collocutus.
3365 4341 3560 4396 Utrum
3611 4343 3677 4397 ad

442 4443 542 4514 κῆς
563 4442 926 4514 παρείληπται
953 4441 1254 4512 δυνάμεως,
1289 4439 1364 4504 ὡς
1392 4439 1704 4508 ἐπιστήσεις
1733 4437 1850 4492 καθ’
1882 4439 2008 4510 ὅλης

2111 4443 2406 4496 increatam
2429 4437 2670 4492 omnium
2703 4433 2797 4489 Dei
2819 4440 3070 4487 naturam
3096 4432 3378 4488 referenda
3401 4441 3529 4488 sunt
3557 4449 3680 4503 qua:

441 4531 540 4601 τῆς
573 4531 925 4586 θεοπνεύστου
957 4532 1200 4606 Γραφῆς,
1231 4532 1357 4586 ἔνθα
1396 4535 1424 4586 ὁ
1458 4533 1610 4599 Θεὸς,
1648 4533 1681 4604 ἢ
1722 4534 1750 4584 ὁ
1787 4531 1872 4585 διὰ
1912 4531 2006 4585 τοῦ

2111 4531 2497 4592 ostenduntur,
2547 4525 2634 4580 vel
2664 4524 2732 4578 ad
2782 4523 2946 4592 hujus
2977 4520 3240 4587 Verbum,
3287 4521 3434 4593 quod
3484 4538 3679 4578 secun-

439 4629 861 4700 τετραγράμμου
889 4627 1213 4699 δηλούμενος
1243 4627 1446 4700 Κύριος
1486 4629 1894 4700 ἀναγέγραπται
1916 4642 2007 4679 κε-

2111 4624 2236 4678 dam
2272 4621 2653 4676 universorum
2690 4629 2936 4678 causam,
2978 4620 3032 4668 et
3063 4611 3253 4681 Deum,
3285 4615 3338 4669 et
3367 4612 3676 4677 Dominum,

441 4720 701 4792 χρηκέναι
739 4721 887 4774 τισί·
931 4721 1157 4792 πότερον
1190 4722 1282 4774 ἐπὶ
1327 4721 1427 4791 τὴν
1456 4721 1715 4793 ἀγένητον
1763 4720 1854 4774 τοῦ
1899 4718 2007 4772 τῶν
2041 4754 2062 4809 Ι

2059 4714 2415 4808 )εθειιη(1υιῐι
2460 4707 2752 4764 ίηοίῐοὸὶιὶε
2796 4705 2942 4777 apud
2981 4704 3241 4761 Hebraeos
3292 4707 3528 4760 nominis
3558 4721 3680 4760 sen-

439 4812 576 4866 ὂλων
598 4811 732 4866 Θεοῦ
759 4812 920 4882 φύσιν
941 4812 1257 4868 άνενεκτέον
1289 4813 1355 4866 τὰ
1379 4812 1703 4884 δηλούμενα,
1730 4813 1763 4884 ἢ
1795 4812 1887 4866 ἐπὶ
1916 4812 2005 4865 τὸν
2041 4796 2060 4809 ⁸

2058 4796 2080 4808 ’
2113 4823 2234 4864 sum
2282 4805 2556 4876 appellare
2587 4807 2728 4862 solet
2773 4805 2958 4860 divina
2996 4801 3304 4870 Scriptura.
3340 4797 3401 4850 Et
3437 4796 3679 4867 profecto

439 4904 628 4958 τούτου
659 4905 849 4976 Λόγον,
876 4905 934 4958 ὃν
961 4903 1210 4977 δεύτερον
1251 4905 1587 4976 τυγχάνοντα
1618 4904 1725 4958 τῶν
1757 4903 1892 4958 ὅλων
1923 4903 2008 4956 αῐ-

2113 4901 2169 4954 in
2209 4899 2314 4953 boc
2360 4906 2511 4953 textu
2566 4912 2675 4968 quo
2735 4896 3008 4966 scribitur
3045 4913 3058 4949 :
3115 4910 3133 4942 ‹
3163 4889 3454 4946 Descendit
3496 4887 3679 4942 Domi-

437 5014 551 5050 τιον
577 4999 670 5051 καὶ
701 4997 833 5051 Θεὸν
874 4998 969 5051 καὶ
1008 4998 1209 5062 Κύριον
1240 4996 1382 5050 κατὰ
1408 4997 1470 5049 τὸ
1520 4996 1912 5067 σημαινόμενον
1942 4997 2006 5048 ὲκ

2111 4993 2288 5058 nus“;
2322 5011 2340 5044 ι
2387 5000 2441 5045 et
2487 5010 2499 5044 :
2533 5008 2551 5040 ι
2584 4989 2733 5043 Dixit
2791 4986 3135 5052 Dominus“;
3173 5003 3190 5036 ι
3241 4980 3438 5036 merito
3480 4980 3679 5051 aliquis

437 5088 530 5142 τοῦ
564 5092 694 5161 παρ’
725 5089 992 5161 Ἑϐραίοις
1026 5090 1265 5162 ἀρρήτου
1298 5089 1558 5160 ὀνόματος
1582 5086 2004 5159 προσαγορεύειν

2110 5091 2300 5157 poSset
2338 5085 2617 5155 inquirere
2660 5098 2728 5137 an
2773 5083 2889 5136 hzec
2935 5078 3202 5135 vocabula
3248 5075 3315 5130 ad
3359 5074 3676 5145 angelorum

439 5179 691 5252 εἴωθενῆ
739 5180 857 5234 θεία
898 5181 1108 5253 Γραφή.
1154 5181 1266 5235 Kal.
1307 5181 1442 5253 δῆτα
1474 5181 1566 5234 ἐπὶ
1600 5179 1692 5233 τοῦ
1739 5179 2004 5250 παρόντος

2109 5176 2420 5247 quemdam,
2448 5175 2533 5230 vel
2581 5174 2646 5229 ad
2673 5176 2901 5245 primam
2950 5169 3190 5225 omnium
3227 5181 3450 5222 causam
3485 5164 3675 5220 referri

438 5274 708 5344 φήσαντος
737 5272 832 5327 τοῦ
860 5273 1041 5343 λόγου,
1070 5275 1150 5327 ὅτι
1173 5273 1256 5345 δή·
1284 5293 1302 5326 ι
1337 5272 1555 5344 Κατέϐη
1587 5271 1810 5344 Κύριος,
1836 5291 1854 5323 ι
1891 5271 2007 5333 καὶ,

2114 5269 2366 5323 debeant.
2410 5265 2611 5320 Verum
2652 5266 2719 5319 de
2765 5264 2972 5335 angelis
3003 5260 3135 5316 illud
3173 5259 3393 5314 minime
3433 5257 3540 5312 dici
3580 5275 3677 5328 po—

443 5381 464 5416 (
498 5361 664 5418 Εἶπεν
701 5364 922 5437 Κύριος,
973 5384 990 5414 ι
1021 5364 1092 5418 τά
1135 5363 1617 5436 ἀναγεγραμμένα,
1667 5362 1896 5434 ζητήσαι
1938 5361 2005 5416 άν

2110 5367 2251 5422 test;
2282 5357 2519 5429 primum
2583 5355 2801 5426 quidem
2833 5353 2980 5424 quod
3019 5367 3122 5406 vox
3168 5350 3260 5403 illa
3308 5369 3327 5402 ί
3361 5348 3623 5404 Dominus
3653 5368 3670 5400 ι

438 5474 521 5521 τις
553 5458 785 5526 εὐλόγως
816 5458 925 5510 εἴτε
960 5456 1052 5510 ὲπί
1083 5473 1203 5509 τινα
1239 5455 1347 5509 τῶν
1379 5455 1648 5523 ἀγγέλων,
1683 5454 1792 5506 εἴτε
1825 5455 1916 5508 ἐπὶ
1942 5453 2004 5506 τὸ

2111 5449 2367 5506 ineffabili
2401 5449 2758 5520 appellatione
2784 5446 3130 5516 designetur;
3156 5442 3351 5498 deinde
3379 5441 3523 5512 quod
3556 5442 3677 5496 aliis

438 5550 650 5622 πρῶτον
693 5549 864 5602 αἴτιον
913 5549 1010 5620 τὴν
1055 5547 1332 5619 ἀναφορὰν
1381 5547 1491 5617 ἔχει
1539 5547 1601 5599 τὸ
1657 5546 1999 5617 δηλούμενον.

2112 5546 2214 5600 sibi
2246 5543 2514 5614 subjectis
2539 5540 2703 5595 verba
2736 5537 2916 5593 facere
2951 5537 3216 5592 videatur.
3251 5533 3467 5588 Rursus
3497 5541 3675 5588 autem

449 5642 585 5695 Ἀλλ’
621 5643 714 5696 ἐπὶ
759 5643 854 5713 μὲν
879 5641 1124 5710 ἀγγέλων
1161 5641 1258 5709 οὐχ
1294 5635 1404 5692 οἷόν
1451 5656 1539 5691 τε·
1568 5638 1726 5692 τοῦτο
1771 5639 1889 5709 μὲν,
1921 5640 2002 5692 ὅτι

2110 5635 2176 5689 de
2195 5633 2357 5689 Patre
2389 5642 2443 5687 et
2464 5631 2706 5686 omnium
2743 5628 2850 5683 Deo
2873 5626 3173 5697 impropria
3203 5632 3347 5680 esset
3371 5625 3675 5688 sententia;

439 5735 710 5790 κάνταῦθα
738 5737 796 5788 τὸ
835 5755 853 5787 ι
882 5734 1082 5806 Κύριος
1111 5753 1128 5785 ι
1159 5733 1246 5787 διὰ
1279 5736 1376 5805 τῆς
1407 5733 1786 5804 άνεκφωνήτου
1813 5730 2004 5803 παρείς

2111 5729 2258 5783 hunc
2299 5727 2442 5783 enim
2486 5738 2593 5778 non
2642 5721 2860 5777 deceret
2898 5720 3080 5776 dicere
3109 5738 3121 5773 :
3154 5736 3172 5768 ε
3209 5717 3416 5782 Venite,
3449 5715 3672 5773 desceno

509 5914 527 5943 ³
563 5911 717 5968 Joan.
758 5931 810 5982 ι,
857 5916 904 5974 l.
984 5916 1004 5946 ⁸
1044 5914 1124 5969 lsa
1183 5929 1314 5982 LIII,
1341 5913 1404 5986 2.
1482 5913 1502 5944 ⁸
1541 5911 1674 5967 Gen.
1712 5926 1801 5974 ιι,
1837 5911 1889 5967 5.
1969 5913 1988 5942 ⁸
2026 5908 2158 5968 ibid.
2195 5909 2249 5965 6.
