4106 6446
480 409 615 466 1027

1197 400 1467 459 EUSEBII
1504 395 1979 454 CESARIENSIS
2014 395 2167 453 OPP.
2208 393 2388 451 PARS
2425 395 2586 452 Ill.——
2625 394 3034 452 EXEGETICA.

3577 401 3719 458 i028

470 525 666 587 damus
698 529 754 578 et
780 518 1184 575 coufundamus
1232 517 1473 587 linguam
1517 530 1708 571 eorum
1731 516 1774 580 ',
1804 533 1823 568 ι
1857 530 2017 582 nequi

2137 512 2335 583 ληπται
2361 515 2751 585 προσηγορίας,
2775 513 2933 567 τοῦτο
2958 514 3034 580 δὲ,
3059 516 3141 569 ὅτι
3163 518 3370 590 ἑτέροις
3394 519 3526 592 παρ’
3551 519 3717 576 αὑτὸν

468 614 604 673 illud
630 632 645 668 :
673 629 693 664 ι
722 610 1014 667 Descendit
1041 609 1305 663 Dominus
1330 614 1388 661 ut
1411 606 1623 665 videret
1646 605 1927 660 civitatem
1942 604 1987 670 ⁸,
2009 624 2030 657 ›

467 722 593 765 cum
621 705 946 759 auctoritate
971 702 1245 771 congruit.
1277 699 1566 771 Reliquum
1608 708 1696 756 est
1722 699 1828 754 hoc
1854 697 1922 753 de
1953 698 2038 754 di-

464 799 594 860 vino
617 795 794 851 Verbo
819 794 1189 865 interpretari,
1227 793 1372 863 quod
1404 792 1623 862 quidem
1653 791 2036 863 consequenti-

462 891 568 946 bus
609 889 1036 944 demonstratur.
1091 884 1191 940 Hic
1236 885 1405 955 igitur
1450 885 1691 940 omnium
1738 886 2032 955 praescien-

460 982 593 1037 tiam
625 989 681 1037 et
708 979 1108 1036 ordinationem
1148 992 1273 1033 cum
1302 993 1333 1031 a
1358 976 1519 1031 Patre
1559 976 1855 1047 acceperit,
1891 991 2031 1030 nun-

463 1089 627 1147 quam
687 1074 923 1131 cessavit
970 1087 1120 1127 nunc
1163 1070 1381 1142 quidem
1432 1085 1528 1140 per
1580 1070 1842 1139 seipsum,
1885 1083 2033 1124 nunc

460 1181 592 1223 vero
615 1180 713 1237 per
739 1165 1116 1220 ministrantes
1143 1162 1386 1232 angelos,
1428 1174 1548 1230 quae
1585 1160 1653 1215 ad
1684 1160 1911 1230 patriam
1935 1175 2034 1214 vo-

458 1258 727 1315 luntatem
789 1254 1198 1326 exsequendam
1256 1252 1324 1308 de
1374 1251 1619 1306 omnium
1674 1250 1914 1304 utilitate
1966 1263 2032 1301 ac

457 1349 639 1405 salute
676 1346 1021 1418 spectabant,
1058 1343 1303 1414 implere.
1336 1341 1470 1407 Quae
1507 1349 1686 1395 autem
1730 1340 1799 1395 ad
1839 1338 2028 1409 mysti-

456 1450 578 1492 cam
618 1443 675 1490 et
713 1433 1044 1489 ineﬂ'abilem
1094 1431 1525 1502 speculationem
1559 1430 1852 1500 pertinent,
1882 1443 2029 1483 nunc

455 1535 763 1599 opportune
789 1523 1097 1595 explicandi
1124 1524 1276 1578 locus
1299 1538 1408 1578 non
1428 1529 1531 1578 est.

2146 605 2538 679 ὑποϐεϐηκόσιν
2568 605 2820 676 ἐμφαίνει
2854 608 3182 679 πεποιῆσθαι
3209 610 3334 675 τοὺς
3359 610 3571 681 λόγους.
3604 611 3719 669 Πά-

2142 698 2225 752 λιν
2260 698 2304 752 δ’
2334 695 2401 753 αὖ
2432 699 2524 753 ἐπὶ
2567 698 2661 753 τοῦ
2701 699 2913 772 Πατρὸς
2945 702 3037 755 καὶ
3068 701 3202 755 Θεοῦ
3231 703 3339 757 τῶν
3381 703 3516 758 ὅλων
3562 703 3714 757 ἀνοί-

2143 807 2288 854 κειος
2317 792 2351 862 ἡ
2383 791 2589 845 διάνοια
2615 808 2628 820 ’
2663 792 2725 845 οὐ
2757 792 2866 862 γὰρ
2898 791 2962 864 δὴ
3003 792 3150 865 αὐτῷ
3195 794 3395 867 πρέποι
3440 794 3506 849 ἂν
3534 793 3717 865 λέγειν

2136 882 2219 947 τὸ,
2251 901 2268 932 ι
2301 882 2487 947 Δεῦτε,
2521 884 2615 936 δια)⁹
2644 882 2975 948 καταϐάντες
3005 886 3320 956 συγχέωμεν
3337 885 3436 959 τὴν
3463 882 3719 954 γλῶσσαν

2139 972 2335 1038 αὐτῶν,
2363 992 2381 1023 ι
2403 974 2495 1026 καὶ
2511 974 2588 1039 τὺ,
2613 993 2631 1024 ι
2656 974 2875 1046 Κατέϐη
2899 975 3100 1047 Κύριος
3118 974 3241 1027 ίδεῖν
3252 976 3350 1046 τὴν
3367 975 3541 1041 πόλιν,
3569 994 3589 1026 ι
3621 977 3716 1031 ού-

2137 1062 2322 1133 δαμῶς
2369 1061 2433 1117 ἂν
2479 1063 2736 1135 ἁρμόττοι
2781 1067 2909 1136 περὶ
2954 1067 3051 1135 τῆς
3090 1065 3401 1128 αύθεντείας
3438 1064 3711 1133 λέγεσθαι.

2138 1154 2396 1209 Λείπεται
2428 1153 2491 1225 δὴ
2526 1157 2664 1208 νοεῖν
2699 1154 2790 1209 τὸν
2821 1156 2963 1210 θεῖον
2992 1156 3162 1225 Λόγον
3189 1159 3283 1210 καὶ
3316 1156 3403 1210 διά
3430 1158 3540 1211 τῶν
3580 1175 3715 1229 προ-

2138 1244 2404 1316 κειμένων
2422 1244 2733 1316 δηλοῦσθαι.
2760 1239 2927 1310 Οὗτος
2953 1246 3017 1317 δὴ
3044 1247 3141 1317 τὴν
3166 1247 3272 1300 τῶν
3302 1247 3554 1302 ἁπάντων
3580 1249 3715 1321 πρό-

2133 1338 2281 1391 νοιάν
2305 1354 2363 1391 τε
2398 1338 2493 1391 καὶ
2515 1338 2824 1409 οἰκονομίαν
2851 1338 2986 1410 πρδς
3014 1338 3108 1392 τοῦ
3134 1338 3348 1409 Πατρὺς
3378 1341 3713 1413 ὲπιτετραμυ

2136 1430 2295 1502 μένος
2327 1432 2387 1485 οὗ
2416 1431 2638 1486 πώποτε
2658 1432 2922 1487 διέλειπεν
2957 1434 3081 1487 τοτὲ
3117 1435 3216 1505 μὲν
3249 1434 3315 1488 δι’
3344 1435 3559 1504 ἑαυτοῦ,
3586 1438 3711 1493 τοτὲ

2133 1521 2190 1576 δὲ
2227 1523 2293 1576 δι’
2326 1523 2613 1595 ὑπηρετῶν
2638 1524 2886 1593 ἀγγέλων
2911 1524 2990 1596 τῷ
3019 1524 3270 1597 πατρικῷ
3305 1525 3601 1599 βουλήματι
3639 1527 3710 1582 τὰ

456 1619 799 1674 συντείνοντα
839 1617 932 1670 ἐπὶ
970 1619 1037 1687 τῇ
1082 1615 1190 1669 τῶν
1231 1614 1366 1668 ὅλων
1403 1613 1637 1684 ὠφελείᾳ
1681 1630 1742 1666 τε
1786 1612 1880 1667 καὶ
1926 1614 2171 1687 σωτηρίᾳ
2220 1613 2649 1687 διακονούμενος.
2689 1616 2974 1688 Μυστικῆς
3020 1616 3078 1669 δὲ
3106 1618 3199 1670 καί
3223 1617 3535 1690 ἀπορρήτου
3575 1617 3711 1674 θεωο

455 1712 580 1784 ρίας
609 1712 843 1783 ἐχόμενα
865 1709 933 1763 τὰ
965 1708 1103 1763 κατὰ
1132 1708 1223 1762 τὸν
1252 1708 1414 1784 τόπον
1441 1708 1501 1760 ού
1532 1707 1625 1762 νῦν
1652 1707 2019 1762 ἀναπτύσσειν
2053 1708 2262 1779 καιρός.

1048 1819 1277 1879 CAPUT
1333 1820 1421 1878 ΠΙ.

520 1936 706 1995 Prima
744 1946 923 1995 autem
979 1937 1240 1993 revelatio
1282 1935 1426 1992 facta
1450 1936 1688 1993 traditur
1718 1935 2029 1994 Abrahamo

449 2045 577 2088 cum
600 2032 649 2087 ei
668 2031 805 2086 dixit
822 2029 1083 2084 Dominus
1105 2049 1119 2084 :
1143 2047 1163 2080 ι
1186 2028 1457 2100 Egredere
1486 2029 1553 2084 de
1572 2037 1721 2085 terra
1744 2040 1839 2085 tua
1865 2040 1920 2087 et
1961 2031 2029 2086 de

451 2122 777 2193 cognatione
790 2112 912 2188 tua,
930 2129 983 2175 et
1007 2120 1074 2174 de
1094 2119 1257 2175 domo
1275 2119 1447 2191 patris
1471 2120 1573 2184 tui,
1603 2126 1658 2175 et
1678 2120 1803 2175 veni
1831 2121 1887 2174 in
1918 2127 2029 2174 ter-

452 2226 573 2266 ram
608 2226 772 2282 quam
805 2210 1125 2265 monstrabo
1163 2211 1294 2277 tibi;
1326 2210 1632 2281 faciamque
1654 2218 1709 2266 te
1732 2213 1789 2264 in
1810 2220 2025 2283 gentem

445 2316 724 2373 magnam,
751 2309 806 2356 et
832 2301 1151 2356 benedicam
1180 2300 1301 2367 tibi,
1325 2310 1380 2355 et
1429 2301 1788 2371 magniﬁcabo
1824 2316 2026 2355 nomen

444 2403 626 2459 tuum,
657 2395 877 2463 erisque
910 2392 1266 2459 benedictus;
1318 2400 1373 2447 et
1424 2392 1743 2448 benedicam
1797 2392 2023 2448 benedi-

447 2487 700 2543 centibus
746 2485 925 2551 tibi’,
965 2504 985 2536 ι
1026 2492 1081 2540 et
1125 2492 1343 2540 caetera.
1384 2483 1660 2551 Secunda,
1691 2500 1815 2540 cum
1839 2489 1843 2493 ’
1869 2486 2023 2542 visus

446 2585 535 2633 est
579 2576 630 2632 ei
664 2575 953 2641 Dominus,
1000 2574 1250 2645 dixitque
1302 2577 1353 2630 ei
1399 2594 1414 2631 :
1459 2595 1478 2627 ι
1521 2574 1726 2631 Semini
1759 2586 1851 2631 tuo
1881 2577 2022 2633 dabo

444 2678 648 2723 terram
698 2668 843 2722 hanc
884 2667 948 2719 ³ο,
989 2686 1006 2718 ι
1042 2665 1248 2732 Tertia,
1294 2682 1419 2722 cum
1454 2686 1473 2719 ι
1520 2667 1834 2723 Abrahamo
1884 2668 2021 2723 dixit

444 2759 732 2825 Dominus,
768 2766 1053 2830 postquam
1080 2758 1289 2815 divisus
1317 2770 1399 2814 est
1430 2759 1499 2814 ab
1532 2775 1599 2815 eo
1621 2757 1805 2826 Lot“,
1837 2778 1858 2812 ι
1900 2775 2021 2831 qua:

440 2849 776 2905 referuntur.
819 2850 1044 2917 Quarta,
1091 2850 1149 2905 in
1181 2866 1287 2921 qua
1330 2851 1532 2905 dicitur
1572 2870 1585 2907 :
1639 2869 1659 2901 ι
1695 2850 1794 2905 llis
1838 2854 2020 2921 itaque

438 2942 774 3009 transactis,
818 2942 997 2999 factus
1039 2951 1125 2998 est
1178 2958 1358 2999 sermo
1396 2941 1613 2997 Domini
1660 2944 1729 2997 ad
1775 2942 2021 2998 Abraha-

364 3040 367 3043 ’
440 3045 612 3102 tuum,
636 3050 734 3105 per
756 3034 1022 3090 visionem
1053 3035 1242 3090 dicens
1274 3053 1287 3088 :
1320 3033 1441 3088 Noli
1468 3035 1682 3100 timere,
1721 3035 2015 3103 Abraham,

440 3144 544 3199 cgo
569 3135 847 3199 protector
888 3135 1017 3182 tuus
1066 3142 1189 3183 sum
1227 3127 1302 3195 ¹¹;
1344 3149 1362 3178 ι
1399 3136 1455 3183 et
1487 3135 1608 3198 post
1653 3129 1759 3182 alia
1795 3147 1808 3184 :
1842 3148 1863 3181 ι
1904 3128 2017 3201 Ego

2669 1824 3065 1879 ΚΕΦΑΛΑΙΟΝ
3105 1826 3177 1878 1".

2199 1938 2423 2011 Πρῶτος
2452 1938 2865 2011 ἀναγέγραπται
2896 1941 3187 2012 γενόμενος
3215 1942 3595 2015 χρηματισμὸς
3624 1945 3703 2017 τῷ

2110 2018 2394 2103 ’Ἀϐραὰμ
2417 2031 2507 2084 ὅτε
2544 2026 2697 2084 εἶπεν
2740 2030 2888 2103 αύτῷ
2927 2031 3158 2103 Κύριος·
3202 2052 3221 2084 ι
3251 2034 3472 2100 Ἔξελθε
3502 2039 3566 2090 ὲκ
3603 2037 3702 2109 τῆς

2126 2123 2230 2192 γῆς
2259 2137 2352 2174 σου
2381 2122 2473 2173 καὶ
2499 2124 2563 2174 ὲκ
2593 2123 2691 2192 τῆς
2717 2123 3036 2191 συγγενείας
3069 2141 3184 2189 σου,
3217 2126 3312 2180 καὶ
3338 2127 3404 2181 ἐκ
3434 2128 3528 2182 τοῦ
3551 2129 3702 2185 οἴκου

2124 2213 2219 2267 τοῦ
2265 2215 2469 2285 πατρός
2512 2231 2604 2267 σου
2651 2216 2730 2278 εἰς
2758 2215 2858 2285 τὴν
2900 2216 3005 2286 γῆν
3034 2216 3101 2288 ἢν
3142 2218 3207 2272 ἄν
3242 2234 3324 2272 σοι
3361 2219 3554 2287 δείξω·
3608 2222 3700 2276 καὶ

2126 2307 2338 2377 ποιήσω
2366 2324 2425 2359 σε
2451 2308 2531 2371 εἰς
2563 2306 2712 2370 ἔθνος
2747 2306 2908 2378 μέγα,
2943 2308 3036 2361 καὶ
3064 2307 3343 2381 εὐλογήσω
3377 2328 3458 2379 σε,
3487 2313 3581 2367 καὶ
3616 2329 3703 2385 με·

2124 2395 2341 2464 γαλυνῶ
2368 2396 2429 2450 τὸ
2455 2397 2628 2467 δνομά
2666 2413 2781 2463 σου,
2822 2398 2916 2451 καὶ
2944 2397 3041 2471 ἔσῃ
3067 2398 3386 2471 εὐλογητόςο
3424 2401 3519 2456 καὶ
3545 2402 3699 2458 εύλοο

2123 2491 2279 2560 γήσω
2311 2490 2435 2553 τοὺς
2463 2490 2819 2559 εὐλογοῦντάς
2867 2491 2932 2560 (1⁵.
2966 2490 3019 2562 4)
3067 2508 3150 2555 σε,
3190 2512 3210 2546 ι
3260 2493 3354 2547 καὶ
3390 2494 3459 2548 τὰ
3496 2495 3704 2562 τούτοις

2123 2580 2270 2650 ἑξῆς.
2320 2580 2600 2651 Δεύτερος,
2631 2580 2719 2633 ὅτε
2760 2580 2916 2651 ὤφθη
2961 2582 3112 2653 αὐτῷ
3157 2583 3361 2655 Κύριος
3404 2585 3498 2639 καὶ
3543 2583 3699 2642 εἶπεν

2122 2670 2269 2741 αύτῷ
2289 2688 2301 2699 ·
2345 2690 2363 2721 ι
2404 2671 2494 2741 Τῷ
2527 2671 2803 2742 σπέρματί
2838 2687 2929 2724 σου
2960 2670 3115 2725 δώσω
3147 2674 3246 2744 τὴν
3277 2678 3380 2743 γῆν
3407 2676 3629 2749 ταύτην.
3673 2698 3690 2730 ι

2122 2760 2233 2813 Καὶ
2278 2760 2477 2832 τρίτος,
2508 2761 2594 2813 ὅτε
2633 2778 2651 2810 ι
2690 2761 2719 2812 6
2745 2760 2948 2830 Κύριος
2978 2757 3128 2815 εἶπεν
3164 2762 3244 2834 τῷ
3279 2764 3528 2837 Ἀϐραὰμ
3564 2769 3701 2839 μετὰ

2130 2852 2191 2904 τὸ
2230 2852 2650 2922 διαχωρισθῆναι
2691 2851 2782 2904 τὸν
2823 2850 2948 2920 Λὼτ
2989 2853 3082 2905 ἀπ’
3127 2854 3291 2908 αὑτοῦ
3330 2875 3349 2908 ι
3395 2856 3464 2910 τὰ
3502 2858 3699 2926 ἀναγε-

2118 2944 2736 3016 γραμμὲνα.Τὲταρτος,
2759 2946 2819 2997 ἐν
2851 2939 2895 3013 ᾧ
2927 2945 3162 3017 εἴρηται,
3191 2965 3209 2997 ι
3233 2947 3393 3002 Μετὰ
3426 2948 3484 3002 δὲ
3517 2949 3582 3003 τὰ
3608 2951 3698 3021 ῥή.

2122 3052 2267 3107 ματα
2305 3034 2477 3088 ταῦτα
2525 3034 2754 3107 ἐγενήθη
2800 3039 2949 3107 ῥῆμα
2995 3038 3203 3108 Κυρίου
3267 3039 3403 3109 πρὸς
3446 3036 3693 3111 Ἀϐραὰμ

2119 3131 2176 3182 ὲν
2219 3129 2451 3199 ὁράματι
2500 3130 2599 3199 τῆς
2631 3128 2823 3191 νυκτὸς
2870 3127 3063 3196 λέγων,
3101 3130 3194 3200 Μὴ
3227 3129 3418 3196 φοϐοῦ,
3447 3131 3690 3202 ’Λϐραμ,

440 3219 729 3288 Dominus,
761 3219 856 3291 qui
889 3218 1051 3275 eduxi
1081 3230 1134 3274 te
1175 3218 1243 3274 de
1294 3226 1440 3275 terra
1467 3217 1845 3274 Chaldaeorum
1880 3219 1946 3272 ³³.
1988 3240 2006 3272 ι

2120 3218 2228 3288 ἐγὼ
2252 3219 2609 3291 ὑπερασπίζω
2637 3235 2729 3271 σου
2751 3236 2764 3249 ·
2802 3241 2822 3271 ρ
2857 3222 2951 3272 καὶ
2985 3220 3103 3291 μεθ’
3136 3220 3327 3292 ἕτερα·
3356 3241 3374 3272 ι
3418 3220 3557 3290 Ἐγὼ
3588 3224 3695 3276 Κύ-

445 3311 670 3378 Quinta,
697 3325 821 3366 cum
846 3310 1001 3367 visus
1029 3319 1114 3367 est
1147 3310 1411 3366 Dominus
1443 3310 1754 3365 Abrallamo
1795 3319 1849 3366 et
1873 3310 2012 3365 dixit

437 3403 492 3459 ei
523 3421 539 3459 :
575 3420 594 3453 ι
631 3401 746 3473 Ego
778 3418 901 3459 sum
942 3402 1086 3459 Deus
1116 3410 1268 3469 tuus,
1299 3403 1517 3457 ambula
1546 3417 1733 3458 coram
1764 3417 1851 3457 me
1880 3403 1944 3467 ιδ,
1989 3423 2008 3456 ι

440 3503 498 3550 et
561 3500 780 3549 caetera.
832 3492 1017 3562 Sexta,
1074 3496 1131 3550 in
1163 3508 1272 3566 qua
1319 3510 1517 3550 rursus
1579 3514 1599 3546 ι
1651 3496 1917 3567 Apparuit
1964 3497 2013 3552 ei

440 3584 708 3643 Dominus
746 3588 802 3642 in
841 3588 1088 3643 convalle
1134 3587 1375 3642 Mambre
1407 3588 1618 3644 sedenti
1652 3589 1709 3642 in
1749 3590 1891 3645 ostio
1942 3598 2016 3645 ta-

439 3677 723 3733 bernaculi
753 3677 840 3735 sui
869 3677 925 3732 in
962 3677 1082 3748 ipso
1110 3676 1323 3733 fervore
1355 3677 1463 3733 diei
1492 3695 1506 3732 :
1540 3694 1779 3750 cumque
1806 3680 2011 3735 elevas-

442 3776 529 3825 aet
578 3770 789 3834 oculos,
826 3778 1197 3841 apparuerunt
1238 3769 1290 3826 ei
1320 3780 1434 3826 tres
1467 3770 1569 3825 viri
1610 3779 1819 3828 stantes
1848 3787 2016 3843 prape

439 3876 563 3916 eum
598 3882 611 3916 :
651 3876 792 3932 quos
848 3874 974 3916 cum
1028 3862 1279 3926 vidisset,
1331 3865 1575 3916 cucurrit
1610 3863 1665 3917 in
1718 3879 2013 3919 occursum

438 3968 628 4008 eorum
665 3952 733 4008 de
762 3953 904 4008 ostio
934 3955 1301 4022 tabernaculi,
1331 3961 1386 4010 et
1411 3956 1661 4010 adoravit
1701 3957 1756 4010 in
1785 3963 2011 4021 terram,

438 4055 494 4101 et
523 4046 660 4101 dixit
688 4065 702 4101 :
736 4045 990 4111 Domine,
1023 4048 1071 4102 si
1121 4048 1306 4103 inveni
1330 4050 1567 4120 gratiam
1596 4050 1653 4104 in
1687 4051 1862 4107 oculis
1884 4052 2012 4115 tuis,

439 4153 515 4193 ne
554 4145 804 4194 transeas
826 4154 1043 4194 servum
1078 4146 1253 4204 tuum,
1304 4141 1399 4195 sed
1433 4141 1691 4196 all‘eratur
1715 4144 2014 4213 pauxillum

439 4243 617 4299 aqua,
642 4237 697 4286 et
720 4230 903 4285 lavent
933 4232 1098 4301 pedes
1128 4240 1342 4287 vestros
1371 4234 1436 4287 ¹⁵.
1486 4252 1505 4286 ›
1542 4233 1674 4289 Dein
1704 4236 1867 4304 paulo
1893 4243 2015 4305 post

439 4320 595 4374 addit
626 4337 641 4375 :
673 4338 693 4371 ι
728 4320 864 4375 Cum
894 4330 1074 4377 autem
1102 4324 1473 4379 surrexissent
1508 4326 1656 4392 inde,
1684 4326 2001 4383 direxerunt

439 4424 632 4481 oculos
658 4437 848 4480 contra
892 4424 1229 4482 Sodomam:
1280 4436 1334 4484 et
1360 4430 1633 4486 Abraham
1676 4432 1838 4487 simul
1880 4451 2009 4506 gra-

447 4527 725 4593 diebatur,
766 4528 1046 4586 deducens
1077 4546 1192 4588 eos.
1230 4532 1484 4605 Dixitque
1531 4535 1794 4596 Dominus
1823 4559 1838 4595 :
1870 4538 2007 4596 Num

438 4621 618 4677 celare
671 4628 861 4693 potero
912 4623 1184 4678 Abraham
1215 4641 1335 4695 qua:
1366 4636 1622 4697 gesturus
1668 4633 1828 4687 sum?
1870 4633 2010 4688 Cum

438 4712 660 4770 futurus
689 4714 760 4769 sit
794 4716 849 4770 in
877 4722 1093 4787 gentem
1131 4733 1381 4788 magnam
1417 4735 1483 4775 ac
1536 4723 2002 4789 robustissimam,

437 4816 493 4863 et
514 4807 899 4864 benedicendae
925 4809 1036 4863 sint
1079 4809 1135 4863 in
1186 4810 1281 4863 illo
1325 4825 1514 4867 omnes
1547 4815 1799 4870 nationes
1827 4827 2007 4872 terra.

439 4899 687 4956 Sciebam
716 4901 860 4957 enim
886 4900 1030 4971 quod
1064 4909 1432 4972 praecepturus
1464 4905 1533 4959 sit
1551 4903 1677 4961 ﬁliis
1705 4909 1821 4963 suis
1841 4914 1894 4960 et
1916 4907 2016 4962 do-

436 4994 551 5050 mui
573 5009 686 5050 suae
700 5003 824 5064 post
841 5011 919 5061 se,
943 5001 1003 5048 ut
1027 4993 1463 5052 custodiantvias
1478 4996 1715 5064 Domini,
1734 5008 1789 5054 et
1810 4998 2013 5071 faciant

433 5082 701 5153 judicium
738 5093 793 5140 et
828 5086 1100 5155 justitiam
1134 5107 1148 5142 :
1181 5096 1241 5142 ut
1289 5088 1524 5145 adducat
1571 5090 1840 5147 Dominus
1879 5107 2008 5161 pro-

434 5183 559 5247 pter
588 5174 862 5231 Abraham
893 5180 1076 5234 omnia
1115 5194 1236 5250 qure
1256 5181 1473 5238 locutus
1498 5189 1583 5238 est
1604 5182 1673 5237 ad
1695 5199 1841 5239 eum.
1863 5183 2012 5239 Dixit

437 5277 619 5324 autem
642 5267 939 5326 Dominus:
972 5268 1192 5327 Clamor
1226 5271 1587 5329 Sodomorum
1607 5282 1662 5331 et
1690 5272 2007 5332 Gomorrha:

438 5374 832 5446 multiplicatus
850 5385 936 5434 est
958 5379 1023 5433 ¹⁶.
1064 5398 1083 5432 ι
1136 5377 1204 5433 Et
1249 5379 1411 5450 paulo
1456 5386 1619 5451 post:
1656 5399 1675 5431 ι
1704 5379 2003 5437 Converte-

438 5484 677 5546 runtque
736 5492 798 5533 se
843 5478 970 5533 inde
1015 5485 1128 5534 tres
1153 5480 1277 5545 viri,
1324 5488 1380 5535 et
1408 5479 1661 5535 abierunt
1688 5477 2005 5537 Sodomam.

439 5580 713 5638 Abraham
743 5601 874 5641 vero
903 5585 1083 5642 adhuc
1112 5587 1294 5643 stabat
1327 5602 1513 5642 coram
1542 5585 1795 5643 Domino.
1825 5587 1893 5645 Et
1914 5606 2008 5662 ap—

437 5687 818 5758 propinquans
839 5691 951 5744 ait:
988 5690 1259 5763 Numquid
1290 5695 1486 5763 perdes
1506 5694 1714 5764 justum
1749 5712 1870 5749 cum
1903 5697 2007 5752 im-

542 5794 822 5865 ’VGeAn.xI,
860 5800 911 5858 7.
1009 5801 1031 5831 ⁸
1071 5802 1200 5857 ibid.
1236 5804 1289 5863 5.

443 5861 496 5917 Ἰ.
574 5864 617 5895 ⁸⁸
653 5861 956 5938 ϐειι.ἰνη,
995 5873 1043 5924 1.
1123 5872 1164 5903 ¹⁸
1205 5861 1336 5928 Gen.
1379 5861 1545 5940 xvm,
1585 5876 1693 5930 1-4.

2120 3327 2233 3382 ριος
2265 3312 2293 3363 ὁ
2328 3309 2610 3378 ἐξαγαγών
2642 3326 2701 3362 σε
2733 3311 2796 3363 ὲκ
2832 3309 3014 3382 χώρας
3035 3310 3329 3365 Χαλδαίων.
3369 3331 3387 3364 ι
3415 3314 3714 3385 Πέμπτοςλ

2116 3400 2409 3473 ὅτε-ὤφθη
2466 3402 2668 3473 Κύριος
2730 3402 2809 3473 τῷ
2868 3401 3118 3473 Ἀϐραὰμ
3170 3405 3263 3457 καὶ
3315 3399 3467 3457 εἶπεν
3523 3404 3691 3475 αὐτῷ,

2123 3512 2143 3546 ι
2189 3493 2329 3563 Ἐγώ
2361 3494 2475 3564 εἰμι
2501 3495 2529 3545 6
2561 3493 2692 3556 Θεός
2722 3510 2815 3547 σου
2839 3511 2852 3522 -
2898 3494 3183 3566 εὐαρέστει
3227 3479 3455 3548 ἐνώπιον
3484 3494 3641 3566 ὲμοῦ,
3670 3512 3689 3546 ι

2116 3586 2210 3639 καὶ
2261 3584 2330 3638 τὰ
2376 3585 2555 3638 λοιπά.
2608 3584 2825 3648 Ἕκτος,
2878 3586 2936 3638 ὲν
2984 3578 3029 3651 ᾧ
3078 3585 3239 3638 πάλιν
3287 3606 3306 3637 ‹
3342 3586 3519 3657 ’Ὠφθη
3546 3586 3694 3657 αὐτῷ

2116 3678 2322 3751 Κύριος
2356 3677 2493 3749 πρὸς
2518 3680 2586 3750 τῇ
2626 3677 2749 3749 δρυῒ
2783 3680 2848 3749 τῇ
2895 3678 3163 3750 Μαμϐρῆ,
3195 3679 3506 3751 καθημένου
3531 3678 3694 3734 αὐτοῦ

2117 3771 2209 3824 ἐπὶ
2232 3771 2331 3840 τῆς
2370 3768 2539 3841 θύρας
2564 3769 2665 3840 τῆς
2697 3769 2905 3841 σκηνῆς
2934 3770 3099 3824 αὐτοῦ
3137 3770 3515 3842 μεσημϐρίας·
3557 3772 3683 3825 ἀνα-

2118 3862 2319 3932 ϐλέψας
2347 3861 2403 3915 δὲ
2426 3864 2538 3926 τοῖς
2569 3861 2862 3933 ὀφθαλμοῖς
2885 3862 3050 3916 αὑτοῦ
3081 3860 3239 3926 εἶδεν,
3280 3864 3374 3916 καὶ
3405 3863 3511 3917 ίδοὺ
3544 3866 3692 3938 τρεῖς

2116 3953 2307 4025 ἄνδρες
2331 3954 2677 4024 είστήκεισαν
2704 3955 2888 4007 ἐπάνω
2907 3954 3069 4007 αὐτοῦ
3092 3973 3104 3986 ·
3129 3955 3223 4008 καὶ
3253 3953 3374 4007 ίδὼν
3397 3954 3695 4026 προσέδραο

2120 4063 2219 4117 μεν
2245 4048 2324 4110 είς
2360 4047 2679 4119 συνάντησιν
2709 4049 2890 4111 αὐτοῖς
2922 4047 3029 4100 ἀπὸ
3058 4046 3159 4116 τῆς
3213 4046 3381 4120 θύρας
3409 4047 3509 4115 τῆς
3550 4063 3685 4117 σκηο

2117 4139 2213 4209 νῆς
2238 4137 2399 4192 αὐτοῦ
2418 4156 2434 4171 ⁸
2469 4141 2564 4194 καὶ
2591 4139 2998 4211 προσεκύνησεν
3020 4140 3112 4192 ἐπὶ
3134 4139 3233 4210 τὴν
3262 4138 3366 4208 γῆν
3396 4140 3490 4192 καὶ
3511 4134 3685 4192 εἶπενο

2116 4231 2310 4301 Κύριε,
2337 4233 2385 4285 εί
2413 4227 2571 4304 εὗρον
2596 4232 2754 4304 χάριν
2781 4232 3021 4285 ἐναντίον
3046 4248 3161 4295 σου,
3184 4232 3258 4302 μὴ
3291 4231 3565 4304 παρέλθῃς
3596 4230 3691 4285 τὸν

2117 4321 2281 4376 παῖδά
2317 4339 2430 4386 σου,
2461 4322 2721 4394 ληφθήτω
2748 4322 2811 4393 δὴ
2844 4324 3035 4395 μικρὸν
3070 4323 3232 4395 ὕδωρ,
3261 4325 3353 4377 καὶ
3379 4323 3690 4394 νιψάτωσαν

2114 4417 2240 4478 τοὺς
2285 4416 2454 4479 πόδας
2500 4415 2671 4486 ὑμῶν.
2727 4434 2745 4467 ι
2800 4412 2938 4469 Εἶτα
2988 4417 3125 4487 μετά
3177 4433 3295 4470 τινα
3345 4416 3684 4487 ἐπιφέρεται,

2123 4526 2143 4559 ι
2181 4508 2303 4561 ’Ὁτι
2346 4506 2736 4572 ἐξαναστάντες
2778 4507 2986 4562 ἐκεῖθεν
3027 4508 3331 4578 ἐπέϐλεψαν
3379 4507 3473 4562 ἐπὶ
3518 4509 3689 4580 πρόσ-

2043 4598 2086 4654 D
2114 4618 2261 4654 ωπον
2294 4598 2570 4670 Σοδόμων·
2618 4600 2870 4672 Ἀϐραὰμ
2907 4601 2966 4654 δὲ
3001 4601 3392 4673 συνεπορεύετο
3432 4602 3548 4672 μετ’
3590 4603 3690 4655 αὒ-

2118 4689 2226 4743 τῶν
2258 4689 2711 4761 συμπροπέμπων
2739 4690 2934 4755 αὐτούς
2957 4709 2969 4722 ·
2997 4692 3026 4744 ὁ
3054 4690 3110 4744 δὲ
3138 4692 3343 4763 Κύριος
3374 4688 3526 4746 εἶπεν
3544 4708 3557 4721 ⁸
3588 4693 3684 4763 Μὴ

2114 4779 2307 4852 κρύψω
2344 4777 2455 4848 ἐγὼ
2500 4781 2609 4835 ἀπὸ
2650 4781 2902 4854 Ἀϐραὰμ
2952 4781 3046 4836 τοῦ
3098 4782 3286 4846 παιδός
3339 4798 3442 4853 μου
3492 4781 3529 4836 ἃ
3570 4779 3685 4851 ἐγὼ

2115 4872 2288 4937 ποιῶ;
2334 4871 2582 4944 Ἀϐραὰμ
2616 4873 2673 4926 δὲ
2716 4874 2997 4944 γινόμενος
3045 4873 3197 4928 ἔσται
3239 4876 3320 4938 εἰς
3350 4874 3504 4938 ἔθνος
3543 4874 3687 4945 μέγα

2113 4966 2207 5018 καὶ
2247 4965 2403 5028 πολὺ,
2437 4965 2531 5020 καὶ
2576 4966 3059 5038 ὲνευλογηθήσεται
3099 4969 3158 5020 ὲν
3199 4966 3349 5039 αὐτῷ
3395 4969 3573 5022 πάντα
3617 4966 3685 5019 τά

2113 5056 2241 5128 ἔθνη
2271 5057 2372 5128 τῆς
2397 5058 2500 5127 γῆς
2520 5076 2533 5088 ·
2570 5059 2722 5131 ᾔδειν
2764 5059 2871 5131 γὰρ
2895 5061 2977 5113 ὅτι
3003 5060 3250 5127 συντάξει
3281 5063 3392 5124 τοῖς
3423 5061 3560 5124 υἱοῖς
3583 5059 3683 5114 αὐ-

2110 5149 2205 5202 τοῦ
2247 5150 2341 5204 καὶ
2379 5149 2458 5221 τῷ
2489 5150 2624 5221 οἴκῳ
2650 5150 2816 5205 αὑτοῦ
2848 5152 2963 5221 μετ’
3000 5153 3199 5214 αὐτῶν,
3235 5152 3330 5207 καὶ⁵
3360 5152 3680 5222 φυλάξουσιν

2111 5241 2210 5306 τὰς
2251 5242 2404 5307 ὀδοὺς
2450 5243 2677 5315 Κυρίου,
2720 5246 2891 5297 ποιεῖν
2945 5245 3291 5316 δικαιοσύνην
3338 5246 3432 5299 καὶ
3479 5245 3672 5316 κρίσιν.

2111 5334 2257 5398 ὅπως
2301 5335 2367 5389 ἂν
2400 5336 2653 5408 ἐπαγάγῃ
2688 5336 2888 5408 Κύριος
2935 5338 3028 5392 ἐπὶ
3068 5337 3317 5409 Ἀϐραὰμ
3355 5336 3393 5392 ἃ
3422 5336 3675 5405 ἐλάλησεν

2111 5425 2247 5494 πρὸς
2272 5425 2453 5480 αύτόν.
2490 5422 2654 5480 Εἶπεν
2686 5426 2743 5480 δὲ
2783 5426 3269 5504 ΚύριοςῇΚραυγὴ
3303 5427 3547 5498 Σοδόμων
3585 5424 3679 5478 καὶ

2108 5518 2152 5571 Γ
2151 5519 2389 5592 ομόρῤας
2437 5519 2829 5589 πεπλήθυνται.
2865 5541 2885 5573 ι
2938 5522 3049 5576 Καὶ
3112 5523 3229 5593 μετ’
3277 5520 3460 5589 ὀλίγα·
3517 5538 3534 5569 ι
3571 5516 3684 5572 Καὶ

2108 5611 2551 5683 ἀποστρέψαντες
2586 5611 2792 5667 ἐκεῖθεν
2823 5615 2871 5667 οἱ
2906 5614 3096 5684 ἄνδρες
3134 5609 3298 5683 ἦλθον
3335 5614 3413 5675 είς
3438 5611 3679 5680 Σόδομα·

2123 5700 2371 5773 Ἀϐραὰμ
2394 5700 2452 5755 δὲ
2491 5697 2558 5772 ἦν
2587 5701 2833 5774 ἑστηκὼς
2863 5703 3102 5758 ἐναντίον
3126 5703 3332 5774 Κυρίου
3352 5718 3364 5731 ·
3400 5701 3494 5755 καὶ
3526 5699 3682 5768 ἐγγί-

1399 5806 1420 5835 ⁹
1458 5805 1602 5880 Gen._
1629 5823 1739 5880 xu,
1776 5808 1889 5863 1-5.
1970 5810 2012 5841 ‘°
2055 5810 2186 5864 ibid.
2222 5813 2274 5866 7.
2354 5816 2395 5849 ³³
2435 5813 2568 5868 Gen.
2608 5831 2737 5880 xm,
2776 5814 2860 5867 l4.
2942 5816 2982 5847 ¹²
3022 5812 3153 5868 Gen.
3199 5830 3287 5879 xv,
3333 5815 3378 5869 l.
3458 5813 3502 5844 ¹²
3542 5812 3678 5866 ibid.

1773 5880 1813 5909 ¹⁶
1854 5881 1981 5934 ibid.
2021 5880 2195 5936 16-520.
