4106 6484
481 425 619 484 1029

1495 429 1797 496 ,ΕΟιοῦῶ
1832 432 2310 489 ΡΒΟΡΗΕΤΙΕΕ.
2350 465 2417 473 -—
2456 435 2581 490 LIB.
2618 437 2658 490 Ι.

3560 438 3698 493 Ιίόθ

478 567 576 616 σας
615 552 863 626 Ἀϐραάμ
897 550 1068 619 εἶπεν,
1118 554 1207 625 Μὴ
1255 554 1615 627 συναπολέσῃς
1652 557 1855 613 δίκαιον
1898 577 1994 630 μετ

2094 584 2106 622 ι
2136 559 2257 629 pio?
2279 557 2625 625 Sitvejustus
2649 533 2959 631 utimpius‘!
2986 556 3042 614 Si
3072 558 3275 614 fuerint
3303 558 3694 630 quinquaginta

475 643 703 710 ἀσεϐοῦς
722 662 736 676 ’
768 646 861 700 καὶ
891 645 1040 700 ἔσται
1068 647 1096 699 6
1134 645 1339 711 δίκαιος
1368 646 1444 710 ὡς
1484 650 1513 701 6
1555 649 1779 722 ἀσεϐής·
1810 650 1904 703 ὲὰν
1931 645 1994 704 ῶς

2131 650 2265 718 justi
2291 650 2344 704 in
2361 650 2596 716 civitate,
2628 652 2880 721 peribunt
2896 652 3095 706 simul?
3145 650 3336 705 Nonne
3361 665 3551 719 parces
3571 650 3692 705 loco

475 737 809 808 πεντήκοντα
850 738 1042 792 δίκαιοι
1090 740 1149 792 ὲν
1186 742 1253 810 τῇ
1288 740 1460 804 πόλει,
1491 741 1774 804 ἀπολέσεις
1802 743 2027 807 αὐτούς;

2136 742 2213 795 illi
2252 752 2470 813 propter
2507 745 2896 816 quinquaginta
2934 745 3137 814 justos,
3182 746 3229 800 si
3274 745 3478 800 fuerint
3505 747 3562 800 in
3593 746 3693 802 eo?

476 827 589 881 οὐκ
618 828 836 900 ἀνήσεις
852 829 1026 882 πάντα
1054 828 1143 882 τὸν
1167 830 1330 885 τόπον
1360 831 1542 885 ἕνεκεν
1566 831 1674 884 τῶν
1698 833 1994 903 πεντήκοντ

2137 831 2296 888 Absit
2318 849 2346 886 a
2392 840 2446 888 te
2474 845 2534 889 ut
2562 852 2672 891 rem
2703 838 2844 891 hanc
2875 836 3065 901 facias,
3116 844 3172 891 et
3211 836 3432 892 occidas
3474 837 3685 906 justum

472 919 712 985 δικαίων,
735 921 830 975 ἐὰν
859 915 988 975 ὦσιν
1017 923 1073 974 ὲν
1100 923 1272 995 αὐτῇς
1300 922 1578 995 Μηδαμῶς
1602 924 1664 976 σὺ
1696 925 1937 994 ποιήσεις
1956 924 2029 988 ὼς

469 1014 531 1066 τὸ
562 1013 712 1085 ῥῆμα
734 1012 889 1067 τοῦτο
908 1013 1001 1067 τοῦ
1032 1015 1348 1068 ἀποκτεῖναι
1371 1015 1576 1069 δίκαιον
1602 1015 1738 1086 μετά
1768 1014 2021 1079 ἀσεϐοῦς·

471 1107 566 1160 καὶ
596 1106 744 1161 ἔσται
776 1109 804 1160 ό
834 1108 1036 1171 δίκαιος
1066 1107 1142 1171 ὼς
1175 1109 1204 1161 6
1239 1108 1470 1178 ἀσεϐής·
1506 1107 1766 1179 μηδαμῶς
1786 1124 1801 1139 ’
1835 1109 1863 1160 6
1907 1108 2024 1178 κρί-

470 1213 575 1251 νων
597 1201 771 1251 πᾶσαν
802 1198 899 1268 τὴν
926 1199 1030 1268 γῆν
1059 1199 1119 1251 ού
1165 1199 1413 1269 ποιήσεις
1450 1198 1662 1269 arpi-rw;
1703 1218 1722 1249 ι
1765 1198 1872 1250 Καὶ
1904 1197 2020 1266 μεθ’

466 1289 630 1360 ἰτερά
659 1305 821 1359 φησιν
869 1291 902 1360 ὴ
953 1290 1176 1360 Γραφή’
1242 1310 1261 1342 ι
1303 1288 1563 1360 Ἀπῆλθεν
1603 1288 1657 1341 δὲ
1700 1289 1901 1360 Κύριος
1945 1290 2020 1353 ὡς

2133 937 2256 978 cum
2287 925 2476 995 impio,
2507 926 2705 997 fiatque
2728 929 2911 997 justus
2934 929 3078 983 sicut
3098 928 3320 998 impius;
3339 944 3448 983 non
3476 937 3560 984 est
3582 930 3686 984 hoc

2132 1023 2305 1079 tuum,
2338 1018 2431 1086 qui
2449 1017 2664 1087 judicas
2692 1034 2906 1074 omnem
2947 1029 3149 1076 terram
3184 1038 3199 1087 ;
3230 1036 3570 1092 nequaquam
3603 1021 3684 1077 fa-

2128 1108 2240 1163 cies
2262 1108 2526 1177 judicinm
2584 1111 2688 1165 hoc
2726 1113 2793 1164 ¹⁷.
2825 1131 2844 1162 ι
2879 1111 2945 1165 Ει
2989 1120 3112 1182 post
3144 1128 3316 1183 pauca
3362 1114 3495 1168 dicit
3535 1112 3683 1170 Scri-

2124 1205 2282 1266 ptura
2298 1217 2311 1252 :
2325 1198 2499 1252 «Abiit
2513 1207 2690 1254 autem
2708 1199 3279 1273 Dominus,postquam
3294 1206 3525 1260 cessavit
3536 1206 3680 1275 loqui

2125 1288 2192 1342 ad
2206 1288 2479 1343 Abraham
2499 1290 2569 1356 ‘3;
2598 1300 2968 1362 veneruntque
2995 1294 3103 1347 duo
3125 1296 3300 1365 angeli
3318 1297 3370 1350 in
3390 1294 3679 1352 Sodomam

465 1376 737 1433 ἐπαύσατο
764 1378 939 1433 λαλῶν
961 1379 1039 1450 τῷ
1072 1378 1335 1451 Ἀϐραάμ.
1368 1380 1626 1451 Εἰσῆλθον
1653 1380 1709 1433 δὲ
1734 1380 1832 1433 καὶ
1859 1382 1906 1433 οἱ
1929 1378 1994 1432 δύ

2125 1395 2369 1450 vespere,
2401 1389 2457 1435 et
2484 1382 2707 1439 sedente
2736 1382 2838 1438 Lot
2866 1384 2924 1439 in
2952 1382 3158 1442 foribus
3178 1386 3415 1444 civitatis
3439 1389 3503 1444 ⁸⁸.
3541 1407 3562 1441 ι

462 1471 678 1541 ἄγγελοι
698 1474 778 1536 είς
807 1473 1013 1544 Σόδομα
1042 1474 1309 1545 ἑσπέρας·
1344 1474 1467 1528 Λὼτ
1500 1476 1556 1530 δὲ
1593 1474 1827 1544 ἐκάθητο
1868 1474 2018 1545 παρὰ
2051 1472 2149 1545 τὴν
2181 1474 2355 1548 πύλην
2380 1478 2645 1549 Σοδόμων.
2675 1498 2695 1532 ι

542 1567 859 1638 Ἐπιστῆσαι
892 1568 1040 1635 ἀξιον
1085 1570 1312 1642 πότερον
1354 1570 1580 1640 ἄγγελος
1614 1573 1643 1625 6
1669 1569 1843 1641 τυχὼν
1880 1570 2021 1624 κατά

2195 1568 2350 1626 Scire
2378 1580 2461 1627 est
2483 1587 2662 1643 operte
2705 1574 2963 1643 pretium,
3014 1584 3199 1630 utrum
3236 1576 3308 1631 sit
3337 1577 3560 1649 angelus
3581 1578 3672 1649 qui

460 1661 585 1725 τοὺς
606 1661 802 1725 τόπους
834 1661 1085 1731 δηλοῦται
1118 1666 1146 1717 6
1172 1664 1297 1728 τοὺς
1329 1665 1740 1737 χρηματισμοὺς
1765 1665 1901 1737 πρὸς
1926 1664 1994 1718 τὸε

2119 1659 2206 1716 his
2256 1663 2312 1715 in
2368 1659 2665 1733 Scriptura:
2710 1665 2848 1719 locis
2891 1666 3204 1722 Ahrahamo
3242 1669 3560 1738 apparuisse
3591 1684 3675 1727 os-

464 1749 719 1826 Ἀϐραὰμ
747 1754 1130 1825 πεποιημένος,
1170 1756 1203 1827 ἢ
1232 1756 1392 1820 αὐτὸς
1428 1759 1457 1809 6
1500 1756 1609 1810 τῶν
1637 1756 1771 1810 ὅλων
1796 1757 1948 1821 Θεὸς,
1978 1756 2010 1829 ἢ

457 1844 636 1916 τρίτος
666 1863 750 1909 τις
781 1847 930 1918 παρά
965 1847 1184 1911 τούτους
1220 1850 1248 1902 6
1278 1848 1371 1902 τοῦ
1414 1848 1548 1902 Θεοῦ
1574 1849 1761 1917 Λόγος,
1786 1849 1844 1902 ὃν
1875 1848 2011 1920 μετά

451 1936 547 1991 τὸν
576 1936 832 1991 ἀνωτάτω
863 1938 1081 2010 Πατέρα
1106 1939 1200 1993 καὶ
1222 1938 1353 1992 Θεὸν
1389 1939 1496 1994 τῶν
1526 1939 1661 1993 ὅλων
1688 1939 1888 2010 Κύριον
1916 1940 2010 1993 καὶ

454 2025 585 2081 Θεὸν
615 2028 906 2092 ἀποκαλεῖν
931 2028 1050 2094 ἔθος
1072 2033 1136 2101 τῇ
1169 2032 1285 2102 ἱερᾷ
1310 2031 1529 2105 Γραφῇ’
1560 2030 1638 2084 ἔτι
1667 2048 1727 2084 τε
1757 2030 2007 2101 ζητῆσαι,

450 2118 538 2181 τίς
567 2113 634 2189 ἦν
672 2121 700 2172 6
730 2119 839 2174 τῶν
866 2121 1031 2191 τριῶν
1066 2120 1174 2174 τῶν
1220 2122 1487 2190 ὀφθέντων
1519 2120 1597 2192 τῷ
1640 2122 1885 2194 Ἀϐραὰμ
1919 2123 2010 2176 ἀν·-

452 2208 612 2281 δρῶν,
651 2212 786 2283 πρὸς
812 2211 869 2266 ὃν
897 2212 1057 2277 αύτός
1085 2230 1143 2266 τε
1168 2211 1336 2277 εἶπεν,
1372 2233 1390 2263 ι
1424 2215 1615 2287 Κύριε,
1639 2218 1686 2270 εί
1713 2211 1867 2283 εὗρον
1912 2217 2009 2288 χά-

454 2317 538 2370 ριν
570 2301 810 2355 ὲναντίον
840 2319 932 2356 σου
956 2320 969 2332 ·
1013 2322 1032 2354 ι
1067 2305 1159 2357 καὶ
1186 2305 1366 2373 πάλιν,
1413 2323 1433 2357 ι
1472 2307 1749 2378 Μηδαμῶς
1772 2325 1786 2338 θ
1822 2311 1851 2362 6
1891 2308 2008 2380 κρί-

447 2408 554 2446 νων
597 2396 774 2447 πᾶσαν
812 2394 910 2466 τὴν
949 2395 1052 2464 γῆν
1085 2397 1144 2449 οὐ
1181 2398 1424 2468 ποιήσεις
1470 2400 1678 2471 κρίσιν·
1716 2419 1737 2453 ι
1773 2402 1900 2473 περὶ
1943 2393 2005 2456 οὗ

446 2484 541 2536 καὶ
561 2485 594 2553 ἡ
624 2482 741 2537 θεία
772 2485 960 2556 Γραφὴ
1000 2486 1061 2539 ού
1095 2486 1251 2558 μόνον
1282 2488 1514 2560 πρῶτον,
1541 2490 1672 2544 ἀλλὰ
1698 2492 1791 2546 καὶ
1827 2492 2006 2547 δεύτε-

449 2588 541 2644 ρον
579 2573 676 2627 καὶ
720 2574 898 2642 τρίτον
949 2576 1229 2647 ίστορικῶς
1271 2595 1452 2649 φησιν,
1488 2598 1507 2630 ι
1546 2581 1716 2653 Ὠφθη
1760 2581 1817 2635 δὲ
1859 2583 2004 2654 αὐτῷ

445 2662 669 2735 Κύριος,
703 2684 723 2718 ›
770 2667 862 2719 ἐπὶ
888 2670 954 2738 τῇ
985 2666 1047 2737 (f.
1087 2669 1144 2737 5)
1178 2687 1198 2721 ί
1232 2669 1434 2742 Κύριος
1465 2689 1485 2724 ι
1528 2674 1867 2744 προσηγορίᾳ
1906 2673 1999 2727 τοῦ

443 2756 822 2829 ἀνεκφωνήτου
855 2760 913 2812 ὲν
944 2760 1021 2832 τῷ
1060 2760 1331 2832 Ἐϐραῖκῷ
1357 2765 1687 2834 τεταγμένου
1720 2766 1999 2841 ὀνόματος,

440 2847 578 2918 ὅπερ
603 2848 943 2904 οὐδεπώποτε
983 2852 1075 2906 ἐπὶ
1108 2852 1399 2925 ἀγγελικῆς
1427 2854 1704 2926 δυνάμεως
1742 2857 2002 2929 παρείλη-

442 2956 595 2994 πται.
631 2940 763 2996 Ὅτε
791 2941 922 3011 γοῦν
950 2945 978 2996 6
1014 2943 1137 2998 Λὼτ
1159 2949 1270 3009 τοῖς
1311 2946 1390 3010 είς
1415 2946 1618 3018 Σόδομα
1646 2947 1887 3003 ἐλθοῦσιν
1910 2951 2000 3018 ἀγ-

439 3032 617 3101 γέλοις
649 3034 1058 3108 ἀναγέγραπται
1079 3035 1270 3105 λέγων,
1304 3055 1323 3088 ι
1353 3037 1572 3108 Δέομαι,
1595 3038 1784 3110 Κύριε,
1812 3039 1997 3111 ἐπειδὴ

440 3120 598 3194 εὗρεν
628 3126 656 3177 6
685 3129 813 3191 παῖς
855 3144 947 3180 σου
970 3127 1116 3192 ἕλεος
1146 3127 1374 3183 ἐνώπιόν
1408 3148 1521 3194 σου,
1554 3150 1574 3183 ι
1607 3134 1779 3185 κεῖται
1809 3132 1907 3203 μὲν
1940 3134 1998 3186 ὲν

2114 1753 2374 1817 tenditur,
2405 1768 2475 1807 an
2504 1754 2619 1824 ipse
2646 1756 2888 1810 omnium
2917 1756 3082 1821 Deus,
3116 1758 3201 1813 vel
3230 1758 3421 1814 tertius
3453 1758 3672 1829 aliquis,

2112 1840 2206 1897 Dei
2232 1842 2441 1897 scilicet
2457 1841 2711 1908 Verbum,
2738 1860 2897 1914 quem
2924 1852 3046 1915 post
3075 1846 3401 1911 altissimum
3421 1845 3662 1912 Patrem,

2111 1939 2164 1987 et
2190 1931 2356 1987 Deum
2379 1933 2618 1988 omnium
2638 1933 2944 2000 Dominum,
2968 1943 3021 1991 et
3042 1935 3208 1991 Deum
3228 1952 3423 1992 vocare
3440 1939 3492 1992 in
3516 1952 3670 1994 sacra

2115 2020 2398 2093 Scriptura
2474 2024 2681 2100 solent;
2730 2041 2942 2082 necnon
3002 2027 3283 2097 inquirere
3328 2029 3452 2100 quis
3525 2036 3670 2084 esset

2108 2114 2274 2168 trium
2304 2115 2565 2182 virorum,
2596 2118 2690 2187 qui
2722 2116 3032 2172 Ahrahamo
3075 2118 3179 2172 visi
3224 2126 3374 2181 sunt,
3407 2117 3477 2172 ad
3505 2132 3664 2187 quem

2107 2204 2199 2260 ille
2229 2205 2427 2261 dixerit
2456 2225 2469 2261 :
2507 2227 2526 2259 ι
2562 2207 2810 2275 Domine,
2845 2209 2891 2263 si
2937 2210 3119 2264 inveni
3153 2209 3382 2280 gratiam
3407 2210 3463 2264 in
3491 2209 3669 2265 oculis

2106 2296 2214 2351 tuis
2241 2296 2326 2364 ²⁰;
2365 2316 2384 2349 ι
2419 2307 2473 2352 et
2492 2314 2686 2356 rursus
2725 2320 2739 2355 :
2769 2318 2787 2352 ι
2824 2298 2944 2355 Non
2982 2309 3065 2355 est
3090 2301 3194 2356 hoc
3225 2310 3376 2355 tuum
3411 2320 3424 2356 :
3458 2301 3552 2371 qui
3572 2300 3664 2371 ju~

2105 2386 2256 2443 dicas
2294 2402 2510 2444 omnem
2542 2399 2761 2455 terram,
2790 2406 3133 2462 nequaquam
3187 2392 3356 2447 facies
3396 2392 3660 2462 judicium

2104 2475 2208 2531 hoc
2236 2478 2303 2532 ²¹.
2340 2497 2360 2530 ι
2404 2476 2481 2533 De
2510 2494 2619 2549 quo
2648 2489 2701 2535 et
2749 2479 2932 2534 divina
2989 2479 3266 2550 Scriptura
3310 2496 3418 2537 non
3448 2488 3661 2535 tantum

2104 2568 2292 2636 semel,
2322 2569 2417 2626 sed
2449 2586 2642 2626 rursus
2675 2580 2731 2627 et
2778 2574 2939 2627 tertio
2992 2588 3186 2643 reapse
3230 2572 3365 2627 dixit
3393 2589 3409 2627 :
3443 2590 3463 2622 ι
3496 2571 3660 2627 Visus

2102 2659 2281 2719 autem
2323 2665 2373 2721 ei
2418 2664 2681 2722 Dominus
2703 2670 2768 2733 ³³,
2813 2688 2832 2721 ι
2864 2669 2953 2724 ubi
2988 2686 3007 2719 σ
3045 2668 3307 2725 Dominus
3345 2689 3365 2720 ι
3404 2647 3659 2725 ineffabili

2101 2757 2462 2826 appellatione
2515 2759 2571 2813 in
2620 2759 2894 2815 Hebraico
2946 2767 3098 2815 textu
3144 2759 3485 2831 designatur,
3540 2776 3661 2831 quae

2101 2848 2308 2902 scilicet
2349 2864 2618 2920 nusquam
2652 2851 2718 2905 de
2756 2851 2998 2921 angelica
3042 2860 3308 2922 potestate
3339 2860 3655 2924 usurpatur.

2097 2938 2233 2994 Cum
2266 2940 2430 3011 igitur
2472 2941 2571 2997 Lot
2616 2943 2958 3000 venientibus
3010 2945 3064 2999 in
3118 2944 3409 2999 Sodomam
3445 2944 3655 3015 angelis

2097 3030 2300 3087 dixisse
2330 3031 2534 3088 fertur:
2567 3054 2586 3085 ι
2620 3032 2836 3109 Quaeso,
2882 3035 3106 3091 Domine
3144 3038 3239 3099 mi,
3271 3039 3401 3106 quia
3440 3037 3647 3092 invenit

2099 3134 2290 3176 servus
2315 3132 2445 3180 tuus
2470 3113 2696 3194 gratiam
2730 3142 2914 3182 coram
2960 3135 3015 3182 te
3061 3127 3129 3192 ’³,
3194 3148 3214 3179 ι
3273 3128 3548 3183 invenitur
3596 3128 3653 3183 in

432 3213 515 3285 τῷ
541 3214 811 3286 Ἐϐραῖκῷ
843 3216 924 3280 τὸ,
952 3236 971 3267 ‹
996 3217 1187 3289 Κύριε,
1212 3240 1230 3270 δ
1254 3218 1368 3272 ἀλλ’
1397 3220 1456 3272 οὐ
1477 3220 1563 3273 διά
1585 3220 1691 3274 τῶν
1720 3222 1994 3294 τεσσάρων

2100 3211 2365 3269 Hebraico
2391 3224 2564 3281 textu,
2593 3235 2613 3267 ι
2648 3217 2896 3281 Domine,
2930 3237 2948 3269 ι
2984 3219 3078 3273 sed
3111 3235 3220 3274 non
3253 3231 3484 3290 quatuor
3516 3221 3656 3275 litteo

438 3307 713 3377 στοιχείων
750 3306 857 3360 τῶν
889 3309 1018 3380 παρ’
1056 3309 1325 3381 Ἑϐραίοις
1353 3311 1446 3364 ἐπὶ
1485 3310 1578 3366 τοῦ
1610 3313 1847 3384 ἀρρήτου
1875 3314 1993 3367 ὀνό-

438 3414 607 3469 ματος
636 3396 731 3451 τοῦ
776 3398 911 3452 Θεοῦ
953 3399 1545 3472 παραλαμϐανομένων,
1584 3402 1651 3456 δι’
1692 3405 1894 3476 ἐτέρων
1936 3404 1992 3459 δὲ

435 3483 711 3544 συλλαϐῶν
738 3490 805 3544 δι’
834 3485 907 3544 ὧν
935 3493 1028 3544 καὶ
1052 3493 1080 3544 6
1105 3492 1234 3562 παρ’
1266 3492 1568 3564 ἀνθρώποις
1598 3495 1992 3566 ὀνομαζόμενος

431 3580 619 3652 κύριος
672 3580 780 3634 τῶν
812 3581 946 3653 πρός
967 3598 1019 3634 τι
1061 3582 1360 3652 τυγχάνων,
1389 3578 1498 3636 οἷον
1537 3586 1744 3639 οἰκέτου
1783 3585 1988 3658 κύριος,

429 3672 562 3744 παρ’
603 3672 872 3744 Ἑϐραίοις
904 3673 1298 3744 ὲγγέγραπται’
1334 3673 1447 3727 ἀλλ’
1492 3675 1644 3728 οὐδέν
1692 3694 1754 3745 γε
1781 3676 1988 3741 τούτοις

428 3761 550 3834 ἔχον
579 3764 954 3835 παραπλήσιον
991 3766 1053 3819 τὸ
1097 3768 1188 3819 ἐπὶ
1233 3770 1331 3839 τῆς
1368 3766 1461 3820 τοῦ
1503 3766 1635 3819 Θεοῦ
1677 3765 1988 3831 αὐθεντείας

427 3854 516 3909 διὰ
544 3856 652 3909 τῶν
692 3859 969 3929 τεσσάρων
1013 3859 1284 3930 στοιχείων
1330 3859 1886 3931 παραλαμϐανόμενον
1928 3859 1988 3913 ἔν

425 3962 487 3999 τε
515 3949 632 4011 ταῖς
654 3948 1164 4020 ἀναγεγραμμέναις
1191 3949 1283 4002 τοῦ
1305 3949 1437 4003 Θεοῦ
1462 3950 1596 4021 πρὸς
1626 3950 1713 4003 τὸν
1741 3950 1985 4022 Ἀϐραὰμ

426 4038 710 4104 ὀπτασίαις
762 4041 1127 4112 ἐμφερόμενον
1183 4043 1366 4110 σαφῶς
1415 4044 1738 4114 παρίστησιν
1771 4083 1786 4107 ,
1851 4043 1984 4114 μηδὲ

426 4130 673 4202 ἄγγελον,
747 4132 880 4204 μηδὲ
922 4133 1085 4205 ὀλίγῳ
1127 4133 1313 4188 τοῦτον
1357 4135 1825 4206 ἐπαναϐεϐηκυῖάν
1865 4152 1984 4189 τινα

424 4221 574 4277 θείαν
616 4223 842 4294 δύναμιν
871 4224 1528 4297 αύτῷ,κεχρηματικέναι,
1560 4225 1673 4278 ἀλλ’
1699 4227 1860 4279 αὐτὸν
1890 4226 1981 4279 τὸν

421 4315 576 4381 Θεὸν,
607 4310 669 4371 οὗ
694 4316 792 4388 τὴν
841 4317 1074 4387 ἄρρητον
1106 4317 1429 4387 ὲκφώνησιν,
1476 4317 1642 4386 αὐτὴν
1688 4317 1752 4389 δὴ
1778 4316 1980 4388 ταύτην

421 4408 564 4463 κατὰ
582 4409 706 4473 τοὺς
731 4408 929 4472 τόπους
958 4408 1043 4462 διὰ
1071 4408 1176 4462 τῶν
1207 4410 1480 4481 τεσσάρων
1517 4408 1790 4479 στοιχείων
1813 4411 1981 4481 ἐμφε-

425 4500 677 4570 ρομένην,
705 4499 863 4570 μόνος
894 4501 923 4553 6
949 4500 1241 4570 ἀρχιερεὺς
1274 4500 1366 4553 ἐπὶ
1399 4498 1493 4553 τοῦ
1543 4498 1791 4569 μετώπου
1827 4516 1979 4570 περι-

2096 3305 2175 3361 ris
2206 3306 2543 3379 designatus,
2578 3323 2698 3378 qua:
2749 3310 2890 3378 apud
2934 3309 3192 3366 Hebraeos
3242 3311 3511 3368 ineffabile
3557 3312 3651 3367 Dci

2094 3413 2290 3453 nomen
2321 3402 2654 3469 exprimunt,
2713 3401 2810 3457 sed
2864 3403 2968 3456 alia
3026 3404 3489 3470 denominatione,
3533 3420 3656 3476 qua:

2091 3489 2253 3559 vulgo
2273 3490 2416 3560 apud
2448 3490 2700 3547 Hebraeos
2732 3493 2799 3548 de
2824 3494 3057 3563 alicujus
3091 3494 3234 3550 inter
3269 3496 3515 3552 homines
3550 3495 3652 3551 do-

2091 3582 2263 3647 mino,
2290 3582 2458 3636 veluti
2484 3583 2552 3637 de
2582 3586 2723 3639 servi
2748 3584 2987 3647 domino,
3015 3596 3327 3656 usurpatur.
3351 3586 3495 3640 Nihil
3525 3602 3654 3641 vero

2089 3673 2197 3728 tale
2226 3674 2470 3728 invenias
2494 3674 2550 3728 in
2580 3673 3022 3729 denominatione
3050 3690 3169 3744 qua:
3194 3674 3260 3729 ad
3290 3675 3646 3741 Deiauctori-

2087 3775 2250 3821 tatem
2282 3774 2512 3836 spectat,
2550 3767 2605 3821 in
2634 3774 3080 3834 tetragrammato
3132 3766 3359 3831 scilicet,
3405 3767 3549 3837 quod
3591 3768 3645 3822 in

2086 3856 2272 3912 relatis
2317 3855 2411 3911 Dei
2441 3857 2509 3911 ad
2535 3856 2903 3911 Abrahamum
2948 3855 3381 3926 apparitionibus
3414 3873 3647 3928 usurpa-

2085 3957 2195 4003 tur.
2223 3948 2335 4003 llnc
2371 3949 2556 4019 itaque
2580 3964 2679 4004 nec
2711 3948 2957 4019 angelus,
3005 3961 3106 4002 nec
3136 3948 3328 4017 angelo
3360 3950 3523 4019 paulo
3551 3964 3644 4005 su—

2085 4042 2266 4112 perior
2287 4042 2472 4112 aliqua
2499 4042 2682 4096 divina
2708 4049 2953 4112 potestas
2987 4040 3330 4109 designatur,
3361 4041 3455 4095 sed
3501 4040 3644 4098 Deus

2082 4131 2218 4201 ipse,
2248 4134 2404 4201 cujus
2434 4130 2701 4186 ineﬂ'ahilc
2735 4146 2954 4195 nomen,
3011 4139 3198 4200 utpote
3223 4131 3480 4187 distincte
3508 4148 3643 4202 qua-

2079 4232 2204 4279 tuor
2252 4223 2451 4279 litteris
2489 4233 2791 4285 exaratum,
2846 4223 2996 4278 solus
3061 4236 3308 4278 summus
3374 4223 3637 4294 pontifex,

2079 4315 2258 4370 fronte
2315 4315 2562 4386 gestabat
2600 4315 2656 4369 in
2690 4315 2890 4368 lamina
2935 4329 3099 4369 aurea
3154 4330 3273 4384 quae
3330 4314 3639 4384 appellaba-

2078 4415 2166 4461 tur
2205 4425 2219 4461 :
2259 4425 2277 4458 ‹
2337 4406 2594 4462 Caelatum
2643 4406 2902 4475 sigillum,
2945 4414 3191 4461 sanctum
3242 4405 3471 4460 Domino
3508 4406 3574 4462 “.
3614 4422 3637 4459 ι

2077 4498 2423 4555 Manifestum
2454 4507 2538 4554 est
2571 4505 2751 4552 autem
2780 4496 3021 4551 divinam
3042 4494 3380 4566 Scripturam
3411 4513 3518 4552 non
3554 4498 3637 4553 in.

421 4589 597 4643 έκειτο
644 4591 822 4661 φέρων
863 4590 955 4644 ἐπὶ
983 4590 1075 4643 τοῦ
1103 4590 1303 4662 χρυσοῦ
1337 4592 1566 4644 πετάλου
1611 4592 1668 4643 τὸ
1693 4592 1978 4663 λεγόμενον

2094 4592 2499 4647 iiscriminatim
2541 4590 2681 4644 hanc
2720 4589 2927 4660 angelis
2967 4589 3285 4644 attribuisse
3315 4589 3638 4644 denomina-

425 4697 443 4727 ι
466 4678 796 4749 Ἑκτύπωμα
827 4682 1134 4752 σφραγίδος,
1162 4680 1544 4753 ἁγιάσμα[τος]
1573 4683 1794 4753 Κυρίου.
1829 4703 1846 4735 ι
1872 4683 1982 4737 Καὶ

418 4770 501 4823 ὅτι
532 4786 595 4840 γε
621 4770 720 4824 οὐκ
757 4770 1044 4842 ἀδιάφορόν
1066 4775 1196 4825 μὲστι
1227 4777 1291 4845 τῇ
1317 4774 1435 4845 θείᾳ
1471 4774 1658 4846 Γραφῇ
1696 4777 1783 4829 ἐπ’
1819 4777 1982 4844 ἀγγέ-

416 4859 525 4914 λων
567 4861 799 4934 χρῆσθαι
842 4865 907 4933 τῇ
948 4861 1171 4936 τοιαύτῃ
1216 4865 1574 4937 προσηγορίᾳ,
1605 4866 1867 4937 πρόδηλον
1914 4867 1978 4920 ἐκ

398 4951 512 5006 ’τοῦ
542 4952 743 5025 σφόδρα
785 4955 1316 5026 παρατετηρημένως
1363 4954 1491 5007 ποτὲ
1535 4957 1633 5026 μὲν
1677 4956 1838 5009 αὐτὸν
1886 4955 1976 5009 τὸν

416 5043 602 5116 Θεὸνῆ
628 5044 720 5099 τὸν
740 5042 828 5099 διὰ
851 5044 947 5098 τοῦ
972 5046 1393 5121 τετραγράμμου
1420 5045 1742 5117 δηλούμενον
1773 5047 1975 5118 Κύριον

415 5130 594 5207 ὦφθαι
616 5154 677 5191 τε
698 5139 792 5192 καὶ
812 5138 1136 5211 κεχρηκέναι
1164 5141 1276 5201 τοῖς
1299 5138 1526 5203 δικαίοις
1565 5139 1814 5210 ἱστορεῖν,
1844 5138 1973 5191 ποτὲ

413 5224 471 5279 δὲ
519 5225 779 5295 ἀγγέλους
825 5227 1157 5299 ἀναγράφειν
1197 5227 1322 5289 τοὺς
1367 5227 1730 5299 ἑωραμένους.
1781 5227 1972 5296 Σαφῶς

411 5310 505 5372 οῦν
532 5317 562 5371 6
587 5319 656 5389 τῇ
680 5317 860 5389 Ἅγαρ
882 5317 1140 5392 ἀλωμένη
1170 5319 1456 5388 ἐπιφανεὶς
1485 5317 1714 5387 ἄγγελος
1745 5314 1810 5390 ἦν
1830 5334 1844 5347 ·
1878 5320 1971 5372 καὶ

409 5407 521 5479 γὰρ
550 5408 716 5481 ὲχρῆν
741 5410 923 5483 ἐκείνῃ
954 5408 1075 5482 μὲν,
1108 5411 1203 5464 ἆτε
1235 5410 1482 5464 πλεῖστον
1509 5412 1632 5464 ὅσον
1678 5407 1965 5463 ἀπολειπο-

411 5499 548 5575 μένῃ
573 5500 671 5554 ποῦ
720 5500 986 5572 Ἀϐραὰμ,
1035 5503 1129 5555 καὶ
1172 5502 1323 5555 οὐδέν
1358 5519 1410 5554 τι
1461 5500 1619 5555 πλέον
1671 5499 1962 5571 ἀγγελικῆς

409 5591 671 5657 ὀπτασίας
701 5592 922 5664 θεωρεῖν
961 5592 1251 5666 δυναμένῃ,
1286 5592 1614 5665 κατάλληλον
1651 5592 1747 5663 τὴν
1795 5594 1964 5647 6m—

418 5706 1064 5783 ,A"_Qen.xv_ttt,39-25.
1156 5714 1207 5783 ff
1227 5714 1360 5771 ibid.
1378 5714 1464 5770 53.
1558 5712 1956 5781 ”Gen‘.xrx,l.
2036 5703 2472 5783 ‘°Gen.n'ttt,5'.

410 5776 499 5844 18,
517 5778 604 5836 '19.
695 5776 918 5837 "Exod.
940 5796 1129 5854 nvm,
1146 5778 1234 5843 38.

2078 4683 2300 4745 tionem,
2326 4682 2628 4752 praesertim
2658 4694 2782 4734 cum
2818 4680 3230 4735 accuratissime
3262 4694 3407 4734 nunc
3456 4682 3633 4751 ipsum

2076 4773 2272 4837 Deum,
2305 4773 2388 4827 vel
2433 4780 2878 4841 tetragrammato
2908 4770 3315 4826 denominatum
3348 4770 3631 4825 Dominum

2077 4864 2396 4935 apparuisse
2416 4873 2471 4918 et
2493 4878 2617 4917 cum
2635 4862 2804 4933 justis
2826 4869 3210 4917 conversatum
3239 4859 3409 4915 fuisse
3440 4861 3622 4914 memi-

2074 4957 2238 5020 nerit,
2271 4970 2416 5010 nunc
2441 4970 2572 5010 vero
2614 4957 2839 5025 angelos
2891 4954 3039 5009 visos
3093 4952 3282 5006 fuisse.
3346 4949 3629 5006 Manifesta

2072 5046 2240 5117 igitur
2268 5045 2493 5116 angelus
2524 5053 2661 5108 erat,
2702 5046 2797 5116 qui
2831 5046 2976 5115 Agar
3003 5042 3209 5098 erranti
3258 5041 3429 5097 visus.
3465 5039 3628 5097 Dece-

2070 5138 2165 5194 bat
2191 5138 2337 5192 enim
2368 5137 2497 5191 huic
2519 5135 2760 5207 quidem,
2791 5142 2953 5207 prout
2984 5135 3053 5189 ab
3072 5132 3383 5202 Ahrahamo
3411 5133 3628 5203 penitus

2067 5225 2358 5290 derelictae,
2393 5240 2495 5279 nec
2523 5224 2797 5295 quidpiam
2837 5223 3083 5293 angelica
3108 5222 3318 5277 visione
3336 5223 3512 5291 majus
3542 5224 3626 5278 in-

2066 5318 2206 5374 tueri
2233 5318 2456 5381 valenti,
2496 5318 2711 5375 obviam
2741 5316 2856 5372 fieri
2887 5331 2986 5387 per
3024 5323 3341 5386 praesentem
3376 5315 3625 5384 angelum

2065 5410 2353 5475 visionem,
2385 5408 2513 5464 dum
2553 5408 2864 5463 Abrahamo
2894 5406 3118 5470 clarior,
3151 5404 3246 5459 Dei
3290 5404 3499 5460 scilicet
3542 5404 3623 5475 ip-

2067 5502 2203 5565 sius,
2253 5501 2622 5558 manifestatio
2674 5499 2850 5554 lieret.
2899 5495 3111 5567 Quippe
3160 5504 3355 5551 caetera
3399 5495 3519 5565 ipsa
3553 5493 3621 5548 ad

2067 5607 2192 5648 eum
2213 5591 2308 5648 Dei
2337 5594 2500 5650 verba
2528 5605 2720 5664 parum
2750 5603 2990 5660 congrua
3008 5595 3215 5652 essent,
3246 5588 3293 5643 si
3323 5588 3448 5658 quis
3467 5602 3531 5643 ea
3553 5588 3620 5641 ad

2550 5707 2850 5766 "ihid.25.
2926 5705 3192 5766 “ibidJ.
3270 5702 3618 5761 “Gemxrx.
