4106 6428
483 385 617 442 1051

1183 381 1448 436 EUSEBII
1484 379 1952 437 CESARIENSIS
1988 378 2137 434 OPP.
2179 377 2357 432 PARS
2393 378 2482 433 Ill.
2522 408 2590 421 -—
2629 375 3036 433 EXEGETICA.

3564 381 3702 438 1032

482 507 706 573 angelos
735 501 938 558 referre
984 507 1304 567 conaretur;
1354 502 1516 556 unius
1567 500 1712 555 enim
1767 498 1862 554 Dei
1920 507 2037 553 erat

2143 498 2261 552 σίαν
2291 496 2539 566 γενέσθαι
2568 496 2654 550 διὰ
2676 497 2774 567 τῆς
2807 496 2900 548 τοῦ
2931 495 3160 564 ἀγγέλου
3185 494 3505 568 παρουσίας,
3536 495 3615 565 τῷ
3647 497 3702 549 δὲ

484 597 604 652 haec
649 595 849 659 dicere,
884 591 1090 648 scilicet
1129 609 1142 644 :
1191 608 1209 640 ι
1254 589 1470 644 Faciam
1503 598 1555 644 te
1599 591 1653 643 in
1687 600 1898 659 gentem
1926 602 2041 642 ma-

483 701 667 759 gnam,
717 693 772 738 et
812 682 1129 738 benedicam
1171 681 1268 734 tibi
1289 682 1356 746 ”,
1398 701 1416 734 ι
1463 688 1517 735 et
1546 682 1861 750 sequentia;
1902 681 2043 735 haec.

484 797 591 851 que
617 775 918 847 praesertim
943 793 956 826 :
987 793 1006 825 ι
1046 774 1157 844 Ego
1185 772 1448 828 Dominus
1470 773 1563 842 qui
1586 771 1746 828 eduxi
1772 779 1824 826 te
1843 788 1872 826 e
1895 779 2040 826 terra

484 866 861 922 Chaldaeorum
903 865 978 931 ²⁶;
1033 881 1052 914 ι
1082 871 1138 917 et
1166 863 1257 917 illa
1308 881 1322 918 :
1365 881 1384 915 ι
1423 862 1536 934 Ego
1567 878 1686 918 sum
1722 860 1863 917 Deus
1893 871 2040 923 tuus,

497 958 716 1014 ambula
753 971 936 1012 coram
979 971 1064 1010 me
1117 956 1194 1022 ²⁷;
1259 974 1278 1006 ι
1332 961 1386 1010 et
1413 956 1643 1024 reliqua.
1680 953 1871 1008 Nullus
1898 954 2042 1008 enim

386 1034 389 1036 ’
486 1060 596 1106 tam
626 1049 780 1104 rudis
805 1046 1004 1118 ingenii
1045 1054 1212 1110 esset,
1245 1046 1338 1115 qui
1383 1046 1496 1100 haec
1538 1045 1604 1099 ab
1657 1045 1850 1116 angelo
1900 1045 2044 1097 dicta

483 1143 778 1198 existimet.
830 1141 966 1196 Cum
1015 1139 1181 1210 igitur
1226 1138 1537 1192 Abrahamo
1598 1136 1702 1191 sub
1733 1136 1925 1191 arbore
1958 1151 2044 1190 se-

482 1234 630 1291 denti
661 1243 771 1290 tres
795 1234 895 1289 viri
918 1240 1311 1304 apparuerunt,
1337 1232 1428 1285 uni
1454 1229 1832 1285 tantummodo
1854 1244 2042 1283 eorum

482 1330 654 1383 dixit:
682 1347 701 1377 ι
732 1328 980 1391 Domine,
1011 1327 1056 1380 si
1090 1323 1271 1379 inveni
1301 1323 1530 1394 gratiam
1551 1323 1607 1376 in
1623 1323 1796 1376 oculis
1820 1323 1925 1375 tuis
1941 1322 2036 1370 η.»

486 1421 551 1475 Et
581 1429 902 1476 caeterorum
954 1417 1138 1474 nullus
1189 1432 1311 1470 cum
1367 1416 1677 1470 Abrahamo
1740 1414 2042 1468 collocutus

483 1513 780 1578 inducitur,
804 1510 1068 1579 siquidem
1100 1524 1206 1564 non
1232 1507 1476 1572 decebat,
1524 1505 1754 1560 famulos
1773 1505 2042 1575 appellare

478 1605 750 1668 dominos,
770 1602 868 1659 sed
897 1603 988 1656 ille
1022 1602 1173 1656 solus
1198 1599 1460 1654 Dominus
1492 1605 1737 1661 vocatur,
1763 1597 1852 1666 qui
1879 1597 2041 1650 etiam

479 1697 610 1751 dicit
662 1711 675 1747 :
734 1713 754 1746 ‹
811 1693 950 1747 Num
1008 1692 1407 1761 celare'potero
1457 1688 1825 1744 Abrahamum
1874 1687 2040 1743 lilium

478 1805 660 1845 meum
683 1789 726 1820 "
775 1806 794 1840 ι
849 1797 901 1842 ει
941 1794 1151 1840 caetera.
1189 1783 1391 1838 Deinde
1416 1785 1517 1839 viri
1547 1782 1832 1839 Dominum
1873 1783 2044 1838 comi-

477 1979 740 2025 venerunt
780 1970 834 2022 in
861 1969 1046 2022 urbem
1078 1967 1390 2033 Sodomam,
1411 1975 1464 2021 et
1496 1967 1754 2022 Dominus
1784 1983 1894 2021 non
1929 1966 2040 2036 jam

478 2077 601 2115 cum
652 2061 718 2114 iis
760 2073 998 2130 praesens
1042 2066 1176 2113 erat.
1213 2057 1353 2129 (Quo
1401 2059 1544 2112 enim
1589 2057 1751 2112 mode
1781 2056 1894 2112 ﬁeri
1950 2070 2044 2126 po-

478 2156 672 2209 tuisset
712 2163 1052 2208 mansuetum
1122 2151 1638 2221 misericordemque
1699 2150 1864 2206 Deum
1899 2149 2041 2219 apud

478 2247 673 2318 impios
715 2247 1100 2314 commorari?)
1146 2244 1245 2300 Hic
1284 2261 1412 2300 vero
1453 2246 1507 2299 in
1538 2245 1952 2299 conversatione
1979 2258 2042 2297 ac

475 2341 746 2410 colloquio
775 2337 1012 2409 religiosi
1038 2338 1276 2408 justique
1305 2337 1407 2392 viri
1436 2352 1780 2407 permanens,
1814 2337 2042 2405 ejusque

473 2428 868 2484 Consuetudine
884 2427 1100 2498 gaudet,
1123 2443 1184 2480 ac
1201 2428 1430 2497 benigne
1454 2426 1572 2496 ejus
1596 2426 2042 2480 humanissimam

474 2519 920 2588 supplicationem
980 2518 1198 2587 accipit,
1231 2517 1287 2570 in
1319 2532 1425 2587 qua
1465 2532 1587 2570 cum
1625 2535 1643 2566 ι
1677 2515 1778 2582 Qui
1827 2516 2043 2584 judicas

473 2624 686 2664 omnem
705 2618 925 2673 terram,
946 2621 1288 2679 nequaquam
1316 2608 1481 2663 facies
1507 2608 1770 2679 judicium
1795 2611 1898 2665 hoc
1927 2609 1991 2674 ’9,
2019 2628 2038 2660 ι

473 2698 814 2753 Abrahamus
847 2697 1072 2762 diceret,
1119 2698 1525 2754 evidentissime
1553 2700 2041 2771 ostenditseipsum

474 2787 694 2857 pulchre
721 2804 882 2844 nosse
908 2789 1052 2858 quod
1088 2804 1188 2844 nec
1220 2792 1432 2860 angelo,
1457 2806 1557 2846 nec
1590 2792 1754 2846 alicui
1787 2793 2044 2862 subjectae

471 2879 668 2934 divinae
695 2882 970 2950 potestati,
1002 2880 1096 2935 sed
1127 2881 1230 2950 ipsi
1265 2881 1372 2936 Deo
1404 2883 1744 2952 loquebatur.
1777 2884 2041 2939 Caeterum

469 2973 619 3029 brevi
650 2989 884 3043 sequens
922 2989 1107 3029 rerum
1147 2975 1387 3028 narratio
1424 2976 1711 3046 perspicue
1738 2977 1957 3047 angelos
1988 2978 2042 3031 in

472 3062 766 3119 Sodomam
813 3065 1221 3134 proﬁciscentes
1261 3066 1634 3133 demonstrat,
1696 3069 2034 3138 subjiciens:

477 3177 496 3210 ι
533 3156 812 3213 Venerunt
841 3159 952 3213 duo
993 3159 1166 3229 angeli
1208 3160 1262 3214 in
1305 3158 1599 3214 Sodomam
1653 3177 1878 3232 vespere
1907 3164 1969 3218 ".
2016 3183 2033 3215 ι

2153 589 2399 660 Ἀϐραὰμ
2437 588 2524 642 διά
2567 590 2665 658 τῆς
2701 589 2942 659 μείζονος
2987 587 3148 640 αὑτοῦ
3196 587 3289 640 τοῦ
3323 586 3462 641 Θεοῦ
3509 588 3704 657 ἐπιφα-

2141 679 2305 744 νείας.
2358 680 2468 733 Kal
2515 681 2564 732 οί
2602 680 2777 736 λοιποὶ
2820 679 2877 731 δὲ
2911 679 3062 733 αὐτοὶ
3089 679 3195 733 τῶν
3229 679 3364 750 πρὸς
3408 679 3569 732 αὑτὸν
3603 679 3696 732 τοῦ

2140 772 2275 826 Θεοῦ
2316 773 2485 840 λόγων
2535 771 2633 824 οὐκ
2675 768 2741 824 ἂν
2773 771 2868 842 μὲν
2907 771 3214 842 ἀρμόσειεν,
3247 773 3294 823 εί
3325 770 3416 823 ἐπὶ
3440 770 3702 839 ἀγγέλους

2140 881 2222 928 τις
2244 865 2437 926 αὐτοὺς
2465 861 2684 931 ἀνάγειν
2712 862 2967 933 πειρῷτο,
3003 862 3146 934 μόνῳ
3177 863 3233 915 δὲ
3267 861 3384 932 Θεῷ
3413 862 3612 932 πρέποι
3637 861 3703 915 ἂν

2143 957 2336 1020 αὐτοὺς
2374 955 2572 1024 λέγειν,
2619 949 2729 1008 οἷον
2764 955 2845 1020 τὸ,
2887 974 2905 1006 ι
2941 955 3051 1008 Kal
3099 955 3308 1026 ποιήσω
3351 971 3408 1006 σε
3441 955 3520 1017 είς
3555 953 3704 1015 ἔθνος

2144 1049 2304 1119 μέγα,
2327 1049 2420 1101 καὶ
2447 1047 2721 1119 εὐλογήσω
2746 1065 2824 1112 σε,
2851 1067 2868 1099 ι
2886 1048 2977 1100 καὶ
2999 1047 3068 1100 τά
3091 1047 3298 1109 τούτοις
3326 1045 3698 1117 παραπλήσια·

2143 1142 2374 1213 μάλιστα
2404 1141 2462 1194 δὲ
2489 1141 2570 1204 τὸ,
2608 1160 2626 1193 ι
2678 1141 2818 1208 Ἐγὼ
2843 1140 3046 1212 Κύριος
3075 1141 3102 1191 ὁ
3127 1137 3404 1207 ἐξαγαγών
3434 1155 3492 1190 σε
3519 1140 3583 1190 ἐκ
3607 1136 3704 1207 χὼ-

2142 1249 2242 1303 ρας
2274 1231 2550 1285 Χαλδαίων
2569 1248 2584 1262 ·
2624 1252 2644 1285 ι
2690 1233 2785 1285 καὶ
2808 1231 2890 1295 τὸ,
2927 1251 2945 1284 ι
2981 1229 3119 1298 Ἐγώ
3144 1233 3257 1302 εἰμι
3283 1231 3312 1282 ὁ
3338 1230 3488 1293 Θεὸς,
3513 1228 3704 1300 εὐαρέ-

2142 1339 2255 1375 στει
2284 1323 2523 1376 ἐναντίον
2551 1322 2706 1394 ἐμοῦ,
2745 1342 2764 1374 ι
2813 1324 2906 1376 καὶ
2933 1323 3001 1376 τά
3039 1321 3165 1392 ἑξῆς
3189 1339 3201 1351 ·
3233 1321 3324 1374 καὶ
3354 1321 3527 1384 οὐδεὶς
3564 1319 3704 1373 οὕτω

2139 1413 2331 1481 γένοιτ’
2379 1413 2444 1467 ἀν
2493 1417 2611 1468 ποτ’
2665 1415 2868 1485 ἠλίθιος
2905 1414 2980 1478 ὡς
3021 1413 3248 1482 ἄγγελον
3279 1412 3418 1466 αὑτά
3462 1412 3703 1465 ὑπονοεῖν

2144 1504 2444 1575 εἰρηκέναι.
2477 1505 2588 1558 Kal
2627 1506 2717 1558 ὅτε
2759 1505 2888 1573 γοῦν
2936 1505 3072 1576 πρὸς
3103 1507 3168 1575 τῇ
3197 1503 3316 1575 δρυῒ
3357 1501 3704 1575 καθεζομένῳ

2140 1595 2217 1666 τῷ
2259 1597 2508 1670 Ἀϐραὰμ
2553 1601 2604 1652 οἱ
2649 1601 2799 1670 τρεῖς
2843 1599 3034 1669 ἄνδρες
3080 1597 3404 1667 ἐπέστησαν,
3457 1597 3702 1668 πρόσεισι

2144 1688 2242 1758 μὲν
2273 1690 2454 1753 αὐτοῖς
2477 1692 2505 1743 ὁ
2542 1690 2810 1760 Ἀϐραὰμ,
2860 1689 2974 1743 ἀλλ’
3026 1689 3085 1742 οὐ
3141 1691 3251 1752 τοῖς
3298 1687 3495 1759 τρισὶν,
3530 1689 3610 1740 ἑνὶ
3647 1688 3702 1741 δὲ

2146 1779 2305 1850 μόνον
2349 1780 2428 1842 τὸ,
2470 1800 2488 1830 ‹
2537 1781 2729 1852 Κύριε,
2759 1781 2807 1832 εί
2852 1764 3008 1852 εὗρον
3055 1780 3209 1850 χάριν
3252 1779 3490 1831 ἐναντίον
3522 1795 3634 1832 σου.
3678 1798 3696 1831 ι

2143 1961 2371 2030 ὁμιλῶν·
2401 1963 2523 2014 ἐπεὶ⁹
2561 1962 2695 2033 μηδὲ
2725 1962 2843 2033 ᾔρει
2875 1961 3030 2030 λόγος
3061 1961 3184 2024 τοὺς
3235 1959 3449 2022 οἰκέτας
3482 1962 3573 2012 ἐπὶ
3608 1959 3700 2014 τοῦ

2144 2051 2348 2122 Κυρίου
2392 2052 2742 2122 φθέγγεσθαι,
2781 2051 2938 2122 μόνος
2971 2051 3027 2104 δὲ
3061 2051 3090 2102 ὁ
3123 2048 3324 2118 Κύριος
3356 2049 3699 2120 χρηματίζει,

2141 2144 2200 2208 ὃς
2248 2145 2339 2198 καί
2375 2163 2555 2214 φησιν,
2594 2165 2611 2194 ‹
2652 2144 2743 2216 Μὴ
2780 2144 2970 2217 κρύψω
3019 2144 3128 2206 ἐγὼ
3172 2145 3278 2198 ἀπὸ
3319 2144 3566 2215 Ἀϐραὰμ
3609 2143 3702 2198 τοῦ

2149 2238 2336 2301 παιδός
2375 2255 2498 2308 μου,
2540 2257 2558 2289 ι
2593 2238 2684 2291 καὶ
2715 2237 2784 2289 τὰ
2813 2238 2991 2292 λοιπά.
3038 2235 3170 2291 Εἶτα
3195 2240 3244 2290 οἱ
3277 2239 3372 2309 μὲν
3413 2238 3516 2292 ἄνα
3546 2237 3702 2308 (ἅμα)

2144 2329 2220 2399 τῷ
2246 2329 2434 2400 Κυρίῳ
2469 2330 2680 2400 ἄνδρες,
2715 2330 2869 2399 δῆλον
2903 2329 2946 2382 δ’
2978 2331 3058 2382 ὅτι
3095 2333 3142 2382 οἱ
3171 2331 3409 2399 ἄγγελοι,
3441 2330 3705 2401 ἀποστρέ-

2147 2419 2365 2490 ψαντες,
2414 2420 2562 2490 μόνοι
2590 2419 2852 2490 κατῆλθον
2889 2421 2967 2482 είς
2995 2420 3222 2490 Σόδομα,
3253 2419 3346 2472 τοῦ
3389 2419 3591 2490 Κυρίου
3631 2419 3704 2490 μὴ

2149 2513 2524 2584 συμπαρόντος
2569 2514 2781 2576 αὐτοῖς·
2832 2513 2970 2582 (πῶς
3002 2513 3109 2584 γὰρ
3137 2515 3230 2566 καὶ
3269 2507 3380 2566 οἷόν
3407 2530 3465 2565 τε
3506 2509 3573 2584 ῆν
3614 2513 3706 2566 τὸν

2143 2603 2347 2674 εὐμενῆ
2382 2605 2474 2656 καὶ
2521 2603 2646 2656 ἵλεω
2677 2603 2807 2656 Θεὸν
2845 2607 2956 2666 τοῖς
3005 2603 3256 2656 ἀσεϐέσιν
3291 2603 3631 2674 ἐνεπιδημεῖν
3654 2605 3702 2673 ;)

2141 2696 2169 2748 6
2194 2695 2250 2748 δὲ
2276 2696 2548 2765 ἐπιμένων
2576 2699 2644 2766 τῇ
2675 2695 2810 2767 πρὸς
2836 2695 2926 2747 τὸν
2961 2695 3181 2766 θεοφιλῆ
3216 2696 3308 2749 καὶ
3344 2695 3548 2749 δίκαιον
3582 2712 3704 2749 συν-

2141 2787 2299 2860 ουσίᾳ
2329 2805 2388 2840 τε
2425 2789 2518 2842 καὶ
2545 2788 2816 2859 διατριϐῇ,
2847 2788 3024 2860 χαίρει
3065 2788 3166 2858 μὲν
3197 2787 3360 2841 αὑτοῦ
3402 2791 3469 2860 τῇ
3500 2787 3701 2861 ὁμιλίᾳ,

2142 2877 2569 2950 ὑπερασπίζεται
2612 2880 2668 2933 δὲ
2703 2880 2795 2934 καὶ
2838 2879 2935 2950 τὴν
2976 2880 3488 2954 φιλανθρωποτάτην
3521 2879 3702 2952 εὐχὴν,

2143 2968 2205 3038 (f.
2239 2971 2292 3040 6)
2329 2973 2387 3024 ὲν
2505 2973 2685 3026 καὶτὸ
2729 2991 2747 3023 ι
2783 2971 3054 3044 Μηδαμῶς
3085 2975 3113 3026 ὁ
3153 2975 3353 3046 κρίνων
3391 2977 3568 3029 πᾶσαν
3609 2976 3705 3045 τὴν

2140 3062 2262 3132 γῆν,
2303 3082 2320 3113 ι
2357 3062 2594 3134 εἰρηκὼς
2624 3065 2651 3116 ὁ
2691 3063 2940 3136 Ἀϐραὰμ
2981 3065 3350 3136 ἐναργέστατα
3384 3068 3704 3136 παρίστησιν

2139 3155 2327 3208 ἑαυτὸν
2354 3151 2412 3208 εὖ
2444 3157 2533 3209 καὶ
2565 3156 2804 3227 ἀκριϐῶς
2836 3157 3049 3221 εἰδέναι,
3080 3159 3159 3210 ὃτι
3205 3158 3288 3230 μὴ
3310 3158 3542 3229 ἀγγέλῳ,
3581 3158 3699 3228 μηδ’

472 3248 676 3304 Deinde
715 3264 889 3319 neque
939 3249 1246 3313 Dominum,
1292 3248 1480 3321 neque'
1515 3251 1680 3306 Deum
1728 3253 1830 3309 Lot
1857 3256 2034 3310 visum

2141 3245 2512 3318 ὑποϐεϐηκυίᾳ
2565 3248 2682 3319 θεία
2731 3248 2977 3320 δυνάμει,
3032 3249 3142 3302 ἀλλ’
3185 3251 3332 3320 αὐτῷ
3366 3251 3483 3320 Θεῷ
3527 3251 3701 3304 διαλέ-

471 3345 568 3391 aut
625 3339 863 3394 locutum
910 3339 1100 3404 fuisse,
1145 3341 1240 3395 sed
1299 3343 1519 3412 angelos
1564 3345 1774 3400 scribit.
1823 3345 1899 3399 Ex
1950 3348 2034 3404 his

2140 3357 2307 3409 γοιτο.
2333 3337 2447 3392 Εἶθ’
2471 3339 2596 3411 ἑξῆς
2631 3340 2873 3411 ἀκριϐῶς
2896 3341 2962 3394 τά
2985 3342 3282 3413 πράγματα
3310 3343 3528 3414 διαιρῶν
3556 3344 3706 3396 ὁιλό-

471 3426 640 3496 igitur
695 3428 954 3482 omnibus
1003 3435 1250 3497 apertum
1306 3438 1392 3483 est
1464 3428 1751 3484 Dominum
1807 3447 1928 3487 esse
1971 3447 2035 3486 ac.

2140 3449 2234 3501 γος
2277 3435 2401 3496 τοὺς
2435 3435 2526 3487 ἐπὶ
2577 3435 2786 3505 Σόδομα
2839 3435 3156 3499 ἀνελθόντας
3208 3435 3392 3504 σαφῶς
3442 3436 3706 3504 ἀγγέλους

470 3515 662 3581 Deum,
682 3533 789 3572 non
809 3534 938 3573 vero
965 3535 1289 3589 quemquam
1315 3523 1648 3591 angelorum,
1671 3539 1829 3592 quem
1867 3524 2034 3579 Abra-

2140 3526 2553 3598 προσαγορεύει,
2599 3527 2886 3595 ἐπιλέγων,
2929 3529 3009 3582 δτι
3053 3528 3116 3599 δὴ
3156 3547 3174 3579 ι
3209 3524 3368 3597 ἦλθον
3405 3530 3453 3581 οἱ
3486 3527 3578 3580 δύο
3610 3529 3708 3596 ἄγ-

468 3609 633 3664 hamo
661 3611 838 3665 visum
871 3611 1039 3666 fuisse
1077 3610 1360 3680 Scriptura
1391 3621 1644 3668 testatur.

2140 3619 2284 3686 γελοι
2323 3621 2402 3682 είς
2433 3620 2638 3690 Σόδομα
2682 3620 2953 3691 ἑσπέρας·
2993 3639 3011 3670 ι
3058 3620 3151 3673 καὶ
3181 3623 3237 3673 ὲν
3279 3622 3388 3684 τοῖς
3432 3620 3558 3690 ἑξῆς
3585 3617 3705 3672 οὔτε

467 3701 669 3772 Κύριον
702 3701 822 3755 οὔτε
869 3702 1000 3757 Θεὸν
1055 3705 1386 3775 ὀφθῆναιτῴ
1415 3705 1558 3766 Λὼτ,
1602 3707 1635 3777 ἦ
1682 3708 1789 3761 ’καὶ
1844 3707 2215 3779 λελαληκέναι,
2281 3711 2414 3766 ἀλλὰ
2452 3715 2577 3777 τοὺς
2618 3712 2880 3780 ἀγγέλους
2919 3713 3258 3784 ἀναγράφει·
3294 3711 3422 3765 ὥστ’
3465 3715 3528 3765 ὲκ
3571 3730 3706 3764 παν-

466 3791 556 3856 τὸς
600 3793 883 3866 πρόδηλον,
931 3796 1013 3847 ὅτι
1058 3795 1261 3870 Κύριος
1325 3793 1394 3868 ἦν
1437 3799 1531 3850 καὶ
1563 3798 1714 3864 Θεὸς,
1743 3801 1856 3852 ἀλλ’
1900 3799 1960 3854 οῦ
2026 3819 2111 3866 τις
2148 3805 2413 3874 ἀγγέλων,
2458 3807 2485 3857 6
2531 3805 2607 3876 τῷ
2642 3804 2891 3876 Ἀϐραὰμ
2941 3799 3116 3874 ὦφθαι
3172 3804 3308 3874 πρὸς
3353 3807 3450 3875 τῆς
3488 3804 3706 3876 Γραφῆς

469 3885 927 3956 μαρτυρούμενος.

536 3980 738 4035 Onines
773 3982 938 4051 igitur
953 3981 1164 4038 Veteris
1195 3998 1320 4037 cum
1346 3984 1496 4041 Novo
1526 3987 1874 4042 Testamento
1894 4003 2028 4042 con-

466 4069 710 4123 cordiam
743 4071 1018 4126 discutere
1045 4073 1308 4140 volentes,
1363 4076 1466 4131 hoc
1503 4093 1600 4146 pro
1627 4079 1780 4133 lucro
1811 4080 2030 4143 habent,

466 4160 595 4214 dum
651 4160 1024 4217 demonstrare
1079 4165 1396 4220 existimant
1441 4169 1608 4222 alium
1658 4185 1780 4225 esse
1828 4170 2032 4224 Christi

465 4248 705 4313 Patrem,
762 4268 923 4321 quem
984 4254 1369 4311 invisibilem”
1425 4261 1772 4329 evangelista:
1830 4262 2028 4331 praedi-

467 4350 615 4406 cant,
650 4344 812 4396 alium
845 4343 1011 4401 Mosis
1039 4353 1093 4400 et
1143 4350 1536 4419 prophetarum
1564 4351 1755 4416 Deum,
1809 4354 2021 4411 diverse

467 4437 668 4499 visum,
702 4452 845 4491 nunc
871 4436 1201 4503 Abrahamo,
1231 4457 1376 4495 nunc
1405 4441 1590 4497 lsaaco
1621 4445 1728 4511 (cui
1761 4452 1814 4498 et
1838 4444 2028 4500 eadem

467 4523 637 4578 ferme
662 4540 780 4594 quze
803 4525 1114 4582 Abrahamo
1137 4529 1404 4599 prazdixit)
1422 4569 1436 4594 ,
1457 4531 1703 4586 similiter
1729 4543 1783 4586 et
1802 4533 2026 4598 Jacobo,

467 4632 680 4673 necnon
758 4617 908 4674 Isaize
975 4621 1177 4676 dicenti
1233 4641 1246 4675 :

468 4699 716 4772 baoth”,
759 4730 777 4763 ι
813 4712 1134 4782 ueterisque
1173 4714 1488 4785 prophetis;
1535 4730 1636 4770 nos
1693 4732 1840 4782 vero,
1889 4720 2035 4786 (cum

467 4809 522 4856 et
550 4802 604 4856 in
636 4802 770 4873 ipsis
797 4805 1072 4860 veteribus
1102 4803 1192 4859 Dei
1209 4806 1486 4875 prophetis
1511 4807 1785 4862 inducitur
1818 4810 2035 4879 aliquod

467 4894 710 4948 divinum
740 4895 1022 4950 oraculum
1080 4911 1111 4950 e
1169 4911 1402 4966 persona
1452 4895 1546 4953 Dei
1587 4899 1774 4954 dicens
1823 4917 1835 4953 :
1888 4899 2037 4969 «Ego

467 4986 612 5039 enim
666 4985 929 5040 Dominus
985 4993 1040 5040 et
1088 5000 1198 5039 non
1247 4989 1523 5056 mutor“;
1555 5009 1572 5041 ι
1609 4998 1694 5044 et:
1741 4987 2035 5059 «Nunquid

468 5092 580 5132 non
632 5078 833 5132 caelum
881 5084 935 5131 et
989 5083 1192 5132 terram
1245 5095 1346 5151 ego
1396 5080 1616 5151 impleo,
1667 5083 1800 5138 dicit
1852 5082 2034 5136 Domi-

467 5167 702 5230 n_us"?i
743 5166 879 5222 Mosi
913 5167 1076 5223 etiam
1108 5167 1276 5224 dicit:
1333 5189 1351 5222 ι
1373 5169 1487 5225 Νοιι
1521 5173 1666 5226 enim
1711 5171 1914 5225 videbit
1946 5187 2032 5226 me

470 5262 631 5316 homo
645 5267 700 5315 et
721 5261 860 5316 vivet
874 5261 952 5327 ³⁶;
974 5260 1018 5331 ι)
1037 5260 1102 5315 ad
1119 5262 1405 5334 praedictos
1428 5263 1696 5328 homines,
1713 5263 1872 5317 simul
1889 5272 1942 5317 et
1963 5262 2030 5316 ad

467 5347 711 5412 Iudaeos,
737 5349 974 5404 nondum
1001 5351 1292 5406 secundam
1321 5362 1516 5423 praeter
1543 5353 1838 5408 increatam
1872 5363 2030 5406 natu-

471 5455 584 5494 ram
612 5441 992 5510 praeexsistere
1025 5441 1362 5498 divinitatem
1403 5443 1527 5498 Filii
1559 5443 2030 5512 comprehenden-

469 5539 570 5596 tcs,
592 5531 704 5587 haec
721 5533 971 5604 ambigua
993 5534 1446 5602 examinabimus,
1461 5549 1566 5606 qua
1585 5535 1793 5590 scilicet
1817 5535 2025 5590 ratione

543 5670 587 5702 ⁸⁵
605 5668 738 5724 Gen.
783 5689 879 5735 xtl,
913 5674 966 5725 2.
1045 5675 1235 5732 "Gen.
1275 5695 1364 5740 xv,
1398 5677 1449 5731 7.
1526 5678 1572 5710 ’⁷
1609 5676 1744 5732 Gen.
1777 5695 1910 5741 χιιι,
1949 5679 2000 5732 1.

543 5755 590 5802 ι,
649 5742 697 5792 t.
806 5741 1415 5804 "Joau.t,18:v1.
1451 5747 1538 5801 46.
1652 5748 1695 5780 ³³
1735 5748 1839 5804 lsa.
1875 5765 1926 5802 vr
1956 5788 1970 5804 .
2007 5749 2037 5804 5

2159 5679 2294 5734 Gen.
2330 5695 2493 5745 xvttl,
2528 5682 2579 5736 5.

2171 5751 2215 5781 ⁸⁸
2256 5749 2482 5804 Malach.
2522 5768 2579 5804 ιιι

1757 5763 1839 5804 53.
1875 5765 1926 5802 γι
1956 5788 1970 5813 ,
2007 5763 2058 5804 5.

469 5754 590 5802 xm,
649 5742 697 5792 1.

806 5744 847 5774 δ’
888 5741 1046 5798 Joau.
1088 5748 1286 5815 1,18;
1331 5763 1415 5813 vl,
1451 5747 1538 5801 46.

471 5824 660 5873 χχχιιι,
692 5811 779 5864 ‘20.

2209 3983 2414 4046 Πάντες
2460 3983 2557 4054 μὲν
2600 3978 2692 4036 οὖν
2734 3985 2780 4036 οἱ
2813 3980 3119 4036 διακόπτειν
3167 3982 3440 4047 ἐθέλοντες
3479 3984 3576 4056 τὴν
3607 3983 3707 4056 τῆς

2140 4076 2380 4140 Παλαιᾶς
2415 4077 2550 4147 πρὸς
2576 4075 2672 4146 τὴν
2703 4075 2906 4146 Καινὴν
2941 4075 3212 4146 Διαθήκην
3246 4076 3562 4145 σύμπνοιαν,
3597 4076 3705 4130 ὥσ-

2138 4185 2244 4238 περ
2273 4168 2483 4238 ἐρμαίῳ
2518 4169 2627 4229 τοῖς
2656 4167 2840 4228 τόποις
2879 4165 3246 4228 ἐπιϐαίνοντες
3285 4165 3468 4235 σαφῶς
3496 4168 3560 4220 ὲκ
3587 4167 3707 4221 τού-

2138 4276 2245 4312 των
2293 4258 2618 4330 παριστάναι
2659 4257 2904 4310 δοκοῦσιν
2947 4258 3128 4328 ἑτέρον
3179 4258 3443 4330 ὑπάρχειν
3484 4258 3571 4310 τὸν
3609 4259 3702 4313 τοῦ

2137 4349 2368 4421 Χριστοῦ
2395 4350 2632 4421 Πατέρα,
2660 4349 2717 4402 ὃν
2739 4349 2832 4402 καὶ
2862 4349 3089 4417 ἀόρατον
3106 4350 3209 4403 ὑπὸ
3231 4351 3328 4421 τῆς
3348 4351 3707 4425 εὐαγγελικῆς

2138 4443 2317 4512 φωνῆς
2343 4441 2736 4511 ὁμολογεῖσθαι,
2755 4440 2907 4511 παρὰ
2924 4441 3013 4492 τὸν
3035 4441 3308 4505 Μωῦσέως
3335 4443 3428 4495 καὶ
3447 4443 3552 4495 τῶν
3569 4459 3705 4514 προ-

2138 4535 2320 4606 φητῶν
2346 4534 2478 4587 Θεὸν
2507 4533 2777 4605 διαφόρως
2805 4533 3055 4602 ὀφθέντα.
3075 4536 3191 4588 τοτὲ
3211 4535 3307 4606 μὲν
3331 4535 3407 4606 τῷ
3434 4535 3703 4608 Ἀϐραὰμ.

1311 4641 1330 4672 ‹
1371 4621 1499 4677 Vidi
1581 4622 1864 4679 Dominum
1930 4624 2030 4680 Sa-

2140 4625 2254 4678 τοτὲ
2279 4624 2336 4676 δὲ
2364 4621 2441 4693 τῷ
2483 4624 2667 4676 Ἰσαὰκ
2701 4615 2777 4690 (ᾧ
2819 4623 2910 4676 καὶ
2942 4622 3088 4693 αὺτῷ
3126 4625 3472 4695 χρηματίζων
3503 4624 3572 4678 τὰ
3600 4643 3706 4679 πα·-

2140 4715 2409 4786 ραπλήσια
2437 4717 2546 4778 τοῖς
2563 4715 2654 4766 ἐπὶ
2678 4713 2768 4766 τοῦ
2811 4714 3059 4786 Ἀϐραὰμ
3086 4714 3480 4786 προθεσπίζει),
3505 4716 3707 4785 ὁμοίιος

2133 4806 2189 4859 δὲ
2244 4806 2339 4858 καὶ
2395 4804 2472 4875 τῷ
2519 4804 2743 4867 Ἰακὼϐ,
2782 4805 2918 4876 τάχα
2964 4807 3021 4859 δὲ
3079 4807 3170 4858 καὶ
3205 4807 3400 4878 Ἡσαΐᾳ
3449 4809 3705 4878 φήσαντι,

2140 4916 2158 4948 ι
2195 4892 2346 4951 Εἶδον
2374 4897 2464 4950 τὸν
2497 4896 2713 4968 Κύριον-
2733 4896 2980 4961 Σαϐαὼθ,
3015 4917 3033 4950 ι
3071 4900 3164 4952 καὶ
3187 4902 3296 4964 τοῖς
3327 4899 3532 4964 λοιποῖς
3569 4919 3706 4974 προ-

2135 4990 2333 5061 φήταις
2373 4989 2981 5062 παραπλησίως’-ἡμεῖς
3021 4990 3078 5044 δὲ
3109 4992 3251 5059 (ἐπεὶ
3287 4992 3380 5046 καὶ
3423 4994 3482 5045 ἐν
3523 4994 3709 5058 αὐτοῖς

2130 5085 2242 5146 τοῖς
2289 5082 2454 5135 πάλαι
2483 5081 2577 5134 τοῦ
2615 5081 2748 5134 Θεοῦ
2791 5083 3097 5152 προφήταις
3138 5083 3435 5154 ὲμφέρεταί
3470 5102 3522 5136 τι
3569 5086 3706 5140 θεῖον

2133 5174 2308 5243 λόγιον
2337 5175 2400 5226 ἐκ
2428 5173 2730 5245 προσώπου,
2763 5173 2857 5226 τοῦ
2905 5173 3038 5226 Θεοῦ
3068 5175 3306 5243 φάσκονο
3367 5194 3386 5226 ι
3422 5177 3567 5229 Διότι
3601 5175 3704 5245 ἐγὼ

2131 5263 2334 5334 Κύριος
2361 5264 2388 5315 ὁ
2411 5263 2541 5326 Θεὸς
2558 5262 2710 5334 ὑμῶν
2739 5263 2832 5315 καὶ
2862 5263 2963 5316 οὐκ
2981 5263 3306 5334 ἡλλοίωμαι.
3329 5284 3347 5316 ι
3377 5265 3522 5334 Kal;
3544 5265 3703 5334 «Οὐχὶ

2127 5353 2217 5406 τὸν
2247 5351 2470 5424 οὐρανὸν
2502 5352 2596 5405 καὶ
2624 5352 2718 5422 τὴν
2743 5351 2845 5422 γῆν
2872 5351 2980 5419 ἐγὼ
2996 5353 3215 5425 πληρῶ;
3249 5354 3394 5422 λέγει
3433 5356 3650 5426 Κύριοςο
3680 5374 3697 5404 ι

2128 5445 2221 5498 καὶ
2246 5444 2324 5515 τῷ
2349 5445 2570 5498 Μωῦσεῐ
2591 5445 2647 5498 δὲ
2669 5446 3018 5516 χρηματίζων
3047 5447 3209 5517 φησίν
3229 5463 3240 5474 ·
3267 5466 3286 5498 ι
3305 5449 3493 5511 Οὐδεὶς
3519 5442 3706 5515 ὸψετει.⁸

2131 5554 2230 5606 μου
2257 5537 2315 5590 τὸ
2343 5538 2647 5608 πρόσωπον,
2679 5539 2770 5590 καὶ
2791 5535 3032 5610 ζήσεταιο
3056 5540 3190 5611 ›)ὼς
3219 5541 3353 5612 πρὸς
3382 5543 3509 5604 τοὺς
3527 5553 3712 5610 προει-

2658 5681 2702 5711 ²⁹
2740 5681 2868 5736 ibid.
2910 5681 2998 5734 17.
3075 5683 3120 5713 ²⁰
3161 5682 3269 5736 ibid
3325 5683 3414 5738 25.
3492 5682 3534 5714 ³⁸
3566 5679 3706 5737 Gen.

2171 5751 2215 5781 "
2256 5749 2482 5806 Malach.
2522 5768 2614 5814 ιιι,
2653 5749 2703 5803 6.
2809 5753 2852 5782 ³⁸
2893 5749 3003 5806 Jer.
3042 5769 3176 5806 xxnt
3203 5792 3217 5817 ,
3251 5751 3340 5806 25.
3447 5752 3492 5784 ³⁸
3533 5751 3704 5807 Exod.
