4106 6428
416 339 556 395 1055

1441 333 1737 388 ECLOGA;
1773 331 2250 388 PROPHETICIE.
2287 361 2356 371 -
2391 331 2522 386 LIB.
2559 334 2604 387 l.

3529 336 3669 393 ιοδι

416 452 684 524 ρημένους
715 451 850 522 ὁμοῦ
878 453 971 506 καὶ
1001 454 1123 513 τοὺς
1150 451 1213 502 ὲκ
1243 452 1565 522 περιτομῆς,
1585 452 1664 503 ἔτι
1692 469 1751 504 τε
1777 454 1902 516 τοὺς
1922 453 1994 523 μὴ

2102 450 2199 518 qui
2246 449 2544 504 secundum
2587 449 2707 503 illas
2754 450 3071 521 prophetias
3115 451 3472 506 immutabilis
3491 461 3545 507 et
3587 455 3671 507 in-

417 545 806 617 προσιεμένους
817 544 968 597 δευτέ
976 561 1072 616 ραν
1092 542 1228 614 μετὰ
1236 543 1333 613 τὴν
1349 543 1608 613 ἀγένητον
1619 543 1778 612 φύσιν
1795 551 1996 617 προῡπο

418 638 604 717 ἄρχειν
633 637 861 708 ϐεὸτητα
885 637 976 688 τοῦ
1015 635 1165 696 Υίοῦ,
1198 635 1367 688 ταῦτα
1403 638 1844 708 ὲπαπορήσομεν,
1879 640 1993 702 πῶς

414 733 445 783 ὁ
492 737 585 783 και
627 727 834 801 (κατὰ)
882 726 1085 789 ταύτας
1116 725 1215 789 τὰς
1242 727 1578 797 προφητείας
1618 727 1991 791 ἀναλλοίωτος,

416 832 513 875 και
544 822 831 890 ἀτρεπτος,
855 821 949 872 καὶ
980 817 1143 871 πάλιν
1173 818 1264 871 τὸν
1285 819 1510 890 οὐρανὸν
1533 821 1625 873 καὶ
1653 820 1752 890 τὴν
1779 824 1880 891 γῆν
1911 821 1995 873 λέ-

416 932 527 988 γῳν
545 912 780 983 πληροῦν
815 912 975 982 μόνος
1002 910 1153 977 Θεὸς,
1170 910 1354 980 σαφῶς
1376 928 1437 964 τε
1458 912 1553 964 καὶ
1578 916 1699 965 κατ’
1729 914 1888 968 αὑτὸν
1904 915 1995 967 τὸν

417 1007 580 1077 νόμον
606 1004 790 1075 σχεδὸν
804 1004 1032 1075 ἀόρατος
1055 1000 1193 1058 εῖναι
1218 1004 1565 1077 δηλούμενος,
1590 1006 1729 1059 κατά
1749 1007 1832 1059 τό·
1852 1027 1869 1058 ι
1892 1010 1995 1061 Οὑ-

416 1097 529 1159 δεὶς
548 1096 736 1166 ὄψεταί
761 1112 861 1165 μου
898 1094 959 1147 τὸ
992 1095 1283 1165 πρόσωπον
1321 1096 1414 1149 καὶ
1443 1095 1720 1168 ζήσεται,ι
1755 1098 1996 1152 ἀλλοιού-

422 1206 582 1259 μενος
627 1188 806 1251 πάλιν,
852 1189 946 1241 καὶ
986 1188 1061 1252 ὡς
1093 1188 1440 1259 περιτρέπων
1466 1188 1565 1260 τὴν
1598 1190 1757 1256 αὐτὸς
1800 1192 1992 1245 ἑαυτοῦ

416 1279 603 1332 οὐσίαν
640 1269 850 1350 εἰς’(ὲν)
883 1281 1099 1350 μικροῖς
1126 1297 1235 1344 τισι
1266 1280 1475 1352 μορίοις
1498 1282 1599 1353 τῆς
1624 1281 1728 1351 γῆς
1748 1283 1993 1352 χωρητὸς

417 1371 681 1439 ἐγίγνετο,
720 1371 815 1425 καὶ
846 1373 1056 1442 έωρᾶτο
1084 1372 1205 1424 τοτὲ
1237 1372 1336 1442 μὲν
1366 1371 1445 1444 τῷ
1486 1370 1755 1445 Ἀϐραὰμ,
1785 1376 1906 1428 τοτὲ
1935 1376 1993 1429 δὲ

415 1466 530 1528 τοῖς
562 1464 740 1527 ἄλλοις
786 1465 1131 1536 προφήταις;
1164 1458 1349 1517 ’Ταυτὶ
1394 1465 1504 1536 γὰρ
1542 1467 1591 1519 εἰ
1630 1467 1724 1519 ἐπὶ
1762 1467 1851 1521 τὸν
1888 1468 1994 1521 τῶν

415 1557 553 1610 ὅλων
583 1557 903 1628 ἀναφέροιτο
922 1556 1075 1621 Θεὸν,
1113 1558 1173 1610 οὐ
1203 1558 1361 1628 μόνον
1390 1561 1456 1629 τῇ
1488 1558 1813 1630 εὐαγγελικῇ
1842 1563 1991 1631 φωνῇ

415 1649 563 1716 δόξαι
587 1649 651 1703 ἂν
680 1649 983 1717 διαφωνεῖν,
1011 1649 1148 1702 ἀλλά
1173 1651 1267 1703 καὶ
1291 1654 1413 1715 ταῖς
1444 1655 1823 1723 προφητικαῖς,
1850 1652 1994 1722 ἀχώ-

416 1760 580 1817 ρητον
613 1744 707 1797 καὶ
735 1743 1088 1798 ἀναλλοίωτον
1115 1744 1276 1798 αὑτὸν
1307 1745 1402 1798 καὶ
1423 1745 1652 1815 ἀόρατον
1687 1745 1993 1815 ἀνθρώποις

2107 541 2383 607 ﬂexibilis,
2413 543 2619 612 quique
2652 558 2845 598 rursus
2875 542 3074 597 cmlum
3110 551 3163 597 et
3212 551 3413 599 terram
3469 546 3675 602 dicitur

2106 634 2330 704 implere
2360 636 2511 689 solus
2537 633 2702 700 Deus,
2731 632 3017 690 manifeste
3059 634 3277 706 quidem
3297 646 3351 690 et
3373 638 3677 696 secundum

2103 726 2273 795 legem
2292 728 2546 781 cominus
2573 726 2863 782 invisibilis
2878 726 3309 792 demonstratur,
3332 727 3418 784 his
3447 730 3628 786 verbis
3656 748 3670 780 :

2100 815 2272 871 Nemo
2306 816 2500 872 faciem
2556 834 2730 873 meam
2774 818 2979 873 videbit
3032 826 3087 874 et
3121 817 3316 885 vivet,»
3365 835 3513 875 nunc
3538 837 3672 876 veru

2102 914 2345 961 mutatus
2406 914 2460 961 et
2526 908 2684 977 quasi
2752 907 2869 978 ipse
2911 923 3065 964 suam
3111 911 3387 964 invertens
3418 910 3675 966 substan-

2106 998 2259 1063 tiam,
2313 999 2370 1053 in
2418 999 2745 1069 quibusdam
2779 1001 2962 1072 parvis
3010 1008 3170 1056 terra:
3201 1003 3483 1073 particulis
3537 1021 3664 1060 con-

2102 1091 2265 1146 tineri
2316 1099 2552 1162 poterat,
2610 1091 2895 1162 fueratque
2939 1095 3092 1150 visus
3138 1110 3285 1149 nunc
3340 1095 3672 1160 Ahrabamo,

2082 1199 2249 1238 .nunc
2290 1184 2412 1238 aliis
2442 1184 2759 1254 prophetis?
2803 1183 2934 1251 Qum.
2960 1187 3180 1257 quidem
3215 1187 3260 1242 si
3300 1188 3424 1259 quis
3450 1189 3519 1243 ad
3552 1191 3677 1244 uni-

2101 1293 2384 1332 versorum
2417 1275 2587 1331 Deum
2605 1276 2827 1341 referat,
2856 1294 2967 1332 non
2996 1285 3206 1332 tantum
3240 1278 3516 1351 Evangelii
3552 1296 3677 1336 ver-

2101 1369 2184 1424 bis
2232 1369 2481 1424 videatur
2536 1368 2841 1433 dissonare,
2901 1368 2995 1423 sed
3042 1378 3095 1423 et
3130 1369 3540 1440 prophetarum,
3573 1370 3678 1427 im-

2110 1476 2360 1517 mensum
2414 1461 2585 1526 hunc,
2634 1471 2687 1515 et
2738 1460 3156 1526 immutabilem,
3196 1476 3293 1515 nec
3359 1461 3675 1517 hominibus

2102 1552 2460 1622 conspicuum
2527 1551 2962 1622 prmdicantiurii.
3024 1551 3081 1606 Si
3129 1567 3257 1607 vero
3307 1569 3417 1608 non
3495 1554 3674 1609 visum

2103 1643 2274 1699 fuisse
2307 1642 2433 1714 quis
2457 1643 2603 1697 dicat
2649 1644 2827 1713 ipsum
2871 1643 3037 1697 Deum
3080 1645 3149 1699 iis
3202 1645 3294 1714 qui
3336 1646 3671 1713 referuntur,

2099 1750 2303 1805 eosque
2367 1734 2746 1791 tantummodo
2813 1734 3158 1792 existimasse
3238 1753 3297 1793 se
3355 1738 3540 1794 videre
3623 1748 3678 1794 et

412 1833 881 1905 ἀποφηναμέναιςυ
918 1834 966 1885 εί
989 1835 1062 1905 μὴ
1095 1835 1202 1905 ἄρα
1238 1834 1370 1906 μηδὲ
1410 1834 1594 1904 ωφθαί
1622 1853 1706 1898 τις
1732 1837 1874 1888 εἴποι
1895 1837 1992 1888 αύ-

2099 1826 2303 1888 audire,
2354 1825 2482 1880 dum
2533 1826 2712 1896 reipsa
2763 1818 2901 1881 nihil
2960 1844 3150 1883 eorum
3186 1844 3308 1900 qua:
3335 1829 3520 1886 videre
3568 1847 3672 1900 pu-

414 1926 508 1979 τὸν
537 1925 626 1979 τὸν
657 1914 789 1979 Θεὸν
812 1927 924 1989 τοῖς
961 1926 1489 1998 ἀναγεγραμμένοις,
1532 1926 1905 1996 φαντασιῶσαι
1938 1927 1993 1979 δὲ

416 2017 612 2079 αὐτοὺς
646 2017 779 2070 αὐτὸ
813 2017 993 2086 μόνον,
1026 2016 1102 2079 ὡς
1128 2017 1305 2072 δοκεῖν
1332 2017 1432 2089 μὲν
1454 2020 1586 2090 όρᾷν
1623 2019 1718 2072 καὶ
1749 2019 1991 2083 ἀκούειν,

413 2104 476 2155 οὐ
503 2102 608 2173 μὴν
624 2104 718 2156 καὶ
744 2103 959 2175 ἀληθῶς
972 2121 1024 2157 τι
1038 2104 1147 2159 τῶν
1175 2106 1548 2177 νομιζομένων
1568 2108 1851 2177 φαίνεσθαι
1869 2108 1996 2161 θεω-

418 2197 551 2265 ρεῖν,
579 2194 701 2248 οὐδὲ
731 2194 835 2266 μὴν
879 2196 1096 2249 ἀκούειν
1127 2198 1247 2251 κατ’
1286 2197 1565 2269 ἀλήθειαν,
1602 2200 1996 2272 ἀπατωμένους

412 2286 472 2339 δὲ
506 2288 600 2339 καὶ
628 2288 685 2340 ὲν
713 2288 923 2351 τούτοις
945 2288 1185 2360 νομίζειν
1208 2331 1223 2356 ,
1251 2289 1343 2343 κα)⁸
1370 2290 1546 2343 δοκεῖν
1570 2290 1787 2345 ἀκούειν
1806 2333 1820 2356 ,
1857 2293 1995 2364 ὅπερ

413 2377 678 2430 ἀνοίκειόν
693 2396 751 2431 τε
774 2380 867 2433 καὶ
893 2379 1170 2450 ἀλλότριον
1191 2382 1424 2453 ὑπάρχει
1448 2385 1547 2452 τῆς
1569 2382 1630 2452 (f.
1658 2384 1710 2451 7)
1733 2383 1996 2452 ἀψευδοῦς

415 2464 509 2518 καὶ
538 2465 813 2531 ἀπλανοῦς
843 2466 938 2520 τοῦ
961 2468 1069 2522 τῶν
1094 2470 1231 2524 ὅλων
1259 2470 1394 2524 Θεοῦ
1432 2472 1647 2541 φύσεως
1667 2491 1679 2502 ·
1713 2474 1794 2527 ἑτι
1821 2475 1878 2528 δὲ
1902 2477 1997 2529 καὶ

414 2556 716 2612 ἀσύστατον
741 2559 800 2612 ὃν
827 2560 1099 2615 δείκνυται
1131 2564 1194 2615 ἐκ
1224 2562 1317 2616 τοῦ
1344 2564 1521 2633 λέγειν
1542 2567 1869 2638 ἱστορεῖσθαι
1896 2571 1995 2623 αύ-

413 2649 507 2704 τὸν
531 2652 622 2705 τὸν
653 2654 783 2708 Θεὸν
824 2655 952 2727 περὶ
992 2655 1087 2708 τοῦ
1122 2655 1370 2728 Ἀϐραὰμ
1402 2658 1481 2710 τό·
1506 2677 1526 2710 ι
1561 2659 1745 2732 ᾜδειν
1779 2660 1888 2732 γὰρ
1915 2663 1996 2715 ὃτι

415 2744 668 2809 συντάξει
683 2748 795 2809 τοῖς
820 2748 955 2810 υἱοῖς
975 2747 1140 2800 αὑτοῦ
1155 2749 1246 2801 καὶ
1272 2747 1348 2819 τῷ
1369 2747 1503 2821 οῐκῳ
1522 2750 1687 2805 αὐτοῦ
1704 2753 1821 2823 μετ’
1836 2752 1996 2807 αὐτὸν

414 2833 509 2886 καὶ
524 2834 847 2903 φυλάξουσιν
859 2835 957 2899 τὰς
966 2836 1117 2899 ὀδοὺς
1132 2839 1213 2890 Κυ
1223 2837 1336 2909 ρίου
1352 2840 1523 2890 ποιεῖν
1535 2838 1879 2910 δικαιοσύνην
1904 2842 1997 2894 καὶ

412 2924 617 2993 κρίσιν,
636 2926 784 2991 ὅπως
806 2927 871 2981 ἂν
899 2928 1155 2999 ἐπαγάγῃ
1183 2929 1387 3001 Κύριος
1414 2930 1506 2982 ἐπὶ
1541 2929 1787 3003 Ἀϐραὰμ
1804 2932 1841 2987 ἃ
1870 2932 1995 2987 ἐλά-

413 3017 544 3087 λησε
601 3018 738 3088 πρὸς
772 3019 952 3074 αὐτόν.
996 3040 1015 3071 ι
1067 3021 1506 3092 Ἀναμφιλέκτως
1542 3023 1674 3092 γοῦν
1716 3024 1889 3079 ταῦτα
1921 3027 1996 3091 ὡς

416 3107 544 3179 περὶ
566 3109 751 3180 ἐτέρου
790 3111 994 3181 Κυρίου
1028 3113 1190 3177 αὐτὸς
1220 3117 1249 3168 ὁ
1282 3115 1481 3187 Κύριος
1515 3116 1849 3187 διαλέγεται’
1879 3118 1995 3184 πῶς

412 3197 507 3255 οὖν
544 3204 659 3258 ἐστι
699 3199 810 3257 οἶόν
846 3223 905 3259 τε
935 3206 1026 3259 τὸν
1056 3208 1164 3261 τῶν
1201 3209 1338 3264 ὅλων
1370 3214 1616 3266 ὑπονοεῖν
1652 3212 1784 3268 Θεὸν
1821 3213 1990 3269 ταῦτα

413 3293 715 3362 είρηκέναι;
749 3295 885 3370 Περὶ
918 3297 1072 3351 ποίου
1095 3298 1201 3371 γὰρ
1234 3302 1421 3374 ἑτέρου
1456 3304 1586 3375 παρ’
1609 3305 1771 3358 αὐτὸν
1789 3306 1994 3377 Κυρίου

412 3385 634 3440 δύναται
666 3387 916 3455 λέγεσθαι
956 3390 1025 3443 τὰ
1057 3393 1383 3464 ὲγκείμενα;
1432 3396 1593 3449 Ἀλλά
1616 3398 1726 3470 γὰρ
1752 3399 1899 3469 σαφῆ
1932 3401 1996 3452 ἐκ

417 3479 620 3533 τούτων
651 3480 731 3533 ὅτι
767 3481 901 3551 μηδὲ
934 3482 1011 3552 τῷ
1046 3483 1153 3537 τῶν
1193 3485 1329 3538 ὅλων
1358 3486 1479 3557 Θεῷ
1523 3491 1820 3560 προσήκειν
1852 3489 1996 3543 ἔοικε

417 3567 486 3620 τὰ
516 3568 837 3640 δηλούμενα·
870 3572 1134 3626 δέδεικται
1150 3573 1205 3626 δὲ
1240 3575 1321 3627 ὅτι
1347 3575 1481 3646 μηδὲ
1512 3579 1577 3648 τῇ
1607 3576 1718 3630 τῶν
1749 3579 1996 3648 ἀγγέλων

419 3658 595 3727 φύσει·
632 3655 739 3714 οἶδε
785 3662 936 3730 γοῦν,
972 3663 1046 3727 ὡς
1079 3663 1235 3734 ἔφην,
1272 3669 1300 3719 ό
1332 3666 1488 3736 λόγος
1510 3668 1872 3738 ἐπαληθεύειν
1902 3673 1995 3725 ἐπὶ

416 3757 481 3826 τῇ
518 3755 627 3811 τῶν
663 3756 910 3825 ἀγγέλων
940 3758 1250 3831 ἐπιφανείᾳ,
1289 3760 1475 3828 σαφῶς
1504 3763 1996 3835 ὲπισημαινόμενος

413 3846 513 3910 τὰς
536 3847 602 3901 δι’
635 3847 812 3901 αὐτῶν
837 3850 1121 3914 ὀπτασίας.
1153 3852 1215 3904 El
1243 3850 1306 3922 δὴ
1331 3848 1425 3906 οὖν
1447 3855 1572 3925 μήτ’
1602 3855 1867 3927 ἀγγελικῇ
1898 3860 1996 3927 φύ-

417 3952 499 3988 σει
536 3937 671 4008 μήτε
692 3940 757 4008 τῇ
788 3938 1050 3991 ἀνωτάτω
1069 3941 1162 3992 καὶ
1191 3940 1439 4014 ἀγενήτῳ
1464 3942 1558 3997 τοῦ
1579 3944 1686 3997 τῶν
1708 3945 1842 3999 ὅλων
1858 3946 1994 4000 Θεοῦ

414 4024 586 4079 ταῦτα
620 4026 794 4080 ἔοικεν
824 4028 1136 4099 ἁρμόττειν,
1160 4029 1384 4084 λείποιτ’
1409 4031 1474 4086 ἂν
1505 4034 1710 4087 τούτων
1735 4037 1834 4106 μία
1858 4038 1992 4109 μόνη

415 4116 587 4183 λύσις,
615 4120 664 4171 εί
698 4119 759 4172 τὸ
792 4119 891 4190 μὲν
923 4117 1278 4174 ἀναλλοίωτον
1299 4123 1393 4176 καὶ
1413 4123 1680 4194 ἄτρεπτον
1712 4126 1806 4179 καὶ
1832 4128 1995 4198 ἀόρα-

412 4228 507 4266 τον
535 4211 628 4265 ἐπὶ
653 4211 750 4284 τὴν
782 4211 1042 4283 ἀγένητον
1067 4212 1519 4286 διαφυλάττοιμεν
1558 4218 1768 4282 οὐσίαν,
1798 4221 1920 4285 τοὺς
1950 4222 1994 4273 δ’

415 4294 937 4375 ἀναγεγραμμένους
969 4305 1044 4367 ὼς
1066 4306 1131 4358 ὲκ
1158 4304 1293 4359 Θεοῦ
1327 4311 1746 4381 χρηματισμοὺς
1782 4312 1876 4365 ἐπὶ
1904 4314 1995 4367 τὸν

418 4396 509 4449 τοῦ
550 4396 684 4451 Θεοῦ
717 4398 886 4467 Λόγον
920 4397 1455 4470 μεταλαμϐάνοιμεν,
1487 4401 1548 4455 ὃν
1591 4403 1864 4475 διαφόρως
1902 4408 1995 4460 καὶ

2100 1917 2310 1981 tabant,
2356 1931 2484 1972 vere
2532 1917 2866 1987 aspicerent,
2897 1918 3035 1972 nihil
3078 1934 3206 1974 vere
3248 1922 3523 1987 audirent,
3575 1924 3676 1975 fal—

2098 2022 2159 2062 sa
2217 2007 2476 2078 opinione
2545 2007 2827 2080 deceptos,
2887 2008 3017 2064 dum
3076 2012 3267 2067 audire
3328 2013 3671 2080 viderentur.

2103 2099 2236 2170 quid
2280 2099 2669 2157 abborrentius
2711 2102 2997 2173 magisque
3040 2104 3276 2159 alienum
3308 2105 3378 2160 ab
3426 2107 3672 2161 omnium

2097 2189 2194 2246 Dei
2215 2201 2434 2258 natura,
2456 2193 2727 2249 mendacii
2750 2208 2815 2248 ac
2842 2195 3050 2250 erroris
3073 2195 3366 2250 admodum
3398 2197 3629 2252 immuni
3652 2199 3675 2253 ἓ

2096 2279 2213 2336 Hoc
2241 2282 2408 2337 etiam
2438 2299 2504 2340 eo
2536 2285 2836 2341 absurdum
2884 2288 3315 2352 demonstratur,
3350 2289 3498 2359 quod
3532 2291 3672 2360 legi-

2096 2389 2221 2429 mus
2261 2374 2327 2429 de
2348 2375 2659 2432 Abrahamo
2700 2377 2871 2433 Deum
2920 2381 3095 2449 ipsum
3135 2380 3394 2436 dicere“
3421 2379 3671 2437 Sciebam

2096 2466 2241 2521 enim
2273 2468 2418 2537 quod
2443 2480 2818 2540 praecepturus
2844 2470 2918 2527 sit
2942 2472 3073 2526 filiis
3105 2473 3221 2527 suis
3251 2480 3306 2527 et
3347 2472 3536 2528 domui
3560 2490 3673 2530 suae

2098 2564 2222 2625 post
2249 2573 2309 2613 se
2339 2567 2399 2612 ut
2427 2559 2743 2615 custodiant
2787 2563 2930 2614 viam
2982 2560 3198 2616 Domini
3253 2569 3308 2617 et
3339 2560 3544 2617 faciant
3578 2563 3668 2633 iu-

2099 2648 2303 2703 dicium
2334 2656 2390 2704 et
2413 2648 2690 2719 justitiam
2719 2668 2735 2717 ;
2789 2659 2849 2705 ut
2889 2651 3128 2706 adducat
3153 2651 3418 2709 Dominus
3448 2662 3675 2724 propter

2097 2739 2375 2794 Abraham
2413 2741 2598 2796 omnia
2622 2758 2743 2813 qua:
2776 2744 2991 2799 locutus
3022 2752 3106 2799 est
3134 2745 3201 2799 ad
3241 2758 3365 2801 eum
3390 2745 3491 2800 ³⁷.»
3536 2746 3672 2801 Pro-

2099 2833 2189 2887 cul
2218 2831 2388 2888 dubio
2434 2833 2550 2888 haec
2594 2836 2754 2904 quasi
2796 2836 2864 2890 de
2920 2837 3029 2891 alio
3078 2836 3310 2892 Domino
3339 2839 3456 2908 ipse
3490 2838 3677 2894 Domi-

2100 2941 2216 2981 nus
2248 2926 2547 2996 eloquitur.
2591 2925 2878 2993 Quomodo
2939 2929 3105 2999 igitur
3131 2930 3441 2985 existimari
3486 2939 3675 3001 potest

2101 3018 2348 3073 omnium
2400 3016 2568 3073 Deum
2624 3020 2740 3074 haec
2790 3019 3035 3075 dixisse?
3082 3020 3158 3075 De
3212 3036 3327 3093 quo
3370 3022 3517 3075 enim
3566 3023 3674 3076 alio

2103 3119 2303 3183 praeter
2344 3126 2470 3166 eum
2509 3110 2738 3167 Domino
2781 3114 3063 3183 praecitata
3096 3114 3264 3168 verba
3297 3113 3445 3169 dicta
3496 3117 3670 3171 fuisse

2100 3202 2369 3272 possunt?
2408 3199 2607 3257 Verum
2640 3202 2930 3259 manifeste
2968 3211 3117 3274 patet
3150 3220 3217 3259 ex
3257 3205 3327 3262 iis
3365 3206 3526 3261 verba
3561 3207 3677 3262 haec

2097 3294 2345 3347 omnium
2405 3290 2578 3348 Deum
2630 3309 2742 3348 non
2802 3293 3019 3350 decere.
3098 3295 3543 3353 Demonstratum
3591 3307 3677 3355 est

2106 3395 2290 3440 autem
2321 3386 2802 3457 non'angelorum
2856 3397 3066 3442 natura:
3109 3391 3427 3446 convenire.
3473 3391 3677 3462 Aperte

2103 3473 2272 3537 enim,
2304 3481 2363 3527 ut
2392 3474 2526 3539 dixi,
2558 3475 2625 3530 de
2652 3475 2970 3544 angelorum
3002 3478 3445 3534 manifestatione
3475 3497 3677 3536 narra-

2098 3567 2177 3620 ﬁo
2209 3567 2509 3637 eloquitur,
2561 3584 2751 3624 eorum
2803 3571 3235 3640 apparitionibus
3291 3571 3529 3629 dilucide
3580 3576 3677 3629 dc-

2098 3659 2340 3729 scriptis.
2395 3657 2451 3713 Si
2483 3662 2650 3731 igitur
2678 3677 2854 3730 neque
2885 3663 3227 3733 angelorum,
3284 3681 3462 3736 neque
3515 3667 3673 3722 altis-

2096 3753 2220 3807 simi
2251 3762 2305 3808 et
2334 3753 2563 3807 increati
2598 3754 2841 3807 omnium
2882 3752 2978 3810 Dei
3022 3763 3236 3810 natura;
3266 3756 3381 3812 hac
3415 3758 3674 3814 videntur

2097 3855 2489 3911 consentanea,
2528 3862 2637 3901 una
2665 3864 2858 3904 eorum
2900 3857 3150 3918 superest
3195 3850 3419 3913 solutio,
3454 3852 3502 3906 si
3546 3854 3672 3923 qui-

2098 3939 2222 3994 dem
2274 3929 2803 4006 immutabilitatem,
2858 3949 2913 3997 et
2961 3938 3439 4006 inflexibilitatem,
3481 3952 3536 3998 et
3586 3945 3673 3998 in-

2097 4030 2472 4086 visibilitatem
2549 4032 2805 4087 increatae
2899 4047 3243 4088 reservemus
3325 4033 3670 4100 substantiae,

2098 4127 2300 4179 relatas
2331 4139 2461 4179 vero
2493 4123 2585 4179 Dei
2619 4124 3090 4181 manifestationes
3122 4124 3216 4185 Dei
3251 4125 3433 4183 Verbo
3462 4126 3675 4184 tribua-

2099 4234 2243 4283 mus,
2291 4221 2433 4289 quod
2499 4218 2771 4274 interdum
2815 4227 2869 4274 et
2912 4228 3037 4274 ante
3085 4219 3521 4275 incarnationem
3573 4238 3674 4292 pro

2099 4308 2379 4363 hominum
2414 4310 2595 4365 salute
2639 4310 2817 4364 visum
2845 4325 2989 4371 esse,
3028 4309 3416 4381 descriptaque
3469 4313 3525 4367 in
3582 4329 3674 4368 sa-

2098 4401 2210 4456 cris
2254 4398 2555 4472 Scripturis
2611 4401 2797 4455 munia
2841 4411 3160 4455 exsecutum
3194 4401 3556 4459 credidimus.
3597 4402 3674 4457 De

421 4488 526 4559 πρὸ
573 4491 673 4559 τῆς
720 4491 1185 4563 ὲνανθρωπήσεως
1219 4494 1359 4565 ὑπὲρ
1398 4497 1498 4566 τῆς
1538 4496 1645 4549 τῶν
1691 4496 1994 4570 ἀνθρώπων

2102 4494 2207 4550 hoc
2255 4494 2399 4550 enim
2446 4494 2568 4549 solo
2610 4502 2733 4563 post
2763 4493 3006 4547 omnium
3042 4492 3212 4548 Deum
3256 4501 3673 4565 tetragramma-

422 4578 691 4651 σωτηρίας
710 4579 939 4653 ὀφθῆναί
964 4599 1023 4634 τε
1056 4584 1152 4637 καὶ
1188 4583 1286 4647 τὰς
1315 4586 1372 4637 ἐν
1402 4589 1522 4649 ταῖς
1547 4584 1718 4651 θείαις
1754 4587 1995 4659 Γραφαῖς

420 4669 796 4740 ὲμφερομένας
834 4672 1143 4743 οἰκονομίας
1186 4674 1464 4729 ἐκτελέσαι
1518 4677 1990 4750 πεπιστεύκαμεν·

420 4764 514 4815 ἐπὶ
541 4762 703 4832 μόνου
727 4762 783 4815 δὲ
817 4762 1006 4816 τούτου
1038 4766 1178 4835 μετὰ
1207 4767 1297 4819 τὸν
1325 4768 1433 4821 τῶν
1466 4769 1603 4823 ὅλων
1621 4770 1753 4824 Θεὸν
1776 4772 1869 4826 καὶ
1896 4772 1993 4843 τήν

418 4856 843 4929 τετράγραμμον
872 4859 1237 4932 προσηγορίαν
1280 4862 1539 4934 κειμένην
1583 4862 1849 4936 εὕρομεν,
1897 4865 1992 4919 ἆτε

419 4951 715 5019 Μονογενεῖ
737 4953 830 5005 καὶ
862 4952 1181 5024 κληρονόμῳ
1222 4952 1317 5007 τοῦ
1353 4956 1567 5026 Πατρὸς
1616 4957 1995 5030 ἁρμοττούσης

420 5043 514 5096 καὶ
550 5043 752 5114 ταύτης
791 5048 899 5116 τῆς
934 5045 1119 5117 θεῖκῆς
1163 5049 1422 5113 ἐπινοίας.
1464 5045 1539 5103 Εὖ
1589 5049 1720 5118 γοῦν
1763 5049 1918 5115 εἰδὼς
1966 5053 1996 5103 ὁ

432 5133 704 5205 Ἀϐραὰμ,
720 5135 815 5189 ἀτε
839 5135 1000 5205 σοφὸς
1022 5136 1097 5191 ὢν
1121 5138 1373 5210 καὶπρὸς
1398 5138 1564 5194 αὐτοῦ
1589 5140 1683 5193 τοῦ
1702 5140 1837 5194 Θεοῦ
1864 5159 1997 5212 προ-

421 5230 598 5296 φήτης
631 5221 770 5281 εἶναι
808 5228 1272 5300 μαρτυρούμενος,
1294 5231 1371 5295 ὼς
1419 5233 1501 5285 ὅτι
1530 5234 1709 5288 πᾶσαν
1734 5234 1833 5306 τὴν
1875 5235 1995 5307 κρί-

423 5335 506 5371 σιν
535 5318 735 5372 ἔδωκεν
767 5319 844 5390 τῷ
876 5319 1018 5390 Υίῷ,
1054 5325 1352 5391 προσκυνεῖ
1386 5341 1445 5376 τε
1468 5323 1663 5390 αὑτὸν,
1707 5326 1801 5380 καὶ
1847 5327 1994 5398 μόνῳ

421 5409 570 5462 παρὰ
596 5410 723 5473 τοὺς
744 5409 935 5473 ἄλλους
968 5411 1131 5482 φησὶν
1157 5413 1240 5465 τόν
1270 5433 1289 5466 ι
1305 5414 1584 5485 Μηδαμῶς
1610 5416 1639 5469 ό
1665 5417 1863 5489 κρίνων
1890 5420 1994 5473 πᾶ-

423 5515 522 5555 σαν
544 5505 642 5572 τὴν
668 5501 771 5572 γῆν
798 5501 860 5555 οὐ
889 5502 1133 5570 ποιήσεις
1171 5504 1372 5573 κρίσιν.
1405 5523 1423 5555 ι
1457 5505 1634 5576 Ὅπερ
1664 5506 1882 5577 ἀγγέλῳ
1904 5508 1994 5560 τὸν

422 5589 563 5647 θεῖον
590 5593 761 5664 Λόγον
793 5593 1155 5665 ὑποϐεϐηκότι
1183 5594 1435 5665 λέγεσθαι
1457 5598 1695 5667 νομίζειν
1730 5599 1994 5654 ἀνοίκειόν

2103 4595 2185 4642 tor
2256 4586 2754 4641 denominationem
2811 4586 3144 4651 invenimus,
3196 4594 3257 4641 ut
3287 4585 3581 4659 Unigenito
3611 4596 3666 4642 et

2103 4677 2304 4735 haeredi
2334 4676 2515 4732 Patris
2544 4677 2779 4731 maxime
2822 4683 3271 4733 consentaneam.
3325 4675 3539 4748 Optime
3568 4677 3672 4747 igi-

2100 4776 2193 4823 tur
2226 4776 2455 4822 noverat
2480 4765 2827 4821 Abrabamus
2860 4784 2983 4838 quae
3026 4769 3264 4838 sapiens,
3304 4776 3358 4821 et
3406 4766 3670 4837 prapheta

2101 4860 2168 4916 de
2215 4860 2407 4915 eodem
2457 4857 2569 4914 Deo
2627 4868 2858 4915 testatus
2906 4870 3015 4927 est,
3068 4876 3230 4915 omne
3282 4858 3494 4912 scilicet
3521 4858 3669 4929 quod

2095 4954 2369 5026 judicium
2406 4954 2560 5010 dedit
2609 4953 2750 5009 Filio
2810 4955 2993 5019 suo",
3030 4953 3224 5009 adorat
3275 4968 3401 5007 eum
3454 4961 3509 5006 et
3565 4952 3666 5006 soli

2099 5055 2298 5119 praeter
2338 5047 2477 5103 alios
2521 5048 2655 5103 dicit
2686 5066 2700 5102 :
2737 5067 2756 5100 σ
2783 5047 2886 5115 Qui
2922 5046 3139 5118 judicas
3191 5060 3407 5101 omnem
3441 5053 3667 5107 terram,

2098 5156 2443 5210 nequaquam
2484 5140 2654 5198 facies
2693 5141 2963 5209 judicium
2995 5139 3157 5194 hoc“
3182 5157 3231 5207 ;›
3270 5137 3418 5209 quod
3445 5136 3666 5207 quidem

2096 5234 2163 5288 ad
2187 5234 2439 5305 angelum
2473 5233 2660 5289 divino
2693 5230 2875 5288 Verbo
2921 5231 3231 5301 subjectum
3286 5229 3495 5285 dictum
3543 5243 3668 5284 esse

2096 5325 2309 5394 opinari
2337 5316 2563 5381 minime
2588 5325 2797 5395 justum
2826 5333 2921 5379 aut
2952 5322 3281 5387 verisimile;
3308 5322 3473 5377 unius
3520 5322 3666 5376 enim

2096 5416 2265 5472 divini
2323 5415 2488 5472 Verbi
2541 5416 2778 5471 maxime
2834 5414 3115 5487 proprium
3150 5421 3288 5478 erat,
3337 5414 3479 5468 inter
3537 5410 3667 5480 alia,

2098 5507 2213 5561 haec
2243 5507 2464 5563 dicere:
2518 5504 2699 5560 «Num
2732 5506 2911 5561 celare
2961 5514 3151 5575 potero
3181 5504 3457 5559 Abraham
3494 5501 3667 5558 filium

2097 5614 2277 5656 meum
2321 5615 2443 5670 quae
2486 5606 2742 5671 gesturus
2772 5612 2892 5654 sum
2908 5596 2994 5651 “2
3020 5616 3039 5649 ι
3096 5604 3261 5668 atque
3289 5595 3456 5668 illud:
3499 5595 3669 5650 «Scio

455 5769 501 5804 ³⁷
539 5769 676 5830 Gen.
709 5789 880 5838 xvm,
916 5773 1003 5829 19.
1077 5773 1124 5807 ³⁸
1158 5771 1317 5829 Joan.
1354 5792 1405 5842 v,
1440 5775 1528 5831 22.
1607 5778 1648 5811 ³³
1690 5776 1824 5833 Gen.
1858 5791 2026 5845 xvm,
2057 5774 2151 5835 25.
2225 5775 2272 5812 "
2308 5776 2437 5834 ibid.
2475 5775 2561 5831 i7.

699 5870 971 5932 Ριτιιοι.
1003 5871 1120 5933 Gn.
1151 5869 1355 5932 XXII.

3339 5875 3422 5929 33
