4106 6458
482 383 507 435 1
518 380 623 438 035

1219 370 1490 427 EUSEBII
1530 360 2008 425 CASSARIENSIS
2042 366 2192 423 OPP.
2237 364 2421 421 PARS
2459 365 3034 425 lll.—EXEGETICA.

3606 375 3744 428 £036

480 500 626 554 enim
674 496 818 567 quod
876 501 1246 564 praecepturus
1278 491 1349 546 sit
1394 489 1521 545 filiis
1568 489 1704 550 suis.
1758 495 1812 542 et
1859 488 2042 541 domui

2152 502 2212 538 τε
2241 486 2334 539 καὶ
2364 484 2797 551 ἀπιθανώτατον,
2835 488 2979 559 μόνῳ
3001 487 3058 540 δὲ
3087 485 3164 559 τῷ
3196 488 3325 560 θείῳ
3354 490 3511 561 Λόγῳ
3534 493 3739 546 οἰκειόο

483 606 596 646 suae
626 596 749 660 post
774 602 852 652 se,
890 594 949 639 ut
978 583 1295 640 custodiant
1329 582 1472 637 viam
1501 580 1739 645 Domini,
1767 590 1821 633 et
1850 578 2052 634 faciant

478 680 745 751 judicium
801 686 854 731 et
899 676 1203 745 justitiam:
1260 683 1319 728 ut
1354 673 1589 729 adducat
1628 672 1891 728 Dominus
1920 687 2047 742 pro-

481 784 600 842 pter
631 770 903 826 Abraham
937 785 1056 839 qua:
1085 769 1299 823 locutus
1328 775 1411 822 est
1441 766 1508 821 ad
1537 765 1743 820 eum“.
1771 783 1790 816 ›
1839 763 2051 834 Quippe

481 867 658 932 ipsum
694 864 809 917 haec
838 862 1068 916 decebat
1098 860 1303 925 dicere,
1340 858 1628 913 docentem
1670 856 1822 927 quod
1862 855 2047 911 omnia

479 959 547 1010 ab
593 955 906 1015 hominibus
944 953 1197 1023 religiose
1246 950 1387 1005 facta
1445 949 1512 1004 ad
1566 949 1739 1004 solam
1787 948 1842 1001 in
1880 945 2048 1003 Deum

475 1048 803 1117 Patremque
850 1046 1093 1100 omnium
1125 1043 1329 1099 referre
1355 1043 1565 1113 justum
1613 1047 1731 1095 erat
1769 1040 2045 1111 pietatem,

478 1156 575 1209 per
631 1154 790 1209 quem
841 1137 896 1191 in
942 1144 1088 1192 terra
1131 1139 1561 1189 commorantem
1606 1129 1871 1201 quidquid
1920 1129 2048 1184 boni

478 1231 584 1300 piis
640 1232 694 1285 in
754 1231 1043 1285 utilitatem
1082 1235 1247 1296 atque
1279 1226 1514 1281 salutem
1580 1222 1843 1294 procedit.
1922 1219 2047 1275 Haec

480 1330 660 1377 autem
692 1321 940 1375 divinum
979 1320 1222 1389 loquitur
1250 1315 1491 1372 Verbum
1517 1315 1667 1370 velut
1693 1314 1761 1369 de
1798 1312 1905 1367 alio
1933 1310 2046 1365 Do-

478 1413 645 1476 mino,
680 1411 854 1480 ipsius
896 1410 1103 1464 scilicet
1135 1406 1295 1461 Patre
1328 1406 1582 1461 edocens.
1632 1403 1803 1469 Quem
1839 1408 1893 1455 et
1931 1400 2048 1455 sui-

477 1510 588 1557 met
614 1501 905 1557 Dominum
942 1500 1105 1556 simul
1137 1507 1193 1553 et
1220 1498 1390 1553 Deum
1421 1495 1711 1565 discipulis
1762 1494 1881 1550 suis
1912 1508 2046 1549 con-

474 1598 680 1659 ﬁtetur,
718 1594 949 1649 dicens:
1002 1590 1294 1646 «Ascendo
1355 1588 1421 1642 ad
1474 1587 1691 1642 Patrem
1737 1601 1943 1650 meum,
1991 1593 2045 1641 et

476 1686 690 1741 Patrem
707 1694 969 1750 vestrum,
993 1681 1163 1738 Deum
1188 1694 1387 1741 meum,
1406 1690 1459 1735 et
1476 1678 1643 1734 Deum
1663 1686 1906 1734 vestrum
1925 1676 1992 1730 “.
2019 1697 2038 1728 ι

472 1774 641 1829 Plena
668 1783 751 1829 est
779 1781 960 1829 autem
990 1774 1096 1838 lex,
1130 1772 1417 1841 omnisque
1465 1768 1759 1840 Scriptura
1809 1769 2043 1839 hujusce

2158 592 2317 629 τατον
2357 575 2423 629 ἂν
2444 576 2527 646 εἴη
2564 578 2702 647 μετά
2730 576 2838 630 τῶν
2871 577 3044 632 ἄλλων
3079 579 3306 649 φάσκειν
3338 581 3433 636 καὶ
3461 584 3522 635 τό
3543 600 3557 614 ·
3600 601 3617 633 ι
3649 585 3741 654 Μὴ

2158 668 2350 740 κρύψω
2371 667 2481 736 ἐγὼ
2506 669 2613 721 ἀπὸ
2641 666 2889 740 Ἀϐραὰμ
2913 669 3008 722 τοῦ
3039 670 3224 734 παιδός
3246 688 3349 742 μου
3367 670 3526 741 ἀέγὼ
3544 674 3701 738 ποιῶ;
3718 697 3735 725 ι

2157 763 2252 816 καὶ
2311 761 2373 814 τό
2399 777 2413 790 ·
2450 780 2469 813 ι
2508 761 2695 832 ’ᾘδειν
2738 761 2847 833 γάρ
2876 761 2959 815 ὅτι
2989 760 3235 829 συντάξει
3259 765 3373 827 τοῖς
3406 766 3539 829 υίοῖς
3573 766 3739 819 αὑτοῦ

2157 854 2250 907 καὶ
2296 852 2376 924 τῷ
2416 853 2548 923 οἴκῳ
2593 851 2758 906 αὑτοῦ
2804 852 2920 923 μετ’
2953 852 3135 917 αὑτὸν,
3183 854 3275 907 καὶ
3316 854 3608 924 φυλάξουσι
3640 856 3740 920 τὰς

2155 944 2309 1008 ὁδοὺς
2334 943 2541 1015 Κυρίου
2569 946 2742 996 ποιεῖν
2770 942 3112 1014 δικαιοσύνην
3136 946 3228 999 καὶ
3254 946 3454 1018 κρίσιν,
3491 947 3640 1011 ὅπως
3672 946 3740 1000 ἂν

2157 1034 2409 1107 ἐπαγάγῃ
2436 1035 2637 1107 Κύριος
2664 1035 2757 1089 ἐπὶ
2784 1034 3035 1106 Ἀδραάμ
3055 1035 3089 1090 ἃ
3114 1036 3341 1108 ἐλάλησε
3369 1038 3505 1109 πρὸς
3516 1038 3735 1094 αὐτόν.»

2162 1132 2267 1185 Καὶ
2299 1130 2499 1202 πρέπει
2525 1148 2590 1201 γε
2622 1130 2769 1201 αὑτῷ
2791 1129 2965 1183 ταῦτα
3001 1131 3179 1201 λέγειν
3212 1132 3537 1197 παιδεύοντι,
3563 1134 3645 1187 ὅτι
3673 1133 3738 1206 δὴ

2156 1225 2332 1278 πάντα
2352 1222 2422 1276 τὰ
2447 1223 2505 1290 ἐξ
2532 1222 2833 1295 ἀνθρώπων
2861 1224 3021 1289 ὁσίως
3044 1224 3294 1297 δρώμενα
3322 1227 3401 1288 είς
3438 1226 3607 1297 μόνην
3637 1226 3741 1297 τὴν

2152 1314 2244 1368 τοῦ
2278 1313 2414 1368 Θεοῦ
2444 1316 2537 1368 καὶ⁸
2562 1314 2774 1387 Πατρὸς
2794 1315 2902 1369 τῶν
2928 1315 3064 1369 ἅλων
3089 1315 3379 1387 ἀναφέρειν
3395 1314 3554 1387 θέμις
3578 1316 3737 1371 εὐσέ-

2155 1409 2327 1472 6ειαν,
2363 1409 2491 1478 παρ’
2535 1401 2596 1462 οὗ
2625 1408 2718 1461 ἐπὶ
2749 1407 2854 1478 γῆς
2873 1407 3023 1477 ὄντος
3046 1405 3155 1460 τῶν
3185 1405 3406 1474 ἀγαθῶν
3437 1406 3507 1460 τὰ
3557 1408 3738 1462 πάντα

2150 1499 2264 1560 τοῖς
2286 1496 2561 1552 εὐσεϐέσιν
2584 1499 2665 1562 είς
2685 1496 2951 1566 ὠφέλειάν
2967 1514 3027 1549 τε
3061 1496 3155 1551 καὶ
3178 1497 3450 1569 σωτηρίαν
3480 1501 3735 1569 χορηγεῖ-

2150 1605 2240 1641 ται
2265 1604 2278 1618 ·
2311 1587 2486 1641 ταῦτα
2503 1588 2560 1641 δὲ
2579 1590 2608 1643 6
2641 1588 2783 1653 θεῖός
2813 1606 2947 1661 φησι
2968 1589 3137 1658 Λόγος
3156 1588 3232 1652 ὡς
3249 1589 3378 1660 περὶ
3400 1589 3588 1657 ἐτέρου
3618 1592 3735 1644 Κυ-

2154 1678 2269 1751 ρίου
2303 1677 2395 1732 τοῦ
2435 1678 2629 1733 ἑαυτοῦ
2663 1679 2876 1752 Πατρός
2897 1679 3185 1733 διδάσκων·
3215 1679 3310 1733 καὶ
3335 1679 3444 1753 γὰρ
3473 1681 3568 1733 καὶ
3610 1682 3737 1735 ἐαυ-

2149 1770 2244 1823 τοῦ
2279 1769 2482 1842 Κύριόν
2523 1787 2585 1823 τε
2617 1770 2711 1824 κα)⁸
2753 1770 2885 1824 Θεὸν
2922 1770 3084 1824 αὐτὸν
3125 1770 3377 1841 ὁμολογεῖ
3413 1771 3551 1843 πρὸς
3610 1774 3737 1838 τοὺς

476 1865 689 1921 Domini
722 1883 741 1915 ι
769 1864 1155 1929 characteris,»
1194 1862 1436 1924 scilicet,
1461 1860 1631 1915 divini
1664 1859 1847 1929 Verbi,
1873 1860 2035 1927 quasi

2148 1862 2309 1926 ἰδίους
2348 1862 2617 1933 μαθητὰς,
2641 1881 2660 1914 ι
2682 1862 3027 1935 Ἀνέρχομαι,
3058 1863 3301 1932 φάσκων,
3341 1865 3478 1936 πρὸς
3501 1866 3593 1920 τὸν
3621 1867 3736 1920 Πα-

475 1960 543 2015 de
580 1958 686 2013 alio
714 1956 947 2012 Domino
969 1956 1267 2027 loquentis,
1290 1955 1385 2026 qui
1414 1953 1577 2009 Pater
1604 1953 1725 2025 ejus
1756 1951 2042 2008 manifeste

2150 1955 2283 2027 τέρα
2302 1972 2404 2025 μου
2442 1955 2535 2007 καὶ
2569 1953 2791 2025 Πατέρα
2819 1952 2993 2025 ὑμῶν,
3029 1955 3124 2007 καὶ
3151 1955 3283 2009 Θεόν
3317 1973 3419 2027 μου
3458 1959 3555 2012 καὶ
3584 1957 3717 2011 Θεὸν

472 2059 577 2107 cst.
606 2050 737 2117 Quae
767 2050 986 2121 quidem
1023 2063 1148 2104 cum
1177 2049 1346 2103 multa
1374 2054 1429 2103 et
1470 2046 1905 2119 profundissima
1935 2046 2042 2102 sint

2153 2048 2325 2118 ὑμῶν.
2361 2068 2381 2100 I
2414 2048 2778 2119 Πεπλήρωται
2801 2048 2847 2101 δ’
2878 2049 2907 2101 6
2938 2065 2996 2102 τε
3029 2048 3190 2118 νόμος
3222 2049 3316 2103 καὶ
3352 2051 3503 2106 πᾶσα
3537 2051 3730 2125 Γραφὴ

470 2144 823 2199 meditatione
881 2141 1068 2214 digna,
1117 2141 1186 2196 ad
1229 2155 1470 2213 prmsens
1517 2141 1859 2211 propositum
1909 2140 2042 2197 satis

2152 2141 2246 2195 τοῦ
2288 2142 2493 2195 τοιοῦδε
2536 2142 2881 2214 χαρακτῆρος
2908 2142 3002 2196 τοῦ
3036 2143 3265 2215 Κυρίου,
3290 2142 3435 2196 τοῦτ’
3460 2142 3603 2197 ἐστιν
3639 2143 3735 2197 τοῦ

460 2250 593 2291 esse
620 2232 834 2305 opinor.

2154 2232 2299 2286 θείου
2331 2232 2526 2301 Λόγου,
2572 2232 2649 2296 ὡς
2689 2233 2817 2305 περὶ
2851 2232 3037 2304 ἐτέρου
3078 2233 3282 2305 Κυρίου
3323 2233 3731 2305 διαλεγομένου,

471 2331 533 2402 (f.
567 2328 621 2402 8)
646 2329 804 2401 δῆλον
828 2330 875 2383 δ’
904 2329 985 2382 ὅτι
1006 2327 1099 2381 τοῦ
1131 2327 1361 2400 Πατρός.
1388 2326 1594 2397 Πολλῆς
1622 2326 1677 2380 δὲ
1699 2325 1793 2380 καὶ
1813 2325 2117 2396 βαθυτάτης
2142 2327 2411 2399 δεομένων
2441 2328 2671 2400 θεωρίας
2733 2327 2840 2381 τῶν
2863 2327 3003 2381 κατὰ
3063 2328 3156 2381 τὸν
3213 2328 3395 2395 τόπον,
3428 2326 3586 2381 ίκανά
3639 2335 3734 2387 καὶ

466 2423 639 2476 ταῦτα
673 2421 809 2493 πρὸς
835 2420 932 2493 τὴν
963 2418 1242 2490 παροῦσαν
1277 2418 1552 2472 ὑπόθεσιν.

1072 2531 1300 2588 CAPUT
1357 2532 1447 2587 IV.

2680 2528 3075 2581 ΚΕΦΑΛΑΙΟΝ
3128 2528 3201 2582 Δ’.

522 2652 563 2685 .ι
596 2631 662 2685 Et
694 2630 829 2702 fugit
883 2629 1029 2701 Agar
1061 2643 1092 2682 a
1131 2627 1270 2682 facie
1317 2629 1437 2698 ejus
1465 2628 1531 2693 “,
1571 2646 1590 2679 δ
1627 2626 1784 2682 Sarai
1817 2626 2048 2689 scilicet,

469 2730 530 2777 ut
559 2720 909 2777 manifestum
962 2729 1066 2786 est,
1114 2736 1134 2769 ι
1172 2733 1407 2788 cumque
1438 2718 1741 2773 invenisset
1800 2730 1920 2771 eam
1949 2730 2050 2769 an-

465 2815 619 2885 gelus
668 2812 879 2867 Domini
930 2812 1085 2881 juxta
1142 2813 1346 2866 fontem
1396 2824 1550 2878 anIze
1574 2808 1640 2863 "".
1680 2828 1698 2860 ι
1735 2805 2048 2862 Secundum

465 2906 697 2975 legimus
731 2905 786 2958 in
812 2905 880 2958 iis
905 2919 1027 2973 qua:
1057 2910 1398 2973 sequuntur:
1436 2919 1454 2951 ι
1478 2898 1625 2954 Dixit
1653 2898 1719 2954 ad
1771 2899 1920 2953 illam
1952 2914 2048 2952 an-

2228 2639 2246 2671 ι
2289 2621 2398 2673 Καὶ
2421 2620 2631 2692 ἀπέδρα
2659 2621 2837 2692 Ἀγαρ
2864 2621 2972 2674 ἀπὸ
2995 2620 3285 2693 προσώπου
3310 2622 3500 2695 αὐτῆς,
3530 2642 3550 2676 ›
3576 2622 3733 2694 δῆλον

2152 2711 2231 2763 ὃτι
2264 2712 2363 2782 τῆς
2392 2711 2637 2784 Σάρρας*
2686 2731 2704 2764 ι
2728 2705 2856 2785 εὗρε
2887 2712 2943 2765 δὲ
2965 2712 3134 2785 αὐτὴν
3158 2714 3385 2783 ἄγγελος
3407 2714 3611 2787 Κυρίου
3642 2714 3733 2767 ἐπὶ

2152 2803 2249 2874 τῆς
2284 2803 2466 2875 πηγῆς
2512 2803 2607 2856 τοῦ
2644 2802 2867 2867 ὓδατοςο
2906 2823 2924 2857 ι
2969 2805 3063 2858 καὶ
3094 2806 3152 2859 ἐν
3184 2809 3297 2871 τοῖς
3332 2806 3459 2878 ἑξῆς
3484 2806 3733 2879 δεύτερον

2151 2892 2388 2965 εἴρηται·
2424 2914 2442 2946 ι
2468 2891 2635 2949 Εἶπεν
2690 2895 2749 2949 δὲ
2777 2897 2914 2968 αὐτῇ
2955 2898 2984 2951 6
3026 2898 3255 2967 ἄγγελος
3300 2900 3525 2971 Κυρίου·
3557 2918 3577 2952 ι
3637 2901 3731 2953 καὶ

466 2997 622 3066 gelus
652 2995 875 3050 Domini
906 2995 954 3026 ⁸⁸
980 3014 997 3060 ;
1038 3013 1056 3045 ι
1087 3003 1141 3049 et
1200 2994 1420 3049 tertium
1450 3011 1464 3047 :
1502 3009 1522 3043 ι
1549 2990 1697 3046 Dixit
1737 2990 1787 3046 ei
1819 2990 2042 3062 angelus

2148 2989 2331 3063 τρίτον
2357 2988 2435 3042 δέ·
2464 3009 2482 3040 ι
2503 2985 2669 3043 Εἶπεν
2702 2988 2837 3060 αὐτῇ
2864 2989 2892 3041 6
2925 2988 3153 3058 ἄγγελος
3175 2980 3403 3063 Κυρίου’
3434 2991 3725 3062 Πληθύνων

466 3088 682 3144 Domini
712 3106 727 3143 :
762 3086 1129 3158 Multiplicans
1204 3083 1582 3155 multiplicabo
1620 3098 1806 3139 semen
1863 3090 2041 3148 tuum,

465 3190 521 3236 et
551 3196 659 3236 non
688 3179 1067 3234 numerabitur
1116 3192 1230 3249 prze
1259 3174 1609 3233 multitudine
1631 3175 1698 3231 “.
1744 3194 1763 3227 ι
1816 3173 1883 3228 Et
1915 3190 2043 3229 rur-

467 3283 591 3324 sum
623 3283 637 3319 :
671 3287 688 3318 ι
724 3265 870 3320 Dixit
896 3267 944 3321 ei
977 3267 1202 3338 angelus
1260 3265 1477 3320 Domini
1508 3280 1523 3317 :
1552 3264 1690 3321 Ecce
1742 3264 2041 3335 concepisti

467 3367 521 3412 et
548 3357 726 3428 paries
757 3356 926 3410 filium
962 3371 975 3406 :
1008 3356 1338 3424 vocabisque
1363 3368 1557 3410 nomen
1579 3353 1699 3423 ejus
1728 3352 1941 3418 lsmael,
1977 3367 2044 3408 eo

468 3445 614 3517 quod
659 3444 892 3500 audierit
953 3443 1215 3499 Dominus
1278 3442 1629 3498 amictionem
1651 3450 1802 3497 tuam
1823 3443 1890 3497 ".
1921 3461 1940 3495 ι
1977 3441 2043 3497 Et

465 3551 717 3594 sermone
759 3536 1010 3592 absoluto
1047 3536 1286 3591 dicitur:
1324 3554 1343 3586 ι
1376 3533 1599 3591 Vocavit
1638 3546 1818 3590 autem
1842 3550 2043 3592 nomen

466 3627 707 3693 Domini,
740 3627 837 3698 qui
873 3627 1197 3697 loquebatur
1248 3626 1314 3681 ad
1353 3641 1510 3682 eam:
1539 3624 1621 3679 Tu
1653 3624 1796 3682 Deus
1834 3625 1929 3697 qui
1967 3625 2045 3682 vi-

466 3719 594 3775 disti
633 3733 720 3773 me
749 3718 815 3772 ‘3.
849 3738 869 3770 ι
912 3716 1139 3773 Etiamsi
1188 3731 1302 3772 nec
1364 3717 1418 3770 in
1461 3723 1666 3773 sanctae
1708 3716 2041 3774 narrationis

467 3811 625 3866 initio
673 3810 935 3866 Dominus
985 3809 1298 3864 nominatus
1341 3807 1541 3865 fuisset
1571 3809 1717 3880 Agar
1745 3809 1902 3865 visus
1953 3824 2043 3865 er-

465 3903 634 3967 ranti,
661 3920 680 3954 ι
712 3904 923 3957 vocavit
961 3912 1141 3957 autem
1173 3918 1371 3958 nomen
1402 3899 1617 3956 Domini
1657 3902 1750 3973 qui
1779 3902 2044 3971 loqueba-

464 4002 556 4051 tur
588 3993 654 4048 ad
677 4008 818 4061 eam,
851 4012 869 4044 ι
906 3992 952 4047 si
974 3993 1097 4062 quis
1122 3992 1450 4048 contendere
1489 3992 1616 4047 velit
1662 3993 1733 4047 ab
1770 3993 1913 4063 Agar
1942 4006 2042 4045 an-

451 4087 644 4159 ,gelum
668 4084 806 4139 falso
837 4085 993 4155 quasi
1021 4083 1188 4140 Deum
1221 4084 1461 4139 habitum
1492 4099 1647 4151 esse;
1685 4099 1829 4138 nunc
1858 4091 2042 4138 autem

450 4187 699 4233 .testatur
764 4175 1049 4248 Scriptura
1114 4175 1405 4231 Dominum
1443 4192 1586 4240 esse,
1623 4177 1714 4246 qui
1764 4191 1861 4246 per
1902 4189 2042 4245 prte-

2147 3079 2401 3151 πληθυνῶ
2427 3081 2488 3133 τὸ
2517 3079 2740 3151 σπέρμα
2762 3096 2878 3143 σου,
2908 3079 3002 3133 καὶ
3027 3080 3125 3133 οὐκ
3163 3074 3593 3154 ἀρὶθμηθήσετω
3611 3084 3724 3138 ἀπὸ

2144 3172 2238 3228 τοῦ
2268 3172 2521 3245 πλήθους·
2549 3191 2566 3225 I
2599 3174 2693 3225 καὶ
2722 3168 2897 3237 αὖθις*
2932 3167 3127 3226 «Εἶπεν
3144 3173 3279 3245 αὐτῇ
3301 3176 3330 3227 6
3352 3174 3580 3243 ἄγγελος
3606 3176 3721 3228 Ηυ-

2146 3267 2285 3339 ρίουο
2322 3266 2451 3320 Ἰδοὺ
2488 3265 2552 3319 σὺ
2581 3267 2639 3319 ἐν
2665 3265 2864 3337 γαστρὶ
2883 3264 3045 3332 ἕξεις,
3070 3265 3164 3319 καὶ
3196 3265 3327 3339 τέξῃ
3348 3266 3480 3331 υἱὸν,
3514 3267 3606 3321 καὶ
3623 3285 3725 3322 κα-

2142 3358 2325 3421 λέσεις
2349 3356 2411 3410 τὸ
2434 3356 2603 3428 ὄνομα
2641 3355 2805 3409 αὐτοῦ
2838 3354 3079 3427 Ἰσμαήλ·
3101 3356 3182 3409 ὅτι
3214 3357 3482 3428 ἐπήκουσε
3513 3358 3717 3431 Κύριος

2141 3452 2211 3521 τῇ
2250 3447 2577 3502 ταπεινώσει
2608 3464 2725 3502 σου·
2758 3467 2777 3500 ι
2811 3448 2906 3501 καὶ
2943 3446 3079 3519 μετά
3113 3447 3321 3511 πάντας
3360 3448 3487 3512 τοὺς
3525 3448 3716 3518 λόγους

2144 3541 2378 3613 εἴρηται*
2415 3560 2435 3592 ι
2462 3541 2573 3594 Καὶ⁸
2591 3540 2850 3595 ἐκάλεσεν
2874 3540 2935 3592 τὸ
2960 3539 3132 3610 ὄνομα
3155 3539 3360 3611 Κυρίου
3381 3539 3477 3594 τοῦ
3503 3540 3721 3595 λαλοῦν-

2140 3649 2234 3695 τος
2265 3632 2401 3705 πρὸς
2436 3633 2623 3705 αὐτήν·
2659 3632 2732 3685 Σὺ
2756 3630 2890 3695 Θεὸς
2931 3633 2960 3685 6
3007 3630 3206 3684 ἐπιδών
3246 3647 3333 3703 με.
3379 3650 3397 3682 ι
3418 3628 3483 3685 Εἰ
3519 3631 3593 3704 μὴ
3622 3633 3714 3685 καὶ

2143 3725 2252 3780 ἀπὸ
2297 3722 2589 3796 προσώπου
2631 3724 2730 3794 τῆς
2764 3724 2914 3795 ἱερᾶς
2956 3723 3178 3796 Γραφῆς
3202 3723 3407 3795 Κύριος
3443 3722 3727 3794 ώνόμαστο

2147 3819 2214 3888 τῇ
2255 3814 2432 3885 Ἀγαρ
2458 3814 2745 3884 ἐπιφανεὶς
2773 3813 3027 3888 ἀλωμένη
3063 3818 3120 3868 ἐν
3154 3814 3253 3886 τῷ·
3292 3833 3310 3866 ι
3335 3815 3444 3868 Καὶ
3470 3815 3725 3870 ἐκάλεσεν

2140 3908 2203 3960 τὸ
2217 3906 2387 3977 ὄνομα
2404 3904 2606 3979 Κυρίου
2628 3905 2722 3959 τοῦ
2742 3904 3025 3969 λαλοῦντος
3048 3906 3185 3979 πρὸς
3206 3906 3393 3977 αὐτὴν,
3425 3925 3443 3958 ι
3491 3906 3594 3960 κᾶν
3617 3907 3722 3960 ὑπ-

2142 3996 2300 4051 ἐλαϐέ
2318 4015 2403 4061 τις
2424 3998 2521 4068 τὴν
2545 3997 2723 4069 Ἅγαρ
2733 3996 2864 4051 Θεὸν
2886 3997 3234 4069 ἐσφαλμένως
3263 3997 3614 4070 ὑπειληφέναι
3632 3997 3726 4054 τὸν

2141 4087 2391 4158 ἄγγελον·
2426 4088 2543 4141 νυνὶ
2569 4088 2627 4143 δὲ
2655 4090 2688 4160 ή
2724 4087 2914 4161 Γραφὴ
2953 4094 3239 4163 μαρτυρεῖ,
3263 4091 3344 4144 ὅτι
3363 4090 3565 4162 Κύριος
3593 4086 3662 4163 ἦν
3693 4094 3725 4146 6

2139 4178 2226 4231 διὰ
2248 4176 2343 4231 τοῦ
2371 4181 2864 4252 προωνομασμένου
2898 4180 3252 4253 χρηματίζων
3286 4183 3542 4252 ἀγγέλου,
3562 4182 3630 4237 δι’
3658 4177 3722 4237 οῦ

452 4270 672 4325 dictum
696 4269 945 4340 angelum
977 4268 1130 4324 visus
1180 4275 1318 4331 erat,
1358 4283 1455 4338 per
1493 4283 1656 4337 quem
1686 4274 1747 4320 ut
1778 4265 2039 4322 Dominus

2144 4268 2235 4322 ἆτε
2270 4269 2474 4341 Κύριος
2503 4272 2599 4326 καὶ
2628 4270 2760 4335 Θεὸς
2794 4270 2871 4326 ὢν
2901 4273 3217 4345 πρεπόντως
3245 4273 3421 4346 ἐαυτῷ
3456 4274 3608 4344 ἔλεγε
3635 4274 3718 4328 τόδ

454 4372 519 4417 et
567 4360 734 4427 Deus,
768 4370 827 4417 ut
882 4361 1059 4431 ipsum
1112 4360 1356 4424 decebat,
1400 4360 1575 4414 dixit:
1614 4379 1632 4408 ι
1667 4357 2038 4430 Multiplicans

2147 4380 2163 4411 ι
2206 4360 2496 4432 Πληθύνων
2545 4362 2801 4433 πληθυνῶ
2832 4363 2893 4417 τὸ
2930 4342 3149 4437 σπέρμα
3187 4382 3301 4418 σου’
3353 4342 3579 4420 ιντοῦτο
3611 4366 3723 4437 γὰρ

465 4451 843 4521 multiplicabo
886 4467 1071 4508 semen
1117 4461 1291 4506 tuum.
1326 4471 1344 4503 υ
1402 4449 1516 4506 Hoc
1569 4450 1714 4505 enim
1748 4449 1842 4505 Dei
1874 4451 2039 4506 unius

2144 4451 2260 4523 Θεῷ
2287 4453 2430 4523 μόνῳ
2457 4452 2684 4524 ἁρμόζοι
2710 4453 2776 4507 ἂν
2803 4453 2999 4523 λέγειν,
3032 4456 3213 4509 οὐκέτι
3240 4455 3296 4509 δὲ
3334 4457 3429 4510 καὶ
3469 4456 3687 4531 ἀγγέλῳ
3704 4475 3717 4488 ’

466 4552 615 4599 esset
660 4543 865 4609 dicere,
908 4559 1019 4599 non
1062 4544 1174 4613 jam
1227 4545 1424 4615 angeli.
1472 4543 1591 4611 Qua
1627 4544 1849 4615 quidem
1902 4558 2036 4600 voce

2144 4542 2313 4613 τούτῳ
2338 4544 2383 4596 δ’
2413 4540 2481 4596 αὖ
2513 4542 2591 4613 τῷ
2621 4544 2827 4616 ῥήματι
2851 4547 2944 4598 καὶ
2970 4547 3070 4617 τὴν
3099 4544 3279 4619 Ἀγαρ
3321 4547 3465 4613 εἰκὸς
3495 4550 3721 4621 ἐπιστή-

466 4635 663 4690 edocta
691 4636 836 4708 Agar
881 4636 984 4692 sibi
1039 4652 1165 4691 cum
1204 4634 1316 4692 Deo
1376 4637 1493 4693 solo
1540 4637 1647 4692 tale
1698 4635 2033 4707 colloquium

462 4742 607 4792 esse,
637 4744 655 4777 ι
692 4724 775 4782 Tu
802 4725 967 4792 Deus,
1012 4728 1110 4791 ait,
1162 4728 1254 4800 qui
1270 4727 1459 4783 vidisti
1490 4742 1597 4782 me.
1637 4747 1656 4778 ι
1683 4726 1791 4782 Sed
1823 4734 1878 4783 et
1906 4742 2033 4782 rur-

465 4834 583 4882 sus,
609 4832 733 4872 cum
789 4815 929 4889 fugit
958 4831 1144 4872 secum
1183 4817 1391 4873 habens
1417 4817 1586 4872 filium
1613 4817 1877 4887 scriptum
1900 4823 1989 4871 est
2019 4835 2035 4867 :

466 4930 488 4961 ι
525 4908 857 4981 Vocavitque
889 4910 1115 4981 angelus
1160 4907 1256 4964 Dei
1284 4909 1429 4981 Agar
1462 4908 1529 4964 de
1551 4909 1692 4964 coelo
1714 4908 1781 4975 δ’,
1821 4925 1839 4958 ι
1866 4906 2035 4961 dixit-

463 5020 571 5076 que
598 5006 648 5061 ei
676 5020 796 5077 qua:
818 5002 1149 5067 referuntur,
1177 5004 1230 5058 in
1250 5003 1447 5076 quibus
1476 5013 1528 5058 et
1552 5001 1684 5057 illud
1717 5018 1730 5053 :
1762 5019 1781 5051 ι
1818 4999 1878 5054 1n
1904 5014 2036 5070 gen-

465 5105 574 5150 tem
608 5110 858 5167 magnam
894 5094 1085 5150 faciam
1121 5109 1244 5149 eum
1280 5095 1366 5162 ⁵ος
1401 5115 1419 5148 ιι
1448 5103 1697 5167 apertum
1714 5102 1798 5149 est
1827 5094 1941 5147 haec
1967 5091 2035 5147 de

463 5202 635 5260 puero
661 5186 881 5254 dicere;
912 5187 1056 5258 quod
1085 5187 1155 5242 ab
1185 5188 1376 5258 angelo
1423 5186 1631 5241 dictum
1662 5185 1887 5239 minime
1917 5197 2037 5239 cre-

464 5277 723 5344 dendum,
754 5277 845 5333 Dei
869 5280 1010 5336 cnim
1046 5279 1265 5350 propria
1323 5277 1666 5333 denuntiatio
1721 5281 1827 5331 est.
1861 5273 2034 5343 Cujus

463 5371 630 5442 igitur
660 5369 873 5427 Domini
895 5388 1093 5427 nomen
1126 5371 1341 5426 vocavit
1387 5371 1569 5441 Agar:
1606 5388 1624 5420 ι
1658 5367 1742 5423 Tu
1772 5366 1914 5420 Deus
1942 5366 2035 5435 qui

465 5460 647 5515 vidisti
675 5476 779 5527 me,
804 5481 820 5513 ι
843 5476 966 5515 cum
995 5467 1048 5515 et
1072 5461 1145 5514 ibi
1168 5457 1517 5513 Hebraeorum
1547 5460 2035 5525 tetragrammaton

466 5549 747 5620 Scriptura
798 5551 1000 5608 referat
1044 5552 1276 5606 nomen?
1325 5549 1605 5604 Pnedictis
1629 5548 1828 5621 quippe
1859 5545 2035 5601 mani-

531 5725 572 5754 δ’
617 5724 749 5778 Gen.
782 5741 936 5782 XVIII.
973 5724 1065 5778 19.
1140 5725 1183 5757 δ’
1221 5724 1378 5780 Joan.
1419 5741 1509 5785 xx.
1546 5726 1631 5780 17.
1706 5725 1751 5757 ⁵³
1789 5724 1923 5781 Gcn.
1955 5742 2042 5784 xw

465 5792 508 5825 “
548 5794 677 5848 ibid.
717 5795 801 5848 15.
878 5794 923 5825 δ’
962 5792 1099 5848 Gen.
1138 5810 1260 5861 nt,
1298 5795 1383 5850 l7.
1463 5796 1507 5827 '°
1549 5795 1680 5851 ibid.
1720 5796 1809 5852 18.

2140 4652 2332 4699 σασαν,
2362 4637 2612 4690 συνεῖσάν
2630 4654 2690 4690 τε
2714 4638 2798 4691 ὅτι
2821 4637 2982 4709 μόνου
2999 4638 3134 4693 Θεοῦ
3154 4642 3349 4709 γένοιτ’
3367 4640 3477 4713 ἂνή
3493 4643 3717 4715 τοιαύτη

2138 4723 2309 4794 φωνὴ,
2345 4726 2642 4797 εἰρηκέναι·
2680 4729 2829 4781 «Ὅτι
2859 4729 2921 4781 σὺ
2954 4729 3086 4793 Θεὸς
3113 4732 3141 4783 6
3170 4730 3369 4786 ἐπιδών
3405 4750 3493 4803 με·
3531 4751 3550 4784 ι
3584 4733 3722 4788 ἀλλὰ

2135 4817 2230 4868 καὶ
2256 4815 2534 4887 δεύτερον,
2566 4819 2656 4871 ὅτε
2685 4820 3069 4892 ἀποδιδράσκει
3114 4821 3236 4894 μεθ’
3271 4823 3474 4893 ἐαυτῆς
3520 4824 3720 4895 ἔχουσα

2141 4905 2230 4958 τὸν
2264 4905 2395 4971 υἱὸν,
2423 4908 2751 4979 γέγραπται’
2777 4930 2794 4961 ι
2836 4912 3122 4965 Ἐκάλεσεν
3139 4913 3195 4966 δέ
3214 4914 3441 4983 ἄγγελος
3458 4914 3555 4968 τοῦ
3579 4915 3717 4970 Θεοῦ

2139 4999 2236 5071 τὴν
2266 5002 2446 5074 Ἀγαρ
2472 5005 2536 5057 ἐκ
2564 5004 2656 5058 τοῦ
2688 5004 2942 5076 οὐρανοῦ,
2973 5025 2991 5057 ι
3034 5008 3128 5059 καὶ
3156 5001 3308 5061 εἶπεν
3335 5008 3472 5079 αὐτῇ
3495 5007 3565 5062 τά
3592 5010 3720 5064 ἀνα-

2139 5095 2518 5165 γεγραμμένα,
2555 5097 2614 5151 ἐν
2655 5091 2737 5161 οἷς
2787 5098 2933 5150 ἐστιν
2972 5098 3065 5151 καὶ
3110 5099 3194 5151 τό·
3244 5118 3262 5151 ι
3310 5102 3404 5164 Εἰς
3429 5099 3540 5171 γὰρ
3567 5100 3715 5163 ἔθνος

2142 5185 2351 5255 ποιήσω
2381 5187 2532 5240 ain-6'
2563 5207 2580 5239 ι
2620 5189 2778 5261 δῆλαι
2809 5189 2856 5242 δ’
2882 5191 2963 5245 ὅτι
3005 5192 3066 5244 τὸ
3096 5193 3327 5247 παιδίον·
3362 5195 3499 5265 ὅπερ
3531 5194 3710 5247 οὐκέτι

2140 5273 2231 5327 τὸν
2263 5274 2491 5344 ἄγγελον
2523 5277 2835 5345 ἀξιόπισττν
2864 5280 2930 5335 ἂν
2968 5281 3055 5351 εἴη
3081 5281 3288 5350 λέγειν,
3310 5282 3445 5336 Θεοῦ
3474 5283 3581 5354 γὰρ
3608 5283 3710 5334 πά-

2140 5366 2223 5420 λιν
2246 5370 2279 5438 ὴ
2302 5370 2620 5438 ἐπαγγελία.
2653 5372 2810 5436 Τίνος
2840 5369 2933 5426 οὖν
2962 5374 3167 5445 Κυρίου
3191 5373 3448 5428 ἐκάλεσεν
3472 5379 3505 5446 ἡ
3538 5378 3714 5444 ’Δγαρ

2139 5456 2395 5529 τοῦνομα·
2442 5479 2458 5512 ι
2498 5462 2569 5515 Σὺ
2596 5464 2624 5515 6
2650 5463 2780 5527 Θεὸς
2825 5467 2854 5517 6
2899 5463 3097 5518 ἐπιδών
3124 5481 3212 5537 με,
3250 5486 3269 5518 ›
3312 5465 3587 5520 κάνταῦθα
3614 5466 3714 5533 τῇς

2142 5549 2181 5600 Γ
2188 5552 2364 5622 ραιρῆς
2397 5552 2489 5605 ἐπὶ
2546 5555 2639 5608 τοῦ
2701 5558 2905 5628 Κυρίου
2965 5558 3027 5610 τὸ
3086 5560 3515 5630 τετράγραμμον
3584 5562 3717 5632 παρ’

2051 5772 2064 5798 ,
2090 5731 2143 5785 6.
2222 5730 2266 5762 ’⁵⁵
2300 5729 2433 5785 ibid.
2469 5731 2518 5786 7.
2595 5733 2641 5765 “
2677 5733 2808 5790 ibid.
2843 5733 2897 5791 9.
2975 5734 3021 5769 “
3051 5734 3291 5792 ibidJO'.
3368 5736 3412 5771 ’⁸⁷
3456 5734 3587 5794 ibid.
3628 5736 3717 5791 Η.
