4106 6416
418 312 556 372 105Ί

1444 302 1741 359 ECLOGZE
1784 300 2269 357 PROPliETlCAZ.
2312 333 2379 353 -.—
2422 299 2548 353 [.lB.
2592 297 2631 352 ί.

3542 304 3671 360 3038

417 428 893 504 Ἕϐραιοίςθὸτομα
944 423 1336 498 περιεχούσης;
1376 423 1409 493 ἢ
1443 422 1600 493 δῆλον
1639 425 1702 475 ὲκ
1726 421 1834 475 τῶν
1866 439 1999 494 προ-

2105 421 2301 477 festum
2326 430 2409 477 est
2441 422 2585 475 hunc
2621 435 2740 475 esse
2796 419 3059 488 Verbum,
3113 421 3167 475 in
3222 421 3490 492 pl‘lltClplO
3528 423 3672 494 apud

407 522 836 594 αποδεδομὲνων,
864 521 946 573 ὅτι
968 519 1033 589 δὴ
1057 516 1149 569 τοῦ
1182 517 1239 568 ὲν
1270 516 1410 586 ἀρχῇ
1441 514 1577 585 πρὸς
1597 513 1689 566 τὸν
1725 512 1857 566 Θεὸν
1884 504 1999 566 Δός

408 631 530 683 γου,
564 612 620 676 δς
654 609 1067 682 ἐπιπαρὼν,κα”ι
1095 606 1165 659 τὰ
1197 606 1317 658 κατ’
1366 602 1773 683 ἁνθρὼπουςὲξ
1816 603 1992 675 ἀρχῆς

408 707 622 779 ἐφορῶν
642 724 702 759 τε
724 706 817 758 καὶ
835 700 1153 772 οἰκονομῶν,
1172 701 1282 761 τοῖς
1312 697 1411 770 μὲν
1436 682 1875 767 έπαναϐεϐηκόσι
1896 694 1992 747 καὶ

407 798 635 861 τελείοις
663 796 939 867 ἀνδράσιν,
974 790 1084 855 οἷος
1120 787 1188 862 ἦν
1226 792 1253 843 ὃ
1286 807 1345 842 τε
1390 787 1641 860 Ἀϐραὰμ
1667 786 1762 840 καὶ
1807 784 1992 839 Ἰσαὰκ

409 888 504 940 καὶ
538 885 751 950 Ἶακὼϐ,
782 884 944 947 αὐτὸς
966 882 1032 936 δι’
1060 878 1255 936 ἑαυτοῦ
1273 880 1563 952 παρείχετο
1587 878 1685 942 τάς
1707 877 1988 942 ὀπτασίας

408 984 519 1044 τοῖς
544 980 594 1032 δὲ
622 978 723 1048 τῆς
751 976 955 1045 τοιᾷτων
985 975 1187 1047 ἀρετῆς
1211 974 1549 1037 ἀποδέουσιν,
1572 966 1778 1043 οἷοςὲῆν
1801 973 1830 1025 6
1845 969 1989 1036 Λὼτ,

409 1069 503 1122 καὶ
530 1070 580 1121 οἱ
610 1070 667 1121 έν
691 1070 803 1131 τοῖς
824 1068 1055 1136 Κριταῖς
1076 1063 1282 1119 Γεδεὼν
1306 1080 1367 1116 τε
1395 1063 1487 1116 καί
1506 1061 1727 1126 Μανωὲ,
1761 1059 1856 1114 καὶ
1878 1060 1992 1114 ὅσοι

406 1159 619 1223 τούτοις
639 1159 967 1230 ὲμφέρονται
1000 1155 1392 1229 παραπλήσιοι,
1424 1155 1750 1225 λειτουργοῖς
1765 1154 1860 1206 καὶ
1880 1151 1994 1206 δια-

406 1248 588 1312 κόνοις
620 1252 730 1311 τοῖς
759 1246 849 1300 ὑπ’
876 1246 1036 1301 αὐτὸν
1064 1245 1226 1309 θείοις
1250 1242 1501 1312 ἀγγέλοις
1519 1241 1800 1314 χρώμενος
1829 1240 1993 1294 πολυ-

408 1341 597 1414 μερῶς
631 1341 725 1394 καὶ
776 1333 1128 1410 πολῦτρόπως
1188 1337 1481 1408 παρείχετο
1545 1335 1611 1388 δι’
1664 1334 1841 1390 αὐτῶν
1896 1334 1997 1398 τὰς

405 1433 762 1502 ἐπαγγελίας.
796 1430 980 1502 Ταύτῃ
1013 1429 1143 1499 γοῦν
1181 1431 1275 1483 καὶ¹
1302 1431 1368 1500 τῇ
1411 1428 1594 1499 ’Λγαρ
1614 1469 1628 1493 ,
1659 1427 1753 1480 ἆτε
1800 1426 1875 1497 μὴ
1907 1425 1994 1497 οἵᾳ

405 1540 472 1577 τε
497 1522 633 1595 οὔσῃ
669 1540 754 1576 πω
780 1520 880 1593 τὴν
907 1518 1069 1574 αὑτοῦ
1099 1518 1194 1572 τοῦ
1227 1518 1374 1571 θείου
1406 1517 1580 1586 Λόγου
1610 1519 1809 1588 χωρεῖν
1829 1519 1995 1569 ὀπτα-

410 1616 557 1680 σίαν,
592 1615 680 1668 διὰ
707 1613 801 1668 τοῦ
848 1613 1078 1683 ἀγγέλου
1117 1611 1184 1664 τὰ
1223 1610 1688 1682 ἀναγεγραμμένα
1720 1607 1991 1674 θεσπίζει·

408 1709 464 1760 εἰ
497 1705 619 1777 (ἔτι)
649 1706 705 1759 δὲ
750 1705 845 1758 καὶ
886 1704 966 1770 τῷ
1000 1701 1193 1757 Ἰακὼϐ
1223 1702 1291 1755 δι’
1336 1701 1582 1771 ἀγγέλων
1621 1701 1991 1769 ὲπιφαίνεται’

2094 513 2285 577 Deum,
2322 515 2466 585 quod
2529 513 2844 578 adveniens,
2884 529 3081 584 resque
3136 514 3416 569 hominum
3456 531 3487 569 a
3531 517 3677 587 prin-

2093 608 2238 677 cipio
2273 607 2570 677 inspiciens
2632 615 2794 677 atque
2849 607 3184 678 gubernans,
3243 609 3676 679 praicellentibus

2096 699 2623 770 perfectioribusque
2664 700 2823 764 viris,
2869 701 3061 770 quales
3101 711 3257 754 erant
3310 700 3675 771 Abrahamus,

2094 791 2314 847 lsaacus
2343 800 2507 861 atque
2526 789 2787 858 Jac-obus,
2838 807 2936 862 per
2976 791 3217 861 seipsum
3268 792 3676 848 manifestatum

2094 886 2200 936 est.
2232 879 2305 934 lis
2334 895 2466 934 vero
2482 881 2574 949 qui
2625 890 2787 935 tantae
2822 880 3008 935 virtuti
3067 882 3304 950 impares
3326 890 3503 945 erant,
3536 882 3679 941 sicut

2094 979 2213 1027 erat
2237 970 2360 1036 Lot,
2410 980 2465 1035 et
2492 972 2549 1026 in
2596 970 2884 1029 Judicibus
2918 970 3139 1028 Gedeon
3170 981 3225 1028 et
3256 971 3468 1039 Manoe,
3523 982 3680 1027 cane-

2094 1064 2283 1133 risque
2303 1077 2490 1118 eorum
2530 1063 2822 1128 similibus,
2876 1063 3151 1119 ministris
3173 1064 3487 1134 legatisque
3518 1078 3678 1134 ange-

2096 1157 2165 1213 lis
2194 1156 2289 1227 qui
2322 1155 2426 1210 sibi
2460 1155 2690 1225 subjecti
2722 1161 2879 1209 erant
2939 1171 3095 1220 usus,
3125 1155 3359 1211 diversis
3394 1156 3678 1227 variisque

2097 1249 2275 1305 modis
2296 1263 2394 1319 per
2420 1263 2514 1303 eos
2544 1246 2802 1301 mandata
2833 1261 2933 1301 sua
2965 1246 3345 1303 denuntiabat.
3379 1247 3520 1303 Huic
3577 1249 3681 1320 igi-

2098 1348 2188 1397 tur
2220 1341 2385 1412 Agar,
2415 1357 2540 1396 cum
2588 1335 2763 1410 ipsius
2807 1339 2979 1394 divini
3038 1339 3199 1396 Verbi
3248 1339 3512 1397 visionem
3539 1342 3682 1398 ferre

2098 1433 2372 1503 nequiret,
2401 1447 2497 1500 per
2546 1432 2800 1503 angelum
2858 1447 2979 1502 qua:
3000 1433 3170 1486 relata
3218 1442 3347 1488 sunt
3379 1433 3674 1504 signiﬁcat.

2096 1524 2302 1580 Jacobo
2357 1524 2521 1580 etiam
2573 1539 2673 1594 per
2724 1525 2950 1595 angelos
3009 1494 3713 1590 manifestaturfverum1

2100 1617 2473 1672 animadverte
2501 1618 2646 1687 quod
2676 1618 2770 1671 tali
2824 1618 2988 1674 modo
3016 1618 3146 1673 huic
3191 1618 3342 1672 visus
3371 1627 3475 1684 est,
3503 1619 3682 1675 adhuc

2103 1708 2423 1764 infirmioris
2456 1709 2721 1776 virtutis;
2774 1724 2900 1764 cum
2947 1718 3128 1766 autem
3169 1711 3461 1782 profecerit
3507 1719 3559 1768 et
3611 1713 3682 1767 ad

409 1773 528 1853 ἀλλ’
553 1773 655 1871 ὅρα
684 1798 763 1851 ὅτι
792 1797 884 1851 καὶ
908 1796 1066 1850 τοῦτο
1090 1798 1208 1849 κατ’
1231 1794 1405 1867 ἀρχὰς
1436 1794 1535 1866 μὲν
1573 1793 1649 1857 ὡς
1683 1793 1748 1847 ἂν
1783 1793 1862 1846 ἔτι
1891 1795 2000 1846 εἰσ-

2105 1801 2492 1873 perfectionem
2550 1803 2893 1872 pervenerit,
2952 1802 3097 1857 nuda
3146 1773 3202 1858 εἰ
3256 1811 3443 1874 aperta
3484 1805 3686 1863 suimet

411 1890 668 1960 αγομένῳ
694 1888 879 1942 τοῦτον
894 1886 1221 1959 χρηματίζει
1242 1887 1331 1939 τὸν
1358 1885 1577 1957 τρόπον,
1599 1883 1931 1957 προκόψαντι
1947 1884 2001 1937 δὲ

414 1984 513 2038 καὶ
546 1984 626 2045 εἰς
668 1981 983 2051 τελειότητα
1017 1979 1252 2033 ἐπιδόντι
1287 1978 1500 2050 γυμνῆς
1532 1977 1626 2030 καὶ
1677 1975 2003 2030 ἀνεπικαλύ-

414 2091 551 2129 πτου
573 2072 672 2143 τῆς
700 2072 836 2134 ιδίας
864 2069 1213 2141 μεταδίδωσιν
1237 2068 1473 2139 ὁμιλίας,
1492 2066 1673 2120 οὐκέτι
1696 2065 1794 2136 μὲν
1815 2066 1880 2118 δι’
1907 2066 2003 2134 ἁγ-

414 2166 590 2237 γέλων
612 2168 707 2219 καὶ
733 2165 799 2218 δι’
833 2163 1137 2237 ἑρμηνέων,
1169 2162 1328 2225 αὐτὸς
1348 2161 1405 2215 δὲ
1432 2161 1496 2214 δι’
1524 2157 1717 2213 ἑαυτοῦ
1742 2160 1771 2212 6
1798 2157 2005 2231 Κύριος

415 2258 514 2315 καὶ
532 2258 667 2321 Θεὸς
698 2257 893 2324 Λόγος,
923 2257 951 2308 ὁ
976 2255 1045 2309 τὰ
1075 2255 1355 2327 δευτερεῖα
1369 2252 1469 2322 τῆς
1499 2252 1772 2324 πατρικῆς
1793 2249 2005 2320 ἐπέχων

417 2348 692 2419 θεότητος,
728 2346 829 2416 τῆς
866 2345 1001 2409 ἰδίας
1029 2344 1192 2397 αὐτὸν
1225 2341 1498 2408 καταξιῶν
1531 2341 1817 2404 ὀπτασίας.

861 2458 1261 2515 ΚΕΦΑΛΑΙΟΝ
1298 2456 1357 2511 E'
1389 2456 1455 2528 (ι.
1488 2456 1563 2527 9).

491 2576 513 2610 ι
533 2557 593 2610 '0
606 2554 755 2627 ἥλιος
780 2552 999 2626 ἐξῆλθεν
1027 2553 1120 2606 51:1
1147 2551 1380 2623 τὴνγῆν,
1397 2551 1491 2603 καὶ
1513 2549 1634 2604 Λὼτ
1661 2546 1905 2618 εἰσῆλθεν
1927 2549 2005 2609 εἰς

416 2647 633 2719 Σηγώρ.
663 2649 773 2702 Καὶ
800 2646 1004 2718 Κύριος
1028 2643 1247 2714 ἔϐρεξεν
1273 2643 1366 2696 51:1
1391 2642 1596 2712 Σόδομα
1634 2641 1728 2694 καὶ
1756 2638 2006 2710 Γόμορρα

415 2740 558 2794 θεῖον
600 2740 692 2792 καὶ
725 2738 837 2809 πῦρ
864 2737 1017 2808 παρὰ
1056 2734 1260 2805 Κυρίου
1312 2735 1378 2787 ὲκ
1411 2732 1503 2787 τοῦ
1551 2728 1804 2803 οὐρανοῦ.
1845 2750 1862 2781 1
1893 2730 2007 2783 Οὐκ

414 2828 571 2902 οἶμαί
602 2848 724 2884 τινα
756 2829 865 2883 τῶν
899 2827 1047 2892 ἅπαξ
1077 2825 1521 2881 πεπιστευκότων
1554 2824 1708 2897 ἱερὰς
1753 2823 1851 2876 καὶ
1891 2820 2007 2874 θεο-

417 2920 719 2985 πνεύστους
759 2920 1026 2992 ὑπάρχειν
1055 2919 1154 2983 τάς
1187 2918 1349 2987 ἁγίας
1386 2915 1607 2989 Γραφάς
1637 2916 2006 2988 εὑρεσιλογεῖν

418 3032 474 3068 τι
508 3017 587 3079 είς
610 3016 736 3077 τοὺς
771 3014 989 3077 τόπους,
1024 3010 1325 3080 ἀντιλέγειν
1363 3007 1702 3081 πειρώμενον
1737 3011 1849 3071 τοῖς
1877 3007 2007 3078 1:591

418 3107 516 3161 τοῦ
540 3107 712 3175 Λόγου
733 3105 826 3160 τοῦ
848 3104 985 3159 Θεοῦ
1004 3103 1484 3177 παραδεδομένοις,
1501 3101 1584 3156 ὅτι
1610 3118 1670 3155 τε
1688 3101 1862 3173 προῆν
1883 3100 2008 3154 ὑπό-
2032 3123 2076 3179 c

419 3214 612 3253 στασιν
659 3196 793 3250 ἰδίαν
832 3195 992 3267 ἔχων,
1012 3197 1106 3249 καὶ
1140 3196 1227 3249 δτι
1256 3195 1364 3266 πρὸ
1400 3193 1500 3264 τῆς
1537 3192 2003 3265 ὲνανθρωπήσεως

415 3286 519 3353 τὰς
559 3289 641 3352 εἰς
673 3285 992 3359 ἀνθρώπους
1026 3285 1337 3356 οἰκονομίας
1369 3283 1569 3336 ἐτέλει·
1612 3280 1705 3336 δύο
1738 3280 1848 3353 γὰρ
1888 3283 2003 3335 Κυ-

421 3377 570 3451 ρίους
597 3375 830 3430 ἐνταῦθα
852 3375 1036 3444 σαφῶς
1061 3377 1094 3445 ὴ
1119 3373 1307 3445 Γραφὴ
1326 3372 1674 3444 παρίστησιν,
1705 3371 1759 3425 51'
1775 3386 1842 3440 γε
1863 3370 2006 3425 «Κύ-

424 3484 539 3540 ριος
564 3466 784 3537 ἔϐρεξεν
805 3466 954 3537 παρὰ
982 3464 1208 3536 Κυρίου.
1249 3483 1267 3516 1
1294 3464 1366 3517 T6
1393 3464 1436 3516 δ’
1461 3464 1644 3535 ὅμοιον
1659 3461 1803 3516 ἔστιν
1825 3463 2006 3533 εὑρεῖν

424 3557 579 3629 παρά
608 3557 686 3629 τῷ
722 3556 859 3627 ίερῷ
892 3555 1198 3626 Ἀποστόλῳ
1238 3556 1504 3626 φήσαντι·
1537 3572 1555 3605 ι
1590 3553 1711 3625 Δῴη
1747 3556 1775 3607 6
1801 3553 2007 3626 Κύριος

418 3652 570 3716 ἕλεος
595 3650 673 3722 τῷ
713 3647 1064 3719 Ὀνησιφόρου
1087 3647 1240 3717 οῖκῳσ
1270 3664 1289 3697 1
1323 3646 1438 3699 καίο
1472 3644 1622 3716 «Δῴη
1655 3644 1803 3715 αὐτῷ
1826 3645 2005 3716 εὑρεῖν

415 3745 572 3808 ἔλεος
592 3741 742 3815 παρά
761 3741 966 3812 Κυρίου
990 3742 1047 3795 ὲν
1081 3738 1263 3811 ἐκείνῃ
1292 3740 1360 3810 τῇ
1402 3737 1606 3809 ἡμέρᾳ.
1640 3755 1660 3789 1
1705 3734 1863 3790 Ἀλλά
1896 3735 2005 3807 γὰρ

421 3839 483 3894 ιν
505 3836 717 3900 τούτοις
747 3834 877 3906 περὶ
917 3834 1129 3904 Πατρδς
1159 3833 1252 3887 καὶ
1294 3830 1426 3885 Υἱοῦ
1465 3828 1754 3902 διαρθροῦν
1792 3828 2003 3897 λόγους,

423 3929 502 4001 τῷ
534 3928 631 4001 μὲν
659 3928 907 3998 ἀγενήτῳ
934 3926 1028 3980 καὶ
1057 3925 1231 3997 Πατρὶ
1257 3923 1365 3978 τῶν
1398 3922 1534 3977 ὅλων
1562 3923 1662 3995 τὴν
1692 3920 1834 3976 κατά
1867 3920 2006 3973 πάν-

422 4033 533 4071 των
555 4017 650 4070 καὶ
670 4016 968 4070 κατάὐτοῦ
996 4015 1090 4069 τοῦ
1117 4014 1249 4067 Υῖοῦ
1277 4014 1469 4085 κυρίαν
1485 4031 1543 4067 τε
1570 4012 1665 4068 καὶ
1692 4011 2007 4066 αὐθεντείαν

423 4108 777 4172 ἀνατιθέντας
795 4150 810 4176 ,
840 4106 919 4179 τῷ
953 4107 1011 4160 δὲ
1038 4106 1116 4178 τῷ
1151 4105 1311 4176 Λόγῳ
1343 4105 1412 4159 τὰ
1439 4104 1718 4175 δευτερεῖα
1753 4103 1891 4174 μετὰ
1918 4103 2007 4156 τὸν

424 4201 646 4273 Πατέρα
670 4201 768 4270 τῆς
801 4200 942 4254 κατά
973 4199 1188 4253 πάντων
1210 4197 1319 4250 τῶν
1345 4196 1723 4267 γεγενημένων
1744 4198 1918 4268 ἀρχῆς
1947 4213 2007 4249 τε

425 4293 521 4346 καὶ
544 4289 860 4355 δεσποτείας
877 4291 1266 4362 ἀπονέμοντας.
1294 4290 1385 4352 Δὶς
1407 4285 1465 4342 δὲ
1488 4288 1724 4342 ἐνταῦθα
1754 4286 2011 4360 ὀνομαζο-

429 4381 590 4453 μένου
621 4382 716 4437 τοῦ
746 4381 973 4453 Κυρίου,
999 4380 1140 4434 κατὰ
1165 4381 1256 4435 τό·
1297 4379 1574 4449 ’Ἑϐρεξεν
1596 4378 1810 4448 Κύριος
1849 4380 2010 4447 παρὰ

2106 1890 2525 1947 conversatione
2556 1890 2812 1963 dignatur
2842 1907 2990 1958 eum,
3048 1907 3150 1948 nec
3191 1892 3303 1963 jam
3337 1909 3434 1965 per
3460 1895 3684 1966 angelos

2108 1993 2271 2055 atque
2295 1985 2645 2054 interpretes,
2683 1984 2781 2040 sed
2820 1984 2936 2056 ipse
2988 2000 3087 2055 per
3127 1986 3371 2056 seipsum
3418 1986 3685 2044 Dominus

2107 2085 2161 2132 et
2193 2075 2337 2133 Deus
2389 2075 2652 2142 Verbum,
2710 2077 2983 2134 srcundas
3035 2079 3091 2134 in
3134 2088 3362 2150 paterna
3401 2080 3688 2139 divinitate

2107 2172 2294 2235 partes
2348 2166 2577 2231 habens,
2613 2168 2893 2238 propriam
2934 2168 3005 2223 ad
3056 2184 3179 2224 eum
3214 2171 3478 2227 visionem
3508 2174 3687 2229 mani-

2109 2251 2288 2308 festat.

2721 2449 2951 2506 CAPUT
2982 2451 3046 2508 V.

2192 2564 2209 2596 ι
2254 2543 2345 2600 Sol
2375 2561 2630 2617 egressus
2662 2555 2748 2604 est
2780 2563 2946 2619 super
2962 2556 3164 2605 terram
3198 2558 3252 2607 et
3283 2550 3384 2607 Lot
3404 2554 3687 2631 ingressus

2108 2645 2193 2693 est
2216 2637 2403 2709 Segor.
2433 2639 2604 2709 lgitur
2634 2637 2896 2698 Dominus
2928 2641 3067 2712 pluit
3120 2658 3285 2713 super
3311 2642 3603 2701 Sodomam
3631 2657 3688 2704 et

2109 2728 2471 2785 Gomorrbam
2548 2731 2781 2802 sulphur
2845 2740 2901 2788 et
2968 2734 3146 2805 ignem
3216 2751 3247 2790 a
3313 2735 3551 2797 Domino
3615 2740 3686 2797 de

2108 2822 2250 2876 coelo
2283 2821 2349 2875 ⁸ί.
2385 2841 2404 2874 1
2438 2820 2559 2877 Non
2605 2825 2804 2894 opinor
2834 2825 3071 2896 aliquem
3101 2842 3288 2883 eorum
3310 2870 3326 2895 ,
3392 2829 3487 2900 qui
3518 2831 3689 2887 semel

2106 2910 2462 2968 crediderunt
2487 2927 2676 2970 sacras
2705 2922 2759 2969 et
2790 2914 3055 2974 divinitus
3086 2918 3385 2990 inSpiratas
3407 2937 3531 2980 esse
3555 2938 3689 2981 sal-

2109 3011 2230 3059 ctas
2257 3001 2595 3075 Scriptores,
2618 3007 2803 3063 verbis
2824 3007 3080 3065 haesitare
3098 3010 3186 3066 his
3202 3012 3258 3066 in
3281 3012 3438 3081 locis,
3462 3030 3692 3087 respon-

2109 3094 2241 3151 dere
2276 3104 2608 3168 quaerentem
2640 3099 2708 3155 iis
2738 3116 2862 3171 quae
2907 3101 2975 3157 de
3000 3100 3178 3159 Verbo
3209 3102 3318 3160 Deo
3344 3117 3688 3175 asseruntur,

2109 3189 2254 3259 quod
2283 3191 2697 3261 praeexsistebat
2729 3194 3093 3251 substantiam
3124 3198 3401 3269 propriam
3457 3199 3687 3269 habens,

2107 3291 2163 3337 et
2194 3291 2321 3339 ante
2354 3282 2787 3340 incarnationem
2821 3287 2986 3344 rebus
3021 3289 3306 3344 hominum
3336 3291 3688 3351 moderandis

2106 3384 2358 3445 pmerat.
2389 3372 2490 3430 Hic
2509 3375 2657 3429 enim
2695 3375 2836 3432 duos
2872 3385 3061 3447 aperte
3111 3378 3371 3436 Dominos
3406 3379 3690 3453 Scriptura

2106 3465 2398 3536 designat:
2438 3484 2457 3517 ι
2494 3465 2641 3522 Pluit
2666 3466 2998 3527 Dominus...
3032 3485 3062 3524 a
3109 3471 3360 3531 Domino.
3394 3499 3415 3531 υ
3479 3477 3690 3534 Similia

2106 3559 2347 3626 reperire
2395 3567 2482 3613 est
2514 3555 2659 3630 apud
2712 3568 2963 3616 sanctum
3016 3562 3342 3634 Apostolum
3373 3568 3684 3627 dicentem:

2113 3668 2132 3699 ι
2158 3648 2255 3704 Det
2283 3648 2548 3706 Dominus
2567 3651 2998 3707 misericordiam
3023 3653 3352 3727 Onesiphori
3373 3658 3558 3717 domui
3582 3663 3685 3731 ης»

2105 3749 2159 3794 ει
2187 3757 2201 3794 :
2237 3757 2257 3788 ι
2290 3738 2391 3795 Det
2418 3740 2496 3793 illi
2515 3739 2776 3796 Dominus
2802 3741 3047 3798 invenire
3062 3744 3493 3802 misericordiam
3518 3763 3550 3803 a
3577 3748 3688 3809 Do.

2109 3830 2259 3885 mino
2282 3831 2337 3885 in
2364 3830 2458 3885 illa
2487 3831 2576 3887 die
2603 3828 2671 3884 ⁸³.
2702 3851 2722 3884 1
2752 3832 3042 3889 Enimvero
3066 3833 3225 3892 facile
3251 3838 3411 3892 estin
3441 3839 3551 3896 illis
3566 3856 3689 3912 qua:

2107 3924 2177 3979 ad
2198 3922 2436 3989 Patrem,
2461 3940 2584 3995 quae
2615 3924 2683 3979 ad
2699 3925 2894 3985 Filium
2916 3933 3186 3996 spectant,
3207 3931 3496 4001 perspicue
3513 3946 3690 3990 secer-

2108 4031 2239 4071 nere
2263 4016 2442 4082 verba,
2466 4032 2588 4089 quae
2607 4017 2850 4074 increato
2866 4017 3121 4091 Patrique
3147 4022 3387 4078 omnium
3413 4024 3471 4080 in
3497 4039 3688 4083 omnes

2109 4110 2347 4180 atquein
2373 4109 2553 4185 ipsum
2605 4110 2801 4166 Filium
2853 4111 3286 4175 dominationem
3310 4125 3366 4172 et
3394 4118 3689 4176 auctorita-

2111 4207 2217 4257 tem
2272 4202 2543 4268 tribuunt,
2606 4202 2781 4259 Verbo
2835 4213 3014 4261 autem
3074 4209 3344 4265 secundas
3399 4218 3523 4281 post
3583 4210 3690 4266 Pa-

2110 4301 2249 4350 trem
2316 4304 2502 4366 partes
2560 4296 2844 4367 assignant
2898 4298 2952 4352 in
3007 4301 3250 4356 omnium
3308 4309 3688 4359 creaturarum

2115 4385 2424 4456 principatu
2460 4393 2623 4457 atque
2665 4387 2920 4457 imperio.
2949 4388 3050 4443 llic
3072 4398 3254 4447 autem
3285 4391 3371 4448 bis
3409 4393 3691 4449 nominato

428 4476 704 4543 Kvpt'ov,1
727 4476 807 4539 δὶς
823 4475 964 4528 κατὰ
986 4476 1045 4528 :6
1072 4474 1359 4545 Ἐϐραῖκδν
1376 4474 1469 4526 καὶ
1495 4471 1556 4525 :6
1584 4471 2003 4543 τετράγραμμον

2117 4479 2369 4544 Domino,
2398 4481 2699 4536 secundum
2728 4482 2859 4536 illud
2891 4503 2903 4538 :
2938 4502 2955 4534 ‹
2985 4483 3129 4539 Pluit
3179 4484 3513 4543 Dominus...
3540 4503 3571 4541 a
3592 4486 3691 4542 Do-

427 4565 747 4637 ὲμφέρεται,
780 4567 855 4629 ὡς
879 4567 1196 4636 σαφέστατα
1227 4562 1673 4635 ἀνομολογεῖσθαι
1698 4561 1760 4616 :6
1788 4561 1881 4613 51:1
1918 4560 2011 4617 δύο

426 4655 756 4731 προσώπων,
794 4656 952 4729 δῆλον
993 4657 1039 4710 δ’
1074 4658 1156 4711 ὅτι
1194 4655 1287 4710 τοῦ
1335 4656 1469 4710 Θεοῦ
1512 4657 1606 4709 καὶ
1644 4654 1857 4728 Πατρὺς
1902 4653 2012 4709 τῶν

427 4749 567 4803 ὅλων
587 4748 683 4802 καὶ
712 4748 805 4803 τοῦ
838 4748 1012 4818 Λόγου
1047 4748 1238 4813 αὑτοῦ,
1265 4750 1366 4821 τὴν
1400 4748 1639 4820 ἄρῤητον
1666 4747 1872 4819 ταύτην
1907 4763 2012 4800 πα-

432 4841 873 4913 ραλαμϐάνεσθαι
919 4840 1248 4913 σημείωσιν·
1311 4840 1388 4903 ὡς
1439 4839 1629 4911 μηκέτ’
1694 4837 2010 4910 ἀμφιϐόλως

427 4933 593 5005 ἔχειν,
625 4934 800 4987 εἵπου
827 4933 895 4987 ἂν
914 4933 1130 5005 φέροιτο
1147 4935 1180 5003 ὴ
1200 4932 1421 5005 τοιαύτη
1448 4933 1541 4985 51:1
1556 4930 1652 4985 τοῦ
1681 4930 1817 4984 Θεοῦ
1838 4948 2005 5005 προσ-

427 5022 647 5098 ηγορία,
690 5024 767 5096 μὴ
807 5024 967 5094 μόνον
1012 5025 1105 5078 51:1
1142 5025 1241 5096 τῆς
1272 5023 1538 5092 ὰγενήτου
1589 5019 1802 5089 φύσεως
1835 5020 2005 5090 αὐτὴν

431 5112 977 5185 παραλαμϐάνεσθαι,
1019 5112 1155 5168 ἀλλά
1192 5113 1287 5170 καὶ
1329 5113 1421 5167 51:1
1460 5107 1555 5165 τοῦ
1591 5111 1650 5165 ὲν
1686 5111 1826 5183 ἀρχῇ
1872 5109 2006 5183 πρὸς

429 5206 519 5260 τὸν
549 5205 682 5260 Θεὸν
713 5205 865 5270 ὄντος
883 5206 1077 5277 Λόγου.

960 5407 1358 5462 ΚΕΦΑΛΑΙΟΝ
1398 5408 1489 5474 ς’.

514 5500 602 5553 Ἐν
658 5501 722 5571 τῇ
768 5499 905 5571 πρὸς
948 5499 1040 5551 τὸν
1084 5498 1276 5552 Ἰακὼϐ
1322 5497 1541 5568 εὐλογίᾳ
1572 5496 1600 5548 ό
1644 5496 1828 5551 Ἰσαάκ
1876 5513 2009 5565 φησι

435 5589 573 5661 μετά
597 5606 718 5642 τινα
741 5590 836 5643 καὶ
861 5588 1033 5644 ταῦτα
1050 5606 1063 5619 ·
1099 5608 1117 5641 ι
1146 5589 1256 5644 Καὶ
1278 5586 1717 5642 δουλευσάτωσάν
1743 5603 1824 5641 σοι
1849 5586 1977 5659 ἔθνη
1993 5604 2006 5618 ·

503 5747 548 5780 ¹¹
587 5748 723 5806 Gen.
760 5765 873 5817 ιιι,
906 5749 994 5804 ἓὸ.
1069 5748 1115 5781 ⁸²
1154 5746 1201 5803 Il
1237 5745 1376 5802 Tim.
1413 5762 1461 5811 ι,
1499 5745 1583 5799 ιδ.
1661 5744 1707 5776 ⁸³
1747 5741 1877 5798 ibid.
1920 5741 2008 5799 18.

2113 4570 2284 4637 mino,
2323 4590 2341 4623 1
2374 4570 2460 4627 bis
2502 4571 2805 4627 secundum
2850 4572 3179 4629 Hebraicum
3205 4585 3259 4631 ει
3279 4582 3691 4647 tetragramma-

2113 4669 2209 4717 ton
2229 4661 2488 4731 refertur,
2520 4664 2588 4718 ad
2638 4680 2998 4736 personarum
3043 4667 3363 4726 dualitatem
3393 4669 3690 4725 evidentis-

2114 4755 2253 4809 sime
2274 4754 2750 4827 distinguendam;
2795 4757 3143 4813 manifestum
3187 4767 3271 4815 est
3303 4766 3485 4814 autem
3514 4757 3609 4815 Dei
3635 4769 3690 4815 et

2111 4845 2356 4900 omnium
2386 4845 2590 4911 Patris,
2630 4855 2795 4917 atque
2851 4849 2972 4919 ejus
3027 4848 3191 4905 Verbi
3231 4852 3528 4908 discrimen
3585 4852 3689 4908 hac

2113 4936 2374 4995 ineffabili
2401 4938 2845 4996 denominatione
2860 4943 3155 5014 designari,
3188 4951 3247 4998 ut
3266 4959 3336 5000 ne
3361 4944 3448 5000 cui
3479 4946 3551 5000 sit
3579 4960 3689 4999 am-

2114 5032 2361 5103 biguum,
2396 5030 2444 5088 si
2479 5030 2618 5088 forte
2649 5032 2765 5087 haec
2795 5034 3009 5104 uspiam
3039 5033 3106 5089 de
3128 5032 3237 5090 Deo
3269 5034 3560 5106 appellatio
3591 5033 3689 5089 ad-

2113 5125 2384 5189 hibeatur,
2443 5140 2553 5180 non
2594 5132 2804 5180 tantum
2855 5124 2923 5181 de
2967 5125 3209 5180 increata
3261 5135 3458 5181 natura
3492 5126 3689 5182 intelli-

2115 5218 2345 5287 gendam
2367 5232 2509 5281 esse,
2540 5216 2637 5273 sed
2669 5216 2831 5271 etiam
2856 5214 2924 5271 de
2972 5215 3152 5273 Verbo
3175 5217 3320 5289 quod
3349 5220 3511 5274 estin
3540 5218 3687 5289 priu-

2115 5309 2258 5379 cipio
2281 5309 2425 5379 apud
2460 5308 2650 5367 Deum.

2722 5401 2951 5460 CAPUT
2988 5401 3076 5456 VI.

2188 5491 2247 5548 In
2273 5491 2463 5551 Jacobi
2490 5493 2868 5549 benedictione
2891 5493 3006 5547 haec
3037 5492 3179 5546 inter
3208 5491 3314 5545 alia
3340 5490 3565 5550 lsaacus
3593 5488 3684 5544 di-

2119 5590 2193 5647 cit
2230 5610 2242 5646 :
2284 5609 2304 5645 (
2344 5588 2409 5644 Ει
2443 5591 2684 5648 serviant
2704 5590 2801 5646 tibi
2835 5590 3021 5662 populi
3044 5599 3098 5646 et
3131 5589 3361 5647 adorent
3391 5597 3444 5647 te
3468 5587 3684 5647 tribus:
