4106 6434
482 345 621 403 1.059
1226 340 1498 398 EUSEBII
1540 337 2021 396 CIESARIENSIS
2051 337 2202 393 OPP.
2245 336 2428 393 PARS
2462 336 2546 395 Ill.
2587 370 2653 378 —
2688 338 3097 395 EXEGETICA.
3612 343 3753 404 1043

473 472 590 518 esto
606 461 860 517 dominus
882 460 1111 514 fratrum
1138 464 1381 521 tuorum,
1397 465 1450 512 et
1477 459 1835 513 incurventur
1859 467 1986 512 ante
2010 465 2028 510 t

2127 511 2135 531 γ
2164 463 2257 516 xui.
2291 460 2758 534 προσκυνήσουσιν
2803 477 2883 514 σοι
2925 460 3216 533 ἄρχοντες·
3250 463 3343 516 xui
3381 462 3532 532 γίνου
3564 465 3753 537 κύριος

474 555 569 610 lilii
589 554 761 624 patris
786 553 865 607 tui
880 553 945 608 “.
968 571 985 603 ι
1007 550 1131 606 Haec
1148 550 1386 621 quasiad
1401 548 1661 605 Jacobum
1678 549 1824 605 dicta
1842 550 2031 605 minim

2170 553 2263 608 τοῦ
2306 552 2535 622 ἀδελφοῦ
2572 571 2685 616 σου,
2734 556 2829 608 xui.
2868 554 3330 626 προσκυνήσουσίν
3384 572 3463 609 σοι
3511 557 3618 611 υἱοὶ
3653 557 3750 613 τοῦ

472 662 634 716 posse
651 645 904 700 videntur
924 644 991 699 ad
1013 642 1548 711 eumreferri,neque
1566 641 1630 696 ad
1643 642 1902 712 populum
1920 656 1985 698 ex
1998 656 2029 696 e

2170 646 2376 717 πατρός
2411 663 2524 698 σου.
2568 666 2586 697 ι
2626 643 2707 698 Τά
2737 644 3002 716 λεγόμενα
3033 646 3109 708 ὼς
3149 645 3284 717 πρὸς
3329 646 3419 701 τὸν
3464 647 3657 702 Ἰακὼϐ
3687 652 3748 703 οὐ

469 749 655 793 natum
672 780 687 805 ,
708 738 966 808 populum
999 735 1455 791 circumcisionis.
1471 736 1575 801 Qui
1590 735 1733 790 enim
1757 734 1941 805 populi
1968 751 2031 789 un

2171 738 2312 791 πάνυ
2338 753 2389 790 τι
2417 737 2662 806 φαίνεται
2695 734 2954 790 δύνασθαι
2983 737 3070 790 ἐπ’
3093 737 3255 791 αὐτὸν
3283 738 3605 807 ἀνάγεσθαι,
3629 742 3751 795 οὐδὲ

465 845 629 899 quam
644 829 694 884 ei
710 828 1019 884 servierunt
1041 827 1180 881 ?Aut
1198 842 1319 897 quae
1338 826 1512 883 tribus
1524 842 1649 882 eum
1662 826 2027 882 adoraverunt

2170 828 2275 901 μὴν
2305 830 2398 882 ἐπὶ
2441 828 2531 882 τὸν
2577 827 2633 894 ἐξ
2679 827 2844 881 αὑτοῦ
2877 829 3162 900 γενόμενον
3199 829 3325 884 λαὸν
3368 831 3459 885 τὸν
3497 833 3562 886 ἐκ
3595 850 3751 905 περι-

462 937 627 993 quem
668 922 1016 977 adorabunt?
1054 918 1272 991 quando
1302 935 1543 990 unquam
1568 920 1626 974 in
1654 918 1877 975 fratrem
1899 934 2031 975 suun

2164 922 2337 991 τομῆς
2359 936 2373 949 ·
2409 921 2535 972 ποῖα
2567 917 2675 990 γὰρ
2715 917 2839 989 ἔθνη
2892 919 2985 972 xui.
3031 920 3161 973 πότε
3213 920 3525 975 ἐδούλευσεν
3562 924 3747 994 αὐτῴς

464 1013 900 1069 dominationem
934 1013 1219 1069 exercuit?
1243 1011 1346 1078 Qui
1372 1019 1556 1066 autem
1579 1011 1938 1082 patrisipsius
1962 1010 2031 1065 ﬁli

2163 1011 2197 1083 ἢ
2235 1012 2378 1075 τίνες
2423 1010 2680 1081 ἄρχοντες
2735 1009 2885 1080 αὐτῷ
2930 1012 3378 1083 προσεκύνησαν;
3412 1015 3488 1077 ὼς
3524 1015 3645 1069 τίνα
3691 1017 3749 1069 δὲ

462 1105 556 1175 qui
584 1120 707 1160 eum
740 1105 1023 1160 adoraturi
1047 1105 1352 1159 dicuntur?
1403 1103 1615 1174 Quippe
1660 1104 1828 1158 alium
1861 1118 2031 1173 quem

2163 1105 2255 1157 xui
2285 1104 2676 1175 προσεκύνουν;
2725 1104 2853 1156 πότε
2900 1104 2957 1157 δὲ
2998 1106 3091 1158 xui
3137 1106 3424 1178 ἐκυρίευσε
3457 1108 3551 1160 τοῦ
3594 1108 3747 1170 ἀδελ-

463 1199 589 1251 dam
620 1205 817 1268 praeter
859 1197 1129 1254 Jacobum
1160 1197 1331 1252 ﬁlium
1383 1196 1644 1251 habuisse
1699 1194 1919 1251 lsaacus
1944 1210 2031 1250 non

2159 1196 2263 1267 φοῦ
2295 1195 2494 1262 αὑτοῦ;
2526 1196 2559 1268 ἢ
2595 1196 2736 1260 τίνες
2763 1197 2813 1250 οἱ
2866 1195 2960 1250 τοῦ
2990 1199 3194 1270 πατρὸς
3237 1199 3401 1253 αὑτοῦ
3438 1202 3543 1254 υἱοὶ
3574 1203 3621 1254 oi
3655 1201 3746 1253 λε-

460 1291 780 1356 invenitur,
844 1293 951 1349 nisi
1000 1292 1223 1347 Esaum.
1274 1290 1558 1358 Quomodo
1609 1291 1776 1361 igitur
1828 1290 2031 1361 plurali

2158 1287 2375 1357 γόμενοι
2411 1286 2809 1357 προσκυνήσειν
2856 1286 3035 1357 αὑτῷ;
3076 1289 3185 1341 Καὶ
3217 1289 3329 1374 μὴν
3362 1290 3460 1360 οὐχ
3493 1291 3745 1363 εὑρίσκε-

458 1389 543 1435 ter
592 1381 832 1437 dicitur:
866 1401 884 1433 ι
924 1382 1284 1436 Incurventnr
1311 1390 1437 1437 ante
1474 1390 1525 1436 te
1555 1380 1651 1434 lilii
1686 1382 1858 1452 patris
1883 1380 2031 1434 tui?1

2155 1379 2246 1431 ταί
2276 1395 2338 1446 γε
2367 1379 2395 1431 ό
2434 1377 2620 1431 Ἰσαὰκ
2649 1378 2835 1451 ἕτερόν
2862 1396 2980 1433 τινα
3026 1381 3177 1451 παρὰ
3221 1381 3311 1434 τὸν
3354 1381 3547 1435 Ἰακὼϐ
3579 1384 3742 1456 ἐσχη-

459 1473 586 1528 llaec
614 1483 798 1531 autem
857 1473 1170 1529 notavimus
1226 1480 1517 1543 propterea
1557 1471 1704 1541 quod
1737 1472 1941 1542 saepius
1991 1472 2031 1527 ir

2157 1468 2266 1534 κὼς
2292 1470 2324 1541 ἢ
2361 1470 2520 1541 μόνον
2544 1470 2635 1524 τὸν
2680 1471 2850 1526 Ἥσαῦ
2870 1487 2883 1500 ’
2918 1471 3035 1536 πῶς
3059 1468 3152 1527 οὖν
3184 1473 3559 1545 πληθυντικῶς
3586 1476 3740 1549 εἴρη-

457 1568 758 1639 prophetiis
782 1583 881 1639 per
898 1566 1163 1622 Iacobum
1190 1566 1441 1623 Christus
1458 1565 1817 1636 signiﬁcatur,
1844 1573 1901 1620 ut
1923 1580 2031 1636 pro

2152 1580 2243 1617 ται
2263 1563 2346 1628 τὸ,
2368 1583 2387 1615 ι
2412 1565 2852 1635 Προσκυνήσουσί
2882 1582 2963 1618 σοι
2989 1567 3037 1618 οἱ
3070 1565 3174 1618 uioi
3198 1566 3292 1618 τοῦ
3321 1567 3527 1637 πατρός
3554 1584 3680 1636 σου;
3714 1589 3734 1619 ι

2154 1654 2265 1672 η,-
2375 1654 2468 1672 ω.
2745 1655 3015 1672 ,λυ
3112 1658 3126 1672 ι

458 1661 592 1730 priis
615 1661 932 1717 ostendetur
972 1661 1130 1723 locis,
1170 1659 1519 1729 suspicantes
1554 1673 1741 1717 annon
1771 1658 1914 1714 forte
1939 1660 2031 1714 ista

1114 1750 1349 1769 J__.-_,
1910 1749 2030 1769 ,μμ

2154 1654 2339 1708 Ταῦτα
2371 1654 2415 1707 δ’
2452 1655 2908 1726 ὲσημειωσάμεθα
2941 1656 3028 1709 διὰ
3076 1658 3137 1710 τὸ
3190 1656 3451 1721 πολλάκις
3498 1660 3592 1712 καὶ
3635 1661 3738 1712 Ἰα-

2152 1745 2269 1769 --.κε
2298 1746 2386 1769 -ὶμ
2431 1747 2662 1769 ν----ὶ-.
2698 1747 2753 1769 2.-.
2793 1749 2912 1769 -..9-
2958 1747 3315 1769 —--.._.__l..-_
3356 1746 3711 1769 -__...-__!"-__.

457 1752 513 1804 in
546 1752 667 1821 ejus
695 1752 1065 1807 testimonium
1104 1750 1353 1820 adaptari
1383 1756 1629 1819 possent.
1654 1748 1842 1805 'Simili
1899 1749 2031 1805 enin

2152 1745 2269 1800 κὼϐ
2296 1746 2387 1799 τὸν
2430 1747 2663 1817 Χριστὸν
2696 1747 2753 1799 ὲν
2791 1749 2912 1809 ταῖς
2956 1747 3315 1817 προφητείαις
3356 1746 3733 1818 χρηματίζειν,

458 1842 669 1897 ratione
726 1857 823 1913 per
873 1841 1115 1897 lsaacum
1163 1840 1449 1896 Christum
1485 1848 1711 1897 sanctus
1759 1841 2031 1913 Apostolu

2127 1839 2231 1902 ιὼς
2272 1840 2331 1891 ἐν
2367 1841 2480 1902 τοῖς
2520 1837 2742 1903 οἰκείοις
2781 1837 3122 1910 δειχθήσεται
3148 1839 3354 1903 τόποις,
3386 1839 3735 1902 ὑπονοοῦντες

462 1931 663 1996 innuit,
682 1934 899 1988 dicens:
921 1951 940 1984 ι
970 1933 1281 1989 Abrahamo
1317 1934 1477 1988 dicta:
1498 1943 1627 1989 sunt
1649 1937 2031 2007 promissione:

2151 1932 2223 2002 μή
2255 1949 2329 2003 πη
2371 1930 2467 1985 xui
2509 1930 2681 1985 ταῦτα
2719 1931 2941 1985 δύναται
2975 1934 3093 1995 ταῖς
3144 1931 3273 2003 περὶ
3317 1931 3482 1985 αὑτοῦ
3526 1949 3733 2003 μαρτυ-

455 2033 509 2079 et
526 2027 717 2081 semini
738 2027 878 2098 ejus.
897 2026 1015 2082 Non
1040 2027 1173 2082 dicit
1190 2036 1243 2083 et
1259 2028 1583 2105 seminibus,
1612 2029 1770 2100 quasi
1796 2030 1854 2085 in
1890 2030 2037 2085 mul-

452 2117 527 2172 tis
558 2117 691 2173 :sed
723 2119 881 2188 quasi
909 2119 967 2174 in
997 2135 1106 2174 uno
1139 2140 1150 2174 :
1183 2129 1238 2175 et
1267 2122 1464 2177 semini
1494 2129 1613 2187 tuo,
1642 2123 1737 2194 qui
1771 2129 1855 2177 est
1889 2122 2049 2177 Chri-

2152 2024 2293 2097 ρίαις
2322 2022 2603 2095 ἁρμόζειν.
2633 2024 2845 2095 Ὥσπερ
2868 2024 2999 2092 γοῦν
3034 2026 3128 2078 καὶ
3158 2024 3227 2077 τὰ
3254 2024 3395 2084 κατὰ
3422 2025 3513 2079 τὸν
3550 2025 3734 2079 Ἰσαὰκ
3760 2084 3765 2089 ,

2147 2118 2227 2181 είς
2251 2118 2342 2170 τὸν
2374 2117 2607 2188 Χριστὸν
2649 2116 2971 2187 μετείληφεν
3013 2119 3041 2170 ὁ
3092 2116 3237 2188 ἱερὸς
3267 2117 3587 2182 Ἀπόστολος
3627 2119 3735 2189 φήο

454 2218 575 2265 ειυε
597 2211 663 2266 ⁸⁸.
688 2231 706 2264 ι
726 2211 862 2267 Vide
886 2212 1052 2283 igitur
1074 2214 1120 2269 si
1140 2214 1208 2269 ad
1234 2213 1485 2271 eumdem
1500 2215 1722 2270 modum
1744 2223 1797 2270 et
1821 2231 1943 2288 qua:
1959 2215 2031 2270 Ιιί(

2150 2226 2269 2273 σας·
2307 2225 2327 2259 ι
2362 2207 2451 2280 Τῷ
2479 2208 2536 2261 δὲ
2575 2208 2828 2280 Ἀϐραὰμ
2869 2208 3130 2280 ἐδόθησαν
3167 2211 3222 2263 αἱ
3267 2210 3591 2280 ἐπαγγελίαι
3637 2213 3733 2264 καὶ

452 2300 709 2356 dicuntur
734 2302 1022 2371 de_Jacobo
1049 2320 1159 2358 non
1184 2304 1380 2360 melius
1402 2304 1623 2359 Christo
1649 2307 2038 2371 convenirent;

452 2407 575 2460 quae
606 2393 827 2463 quidem
862 2394 910 2449 si
943 2396 1017 2448 ita
1076 2395 1272 2449 habeat
1296 2397 1379 2450 vir
1426 2396 1728 2461 studiosus,
1760 2412 2035 2466 quamque

450 2483 737 2539 lectionem
765 2485 1039 2555 allegoria:
1070 2486 1284 2556 legibus
1317 2487 1572 2543 conferre
1608 2488 1838 2544 noverit.

2146 2298 2225 2369 τῷ
2257 2299 2526 2370 σπέρματι
2551 2299 2715 2351 αὐτοῦ
2733 2314 2746 2327 ·
2773 2301 2833 2352 οὑ
2858 2299 3004 2368 λέγει
3032 2300 3126 2354 xui
3154 2304 3265 2365 τοῖς
3297 2303 3628 2373 σπέρμασιν,
3655 2303 3733 2366 ὡς

2140 2393 2233 2444 ἐπὶ
2266 2390 2495 2456 πολλῶν,
2522 2390 2638 2444 ἀλλ’
2666 2390 2739 2455 ὼς
2772 2391 2857 2459 ἐφ’
2886 2391 3024 2455 ἑνὸς,
3060 2392 3154 2446 xui
3187 2392 3265 2463 τῷ
3306 2393 3580 2465 σπέρματί
3613 2412 3728 2460 σου,

2132 2485 2190 2547 ὃς
2225 2485 2340 2536 ἐστι
2365 2484 2616 2555 Χριστός·
2652 2503 2671 2535 ι
2703 2484 2803 2555 ὅρα
2825 2484 2873 2537 εί
2902 2484 2976 2555 μὴ
2997 2484 3088 2538 τὸν
3119 2485 3280 2539 αὐτὸν
3307 2487 3507 2558 τρόπον
3537 2488 3631 2540 xui
3660 2488 3729 2541 τὰ

448 2574 682 2629 ινταῦθα
705 2575 780 2640 ὼς
805 2577 934 2647 περὶ
959 2575 1053 2630 τοῦ
1097 2576 1289 2630 Ἰακὼϐ
1318 2579 1581 2651 εἰρημένα
1607 2577 1808 2650 μᾶλλον
1838 2577 2066 2652 ἁρμόζοι
2104 2578 2169 2631 ἂν
2195 2575 2274 2646 τῷ
2341 2575 2403 2644 (f.
2435 2575 2521 2646 10)
2552 2576 2790 2647 Χριστῷ,
2832 2576 2975 2648 ἅπερ
3006 2579 3056 2630 εί
3088 2576 3260 2642 οὕτως
3294 2577 3405 2649 ἔχοι
3436 2580 3465 2632 ό
3497 2580 3729 2651 φιλομα,

448 2667 546 2739 θής
588 2669 821 2741 ἑκάστην
860 2668 1002 2733 λέξιν
1038 2669 1218 2741 νόμοις
1263 2670 1587 2741 ἀλληγορίας
1627 2671 1887 2736 ἐξετάσας
1921 2671 2142 2725 εἴσεται.

1046 2784 1277 2841 CAPUT
1311 2786 1421 2842 vn.
1503 2770 1523 2796 '

524 2894 545 2929 ι
585 2876 786 2934 Mansit
833 2885 1015 2933 autem
1045 2877 1218 2935 Iacob
1247 2880 1401 2937 solus
1437 2900 1450 2936 :
1477 2890 1531 2937 et
1584 2896 1714 2937 ecce
1744 2884 1825 2938 vir
1855 2884 2028 2940 lucta-

2657 2788 3056 2844 ΚΕΦΑΛΑΙΟΝ
3107 2793 3181 2845 Z'.

2204 2900 2222 2932 ι
2255 2879 2584 2951 ’Υπελείφθη
2606 2879 2663 2933 δὲ
2689 2879 2882 2933 Ἰακὼϐ
2912 2880 3070 2951 μόνος
3086 2899 3099 2911 ·
3124 2883 3500 2941 καὶέπάλαιεν
3518 2887 3725 2961 ἄνθρωο

446 2971 611 3026 batur
633 2985 760 3024 cum
806 2985 872 3025 eo
928 2986 1104 3041 usque
1154 2987 1316 3027 mane
1344 2973 1413 3027 ".
1457 2991 1477 3026 ι
1515 2971 1653 3043 Dein
1696 2984 1823 3046 post
1853 2991 2027 3048 pauca

2130 2989 2231 3035 πος
2264 2973 2379 3042 μετ’
2414 2970 2580 3025 αὑτοῦ
2626 2972 2732 3036 ἕως
2772 2972 2937 3043 πρωί.
2982 2991 3002 3025 ι
3041 2969 3174 3031 Εἶτα
3211 2978 3349 3047 μετά
3409 2978 3616 3051 βραχέα
3647 2983 3724 3034 εί..

447 3061 654 3117 Jacobo
683 3060 901 3115 dicente
931 3077 945 3113 :
989 3078 1006 3111 ι
1043 3058 1163 3115 Non
1188 3061 1462 3117 dimittam
1488 3070 1544 3119 te
1576 3063 1687 3120 nisi
1735 3065 2029 3124 benedixe-

2129 3062 2321 3124 πόντος
2366 3060 2459 3114 τοῦ
2499 3060 2710 3125 Ἰακὼϐ,
2751 3079 2770 3113 ι
2813 3063 2887 3115 Οὐ
2932 3063 3005 3135 μή
3054 3080 3114 3116 σε
3145 3067 3449 3123 ἀποστείλω
3493 3071 3592 3124 έάν
3640 3074 3715 3143 μή

452 3153 531 3206 ris
567 3152 742 3218 mihi,
763 3150 901 3206 dixit
926 3151 994 3206 ad
1021 3166 1146 3207 eum
1178 3170 1191 3207 :
1237 3151 1395 3218 Quod
1422 3168 1621 3211 nomen
1643 3164 1727 3212 est
1756 3157 1898 3213 tibi?
1922 3157 2029 3216 Re-

2133 3171 2199 3225 με
2225 3153 2528 3226 εὐλογήσῃς
2545 3194 2560 3219 ,
2587 3173 2605 3205 ι
2640 3156 2801 3225 φησὶν
2831 3156 2970 3231 πρὸς
2995 3158 3176 3213 αὐτόν*
3200 3179 3219 3213 ι
3249 3161 3314 3214 Τί
3339 3163 3509 3233 ὄνομά
3526 3180 3606 3218 σοι
3626 3183 3639 3231 ;
3658 3166 3719 3219 ‘0

450 3243 675 3314 spondit
700 3260 712 3295 :
749 3241 938 3299 πείθοι».
964 3243 1034 3298 At
1058 3244 1185 3299 ille:
1211 3243 1589 3317 Nequaquam,
1634 3248 1833 3320 inquit,
1857 3249 2027 3307 Jacob

2128 3245 2186 3298 δὲ
2208 3241 2381 3309 εἶπεν,
2414 3245 2625 3299 Ἰακώϐ.
2658 3242 2827 3301 Εἶπεν
2855 3250 2910 3303 δὲ
2943 3251 3108 3323 αὐτῷ·
3138 3252 3331 3307 Οὐκέτι
3361 3253 3554 3308 Ἰακὼϐ
3583 3257 3715 3329 κλη-

450 3332 816 3402 appellabitur
844 3347 1046 3388 nomen
1076 3339 1255 3401 tuum,
1288 3334 1385 3390 sed
1442 3334 1613 3392 Israel
1647 3357 1661 3393 :
1692 3339 1951 3410 quoniam
1984 3341 2031 3397 si

2135 3336 2357 3407 θήσεται
2397 3338 2456 3389 τὸ
2490 3337 2660 3409 ὄνομά
2692 3356 2808 3405 σου,
2842 3340 2956 3394 ἀλλ’
2996 3344 3209 3416 Ἰσραὴλ
3246 3344 3396 3400 ἔσται
3449 3348 3511 3401 τὸ
3541 3349 3717 3419 ὄνομά

446 3426 641 3474 contra
660 3418 830 3476 Deum
856 3420 1018 3478 fortis
1052 3421 1227 3489 fuisti,
1254 3431 1461 3494 quanto
1503 3428 1679 3500 magis
1710 3436 1903 3483 contra
1932 3429 2031 3485 ho-

2135 3444 2250 3491 σου,
2283 3427 2364 3480 ὅτι
2394 3428 2683 3499 ὲνίσχυσας
2713 3432 2850 3501 μετὰ
2896 3434 3061 3501 θεοῦ,
3106 3437 3200 3490 xui
3233 3438 3371 3508 μετὰ
3413 3418 3713 3512 ἀνθρώπιον

449 3513 627 3568 mines
648 3513 1060 3583 praevalebis"!
1108 3536 1125 3567 υ
1147 3514 1215 3569 Ει
1245 3526 1371 3587 post
1396 3532 1571 3587 pauca
1596 3537 1609 3574 :
1641 3537 1660 3571 ι
1689 3516 1914 3576 Vocavit
1939 3519 2035 3576 Ja-

449 3604 553 3657 θυι)
587 3619 785 3659 nomen
809 3605 915 3662 loci
969 3606 1118 3662 illius
1147 3604 1393 3665 Phanuel
1427 3610 1603 3681 (visus
1644 3609 1763 3683 Dei)
1791 3611 1983 3669 dicens
2012 3629 2026 3665 :

447 3690 572 3747 Vidi
602 3693 891 3750 Dominum
936 3695 1076 3752 facie
1117 3697 1185 3753 ad
1212 3698 1409 3755 faciem
1442 3708 1497 3756 et
1557 3702 1711 3757 salva
1759 3703 1902 3759 facta
1947 3714 2032 3760 est

444 3784 625 3837 anima
654 3800 775 3841 mea
792 3786 858 3841 ⁵⁸.
894 3805 913 3839 ι
942 3785 1154 3853 Quibus
1180 3787 1332 3844 addit
1359 3788 1647 3861 Scriptura
1669 3810 1682 3848 :
1708 3810 1727 3844 ι
1755 3791 2030 3864 Ortusque

445 3882 532 3929 cst
560 3875 610 3929 ei
644 3878 834 3931 statim
861 3878 965 3943 sol,
995 3886 1285 3950 postquam
1350 3887 1738 3953 transgressus
1767 3892 1853 3939 est
1888 3884 2032 3939 Pha-

444 3967 575 4021 nuel
609 3967 783 4040 (visus
808 3967 928 4040 Dei)
958 3969 1025 4022 ”.
1063 3989 1082 4022 ›
1140 3971 1455 4027 Abrahamo
1516 3974 1735 4043 quidem
1792 3979 2027 4046 primum

445 4059 658 4112 somnio
688 4057 955 4116 Dominus
989 4062 1400 4132 manifestatur,
1426 4073 1481 4119 et
1509 4067 1709 4137 saepius
1763 4068 2030 4139 colloqui-

444 4155 575 4215 tur;
610 4156 693 4203 ter
720 4147 845 4204 dein
880 4152 928 4206 ei
964 4152 1118 4208 visus
1167 4149 1431 4221 ’refertur,
1479 4171 1589 4211 non
1621 4158 1677 4211 in
1708 4166 1888 4223 nocte,
1933 4162 2025 4215 sed

447 4255 546 4309 per
601 4240 885 4295 meridiem
945 4242 1135 4311 visus;
1182 4245 1238 4299 in
1273 4247 1435 4302 tertia
1481 4249 1629 4304 enim
1690 4253 2027 4322 apparitione

444 4331 565 4398 ipso
587 4328 891 4385 meridiano
927 4338 1173 4404 tempore
1205 4335 1326 4406 ejus
1355 4337 1655 4410 hospitium
1683 4343 1900 4412 excipit.
1934 4343 2027 4398 Ja-

443 4418 584 4471 cobo
617 4426 797 4473 autem
830 4422 1067 4489 primum
1122 4426 1342 4494 quidem
1407 4436 1532 4498 post
1579 4429 1714 4486 solis
1766 4447 2021 4490 occasum

442 4507 622 4563 media
650 4512 893 4565 noctein
917 4515 1150 4571 somniis
1173 4526 1420 4588 apparet,
1481 4521 1539 4575 in
1571 4520 2018 4594 Mesopotamiam

442 4598 819 4666 descendenti,
855 4616 979 4656 cum
1032 4620 1127 4675 per
1159 4586 1412 4663 somnum
1468 4613 1684 4683 aspexit
1725 4586 2016 4675 caelestem
2050 4586 2095 4639 θ

441 4690 670 4760 scalam,
720 4691 1051 4764 a'ngelosque
1089 4697 1145 4751 in
1177 4699 1296 4768 ipsa
1325 4703 1685 4761 ascendentes
1712 4714 1767 4762 et
1793 4708 2023 4767 descen-

439 4780 653 4848 dentes,
691 4784 1010 4856 audivitque
1061 4787 1353 4846 Dominum
1409 4794 1659 4853 innixum
1708 4801 1871 4857 scala:
1912 4803 2019 4859 sibi

440 4871 711 4927 dicentem
742 4894 757 4930 :
795 4893 813 4925 ι
852 4875 965 4947 Ego
994 4894 1119 4934 sum
1148 4879 1411 4941 Dominus
1441 4885 1585 4945 Deus
1623 4890 1898 4947 Abraham
1921 4909 2019 4965 pa-

436 4966 542 5021 tris
565 4966 646 5021 tui
671 4968 740 5032 '°,
780 4987 798 5021 ι
835 4977 889 5023 et
915 4971 1150 5042 reliqua,
1196 4990 1317 5045 quae
1340 4980 1700 5049 sequentibus
1730 4998 1829 5054 per
1853 4999 2019 5056 ange-

437 5055 549 5111 lum
577 5058 628 5112 ei
657 5056 804 5112 dicta
836 5058 1007 5117 fuisse
1037 5062 1516 5137 demonstrantur;
1573 5073 1812 5128 secunda
1835 5055 2014 5130 mani-

2129 3520 2368 3585 δυνατός.
2390 3541 2408 3573 ι
2436 3524 2545 3576 Καὶ
2576 3520 2732 3589 αὖθις
2761 3526 2878 3596 μετ’
2904 3526 3111 3596 ὀλίγως
3133 3531 3417 3586 Ἐκάλεσεν
3434 3533 3626 3588 Ἰακὼϐ
3653 3537 3715 3589 τὸ

2130 3613 2300 3684 ὄνομα
2324 3614 2417 3668 τοῦ
2455 3616 2620 3670 τόπου
2651 3617 2860 3671 ἐκείνου
2894 3615 3045 3685 Εἶδος
3073 3621 3208 3675 Θεοῦ
3230 3641 3244 3655 ο
3272 3619 3410 3678 εἶδον
3438 3625 3546 3697 γὰρ
3581 3628 3713 3681 Θεὸν

2131 3705 2420 3775 πρόσωπον
2454 3707 2587 3778 πρὸς
2624 3707 2931 3781 πρόσωπον,
2964 3710 3056 3766 xui
3086 3712 3261 3784 ἐσώθη
3292 3717 3324 3786 ἡ
3355 3715 3498 3788 ψυχή
3534 3734 3653 3788 μου.
3688 3737 3705 3768 ι

2131 3792 2226 3859 Οἷς
2277 3797 2528 3869 ἐπιφέρει
2581 3800 2863 3866 φάσκουσα
2923 3805 2956 3873 ἠ
3009 3804 3233 3875 Γραφὴ,
3265 3825 3281 3855 ι
3332 3807 3593 3860 Ἀνέτειλε
3652 3809 3710 3861 δὲ

2128 3882 2277 3953 αὐτῷ
2309 3884 2459 3954 ἥλιος
2488 3887 2650 3958 ἡνίκα
2695 3891 2938 3961 παρῆλθε
2970 3893 3030 3946 τὸ
3061 3890 3200 3957 εἶδος
3228 3896 3322 3949 τοῦ
3364 3898 3520 3951 Θεοῦ,
3562 3919 3581 3950 ι
3619 3901 3711 3971 Τῷ

2132 3975 2230 4044 μὲν
2276 3975 2524 4047 Ἀϐραὰμ
2562 3980 2799 4051 ἀρχῆθεν
2839 3982 2987 4055 ῦπαρ
3032 3985 3061 4035 ὁ
3100 3987 3303 4057 Κύριος
3352 3989 3705 4060 χρηματίζει,

2128 4068 2221 4120 καὶ
2244 4068 2501 4134 πολλάκις
2531 4072 2630 4143 μὲν
2652 4074 2976 4143 διαλέγεται,
3003 4079 3123 4149 τρὶς
3144 4079 3207 4132 ’δὲ
3230 4081 3379 4152 αὐτῷ
3405 4084 3497 4135 xui
3522 4084 3707 4153 ὀφθεὶς

2128 4160 2557 4233 ἀναγέγραπται,
2589 4167 2682 4219 xui
2713 4166 2811 4219 οὐκ
2836 4170 2892 4220 ὲν
2920 4171 3093 4235 νυκτὶ,
3124 4171 3239 4225 ἀλλ’
3268 4176 3325 4226 ὲν
3354 4175 3540 4248 ἡμέρᾳ
3566 4178 3707 4249 μέσῃ

2126 4252 2309 4321 ὀφθείς
2328 4271 2341 4283 ο
2372 4255 2433 4307 τὸ
2464 4256 2593 4324 γοῦν
2617 4257 2798 4329 τρίτον
2824 4261 2918 4314 καὶ
2948 4263 3006 4315 ὲν
3038 4264 3172 4334 αὐτῇ
3210 4266 3524 4338 μεσημϐρίᾳ
3556 4269 3707 4339 αὐτῴ

2125 4344 2496 4411 ὲπιξενοῦταν
2541 4346 2618 4419 τῷ
2668 4349 2724 4403 δὲ
2781 4350 2973 4405 Ἰακὼϐ
3025 4354 3239 4425 πρῶτον
3305 4358 3401 4427 μὲν
3450 4357 3707 4424 δύναντος

2124 4435 2275 4508 ἡλίου
2309 4439 2367 4490 ἐν
2402 4439 2544 4510 μέσῃ
2578 4443 2733 4495 νυκτὶ
2775 4443 2897 4497 καθ’
2944 4443 3145 4510 ὕπνους
3198 4448 3443 4518 φαίνεται
3484 4451 3605 4503 κατ’
3653 4453 3707 4505 et

2124 4526 2233 4598 γὰρ
2264 4530 2545 4603 (κατιόντι)
2580 4535 2660 4597 είς
2692 4534 3140 4608 Μεσοποταμίαν,
3161 4540 3248 4592 ὅτε
3277 4541 3334 4594 ὲν
3365 4540 3444 4612 τῷ
3464 4543 3706 4614 ὁράματι

2123 4619 2405 4691 θεωρήσας
2431 4624 2529 4695 τὴν
2560 4626 2997 4698 οὐρανοκλίμακα
3037 4632 3131 4683 xui
3161 4633 3286 4696 τοὺς
3316 4634 3703 4699 ἀναϐαίνοντας

2121 4713 2216 4765 xui.
2252 4715 2377 4778 τοὺς
2421 4718 2843 4783 καταϐαίνοντας
2893 4722 2950 4773 ὲν
2998 4724 3135 4794 αὐτῇ
3178 4724 3460 4793 ἀγγέλους,
3504 4728 3596 4781 τὸν
3644 4729 3703 4783 δὲ

2120 4804 2323 4876 Κύριον
2365 4809 2826 4882 ἐπεστηριγμένον
2867 4816 2953 4867 ἐπ’
2984 4816 3186 4887 αὐτῆς,
3226 4817 3411 4872 ἀκούει
3449 4819 3701 4889 λέγοντος

2120 4898 2267 4969 αὑτῷ
2298 4900 2391 4953 τοῦ
2426 4903 2652 4973 Κυρίου,
2695 4924 2713 4957 ι
2760 4905 2898 4975 Ἐγὼ
2945 4907 3147 4980 Κύριος
3189 4913 3217 4963 ό
3264 4910 3397 4975 Θεὸς
3447 4908 3699 4985 Ἀϐραὰμ

2118 4988 2212 5042 τοῦ
2240 4993 2444 5063 πατρός
2478 5010 2591 5058 σου,
2633 5014 2651 5046 ι
2682 4997 2776 5049 καὶ
2800 4997 2866 5050 τὰ
2893 4997 3071 5064 λοιπὰ,
3108 5000 3143 5054 ἃ
3171 5002 3264 5055 xui
3295 5002 3402 5056 ἀπὸ
3430 5002 3539 5057 τῶν
3570 5004 3696 5075 ἑξῆς

2119 5082 2443 5152 παρίσταται
2467 5084 2533 5138 δι’
2563 5087 2793 5156 ἀγγέλου
2826 5089 2974 5158 αὐτῷ
3008 5092 3243 5161 εἰρηκώς
3264 5111 3278 5124 ·
3312 5094 3404 5147 xui
3443 5095 3693 5169 δεύτερον

436 5145 656 5205 festatio
681 5150 737 5205 in
775 5150 1161 5222 Mesopotamia
1211 5158 1352 5214 facta
1400 5167 1508 5227 est,
1555 5177 1683 5218 cum
1734 5164 1785 5219 ei
1836 5166 2012 5221 adfuit

2127 5171 2167 5224 se
2190 5145 2247 5224 έν
2271 5176 2336 5245 τῇ
2372 5145 2785 5250 Μεσοποταμίᾳ,
2814 5181 2902 5234 ὅτε
2945 5145 3177 5250 έπιστάς
3213 5145 3370 5252 αὖθις
3410 5190 3439 5241 ό
3476 5188 3565 5242 διὰ
3598 5145 3686 5243 ἑοῦ

436 5238 683 5312 dixitque
737 5240 1025 5310 Dominus,
1064 5255 1123 5302 ut
1182 5255 1669 5321 tetragrammaton
1716 5256 2006 5312 ostendit:

442 5349 461 5381 ι
494 5330 785 5390 Revertere
815 5335 873 5391 in
895 5346 1097 5393 terram
1130 5348 1347 5412 patrum
1392 5350 1636 5411 tuorum,
1667 5354 1722 5403 et
1749 5348 1817 5402 ad
1844 5365 1983 5421 gene

2112 5266 2532 5336 τετραγράμμου
2554 5268 2879 5340 δηλούμενος
2904 5273 3106 5345 Κύριος
3131 5275 3281 5330 εἶπεν
3300 5279 3468 5350 αὐτῷ·
3494 5300 3513 5332 r
3538 5282 3686 5332 Ἀπο-

2113 5357 2342 5428 στρέφου
2382 5362 2462 5423 είς
2493 5362 2592 5433 τὴν
2621 5363 2725 5433 γῆν
2762 5365 2870 5418 τῶν
2907 5368 3159 5439 πατέρων
3207 5388 3302 5424 σου
3345 5376 3438 5427 xui
3478 5377 3556 5439 είς
3588 5374 3684 5444 τὴν

435 5423 704 5481 rationem
726 5435 896 5493 tuam,
926 5438 980 5483 et
1000 5445 1096 5485 ero
1127 5438 1308 5487 tecum
1340 5435 1409 5487 “.
1444 5454 1463 5486 ι
1498 5435 1557 5490 ln
1583 5439 1791 5495 somnis
1822 5440 1869 5495 ei
1893 5440 2008 5496 haec

438 5518 610 5536 ,μὴ
637 5516 879 5536 ,πλην
1083 5529 1095 5536 .
1270 5530 1280 5536 .
1346 5522 1408 5536 .._
1478 5527 1535 5536 Α.
1670 5528 1686 5536 -
1804 5528 1871 5536 γ-

2183 5423 2192 5428 -
2258 5423 2265 5425 ξ
2546 5423 2557 5433 .
2632 5423 2692 5433 ..
3053 5423 3064 5439 ,
3253 5423 3292 5424 η
3481 5423 3552 5439 _-,
3600 5423 3673 5444 --Γ

2127 5450 2302 5514 ίενεάν
2333 5455 2553 5515 σουνκαὶ
2578 5453 2771 5527 ἔσομαι
2804 5459 2940 5529 μετά
2975 5461 3087 5514 σοῦ.
3122 5481 3140 5512 ι
3170 5463 3309 5517 Καθ’
3341 5464 3508 5521 ὕπνον
3537 5466 3688 5536 αὐτῷ

435 5518 489 5566 et
514 5527 611 5582 per
636 5516 889 5586 angelum
921 5518 1171 5576 elocutus
1203 5530 1309 5578 est.
1346 5522 1416 5578 Ut
1441 5532 1494 5580 et
1522 5527 1638 5596 ipse
1655 5528 1814 5584 docet
1842 5528 2005 5587 Jaco-

506 5690 553 5722 "
590 5690 728 5765 G_en_.
761 5709 945 5758 xxvu,
981 5694 1072 5751 29.
1148 5699 1193 5731 ⁸³
1231 5698 1409 5755 Galat.
1444 5718 1541 5765 Ill,
1597 5703 1685 5757 16.

437 5759 527 5813 3|.
602 5762 646 5792 θ’
686 5760 821 5817 Gen.
859 5780 1057 5831 xxvm,
1094 5766 1183 5822 15.
1256 5770 1300 5800 ⁶¹
1338 5769 1474 5826 Gen.
1516 5759 1684 5840 im,
1716 5776 1769 5829 ’5.

1794 5707 1839 5737 ⁸⁸
1877 5706 2011 5764 Gen.
2050 5725 2223 5777 xxx",
2279 5712 2369 5768 24.

2109 5536 2281 5591 ταῦτα
2303 5540 2397 5593 xui
2419 5541 2485 5593 δι’
2509 5543 2741 5611 ἀγγέλου
2766 5547 2985 5619 εἴρηκεν
3005 5569 3016 5581 ·
3045 5551 3121 5617 ὡς
3161 5554 3217 5608 δὲ
3246 5556 3408 5617 αὐτὸς
3429 5559 3459 5610 ό
3495 5556 3690 5613 Ἰακὼϐ

2483 5717 2526 5747 ⁸⁷
2570 5717 2698 5775 ibid.
2758 5722 2940 5780 26-28.
3047 5728 3092 5760 ⁵⁸
3131 5730 3260 5785 ibid.
3313 5732 3400 5790 30.
3467 5736 3511 5772 ”
3550 5738 3689 5796 ibid.
