4106 6422
400 445 529 499 10.21
1418 429 1719 486 ECLOGIE
1761 429 2243 486 PROPHETICE.
2288 460 2352 470 -—-
2390 427 2519 483 ΜΒ.
2552 426 2593 482 1.
3515 418 3659 473 1049.

394 563 633 618 διδάσκει
664 561 765 615 ἀνα
796 560 953 630 (ἅμα)
988 555 1117 625 γοῦν
1144 558 1209 626 τῇ
1237 554 1358 624 θείᾳ.
1386 555 1535 624 φωνῇ
1566 552 1662 624 τὴν
1696 553 1860 606 Λείαν
1889 554 1973 606 καὶ

2086 554 2211 616 bus,
2247 551 2455 604 vocatis
2483 547 2590 602 Deo
2614 544 2842 614 jubente
2868 541 3071 596 Rachel
3100 546 3153 594 et
3205 538 3324 601 Lia,
3347 536 3536 606 eisque
3569 535 3658 589 in-

393 655 492 726 τὴν
535 652 734 724 Ῥαχὴλ
777 628 1146 713 ἀνακαλέσας,
1197 647 1315 718 μεθ’
1345 646 1510 717 ἔτερα
1548 645 1640 698 τὸν
1688 646 1973 715 γενόμενον

2086 652 2166 699 ter
2236 642 2341 695 alia
2404 638 2748 710 apparitione
2799 650 2921 707 quae
2979 633 3084 688 sibi
3140 638 3399 693 evenerat
3463 628 3656 683 relata:

394 719 544 816 αύτῷ
576 719 957 816 χρηματισμὸν
1006 739 1312 793 ἀνατίθεται
1361 739 1549 801 αὐταῖς
1584 736 1779 806 λέγων,
1810 757 1828 788 ι
1871 738 1973 791 Καὶ

2090 754 2107 785 ε
2148 732 2402 803 Dixitque
2434 731 2660 801 angelus
2691 727 2932 789 Domini,
2987 724 3184 795 inquit,
3210 723 3276 776 ad
3302 734 3388 775 me
3428 719 3483 772 in
3511 733 3660 773 som-

391 811 527 894 εἶπέ-
742 811 973 904 ἄγγελος
1002 832 1096 886 τοῦ
1125 828 1260 884 Θεοῦ
1308 830 1428 885 καθ’
1469 829 1655 895 ῦπνον,
1701 829 1914 888 Ἰακὼϐ,
1956 848 1973 879 ι

2082 827 2187 893 nis,
2216 826 2407 881 dicens
2440 823 2646 879 :Jacob
2676 822 2746 889 ⁶²;
2785 839 2803 873 ι
2837 827 2891 875 et
2940 825 3158 881 caetera,
3205 814 3259 868 in
3304 811 3504 883 quibus
3537 811 3612 862 ait
3642 826 3657 862 :

393 934 489 988 καὶ
537 902 607 987 τά
652 902 802 1003 ἑξῆς,
828 902 911 984 ήὲν
959 923 1039 993 οἷς
1093 944 1277 998 φησιν’
1320 944 1339 976 ι
1383 925 1525 995 Ἐγώ
1557 927 1671 997 εἰμι
1717 925 1745 976 6
1791 924 1973 988 Θεὸςὰ

2088 938 2106 970 ‹
2145 918 2258 988 Ego
2288 932 2408 973 sum
2438 914 2581 970 Deus
2610 915 2763 969 visus
2789 912 2887 968 tibi
2928 911 2984 965 in
3017 913 3136 964 loco
3188 907 3306 970 Dei,
3333 905 3425 960 ubi
3452 902 3661 957 unxisti

391 1022 580 1094 ὀφθείς
605 1039 686 1075 σοι
708 1023 765 1074 έν
790 1020 941 1090 τόπῳ
961 1020 1094 1072 Θεοῦ
1112 1035 1125 1049 ο
1153 1010 1214 1070 οῦ
1239 1015 1465 1087 manu;
1495 1032 1584 1087 μοι
1611 1016 1729 1068 ἐκεῖ
1756 1015 1979 1087 στήλην,

394 1116 487 1169 καὶ¹
514 1113 665 1186 ηὔξω
691 1130 779 1184 μοι
806 1114 926 1165 ὲκεί
964 1112 1129 1182 εὐχήν
1148 1128 1163 1143 ·
1192 1108 1288 1165 νῦν
1329 1104 1421 1162 οὖν
1453 1106 1736 1179 ἀνάστηθι,
1773 1108 1867 1160 καὶ
1896 1107 1982 1175 ἐξ·

390 1205 513 1260 ελθε
545 1207 609 1259 ὲκ
633 1206 735 1276 τῆς
764 1205 871 1276 γῆς
902 1204 1127 1274 ταύτης,
1162 1204 1255 1258 καὶ
1286 1201 1486 1257 ἄπελθε
1513 1203 1593 1264 είς
1620 1202 1718 1273 τὴν
1752 1201 1854 1272 γῆν
1881 1201 1981 1271 τῆς

389 1296 655 1367 γενέσεώς
695 1314 807 1350 σου.
849 1316 869 1350 ι
901 1296 1054 1350 Μετά
1083 1296 1141 1348 δὲ
1190 1295 1361 1349 ταῦτα
1398 1293 1793 1364 ὑποστρέψαντι
1834 1291 1982 1362 αύτῷ

388 1391 499 1446 ἀπὸ
534 1391 633 1463 τῆς
661 1389 1087 1460 Μεσοποταμίας
1128 1390 1342 1460 πρῶτον
1373 1386 1470 1459 μὲν
1502 1386 1605 1458 ἤδη
1642 1386 1852 1458 πρωΐας
1891 1382 1982 1437 οῦ-

391 1499 493 1554 σης
526 1483 862 1553 συνήντησαν
905 1482 953 1534 οἱ
1003 1480 1222 1549 ἄγγελοι
1273 1479 1366 1533 τοῦ
1394 1478 1551 1542 Θεοῦ,
1587 1478 1715 1551 περὶ
1766 1470 1841 1531 ὧν
1886 1476 1982 1530 καὶ

387 1569 530 1627 εἴπε-
560 1593 579 1626 ι
608 1572 939 1645 Παρεμϐολὴ
960 1571 1095 1626 Θεοῦ
1121 1570 1288 1643 αὕτη·
1322 1591 1340 1623 ι
1368 1573 1462 1625 καὶ
1492 1571 1636 1634 είκός
1662 1588 1724 1638 γε
1760 1569 1979 1633 τούτους

386 1667 631 1730 ἐκείνους
658 1662 821 1730 εῖναι,
850 1664 945 1729 οὓς
974 1664 1236 1736 πρότερον
1270 1665 1363 1717 ἐπὶ
1390 1664 1488 1733 τῆς
1514 1662 1778 1734 κλίμακος
1804 1663 1979 1733 έωράο

387 1771 506 1808 κειο
550 1749 669 1807 εἶτα
704 1754 762 1807 δὲ
808 1738 905 1808 καὶ
951 1753 1228 1807 ἀνατέλλει
1271 1752 1419 1825 αύτῷ
1459 1756 1486 1807 6
1529 1753 1787 1823 ἀνωτέρω
1817 1752 1980 1815 δύνας

385 1845 539 1916 ἥλιος
569 1841 708 1917 μέτά
736 1845 834 1917 τὴν
876 1845 1297 1919 προεκτεθεῖσαν
1340 1846 1666 1917 περικοπὴν,
1698 1847 1756 1897 ἐν
1854 1845 1980 1913 φαί-

2082 1010 2340 1081 lapidem,
2372 1017 2425 1062 et
2449 1017 2634 1061 votum
2659 1006 2856 1061 vovisti
2886 1004 3041 1060 mihi.
3070 1003 3227 1057 Nunc
3251 1017 3381 1073 ergo
3411 1015 3573 1071 surge
3602 1007 3657 1054 et

2082 1100 2340 1173 egredere
2363 1099 2431 1155 de
2454 1106 2602 1154 terra
2634 1098 2769 1162 bac,
2801 1106 3072 1153 revertere
3108 1096 3163 1150 in
3198 1104 3397 1151 terram
3458 1092 3659 1148 nativia

2082 1194 2214 1249 tatis
2246 1204 2352 1248 tuae
2380 1192 2443 1245 ⁸³.
2486 1212 2504 1245 ›
2543 1191 2675 1247 Post
2704 1191 2821 1246 haec
2848 1206 2979 1245 vero
3012 1189 3308 1245 revertenti
3341 1204 3371 1243 e
3405 1187 3658 1257 Mesopo-

2081 1287 2249 1341 tamia
2277 1285 2454 1357 primo
2477 1299 2637 1339 mane
2657 1283 2872 1339 obviam
2902 1281 3123 1337 fuerunt
3152 1280 3325 1351 angeli
3352 1276 3565 1332 Domini
3592 1276 3660 1330 de

2082 1376 2283 1447 quibus
2309 1385 2363 1432 et
2393 1375 2532 1430 dixit
2567 1391 2580 1426 :
2619 1393 2637 1425 ι
2670 1372 2865 1429 Castra
2893 1371 2989 1427 Dei
3034 1381 3162 1428 sunt
3191 1373 3306 1426 haec
3337 1370 3403 1424 “.
3443 1388 3461 1421 ι
3503 1366 3659 1423 Veri-

2084 1469 2263 1526 simile
2288 1476 2374 1524 est
2400 1468 2503 1524 bos
2525 1482 2671 1532 esse,
2703 1480 2843 1536 quos
2872 1465 3027 1534 prius
3080 1471 3245 1532 super
3277 1462 3479 1519 scalam
3509 1459 3658 1514 vide-

2082 1548 2188 1619 rat.
2216 1563 2420 1618 Deinde
2448 1562 2623 1616 oritur
2645 1560 2723 1615 illi
2750 1560 2832 1616 sol
2863 1575 2929 1614 ex
2969 1558 3080 1612 alto
3132 1564 3255 1628 post
3283 1554 3659 1626 supradictum

2083 1658 2286 1719 locum,
2314 1655 2372 1709 in
2405 1668 2514 1725 quo
2537 1653 2754 1709 videtur
2781 1666 2908 1707 cum
2930 1665 2997 1706 eo
3019 1651 3263 1705 luctatus
3293 1664 3388 1719 per
3405 1662 3658 1703 somnum

2082 1748 2176 1819 qui
2205 1746 2271 1801 ad
2302 1762 2426 1801 eum
2450 1745 2589 1800 dixit
2618 1761 2631 1796 :
2676 1762 2694 1794 ι
2729 1742 3087 1814 Nequaquam
3134 1738 3305 1796 Jacob
3357 1737 3660 1810 appellabi-

2085 1848 2174 1894 tur
2215 1852 2415 1893 nomen
2449 1843 2627 1899 tuum,
2681 1835 2777 1890 sed
2824 1833 3018 1897 Israel,
3072 1832 3334 1904 quoniam
3384 1831 3430 1884 si
3465 1838 3659 1884 contra

384 1952 534 1991 νεται
558 1936 803 1990 παλαίων
829 1935 977 2007 αύτῷ
1004 1936 1126 1989 καθ’
1152 1936 1353 2001 ὕπνους
1375 1940 1404 1990 6
1431 1939 1606 2009 φήσας
1634 1937 1771 2007 πρὸς
1795 1938 1973 1990 αὐτόν·

2082 1932 2253 1988 Deum
2279 1930 2438 1986 fortis
2476 1927 2654 1993 fuisti,
2679 1932 2888 1998 quanto
2940 1923 3118 1995 magis
3172 1930 3363 1978 contra
3408 1921 3660 1977 homines

390 2046 410 2079 ι
443 2027 639 2082 Οὐκέτι
678 2027 1008 2100 κληθήσεται
1048 2028 1108 2082 τὸ
1142 2027 1314 2101 ὄνομά
1352 2046 1444 2082 σου
1480 2028 1693 2093 Ἰακὼϐ,
1718 2029 1833 2083 ἀλλ’
1869 2030 1969 2083 Ἰσ-

385 2119 522 2190 ραὴλ
554 2118 707 2172 ἔσται
750 2119 812 2173 τὸ
853 2119 1028 2192 ὄνομά
1067 2138 1181 2186 σου,
1225 2122 1307 2175 ὅτι
1339 2121 1624 2193 ἐνίσχυσας
1663 2121 1801 2192 μετὰ
1840 2120 1976 2177 Θεοῦ

383 2209 478 2263 καὶ
509 2208 650 2281 μετά
677 2208 979 2281 ἀνθρώπων
1006 2210 1248 2274 δυνατός.
1285 2230 1304 2262 ι
1332 2209 1485 2263 Μετά
1510 2209 1642 2279 γοῦν
1672 2209 1772 2281 τὴν
1808 2210 1979 2263 ὀπτα-

384 2302 504 2355 σίαν
529 2301 801 2357 ἀνέτειλεν
837 2302 988 2373 αὐτῷ
1019 2306 1048 2356 6
1074 2303 1254 2374 ἥλιοςο
1293 2302 1395 2375 ⁸ἤδη
1421 2302 1479 2355 δὲ
1514 2301 1846 2375 προκόψαντι
1885 2302 1977 2354 καὶ

382 2394 718 2449 τελειωθέντι
750 2395 932 2449 οὐκέτι
976 2395 1099 2450 καθ’
1132 2394 1354 2459 ὕπνους,
1387 2393 1485 2448 ἀλλ
1500 2380 1658 2447 ”ούδὲ
1698 2394 1756 2445 ὲν
1796 2392 1971 2458 νυκτὶ,

381 2487 500 2541 οὐδὲ
529 2488 596 2542 δι’
625 2488 879 2558 ἀγγέλου,
902 2489 1022 2542 οὐδὲ
1062 2488 1168 2561 μὴν
1208 2488 1276 2541 δι’
1310 2486 1651 2559 ἀνθρωπίνου
1693 2485 1888 2550 εἴδους,
1915 2485 1975 2537 ὲν

384 2576 524 2648 μέσῃ
553 2576 609 2631 δὲ
642 2578 827 2651 ἡμέρᾳ
871 2580 964 2631 καὶ
1011 2579 1151 2647 φωτὶ
1197 2578 1551 2650 χρηματίζων
1599 2564 1812 2648 αὐτῷὸ
1841 2576 1975 2641 Θεός

381 2679 568 2740 φησιν’
613 2687 632 2720 ι
684 2670 968 2735 Ἀναστὰς,
1003 2669 1236 2741 ἀνάϐηθι
1284 2672 1364 2734 είς
1408 2670 1502 2724 τὸν
1539 2669 1705 2724 τόπον
1748 2668 1972 2750 Βαιθὴλ,

380 2761 474 2813 καὶ
504 2759 645 2814 οἴκει
674 2762 818 2815 ἐκεῖ·
858 2780 879 2816 ι
915 2762 1008 2816 καὶ
1042 2763 1136 2816 ἐπὶ
1166 2761 1379 2827 τούτοις
1423 2764 1558 2816 πᾶσι
1595 2762 1717 2817 τότε
1759 2761 1974 2833 πρῶτον

379 2855 411 2924 ἡ
445 2852 565 2907 θεία
592 2852 786 2927 Γραφὴ
832 2860 1104 2928 μαρτυρεῖ
1149 2857 1229 2910 ὅτι
1271 2855 1428 2928 ὤφθη
1473 2855 1624 2927 αύτῷ
1667 2857 1697 2908 6
1742 2854 1874 2918 Θεὸς
1914 2855 1975 2908 ὲν

378 2946 577 3011 Λουζᾶ,
607 2948 703 3002 καὶ
749 2947 1041 3019 εὐλόγησεν
1085 2949 1246 3003 αὐτὸν
1288 2947 1465 3017 λέγων
1507 2947 1577 3001 τά
1619 2949 1973 3018 ἀναγεγραμ-

382 3037 541 3106 μένα.
579 3036 640 3109 (f.
658 3037 747 3111 11)
765 3039 1083 3111 Ζητήσομεν
1101 3039 1144 3092 δ’
1164 3039 1257 3092 ἐπὶ
1278 3039 1469 3111 σχολῆς
1493 3039 1612 3103 πῶς
1640 3039 1776 3110 μετά
1801 3039 1975 3095 ταῦτα

381 3128 626 3198 μέλλοντι
655 3129 804 3201 αύτῷ
835 3131 1082 3184 κατιέναι
1126 3132 1205 3196 είς
1246 3131 1519 3199 Αἴγυπτον
1552 3130 1713 3184 πάλιν
1755 3132 1813 3185 ὲν
1841 3132 1973 3204 ὁρά-

382 3239 512 3292 ματι
543 3224 638 3276 καὶ
665 3221 751 3275 διά
781 3223 973 3285 νυκτὸς
1009 3225 1037 3277 6
1074 3223 1208 3287 Θεὸς
1239 3219 1409 3276 εἶπεν·
1440 3243 1458 3275 ι
1489 3224 1581 3293 Μὴ
1616 3222 1781 3294 φοϐοῦ
1807 3240 1974 3277 κατα-

2083 2023 2510 2096 prmvalebis“!
2557 2040 2575 2073 ι
2630 2019 2763 2076 Post
2811 2019 2979 2090 igitur
3016 2016 3304 2077 visionem,
3354 2013 3540 2069 statim
3579 2013 3670 2067 sol

2084 2125 2239 2173 ortus
2277 2123 2363 2172 est
2409 2115 2480 2171 ei.
2545 2113 2843 2184 Postquam
2884 2117 3066 2166 autem
3120 2107 3434 2180 profecerit,
3475 2104 3660 2177 perfe-

2083 2215 2315 2279 ctusque
2340 2206 2528 2272 fuerit,
2552 2206 2673 2276 ‘jam
2694 2218 2804 2259 non
2854 2203 2910 2258 in
2947 2202 3180 2265 somnis,
3244 2213 3422 2269 neque
3469 2205 3658 2263 noctu,

2083 2315 2260 2373 neque
2289 2314 2387 2371 per
2416 2299 2693 2371 angelum,
2724 2310 2903 2368 neque
2937 2295 3040 2351 sub
3055 2292 3240 2365 specie
3268 2292 3530 2356 humana,
3561 2289 3662 2347 sed
3698 2346 3701 2350 .

2081 2394 2152 2457 in
2171 2392 2352 2449 medio
2373 2392 2484 2458 die,
2513 2392 2637 2447 luce
2671 2391 2727 2445 in
2752 2388 2933 2444 media
2949 2426 2966 2454 ,
2993 2385 3140 2442 Deus
3186 2385 3305 2455 ipse
3329 2381 3655 2437 manifesta-

2084 2494 2173 2542 tur
2202 2486 2275 2550 ei,
2306 2485 2496 2541 dicens
2521 2500 2534 2536 :
2575 2501 2595 2536 ι
2632 2482 2827 2555 Surge,
2859 2488 2916 2538 et
2944 2477 3178 2535 ascende
3198 2475 3404 2539 Bethel,
3429 2481 3485 2530 et
3508 2474 3662 2528 habi-

2084 2591 2139 2637 ta
2174 2581 2251 2637 ibi
2280 2580 2345 2635 ⁸⁸.
2384 2598 2406 2634 ι
2443 2581 2623 2651 Atque
2652 2584 2779 2650 post
2830 2577 2948 2631 haec
2979 2574 3185 2639 omnia,
3235 2580 3366 2627 tunc
3421 2570 3659 2641 primum

2082 2672 2266 2728 divina
2289 2670 2573 2741 Scriptura
2603 2676 2839 2725 testatur
2867 2666 2972 2736 ipsi
3003 2664 3174 2720 Deum
3204 2661 3381 2718 visum
3410 2658 3582 2715 fuisse
3605 2657 3660 2712 in

2082 2765 2251 2832 Luna,
2280 2764 2375 2836 qui
2402 2770 2458 2819 et
2490 2761 2767 2818 benedixit
2796 2760 2896 2823 illi,
2915 2758 3159 2828 dixitque
3177 2770 3242 2811 ea
3263 2766 3386 2826 quae
3406 2754 3660 2808 referun-

2082 2869 2193 2915 tur.
2251 2857 2572 2925 Quaeremus
2605 2862 2788 2911 autem
2845 2853 3021 2908 otiose
3074 2848 3350 2922 quomodo
3400 2847 3659 2915 deinceps

2081 2952 2154 3016 ei,
2191 2965 2318 3007 cum
2350 2949 2408 3005 in
2428 2947 2726 3021 Egyptum
2776 2944 3107 3002 descendere
3163 2947 3404 3014 pararet,
3461 2952 3658 2994 rursus

2082 3045 2140 3100 in
2167 3043 2380 3101 visione
2400 3050 2673 3098 nocturna
2700 3039 2847 3095 Deus
2860 3038 3058 3094 dixerit
3088 3053 3143 3090 τι
3176 3033 3299 3091 Noli
3319 3033 3535 3098 timere,
3559 3032 3657 3088 de-

2084 3137 2287 3194 scende
2324 3137 2382 3192 in
2430 3133 2724 3207 Egyptum
2770 3133 2831 3187 ⁸⁷.
2890 3151 2910 3185 ι
2954 3130 3080 3186 Haec
3137 3127 3300 3185 nobis
3342 3124 3658 3183 necessario

2083 3227 2489 3301 perpendenda.
2519 3225 2828 3283 Ostendunt
2860 3223 3004 3280 enim
3029 3222 3174 3295 quod
3216 3237 3326 3277 non
3349 3219 3528 3284 facile,
3560 3233 3661 3273 nec

379 3313 542 3385 ϐῆναι
570 3316 650 3379 εἰς
680 3315 976 3383 Αἴγυπτον.
1021 3336 1040 3369 ι
1067 3314 1255 3371 Ταῦτα
1284 3316 1341 3370 δὲ
1370 3320 1499 3389 ἡμῖν
1530 3317 1843 3386 ἀναγκαίως
1877 3335 1973 3371 πα-

2082 3318 2259 3375 euivis
2289 3317 2573 3374 hominum
2601 3315 2771 3371 Deum
2814 3316 2993 3371 visum
3031 3312 3205 3369 fuisse
3252 3311 3437 3367 divina
3470 3315 3659 3364 narrat

382 3405 720 3477 ρατέθειταιο
756 3407 1026 3461 δείκνυσιν
1053 3409 1160 3479 γὰρ
1189 3410 1269 3462 δτι
1324 3411 1399 3481 μὴ
1427 3409 1667 3481 εὐχερῶς
1727 3409 1849 3479 μηδ’
1884 3410 1979 3463 ἐπὶ

377 3497 487 3553 τῶν
514 3498 786 3570 τυχόντων
814 3499 1026 3570 ἀνδρῶν
1057 3502 1090 3571 ἡ
1128 3500 1248 3553 θεία
1279 3500 1471 3571 Γραφὴ
1507 3498 1598 3553 τὸν
1627 3500 1760 3554 Θεὸν
1794 3496 1979 3569 ὦφθαι

382 3587 618 3662 ἱστορεῖ*
655 3587 771 3644 οὔτ’
801 3584 895 3644 οῦν
928 3577 1024 3643 ἐπί
1060 3588 1154 3643 τοῦ
1195 3590 1385 3661 Ἀδὰμ,
1417 3590 1527 3644 οὔτ’
1557 3592 1651 3645 ἐπὶ
1688 3590 1784 3645 τοῦ
1813 3609 1979 3662 μετα-

378 3681 629 3746 τεθέντος
666 3681 855 3753 Ἐνὼχ,
894 3683 1010 3738 ἀλλ’
1037 3682 1146 3736 οὐδ’
1182 3683 1275 3736 ἐπὶ
1313 3682 1408 3737 τοῦ
1451 3681 1597 3747 Νῶε,
1627 3683 1734 3736 οὐδ’
1764 3685 1851 3736 ἐπ’
1881 3682 1978 3736 αύ-

377 3770 475 3828 τοῦ
501 3773 782 3838 Μωῦσέως
806 3775 1100 3847 τετήρηται
1127 3774 1209 3828 ὅτι
1231 3772 1389 3846 ὤφθη
1402 3775 1509 3829 τινὶ
1524 3774 1731 3829 τούτων
1760 3777 1789 3829 6
1820 3776 1972 3842 Θεὸς,

380 3864 624 3934 καίτοιγε
671 3865 932 3930 πολλάκις
985 3868 1169 3930 αὐτοῖς
1209 3866 1499 3938 διειλέχθαι
1547 3869 1976 3940 ἀναγεγραμμέ-

381 3972 469 4021 νος
489 3973 502 3987 ·
534 3957 649 4010 ἀλλ’
676 3958 785 4011 οὐδ’
836 3958 930 4012 ἐπὶ
970 3959 1089 4023 ἑνός
1134 3975 1199 4028 γε
1239 3959 1397 4014 ἄλλου
1431 3963 1459 4014 6
1493 3961 1637 4025 θεῖος
1679 3962 1852 4031 Λόγος
1885 3960 1976 4016 τὸν

379 4049 514 4105 Θεὸν
553 4042 735 4119 ὦφθαι
787 4050 1017 4119 είσάγει,
1052 4052 1206 4123 ῆὲπὶ
1255 4054 1416 4123 μόνου
1461 4052 1555 4107 τοῦ
1597 4053 1848 4126 ’Ᾱϐραάμ
1880 4054 1976 4108 καὶ

381 4140 474 4196 τοῦ
504 4141 690 4197 Ἰσαὰκ
717 4143 812 4196 καὶ
840 4143 933 4196 τοῦ
967 4143 1157 4198 Ἰακώϐ
1178 4159 1193 4173 ·
1225 4145 1319 4198 καὶ
1346 4145 1439 4198 ἐπὶ
1467 4145 1567 4217 μὲν
1596 4144 1691 4199 το⁸ῦ
1725 4146 1976 4219 Ἀϐραὰμ

379 4236 441 4290 ού
472 4234 615 4290 κατά
654 4234 747 4289 τὸν
790 4235 1005 4309 πρῶτον
1038 4236 1186 4309 αὐτῷ
1211 4240 1591 4311 χρηματισμὸν
1624 4239 1802 4314 ὤφθη,
1837 4242 1974 4298 ἀλλά

381 4328 523 4383 κατά
549 4326 641 4382 τὸν
668 4327 917 4401 δεύτερον
964 4331 1057 4384 καὶ
1086 4330 1229 4384 κατὰ
1259 4331 1351 4384 τὸν
1382 4332 1627 4403 πέμπτον
1658 4334 1753 4386 καὶ
1781 4333 1968 4388 ἕκτον·

384 4418 478 4472 ἐπὶ
511 4418 571 4472 δὲ
607 4419 701 4474 τοῦ
753 4419 946 4477 Ἰακὼϐ
977 4422 1115 4493 μετά
1151 4423 1218 4476 τά
1255 4423 1721 4497 ἀναγεγραμμένα
1761 4429 1969 4483 πάντα’

384 4507 461 4579 τῷ
497 4508 607 4579 γὰρ
641 4511 829 4567 Ἰσαὰκ
868 4514 948 4578 δ’ίς
1001 4515 1159 4584 μόνος
1203 4517 1547 4588 χρηματίσας
1590 4520 1618 4571 6
1658 4519 1862 4592 Κύριος
1909 4520 1971 4575 τὸ

383 4600 464 4664 δὶς
494 4593 673 4671 ὦφθαι
704 4602 855 4675 αὐτῷ
880 4605 1311 4679 ἀναγέγραπται,
1347 4610 1395 4662 εί
1429 4610 1607 4663 καὶτὸ
1631 4611 1879 4684 δεύτερον
1911 4613 1970 4667 ὲν

383 4691 559 4746 νυκτί.
586 4692 856 4765 Πρόδηλον
878 4695 935 4748 δὲ
961 4698 1071 4751 ἀπὸ
1102 4699 1212 4752 τῶν
1247 4700 1390 4756 κατὰ
1418 4702 1509 4756 τὸν
1546 4702 1795 4775 Ἀϐραὰμ
1831 4722 1967 4778 προ-

384 4782 688 4855 ειρημένων
720 4786 869 4858 ἡμῖν,
892 4787 973 4840 ὅτι
1004 4788 1078 4861 μὴ
1110 4791 1204 4844 ἐπὶ
1231 4793 1294 4847 τὸ
1327 4793 1542 4865 πρῶτον
1570 4797 1738 4849 αἴτιον
1766 4798 1967 4868 ἀναφέ-

387 4892 501 4946 ρειν
535 4876 639 4948 χρὴ
662 4875 760 4941 τάς
784 4877 1066 4945 ὀπτασίας,
1111 4881 1228 4935 ἀλλ’
1257 4884 1351 4937 ἐπὶ
1392 4885 1482 4939 τὸν
1512 4886 1654 4941 θεῖον
1690 4888 1882 4956 Λόγον,
1907 4889 1965 4944 δν

383 4966 505 5019 οὐδὲ
538 4968 698 5022 αὐτόν
727 4968 924 5039 (αὐτοί)
959 4989 1046 5025 πω
1078 4976 1276 5046 χωρεῖν
1307 4969 1492 5030 οἷοίτε
1530 4974 1670 5049 ἦσαν
1704 4982 1752 5032 οί
1790 4981 1966 5050 μακά-

386 5074 490 5130 ριοι
527 5060 622 5112 καὶ⁹
659 5060 793 5114 θεῖοι
826 5061 1043 5134 ἄνδρες·
1080 5065 1292 5131 τούτοις
1342 5066 1471 5136 γοῦν
1519 5071 1722 5136 αὐτοῖς,
1757 5065 1838 5134 οἷς
1870 5075 1964 5124 καὶ

380 5141 561 5218 ὦφθαι
622 5154 979 5225 προείρηται,
1032 5158 1169 5227 μετά
1229 5160 1487 5226 πλείστας
1550 5164 1969 5234 προγυμνασίας

384 5242 610 5313 ἑωρᾶτο.
644 5242 740 5307 Τίς
774 5245 838 5317 δὴ
872 5246 981 5321 (ἂν)
1023 5244 1115 5303 οὖν
1162 5250 1320 5315 ἄλλος
1350 5253 1435 5324 εἴη
1483 5254 1577 5307 καὶ
1619 5256 1648 5307 ό
1689 5254 1832 5307 κατά
1869 5256 1968 5327 τὴν

383 5335 753 5406 προκειμένην
788 5339 1093 5411 περικοπὴν
1143 5343 1501 5413 συμπαλαίων
1545 5357 1638 5397 και
1674 5363 1970 5415 συναγωνι-

384 5423 610 5495 ζόμενος
652 5426 746 5480 καὶ
785 5428 1022 5500 ὡσπερεὶ
1064 5435 1366 5504 συμμαχῶν
1397 5435 1474 5506 τῷ
1512 5435 1727 5501 Ἰακὼϐ,
1756 5437 1788 5507 ἦ
1814 5439 1842 5490 6
1873 5458 1967 5492 πο-

385 5512 637 5588 λυμερῶς
684 5519 777 5572 καὶ
822 5521 1173 5594 πολυτρόπως
1217 5528 1331 5589 τοῖς
1378 5529 1614 5599 πατράσι
1662 5530 1898 5603 λαλήσας
1938 5533 1969 5584 6

389 5604 531 5676 ἱερὸς
560 5609 654 5663 τοῦ
687 5610 822 5665 Θεοῦ
859 5613 1050 5683 Λόγος,
1085 5616 1242 5688 μόνος
1282 5618 1418 5684 μετά
1459 5621 1549 5674 τὸν
1590 5622 1807 5695 Πατέρα
1849 5623 1966 5679 Κύ-

2083 3408 2390 3479 Scriptura.
2452 3406 2640 3477 Neque
2669 3406 2816 3462 enim
2844 3405 3075 3472 Adamo,
3115 3419 3293 3474 neque
3334 3403 3523 3459 Enoch
3552 3403 3654 3465 illi,

2078 3502 2174 3574 qui
2223 3502 2524 3557 translatus
2565 3509 2670 3565 est,
2728 3514 2906 3570 neque
2932 3498 3068 3563 Noe,
3111 3512 3288 3567 neque
3321 3496 3426 3567 ipsi
3481 3494 3655 3567 Moysi

2078 3595 2254 3651 fertur
2269 3595 2590 3665 apparuisse
2612 3592 2779 3658 Deus,
2807 3591 2912 3647 etsi
2930 3591 3131 3659 saepius
3151 3590 3234 3645 eis
3263 3589 3521 3643 locutum.
3531 3603 3656 3643 esse

2078 3692 2329 3743 narrant.
2362 3684 2439 3743 De
2477 3685 2630 3741 nullo
2662 3684 2808 3740 enim
2838 3683 3057 3738 divinus
3090 3696 3270 3737 sermo
3319 3680 3497 3736 visum
3532 3696 3658 3736 esse

2078 3777 2250 3834 Deum
2280 3776 2471 3842 refert,
2507 3775 2617 3832 nisi
2645 3774 2713 3831 de
2764 3776 2883 3831 solo
2904 3775 3237 3837 Abrahamo,
3270 3781 3326 3828 et
3357 3771 3567 3832 lsaaco.
3599 3779 3655 3828 et

2076 3868 2302 3923 Jacobo.
2332 3867 2645 3941 Abrahamo
2679 3866 2896 3936 quidem
2931 3882 3041 3919 non
3100 3865 3158 3919 in
3204 3868 3379 3935 prima
3421 3861 3655 3917 manife-

2080 3961 2321 4017 statione
2343 3961 2495 4016 visus
2523 3966 2629 4024 est,
2659 3957 2754 4015 sed
2787 3957 3046 4023 secunda,
3077 3956 3267 4026 quinta
3285 3963 3337 4011 et
3352 3961 3505 4011 sexta
3525 3973 3539 4020 ;
3562 3951 3656 4009 Ja-

2076 4054 2214 4109 cobo
2249 4061 2431 4108 autem
2461 4053 2516 4107 in
2563 4050 2819 4108 omnibus
2849 4065 2970 4121 qua:
3023 4054 3428 4116 memorantur;
3462 4046 3652 4104 lsaaco

2076 4147 2162 4203 bis
2194 4154 2405 4202 tantum
2462 4144 2726 4201 Dominus
2778 4140 3188 4208 manifestatus,
3238 4141 3324 4197 bis
3367 4141 3520 4197 visus
3568 4140 3651 4196 di—

2076 4239 2241 4304 citur,
2293 4247 2348 4295 et
2379 4238 2679 4295 secundum
2713 4237 2932 4308 quidem
2962 4242 3149 4291 noctu.
3188 4232 3536 4288 Manifestum
3567 4239 3653 4286 est

2078 4333 2146 4388 iis
2168 4348 2292 4403 qua:
2319 4332 2432 4404 jam
2463 4332 2530 4387 de
2559 4330 2871 4385 Abrahamo
2921 4327 3183 4391 diximus,
3234 4324 3382 4396 quod
3414 4340 3524 4380 non
3582 4322 3653 4379 ad

2075 4429 2307 4499 primam
2360 4441 2583 4483 causam
2630 4425 2874 4481 visiones
2904 4429 3035 4478 sunt
3078 4419 3401 4485 referendae,
3458 4417 3554 4474 sed
3583 4416 3653 4471 ad

2075 4521 2321 4579 divinum
2345 4520 2608 4587 Verbum,
2647 4519 2792 4589 quod
2815 4519 3064 4588 accipere
3109 4514 3351 4570 nondum
3394 4512 3653 4567 valebant

2074 4611 2221 4667 beati
2249 4609 2531 4680 divinique
2552 4609 2822 4681 homines.
2862 4605 2960 4662 His
2987 4606 3156 4677 igitur
3184 4605 3344 4676 ipsis,
3370 4603 3573 4675 quibus
3597 4610 3653 4657 et

2073 4703 2229 4759 visus
2284 4702 2457 4757 fuisse
2489 4701 2672 4757 dictus
2714 4708 2820 4767 est,
2867 4712 2979 4753 non
3011 4701 3134 4755 sine
3161 4698 3333 4752 multa
3374 4695 3645 4751 exercita-

2075 4796 2224 4851 tione
2273 4794 2665 4867 pracparatoria
2714 4792 3098 4848 manifestatus
3151 4797 3255 4847 est.
3290 4788 3425 4855 Quis
3483 4788 3652 4857 igitur

2076 4888 2216 4942 alius
2248 4903 2370 4944 esse
2401 4894 2608 4957 posset,
2638 4886 2733 4957 qui
2757 4886 2860 4941 hoc
2908 4885 2964 4939 in
2988 4885 3109 4940 loco
3139 4883 3468 4938 colluctatur
3516 4894 3646 4935 cum
3760 4908 3767 4915 -

2072 4978 2278 5034 Iacobo
2305 4981 2465 5050 quasi
2500 4979 2703 5034 athleta
2731 4987 2786 5034 et
2835 4984 3125 5048 pugnator,
3155 4978 3262 5032 nisi
3294 4976 3523 5049 bicipse
3550 4977 3647 5047 qui

2074 5072 2352 5128 multoties
2377 5073 2664 5142 etjdiversa
2691 5072 2903 5126 ratione
2931 5071 3176 5140 patribus
3192 5070 3400 5127 nostris
3424 5071 3645 5126 loeutus

2074 5172 2159 5221 est
2194 5165 2263 5231 ⁸⁸,
2328 5174 2580 5221 sanetum
2627 5164 2723 5220 Dei
2770 5163 3031 5243 Verbum,
3078 5164 3229 5220 solus
3262 5171 3387 5235 post
3429 5162 3648 5219 Patrem

2074 5258 2342 5315 Dominus
2372 5265 2426 5314 et
2467 5258 2632 5324 Deus,
2668 5259 2760 5328 qui
2784 5258 2939 5314 visus
2986 5264 3039 5312 et
3067 5256 3401 5312 benedicens
3442 5253 3648 5308 Iacobo

2072 5350 2240 5405 Israel
2259 5365 2382 5405 eum
2408 5349 2728 5413 nominavit,
2751 5349 2960 5404 addens
2986 5364 2999 5399 :
3037 5367 3056 5400 ι
3079 5346 3284 5403 Contra
3317 5346 3486 5401 Deum
3537 5344 3651 5400 for-

2072 5442 2144 5496 tis
2170 5440 2360 5496 fuisti?
2386 5459 2403 5492 ι
2438 5440 2517 5495 Eo
2547 5448 2727 5495 autem
2757 5438 2923 5494 modo
2954 5437 3212 5492 videbant
3261 5436 3432 5492 divini
3464 5437 3648 5491 nomi-

2071 5549 2173 5589 nes
2197 5532 2292 5589 Dei
2320 5531 2582 5597 Verbum,
2607 5547 2716 5603 quo
2767 5538 2822 5585 et
2850 5529 3156 5585 Salvatoris
3180 5531 3357 5587 nostri
3387 5529 3644 5600 apostoli,

2071 5624 2355 5681 dicentes:
2399 5643 2419 5676 ι
2456 5623 2615 5690 Quod
2652 5622 2753 5678 fuit
2778 5622 2847 5678 ab
2880 5622 3061 5689 initio,
3111 5621 3259 5694 quod
3306 5621 3641 5685 audivimus,

460 5790 523 5871 ⁸),
544 5788 856 5871 Gen-113".
890 5794 949 5849 Η
1055 5796 1099 5830 ’³
1141 5797 1268 5852 ibid.
1344 5799 1425 5855 l3.
1507 5803 1551 5834 δ”
1591 5802 1723 5859 Gen.
1792 5818 1975 5871 xxx",
2016 5803 2070 5859 2.
2150 5805 2195 5837 ⁸⁸
2232 5803 2363 5860 ibid.
2394 5802 2485 5859 28.
2564 5802 2609 5835 ⁶⁶
2648 5801 2782 5859 Gen.
2814 5818 2980 5869 xxxv,
3022 5805 3070 5861 l.
3149 5805 3193 5838 θ’
3233 5802 3371 5860 Gen.
3400 5812 3548 5865 XLVI,
3583 5798 3642 5853 5.

393 5858 438 5888 ⁸⁸
477 5856 640 5915 Hebr.
680 5877 730 5927 ι,
770 5861 821 5917 ι.
