4106 6438
430 483 570 542 1035

1125 474 1407 550 [ΕΗΞΕΒῙΙ
1445 470 1920 531 ΟᾹΞΞΑΒΙΕΝΞΙΞ
1959 468 2109 527 OPP.
2151 464 2332 523 PARS
2372 452 2954 517 [IL—EXEGETICA.

3522 439 3665 499 10ιὸ

429 601 575 674 quod
632 600 860 656 vidimus
910 598 1085 654 oculis
1134 596 1359 663 nostris,
1410 593 1557 667 quod
1585 592 1985 665 perspeximus,

2097 605 2205 662 ριος
2232 586 2327 640 καί⁵
2349 583 2481 647 Θεὸς
2512 577 2886 653 χρηματίζων,
2911 573 2969 638 ὃς
2991 571 3086 626 καὶ
3118 568 3412 674 εὐλογήσαέ
3447 562 3539 616 τὸν
3552 564 3670 674 :‘l‘a—

429 705 484 751 et
535 708 727 749 manus
784 701 984 750 nostrae
1041 696 1519 748 contrectaverunt
1583 686 1651 740 de
1700 685 1866 739 verbo
1907 684 1992 737 vi-

428 794 499 841 taz
527 787 590 838 ε’.
623 805 642 839 ι
699 784 850 851 Quod
881 784 1119 840 Verbum
1148 788 1201 838 et
1234 782 1408 835 vitam
1450 794 1576 834 cum
1616 774 1992 846 conspexisset

425 875 685 943 Iacobus,
713 865 887 933 dixit:
926 897 943 929 ι
984 875 1105 931 Vidi
1125 875 1272 930 enim
1305 872 1475 929 Deum
1507 870 1647 926 facie
1675 868 1742 923 ad
1775 866 1989 930 faciem,

427 978 482 1027 et
509 971 715 1025 salvata
744 978 829 1025 est
858 970 1038 1024 anima
1071 982 1190 1022 mea
1214 967 1284 1020 "°.
1327 984 1345 1017 ι

2094 654 2211 735 "una
2252 674 2465 749 Ἰσραὴλ
2511 671 2672 727 αὐτὸν
2703 668 3002 739 ὠνόμασεν,
3047 659 3319 720 ἐπειπὼν,
3373 657 3455 710 ὅτι
3485 671 3505 705 ι
3552 654 3671 707 Ἐν-

2100 746 2488 842 ίσχυσαςνμετά
2516 761 2683 829 Θεοῦ;
2715 781 2733 813 ι
2760 759 2944 820 Οὕτως
2969 756 3026 809 δέ
3053 754 3237 826 ἐώρων
3259 752 3307 804 0i
3324 749 3455 842 Θεῖοι
3480 746 3672 842 ἀνδρὶες

2096 833 2187 916 τδζὲ
2215 860 2307 915 τοῦ
2340 833 2474 913 ὀεοῦ
2511 855 2702 923 Λόγον,
2733 852 2808 914 ὡς
2840 851 2934 904 καὶ
2961 849 3012 903 οἱ
3047 848 3322 917 φήσαντες
3354 840 3447 894 τοῦ
3480 833 3672 905 Σωτῆυ

2102 972 2191 1025 ρος
2220 952 2377 1024 ἡμῶν
2423 947 2734 1004 ἀπόστολοι·
2766 962 2784 996 t
2823 944 2890 995 ’Ὀ
2914 937 2983 1012 ἦν
3017 940 3113 993 ἀπ’
3149 936 3344 1009 ἀρχῆς,
3375 932 3403 986 ὃ
3434 929 3675 1025 cupa-6%.

432 1019 1436 1136 ξξξρᾶιξιᾉιᾷξζξριξῖιφθαλμοῖς
1467 1056 1646 1129 ἡμῶν,
1697 1053 1788 1108 καὶ⁴
1817 1019 2176 1122 ἐθεασάμεθα,
2222 1019 2316 1103 καὶ
2351 1048 2407 1101 αἱ
2444 1047 2620 1116 χεῖρες
2659 1039 2818 1111 ἡμῶν
2853 1035 3237 1136 tepidius”:
3263 1029 3389 1136 ’ξτερί
3437 1022 3531 1136 cfs

427 1118 663 1228 iou'rﬁ;
706 1118 879 1229 ξωῆςι·
918 1177 939 1210 ι
971 1157 1030 1210 ὃν
1081 1118 1249 1223 λόγον
1293 1118 1385 1208 καὶ
1416 1118 1568 1223 *ζωῆν
1605 1118 1933 1220 θεασάμενος
1970 1118 2238 1201 ὁ-Ἰακὼὸ
2275 1142 2520 1213 ἐπιφέρει
2562 1138 2754 1207 λέγων’
2789 1154 2808 1186 ι
2848 1130 2999 1187 Εἶδον
3052 1128 3160 1202 γὰρ
3201 1125 3332 1180 Θεὸν
3386 1118 3676 1193 πρόσωπῦν

401 1252 563 1322 ’πρὸς
589 1251 904 1322 πρόσωπον·
936 1252 1028 1304 καὶ
1053 1248 1229 1319 ἐσώθη
1261 1267 1360 1319 μου
1389 1252 1421 1317 ἡ
1452 1246 1619 1318 ψυχή.
1654 1264 1673 1297 ι

1004 1382 1234 1438 CAPUT
1277 1381 1413 1435 Vill.
1454 1388 1461 1395 '

501 1497 520 1528 σ
555 1476 715 1541 Iuda,
747 1485 799 1531 te
830 1475 1130 1531 laudabunt
1176 1474 1371 1529 fratres
1402 1474 1479 1527 tui
1532 1492 1545 1526 :
1593 1486 1790 1527 manus
1820 1479 1910 1526 tua
1941 1471 2003 1526 in

425 1568 734 1624 cervicibus
775 1568 1124 1622 inimicorum
1177 1575 1418 1629 tuorum,
1467 1565 1775 1620 adorabunt
1818 1571 1872 1619 te
1901 1563 2001 1618 filii

426 1662 595 1730 patris
616 1659 717 1713 tui.
777 1658 1005 1714 Catulus
1039 1658 1214 1714 leonis
1235 1656 1375 1711 Iuda
1414 1671 1429 1706 :
1460 1670 1492 1711 e
1523 1670 1753 1726 gemma,
1784 1654 1859 1710 illi
1896 1656 1995 1721 mi,

427 1750 723 1807 ascendisti
754 1769 767 1804 :
803 1750 1151 1820 requiescens
1174 1747 1479 1803 accubuisti
1515 1755 1575 1801 ut
1602 1748 1723 1813 leo,
1758 1755 1814 1804 et
1837 1751 1994 1820 quasi

425 1848 612 1901 leaena.
632 1844 766 1910 Quis
779 1845 981 1899 suscita
990 1842 1066 1897 hit
1084 1857 1206 1897 eum
1225 1842 1249 1895 ?
1266 1840 1387 1896 Non
1404 1840 1687 1896 auferetur
1716 1852 1991 1912 sceptrum

2627 1355 3023 1416 ΚΕΦΑΛΑῙΟΝ
3060 1355 3143 1409 Η’.

2173 1478 2197 1512 ι
2238 1456 2427 1523 Ἰούδα,
2463 1455 2523 1511 σὲ
2559 1453 2874 1507 αίνέσαισαν
2907 1449 2956 1501 οἱ
2992 1442 3208 1513 ἀδελφοί
3251 1458 3344 1495 σου
3366 1458 3380 1472 °
3408 1441 3465 1494 αί
3500 1438 3679 1512 χεῖρές

2100 1568 2193 1604 σου
2220 1551 2316 1604 ἐπὶ
2361 1547 2531 1603 νώτου
2572 1545 2679 1599 τῶν
2712 1541 2921 1614 ἐχθρῶν
2948 1554 3077 1592 σουθ
3120 1532 3555 1609 προσκυνήσουσί
3594 1547 3680 1585 σοι

2099 1645 2150 1696 οἱ
2176 1641 2281 1695 υἱοὶ
2304 1640 2400 1694 τοῦ
2440 1637 2647 1710 πατρός
2696 1653 2811 1689 σου.
2861 1631 3108 1702 Σκύμνος
3135 1629 3346 1690 λέοντος
3386 1624 3586 1678 Ἰούδα⁹
3612 1623 3682 1683 ἐκ

2100 1731 2352 1804 βλαστοῦ,
2378 1731 2463 1784 υἱέ
2509 1746 2632 1801 μου,
2658 1725 2891 1795 ἀνέὸηςο
2939 1716 3224 1776 ἀναπεσὼν
3262 1714 3683 1804 ἐκοιμήθηςᾷώς

2101 1802 2258 1890 λέων,
2284 1822 2380 1878 καὶ⁴
2409 1821 2485 1885 ώς
2518 1818 2756 1890 σκύμνος
2776 1833 2790 1847 ’
2820 1815 2904 1877 τίς
2930 1812 3109 1882 ἐγερεῖ
3142 1806 3331 1872 αύτόν;
3368 1804 3482 1858 Ούκ
3508 1802 3684 1855 ἐκλεί-

426 1939 496 1993 de
517 1935 675 1999 Iuda,
695 1945 752 1992 et
766 1937 876 1992 dux
892 1936 960 1991 de
977 1934 1524 2003 femoreejus,donec
1544 1934 1731 1989 veniat
1751 1892 1846 2005 quri
1870 1934 1998 1990 mit—

2099 1914 2192 1986 ψει
2223 1915 2403 1986 ἄρχων
2434 1911 2501 1977 ἐξ
2532 1893 2721 1973 Ἰούδα,
2757 1907 2879 1964 οὐδὲ
2905 1903 3205 1975 ἡγούμενος
3230 1899 3323 2005 ἐκ.
3336 1896 3444 1950 τῶν
3464 1892 3683 2005 ’μηρῶν

426 2027 625 2080 tendus
670 2032 777 2087 est,
801 2032 855 2079 et
902 2024 1018 2094 ipse
1035 2025 1141 2079 erit
1158 2023 1496 2092 exspectatio
1514 2022 1759 2094 gentium
1789 2024 1858 2088 τι,
1891 2042 1911 2075 ›
1945 2030 2001 2079 et

426 2117 654 2185 reliqua.
689 2113 858 2180 Quasi
895 2112 1069 2169 sancti
1103 2111 1344 2183 Spiritus
1406 2112 1632 2168 verbum
1666 2112 2000 2168 audiendum

425 2206 614 2261 Jacobi
658 2206 727 2262 de
773 2205 995 2262 Christo
1043 2205 1511 2277 pr0phetizantis,
1543 2214 1596 2260 et
1628 2207 1683 2260 in
1710 2219 2002 2276 personam

425 2296 809 2353 transferentis
844 2296 966 2367 ejus
992 2297 1062 2352 ab
1091 2297 1160 2352 iis
1189 2317 1202 2352 :
1244 2315 1263 2349 ι
1284 2295 1424 2352 Iuda
1445 2337 1460 2362 ,
1489 2305 1543 2353 te
1573 2297 1873 2361 laudabunt
1894 2295 2004 2352 fra-

427 2399 539 2445 tres
569 2388 672 2442 tui.
711 2408 731 2442 ι
765 2386 923 2454 Quod
946 2388 1092 2443 enim
1116 2404 1228 2444 non
1261 2387 1330 2443 ad
1360 2404 1534 2444 unum
1566 2389 1802 2443 filiorum
1840 2387 2003 2443 verba

427 2480 627 2534 faceret
650 2478 960 2549 patriarcha
1005 2486 1254 2549 apertum
1300 2487 1387 2535 est
1438 2478 1735 2549 Scriptura:
1786 2479 2000 2550 peritis,

425 2585 547 2641 quae
574 2570 655 2626 sic
684 2578 910 2624 narrat:
951 2588 970 2622 ι
1002 2568 1227 2625 Vocavit
1251 2578 1434 2627 autem
1461 2563 1634 2626 Iacob
1666 2570 1808 2626 filios
1847 2585 2000 2636 suos,

426 2668 481 2717 et
502 2660 580 2714 ait
605 2660 686 2715 eis
734 2679 747 2714 :
793 2658 1216 2731 Congregamini
1265 2669 1327 2715 ut
1355 2660 1673 2715 annuntiem
1719 2675 1841 2731 quae
1867 2675 2001 2715 ven-

426 2761 552 2805 tura
580 2760 708 2807 sunt
729 2753 885 2808 vobis
918 2753 977 2806 in
1002 2751 1198 2811 diebus
1242 2753 1564 2810 novissimis
1584 2755 1653 2809 7'.
1684 2774 1703 2807 ι
1740 2753 1912 2825 Igitur
1936 2755 2005 2810 de

427 2845 627 2900 futuris
656 2860 717 2900 se
754 2845 837 2901 eis
880 2845 1390 2916 prophetizaturum
1440 2846 1675 2901 nuntiat.
1736 2844 2003 2902 Pmterca

426 2937 776 3007 perspicuum
815 2948 900 2992 est
938 2936 1086 3007 quod
1134 2952 1244 2992 non
1288 2937 1356 2992 ad
1408 2938 1776 3008 patriarcham
1807 2936 2003 2993 Iudam

429 3034 678 3096 spectant
723 3028 1021 3098 prophetiae
1057 3028 1243 3082 verba.
1307 3026 1546 3096 Quando
1579 3030 1723 3084 enim
1766 3028 1918 3083 illum
1951 3037 2007 3084 et

428 3134 588 3187 quam
623 3119 695 3173 0b
720 3134 834 3174 rem
878 3118 1246 3175 adoraverunt
1286 3118 1485 3175 fratres
1505 3121 1622 3187 sui,
1659 3127 1753 3175 aut
1783 3128 2007 3191 propter

427 3209 576 3280 quod
609 3209 821 3265 facinus
847 3226 971 3265 eum
995 3226 1236 3282 unquam
1272 3212 1671 3268 laudaverunt?
1718 3211 2004 3279 Quomodo

2105 1983 2426 2070 C6106,"ng
2453 2002 2519 2056 ἂν
2548 1999 2679 2071 ἔλθη
2705 1997 2777 2052 τὰ
2820 1994 3156 2064 ἀποκείμενα
3185 1987 3333 2058 αὐτῷ
3351 2004 3364 2017 ⁸
3394 1985 3488 2039 καὶ¹
3521 1983 3686 2046 αὐτὸς

2104 2098 2396 2174 προσδοκία
2424 2093 2614 2156 ἐθνῶν,
2654 2112 2672 2144 ι
2711 2092 2804 2145 καὶ
2826 2088 2896 2143 τὰ
2925 2086 3073 2156 ἑξῆς.
3113 2084 3199 2175 Ὠς
3223 2080 3398 2175 Αάγίου
3433 2075 3686 2175 Πνεύμαῖ

2100 2169 2193 2256 τος
2237 2190 2330 2245 τὸν
2367 2187 2523 2257 λόγον
2570 2182 2863 2238 ἀκουστέον
2915 2176 3010 2231 τοῦ
3048 2172 3241 2228 Ἰακὼὸ
3286 2169 3356 2224 τὰ
3408 2169 3538 2241 περὶ
3585 2169 3687 2219 τοῦ

2101 2276 2339 2354 Χριστοῦ
2378 2273 2833 2349 προθεσπίζοντος
2879 2269 2974 2323 καὶ⁸
3017 2268 3096 2330 εἰς
3138 2262 3425 2354 πρόσωπον
3471 2259 3690 2354 ἀναφωῗ

2100 2349 2317 2437 νοῦντος
2344 2368 2507 2425 αὐτοῦ
2529 2367 2598 2420 τὰ.
2627 2363 2734 2420 ἀπὸ
2763 2361 2880 2428 τοῦ,
2916 2378 2945 2412 ι.
2980 2356 3172 2419 Ἰούδα,
3201 2354 3261 2407 σέ
3294 2349 3607 2406 αἱνέσαισαν
3634 2349 3687 2400 οί

2101 2463 2318 2535 ἀδελφοί
2362 2478 2479 2514 σουσ
2526 2478 2547 2511 ι
2572 2458 2655 2511 ὅτι
2695 2453 2805 2527 γὰρ
2839 2453 2900 2505 οὐ
2951 2449 3085 2521 πρὸς
3120 2447 3213 2499 τὸν
3252 2444 3347 2497 Eva
3390 2440 3500 2496 τῶν
3553 2437 3688 2535 υἱῶν

2101 2533 2251 2621 τοὺς
2275 2554 2467 2624 λόγους
2507 2552 2537 2605 6
2582 2547 2928 2621 πατριάρχης
2975 2542 3209 2595 ἐποιεῖτο
3239 2536 3395 2608 δῆλον
3431 2535 3541 2597 τοῖς
3568 2533 3691 2624 ἐπι-

2105 2623 2429 2722 στήσασιτῇ
2460 2645 2651 2716 Γραφῇ
2684 2633 3095 2711 διηγηματικῶς
3130 2627 3434 2722 φασκούσῃ·
3470 2645 3489 2677 ι
3530 2623 3691 2722 ῬΞκά-

2102 2716 2225 2796 λεσε
2253 2741 2311 2795 δέ
2349 2716 2547 2793 Ἰακὼὸ
2587 2736 2714 2798 τοὺς
2759 2731 2909 2794 υίοὺς
2960 2725 3145 2789 αὑτοῦ,
3181 2723 3275 2777 καὶ
3330 2716 3517 2774 εἶπενο
3557 2717 3693 2769 Συν-

2104 2835 2328 2908 άχθητε,
2350 2832 2440 2886 ἵνα
2465 2824 2769 2896 ἀναγγείλω
2813 2824 2941 2893 ὑμῖν
2968 2820 3020 2873 τί
3050 2817 3422 2908 ἀπαντήσεται
3446 2813 3571 2882 ὑμῖν
3602 2811 3693 2862 ἐπ’

2105 2906 2334 2998 ἐσχάτου
2363 2923 2472 2977 τῶν
2496 2919 2739 2993 ἡμερῶν.
2779 2936 2798 2968 ι
2830 2912 3037 2968 Οὐκοῦν
3069 2909 3199 2980 περὶ
3229 2906 3693 2998 μελλόντωνῂπρο-

2106 2993 2393 3092 φητεύσειν
2432 3014 2616 3074 αὐτοῖς
2663 3005 3079 3077 ἐπαγγέλλεται.
3112 3001 3289 3071 Σαφὲς
3310 2996 3491 3092 δεῖκαὶ
3517 2993 3693 3056 ἄλλως

2104 3091 2184 3165 δτι
2227 3109 2303 3181 μὴ
2343 3107 2480 3179 πρὸς
2510 3105 2602 3157 τὸν
2636 3100 2979 3173 πατριάρχην
3022 3095 3220 3150 Ἰούδαν
3248 3091 3432 3160 αίτῆς
3476 3103 3691 3159 προφη’

2106 3203 2255 3265 τείας
2296 3199 2358 3269 (f.
2404 3197 2861 3267 1ἓ)ἀρμόττουσι
2901 3189 3109 3258 φωναί’
3154 3188 3283 3239 πότε
3330 3182 3438 3254 γὰρ
3485 3183 3691 3235 ἐκεῖνον

428 3273 594 3356 etiam
622 3302 886 3374 quidquid
911 3302 977 3358 de
1003 3273 1107 3358 hac
1127 3303 1412 3378 pycphetia
1436 3304 1487 3360 ei
1518 3273 1763 3376 adaptari
1793 3306 2002 3376 potest?

2102 3296 2135 3366 ἢ
2167 3296 2260 3349 καὶ
2282 3292 2370 3347 διὰ
2396 3309 2449 3345 τι
2483 3286 2895 3356 προσεκύνησαν
2920 3284 2969 3335 οἱ
3007 3279 3223 3348 ἀδελφοὶ
3250 3276 3435 3339 αὑτοῦ,
3462 3273 3554 3327 ἐπὶ
3582 3274 3692 3378 τίνι

430 3393 542 3449 Nec
564 3408 697 3449 vero
747 3394 812 3449 ad
853 3395 1058 3449 tribum
1102 3410 1166 3450 ea
1211 3402 1446 3465 possunt
1491 3394 1716 3464 referri;
1766 3410 2001 3466 namque

2104 3364 2161 3441 δὲ
2186 3382 2569 3455 κατορθώματι
2593 3381 2627 3451 ἢ
2658 3380 2751 3432 καὶ
2778 3378 2905 3430 πότε
2940 3375 3133 3447 ᾔνεσαν
3180 3370 3370 3433 αὐτόν;
3402 3367 3526 3430 Πῶς
3553 3367 3598 3420 δ’
3627 3364 3696 3419 ἄν

431 3500 540 3541 non
582 3492 794 3540 tantum
840 3502 871 3542 e
913 3487 1061 3542 tribu
1106 3459 1259 3542 Iuda;
1296 3487 1465 3544 duces
1494 3488 1681 3559 populi
1701 3459 2002 3543 rconstit-uti

2102 3497 2184 3543 τις
2230 3477 2323 3530 καὶ
2350 3476 2417 3529 τὰ
2442 3472 2604 3527 λοιπὰ
2646 3471 2747 3541 τῆς
2792 3466 3129 3541 προφητείας
3157 3465 3243 3518 ἐπ’
3277 3464 3481 3559 ἐκεῖνον
3523 3459 3697 3559 ἀρμό-

429 3583 575 3633 sunt.
631 3575 852 3634 Iudices
893 3579 1038 3634 enim
1069 3589 1200 3649 post
1232 3579 1472 3651 Moysem
1501 3598 1532 3638 e
1554 3582 1721 3638 variis
1750 3579 2004 3637 tribubus

429 3669 650 3726 circiter
681 3669 1012 3741 quingentos
1058 3686 1234 3728 annos
1265 3670 1510 3729 Hebraeis
1559 3670 1801 3743 praefecti
1836 3678 2004 3734 sunt;

430 3760 558 3817 dein
610 3776 640 3818 e
697 3762 843 3818 tribu
870 3762 1153 3834 Beniamin
1196 3757 1420 3836 primus
1479 3768 1720 3820 omnium
1771 3780 1867 3820 rex
1905 3763 2007 3818 fuit

432 3851 594 3920 Saul;
644 3868 754 3923 quo
798 3864 1018 3909 mortuo
1064 3866 1434 3924 regnaverunt
1477 3872 1507 3911 e
1540 3856 1687 3911 tribu
1716 3854 1870 3911 Iudae
1898 3870 2008 3910 non

431 3952 548 3998 toto
589 3945 1012 4017 quingentorum
1039 3962 1306 4012 annorum
1339 3949 1548 4019 spatio;
1593 3926 1719 4003 dein
1753 3956 1877 4017 post
1908 3947 2012 4001 Ba-

431 4034 646 4107 bylonis
671 4036 1043 4106 captivitatem
1083 4037 1248 4095 rebus
1283 4036 1622 4107 praefuerunt
1655 4053 1686 4093 e
1709 4036 1854 4092 tribu
1882 4035 2009 4091 Levi

433 4126 555 4195 plus
583 4141 747 4197 quam
775 4126 1105 4197 quingentos
1129 4141 1327 4192 annos,
1375 4144 1549 4198 usque
1583 4129 1653 4183 ad
1680 4127 1884 4185 Christi
1915 4126 2014 4182 ad-

434 4224 674 4272 ventum.
709 4215 851 4283 Quid
873 4217 1039 4287 igitur
1068 4218 1242 4289 magis
1271 4218 1339 4275 de
1364 4218 1513 4273 trihu
1535 4218 1690 4275 Iuda:
1719 4235 1841 4290 qum
1874 4234 2013 4289 pra:-

434 4306 580 4361 tiicta
606 4313 734 4361 sunt
765 4305 930 4362 refert
952 4306 1260 4376 prophetia,
1313 4323 1478 4377 quam
1508 4309 1576 4364 de
1595 4310 1846 4365 caeteris?
1870 4309 2013 4381 Ergo

431 4414 544 4453 non
579 4399 648 4452 ad
692 4398 894 4454 tribum
939 4398 1136 4455 referri
1181 4408 1414 4470 possunt
1458 4417 1580 4473 qua;
1625 4402 2009 4459 ostenduntur.

432 4487 539 4554 Qui
561 4487 704 4543 enim
757 4488 813 4542 in
843 4489 1160 4545 novissimis
1192 4490 1383 4546 diebus
1413 4492 1667 4562 apparuit
1694 4492 1887 4557 Iudas,
1915 4507 2011 4546 ve-

2106 3572 2214 3637 ζων
2258 3569 2606 3639 διηγήσεται;
2648 3562 2785 3617 Ἀλλ’
2831 3560 2952 3614 οὐδὲ
3000 3558 3094 3612 ἐπὶ
3137 3557 3237 3629 τὴν
3275 3553 3445 3625 φυλὴν
3484 3548 3699 3619 εὐλογί-

2108 3680 2247 3725 στως
2273 3678 2359 3725 τις
2398 3657 2538 3714 αὐτὰ
2578 3655 2860 3726 ἀναφέροι,
2885 3653 2968 3706 ὅτι
2999 3649 3076 3722 μὴ
3115 3648 3273 3720 μόνον
3311 3648 3376 3698 ἐκ
3397 3645 3496 3715 τῆς
3529 3641 3709 3695 Ἰούδα.

2107 3754 2278 3826 φυλῆς
2299 3753 2559 3824 ἄρχοντες
2587 3748 2930 3818 κατέστησαν
2958 3741 3051 3796 τοῦ
3075 3738 3206 3794 λαοῦ
3228 3757 3241 3770 ο
3269 3738 3326 3791 οἶ
3344 3754 3403 3790 τε
3427 3734 3536 3806 γάρ
3561 3732 3703 3805 μετά

2106 3843 2563 3916 ΜωῦσέαΚριταῖ¹
2594 3843 2658 3895 ἐκ
2685 3837 2954 3910 διαφόρων
2982 3834 3261 3915 γενόμενοι
3281 3827 3461 3898 φυλῶν
3484 3827 3706 3898 διήρκε-

2109 3956 2209 3993 σαν
2247 3937 2539 4009 ὴγούμενοι
2585 3934 2678 3987 ἐπὶ
2721 3931 2899 3983 ἔτεσιν
2942 3926 3109 3996 ἐγγύς
3153 3940 3255 3977 που
3300 3917 3711 3983 πεντακοσίοις,

2115 4030 2232 4102 μεθ’
2267 4029 2360 4094 οὒς
2401 4029 2466 4082 ἐκ
2507 4027 2679 4097 φυλῆς
2716 4024 2973 4096 Βενιαμὶν
3004 4018 3218 4091 πρῶτος
3262 4014 3515 4069 ἁπάντων
3549 4009 3711 4102 βασι-ν

2109 4099 2255 4177 λεύει
2306 4120 2501 4184 Σαοὺλ,
2549 4120 2642 4174 καὶ¹
2681 4118 2854 4181 οὕτως
2890 4113 3029 4187 μετὰ
3069 4110 3290 4172 τούτους
3333 4107 3383 4159 οἱ
3428 4106 3493 4157 ἐκ
3531 4099 3701 4172 φυλῆς

2122 4215 2292 4270 Ἰούδα
2349 4211 2722 4283 βασιλεύουσιν
2777 4208 2885 4263 οὐδ’
2924 4205 3067 4267 ὅλοις
3104 4202 3247 4255 ἐτεσι
3293 4194 3701 4254 πεντακοσίοιςο

2111 4303 2229 4361 εἷτα
2262 4305 2401 4379 μετά
2418 4304 2516 4377 τὴν
2545 4305 2625 4367 εἰς
2657 4300 2950 4356 Βαϐυλῶνα
2972 4291 3350 4368 αἰχμαλωσίαν
3368 4290 3418 4343 οἱ
3440 4289 3504 4340 ἐκ
3530 4283 3703 4379 φυλῆς

2111 4397 2242 4456 Λευῒ
2265 4375 2608 4470 προέστησαν
2647 4392 2757 4448 τῶν
2797 4390 3139 4464 πραγμάτων
3175 4384 3315 4452 ὑπὲρ
3341 4381 3412 4435 τὰ
3441 4375 3704 4470 πεντακό-

2115 4506 2207 4543 σια
2237 4460 2332 4559 ἐτη
2361 4460 2521 4559 μέχρι
2561 4485 2661 4556 τῆς
2706 4482 2801 4537 τοῦ
2839 4460 3078 4554 Χριστοῦ
3132 4476 3456 4549 παρουσίας.
3505 4471 3570 4524 Τί
3611 4460 3705 4526 οὖν

340 4924 343 4927 ν
434 4870 581 4910 nunc
607 4854 869 4922 Iacobus,
899 4872 1048 4912 nunc
1076 4855 1267 4922 David,
1306 4873 1454 4914 nunc
1478 4859 1655 4915 aliter.
1726 4859 1880 4915 Hunc
1907 4875 2007 4915 au-

431 4597 555 4637 rum
584 4583 837 4637 novimus
856 4598 978 4638 esse
1009 4582 1346 4639 Salvatorem
1370 4594 1422 4639 et
1441 4584 1733 4641 Dominum
1760 4595 2004 4642 nostrum

2118 4579 2316 4652 μᾶλλον
2344 4577 2596 4649 περὶτῆς
2634 4576 2805 4630 Ἰούδα
2836 4574 3008 4646 φυλῆς
3047 4571 3119 4625 τὰ
3143 4566 3516 4644 προειρημένα
3540 4564 3707 4635 φησὶν

429 4672 642 4737 Iesum,
679 4671 957 4728 Christum
992 4673 1121 4739 Dei,
1152 4674 1243 4745 qui
1276 4684 1330 4730 et
1362 4675 1711 4746 dispensator
1750 4677 1871 4748 ejus
1918 4691 2004 4733 vo-

2115 4674 2149 4743 ἡ
2190 4669 2516 4743 προφητεία,
2544 4669 2663 4739 ούχὶ
2687 4668 2744 4721 δὲ
2775 4668 2869 4722 καὶ
2901 4666 3030 4737 περὶ
3069 4662 3176 4716 τῶν
3200 4659 3400 4714 λοιπῶν
3418 4674 3441 4748 ;Ῠ
3459 4656 3583 4748 Οὐκ.
3596 4654 3708 4725 ἀρα

431 4765 659 4820 luntatis
692 4772 747 4820 et
781 4762 952 4822 Iudas
982 4766 1314 4822 nominatur.
1343 4768 1422 4820 Ita
1452 4745 1608 4822 enim
1638 4745 1792 4823 nunc
1814 4767 2004 4833 Israel,

2114 4763 2235 4818 οὐδὲ
2260 4763 2351 4815 ἐπὶ
2374 4761 2471 4833 τὴν
2496 4759 2666 4831 φυλὴν
2692 4758 2922 4831 ἁρμόζοι
2948 4758 3016 4810 τὰ
3039 4753 3340 4825 δηλούμενα
3359 4768 3370 4779 ·
3402 4747 3489 4800 τὸν
3518 4745 3709 4817 μέντοι

2115 4872 2179 4923 γε
2205 4854 2293 4907 ἐπ’
2319 4854 2533 4925 ἐσχάτῳ
2556 4851 2663 4908 τῶν
2694 4851 2919 4924 ἡμερῶν
2963 4846 3300 4916 ἀναφανέντα
3336 4840 3533 4895 Ἰούδαν
3576 4837 3711 4908 ἀλη-

433 4956 542 5002 tem
560 4954 614 5001 et
648 4949 822 5003 sancti
846 4947 1076 5019 apostoli
1096 4957 1149 5003 et
1167 4956 1432 5019 quotquot
1457 4946 1695 5019 Spiritus
1716 4948 2004 5018 ad0ptione

2119 4947 2261 5002 θινὸν
2302 4945 2459 5017 ἴσμεν
2499 4946 2589 4999 τὸν
2628 4944 2857 5015 Σωτῆρα
2910 4942 3003 4995 καὶ
3055 4938 3256 5010 Κύριον
3297 4933 3454 5006 ἡμῶν
3495 4928 3706 5001 Ἰησοῦν

432 5039 637 5112 dignati
666 5050 813 5106 sunt,
850 5041 1208 5096 laudaverunt
1238 5049 1293 5097 et
1319 5042 1711 5099 adoraverunt.
1753 5059 1773 5092 ι
1814 5038 2004 5096 Manus

2118 5038 2207 5093 τὸν
2250 5036 2485 5111 Χριστὸν
2522 5035 2614 5089 τοῦ
2659 5034 2817 5096 Θεοῦ,
2858 5033 2952 5086 καὶ
2991 5031 3190 5102 ταμίαν
3224 5027 3331 5081 τῶν
3370 5024 3498 5097 περὶ
3540 5021 3707 5078 αὐτοῦ

435 5142 563 5199 tute,
589 5151 608 5184 ι
650 5148 788 5204 quas
819 5132 1117 5204 symbolice
1144 5133 1287 5188 facta
1315 5134 1436 5204 ejus
1459 5148 1581 5190 esse
1605 5132 2021 5204 existimamus,

438 5244 458 5277 ι
492 5225 548 5279 in
576 5225 880 5281 cervicibus
906 5224 1255 5279 inimicorum
1281 5231 1499 5279 tuorum
1524 5264 1538 5288 ,
1579 5244 1597 5276 ι
1631 5223 1687 5279 id
1712 5231 1821 5288 est,
1858 5225 2013 5295 cogi-

437 5319 703 5374 tationum
728 5317 1009 5374 hostilium
1040 5332 1160 5387 qua:
1189 5331 1312 5372 eum
1356 5315 1592 5387 fugiunt.
1647 5312 1748 5370 Hic
1776 5323 1830 5370 et
1852 5316 2012 5385 quasi

440 5426 459 5460 ι
503 5410 721 5465 catulus
771 5409 946 5464 leonis
983 5428 1002 5461 ι
1041 5408 1276 5472 dicitur,
1313 5409 1428 5464 sive
1462 5416 1679 5478 propter
1709 5404 2009 5461 secundum

436 5515 657 5557 carnem
679 5501 1016 5555 nativitatem
1037 5516 1069 5555 e
1103 5501 1251 5555 tribu
1280 5499 1432 5571 regia
1465 5506 1518 5554 et
1553 5497 1773 5553 Davidis
1801 5496 2009 5561 radice,

442 5607 460 5637 σ
498 5597 553 5643 et
598 5593 653 5643 in
702 5588 1114 5645 similitudinem
1164 5591 1347 5646 carnis
1390 5590 1598 5661 peccati
1649 5587 1849 5643 factam
1875 5588 1943 5653 ⁷³,
1988 5608 2007 5640 ι

440 5680 556 5734 sive
588 5688 809 5749 prOpler
836 5681 1093 5737 deitatem
1114 5723 1128 5746 ,
1161 5699 1269 5753 qua
1303 5690 1465 5737 exuta
1498 5684 1664 5737 homo
1695 5680 1875 5737 factus
1904 5689 2008 5745 est,

440 5769 512 5824 ob
542 5784 705 5839 quam
734 5780 789 5824 et
819 5786 930 5824 non
979 5772 1251 5827 immerito
1288 5792 1300 5825 :
1330 5762 1335 5765 ’
1364 5792 1382 5823 ι
1412 5774 1454 5827 Ε
1492 5787 1732 5844 gemma,
1779 5772 1856 5825 fili
1900 5770 2009 5835 mi,

513 5928 557 5958 "
598 5926 615 5979 l
654 5923 799 5979 loan.
840 5942 890 5989 ι,
933 5927 979 5978 l.
1057 5929 1102 5959 ⁷ο
1142 5926 1274 5983 Gen.
1314 5942 1490 5991 χχχιι,
1523 5929 1609 5983 50.

2122 5130 2375 5185 ἐπινοιῶν
2422 5127 2516 5182 καὶ
2552 5125 2752 5181 Ἰούδαν
2797 5120 3189 5193 ὀνομασθέντα·
3236 5117 3424 5188 ὥσπερ
3469 5116 3534 5187 δὴ
3585 5112 3705 5168 καθ’

2120 5222 2308 5293 ἑτέραν
2347 5219 2584 5292 Ἰσραὴλ,
2630 5218 2726 5272 καὶ
2770 5215 2888 5270 κατ’
2918 5213 3084 5284 ἀλλην
3123 5208 3349 5272 Ἰακὼὸ,
3389 5208 3485 5261 καὶ
3519 5203 3697 5264 Δαυῖδ,

2118 5315 2211 5369 καὶ
2242 5313 2429 5369 ἄλλοτε
2459 5310 2665 5373 ἄλλως*
2692 5308 2880 5362 τοῦτον
2904 5306 2963 5359 δέ
2987 5304 3081 5359 καὶ
3124 5304 3174 5357 οἱ
3215 5300 3351 5372 ἱεροὶ
3394 5295 3694 5357 ἀπόστολοι,

2117 5407 2211 5459 καὶ
2238 5404 2437 5467 πάντες
2472 5404 2586 5457 ὅσοι
2629 5400 2722 5455 τοῦ
2761 5397 3066 5470 πνεύματος
3100 5395 3200 5466 τῆς
3238 5390 3511 5452 υἱοθεσίας
3543 5384 3698 5456 ἠξιώ-

2118 5498 2309 5568 θησαν,
2337 5495 2538 5567 ᾕνεσάν
2569 5512 2630 5548 τε
2667 5493 2761 5547 καὶ
2786 5488 3194 5563 προσεκύνησαν
3214 5502 3227 5515 ·
3274 5503 3292 5535 ι
3326 5485 3389 5536 Αἱ
3430 5479 3607 5551 χεῖρές
3640 5492 3705 5529 τε

2118 5586 2304 5653 αὐτοῦ,
2336 5608 2353 5639 ι
2378 5585 2445 5650 ἃς
2476 5584 2816 5657 συμϐολικῶς
2848 5579 3130 5654 ἡγούμεθα
3154 5573 3292 5631 εἶναι
3319 5573 3419 5637 τὰς
3450 5570 3701 5644 πράξεις.

2122 5700 2141 5731 ι
2180 5677 2323 5732 κατά
2358 5677 2527 5733 νώτου
2570 5674 2677 5729 τῶν
2711 5673 2921 5746 ἐχθρῶν
2966 5669 3151 5733 αὑτοῦ,
3193 5689 3213 5720 ι
3241 5664 3385 5721 τοῦτ’
3421 5664 3568 5717 ἐστιν
3595 5661 3711 5715 τῶν

2118 5768 2323 5842 νοητῶν
2355 5767 2626 5839 πολεμίων
2669 5766 2974 5835 φευγόντων
3019 5762 3177 5815 αὐτὸν
3206 5760 3519 5828 γεγόνασιν·
3550 5748 3710 5818 οὗτος

1688 5927 1731 5960 ⁷⁸
1772 5924 1905 5983 Gcn.
1942 5942 2098 5993 tux,
2142 5924 2295 5980 8-10.
2370 5925 2416 5955 τ’
2456 5920 2586 5977 ibid.
2624 5921 2676 5975 l.
2752 5921 2796 5953 ⁷³
2852 5918 3008 5972 Rom.
3049 5930 3180 5982 vm,
3214 5915 3268 5971 3.
