4106 6482
449 454 593 510 1045

1473 449 1769 506 801λοοΕ
1812 453 2291 509 PROPHETlC/E.
2330 487 2394 494 ——
2440 453 2568 510 LIB.
2615 455 2654 509 Ι.

3571 450 3708 504 1046

447 569 509 623 δὲ
545 570 639 624 καὶ
666 569 741 632 ὡς
775 589 792 619 ι
833 570 1067 640 σκύμνος
1105 569 1315 632 λέοντος
1349 587 1367 620 ι
1399 567 1633 638 εἴρηται,
1662 568 1769 619 εἴτε
1811 568 1899 620 διὰ
1936 570 2013 638 τὴε

2136 571 2460 635 ascendisti,
2503 591 2521 622 ›
2575 570 2645 624 ab
2691 567 2896 624 Jacobo
2939 565 3154 621 dicitur.
3226 562 3710 619 Verumenimvero

449 661 608 723 κατὰ,
625 661 802 732 σάρκα
826 661 1036 730 γένεσιν
1067 661 1132 714 ἐκ
1159 659 1441 731 βασιλικῆς
1468 659 1657 729 φυλῆς,
1703 660 1796 712 καὶ
1821 660 1916 730 τῆς
1941 659 2034 712 τοῦ

449 753 610 806 Δαυῖδ
657 752 831 823 ῥίζης,
870 772 890 803 ι
925 753 1017 805 καὶ
1059 754 1115 804 ἐν
1177 750 1480 823 ὁμοιώματι
1525 750 1724 822 σαρκὸς
1763 751 2034 822 ἁμαρτίας

448 843 853 915 γεγενημένην·
889 862 907 894 ι
945 843 1054 895 εἴτε
1089 842 1177 896 διὰ
1208 843 1309 914 τὴν
1347 842 1594 911 θεότητα,
1622 836 1690 912 ἧς
1725 842 1915 894 ἑαυτὸν
1945 859 2035 894 κε-

447 935 624 998 νώσας
660 933 1078 1006 ἐνηνθρώπισεν,
1105 934 1168 986 δι’
1212 933 1277 1004 ἣν
1311 930 1579 1003 εὐκαίρως
1616 932 1710 984 καὶ
1747 931 1829 995 τὸ,
1875 950 1894 983 ι
1940 931 2036 984 Ἐκ

449 1015 699 1094 βλαστοῦ,
747 1024 828 1076 υἰέ
880 1041 1001 1095 μου,
1042 1023 1260 1094 ἀνέϐης,
1299 1043 1317 1075 ›
1346 1023 1450 1076 ὑπὸ
1472 1022 1564 1076 τοῦ
1605 1021 1798 1076 Ἰακὼϐ
1835 1023 2036 1078 ἀναπε-

447 1113 712 1184 φώνηται.
734 1115 862 1168 Ὅτε
905 1115 1004 1184 μὲν
1044 1112 1136 1168 οῦν
1160 1115 1259 1186 τὴν
1301 1118 1365 1169 ἐκ
1392 1113 1619 1184 βλαστοῦ
1656 1115 1750 1168 καὶ
1775 1116 1839 1168 ἐκ
1881 1115 2033 1187 ῥίζης

445 1206 611 1260 αὐτοῦ
642 1207 852 1276 γένεσιν
882 1206 1068 1276 ἐδήλου
1111 1205 1208 1260 τοῦ
1245 1199 1516 1278 Σωτῆρος,
1551 1226 1570 1258 ι
1612 1205 1850 1278 σκύμνον
1883 1206 2031 1260 λέον-

441 1313 533 1358 τος
581 1314 602 1348 ι
639 1294 802 1349 αὑτὸν
855 1295 1136 1366 ὠνόμασεν
1155 1336 1170 1361 ,
1211 1295 1379 1350 εἰπὼν
1405 1335 1420 1360 ,
1453 1315 1472 1348 ι
1521 1295 1764 1366 Σκύμνος
1821 1296 2032 1359 λέοντος

456 1385 653 1440 Ἰούδαο
698 1387 762 1439 ἐκ
816 1385 1068 1456 βλαστοῦ,
1107 1387 1190 1439 υἱέ
1242 1405 1363 1457 μου,
1390 1386 1618 1457 ἁνέϐηςο
1655 1405 1674 1439 ι
1703 1388 1791 1441 ὅτε
1831 1386 1887 1440 δὲ
1934 1386 2032 1457 τὴν

443 1475 741 1548 ἀνάϐλησιν
785 1477 880 1530 καὶ⁸
920 1478 1020 1548 τὴν
1068 1477 1215 1532 κατά
1260 1478 1320 1531 τὸ
1360 1477 1529 1542 πάθος
1575 1478 1737 1531 αὑτοῦ
1778 1479 2031 1550 κοίμησιν

444 1566 795 1640 προφητεύει,
824 1569 1108 1640 ἀμφότερα
1137 1568 1300 1623 αὐτόν
1321 1586 1452 1641 φησι
1485 1570 1578 1622 καὶ
1602 1569 1677 1634 ὡς
1701 1569 1891 1623 λέοντα
1933 1572 2026 1623 καὶ

439 1657 515 1722 ὡς
547 1658 782 1730 σκύμνον
823 1661 884 1714 ἐν
917 1659 1015 1731 τῷ,
1049 1680 1067 1712 ι
1113 1659 1421 1714 Ἀναπεσὼν
1466 1660 1728 1733 ἐκοιμήθη
1769 1661 1844 1726 ὡς
1880 1660 2016 1716 λέων

440 1750 538 1804 καὶ
560 1750 636 1814 ὼς
661 1751 899 1821 σκύμνος
918 1768 932 1782 ·
968 1770 987 1803 ι
1016 1751 1137 1806 τότε
1169 1751 1276 1824 γὰρ
1303 1753 1363 1806 οὺ
1393 1751 1551 1822 μόνον
1593 1752 1668 1816 ὡς
1713 1754 1778 1805 ἐκ
1817 1750 2022 1821 βασιλι-

438 1839 538 1894 κοῦ
570 1841 850 1911 τυγχάνων
880 1841 1086 1909 γένους,
1131 1842 1266 1896 ἀλλά
1302 1843 1397 1896 καὶ
1441 1843 1516 1906 ὡς
1559 1842 1720 1906 αὐτὸς
1771 1841 2022 1912 βασιλεὺς

2142 677 2266 716 cum
2299 661 2516 732 quidem
2552 677 2582 716 e
2614 676 2824 731 gemma
2855 666 2908 716 et
2938 675 2967 714 e
3010 658 3195 712 radice
3217 654 3338 726 ejus
3372 655 3709 710 nativitatem

2141 749 2454 805 ostenderet
2487 748 2806 813 Salvatoris,
2851 769 2868 801 ι
2907 749 3147 804 catulum
3194 746 3369 802 leonis
3405 766 3422 798 ι
3456 761 3580 801 eum
3615 761 3711 798 no-

2141 841 2387 905 minavit,
2420 841 2606 897 dicens
2635 862 2646 896 :
2695 860 2712 893 ι
2747 840 2974 897 Catulus
3002 841 3177 895 leonis
3204 837 3342 894 Juda
3374 856 3386 892 :
3419 853 3450 892 e
3476 853 3710 910 gemma,

2142 932 2216 984 fili
2260 932 2355 995 mi,
2406 932 2732 997 ascendisti;
2767 953 2785 984 ι
2818 945 2942 986 cum
2987 945 3116 984 vero
3146 936 3199 985 et
3239 928 3626 984 exaltationem
3660 935 3715 981 et

2138 1021 2414 1090 passionis
2447 1037 2560 1076 suae
2587 1021 2971 1076 dormitionem
2993 1021 3334 1092 prophetizat
3355 1060 3368 1086 ,
3399 1018 3562 1075 simul
3587 1033 3712 1072 eum

2139 1110 2272 1165 dicit
2295 1117 2350 1167 et
2381 1109 2538 1181 quasi
2572 1112 2781 1166 leonem
2811 1117 2865 1165 et
2903 1109 3061 1181 quasi
3110 1109 3347 1164 catulum
3386 1125 3444 1162 τι
3479 1106 3714 1176 Requie-

2140 1215 2302 1256 scens
2335 1200 2638 1256 accubuisti
2663 1207 2722 1254 ut
2741 1200 2826 1255 leo
2846 1207 2900 1256 et
2930 1207 2990 1255 ut
3020 1200 3194 1256 leonis
3223 1200 3438 1256 catulus
3474 1218 3487 1252 :
3527 1218 3546 1251 ›
3582 1205 3713 1252 tunc

2138 1293 2320 1358 enim,
2371 1306 2483 1347 non
2516 1298 2726 1345 tantum
2770 1300 2829 1345 ut
2877 1291 3025 1361 regio
3066 1298 3222 1346 ortus
3255 1305 3486 1361 genere,
3523 1289 3618 1343 sed
3653 1293 3711 1342 ut

2139 1385 2256 1454 ipse
2288 1399 2387 1439 rex
2427 1383 2605 1444 elatus
2637 1390 2752 1447 est;
2806 1382 3229 1452 agnoscentibus
3260 1397 3383 1436 eum
3434 1381 3706 1452 gentibus,

2138 1477 2243 1531 etsi
2273 1475 2565 1530 noluerunt
2593 1473 2788 1537 Judaei,
2820 1474 2978 1544 quasi
3009 1474 3124 1542 ipse
3167 1489 3263 1529 rex
3294 1473 3486 1530 fuisset
3517 1473 3702 1528 lsrael.

2136 1567 2401 1622 Caeterum
2431 1573 2485 1621 et
2504 1566 2686 1622 dicere
2708 1581 2994 1636 possemus
3016 1567 3088 1629 ei,
3111 1566 3550 1636 quandoquidem
3575 1581 3707 1620 con-

2136 1663 2220 1708 tra
2265 1660 2562 1724 potestates
2595 1654 2851 1710 adversas
2898 1654 3096 1710 bellum
3149 1655 3396 1720 tulisset,
3450 1663 3506 1710 et
3554 1671 3707 1710 ever-

2136 1752 2251 1800 tere
2280 1754 2498 1815 pararet
2527 1747 2718 1801 mortis
2747 1746 3046 1817 potentiam
3079 1745 3368 1801 habentem
3390 1747 3459 1812 7‘,
3496 1748 3708 1802 scilicet

2136 1836 2436 1901 diabolum,
2471 1853 2697 1894 necesse
2749 1846 2866 1893 erat
2916 1838 3109 1894 adesse
3137 1854 3168 1894 e
3197 1839 3379 1894 radice
3397 1836 3587 1894 Jacobi
3621 1854 3708 1895 se-

435 1929 514 1984 ὢν
557 1931 806 2002 άνύψωτο
826 1949 839 1963 ο
876 1933 1278 2004 ὁμολογούντων
1311 1934 1474 1990 αὐτὸν
1498 1934 1606 1988 τῶν
1630 1933 1818 2000 ἐθνῶν,
1852 1936 1900 1987 εί
1931 1936 2013 1988 καὶ

2129 1929 2368 1984 cundum
2419 1943 2642 1985 carnem
2685 1938 2814 1985 nato
2847 1929 3012 1986 Verbi
3057 1929 3337 1985 deitatem.
3394 1929 3562 1986 Leoni
3592 1931 3709 2001 qui-

440 2020 516 2092 μὴ
540 2023 589 2075 οἱ
613 2024 677 2076 ἐκ
702 2025 1001 2095 περιτομῆς
1029 2025 1242 2096 ῆθελον,
1269 2025 1343 2090 ὡς
1368 2027 1478 2097 ἄρα
1506 2026 1669 2090 αὐτὸς
1692 2026 1778 2097 εἴη
1811 2029 1838 2079 ὁ
1868 2025 2022 2095 βασι-

434 2111 561 2176 λεὺς
587 2113 680 2166 τοῦ
720 2114 964 2186 Ἰσραήλ’
1002 2117 1096 2170 καὶ
1145 2117 1320 2182 ἄλλως
1369 2117 1428 2171 δὲ
1472 2117 1660 2190 ῥηθείη
1703 2117 1790 2183 ἂν,
1837 2116 2021 2188 ἐπειδὴ

436 2195 575 2273 πρὸς
605 2204 984 2276 ἀντικειμένας
1025 2207 1285 2279 δυνάμεις
1335 2209 1606 2279 αἰρομένῳ
1652 2208 1883 2279 πόλεμον
1923 2211 2018 2262 καὶ

433 2295 724 2350 καταλύειν
757 2297 1002 2367 μέλλοντι
1041 2299 1134 2352 τὸν
1167 2299 1228 2352 τὸ
1265 2300 1464 2371 κράτος
1495 2300 1684 2372 ἔχοντα
1731 2300 1824 2353 τοῦ
1868 2299 2023 2353 θανά-

432 2404 546 2449 του,
576 2388 818 2443 τουτέστι
853 2391 942 2444 τὸν
965 2391 1228 2457 διάϐολον,
1271 2393 1379 2446 ἔδει
1415 2395 1669 2464 παρεῖναι
1697 2390 1775 2462 τῷ
1803 2392 1867 2444 ἐκ
1892 2389 2020 2460 βλα-

436 2476 562 2529 στοῦ
601 2479 794 2532 Ἰακὼϐ
841 2481 982 2534 κατὰ
1025 2484 1203 2553 σάρκα
1247 2482 1596 2554 γεγενημένῳ
1642 2484 1741 2554 τὴν
1791 2483 2022 2550 θεότητα

430 2567 524 2620 τοῦ
552 2569 724 2638 Λόγου
746 2588 760 2602 ο
799 2573 1024 2635 εἰκότως
1051 2573 1222 2628 λέοντι
1257 2575 1354 2645 μὲν
1380 2575 1414 2645 ἡ
1457 2574 1648 2644 θεότης
1674 2572 2018 2644 παραδέδλη-

429 2675 517 2711 ται
553 2658 642 2714 διὰ
678 2661 738 2721 τὸ
781 2663 1135 2734 κεχειρῶσθαι
1174 2667 1268 2718 καὶ
1311 2665 1652 2737 νενικηκέναι
1700 2665 1878 2727 πάσας
1920 2663 2019 2728 τὰς

430 2749 631 2819 ἀγρίας
660 2751 755 2805 καὶ
779 2753 1069 2819 ἀτιθάσους
1111 2756 1367 2827 δυνάμεις
1387 2773 1400 2787 ο
1445 2756 1667 2826 σκύμνῳ
1690 2756 1747 2809 δὲ
1789 2755 2016 2822 λέοντος,

427 2837 456 2890 ὂ
486 2841 762 2914 ἀνειλήφει
794 2846 1013 2916 σαρκίον
1038 2849 1104 2900 ἐκ
1128 2848 1227 2918 τῆς
1249 2848 1342 2900 τοῦ
1381 2847 1549 2901 Ἰούδα
1579 2847 1862 2917 βασιλικῆς
1886 2864 2018 2915 τυγ-

428 2928 607 2998 Χάνων
633 2934 807 3006 φυλῆς
824 2953 837 2966 °
874 2937 1010 2992 ἀλλὰ
1035 2939 1130 2992 καὶ
1157 2939 1317 3012 εῐπερ
1360 2942 1389 2993 ό
1432 2939 1701 3002 ἀντίδικος
1725 2939 1882 3010 ἡμῶν
1907 2938 2020 2991 διά-

428 3021 583 3085 ϐολος
621 3023 697 3088 ὡς
729 3025 865 3081 λέων
894 3030 1039 3082 ἐστὶν
1069 3029 1137 3098 (f.
1171 3031 1258 3098 15)
1292 3032 1623 3102 ὠρυόμενος,
1651 3031 1753 3101 δρα
1789 3030 1865 3100 μὴ
1894 3029 2010 3082 τού-

427 3129 520 3166 του
553 3115 790 3187 σκύμνος
826 3122 932 3185 πᾶς
979 3122 1043 3175 ἂν
1069 3121 1281 3193 λεχθείη
1314 3122 1655 3195 ἁμαρτωλὸς,
1705 3122 1827 3174 ἐπεὶ
1859 3140 1876 3172 ι
1911 3122 2016 3184 πᾶς

426 3205 457 3256 ὁ
490 3207 659 3260 ποιῶν
685 3208 782 3280 τὴν
807 3212 1083 3283 ἁμαρτίαν
1117 3216 1181 3266 ἐκ
1211 3214 1304 3267 τοῦ
1338 3215 1582 3268 διαϐόλου
1615 3214 1957 3285 γεγέννηται.
1992 3232 2010 3264 ›

2132 2020 2257 2074 dem
2286 2020 2481 2074 merito
2511 2020 2688 2076 deitas
2717 2019 3086 2086 assimilatur,
3131 2029 3190 2076 ut
3216 2022 3308 2093 qui
3341 2022 3487 2079 feras
3516 2037 3705 2077 omnes

2126 2109 2529 2181 indomitasque
2581 2119 2879 2182 potestates
2926 2112 3205 2182 superavit
3252 2122 3415 2184 atque
3461 2114 3701 2180 devicit;

2126 2199 2302 2256 leonis
2336 2208 2516 2257 autem
2543 2202 2757 2268 catulo,
2789 2209 2849 2256 ut
2876 2204 2969 2272 qui
3011 2217 3230 2259 carnem
3264 2205 3472 2274 accepit
3500 2220 3529 2260 e
3554 2206 3703 2275 regia

2124 2293 2277 2349 Judze
2302 2293 2453 2349 tribu
2490 2301 2671 2350 natus.
2733 2293 2803 2348 At
2829 2294 2873 2350 si
2901 2295 3117 2366 quidem
3152 2293 3498 2350 adversarius
3519 2305 3704 2350 noster

2124 2381 2376 2438 diabolus
2402 2390 2487 2438 est
2514 2385 2676 2454 quasi
2707 2385 2792 2440 leo
2817 2385 3097 2457 rugiens"
3114 2428 3130 2454 ,
3167 2386 3535 2442 animadverte
3557 2389 3699 2457 quod

2123 2474 2242 2544 ejus
2294 2475 2510 2532 catulus
2564 2477 2747 2532 omnis
2805 2477 3020 2532 dicatur
3089 2486 3383 2547 peccator,
3441 2481 3700 2549 quoniam

2130 2585 2148 2617 ι
2181 2566 2359 2621 omnis
2407 2569 2502 2638 qui
2554 2567 2689 2622 facit
2733 2575 3018 2639 peccatum
3065 2584 3130 2624 ex
3175 2569 3390 2625 diabolo
3443 2577 3527 2626 est
3569 2572 3637 2623 ⁷⁸.
3677 2591 3694 2620 ι

2121 2654 2260 2710 Cum
2307 2656 2474 2727 igitur
2516 2665 2571 2712 ct
2613 2657 2864 2713 Salvator
2925 2677 2943 2710 ι
2975 2659 3033 2712 in
3075 2658 3486 2714 similitudinem
3515 2659 3700 2715 carnis

2123 2748 2331 2818 peccati
2360 2750 2509 2804 venit
2537 2759 2592 2805 et
2617 2749 2794 2806 factus
2823 2759 2909 2806 est
2941 2765 3039 2821 pro
3067 2751 3226 2807 nobis
3253 2751 3528 2822 piaculum
3558 2753 3640 2819 ";
3673 2772 3693 2806 ι

2122 2845 2176 2890 et
2214 2855 2234 2890 ι
2269 2854 2394 2894 eum
2443 2839 2536 2910 qui
2585 2855 2696 2896 non
2743 2849 2970 2897 noverat
3025 2851 3331 2913 peccatum,
3389 2859 3487 2914 pro
3539 2844 3700 2902 nobis

2122 2938 2404 2998 peccatum
2453 2929 2580 2986 fecit
2600 2933 2668 2998 ⁷⁸,
2706 2951 2725 2984 ›
2786 2935 2998 2990 attende
3062 2935 3207 3005 quod
3264 2951 3387 2992 eam
3429 2937 3498 2991 ob
3561 2953 3696 2992 cau-

2121 3035 2238 3076 sam
2299 3021 2601 3078 secundum
2651 3024 2922 3094 quoddam
2997 3027 3391 3097 signiﬁcantius
3464 3030 3692 3085 verbum

2121 3127 2230 3168 non
2265 3114 2477 3169 leonem
2517 3131 2696 3186 neque
2729 3117 2996 3182 catulum,
3052 3118 3147 3172 sed
3190 3119 3347 3189 quasi
3386 3120 3596 3176 leonem
3643 3132 3697 3177 et

2120 3207 2362 3260 catulum
2417 3201 2544 3261 eum
2592 3206 2795 3263 factum
2851 3223 2973 3264 esse
3022 3209 3078 3263 in
3127 3211 3400 3281 passionis
3453 3219 3698 3282 tempore

437 3295 590 3350 Ἐπεὶ
616 3296 709 3353 οὖν
736 3271 880 3354 Ξεαίἓδ
906 3271 1096 3377 έωτὴρ
1128 3324 1145 3356 ι
1178 3307 1233 3359 ἐν
1263 3307 1570 3378 ὁμοιώματι
1613 3271 2013 3376 σαρκὸςιάμαρ-

2123 3298 2408 3368 prophetia
2457 3299 2731 3366 declarat;
2782 3315 2907 3355 cum
2951 3307 3006 3356 et
3052 3271 3166 3371 ipse
3197 3303 3504 3372 passionem
3540 3271 3698 3359 suam

423 3383 546 3450 τίας
592 3389 836 3460 ἐλήλυθε,
869 3413 886 3444 ι
922 3394 1030 3446 καί·
1064 3414 1080 3444 ι
1115 3396 1338 3464 Γέγονεν
1377 3398 1518 3468 ὑπὲρ
1541 3397 1696 3468 ήμῶν
1729 3397 1966 3468 κατάρα’
1993 3416 2010 3446 ι

425 3475 538 3529 καί·
567 3497 586 3530 ι
613 3480 703 3551 Μὴ
726 3483 921 3550 γνόντα
943 3486 1102 3539 αὑτὸν
1128 3487 1398 3558 ἁμαρτίαν
1416 3489 1551 3565 ὑπὲρ
1573 3488 1727 3558 ἡμῶν
1743 3487 2016 3558 ἁμαρτίαν

425 3567 710 3640 ἐποίησεν·
756 3593 773 3624 ι
799 3574 901 3643 ὅρα
945 3575 1019 3647 μὴ
1045 3577 1249 3630 τούτων
1283 3579 1466 3631 ἕνεκεν
1519 3578 1660 3631 κατά
1693 3595 1815 3632 τινα
1849 3577 2015 3647 βαθύ-

423 3673 582 3730 τερον
627 3661 783 3731 λὸγον
832 3664 953 3718 οὔτε
1017 3666 1205 3720 λέοντα
1256 3667 1378 3722 οὕτε
1442 3667 1678 3739 σκύμνον
1703 3707 1716 3732 ,
1770 3667 1884 3721 ἀλλ’
1935 3668 2009 3730 ὡς

423 3747 614 3804 λέοντα
659 3755 753 3807 καὶ
801 3757 1039 3828 σκύμνον
1079 3761 1356 3828 γεγονέναι
1397 3760 1555 3814 αὑτὸν
1603 3758 1753 3830 παρά
1787 3759 1877 3812 τὸν
1918 3759 2011 3812 τοῦ

422 3841 629 3907 πάθους
658 3846 847 3917 καιρὸν
876 3851 908 3919 ή
939 3851 1242 3922 προφητεία
1267 3851 1509 3916 θεσπίζει
1533 3869 1544 3880 ·
1579 3853 1700 3904 ἐπεὶ
1726 3851 1818 3904 καὶ
1851 3850 2011 3914 αὐτὸς

419 3932 482 3986 τὸ
524 3935 716 3990 ἐαυτοῦ
754 3939 923 4003 πάθος
960 3941 1037 4012 τῷ
1079 3942 1174 3994 τοῦ
1221 3942 1393 4011 ὄφεως
1441 3942 1775 4015 παραϐάλλει
1809 3942 2004 4010 λέγων’

2120 3391 2391 3461 serpentis
2417 3391 2688 3446 assimilat
2715 3392 2960 3461 passioni
2990 3392 3179 3449 dicens
3207 3413 3218 3446 :
3253 3412 3272 3445 ι
3297 3393 3362 3448 Ει
3388 3393 3697 3468 sicutMoy—

2120 3498 2208 3538 ses
2249 3482 2510 3538 exaltavit
2569 3490 2877 3553 serpentem
2933 3483 2991 3536 in
3040 3485 3278 3549 deserto,
3336 3486 3414 3541 ita
3465 3489 3696 3542 exaltari

2120 3581 2342 3644 oportet
2383 3571 2580 3628 Filium
2641 3574 2877 3629 hominis
2912 3573 2978 3629 "’.
3017 3595 3036 3627 ›
3092 3575 3224 3631 Dein
3261 3578 3423 3633 tacite
3446 3593 3696 3634 resurre-

2122 3663 2321 3717 ctionis
2351 3663 2471 3732 ejus
2500 3664 2822 3735 mysterium
2865 3666 3063 3736 innuit,
3114 3668 3198 3723 his
3231 3669 3413 3726 verbis
3448 3689 3460 3724 :
3502 3688 3522 3721 ι
3559 3670 3694 3736 Quis

2119 3755 2585 3812 suscitabiteum?
2623 3775 2641 3808 ι
2677 3757 2934 3828 Apertum
2967 3768 3050 3816 est
3083 3762 3240 3817 nobis
3281 3776 3311 3816 e
3337 3763 3691 3820 conclusione

2118 3850 2243 3919 quis
2278 3849 2510 3904 suscitet
2539 3849 2727 3906 JeSUm
2759 3850 3050 3908 Dominum
3079 3862 3330 3910 nostrum
3361 3871 3390 3909 a
3419 3857 3647 3912 mortuis
3672 3896 3686 3923 ,

2114 3941 2260 3997 Deus
2291 3941 2498 3997 scilicet
2530 3949 2583 3998 et
2618 3941 2779 3999 Pater
2809 3943 2946 4013 ejus.

425 4042 443 4074 ι
478 4025 686 4098 Ὥσπερ
711 4030 946 4102 Μωῦσῆς
995 4032 1174 4100 ὕψωσε
1205 4033 1293 4089 τὸν
1327 4034 1448 4104 ὅφιν
1474 4034 1531 4086 ἐν
1580 4037 1644 4106 τῇ
1674 4035 1886 4106 ἐρήμῳ,
1911 4033 2080 4098 οῶως
2118 4032 2396 4104 ὑψωθῆναι
2424 4033 2502 4088 δεῖ
2532 4035 2622 4090 τὸν
2645 4035 2773 4091 Υἱὸν
2797 4038 2890 4092 τοῦ
2922 4038 3226 4111 ἀνθρώπου.
3266 4059 3286 4093 ι
3326 4042 3445 4096 Ἐπὶ
3479 4043 3696 4098 τούτοις

421 4124 845 4194 σεσιωπημένως
882 4125 943 4178 τὸ
973 4127 1112 4180 κατά
1171 4128 1269 4200 τὴν
1309 4130 1601 4183 ἀνάστασιν
1640 4130 1802 4184 αὑτοῦ
1851 4131 2145 4202 μυστήριον
2181 4129 2546 4184 ὑπαινίττεται
2578 4129 2666 4185 διὰ
2701 4129 2816 4198 τοῦ,
2849 4150 2869 4182 ι
2899 4131 2994 4195 Τίς
3026 4132 3206 4204 ἐγερεῖ
3230 4134 3422 4202 αὐτόν;
3458 4155 3474 4187 ι
3511 4136 3685 4206 Σαφὲς

417 4213 461 4266 δ’
484 4218 613 4288 ἡμῖν
641 4219 705 4272 ἐκ
729 4219 822 4272 τοῦ
885 4223 1348 4294 συμπεράσματος
1396 4225 1586 4302 ιέγονε
1647 4226 1731 4290 τίς
1787 4227 2004 4298 ἦγειρεν
2054 4225 2259 4298 Ἰησοῦν
2302 4226 2397 4318 ⁸τὸν
2440 4226 2642 4300 Κύριον
2672 4227 2827 4300 ἡμῶν
2856 4229 2920 4282 ἐκ
2954 4228 3189 4300 νεκρῶν·
3218 4229 3373 4303 δῆλον
3404 4231 3508 4302 γάρ
3547 4234 3627 4286 ὅτι
3651 4230 3684 4282 ὰ

414 4310 548 4375 Θεὸς
571 4312 664 4366 καὶ
696 4313 883 4386 Πατὴρ
909 4316 1095 4370 αὐτοῦ.

502 4403 657 4476 Ἑξῆς
707 4406 764 4461 δὲ
813 4407 1028 4478 λέγεται
1093 4410 1162 4464 τὰ
1211 4412 1318 4466 ἀπὸ
1367 4414 1460 4468 τοῦ
1488 4432 1501 4445 ·
1544 4433 1563 4467 ι
1601 4416 1716 4469 Οὐκ
1764 4416 2000 4487 ἐκλείψει

415 4494 600 4565 ἄρχων
647 4498 709 4562 ἐξ
762 4500 951 4570 Ἰούδα,
1002 4504 1125 4558 οὐδὲ
1177 4505 1474 4576 ἡγούμενος
1525 4508 1591 4562 ἐκ
1644 4508 1749 4562 τῶν
1806 4510 1994 4582 μηρῶν

415 4585 616 4638 αὐτοῦ·
666 4606 686 4638 ι
735 4589 878 4662 ἅπερ
930 4595 979 4646 εί
1031 4595 1129 4664 μὲν
1175 4595 1234 4662 ἐξ
1290 4598 1482 4670 ἐτέρας
1531 4601 1995 4672 ἀναγινώσκοιμεν

416 4674 623 4746 ἀρχῆς,
664 4677 874 4747 λέγοιτο
926 4682 992 4736 ἂν
1033 4685 1108 4747 ὠς
1161 4688 1290 4758 περὶ
1336 4689 1590 4744 ἁπάντων
1631 4691 1738 4745 τῶν
1784 4694 1848 4746 ὲκ
1900 4692 1993 4748 τοῦ

429 4771 698 4826 Ἰουδαίων
728 4774 916 4842 γένους
960 4777 1430 4852 καθηγησαμένων
1457 4784 1551 4836 τοῦ
1582 4785 1734 4849 λαοῦ,
1783 4787 1876 4840 καὶ
1905 4786 1989 4858 εἴη

2183 4410 2384 4467 Deinde
2433 4409 2636 4466 dicitur
2686 4429 2699 4464 :
2757 4429 2775 4462 ι
2805 4409 2923 4467 Non
2971 4411 3252 4471 auferetur
3300 4426 3575 4487 sceptrum
3616 4423 3684 4478 de

2102 4502 2261 4565 Juda,
2299 4509 2352 4557 et
2384 4501 2494 4555 dux
2524 4501 2592 4556 de
2624 4499 2831 4558 femore
2864 4503 3006 4573 ejus.
3038 4523 3060 4556 ι
3098 4505 3230 4575 Quae
3281 4508 3499 4578 quidem
3539 4513 3585 4568 si
3615 4513 3682 4568 de

2103 4595 2210 4648 alio
2263 4595 2683 4663 interpretemur
2738 4601 3006 4665 sceptro,
3045 4595 3358 4655 dicerentur
3403 4604 3561 4672 quasi
3612 4605 3680 4660 de

2103 4687 2358 4742 omnibus
2389 4687 2483 4756 qui
2525 4702 2590 4741 ex
2631 4687 2941 4744 Judaaorum
2971 4705 3167 4760 genere
3193 4693 3448 4763 populum
3476 4696 3677 4764 guber-

2100 4785 2320 4844 narunt,
2354 4777 2590 4848 talisque
2643 4786 2800 4834 esset.
2840 4781 3141 4838 secundum
3183 4783 3324 4838 hanc
3355 4783 3676 4854 interpreta-

414 4860 481 4914 ἂν
509 4863 628 4916 κατ’
649 4865 818 4935 αὐτὴν
849 4867 946 4940 τὴν
972 4867 1208 4922 διάνοιαν
1229 4873 1260 4925 ό
1288 4873 1396 4926 τῶν
1417 4877 1791 4946 προκειμένων
1813 4877 1992 4949 ῥητῶν

2123 4867 2298 4922 ionem
2324 4868 2555 4938 hujusce
2583 4870 2685 4924 loci
2718 4885 2913 4928 sensus
2942 4889 2956 4925 :
2990 4871 3108 4928 Non
3141 4874 3292 4943 prius
3321 4877 3616 4932 cessabunt
3645 4896 3675 4934 e

416 4952 541 5018 νοῦς
571 4956 777 5009 τοιόσδε
807 4975 887 5021 τις
909 4976 921 4988 ·
952 4960 1013 5011 ού
1049 4960 1310 5033 πρότερον
1344 4965 1642 5020 παύσονται
1685 4970 1733 5020 οἱ
1762 4967 1822 5032 ἐξ
1861 4969 1994 5021 Ἰου-

414 5044 580 5098 δαίων
599 5047 857 5118 άρχοντες
891 5053 984 5104 καὶ
1010 5053 1302 5124 ἡγούμενοι
1326 5057 1419 5108 ἐπὶ¹
1443 5058 1533 5111 τὸν
1576 5059 1839 5114 Ἰουδαίων
1866 5060 1995 5116 λαὸν

414 5137 820 5209 καθιστάμενοι,
841 5141 946 5205 ἐως
964 5143 1029 5197 ἂν
1048 5144 1172 5215 ἔλθῃ
1198 5148 1227 5198 ὁ
1245 5147 1343 5217 τῆς
1364 5148 1472 5201 τῶν
1487 5149 1654 5203 ἐθνῶν
1671 5151 1993 5222 προσδοκίας

413 5227 606 5293 αἴτιος,
624 5228 768 5282 τοῦτ’
793 5231 936 5284 ἔστιν
958 5234 986 5284 ό
1001 5235 1253 5305 Χριστὸς,
1273 5231 1333 5290 οὗ
1356 5239 1794 5309 παραγενομένου
1819 5241 2004 5297 ἐκλεί-.

411 5313 534 5380 ψειν
586 5317 798 5388 ἀνάγκη
830 5321 956 5383 τοὺς
1002 5323 1452 5393 προειρημένους.
1495 5327 1714 5382 Τούτων.
1751 5329 1793 5381 δ’
1820 5330 1990 5396 οὕτως

412 5406 664 5476 ἐχόντων,
687 5410 1109 5482 ἐπισκεψώμεθα
1142 5415 1266 5480 τοὺς
1301 5418 1416 5471 καθ’
1442 5421 1588 5490 ἡμᾶς
1610 5423 1852 5492 χρόνους,
1875 5425 1989 5494 εἴγε

2100 4957 2302 5013 Judaeis
2331 4959 2518 5025 duces,
2569 4961 2952 5033 principesque
2979 4979 3142 5034 super
3159 4962 3468 5020 Iudaeorum
3498 4983 3671 5038 popu-

2103 5055 2214 5112 lum
2241 5056 2524 5112 constituti
2545 5097 2560 5124 ,
2581 5073 2755 5128 quam
2781 5061 2960 5116 veniat
2981 5061 3220 5131 gentium
3249 5065 3670 5133 exspectationis

2099 5165 2285 5213 causa,
2322 5150 2375 5204 id
2411 5158 2530 5216 est,
2562 5151 2845 5217 Christus,
2885 5152 3042 5223 cujus
3071 5162 3195 5223 post
3235 5154 3526 5210 adventura
3575 5173 3670 5212 ne-

2099 5256 2253 5296 cesse
2281 5252 2365 5297 est
2399 5245 2784 5298 auctoritatem
2814 5243 3144 5314 relinquant.
3199 5244 3329 5312 Quae
3357 5262 3478 5300 cum
3505 5249 3577 5301 ita
3609 5265 3668 5304 se

2100 5331 2366 5396 habeant,
2400 5342 2646 5405 tempora
2686 5343 2873 5390 nostra
2903 5343 3108 5393 attente
3138 5339 3565 5409 perspiciamus,
3596 5356 3664 5396 an

2097 5423 2265 5479 duces
2288 5440 2552 5496 regesque
2577 5441 2722 5482 nunc
2761 5427 2998 5497 reperire
3036 5429 3126 5485 sit.
3183 5429 3382 5486 Verum
3410 5434 3664 5491 omnibus

411 5496 504 5550 νῦν
536 5499 771 5568 βασιλεῖς
799 5505 892 5554 καὶ
924 5505 1255 5575 ἡγουμένους
1277 5507 1422 5562 ἐστιν
1454 5513 1656 5582 εὑρεῖν.
1692 5514 1848 5569 Ἀλλά
1878 5517 1987 5590 γὰρ

2121 5522 2329 5583 onstat,
2375 5517 2516 5572 sicut
2561 5525 2786 5573 caeteras
2823 5496 3047 5589 gentes,
3095 5519 3403 5578 Iudaeorum
3448 5541 3665 5597 quoque

412 5591 546 5642 πᾶσι
574 5591 832 5661 πρόδηλον
857 5593 932 5656 ὡς
961 5596 1098 5665 μετά
1119 5596 1228 5648 τῶν
1261 5597 1460 5674 λοιπῶν
1490 5604 1582 5656 καὶ
1611 5605 1672 5658 τὸ
1712 5606 1980 5660 Ἰουδαίων

413 5673 560 5740 ἔθνος
614 5682 723 5741 τοῖς
769 5683 1148 5754 κατεπαρχιῶν
1180 5684 1327 5756 (κατ’
1357 5673 1650 5765 ἐπαρχίας)
1698 5697 1977 5768 Ῥωμαίων

2093 5609 2348 5678 populum
2389 5609 2648 5664 Romanae
2685 5610 2878 5664 ditioni
2925 5627 3048 5669 esse
3096 5615 3436 5686 subjectum,
3485 5636 3662 5690 neque

2086 5715 2409 5771 quemquam
2422 5716 2606 5756 eorum
2618 5717 2841 5758 summa:
2853 5707 3660 5780 auctoritatisessecompctem.

495 5849 535 5876 ἰ
575 5836 736 5895 Hebr.
775 5859 836 5898 ιι.
885 5848 967 5902 14.
1045 5852 1091 5882 ⁷⁵
1129 5850 1148 5902 1
1184 5850 1325 5908 Petr.
1367 5872 1413 5911 ν.
1450 5859 1500 5912 8.
1577 5860 1622 5890 ⁷⁸
1660 5861 1678 5912 l
1714 5858 1867 5915 Joan.
1906 5868 2013 5924 111,:

2140 5864 2354 5931 "Rom.
2379 5877 2492 5929 Vill,
2529 5862 2579 5917 5.
2666 5865 2707 5896 ⁷³
2739 5864 2779 5919 ll
2812 5863 2933 5919 Cor.
2966 5883 3014 5930 ν,
3043 5867 3129 5920 Ἡ.
3209 5869 3426 5924 7i’Joan.
3456 5888 3536 5939 ιη,
3574 5874 3660 5934 Μ.
