4106 6428
398 389 540 444 1047

1148 393 1417 451 EUSEBII
1452 396 1931 489 CASSARIENSIS
1970 397 2122 456 OPP.
2168 400 2935 461 P;\RSlll.-EXEGETICA.

3511 410 3534 464 1
3545 410 3651 466 048

396 508 645 583 llludque
672 528 701 567 a
735 512 1036 569 Salvatoris
1061 520 1236 572 nostri
1282 520 1656 575 incarnatione
1686 522 1797 576 fieri
1826 523 1946 577 ince

2052 526 2343 595 ηήγηιόσιν
2408 527 2802 592 ὑποτέτακται,
2865 528 3089 600 μηδενὸς
3152 529 3329 582 αῦτῶν
3384 530 3483 600 τὴν
3553 532 3649 585 τοῦ

397 606 497 676 pit.
550 605 719 677 Igitur
739 606 813 660 ad
839 609 981 678 regis
1004 606 1236 665 Herodis
1263 619 1506 682 tempora
1542 612 1798 668 Hebraeos
1827 630 1969 669 sem-

396 714 495 770 per
542 699 821 755 Hebraicaa
859 702 1005 769 genti
1066 702 1365 772 imperasse
1429 704 1483 758 in
1536 704 1782 761 historiis
1814 722 1969 776 repe-

396 791 590 846 rimus.
640 788 688 844 A
712 789 899 863 Moyse
918 791 1041 862 ipso
1061 794 1411 848 successione
1440 795 1731 859 continua,
1768 796 1970 866 populo

396 881 873 942 duces'constituti
898 882 1136 950 fuerunt,
1158 882 1378 941 Iudices
1409 888 1623 954 vocati;
1655 887 1852 943 deinde
1880 904 1967 943 rc—

394 987 491 1042 ges
517 985 692 1042 usque
718 972 782 1025 ad
799 971 1088 1042 Babylonis
1103 974 1474 1043 captivitatem
1494 974 1780 1044 imperium
1806 990 1967 1030 exer-

393 1076 585 1126 cuere;
632 1068 755 1132 post
799 1062 1171 1132 captivitatem
1201 1064 1398 1119 summi
1450 1064 1737 1133 pontifices
1766 1065 1834 1119 ad
1857 1065 1970 1120 Au-

392 1158 610 1221 gustum
641 1153 789 1220 regia
820 1154 1146 1208 auctoritate
1184 1156 1341 1223 potiti
1373 1162 1535 1221 sunt;
1577 1153 1797 1211 Herode
1817 1172 1964 1224 vero,

391 1242 484 1313 qui
523 1243 735 1313 primus
790 1242 955 1298 alieni
1000 1250 1121 1298 erat
1149 1246 1387 1310 generis.
1434 1259 1772 1315 regnumque
1800 1260 1830 1300 a
1857 1244 1969 1300 lto-

390 1335 571 1390 manis
605 1335 918 1390 obtinuerat
947 1335 1269 1405 imperante,
1320 1333 1571 1391 Salvator
1597 1336 1967 1409 Dominusque

391 1436 576 1483 noster
611 1425 773 1483 Jesus
804 1425 1061 1482 Christus
1094 1434 1258 1481 natus
1298 1437 1403 1483 est.
1459 1426 1581 1482 Jam
1616 1429 1781 1501 igitur
1805 1430 1873 1484 ab
1899 1445 1965 1484 eo

389 1533 563 1589 usque
591 1519 659 1574 ad
702 1526 953 1574 nostrum
1003 1527 1214 1587 tempus
1262 1519 1545 1587 imperium
1581 1529 1965 1591 sceptrumque

388 1610 644 1668 aJudmis
686 1613 864 1667 ablata
913 1620 1061 1667 sunt.
1126 1610 1281 1666 Patet
1320 1612 1604 1668 advenisse
1632 1615 1964 1685 aprophetis

385 1705 703 1777 pradictum
750 1704 1088 1759 Salvatorem
1142 1712 1411 1767 nostrum,
1448 1705 1609 1775 cujus
1638 1721 1670 1759 a
1703 1707 1963 1777 tempori-

384 1799 491 1855 lnts
518 1812 630 1852 non
661 1797 824 1851 modo
849 1794 1158 1851 Judaeorum
1185 1796 1351 1850 ablati
1407 1807 1536 1852 sunt
1566 1796 1758 1864 duces,
1789 1798 1884 1853 sed
1909 1805 1964 1853 et

2072 614 2260 689 ἄρχειν
2304 615 2550 683 ἐξουσίαν
2586 620 3075 690 ἐπιτετραμμένου.
3118 623 3227 674 Καὶ
3265 620 3422 675 τοῦτό
3450 641 3513 691 γε
3540 625 3649 679 ἀπὸ

2069 706 2177 761 τῶν
2203 709 2409 780 χρόνων
2428 710 2527 779 τῆς
2552 709 2645 763 τοῦ
2676 711 2926 783 Σωτῆρος
2949 714 2980 782 ἡ
2988 712 3103 782 μῶν
3126 713 3388 781 γενέσεως
3413 714 3613 785 ἤρξατο
3631 735 3645 748 ·

2074 805 2234 876 μέχρι
2261 803 2391 872 γοῦν
2430 802 2666 874 Ἡρώδου
2695 802 2956 873 βασιλέως
2990 806 3271 877 Ἐὄραίους
3293 806 3350 874 ἐξ
3384 809 3650 880 Ἑϐραίων

2069 896 2164 949 τοῦ
2200 895 2398 958 παντὸς
2422 895 2601 948 αὐτῶν
2634 894 2820 959 ἔθνους
2860 896 3126 967 ἄρξαντας
3160 900 3218 952 ἐν
3240 902 3358 963 ταῖς
3384 901 3648 973 ἱστορίαις

2069 987 2412 1058 εὑρίσκομεν,
2457 987 2515 1050 ἐξ
2542 987 2706 1039 αὑτοῦ
2741 989 3016 1051 Μωῦσέως
3049 989 3189 1043 κατά
3228 990 3475 1062 διαδοχὴν
3503 997 3645 1065 ἡγη-

2070 1082 2321 1151 σαμένων
2341 1079 2554 1151 πρῶτον
2580 1080 2678 1151 μὲν
2698 1080 2806 1134 τῶν
2825 1081 3127 1151 λεγομένων
3148 1084 3193 1135 Κ
3201 1085 3384 1156 ριτῶν,
3401 1085 3498 1141 εἷθ’
3517 1088 3646 1159 ἑξῆς

2066 1173 2176 1225 τῶν
2199 1171 2461 1242 βασιλέων
2490 1173 2652 1243 μέχρι
2679 1175 2777 1244 τῆς
2815 1176 2895 1237 εἰς
2927 1175 3218 1230 Βαόυλῶνα
3249 1179 3642 1248 αἰχμαλωσίας,

2070 1263 2187 1334 μεθ’
2217 1266 2282 1335 ἢν
2309 1266 2356 1316 οἰ
2389 1265 2665 1337 ἀρχιερεῖς
2691 1264 2788 1336 τὴν
2826 1266 3001 1338 ἀρχὴν
3028 1267 3397 1339 διαδεξάμενοι
3416 1253 3517 1325 ’ἐπὶ
3544 1274 3644 1346 τὴν

2065 1354 2380 1423 Αὐγούστου
2428 1355 2725 1426 διήρκεσαν
2772 1354 3078 1425 βασιλείανο
3116 1359 3236 1412 καθ’
3286 1359 3345 1412 ὃν
3403 1360 3642 1432 Ἡρώδου

2066 1448 2282 1520 πρώτου
2312 1448 2374 1501 τὸ
2422 1450 2577 1517 γένος
2628 1449 2941 1519 ἀλλοφύλων
2969 1450 3120 1521 (λου)
3163 1453 3263 1524 τὴν
3306 1457 3426 1507 κατ’
3463 1456 3642 1509 αὐτῶν

2068 1540 2343 1613 βασιλείαν
2369 1540 2475 1594 ὑπὸ
2511 1542 2797 1612 Ῥωμαίων
2819 1543 3249 1613 ἐγχειρισθέντος
3271 1546 3300 1597 6
3326 1545 3517 1617 Σωτὴρ
3547 1548 3642 1600 καὶ

2065 1630 2269 1701 Κύριος
2302 1629 2457 1701 ἡμῶν
2487 1630 2694 1701 Ἰησοῦς
2718 1630 2952 1703 Χριστὸς
2987 1634 3270 1706 ἐγεννήθη.
3295 1635 3431 1705 Ἤδη
3461 1637 3641 1689 τοίνυν

2064 1718 2123 1786 ἐξ
2165 1719 2372 1773 ἐκείνου
2427 1721 2521 1774 καὶ
2571 1720 2731 1792 μέχρι
2773 1721 2866 1773 τοῦ
2914 1722 3178 1793 παρόντος
3216 1722 3408 1795 χρόνου
3452 1724 3640 1793 σαφῶς

2065 1809 2392 1875 ἐκλελοιπὼς
2438 1811 2620 1883 ἄρχων
2663 1828 2723 1865 τε
2771 1813 2867 1864 καὶ
2912 1812 3212 1884 ἡγούμενος
3258 1815 3317 1865 ἐν
3366 1815 3640 1879 Ἰουδαίοις

383 1893 562 1948 omnis
591 1891 771 1947 cultus
791 1891 885 1961 qui
919 1890 1063 1960 apud
1098 1905 1193 1945 eos
1222 1891 1523 1947 secundum
1552 1890 1755 1963 Moysis
1785 1893 1948 1962 legem

2063 1868 2448 1957 ἀποδείκνυται
2467 1868 2491 1933 ο.
2511 1868 2680 1973 δῆλον
2715 1903 2792 1967 ὼς
2836 1868 3091 1974 ἐλήλυθεν
3125 1907 3153 1958 6
3186 1868 3637 1977 ίιτεπροφητευμέεζ

379 1982 681 2040 Jerusalem
705 1983 1051 2053 implebatur.
1083 1981 1369 2039 Manifeste
1390 1992 1571 2040 autem
1594 1993 1647 2040 ct
1671 1992 1957 2055 exspecta-

381 2077 459 2129 tio
507 2091 694 2131 eorum
736 2076 828 2147 qui
873 2092 972 2146 per
1019 2090 1144 2131 eum
1197 2077 1265 2132 ad
1302 2078 1683 2133 universarum
1711 2077 1951 2149 gentium

381 2168 549 2222 Datim
588 2169 975 2240 confugiebant
1005 2170 1185 2242 reipsa
1215 2171 1527 2225 confirmari
1558 2171 1743 2241 cmpit,
1776 2170 1952 2241 ipsius

378 2260 642 2316 adventus
669 2271 935 2333 tempore,
961 2262 1262 2319 secundum
1292 2261 1480 2318 Jacobi
1510 2263 1874 2335 prepbetiam.

2062 2013 2152 2060 νος
2185 1995 2376 2066 Σωτὴρ
2401 1995 2578 2065 ἡμῶν,
2617 1990 2678 2049 οὗ
2723 1995 2831 2048 ἀπὸ
2866 1995 2977 2048 τῶν
3030 1997 3235 2067 χρόνων
3283 2000 3345 2050 οὑ
3382 2000 3542 2067 μόνον
3585 2003 3635 2054 οί

2072 2087 2340 2141 Ἰουδαίων
2376 2087 2778 2141 ἐπιλελοίπασιν
2816 2089 3071 2161 ἄρχοντες
3090 2129 3103 2151 ,
3134 2089 3267 2143 ἀλλά
3300 2090 3392 2144 καὶ
3425 2095 3573 2145 πᾶσα
3602 2094 3637 2164 ἡ

2061 2174 2197 2245 πρὸς
2228 2174 2408 2227 αὐτῶν
2453 2177 2511 2226 ἐν
2546 2176 2902 2247 Ἰερουσαλὴμ
2925 2177 3327 2251 ἀποτελουμένη
3362 2182 3506 2235 κατά
3544 2184 3638 2236 τὸν

2053 2265 2330 2328 Μωῦσέως
2361 2265 2527 2337 νόμον
2546 2265 2787 2340 λατρεία.
2826 2268 3019 2335 Σαφῶς
3048 2269 3104 2321 δὲ
3133 2272 3225 2324 καὶ
3263 2273 3296 2341 ἡ
3339 2275 3638 2345 προσδοκία

374 2355 485 2410 τῶν
529 2357 595 2410 δι’
643 2357 808 2411 αὐτοῦ
864 2359 1356 2429 καταπεφευγότων
1397 2359 1618 2413 ἐπὶ·τὸν
1666 2359 1776 2413 τῶν
1823 2358 1958 2413 ὅλων
1994 2358 2127 2413 Θεὸν
2155 2360 2324 2414 ἐθνῶν
2366 2360 2513 2433 ἔργῳ
2576 2361 2913 2433 πληροῦσθαι
2962 2365 3164 2436 ἤρξατο
3212 2366 3319 2420 ἀπὸ
3358 2367 3469 2421 τῶν
3535 2368 3635 2439 τῆς

376 2457 677 2525 παρουσίας
702 2454 867 2508 αὐτοῦ
897 2454 1126 2527 χρόνων,
1156 2453 1298 2509 κατά
1326 2457 1425 2528 τὴν
1450 2456 1542 2508 τοῦ
1582 2454 1775 2509 Ἰακὼῦ
1811 2457 2166 2527 προφητείαν.

444 2545 512 2601 Et
542 2547 914 2618 haec‘quidem
963 2550 1012 2606 si
1053 2549 1122 2604 de
1152 2551 1377 2621 proprio
1420 2559 1638 2621 sceptro
1679 2551 1954 2622 intelliga-

374 2654 522 2704 mus,
561 2658 580 2691 ι
609 2656 721 2695 non
754 2640 1034 2697 auferetur
1052 2651 1330 2714 sceptrum
1354 2644 1422 2699 de
1443 2642 1615 2711 Juda;
1652 2663 1670 2697 ι
1704 2646 1750 2701 si
1780 2646 1951 2717 priori

372 2730 521 2787 hunc
549 2733 707 2803 quasi
740 2741 1170 2792 consentaneum
1197 2737 1674 2793 accommodemus
1698 2753 1947 2802 sensum,

371 2823 652 2880 Christum
709 2825 981 2897 signiﬁcat
1030 2826 1203 2882 ludas
1257 2826 1313 2881 in
1358 2828 1640 2896 praecitato
1691 2829 1832 2893 loco,
1892 2838 1948 2885 et

376 2938 395 2971 ι
428 2936 539 2976 non
577 2921 855 2976 auferetur
884 2930 1159 2993 sceptrum
1190 2924 1257 2979 de
1282 2922 1441 2991 Juda,
1487 2944 1505 2974 ι
1537 2924 1607 2979 ad
1648 2925 1771 2981 illos
1819 2940 1945 2996 spe—

370 3018 494 3068 ctat‘
514 3014 607 3084 qui
632 3021 757 3083 post
788 3013 1067 3070 Christum
1098 3013 1268 3071 duces
1299 3021 1353 3072 et
1384 3015 1660 3087 principes
1687 3014 1948 3073 Ecclesia:

370 3103 595 3160 luerunt
632 3125 644 3160 :
682 3106 783 3159 hos
814 3106 1102 3177 prophetia
1130 3106 1268 3161 dicit
1314 3122 1424 3162 non
1455 3107 1769 3168 defecturos
1800 3125 1943 3175 esse,

372 3213 392 3243 ο
419 3194 593 3250 donec
619 3195 801 3249 veniat
827 3196 921 3264 qui
948 3194 1244 3251 mittendus
1274 3202 1392 3261 est;
1423 3216 1442 3249 ο
1477 3200 1635 3267 quasi
1661 3199 1948 3256 manifeste

366 3287 596 3348 diceret.
631 3287 807 3342 donec
838 3289 1022 3343 veniat
1052 3304 1173 3360 quae
1202 3290 1251 3345 ei
1296 3291 1514 3347 decreta
1563 3302 1691 3347 sunt
1724 3293 1778 3347 in
1809 3310 1943 3349 con-

366 3379 789 3436 summationem
822 3379 1085 3446 futuram,
1116 3384 1358 3438 omnium
1385 3399 1616 3455 regnum
1651 3385 1937 3443 obtinebit.

364 3470 523 3538 Quod
553 3487 685 3527 vero
717 3471 889 3529 duces
923 3471 1129 3532 Christi
1174 3476 1474 3547 discipulos
1523 3487 1746 3533 sanctus
1781 3490 1941 3536 vocat

366 3561 624 3634 Spiritus,
655 3562 1006 3626 manifestum
1037 3574 1122 3623 est
1154 3582 1222 3622 ex
1250 3567 1318 3625 iis
1341 3585 1461 3639 quae
1486 3570 1555 3625 de
1575 3567 1716 3625 Jnda
1745 3571 1941 3626 dicun-

362 3664 453 3711 tur
493 3673 507 3711 :
549 3674 568 3706 ι
606 3653 687 3710 Tu
715 3673 863 3721 vero,
896 3657 1059 3713 homo
1092 3658 1386 3724 unanimis,
1416 3659 1525 3714 dux
1559 3677 1713 3717 meus
1738 3670 1792 3717 et
1843 3679 1934 3718 no-

364 3755 455 3804 tus
478 3763 632 3804 meus
667 3749 733 3805 ⁸⁸.
766 3768 785 3800 ι
825 3748 974 3817 Quos
1015 3750 1268 3822 religiose
1315 3752 1579 3818 colentes,
1612 3754 1705 3824 qui
1748 3769 1937 3809 eorum

364 3840 569 3898 divinis
624 3842 966 3913 sincerisque
1008 3849 1061 3897 et
1094 3843 1302 3899 sanctis
1348 3845 1531 3901 verbis
1559 3845 1935 3911 crediderunt,

360 3934 586 3992 minime
615 3936 929 3991 conturbari
962 3936 1181 4002 debent,
1213 3952 1316 3993 nec
1345 3937 1397 3992 in
1428 3937 1533 3992 fide
1562 3954 1662 3994 sua
1695 3954 1940 3994 commo-

359 4026 476 4081 veri
508 4025 673 4096 hujus
706 4026 972 4096 temporis
999 4012 1501 4100 persecutionibus,
1541 4043 1606 4084 ac
1632 4030 1936 4100 praesertim

357 4128 423 4170 ea
455 4130 577 4185 qua:
619 4130 768 4171 nunc
814 4116 1081 4173 adversus
1118 4132 1220 4173 nos
1240 4099 1932 4198 vehementissimesaavit,

358 4206 598 4278 taliaque
613 4207 877 4264 adversus
898 4206 1173 4265 Ecclesias
1194 4215 1480 4280 totumque
1501 4213 1761 4281 populum
1778 4227 1935 4267 excr-

359 4297 495 4363 cuit,
525 4298 710 4367 qualia
738 4312 841 4354 nec
872 4299 927 4352 in
965 4299 1198 4354 historia
1243 4316 1507 4371 unquam,
1544 4316 1644 4357 nec
1676 4302 1732 4357 in
1762 4304 1935 4358 tradi-

357 4387 507 4443 tione
531 4403 699 4444 senex
720 4389 901 4460 quivis
928 4391 1243 4447 meminisse
1262 4391 1463 4462 potest.
1493 4391 1621 4448 Haec
1646 4409 1776 4449 vero
1796 4394 1934 4450 dici-

358 4492 503 4545 mus,
538 4494 608 4534 ne
644 4481 732 4535 cui
769 4479 912 4535 forte
941 4482 1231 4537 videantur
1261 4499 1385 4554 quae
1419 4499 1569 4539 nunc
1616 4499 1763 4540 saeva
1796 4488 1932 4556 pati-

358 4584 484 4625 mur
512 4570 583 4626 iis
632 4586 753 4642 qua:
794 4573 948 4643 prius
995 4572 1235 4629 diximus
1267 4575 1426 4644 plane
1458 4577 1759 4642 contraria,
1803 4593 1927 4633 cum

2128 2553 2239 2604 Καὶ
2266 2552 2437 2607 ταῦτα
2477 2553 2577 2624 μὲν
2609 2554 2657 2605 εί
2694 2553 2771 2618 ὡς
2813 2554 2922 2609 ἀπὸ
2955 2556 3090 2619 ίδίας
3141 2558 3317 2629 ἀρχῆς
3365 2559 3633 2628 ἀναγινώ-

2056 2661 2283 2716 σκοιμεν
2313 2644 2380 2699 τὰ
2402 2646 2509 2699 ἀπὸ
2536 2645 2649 2700 τοῦ·
2673 2665 2691 2698 ι
2709 2647 2824 2701 υύκ
2852 2647 3090 2719 ἐκλείψει
3121 2651 3303 2722 ἄρχων
3331 2652 3589 2717 ἐξ’1ούδα’
3606 2674 3625 2706 r

2054 2740 2102 2791 εί
2134 2737 2181 2791 δ’
2207 2737 2284 2801 ὡς
2340 2738 2631 2792 ἀκόλουθον
2661 2742 2727 2811 τῇ
2784 2740 2887 2811 πρὸ
2927 2742 3098 2813 αὐτῆς
3140 2743 3345 2816 διανοίᾳ
3392 2746 3486 2802 καὶ
3529 2747 3630 2819 τὴν

2056 2827 2196 2900 μετά
2230 2832 2417 2901 χεῖρας
2441 2832 2805 2903 συνάπτομεν,
2842 2832 2967 2903 ἐξῆς
3011 2832 3078 2887 ἂν
3106 2834 3214 2904 εἴη,
3258 2835 3349 2889 τοῦ
3392 2837 3627 2908 Χριστοῦ

2062 2917 2229 2973 Ἰούδα
2259 2920 2582 2990 νενοημένον
2604 2919 2747 2973 κατὰ
2771 2919 2840 2973 τά
2871 2921 3363 2993 προαποδεδομένα,
3379 2924 3488 2989 τὸ,‹
3514 2924 3628 2979 Οὐκ

2049 3011 2289 3082 ἐκλείψει
2319 3013 2503 3083 ἄρχων
2533 3011 2592 3079 ἐξ
2638 3012 2713 3083 (l'.
2741 3012 2881 3082 7v“)
2920 3012 3108 3079 Ἰούδα,
3143 3033 3162 3066 ι
3208 3016 3301 3069 ἐπὶ
3322 3016 3447 3079 τοὺς
3486 3018 3625 3086 μετά

2050 3103 2140 3157 τὸν
2162 3105 2396 3175 Χριστὸν
2410 3104 2677 3177 ἄρχοντας
2707 3105 2802 3159 καὶ
2828 3107 3164 3177 ἡγουμένους
3184 3107 3284 3178 τῆς
3300 3108 3621 3179 Ἐκκλησίας

2052 3195 2437 3267 ἐκλαμϐάνειν,
2467 3196 2622 3268 οὓςή
2674 3199 2983 3268 προφητεία
3032 3199 3194 3268 φησὶν
3242 3198 3315 3272 μὴ
3352 3198 3619 3268 ἐκλείψειν

2055 3307 2073 3339 ι
2105 3288 2210 3352 ἕως
2241 3287 2307 3341 ἂν
2338 3288 2466 3361 ἔλθῃ
2504 3289 2572 3341 τά
2608 3289 2945 3357 ἀποκείμενα
2974 3289 3152 3360 αὐτῷ·
3182 3309 3200 3341 ι
3237 3290 3314 3354 ὡς
3346 3293 3394 3347 εί
3449 3292 3617 3360 σαφέ-

2046 3397 2240 3452 στερον
2268 3380 2471 3450 ἔλεγεν,
2501 3382 2606 3445 ἕως
2629 3380 2694 3435 ἂν
2725 3380 2855 3455 ἔλθῃ
2883 3382 2950 3435 τὰ
2974 3383 3311 3452 ἀποκείμενα
3344 3382 3491 3453 αὐτῷ
3522 3386 3621 3454 τῆς

2045 3473 2357 3538 συντελείας
2379 3475 2698 3544 ἐπιστάσης,
2731 3474 3027 3546 κομίσηται
3048 3475 3146 3545 τὴν
3179 3474 3323 3528 κατὰ
3353 3474 3460 3527 τῶν
3487 3475 3622 3528 ὅλων

2043 3566 2338 3637 βασιλείαν.
2372 3568 2492 3621 Ὅτι
2523 3568 2581 3621 δὲ
2616 3568 2709 3621 καὶ
2738 3567 3075 3639 ἡγουμένους
3103 3569 3229 3631 τοὺς
3265 3567 3359 3621 τοῦ
3383 3567 3619 3638 Χριστοῦ

2044 3657 2292 3729 μαθητάς
2323 3657 2383 3711 τὸ
2421 3659 2562 3713 θεῖον
2610 3659 2876 3712 ἀποκαλεῖ
2911 3658 3135 3728 Πνεῦμα
3170 3658 3340 3727 σαφές
3376 3659 3522 3711 ἐστιν
3555 3659 3621 3710 ἐκ

2037 3749 2132 3802 τοῦ
2172 3750 2424 3819 λέγεσθαι
2454 3752 2582 3823 περὶ
2612 3751 2706 3805 τοῦ
2740 3751 2928 3805 Ἰούδα·
2961 3770 2979 3801 ι
3003 3751 3074 3804 Σὺ
3102 3750 3180 3817 δὲ,
3216 3750 3469 3821 ἄνθρωπε
3511 3751 3620 3803 ίσό-

2037 3838 2197 3910 ψυχε,
2224 3838 2449 3911 ἡγεμών
2478 3858 2577 3911 μου
2613 3841 2707 3894 καὶ
2726 3838 2940 3910 γνὼστα
2972 3858 3093 3910 μου.
3128 3858 3146 3891 ι
3182 3840 3292 3892 Καὶ
3322 3838 3530 3902 τούτοις
3559 3838 3619 3892 δὲ

2039 3930 2147 4002 χρὴ
2189 3932 2557 4003 προσέχοντας
2601 3934 2728 3996 τοὺς
2760 3933 2837 3997 ὼς
2883 3933 3050 3996 θείοις
3098 3933 3192 3984 καὶ
3241 3931 3464 4001 ἀληθέσι
3505 3932 3620 3995 τοῖς

2042 4025 2206 4095 ἱεροῖς
2234 4023 2412 4093 λόγοις
2441 4025 2873 4088 πεπιστευκότας
2902 4024 3165 4095 μηδαμῶς
3183 4022 3478 4096 θροεῖσθαι,
3512 4040 3618 4094 μη-

2036 4114 2093 4167 δὲ
2123 4116 2231 4185 μὴν
2274 4114 2515 4168 σείεσθαι
2547 4116 2646 4186 τὴν
2697 4116 2879 4169 πίστιν
2926 4115 3031 4169 ὑπὸ
3062 4116 3170 4169 τῶν
3217 4115 3360 4170 κατά
3393 4116 3617 4187 καιροὺς

2037 4206 2327 4277 διωγμῶν,
2377 4207 2473 4261 καὶ
2523 4209 2755 4279 μάλιστα
2802 4208 2895 4261 τοῦ
2945 4209 3241 4273 ἐνεστῶτος
3292 4209 3433 4282 ὑπὲρ
3490 4209 3615 4269 τοὺς

2038 4298 2256 4352 πώποτε
2310 4297 2647 4372 σφοδρότατα
2695 4299 2818 4353 καθ’
2879 4300 3035 4371 ἡμῶν
3091 4300 3453 4362 πνεύσαντος,
3521 4300 3614 4351 καὶ

2037 4388 2263 4443 τοιαῦτα
2304 4388 2711 4461 ἐπιδειξαμένου
2740 4390 2882 4443 κατά
2921 4407 2975 4444 τε
3008 4390 3116 4442 τῶν
3156 4388 3491 4459 Ἐκκλησιῶν
3519 4388 3615 4440 καὶ

2035 4482 2235 4546 παντὸς
2262 4480 2356 4534 τοῦ
2395 4481 2546 4547 λαοῦ,
2577 4484 2734 4535 ὁποῖα
2775 4481 2898 4535 οὒτε
2933 4481 3041 4535 ἀπὸ
3081 4481 3301 4553 γραφῆς
3341 4479 3464 4534 οὔτε
3507 4480 3613 4551 μὴν

2035 4579 2101 4629 ἐκ
2132 4576 2486 4647 παραδόσεως
2511 4576 2752 4645 ἀρχαίων
2783 4592 2868 4637 τις
2897 4574 3321 4646 ἐμνημόνευσεν.
3344 4572 3529 4625 Ταῦτα
3551 4571 3610 4623 δέ

357 4672 535 4733 neque
565 4663 714 4718 coire
758 4662 945 4719 fideles
990 4662 1225 4733 possint,
1276 4680 1451 4735 neque
1489 4666 1708 4723 decreta
1757 4668 1926 4725 duces

2052 4685 2240 4739 ραμεν,
2289 4668 2411 4719 ἐπεὶ¹
2453 4666 2595 4736 τάχα
2635 4667 2834 4731 δόξειεν
2880 4668 3139 4739 ἄντικρυς
3201 4664 3342 4718 κατά
3386 4664 3480 4717 τὸν
3525 4663 3613 4715 ἐν·-

356 4753 617 4814 Ecclesiac
648 4759 962 4829 praecipere.
988 4758 1354 4817 Veracissima
1391 4762 1559 4833 igitur
1594 4776 1719 4817 cum
1752 4764 1823 4817 sit
1853 4762 1931 4817 di-

2052 4758 2248 4814 ιστῶτα
2266 4758 2502 4831 διωγμὸν
2522 4760 2782 4813 τάναντία
2809 4758 3212 4830 συμϐεϐηκέναι
3243 4760 3355 4820 τοῖς
3385 4755 3612 4827 εἰρημέ-

356 4848 561 4904 vinitus
590 4848 857 4919 inspirata
890 4849 1199 4922 Scriptura,
1233 4852 1566 4908 credendum
1593 4861 1679 4910 est
1707 4869 1803 4909 eos
1824 4853 1926 4908 du-

2052 4870 2172 4917 νοις,
2207 4851 2297 4905 διὰ
2323 4852 2384 4905 τὸ
2423 4852 2557 4923 μηδὲ
2600 4852 2874 4923 ἄθροισμα
2926 4852 3021 4906 νῦν
3069 4851 3385 4904 συνεστάναι
3412 4849 3608 4914 δοκεῖν,

353 4954 443 4997 ses
474 4956 582 4996 non
620 4944 843 4997 omnino
859 4943 1153 5012 defecisse,
1184 4946 1285 5001 ctsi
1306 4946 1632 5016 quibusdam
1660 4945 1929 5002 defecisse

2052 4946 2174 5017 aﬁcs
2195 4945 2287 4998 τὸν
2309 4944 2511 4998 κανόνα
2533 4944 2641 4997 τῶν
2654 4947 2755 5017 τῆς
2769 4942 3094 5011 Ἐκκλησίας
3116 4942 3408 5013 ἀρχόντων.
3427 4940 3613 5009 Ἀψευ-

350 5028 660 5086 videantur.
706 5032 851 5089 Deus
882 5034 1029 5089 enim
1068 5034 1353 5107 Propheta:
1381 5036 1571 5092 dicens
1606 5051 1622 5089 :
1662 5056 1679 5087 ι
1711 5036 1928 5108 Reliqui

2052 5034 2158 5099 ῑοῦς
2174 5035 2450 5105 τοιγάρτοι
2475 5032 2846 5104 τυγχανούσης
2864 5033 2967 5103 τῆς
2984 5030 3340 5085 θεοπνεύστον
3360 5028 3607 5101 Γραφῆς,

349 5125 485 5180 mihi
519 5132 726 5197 septem
774 5129 945 5184 millia
985 5130 1254 5195 virorum,
1280 5131 1376 5200 qui
1413 5144 1525 5184 non
1557 5138 1927 5185 curvaverunt

2052 5127 2325 5181 πεπεῖσθαι
2359 5126 2464 5198 χρὴ
2488 5128 2570 5180 ὅτι
2615 5126 2688 5198 μὴ
2720 5125 2937 5188 πάντως
2969 5122 3244 5189 ἐξέλειπον
3267 5124 3318 5175 οἱ
3350 5137 3609 5192 προειρη-

352 5233 532 5289 genua
558 5230 683 5274 ante
726 5218 950 5287 Baal",
994 5238 1014 5273 ι
1050 5223 1303 5292 querenti
1373 5221 1520 5292 quod
1561 5222 1736 5277 solum
1797 5237 1922 5276 eum

2052 5220 2208 5282 ιένοι,
2239 5221 2288 5271 εί
2315 5220 2410 5272 καὶ
2430 5218 2635 5274 δοκοῖέν
2664 5234 2804 5271 τισιν
2831 5215 3199 5270 ἐκλελοιπέναι
3217 5232 3232 5246 ο
3255 5218 3284 5269 6
3308 5214 3416 5287 γὰρ
3439 5215 3607 5267 εἰπὼν

350 5311 565 5367 caeteris
589 5310 819 5367 sublatis
835 5312 1169 5383 reliquisset,
1190 5314 1307 5383 ipse
1338 5328 1483 5368 nunc
1497 5320 1551 5368 et
1567 5312 1763 5384 dignos
1789 5311 1926 5367 Pro—

2052 5312 2107 5382 τῷ
2139 5312 2400 5385 Προφήτῃ
2429 5312 2561 5375 Θεὸς
2584 5350 2599 5374 ,
2630 5332 2649 5363 ι
2683 5310 2991 5365 Κατέλιπον
3024 5308 3246 5379 ἐμαυτῷ
3291 5309 3604 5378 ἑπτακισχι-

348 5401 590 5456 videntia
632 5406 753 5459 sua'
777 5404 1021 5475 inspicit,
1071 5424 1091 5457 ι
1141 5406 1401 5476 reliquias
1449 5405 1756 5460 secundum
1815 5404 1926 5460 ele-

348 5494 586 5547 ctionem
624 5494 813 5565 gratia:
834 5495 962 5536 ⁸⁹-⁸⁹
998 5516 1018 5549 ι
1056 5504 1110 5553 et
1126 5498 1283 5553 nobis
1300 5511 1634 5552 conservans
1664 5511 1695 5549 a
1725 5511 1783 5551 se
1805 5511 1927 5549 mu-

348 5584 499 5640 nitos
523 5589 578 5638 et
606 5600 665 5640 se
697 5602 867 5642 unum
914 5588 1364 5659 contemplantes.
1399 5587 1473 5642 De
1507 5587 1707 5658 quibus
1735 5597 1789 5644 et
1818 5587 1923 5658 ipsi

346 5675 660 5733 diceremus
710 5696 723 5731 :
785 5698 805 5730 σ
858 5679 976 5734 Nisi
1030 5680 1291 5737 Dominus
1340 5679 1578 5735 Sabaoth
1616 5679 1928 5751 reliquisset

428 5834 474 5867 ⁸⁸
511 5831 658 5890 Dsal.
692 5848 804 5895 Liv.
840 5835 907 5890 M
1005 5838 1047 5868 ⁸¹
1086 5834 1242 5892 Boni.
1278 5850 1365 5896 ιι.
1398 5839 1451 5891 4.
1529 5835 1656 5880 ⁸¹-⁸³
1692 5835 1822 5893 ibid.
1856 5836 1911 5892 5.

2028 5404 2176 5467 λίους
2207 5404 2428 5477 ἄνδρας,
2471 5404 2665 5467 οἵτινες
2693 5403 2794 5457 οὐκ
2824 5402 3075 5473 ἔκαμψαν
3099 5400 3229 5469 γόνυ
3273 5401 3339 5470 τῇ
3380 5398 3544 5461 Βάαλ,
3577 5416 3595 5447 ι

2030 5496 2350 5567 ὑπειληφότι
2393 5496 2552 5568 μόνον
2586 5495 2748 5552 αὐτὸν
2788 5492 3195 5565 περιλελεῖφθαι
3240 5491 3349 5544 τῶν
3401 5486 3603 5542 λοιπῶν

2030 5590 2405 5661 ἀνῃρημένων,
2431 5591 2460 5641 ὁ
2497 5589 2657 5652 αὐτὸς
2682 5590 2776 5642 καὶ
2807 5587 2902 5640 νῦν
2933 5587 3059 5649 τοὺς
3089 5583 3273 5651 ἀξίους
3312 5577 3606 5653 τῆςάὐτοῦ

2033 5681 2287 5753 προνοίας
2313 5683 2505 5752 ἐφορᾷ,
2548 5701 2566 5733 ι
2594 5680 2798 5751 λεῖμμα
2826 5680 2941 5733 κατ’
2969 5675 3198 5747 ἐκλογὴν
3221 5673 3444 5745 χάριτος
3466 5689 3485 5721 ι
3509 5668 3607 5723 καὶ
