  <div class='ocr_page' id='page_1' title='image "/cluster/home/n/w/nwhite01/storage/ocr_20150623/22:no.4/coo.31924054873025/538.png"; bbox 0 0 4106 6416; ppageno 0'>
   <div class='ocr_carea' id='block_1_1' title="bbox 334 429 472 484">
    <p class='ocr_par' dir='ltr' id='par_1_1' title="bbox 334 429 472 484">
     <span class='ocr_line' id='line_1_1' title="bbox 334 429 472 484; baseline 0 0"><span class='ocrx_word' id='word_1_1' title='bbox 334 429 472 484; x_wconf 61' lang='grc' dir='ltr'>ιρις)</span> 
     </span>
    </p>
   </div>
   <div class='ocr_carea' id='block_1_2' title="bbox 1365 425 2529 487">
    <p class='ocr_par' dir='ltr' id='par_1_2' title="bbox 1365 425 2529 487">
     <span class='ocr_line' id='line_1_2' title="bbox 1365 425 2529 487; baseline 0.008 -10"><span class='ocrx_word' id='word_1_2' title='bbox 1365 425 1655 480; x_wconf 67' lang='grc' dir='ltr'><strong>ΕΟιΟῧίΕ</strong></span> <span class='ocrx_word' id='word_1_3' title='bbox 1698 427 2178 487; x_wconf 72' lang='grc' dir='ltr'><strong>ΡΙὶΟΡΙΙΕΤΙΕιιΕ.</strong></span> <span class='ocrx_word' id='word_1_4' title='bbox 2214 464 2283 472; x_wconf 93' lang='lat'><strong><em>—</em></strong></span> <span class='ocrx_word' id='word_1_5' title='bbox 2320 431 2447 485; x_wconf 83' lang='lat' dir='ltr'><strong>LIB.</strong></span> <span class='ocrx_word' id='word_1_6' title='bbox 2492 432 2529 487; x_wconf 90' lang='grc'>1.</span> 
     </span>
    </p>
   </div>
   <div class='ocr_carea' id='block_1_3' title="bbox 3444 443 3581 500">
    <p class='ocr_par' dir='ltr' id='par_1_3' title="bbox 3444 443 3581 500">
     <span class='ocr_line' id='line_1_3' title="bbox 3444 443 3581 500; baseline 0.051 -7"><span class='ocrx_word' id='word_1_7' title='bbox 3444 443 3464 494; x_wconf 75' lang='grc'>1</span> <span class='ocrx_word' id='word_1_8' title='bbox 3477 445 3581 500; x_wconf 72' lang='grc' dir='ltr'><strong>υἷΞο</strong></span> 
     </span>
    </p>
   </div>
   <div class='ocr_carea' id='block_1_4' title="bbox 332 540 1899 620">
    <p class='ocr_par' dir='ltr' id='par_1_4' title="bbox 332 540 1896 620">
     <span class='ocr_line' id='line_1_4' title="bbox 332 540 1896 620; baseline -0.001 -19"><span class='ocrx_word' id='word_1_9' title='bbox 332 550 464 620; x_wconf 79' lang='grc' dir='ltr'>ἡμῖν</span> <span class='ocrx_word' id='word_1_10' title='bbox 497 545 867 614; x_wconf 77' lang='grc' dir='ltr'><strong>διαφυλάττων</strong></span> <span class='ocrx_word' id='word_1_11' title='bbox 901 548 1026 608; x_wconf 80' lang='grc' dir='ltr'>τοὺς</span> <span class='ocrx_word' id='word_1_12' title='bbox 1070 544 1204 616; x_wconf 82' lang='grc' dir='ltr'>πρὸς</span> <span class='ocrx_word' id='word_1_13' title='bbox 1253 540 1419 596; x_wconf 85' lang='grc' dir='ltr'>αὑτοῦ</span> <span class='ocrx_word' id='word_1_14' title='bbox 1459 544 1896 615; x_wconf 76' lang='grc' dir='ltr'><strong>φρουρουμένους</strong></span> 
     </span>
    </p>
   </div>
   <div class='ocr_carea' id='block_1_5' title="bbox 2000 540 3583 620">
    <p class='ocr_par' dir='ltr' id='par_1_5' title="bbox 2025 548 3583 619">
     <span class='ocr_line' id='line_1_5' title="bbox 2025 548 3583 619; baseline 0.009 -20"><span class='ocrx_word' id='word_1_15' title='bbox 2025 548 2186 604; x_wconf 87' lang='lat' dir='ltr'><strong>nobis</strong></span> <span class='ocrx_word' id='word_1_16' title='bbox 2221 563 2429 613; x_wconf 81' lang='lat' dir='ltr'><strong>semen,</strong></span> <span class='ocrx_word' id='word_1_17' title='bbox 2467 550 2608 606; x_wconf 78' lang='lat' dir='ltr'><strong>sicut</strong></span> <span class='ocrx_word' id='word_1_18' title='bbox 2644 550 2877 607; x_wconf 83' lang='lat' dir='ltr'><strong>Sodoma</strong></span> <span class='ocrx_word' id='word_1_19' title='bbox 2908 554 3031 607; x_wconf 70' lang='lat' dir='ltr'><strong>facti</strong></span> <span class='ocrx_word' id='word_1_20' title='bbox 3067 570 3330 619; x_wconf 78' lang='lat' dir='ltr'><strong>essemus,</strong></span> <span class='ocrx_word' id='word_1_21' title='bbox 3368 566 3421 609; x_wconf 89' lang='lat' dir='ltr'><strong>ct</strong></span> <span class='ocrx_word' id='word_1_22' title='bbox 3442 560 3583 613; x_wconf 88' lang='lat' dir='ltr'><strong>sicut</strong></span> 
     </span>
    </p>
   </div>
   <div class='ocr_carea' id='block_1_6' title="bbox 332 629 1912 710">
    <p class='ocr_par' dir='ltr' id='par_1_6' title="bbox 332 629 1912 710">
     <span class='ocr_line' id='line_1_6' title="bbox 332 629 1912 710; baseline -0.003 -16"><span class='ocrx_word' id='word_1_23' title='bbox 332 641 429 695; x_wconf 70' lang='lat' dir='ltr'><strong>xui.</strong></span> <span class='ocrx_word' id='word_1_24' title='bbox 456 638 593 710; x_wconf 78' lang='grc' dir='ltr'>πρὸς</span> <span class='ocrx_word' id='word_1_25' title='bbox 613 637 778 691; x_wconf 84' lang='grc' dir='ltr'>αὑτοῦ</span> <span class='ocrx_word' id='word_1_26' title='bbox 818 639 979 709; x_wconf 80' lang='grc' dir='ltr'>μόνου</span> <span class='ocrx_word' id='word_1_27' title='bbox 1014 637 1443 708; x_wconf 82' lang='grc' dir='ltr'>θεωρουμένους,</span> <span class='ocrx_word' id='word_1_28' title='bbox 1478 638 1608 709; x_wconf 76' lang='grc' dir='ltr'>περὶ</span> <span class='ocrx_word' id='word_1_29' title='bbox 1636 629 1710 689; x_wconf 83' lang='grc' dir='ltr'>ὧν</span> <span class='ocrx_word' id='word_1_30' title='bbox 1742 636 1912 690; x_wconf 80' lang='grc' dir='ltr'>εἴποι-</span> 
     </span>
    </p>
   </div>
   <div class='ocr_carea' id='block_1_7' title="bbox 333 728 1911 805">
    <p class='ocr_par' dir='ltr' id='par_1_7' title="bbox 333 728 1911 805">
     <span class='ocr_line' id='line_1_7' title="bbox 333 728 1911 805; baseline -0.003 -20"><span class='ocrx_word' id='word_1_31' title='bbox 333 750 437 805; x_wconf 89' lang='grc' dir='ltr'><strong>μεν</strong></span> <span class='ocrx_word' id='word_1_32' title='bbox 463 731 533 785; x_wconf 82' lang='grc' dir='ltr'><strong>ἂν</strong></span> <span class='ocrx_word' id='word_1_33' title='bbox 565 731 659 784; x_wconf 80' lang='grc' dir='ltr'>καὶ</span> <span class='ocrx_word' id='word_1_34' title='bbox 688 731 844 783; x_wconf 85' lang='grc' dir='ltr'>αὐτοὶ</span> <span class='ocrx_word' id='word_1_35' title='bbox 866 730 946 794; x_wconf 88' lang='grc' dir='ltr'><strong>τὸ,</strong></span> <span class='ocrx_word' id='word_1_36' title='bbox 976 730 1069 782; x_wconf 74' lang='grc' dir='ltr'><strong>«Εἰ</strong></span> <span class='ocrx_word' id='word_1_37' title='bbox 1108 728 1182 800; x_wconf 85' lang='grc' dir='ltr'>μὴ</span> <span class='ocrx_word' id='word_1_38' title='bbox 1216 728 1420 799; x_wconf 86' lang='grc' dir='ltr'>Κύριος</span> <span class='ocrx_word' id='word_1_39' title='bbox 1448 728 1671 782; x_wconf 86' lang='grc' dir='ltr'>Σαϐαὼθ</span> <span class='ocrx_word' id='word_1_40' title='bbox 1715 729 1911 795; x_wconf 70' lang='grc' dir='ltr'>ἐγκατυ</span> 
     </span>
    </p>
   </div>
   <div class='ocr_carea' id='block_1_8' title="bbox 330 817 1912 891">
    <p class='ocr_par' dir='ltr' id='par_1_8' title="bbox 330 817 1912 891">
     <span class='ocr_line' id='line_1_8' title="bbox 330 817 1912 891; baseline -0.005 -15"><span class='ocrx_word' id='word_1_41' title='bbox 330 822 517 876; x_wconf 85' lang='grc' dir='ltr'>ἐλιπεν</span> <span class='ocrx_word' id='word_1_42' title='bbox 538 823 670 891; x_wconf 82' lang='grc' dir='ltr'>ἡμῖν</span> <span class='ocrx_word' id='word_1_43' title='bbox 699 819 940 891; x_wconf 82' lang='grc' dir='ltr'>σπέρμα,</span> <span class='ocrx_word' id='word_1_44' title='bbox 971 820 1046 881; x_wconf 86' lang='grc' dir='ltr'>ὡς</span> <span class='ocrx_word' id='word_1_45' title='bbox 1076 819 1287 889; x_wconf 78' lang='grc' dir='ltr'>Σόδομα</span> <span class='ocrx_word' id='word_1_46' title='bbox 1329 817 1397 871; x_wconf 84' lang='grc' dir='ltr'><strong>ἂν</strong></span> <span class='ocrx_word' id='word_1_47' title='bbox 1434 818 1790 887; x_wconf 79' lang='grc' dir='ltr'>ἐγενήθημεν.</span> <span class='ocrx_word' id='word_1_48' title='bbox 1817 818 1912 870; x_wconf 77' lang='grc' dir='ltr'><strong>καὶ</strong></span> 
     </span>
    </p>
   </div>
   <div class='ocr_carea' id='block_1_9' title="bbox 327 908 1911 983">
    <p class='ocr_par' dir='ltr' id='par_1_9' title="bbox 327 908 1911 983">
     <span class='ocr_line' id='line_1_9' title="bbox 327 908 1911 983; baseline -0.002 -18"><span class='ocrx_word' id='word_1_49' title='bbox 327 913 405 975; x_wconf 83' lang='grc' dir='ltr'>ὡς</span> <span class='ocrx_word' id='word_1_50' title='bbox 451 912 706 983; x_wconf 75' lang='grc' dir='ltr'>Γόμορρα</span> <span class='ocrx_word' id='word_1_51' title='bbox 775 911 842 964; x_wconf 87' lang='grc' dir='ltr'><strong>ἂν</strong></span> <span class='ocrx_word' id='word_1_52' title='bbox 884 909 1266 981; x_wconf 81' lang='grc' dir='ltr'><strong>ὡμοιώθημεν.</strong></span> <span class='ocrx_word' id='word_1_53' title='bbox 1309 928 1327 960; x_wconf 70' lang='grc' dir='ltr'><strong>ι</strong></span> <span class='ocrx_word' id='word_1_54' title='bbox 1378 909 1450 961; x_wconf 88' lang='grc' dir='ltr'><strong>Τὸ</strong></span> <span class='ocrx_word' id='word_1_55' title='bbox 1486 908 1678 979; x_wconf 83' lang='grc' dir='ltr'>γάρτοι</span> <span class='ocrx_word' id='word_1_56' title='bbox 1727 910 1805 973; x_wconf 83' lang='grc' dir='ltr'><strong>είς</strong></span> <span class='ocrx_word' id='word_1_57' title='bbox 1848 910 1911 962; x_wconf 88' lang='grc' dir='ltr'><strong>τὸ</strong></span> 
     </span>
    </p>
   </div>
   <div class='ocr_carea' id='block_1_10' title="bbox 330 999 1912 1072">
    <p class='ocr_par' dir='ltr' id='par_1_10' title="bbox 330 999 1912 1072">
     <span class='ocr_line' id='line_1_10' title="bbox 330 999 1912 1072; baseline -0.004 -15"><span class='ocrx_word' id='word_1_58' title='bbox 330 1004 596 1067; x_wconf 84' lang='grc' dir='ltr'>παντελὲς</span> <span class='ocrx_word' id='word_1_59' title='bbox 626 1002 996 1056; x_wconf 76' lang='grc' dir='ltr'><strong>ἐκλελοιπέναι</strong></span> <span class='ocrx_word' id='word_1_60' title='bbox 1035 1000 1276 1070; x_wconf 76' lang='grc' dir='ltr'>νομίζειν</span> <span class='ocrx_word' id='word_1_61' title='bbox 1314 1000 1440 1063; x_wconf 85' lang='grc' dir='ltr'>τοὺς</span> <span class='ocrx_word' id='word_1_62' title='bbox 1465 999 1558 1053; x_wconf 87' lang='grc' dir='ltr'><strong>τοῦ</strong></span> <span class='ocrx_word' id='word_1_63' title='bbox 1593 1000 1747 1069; x_wconf 84' lang='grc' dir='ltr'>λόγου</span> <span class='ocrx_word' id='word_1_64' title='bbox 1777 1017 1912 1072; x_wconf 86' lang='grc' dir='ltr'>προ-</span> 
     </span>
    </p>
   </div>
   <div class='ocr_carea' id='block_1_11' title="bbox 328 1090 1910 1164">
    <p class='ocr_par' dir='ltr' id='par_1_11' title="bbox 328 1090 1910 1164">
     <span class='ocr_line' id='line_1_11' title="bbox 328 1090 1910 1164; baseline -0.003 -18"><span class='ocrx_word' id='word_1_65' title='bbox 328 1093 596 1157; x_wconf 87' lang='grc' dir='ltr'>εστῶτας,</span> <span class='ocrx_word' id='word_1_66' title='bbox 636 1094 902 1164; x_wconf 78' lang='grc' dir='ltr'>ἄρχοντας</span> <span class='ocrx_word' id='word_1_67' title='bbox 937 1094 1030 1146; x_wconf 77' lang='grc' dir='ltr'>καὶ</span> <span class='ocrx_word' id='word_1_68' title='bbox 1068 1091 1402 1163; x_wconf 77' lang='grc' dir='ltr'>ἡγουμένους</span> <span class='ocrx_word' id='word_1_69' title='bbox 1426 1090 1533 1144; x_wconf 81' lang='grc' dir='ltr'><strong>ὑπὸ</strong></span> <span class='ocrx_word' id='word_1_70' title='bbox 1561 1091 1661 1160; x_wconf 82' lang='grc' dir='ltr'>τῆς</span> <span class='ocrx_word' id='word_1_71' title='bbox 1695 1110 1910 1164; x_wconf 77' lang='grc' dir='ltr'>προφη-</span> 
     </span>
    </p>
   </div>
   <div class='ocr_carea' id='block_1_12' title="bbox 326 1183 1905 1255">
    <p class='ocr_par' dir='ltr' id='par_1_12' title="bbox 326 1183 1905 1255">
     <span class='ocr_line' id='line_1_12' title="bbox 326 1183 1905 1255; baseline 0 -18"><span class='ocrx_word' id='word_1_72' title='bbox 326 1185 481 1249; x_wconf 81' lang='grc' dir='ltr'>τείας</span> <span class='ocrx_word' id='word_1_73' title='bbox 508 1185 953 1255; x_wconf 80' lang='grc' dir='ltr'>ὠνομασμένους,</span> <span class='ocrx_word' id='word_1_74' title='bbox 982 1184 1039 1237; x_wconf 81' lang='grc' dir='ltr'><strong>ἐν</strong></span> <span class='ocrx_word' id='word_1_75' title='bbox 1062 1201 1114 1236; x_wconf 89' lang='grc' dir='ltr'><strong>τι</strong></span> <span class='ocrx_word' id='word_1_76' title='bbox 1149 1183 1255 1236; x_wconf 88' lang='grc' dir='ltr'><strong>τῶν</strong></span> <span class='ocrx_word' id='word_1_77' title='bbox 1294 1184 1589 1253; x_wconf 82' lang='grc' dir='ltr'>ἀμηχάνων</span> <span class='ocrx_word' id='word_1_78' title='bbox 1625 1183 1905 1253; x_wconf 81' lang='grc' dir='ltr'><strong>τυγχάνει,</strong></span> 
     </span>
    </p>
   </div>
   <div class='ocr_carea' id='block_1_13' title="bbox 324 1267 1906 1346">
    <p class='ocr_par' dir='ltr' id='par_1_13' title="bbox 324 1267 1906 1346">
     <span class='ocr_line' id='line_1_13' title="bbox 324 1267 1906 1346; baseline -0.001 -17"><span class='ocrx_word' id='word_1_79' title='bbox 324 1275 417 1329; x_wconf 83' lang='grc' dir='ltr'>διὰ</span> <span class='ocrx_word' id='word_1_80' title='bbox 442 1274 506 1328; x_wconf 88' lang='grc' dir='ltr'><strong>τὸ</strong></span> <span class='ocrx_word' id='word_1_81' title='bbox 544 1277 636 1328; x_wconf 81' lang='grc' dir='ltr'><strong>καὶ</strong></span> <span class='ocrx_word' id='word_1_82' title='bbox 666 1267 799 1346; x_wconf 74' lang='grc' dir='ltr'>’ὅρον</span> <span class='ocrx_word' id='word_1_83' title='bbox 824 1275 1097 1335; x_wconf 78' lang='grc' dir='ltr'>τεθεῖσθαι</span> <span class='ocrx_word' id='word_1_84' title='bbox 1121 1274 1217 1327; x_wconf 86' lang='grc' dir='ltr'><strong>τοῦ</strong></span> <span class='ocrx_word' id='word_1_85' title='bbox 1247 1293 1264 1325; x_wconf 83' lang='grc' dir='ltr'><strong>ι</strong></span> <span class='ocrx_word' id='word_1_86' title='bbox 1294 1275 1368 1345; x_wconf 84' lang='grc' dir='ltr'>μὴ</span> <span class='ocrx_word' id='word_1_87' title='bbox 1409 1274 1678 1343; x_wconf 77' lang='grc' dir='ltr'>ἐκλείψειν</span> <span class='ocrx_word' id='word_1_88' title='bbox 1709 1275 1812 1339; x_wconf 81' lang='grc' dir='ltr'>ἓως</span> <span class='ocrx_word' id='word_1_89' title='bbox 1840 1276 1906 1329; x_wconf 83' lang='grc' dir='ltr'><strong>ἂν</strong></span> 
     </span>
    </p>
   </div>
   <div class='ocr_carea' id='block_1_14' title="bbox 325 1364 1905 1437">
    <p class='ocr_par' dir='ltr' id='par_1_14' title="bbox 325 1364 1905 1437">
     <span class='ocr_line' id='line_1_14' title="bbox 325 1364 1905 1437; baseline 0.001 -18"><span class='ocrx_word' id='word_1_90' title='bbox 325 1366 456 1437; x_wconf 76' lang='grc' dir='ltr'>ἔλθῃ</span> <span class='ocrx_word' id='word_1_91' title='bbox 483 1364 559 1419; x_wconf 80' lang='grc' dir='ltr'>τὰ</span> <span class='ocrx_word' id='word_1_92' title='bbox 578 1366 916 1436; x_wconf 81' lang='grc' dir='ltr'>ἀποκείμενα</span> <span class='ocrx_word' id='word_1_93' title='bbox 959 1366 1136 1436; x_wconf 76' lang='grc' dir='ltr'>αὑτῷο</span> <span class='ocrx_word' id='word_1_94' title='bbox 1168 1385 1188 1417; x_wconf 74' lang='grc' dir='ltr'><strong>ι</strong></span> <span class='ocrx_word' id='word_1_95' title='bbox 1226 1366 1373 1419; x_wconf 80' lang='grc' dir='ltr'>τοῦτ’</span> <span class='ocrx_word' id='word_1_96' title='bbox 1402 1366 1518 1418; x_wconf 83' lang='grc' dir='ltr'>ἐστι</span> <span class='ocrx_word' id='word_1_97' title='bbox 1565 1366 1637 1418; x_wconf 80' lang='grc' dir='ltr'>τὰ</span> <span class='ocrx_word' id='word_1_98' title='bbox 1660 1367 1766 1420; x_wconf 87' lang='grc' dir='ltr'><strong>ὑπὸ</strong></span> <span class='ocrx_word' id='word_1_99' title='bbox 1810 1366 1905 1420; x_wconf 87' lang='grc' dir='ltr'><strong>τοῦ</strong></span> 
     </span>
    </p>
   </div>
   <div class='ocr_carea' id='block_1_15' title="bbox 324 1458 1906 1531">
    <p class='ocr_par' dir='ltr' id='par_1_15' title="bbox 324 1458 1906 1531">
     <span class='ocr_line' id='line_1_15' title="bbox 324 1458 1906 1531; baseline 0.001 -20"><span class='ocrx_word' id='word_1_100' title='bbox 324 1458 543 1528; x_wconf 87' lang='grc' dir='ltr'>Πατρὸς</span> <span class='ocrx_word' id='word_1_101' title='bbox 575 1458 957 1529; x_wconf 77' lang='grc' dir='ltr'>ἐπηγγελμένα</span> <span class='ocrx_word' id='word_1_102' title='bbox 984 1458 1062 1529; x_wconf 82' lang='grc' dir='ltr'>τῷ</span> <span class='ocrx_word' id='word_1_103' title='bbox 1091 1458 1332 1530; x_wconf 84' lang='grc' dir='ltr'>Χριστῷ,</span> <span class='ocrx_word' id='word_1_104' title='bbox 1357 1459 1590 1529; x_wconf 83' lang='grc' dir='ltr'>φήσαντι</span> <span class='ocrx_word' id='word_1_105' title='bbox 1614 1458 1743 1531; x_wconf 91' lang='grc' dir='ltr'>(τος)</span> <span class='ocrx_word' id='word_1_106' title='bbox 1772 1460 1906 1530; x_wconf 89' lang='grc' dir='ltr'>πρὸς</span> 
     </span>
    </p>
   </div>
   <div class='ocr_carea' id='block_1_16' title="bbox 320 1549 1906 1621">
    <p class='ocr_par' dir='ltr' id='par_1_16' title="bbox 320 1549 1906 1621">
     <span class='ocr_line' id='line_1_16' title="bbox 320 1549 1906 1621; baseline 0.004 -20"><span class='ocrx_word' id='word_1_107' title='bbox 320 1549 528 1613; x_wconf 87' lang='grc' dir='ltr'>αὑτὸν,</span> <span class='ocrx_word' id='word_1_108' title='bbox 581 1550 809 1605; x_wconf 80' lang='grc' dir='ltr'>«Κάθου</span> <span class='ocrx_word' id='word_1_109' title='bbox 855 1553 920 1604; x_wconf 85' lang='grc' dir='ltr'><strong>ἐκ</strong></span> <span class='ocrx_word' id='word_1_110' title='bbox 963 1550 1151 1617; x_wconf 81' lang='grc' dir='ltr'>δεξιῶν</span> <span class='ocrx_word' id='word_1_111' title='bbox 1187 1567 1329 1621; x_wconf 85' lang='grc' dir='ltr'>μου,</span> <span class='ocrx_word' id='word_1_112' title='bbox 1379 1551 1483 1615; x_wconf 70' lang='grc' dir='ltr'><strong>ἕως</strong></span> <span class='ocrx_word' id='word_1_113' title='bbox 1534 1551 1600 1605; x_wconf 83' lang='grc' dir='ltr'><strong>ἂν</strong></span> <span class='ocrx_word' id='word_1_114' title='bbox 1650 1552 1727 1604; x_wconf 88' lang='grc' dir='ltr'><strong>θῶ</strong></span> <span class='ocrx_word' id='word_1_115' title='bbox 1779 1555 1906 1617; x_wconf 83' lang='grc' dir='ltr'>τοὺς</span> 
     </span>
    </p>
   </div>
   <div class='ocr_carea' id='block_1_17' title="bbox 320 1636 1899 1707">
    <p class='ocr_par' dir='ltr' id='par_1_17' title="bbox 320 1636 1899 1707">
     <span class='ocr_line' id='line_1_17' title="bbox 320 1636 1899 1707; baseline 0.004 -19"><span class='ocrx_word' id='word_1_116' title='bbox 320 1636 555 1707; x_wconf 85' lang='grc' dir='ltr'>ἐχθρούς</span> <span class='ocrx_word' id='word_1_117' title='bbox 587 1654 681 1690; x_wconf 91' lang='grc' dir='ltr'><strong>σου</strong></span> <span class='ocrx_word' id='word_1_118' title='bbox 727 1638 1015 1692; x_wconf 86' lang='grc' dir='ltr'>ὑποπόδιον</span> <span class='ocrx_word' id='word_1_119' title='bbox 1054 1639 1163 1692; x_wconf 90' lang='grc' dir='ltr'><strong>τῶν</strong></span> <span class='ocrx_word' id='word_1_120' title='bbox 1207 1638 1383 1692; x_wconf 83' lang='grc' dir='ltr'>ποδῶν</span> <span class='ocrx_word' id='word_1_121' title='bbox 1427 1657 1551 1694; x_wconf 85' lang='grc' dir='ltr'>σου·</span> <span class='ocrx_word' id='word_1_122' title='bbox 1589 1660 1608 1692; x_wconf 75' lang='grc' dir='ltr'><strong>ι</strong></span> <span class='ocrx_word' id='word_1_123' title='bbox 1639 1642 1727 1694; x_wconf 85' lang='grc' dir='ltr'><strong>ὅτε</strong></span> <span class='ocrx_word' id='word_1_124' title='bbox 1775 1642 1899 1695; x_wconf 74' lang='grc' dir='ltr'>καίο</span> 
     </span>
    </p>
   </div>
   <div class='ocr_carea' id='block_1_18' title="bbox 327 1730 1905 1802">
    <p class='ocr_par' dir='ltr' id='par_1_18' title="bbox 327 1730 1905 1802">
     <span class='ocr_line' id='line_1_18' title="bbox 327 1730 1905 1802; baseline 0.005 -22"><span class='ocrx_word' id='word_1_125' title='bbox 327 1748 346 1780; x_wconf 70' lang='grc' dir='ltr'><strong>ι</strong></span> <span class='ocrx_word' id='word_1_126' title='bbox 376 1730 496 1782; x_wconf 77' lang='grc' dir='ltr'><strong>Πᾶν</strong></span> <span class='ocrx_word' id='word_1_127' title='bbox 540 1730 669 1799; x_wconf 88' lang='grc' dir='ltr'>γόνυ</span> <span class='ocrx_word' id='word_1_128' title='bbox 719 1730 925 1802; x_wconf 73' lang='grc' dir='ltr'>κάμψει</span> <span class='ocrx_word' id='word_1_129' title='bbox 975 1731 1315 1802; x_wconf 78' lang='grc' dir='ltr'>ἐπουρανίων</span> <span class='ocrx_word' id='word_1_130' title='bbox 1357 1733 1451 1785; x_wconf 75' lang='grc' dir='ltr'>καὶ</span> <span class='ocrx_word' id='word_1_131' title='bbox 1502 1734 1760 1801; x_wconf 78' lang='grc' dir='ltr'>ἐπιγείων</span> <span class='ocrx_word' id='word_1_132' title='bbox 1810 1736 1905 1788; x_wconf 75' lang='grc' dir='ltr'><strong>καὶ</strong></span> 
     </span>
    </p>
   </div>
   <div class='ocr_carea' id='block_1_19' title="bbox 320 1822 1902 1894">
    <p class='ocr_par' dir='ltr' id='par_1_19' title="bbox 320 1822 1902 1894">
     <span class='ocr_line' id='line_1_19' title="bbox 320 1822 1902 1894; baseline 0.003 -21"><span class='ocrx_word' id='word_1_133' title='bbox 320 1822 727 1892; x_wconf 82' lang='grc' dir='ltr'>καταχθονίων,</span> <span class='ocrx_word' id='word_1_134' title='bbox 754 1823 848 1878; x_wconf 77' lang='grc' dir='ltr'><strong>καὶ</strong></span> <span class='ocrx_word' id='word_1_135' title='bbox 887 1824 1035 1876; x_wconf 81' lang='grc' dir='ltr'>πᾶσα</span> <span class='ocrx_word' id='word_1_136' title='bbox 1070 1823 1289 1892; x_wconf 88' lang='grc' dir='ltr'>γλῶσσα</span> <span class='ocrx_word' id='word_1_137' title='bbox 1336 1823 1902 1894; x_wconf 38' lang='grc' dir='ltr'>ἐξομολογήσεταικὸτι</span> 
     </span>
    </p>
   </div>
   <div class='ocr_carea' id='block_1_20' title="bbox 323 1912 1901 1989">
    <p class='ocr_par' dir='ltr' id='par_1_20' title="bbox 323 1912 1901 1989">
     <span class='ocr_line' id='line_1_20' title="bbox 323 1912 1901 1989; baseline 0.004 -23"><span class='ocrx_word' id='word_1_138' title='bbox 323 1912 527 1984; x_wconf 83' lang='grc' dir='ltr'>Κύριος</span> <span class='ocrx_word' id='word_1_139' title='bbox 563 1915 769 1985; x_wconf 86' lang='grc' dir='ltr'>Ἰησοῦς</span> <span class='ocrx_word' id='word_1_140' title='bbox 797 1914 1061 1986; x_wconf 86' lang='grc' dir='ltr'>Χριστός·</span> <span class='ocrx_word' id='word_1_141' title='bbox 1099 1935 1116 1966; x_wconf 73' lang='grc' dir='ltr'><strong>ι</strong></span> <span class='ocrx_word' id='word_1_142' title='bbox 1166 1916 1463 1985; x_wconf 85' lang='grc' dir='ltr'>τηνικαῦτα</span> <span class='ocrx_word' id='word_1_143' title='bbox 1515 1916 1621 1989; x_wconf 83' lang='grc' dir='ltr'><strong>γὰρ</strong></span> <span class='ocrx_word' id='word_1_144' title='bbox 1651 1918 1745 1971; x_wconf 73' lang='grc' dir='ltr'>καὶ</span> <span class='ocrx_word' id='word_1_145' title='bbox 1794 1920 1901 1972; x_wconf 90' lang='grc' dir='ltr'><strong>τῶν</strong></span> 
     </span>
    </p>
   </div>
   <div class='ocr_carea' id='block_1_21' title="bbox 320 2004 1902 2079">
    <p class='ocr_par' dir='ltr' id='par_1_21' title="bbox 320 2004 1902 2079">
     <span class='ocr_line' id='line_1_21' title="bbox 320 2004 1902 2079; baseline 0.003 -20"><span class='ocrx_word' id='word_1_146' title='bbox 320 2004 494 2060; x_wconf 81' lang='grc' dir='ltr'>ἐθνῶν</span> <span class='ocrx_word' id='word_1_147' title='bbox 543 2007 839 2077; x_wconf 81' lang='grc' dir='ltr'>προσδοκία</span> <span class='ocrx_word' id='word_1_148' title='bbox 886 2007 997 2061; x_wconf 89' lang='grc' dir='ltr'><strong>τῶν</strong></span> <span class='ocrx_word' id='word_1_149' title='bbox 1046 2007 1139 2060; x_wconf 75' lang='grc' dir='ltr'><strong>ἐπὶ</strong></span> <span class='ocrx_word' id='word_1_150' title='bbox 1167 2007 1265 2060; x_wconf 85' lang='grc' dir='ltr'><strong>τοῦ</strong></span> <span class='ocrx_word' id='word_1_151' title='bbox 1308 2008 1571 2079; x_wconf 86' lang='grc' dir='ltr'>παρόντος</span> <span class='ocrx_word' id='word_1_152' title='bbox 1615 2011 1695 2073; x_wconf 82' lang='grc' dir='ltr'>εἰς</span> <span class='ocrx_word' id='word_1_153' title='bbox 1739 2011 1902 2064; x_wconf 84' lang='grc' dir='ltr'>αὑτὸν</span> 
     </span>
    </p>
   </div>
   <div class='ocr_carea' id='block_1_22' title="bbox 317 2097 1902 2172">
    <p class='ocr_par' dir='ltr' id='par_1_22' title="bbox 317 2097 1902 2172">
     <span class='ocr_line' id='line_1_22' title="bbox 317 2097 1902 2172; baseline 0.003 -21"><span class='ocrx_word' id='word_1_154' title='bbox 317 2098 765 2153; x_wconf 80' lang='grc' dir='ltr'>πεπιστευκότων</span> <span class='ocrx_word' id='word_1_155' title='bbox 836 2098 1028 2169; x_wconf 85' lang='grc' dir='ltr'>καιρὸν</span> <span class='ocrx_word' id='word_1_156' title='bbox 1101 2097 1214 2165; x_wconf 74' lang='grc' dir='ltr'>ἕξει</span> <span class='ocrx_word' id='word_1_157' title='bbox 1275 2097 1374 2161; x_wconf 86' lang='grc' dir='ltr'>τὰς</span> <span class='ocrx_word' id='word_1_158' title='bbox 1441 2099 1902 2172; x_wconf 83' lang='grc' dir='ltr'>προσδοκηθείσας</span> 
     </span>
    </p>
   </div>
   <div class='ocr_carea' id='block_1_23' title="bbox 316 2188 1902 2264">
    <p class='ocr_par' dir='ltr' id='par_1_23' title="bbox 316 2188 1902 2264">
     <span class='ocr_line' id='line_1_23' title="bbox 316 2188 1902 2264; baseline 0.004 -23"><span class='ocrx_word' id='word_1_159' title='bbox 316 2188 651 2258; x_wconf 80' lang='grc' dir='ltr'>ἐπαγγελίας</span> <span class='ocrx_word' id='word_1_160' title='bbox 703 2189 1033 2260; x_wconf 85' lang='grc' dir='ltr'>κομίσασθαι</span> <span class='ocrx_word' id='word_1_161' title='bbox 1080 2190 1138 2243; x_wconf 88' lang='grc' dir='ltr'><strong>ἐν</strong></span> <span class='ocrx_word' id='word_1_162' title='bbox 1182 2192 1247 2259; x_wconf 80' lang='grc' dir='ltr'>τῇ</span> <span class='ocrx_word' id='word_1_163' title='bbox 1315 2190 1736 2264; x_wconf 72' lang='grc' dir='ltr'>προσδοκωμένη</span> <span class='ocrx_word' id='word_1_164' title='bbox 1793 2193 1902 2247; x_wconf 88' lang='grc' dir='ltr'><strong>τῶν</strong></span> 
     </span>
    </p>
   </div>
   <div class='ocr_carea' id='block_1_24' title="bbox 313 2280 1902 2357">
    <p class='ocr_par' dir='ltr' id='par_1_24' title="bbox 313 2280 1902 2357">
     <span class='ocr_line' id='line_1_24' title="bbox 313 2280 1902 2357; baseline 0.003 -24"><span class='ocrx_word' id='word_1_165' title='bbox 313 2280 562 2353; x_wconf 82' lang='grc' dir='ltr'>οὐρανῶν</span> <span class='ocrx_word' id='word_1_166' title='bbox 595 2280 860 2351; x_wconf 74' lang='grc' dir='ltr'>βασιλείᾳ.</span> <span class='ocrx_word' id='word_1_167' title='bbox 891 2281 1001 2334; x_wconf 78' lang='lat' dir='ltr'><strong>Ka‘t</strong></span> <span class='ocrx_word' id='word_1_168' title='bbox 1030 2281 1202 2335; x_wconf 87' lang='grc' dir='ltr'>ταῦτα</span> <span class='ocrx_word' id='word_1_169' title='bbox 1235 2284 1334 2353; x_wconf 85' lang='grc' dir='ltr'>μὲν</span> <span class='ocrx_word' id='word_1_170' title='bbox 1355 2284 1528 2357; x_wconf 82' lang='grc' dir='ltr'>ταύτῃ</span> <span class='ocrx_word' id='word_1_171' title='bbox 1548 2301 1561 2313; x_wconf 91' lang='grc'><strong>·</strong></span> <span class='ocrx_word' id='word_1_172' title='bbox 1598 2283 1668 2337; x_wconf 80' lang='grc' dir='ltr'><strong>τά</strong></span> <span class='ocrx_word' id='word_1_173' title='bbox 1694 2286 1738 2337; x_wconf 85' lang='grc' dir='ltr'>δ’</span> <span class='ocrx_word' id='word_1_174' title='bbox 1773 2285 1902 2356; x_wconf 79' lang='grc' dir='ltr'>ἑξῆς</span> 
     </span>
    </p>
   </div>
   <div class='ocr_carea' id='block_1_25' title="bbox 2014 638 3587 707">
    <p class='ocr_par' dir='ltr' id='par_1_25' title="bbox 2014 638 3587 707">
     <span class='ocr_line' id='line_1_25' title="bbox 2014 638 3587 707; baseline 0.009 -15"><span class='ocrx_word' id='word_1_175' title='bbox 2014 638 2316 695; x_wconf 86' lang='lat' dir='ltr'><strong>Gomorrha</strong></span> <span class='ocrx_word' id='word_1_176' title='bbox 2365 643 2573 699; x_wconf 84' lang='lat' dir='ltr'><strong>similes</strong></span> <span class='ocrx_word' id='word_1_177' title='bbox 2618 643 2909 700; x_wconf 77' lang='lat' dir='ltr'><strong>fuissemus</strong></span> <span class='ocrx_word' id='word_1_178' title='bbox 2941 646 3007 699; x_wconf 70' lang='grc'><strong>⁸⁸.</strong></span> <span class='ocrx_word' id='word_1_179' title='bbox 3044 666 3065 698; x_wconf 68' lang='grc' dir='ltr'><strong>ι</strong></span> <span class='ocrx_word' id='word_1_180' title='bbox 3116 646 3324 702; x_wconf 75' lang='lat' dir='ltr'><strong>Idcirco</strong></span> <span class='ocrx_word' id='word_1_181' title='bbox 3363 649 3587 707; x_wconf 81' lang='lat' dir='ltr'><strong>minime</strong></span> 
     </span>
    </p>
   </div>
   <div class='ocr_carea' id='block_1_26' title="bbox 2015 731 3585 810">
    <p class='ocr_par' dir='ltr' id='par_1_26' title="bbox 2015 731 3585 810">
     <span class='ocr_line' id='line_1_26' title="bbox 2015 731 3585 810; baseline 0.01 -27"><span class='ocrx_word' id='word_1_182' title='bbox 2015 731 2437 786; x_wconf 79' lang='lat' dir='ltr'><strong>existimandum</strong></span> <span class='ocrx_word' id='word_1_183' title='bbox 2464 742 2549 789; x_wconf 91' lang='lat' dir='ltr'><strong>est</strong></span> <span class='ocrx_word' id='word_1_184' title='bbox 2570 736 2723 789; x_wconf 83' lang='lat' dir='ltr'><strong>verbi</strong></span> <span class='ocrx_word' id='word_1_185' title='bbox 2754 738 3067 806; x_wconf 84' lang='lat' dir='ltr'><strong>magistros,</strong></span> <span class='ocrx_word' id='word_1_186' title='bbox 3095 739 3263 793; x_wconf 90' lang='lat' dir='ltr'><strong>duces</strong></span> <span class='ocrx_word' id='word_1_187' title='bbox 3284 740 3585 810; x_wconf 89' lang='lat' dir='ltr'><strong>principes-</strong></span> 
     </span>
    </p>
   </div>
   <div class='ocr_carea' id='block_1_27' title="bbox 2012 827 3587 899">
    <p class='ocr_par' dir='ltr' id='par_1_27' title="bbox 2012 827 3587 899">
     <span class='ocr_line' id='line_1_27' title="bbox 2012 827 3587 899; baseline 0.004 -21"><span class='ocrx_word' id='word_1_188' title='bbox 2012 840 2118 893; x_wconf 87' lang='lat' dir='ltr'><strong>que</strong></span> <span class='ocrx_word' id='word_1_189' title='bbox 2152 840 2181 878; x_wconf 89' lang='lat' dir='ltr'><strong>a</strong></span> <span class='ocrx_word' id='word_1_190' title='bbox 2208 827 2486 895; x_wconf 76' lang='lat' dir='ltr'><strong>prophetis</strong></span> <span class='ocrx_word' id='word_1_191' title='bbox 2523 837 2764 890; x_wconf 87' lang='lat' dir='ltr'><strong>vocatos,</strong></span> <span class='ocrx_word' id='word_1_192' title='bbox 2794 830 3009 899; x_wconf 88' lang='lat' dir='ltr'><strong>penitus</strong></span> <span class='ocrx_word' id='word_1_193' title='bbox 3041 829 3328 892; x_wconf 83' lang='lat' dir='ltr'><strong>defecisse,</strong></span> <span class='ocrx_word' id='word_1_194' title='bbox 3363 846 3587 899; x_wconf 68' lang='lat' dir='ltr'><strong>praeser-</strong></span> 
     </span>
    </p>
   </div>
   <div class='ocr_carea' id='block_1_28' title="bbox 2011 916 3586 986">
    <p class='ocr_par' dir='ltr' id='par_1_28' title="bbox 2011 916 3586 986">
     <span class='ocr_line' id='line_1_28' title="bbox 2011 916 3586 986; baseline 0.006 -18"><span class='ocrx_word' id='word_1_195' title='bbox 2011 916 2108 968; x_wconf 91' lang='lat' dir='ltr'><strong>tim</strong></span> <span class='ocrx_word' id='word_1_196' title='bbox 2137 931 2260 969; x_wconf 91' lang='lat' dir='ltr'><strong>cum</strong></span> <span class='ocrx_word' id='word_1_197' title='bbox 2298 917 2502 986; x_wconf 79' lang='lat' dir='ltr'><strong>praefixi</strong></span> <span class='ocrx_word' id='word_1_198' title='bbox 2528 919 2638 972; x_wconf 88' lang='lat' dir='ltr'><strong>sint</strong></span> <span class='ocrx_word' id='word_1_199' title='bbox 2682 920 2920 982; x_wconf 82' lang='lat' dir='ltr'><strong>termini,</strong></span> <span class='ocrx_word' id='word_1_200' title='bbox 2958 938 2976 971; x_wconf 81' lang='grc' dir='ltr'><strong>ι</strong></span> <span class='ocrx_word' id='word_1_201' title='bbox 3010 936 3118 974; x_wconf 91' lang='lat' dir='ltr'><strong>non</strong></span> <span class='ocrx_word' id='word_1_202' title='bbox 3148 920 3465 975; x_wconf 86' lang='lat' dir='ltr'><strong>auferentur</strong></span> <span class='ocrx_word' id='word_1_203' title='bbox 3489 922 3586 976; x_wconf 87' lang='lat' dir='ltr'><strong>do-</strong></span> 
     </span>
    </p>
   </div>
   <div class='ocr_carea' id='block_1_29' title="bbox 2011 1007 3583 1082">
    <p class='ocr_par' dir='ltr' id='par_1_29' title="bbox 2011 1007 3583 1082">
     <span class='ocr_line' id='line_1_29' title="bbox 2011 1007 3583 1082; baseline 0.004 -23"><span class='ocrx_word' id='word_1_204' title='bbox 2011 1021 2112 1060; x_wconf 90' lang='lat' dir='ltr'><strong>nec</strong></span> <span class='ocrx_word' id='word_1_205' title='bbox 2143 1007 2366 1060; x_wconf 84' lang='lat' dir='ltr'><strong>veniant</strong></span> <span class='ocrx_word' id='word_1_206' title='bbox 2398 1024 2520 1076; x_wconf 66' lang='lat' dir='ltr'><strong>qua:</strong></span> <span class='ocrx_word' id='word_1_207' title='bbox 2550 1008 2652 1077; x_wconf 86' lang='lat' dir='ltr'><strong>ipsi</strong></span> <span class='ocrx_word' id='word_1_208' title='bbox 2685 1009 2899 1065; x_wconf 85' lang='lat' dir='ltr'><strong>decreta</strong></span> <span class='ocrx_word' id='word_1_209' title='bbox 2914 1019 3073 1077; x_wconf 90' lang='lat' dir='ltr'><strong>sunt;</strong></span> <span class='ocrx_word' id='word_1_210' title='bbox 3106 1031 3125 1063; x_wconf 70' lang='grc' dir='ltr'><strong>ι</strong></span> <span class='ocrx_word' id='word_1_211' title='bbox 3167 1012 3373 1066; x_wconf 86' lang='lat' dir='ltr'><strong>scilicet</strong></span> <span class='ocrx_word' id='word_1_212' title='bbox 3407 1027 3526 1082; x_wconf 65' lang='lat' dir='ltr'><strong>quae</strong></span> <span class='ocrx_word' id='word_1_213' title='bbox 3554 1027 3583 1065; x_wconf 85' lang='lat' dir='ltr'><strong>a</strong></span> 
     </span>
    </p>
   </div>
   <div class='ocr_carea' id='block_1_30' title="bbox 2011 1096 3585 1163">
    <p class='ocr_par' dir='ltr' id='par_1_30' title="bbox 2011 1096 3585 1163">
     <span class='ocr_line' id='line_1_30' title="bbox 2011 1096 3585 1163; baseline 0.006 -14"><span class='ocrx_word' id='word_1_214' title='bbox 2011 1096 2172 1152; x_wconf 85' lang='lat' dir='ltr'><strong>Patre</strong></span> <span class='ocrx_word' id='word_1_215' title='bbox 2191 1097 2413 1153; x_wconf 79' lang='lat' dir='ltr'><strong>Christo</strong></span> <span class='ocrx_word' id='word_1_216' title='bbox 2436 1101 2687 1153; x_wconf 82' lang='lat' dir='ltr'><strong>nuntiata</strong></span> <span class='ocrx_word' id='word_1_217' title='bbox 2714 1110 2861 1163; x_wconf 85' lang='lat' dir='ltr'><strong>sunt,</strong></span> <span class='ocrx_word' id='word_1_218' title='bbox 2886 1103 2951 1157; x_wconf 91' lang='lat' dir='ltr'><strong>ad</strong></span> <span class='ocrx_word' id='word_1_219' title='bbox 2975 1118 3097 1157; x_wconf 89' lang='lat' dir='ltr'><strong>eum</strong></span> <span class='ocrx_word' id='word_1_220' title='bbox 3117 1103 3329 1158; x_wconf 86' lang='lat' dir='ltr'><strong>dicente</strong></span> <span class='ocrx_word' id='word_1_221' title='bbox 3354 1124 3366 1157; x_wconf 78' lang='lat'><strong>2</strong></span> <span class='ocrx_word' id='word_1_222' title='bbox 3396 1123 3414 1153; x_wconf 74' lang='grc' dir='ltr'><strong>ι</strong></span> <span class='ocrx_word' id='word_1_223' title='bbox 3447 1102 3585 1158; x_wconf 87' lang='lat' dir='ltr'><strong>Sede</strong></span> 
     </span>
    </p>
   </div>
   <div class='ocr_carea' id='block_1_31' title="bbox 2010 1189 3587 1261">
    <p class='ocr_par' dir='ltr' id='par_1_31' title="bbox 2010 1189 3587 1261">
     <span class='ocr_line' id='line_1_31' title="bbox 2010 1189 3587 1261; baseline 0.004 -19"><span class='ocrx_word' id='word_1_224' title='bbox 2010 1204 2041 1242; x_wconf 89' lang='lat' dir='ltr'><strong>a</strong></span> <span class='ocrx_word' id='word_1_225' title='bbox 2075 1189 2283 1244; x_wconf 86' lang='lat' dir='ltr'><strong>dextris</strong></span> <span class='ocrx_word' id='word_1_226' title='bbox 2314 1190 2472 1255; x_wconf 84' lang='lat' dir='ltr'><strong>meis,</strong></span> <span class='ocrx_word' id='word_1_227' title='bbox 2503 1191 2677 1246; x_wconf 89' lang='lat' dir='ltr'><strong>donec</strong></span> <span class='ocrx_word' id='word_1_228' title='bbox 2712 1208 2907 1261; x_wconf 86' lang='lat' dir='ltr'><strong>ponam</strong></span> <span class='ocrx_word' id='word_1_229' title='bbox 2946 1194 3200 1250; x_wconf 91' lang='lat' dir='ltr'><strong>inimicos</strong></span> <span class='ocrx_word' id='word_1_230' title='bbox 3228 1203 3352 1250; x_wconf 88' lang='lat' dir='ltr'><strong>tuos</strong></span> <span class='ocrx_word' id='word_1_231' title='bbox 3376 1196 3587 1250; x_wconf 86' lang='lat' dir='ltr'><strong>scabel-</strong></span> 
     </span>
    </p>
   </div>
   <div class='ocr_carea' id='block_1_32' title="bbox 2011 1279 3581 1357">
    <p class='ocr_par' dir='ltr' id='par_1_32' title="bbox 2011 1279 3581 1357">
     <span class='ocr_line' id='line_1_32' title="bbox 2011 1279 3581 1357; baseline 0.004 -24"><span class='ocrx_word' id='word_1_232' title='bbox 2011 1279 2121 1333; x_wconf 90' lang='lat' dir='ltr'><strong>lum</strong></span> <span class='ocrx_word' id='word_1_233' title='bbox 2150 1282 2346 1350; x_wconf 89' lang='lat' dir='ltr'><strong>pedum</strong></span> <span class='ocrx_word' id='word_1_234' title='bbox 2375 1290 2597 1337; x_wconf 88' lang='lat' dir='ltr'><strong>tuorum</strong></span> <span class='ocrx_word' id='word_1_235' title='bbox 2621 1284 2700 1350; x_wconf 67' lang='grc' dir='ltr'><strong>Μι;</strong></span> <span class='ocrx_word' id='word_1_236' title='bbox 2727 1304 2745 1335; x_wconf 78' lang='grc' dir='ltr'><strong>ι</strong></span> <span class='ocrx_word' id='word_1_237' title='bbox 2775 1300 2874 1339; x_wconf 89' lang='lat' dir='ltr'><strong>nec</strong></span> <span class='ocrx_word' id='word_1_238' title='bbox 2895 1300 3002 1338; x_wconf 91' lang='lat' dir='ltr'><strong>non</strong></span> <span class='ocrx_word' id='word_1_239' title='bbox 3025 1286 3116 1340; x_wconf 83' lang='lat' dir='ltr'><strong>illa</strong></span> <span class='ocrx_word' id='word_1_240' title='bbox 3149 1305 3162 1340; x_wconf 89' lang='lat'><strong>:</strong></span> <span class='ocrx_word' id='word_1_241' title='bbox 3191 1305 3210 1337; x_wconf 70' lang='grc' dir='ltr'><strong>ι</strong></span> <span class='ocrx_word' id='word_1_242' title='bbox 3248 1287 3419 1342; x_wconf 85' lang='lat' dir='ltr'><strong>Omne</strong></span> <span class='ocrx_word' id='word_1_243' title='bbox 3443 1303 3581 1357; x_wconf 86' lang='lat' dir='ltr'><strong>genu</strong></span> 
     </span>
    </p>
   </div>
   <div class='ocr_carea' id='block_1_33' title="bbox 2008 1371 3581 1447">
    <p class='ocr_par' dir='ltr' id='par_1_33' title="bbox 2008 1371 3581 1447">
     <span class='ocr_line' id='line_1_33' title="bbox 2008 1371 3581 1447; baseline 0.006 -23"><span class='ocrx_word' id='word_1_244' title='bbox 2008 1371 2260 1427; x_wconf 85' lang='lat' dir='ltr'><strong>flectatur</strong></span> <span class='ocrx_word' id='word_1_245' title='bbox 2287 1375 2619 1439; x_wconf 61' lang='lat' dir='ltr'><strong>caelestium,</strong></span> <span class='ocrx_word' id='word_1_246' title='bbox 2653 1377 2990 1432; x_wconf 83' lang='lat' dir='ltr'><strong>terrestrium</strong></span> <span class='ocrx_word' id='word_1_247' title='bbox 3031 1386 3087 1433; x_wconf 91' lang='lat' dir='ltr'><strong>et</strong></span> <span class='ocrx_word' id='word_1_248' title='bbox 3117 1380 3455 1436; x_wconf 74' lang='lat' dir='ltr'><strong>infernarum</strong></span> <span class='ocrx_word' id='word_1_249' title='bbox 3481 1400 3495 1447; x_wconf 92' lang='lat'><strong>;</strong></span> <span class='ocrx_word' id='word_1_250' title='bbox 3525 1392 3581 1436; x_wconf 86' lang='lat' dir='ltr'><strong>ct</strong></span> 
     </span>
    </p>
   </div>
   <div class='ocr_carea' id='block_1_34' title="bbox 2007 1466 3582 1538">
    <p class='ocr_par' dir='ltr' id='par_1_34' title="bbox 2007 1466 3582 1538">
     <span class='ocr_line' id='line_1_34' title="bbox 2007 1466 3582 1538; baseline 0.003 -18"><span class='ocrx_word' id='word_1_251' title='bbox 2007 1466 2189 1520; x_wconf 91' lang='lat' dir='ltr'><strong>omnis</strong></span> <span class='ocrx_word' id='word_1_252' title='bbox 2228 1466 2409 1537; x_wconf 80' lang='lat' dir='ltr'><strong>lingua</strong></span> <span class='ocrx_word' id='word_1_253' title='bbox 2443 1467 2769 1522; x_wconf 72' lang='lat' dir='ltr'><strong>confiteatur</strong></span> <span class='ocrx_word' id='word_1_254' title='bbox 2797 1469 2925 1538; x_wconf 85' lang='lat' dir='ltr'><strong>quia</strong></span> <span class='ocrx_word' id='word_1_255' title='bbox 2955 1467 3219 1525; x_wconf 88' lang='lat' dir='ltr'><strong>Dominus</strong></span> <span class='ocrx_word' id='word_1_256' title='bbox 3240 1470 3399 1526; x_wconf 76' lang='lat' dir='ltr'><strong>Jesus</strong></span> <span class='ocrx_word' id='word_1_257' title='bbox 3424 1472 3582 1526; x_wconf 86' lang='lat' dir='ltr'><strong>Chri-</strong></span> 
     </span>
    </p>
   </div>
   <div class='ocr_carea' id='block_1_35' title="bbox 2006 1556 3581 1631">
    <p class='ocr_par' dir='ltr' id='par_1_35' title="bbox 2006 1556 3581 1631">
     <span class='ocr_line' id='line_1_35' title="bbox 2006 1556 3581 1631; baseline 0.002 -21"><span class='ocrx_word' id='word_1_258' title='bbox 2006 1564 2124 1614; x_wconf 87' lang='lat' dir='ltr'><strong>stus</strong></span> <span class='ocrx_word' id='word_1_259' title='bbox 2149 1556 2215 1612; x_wconf 79' lang='grc'>⁸⁶.</span> <span class='ocrx_word' id='word_1_260' title='bbox 2250 1576 2271 1609; x_wconf 75' lang='grc' dir='ltr'><strong>ι</strong></span> <span class='ocrx_word' id='word_1_261' title='bbox 2302 1556 2456 1612; x_wconf 90' lang='lat' dir='ltr'><strong>Tunc</strong></span> <span class='ocrx_word' id='word_1_262' title='bbox 2484 1560 2630 1613; x_wconf 89' lang='lat' dir='ltr'><strong>enim</strong></span> <span class='ocrx_word' id='word_1_263' title='bbox 2651 1566 2705 1613; x_wconf 87' lang='lat' dir='ltr'><strong>et</strong></span> <span class='ocrx_word' id='word_1_264' title='bbox 2730 1560 2974 1629; x_wconf 87' lang='lat' dir='ltr'><strong>gentium</strong></span> <span class='ocrx_word' id='word_1_265' title='bbox 3004 1562 3339 1631; x_wconf 78' lang='lat' dir='ltr'><strong>exspectatio</strong></span> <span class='ocrx_word' id='word_1_266' title='bbox 3365 1577 3484 1631; x_wconf 82' lang='lat' dir='ltr'><strong>qua:</strong></span> <span class='ocrx_word' id='word_1_267' title='bbox 3514 1563 3581 1614; x_wconf 86' lang='lat' dir='ltr'><strong>ah</strong></span> 
     </span>
    </p>
   </div>
   <div class='ocr_carea' id='block_1_36' title="bbox 2005 1652 3578 1719">
    <p class='ocr_par' dir='ltr' id='par_1_36' title="bbox 2005 1652 3578 1719">
     <span class='ocr_line' id='line_1_36' title="bbox 2005 1652 3578 1719; baseline 0.003 -17"><span class='ocrx_word' id='word_1_268' title='bbox 2005 1662 2071 1702; x_wconf 87' lang='lat' dir='ltr'><strong>eo</strong></span> <span class='ocrx_word' id='word_1_269' title='bbox 2102 1656 2348 1718; x_wconf 84' lang='lat' dir='ltr'><strong>tempore</strong></span> <span class='ocrx_word' id='word_1_270' title='bbox 2399 1665 2573 1719; x_wconf 88' lang='lat' dir='ltr'><strong>usque</strong></span> <span class='ocrx_word' id='word_1_271' title='bbox 2638 1652 2706 1705; x_wconf 89' lang='lat' dir='ltr'><strong>ad</strong></span> <span class='ocrx_word' id='word_1_272' title='bbox 2763 1653 2896 1706; x_wconf 90' lang='lat' dir='ltr'><strong>illud</strong></span> <span class='ocrx_word' id='word_1_273' title='bbox 2951 1652 3006 1706; x_wconf 91' lang='lat' dir='ltr'><strong>in</strong></span> <span class='ocrx_word' id='word_1_274' title='bbox 3053 1668 3177 1707; x_wconf 90' lang='lat' dir='ltr'><strong>eum</strong></span> <span class='ocrx_word' id='word_1_275' title='bbox 3210 1654 3578 1717; x_wconf 87' lang='lat' dir='ltr'><strong>crediderunt,</strong></span> 
     </span>
    </p>
   </div>
   <div class='ocr_carea' id='block_1_37' title="bbox 2007 1740 3623 1817">
    <p class='ocr_par' dir='ltr' id='par_1_37' title="bbox 2007 1740 3623 1817">
     <span class='ocr_line' id='line_1_37' title="bbox 2007 1740 3623 1817; baseline 0.006 -25"><span class='ocrx_word' id='word_1_276' title='bbox 2007 1740 2431 1809; x_wconf 90' lang='lat' dir='ltr'><strong>promissionum</strong></span> <span class='ocrx_word' id='word_1_277' title='bbox 2456 1744 2985 1801; x_wconf 83' lang='lat' dir='ltr'><strong>consummationem</strong></span> <span class='ocrx_word' id='word_1_278' title='bbox 3006 1745 3234 1809; x_wconf 83' lang='lat' dir='ltr'><strong>videbit,</strong></span> <span class='ocrx_word' id='word_1_279' title='bbox 3256 1754 3583 1817; x_wconf 77' lang='lat' dir='ltr'><strong>sperataque</strong></span> <span class='ocrx_word' id='word_1_280' title='bbox 3610 1791 3623 1808; x_wconf 88' lang='lat'><strong><em>.</em></strong></span> 
     </span>
    </p>
   </div>
   <div class='ocr_carea' id='block_1_38' title="bbox 2006 1832 3583 1908">
    <p class='ocr_par' dir='ltr' id='par_1_38' title="bbox 2006 1832 3583 1908">
     <span class='ocr_line' id='line_1_38' title="bbox 2006 1832 3583 1908; baseline 0.003 -24"><span class='ocrx_word' id='word_1_281' title='bbox 2006 1832 2267 1887; x_wconf 77' lang='lat' dir='ltr'><strong>ccelorum</strong></span> <span class='ocrx_word' id='word_1_282' title='bbox 2292 1849 2463 1904; x_wconf 88' lang='lat' dir='ltr'><strong>regno</strong></span> <span class='ocrx_word' id='word_1_283' title='bbox 2490 1836 2747 1904; x_wconf 87' lang='lat' dir='ltr'><strong>potietur.</strong></span> <span class='ocrx_word' id='word_1_284' title='bbox 2778 1834 2904 1889; x_wconf 83' lang='lat' dir='ltr'><strong>Haec</strong></span> <span class='ocrx_word' id='word_1_285' title='bbox 2925 1838 3142 1906; x_wconf 90' lang='lat' dir='ltr'><strong>quidem</strong></span> <span class='ocrx_word' id='word_1_286' title='bbox 3173 1838 3279 1902; x_wconf 83' lang='lat' dir='ltr'><strong>ita;</strong></span> <span class='ocrx_word' id='word_1_287' title='bbox 3308 1853 3430 1908; x_wconf 74' lang='lat' dir='ltr'><strong>quae</strong></span> <span class='ocrx_word' id='word_1_288' title='bbox 3454 1852 3583 1894; x_wconf 86' lang='lat' dir='ltr'><strong>vero</strong></span> 
     </span>
    </p>
   </div>
   <div class='ocr_carea' id='block_1_39' title="bbox 2005 1924 3576 1996">
    <p class='ocr_par' dir='ltr' id='par_1_39' title="bbox 2005 1924 3576 1996">
     <span class='ocr_line' id='line_1_39' title="bbox 2005 1924 3576 1996; baseline 0.001 -19"><span class='ocrx_word' id='word_1_289' title='bbox 2005 1932 2313 1993; x_wconf 87' lang='lat' dir='ltr'><strong>sequuntur</strong></span> <span class='ocrx_word' id='word_1_290' title='bbox 2346 1944 2360 1981; x_wconf 87' lang='lat'><strong>:</strong></span> <span class='ocrx_word' id='word_1_291' title='bbox 2401 1942 2421 1976; x_wconf 74' lang='grc' dir='ltr'><strong>ι</strong></span> <span class='ocrx_word' id='word_1_292' title='bbox 2475 1924 2676 1995; x_wconf 85' lang='lat' dir='ltr'><strong>Ligans</strong></span> <span class='ocrx_word' id='word_1_293' title='bbox 2724 1926 2791 1985; x_wconf 88' lang='lat' dir='ltr'><strong>ad</strong></span> <span class='ocrx_word' id='word_1_294' title='bbox 2834 1926 3046 1979; x_wconf 80' lang='lat' dir='ltr'><strong>vineam</strong></span> <span class='ocrx_word' id='word_1_295' title='bbox 3081 1925 3481 1996; x_wconf 50' lang='lat' dir='ltr'><strong>pullum&#39;suum</strong></span> <span class='ocrx_word' id='word_1_296' title='bbox 3508 1970 3522 1990; x_wconf 86' lang='lat'><strong>,</strong></span> <span class='ocrx_word' id='word_1_297' title='bbox 3559 1948 3576 1979; x_wconf 72' lang='grc' dir='ltr'><strong>ι</strong></span> 
     </span>
    </p>
   </div>
   <div class='ocr_carea' id='block_1_40' title="bbox 2004 2015 3580 2089">
    <p class='ocr_par' dir='ltr' id='par_1_40' title="bbox 2004 2015 3580 2089">
     <span class='ocr_line' id='line_1_40' title="bbox 2004 2015 3580 2089; baseline 0.004 -22"><span class='ocrx_word' id='word_1_298' title='bbox 2004 2015 2299 2085; x_wconf 81' lang='lat' dir='ltr'><strong>allegorice</strong></span> <span class='ocrx_word' id='word_1_299' title='bbox 2322 2015 2731 2087; x_wconf 75' lang='lat' dir='ltr'><strong>interpretanda</strong></span> <span class='ocrx_word' id='word_1_300' title='bbox 2755 2018 3018 2074; x_wconf 82' lang='lat' dir='ltr'><strong>studiosis</strong></span> <span class='ocrx_word' id='word_1_301' title='bbox 3036 2019 3169 2072; x_wconf 85' lang='lat' dir='ltr'><strong>viris</strong></span> <span class='ocrx_word' id='word_1_302' title='bbox 3191 2020 3580 2089; x_wconf 84' lang='lat' dir='ltr'><strong>relinquemus,</strong></span> 
     </span>
    </p>
   </div>
   <div class='ocr_carea' id='block_1_41' title="bbox 2005 2108 3583 2180">
    <p class='ocr_par' dir='ltr' id='par_1_41' title="bbox 2005 2108 3583 2180">
     <span class='ocr_line' id='line_1_41' title="bbox 2005 2108 3583 2180; baseline 0.002 -19"><span class='ocrx_word' id='word_1_303' title='bbox 2005 2108 2260 2177; x_wconf 88' lang='lat' dir='ltr'><strong>pluribus</strong></span> <span class='ocrx_word' id='word_1_304' title='bbox 2295 2109 2411 2178; x_wconf 74' lang='lat' dir='ltr'><strong>jam</strong></span> <span class='ocrx_word' id='word_1_305' title='bbox 2448 2110 2632 2177; x_wconf 86' lang='lat' dir='ltr'><strong>dictis,</strong></span> <span class='ocrx_word' id='word_1_306' title='bbox 2676 2125 2787 2164; x_wconf 88' lang='lat' dir='ltr'><strong>non</strong></span> <span class='ocrx_word' id='word_1_307' title='bbox 2822 2109 2969 2179; x_wconf 87' lang='lat' dir='ltr'><strong>quod</strong></span> <span class='ocrx_word' id='word_1_308' title='bbox 3009 2109 3076 2163; x_wconf 83' lang='lat' dir='ltr'><strong>ad</strong></span> <span class='ocrx_word' id='word_1_309' title='bbox 3112 2111 3450 2180; x_wconf 90' lang='lat' dir='ltr'><strong>propositum</strong></span> <span class='ocrx_word' id='word_1_310' title='bbox 3483 2115 3583 2164; x_wconf 82' lang='lat' dir='ltr'><strong>no-</strong></span> 
     </span>
    </p>
   </div>
   <div class='ocr_carea' id='block_1_42' title="bbox 2003 2202 3580 2272">
    <p class='ocr_par' dir='ltr' id='par_1_42' title="bbox 2003 2202 3580 2272">
     <span class='ocr_line' id='line_1_42' title="bbox 2003 2202 3580 2272; baseline 0.002 -21"><span class='ocrx_word' id='word_1_311' title='bbox 2003 2207 2210 2266; x_wconf 91' lang='lat' dir='ltr'><strong>strum;</strong></span> <span class='ocrx_word' id='word_1_312' title='bbox 2243 2202 2446 2272; x_wconf 84' lang='lat' dir='ltr'><strong>quippe</strong></span> <span class='ocrx_word' id='word_1_313' title='bbox 2473 2217 2596 2272; x_wconf 61' lang='lat' dir='ltr'><strong>quae</strong></span> <span class='ocrx_word' id='word_1_314' title='bbox 2639 2202 2707 2255; x_wconf 86' lang='lat' dir='ltr'><strong>ad</strong></span> <span class='ocrx_word' id='word_1_315' title='bbox 2744 2202 2889 2256; x_wconf 82' lang='lat' dir='ltr'><strong>hunc</strong></span> <span class='ocrx_word' id='word_1_316' title='bbox 2929 2202 3105 2256; x_wconf 87' lang='lat' dir='ltr'><strong>locum</strong></span> <span class='ocrx_word' id='word_1_317' title='bbox 3140 2203 3424 2272; x_wconf 88' lang='lat' dir='ltr'><strong>perspicue</strong></span> <span class='ocrx_word' id='word_1_318' title='bbox 3453 2203 3580 2256; x_wconf 79' lang='lat' dir='ltr'><strong>illu-</strong></span> 
     </span>
    </p>
   </div>
   <div class='ocr_carea' id='block_1_43' title="bbox 2002 2291 2758 2362">
    <p class='ocr_par' dir='ltr' id='par_1_43' title="bbox 2002 2291 2758 2362">
     <span class='ocr_line' id='line_1_43' title="bbox 2002 2291 2758 2362; baseline 0.003 -18"><span class='ocrx_word' id='word_1_319' title='bbox 2002 2291 2290 2346; x_wconf 83' lang='lat' dir='ltr'><strong>strandum</strong></span> <span class='ocrx_word' id='word_1_320' title='bbox 2329 2294 2758 2362; x_wconf 79' lang='lat' dir='ltr'><strong>requirerentur.</strong></span> 
     </span>
    </p>
   </div>
   <div class='ocr_carea' id='block_1_44' title="bbox 315 2370 3579 2465">
    <p class='ocr_par' dir='ltr' id='par_1_44' title="bbox 315 2370 3579 2465">
     <span class='ocr_line' id='line_1_44' title="bbox 315 2370 3579 2465; baseline 0.004 -39"><span class='ocrx_word' id='word_1_321' title='bbox 315 2371 428 2426; x_wconf 82' lang='grc' dir='ltr'><strong>ἀπὸ</strong></span> <span class='ocrx_word' id='word_1_322' title='bbox 443 2370 559 2436; x_wconf 83' lang='grc' dir='ltr'>τοῦ,</span> <span class='ocrx_word' id='word_1_323' title='bbox 590 2391 608 2423; x_wconf 72' lang='grc' dir='ltr'><strong>ι</strong></span> <span class='ocrx_word' id='word_1_324' title='bbox 632 2371 920 2442; x_wconf 86' lang='grc' dir='ltr'>Δεσμεύων</span> <span class='ocrx_word' id='word_1_325' title='bbox 958 2372 1094 2444; x_wconf 85' lang='grc' dir='ltr'>πρὸς</span> <span class='ocrx_word' id='word_1_326' title='bbox 1130 2372 1374 2443; x_wconf 81' lang='grc' dir='ltr'>ἄμπελον</span> <span class='ocrx_word' id='word_1_327' title='bbox 1411 2375 1501 2428; x_wconf 89' lang='grc' dir='ltr'><strong>τὸν</strong></span> <span class='ocrx_word' id='word_1_328' title='bbox 1526 2374 1703 2429; x_wconf 89' lang='grc' dir='ltr'>πῶλον</span> <span class='ocrx_word' id='word_1_329' title='bbox 1729 2376 1914 2440; x_wconf 87' lang='grc' dir='ltr'>αὑτοῦ,</span> <span class='ocrx_word' id='word_1_330' title='bbox 1959 2398 1980 2431; x_wconf 73' lang='grc' dir='ltr'><strong>ι</strong></span> <span class='ocrx_word' id='word_1_331' title='bbox 2021 2384 2118 2452; x_wconf 79' lang='grc' dir='ltr'><strong>τῆς</strong></span> <span class='ocrx_word' id='word_1_332' title='bbox 2147 2383 2213 2435; x_wconf 81' lang='grc' dir='ltr'>δι’</span> <span class='ocrx_word' id='word_1_333' title='bbox 2243 2384 2570 2456; x_wconf 81' lang='grc' dir='ltr'>ἀλληγορίας</span> <span class='ocrx_word' id='word_1_334' title='bbox 2602 2387 2855 2449; x_wconf 80' lang='grc' dir='ltr'>ὑπονοίας</span> <span class='ocrx_word' id='word_1_335' title='bbox 2893 2385 3174 2457; x_wconf 70' lang='grc' dir='ltr'>ἠρτημένα</span> <span class='ocrx_word' id='word_1_336' title='bbox 3211 2387 3320 2448; x_wconf 85' lang='grc' dir='ltr'>τοῖς</span> <span class='ocrx_word' id='word_1_337' title='bbox 3352 2385 3579 2465; x_wconf 71' lang='grc' dir='ltr'>φιλομα-</span> 
     </span>
    </p>
   </div>
   <div class='ocr_carea' id='block_1_45' title="bbox 318 2463 3576 2549">
    <p class='ocr_par' dir='ltr' id='par_1_45' title="bbox 318 2463 3576 2549">
     <span class='ocr_line' id='line_1_45' title="bbox 318 2463 3576 2549; baseline 0.004 -32"><span class='ocrx_word' id='word_1_338' title='bbox 318 2464 438 2518; x_wconf 83' lang='grc' dir='ltr'><strong>θέσι</strong></span> <span class='ocrx_word' id='word_1_339' title='bbox 495 2463 678 2537; x_wconf 76' lang='grc' dir='ltr'>ζητεῖν</span> <span class='ocrx_word' id='word_1_340' title='bbox 714 2463 1148 2534; x_wconf 79' lang='grc' dir='ltr'>καταλείψομεν,</span> <span class='ocrx_word' id='word_1_341' title='bbox 1211 2465 1600 2530; x_wconf 87' lang='grc' dir='ltr'>πλεονάσαντες</span> <span class='ocrx_word' id='word_1_342' title='bbox 1634 2468 1727 2520; x_wconf 80' lang='grc' dir='ltr'><strong>καὶ</strong></span> <span class='ocrx_word' id='word_1_343' title='bbox 1764 2469 1824 2521; x_wconf 86' lang='grc' dir='ltr'><strong>ἐν</strong></span> <span class='ocrx_word' id='word_1_344' title='bbox 1860 2474 1972 2535; x_wconf 85' lang='grc' dir='ltr'>τοῖς</span> <span class='ocrx_word' id='word_1_345' title='bbox 2008 2474 2349 2546; x_wconf 74' lang='grc' dir='ltr'>εἰρημένοις,</span> <span class='ocrx_word' id='word_1_346' title='bbox 2403 2479 2464 2530; x_wconf 84' lang='grc' dir='ltr'><strong>οὑ</strong></span> <span class='ocrx_word' id='word_1_347' title='bbox 2505 2479 2644 2532; x_wconf 85' lang='grc' dir='ltr'>κατὰ</span> <span class='ocrx_word' id='word_1_348' title='bbox 2691 2479 2782 2532; x_wconf 85' lang='grc' dir='ltr'><strong>τὸν</strong></span> <span class='ocrx_word' id='word_1_349' title='bbox 2827 2478 3157 2549; x_wconf 79' lang='grc' dir='ltr'>προτεθέντα</span> <span class='ocrx_word' id='word_1_350' title='bbox 3212 2479 3309 2549; x_wconf 75' lang='grc' dir='ltr'>μὲν</span> <span class='ocrx_word' id='word_1_351' title='bbox 3356 2463 3576 2537; x_wconf 82' lang='grc' dir='ltr'>σκοπὸν,</span> 
     </span>
    </p>
   </div>
   <div class='ocr_carea' id='block_1_46' title="bbox 315 2556 2224 2632">
    <p class='ocr_par' dir='ltr' id='par_1_46' title="bbox 315 2556 2224 2632">
     <span class='ocr_line' id='line_1_46' title="bbox 315 2556 2224 2632; baseline 0.007 -24"><span class='ocrx_word' id='word_1_352' title='bbox 315 2562 467 2629; x_wconf 80' lang='grc' dir='ltr'>ὅμως</span> <span class='ocrx_word' id='word_1_353' title='bbox 485 2557 529 2610; x_wconf 83' lang='grc' dir='ltr'>δ’</span> <span class='ocrx_word' id='word_1_354' title='bbox 549 2556 610 2621; x_wconf 80' lang='grc' dir='ltr'><strong>ἐξ</strong></span> <span class='ocrx_word' id='word_1_355' title='bbox 630 2557 874 2628; x_wconf 81' lang='grc' dir='ltr'>ἀνάγκης</span> <span class='ocrx_word' id='word_1_356' title='bbox 902 2557 1045 2629; x_wconf 82' lang='grc' dir='ltr'>ὑπὲρ</span> <span class='ocrx_word' id='word_1_357' title='bbox 1066 2558 1269 2627; x_wconf 79' lang='grc' dir='ltr'>σαφοῦς</span> <span class='ocrx_word' id='word_1_358' title='bbox 1288 2559 1589 2632; x_wconf 86' lang='grc' dir='ltr'>διηγήσεως</span> <span class='ocrx_word' id='word_1_359' title='bbox 1612 2561 1721 2615; x_wconf 89' lang='grc' dir='ltr'><strong>τῶν</strong></span> <span class='ocrx_word' id='word_1_360' title='bbox 1747 2563 1889 2617; x_wconf 76' lang='grc' dir='ltr'>κατὰ</span> <span class='ocrx_word' id='word_1_361' title='bbox 1924 2565 2014 2619; x_wconf 75' lang='grc' dir='ltr'><strong>τὸν</strong></span> <span class='ocrx_word' id='word_1_362' title='bbox 2042 2568 2224 2623; x_wconf 86' lang='grc' dir='ltr'>τόπον.</span> 
     </span>
    </p>
   </div>
   <div class='ocr_carea' id='block_1_47' title="bbox 850 2650 1361 2707">
    <p class='ocr_par' dir='ltr' id='par_1_47' title="bbox 850 2650 1361 2707">
     <span class='ocr_line' id='line_1_47' title="bbox 850 2650 1361 2707; baseline 0.002 -4"><span class='ocrx_word' id='word_1_363' title='bbox 850 2650 1246 2707; x_wconf 72' lang='grc' dir='ltr'><strong>ΚΕΦΑΔΛῙΟΝ</strong></span> <span class='ocrx_word' id='word_1_364' title='bbox 1284 2651 1361 2704; x_wconf 73' lang='lat'><strong>6&#39;.</strong></span> 
     </span>
    </p>
   </div>
   <div class='ocr_carea' id='block_1_48' title="bbox 822 2741 1404 2810">
    <p class='ocr_par' dir='ltr' id='par_1_48' title="bbox 822 2741 1404 2810">
     <span class='ocr_line' id='line_1_48' title="bbox 822 2741 1404 2810; baseline 0.007 -15"><span class='ocrx_word' id='word_1_365' title='bbox 822 2742 955 2795; x_wconf 79' lang='grc' dir='ltr'>Ἀπὸ</span> <span class='ocrx_word' id='word_1_366' title='bbox 991 2741 1103 2810; x_wconf 77' lang='grc' dir='ltr'>τῆς</span> <span class='ocrx_word' id='word_1_367' title='bbox 1139 2741 1404 2806; x_wconf 84' lang='grc' dir='ltr'>Ἐξόδου.</span> 
     </span>
    </p>
   </div>
   <div class='ocr_carea' id='block_1_49' title="bbox 393 2828 1897 2910">
    <p class='ocr_par' dir='ltr' id='par_1_49' title="bbox 393 2828 1897 2910">
     <span class='ocr_line' id='line_1_49' title="bbox 393 2828 1897 2910; baseline 0.003 -24"><span class='ocrx_word' id='word_1_368' title='bbox 393 2852 414 2886; x_wconf 75' lang='grc' dir='ltr'><strong>σ</strong></span> <span class='ocrx_word' id='word_1_369' title='bbox 445 2833 554 2886; x_wconf 75' lang='grc' dir='ltr'><strong>Καὶ</strong></span> <span class='ocrx_word' id='word_1_370' title='bbox 581 2833 823 2904; x_wconf 82' lang='grc' dir='ltr'>Μωῦσῆς</span> <span class='ocrx_word' id='word_1_371' title='bbox 838 2828 906 2904; x_wconf 80' lang='grc' dir='ltr'>ἦν</span> <span class='ocrx_word' id='word_1_372' title='bbox 923 2833 1225 2904; x_wconf 87' lang='grc' dir='ltr'>ποιμαίνων</span> <span class='ocrx_word' id='word_1_373' title='bbox 1247 2834 1316 2887; x_wconf 87' lang='grc' dir='ltr'>τὰ</span> <span class='ocrx_word' id='word_1_374' title='bbox 1340 2836 1588 2906; x_wconf 87' lang='grc' dir='ltr'>πρόϐατα</span> <span class='ocrx_word' id='word_1_375' title='bbox 1613 2836 1778 2910; x_wconf 86' lang='grc' dir='ltr'>Ἰοθὸρ</span> <span class='ocrx_word' id='word_1_376' title='bbox 1800 2837 1897 2891; x_wconf 83' lang='grc' dir='ltr'><strong>τοῦ</strong></span> 
     </span>
    </p>
   </div>
   <div class='ocr_carea' id='block_1_50' title="bbox 312 2925 1899 3000">
    <p class='ocr_par' dir='ltr' id='par_1_50' title="bbox 312 2925 1899 3000">
     <span class='ocr_line' id='line_1_50' title="bbox 312 2925 1899 3000; baseline 0.001 -20"><span class='ocrx_word' id='word_1_377' title='bbox 312 2926 376 2996; x_wconf 78' lang='lat' dir='ltr'><strong>(f.</strong></span> <span class='ocrx_word' id='word_1_378' title='bbox 406 2926 462 2997; x_wconf 90' lang='lat'><strong>8)</strong></span> <span class='ocrx_word' id='word_1_379' title='bbox 491 2926 742 2997; x_wconf 88' lang='grc' dir='ltr'>γαμϐροῦ</span> <span class='ocrx_word' id='word_1_380' title='bbox 770 2925 956 2980; x_wconf 88' lang='grc' dir='ltr'>αὑτοῦ.</span> <span class='ocrx_word' id='word_1_381' title='bbox 986 2945 1003 2976; x_wconf 72' lang='grc' dir='ltr'><strong>ι</strong></span> <span class='ocrx_word' id='word_1_382' title='bbox 1033 2925 1143 2979; x_wconf 81' lang='grc' dir='ltr'><strong>Καὶ</strong></span> <span class='ocrx_word' id='word_1_383' title='bbox 1178 2927 1297 2996; x_wconf 78' lang='grc' dir='ltr'>μετ’</span> <span class='ocrx_word' id='word_1_384' title='bbox 1322 2926 1478 2996; x_wconf 84' lang='grc' dir='ltr'>ὀλίγα</span> <span class='ocrx_word' id='word_1_385' title='bbox 1501 2947 1512 2959; x_wconf 91' lang='grc'><strong>·</strong></span> <span class='ocrx_word' id='word_1_386' title='bbox 1548 2950 1565 2979; x_wconf 80' lang='grc' dir='ltr'><strong>ι</strong></span> <span class='ocrx_word' id='word_1_387' title='bbox 1592 2931 1701 2982; x_wconf 79' lang='grc' dir='ltr'>Καὶ</span> <span class='ocrx_word' id='word_1_388' title='bbox 1737 2926 1899 3000; x_wconf 84' lang='grc' dir='ltr'>ἦλθον</span> 
     </span>
    </p>
   </div>
   <div class='ocr_carea' id='block_1_51' title="bbox 309 3018 1899 3094">
    <p class='ocr_par' dir='ltr' id='par_1_51' title="bbox 309 3018 1899 3094">
     <span class='ocr_line' id='line_1_51' title="bbox 309 3018 1899 3094; baseline 0.002 -22"><span class='ocrx_word' id='word_1_389' title='bbox 309 3023 391 3083; x_wconf 87' lang='grc' dir='ltr'>εἰς</span> <span class='ocrx_word' id='word_1_390' title='bbox 415 3019 477 3072; x_wconf 90' lang='grc' dir='ltr'><strong>τὸ</strong></span> <span class='ocrx_word' id='word_1_391' title='bbox 501 3019 625 3089; x_wconf 79' lang='grc' dir='ltr'>ὅρος</span> <span class='ocrx_word' id='word_1_392' title='bbox 649 3018 743 3072; x_wconf 88' lang='grc' dir='ltr'><strong>τοῦ</strong></span> <span class='ocrx_word' id='word_1_393' title='bbox 766 3018 900 3071; x_wconf 85' lang='grc' dir='ltr'>Θεοῦ</span> <span class='ocrx_word' id='word_1_394' title='bbox 922 3020 1127 3091; x_wconf 86' lang='grc' dir='ltr'>Χωρήϐ</span> <span class='ocrx_word' id='word_1_395' title='bbox 1146 3037 1161 3049; x_wconf 86' lang='grc'>·</span> <span class='ocrx_word' id='word_1_396' title='bbox 1187 3019 1342 3091; x_wconf 80' lang='grc' dir='ltr'>ὤφθη</span> <span class='ocrx_word' id='word_1_397' title='bbox 1369 3021 1424 3074; x_wconf 82' lang='grc' dir='ltr'>δὲ</span> <span class='ocrx_word' id='word_1_398' title='bbox 1446 3021 1675 3089; x_wconf 80' lang='grc' dir='ltr'>ἅγγελος</span> <span class='ocrx_word' id='word_1_399' title='bbox 1690 3022 1899 3094; x_wconf 78' lang='grc' dir='ltr'>Κυρίου</span> 
     </span>
    </p>
   </div>
   <div class='ocr_carea' id='block_1_52' title="bbox 309 3110 1900 3183">
    <p class='ocr_par' dir='ltr' id='par_1_52' title="bbox 309 3110 1900 3183">
     <span class='ocr_line' id='line_1_52' title="bbox 309 3110 1900 3183; baseline 0.002 -19"><span class='ocrx_word' id='word_1_400' title='bbox 309 3110 467 3183; x_wconf 84' lang='grc' dir='ltr'>αὐτῷ</span> <span class='ocrx_word' id='word_1_401' title='bbox 505 3113 564 3165; x_wconf 86' lang='grc' dir='ltr'><strong>ἐν</strong></span> <span class='ocrx_word' id='word_1_402' title='bbox 610 3110 767 3180; x_wconf 80' lang='grc' dir='ltr'>φλογὶ</span> <span class='ocrx_word' id='word_1_403' title='bbox 808 3111 999 3181; x_wconf 86' lang='grc' dir='ltr'>πυρός.</span> <span class='ocrx_word' id='word_1_404' title='bbox 1033 3131 1052 3162; x_wconf 73' lang='grc' dir='ltr'><strong>ι</strong></span> <span class='ocrx_word' id='word_1_405' title='bbox 1099 3111 1210 3164; x_wconf 79' lang='grc' dir='ltr'><strong>Καὶ</strong></span> <span class='ocrx_word' id='word_1_406' title='bbox 1263 3112 1384 3183; x_wconf 75' lang='grc' dir='ltr'>μέθ’</span> <span class='ocrx_word' id='word_1_407' title='bbox 1412 3113 1608 3183; x_wconf 76' lang='grc' dir='ltr'>ἕτερα·</span> <span class='ocrx_word' id='word_1_408' title='bbox 1647 3132 1665 3164; x_wconf 74' lang='grc' dir='ltr'><strong>ι</strong></span> <span class='ocrx_word' id='word_1_409' title='bbox 1716 3114 1805 3177; x_wconf 86' lang='grc' dir='ltr'>Ὧς</span> <span class='ocrx_word' id='word_1_410' title='bbox 1841 3113 1900 3167; x_wconf 80' lang='grc' dir='ltr'>δὲ</span> 
     </span>
    </p>
   </div>
   <div class='ocr_carea' id='block_1_53' title="bbox 307 3198 1898 3274">
    <p class='ocr_par' dir='ltr' id='par_1_53' title="bbox 307 3198 1898 3274">
     <span class='ocr_line' id='line_1_53' title="bbox 307 3198 1898 3274; baseline 0.002 -18"><span class='ocrx_word' id='word_1_411' title='bbox 307 3198 455 3257; x_wconf 79' lang='grc' dir='ltr'>εἶδεν</span> <span class='ocrx_word' id='word_1_412' title='bbox 498 3202 701 3274; x_wconf 76' lang='grc' dir='ltr'>Κύριος</span> <span class='ocrx_word' id='word_1_413' title='bbox 729 3202 811 3255; x_wconf 84' lang='grc' dir='ltr'><strong>δτι</strong></span> <span class='ocrx_word' id='word_1_414' title='bbox 849 3203 1117 3273; x_wconf 79' lang='grc' dir='ltr'>προσάγει</span> <span class='ocrx_word' id='word_1_415' title='bbox 1155 3203 1304 3266; x_wconf 72' lang='grc' dir='ltr'>ἰδεῖν,</span> <span class='ocrx_word' id='word_1_416' title='bbox 1330 3204 1587 3257; x_wconf 83' lang='grc' dir='ltr'>ἐκάλεσεν</span> <span class='ocrx_word' id='word_1_417' title='bbox 1621 3203 1782 3259; x_wconf 85' lang='grc' dir='ltr'>αὑτὸν</span> <span class='ocrx_word' id='word_1_418' title='bbox 1834 3207 1898 3259; x_wconf 84' lang='grc' dir='ltr'><strong>ἐκ</strong></span> 
     </span>
    </p>
   </div>
   <div class='ocr_carea' id='block_1_54' title="bbox 311 3291 1896 3366">
    <p class='ocr_par' dir='ltr' id='par_1_54' title="bbox 311 3291 1896 3366">
     <span class='ocr_line' id='line_1_54' title="bbox 311 3291 1896 3366; baseline 0.003 -19"><span class='ocrx_word' id='word_1_419' title='bbox 311 3294 486 3366; x_wconf 83' lang='grc' dir='ltr'>μέσου</span> <span class='ocrx_word' id='word_1_420' title='bbox 540 3291 635 3347; x_wconf 88' lang='grc' dir='ltr'><strong>τοῦ</strong></span> <span class='ocrx_word' id='word_1_421' title='bbox 684 3294 843 3364; x_wconf 82' lang='grc' dir='ltr'>βάτου</span> <span class='ocrx_word' id='word_1_422' title='bbox 897 3294 1090 3362; x_wconf 83' lang='grc' dir='ltr'>λέγων.</span> <span class='ocrx_word' id='word_1_423' title='bbox 1122 3315 1140 3347; x_wconf 82' lang='grc'><strong>›</strong></span> <span class='ocrx_word' id='word_1_424' title='bbox 1185 3296 1296 3349; x_wconf 76' lang='grc' dir='ltr'><strong>Καὶ</strong></span> <span class='ocrx_word' id='word_1_425' title='bbox 1340 3293 1528 3360; x_wconf 74' lang='grc' dir='ltr'>αὖθις·</span> <span class='ocrx_word' id='word_1_426' title='bbox 1572 3316 1591 3348; x_wconf 70' lang='grc' dir='ltr'><strong>ι</strong></span> <span class='ocrx_word' id='word_1_427' title='bbox 1633 3295 1797 3352; x_wconf 79' lang='grc' dir='ltr'>Εἶπεν</span> <span class='ocrx_word' id='word_1_428' title='bbox 1838 3300 1896 3352; x_wconf 84' lang='grc' dir='ltr'>δὲ</span> 
     </span>
    </p>
   </div>
   <div class='ocr_carea' id='block_1_55' title="bbox 307 3383 1899 3459">
    <p class='ocr_par' dir='ltr' id='par_1_55' title="bbox 307 3383 1899 3459">
     <span class='ocr_line' id='line_1_55' title="bbox 307 3383 1899 3459; baseline 0.001 -20"><span class='ocrx_word' id='word_1_429' title='bbox 307 3385 519 3456; x_wconf 80' lang='grc' dir='ltr'>Κύριος</span> <span class='ocrx_word' id='word_1_430' title='bbox 574 3384 711 3455; x_wconf 88' lang='grc' dir='ltr'>πρὸς</span> <span class='ocrx_word' id='word_1_431' title='bbox 761 3384 942 3437; x_wconf 86' lang='grc' dir='ltr'>αὑτόν·</span> <span class='ocrx_word' id='word_1_432' title='bbox 986 3383 1123 3452; x_wconf 75' lang='grc' dir='ltr'>Ἐγό-</span> <span class='ocrx_word' id='word_1_433' title='bbox 1172 3387 1288 3455; x_wconf 84' lang='grc' dir='ltr'>εὶμι</span> <span class='ocrx_word' id='word_1_434' title='bbox 1336 3387 1364 3438; x_wconf 88' lang='lat'><strong>6</strong></span> <span class='ocrx_word' id='word_1_435' title='bbox 1406 3385 1500 3439; x_wconf 82' lang='grc' dir='ltr'>ὧν.</span> <span class='ocrx_word' id='word_1_436' title='bbox 1540 3405 1558 3437; x_wconf 83' lang='grc'>›</span> <span class='ocrx_word' id='word_1_437' title='bbox 1600 3388 1710 3442; x_wconf 78' lang='grc' dir='ltr'><strong>Καὶ</strong></span> <span class='ocrx_word' id='word_1_438' title='bbox 1758 3388 1899 3459; x_wconf 81' lang='grc' dir='ltr'>μετὰ</span> 
     </span>
    </p>
   </div>
   <div class='ocr_carea' id='block_1_56' title="bbox 308 3476 1894 3549">
    <p class='ocr_par' dir='ltr' id='par_1_56' title="bbox 308 3476 1894 3549">
     <span class='ocr_line' id='line_1_56' title="bbox 308 3476 1894 3549; baseline 0 -17"><span class='ocrx_word' id='word_1_439' title='bbox 308 3478 575 3532; x_wconf 85' lang='grc' dir='ltr'>πλεῖστα·</span> <span class='ocrx_word' id='word_1_440' title='bbox 613 3498 631 3529; x_wconf 72' lang='grc' dir='ltr'><strong>ι</strong></span> <span class='ocrx_word' id='word_1_441' title='bbox 669 3477 957 3546; x_wconf 82' lang='grc' dir='ltr'>Ἐλάλησεν</span> <span class='ocrx_word' id='word_1_442' title='bbox 993 3476 1049 3529; x_wconf 84' lang='grc' dir='ltr'>δὲ</span> <span class='ocrx_word' id='word_1_443' title='bbox 1077 3479 1107 3529; x_wconf 98' lang='lat'><strong>6</strong></span> <span class='ocrx_word' id='word_1_444' title='bbox 1139 3477 1272 3539; x_wconf 78' lang='grc' dir='ltr'>Θεὸς</span> <span class='ocrx_word' id='word_1_445' title='bbox 1320 3478 1471 3549; x_wconf 61' lang='grc' dir='ltr'>πρὸςμ</span> <span class='ocrx_word' id='word_1_446' title='bbox 1486 3480 1757 3548; x_wconf 83' lang='grc' dir='ltr'>Μωῦσῆν·</span> <span class='ocrx_word' id='word_1_447' title='bbox 1797 3481 1894 3534; x_wconf 74' lang='grc' dir='ltr'>καὶ</span> 
     </span>
    </p>
   </div>
   <div class='ocr_carea' id='block_1_57' title="bbox 311 3566 1894 3642">
    <p class='ocr_par' dir='ltr' id='par_1_57' title="bbox 311 3566 1894 3642">
     <span class='ocr_line' id='line_1_57' title="bbox 311 3566 1894 3642; baseline 0.001 -20"><span class='ocrx_word' id='word_1_448' title='bbox 311 3567 470 3624; x_wconf 73' lang='grc' dir='ltr'>εἶπεν</span> <span class='ocrx_word' id='word_1_449' title='bbox 507 3568 643 3640; x_wconf 81' lang='grc' dir='ltr'>πρὸς</span> <span class='ocrx_word' id='word_1_450' title='bbox 685 3567 880 3622; x_wconf 78' lang='grc' dir='ltr'>αὐτόν’</span> <span class='ocrx_word' id='word_1_451' title='bbox 924 3566 1066 3635; x_wconf 88' lang='grc' dir='ltr'><strong>Ἐγὼ</strong></span> <span class='ocrx_word' id='word_1_452' title='bbox 1094 3566 1317 3638; x_wconf 83' lang='grc' dir='ltr'>Κύριος,</span> <span class='ocrx_word' id='word_1_453' title='bbox 1366 3570 1461 3622; x_wconf 51' lang='grc' dir='ltr'><strong>καί¹</strong></span> <span class='ocrx_word' id='word_1_454' title='bbox 1518 3568 1705 3642; x_wconf 78' lang='grc' dir='ltr'>ὤφθην</span> <span class='ocrx_word' id='word_1_455' title='bbox 1756 3572 1894 3642; x_wconf 83' lang='grc' dir='ltr'>πρὸς</span> 
     </span>
    </p>
   </div>
   <div class='ocr_carea' id='block_1_58' title="bbox 324 3658 1893 3731">
    <p class='ocr_par' dir='ltr' id='par_1_58' title="bbox 324 3658 1893 3731">
     <span class='ocr_line' id='line_1_58' title="bbox 324 3658 1893 3731; baseline 0.002 -17"><span class='ocrx_word' id='word_1_456' title='bbox 324 3658 577 3731; x_wconf 78' lang='grc' dir='ltr'>Ἀϐραὰμ</span> <span class='ocrx_word' id='word_1_457' title='bbox 599 3660 695 3713; x_wconf 72' lang='grc' dir='ltr'><strong>καὶ</strong></span> <span class='ocrx_word' id='word_1_458' title='bbox 736 3658 917 3712; x_wconf 83' lang='grc' dir='ltr'>Ἰσαὰκ</span> <span class='ocrx_word' id='word_1_459' title='bbox 940 3660 1032 3712; x_wconf 69' lang='grc' dir='ltr'>καὶ</span> <span class='ocrx_word' id='word_1_460' title='bbox 1064 3658 1277 3722; x_wconf 84' lang='grc' dir='ltr'>Ἰακὼϐ,</span> <span class='ocrx_word' id='word_1_461' title='bbox 1308 3660 1439 3724; x_wconf 83' lang='grc' dir='ltr'>Θεὸς</span> <span class='ocrx_word' id='word_1_462' title='bbox 1466 3660 1542 3715; x_wconf 80' lang='grc' dir='ltr'>ὢν</span> <span class='ocrx_word' id='word_1_463' title='bbox 1566 3663 1767 3731; x_wconf 87' lang='grc' dir='ltr'>αὑτῶν,</span> <span class='ocrx_word' id='word_1_464' title='bbox 1797 3666 1893 3717; x_wconf 74' lang='grc' dir='ltr'><strong>καὶ</strong></span> 
     </span>
    </p>
   </div>
   <div class='ocr_carea' id='block_1_59' title="bbox 311 3751 1890 3824">
    <p class='ocr_par' dir='ltr' id='par_1_59' title="bbox 311 3751 1890 3824">
     <span class='ocr_line' id='line_1_59' title="bbox 311 3751 1890 3824; baseline 0.001 -17"><span class='ocrx_word' id='word_1_465' title='bbox 311 3755 373 3808; x_wconf 89' lang='grc' dir='ltr'><strong>τὸ</strong></span> <span class='ocrx_word' id='word_1_466' title='bbox 421 3751 593 3824; x_wconf 79' lang='grc' dir='ltr'>ὅνομά</span> <span class='ocrx_word' id='word_1_467' title='bbox 644 3768 747 3822; x_wconf 89' lang='grc' dir='ltr'><strong>μου</strong></span> <span class='ocrx_word' id='word_1_468' title='bbox 801 3752 1006 3823; x_wconf 83' lang='grc' dir='ltr'>Κύριος</span> <span class='ocrx_word' id='word_1_469' title='bbox 1062 3753 1164 3806; x_wconf 85' lang='grc' dir='ltr'><strong>οὑκ</strong></span> <span class='ocrx_word' id='word_1_470' title='bbox 1225 3752 1470 3823; x_wconf 83' lang='grc' dir='ltr'>ἐδήλωσα</span> <span class='ocrx_word' id='word_1_471' title='bbox 1529 3757 1744 3819; x_wconf 70' lang='grc' dir='ltr'>αὑτοῖς·</span> <span class='ocrx_word' id='word_1_472' title='bbox 1795 3756 1890 3809; x_wconf 74' lang='grc' dir='ltr'>καὶ</span> 
     </span>
    </p>
   </div>
   <div class='ocr_carea' id='block_1_60' title="bbox 314 3844 1894 3919">
    <p class='ocr_par' dir='ltr' id='par_1_60' title="bbox 314 3844 1894 3919">
     <span class='ocr_line' id='line_1_60' title="bbox 314 3844 1894 3919; baseline 0.001 -19"><span class='ocrx_word' id='word_1_473' title='bbox 314 3846 518 3918; x_wconf 79' lang='grc' dir='ltr'>ἕστησα</span> <span class='ocrx_word' id='word_1_474' title='bbox 540 3845 636 3915; x_wconf 82' lang='grc' dir='ltr'>τὴν</span> <span class='ocrx_word' id='word_1_475' title='bbox 663 3844 938 3915; x_wconf 80' lang='grc' dir='ltr'>Διαθήκην</span> <span class='ocrx_word' id='word_1_476' title='bbox 965 3862 1065 3915; x_wconf 78' lang='grc' dir='ltr'><strong>μου</strong></span> <span class='ocrx_word' id='word_1_477' title='bbox 1095 3846 1231 3917; x_wconf 77' lang='grc' dir='ltr'>πρὸς</span> <span class='ocrx_word' id='word_1_478' title='bbox 1251 3846 1468 3917; x_wconf 64' lang='grc' dir='ltr'>αὐτοὺς,</span> <span class='ocrx_word' id='word_1_479' title='bbox 1495 3866 1514 3898; x_wconf 74' lang='grc' dir='ltr'><strong>ι</strong></span> <span class='ocrx_word' id='word_1_480' title='bbox 1540 3847 1723 3902; x_wconf 77' lang='grc' dir='ltr'>καὶτὰ</span> <span class='ocrx_word' id='word_1_481' title='bbox 1746 3848 1894 3919; x_wconf 78' lang='grc' dir='ltr'>ἑξῆς.</span> 
     </span>
    </p>
   </div>
   <div class='ocr_carea' id='block_1_61' title="bbox 318 3937 1899 4011">
    <p class='ocr_par' dir='ltr' id='par_1_61' title="bbox 318 3937 1899 4011">
     <span class='ocr_line' id='line_1_61' title="bbox 318 3937 1899 4011; baseline 0.001 -20"><span class='ocrx_word' id='word_1_482' title='bbox 318 3938 530 4009; x_wconf 83' lang='grc' dir='ltr'>Σφόδρα</span> <span class='ocrx_word' id='word_1_483' title='bbox 563 3937 1101 4008; x_wconf 82' lang='grc' dir='ltr'>παρατετηρημένως</span> <span class='ocrx_word' id='word_1_484' title='bbox 1147 3941 1204 3991; x_wconf 87' lang='grc' dir='ltr'><strong>ἐν</strong></span> <span class='ocrx_word' id='word_1_485' title='bbox 1237 3937 1444 4002; x_wconf 80' lang='grc' dir='ltr'>τούτοις</span> <span class='ocrx_word' id='word_1_486' title='bbox 1484 3940 1585 4009; x_wconf 82' lang='grc' dir='ltr'><strong>οὐχ</strong></span> <span class='ocrx_word' id='word_1_487' title='bbox 1626 3941 1655 3992; x_wconf 90' lang='grc' dir='ltr'>ὁ</span> <span class='ocrx_word' id='word_1_488' title='bbox 1691 3940 1899 4011; x_wconf 85' lang='grc' dir='ltr'>Κύριος</span> 
     </span>
    </p>
   </div>
   <div class='ocr_carea' id='block_1_62' title="bbox 315 4020 1897 4101">
    <p class='ocr_par' dir='ltr' id='par_1_62' title="bbox 315 4020 1897 4101">
     <span class='ocr_line' id='line_1_62' title="bbox 315 4020 1897 4101; baseline 0.001 -19"><span class='ocrx_word' id='word_1_489' title='bbox 315 4028 431 4082; x_wconf 80' lang='grc' dir='ltr'>ἀλλ’</span> <span class='ocrx_word' id='word_1_490' title='bbox 458 4030 487 4081; x_wconf 93' lang='lat'><strong>6</strong></span> <span class='ocrx_word' id='word_1_491' title='bbox 511 4025 739 4095; x_wconf 69' lang='grc' dir='ltr'>ἄγγελος</span> <span class='ocrx_word' id='word_1_492' title='bbox 759 4020 935 4093; x_wconf 79' lang='grc' dir='ltr'>ὦφθαι</span> <span class='ocrx_word' id='word_1_493' title='bbox 951 4025 1029 4096; x_wconf 83' lang='grc' dir='ltr'>τῷ</span> <span class='ocrx_word' id='word_1_494' title='bbox 1054 4028 1279 4079; x_wconf 64' lang='lat' dir='ltr'><strong>Mariae?</strong></span> <span class='ocrx_word' id='word_1_495' title='bbox 1293 4028 1728 4101; x_wconf 83' lang='grc' dir='ltr'>ἀναγέγραπται,</span> <span class='ocrx_word' id='word_1_496' title='bbox 1744 4029 1812 4082; x_wconf 75' lang='grc' dir='ltr'>δι’</span> <span class='ocrx_word' id='word_1_497' title='bbox 1834 4025 1897 4085; x_wconf 78' lang='grc' dir='ltr'>οὗ</span> 
     </span>
    </p>
   </div>
   <div class='ocr_carea' id='block_1_63' title="bbox 315 4117 1894 4192">
    <p class='ocr_par' dir='ltr' id='par_1_63' title="bbox 315 4117 1894 4192">
     <span class='ocr_line' id='line_1_63' title="bbox 315 4117 1894 4192; baseline 0 -17"><span class='ocrx_word' id='word_1_498' title='bbox 315 4123 409 4175; x_wconf 87' lang='grc' dir='ltr'><strong>καί</strong></span> <span class='ocrx_word' id='word_1_499' title='bbox 446 4120 474 4173; x_wconf 86' lang='grc' dir='ltr'>ὁ</span> <span class='ocrx_word' id='word_1_500' title='bbox 508 4118 712 4190; x_wconf 83' lang='grc' dir='ltr'>Κύριος</span> <span class='ocrx_word' id='word_1_501' title='bbox 765 4117 956 4189; x_wconf 83' lang='grc' dir='ltr'>ὥσπερ</span> <span class='ocrx_word' id='word_1_502' title='bbox 987 4119 1052 4171; x_wconf 87' lang='grc' dir='ltr'>δι’</span> <span class='ocrx_word' id='word_1_503' title='bbox 1087 4119 1369 4189; x_wconf 78' lang='grc' dir='ltr'>ἑρμηνέως</span> <span class='ocrx_word' id='word_1_504' title='bbox 1417 4121 1765 4192; x_wconf 74' lang='grc' dir='ltr'>χρηματίζων</span> <span class='ocrx_word' id='word_1_505' title='bbox 1816 4122 1894 4175; x_wconf 83' lang='grc' dir='ltr'>δι-</span> 
     </span>
    </p>
   </div>
   <div class='ocr_carea' id='block_1_64' title="bbox 311 4210 1895 4284">
    <p class='ocr_par' dir='ltr' id='par_1_64' title="bbox 311 4210 1895 4284">
     <span class='ocr_line' id='line_1_64' title="bbox 311 4210 1895 4284; baseline -0.004 -15"><span class='ocrx_word' id='word_1_506' title='bbox 311 4215 523 4277; x_wconf 83' lang='grc' dir='ltr'>δάσκει,</span> <span class='ocrx_word' id='word_1_507' title='bbox 550 4214 632 4266; x_wconf 85' lang='grc' dir='ltr'>ὄτι</span> <span class='ocrx_word' id='word_1_508' title='bbox 676 4210 750 4282; x_wconf 82' lang='grc' dir='ltr'>μὴ</span> <span class='ocrx_word' id='word_1_509' title='bbox 782 4210 865 4281; x_wconf 78' lang='grc' dir='ltr'><strong>εἴη</strong></span> <span class='ocrx_word' id='word_1_510' title='bbox 908 4211 1282 4280; x_wconf 86' lang='grc' dir='ltr'>ὑποϐεϐηκυῖά</span> <span class='ocrx_word' id='word_1_511' title='bbox 1318 4228 1401 4275; x_wconf 87' lang='grc' dir='ltr'><strong>τις</strong></span> <span class='ocrx_word' id='word_1_512' title='bbox 1436 4211 1665 4284; x_wconf 88' lang='grc' dir='ltr'>δύναμις</span> <span class='ocrx_word' id='word_1_513' title='bbox 1694 4216 1726 4284; x_wconf 86' lang='grc' dir='ltr'><strong>ἡ</strong></span> <span class='ocrx_word' id='word_1_514' title='bbox 1758 4231 1895 4284; x_wconf 89' lang='grc' dir='ltr'>χρη-</span> 
     </span>
    </p>
   </div>
   <div class='ocr_carea' id='block_1_65' title="bbox 315 4301 1896 4376">
    <p class='ocr_par' dir='ltr' id='par_1_65' title="bbox 315 4301 1896 4376">
     <span class='ocr_line' id='line_1_65' title="bbox 315 4301 1896 4376; baseline -0.001 -16"><span class='ocrx_word' id='word_1_515' title='bbox 315 4307 636 4375; x_wconf 80' lang='grc' dir='ltr'>ματίζουσα,</span> <span class='ocrx_word' id='word_1_516' title='bbox 659 4303 771 4357; x_wconf 83' lang='grc' dir='ltr'>ἀλλ’</span> <span class='ocrx_word' id='word_1_517' title='bbox 788 4303 945 4366; x_wconf 82' lang='grc' dir='ltr'>αὑτὸς</span> <span class='ocrx_word' id='word_1_518' title='bbox 971 4304 999 4355; x_wconf 90' lang='grc' dir='ltr'><strong>ὁ</strong></span> <span class='ocrx_word' id='word_1_519' title='bbox 1018 4301 1111 4355; x_wconf 85' lang='grc' dir='ltr'>ὥν.</span> <span class='ocrx_word' id='word_1_520' title='bbox 1138 4303 1477 4376; x_wconf 78' lang='grc' dir='ltr'>Σαφέστερον</span> <span class='ocrx_word' id='word_1_521' title='bbox 1505 4304 1562 4357; x_wconf 82' lang='grc' dir='ltr'>δὲ</span> <span class='ocrx_word' id='word_1_522' title='bbox 1580 4304 1665 4367; x_wconf 88' lang='grc' dir='ltr'><strong>τίς</strong></span> <span class='ocrx_word' id='word_1_523' title='bbox 1688 4306 1836 4358; x_wconf 85' lang='grc' dir='ltr'>ἐστιν</span> <span class='ocrx_word' id='word_1_524' title='bbox 1867 4308 1896 4359; x_wconf 89' lang='grc' dir='ltr'><strong>ό</strong></span> 
     </span>
    </p>
   </div>
   <div class='ocr_carea' id='block_1_66' title="bbox 310 4394 1897 4470">
    <p class='ocr_par' dir='ltr' id='par_1_66' title="bbox 310 4394 1897 4470">
     <span class='ocr_line' id='line_1_66' title="bbox 310 4394 1897 4470; baseline 0.003 -23"><span class='ocrx_word' id='word_1_525' title='bbox 310 4395 390 4449; x_wconf 74' lang='grc' dir='ltr'>ὢν</span> <span class='ocrx_word' id='word_1_526' title='bbox 406 4399 643 4470; x_wconf 82' lang='grc' dir='ltr'>παριστᾷ</span> <span class='ocrx_word' id='word_1_527' title='bbox 662 4400 719 4450; x_wconf 83' lang='grc' dir='ltr'><strong>ἐν</strong></span> <span class='ocrx_word' id='word_1_528' title='bbox 737 4397 813 4468; x_wconf 82' lang='grc' dir='ltr'><strong>τῷ</strong></span> <span class='ocrx_word' id='word_1_529' title='bbox 831 4397 906 4465; x_wconf 74' lang='lat' dir='ltr'><strong>(l)</strong></span> <span class='ocrx_word' id='word_1_530' title='bbox 925 4413 1109 4466; x_wconf 83' lang='grc' dir='ltr'>φησιν’</span> <span class='ocrx_word' id='word_1_531' title='bbox 1141 4414 1159 4446; x_wconf 77' lang='grc' dir='ltr'><strong>ι</strong></span> <span class='ocrx_word' id='word_1_532' title='bbox 1184 4394 1323 4464; x_wconf 86' lang='grc' dir='ltr'>Ἐγὼ</span> <span class='ocrx_word' id='word_1_533' title='bbox 1348 4396 1430 4450; x_wconf 88' lang='grc' dir='ltr'>Κύ</span> <span class='ocrx_word' id='word_1_534' title='bbox 1440 4413 1569 4468; x_wconf 82' lang='grc' dir='ltr'>ριος’</span> <span class='ocrx_word' id='word_1_535' title='bbox 1594 4399 1689 4451; x_wconf 74' lang='grc' dir='ltr'>καὶ</span> <span class='ocrx_word' id='word_1_536' title='bbox 1711 4398 1897 4470; x_wconf 71' lang='grc' dir='ltr'>ὤφθην</span> 
     </span>
    </p>
   </div>
   <div class='ocr_carea' id='block_1_67' title="bbox 2604 2664 2977 2722">
    <p class='ocr_par' dir='ltr' id='par_1_67' title="bbox 2604 2664 2977 2722">
     <span class='ocr_line' id='line_1_67' title="bbox 2604 2664 2977 2722; baseline 0.016 -6"><span class='ocrx_word' id='word_1_537' title='bbox 2604 2664 2832 2720; x_wconf 86' lang='lat' dir='ltr'><strong>CAPUT</strong></span> <span class='ocrx_word' id='word_1_538' title='bbox 2886 2665 2977 2722; x_wconf 73' lang='lat' dir='ltr'><strong>1X.</strong></span> 
     </span>
    </p>
   </div>
   <div class='ocr_carea' id='block_1_68' title="bbox 2618 2758 2943 2813">
    <p class='ocr_par' dir='ltr' id='par_1_68' title="bbox 2618 2758 2943 2813">
     <span class='ocr_line' id='line_1_68' title="bbox 2618 2758 2943 2813; baseline 0.006 -2"><span class='ocrx_word' id='word_1_539' title='bbox 2618 2758 2699 2811; x_wconf 86' lang='lat' dir='ltr'><strong>Ab</strong></span> <span class='ocrx_word' id='word_1_540' title='bbox 2736 2759 2943 2813; x_wconf 76' lang='lat' dir='ltr'><strong>Exodo.</strong></span> 
     </span>
    </p>
   </div>
   <div class='ocr_carea' id='block_1_69' title="bbox 2082 2846 3578 2921">
    <p class='ocr_par' dir='ltr' id='par_1_69' title="bbox 2082 2846 3578 2921">
     <span class='ocr_line' id='line_1_69' title="bbox 2082 2846 3578 2921; baseline 0.008 -24"><span class='ocrx_word' id='word_1_541' title='bbox 2082 2864 2101 2897; x_wconf 78' lang='grc' dir='ltr'><strong>ι</strong></span> <span class='ocrx_word' id='word_1_542' title='bbox 2151 2846 2368 2918; x_wconf 81' lang='lat' dir='ltr'><strong>Moyses</strong></span> <span class='ocrx_word' id='word_1_543' title='bbox 2436 2857 2620 2905; x_wconf 87' lang='lat' dir='ltr'><strong>autem</strong></span> <span class='ocrx_word' id='word_1_544' title='bbox 2676 2854 2936 2921; x_wconf 79' lang='lat' dir='ltr'><strong>pascebat</strong></span> <span class='ocrx_word' id='word_1_545' title='bbox 2980 2868 3109 2908; x_wconf 86' lang='lat' dir='ltr'><strong>oves</strong></span> <span class='ocrx_word' id='word_1_546' title='bbox 3168 2851 3356 2908; x_wconf 82' lang='lat' dir='ltr'><strong>Jethro</strong></span> <span class='ocrx_word' id='word_1_547' title='bbox 3402 2857 3578 2909; x_wconf 84' lang='lat' dir='ltr'><strong>soceri</strong></span> 
     </span>
    </p>
   </div>
   <div class='ocr_carea' id='block_1_70' title="bbox 2006 2940 3578 3014">
    <p class='ocr_par' dir='ltr' id='par_1_70' title="bbox 2006 2940 3578 3014">
     <span class='ocr_line' id='line_1_70' title="bbox 2006 2940 3578 3014; baseline 0.004 -21"><span class='ocrx_word' id='word_1_548' title='bbox 2006 2940 2092 2993; x_wconf 90' lang='lat' dir='ltr'><strong>sui</strong></span> <span class='ocrx_word' id='word_1_549' title='bbox 2122 2940 2191 2993; x_wconf 83' lang='grc'><strong>⁸⁷.</strong></span> <span class='ocrx_word' id='word_1_550' title='bbox 2227 2959 2244 2991; x_wconf 77' lang='grc' dir='ltr'><strong>ι</strong></span> <span class='ocrx_word' id='word_1_551' title='bbox 2273 2940 2339 2993; x_wconf 82' lang='grc' dir='ltr'>Ει</span> <span class='ocrx_word' id='word_1_552' title='bbox 2373 2950 2497 3011; x_wconf 91' lang='lat' dir='ltr'><strong>post</strong></span> <span class='ocrx_word' id='word_1_553' title='bbox 2527 2957 2702 3013; x_wconf 85' lang='lat' dir='ltr'><strong>pauca</strong></span> <span class='ocrx_word' id='word_1_554' title='bbox 2728 2961 2741 2997; x_wconf 93' lang='lat'><strong>:</strong></span> <span class='ocrx_word' id='word_1_555' title='bbox 2772 2962 2791 2994; x_wconf 76' lang='grc' dir='ltr'><strong>ι</strong></span> <span class='ocrx_word' id='word_1_556' title='bbox 2825 2943 3093 3014; x_wconf 85' lang='lat' dir='ltr'><strong>Venitque</strong></span> <span class='ocrx_word' id='word_1_557' title='bbox 3129 2945 3192 2999; x_wconf 89' lang='lat' dir='ltr'><strong>ad</strong></span> <span class='ocrx_word' id='word_1_558' title='bbox 3221 2956 3455 3000; x_wconf 87' lang='lat' dir='ltr'><strong>montem</strong></span> <span class='ocrx_word' id='word_1_559' title='bbox 3483 2946 3578 3001; x_wconf 85' lang='lat' dir='ltr'><strong>Dei</strong></span> 
     </span>
    </p>
   </div>
   <div class='ocr_carea' id='block_1_71' title="bbox 2009 3029 3577 3104">
    <p class='ocr_par' dir='ltr' id='par_1_71' title="bbox 2009 3029 3577 3104">
     <span class='ocr_line' id='line_1_71' title="bbox 2009 3029 3577 3104; baseline 0.003 -20"><span class='ocrx_word' id='word_1_560' title='bbox 2009 3029 2221 3097; x_wconf 82' lang='lat' dir='ltr'><strong>Horcb;</strong></span> <span class='ocrx_word' id='word_1_561' title='bbox 2260 3033 2620 3102; x_wconf 83' lang='lat' dir='ltr'><strong>apparuitque</strong></span> <span class='ocrx_word' id='word_1_562' title='bbox 2651 3034 2701 3089; x_wconf 86' lang='lat' dir='ltr'><strong>ei</strong></span> <span class='ocrx_word' id='word_1_563' title='bbox 2747 3033 2960 3089; x_wconf 87' lang='lat' dir='ltr'><strong>Domini</strong></span> <span class='ocrx_word' id='word_1_564' title='bbox 2997 3036 3218 3104; x_wconf 82' lang='lat' dir='ltr'><strong>angelus</strong></span> <span class='ocrx_word' id='word_1_565' title='bbox 3265 3036 3319 3089; x_wconf 91' lang='lat' dir='ltr'><strong>in</strong></span> <span class='ocrx_word' id='word_1_566' title='bbox 3363 3037 3577 3090; x_wconf 78' lang='lat' dir='ltr'><strong>flamma</strong></span> 
     </span>
    </p>
   </div>
   <div class='ocr_carea' id='block_1_72' title="bbox 1927 3121 3579 3202">
    <p class='ocr_par' dir='ltr' id='par_1_72' title="bbox 1927 3121 3579 3202">
     <span class='ocr_line' id='line_1_72' title="bbox 1927 3121 3579 3202; baseline 0.004 -28"><span class='ocrx_word' id='word_1_567' title='bbox 1927 3146 1969 3202; x_wconf 69' lang='grc' dir='ltr'>ο</span> <span class='ocrx_word' id='word_1_568' title='bbox 2008 3121 2151 3191; x_wconf 84' lang='lat' dir='ltr'><strong>ignis</strong></span> <span class='ocrx_word' id='word_1_569' title='bbox 2181 3122 2262 3188; x_wconf 67' lang='lat'><strong>9°;</strong></span> <span class='ocrx_word' id='word_1_570' title='bbox 2303 3142 2321 3173; x_wconf 77' lang='grc' dir='ltr'><strong>ι</strong></span> <span class='ocrx_word' id='word_1_571' title='bbox 2355 3121 2420 3177; x_wconf 85' lang='lat' dir='ltr'><strong>ac</strong></span> <span class='ocrx_word' id='word_1_572' title='bbox 2469 3123 2668 3179; x_wconf 86' lang='lat' dir='ltr'><strong>deinde</strong></span> <span class='ocrx_word' id='word_1_573' title='bbox 2703 3143 2716 3178; x_wconf 88' lang='lat'><strong>:</strong></span> <span class='ocrx_word' id='word_1_574' title='bbox 2752 3144 2770 3176; x_wconf 73' lang='grc' dir='ltr'><strong>ι</strong></span> <span class='ocrx_word' id='word_1_575' title='bbox 2804 3124 3048 3180; x_wconf 84' lang='lat' dir='ltr'><strong>Ccrnens</strong></span> <span class='ocrx_word' id='word_1_576' title='bbox 3087 3132 3265 3178; x_wconf 89' lang='lat' dir='ltr'><strong>autem</strong></span> <span class='ocrx_word' id='word_1_577' title='bbox 3316 3124 3579 3180; x_wconf 90' lang='lat' dir='ltr'><strong>Dominus</strong></span> 
     </span>
    </p>
   </div>
   <div class='ocr_carea' id='block_1_73' title="bbox 2004 3215 3581 3286">
    <p class='ocr_par' dir='ltr' id='par_1_73' title="bbox 2004 3215 3581 3286">
     <span class='ocr_line' id='line_1_73' title="bbox 2004 3215 3581 3286; baseline 0.003 -18"><span class='ocrx_word' id='word_1_578' title='bbox 2004 3215 2150 3285; x_wconf 90' lang='lat' dir='ltr'><strong>quod</strong></span> <span class='ocrx_word' id='word_1_579' title='bbox 2184 3223 2435 3286; x_wconf 82' lang='lat' dir='ltr'><strong>pergeret</strong></span> <span class='ocrx_word' id='word_1_580' title='bbox 2460 3215 2529 3269; x_wconf 88' lang='lat' dir='ltr'><strong>ad</strong></span> <span class='ocrx_word' id='word_1_581' title='bbox 2566 3216 2879 3282; x_wconf 85' lang='lat' dir='ltr'><strong>videndum,</strong></span> <span class='ocrx_word' id='word_1_582' title='bbox 2910 3217 3124 3271; x_wconf 85' lang='lat' dir='ltr'><strong>vocavit</strong></span> <span class='ocrx_word' id='word_1_583' title='bbox 3158 3234 3279 3272; x_wconf 89' lang='lat' dir='ltr'><strong>eum</strong></span> <span class='ocrx_word' id='word_1_584' title='bbox 3303 3219 3369 3272; x_wconf 88' lang='lat' dir='ltr'><strong>de</strong></span> <span class='ocrx_word' id='word_1_585' title='bbox 3402 3218 3581 3273; x_wconf 85' lang='lat' dir='ltr'><strong>medio</strong></span> 
     </span>
    </p>
   </div>
   <div class='ocr_carea' id='block_1_74' title="bbox 2000 3303 3581 3367">
    <p class='ocr_par' dir='ltr' id='par_1_74' title="bbox 2000 3303 3581 3367">
     <span class='ocr_line' id='line_1_74' title="bbox 2000 3303 3581 3367; baseline 0.003 -10"><span class='ocrx_word' id='word_1_586' title='bbox 2000 3303 2124 3357; x_wconf 87' lang='lat' dir='ltr'><strong>rubi</strong></span> <span class='ocrx_word' id='word_1_587' title='bbox 2152 3311 2207 3357; x_wconf 90' lang='lat' dir='ltr'><strong>et</strong></span> <span class='ocrx_word' id='word_1_588' title='bbox 2238 3303 2313 3356; x_wconf 88' lang='lat' dir='ltr'><strong>ait</strong></span> <span class='ocrx_word' id='word_1_589' title='bbox 2350 3303 2429 3367; x_wconf 77' lang='grc'><strong>⁸⁹;</strong></span> <span class='ocrx_word' id='word_1_590' title='bbox 2463 3322 2481 3353; x_wconf 72' lang='grc' dir='ltr'><strong>ι</strong></span> <span class='ocrx_word' id='word_1_591' title='bbox 2508 3311 2562 3358; x_wconf 90' lang='lat' dir='ltr'><strong>et</strong></span> <span class='ocrx_word' id='word_1_592' title='bbox 2597 3319 2829 3359; x_wconf 84' lang='lat' dir='ltr'><strong>rursus:</strong></span> <span class='ocrx_word' id='word_1_593' title='bbox 2862 3324 2881 3354; x_wconf 12' lang='lat' dir='ltr'><strong>ia</strong></span> <span class='ocrx_word' id='word_1_594' title='bbox 2920 3303 3067 3358; x_wconf 87' lang='lat' dir='ltr'><strong>Dixit</strong></span> <span class='ocrx_word' id='word_1_595' title='bbox 3098 3313 3276 3360; x_wconf 89' lang='lat' dir='ltr'><strong>autem</strong></span> <span class='ocrx_word' id='word_1_596' title='bbox 3318 3304 3581 3361; x_wconf 84' lang='lat' dir='ltr'><strong>Dominus</strong></span> 
     </span>
    </p>
   </div>
   <div class='ocr_carea' id='block_1_75' title="bbox 2001 3393 3582 3464">
    <p class='ocr_par' dir='ltr' id='par_1_75' title="bbox 2001 3393 3582 3464">
     <span class='ocr_line' id='line_1_75' title="bbox 2001 3393 3582 3464; baseline 0.003 -17"><span class='ocrx_word' id='word_1_597' title='bbox 2001 3395 2069 3449; x_wconf 89' lang='lat' dir='ltr'><strong>ad</strong></span> <span class='ocrx_word' id='word_1_598' title='bbox 2097 3410 2221 3449; x_wconf 90' lang='lat' dir='ltr'><strong>eum</strong></span> <span class='ocrx_word' id='word_1_599' title='bbox 2249 3414 2261 3449; x_wconf 90' lang='lat'><strong>:</strong></span> <span class='ocrx_word' id='word_1_600' title='bbox 2291 3393 2404 3464; x_wconf 86' lang='lat' dir='ltr'><strong>Ego</strong></span> <span class='ocrx_word' id='word_1_601' title='bbox 2435 3409 2556 3449; x_wconf 81' lang='lat' dir='ltr'><strong>sum</strong></span> <span class='ocrx_word' id='word_1_602' title='bbox 2586 3395 2681 3464; x_wconf 86' lang='lat' dir='ltr'><strong>qui</strong></span> <span class='ocrx_word' id='word_1_603' title='bbox 2710 3410 2830 3449; x_wconf 84' lang='lat' dir='ltr'><strong>sum</strong></span> <span class='ocrx_word' id='word_1_604' title='bbox 2866 3396 2932 3448; x_wconf 65' lang='lat'><strong>9°.</strong></span> <span class='ocrx_word' id='word_1_605' title='bbox 2975 3414 2991 3447; x_wconf 76' lang='grc' dir='ltr'><strong>ι</strong></span> <span class='ocrx_word' id='word_1_606' title='bbox 3025 3396 3089 3448; x_wconf 82' lang='lat' dir='ltr'><strong>Et</strong></span> <span class='ocrx_word' id='word_1_607' title='bbox 3124 3398 3264 3451; x_wconf 87' lang='lat' dir='ltr'><strong>infra</strong></span> <span class='ocrx_word' id='word_1_608' title='bbox 3300 3417 3313 3452; x_wconf 87' lang='lat'>:</span> <span class='ocrx_word' id='word_1_609' title='bbox 3351 3417 3370 3450; x_wconf 76' lang='grc' dir='ltr'><strong>ι</strong></span> <span class='ocrx_word' id='word_1_610' title='bbox 3403 3398 3582 3452; x_wconf 82' lang='lat' dir='ltr'><strong>Locu-</strong></span> 
     </span>
    </p>
   </div>
   <div class='ocr_carea' id='block_1_76' title="bbox 2001 3482 3580 3560">
    <p class='ocr_par' dir='ltr' id='par_1_76' title="bbox 2001 3482 3580 3560">
     <span class='ocr_line' id='line_1_76' title="bbox 2001 3482 3580 3560; baseline 0.004 -25"><span class='ocrx_word' id='word_1_611' title='bbox 2001 3489 2091 3537; x_wconf 93' lang='lat' dir='ltr'><strong>tus</strong></span> <span class='ocrx_word' id='word_1_612' title='bbox 2119 3494 2204 3538; x_wconf 90' lang='lat' dir='ltr'><strong>est</strong></span> <span class='ocrx_word' id='word_1_613' title='bbox 2248 3482 2394 3539; x_wconf 89' lang='lat' dir='ltr'><strong>Deus</strong></span> <span class='ocrx_word' id='word_1_614' title='bbox 2438 3483 2521 3560; x_wconf 41' lang='lat' dir='ltr'><strong>ad.</strong></span> <span class='ocrx_word' id='word_1_615' title='bbox 2547 3483 2812 3555; x_wconf 74' lang='lat' dir='ltr'><strong>Moysen),</strong></span> <span class='ocrx_word' id='word_1_616' title='bbox 2862 3486 3106 3556; x_wconf 81' lang='lat' dir='ltr'><strong>dixitque</strong></span> <span class='ocrx_word' id='word_1_617' title='bbox 3136 3488 3201 3540; x_wconf 87' lang='lat' dir='ltr'><strong>ad</strong></span> <span class='ocrx_word' id='word_1_618' title='bbox 3245 3503 3369 3542; x_wconf 79' lang='lat' dir='ltr'><strong>eum</strong></span> <span class='ocrx_word' id='word_1_619' title='bbox 3422 3508 3434 3541; x_wconf 93' lang='lat'><strong>:</strong></span> <span class='ocrx_word' id='word_1_620' title='bbox 3469 3489 3580 3559; x_wconf 84' lang='lat' dir='ltr'><strong>Ego</strong></span> 
     </span>
    </p>
   </div>
   <div class='ocr_carea' id='block_1_77' title="bbox 1999 3570 3576 3643">
    <p class='ocr_par' dir='ltr' id='par_1_77' title="bbox 1999 3570 3576 3643">
     <span class='ocr_line' id='line_1_77' title="bbox 1999 3570 3576 3643; baseline 0.006 -20"><span class='ocrx_word' id='word_1_621' title='bbox 1999 3570 2288 3636; x_wconf 88' lang='lat' dir='ltr'><strong>Dominus,</strong></span> <span class='ocrx_word' id='word_1_622' title='bbox 2343 3574 2437 3643; x_wconf 90' lang='lat' dir='ltr'><strong>qui</strong></span> <span class='ocrx_word' id='word_1_623' title='bbox 2490 3574 2717 3643; x_wconf 81' lang='lat' dir='ltr'><strong>apparui</strong></span> <span class='ocrx_word' id='word_1_624' title='bbox 2749 3574 3046 3638; x_wconf 82' lang='lat' dir='ltr'><strong>Abraham,</strong></span> <span class='ocrx_word' id='word_1_625' title='bbox 3093 3577 3240 3630; x_wconf 85' lang='lat' dir='ltr'><strong>Isaac</strong></span> <span class='ocrx_word' id='word_1_626' title='bbox 3289 3585 3344 3631; x_wconf 88' lang='lat' dir='ltr'><strong>et</strong></span> <span class='ocrx_word' id='word_1_627' title='bbox 3385 3576 3576 3640; x_wconf 83' lang='lat' dir='ltr'><strong>Jacob,</strong></span> 
     </span>
    </p>
   </div>
   <div class='ocr_carea' id='block_1_78' title="bbox 2001 3662 3579 3732">
    <p class='ocr_par' dir='ltr' id='par_1_78' title="bbox 2001 3662 3579 3732">
     <span class='ocr_line' id='line_1_78' title="bbox 2001 3662 3579 3732; baseline 0.003 -16"><span class='ocrx_word' id='word_1_628' title='bbox 2001 3677 2125 3716; x_wconf 90' lang='lat' dir='ltr'><strong>cum</strong></span> <span class='ocrx_word' id='word_1_629' title='bbox 2151 3677 2333 3717; x_wconf 78' lang='lat' dir='ltr'><strong>essem</strong></span> <span class='ocrx_word' id='word_1_630' title='bbox 2365 3662 2508 3719; x_wconf 88' lang='lat' dir='ltr'><strong>Deus</strong></span> <span class='ocrx_word' id='word_1_631' title='bbox 2530 3680 2743 3728; x_wconf 78' lang='lat' dir='ltr'><strong>eorum,</strong></span> <span class='ocrx_word' id='word_1_632' title='bbox 2769 3678 3075 3732; x_wconf 86' lang='lat' dir='ltr'><strong>nomenque</strong></span> <span class='ocrx_word' id='word_1_633' title='bbox 3106 3680 3285 3719; x_wconf 89' lang='lat' dir='ltr'><strong>meum</strong></span> <span class='ocrx_word' id='word_1_634' title='bbox 3316 3664 3579 3721; x_wconf 88' lang='lat' dir='ltr'><strong>Dominus</strong></span> 
     </span>
    </p>
   </div>
   <div class='ocr_carea' id='block_1_79' title="bbox 1998 3748 3575 3824">
    <p class='ocr_par' dir='ltr' id='par_1_79' title="bbox 1998 3748 3575 3824">
     <span class='ocr_line' id='line_1_79' title="bbox 1998 3748 3575 3824; baseline 0.001 -17"><span class='ocrx_word' id='word_1_635' title='bbox 1998 3768 2108 3808; x_wconf 88' lang='lat' dir='ltr'><strong>non</strong></span> <span class='ocrx_word' id='word_1_636' title='bbox 2159 3748 2399 3811; x_wconf 80' lang='lat' dir='ltr'><strong>iudicavi</strong></span> <span class='ocrx_word' id='word_1_637' title='bbox 2448 3754 2573 3821; x_wconf 87' lang='lat' dir='ltr'><strong>eis;</strong></span> <span class='ocrx_word' id='word_1_638' title='bbox 2625 3754 2914 3824; x_wconf 77' lang='lat' dir='ltr'><strong>pepigique</strong></span> <span class='ocrx_word' id='word_1_639' title='bbox 2965 3754 3143 3809; x_wconf 69' lang='lat' dir='ltr'><strong>fuadus</strong></span> <span class='ocrx_word' id='word_1_640' title='bbox 3213 3771 3391 3810; x_wconf 88' lang='lat' dir='ltr'><strong>meum</strong></span> <span class='ocrx_word' id='word_1_641' title='bbox 3450 3773 3575 3811; x_wconf 89' lang='lat' dir='ltr'><strong>cum</strong></span> 
     </span>
    </p>
   </div>
   <div class='ocr_carea' id='block_1_80' title="bbox 1998 3844 3575 3916">
    <p class='ocr_par' dir='ltr' id='par_1_80' title="bbox 1998 3844 3575 3916">
     <span class='ocr_line' id='line_1_80' title="bbox 1998 3844 3575 3916; baseline 0.001 -17"><span class='ocrx_word' id='word_1_642' title='bbox 1998 3844 2163 3909; x_wconf 80' lang='lat' dir='ltr'><strong>eis”,</strong></span> <span class='ocrx_word' id='word_1_643' title='bbox 2205 3863 2224 3897; x_wconf 76' lang='grc' dir='ltr'><strong>ι</strong></span> <span class='ocrx_word' id='word_1_644' title='bbox 2257 3852 2312 3899; x_wconf 90' lang='lat' dir='ltr'><strong>et</strong></span> <span class='ocrx_word' id='word_1_645' title='bbox 2345 3846 2580 3916; x_wconf 87' lang='lat' dir='ltr'><strong>reliqua.</strong></span> <span class='ocrx_word' id='word_1_646' title='bbox 2603 3845 3034 3900; x_wconf 82' lang='lat' dir='ltr'><strong>Accuratissime</strong></span> <span class='ocrx_word' id='word_1_647' title='bbox 3073 3846 3128 3901; x_wconf 90' lang='lat' dir='ltr'><strong>in</strong></span> <span class='ocrx_word' id='word_1_648' title='bbox 3171 3846 3294 3902; x_wconf 85' lang='lat' dir='ltr'><strong>istis</strong></span> <span class='ocrx_word' id='word_1_649' title='bbox 3323 3863 3433 3901; x_wconf 91' lang='lat' dir='ltr'><strong>non</strong></span> <span class='ocrx_word' id='word_1_650' title='bbox 3473 3847 3575 3902; x_wconf 82' lang='lat' dir='ltr'><strong>Do-</strong></span> 
     </span>
    </p>
   </div>
   <div class='ocr_carea' id='block_1_81' title="bbox 2000 3934 3572 4007">
    <p class='ocr_par' dir='ltr' id='par_1_81' title="bbox 2000 3934 3572 4007">
     <span class='ocr_line' id='line_1_81' title="bbox 2000 3934 3572 4007; baseline 0.003 -20"><span class='ocrx_word' id='word_1_651' title='bbox 2000 3934 2206 3997; x_wconf 90' lang='lat' dir='ltr'><strong>minus,</strong></span> <span class='ocrx_word' id='word_1_652' title='bbox 2243 3936 2338 3989; x_wconf 88' lang='lat' dir='ltr'><strong>sed</strong></span> <span class='ocrx_word' id='word_1_653' title='bbox 2366 3936 2595 4004; x_wconf 82' lang='lat' dir='ltr'><strong>angelus</strong></span> <span class='ocrx_word' id='word_1_654' title='bbox 2624 3936 2773 3990; x_wconf 87' lang='lat' dir='ltr'><strong>visus</strong></span> <span class='ocrx_word' id='word_1_655' title='bbox 2806 3934 2977 3990; x_wconf 81' lang='lat' dir='ltr'><strong>fuisse</strong></span> <span class='ocrx_word' id='word_1_656' title='bbox 3006 3935 3260 4000; x_wconf 85' lang='lat' dir='ltr'><strong>refertur,</strong></span> <span class='ocrx_word' id='word_1_657' title='bbox 3290 3953 3384 4006; x_wconf 89' lang='lat' dir='ltr'><strong>per</strong></span> <span class='ocrx_word' id='word_1_658' title='bbox 3411 3954 3572 4007; x_wconf 86' lang='lat' dir='ltr'><strong>quem</strong></span> 
     </span>
    </p>
   </div>
   <div class='ocr_carea' id='block_1_82' title="bbox 2003 4025 3577 4097">
    <p class='ocr_par' dir='ltr' id='par_1_82' title="bbox 2003 4025 3577 4097">
     <span class='ocr_line' id='line_1_82' title="bbox 2003 4025 3577 4097; baseline 0.003 -18"><span class='ocrx_word' id='word_1_659' title='bbox 2003 4025 2285 4090; x_wconf 88' lang='lat' dir='ltr'><strong>Dominus,</strong></span> <span class='ocrx_word' id='word_1_660' title='bbox 2316 4033 2473 4096; x_wconf 86' lang='lat' dir='ltr'><strong>quasi</strong></span> <span class='ocrx_word' id='word_1_661' title='bbox 2498 4043 2597 4097; x_wconf 77' lang='lat' dir='ltr'><strong>per</strong></span> <span class='ocrx_word' id='word_1_662' title='bbox 2627 4028 2979 4096; x_wconf 84' lang='lat' dir='ltr'><strong>interpretem</strong></span> <span class='ocrx_word' id='word_1_663' title='bbox 3014 4028 3415 4094; x_wconf 86' lang='lat' dir='ltr'><strong>manifestatus,</strong></span> <span class='ocrx_word' id='word_1_664' title='bbox 3445 4030 3577 4085; x_wconf 83' lang='lat' dir='ltr'><strong>edo-</strong></span> 
     </span>
    </p>
   </div>
   <div class='ocr_carea' id='block_1_83' title="bbox 1999 4115 3576 4189">
    <p class='ocr_par' dir='ltr' id='par_1_83' title="bbox 1999 4115 3576 4189">
     <span class='ocr_line' id='line_1_83' title="bbox 1999 4115 3576 4189; baseline 0.004 -19"><span class='ocrx_word' id='word_1_665' title='bbox 1999 4123 2086 4171; x_wconf 89' lang='lat' dir='ltr'><strong>cet</strong></span> <span class='ocrx_word' id='word_1_666' title='bbox 2123 4115 2364 4186; x_wconf 88' lang='lat' dir='ltr'><strong>seipsum</strong></span> <span class='ocrx_word' id='word_1_667' title='bbox 2406 4133 2514 4172; x_wconf 91' lang='lat' dir='ltr'><strong>non</strong></span> <span class='ocrx_word' id='word_1_668' title='bbox 2547 4120 2785 4188; x_wconf 81' lang='lat' dir='ltr'><strong>aliquam</strong></span> <span class='ocrx_word' id='word_1_669' title='bbox 2821 4134 2946 4173; x_wconf 89' lang='lat' dir='ltr'><strong>esse</strong></span> <span class='ocrx_word' id='word_1_670' title='bbox 2990 4118 3301 4175; x_wconf 86' lang='lat' dir='ltr'><strong>inferiorem</strong></span> <span class='ocrx_word' id='word_1_671' title='bbox 3333 4129 3576 4189; x_wconf 79' lang='lat' dir='ltr'><strong>potesta-</strong></span> 
     </span>
    </p>
   </div>
   <div class='ocr_carea' id='block_1_84' title="bbox 1998 4193 3574 4284">
    <p class='ocr_par' dir='ltr' id='par_1_84' title="bbox 1998 4193 3574 4284">
     <span class='ocr_line' id='line_1_84' title="bbox 1998 4193 3574 4284; baseline 0.004 -23"><span class='ocrx_word' id='word_1_672' title='bbox 1998 4215 2130 4274; x_wconf 87' lang='lat' dir='ltr'><strong>tem,</strong></span> <span class='ocrx_word' id='word_1_673' title='bbox 2173 4208 2269 4265; x_wconf 89' lang='lat' dir='ltr'><strong>sed</strong></span> <span class='ocrx_word' id='word_1_674' title='bbox 2311 4193 2455 4265; x_wconf 76' lang='lat' dir='ltr'><strong>hunc</strong></span> <span class='ocrx_word' id='word_1_675' title='bbox 2500 4211 2677 4280; x_wconf 83' lang='lat' dir='ltr'><strong>ipsum</strong></span> <span class='ocrx_word' id='word_1_676' title='bbox 2711 4211 2805 4281; x_wconf 91' lang='lat' dir='ltr'><strong>qui</strong></span> <span class='ocrx_word' id='word_1_677' title='bbox 2850 4219 2952 4266; x_wconf 88' lang='lat' dir='ltr'><strong>est.</strong></span> <span class='ocrx_word' id='word_1_678' title='bbox 2998 4210 3132 4277; x_wconf 85' lang='lat' dir='ltr'><strong>Quis</strong></span> <span class='ocrx_word' id='word_1_679' title='bbox 3159 4213 3248 4268; x_wconf 91' lang='lat' dir='ltr'><strong>ille</strong></span> <span class='ocrx_word' id='word_1_680' title='bbox 3281 4213 3445 4283; x_wconf 83' lang='lat' dir='ltr'><strong>igitur</strong></span> <span class='ocrx_word' id='word_1_681' title='bbox 3478 4216 3574 4284; x_wconf 85' lang='lat' dir='ltr'><strong>qui</strong></span> 
     </span>
    </p>
   </div>
   <div class='ocr_carea' id='block_1_85' title="bbox 1999 4298 3578 4375">
    <p class='ocr_par' dir='ltr' id='par_1_85' title="bbox 1999 4298 3578 4375">
     <span class='ocr_line' id='line_1_85' title="bbox 1999 4298 3578 4375; baseline 0.002 -18"><span class='ocrx_word' id='word_1_682' title='bbox 1999 4310 2104 4367; x_wconf 88' lang='lat' dir='ltr'><strong>est,</strong></span> <span class='ocrx_word' id='word_1_683' title='bbox 2143 4303 2257 4370; x_wconf 78' lang='lat' dir='ltr'><strong>h_:ec</strong></span> <span class='ocrx_word' id='word_1_684' title='bbox 2287 4303 2446 4357; x_wconf 90' lang='lat' dir='ltr'><strong>nobis</strong></span> <span class='ocrx_word' id='word_1_685' title='bbox 2481 4304 2696 4373; x_wconf 83' lang='lat' dir='ltr'><strong>plenius</strong></span> <span class='ocrx_word' id='word_1_686' title='bbox 2730 4303 3151 4359; x_wconf 85' lang='lat' dir='ltr'><strong>demonstrant:</strong></span> <span class='ocrx_word' id='word_1_687' title='bbox 3195 4324 3214 4355; x_wconf 75' lang='grc' dir='ltr'><strong>ι</strong></span> <span class='ocrx_word' id='word_1_688' title='bbox 3252 4304 3364 4375; x_wconf 82' lang='lat' dir='ltr'><strong>Ego</strong></span> <span class='ocrx_word' id='word_1_689' title='bbox 3400 4298 3578 4360; x_wconf 89' lang='lat' dir='ltr'><strong>Domi-</strong></span> 
     </span>
    </p>
   </div>
   <div class='ocr_carea' id='block_1_86' title="bbox 1998 4394 3581 4466">
    <p class='ocr_par' dir='ltr' id='par_1_86' title="bbox 1998 4394 3581 4466">
     <span class='ocr_line' id='line_1_86' title="bbox 1998 4394 3581 4466; baseline 0.001 -16"><span class='ocrx_word' id='word_1_690' title='bbox 1998 4412 2126 4459; x_wconf 82' lang='lat' dir='ltr'><strong>nus,</strong></span> <span class='ocrx_word' id='word_1_691' title='bbox 2159 4395 2253 4466; x_wconf 81' lang='lat' dir='ltr'><strong>qui</strong></span> <span class='ocrx_word' id='word_1_692' title='bbox 2303 4397 2527 4466; x_wconf 88' lang='lat' dir='ltr'><strong>apparui</strong></span> <span class='ocrx_word' id='word_1_693' title='bbox 2570 4395 2865 4458; x_wconf 87' lang='lat' dir='ltr'><strong>Abraham,</strong></span> <span class='ocrx_word' id='word_1_694' title='bbox 2915 4394 3064 4450; x_wconf 85' lang='lat' dir='ltr'><strong>Isaac</strong></span> <span class='ocrx_word' id='word_1_695' title='bbox 3113 4405 3167 4451; x_wconf 90' lang='lat' dir='ltr'><strong>et</strong></span> <span class='ocrx_word' id='word_1_696' title='bbox 3208 4396 3412 4463; x_wconf 85' lang='lat' dir='ltr'><strong>Jacob;</strong></span> <span class='ocrx_word' id='word_1_697' title='bbox 3450 4412 3581 4453; x_wconf 18' lang='lat' dir='ltr'><strong>cum.</strong></span> 
     </span>
    </p>
   </div>
   <div class='ocr_carea' id='block_1_87' title="bbox 311 4483 1899 4562">
    <p class='ocr_par' dir='ltr' id='par_1_87' title="bbox 311 4488 1894 4562">
     <span class='ocr_line' id='line_1_87' title="bbox 311 4488 1894 4562; baseline 0.001 -20"><span class='ocrx_word' id='word_1_698' title='bbox 311 4489 453 4559; x_wconf 81' lang='grc' dir='ltr'>πρὸς</span> <span class='ocrx_word' id='word_1_699' title='bbox 510 4489 759 4562; x_wconf 82' lang='grc' dir='ltr'>Ἀϐραὰμ</span> <span class='ocrx_word' id='word_1_700' title='bbox 810 4490 905 4542; x_wconf 73' lang='grc' dir='ltr'><strong>καὶ</strong></span> <span class='ocrx_word' id='word_1_701' title='bbox 962 4488 1151 4541; x_wconf 78' lang='grc' dir='ltr'>Ἰσαὰκ</span> <span class='ocrx_word' id='word_1_702' title='bbox 1198 4489 1292 4541; x_wconf 75' lang='grc' dir='ltr'><strong>καὶ</strong></span> <span class='ocrx_word' id='word_1_703' title='bbox 1357 4488 1588 4553; x_wconf 83' lang='grc' dir='ltr'>Ἰακὼϐ,</span> <span class='ocrx_word' id='word_1_704' title='bbox 1642 4489 1773 4554; x_wconf 83' lang='grc' dir='ltr'>Θεὸς</span> <span class='ocrx_word' id='word_1_705' title='bbox 1816 4490 1894 4544; x_wconf 85' lang='grc' dir='ltr'><strong>ῶν</strong></span> 
     </span>
    </p>
   </div>
   <div class='ocr_carea' id='block_1_88' title="bbox 2000 4483 3581 4562">
    <p class='ocr_par' dir='ltr' id='par_1_88' title="bbox 2000 4485 3581 4556">
     <span class='ocr_line' id='line_1_88' title="bbox 2000 4485 3581 4556; baseline 0 -14"><span class='ocrx_word' id='word_1_706' title='bbox 2000 4502 2173 4542; x_wconf 88' lang='lat' dir='ltr'><strong>essem</strong></span> <span class='ocrx_word' id='word_1_707' title='bbox 2200 4485 2342 4541; x_wconf 86' lang='lat' dir='ltr'><strong>Deus</strong></span> <span class='ocrx_word' id='word_1_708' title='bbox 2369 4502 2583 4551; x_wconf 86' lang='lat' dir='ltr'><strong>eorum,</strong></span> <span class='ocrx_word' id='word_1_709' title='bbox 2612 4503 2921 4556; x_wconf 78' lang='lat' dir='ltr'><strong>nomenque</strong></span> <span class='ocrx_word' id='word_1_710' title='bbox 2955 4504 3137 4541; x_wconf 89' lang='lat' dir='ltr'><strong>meum</strong></span> <span class='ocrx_word' id='word_1_711' title='bbox 3171 4487 3435 4543; x_wconf 90' lang='lat' dir='ltr'><strong>Dominus</strong></span> <span class='ocrx_word' id='word_1_712' title='bbox 3464 4505 3581 4543; x_wconf 87' lang='lat' dir='ltr'><strong>non</strong></span> 
     </span>
    </p>
   </div>
   <div class='ocr_carea' id='block_1_89' title="bbox 310 4578 1892 4651">
    <p class='ocr_par' dir='ltr' id='par_1_89' title="bbox 310 4578 1892 4651">
     <span class='ocr_line' id='line_1_89' title="bbox 310 4578 1892 4651; baseline 0.001 -19"><span class='ocrx_word' id='word_1_713' title='bbox 310 4579 528 4634; x_wconf 82' lang='grc' dir='ltr'>αὐτῶν·</span> <span class='ocrx_word' id='word_1_714' title='bbox 556 4579 651 4632; x_wconf 74' lang='grc' dir='ltr'>καὶ</span> <span class='ocrx_word' id='word_1_715' title='bbox 685 4579 746 4632; x_wconf 86' lang='grc' dir='ltr'><strong>τὸ</strong></span> <span class='ocrx_word' id='word_1_716' title='bbox 784 4579 956 4649; x_wconf 74' lang='grc' dir='ltr'>ὄνομά</span> <span class='ocrx_word' id='word_1_717' title='bbox 986 4596 1086 4649; x_wconf 91' lang='grc' dir='ltr'><strong>μου</strong></span> <span class='ocrx_word' id='word_1_718' title='bbox 1114 4579 1319 4649; x_wconf 88' lang='grc' dir='ltr'>Κύριος</span> <span class='ocrx_word' id='word_1_719' title='bbox 1363 4580 1465 4632; x_wconf 83' lang='grc' dir='ltr'><strong>οὑκ</strong></span> <span class='ocrx_word' id='word_1_720' title='bbox 1507 4578 1753 4651; x_wconf 83' lang='grc' dir='ltr'>ἐδήλωσα</span> <span class='ocrx_word' id='word_1_721' title='bbox 1792 4580 1892 4633; x_wconf 84' lang='grc' dir='ltr'>αύ-</span> 
     </span>
    </p>
   </div>
   <div class='ocr_carea' id='block_1_90' title="bbox 310 4671 1898 4746">
    <p class='ocr_par' dir='ltr' id='par_1_90' title="bbox 310 4671 1898 4746">
     <span class='ocr_line' id='line_1_90' title="bbox 310 4671 1898 4746; baseline 0.003 -22"><span class='ocrx_word' id='word_1_722' title='bbox 310 4676 459 4738; x_wconf 77' lang='grc' dir='ltr'>τοῖςο</span> <span class='ocrx_word' id='word_1_723' title='bbox 494 4693 512 4725; x_wconf 75' lang='grc' dir='ltr'><strong>ι</strong></span> <span class='ocrx_word' id='word_1_724' title='bbox 549 4671 579 4725; x_wconf 85' lang='grc' dir='ltr'><strong>ὃ</strong></span> <span class='ocrx_word' id='word_1_725' title='bbox 609 4672 703 4725; x_wconf 76' lang='grc' dir='ltr'>καὶ</span> <span class='ocrx_word' id='word_1_726' title='bbox 727 4671 964 4724; x_wconf 86' lang='grc' dir='ltr'>τοιοῦτον</span> <span class='ocrx_word' id='word_1_727' title='bbox 999 4671 1147 4725; x_wconf 85' lang='grc' dir='ltr'>δοκεῖ</span> <span class='ocrx_word' id='word_1_728' title='bbox 1177 4689 1267 4743; x_wconf 89' lang='grc' dir='ltr'><strong>μοι</strong></span> <span class='ocrx_word' id='word_1_729' title='bbox 1300 4672 1425 4726; x_wconf 87' lang='grc' dir='ltr'>νοῦν</span> <span class='ocrx_word' id='word_1_730' title='bbox 1459 4675 1734 4746; x_wconf 80' lang='grc' dir='ltr'>περιέχειν</span> <span class='ocrx_word' id='word_1_731' title='bbox 1755 4693 1767 4705; x_wconf 92' lang='grc'><strong>·</strong></span> <span class='ocrx_word' id='word_1_732' title='bbox 1805 4676 1898 4743; x_wconf 55' lang='lat' dir='ltr'><strong>Ral</strong></span> 
     </span>
    </p>
   </div>
   <div class='ocr_carea' id='block_1_91' title="bbox 1991 4580 3573 4652">
    <p class='ocr_par' dir='ltr' id='par_1_91' title="bbox 1991 4580 3573 4652">
     <span class='ocr_line' id='line_1_91' title="bbox 1991 4580 3573 4652; baseline 0.002 -18"><span class='ocrx_word' id='word_1_733' title='bbox 1991 4580 2226 4635; x_wconf 87' lang='lat' dir='ltr'><strong>iudicavi</strong></span> <span class='ocrx_word' id='word_1_734' title='bbox 2260 4580 2361 4635; x_wconf 91' lang='lat' dir='ltr'><strong>eis.</strong></span> <span class='ocrx_word' id='word_1_735' title='bbox 2385 4600 2403 4631; x_wconf 68' lang='grc' dir='ltr'><strong>ι</strong></span> <span class='ocrx_word' id='word_1_736' title='bbox 2423 4580 2554 4645; x_wconf 69' lang='lat' dir='ltr'><strong>Qua:</strong></span> <span class='ocrx_word' id='word_1_737' title='bbox 2576 4581 2709 4633; x_wconf 89' lang='lat' dir='ltr'><strong>mihi</strong></span> <span class='ocrx_word' id='word_1_738' title='bbox 2733 4581 2988 4635; x_wconf 80' lang='lat' dir='ltr'><strong>videntur</strong></span> <span class='ocrx_word' id='word_1_739' title='bbox 3012 4582 3094 4637; x_wconf 88' lang='lat' dir='ltr'><strong>sic</strong></span> <span class='ocrx_word' id='word_1_740' title='bbox 3119 4582 3527 4652; x_wconf 85' lang='lat' dir='ltr'><strong>interpretanda</strong></span> <span class='ocrx_word' id='word_1_741' title='bbox 3558 4622 3573 4637; x_wconf 92' lang='lat'><strong>.</strong></span> 
     </span>
    </p>
   </div>
   <div class='ocr_carea' id='block_1_92' title="bbox 1992 4671 3572 4741">
    <p class='ocr_par' dir='ltr' id='par_1_92' title="bbox 1992 4671 3572 4741">
     <span class='ocr_line' id='line_1_92' title="bbox 1992 4671 3572 4741; baseline 0.001 -16"><span class='ocrx_word' id='word_1_742' title='bbox 1992 4671 2113 4725; x_wconf 85' lang='lat' dir='ltr'><strong>Tibi</strong></span> <span class='ocrx_word' id='word_1_743' title='bbox 2144 4686 2341 4726; x_wconf 89' lang='lat' dir='ltr'><strong>nomen</strong></span> <span class='ocrx_word' id='word_1_744' title='bbox 2373 4687 2551 4726; x_wconf 88' lang='lat' dir='ltr'><strong>meum</strong></span> <span class='ocrx_word' id='word_1_745' title='bbox 2583 4688 2758 4741; x_wconf 76' lang='lat' dir='ltr'><strong>usque</strong></span> <span class='ocrx_word' id='word_1_746' title='bbox 2786 4689 2935 4727; x_wconf 89' lang='lat' dir='ltr'><strong>nunc</strong></span> <span class='ocrx_word' id='word_1_747' title='bbox 2957 4675 3060 4728; x_wconf 91' lang='lat' dir='ltr'><strong>soli</strong></span> <span class='ocrx_word' id='word_1_748' title='bbox 3096 4675 3366 4739; x_wconf 77' lang='lat' dir='ltr'><strong>revolans,</strong></span> <span class='ocrx_word' id='word_1_749' title='bbox 3407 4673 3572 4727; x_wconf 73' lang='lat' dir='ltr'><strong>dico:</strong></span> 
     </span>
    </p>
   </div>
   <div class='ocr_carea' id='block_1_93' title="bbox 316 4762 1899 4837">
    <p class='ocr_par' dir='ltr' id='par_1_93' title="bbox 316 4762 1898 4837">
     <span class='ocr_line' id='line_1_93' title="bbox 316 4762 1898 4837; baseline -0.001 -17"><span class='ocrx_word' id='word_1_750' title='bbox 316 4766 419 4836; x_wconf 80' lang='grc' dir='ltr'>μὲν</span> <span class='ocrx_word' id='word_1_751' title='bbox 442 4765 503 4819; x_wconf 87' lang='grc' dir='ltr'><strong>τὸ</strong></span> <span class='ocrx_word' id='word_1_752' title='bbox 524 4763 696 4834; x_wconf 74' lang='grc' dir='ltr'>ὄνομά</span> <span class='ocrx_word' id='word_1_753' title='bbox 726 4781 825 4834; x_wconf 90' lang='grc' dir='ltr'><strong>μου</strong></span> <span class='ocrx_word' id='word_1_754' title='bbox 848 4762 985 4826; x_wconf 80' lang='grc' dir='ltr'>τέως</span> <span class='ocrx_word' id='word_1_755' title='bbox 1008 4764 1140 4816; x_wconf 84' lang='grc' dir='ltr'>αὐτὸ</span> <span class='ocrx_word' id='word_1_756' title='bbox 1166 4765 1324 4834; x_wconf 86' lang='grc' dir='ltr'>μόνον</span> <span class='ocrx_word' id='word_1_757' title='bbox 1345 4764 1521 4837; x_wconf 86' lang='grc' dir='ltr'>δηλῶν</span> <span class='ocrx_word' id='word_1_758' title='bbox 1550 4783 1690 4837; x_wconf 84' lang='grc' dir='ltr'>φημι</span> <span class='ocrx_word' id='word_1_759' title='bbox 1716 4784 1726 4798; x_wconf 91' lang='grc'><strong>·</strong></span> <span class='ocrx_word' id='word_1_760' title='bbox 1757 4766 1898 4836; x_wconf 83' lang='grc' dir='ltr'><strong>Ἐγὼ</strong></span> 
     </span>
    </p>
   </div>
   <div class='ocr_carea' id='block_1_94' title="bbox 2000 4762 3578 4837">
    <p class='ocr_par' dir='ltr' id='par_1_94' title="bbox 2000 4763 3578 4837">
     <span class='ocr_line' id='line_1_94' title="bbox 2000 4763 3578 4837; baseline 0.001 -21"><span class='ocrx_word' id='word_1_761' title='bbox 2000 4763 2105 4837; x_wconf 83' lang='lat' dir='ltr'><strong>Ego</strong></span> <span class='ocrx_word' id='word_1_762' title='bbox 2136 4763 2435 4830; x_wconf 89' lang='lat' dir='ltr'><strong>Dominus;</strong></span> <span class='ocrx_word' id='word_1_763' title='bbox 2461 4765 2712 4833; x_wconf 88' lang='lat' dir='ltr'><strong>patribus</strong></span> <span class='ocrx_word' id='word_1_764' title='bbox 2742 4781 2872 4819; x_wconf 86' lang='lat' dir='ltr'><strong>vero</strong></span> <span class='ocrx_word' id='word_1_765' title='bbox 2897 4765 3007 4820; x_wconf 92' lang='lat' dir='ltr'><strong>tuis</strong></span> <span class='ocrx_word' id='word_1_766' title='bbox 3036 4780 3233 4818; x_wconf 90' lang='lat' dir='ltr'><strong>nomen</strong></span> <span class='ocrx_word' id='word_1_767' title='bbox 3260 4779 3437 4817; x_wconf 90' lang='lat' dir='ltr'><strong>meum</strong></span> <span class='ocrx_word' id='word_1_768' title='bbox 3462 4778 3578 4817; x_wconf 84' lang='lat' dir='ltr'><strong>nou</strong></span> 
     </span>
    </p>
   </div>
   <div class='ocr_carea' id='block_1_95' title="bbox 314 4855 1899 4930">
    <p class='ocr_par' dir='ltr' id='par_1_95' title="bbox 314 4855 1899 4930">
     <span class='ocr_line' id='line_1_95' title="bbox 314 4855 1899 4930; baseline 0 -18"><span class='ocrx_word' id='word_1_769' title='bbox 314 4858 552 4930; x_wconf 82' lang='grc' dir='ltr'>Κύριος·</span> <span class='ocrx_word' id='word_1_770' title='bbox 587 4857 700 4919; x_wconf 83' lang='grc' dir='ltr'>τοῖς</span> <span class='ocrx_word' id='word_1_771' title='bbox 731 4855 790 4909; x_wconf 85' lang='grc' dir='ltr'>δὲ</span> <span class='ocrx_word' id='word_1_772' title='bbox 816 4857 926 4918; x_wconf 90' lang='grc' dir='ltr'>σοῖς</span> <span class='ocrx_word' id='word_1_773' title='bbox 958 4856 1197 4925; x_wconf 83' lang='grc' dir='ltr'>πατράσι</span> <span class='ocrx_word' id='word_1_774' title='bbox 1244 4856 1305 4909; x_wconf 88' lang='grc' dir='ltr'><strong>τὸ</strong></span> <span class='ocrx_word' id='word_1_775' title='bbox 1335 4856 1436 4927; x_wconf 83' lang='grc' dir='ltr'><strong>μὲν</strong></span> <span class='ocrx_word' id='word_1_776' title='bbox 1471 4857 1644 4928; x_wconf 76' lang='grc' dir='ltr'>ὄνομα</span> <span class='ocrx_word' id='word_1_777' title='bbox 1671 4875 1773 4928; x_wconf 90' lang='grc' dir='ltr'><strong>μου</strong></span> <span class='ocrx_word' id='word_1_778' title='bbox 1799 4859 1899 4913; x_wconf 83' lang='grc' dir='ltr'><strong>οὑκ</strong></span> 
     </span>
    </p>
   </div>
   <div class='ocr_carea' id='block_1_96' title="bbox 315 4947 1893 5023">
    <p class='ocr_par' dir='ltr' id='par_1_96' title="bbox 315 4947 1893 5023">
     <span class='ocr_line' id='line_1_96' title="bbox 315 4947 1893 5023; baseline -0.001 -17"><span class='ocrx_word' id='word_1_779' title='bbox 315 4952 588 5023; x_wconf 81' lang='grc' dir='ltr'>ἐδήλωσα,</span> <span class='ocrx_word' id='word_1_780' title='bbox 617 4951 711 5006; x_wconf 82' lang='grc' dir='ltr'><strong>καί</strong></span> <span class='ocrx_word' id='word_1_781' title='bbox 745 4948 988 5021; x_wconf 80' lang='grc' dir='ltr'>μείζονος</span> <span class='ocrx_word' id='word_1_782' title='bbox 1013 4948 1125 5021; x_wconf 83' lang='grc' dir='ltr'><strong>γὰρ</strong></span> <span class='ocrx_word' id='word_1_783' title='bbox 1156 4947 1296 5015; x_wconf 75' lang='grc' dir='ltr'>ἄξιοι</span> <span class='ocrx_word' id='word_1_784' title='bbox 1329 4950 1427 5021; x_wconf 85' lang='grc' dir='ltr'><strong>τῆς</strong></span> <span class='ocrx_word' id='word_1_785' title='bbox 1460 4950 1718 5022; x_wconf 85' lang='grc' dir='ltr'>τοιαύτης</span> <span class='ocrx_word' id='word_1_786' title='bbox 1755 4951 1893 5019; x_wconf 86' lang='grc' dir='ltr'>γνώ-</span> 
     </span>
    </p>
   </div>
   <div class='ocr_carea' id='block_1_97' title="bbox 319 5039 1891 5116">
    <p class='ocr_par' dir='ltr' id='par_1_97' title="bbox 319 5039 1891 5116">
     <span class='ocr_line' id='line_1_97' title="bbox 319 5039 1891 5116; baseline -0.003 -17"><span class='ocrx_word' id='word_1_787' title='bbox 319 5064 457 5110; x_wconf 87' lang='grc' dir='ltr'>σεως</span> <span class='ocrx_word' id='word_1_788' title='bbox 502 5044 795 5116; x_wconf 79' lang='grc' dir='ltr'>ἐτύγχανον</span> <span class='ocrx_word' id='word_1_789' title='bbox 839 5043 1017 5105; x_wconf 77' lang='grc' dir='ltr'>ὅντες·</span> <span class='ocrx_word' id='word_1_790' title='bbox 1064 5041 1227 5106; x_wconf 82' lang='grc' dir='ltr'>αὐτὸς</span> <span class='ocrx_word' id='word_1_791' title='bbox 1264 5041 1320 5095; x_wconf 84' lang='grc' dir='ltr'>δὲ</span> <span class='ocrx_word' id='word_1_792' title='bbox 1365 5039 1552 5111; x_wconf 77' lang='grc' dir='ltr'>ὤφθην</span> <span class='ocrx_word' id='word_1_793' title='bbox 1574 5041 1757 5105; x_wconf 87' lang='grc' dir='ltr'>αὑτοῖς</span> <span class='ocrx_word' id='word_1_794' title='bbox 1796 5042 1891 5095; x_wconf 81' lang='grc' dir='ltr'><strong>καὶ</strong></span> 
     </span>
    </p>
   </div>
   <div class='ocr_carea' id='block_1_98' title="bbox 317 5133 1890 5207">
    <p class='ocr_par' dir='ltr' id='par_1_98' title="bbox 317 5133 1890 5207">
     <span class='ocr_line' id='line_1_98' title="bbox 317 5133 1890 5207; baseline -0.004 -14"><span class='ocrx_word' id='word_1_795' title='bbox 317 5140 386 5193; x_wconf 83' lang='grc' dir='ltr'>δι’</span> <span class='ocrx_word' id='word_1_796' title='bbox 414 5137 606 5191; x_wconf 81' lang='grc' dir='ltr'>ἑαυτοῦ</span> <span class='ocrx_word' id='word_1_797' title='bbox 632 5135 911 5207; x_wconf 75' lang='grc' dir='ltr'>(ἐμαυτοῦ)</span> <span class='ocrx_word' id='word_1_798' title='bbox 941 5135 1040 5206; x_wconf 75' lang='grc' dir='ltr'>τὴν</span> <span class='ocrx_word' id='word_1_799' title='bbox 1066 5133 1340 5205; x_wconf 87' lang='grc' dir='ltr'>Διαθήκην</span> <span class='ocrx_word' id='word_1_800' title='bbox 1393 5152 1494 5205; x_wconf 90' lang='grc' dir='ltr'><strong>μου</strong></span> <span class='ocrx_word' id='word_1_801' title='bbox 1527 5136 1664 5206; x_wconf 88' lang='grc' dir='ltr'>πρὸς</span> <span class='ocrx_word' id='word_1_802' title='bbox 1691 5135 1890 5198; x_wconf 80' lang='grc' dir='ltr'>αὐτοὺς</span> 
     </span>
    </p>
   </div>
   <div class='ocr_carea' id='block_1_99' title="bbox 318 5222 1889 5302">
    <p class='ocr_par' dir='ltr' id='par_1_99' title="bbox 318 5222 1889 5302">
     <span class='ocr_line' id='line_1_99' title="bbox 318 5222 1889 5302; baseline -0.002 -20"><span class='ocrx_word' id='word_1_803' title='bbox 318 5230 543 5302; x_wconf 78' lang='grc' dir='ltr'>ἕστησα.</span> <span class='ocrx_word' id='word_1_804' title='bbox 565 5226 836 5299; x_wconf 81' lang='grc' dir='ltr'>Πρόδηλον</span> <span class='ocrx_word' id='word_1_805' title='bbox 864 5227 922 5279; x_wconf 81' lang='grc' dir='ltr'>δὲ</span> <span class='ocrx_word' id='word_1_806' title='bbox 948 5228 1012 5280; x_wconf 86' lang='grc' dir='ltr'><strong>ἐκ</strong></span> <span class='ocrx_word' id='word_1_807' title='bbox 1043 5225 1153 5279; x_wconf 90' lang='grc' dir='ltr'><strong>τῶν</strong></span> <span class='ocrx_word' id='word_1_808' title='bbox 1177 5226 1698 5297; x_wconf 35' lang='grc' dir='ltr'>προαποδεδομένων.</span> <span class='ocrx_word' id='word_1_809' title='bbox 1716 5226 1800 5290; x_wconf 87' lang='grc' dir='ltr'><strong>τίς</strong></span> <span class='ocrx_word' id='word_1_810' title='bbox 1822 5222 1889 5297; x_wconf 85' lang='grc' dir='ltr'>ἦν</span> 
     </span>
    </p>
   </div>
   <div class='ocr_carea' id='block_1_100' title="bbox 317 5316 1891 5391">
    <p class='ocr_par' dir='ltr' id='par_1_100' title="bbox 317 5316 1891 5391">
     <span class='ocr_line' id='line_1_100' title="bbox 317 5316 1891 5391; baseline -0.003 -16"><span class='ocrx_word' id='word_1_811' title='bbox 317 5324 348 5375; x_wconf 89' lang='lat'><strong>6</strong></span> <span class='ocrx_word' id='word_1_812' title='bbox 396 5324 510 5383; x_wconf 81' lang='grc' dir='ltr'>τοῖς</span> <span class='ocrx_word' id='word_1_813' title='bbox 547 5319 818 5391; x_wconf 85' lang='grc' dir='ltr'>πατράσιν</span> <span class='ocrx_word' id='word_1_814' title='bbox 863 5317 1079 5387; x_wconf 75' lang='grc' dir='ltr'>ὀφθείςσ</span> <span class='ocrx_word' id='word_1_815' title='bbox 1112 5318 1302 5371; x_wconf 87' lang='grc' dir='ltr'>τοῦτον</span> <span class='ocrx_word' id='word_1_816' title='bbox 1350 5316 1460 5387; x_wconf 86' lang='grc' dir='ltr'>γὰρ</span> <span class='ocrx_word' id='word_1_817' title='bbox 1506 5317 1891 5388; x_wconf 79' lang='grc' dir='ltr'>ἐξεταζόμενος</span> 
     </span>
    </p>
   </div>
   <div class='ocr_carea' id='block_1_101' title="bbox 318 5406 1889 5481">
    <p class='ocr_par' dir='ltr' id='par_1_101' title="bbox 318 5406 1889 5481">
     <span class='ocr_line' id='line_1_101' title="bbox 318 5406 1889 5481; baseline -0.003 -17"><span class='ocrx_word' id='word_1_818' title='bbox 318 5410 408 5464; x_wconf 79' lang='grc' dir='ltr'><strong>τὸν</strong></span> <span class='ocrx_word' id='word_1_819' title='bbox 438 5409 636 5481; x_wconf 86' lang='grc' dir='ltr'>τρόπον</span> <span class='ocrx_word' id='word_1_820' title='bbox 660 5410 689 5461; x_wconf 92' lang='lat'><strong>6</strong></span> <span class='ocrx_word' id='word_1_821' title='bbox 708 5407 862 5475; x_wconf 84' lang='grc' dir='ltr'>λόγος</span> <span class='ocrx_word' id='word_1_822' title='bbox 890 5406 1027 5479; x_wconf 83' lang='grc' dir='ltr'>πρὸς</span> <span class='ocrx_word' id='word_1_823' title='bbox 1055 5407 1146 5460; x_wconf 86' lang='grc' dir='ltr'><strong>τὸν</strong></span> <span class='ocrx_word' id='word_1_824' title='bbox 1174 5427 1192 5457; x_wconf 76' lang='grc' dir='ltr'><strong>ι</strong></span> <span class='ocrx_word' id='word_1_825' title='bbox 1216 5408 1276 5458; x_wconf 84' lang='grc' dir='ltr'><strong>ἐν</strong></span> <span class='ocrx_word' id='word_1_826' title='bbox 1296 5408 1437 5478; x_wconf 80' lang='grc' dir='ltr'>ἀρχῇ</span> <span class='ocrx_word' id='word_1_827' title='bbox 1460 5407 1595 5478; x_wconf 84' lang='grc' dir='ltr'>πρὸς</span> <span class='ocrx_word' id='word_1_828' title='bbox 1615 5406 1706 5460; x_wconf 84' lang='grc' dir='ltr'><strong>τὸν</strong></span> <span class='ocrx_word' id='word_1_829' title='bbox 1734 5407 1889 5472; x_wconf 82' lang='grc' dir='ltr'>Θεὸν,</span> 
     </span>
    </p>
   </div>
   <div class='ocr_carea' id='block_1_102' title="bbox 318 5498 1889 5570">
    <p class='ocr_par' dir='ltr' id='par_1_102' title="bbox 318 5498 1889 5570">
     <span class='ocr_line' id='line_1_102' title="bbox 318 5498 1889 5570; baseline -0.001 -14"><span class='ocrx_word' id='word_1_830' title='bbox 318 5500 449 5555; x_wconf 84' lang='grc' dir='ltr'>Θεὸν</span> <span class='ocrx_word' id='word_1_831' title='bbox 469 5501 638 5570; x_wconf 85' lang='grc' dir='ltr'>Λόγον</span> <span class='ocrx_word' id='word_1_832' title='bbox 670 5519 688 5551; x_wconf 75' lang='grc' dir='ltr'><strong>ι</strong></span> <span class='ocrx_word' id='word_1_833' title='bbox 733 5500 999 5569; x_wconf 82' lang='grc' dir='ltr'>ὑπάρχειν</span> <span class='ocrx_word' id='word_1_834' title='bbox 1028 5498 1394 5552; x_wconf 83' lang='grc' dir='ltr'>ἀπεδείκνυεν.</span> <span class='ocrx_word' id='word_1_835' title='bbox 1430 5500 1637 5553; x_wconf 81' lang='grc' dir='ltr'>Οὐκοῦν</span> <span class='ocrx_word' id='word_1_836' title='bbox 1662 5502 1691 5554; x_wconf 85' lang='lat'><strong>6</strong></span> <span class='ocrx_word' id='word_1_837' title='bbox 1728 5501 1889 5564; x_wconf 83' lang='grc' dir='ltr'>αὐτὸς</span> 
     </span>
    </p>
   </div>
   <div class='ocr_carea' id='block_1_103' title="bbox 322 5590 1877 5663">
    <p class='ocr_par' dir='ltr' id='par_1_103' title="bbox 322 5590 1877 5663">
     <span class='ocr_line' id='line_1_103' title="bbox 322 5590 1877 5663; baseline -0.001 -16"><span class='ocrx_word' id='word_1_838' title='bbox 322 5594 419 5648; x_wconf 68' lang='grc' dir='ltr'>καὶ</span> <span class='ocrx_word' id='word_1_839' title='bbox 457 5594 553 5647; x_wconf 88' lang='grc' dir='ltr'><strong>νῦν</strong></span> <span class='ocrx_word' id='word_1_840' title='bbox 589 5590 931 5663; x_wconf 75' lang='grc' dir='ltr'>ἐπιφαίνεται</span> <span class='ocrx_word' id='word_1_841' title='bbox 957 5628 970 5656; x_wconf 85' lang='grc'><strong>,</strong></span> <span class='ocrx_word' id='word_1_842' title='bbox 993 5590 1109 5645; x_wconf 79' lang='grc' dir='ltr'>ἀλλ’</span> <span class='ocrx_word' id='word_1_843' title='bbox 1130 5591 1229 5661; x_wconf 87' lang='grc' dir='ltr'><strong>οὐχ</strong></span> <span class='ocrx_word' id='word_1_844' title='bbox 1245 5591 1446 5661; x_wconf 84' lang='grc' dir='ltr'>ὁμοίως</span> <span class='ocrx_word' id='word_1_845' title='bbox 1459 5607 1523 5659; x_wconf 88' lang='grc' dir='ltr'><strong>γε</strong></span> <span class='ocrx_word' id='word_1_846' title='bbox 1534 5594 1646 5655; x_wconf 85' lang='grc' dir='ltr'>τοῖς</span> <span class='ocrx_word' id='word_1_847' title='bbox 1664 5593 1877 5663; x_wconf 87' lang='grc' dir='ltr'>προπά-</span> 
     </span>
    </p>
   </div>
   <div class='ocr_carea' id='block_1_104' title="bbox 393 5706 1949 5775">
    <p class='ocr_par' dir='ltr' id='par_1_104' title="bbox 393 5706 1949 5775">
     <span class='ocr_line' id='line_1_104' title="bbox 393 5706 1949 5775; baseline 0.004 -15"><span class='ocrx_word' id='word_1_848' title='bbox 393 5708 440 5740; x_wconf 73' lang='grc'><strong>⁸⁵</strong></span> <span class='ocrx_word' id='word_1_849' title='bbox 478 5706 636 5764; x_wconf 80' lang='lat' dir='ltr'><strong>Rom.</strong></span> <span class='ocrx_word' id='word_1_850' title='bbox 670 5724 722 5763; x_wconf 72' lang='grc' dir='ltr'>ιχ</span> <span class='ocrx_word' id='word_1_851' title='bbox 746 5749 760 5769; x_wconf 84' lang='grc'><strong>,</strong></span> <span class='ocrx_word' id='word_1_852' title='bbox 788 5708 879 5762; x_wconf 69' lang='grc'><strong>29.</strong></span> <span class='ocrx_word' id='word_1_853' title='bbox 954 5707 999 5740; x_wconf 82' lang='grc'><strong>⁸⁸</strong></span> <span class='ocrx_word' id='word_1_854' title='bbox 1036 5706 1183 5762; x_wconf 85' lang='lat' dir='ltr'><strong>Psal.</strong></span> <span class='ocrx_word' id='word_1_855' title='bbox 1217 5708 1443 5775; x_wconf 56' lang='lat' dir='ltr'><strong>Clx,l;</strong></span> <span class='ocrx_word' id='word_1_856' title='bbox 1482 5710 1602 5763; x_wconf 81' lang='lat' dir='ltr'><strong>Act.</strong></span> <span class='ocrx_word' id='word_1_857' title='bbox 1642 5724 1682 5775; x_wconf 90' lang='grc' dir='ltr'><strong>ι,</strong></span> <span class='ocrx_word' id='word_1_858' title='bbox 1731 5709 1823 5772; x_wconf 74' lang='grc'><strong>⁸54,</strong></span> <span class='ocrx_word' id='word_1_859' title='bbox 1859 5710 1949 5767; x_wconf 79' lang='lat'><strong>55.</strong></span> 
     </span>
    </p>
   </div>
   <div class='ocr_carea' id='block_1_105' title="bbox 1996 4854 3573 4927">
    <p class='ocr_par' dir='ltr' id='par_1_105' title="bbox 1996 4854 3573 4927">
     <span class='ocr_line' id='line_1_105' title="bbox 1996 4854 3573 4927; baseline -0.003 -16"><span class='ocrx_word' id='word_1_860' title='bbox 1996 4856 2255 4919; x_wconf 84' lang='lat' dir='ltr'><strong>iudicavi,</strong></span> <span class='ocrx_word' id='word_1_861' title='bbox 2287 4857 2487 4925; x_wconf 89' lang='lat' dir='ltr'><strong>quippe</strong></span> <span class='ocrx_word' id='word_1_862' title='bbox 2518 4857 2713 4926; x_wconf 86' lang='lat' dir='ltr'><strong>majori</strong></span> <span class='ocrx_word' id='word_1_863' title='bbox 2742 4857 2973 4911; x_wconf 88' lang='lat' dir='ltr'><strong>scientia</strong></span> <span class='ocrx_word' id='word_1_864' title='bbox 3009 4857 3210 4927; x_wconf 77' lang='lat' dir='ltr'><strong>dignis.</strong></span> <span class='ocrx_word' id='word_1_865' title='bbox 3245 4854 3365 4924; x_wconf 86' lang='lat' dir='ltr'><strong>Ipse</strong></span> <span class='ocrx_word' id='word_1_866' title='bbox 3392 4863 3573 4909; x_wconf 86' lang='lat' dir='ltr'><strong>autem</strong></span> 
     </span>
    </p>
   </div>
   <div class='ocr_carea' id='block_1_106' title="bbox 1999 4947 3571 5018">
    <p class='ocr_par' dir='ltr' id='par_1_106' title="bbox 1999 4947 3571 5018">
     <span class='ocr_line' id='line_1_106' title="bbox 1999 4947 3571 5018; baseline -0.002 -17"><span class='ocrx_word' id='word_1_867' title='bbox 1999 4947 2223 5016; x_wconf 86' lang='lat' dir='ltr'><strong>apparui</strong></span> <span class='ocrx_word' id='word_1_868' title='bbox 2254 4947 2359 5011; x_wconf 88' lang='lat' dir='ltr'><strong>eis,</strong></span> <span class='ocrx_word' id='word_1_869' title='bbox 2413 4955 2467 5002; x_wconf 91' lang='lat' dir='ltr'><strong>et</strong></span> <span class='ocrx_word' id='word_1_870' title='bbox 2501 4964 2600 5018; x_wconf 86' lang='lat' dir='ltr'><strong>per</strong></span> <span class='ocrx_word' id='word_1_871' title='bbox 2630 4948 2900 5018; x_wconf 85' lang='lat' dir='ltr'><strong>meipsum</strong></span> <span class='ocrx_word' id='word_1_872' title='bbox 2932 4947 3339 5003; x_wconf 87' lang='lat' dir='ltr'><strong>Testamentum</strong></span> <span class='ocrx_word' id='word_1_873' title='bbox 3390 4962 3571 5000; x_wconf 89' lang='lat' dir='ltr'><strong>meum</strong></span> 
     </span>
    </p>
   </div>
   <div class='ocr_carea' id='block_1_107' title="bbox 1977 5039 3577 5112">
    <p class='ocr_par' dir='ltr' id='par_1_107' title="bbox 1977 5039 3577 5112">
     <span class='ocr_line' id='line_1_107' title="bbox 1977 5039 3577 5112; baseline -0.004 -17"><span class='ocrx_word' id='word_1_874' title='bbox 1977 5057 2120 5095; x_wconf 75' lang='lat' dir='ltr'><strong>cum</strong></span> <span class='ocrx_word' id='word_1_875' title='bbox 2160 5041 2241 5094; x_wconf 88' lang='lat' dir='ltr'><strong>eis</strong></span> <span class='ocrx_word' id='word_1_876' title='bbox 2280 5041 2479 5111; x_wconf 83' lang='lat' dir='ltr'><strong>pepigi.</strong></span> <span class='ocrx_word' id='word_1_877' title='bbox 2515 5041 2746 5097; x_wconf 89' lang='lat' dir='ltr'><strong>Constat</strong></span> <span class='ocrx_word' id='word_1_878' title='bbox 2790 5041 3120 5112; x_wconf 85' lang='lat' dir='ltr'><strong>supradictis</strong></span> <span class='ocrx_word' id='word_1_879' title='bbox 3170 5041 3294 5109; x_wconf 88' lang='lat' dir='ltr'><strong>quis</strong></span> <span class='ocrx_word' id='word_1_880' title='bbox 3324 5039 3577 5109; x_wconf 86' lang='lat' dir='ltr'><strong>patribus.</strong></span> 
     </span>
    </p>
   </div>
   <div class='ocr_carea' id='block_1_108' title="bbox 1999 5134 3570 5204">
    <p class='ocr_par' dir='ltr' id='par_1_108' title="bbox 1999 5134 3570 5204">
     <span class='ocr_line' id='line_1_108' title="bbox 1999 5134 3570 5204; baseline -0.001 -18"><span class='ocrx_word' id='word_1_881' title='bbox 1999 5134 2329 5203; x_wconf 84' lang='lat' dir='ltr'><strong>apparuerit.</strong></span> <span class='ocrx_word' id='word_1_882' title='bbox 2358 5134 2533 5204; x_wconf 83' lang='lat' dir='ltr'><strong>Hujus</strong></span> <span class='ocrx_word' id='word_1_883' title='bbox 2565 5138 2708 5190; x_wconf 89' lang='lat' dir='ltr'><strong>enim</strong></span> <span class='ocrx_word' id='word_1_884' title='bbox 2754 5136 2858 5190; x_wconf 87' lang='lat' dir='ltr'><strong>loci</strong></span> <span class='ocrx_word' id='word_1_885' title='bbox 2891 5134 3200 5203; x_wconf 81' lang='lat' dir='ltr'><strong>explanatio</strong></span> <span class='ocrx_word' id='word_1_886' title='bbox 3229 5149 3351 5187; x_wconf 90' lang='lat' dir='ltr'><strong>eum</strong></span> <span class='ocrx_word' id='word_1_887' title='bbox 3384 5139 3570 5185; x_wconf 80' lang='lat' dir='ltr'><strong>osten-</strong></span> 
     </span>
    </p>
   </div>
   <div class='ocr_carea' id='block_1_109' title="bbox 1996 5224 3578 5298">
    <p class='ocr_par' dir='ltr' id='par_1_109' title="bbox 1996 5224 3578 5298">
     <span class='ocr_line' id='line_1_109' title="bbox 1996 5224 3578 5298; baseline -0.001 -20"><span class='ocrx_word' id='word_1_888' title='bbox 1996 5225 2078 5279; x_wconf 83' lang='lat' dir='ltr'><strong>dit</strong></span> <span class='ocrx_word' id='word_1_889' title='bbox 2123 5242 2244 5282; x_wconf 86' lang='lat' dir='ltr'><strong>esse</strong></span> <span class='ocrx_word' id='word_1_890' title='bbox 2300 5246 2319 5281; x_wconf 79' lang='grc' dir='ltr'><strong>ι</strong></span> <span class='ocrx_word' id='word_1_891' title='bbox 2372 5228 2427 5282; x_wconf 90' lang='lat' dir='ltr'><strong>in</strong></span> <span class='ocrx_word' id='word_1_892' title='bbox 2475 5229 2749 5298; x_wconf 73' lang='lat' dir='ltr'><strong>principio</strong></span> <span class='ocrx_word' id='word_1_893' title='bbox 2793 5227 2935 5296; x_wconf 90' lang='lat' dir='ltr'><strong>apud</strong></span> <span class='ocrx_word' id='word_1_894' title='bbox 2986 5226 3175 5287; x_wconf 90' lang='lat' dir='ltr'><strong>Deum,</strong></span> <span class='ocrx_word' id='word_1_895' title='bbox 3228 5225 3394 5280; x_wconf 89' lang='lat' dir='ltr'><strong>Deum</strong></span> <span class='ocrx_word' id='word_1_896' title='bbox 3438 5224 3578 5278; x_wconf 63' lang='lat' dir='ltr'><strong>Ver--</strong></span> 
     </span>
    </p>
   </div>
   <div class='ocr_carea' id='block_1_110' title="bbox 1997 5316 3571 5391">
    <p class='ocr_par' dir='ltr' id='par_1_110' title="bbox 1997 5316 3571 5391">
     <span class='ocr_line' id='line_1_110' title="bbox 1997 5316 3571 5391; baseline -0.002 -20"><span class='ocrx_word' id='word_1_897' title='bbox 1997 5316 2222 5373; x_wconf 71' lang='lat' dir='ltr'><strong>bum”.</strong></span> <span class='ocrx_word' id='word_1_898' title='bbox 2263 5338 2282 5370; x_wconf 73' lang='grc' dir='ltr'><strong>ι</strong></span> <span class='ocrx_word' id='word_1_899' title='bbox 2320 5318 2469 5374; x_wconf 86' lang='lat' dir='ltr'><strong>Idem</strong></span> <span class='ocrx_word' id='word_1_900' title='bbox 2509 5321 2676 5391; x_wconf 88' lang='lat' dir='ltr'><strong>igitur</strong></span> <span class='ocrx_word' id='word_1_901' title='bbox 2728 5336 2874 5373; x_wconf 89' lang='lat' dir='ltr'><strong>nunc</strong></span> <span class='ocrx_word' id='word_1_902' title='bbox 2911 5334 3127 5389; x_wconf 90' lang='lat' dir='ltr'><strong>quoque</strong></span> <span class='ocrx_word' id='word_1_903' title='bbox 3166 5318 3571 5378; x_wconf 82' lang='lat' dir='ltr'><strong>manifestatur,</strong></span> 
     </span>
    </p>
   </div>
   <div class='ocr_carea' id='block_1_111' title="bbox 1999 5408 3569 5479">
    <p class='ocr_par' dir='ltr' id='par_1_111' title="bbox 1999 5408 3569 5479">
     <span class='ocr_line' id='line_1_111' title="bbox 1999 5408 3569 5479; baseline -0.003 -14"><span class='ocrx_word' id='word_1_904' title='bbox 1999 5409 2095 5465; x_wconf 90' lang='lat' dir='ltr'><strong>sed</strong></span> <span class='ocrx_word' id='word_1_905' title='bbox 2138 5426 2249 5465; x_wconf 90' lang='lat' dir='ltr'><strong>non</strong></span> <span class='ocrx_word' id='word_1_906' title='bbox 2280 5412 2471 5467; x_wconf 89' lang='lat' dir='ltr'><strong>eodem</strong></span> <span class='ocrx_word' id='word_1_907' title='bbox 2525 5411 2687 5466; x_wconf 89' lang='lat' dir='ltr'><strong>modo</strong></span> <span class='ocrx_word' id='word_1_908' title='bbox 2715 5426 2824 5479; x_wconf 90' lang='lat' dir='ltr'><strong>quo</strong></span> <span class='ocrx_word' id='word_1_909' title='bbox 2875 5410 3140 5479; x_wconf 87' lang='lat' dir='ltr'><strong>patribus.</strong></span> <span class='ocrx_word' id='word_1_910' title='bbox 3194 5408 3288 5461; x_wconf 82' lang='lat' dir='ltr'><strong>His</strong></span> <span class='ocrx_word' id='word_1_911' title='bbox 3333 5408 3477 5461; x_wconf 78' lang='lat' dir='ltr'><strong>cnim</strong></span> <span class='ocrx_word' id='word_1_912' title='bbox 3514 5417 3569 5460; x_wconf 85' lang='lat' dir='ltr'><strong>ut</strong></span> 
     </span>
    </p>
   </div>
   <div class='ocr_carea' id='block_1_112' title="bbox 1995 5500 3563 5575">
    <p class='ocr_par' dir='ltr' id='par_1_112' title="bbox 1995 5500 3563 5575">
     <span class='ocr_line' id='line_1_112' title="bbox 1995 5500 3563 5575; baseline -0.003 -19"><span class='ocrx_word' id='word_1_913' title='bbox 1995 5503 2297 5574; x_wconf 81' lang='lat' dir='ltr'><strong>majoribus</strong></span> <span class='ocrx_word' id='word_1_914' title='bbox 2328 5511 2383 5560; x_wconf 89' lang='lat' dir='ltr'><strong>et</strong></span> <span class='ocrx_word' id='word_1_915' title='bbox 2409 5503 2833 5575; x_wconf 86' lang='lat' dir='ltr'><strong>perfectioribus</strong></span> <span class='ocrx_word' id='word_1_916' title='bbox 2861 5501 2978 5571; x_wconf 85' lang='lat' dir='ltr'><strong>ipse</strong></span> <span class='ocrx_word' id='word_1_917' title='bbox 3006 5500 3158 5554; x_wconf 82' lang='lat' dir='ltr'><strong>visus</strong></span> <span class='ocrx_word' id='word_1_918' title='bbox 3179 5507 3264 5552; x_wconf 88' lang='lat' dir='ltr'><strong>est</strong></span> <span class='ocrx_word' id='word_1_919' title='bbox 3289 5508 3341 5551; x_wconf 90' lang='lat' dir='ltr'><strong>et</strong></span> <span class='ocrx_word' id='word_1_920' title='bbox 3371 5514 3464 5567; x_wconf 80' lang='lat' dir='ltr'><strong>per</strong></span> <span class='ocrx_word' id='word_1_921' title='bbox 3487 5514 3563 5551; x_wconf 73' lang='lat' dir='ltr'><strong>5c.-</strong></span> 
     </span>
    </p>
   </div>
   <div class='ocr_carea' id='block_1_113' title="bbox 1993 5588 3573 5665">
    <p class='ocr_par' dir='ltr' id='par_1_113' title="bbox 1993 5588 3573 5665">
     <span class='ocr_line' id='line_1_113' title="bbox 1993 5588 3573 5665; baseline -0.004 -17"><span class='ocrx_word' id='word_1_922' title='bbox 1993 5595 2173 5665; x_wconf 87' lang='lat' dir='ltr'><strong>ipsum</strong></span> <span class='ocrx_word' id='word_1_923' title='bbox 2212 5594 2621 5652; x_wconf 85' lang='lat' dir='ltr'><strong>Testamentum</strong></span> <span class='ocrx_word' id='word_1_924' title='bbox 2652 5609 2811 5651; x_wconf 87' lang='lat' dir='ltr'><strong>suum</strong></span> <span class='ocrx_word' id='word_1_925' title='bbox 2850 5608 2973 5647; x_wconf 89' lang='lat' dir='ltr'><strong>cum</strong></span> <span class='ocrx_word' id='word_1_926' title='bbox 3020 5593 3090 5648; x_wconf 89' lang='lat' dir='ltr'><strong>iis</strong></span> <span class='ocrx_word' id='word_1_927' title='bbox 3131 5592 3353 5661; x_wconf 84' lang='lat' dir='ltr'><strong>pepigit.</strong></span> <span class='ocrx_word' id='word_1_928' title='bbox 3398 5588 3573 5661; x_wconf 77' lang='lat' dir='ltr'><strong>Moysi</strong></span> 
     </span>
    </p>
   </div>
   <div class='ocr_carea' id='block_1_114' title="bbox 2052 5706 3565 5783">
    <p class='ocr_par' dir='ltr' id='par_1_114' title="bbox 2052 5706 3565 5783">
     <span class='ocr_line' id='line_1_114' title="bbox 2052 5706 3565 5783; baseline -0.001 -19"><span class='ocrx_word' id='word_1_929' title='bbox 2052 5711 2098 5783; x_wconf 57' lang='lat' dir='ltr'><strong>3f</strong></span> <span class='ocrx_word' id='word_1_930' title='bbox 2136 5710 2332 5783; x_wconf 87' lang='lat' dir='ltr'><strong>Philip.</strong></span> <span class='ocrx_word' id='word_1_931' title='bbox 2365 5729 2439 5780; x_wconf 85' lang='lat' dir='ltr'><strong>ll,</strong></span> <span class='ocrx_word' id='word_1_932' title='bbox 2483 5713 2570 5767; x_wconf 86' lang='lat' dir='ltr'><strong>l0.</strong></span> <span class='ocrx_word' id='word_1_933' title='bbox 2672 5711 2716 5743; x_wconf 80' lang='grc'><strong>⁸⁷</strong></span> <span class='ocrx_word' id='word_1_934' title='bbox 2758 5709 2930 5765; x_wconf 80' lang='lat' dir='ltr'><strong>Exod;</strong></span> <span class='ocrx_word' id='word_1_935' title='bbox 2973 5724 3071 5764; x_wconf 84' lang='grc' dir='ltr'>ιη.</span> <span class='ocrx_word' id='word_1_936' title='bbox 3109 5710 3158 5762; x_wconf 84' lang='lat' dir='ltr'><strong>l.</strong></span> <span class='ocrx_word' id='word_1_937' title='bbox 3260 5708 3307 5741; x_wconf 78' lang='grc'><strong>⁸⁸</strong></span> <span class='ocrx_word' id='word_1_938' title='bbox 3346 5707 3480 5763; x_wconf 71' lang='lat' dir='ltr'><strong>ibid.</strong></span> <span class='ocrx_word' id='word_1_939' title='bbox 3511 5706 3565 5763; x_wconf 68' lang='grc'>2.</span> 
     </span>
    </p>
   </div>
   <div class='ocr_carea' id='block_1_115' title="bbox 323 5776 2121 5846">
    <p class='ocr_par' dir='ltr' id='par_1_115' title="bbox 323 5776 2121 5846">
     <span class='ocr_line' id='line_1_115' title="bbox 323 5776 2121 5846; baseline 0.004 -15"><span class='ocrx_word' id='word_1_940' title='bbox 323 5776 371 5809; x_wconf 78' lang='grc'><strong>⁸⁹</strong></span> <span class='ocrx_word' id='word_1_941' title='bbox 411 5777 539 5833; x_wconf 86' lang='lat' dir='ltr'><strong>ibid.</strong></span> <span class='ocrx_word' id='word_1_942' title='bbox 582 5779 635 5832; x_wconf 69' lang='grc'>4.</span> <span class='ocrx_word' id='word_1_943' title='bbox 707 5782 754 5812; x_wconf 82' lang='grc'><strong>⁹⁰</strong></span> <span class='ocrx_word' id='word_1_944' title='bbox 792 5777 922 5835; x_wconf 83' lang='lat' dir='ltr'><strong>ibid.</strong></span> <span class='ocrx_word' id='word_1_945' title='bbox 961 5779 1047 5834; x_wconf 80' lang='grc' dir='ltr'>Η.</span> <span class='ocrx_word' id='word_1_946' title='bbox 1122 5777 1165 5808; x_wconf 81' lang='grc'><strong>⁹¹</strong></span> <span class='ocrx_word' id='word_1_947' title='bbox 1206 5776 1376 5833; x_wconf 78' lang='lat' dir='ltr'><strong>Exod.</strong></span> <span class='ocrx_word' id='word_1_948' title='bbox 1411 5794 1505 5846; x_wconf 73' lang='grc' dir='ltr'><strong>γι,</strong></span> <span class='ocrx_word' id='word_1_949' title='bbox 1532 5779 1623 5834; x_wconf 73' lang='grc'><strong>2-4</strong></span> <span class='ocrx_word' id='word_1_950' title='bbox 1719 5782 1762 5812; x_wconf 81' lang='grc'><strong>⁹²</strong></span> <span class='ocrx_word' id='word_1_951' title='bbox 1799 5778 1960 5837; x_wconf 76' lang='lat' dir='ltr'><strong>Joah.</strong></span> <span class='ocrx_word' id='word_1_952' title='bbox 1994 5796 2035 5846; x_wconf 88' lang='grc'>1,</span> <span class='ocrx_word' id='word_1_953' title='bbox 2071 5782 2121 5838; x_wconf 79' lang='grc'><strong>1.</strong></span> 
     </span>
    </p>
   </div>
   <div class='ocr_carea' id='block_1_116' title="bbox 398 5887 1365 5964">
    <p class='ocr_par' dir='ltr' id='par_1_116' title="bbox 398 5887 1365 5964">
     <span class='ocr_line' id='line_1_116' title="bbox 398 5887 1365 5964; baseline 0.01 -21"><span class='ocrx_word' id='word_1_954' title='bbox 398 5892 475 5962; x_wconf 83' lang='grc'><strong>(1)</strong></span> <span class='ocrx_word' id='word_1_955' title='bbox 522 5893 623 5959; x_wconf 68' lang='grc' dir='ltr'><strong>Ίξό.</strong></span> <span class='ocrx_word' id='word_1_956' title='bbox 653 5895 815 5952; x_wconf 84' lang='lat' dir='ltr'><strong>Forte</strong></span> <span class='ocrx_word' id='word_1_957' title='bbox 845 5887 910 5964; x_wconf 83' lang='grc' dir='ltr'><strong>ᾧ,</strong></span> <span class='ocrx_word' id='word_1_958' title='bbox 950 5896 1036 5953; x_wconf 84' lang='lat' dir='ltr'><strong>vel</strong></span> <span class='ocrx_word' id='word_1_959' title='bbox 1062 5890 1161 5960; x_wconf 77' lang='grc' dir='ltr'>οἷς.</span> <span class='ocrx_word' id='word_1_960' title='bbox 1205 5893 1365 5953; x_wconf 73' lang='grc' dir='ltr'>Εῡιτ.</span> 
     </span>
    </p>
   </div>
  </div>
