4106 6434
478 431 612 490 1031

1218 437 1488 493 EUSEBll
1521 439 2001 496 C/ESARIENSIS
2040 439 2190 494 OPP.
2235 438 2416 495 PARS
2446 433 3030 496 lll.—EXEGETICA.

3604 441 3759 498 1052'

477 564 610 605 vero
637 548 791 603 visus
821 555 906 604 est
938 563 1048 603 non
1101 548 1388 616 Dominus,
1425 553 1520 608 sed
1553 569 1809 625 angelus;
1845 554 2060 609 vocavit

2181 569 2346 623 τορσιν
2372 570 2384 582 ·
2438 553 2666 616 ἐκείνοις
2723 553 2830 623 γὰρ
2871 552 2967 606 ἂτε
3010 552 3217 623 μείζοσι
3253 553 3346 607 καὶ
3389 555 3741 628 τελειοτέροις

479 656 603 694 eum
639 655 748 694 non
770 640 884 708 jam
917 641 1163 710 angelus,
1197 643 1290 696 sed
1327 643 1608 700 Dominus.
1645 645 1906 701 Dominus
1935 647 2057 716 qui-

479 735 602 786 dem
636 739 754 786 erat
782 733 1123 801 pracipiens,
1160 737 1384 806 angelus
1419 753 1547 790 vero
1577 738 1758 792 divina
1797 754 2059 809 exseque-

479 823 642 876 batur
673 821 950 876 mandata.
987 821 1115 878 lnde
1149 823 1424 879 interdum
1461 826 1636 896 legere
1664 835 1748 882 est
1783 829 1839 882 in
1869 837 2060 884 sancto

477 914 769 983 Apostolo:
797 933 815 964 ι
839 915 942 978 Qui
979 915 1129 970 solus
1159 917 1384 972 ordinas
1414 933 1512 987 per
1547 920 1768 990 angelos
1801 921 1857 973 in
1893 935 2056 975 manu

482 1005 802 1059 Mediatoris
835 1005 918 1070 ⁰³;
955 1025 973 1058 ι
1009 1014 1062 1060 et
1091 1026 1104 1061 :
1147 1027 1165 1058 ι
1203 1006 1261 1061 Si
1293 1010 1437 1062 enim
1471 1011 1563 1080 qui
1597 1025 1692 1078 per
1727 1012 1951 1080 angelos
1977 1013 2059 1066 di-

479 1102 603 1149 ctus
645 1101 729 1148 est
771 1109 973 1158 sermo,
1021 1093 1200 1149 factus
1246 1105 1330 1151 est
1375 1097 1563 1154 ﬁrmus
1593 1099 1661 1153 οδ.
1709 1118 1728 1150 ι
1774 1098 2061 1155 Manifeste

481 1185 649 1254 igitur
685 1186 912 1254 angelus
936 1187 1210 1254 apparuit,
1245 1195 1300 1241 et
1331 1187 1595 1244 Dominus
1617 1205 1712 1259 per
1737 1205 1860 1245 eum
1886 1191 2062 1244 mani-

481 1280 804 1336 festabatur.
841 1279 952 1335 Nec
985 1282 1150 1336 semel
1205 1281 1450 1339 invenias
1482 1285 1540 1338 in
1581 1287 1730 1340 omni
1764 1287 1879 1358 lege
1913 1288 2062 1342 Scri-

482 1379 701 1440 pturam
737 1369 1069 1424 indicantem
1105 1369 1277 1440 Moysi
1310 1373 1489 1426 visum
1532 1373 1704 1430 fuisse
1760 1375 1930 1430 Deum
1977 1377 2062 1433 vel

484 1456 799 1520 Dominum,
828 1458 974 1528 quod
1013 1457 1080 1512 de
1123 1461 1255 1514 solis
1285 1461 1463 1518 tribus
1491 1464 1822 1532 patriarcbis
1851 1465 2064 1522 videtur

486 1564 609 1603 esse
637 1548 865 1603 dictum.
889 1549 935 1602 Ε
966 1551 1165 1620 quibus
1208 1561 1451 1622 apertum
1498 1564 1581 1610 est
1634 1571 1850 1611 omnem
1887 1559 2060 1628 legem

488 1637 770 1694 llebraieae
803 1643 979 1710 gentis
1011 1643 1345 1708 hominibus,
1372 1651 1432 1698 ut
1464 1653 1645 1702 mente
1669 1647 2064 1708 inﬁrmioribus

487 1735 541 1781 et
565 1729 668 1782 sub
699 1729 838 1785 duce
860 1734 1191 1797 constitutis,
1218 1735 1471 1788 traditam
1503 1740 1662 1806 quasi
1689 1755 1786 1808 per
1816 1742 2067 1814 paedago-

489 1839 586 1892 gos
619 1833 782 1894 atque
829 1828 1201 1884 moderatores
1251 1829 1442 1896 fuisse,
1479 1849 1580 1888 nec
1627 1851 1735 1891 non
1773 1839 1953 1908 typice
1983 1843 2063 1898 eis

489 1925 543 1970 et
576 1919 872 1987 symbolice
904 1921 1086 1976 divina
1123 1925 1378 1980 mandata
1404 1930 1644 1985 revelata
1674 1930 1863 1999 fuisse,
1901 1945 2062 2005 prout

491 2007 741 2063 altiorem
790 2011 1201 2085 spiritalemque
1255 2016 1602 2090 disciplinam
1656 2025 1906 2095 accipere
1956 2043 2066 2082 non

489 2101 820 2167 valentibus,
868 2105 1196 2190 quippe-qui
1248 2109 1572 2182 ,‘Egyptiaca
1624 2117 1854 2172 mollitie
1909 2121 2067 2189 pueri

490 2193 706 2249 educati
736 2205 913 2260 erant,
947 2207 1000 2253 et
1025 2201 1196 2256 multa
1224 2203 1402 2258 adhuc
1433 2208 1790 2264 conversione
1819 2209 2070 2282 indigen-

491 2285 828 2353 tes;quibus
864 2287 1004 2356 ignis
1025 2304 1150 2344 esse
1185 2292 1327 2347 Deus
1353 2293 1558 2349 dicitur
1594 2315 1608 2352 :
1645 2315 1664 2348 ‹
1708 2296 1854 2354 Deus
1883 2309 2072 2356 noster

492 2377 634 2446 ignis
661 2392 992 2435 consumens
1031 2383 1100 2447 ³⁵,
1142 2402 1160 2435 ι
1190 2385 1336 2454 quod
1372 2389 1596 2445 minime
1626 2390 1692 2445 de
1741 2393 2068 2462 patriarchis

492 2469 716 2526 dicitur.
751 2471 952 2528 Verum
979 2491 1104 2530 cum
1133 2479 1256 2534 illos
1278 2479 1433 2549 jubet
1465 2497 1523 2537 se
1551 2483 1844 2552 puriﬁcare
1873 2494 1933 2540 ut
1955 2487 2072 2558 glo—

495 2561 628 2616 riam
667 2563 879 2620 Domini
916 2569 1156 2636 videant,
1187 2586 1296 2626 non
1340 2573 1482 2630 sicut
1532 2575 1600 2632 de
1647 2576 1981 2644 Abrahamo,
2018 2587 2073 2635 et

491 2652 706 2720 lsaaco,
731 2665 785 2710 et
810 2657 1014 2714 Iacobo
1042 2663 1359 2732 simpliciter
1372 2665 1575 2719 dicitur
1594 2665 1764 2722 Deum
1783 2669 1862 2724 eis
1895 2670 2073 2726 visum

493 2763 638 2810 esse,
687 2749 781 2802 sed
823 2749 938 2806 haec
985 2753 1181 2809 eadem
1211 2756 1383 2810 multo
1432 2764 1486 2812 et
1528 2759 1770 2814 terriﬁco
1806 2771 2073 2832 apparatu

495 2848 887 2894 narranturzt
944 2843 1177 2915 Jamque
1235 2845 1528 2902 advenerat
1566 2851 1764 2906 tertius
1823 2851 1961 2917 dies,
2020 2862 2076 2910 et

498 2943 657 2982 mane
683 2928 1053 2986 inclaruerat:
1079 2942 1132 2990 et
1153 2949 1279 2990 ecce
1308 2946 1594 3006 coeperunt
1612 2940 1788 2994 audiri
1811 2943 2072 3009 tonitrua,

498 3033 562 3072 ac
610 3020 812 3076 micare
865 3021 1119 3092 fulgura,
1174 3032 1228 3080 et
1274 3027 1451 3084 nubes
1489 3029 1819 3087 densissima
1863 3035 2078 3103 operire

499 3119 764 3174 montem,
806 3113 1138 3185 clangorque
1170 3117 1416 3174 buccinae
1456 3121 1830 3180 vehementius
1865 3134 2075 3198 strepe-

501 3200 612 3254 bat.
645 3200 710 3254 Et
743 3203 925 3257 timuit
957 3208 1192 3274 populus
1225 3209 1317 3279 qui
1347 3218 1465 3265 erat
1499 3213 1554 3266 in
1589 3215 1806 3272 castris.
1831 3217 2079 3289 Cumque
2108 3254 2115 3289 λ

502 3289 781 3347 eduxisset
796 3308 892 3348 eos
909 3293 1120 3366 Moyses
1137 3298 1192 3351 in
1206 3313 1497 3355 occursum
1517 3301 1612 3358 Dei
1635 3304 1701 3359 de
1723 3305 1845 3361 loco
1866 3317 2081 3364 castro-

505 3399 649 3448 rum,
709 3393 977 3443 steterunt
1028 3390 1097 3444 ad
1150 3392 1366 3450 radices
1419 3398 1642 3454 montis.
1688 3397 1858 3456 Totus
1898 3411 2078 3459 autem

505 3492 662 3532 mons
699 3476 848 3533 Sinai
885 3479 1178 3538 fluitabat;
1209 3501 1275 3540 eo
1308 3487 1451 3556 quod
1486 3489 1861 3547 descendisset
1895 3493 2081 3549 Domi-

505 3583 608 3623 nus
634 3585 798 3638 super
822 3586 946 3625 eum
978 3572 1033 3627 in
1066 3575 1209 3644 igne,
1244 3585 1298 3631 et
1327 3580 1648 3636 ascenderet
1699 3583 1886 3640 fumus
1923 3603 1989 3643 ex
2017 3604 2082 3643 eo

506 3661 664 3726 quasi
699 3662 766 3716 de
815 3663 1035 3720 fornace
1073 3686 1085 3720 :
1119 3675 1174 3722 et
1212 3671 1394 3724 stabat
1431 3674 1611 3729 omnis
1653 3679 1888 3747 populus
1918 3681 2082 3736 vehe-

509 3759 720 3805 menter
758 3756 1114 3812 conterritus.
1170 3758 1236 3814 Et
1283 3763 1498 3820 sonitus
1543 3765 1790 3824 buccinae
1823 3773 2083 3839 paulatim

507 3845 789 3898 crescebat
818 3847 872 3900 in
901 3849 1083 3917 majus
1114 3859 1170 3904 et
1198 3853 1464 3920 prolixius
1492 3856 1836 3914 tendebatur.
1873 3860 2086 3931 Moyses

511 3933 836 4004 loquebatur
869 3945 922 3993 et
959 3938 1103 3996 Deus
1147 3945 1512 4014 respondebat
1560 3951 1630 4004 ei.
1690 3949 2089 4022 Descenditque

515 4024 778 4082 Dominus
805 4045 972 4099 super
1006 4041 1246 4087 montem
1276 4033 1450 4102 Sinai,
1486 4038 1540 4092 in
1574 4039 1694 4108 ipso
1736 4043 1938 4096 montis
1969 4059 2089 4098 ver-

510 4117 638 4180 tice,
672 4125 727 4171 et
761 4121 974 4174 vocavit
1009 4122 1247 4193 Moysem
1296 4126 1363 4190 9',
1404 4145 1422 4178 ›
1459 4136 1511 4182 et
1550 4130 1777 4200 reliqua.
1816 4130 1940 4186 Haec
1969 4133 2092 4203 qui-

515 4207 638 4261 dem
675 4209 1030 4268 descendisse
1080 4213 1369 4269 Dominum
1403 4226 1691 4284 testantur,
1731 4223 1882 4278 visus
1908 4233 2091 4280 autem

513 4298 684 4355 fuisse
732 4302 955 4357 minime
1019 4303 1211 4370 fertur,
1267 4310 1412 4378 quod
1464 4310 1531 4365 de
1585 4313 1717 4368 solis
1764 4316 2092 4384 patriarcbis

512 4390 862 4446 observatum
895 4403 998 4450 est.
1033 4396 1248 4453 Domini
1313 4402 1478 4469 igitur
1533 4407 1817 4472 praesentia
1869 4407 2088 4478 quidem

517 4478 659 4532 facta
722 4490 828 4545 est,
874 4501 982 4537 non
1012 4495 1195 4542 autem
1233 4493 1370 4546 visio
1416 4495 1621 4565 ipsius;
1661 4496 1777 4559 sed,
1822 4504 1880 4550 ut
1917 4507 2086 4566 patet,

515 4571 812 4626 satellitum
862 4576 965 4629 sibi
1017 4581 1352 4650 angelorum,
1391 4586 1591 4654 quibus
1646 4588 1852 4642 utiliter
1885 4593 2084 4659 populo
2124 4625 2165 4677 ι)

517 4662 915 4720 formidandam
971 4684 1035 4721 ac
1073 4673 1366 4727 terriﬁcam
1398 4677 1660 4731 visionem
1712 4678 1912 4741 cll‘ccit,
1959 4697 2092 4750 pru-

513 4754 704 4810 denter
720 4760 1012 4816 consulens
1043 4769 1100 4815 ut
1123 4778 1310 4818 eorum
1343 4769 1608 4822 cautelam
1629 4773 1789 4824 simul
1812 4781 1866 4826 et
1885 4785 2091 4826 metum

501 4859 550 4903 ιι
604 4849 659 4902 in
718 4868 775 4905 sc
833 4852 990 4907 ﬁdem
1031 4858 1297 4913 stabiliret
1348 4861 1414 4913 ad
1443 4863 1750 4916 custodiam
1795 4865 2094 4920 observan-

503 4948 760 5014 iiamque
794 4949 972 5019 legum
1005 4968 1142 5020 quas
1183 4953 1264 5008 eis
1325 4964 1698 5025 prteccpturus
1744 4967 1879 5011 erat.
1936 4957 2091 5024 Quod

519 5045 697 5089 :utcin
734 5038 916 5106 plures
945 5030 1101 5094 erant
1145 5041 1373 5097 Domino
1422 5045 1590 5114 legem
1631 5046 1865 5102 edicenti
1919 5047 2096 5101 famu-

503 5131 592 5182 I-ui
615 5137 695 5183 tes
725 5133 922 5200 angeli,
950 5135 1063 5202 ipse
1087 5134 1296 5205 Moyses
1324 5137 1375 5189 in
1404 5138 1875 5194 benedictionibus
1907 5149 2094 5194 osten-

503 5221 583 5276 dit
639 5223 870 5278 dicens:
903 5245 921 5275 ι
977 5225 1236 5283 Dominus
1271 5229 1337 5283 de
1389 5228 1519 5291 Sina
1563 5231 1728 5296 venit,
1777 5239 1831 5286 et
1869 5231 1934 5285 de
1976 5231 2097 5287 Seir

523 5323 678 5370 ortus
711 5325 795 5393 est
845 5319 1002 5373 nobis
1041 5338 1053 5372 :
1109 5322 1358 5390 apparuit
1408 5323 1474 5376 de
1519 5331 1702 5377 monte
1771 5321 2008 5386 Pbaran,
2042 5331 2095 5377 et

525 5424 649 5461 cum
685 5425 750 5463 co
781 5420 1095 5464 sanctorum
1143 5413 1330 5467 millia.
1383 5413 1440 5467 In
1499 5414 1689 5468 dextra
1746 5415 1866 5484 ejus
1919 5417 2098 5484 angeli

527 5513 649 5552 cum
683 5516 747 5554 eo
770 5503 836 5555 9".
861 5523 877 5552 ι
909 5501 1141 5572 Ideoque
1167 5504 1475 5573 Stephanus
1503 5508 1555 5559 in
1586 5506 1833 5571 Actibus,
1853 5522 1975 5560 cum
1991 5523 2102 5575 -ρο-

530 5591 714 5658 pulum
769 5594 1113 5650 vebvmeziter
1161 5597 1494 5668 objurgarct,
1522 5599 1642 5654 ait:
1685 5619 1704 5651 ι
1739 5600 1841 5666 Qui
1883 5601 2096 5670 accepi-

605 5834 650 5866 "
714 5835 890 5888 Galat.
929 5853 1013 5903 tu,
1054 5843 1137 5894 19.
1213 5843 1259 5872 ’⁸
1300 5841 1461 5898 llcbr.
1500 5860 1570 5907 ιι,
1606 5842 1658 5896 Ξ.

2160 643 2322 706 αὐτὸς
2350 643 2527 713 ὤφθη,
2556 644 2646 696 καὶ
2676 643 2742 694 δι’
2777 643 2966 696 ἐαυτοῦ
2992 644 3089 713 τὴν
3109 642 3384 714 Διαθήκην
3413 643 3580 698 αὑτοῦ
3607 647 3743 718 πρὸς

2161 737 2356 799 αὐτοὺς
2384 735 2610 804 ἔστησεν
2631 753 2642 764 ο
2681 736 2774 788 ἐπὶ
2807 735 2862 786 δὲ
2885 735 2980 787 τοῦ
3009 735 3286 799 Μωῦσέως
3309 735 3464 806 ὤφθη
3516 737 3614 808 μὲν
3645 739 3743 810 οὐχ

2160 829 2187 879 6
2223 827 2444 897 Κύριος,
2476 825 2588 878 ἀλλ’
2617 829 2646 879 6
2696 827 2927 894 ἄγγελος
2951 845 2964 858 ·
3011 828 3235 881 ἐκάλεσε
3260 829 3316 880 δὲ
3364 825 3526 882 αὑτὸν
3561 829 3744 884 οὐκέτι

2161 920 2188 970 6
2223 917 2474 986 ἄγγελος,
2499 917 2615 970 ἀλλ’
2652 919 2680 969 6
2709 918 2913 986 Κύριος
2936 936 2947 948 ·
2979 917 3184 989 Κύριος
3220 920 3319 990 μὲν
3346 919 3454 990 γὰρ
3483 915 3551 991 ἦν
3575 923 3604 974 6
3630 921 3744 975 δια-

2161 1007 2518 1078 ταττόμενος’
2556 1007 2782 1075 ἄγγελος
2826 1007 2882 1060 δὲ
2914 1009 2943 1060 6
2975 1008 3108 1070 τοὺς
3125 1009 3299 1073 θείους
3333 1009 3525 1078 λόγους
3562 1011 3743 1065 διακο-

2164 1102 2417 1170 νούμενος
2441 1119 2453 1131 ”
2483 1100 2604 1154 ὅθεν
2655 1101 2702 1152 εί
2744 1100 2840 1153 καί
2870 1117 2923 1152 τι
2973 1100 3100 1154 ἄλλο
3146 1101 3463 1173 θαυμασίως
3493 1103 3745 1174 ἐκπεφὼ-

2163 1207 2320 1260 νηται
2345 1190 2422 1260 τῷ
2459 1189 2587 1261 ἱερῷ
2623 1189 2949 1260 Ἀποστόλῳ,
2991 1190 3083 1242 καὶ
3127 1191 3207 1255 τὸ,
3261 1211 3278 1241 ι
3316 1191 3374 1245 '0
3420 1191 3580 1262 μόνος
3627 1193 3744 1246 δια-

2162 1284 2334 1351 ταγῆς
2365 1281 2502 1350 (γεὶς
2528 1281 2619 1352 δι’)
2649 1281 2896 1351 ἀγγέλων
2925 1284 2982 1335 ἐν
3008 1283 3152 1354 χειρί
3189 1283 3429 1354 μεσίτου’
3463 1303 3482 1336 ι
3517 1283 3612 1337 καὶ
3645 1285 3707 1336 τό
3729 1297 3752 1313 ·”

2169 1391 2188 1423 ι
2213 1373 2275 1425 Εἰ
2304 1372 2411 1444 γὰρ
2457 1373 2486 1425 6
2522 1373 2586 1426 δι’
2633 1373 2881 1442 ἀγγέλων
2915 1374 3166 1445 λαληθεὶς
3197 1374 3353 1443 λόγος
3402 1376 3618 1444 ἐγένετο
3657 1375 3746 1446 βέ-

2163 1465 2333 1527 ϐαιος.
2360 1484 2377 1515 ι
2413 1465 2606 1535 Σαφῶς
2633 1465 2763 1533 γοῦν
2802 1465 3029 1534 ἄγγελος
3066 1468 3315 1538 εἰσῆκται
3348 1469 3442 1522 καὶ
3478 1471 3506 1521 6
3540 1468 3746 1539 Κύριος

2165 1556 2230 1609 δι’
2283 1557 2450 1610 αὐτοῦ
2495 1555 2886 1628 χρηματίζων,
2935 1559 3032 1611 καὶ
3079 1560 3200 1613 οὐδὲ
3251 1560 3401 1625 ἅπαξ
3450 1560 3518 1614 ἂν
3562 1560 3745 1633 εῦροις

2165 1648 2229 1701 δι’
2263 1648 2390 1718 ὅλης
2415 1651 2514 1719 τῆς
2535 1649 2853 1718 νομοθεσίας
2873 1650 2972 1721 τὴν
2995 1651 3214 1722 Γραφὴν
3243 1651 3644 1724 σημειουμένην
3667 1653 3746 1718 ὡς

2165 1739 2246 1791 ὅτι
2279 1738 2345 1810 δὴ
2374 1737 2527 1809 ῶφθη
2557 1742 2586 1792 6
2607 1738 2794 1810 Θεὸςῆ
2827 1741 2856 1792 6
2885 1740 3089 1811 Κύριος
3115 1742 3192 1812 τῷ
3225 1744 3463 1811 Μωῡσεί,
3493 1746 3628 1816 ὅπερ
3653 1747 3747 1800 ἐπὶ

2173 1827 2348 1897 μόνων
2374 1827 2481 1880 τῶν
2508 1828 2673 1899 τριῶν
2696 1831 3050 1902 πατριαρχῶν
3076 1833 3362 1904 εἰρημένον
3385 1835 3706 1905 ἐμφαίνεται
3729 1854 3744 1869 ’

2169 1916 2244 1980 ὡς
2295 1919 2358 1970 ἐκ
2390 1917 2594 1971 τούτων
2629 1919 2797 1988 σαφές
2829 1914 3001 1984 εἶναι,
3035 1921 3134 1990 τὴν
3196 1924 3376 1975 πᾶσαν
3428 1924 3748 1994 νομοθεσίαν

2170 2012 2280 2072 τοῖς
2312 2009 2452 2063 κατά
2477 2010 2568 2063 τὸν
2616 2011 2736 2064 τότε
2764 2011 2911 2077 λαὸν,
2944 2007 3032 2066 οἷα
3071 2011 3136 2084 δὴ
3168 2014 3382 2084 νηπίοις
3427 2015 3526 2079 τὰς
3570 2017 3749 2087 ψυχὰς

2171 2105 2263 2156 καὶ
2306 2103 2694 2174 εἰσαγομένοις,
2720 2103 2998 2176 διδομένην
3042 2103 3229 2176 ὥσπερ
3261 2105 3348 2159 διὰ
3382 2107 3748 2177 παιδαγωγῶν

2173 2195 2268 2249 καὶ
2296 2196 2592 2266 οἰκονόμων
2618 2195 3035 2267 παραδεδόσθαι,
3069 2197 3316 2262 τυπικῶς
3337 2216 3396 2252 τε
3439 2200 3624 2264 αὐτοῖς
3652 2202 3749 2254 καὶ

2173 2283 2453 2347 εἰκονικῶς
2473 2283 2540 2336 τὰ
2574 2283 2692 2336 θεῖα
2717 2284 2804 2337 διὰ
2851 2283 3133 2354 συμϐόλων
3157 2283 3394 2355 ᾐνίχθαι,
3437 2285 3516 2356 τῷ
3546 2287 3620 2358 μὴ
3647 2287 3750 2358 τὴν

2179 2375 2588 2446 μυστικωτέραν
2621 2375 2716 2428 καὶ
2759 2377 3136 2448 πνευματικὴν
3170 2371 3282 2431 οἷόν
3307 2396 3366 2432 τε
3401 2365 3754 2444 αὑτοὺςέπιρ

2173 2466 2426 2530 δέξασθαι
2453 2467 2822 2531 διδασκαλίαν,
2850 2468 2946 2522 ἅτε
2977 2467 3105 2538 γοῦν
3140 2473 3295 2524 παισί
3332 2472 3553 2544 τρόποις
3587 2475 3752 2541 Αἰγυ-

2176 2560 2350 2622 πτίοις
2382 2560 2813 2632 ἐκδιῃτημένοις,
2850 2561 2943 2614 καὶ
2969 2561 3170 2633 πολλῆς
3189 2562 3269 2616 ἔτι
3306 2565 3596 2635 χρῄζουσιν
3625 2567 3716 2618 ἐπι
3735 2590 3754 2600 ο

2178 2653 2485 2724 στρεφείας,
2536 2652 2645 2724 πῦρ
2688 2649 2824 2706 εἶναι
2857 2656 2886 2707 6
2938 2653 3088 2718 Θεὸς,
3141 2655 3281 2709 κατὰ
3311 2655 3402 2708 τό·
3461 2676 3478 2707 ι
3512 2657 3568 2710 '0
3619 2653 3753 2718 Θεὸς

2176 2742 2332 2813 ἡμῶν
2375 2743 2487 2814 πῦρ
2519 2743 2931 2807 καταναλίσκον,
2975 2764 2994 2797 ι
3038 2747 3175 2816 ὅπερ
3216 2747 3466 2817 οὐδαμῶς
3506 2749 3598 2800 ἐπὶ
3642 2745 3752 2800 τῶν

2179 2835 2534 2906 πατριαρχῶν
2594 2837 2826 2907 εἴρηται.
2902 2836 3059 2890 Ἀλλὰ
3121 2839 3216 2892 καὶ
3273 2841 3360 2892 ὅτε
3427 2841 3753 2911 προστάττει

2178 2926 2498 2994 ἁγνίσασθαι
2538 2927 2733 2991 αὐτοὺς
2775 2929 2923 2992 ὅπως
2959 2927 3027 3000 (l'.
3054 2929 3086 2983 8
3121 2930 3212 3000 v°)
3259 2931 3407 2986 ἴδωσι
3449 2932 3547 3004 τὴν
3597 2933 3756 3000 δόξαν

2179 3019 2409 3090 Κυρίου,
2445 3020 2543 3090 οὐχ
2563 3019 2750 3092 ὥσπερ
2787 3022 2880 3073 ἐπὶ
2906 3021 3000 3075 τοῦ
3038 3024 3288 3094 Ἀϐραὰμ
3321 3025 3413 3077 καί
3441 3024 3536 3077 τοῦ
3570 3026 3754 3079 Ἰσαὰκ

2182 3112 2275 3164 καί
2322 3110 2412 3164 τοῦ
2455 3112 2648 3165 Ἰακὼϐ
2690 3112 2874 3176 ἁπλῶς
2906 3112 3120 3185 εἴρηται
3165 3116 3246 3169 ὅτι
3301 3115 3452 3188 ὤφθη
3499 3117 3678 3180 αὐτοῖς
3723 3119 3755 3170 6

2184 3202 2314 3266 Θεὸς
2334 3242 2348 3267 ,
2379 3202 2519 3274 μετὰ
2551 3204 2752 3274 πολλῆς
2795 3205 2851 3257 δὲ
2893 3205 3280 3277 καταπλήξεως
3312 3206 3403 3259 καί
3455 3207 3756 3275 φαντασίας

2185 3291 2321 3344 αὐτὰ
2338 3291 2401 3363 δὴ
2420 3291 2590 3346 ταῦτα
2613 3293 3040 3364 ἀναγέγραπταιο
3073 3312 3090 3345 ‹
3109 3283 3218 3348 Καὶ
3248 3295 3462 3363 ἐγένετο
3485 3299 3551 3367 τῇ
3572 3296 3760 3368 ἡμέρᾳ

2184 3385 2251 3454 τῇ
2303 3383 2462 3456 τρίτῃ
2529 3382 2848 3454 γενηθέντος
2898 3383 3035 3454 πρὸς
3084 3384 3308 3457 ὄρθρον,
3372 3387 3466 3438 καί⁵
3523 3387 3762 3454 ἐγίνοντο

2187 3479 2362 3546 φωναί
2389 3478 2482 3531 καὶ
2523 3479 2800 3549 ἀστραπαί
2843 3479 2938 3532 καὶ
2975 3479 3171 3550 νεφέλη
3213 3480 3493 3552 γνοφώδης
3540 3483 3629 3535 ἐπὶ
3667 3481 3760 3535 τοῦ

2186 3569 2377 3640 ὅρους,
2422 3570 2518 3623 καὶ
2564 3570 2715 3639 φωνὴ
2762 3573 2863 3641 τῆς
2913 3570 3210 3639 σάλπιγγος
3256 3573 3378 3643 ἤχει
3433 3573 3608 3643 μέγα,
3669 3575 3762 3626 καὶ

2187 3663 2423 3735 ἐπτοήθη
2458 3664 2565 3726 πᾶς
2591 3665 2620 3716 6
2650 3662 2776 3736 λαὸς
2810 3665 2867 3715 ἐν
2895 3666 2962 3735 τῇ
3009 3664 3324 3736 παρεμϐολῇ
3345 3681 3358 3694 ο
3410 3667 3506 3718 καὶ
3530 3665 3761 3737 ἐξήγαγε

2188 3754 2430 3824 Μωῦσῆς
2455 3755 2547 3808 τὸν
2569 3755 2694 3809 λαὸν
2723 3759 2802 3820 είς
2833 3757 2933 3828 τὴν
2962 3758 3280 3827 συνάντησιν
3311 3757 3402 3811 τοῦ
3424 3758 3558 3810 Θεοῦ
3587 3760 3649 3812 ἐκ
3666 3762 3765 3829 τῆς

2190 3846 2560 3919 παρεμϐολῆς,
2596 3848 2691 3902 καὶ
2716 3849 3078 3920 (παρέστησαν
3099 3850 3203 3904 ὑπὸ
3230 3852 3290 3903 τὸ
3321 3851 3445 3922 ὅρος
3494 3850 3677 3920 (Σινάο
3705 3851 3767 3903 τὸ

2189 3940 2357 4010 ὅρος)
2398 3938 2531 3992 Σινὰ
2576 3938 2895 4003 ἐκαπνίζετο
2937 3940 3056 3994 ὅλον
3095 3940 3183 3994 διὰ
3231 3941 3292 3994 τὸ
3338 3941 3767 4012 καταϐεϐηκέναι

2191 4033 2278 4084 ἐπ’
2307 4029 2470 4084 αὑτοῦ
2501 4029 2594 4084 τὸν
2621 4029 2754 4084 Θεὸν
2790 4031 2847 4085 ἐν
2882 4031 3015 4103 πυρί
3035 4049 3046 4061 ·
3081 4033 3175 4085 καὶ
3205 4031 3486 4085 ἀνέϐαινεν
3507 4035 3534 4084 6
3563 4031 3766 4095 καπνὸς

2192 4123 2355 4185 αὑτοῦ
2387 4123 2518 4177 ὡσεὶ
2550 4124 2754 4188 καπνὸς
2788 4124 3016 4196 καμίνου
3036 4142 3048 4154 ο
3082 4125 3174 4177 καὶ
3213 4125 3403 4194 ἐξέστη
3443 4127 3550 4187 πᾶς
3578 4126 3606 4177 6
3644 4123 3770 4186 λαὸς

2195 4215 2431 4287 σφόδρα·
2475 4214 2714 4283 ἐγίνοντο
2761 4216 2817 4268 δὲ
2851 4218 3024 4284 φωναί¹
3067 4219 3168 4287 τῆς
3214 4217 3512 4285 σάλπιγγος
3539 4215 3770 4286 τέροϐαἰ-

2192 4325 2377 4361 νουσαι
2412 4307 2754 4378 ἰσχυρότεραι
2773 4308 2997 4378 σφόδρα.
3015 4308 3259 4378 Μωῦσῆς
3288 4307 3484 4369 ἐλάλει,
3504 4309 3532 4360 6
3557 4308 3613 4360 δὲ
3636 4309 3773 4372 Θεὸς

2193 4399 2524 4470 ἁπεκρίνατο
2573 4398 2721 4470 αὐτῷ
2774 4401 2945 4470 φωνῇ,
2991 4399 3196 4470 κατέϐη
3241 4399 3298 4451 δέ
3331 4399 3531 4469 Κύριος
3585 4399 3679 4452 ἐπὶ
3712 4399 3774 4452 τὸ

2193 4487 2316 4560 ὄρος
2337 4487 2398 4541 τὸ
2424 4488 2554 4542 Σινὰ
2575 4489 2666 4542 ἐπὶ
2688 4489 2785 4560 τὴν
2808 4488 3048 4560 κορυφὴν
3077 4488 3171 4542 τοῦ
3201 4489 3386 4559 ὄρους’
3424 4489 3516 4541 καὶ
3546 4489 3772 4542 ἐκάλεσε

2194 4581 2399 4651 Κύριος
2426 4582 2688 4652 Μωῦσῆν,
2716 4600 2734 4631 ι
2769 4581 2863 4634 καὶ
2896 4581 2963 4632 τὰ
2985 4580 3129 4650 ἐξῆς.
3160 4581 3282 4632 Ὅτι
3319 4581 3416 4649 μὲν
3448 4575 3540 4634 οὖν
3566 4579 3771 4651 κατέϐη

2199 4674 2403 4748 Κρριος
2439 4674 2526 4727 διὰ
2553 4674 2755 4728 τούτων
2792 4673 3234 4745 μεμαρτύρηται·
3265 4674 3347 4725 ὅτι
3381 4673 3437 4725 δὲ
3478 4673 3572 4725 καὶ⁸
3617 4672 3784 4744 ὤφθη·

2199 4765 2382 4818 οὐκέτι
2424 4764 2659 4836 εἴρηται,
2690 4765 2718 4818 ὃ
2761 4764 2853 4816 ἐπὶ
2885 4764 3061 4834 μόνων
3091 4762 3196 4815 τῶν
3233 4761 3585 4832 πατριαρχῶν
3614 4762 3774 4832 τετή-

2201 4874 2378 4928 ρηται.
2411 4857 2617 4911 Οὐκοῦν
2655 4856 2923 4928 παρουσία
2977 4855 3072 4925 μὲν
3115 4855 3354 4922 ἐγεγόνει
3385 4854 3478 4906 τοῦ
3528 4853 3771 4924 Κυρίουο

2199 4948 2432 5002 ὀπτασία
2469 4948 2524 5000 δὲ
2558 4948 2658 5001 οὐκ
2703 4948 2888 5012 αὑτοῦ,
2921 4945 3058 5000 ἀλλὰ
3085 4946 3242 5016 δῆλον
3267 4946 3350 4998 ὅτι
3374 4944 3482 4998 τῶν
3511 4944 3649 5014 ἀμφ’
3680 4945 3778 4996 αὑ-

2197 5042 2289 5095 τὸν
2320 5042 2633 5114 δορυφόρων
2665 5041 2944 5109 ἀγγέλων,
2981 5039 3046 5092 δι’
3092 5032 3166 5092 ὧν
3222 5036 3506 5108 χρησίμως
3551 5035 3629 5106 τῷ
3662 5035 3774 5104 λαῴ

2199 5135 2435 5205 φοϐερὰν
2455 5135 2546 5188 καὶ
2571 5132 3017 5204 καταπληκτικὴν
3043 5132 3340 5201 ἐποιήσατο
3363 5129 3461 5200 τὴν
3484 5128 3763 5188 ὀπτασίαν,

2201 5226 2483 5280 εὐλάϐειαν
2512 5226 2647 5296 ὁμοῦ
2683 5243 2775 5278 και
2823 5223 2984 5293 φόϐον
3017 5223 3113 5276 καὶ
3158 5221 3339 5274 πίστιν
3371 5219 3466 5291 τὴν
3497 5223 3576 5284 εἰς
3609 5217 3780 5272 αὑτὸν

2201 5320 2464 5390 κρατῦναι
2500 5323 2557 5372 ἐν
2596 5319 2776 5380 αὐτοῖς
2800 5313 3258 5387 προμηθούμενος.
3278 5315 3357 5375 εἰς
3401 5309 3639 5381 φυλακὴν
3675 5307 3772 5360 καὶ

2201 5415 2431 5485 τήρησιν
2463 5429 2571 5464 των
2602 5410 2903 5482 μελλόντων
2928 5408 3111 5470 αὐτοῖς
3151 5403 3533 5476 παραδίδοσθαι
3569 5398 3771 5467 νόμων.

2203 5506 2313 5558 Καὶ
2335 5506 2416 5558 ὅτι
2443 5522 2506 5572 γε
2534 5504 2750 5566 πλείους
2780 5503 3073 5572 ἐτυγχανον
3106 5501 3154 5552 oi
3179 5497 3257 5568 τῷ
3289 5497 3476 5566 Κυρίῳ
3508 5491 3646 5547 κατὰ
3677 5490 3779 5561 τὴν

2204 5598 2521 5669 νομοθεσίαν
2559 5596 2963 5667 διακονούμενοι
2990 5593 3231 5662 ἄγγελοι,
3263 5589 3422 5652 αὐτὸς
3448 5587 3690 5655 Ικίιωῦσῆς
3723 5585 3783 5636 ὲν

1738 5845 1780 5874 ¹²⁵
1825 5843 1976 5898 Deut.
2015 5859 2084 5902 ιγ,
2129 5842 2217 5895 25.
2296 5841 2340 5872 9"
2382 5839 2548 5892 Exod.
2587 5855 2695 5901 xix,
2727 5834 2902 5888 lii—'20.
2980 5833 3024 5864 ί⁷
3067 5831 3220 5885 Deut.
3262 5843 3455 5881 “xm.
