4106 6460
358 472 517 532 1055

1401 454 1696 514 ECLOGJE
1738 453 2220 511 PROPHETICIE.
2262 485 2331 495 -—-
2368 456 2501 514 LIB.
2536 457 2583 515 Ι.

3487 460 3512 515 1
3522 459 3629 516 οειι

356 602 493 663 ταῖς
532 592 803 663 εὐλογίαις
841 587 1134 660 παρίστησι
1171 582 1374 651 λέγων·
1424 597 1443 631 ι
1474 577 1680 649 Κύριος
1715 575 1780 629 ὲκ
1820 573 1949 629 Σινά

2052 574 2155 629 stis
2197 574 2372 647 legem
2407 576 2467 633 in
2492 575 2856 651 dispositione
2874 576 3191 649 angelorum
3214 583 3268 633 et
3298 589 3407 632 non
3437 588 3596 635 custo
3618 606 3631 620 τ

358 696 522 765 ἦκει,
555 689 651 743 καὶ
688 685 958 754 ὲπέφανεν
986 683 1049 734 ὲκ
1082 677 1209 747 Σεὶρ
1244 676 1411 765 ἡμῖν,
1441 672 1535 765 καὶ
1576 669 1991 765 κατέσπευσενᾲ
2037 666 2214 765 ῌὰἰεῑίε
2241 669 2311 723 οε.
2351 687 2371 721 ι
2495 760 2507 765 Δ
2536 685 2541 689 .

361 756 430 852 ἐξ
452 783 619 855 ὅρους
641 777 824 850 Φαρὰν
848 775 943 829 σὺν
978 769 1233 843 μυριάσιν
1261 764 1467 834 Κάδης,
1490 764 1555 816 ἐκ
1612 759 1800 826 δεξιῶν
1825 756 1992 812 αὐτοῦ
2029 759 2250 828 ἄγγελοι
2295 761 2412 831 μετ’
2448 758 2636 826 αὑτοῦ,
2688 781 2708 813 ι
2742 760 2931 815 καὶτὰ
2958 759 3116 833 ἑξῆς·
3150 759 3216 814 δι’
3250 759 3279 814 ὃ
3305 761 3399 814 καὶ
3437 762 3467 815 6
3498 761 3630 815 Στέ-

361 892 547 947 φανος
577 876 635 926 ὲν
663 874 784 936 ταῖς
811 866 1079 940 Πράξεσιν
1101 863 1177 927 ὡς
1216 861 1353 932 πρὸς
1391 859 1480 913 τὸν
1518 857 1645 913 λαὸν
1676 855 2095 927 ἀποτεινόμενός
2115 869 2300 927 φησιν·
2328 874 2346 908 ι
2375 856 2587 922 Οίτινες
2622 857 2846 912 ἐλάϐετε
2898 858 2994 914 τὸν
3051 857 3215 930 νόμον
3251 858 3332 923 εἰς
3369 856 3630 927 διαταγὰς

359 964 644 1036 ἀγγέλων,
672 960 767 1015 καὶ
797 958 898 1012 οὐκ
929 952 1246 1025 ἐφυλάξατε.
1286 968 1305 1002 ι

917 1061 1311 1119 ΚΕΦᾹΛΑΙΟΝ
1348 1062 1407 1113 I'.

880 1157 1016 1213 Ἀπὸ
1043 1155 1154 1225 τῆς
1191 1152 1454 1219 Ἐξόδου.

447 1277 469 1310 ι
509 1254 734 1327 Ἑξῆρεν
763 1251 819 1304 δὲ
845 1251 874 1304 6
896 1248 1126 1317 ἄγγελος
1151 1245 1247 1299 τοῦ
1271 1243 1405 1298 Θεοῦ
1428 1243 1456 1295 6
1479 1237 1952 1314 προπορευόμενος

361 1348 485 1404 τῶν
521 1345 652 1400 υἱῶν
695 1341 908 1414 Ἰσραὴλ
933 1381 948 1405 ,
985 1339 1079 1392 καὶ
1135 1335 1404 1408 ἐπορεύθη
1454 1336 1519 1387 ὲκ
1573 1332 1682 1388 τῶν
1725 1329 1947 1384 ὄπισθεν

362 1436 589 1492 αὐτῶνθ
633 1433 823 1504 ἐξῆρεν
868 1430 923 1484 δὲ
974 1429 1067 1482 καὶ
1112 1429 1142 1482 6
1175 1425 1364 1490 στῦλος
1417 1425 1515 1495 τῆς
1569 1422 1797 1494 νεφέλης
1842 1420 1948 1490 πρὸ

363 1526 671 1599 προσώπου
721 1523 930 1578 αὐτῶνθ
979 1521 1070 1575 καὶ
1116 1518 1384 1591 ἐπορεύθη
1429 1517 1525 1571 καὶ
1571 1516 1698 1587 ἔστη
1734 1516 1799 1568 ἐκ
1841 1514 1949 1567 τῶν

364 1619 553 1674 ὀπίσω
589 1617 789 1676 αὐτῶν,
832 1614 924 1668 καὶ
954 1611 1197 1684 εἰσῆλθεν
1246 1610 1351 1665 ἀνὰ
1381 1610 1542 1680 μέσον
1591 1608 1689 1677 τῆς
1740 1622 1952 1678 παρεμ-

367 1712 543 1781 ϐολῆς
574 1710 679 1764 τῶν
726 1706 1038 1778 Αἰγυπτίων
1088 1707 1181 1759 καὶ
1236 1703 1339 1757 ἀνὰ
1374 1703 1536 1773 μέσον
1584 1701 1683 1770 τῆς
1740 1715 1951 1768 παρεμ-

368 1801 544 1872 ϐολῆς
571 1800 677 1854 τῶν
710 1798 841 1852 υἱῶν
891 1796 1121 1869 Ἰσραήλ.
1152 1815 1170 1846 ι
1205 1791 1318 1848 Εἶτ’
1350 1795 1408 1846 ὲν
1449 1794 1560 1856 τοῖς
1594 1790 1721 1861 ἑξῆς
1752 1792 1785 1860 ὴ
1832 1789 1951 1843 θεία

2679 1050 2909 1107 CAPUT
2938 1051 3007 1108 Χ.

2680 1143 2757 1196 Ab
2800 1143 3005 1198 Exodo.

2129 1254 2149 1288 ι
2186 1233 2408 1292 Tollens
2439 1250 2498 1292 se
2530 1236 2761 1306 angelus
2785 1236 3025 1307 Domini,
3055 1242 3149 1309 qui
3171 1243 3515 1312 praecedebat
3538 1262 3633 1304 ca-

2054 1338 2169 1385 stra
2214 1328 2405 1396 Israel,
2426 1328 2571 1383 'abiit
2623 1337 2748 1399 post
2783 1344 2922 1385 eos:
2970 1338 3024 1387 et
3052 1347 3176 1388 cum
3210 1349 3276 1390 eo
3303 1339 3510 1407 pariter
3536 1356 3632 1398 co-

2054 1424 2241 1477 lumna
2272 1423 2459 1490 nubis,
2489 1422 2677 1492 priora
2700 1421 3007 1488 dimittens,
3040 1433 3166 1495 post
3215 1436 3426 1501 tergum
3453 1434 3628 1497 stetit,

2054 1515 2199 1568 inter
2257 1520 2442 1568 castra
2497 1511 2883 1584 Egyptiorum
2944 1521 2999 1569 et
3050 1525 3233 1572 castra
3288 1518 3551 1579 Israel”.
3605 1542 3628 1576 ι

2055 1603 2262 1659 Deinde
2287 1603 2344 1656 in
2365 1603 2433 1658 iis
2458 1618 2580 1673 qua:
2609 1613 2916 1674 sequuntur
2944 1606 3129 1662 divina
3159 1609 3320 1665 docet
3347 1592 3633 1684 Scriptura

2056 1713 2178 1768 qua:
2204 1705 2351 1753 esset
2385 1697 2501 1752 haec
2534 1698 2732 1761 nubes,
2768 1699 2997 1755 dicens:
3039 1719 3059 1752 ι
3095 1700 3187 1756 Αἰι
3220 1711 3401 1757 autem
3445 1705 3636 1761 Ι)οωὶ-

2056 1806 2163 1845 nus
2192 1790 2261 1845 ad
2293 1789 2535 1861 Moysem
2573 1810 2586 1845 :
2614 1789 2734 1844 Jam
2762 1808 2913 1848 nunc
2938 1795 3156 1849 veniam
3198 1796 3267 1852 ad
3300 1805 3353 1851 te
3399 1798 3455 1852 in
3499 1799 3637 1853 cali-

366 1893 616 1946 διδάσκει
663 1888 851 1961 Γραφὴ
876 1929 892 1953 ,
922 1887 973 1941 τί
1024 1904 1155 1939 ποτε
1197 1880 1332 1955 ῆνή
1381 1881 1578 1951 νεφέλη
1630 1879 1948 1949 φάσκουσα⁶

2053 1882 2178 1952 gine
2198 1883 2384 1944 nubis.
2426 1890 2487 1936 ut
2519 1882 2708 1938 audiat
2740 1900 2827 1938 me
2852 1885 3089 1955 populus
3142 1886 3455 1957 loquentem
3485 1890 3553 1945 ad
3581 1898 3637 1944 te

374 2003 394 2034 ‹
419 1980 590 2036 Εἶπεν
629 1982 687 2035 δὲ
733 1980 935 2052 Κύριος
958 1978 1094 2050 πρὸς
1137 1975 1408 2046 Μωῦσῆνο
1453 1973 1583 2026 Ἰδοὺ
1628 1970 1740 2040 ἐγὼ
1776 1987 1950 2041 παρα-

367 2075 597 2145 γίνομαι
647 2074 782 2145 πρὸς
832 2073 892 2125 σὲ
926 2072 982 2124 ὲν
1031 2071 1096 2123 ὲκ
1128 2066 1368 2140 (στόλῳ)
1401 2066 1501 2136 τῆς
1550 2063 1812 2133 νεφέλης,
1866 2062 1952 2115 ίνα

368 2166 588 2239 ἀκούσῃ
614 2167 642 2218 6
682 2165 809 2228 λαὸς
840 2162 1128 2226 λαλοῦντός
1161 2179 1261 2233 μου
1302 2161 1438 2232 πρὸς
1495 2159 1574 2224 σὲ,
1615 2157 1709 2211 καί
1742 2173 1823 2210 σοι
1864 2173 1954 2209 πι-

374 2259 678 2312 στεύσωσιν
700 2276 712 2288 ·
740 2278 759 2310 ι
790 2257 884 2310 καὶ
911 2256 1105 2311 πάλιν*
1138 2272 1156 2305 ι
1196 2255 1255 2307 '0
1283 2253 1339 2307 δὲ
1372 2253 1504 2317 Θεὸς
1537 2254 1724 2325 ἡγεῖτο
1770 2247 1952 2303 αὐτῶν

368 2352 587 2423 ἡμέρας
632 2352 690 2403 ὲν
721 2348 896 2419 στόλῳ
931 2346 1192 2417 νεφέλης,
1224 2343 1392 2411 δεῖξαι
1436 2346 1620 2407 αὐτοῖς
1665 2343 1764 2414 τὴν
1795 2342 1913 2395 ὁδόν
1935 2359 1950 2373 ·

369 2444 475 2513 τὴν
501 2441 559 2495 δὲ
588 2441 779 2506 νύκτα,
821 2441 880 2492 ὲν
910 2438 1086 2509 στύλῳ
1113 2437 1283 2511 πυρὸς
1307 2435 1403 2489 τοῦ
1435 2435 1645 2506 φαίνειν
1678 2435 1861 2498 αὐτοῖς
1882 2451 1895 2464 ·
1928 2452 1947 2486 ι

371 2534 473 2587 καὶ
503 2529 676 2597 αὖθις·
706 2551 725 2584 ι
744 2526 1088 2602 Καὶὸιατέὸη
1114 2529 1319 2601 Κύριος
1353 2531 1410 2582 ἐν
1437 2527 1615 2599 στύλῳ
1647 2526 1894 2596 νεφέλης.
1928 2545 1947 2578 ι

356 2625 589 2687 ,Οὐκοῦν
626 2624 714 2679 διὰ
749 2624 954 2678 τούτων
984 2623 1171 2695 ἔτερος
1199 2617 1267 2693 ἦν
1298 2619 1487 2690 σαφῶς
1520 2619 1623 2691 τῆς
1663 2617 1892 2687 νεφέλης
1924 2618 1953 2669 6

375 2716 854 2788 προπορευόμενος
890 2714 1000 2769 τῶν
1039 2712 1171 2768 υἱῶν
1225 2712 1439 2786 Ἰσραὴλ
1476 2710 1704 2780 ἄγγελος
1724 2749 1738 2773 ,
1782 2710 1877 2763 καί
1918 2710 1951 2781 ἡ

373 2808 571 2879 νεφέλη
602 2808 659 2861 δὲ
686 2807 821 2879 ἄλλη
857 2808 955 2880 μέν
987 2825 1071 2873 τις
1103 2807 1396 2877 ἐτύγχανεν
1441 2805 1570 2876 παρ’
1601 2804 1762 2858 αὐτὸν
1788 2802 1954 2872 ἄγγε-

370 2895 487 2961 λον,
514 2895 607 2948 τοῦ
635 2896 691 2948 δὲ
728 2896 934 2966 Κυρίου
963 2895 1127 2950 αὑτοῦ
1159 2894 1468 2965 σωματικὸν
1505 2894 1694 2963 ὥσπερ
1722 2893 1952 2965 ὄργανον

365 2982 442 3056 ἦν
463 3002 476 3014 '
508 2986 575 3039 δι’
606 2978 667 3039 οὗ
699 2986 760 3059 (Γ.
788 2986 866 3052 9),
898 2986 996 3057 τὴν
1024 2985 1184 3055 φύσιν
1212 2986 1287 3039 ὣν
1317 2986 1480 3050 αὐτὸς
1517 2984 1826 3055 ἀσώματος,
1860 2984 1955 3037 καὶ

369 3077 557 3147 πάσης
610 3078 866 3131 ἐπέκεινα
917 3077 1182 3149 αἰσθητῆς
1228 3079 1322 3131 καὶ
1356 3077 1548 3147 ὑλικῆς
1596 3076 1817 3141 οὐσίας,
1885 3074 1951 3128 δι’

367 3168 640 3239 αἰσθητῆς
692 3169 874 3238 φωνῆς
910 3167 1009 3238 τῆς
1050 3167 1185 3231 ἰδίας
1208 3167 1360 3237 ἠξίου
1396 3166 1614 3238 ὁμιλίας
1654 3167 1753 3220 τὸν
1790 3164 1953 3237 θερά-

2054 1982 2109 2031 el
2147 1975 2334 2030 credat
2369 1975 2467 2030 tibi
2498 1977 2553 2030 in
2584 1984 2912 2046 perpetuum
2948 1978 2990 2032 ί.
3021 1996 3040 2028 ι
3076 1976 3142 2031 Et
3157 1996 3394 2036 rursus:
3434 2004 3451 2032 ι
3488 1982 3636 2038 Deus

2055 2075 2238 2123 autem
2286 2067 2631 2139 pmcedebat
2680 2082 2779 2123 eos
2819 2067 2889 2123 ad
2918 2070 3316 2127 ostendendam
3359 2074 3503 2128 viam
3535 2091 3639 2146 per

2053 2160 2199 2215 diem
2231 2162 2288 2215 in
2315 2160 2573 2216 columna
2597 2160 2785 2224 nubis,
2808 2168 2864 2215 et
2895 2175 2993 2231 per
3017 2170 3235 2217 noctem
3281 2164 3339 2218 in
3380 2166 3639 2221 columna

2053 2253 2199 2325 ignis
2227 2254 2271 2307 ’.
2314 2272 2334 2305 ι
2384 2252 2564 2323 Atque
2609 2252 2747 2309 alias
2801 2272 2814 2307 :
2864 2272 2884 2305 ‹
2939 2253 3234 2311 Descendit
3276 2253 3544 2311 Dominus
3579 2259 3637 2312 in

2053 2346 2309 2401 columna
2332 2344 2499 2400 nubis
2528 2344 2571 2399 ².
2613 2364 2635 2397 ι
2672 2343 2843 2415 Igitur
2880 2346 3039 2401 exiis
3065 2347 3208 2404 alius
3243 2356 3363 2403 erat
3399 2347 3637 2404 manife-

2053 2448 2136 2495 ste
2156 2438 2320 2493 nubis
2344 2437 2576 2508 angelus
2605 2439 2699 2509 qui
2749 2438 3091 2508 praecedebat
3134 2438 3275 2495 lilios
3308 2439 3498 2499 lsrael.
3529 2440 3637 2494 alia

2052 2543 2108 2590 et
2133 2532 2308 2588 nubes
2332 2531 2482 2587 circa
2503 2546 2631 2586 eum
2667 2531 2943 2601 angelum,
2974 2546 3094 2601 quae
3126 2531 3288 2602 quasi
3338 2531 3514 2602 ipsius
3539 2530 3639 2585 Du-

2050 2625 2186 2681 mini
2229 2639 2559 2695 corporeum
2595 2633 2716 2680 erat
2752 2622 3160 2680 indumentum.
3207 2623 3327 2691 Qua
3385 2623 3633 2694 quidem,

2052 2731 2179 2773 cum
2206 2725 2407 2772 natura
2432 2715 2793 2788 incorporeus
2814 2723 2982 2782 esset,
3010 2716 3306 2786 omnisque
3330 2731 3529 2773 sensus
3550 2717 3638 2773 vel

2053 2805 2360 2861 materialis
2390 2806 2717 2861 substantiae
2744 2806 3027 2871 immunis,
3063 2821 3161 2876 per
3180 2806 3336 2861 vocis
3382 2806 3634 2861 auditum

2052 2898 2277 2969 propria
2329 2897 2750 2953 conversatione
2805 2912 3024 2954 servum
3085 2913 3244 2953 suum
3279 2898 3632 2969 dignabatur.

2053 2986 2231 3059 Hujus
2258 2986 2640 3058 dispositionis
2670 2988 2788 3058 ipse
2818 2986 3085 3043 Dominus
3110 2988 3380 3042 rationem
3399 2988 3637 3044 reddens

2054 3079 2227 3152 Moysi
2250 3080 2384 3135 dicit
2408 3100 2420 3135 :
2447 3098 2466 3131 ι
2502 3078 2576 3135 Ut
2597 3080 2787 3134 audiat
2812 3094 2899 3135 me
2921 3079 3158 3149 p0pulus
3210 3078 3527 3149 loquentem
3566 3080 3636 3134 ad

2060 3178 2139 3236 te,
2167 3177 2223 3226 et
2237 3169 2428 3225 credat
2457 3169 2555 3224 tibi
2573 3170 2630 3224 in
2665 3177 2991 3240 perpetuum
3012 3168 3054 3227 ‘.
3087 3189 3106 3221 ι
3144 3168 3249 3224 Sed
3267 3183 3390 3222 cum
3416 3169 3634 3239 populo,

368 3277 580 3313 ποντα’
637 3260 732 3312 καὶ
793 3259 892 3330 τῆς
937 3259 1193 3329 τοιαύτης
1246 3275 1305 3311 τε
1354 3258 1668 3329 οἰκονομίας
1716 3256 1879 3320 αὐτὸς
1922 3258 1949 3310 6

2056 3270 2114 3317 ut
2135 3264 2310 3335 magis
2341 3262 2636 3331 corporali,
2670 3264 2824 3317 vocis
2865 3260 3055 3316 auditu
3085 3268 3486 3325 conversatur;
3511 3275 3637 3315 cum

368 3352 579 3423 Κύριος
610 3353 699 3405 τὸν
731 3352 884 3421 λόγον
926 3350 1209 3415 ἀποδιδοὺς
1232 3350 1309 3421 τῷ
1339 3352 1564 3405 Μωϋσεῖ
1582 3366 1762 3422 φησιν’
1787 3369 1807 3402 ι
1836 3350 1952 3404 Ἵνα

369 3444 586 3520 ἀκούσῃ
627 3445 657 3496 6
684 3445 811 3508 λαὸς
854 3444 1140 3508 λαλοῦντός
1177 3460 1279 3513 μου
1312 3443 1450 3514 πρὸς
1494 3444 1573 3508 σὲ,
1602 3442 1696 3497 καί
1741 3460 1823 3496 σοι
1858 3461 1951 3495 πι-

373 3534 708 3588 στεύσωσινδ
741 3555 760 3587 ι
805 3535 919 3588 ἀλλ’
954 3535 1045 3588 ἐπὶ
1076 3535 1175 3605 μὲν
1222 3535 1316 3588 τοῦ
1358 3533 1523 3599 λαοῦ,
1570 3529 1658 3588 οἷα
1708 3552 1950 3605 σωματι-

371 3624 616 3696 κωτέρου
663 3625 1039 3695 τυγχάνοντος,
1083 3626 1151 3678 δι’
1203 3625 1465 3696 αἰσθητῆς
1523 3625 1706 3694 φωνῆς
1751 3624 1948 3695 ὁμιλεῖ,

373 3719 470 3771 ἐπὶ
501 3718 559 3771 δὲ
587 3718 696 3782 τῶν
728 3718 1102 3790 πατριαρχῶν,
1138 3718 1262 3773 οὔτε
1308 3718 1539 3789 νεφέλης
1583 3716 1708 3771 οὔτε
1755 3718 1949 3771 στύλου

372 3810 547 3881 πυρὸς
579 3809 872 3880 δεομένων,
908 3810 1096 3882 ἔτερος
1144 3811 1390 3879 ἐγίγνετο
1434 3810 1534 3881 τῆς
1578 3826 1640 3862 τε
1684 3809 1950 3873 ὀπτασίας

372 3901 468 3954 καὶ
499 3901 596 3971 τῆς
635 3901 772 3972 πρὸς
808 3901 1004 3965 αὐτοὺς
1049 3901 1315 3970 ὁμιλίαςό
1354 3902 1572 3973 τρόπος.
1604 3900 1712 3953 Καὶ
1753 3900 1838 3954 ὅτι
1884 3917 1950 3969 γε

372 3993 475 4046 οὐκ
518 3988 587 4063 ἦν
624 3991 886 4063 ἀγγελική
930 4009 1014 4055 τις
1067 3990 1293 4062 δύναμις
1345 3993 1381 4063 ἡ
1438 3991 1526 4046 διὰ
1576 3994 1676 4062 τῆς
1722 3991 1953 4064 νεφέλης

373 4082 805 4157 χρηματίζουσα,
836 4082 950 4137 ἀλλ’
978 4082 1141 4146 αὐτὸς
1171 4084 1199 4136 6
1225 4082 1378 4147 Θεὸς,
1407 4083 1546 4156 πρὸς
1573 4086 1684 4147 τοῖς
1709 4101 1951 4154 προαπο-

266 4184 277 4201 ’
370 4177 733 4248 δεδειγμένοις
786 4174 1039 4247 δηλοῦται
1084 4176 1178 4229 καὶ
1227 4174 1316 4229 διὰ
1356 4177 1455 4248 τῆς
1505 4175 1678 4239 οὕτως
1717 4177 1951 4249 ἐχούσης

370 4270 619 4343 Γραφῆς·
650 4287 668 4319 ι
691 4265 856 4329 Εἶπεν
886 4266 942 4320 δὲ
959 4266 1160 4338 Κύριος
1191 4266 1326 4339 πρὸς
1345 4268 1603 4339 Μωῦσῆν·
1636 4267 1826 4333 Βάδιζε
1855 4269 1950 4322 καὶ

369 4362 636 4433 όδήγησον
665 4360 757 4413 τὸν
788 4359 913 4412 λαὸν
957 4361 1034 4421 εἰς
1062 4357 1154 4410 τὸν
1185 4357 1350 4410 τόπον
1371 4356 1429 4410 δν
1459 4358 1658 4429 εἴρηκά
1687 4375 1798 4410 σοι·
1840 4358 1949 4411 ἰδοὺ

370 4454 400 4505 6
429 4452 656 4521 ἄγγελός
688 4468 788 4521 μου
840 4448 1272 4522 προπορεύσεται
1308 4448 1415 4519 πρὸ
1445 4447 1738 4520 προσώπου
1773 4465 1889 4504 σου.
1925 4468 1944 4500 ι

371 4543 482 4596 Καὶ
508 4542 701 4596 πάλιν⁹
740 4561 758 4593 ι
794 4543 903 4596 Καὶ
930 4539 1052 4597 εἷπε
1086 4542 1291 4614 Κύριος
1334 4542 1472 4613 πρὸς
1510 4541 1786 4613 Μωῦσῆν·
1841 4543 1947 4595 Πο-

373 4632 532 4704 ρεύου
560 4632 654 4685 καὶ
701 4631 930 4704 ἀνάϐηθι
962 4610 1231 4697 ἐντεῦθεν,
1261 4633 1325 4686 σὺ
1355 4610 1448 4687 καὶ
1474 4635 1503 4685 6
1530 4632 1674 4699 λαὸς,
1754 4635 1849 4686 καὶ
1876 4632 1947 4687 τὰ
1980 4610 2022 4666 D

370 4723 523 4795 ἑξῆς·
560 4724 656 4776 καὶ
691 4722 1067 4775 συναποστελῶ
1092 4724 1201 4803 πρὸ
1229 4723 1520 4794 προσώπου
1550 4741 1643 4777 σου
1667 4725 1758 4778 τὸν
1781 4725 1946 4793 ἄγγε-

370 4817 460 4869 λόν
501 4832 623 4887 μου.
674 4814 858 4868 Ταῦτα
903 4812 1011 4885 γὰρ
1058 4814 1273 4885 ἀγγέλῳ
1312 4816 1412 4885 μὲν
1460 4815 1712 4887 οὐδαμῶς
1768 4815 1945 4886 λέγειν

369 4907 650 4977 ἁρμόττει,
674 4905 793 4976 θεῷ
818 4906 872 4959 δὲ
906 4905 1070 4977 μόνῳ,
1106 4907 1202 4960 καὶ
1238 4907 1316 4977 τῷ
1347 4907 1468 4960 καθ’
1494 4907 1622 4979 ὃλην
1654 4906 1753 4979 τὴν
1806 4909 1947 4961 ἱστο-

371 4999 493 5071 ρίαν
530 4996 617 5051 διὰ
644 4997 738 5050 τοῦ
770 4998 1197 5069 τετραγράμμου
1232 4997 1544 5069 δηλουμένῳ
1571 4999 1783 5069 Κυρίῳ.
1812 4998 1940 5070 ’Ἆρ’

370 5087 461 5145 οὖν
483 5092 512 5145 6
542 5090 650 5144 τῶν
680 5089 815 5143 ὅλων
865 5089 1094 5161 ποιητὴς
1135 5090 1229 5143 καὶ
1258 5090 1390 5152 Θεὸς
1421 5089 1530 5143 τῶν
1579 5091 1833 5144 ἁπάντων
1863 5092 1942 5155 εἰς

367 5181 619 5236 τοσοῦτον
652 5181 862 5253 κατῄει,
892 5181 968 5243 ὡς
1008 5181 1102 5234 ἐπὶ
1141 5179 1453 5251 σωματικοῦ
1478 5180 1638 5253 ὅρους
1676 5180 1939 5252 ὀχεῖσθαι,

367 5274 464 5333 καὶ⁹
496 5271 845 5340 παιδαγωγοῦ
887 5272 1042 5343 δίκην
1078 5272 1427 5344 συμϐαδίζειν
1465 5272 1773 5345 ἀνθρώποις
1798 5276 1827 5327 6
1849 5274 1941 5328 τὸν

364 5366 592 5439 οὐρανὸν
648 5365 741 5417 καὶ
784 5363 882 5435 τὴν
913 5364 1020 5435 γῆν
1076 5364 1333 5436 πληρῶν;
1379 5365 1412 5436 ἢ
1462 5364 1619 5419 τοῦτο
1672 5367 1771 5437 μὲν
1817 5365 1939 5420 οὔτε

364 5458 606 5523 δυνατὸν,
639 5456 750 5511 οὗθ’
786 5457 930 5510 ὃσιον
956 5458 1176 5519 ἐννοεῖν,
1204 5457 1588 5530 εὐσεϐέστερον
1611 5457 1667 5511 δὲ
1692 5458 1809 5529 ἅμα
1845 5458 1940 5512 καὶ

363 5552 587 5607 δυνατὸν
615 5551 706 5605 τὸν
727 5551 867 5603 θεῖον
895 5547 1297 5619 ὑπολαμϐάνειν
1325 5550 1515 5619 Λόγον,
1542 5551 1787 5605 διάκονον
1811 5551 1940 5606 ὄντα

365 5645 459 5700 τοῦ
477 5644 746 5717 πατρικοῦ
762 5644 922 5716 βουλή
931 5661 1119 5716 ματος,
1136 5643 1365 5699 ἐπείπερ
1381 5643 1547 5697 αὐτοῦ
1564 5644 1769 5716 Κυρίου
1786 5644 1938 5709 ὄντος

436 5821 483 5854 ’θ
520 5823 638 5880 Act.
673 5842 779 5887 vn.
814 5828 903 5880 δῖ.

374 5890 397 5922 ⁸
436 5891 606 5951 Exod.
645 5913 793 5955 xxx“
818 5938 832 5961 ,
869 5897 954 5951 54.

2055 3355 2409 3428 patriarchis,
2436 3355 2640 3425 quibus
2661 3368 2840 3422 neque
2861 3353 3006 3407 nube
3035 3368 3214 3423 neque
3243 3352 3391 3423 ignis
3420 3352 3640 3407 colum-

2052 3461 2125 3500 na
2154 3460 2296 3515 opus
2322 3452 2463 3509 erat,
2485 3445 2627 3500 alius
2666 3443 2825 3498 ﬁebat
2856 3442 3087 3499 visionis
3112 3451 3165 3497 et
3191 3443 3639 3499 conversationis

2052 3535 2270 3591 modus.
2311 3532 2470 3599 Quod
2511 3548 2640 3589 vero
2667 3547 2779 3587 non
2819 3532 3061 3602 angelica
3108 3531 3359 3602 quaedam
3392 3539 3639 3601 potestas

2053 3643 2174 3698 quae
2196 3643 2293 3698 per
2313 3628 2514 3682 nubem
2542 3625 3015 3691 manifestabatur,
3039 3626 3136 3681 sed
3161 3625 3277 3695 ipse
3301 3624 3467 3687 Deus,
3495 3641 3637 3695 prae-

2053 3726 2139 3774 ter
2162 3734 2226 3774 ea
2262 3733 2383 3789 quae
2407 3719 2521 3789 jam
2556 3718 2929 3775 demonstrata
2961 3724 3089 3772 sunt
3115 3716 3220 3771 hoc
3252 3718 3417 3771 etiam
3449 3727 3638 3773 osten-

2053 3813 2204 3868 ditur
2234 3810 2536 3883 Scripturae
2576 3811 2697 3866 loco
2728 3829 2740 3864 :
2778 3826 2795 3861 ι
2841 3808 2989 3863 Dixit
3022 3819 3207 3863 autem
3256 3806 3524 3864 Dominus
3564 3810 3633 3864 ad

2053 3900 2291 3973 Moysem
2328 3921 2342 3957 :
2374 3899 2527 3955 Vade
2550 3908 2606 3956 et
2638 3898 2745 3953 duc
2775 3897 3039 3969 p0pulum
3064 3898 3231 3953 istum
3264 3911 3374 3967 quo
3403 3897 3626 3952 locutus

2052 4009 2174 4049 sum
2206 3993 2307 4048 tibi
2333 3994 2377 4048 ⁸.
2419 3991 2560 4047 Ecce
2590 3990 2815 4061 angelus
2846 4004 3002 4044 meus
3053 3986 3325 4058 praecedet
3382 3996 3454 4042 te.
3499 4007 3519 4040 ι
3564 3986 3634 4042 Et

2054 4101 2248 4143 rursus
2280 4104 2294 4140 :
2326 4103 2345 4136 ι
2384 4062 2471 4138 Ἓι
2522 4083 2661 4138 dixit
2716 4081 2978 4137 Dominus
3032 4081 3101 4135 ad
3147 4079 3384 4151 Moysem
3419 4076 3634 4141 :Vade,

2053 4177 2287 4235 ascende
2335 4176 2403 4231 de
2445 4175 2570 4231 loco
2614 4176 2723 4230 isto
2775 4180 2856 4239 tu,
2903 4185 2957 4228 et
2993 4172 3228 4243 pepulus
3263 4179 3392 4226 tuus
3422 4171 3464 4235 ⁸,
3520 4190 3540 4223 ι
3581 4179 3638 4225 et

2052 4278 2279 4336 caetera;
2302 4289 2320 4323 ι
2349 4278 2405 4325 et
2417 4270 2628 4324 mittam
2648 4281 3043 4338 praecursorem
3068 4265 3145 4319 tui
3170 4265 3443 4334 angelum.
3466 4282 3485 4315 ι
3507 4262 3637 4318 Haec

2053 4363 2201 4418 enim
2226 4361 2479 4432 angelum
2512 4372 2858 4434 nequaquam
2889 4357 3072 4413 dicere
3093 4356 3268 4421 decet,
3300 4354 3470 4411 Deum
3494 4371 3627 4412 vero

2052 4454 2253 4517 solum,
2285 4452 2686 4522 Dominamque
2713 4451 2808 4521 qui
2854 4450 2911 4504 in
2944 4457 3060 4504 tota
3108 4448 3431 4504 narratione
3460 4455 3637 4503 tetra-

2053 4551 2363 4616 grammato
2391 4543 2734 4614 designatur.
2762 4540 3042 4611 Numquid
3066 4541 3234 4611 igitur
3248 4540 3633 4595 universarum

2051 4651 2234 4693 rerum
2267 4644 2480 4700 auctor,
2504 4632 2760 4703 Deusque
2792 4632 3039 4687 omnium
3072 4632 3140 4688 ad
3170 4631 3223 4686 id
3256 4629 3541 4688 descendit
3575 4636 3636 4682 nt

2053 4745 2220 4799 super
2275 4727 2613 4783 materialem
2666 4725 2881 4780 veniret
2928 4731 3203 4788 montem,
3252 4731 3307 4780 et
3352 4722 3632 4792 paedagogi

2052 4824 2232 4878 instar
2286 4836 2412 4876 cum
2465 4819 2786 4875 hominibus
2821 4817 3153 4884 ambularet,
3184 4815 3279 4886 qui
3329 4815 3528 4869 cmlum
3576 4822 3633 4869 et

2049 4923 2253 4972 terram
2286 4913 2512 4985 implet?
2538 4910 2733 4968 Nonne
2761 4911 2898 4966 illud
2951 4923 3130 4980 neque
3178 4906 3496 4970 verisimile,
3528 4922 3629 4962 ne-

2049 5023 2155 5078 que
2185 5013 2439 5064 sanctum
2471 5005 2810 5071 existimare,
2844 5002 3153 5074 religiosius
3192 5015 3324 5056 vero
3351 5006 3407 5054 et
3439 5001 3632 5070 proba-

2046 5098 2216 5153 bilius
2271 5096 2519 5167 cogitare
2570 5095 2844 5166 eXpletum
2878 5094 2980 5148 boc
3009 5108 3213 5148 munus
3249 5106 3279 5144 a
3330 5088 3512 5145 Verbo
3544 5090 3630 5145 di-

2048 5187 2176 5242 vino
2205 5229 2220 5253 ,
2280 5193 2521 5257 paterna:
2578 5184 2877 5242 voluntatis
2939 5183 3190 5238 ministro
3219 5223 3235 5246 ,
3285 5181 3629 5252 Dominoque

2047 5280 2190 5350 ipso,
2223 5279 2317 5346 qui
2350 5285 2404 5334 et
2438 5296 2457 5330 ι
2500 5277 2679 5333 factus
2707 5285 2792 5332 est
2820 5290 2948 5346 pars
2979 5274 3172 5339 Jacob,
3203 5274 3482 5356 funiculus
3507 5274 3619 5329 bae-

2049 5370 2299 5427 reditatis
2344 5372 2467 5441 ejus
2501 5369 2670 5426 Israel
2700 5370 2753 5434 ";
2813 5388 2832 5420 ι
2888 5369 3056 5433 hunc,
3106 5367 3349 5437 inquam,
3403 5380 3466 5420 ea
3523 5380 3625 5436 pro

2048 5473 2203 5534 parte
2235 5472 2397 5533 atque
2422 5463 2736 5518 haereditate
2763 5459 3095 5529 suscepisse,
3130 5468 3182 5514 ct
3215 5475 3276 5515 se
3311 5459 3490 5529 ipsum
3522 5474 3624 5513 ει-

2047 5554 2401 5617 inanientem,
2421 5548 2987 5618 consubstantialique
3016 5548 3393 5619 magnitudine
3427 5556 3616 5612 exuta,

2046 5646 2326 5702 hominum
2376 5646 2557 5712 saluti,
2608 5644 2773 5699 etiam
2805 5651 2933 5699 ante
2963 5642 3393 5699 incarnationem
3427 5649 3628 5699 contu-

979 5826 1023 5855 “
1068 5823 1234 5877 Exod.
1268 5841 1377 5882 xlv.
1418 5824 1505 5886 19,
1552 5823 1643 5878 20.
1724 5825 1739 5855 ¹
1782 5825 1950 5879 Exod.
1993 5842 2116 5889 xix,
2158 5827 2211 5880 9.
2289 5829 2310 5858 ²
2350 5825 2518 5881 Exod.
2561 5841 2681 5891 xm,
2716 5825 2806 5879 ει.
2884 5825 2904 5856 ³
2945 5824 3117 5884 Exod.
3155 5823 3346 5894 καθ).
3421 5823 3445 5855 ⁸
3478 5820 3615 5879 ibid.

1033 5896 1051 5924 δ
1091 5894 1261 5951 Exod.
1300 5911 1510 5959 χχχιιι,
1548 5896 1597 5948 l.
1676 5896 1695 5927 ⁷
1736 5894 1894 5952 Deut.
1932 5912 2114 5963 x-xxu,
2150 5899 2182 5951 9
