  <div class='ocr_page' id='page_1' title='image "/cluster/home/n/w/nwhite01/storage/ocr_20150623/22:no.4/coo.31924054873025/541.png"; bbox 0 0 4106 6434; ppageno 0'>
   <div class='ocr_carea' id='block_1_1' title="bbox 478 429 617 486">
    <p class='ocr_par' dir='ltr' id='par_1_1' title="bbox 478 429 617 486">
     <span class='ocr_line' id='line_1_1' title="bbox 478 429 617 486; baseline 0 -1"><span class='ocrx_word' id='word_1_1' title='bbox 478 431 501 485; x_wconf 81' lang='lat' dir='ltr'><strong>l</strong></span> <span class='ocrx_word' id='word_1_2' title='bbox 512 429 617 486; x_wconf 82' lang='lat'><strong>055</strong></span> 
     </span>
    </p>
   </div>
   <div class='ocr_carea' id='block_1_2' title="bbox 1216 417 3032 481">
    <p class='ocr_par' dir='ltr' id='par_1_2' title="bbox 1216 417 3032 481">
     <span class='ocr_line' id='line_1_2' title="bbox 1216 417 3032 481; baseline -0.003 0"><span class='ocrx_word' id='word_1_3' title='bbox 1216 426 1484 481; x_wconf 75' lang='lat' dir='ltr'><strong>EUSEBH</strong></span> <span class='ocrx_word' id='word_1_4' title='bbox 1523 422 2003 481; x_wconf 63' lang='lat' dir='ltr'><strong>CESARIENSIS</strong></span> <span class='ocrx_word' id='word_1_5' title='bbox 2039 420 2188 478; x_wconf 80' lang='lat' dir='ltr'><strong>OPP.</strong></span> <span class='ocrx_word' id='word_1_6' title='bbox 2233 419 2415 474; x_wconf 81' lang='lat' dir='ltr'><strong>PARS</strong></span> <span class='ocrx_word' id='word_1_7' title='bbox 2452 417 3032 475; x_wconf 79' lang='lat' dir='ltr'><strong>[IL—EXEGETICA.</strong></span> 
     </span>
    </p>
   </div>
   <div class='ocr_carea' id='block_1_3' title="bbox 3598 416 3739 471">
    <p class='ocr_par' dir='ltr' id='par_1_3' title="bbox 3598 416 3739 471">
     <span class='ocr_line' id='line_1_3' title="bbox 3598 416 3739 471; baseline 0.014 -2"><span class='ocrx_word' id='word_1_8' title='bbox 3598 416 3739 471; x_wconf 69' lang='grc'><strong>1056</strong></span> 
     </span>
    </p>
   </div>
   <div class='ocr_carea' id='block_1_4' title="bbox 475 531 2050 612">
    <p class='ocr_par' dir='ltr' id='par_1_4' title="bbox 475 539 2047 612">
     <span class='ocr_line' id='line_1_4' title="bbox 475 539 2047 612; baseline -0.003 -13"><span class='ocrx_word' id='word_1_9' title='bbox 475 542 688 600; x_wconf 79' lang='lat' dir='ltr'><strong>luisse?</strong></span> <span class='ocrx_word' id='word_1_10' title='bbox 713 539 870 608; x_wconf 84' lang='lat' dir='ltr'><strong>Quod</strong></span> <span class='ocrx_word' id='word_1_11' title='bbox 899 541 948 595; x_wconf 84' lang='lat' dir='ltr'><strong>si</strong></span> <span class='ocrx_word' id='word_1_12' title='bbox 990 540 1279 612; x_wconf 73' lang='lat' dir='ltr'><strong>diligenter</strong></span> <span class='ocrx_word' id='word_1_13' title='bbox 1303 543 1769 611; x_wconf 88' lang='lat' dir='ltr'><strong>perspiceremus,</strong></span> <span class='ocrx_word' id='word_1_14' title='bbox 1808 539 2047 594; x_wconf 80' lang='lat' dir='ltr'><strong>invenie-</strong></span> 
     </span>
    </p>
   </div>
   <div class='ocr_carea' id='block_1_5' title="bbox 2158 531 3742 612">
    <p class='ocr_par' dir='ltr' id='par_1_5' title="bbox 2159 531 3742 609">
     <span class='ocr_line' id='line_1_5' title="bbox 2159 531 3742 609; baseline -0.004 -21"><span class='ocrx_word' id='word_1_15' title='bbox 2159 557 2176 588; x_wconf 74' lang='grc' dir='ltr'><strong>ι</strong></span> <span class='ocrx_word' id='word_1_16' title='bbox 2209 537 2443 609; x_wconf 76' lang='grc' dir='ltr'>ἐγενήθη</span> <span class='ocrx_word' id='word_1_17' title='bbox 2474 534 2631 608; x_wconf 71' lang='grc' dir='ltr'>μερὶς</span> <span class='ocrx_word' id='word_1_18' title='bbox 2672 533 2866 588; x_wconf 78' lang='grc' dir='ltr'>Ἰακὼϐ</span> <span class='ocrx_word' id='word_1_19' title='bbox 2909 536 3004 588; x_wconf 75' lang='grc' dir='ltr'>καὶ</span> <span class='ocrx_word' id='word_1_20' title='bbox 3035 533 3328 604; x_wconf 87' lang='grc' dir='ltr'>σχοίνισμα</span> <span class='ocrx_word' id='word_1_21' title='bbox 3379 531 3742 604; x_wconf 77' lang='grc' dir='ltr'><strong>κληρονομίας</strong></span> 
     </span>
    </p>
   </div>
   <div class='ocr_carea' id='block_1_6' title="bbox 475 632 2053 704">
    <p class='ocr_par' dir='ltr' id='par_1_6' title="bbox 475 632 2053 704">
     <span class='ocr_line' id='line_1_6' title="bbox 475 632 2053 704; baseline -0.004 -12"><span class='ocrx_word' id='word_1_22' title='bbox 475 653 601 692; x_wconf 88' lang='lat' dir='ltr'><strong>mus</strong></span> <span class='ocrx_word' id='word_1_23' title='bbox 633 649 758 690; x_wconf 88' lang='lat' dir='ltr'><strong>eum</strong></span> <span class='ocrx_word' id='word_1_24' title='bbox 785 632 1065 689; x_wconf 81' lang='lat' dir='ltr'><strong>interdum</strong></span> <span class='ocrx_word' id='word_1_25' title='bbox 1089 635 1312 704; x_wconf 88' lang='lat' dir='ltr'><strong>propria</strong></span> <span class='ocrx_word' id='word_1_26' title='bbox 1339 634 1509 689; x_wconf 83' lang='lat' dir='ltr'><strong>forma</strong></span> <span class='ocrx_word' id='word_1_27' title='bbox 1542 639 1814 703; x_wconf 78' lang='lat' dir='ltr'><strong>praecepta</strong></span> <span class='ocrx_word' id='word_1_28' title='bbox 1841 632 2053 687; x_wconf 89' lang='lat' dir='ltr'><strong>denun-</strong></span> 
     </span>
    </p>
   </div>
   <div class='ocr_carea' id='block_1_7' title="bbox 475 725 2053 803">
    <p class='ocr_par' dir='ltr' id='par_1_7' title="bbox 475 725 2053 803">
     <span class='ocr_line' id='line_1_7' title="bbox 475 725 2053 803; baseline -0.002 -21"><span class='ocrx_word' id='word_1_29' title='bbox 475 730 725 792; x_wconf 87' lang='lat' dir='ltr'><strong>tiantem,</strong></span> <span class='ocrx_word' id='word_1_30' title='bbox 752 726 898 782; x_wconf 91' lang='lat' dir='ltr'><strong>sicut</strong></span> <span class='ocrx_word' id='word_1_31' title='bbox 926 741 1050 803; x_wconf 75' lang='lat' dir='ltr'><strong>eum</strong></span> <span class='ocrx_word' id='word_1_32' title='bbox 1081 726 1221 781; x_wconf 80' lang='lat' dir='ltr'><strong>dixit</strong></span> <span class='ocrx_word' id='word_1_33' title='bbox 1248 744 1265 783; x_wconf 90' lang='lat'><strong>:</strong></span> <span class='ocrx_word' id='word_1_34' title='bbox 1294 745 1312 778; x_wconf 78' lang='grc' dir='ltr'><strong>ι</strong></span> <span class='ocrx_word' id='word_1_35' title='bbox 1350 726 1470 781; x_wconf 84' lang='lat' dir='ltr'><strong>Non</strong></span> <span class='ocrx_word' id='word_1_36' title='bbox 1503 726 1798 797; x_wconf 86' lang='lat' dir='ltr'><strong>apparebis</strong></span> <span class='ocrx_word' id='word_1_37' title='bbox 1827 725 1886 780; x_wconf 89' lang='lat' dir='ltr'><strong>in</strong></span> <span class='ocrx_word' id='word_1_38' title='bbox 1918 740 2053 780; x_wconf 88' lang='lat' dir='ltr'><strong>con-</strong></span> 
     </span>
    </p>
   </div>
   <div class='ocr_carea' id='block_1_8' title="bbox 473 815 2049 885">
    <p class='ocr_par' dir='ltr' id='par_1_8' title="bbox 473 815 2049 885">
     <span class='ocr_line' id='line_1_8' title="bbox 473 815 2049 885; baseline -0.001 -13"><span class='ocrx_word' id='word_1_39' title='bbox 473 822 667 885; x_wconf 76' lang='lat' dir='ltr'><strong>Spectu</strong></span> <span class='ocrx_word' id='word_1_40' title='bbox 696 830 818 871; x_wconf 89' lang='lat' dir='ltr'><strong>meo</strong></span> <span class='ocrx_word' id='word_1_41' title='bbox 861 830 1067 871; x_wconf 87' lang='lat' dir='ltr'><strong>vacuus</strong></span> <span class='ocrx_word' id='word_1_42' title='bbox 1100 816 1143 870; x_wconf 79' lang='grc'><strong>⁸.</strong></span> <span class='ocrx_word' id='word_1_43' title='bbox 1177 815 1364 871; x_wconf 86' lang='lat' dir='ltr'><strong>Altare</strong></span> <span class='ocrx_word' id='word_1_44' title='bbox 1393 816 1461 871; x_wconf 91' lang='lat' dir='ltr'><strong>de</strong></span> <span class='ocrx_word' id='word_1_45' title='bbox 1491 824 1641 871; x_wconf 87' lang='lat' dir='ltr'><strong>terra</strong></span> <span class='ocrx_word' id='word_1_46' title='bbox 1676 815 1892 872; x_wconf 81' lang='lat' dir='ltr'><strong>facietis</strong></span> <span class='ocrx_word' id='word_1_47' title='bbox 1916 815 2049 870; x_wconf 86' lang='lat' dir='ltr'><strong>mihi</strong></span> 
     </span>
    </p>
   </div>
   <div class='ocr_carea' id='block_1_9' title="bbox 471 905 2052 978">
    <p class='ocr_par' dir='ltr' id='par_1_9' title="bbox 471 905 2052 978">
     <span class='ocr_line' id='line_1_9' title="bbox 471 905 2052 978; baseline -0.001 -15"><span class='ocrx_word' id='word_1_48' title='bbox 471 916 530 963; x_wconf 91' lang='lat' dir='ltr'><strong>et</strong></span> <span class='ocrx_word' id='word_1_49' title='bbox 554 905 793 963; x_wconf 81' lang='lat' dir='ltr'><strong>all‘eretis</strong></span> <span class='ocrx_word' id='word_1_50' title='bbox 820 924 984 978; x_wconf 84' lang='lat' dir='ltr'><strong>super</strong></span> <span class='ocrx_word' id='word_1_51' title='bbox 1016 922 1082 962; x_wconf 91' lang='lat' dir='ltr'><strong>eo</strong></span> <span class='ocrx_word' id='word_1_52' title='bbox 1111 907 1505 963; x_wconf 78' lang='lat' dir='ltr'><strong>holocausta...</strong></span> <span class='ocrx_word' id='word_1_53' title='bbox 1539 907 1770 964; x_wconf 82' lang='lat' dir='ltr'><strong>Veniam</strong></span> <span class='ocrx_word' id='word_1_54' title='bbox 1802 908 1868 964; x_wconf 87' lang='lat' dir='ltr'><strong>ad</strong></span> <span class='ocrx_word' id='word_1_55' title='bbox 1914 915 1970 963; x_wconf 90' lang='lat' dir='ltr'><strong>te</strong></span> <span class='ocrx_word' id='word_1_56' title='bbox 1996 916 2052 963; x_wconf 88' lang='lat' dir='ltr'><strong>et</strong></span> 
     </span>
    </p>
   </div>
   <div class='ocr_carea' id='block_1_10' title="bbox 476 999 2053 1071">
    <p class='ocr_par' dir='ltr' id='par_1_10' title="bbox 476 999 2053 1071">
     <span class='ocr_line' id='line_1_10' title="bbox 476 999 2053 1071; baseline 0 -15"><span class='ocrx_word' id='word_1_57' title='bbox 476 999 806 1056; x_wconf 84' lang='lat' dir='ltr'><strong>benedicam</strong></span> <span class='ocrx_word' id='word_1_58' title='bbox 861 1001 962 1055; x_wconf 89' lang='lat' dir='ltr'><strong>tibi</strong></span> <span class='ocrx_word' id='word_1_59' title='bbox 993 1002 1051 1065; x_wconf 70' lang='lat'><strong>9;</strong></span> <span class='ocrx_word' id='word_1_60' title='bbox 1103 1020 1121 1049; x_wconf 74' lang='grc' dir='ltr'><strong>ι</strong></span> <span class='ocrx_word' id='word_1_61' title='bbox 1181 1000 1455 1054; x_wconf 78' lang='lat' dir='ltr'><strong>interdum</strong></span> <span class='ocrx_word' id='word_1_62' title='bbox 1511 1001 1669 1071; x_wconf 92' lang='lat' dir='ltr'><strong>quasi</strong></span> <span class='ocrx_word' id='word_1_63' title='bbox 1704 999 1772 1055; x_wconf 92' lang='lat' dir='ltr'><strong>de</strong></span> <span class='ocrx_word' id='word_1_64' title='bbox 1805 1001 1914 1055; x_wconf 89' lang='lat' dir='ltr'><strong>alio</strong></span> <span class='ocrx_word' id='word_1_65' title='bbox 1947 999 2053 1056; x_wconf 91' lang='lat' dir='ltr'><strong>Do-</strong></span> 
     </span>
    </p>
   </div>
   <div class='ocr_carea' id='block_1_11' title="bbox 470 1091 2054 1162">
    <p class='ocr_par' dir='ltr' id='par_1_11' title="bbox 470 1091 2054 1162">
     <span class='ocr_line' id='line_1_11' title="bbox 470 1091 2054 1162; baseline 0 -16"><span class='ocrx_word' id='word_1_66' title='bbox 470 1093 644 1156; x_wconf 90' lang='lat' dir='ltr'><strong>mino,</strong></span> <span class='ocrx_word' id='word_1_67' title='bbox 680 1092 787 1147; x_wconf 86' lang='lat' dir='ltr'><strong>Deo</strong></span> <span class='ocrx_word' id='word_1_68' title='bbox 808 1092 1020 1147; x_wconf 85' lang='lat' dir='ltr'><strong>scilicet</strong></span> <span class='ocrx_word' id='word_1_69' title='bbox 1047 1100 1103 1146; x_wconf 91' lang='lat' dir='ltr'><strong>et</strong></span> <span class='ocrx_word' id='word_1_70' title='bbox 1130 1091 1294 1145; x_wconf 88' lang='lat' dir='ltr'><strong>Patre</strong></span> <span class='ocrx_word' id='word_1_71' title='bbox 1318 1093 1458 1162; x_wconf 82' lang='lat' dir='ltr'><strong>ejus,</strong></span> <span class='ocrx_word' id='word_1_72' title='bbox 1488 1092 1873 1161; x_wconf 78' lang='lat' dir='ltr'><strong>disserentem,</strong></span> <span class='ocrx_word' id='word_1_73' title='bbox 1909 1092 2054 1147; x_wconf 88' lang='lat' dir='ltr'><strong>sicut</strong></span> 
     </span>
    </p>
   </div>
   <div class='ocr_carea' id='block_1_12' title="bbox 470 1182 2054 1255">
    <p class='ocr_par' dir='ltr' id='par_1_12' title="bbox 470 1182 2054 1255">
     <span class='ocr_line' id='line_1_12' title="bbox 470 1182 2054 1255; baseline 0 -17"><span class='ocrx_word' id='word_1_74' title='bbox 470 1185 527 1238; x_wconf 93' lang='lat' dir='ltr'><strong>in</strong></span> <span class='ocrx_word' id='word_1_75' title='bbox 550 1183 820 1255; x_wconf 82' lang='lat' dir='ltr'><strong>Decalogo</strong></span> <span class='ocrx_word' id='word_1_76' title='bbox 872 1199 996 1238; x_wconf 89' lang='lat' dir='ltr'><strong>cum</strong></span> <span class='ocrx_word' id='word_1_77' title='bbox 1041 1184 1160 1238; x_wconf 89' lang='lat' dir='ltr'><strong>ait:</strong></span> <span class='ocrx_word' id='word_1_78' title='bbox 1198 1202 1216 1233; x_wconf 75' lang='grc' dir='ltr'><strong>ι</strong></span> <span class='ocrx_word' id='word_1_79' title='bbox 1268 1182 1388 1238; x_wconf 89' lang='lat' dir='ltr'><strong>Non</strong></span> <span class='ocrx_word' id='word_1_80' title='bbox 1424 1199 1675 1240; x_wconf 83' lang='lat' dir='ltr'><strong>assumes</strong></span> <span class='ocrx_word' id='word_1_81' title='bbox 1706 1199 1909 1239; x_wconf 82' lang='lat' dir='ltr'><strong>nomen</strong></span> <span class='ocrx_word' id='word_1_82' title='bbox 1944 1183 2054 1238; x_wconf 86' lang='lat' dir='ltr'><strong>Do-</strong></span> 
     </span>
    </p>
   </div>
   <div class='ocr_carea' id='block_1_13' title="bbox 469 1275 2051 1347">
    <p class='ocr_par' dir='ltr' id='par_1_13' title="bbox 469 1275 2051 1347">
     <span class='ocr_line' id='line_1_13' title="bbox 469 1275 2051 1347; baseline -0.001 -17"><span class='ocrx_word' id='word_1_83' title='bbox 469 1275 608 1330; x_wconf 88' lang='lat' dir='ltr'><strong>mini</strong></span> <span class='ocrx_word' id='word_1_84' title='bbox 639 1276 732 1332; x_wconf 89' lang='lat' dir='ltr'><strong>Dei</strong></span> <span class='ocrx_word' id='word_1_85' title='bbox 765 1275 844 1331; x_wconf 92' lang='lat' dir='ltr'><strong>tui</strong></span> <span class='ocrx_word' id='word_1_86' title='bbox 882 1277 937 1331; x_wconf 93' lang='lat' dir='ltr'><strong>in</strong></span> <span class='ocrx_word' id='word_1_87' title='bbox 964 1291 1201 1345; x_wconf 89' lang='lat' dir='ltr'><strong>vanum;</strong></span> <span class='ocrx_word' id='word_1_88' title='bbox 1250 1276 1486 1347; x_wconf 87' lang='lat' dir='ltr'><strong>septimo</strong></span> <span class='ocrx_word' id='word_1_89' title='bbox 1518 1276 1606 1331; x_wconf 91' lang='lat' dir='ltr'><strong>die</strong></span> <span class='ocrx_word' id='word_1_90' title='bbox 1634 1277 1923 1332; x_wconf 81' lang='lat' dir='ltr'><strong>sabbatum</strong></span> <span class='ocrx_word' id='word_1_91' title='bbox 1959 1276 2051 1329; x_wconf 90' lang='lat' dir='ltr'><strong>Dei</strong></span> 
     </span>
    </p>
   </div>
   <div class='ocr_carea' id='block_1_14' title="bbox 468 1354 2049 1423">
    <p class='ocr_par' dir='ltr' id='par_1_14' title="bbox 468 1354 2049 1423">
     <span class='ocr_line' id='line_1_14' title="bbox 468 1354 2049 1423; baseline -0.001 -3"><span class='ocrx_word' id='word_1_92' title='bbox 468 1368 548 1421; x_wconf 91' lang='lat' dir='ltr'><strong>tui</strong></span> <span class='ocrx_word' id='word_1_93' title='bbox 574 1374 679 1422; x_wconf 90' lang='lat' dir='ltr'><strong>est.</strong></span> <span class='ocrx_word' id='word_1_94' title='bbox 728 1365 837 1423; x_wconf 84' lang='lat' dir='ltr'><strong>Sex</strong></span> <span class='ocrx_word' id='word_1_95' title='bbox 867 1369 1012 1423; x_wconf 92' lang='lat' dir='ltr'><strong>enim</strong></span> <span class='ocrx_word' id='word_1_96' title='bbox 1046 1368 1240 1423; x_wconf 88' lang='lat' dir='ltr'><strong>diebus</strong></span> <span class='ocrx_word' id='word_1_97' title='bbox 1291 1366 1419 1421; x_wconf 86' lang='lat' dir='ltr'><strong>fecit</strong></span> <span class='ocrx_word' id='word_1_98' title='bbox 1460 1365 1726 1421; x_wconf 90' lang='lat' dir='ltr'><strong>Dominus</strong></span> <span class='ocrx_word' id='word_1_99' title='bbox 1754 1354 1957 1421; x_wconf 72' lang='lat' dir='ltr'><strong>caelum</strong></span> <span class='ocrx_word' id='word_1_100' title='bbox 1994 1373 2049 1419; x_wconf 89' lang='lat' dir='ltr'><strong>et</strong></span> 
     </span>
    </p>
   </div>
   <div class='ocr_carea' id='block_1_15' title="bbox 469 1457 2051 1529">
    <p class='ocr_par' dir='ltr' id='par_1_15' title="bbox 469 1457 2051 1529">
     <span class='ocr_line' id='line_1_15' title="bbox 469 1457 2051 1529; baseline -0.002 -15"><span class='ocrx_word' id='word_1_101' title='bbox 469 1468 697 1522; x_wconf 89' lang='lat' dir='ltr'><strong>terram,</strong></span> <span class='ocrx_word' id='word_1_102' title='bbox 733 1466 785 1515; x_wconf 90' lang='lat' dir='ltr'><strong>et</strong></span> <span class='ocrx_word' id='word_1_103' title='bbox 815 1475 988 1524; x_wconf 87' lang='lat' dir='ltr'><strong>mare,</strong></span> <span class='ocrx_word' id='word_1_104' title='bbox 1018 1467 1072 1515; x_wconf 88' lang='lat' dir='ltr'><strong>et</strong></span> <span class='ocrx_word' id='word_1_105' title='bbox 1102 1461 1287 1514; x_wconf 86' lang='lat' dir='ltr'><strong>omnia</strong></span> <span class='ocrx_word' id='word_1_106' title='bbox 1308 1474 1429 1529; x_wconf 79' lang='lat' dir='ltr'><strong>quae</strong></span> <span class='ocrx_word' id='word_1_107' title='bbox 1458 1458 1515 1512; x_wconf 90' lang='lat' dir='ltr'><strong>in</strong></span> <span class='ocrx_word' id='word_1_108' title='bbox 1541 1458 1623 1514; x_wconf 90' lang='lat' dir='ltr'><strong>eis</strong></span> <span class='ocrx_word' id='word_1_109' title='bbox 1662 1465 1826 1525; x_wconf 89' lang='lat' dir='ltr'><strong>sunt;</strong></span> <span class='ocrx_word' id='word_1_110' title='bbox 1870 1464 1927 1512; x_wconf 91' lang='lat' dir='ltr'><strong>et</strong></span> <span class='ocrx_word' id='word_1_111' title='bbox 1956 1457 2051 1511; x_wconf 85' lang='lat' dir='ltr'><strong>be-</strong></span> 
     </span>
    </p>
   </div>
   <div class='ocr_carea' id='block_1_16' title="bbox 469 1548 2049 1615">
    <p class='ocr_par' dir='ltr' id='par_1_16' title="bbox 469 1548 2049 1615">
     <span class='ocr_line' id='line_1_16' title="bbox 469 1548 2049 1615; baseline -0.001 -10"><span class='ocrx_word' id='word_1_112' title='bbox 469 1552 682 1606; x_wconf 84' lang='lat' dir='ltr'><strong>nedixit</strong></span> <span class='ocrx_word' id='word_1_113' title='bbox 724 1550 989 1607; x_wconf 89' lang='lat' dir='ltr'><strong>Dominus</strong></span> <span class='ocrx_word' id='word_1_114' title='bbox 1042 1552 1148 1607; x_wconf 91' lang='lat' dir='ltr'><strong>diei</strong></span> <span class='ocrx_word' id='word_1_115' title='bbox 1213 1550 1530 1615; x_wconf 76' lang='lat' dir='ltr'><strong>Sabbati“.</strong></span> <span class='ocrx_word' id='word_1_116' title='bbox 1595 1569 1614 1601; x_wconf 83' lang='grc' dir='ltr'><strong>ι</strong></span> <span class='ocrx_word' id='word_1_117' title='bbox 1676 1548 1743 1603; x_wconf 89' lang='lat' dir='ltr'><strong>Et</strong></span> <span class='ocrx_word' id='word_1_118' title='bbox 1804 1563 2049 1604; x_wconf 88' lang='lat' dir='ltr'><strong>rursus:</strong></span> 
     </span>
    </p>
   </div>
   <div class='ocr_carea' id='block_1_17' title="bbox 474 1641 2053 1713">
    <p class='ocr_par' dir='ltr' id='par_1_17' title="bbox 474 1641 2053 1713">
     <span class='ocr_line' id='line_1_17' title="bbox 474 1641 2053 1713; baseline 0.001 -20"><span class='ocrx_word' id='word_1_119' title='bbox 474 1660 495 1693; x_wconf 83' lang='grc'><strong>‹</strong></span> <span class='ocrx_word' id='word_1_120' title='bbox 550 1642 771 1697; x_wconf 87' lang='lat' dir='ltr'><strong>Honora</strong></span> <span class='ocrx_word' id='word_1_121' title='bbox 817 1651 1025 1713; x_wconf 88' lang='lat' dir='ltr'><strong>patrem</strong></span> <span class='ocrx_word' id='word_1_122' title='bbox 1072 1651 1227 1697; x_wconf 90' lang='lat' dir='ltr'><strong>tuum</strong></span> <span class='ocrx_word' id='word_1_123' title='bbox 1280 1650 1336 1697; x_wconf 91' lang='lat' dir='ltr'><strong>et</strong></span> <span class='ocrx_word' id='word_1_124' title='bbox 1385 1649 1620 1696; x_wconf 85' lang='lat' dir='ltr'><strong>matrem</strong></span> <span class='ocrx_word' id='word_1_125' title='bbox 1650 1647 1825 1706; x_wconf 91' lang='lat' dir='ltr'><strong>tuam,</strong></span> <span class='ocrx_word' id='word_1_126' title='bbox 1861 1649 1922 1695; x_wconf 92' lang='lat' dir='ltr'><strong>ut</strong></span> <span class='ocrx_word' id='word_1_127' title='bbox 1951 1641 2053 1696; x_wconf 86' lang='lat' dir='ltr'><strong>tibi</strong></span> 
     </span>
    </p>
   </div>
   <div class='ocr_carea' id='block_1_18' title="bbox 466 1731 2054 1803">
    <p class='ocr_par' dir='ltr' id='par_1_18' title="bbox 466 1731 2054 1803">
     <span class='ocr_line' id='line_1_18' title="bbox 466 1731 2054 1803; baseline 0 -17"><span class='ocrx_word' id='word_1_128' title='bbox 466 1732 608 1788; x_wconf 87' lang='lat' dir='ltr'><strong>bene</strong></span> <span class='ocrx_word' id='word_1_129' title='bbox 642 1732 714 1786; x_wconf 87' lang='lat' dir='ltr'><strong>sit</strong></span> <span class='ocrx_word' id='word_1_130' title='bbox 742 1742 796 1787; x_wconf 92' lang='lat' dir='ltr'><strong>et</strong></span> <span class='ocrx_word' id='word_1_131' title='bbox 829 1733 908 1788; x_wconf 87' lang='lat' dir='ltr'><strong>sis</strong></span> <span class='ocrx_word' id='word_1_132' title='bbox 935 1734 1210 1803; x_wconf 74' lang='lat' dir='ltr'><strong>longaevus</strong></span> <span class='ocrx_word' id='word_1_133' title='bbox 1246 1748 1415 1803; x_wconf 86' lang='lat' dir='ltr'><strong>super</strong></span> <span class='ocrx_word' id='word_1_134' title='bbox 1437 1739 1645 1786; x_wconf 84' lang='lat' dir='ltr'><strong>terram</strong></span> <span class='ocrx_word' id='word_1_135' title='bbox 1666 1747 1833 1801; x_wconf 90' lang='lat' dir='ltr'><strong>quam</strong></span> <span class='ocrx_word' id='word_1_136' title='bbox 1867 1731 2054 1787; x_wconf 88' lang='lat' dir='ltr'><strong>Domi-</strong></span> 
     </span>
    </p>
   </div>
   <div class='ocr_carea' id='block_1_19' title="bbox 468 1821 2054 1892">
    <p class='ocr_par' dir='ltr' id='par_1_19' title="bbox 468 1821 2054 1892">
     <span class='ocr_line' id='line_1_19' title="bbox 468 1821 2054 1892; baseline 0 -16"><span class='ocrx_word' id='word_1_137' title='bbox 468 1838 578 1877; x_wconf 88' lang='lat' dir='ltr'><strong>nus</strong></span> <span class='ocrx_word' id='word_1_138' title='bbox 609 1822 754 1878; x_wconf 92' lang='lat' dir='ltr'><strong>Deus</strong></span> <span class='ocrx_word' id='word_1_139' title='bbox 785 1831 913 1878; x_wconf 91' lang='lat' dir='ltr'><strong>tuus</strong></span> <span class='ocrx_word' id='word_1_140' title='bbox 943 1824 1096 1878; x_wconf 83' lang='lat' dir='ltr'><strong>dabit</strong></span> <span class='ocrx_word' id='word_1_141' title='bbox 1132 1823 1229 1878; x_wconf 88' lang='lat' dir='ltr'><strong>tibi</strong></span> <span class='ocrx_word' id='word_1_142' title='bbox 1263 1824 1329 1877; x_wconf 83' lang='grc'><strong>¹¹.</strong></span> <span class='ocrx_word' id='word_1_143' title='bbox 1374 1842 1393 1874; x_wconf 76' lang='grc' dir='ltr'><strong>ι</strong></span> <span class='ocrx_word' id='word_1_144' title='bbox 1427 1821 1557 1877; x_wconf 71' lang='lat' dir='ltr'><strong>Haec</strong></span> <span class='ocrx_word' id='word_1_145' title='bbox 1603 1821 1750 1877; x_wconf 90' lang='lat' dir='ltr'><strong>enim</strong></span> <span class='ocrx_word' id='word_1_146' title='bbox 1791 1838 1904 1877; x_wconf 92' lang='lat' dir='ltr'><strong>non</strong></span> <span class='ocrx_word' id='word_1_147' title='bbox 1954 1837 2054 1892; x_wconf 92' lang='lat' dir='ltr'><strong>per</strong></span> 
     </span>
    </p>
   </div>
   <div class='ocr_carea' id='block_1_20' title="bbox 2160 620 3745 699">
    <p class='ocr_par' dir='ltr' id='par_1_20' title="bbox 2160 620 3745 699">
     <span class='ocr_line' id='line_1_20' title="bbox 2160 620 3745 699; baseline -0.006 -16"><span class='ocrx_word' id='word_1_148' title='bbox 2160 627 2328 683; x_wconf 79' lang='grc' dir='ltr'>αὑτοῦ</span> <span class='ocrx_word' id='word_1_149' title='bbox 2370 627 2606 699; x_wconf 82' lang='grc' dir='ltr'>Ἰσραὴλ,</span> <span class='ocrx_word' id='word_1_150' title='bbox 2636 646 2655 679; x_wconf 81' lang='grc' dir='ltr'><strong>ι</strong></span> <span class='ocrx_word' id='word_1_151' title='bbox 2687 620 2775 679; x_wconf 72' lang='grc' dir='ltr'><strong>οἷα</strong></span> <span class='ocrx_word' id='word_1_152' title='bbox 2815 626 2956 699; x_wconf 85' lang='grc' dir='ltr'>ὑπὲρ</span> <span class='ocrx_word' id='word_1_153' title='bbox 2991 626 3205 698; x_wconf 84' lang='grc' dir='ltr'><strong>μερίδος</strong></span> <span class='ocrx_word' id='word_1_154' title='bbox 3253 626 3347 679; x_wconf 79' lang='grc' dir='ltr'><strong>καὶ</strong></span> <span class='ocrx_word' id='word_1_155' title='bbox 3377 622 3745 696; x_wconf 81' lang='grc' dir='ltr'><strong>κληρονομίας</strong></span> 
     </span>
    </p>
   </div>
   <div class='ocr_carea' id='block_1_21' title="bbox 2161 712 3747 796">
    <p class='ocr_par' dir='ltr' id='par_1_21' title="bbox 2161 712 3747 796">
     <span class='ocr_line' id='line_1_21' title="bbox 2161 712 3747 796; baseline -0.009 -18"><span class='ocrx_word' id='word_1_156' title='bbox 2161 721 2499 796; x_wconf 79' lang='grc' dir='ltr'>φροντίζειν,</span> <span class='ocrx_word' id='word_1_157' title='bbox 2551 718 2816 774; x_wconf 81' lang='grc' dir='ltr'>κενοῦντά</span> <span class='ocrx_word' id='word_1_158' title='bbox 2849 735 2908 772; x_wconf 88' lang='grc' dir='ltr'><strong>τε</strong></span> <span class='ocrx_word' id='word_1_159' title='bbox 2939 718 3127 771; x_wconf 78' lang='grc' dir='ltr'>ἑαυτὸν</span> <span class='ocrx_word' id='word_1_160' title='bbox 3176 716 3272 770; x_wconf 77' lang='grc' dir='ltr'><strong>καὶ</strong></span> <span class='ocrx_word' id='word_1_161' title='bbox 3318 712 3413 769; x_wconf 82' lang='grc' dir='ltr'>τοῦ</span> <span class='ocrx_word' id='word_1_162' title='bbox 3464 713 3747 784; x_wconf 78' lang='grc' dir='ltr'><strong>συμφυοῦς</strong></span> 
     </span>
    </p>
   </div>
   <div class='ocr_carea' id='block_1_22' title="bbox 2163 805 3748 889">
    <p class='ocr_par' dir='ltr' id='par_1_22' title="bbox 2163 805 3748 889">
     <span class='ocr_line' id='line_1_22' title="bbox 2163 805 3748 889; baseline -0.006 -20"><span class='ocrx_word' id='word_1_163' title='bbox 2163 816 2425 889; x_wconf 81' lang='grc' dir='ltr'>μεγέθους</span> <span class='ocrx_word' id='word_1_164' title='bbox 2452 812 2818 886; x_wconf 81' lang='grc' dir='ltr'>σμικρύνοντα</span> <span class='ocrx_word' id='word_1_165' title='bbox 2839 813 2905 882; x_wconf 80' lang='grc' dir='ltr'>τῇ</span> <span class='ocrx_word' id='word_1_166' title='bbox 2932 810 3042 864; x_wconf 89' lang='grc' dir='ltr'><strong>τῶν</strong></span> <span class='ocrx_word' id='word_1_167' title='bbox 3069 808 3374 881; x_wconf 86' lang='grc' dir='ltr'>ἀνθρώπων</span> <span class='ocrx_word' id='word_1_168' title='bbox 3397 808 3490 861; x_wconf 79' lang='grc' dir='ltr'>καὶ</span> <span class='ocrx_word' id='word_1_169' title='bbox 3511 805 3617 876; x_wconf 82' lang='grc' dir='ltr'>πρὸ</span> <span class='ocrx_word' id='word_1_170' title='bbox 3647 805 3748 876; x_wconf 75' lang='grc' dir='ltr'>τῆς</span> 
     </span>
    </p>
   </div>
   <div class='ocr_carea' id='block_1_23' title="bbox 2162 895 3749 981">
    <p class='ocr_par' dir='ltr' id='par_1_23' title="bbox 2162 895 3749 981">
     <span class='ocr_line' id='line_1_23' title="bbox 2162 895 3749 981; baseline -0.011 -16"><span class='ocrx_word' id='word_1_171' title='bbox 2162 908 2624 981; x_wconf 83' lang='grc' dir='ltr'>ὲνανθρωπήσεως</span> <span class='ocrx_word' id='word_1_172' title='bbox 2668 900 3176 977; x_wconf 79' lang='grc' dir='ltr'>συμπεριφέρεσθαι</span> <span class='ocrx_word' id='word_1_173' title='bbox 3201 900 3476 971; x_wconf 74' lang='grc' dir='ltr'>σωτηρίας</span> <span class='ocrx_word' id='word_1_174' title='bbox 3506 899 3569 951; x_wconf 78' lang='lat' dir='ltr'><strong>Ei</strong></span> <span class='ocrx_word' id='word_1_175' title='bbox 3617 895 3749 965; x_wconf 77' lang='grc' dir='ltr'>γοῦν</span> 
     </span>
    </p>
   </div>
   <div class='ocr_carea' id='block_1_24' title="bbox 2160 990 3744 1073">
    <p class='ocr_par' dir='ltr' id='par_1_24' title="bbox 2160 990 3744 1073">
     <span class='ocr_line' id='line_1_24' title="bbox 2160 990 3744 1073; baseline -0.01 -16"><span class='ocrx_word' id='word_1_176' title='bbox 2160 1001 2517 1073; x_wconf 82' lang='grc' dir='ltr'><strong>εὐγνωμόνως</strong></span> <span class='ocrx_word' id='word_1_177' title='bbox 2541 1000 2959 1068; x_wconf 84' lang='grc' dir='ltr'>ὲπιστήσαιμεν,</span> <span class='ocrx_word' id='word_1_178' title='bbox 2992 994 3248 1066; x_wconf 72' lang='grc' dir='ltr'><strong>εὕροιμεν</strong></span> <span class='ocrx_word' id='word_1_179' title='bbox 3285 990 3450 1045; x_wconf 75' lang='grc' dir='ltr'>αὑτὸν</span> <span class='ocrx_word' id='word_1_180' title='bbox 3485 991 3617 1044; x_wconf 86' lang='grc' dir='ltr'>ποτὲ</span> <span class='ocrx_word' id='word_1_181' title='bbox 3647 990 3744 1060; x_wconf 85' lang='grc' dir='ltr'>μὲν</span> 
     </span>
    </p>
   </div>
   <div class='ocr_carea' id='block_1_25' title="bbox 2160 1080 3745 1163">
    <p class='ocr_par' dir='ltr' id='par_1_25' title="bbox 2160 1080 3745 1163">
     <span class='ocr_line' id='line_1_25' title="bbox 2160 1080 3745 1163; baseline -0.011 -16"><span class='ocrx_word' id='word_1_182' title='bbox 2160 1097 2238 1158; x_wconf 84' lang='grc' dir='ltr'><strong>εἰς</strong></span> <span class='ocrx_word' id='word_1_183' title='bbox 2269 1092 2399 1146; x_wconf 78' lang='grc' dir='ltr'>ἴδιον</span> <span class='ocrx_word' id='word_1_184' title='bbox 2432 1090 2725 1163; x_wconf 74' lang='grc' dir='ltr'>πρόσωπον</span> <span class='ocrx_word' id='word_1_185' title='bbox 2770 1087 3111 1158; x_wconf 84' lang='grc' dir='ltr'>ἀναφέροντα</span> <span class='ocrx_word' id='word_1_186' title='bbox 3140 1084 3240 1147; x_wconf 84' lang='grc' dir='ltr'><strong>τὰς</strong></span> <span class='ocrx_word' id='word_1_187' title='bbox 3291 1080 3745 1154; x_wconf 79' lang='grc' dir='ltr'>παρακελεύσεις,</span> 
     </span>
    </p>
   </div>
   <div class='ocr_carea' id='block_1_26' title="bbox 2158 1173 3745 1254">
    <p class='ocr_par' dir='ltr' id='par_1_26' title="bbox 2158 1173 3745 1254">
     <span class='ocr_line' id='line_1_26' title="bbox 2158 1173 3745 1254; baseline -0.008 -17"><span class='ocrx_word' id='word_1_188' title='bbox 2158 1185 2235 1249; x_wconf 83' lang='grc' dir='ltr'><strong>ὡς</strong></span> <span class='ocrx_word' id='word_1_189' title='bbox 2287 1184 2413 1237; x_wconf 80' lang='grc' dir='ltr'>ὅταν</span> <span class='ocrx_word' id='word_1_190' title='bbox 2463 1182 2617 1254; x_wconf 84' lang='grc' dir='ltr'>λέγῃ·</span> <span class='ocrx_word' id='word_1_191' title='bbox 2653 1200 2672 1232; x_wconf 78' lang='grc' dir='ltr'><strong>ι</strong></span> <span class='ocrx_word' id='word_1_192' title='bbox 2710 1182 2825 1233; x_wconf 77' lang='grc' dir='ltr'>Οὐκ</span> <span class='ocrx_word' id='word_1_193' title='bbox 2862 1178 3079 1251; x_wconf 80' lang='grc' dir='ltr'>ὁφθήσῃ</span> <span class='ocrx_word' id='word_1_194' title='bbox 3122 1175 3353 1229; x_wconf 76' lang='grc' dir='ltr'>ἐνώπιόν</span> <span class='ocrx_word' id='word_1_195' title='bbox 3405 1191 3507 1245; x_wconf 85' lang='grc' dir='ltr'><strong>μου</strong></span> <span class='ocrx_word' id='word_1_196' title='bbox 3554 1173 3745 1235; x_wconf 85' lang='grc' dir='ltr'>κενός’</span> 
     </span>
    </p>
   </div>
   <div class='ocr_carea' id='block_1_27' title="bbox 2159 1261 3749 1343">
    <p class='ocr_par' dir='ltr' id='par_1_27' title="bbox 2159 1261 3749 1343">
     <span class='ocr_line' id='line_1_27' title="bbox 2159 1261 3749 1343; baseline -0.008 -15"><span class='ocrx_word' id='word_1_197' title='bbox 2159 1275 2256 1328; x_wconf 80' lang='grc' dir='ltr'>καὶ</span> <span class='ocrx_word' id='word_1_198' title='bbox 2288 1272 2672 1343; x_wconf 83' lang='grc' dir='ltr'>θυσιαστήριον</span> <span class='ocrx_word' id='word_1_199' title='bbox 2726 1272 2790 1323; x_wconf 80' lang='grc' dir='ltr'><strong>ἐκ</strong></span> <span class='ocrx_word' id='word_1_200' title='bbox 2842 1271 2945 1340; x_wconf 79' lang='grc' dir='ltr'>γῆς</span> <span class='ocrx_word' id='word_1_201' title='bbox 2989 1265 3274 1338; x_wconf 85' lang='grc' dir='ltr'>ποιήσεταί</span> <span class='ocrx_word' id='word_1_202' title='bbox 3328 1282 3449 1336; x_wconf 80' lang='grc' dir='ltr'><strong>μοι⁶</strong></span> <span class='ocrx_word' id='word_1_203' title='bbox 3508 1265 3602 1317; x_wconf 75' lang='grc' dir='ltr'><strong>καὶ</strong></span> <span class='ocrx_word' id='word_1_204' title='bbox 3633 1261 3749 1334; x_wconf 74' lang='grc' dir='ltr'><strong>ἥξω</strong></span> 
     </span>
    </p>
   </div>
   <div class='ocr_carea' id='block_1_28' title="bbox 2160 1354 3748 1435">
    <p class='ocr_par' dir='ltr' id='par_1_28' title="bbox 2160 1354 3748 1435">
     <span class='ocr_line' id='line_1_28' title="bbox 2160 1354 3748 1435; baseline -0.007 -18"><span class='ocrx_word' id='word_1_205' title='bbox 2160 1365 2297 1435; x_wconf 77' lang='grc' dir='ltr'>πρὸς</span> <span class='ocrx_word' id='word_1_206' title='bbox 2328 1363 2389 1416; x_wconf 81' lang='grc' dir='ltr'><strong>σὲ</strong></span> <span class='ocrx_word' id='word_1_207' title='bbox 2427 1363 2523 1416; x_wconf 83' lang='grc' dir='ltr'>καὶ</span> <span class='ocrx_word' id='word_1_208' title='bbox 2550 1361 2831 1431; x_wconf 79' lang='grc' dir='ltr'>εὐλογήσω</span> <span class='ocrx_word' id='word_1_209' title='bbox 2864 1376 2922 1412; x_wconf 91' lang='grc' dir='ltr'><strong>σε</strong></span> <span class='ocrx_word' id='word_1_210' title='bbox 2941 1377 2953 1389; x_wconf 89' lang='grc'><strong>·</strong></span> <span class='ocrx_word' id='word_1_211' title='bbox 2994 1378 3014 1411; x_wconf 82' lang='grc' dir='ltr'><strong>ι</strong></span> <span class='ocrx_word' id='word_1_212' title='bbox 3053 1358 3183 1411; x_wconf 84' lang='grc' dir='ltr'>ποτὲ</span> <span class='ocrx_word' id='word_1_213' title='bbox 3212 1357 3269 1410; x_wconf 78' lang='grc' dir='ltr'>δὲ</span> <span class='ocrx_word' id='word_1_214' title='bbox 3296 1356 3371 1420; x_wconf 81' lang='grc' dir='ltr'><strong>ὡς</strong></span> <span class='ocrx_word' id='word_1_215' title='bbox 3398 1356 3528 1426; x_wconf 79' lang='grc' dir='ltr'>περὶ</span> <span class='ocrx_word' id='word_1_216' title='bbox 3558 1354 3748 1424; x_wconf 82' lang='grc' dir='ltr'>ἑτέρου</span> 
     </span>
    </p>
   </div>
   <div class='ocr_carea' id='block_1_29' title="bbox 2159 1446 3750 1527">
    <p class='ocr_par' dir='ltr' id='par_1_29' title="bbox 2159 1446 3750 1527">
     <span class='ocr_line' id='line_1_29' title="bbox 2159 1446 3750 1527; baseline -0.006 -19"><span class='ocrx_word' id='word_1_217' title='bbox 2159 1456 2366 1527; x_wconf 80' lang='grc' dir='ltr'><strong>Κυρίου</strong></span> <span class='ocrx_word' id='word_1_218' title='bbox 2388 1494 2402 1517; x_wconf 97' lang='grc'><strong>,</strong></span> <span class='ocrx_word' id='word_1_219' title='bbox 2450 1452 2545 1507; x_wconf 76' lang='grc' dir='ltr'>τοῦ</span> <span class='ocrx_word' id='word_1_220' title='bbox 2586 1452 2721 1505; x_wconf 87' lang='grc' dir='ltr'>Θεοῦ</span> <span class='ocrx_word' id='word_1_221' title='bbox 2747 1450 2949 1523; x_wconf 77' lang='grc' dir='ltr'>δηλαδὴ</span> <span class='ocrx_word' id='word_1_222' title='bbox 2981 1450 3076 1503; x_wconf 74' lang='grc' dir='ltr'>καὶ</span> <span class='ocrx_word' id='word_1_223' title='bbox 3106 1448 3320 1520; x_wconf 81' lang='grc' dir='ltr'>Πατρὸς</span> <span class='ocrx_word' id='word_1_224' title='bbox 3349 1446 3538 1511; x_wconf 79' lang='grc' dir='ltr'>αὐτοῦ,</span> <span class='ocrx_word' id='word_1_225' title='bbox 3572 1446 3750 1501; x_wconf 86' lang='grc' dir='ltr'>διαλε-</span> 
     </span>
    </p>
   </div>
   <div class='ocr_carea' id='block_1_30' title="bbox 2158 1539 3747 1618">
    <p class='ocr_par' dir='ltr' id='par_1_30' title="bbox 2158 1539 3747 1618">
     <span class='ocr_line' id='line_1_30' title="bbox 2158 1539 3747 1618; baseline -0.006 -17"><span class='ocrx_word' id='word_1_226' title='bbox 2158 1548 2409 1618; x_wconf 83' lang='grc' dir='ltr'>γόμενον,</span> <span class='ocrx_word' id='word_1_227' title='bbox 2439 1545 2514 1609; x_wconf 87' lang='grc' dir='ltr'><strong>ὡς</strong></span> <span class='ocrx_word' id='word_1_228' title='bbox 2543 1545 2635 1597; x_wconf 79' lang='grc' dir='ltr'><strong>ἐπὶ</strong></span> <span class='ocrx_word' id='word_1_229' title='bbox 2666 1544 2769 1613; x_wconf 81' lang='grc' dir='ltr'>τῆς</span> <span class='ocrx_word' id='word_1_230' title='bbox 2826 1543 3127 1611; x_wconf 87' lang='grc' dir='ltr'>Δεκαλόγου</span> <span class='ocrx_word' id='word_1_231' title='bbox 3169 1542 3298 1595; x_wconf 86' lang='grc' dir='ltr'>ὅταν</span> <span class='ocrx_word' id='word_1_232' title='bbox 3348 1540 3563 1610; x_wconf 79' lang='grc' dir='ltr'>φάσκῃ·</span> <span class='ocrx_word' id='word_1_233' title='bbox 3615 1557 3634 1588; x_wconf 73' lang='grc' dir='ltr'><strong>ι</strong></span> <span class='ocrx_word' id='word_1_234' title='bbox 3672 1539 3747 1592; x_wconf 85' lang='grc' dir='ltr'><strong>Οὺ</strong></span> 
     </span>
    </p>
   </div>
   <div class='ocr_carea' id='block_1_31' title="bbox 2158 1629 3747 1710">
    <p class='ocr_par' dir='ltr' id='par_1_31' title="bbox 2158 1629 3747 1710">
     <span class='ocr_line' id='line_1_31' title="bbox 2158 1629 3747 1710; baseline -0.006 -20"><span class='ocrx_word' id='word_1_235' title='bbox 2158 1638 2302 1710; x_wconf 72' lang='grc' dir='ltr'>λήψῃ</span> <span class='ocrx_word' id='word_1_236' title='bbox 2346 1637 2407 1691; x_wconf 82' lang='grc' dir='ltr'><strong>τὸ</strong></span> <span class='ocrx_word' id='word_1_237' title='bbox 2457 1636 2628 1706; x_wconf 74' lang='grc' dir='ltr'>ὄνομα</span> <span class='ocrx_word' id='word_1_238' title='bbox 2656 1634 2863 1707; x_wconf 86' lang='grc' dir='ltr'>Κυρίου</span> <span class='ocrx_word' id='word_1_239' title='bbox 2914 1633 3009 1688; x_wconf 81' lang='grc' dir='ltr'>τοῦ</span> <span class='ocrx_word' id='word_1_240' title='bbox 3056 1631 3193 1685; x_wconf 88' lang='grc' dir='ltr'><strong>Θεοῦ</strong></span> <span class='ocrx_word' id='word_1_241' title='bbox 3227 1647 3319 1684; x_wconf 87' lang='grc' dir='ltr'><strong>σου</strong></span> <span class='ocrx_word' id='word_1_242' title='bbox 3371 1630 3466 1684; x_wconf 74' lang='grc' dir='ltr'><strong>ἐπὶ</strong></span> <span class='ocrx_word' id='word_1_243' title='bbox 3499 1629 3747 1701; x_wconf 83' lang='grc' dir='ltr'>ματαίῳ·</span> 
     </span>
    </p>
   </div>
   <div class='ocr_carea' id='block_1_32' title="bbox 2159 1721 3748 1803">
    <p class='ocr_par' dir='ltr' id='par_1_32' title="bbox 2159 1721 3748 1803">
     <span class='ocr_line' id='line_1_32' title="bbox 2159 1721 3748 1803; baseline -0.007 -18"><span class='ocrx_word' id='word_1_244' title='bbox 2159 1733 2255 1785; x_wconf 69' lang='grc' dir='ltr'><strong>καὶ</strong></span> <span class='ocrx_word' id='word_1_245' title='bbox 2276 1734 2341 1803; x_wconf 84' lang='grc' dir='ltr'>τῇ</span> <span class='ocrx_word' id='word_1_246' title='bbox 2365 1729 2548 1803; x_wconf 77' lang='grc' dir='ltr'>ἡμέρᾳ</span> <span class='ocrx_word' id='word_1_247' title='bbox 2573 1732 2639 1800; x_wconf 82' lang='grc' dir='ltr'>τῇ</span> <span class='ocrx_word' id='word_1_248' title='bbox 2664 1727 2866 1798; x_wconf 80' lang='grc' dir='ltr'>ἐϐδόμῃ</span> <span class='ocrx_word' id='word_1_249' title='bbox 2897 1725 3143 1779; x_wconf 73' lang='grc' dir='ltr'>σάϐϐατα</span> <span class='ocrx_word' id='word_1_250' title='bbox 3169 1725 3361 1797; x_wconf 86' lang='grc' dir='ltr'>Κυρίῳ</span> <span class='ocrx_word' id='word_1_251' title='bbox 3380 1722 3460 1795; x_wconf 84' lang='grc' dir='ltr'>τῷ</span> <span class='ocrx_word' id='word_1_252' title='bbox 3477 1721 3596 1792; x_wconf 87' lang='grc' dir='ltr'>Θεῷ</span> <span class='ocrx_word' id='word_1_253' title='bbox 3618 1739 3710 1775; x_wconf 87' lang='grc' dir='ltr'><strong>σου</strong></span> <span class='ocrx_word' id='word_1_254' title='bbox 3730 1737 3748 1754; x_wconf 76' lang='grc' dir='ltr'><strong>ο</strong></span> 
     </span>
    </p>
   </div>
   <div class='ocr_carea' id='block_1_33' title="bbox 2161 1818 3750 1897">
    <p class='ocr_par' dir='ltr' id='par_1_33' title="bbox 2161 1818 3750 1897">
     <span class='ocr_line' id='line_1_33' title="bbox 2161 1818 3750 1897; baseline -0.005 -18"><span class='ocrx_word' id='word_1_255' title='bbox 2161 1825 2254 1880; x_wconf 74' lang='grc' dir='ltr'>καὶ</span> <span class='ocrx_word' id='word_1_256' title='bbox 2278 1825 2387 1897; x_wconf 86' lang='grc' dir='ltr'><strong>γὰρ</strong></span> <span class='ocrx_word' id='word_1_257' title='bbox 2405 1826 2461 1877; x_wconf 80' lang='grc' dir='ltr'><strong>ὲν</strong></span> <span class='ocrx_word' id='word_1_258' title='bbox 2474 1823 2533 1890; x_wconf 79' lang='grc' dir='ltr'>ἒξ</span> <span class='ocrx_word' id='word_1_259' title='bbox 2556 1822 2790 1895; x_wconf 76' lang='grc' dir='ltr'>ἡμέραις</span> <span class='ocrx_word' id='word_1_260' title='bbox 2816 1820 3070 1892; x_wconf 76' lang='grc' dir='ltr'>ἐποίησεν</span> <span class='ocrx_word' id='word_1_261' title='bbox 3090 1819 3296 1893; x_wconf 86' lang='grc' dir='ltr'>Κύριος</span> <span class='ocrx_word' id='word_1_262' title='bbox 3321 1818 3411 1871; x_wconf 85' lang='grc' dir='ltr'>τόν</span> <span class='ocrx_word' id='word_1_263' title='bbox 3434 1836 3495 1872; x_wconf 88' lang='grc' dir='ltr'><strong>τε</strong></span> <span class='ocrx_word' id='word_1_264' title='bbox 3522 1818 3750 1890; x_wconf 78' lang='grc' dir='ltr'>οὐρανὸν</span> 
     </span>
    </p>
   </div>
   <div class='ocr_carea' id='block_1_34' title="bbox 468 1909 2050 1987">
    <p class='ocr_par' dir='ltr' id='par_1_34' title="bbox 468 1912 2044 1985">
     <span class='ocr_line' id='line_1_34' title="bbox 468 1912 2044 1985; baseline -0.001 -14"><span class='ocrx_word' id='word_1_265' title='bbox 468 1914 745 1983; x_wconf 82' lang='lat' dir='ltr'><strong>angelum,</strong></span> <span class='ocrx_word' id='word_1_266' title='bbox 773 1914 867 1969; x_wconf 90' lang='lat' dir='ltr'><strong>sed</strong></span> <span class='ocrx_word' id='word_1_267' title='bbox 903 1914 1018 1983; x_wconf 90' lang='lat' dir='ltr'><strong>ipse</strong></span> <span class='ocrx_word' id='word_1_268' title='bbox 1052 1928 1148 1983; x_wconf 88' lang='lat' dir='ltr'><strong>per</strong></span> <span class='ocrx_word' id='word_1_269' title='bbox 1198 1914 1442 1984; x_wconf 91' lang='lat' dir='ltr'><strong>seipsum</strong></span> <span class='ocrx_word' id='word_1_270' title='bbox 1476 1912 1744 1969; x_wconf 85' lang='lat' dir='ltr'><strong>Dominus</strong></span> <span class='ocrx_word' id='word_1_271' title='bbox 1795 1913 2044 1985; x_wconf 83' lang='lat' dir='ltr'><strong>profecto</strong></span> 
     </span>
    </p>
   </div>
   <div class='ocr_carea' id='block_1_35' title="bbox 2158 1909 3750 1987">
    <p class='ocr_par' dir='ltr' id='par_1_35' title="bbox 2158 1909 3750 1987">
     <span class='ocr_line' id='line_1_35' title="bbox 2158 1909 3750 1987; baseline -0.006 -17"><span class='ocrx_word' id='word_1_272' title='bbox 2158 1917 2244 1970; x_wconf 78' lang='grc' dir='ltr'><strong>καὶ</strong></span> <span class='ocrx_word' id='word_1_273' title='bbox 2283 1916 2383 1987; x_wconf 83' lang='grc' dir='ltr'>τὴν</span> <span class='ocrx_word' id='word_1_274' title='bbox 2406 1917 2532 1987; x_wconf 79' lang='grc' dir='ltr'><strong>γῆνο</strong></span> <span class='ocrx_word' id='word_1_275' title='bbox 2578 1914 2672 1967; x_wconf 78' lang='grc' dir='ltr'><strong>καὶ</strong></span> <span class='ocrx_word' id='word_1_276' title='bbox 2700 1911 2965 1983; x_wconf 86' lang='grc' dir='ltr'>εὐλόγησε</span> <span class='ocrx_word' id='word_1_277' title='bbox 3002 1909 3208 1980; x_wconf 84' lang='grc' dir='ltr'>Κύριος</span> <span class='ocrx_word' id='word_1_278' title='bbox 3258 1909 3356 1981; x_wconf 82' lang='grc' dir='ltr'>τὴν</span> <span class='ocrx_word' id='word_1_279' title='bbox 3398 1909 3608 1981; x_wconf 80' lang='grc' dir='ltr'>ἡμέραν</span> <span class='ocrx_word' id='word_1_280' title='bbox 3651 1909 3750 1979; x_wconf 85' lang='grc' dir='ltr'>τὴν</span> 
     </span>
    </p>
   </div>
   <div class='ocr_carea' id='block_1_36' title="bbox 466 2007 2041 2078">
    <p class='ocr_par' dir='ltr' id='par_1_36' title="bbox 466 2007 2041 2078">
     <span class='ocr_line' id='line_1_36' title="bbox 466 2007 2041 2078; baseline -0.001 -17"><span class='ocrx_word' id='word_1_281' title='bbox 466 2007 524 2062; x_wconf 92' lang='lat' dir='ltr'><strong>in</strong></span> <span class='ocrx_word' id='word_1_282' title='bbox 560 2007 828 2078; x_wconf 83' lang='lat' dir='ltr'><strong>Decalogo</strong></span> <span class='ocrx_word' id='word_1_283' title='bbox 850 2008 1014 2073; x_wconf 83' lang='lat' dir='ltr'><strong>dixit;</strong></span> <span class='ocrx_word' id='word_1_284' title='bbox 1053 2022 1235 2063; x_wconf 89' lang='lat' dir='ltr'><strong>nonne</strong></span> <span class='ocrx_word' id='word_1_285' title='bbox 1262 2009 1410 2063; x_wconf 91' lang='lat' dir='ltr'><strong>enim</strong></span> <span class='ocrx_word' id='word_1_286' title='bbox 1440 2007 1752 2063; x_wconf 87' lang='lat' dir='ltr'><strong>evidentius</strong></span> <span class='ocrx_word' id='word_1_287' title='bbox 1800 2014 1885 2063; x_wconf 88' lang='lat' dir='ltr'><strong>est</strong></span> <span class='ocrx_word' id='word_1_288' title='bbox 1914 2023 2041 2063; x_wconf 92' lang='lat' dir='ltr'><strong>eum</strong></span> 
     </span>
    </p>
   </div>
   <div class='ocr_carea' id='block_1_37' title="bbox 467 2097 2050 2172">
    <p class='ocr_par' dir='ltr' id='par_1_37' title="bbox 467 2097 2050 2172">
     <span class='ocr_line' id='line_1_37' title="bbox 467 2097 2050 2172; baseline -0.003 -17"><span class='ocrx_word' id='word_1_289' title='bbox 467 2101 543 2155; x_wconf 88' lang='lat' dir='ltr'><strong>ita</strong></span> <span class='ocrx_word' id='word_1_290' title='bbox 571 2100 828 2169; x_wconf 88' lang='lat' dir='ltr'><strong>populum</strong></span> <span class='ocrx_word' id='word_1_291' title='bbox 858 2115 1019 2155; x_wconf 90' lang='lat' dir='ltr'><strong>suum</strong></span> <span class='ocrx_word' id='word_1_292' title='bbox 1039 2099 1107 2155; x_wconf 89' lang='lat' dir='ltr'><strong>de</strong></span> <span class='ocrx_word' id='word_1_293' title='bbox 1142 2101 1343 2171; x_wconf 87' lang='lat' dir='ltr'><strong>pietate</strong></span> <span class='ocrx_word' id='word_1_294' title='bbox 1377 2116 1511 2172; x_wconf 83' lang='lat' dir='ltr'><strong>erga</strong></span> <span class='ocrx_word' id='word_1_295' title='bbox 1550 2098 1882 2155; x_wconf 89' lang='lat' dir='ltr'><strong>altissimum</strong></span> <span class='ocrx_word' id='word_1_296' title='bbox 1945 2097 2050 2152; x_wconf 90' lang='lat' dir='ltr'><strong>Pa-</strong></span> 
     </span>
    </p>
   </div>
   <div class='ocr_carea' id='block_1_38' title="bbox 465 2193 1775 2267">
    <p class='ocr_par' dir='ltr' id='par_1_38' title="bbox 465 2193 1775 2267">
     <span class='ocr_line' id='line_1_38' title="bbox 465 2193 1775 2267; baseline 0.002 -20"><span class='ocrx_word' id='word_1_297' title='bbox 465 2200 607 2249; x_wconf 84' lang='lat' dir='ltr'><strong>trem</strong></span> <span class='ocrx_word' id='word_1_298' title='bbox 635 2194 831 2263; x_wconf 84' lang='lat' dir='ltr'><strong>ipsius,</strong></span> <span class='ocrx_word' id='word_1_299' title='bbox 862 2193 1145 2267; x_wconf 88' lang='lat' dir='ltr'><strong>Deumque</strong></span> <span class='ocrx_word' id='word_1_300' title='bbox 1175 2195 1421 2251; x_wconf 89' lang='lat' dir='ltr'><strong>omnium</strong></span> <span class='ocrx_word' id='word_1_301' title='bbox 1445 2194 1775 2252; x_wconf 85' lang='lat' dir='ltr'><strong>edocuisse?</strong></span> 
     </span>
    </p>
   </div>
   <div class='ocr_carea' id='block_1_39' title="bbox 2158 2000 3752 2080">
    <p class='ocr_par' dir='ltr' id='par_1_39' title="bbox 2158 2000 3752 2080">
     <span class='ocr_line' id='line_1_39' title="bbox 2158 2000 3752 2080; baseline -0.006 -17"><span class='ocrx_word' id='word_1_302' title='bbox 2158 2010 2423 2080; x_wconf 72' lang='grc' dir='ltr'>ὲὸδόμηνο</span> <span class='ocrx_word' id='word_1_303' title='bbox 2462 2028 2481 2060; x_wconf 77' lang='grc' dir='ltr'><strong>ι</strong></span> <span class='ocrx_word' id='word_1_304' title='bbox 2515 2007 2610 2062; x_wconf 75' lang='grc' dir='ltr'><strong>καὶ</strong></span> <span class='ocrx_word' id='word_1_305' title='bbox 2651 2001 2835 2069; x_wconf 83' lang='grc' dir='ltr'>αὖθις·</span> <span class='ocrx_word' id='word_1_306' title='bbox 2884 2023 2903 2055; x_wconf 76' lang='grc' dir='ltr'><strong>ι</strong></span> <span class='ocrx_word' id='word_1_307' title='bbox 2939 2004 3090 2075; x_wconf 85' lang='grc' dir='ltr'><strong>Τίμα</strong></span> <span class='ocrx_word' id='word_1_308' title='bbox 3137 2002 3227 2056; x_wconf 84' lang='grc' dir='ltr'>τὸν</span> <span class='ocrx_word' id='word_1_309' title='bbox 3269 2002 3482 2072; x_wconf 85' lang='grc' dir='ltr'>πατέρα</span> <span class='ocrx_word' id='word_1_310' title='bbox 3530 2018 3623 2054; x_wconf 90' lang='grc' dir='ltr'><strong>σου</strong></span> <span class='ocrx_word' id='word_1_311' title='bbox 3657 2000 3752 2054; x_wconf 60' lang='grc' dir='ltr'><strong>καὶ⁸</strong></span> 
     </span>
    </p>
   </div>
   <div class='ocr_carea' id='block_1_40' title="bbox 2156 2088 3754 2172">
    <p class='ocr_par' dir='ltr' id='par_1_40' title="bbox 2156 2088 3754 2172">
     <span class='ocr_line' id='line_1_40' title="bbox 2156 2088 3754 2172; baseline -0.006 -19"><span class='ocrx_word' id='word_1_312' title='bbox 2156 2101 2257 2172; x_wconf 79' lang='grc' dir='ltr'>τὴν</span> <span class='ocrx_word' id='word_1_313' title='bbox 2292 2100 2505 2171; x_wconf 88' lang='grc' dir='ltr'>μητέρα</span> <span class='ocrx_word' id='word_1_314' title='bbox 2534 2115 2649 2162; x_wconf 89' lang='grc' dir='ltr'>σου,</span> <span class='ocrx_word' id='word_1_315' title='bbox 2682 2096 2770 2150; x_wconf 84' lang='grc' dir='ltr'><strong>ἵνα</strong></span> <span class='ocrx_word' id='word_1_316' title='bbox 2796 2088 2856 2150; x_wconf 77' lang='grc' dir='ltr'>εὖ</span> <span class='ocrx_word' id='word_1_317' title='bbox 2889 2112 2970 2148; x_wconf 88' lang='grc' dir='ltr'><strong>σοι</strong></span> <span class='ocrx_word' id='word_1_318' title='bbox 2998 2094 3250 2166; x_wconf 88' lang='grc' dir='ltr'>γένηται,</span> <span class='ocrx_word' id='word_1_319' title='bbox 3283 2093 3380 2147; x_wconf 74' lang='grc' dir='ltr'><strong>καὶ</strong></span> <span class='ocrx_word' id='word_1_320' title='bbox 3413 2092 3515 2166; x_wconf 73' lang='grc' dir='ltr'><strong>ἔσῃ</strong></span> <span class='ocrx_word' id='word_1_321' title='bbox 3543 2108 3754 2162; x_wconf 74' lang='grc' dir='ltr'>μακροο</span> 
     </span>
    </p>
   </div>
   <div class='ocr_carea' id='block_1_41' title="bbox 2162 2183 3752 2266">
    <p class='ocr_par' dir='ltr' id='par_1_41' title="bbox 2162 2183 3752 2266">
     <span class='ocr_line' id='line_1_41' title="bbox 2162 2183 3752 2266; baseline -0.007 -20"><span class='ocrx_word' id='word_1_322' title='bbox 2162 2193 2376 2266; x_wconf 87' lang='grc' dir='ltr'><strong>χρόνιος</strong></span> <span class='ocrx_word' id='word_1_323' title='bbox 2410 2191 2505 2244; x_wconf 72' lang='grc' dir='ltr'>ἐπὶ</span> <span class='ocrx_word' id='word_1_324' title='bbox 2530 2194 2630 2262; x_wconf 79' lang='grc' dir='ltr'>τῆς</span> <span class='ocrx_word' id='word_1_325' title='bbox 2654 2189 2777 2261; x_wconf 83' lang='grc' dir='ltr'>γῆς,</span> <span class='ocrx_word' id='word_1_326' title='bbox 2816 2184 2885 2259; x_wconf 84' lang='grc' dir='ltr'>ἧς</span> <span class='ocrx_word' id='word_1_327' title='bbox 2917 2186 3122 2259; x_wconf 83' lang='grc' dir='ltr'>Κύριος</span> <span class='ocrx_word' id='word_1_328' title='bbox 3156 2188 3185 2239; x_wconf 88' lang='grc' dir='ltr'><strong>ὁ</strong></span> <span class='ocrx_word' id='word_1_329' title='bbox 3230 2186 3364 2249; x_wconf 86' lang='grc' dir='ltr'>Θεός</span> <span class='ocrx_word' id='word_1_330' title='bbox 3390 2203 3483 2239; x_wconf 93' lang='grc' dir='ltr'><strong>σου</strong></span> <span class='ocrx_word' id='word_1_331' title='bbox 3534 2183 3752 2237; x_wconf 86' lang='grc' dir='ltr'>δίδωσίν</span> 
     </span>
    </p>
   </div>
   <div class='ocr_carea' id='block_1_42' title="bbox 2167 2272 3751 2350">
    <p class='ocr_par' dir='ltr' id='par_1_42' title="bbox 2167 2272 3751 2350">
     <span class='ocr_line' id='line_1_42' title="bbox 2167 2272 3751 2350; baseline -0.005 -17"><span class='ocrx_word' id='word_1_332' title='bbox 2167 2298 2268 2333; x_wconf 89' lang='grc' dir='ltr'>σοι.</span> <span class='ocrx_word' id='word_1_333' title='bbox 2294 2300 2310 2331; x_wconf 78' lang='grc' dir='ltr'><strong>ι</strong></span> <span class='ocrx_word' id='word_1_334' title='bbox 2333 2278 2519 2332; x_wconf 77' lang='grc' dir='ltr'>Ταῦτα</span> <span class='ocrx_word' id='word_1_335' title='bbox 2546 2278 2654 2350; x_wconf 85' lang='grc' dir='ltr'>γὰρ</span> <span class='ocrx_word' id='word_1_336' title='bbox 2677 2279 2737 2331; x_wconf 79' lang='grc' dir='ltr'><strong>οὐ</strong></span> <span class='ocrx_word' id='word_1_337' title='bbox 2766 2276 3117 2347; x_wconf 77' lang='grc' dir='ltr'>δι’·ἀγγέλου,</span> <span class='ocrx_word' id='word_1_338' title='bbox 3146 2275 3260 2329; x_wconf 80' lang='grc' dir='ltr'>ἀλλ’</span> <span class='ocrx_word' id='word_1_339' title='bbox 3283 2275 3446 2339; x_wconf 79' lang='grc' dir='ltr'>αὐτὸς</span> <span class='ocrx_word' id='word_1_340' title='bbox 3467 2274 3532 2327; x_wconf 74' lang='grc' dir='ltr'>δι’</span> <span class='ocrx_word' id='word_1_341' title='bbox 3553 2272 3751 2327; x_wconf 78' lang='grc' dir='ltr'>ἑαυτοῦ</span> 
     </span>
    </p>
   </div>
   <div class='ocr_carea' id='block_1_43' title="bbox 464 2366 3753 2449">
    <p class='ocr_par' dir='ltr' id='par_1_43' title="bbox 464 2366 3753 2449">
     <span class='ocr_line' id='line_1_43' title="bbox 464 2366 3753 2449; baseline -0.002 -21"><span class='ocrx_word' id='word_1_342' title='bbox 464 2376 494 2428; x_wconf 97' lang='lat'><strong>6</strong></span> <span class='ocrx_word' id='word_1_343' title='bbox 521 2375 727 2447; x_wconf 82' lang='grc' dir='ltr'>Κύριος</span> <span class='ocrx_word' id='word_1_344' title='bbox 749 2377 1195 2449; x_wconf 83' lang='grc' dir='ltr'>πεπιστευμένως</span> <span class='ocrx_word' id='word_1_345' title='bbox 1219 2379 1278 2430; x_wconf 79' lang='grc' dir='ltr'><strong>ὲν</strong></span> <span class='ocrx_word' id='word_1_346' title='bbox 1297 2379 1408 2441; x_wconf 83' lang='grc' dir='ltr'>τοῖς</span> <span class='ocrx_word' id='word_1_347' title='bbox 1432 2377 1748 2446; x_wconf 86' lang='grc' dir='ltr'>δεκαλόγοις</span> <span class='ocrx_word' id='word_1_348' title='bbox 1775 2375 2055 2448; x_wconf 74' lang='grc' dir='ltr'>εἰρηκέναι</span> <span class='ocrx_word' id='word_1_349' title='bbox 2094 2373 2213 2439; x_wconf 88' lang='grc' dir='ltr'><strong>πῶς</strong></span> <span class='ocrx_word' id='word_1_350' title='bbox 2278 2375 2380 2428; x_wconf 78' lang='grc' dir='ltr'><strong>οὐκ</strong></span> <span class='ocrx_word' id='word_1_351' title='bbox 2408 2373 2475 2429; x_wconf 83' lang='grc' dir='ltr'>ἂν</span> <span class='ocrx_word' id='word_1_352' title='bbox 2500 2374 2712 2443; x_wconf 87' lang='grc' dir='ltr'>γένοιτο</span> <span class='ocrx_word' id='word_1_353' title='bbox 2743 2370 3030 2445; x_wconf 69' lang='grc' dir='ltr'>πρόδηλος,</span> <span class='ocrx_word' id='word_1_354' title='bbox 3067 2367 3337 2425; x_wconf 82' lang='grc' dir='ltr'>παιδεύων</span> <span class='ocrx_word' id='word_1_355' title='bbox 3402 2367 3496 2422; x_wconf 83' lang='grc' dir='ltr'>τὸν</span> <span class='ocrx_word' id='word_1_356' title='bbox 3526 2367 3655 2422; x_wconf 82' lang='grc' dir='ltr'>λαὸν</span> <span class='ocrx_word' id='word_1_357' title='bbox 3682 2366 3753 2420; x_wconf 82' lang='grc' dir='ltr'>τὰ</span> 
     </span>
    </p>
   </div>
   <div class='ocr_carea' id='block_1_44' title="bbox 464 2464 2722 2541">
    <p class='ocr_par' dir='ltr' id='par_1_44' title="bbox 464 2464 2722 2541">
     <span class='ocr_line' id='line_1_44' title="bbox 464 2464 2722 2541; baseline 0 -23"><span class='ocrx_word' id='word_1_358' title='bbox 464 2467 596 2529; x_wconf 77' lang='grc' dir='ltr'>περὶ</span> <span class='ocrx_word' id='word_1_359' title='bbox 628 2467 729 2538; x_wconf 81' lang='grc' dir='ltr'>τῆς</span> <span class='ocrx_word' id='word_1_360' title='bbox 767 2470 850 2531; x_wconf 83' lang='grc' dir='ltr'><strong>είς</strong></span> <span class='ocrx_word' id='word_1_361' title='bbox 876 2468 967 2521; x_wconf 82' lang='grc' dir='ltr'>τὸν</span> <span class='ocrx_word' id='word_1_362' title='bbox 992 2469 1256 2523; x_wconf 83' lang='grc' dir='ltr'><strong>ἀνωτάτω</strong></span> <span class='ocrx_word' id='word_1_363' title='bbox 1294 2469 1515 2541; x_wconf 82' lang='grc' dir='ltr'>Πατέρα</span> <span class='ocrx_word' id='word_1_364' title='bbox 1552 2467 1747 2522; x_wconf 77' lang='grc' dir='ltr'>ἑαυτοῦ</span> <span class='ocrx_word' id='word_1_365' title='bbox 1791 2467 1888 2521; x_wconf 74' lang='grc' dir='ltr'>καὶ</span> <span class='ocrx_word' id='word_1_366' title='bbox 1931 2466 2062 2520; x_wconf 82' lang='grc' dir='ltr'>Θεὸν</span> <span class='ocrx_word' id='word_1_367' title='bbox 2099 2464 2206 2521; x_wconf 86' lang='grc' dir='ltr'><strong>τῶν</strong></span> <span class='ocrx_word' id='word_1_368' title='bbox 2236 2465 2372 2520; x_wconf 83' lang='grc' dir='ltr'>ὅλων</span> <span class='ocrx_word' id='word_1_369' title='bbox 2397 2465 2722 2532; x_wconf 77' lang='grc' dir='ltr'>εὐσεϐείας;</span> 
     </span>
    </p>
   </div>
   <div class='ocr_carea' id='block_1_45' title="bbox 940 2562 1446 2623">
    <p class='ocr_par' dir='ltr' id='par_1_45' title="bbox 940 2562 1446 2623">
     <span class='ocr_line' id='line_1_45' title="bbox 940 2562 1446 2623; baseline -0.006 0"><span class='ocrx_word' id='word_1_370' title='bbox 940 2616 947 2623; x_wconf 91' lang='grc'><strong>.</strong></span> <span class='ocrx_word' id='word_1_371' title='bbox 1065 2562 1297 2619; x_wconf 81' lang='lat' dir='ltr'><strong>CAPUT</strong></span> <span class='ocrx_word' id='word_1_372' title='bbox 1352 2563 1446 2620; x_wconf 84' lang='lat' dir='ltr'><strong>XI.</strong></span> 
     </span>
    </p>
   </div>
   <div class='ocr_carea' id='block_1_46' title="bbox 541 2650 2050 2725">
    <p class='ocr_par' dir='ltr' id='par_1_46' title="bbox 541 2650 2050 2725">
     <span class='ocr_line' id='line_1_46' title="bbox 541 2650 2050 2725; baseline 0.002 -22"><span class='ocrx_word' id='word_1_373' title='bbox 541 2669 562 2703; x_wconf 78' lang='grc' dir='ltr'><strong>ι</strong></span> <span class='ocrx_word' id='word_1_374' title='bbox 599 2650 740 2707; x_wconf 91' lang='lat' dir='ltr'><strong>Ecce</strong></span> <span class='ocrx_word' id='word_1_375' title='bbox 781 2666 902 2725; x_wconf 64' lang='lat' dir='ltr'><strong>ego,</strong></span> <span class='ocrx_word' id='word_1_376' title='bbox 920 2652 1133 2707; x_wconf 89' lang='lat' dir='ltr'><strong>mittam</strong></span> <span class='ocrx_word' id='word_1_377' title='bbox 1172 2655 1426 2724; x_wconf 82' lang='lat' dir='ltr'><strong>angelum</strong></span> <span class='ocrx_word' id='word_1_378' title='bbox 1459 2668 1663 2718; x_wconf 92' lang='lat' dir='ltr'><strong>meum,</strong></span> <span class='ocrx_word' id='word_1_379' title='bbox 1693 2652 1792 2725; x_wconf 87' lang='lat' dir='ltr'><strong>qui</strong></span> <span class='ocrx_word' id='word_1_380' title='bbox 1842 2666 2050 2722; x_wconf 59' lang='lat' dir='ltr'><strong>prace-</strong></span> 
     </span>
    </p>
   </div>
   <div class='ocr_carea' id='block_1_47' title="bbox 2674 2516 3231 2615">
    <p class='ocr_par' dir='ltr' id='par_1_47' title="bbox 2674 2516 3231 2615">
     <span class='ocr_line' id='line_1_47' title="bbox 2674 2516 3231 2615; baseline -0.002 0"><span class='ocrx_word' id='word_1_381' title='bbox 2674 2516 3076 2615; x_wconf 58' lang='grc' dir='ltr'><strong>ἸίΕΦΔΛΔΙΟΝ</strong></span> <span class='ocrx_word' id='word_1_382' title='bbox 3112 2516 3231 2614; x_wconf 49' lang='lat' dir='ltr'><strong>IA&#39;.</strong></span> 
     </span>
    </p>
   </div>
   <div class='ocr_carea' id='block_1_48' title="bbox 2227 2652 3751 2725">
    <p class='ocr_par' dir='ltr' id='par_1_48' title="bbox 2227 2652 3751 2725">
     <span class='ocr_line' id='line_1_48' title="bbox 2227 2652 3751 2725; baseline -0.002 -16"><span class='ocrx_word' id='word_1_383' title='bbox 2227 2674 2245 2708; x_wconf 78' lang='grc' dir='ltr'><strong>ι</strong></span> <span class='ocrx_word' id='word_1_384' title='bbox 2282 2655 2413 2709; x_wconf 81' lang='grc' dir='ltr'>Ἰδοὺ</span> <span class='ocrx_word' id='word_1_385' title='bbox 2443 2654 2556 2724; x_wconf 78' lang='grc' dir='ltr'><strong>ἐγὼ</strong></span> <span class='ocrx_word' id='word_1_386' title='bbox 2583 2652 2899 2709; x_wconf 83' lang='grc' dir='ltr'>ἀποστέλλω</span> <span class='ocrx_word' id='word_1_387' title='bbox 2928 2654 3020 2707; x_wconf 86' lang='grc' dir='ltr'><strong>τὸν</strong></span> <span class='ocrx_word' id='word_1_388' title='bbox 3051 2652 3283 2721; x_wconf 76' lang='grc' dir='ltr'>ἄγγελόν</span> <span class='ocrx_word' id='word_1_389' title='bbox 3304 2671 3404 2725; x_wconf 91' lang='grc' dir='ltr'><strong>μου</strong></span> <span class='ocrx_word' id='word_1_390' title='bbox 3436 2653 3543 2724; x_wconf 85' lang='grc' dir='ltr'><strong>πρὸ</strong></span> <span class='ocrx_word' id='word_1_391' title='bbox 3577 2669 3751 2725; x_wconf 85' lang='grc' dir='ltr'>προσ-</span> 
     </span>
    </p>
   </div>
   <div class='ocr_carea' id='block_1_49' title="bbox 464 2743 2050 2819">
    <p class='ocr_par' dir='ltr' id='par_1_49' title="bbox 464 2743 2050 2811">
     <span class='ocr_line' id='line_1_49' title="bbox 464 2743 2050 2811; baseline -0.001 -12"><span class='ocrx_word' id='word_1_392' title='bbox 464 2744 559 2799; x_wconf 93' lang='lat' dir='ltr'><strong>dat</strong></span> <span class='ocrx_word' id='word_1_393' title='bbox 616 2751 691 2808; x_wconf 90' lang='lat' dir='ltr'><strong>te,</strong></span> <span class='ocrx_word' id='word_1_394' title='bbox 742 2751 797 2798; x_wconf 93' lang='lat' dir='ltr'><strong>et</strong></span> <span class='ocrx_word' id='word_1_395' title='bbox 847 2744 1125 2800; x_wconf 86' lang='lat' dir='ltr'><strong>custodiat</strong></span> <span class='ocrx_word' id='word_1_396' title='bbox 1184 2744 1240 2799; x_wconf 87' lang='lat' dir='ltr'><strong>in</strong></span> <span class='ocrx_word' id='word_1_397' title='bbox 1272 2745 1385 2811; x_wconf 86' lang='lat' dir='ltr'><strong>via,</strong></span> <span class='ocrx_word' id='word_1_398' title='bbox 1438 2753 1494 2800; x_wconf 91' lang='lat' dir='ltr'><strong>et</strong></span> <span class='ocrx_word' id='word_1_399' title='bbox 1538 2743 1857 2799; x_wconf 83' lang='lat' dir='ltr'><strong>introducat</strong></span> <span class='ocrx_word' id='word_1_400' title='bbox 1887 2744 1941 2798; x_wconf 89' lang='lat' dir='ltr'><strong>in</strong></span> <span class='ocrx_word' id='word_1_401' title='bbox 1970 2743 2050 2797; x_wconf 91' lang='lat' dir='ltr'><strong>lo-</strong></span> 
     </span>
    </p>
   </div>
   <div class='ocr_carea' id='block_1_50' title="bbox 2158 2743 3759 2819">
    <p class='ocr_par' dir='ltr' id='par_1_50' title="bbox 2158 2745 3759 2819">
     <span class='ocr_line' id='line_1_50' title="bbox 2158 2745 3759 2819; baseline -0.001 -18"><span class='ocrx_word' id='word_1_402' title='bbox 2158 2747 2302 2801; x_wconf 79' lang='grc' dir='ltr'>ώπου</span> <span class='ocrx_word' id='word_1_403' title='bbox 2336 2765 2453 2813; x_wconf 91' lang='grc' dir='ltr'>σου,</span> <span class='ocrx_word' id='word_1_404' title='bbox 2490 2748 2577 2801; x_wconf 78' lang='grc' dir='ltr'><strong>ἵνα</strong></span> <span class='ocrx_word' id='word_1_405' title='bbox 2610 2746 2821 2819; x_wconf 83' lang='grc' dir='ltr'>φυλάξῃ</span> <span class='ocrx_word' id='word_1_406' title='bbox 2862 2763 2923 2799; x_wconf 88' lang='grc' dir='ltr'><strong>σε</strong></span> <span class='ocrx_word' id='word_1_407' title='bbox 2961 2745 3020 2799; x_wconf 81' lang='grc' dir='ltr'>ὲν</span> <span class='ocrx_word' id='word_1_408' title='bbox 3054 2749 3120 2818; x_wconf 84' lang='grc' dir='ltr'>τῇ</span> <span class='ocrx_word' id='word_1_409' title='bbox 3151 2745 3277 2813; x_wconf 85' lang='grc' dir='ltr'>ὁδῷ,</span> <span class='ocrx_word' id='word_1_410' title='bbox 3305 2746 3453 2810; x_wconf 82' lang='grc' dir='ltr'>ὅπως</span> <span class='ocrx_word' id='word_1_411' title='bbox 3478 2745 3759 2815; x_wconf 71' lang='grc' dir='ltr'><strong>εἰσαγάγῃ¹</strong></span> 
     </span>
    </p>
   </div>
   <div class='ocr_carea' id='block_1_51' title="bbox 465 2833 2050 2912">
    <p class='ocr_par' dir='ltr' id='par_1_51' title="bbox 465 2833 2042 2904">
     <span class='ocr_line' id='line_1_51' title="bbox 465 2833 2042 2904; baseline 0.001 -16"><span class='ocrx_word' id='word_1_412' title='bbox 465 2849 591 2888; x_wconf 89' lang='lat' dir='ltr'><strong>cum</strong></span> <span class='ocrx_word' id='word_1_413' title='bbox 629 2849 791 2904; x_wconf 91' lang='lat' dir='ltr'><strong>quem</strong></span> <span class='ocrx_word' id='word_1_414' title='bbox 840 2836 1049 2904; x_wconf 86' lang='lat' dir='ltr'><strong>paravi.</strong></span> <span class='ocrx_word' id='word_1_415' title='bbox 1088 2833 1335 2890; x_wconf 84' lang='lat' dir='ltr'><strong>Observa</strong></span> <span class='ocrx_word' id='word_1_416' title='bbox 1383 2850 1509 2890; x_wconf 88' lang='lat' dir='ltr'><strong>eum</strong></span> <span class='ocrx_word' id='word_1_417' title='bbox 1555 2844 1610 2891; x_wconf 90' lang='lat' dir='ltr'><strong>et</strong></span> <span class='ocrx_word' id='word_1_418' title='bbox 1658 2835 1788 2890; x_wconf 84' lang='lat' dir='ltr'><strong>audi</strong></span> <span class='ocrx_word' id='word_1_419' title='bbox 1851 2850 2042 2890; x_wconf 86' lang='lat' dir='ltr'><strong>vocem</strong></span> 
     </span>
    </p>
   </div>
   <div class='ocr_carea' id='block_1_52' title="bbox 2158 2833 3754 2912">
    <p class='ocr_par' dir='ltr' id='par_1_52' title="bbox 2158 2837 3754 2912">
     <span class='ocr_line' id='line_1_52' title="bbox 2158 2837 3754 2912; baseline -0.003 -17"><span class='ocrx_word' id='word_1_420' title='bbox 2158 2859 2216 2896; x_wconf 88' lang='grc' dir='ltr'><strong>σε</strong></span> <span class='ocrx_word' id='word_1_421' title='bbox 2248 2843 2328 2906; x_wconf 90' lang='grc' dir='ltr'><strong>είς</strong></span> <span class='ocrx_word' id='word_1_422' title='bbox 2360 2840 2457 2912; x_wconf 85' lang='grc' dir='ltr'>τὴν</span> <span class='ocrx_word' id='word_1_423' title='bbox 2485 2840 2615 2911; x_wconf 75' lang='grc' dir='ltr'>γῆν,</span> <span class='ocrx_word' id='word_1_424' title='bbox 2645 2840 2711 2910; x_wconf 75' lang='grc' dir='ltr'><strong>ἣν</strong></span> <span class='ocrx_word' id='word_1_425' title='bbox 2737 2839 3012 2910; x_wconf 79' lang='grc' dir='ltr'>ἡτοίμασά</span> <span class='ocrx_word' id='word_1_426' title='bbox 3045 2856 3147 2892; x_wconf 92' lang='grc' dir='ltr'>σοι.</span> <span class='ocrx_word' id='word_1_427' title='bbox 3179 2838 3422 2909; x_wconf 89' lang='grc' dir='ltr'>Πρόσεχε</span> <span class='ocrx_word' id='word_1_428' title='bbox 3469 2837 3619 2909; x_wconf 82' lang='grc' dir='ltr'>αὐτῷ</span> <span class='ocrx_word' id='word_1_429' title='bbox 3656 2839 3754 2892; x_wconf 66' lang='grc' dir='ltr'><strong>καὶ</strong></span> 
     </span>
    </p>
   </div>
   <div class='ocr_carea' id='block_1_53' title="bbox 464 2925 2050 3003">
    <p class='ocr_par' dir='ltr' id='par_1_53' title="bbox 464 2925 2050 2997">
     <span class='ocr_line' id='line_1_53' title="bbox 464 2925 2050 2997; baseline 0.002 -17"><span class='ocrx_word' id='word_1_430' title='bbox 464 2925 609 2993; x_wconf 88' lang='lat' dir='ltr'><strong>ejus,</strong></span> <span class='ocrx_word' id='word_1_431' title='bbox 643 2941 745 2981; x_wconf 91' lang='lat' dir='ltr'><strong>nec</strong></span> <span class='ocrx_word' id='word_1_432' title='bbox 797 2927 1261 2982; x_wconf 90' lang='lat' dir='ltr'><strong>contemnendum</strong></span> <span class='ocrx_word' id='word_1_433' title='bbox 1293 2934 1452 2997; x_wconf 89' lang='lat' dir='ltr'><strong>putes</strong></span> <span class='ocrx_word' id='word_1_434' title='bbox 1485 2946 1498 2983; x_wconf 88' lang='lat'><strong>:</strong></span> <span class='ocrx_word' id='word_1_435' title='bbox 1534 2928 1665 2997; x_wconf 90' lang='lat' dir='ltr'><strong>quia</strong></span> <span class='ocrx_word' id='word_1_436' title='bbox 1713 2943 1824 2983; x_wconf 91' lang='lat' dir='ltr'><strong>non</strong></span> <span class='ocrx_word' id='word_1_437' title='bbox 1866 2928 2050 2983; x_wconf 89' lang='lat' dir='ltr'><strong>dimit-</strong></span> 
     </span>
    </p>
   </div>
   <div class='ocr_carea' id='block_1_54' title="bbox 2158 2925 3754 3003">
    <p class='ocr_par' dir='ltr' id='par_1_54' title="bbox 2162 2930 3754 3003">
     <span class='ocr_line' id='line_1_54' title="bbox 2162 2930 3754 3003; baseline -0.003 -15"><span class='ocrx_word' id='word_1_438' title='bbox 2162 2935 2414 2989; x_wconf 82' lang='grc' dir='ltr'>εἰσάκουε</span> <span class='ocrx_word' id='word_1_439' title='bbox 2442 2932 2630 2997; x_wconf 79' lang='grc' dir='ltr'>αὐτοῦ,</span> <span class='ocrx_word' id='word_1_440' title='bbox 2664 2931 2738 3003; x_wconf 79' lang='grc' dir='ltr'>μὴ</span> <span class='ocrx_word' id='word_1_441' title='bbox 2766 2930 2980 2986; x_wconf 82' lang='grc' dir='ltr'>ἁπείθει</span> <span class='ocrx_word' id='word_1_442' title='bbox 3008 2932 3067 2984; x_wconf 85' lang='grc' dir='ltr'><strong>ὲν</strong></span> <span class='ocrx_word' id='word_1_443' title='bbox 3096 2930 3267 3002; x_wconf 84' lang='grc' dir='ltr'>αὐτῷ,</span> <span class='ocrx_word' id='word_1_444' title='bbox 3298 2930 3359 2983; x_wconf 85' lang='grc' dir='ltr'>οὐ</span> <span class='ocrx_word' id='word_1_445' title='bbox 3382 2930 3491 3003; x_wconf 81' lang='grc' dir='ltr'>γὰρ</span> <span class='ocrx_word' id='word_1_446' title='bbox 3519 2930 3595 3001; x_wconf 84' lang='grc' dir='ltr'>μὴ</span> <span class='ocrx_word' id='word_1_447' title='bbox 3621 2930 3754 2983; x_wconf 83' lang='grc' dir='ltr'>ὑπο-</span> 
     </span>
    </p>
   </div>
   <div class='ocr_carea' id='block_1_55' title="bbox 467 3016 2050 3096">
    <p class='ocr_par' dir='ltr' id='par_1_55' title="bbox 467 3016 2048 3087">
     <span class='ocr_line' id='line_1_55' title="bbox 467 3016 2048 3087; baseline -0.002 -17"><span class='ocrx_word' id='word_1_448' title='bbox 467 3024 547 3072; x_wconf 90' lang='lat' dir='ltr'><strong>tet</strong></span> <span class='ocrx_word' id='word_1_449' title='bbox 580 3032 705 3072; x_wconf 89' lang='lat' dir='ltr'><strong>cum</strong></span> <span class='ocrx_word' id='word_1_450' title='bbox 735 3018 1073 3087; x_wconf 86' lang='lat' dir='ltr'><strong>peccaveris,</strong></span> <span class='ocrx_word' id='word_1_451' title='bbox 1108 3024 1163 3071; x_wconf 92' lang='lat' dir='ltr'><strong>et</strong></span> <span class='ocrx_word' id='word_1_452' title='bbox 1188 3022 1270 3071; x_wconf 87' lang='lat' dir='ltr'><strong>est</strong></span> <span class='ocrx_word' id='word_1_453' title='bbox 1292 3030 1495 3071; x_wconf 90' lang='lat' dir='ltr'><strong>nomen</strong></span> <span class='ocrx_word' id='word_1_454' title='bbox 1517 3031 1701 3070; x_wconf 91' lang='lat' dir='ltr'><strong>meum</strong></span> <span class='ocrx_word' id='word_1_455' title='bbox 1733 3017 1789 3070; x_wconf 92' lang='lat' dir='ltr'><strong>in</strong></span> <span class='ocrx_word' id='word_1_456' title='bbox 1816 3016 1909 3071; x_wconf 88' lang='lat' dir='ltr'><strong>illo</strong></span> <span class='ocrx_word' id='word_1_457' title='bbox 1930 3018 1995 3069; x_wconf 83' lang='lat'><strong>&quot;.</strong></span> <span class='ocrx_word' id='word_1_458' title='bbox 2029 3035 2048 3067; x_wconf 81' lang='grc' dir='ltr'><strong>ι</strong></span> 
     </span>
    </p>
   </div>
   <div class='ocr_carea' id='block_1_56' title="bbox 2158 3016 3742 3096">
    <p class='ocr_par' dir='ltr' id='par_1_56' title="bbox 2163 3018 3742 3096">
     <span class='ocr_line' id='line_1_56' title="bbox 2163 3018 3742 3096; baseline -0.005 -20"><span class='ocrx_word' id='word_1_459' title='bbox 2163 3022 2435 3096; x_wconf 86' lang='grc' dir='ltr'>στείληταί</span> <span class='ocrx_word' id='word_1_460' title='bbox 2471 3037 2569 3076; x_wconf 82' lang='grc' dir='ltr'>σε·</span> <span class='ocrx_word' id='word_1_461' title='bbox 2604 3021 2666 3075; x_wconf 83' lang='grc' dir='ltr'><strong>τὸ</strong></span> <span class='ocrx_word' id='word_1_462' title='bbox 2698 3020 2808 3092; x_wconf 83' lang='grc' dir='ltr'>γὰρ</span> <span class='ocrx_word' id='word_1_463' title='bbox 2839 3019 3012 3091; x_wconf 75' lang='grc' dir='ltr'>ὄνομά</span> <span class='ocrx_word' id='word_1_464' title='bbox 3060 3037 3161 3091; x_wconf 90' lang='grc' dir='ltr'><strong>μου</strong></span> <span class='ocrx_word' id='word_1_465' title='bbox 3204 3020 3354 3075; x_wconf 71' lang='grc' dir='ltr'>ἐστὶν</span> <span class='ocrx_word' id='word_1_466' title='bbox 3400 3019 3488 3073; x_wconf 78' lang='grc' dir='ltr'><strong>ἐπ’</strong></span> <span class='ocrx_word' id='word_1_467' title='bbox 3515 3018 3681 3090; x_wconf 81' lang='grc' dir='ltr'>αὐτῷ.</span> <span class='ocrx_word' id='word_1_468' title='bbox 3723 3038 3742 3068; x_wconf 80' lang='grc' dir='ltr'><strong>ι</strong></span> 
     </span>
    </p>
   </div>
   <div class='ocr_carea' id='block_1_57' title="bbox 467 3107 2050 3185">
    <p class='ocr_par' dir='ltr' id='par_1_57' title="bbox 467 3107 2050 3180">
     <span class='ocr_line' id='line_1_57' title="bbox 467 3107 2050 3180; baseline 0.001 -19"><span class='ocrx_word' id='word_1_469' title='bbox 467 3107 597 3164; x_wconf 83' lang='lat' dir='ltr'><strong>Haec</strong></span> <span class='ocrx_word' id='word_1_470' title='bbox 633 3125 760 3163; x_wconf 93' lang='lat' dir='ltr'><strong>cum</strong></span> <span class='ocrx_word' id='word_1_471' title='bbox 793 3109 918 3164; x_wconf 88' lang='lat' dir='ltr'><strong>aliis</strong></span> <span class='ocrx_word' id='word_1_472' title='bbox 949 3110 1240 3180; x_wconf 80' lang='lat' dir='ltr'><strong>praeceptis</strong></span> <span class='ocrx_word' id='word_1_473' title='bbox 1286 3108 1551 3164; x_wconf 85' lang='lat' dir='ltr'><strong>Dominus</strong></span> <span class='ocrx_word' id='word_1_474' title='bbox 1600 3110 1803 3180; x_wconf 89' lang='lat' dir='ltr'><strong>populo</strong></span> <span class='ocrx_word' id='word_1_475' title='bbox 1826 3109 2050 3165; x_wconf 89' lang='lat' dir='ltr'><strong>denun-</strong></span> 
     </span>
    </p>
   </div>
   <div class='ocr_carea' id='block_1_58' title="bbox 2158 3107 3753 3185">
    <p class='ocr_par' dir='ltr' id='par_1_58' title="bbox 2161 3109 3753 3185">
     <span class='ocr_line' id='line_1_58' title="bbox 2161 3109 3753 3185; baseline -0.003 -18"><span class='ocrx_word' id='word_1_476' title='bbox 2161 3112 2347 3168; x_wconf 83' lang='grc' dir='ltr'>Ταῦτα</span> <span class='ocrx_word' id='word_1_477' title='bbox 2396 3112 2534 3185; x_wconf 79' lang='grc' dir='ltr'>μετὰ</span> <span class='ocrx_word' id='word_1_478' title='bbox 2577 3111 2686 3165; x_wconf 87' lang='grc' dir='ltr'><strong>τῶν</strong></span> <span class='ocrx_word' id='word_1_479' title='bbox 2732 3111 2936 3165; x_wconf 84' lang='grc' dir='ltr'>λοιπῶν</span> <span class='ocrx_word' id='word_1_480' title='bbox 2989 3109 3069 3182; x_wconf 81' lang='lat' dir='ltr'><strong>(l.</strong></span> <span class='ocrx_word' id='word_1_481' title='bbox 3100 3112 3133 3166; x_wconf 89' lang='grc'><strong>9</strong></span> <span class='ocrx_word' id='word_1_482' title='bbox 3168 3111 3257 3182; x_wconf 72' lang='grc' dir='ltr'><strong>νο)</strong></span> <span class='ocrx_word' id='word_1_483' title='bbox 3309 3110 3691 3180; x_wconf 83' lang='grc' dir='ltr'>δικαιωμάτων</span> <span class='ocrx_word' id='word_1_484' title='bbox 3716 3111 3753 3162; x_wconf 81' lang='grc' dir='ltr'>ὁ</span> 
     </span>
    </p>
   </div>
   <div class='ocr_carea' id='block_1_59' title="bbox 467 3197 2050 3278">
    <p class='ocr_par' dir='ltr' id='par_1_59' title="bbox 467 3197 2050 3271">
     <span class='ocr_line' id='line_1_59' title="bbox 467 3197 2050 3271; baseline -0.001 -17"><span class='ocrx_word' id='word_1_485' title='bbox 467 3200 589 3254; x_wconf 91' lang='lat' dir='ltr'><strong>tiat.</strong></span> <span class='ocrx_word' id='word_1_486' title='bbox 626 3197 681 3253; x_wconf 88' lang='lat' dir='ltr'><strong>Si</strong></span> <span class='ocrx_word' id='word_1_487' title='bbox 707 3200 926 3270; x_wconf 87' lang='lat' dir='ltr'><strong>quidem</strong></span> <span class='ocrx_word' id='word_1_488' title='bbox 950 3200 1114 3271; x_wconf 82' lang='lat' dir='ltr'><strong>igitur</strong></span> <span class='ocrx_word' id='word_1_489' title='bbox 1143 3208 1265 3270; x_wconf 92' lang='lat' dir='ltr'><strong>post</strong></span> <span class='ocrx_word' id='word_1_490' title='bbox 1299 3199 1501 3271; x_wconf 84' lang='lat' dir='ltr'><strong>Moysis</strong></span> <span class='ocrx_word' id='word_1_491' title='bbox 1540 3198 1749 3254; x_wconf 84' lang='lat' dir='ltr'><strong>obitum</strong></span> <span class='ocrx_word' id='word_1_492' title='bbox 1796 3214 1907 3253; x_wconf 88' lang='lat' dir='ltr'><strong>non</strong></span> <span class='ocrx_word' id='word_1_493' title='bbox 1939 3199 2050 3269; x_wconf 90' lang='lat' dir='ltr'><strong>ipse</strong></span> 
     </span>
    </p>
   </div>
   <div class='ocr_carea' id='block_1_60' title="bbox 2158 3197 3748 3278">
    <p class='ocr_par' dir='ltr' id='par_1_60' title="bbox 2161 3198 3748 3278">
     <span class='ocr_line' id='line_1_60' title="bbox 2161 3198 3748 3278; baseline -0.002 -20"><span class='ocrx_word' id='word_1_494' title='bbox 2161 3205 2368 3278; x_wconf 84' lang='grc' dir='ltr'>Κύριος</span> <span class='ocrx_word' id='word_1_495' title='bbox 2391 3205 2469 3277; x_wconf 82' lang='grc' dir='ltr'>τῷ</span> <span class='ocrx_word' id='word_1_496' title='bbox 2495 3202 2610 3275; x_wconf 89' lang='grc' dir='ltr'>λαῷ</span> <span class='ocrx_word' id='word_1_497' title='bbox 2636 3204 3029 3259; x_wconf 84' lang='grc' dir='ltr'>διαστέλλεται.</span> <span class='ocrx_word' id='word_1_498' title='bbox 3071 3205 3134 3257; x_wconf 86' lang='grc' dir='ltr'><strong>Εἰ</strong></span> <span class='ocrx_word' id='word_1_499' title='bbox 3187 3203 3287 3274; x_wconf 83' lang='grc' dir='ltr'>μὲν</span> <span class='ocrx_word' id='word_1_500' title='bbox 3324 3198 3416 3256; x_wconf 80' lang='grc' dir='ltr'>οὖν</span> <span class='ocrx_word' id='word_1_501' title='bbox 3460 3202 3598 3273; x_wconf 82' lang='grc' dir='ltr'>μετὰ</span> <span class='ocrx_word' id='word_1_502' title='bbox 3647 3202 3748 3273; x_wconf 80' lang='grc' dir='ltr'>τὴν</span> 
     </span>
    </p>
   </div>
   <div class='ocr_carea' id='block_1_61' title="bbox 467 3289 2050 3369">
    <p class='ocr_par' dir='ltr' id='par_1_61' title="bbox 467 3289 2045 3363">
     <span class='ocr_line' id='line_1_61' title="bbox 467 3289 2045 3363; baseline 0.002 -20"><span class='ocrx_word' id='word_1_503' title='bbox 467 3289 739 3346; x_wconf 89' lang='lat' dir='ltr'><strong>Dominus</strong></span> <span class='ocrx_word' id='word_1_504' title='bbox 767 3292 861 3361; x_wconf 88' lang='lat' dir='ltr'><strong>qui</strong></span> <span class='ocrx_word' id='word_1_505' title='bbox 892 3292 948 3346; x_wconf 93' lang='lat' dir='ltr'><strong>in</strong></span> <span class='ocrx_word' id='word_1_506' title='bbox 972 3292 1191 3348; x_wconf 91' lang='lat' dir='ltr'><strong>deserto</strong></span> <span class='ocrx_word' id='word_1_507' title='bbox 1219 3291 1675 3348; x_wconf 81' lang='lat' dir='ltr'><strong>manifestabatur</strong></span> <span class='ocrx_word' id='word_1_508' title='bbox 1706 3290 1925 3347; x_wconf 83' lang='lat' dir='ltr'><strong>adesset</strong></span> <span class='ocrx_word' id='word_1_509' title='bbox 1946 3307 2045 3363; x_wconf 90' lang='lat' dir='ltr'><strong>po-</strong></span> 
     </span>
    </p>
   </div>
   <div class='ocr_carea' id='block_1_62' title="bbox 2158 3289 3748 3369">
    <p class='ocr_par' dir='ltr' id='par_1_62' title="bbox 2158 3294 3748 3369">
     <span class='ocr_line' id='line_1_62' title="bbox 2158 3294 3748 3369; baseline -0.008 -13"><span class='ocrx_word' id='word_1_510' title='bbox 2158 3301 2431 3363; x_wconf 82' lang='grc' dir='ltr'>Μωῠσέως</span> <span class='ocrx_word' id='word_1_511' title='bbox 2458 3299 2717 3369; x_wconf 81' lang='grc' dir='ltr'>τελευτὴν</span> <span class='ocrx_word' id='word_1_512' title='bbox 2753 3298 2828 3369; x_wconf 78' lang='grc' dir='ltr'><strong>μὴ</strong></span> <span class='ocrx_word' id='word_1_513' title='bbox 2855 3299 2882 3350; x_wconf 87' lang='lat'><strong>6</strong></span> <span class='ocrx_word' id='word_1_514' title='bbox 2904 3297 3065 3361; x_wconf 82' lang='grc' dir='ltr'>αὐτὸς</span> <span class='ocrx_word' id='word_1_515' title='bbox 3096 3295 3298 3367; x_wconf 83' lang='grc' dir='ltr'>Κύριος</span> <span class='ocrx_word' id='word_1_516' title='bbox 3315 3296 3344 3348; x_wconf 88' lang='lat'><strong>6</strong></span> <span class='ocrx_word' id='word_1_517' title='bbox 3372 3295 3464 3348; x_wconf 76' lang='grc' dir='ltr'>ἐπὶ</span> <span class='ocrx_word' id='word_1_518' title='bbox 3481 3295 3580 3365; x_wconf 83' lang='grc' dir='ltr'>τῆς</span> <span class='ocrx_word' id='word_1_519' title='bbox 3614 3294 3748 3365; x_wconf 74' lang='grc' dir='ltr'><strong>ἐρή-</strong></span> 
     </span>
    </p>
   </div>
   <div class='ocr_carea' id='block_1_63' title="bbox 467 3382 2051 3455">
    <p class='ocr_par' dir='ltr' id='par_1_63' title="bbox 467 3382 2051 3455">
     <span class='ocr_line' id='line_1_63' title="bbox 467 3382 2051 3455; baseline 0.001 -18"><span class='ocrx_word' id='word_1_520' title='bbox 467 3382 622 3453; x_wconf 92' lang='lat' dir='ltr'><strong>pulo,</strong></span> <span class='ocrx_word' id='word_1_521' title='bbox 657 3383 753 3438; x_wconf 91' lang='lat' dir='ltr'><strong>sed</strong></span> <span class='ocrx_word' id='word_1_522' title='bbox 797 3385 1117 3455; x_wconf 80' lang='lat' dir='ltr'><strong>angelorum</strong></span> <span class='ocrx_word' id='word_1_523' title='bbox 1148 3385 1349 3454; x_wconf 88' lang='lat' dir='ltr'><strong>aliquis</strong></span> <span class='ocrx_word' id='word_1_524' title='bbox 1380 3400 1477 3441; x_wconf 91' lang='lat' dir='ltr'><strong>eos</strong></span> <span class='ocrx_word' id='word_1_525' title='bbox 1526 3385 1880 3455; x_wconf 84' lang='lat' dir='ltr'><strong>praecederet,</strong></span> <span class='ocrx_word' id='word_1_526' title='bbox 1911 3385 2051 3439; x_wconf 90' lang='lat' dir='ltr'><strong>nihil</strong></span> 
     </span>
    </p>
   </div>
   <div class='ocr_carea' id='block_1_64' title="bbox 467 3474 2052 3547">
    <p class='ocr_par' dir='ltr' id='par_1_64' title="bbox 467 3474 2052 3547">
     <span class='ocr_line' id='line_1_64' title="bbox 467 3474 2052 3547; baseline 0.001 -18"><span class='ocrx_word' id='word_1_527' title='bbox 467 3474 577 3530; x_wconf 91' lang='lat' dir='ltr'><strong>hoc</strong></span> <span class='ocrx_word' id='word_1_528' title='bbox 609 3475 665 3529; x_wconf 91' lang='lat' dir='ltr'><strong>in</strong></span> <span class='ocrx_word' id='word_1_529' title='bbox 695 3477 818 3531; x_wconf 91' lang='lat' dir='ltr'><strong>loco</strong></span> <span class='ocrx_word' id='word_1_530' title='bbox 852 3476 1241 3547; x_wconf 87' lang='lat' dir='ltr'><strong>inquirendum</strong></span> <span class='ocrx_word' id='word_1_531' title='bbox 1278 3477 1439 3532; x_wconf 83' lang='lat' dir='ltr'><strong>foret.</strong></span> <span class='ocrx_word' id='word_1_532' title='bbox 1477 3476 1614 3532; x_wconf 86' lang='lat' dir='ltr'><strong>Cum</strong></span> <span class='ocrx_word' id='word_1_533' title='bbox 1638 3486 1821 3531; x_wconf 90' lang='lat' dir='ltr'><strong>autem</strong></span> <span class='ocrx_word' id='word_1_534' title='bbox 1856 3492 2052 3531; x_wconf 88' lang='lat' dir='ltr'><strong>narra-</strong></span> 
     </span>
    </p>
   </div>
   <div class='ocr_carea' id='block_1_65' title="bbox 467 3560 2052 3640">
    <p class='ocr_par' dir='ltr' id='par_1_65' title="bbox 467 3560 2052 3640">
     <span class='ocr_line' id='line_1_65' title="bbox 467 3560 2052 3640; baseline 0.001 -20"><span class='ocrx_word' id='word_1_535' title='bbox 467 3560 618 3621; x_wconf 64' lang='lat' dir='ltr'><strong>tione</strong></span> <span class='ocrx_word' id='word_1_536' title='bbox 637 3576 852 3623; x_wconf 89' lang='lat' dir='ltr'><strong>constet</strong></span> <span class='ocrx_word' id='word_1_537' title='bbox 880 3578 936 3623; x_wconf 88' lang='lat' dir='ltr'><strong>et</strong></span> <span class='ocrx_word' id='word_1_538' title='bbox 968 3576 1094 3639; x_wconf 91' lang='lat' dir='ltr'><strong>post</strong></span> <span class='ocrx_word' id='word_1_539' title='bbox 1128 3568 1334 3640; x_wconf 86' lang='lat' dir='ltr'><strong>Moysis</strong></span> <span class='ocrx_word' id='word_1_540' title='bbox 1380 3568 1592 3624; x_wconf 89' lang='lat' dir='ltr'><strong>obitum</strong></span> <span class='ocrx_word' id='word_1_541' title='bbox 1634 3567 1927 3622; x_wconf 90' lang='lat' dir='ltr'><strong>Dominum</strong></span> <span class='ocrx_word' id='word_1_542' title='bbox 1965 3567 2052 3638; x_wconf 93' lang='lat' dir='ltr'><strong>ip-</strong></span> 
     </span>
    </p>
   </div>
   <div class='ocr_carea' id='block_1_66' title="bbox 467 3656 2054 3730">
    <p class='ocr_par' dir='ltr' id='par_1_66' title="bbox 467 3656 2054 3730">
     <span class='ocr_line' id='line_1_66' title="bbox 467 3656 2054 3730; baseline -0.001 -17"><span class='ocrx_word' id='word_1_543' title='bbox 467 3672 595 3713; x_wconf 88' lang='lat' dir='ltr'><strong>sum</strong></span> <span class='ocrx_word' id='word_1_544' title='bbox 618 3656 787 3714; x_wconf 84' lang='lat' dir='ltr'><strong>Josue</strong></span> <span class='ocrx_word' id='word_1_545' title='bbox 812 3659 1224 3714; x_wconf 83' lang='lat' dir='ltr'><strong>manifestatum</strong></span> <span class='ocrx_word' id='word_1_546' title='bbox 1252 3675 1398 3726; x_wconf 87' lang='lat' dir='ltr'><strong>esse,</strong></span> <span class='ocrx_word' id='word_1_547' title='bbox 1432 3667 1485 3714; x_wconf 91' lang='lat' dir='ltr'><strong>et</strong></span> <span class='ocrx_word' id='word_1_548' title='bbox 1522 3666 1711 3730; x_wconf 88' lang='lat' dir='ltr'><strong>aperte</strong></span> <span class='ocrx_word' id='word_1_549' title='bbox 1743 3659 1803 3713; x_wconf 88' lang='lat' dir='ltr'><strong>in</strong></span> <span class='ocrx_word' id='word_1_550' title='bbox 1834 3658 1903 3714; x_wconf 91' lang='lat' dir='ltr'><strong>iis</strong></span> <span class='ocrx_word' id='word_1_551' title='bbox 1932 3673 2054 3728; x_wconf 79' lang='lat' dir='ltr'><strong>quae</strong></span> 
     </span>
    </p>
   </div>
   <div class='ocr_carea' id='block_1_67' title="bbox 469 3732 2056 3819">
    <p class='ocr_par' dir='ltr' id='par_1_67' title="bbox 469 3732 2056 3819">
     <span class='ocr_line' id='line_1_67' title="bbox 469 3732 2056 3819; baseline 0 -17"><span class='ocrx_word' id='word_1_552' title='bbox 469 3748 540 3802; x_wconf 90' lang='lat' dir='ltr'><strong>ad</strong></span> <span class='ocrx_word' id='word_1_553' title='bbox 572 3763 695 3803; x_wconf 91' lang='lat' dir='ltr'><strong>eum</strong></span> <span class='ocrx_word' id='word_1_554' title='bbox 731 3749 1079 3819; x_wconf 84' lang='lat' dir='ltr'><strong>loquebatur,</strong></span> <span class='ocrx_word' id='word_1_555' title='bbox 1116 3750 1322 3806; x_wconf 78' lang='lat' dir='ltr'><strong>dixisse</strong></span> <span class='ocrx_word' id='word_1_556' title='bbox 1354 3768 1368 3804; x_wconf 91' lang='lat'>:</span> <span class='ocrx_word' id='word_1_557' title='bbox 1408 3768 1427 3801; x_wconf 86' lang='grc'><em>‹</em></span> <span class='ocrx_word' id='word_1_558' title='bbox 1450 3732 1624 3804; x_wconf 66' lang='grc' dir='ltr'><strong>Δδὶίειιι</strong></span> <span class='ocrx_word' id='word_1_559' title='bbox 1652 3748 1728 3804; x_wconf 80' lang='lat' dir='ltr'><strong>fui</strong></span> <span class='ocrx_word' id='word_1_560' title='bbox 1752 3764 1878 3804; x_wconf 92' lang='lat' dir='ltr'><strong>cum</strong></span> <span class='ocrx_word' id='word_1_561' title='bbox 1900 3747 2056 3819; x_wconf 76' lang='lat' dir='ltr'><strong>Moy-</strong></span> 
     </span>
    </p>
   </div>
   <div class='ocr_carea' id='block_1_68' title="bbox 477 3840 2050 3911">
    <p class='ocr_par' dir='ltr' id='par_1_68' title="bbox 477 3840 2050 3911">
     <span class='ocr_line' id='line_1_68' title="bbox 477 3840 2050 3911; baseline -0.001 -16"><span class='ocrx_word' id='word_1_562' title='bbox 477 3856 559 3902; x_wconf 86' lang='lat' dir='ltr'><strong>se.</strong></span> <span class='ocrx_word' id='word_1_563' title='bbox 594 3840 669 3894; x_wconf 89' lang='lat' dir='ltr'><strong>ita</strong></span> <span class='ocrx_word' id='word_1_564' title='bbox 697 3856 792 3895; x_wconf 91' lang='lat' dir='ltr'><strong>ero</strong></span> <span class='ocrx_word' id='word_1_565' title='bbox 824 3848 1002 3895; x_wconf 91' lang='lat' dir='ltr'><strong>tecum</strong></span> <span class='ocrx_word' id='word_1_566' title='bbox 1032 3860 1045 3896; x_wconf 89' lang='lat'><strong>:</strong></span> <span class='ocrx_word' id='word_1_567' title='bbox 1080 3857 1192 3898; x_wconf 92' lang='lat' dir='ltr'><strong>non</strong></span> <span class='ocrx_word' id='word_1_568' title='bbox 1225 3842 1521 3909; x_wconf 87' lang='lat' dir='ltr'><strong>dimittam,</strong></span> <span class='ocrx_word' id='word_1_569' title='bbox 1552 3857 1654 3896; x_wconf 90' lang='lat' dir='ltr'><strong>nec</strong></span> <span class='ocrx_word' id='word_1_570' title='bbox 1671 3841 2050 3911; x_wconf 87' lang='lat' dir='ltr'><strong>derelinquam</strong></span> 
     </span>
    </p>
   </div>
   <div class='ocr_carea' id='block_1_69' title="bbox 467 3931 2054 3991">
    <p class='ocr_par' dir='ltr' id='par_1_69' title="bbox 467 3931 2054 3991">
     <span class='ocr_line' id='line_1_69' title="bbox 467 3931 2054 3991; baseline 0.003 -6"><span class='ocrx_word' id='word_1_571' title='bbox 467 3932 539 3988; x_wconf 83' lang='lat' dir='ltr'><strong>te&#39;.</strong></span> <span class='ocrx_word' id='word_1_572' title='bbox 595 3931 919 3990; x_wconf 81' lang='lat' dir='ltr'><strong>Confortare</strong></span> <span class='ocrx_word' id='word_1_573' title='bbox 963 3942 1018 3989; x_wconf 86' lang='lat' dir='ltr'><strong>et</strong></span> <span class='ocrx_word' id='word_1_574' title='bbox 1055 3942 1176 3991; x_wconf 91' lang='lat' dir='ltr'><strong>esto</strong></span> <span class='ocrx_word' id='word_1_575' title='bbox 1229 3935 1512 3990; x_wconf 88' lang='lat' dir='ltr'><strong>robustus.</strong></span> <span class='ocrx_word' id='word_1_576' title='bbox 1572 3933 1657 3989; x_wconf 90' lang='lat' dir='ltr'><strong>Tu</strong></span> <span class='ocrx_word' id='word_1_577' title='bbox 1695 3933 1842 3989; x_wconf 90' lang='lat' dir='ltr'><strong>enim</strong></span> <span class='ocrx_word' id='word_1_578' title='bbox 1904 3940 2054 3989; x_wconf 91' lang='lat' dir='ltr'><strong>sorte</strong></span> 
     </span>
    </p>
   </div>
   <div class='ocr_carea' id='block_1_70' title="bbox 465 4024 2056 4097">
    <p class='ocr_par' dir='ltr' id='par_1_70' title="bbox 465 4024 2056 4097">
     <span class='ocr_line' id='line_1_70' title="bbox 465 4024 2056 4097; baseline 0.001 -19"><span class='ocrx_word' id='word_1_579' title='bbox 465 4024 680 4081; x_wconf 85' lang='lat' dir='ltr'><strong>divides</strong></span> <span class='ocrx_word' id='word_1_580' title='bbox 726 4027 927 4097; x_wconf 85' lang='lat' dir='ltr'><strong>populo</strong></span> <span class='ocrx_word' id='word_1_581' title='bbox 977 4027 1110 4081; x_wconf 83' lang='lat' dir='ltr'><strong>huic</strong></span> <span class='ocrx_word' id='word_1_582' title='bbox 1159 4036 1386 4093; x_wconf 88' lang='lat' dir='ltr'><strong>terram,</strong></span> <span class='ocrx_word' id='word_1_583' title='bbox 1418 4043 1520 4097; x_wconf 90' lang='lat' dir='ltr'><strong>pro</strong></span> <span class='ocrx_word' id='word_1_584' title='bbox 1541 4044 1649 4097; x_wconf 92' lang='lat' dir='ltr'><strong>qua</strong></span> <span class='ocrx_word' id='word_1_585' title='bbox 1672 4026 1853 4097; x_wconf 84' lang='lat' dir='ltr'><strong>j&#39;uravi</strong></span> <span class='ocrx_word' id='word_1_586' title='bbox 1890 4027 2056 4097; x_wconf 86' lang='lat' dir='ltr'><strong>patri-</strong></span> 
     </span>
    </p>
   </div>
   <div class='ocr_carea' id='block_1_71' title="bbox 467 4116 2055 4183">
    <p class='ocr_par' dir='ltr' id='par_1_71' title="bbox 467 4116 2055 4183">
     <span class='ocr_line' id='line_1_71' title="bbox 467 4116 2055 4183; baseline 0 -13"><span class='ocrx_word' id='word_1_587' title='bbox 467 4116 575 4172; x_wconf 87' lang='lat' dir='ltr'><strong>bus</strong></span> <span class='ocrx_word' id='word_1_588' title='bbox 631 4117 765 4183; x_wconf 86' lang='lat' dir='ltr'><strong>tuis,</strong></span> <span class='ocrx_word' id='word_1_589' title='bbox 816 4125 877 4171; x_wconf 93' lang='lat' dir='ltr'><strong>ut</strong></span> <span class='ocrx_word' id='word_1_590' title='bbox 930 4118 1205 4173; x_wconf 85' lang='lat' dir='ltr'><strong>traderem</strong></span> <span class='ocrx_word' id='word_1_591' title='bbox 1249 4133 1370 4173; x_wconf 88' lang='lat' dir='ltr'><strong>eam</strong></span> <span class='ocrx_word' id='word_1_592' title='bbox 1415 4119 1525 4173; x_wconf 90' lang='lat' dir='ltr'><strong>illis</strong></span> <span class='ocrx_word' id='word_1_593' title='bbox 1555 4118 1618 4171; x_wconf 81' lang='grc'><strong>¹³.</strong></span> <span class='ocrx_word' id='word_1_594' title='bbox 1663 4137 1682 4170; x_wconf 76' lang='grc' dir='ltr'><strong>ι</strong></span> <span class='ocrx_word' id='word_1_595' title='bbox 1719 4117 1787 4171; x_wconf 89' lang='lat' dir='ltr'><strong>Et</strong></span> <span class='ocrx_word' id='word_1_596' title='bbox 1816 4119 1871 4171; x_wconf 91' lang='lat' dir='ltr'><strong>in</strong></span> <span class='ocrx_word' id='word_1_597' title='bbox 1905 4117 2055 4171; x_wconf 91' lang='lat' dir='ltr'><strong>omni</strong></span> 
     </span>
    </p>
   </div>
   <div class='ocr_carea' id='block_1_72' title="bbox 469 4207 2057 4281">
    <p class='ocr_par' dir='ltr' id='par_1_72' title="bbox 469 4207 2057 4281">
     <span class='ocr_line' id='line_1_72' title="bbox 469 4207 2057 4281; baseline 0.001 -19"><span class='ocrx_word' id='word_1_598' title='bbox 469 4207 759 4278; x_wconf 87' lang='lat' dir='ltr'><strong>Scriptura</strong></span> <span class='ocrx_word' id='word_1_599' title='bbox 794 4211 1021 4281; x_wconf 78' lang='lat' dir='ltr'><strong>angelus</strong></span> <span class='ocrx_word' id='word_1_600' title='bbox 1063 4210 1286 4280; x_wconf 84' lang='lat' dir='ltr'><strong>quidem</strong></span> <span class='ocrx_word' id='word_1_601' title='bbox 1319 4225 1669 4280; x_wconf 87' lang='lat' dir='ltr'><strong>nequaquam</strong></span> <span class='ocrx_word' id='word_1_602' title='bbox 1701 4226 1944 4281; x_wconf 66' lang='lat' dir='ltr'><strong>praesens</strong></span> <span class='ocrx_word' id='word_1_603' title='bbox 1972 4210 2057 4266; x_wconf 84' lang='lat' dir='ltr'><strong>vel</strong></span> 
     </span>
    </p>
   </div>
   <div class='ocr_carea' id='block_1_73' title="bbox 468 4301 2049 4374">
    <p class='ocr_par' dir='ltr' id='par_1_73' title="bbox 468 4301 2049 4374">
     <span class='ocr_line' id='line_1_73' title="bbox 468 4301 2049 4374; baseline 0.003 -19"><span class='ocrx_word' id='word_1_604' title='bbox 468 4301 858 4358; x_wconf 80' lang='lat' dir='ltr'><strong>manifestatus</strong></span> <span class='ocrx_word' id='word_1_605' title='bbox 891 4301 1058 4359; x_wconf 81' lang='lat' dir='ltr'><strong>Josue</strong></span> <span class='ocrx_word' id='word_1_606' title='bbox 1094 4311 1452 4367; x_wconf 87' lang='lat' dir='ltr'><strong>memoratur,</strong></span> <span class='ocrx_word' id='word_1_607' title='bbox 1484 4303 1579 4360; x_wconf 91' lang='lat' dir='ltr'><strong>sed</strong></span> <span class='ocrx_word' id='word_1_608' title='bbox 1612 4304 1729 4374; x_wconf 90' lang='lat' dir='ltr'><strong>ipse</strong></span> <span class='ocrx_word' id='word_1_609' title='bbox 1761 4303 2049 4369; x_wconf 89' lang='lat' dir='ltr'><strong>Dominus,</strong></span> 
     </span>
    </p>
   </div>
   <div class='ocr_carea' id='block_1_74' title="bbox 359 4392 2055 4466">
    <p class='ocr_par' dir='ltr' id='par_1_74' title="bbox 359 4392 2055 4466">
     <span class='ocr_line' id='line_1_74' title="bbox 359 4392 2055 4466; baseline -0.001 -15"><span class='ocrx_word' id='word_1_610' title='bbox 359 4448 363 4451; x_wconf 88' lang='lat'><strong>.</strong></span> <span class='ocrx_word' id='word_1_611' title='bbox 469 4394 563 4463; x_wconf 89' lang='lat' dir='ltr'><strong>qui</strong></span> <span class='ocrx_word' id='word_1_612' title='bbox 610 4394 751 4462; x_wconf 87' lang='lat' dir='ltr'><strong>apud</strong></span> <span class='ocrx_word' id='word_1_613' title='bbox 783 4392 1024 4465; x_wconf 85' lang='lat' dir='ltr'><strong>Moysem</strong></span> <span class='ocrx_word' id='word_1_614' title='bbox 1062 4401 1510 4466; x_wconf 84' lang='lat' dir='ltr'><strong>tetragrammato</strong></span> <span class='ocrx_word' id='word_1_615' title='bbox 1545 4396 1877 4463; x_wconf 87' lang='lat' dir='ltr'><strong>ostenditur,</strong></span> <span class='ocrx_word' id='word_1_616' title='bbox 1924 4396 2055 4464; x_wconf 89' lang='lat' dir='ltr'><strong>qui-</strong></span> 
     </span>
    </p>
   </div>
   <div class='ocr_carea' id='block_1_75' title="bbox 465 4485 2050 4558">
    <p class='ocr_par' dir='ltr' id='par_1_75' title="bbox 465 4485 2050 4558">
     <span class='ocr_line' id='line_1_75' title="bbox 465 4485 2050 4558; baseline 0.004 -20"><span class='ocrx_word' id='word_1_617' title='bbox 465 4500 577 4556; x_wconf 87' lang='lat' dir='ltr'><strong>que</strong></span> <span class='ocrx_word' id='word_1_618' title='bbox 608 4486 737 4539; x_wconf 87' lang='lat' dir='ltr'><strong>mihi</strong></span> <span class='ocrx_word' id='word_1_619' title='bbox 770 4485 912 4540; x_wconf 91' lang='lat' dir='ltr'><strong>idem</strong></span> <span class='ocrx_word' id='word_1_620' title='bbox 953 4502 1075 4543; x_wconf 84' lang='lat' dir='ltr'><strong>esse</strong></span> <span class='ocrx_word' id='word_1_621' title='bbox 1098 4487 1318 4543; x_wconf 85' lang='lat' dir='ltr'><strong>videtur</strong></span> <span class='ocrx_word' id='word_1_622' title='bbox 1338 4502 1403 4542; x_wconf 89' lang='lat' dir='ltr'><strong>ac</strong></span> <span class='ocrx_word' id='word_1_623' title='bbox 1432 4488 1527 4558; x_wconf 91' lang='lat' dir='ltr'><strong>qui</strong></span> <span class='ocrx_word' id='word_1_624' title='bbox 1558 4488 1726 4544; x_wconf 90' lang='lat' dir='ltr'><strong>semel</strong></span> <span class='ocrx_word' id='word_1_625' title='bbox 1754 4486 1922 4543; x_wconf 85' lang='lat' dir='ltr'><strong>Josue</strong></span> <span class='ocrx_word' id='word_1_626' title='bbox 1950 4490 2050 4544; x_wconf 85' lang='lat' dir='ltr'><strong>viri</strong></span> 
     </span>
    </p>
   </div>
   <div class='ocr_carea' id='block_1_76' title="bbox 467 4580 2053 4654">
    <p class='ocr_par' dir='ltr' id='par_1_76' title="bbox 467 4580 2053 4654">
     <span class='ocr_line' id='line_1_76' title="bbox 467 4580 2053 4654; baseline -0.001 -17"><span class='ocrx_word' id='word_1_627' title='bbox 467 4580 657 4637; x_wconf 82' lang='lat' dir='ltr'><strong>habitu</strong></span> <span class='ocrx_word' id='word_1_628' title='bbox 721 4580 974 4650; x_wconf 87' lang='lat' dir='ltr'><strong>apparuit</strong></span> <span class='ocrx_word' id='word_1_629' title='bbox 998 4581 1062 4634; x_wconf 67' lang='grc'><strong>’⁸.</strong></span> <span class='ocrx_word' id='word_1_630' title='bbox 1114 4580 1586 4646; x_wconf 83' lang='lat' dir='ltr'><strong>Quemadmodum</strong></span> <span class='ocrx_word' id='word_1_631' title='bbox 1664 4582 1811 4637; x_wconf 89' lang='lat' dir='ltr'><strong>enim</strong></span> <span class='ocrx_word' id='word_1_632' title='bbox 1885 4597 2053 4654; x_wconf 87' lang='lat' dir='ltr'><strong>appa-</strong></span> 
     </span>
    </p>
   </div>
   <div class='ocr_carea' id='block_1_77' title="bbox 2160 3386 3754 3465">
    <p class='ocr_par' dir='ltr' id='par_1_77' title="bbox 2160 3386 3754 3465">
     <span class='ocr_line' id='line_1_77' title="bbox 2160 3386 3754 3465; baseline -0.004 -18"><span class='ocrx_word' id='word_1_633' title='bbox 2160 3411 2261 3465; x_wconf 86' lang='grc' dir='ltr'><strong>μου</strong></span> <span class='ocrx_word' id='word_1_634' title='bbox 2294 3392 2653 3465; x_wconf 75' lang='grc' dir='ltr'>χρηματίζων</span> <span class='ocrx_word' id='word_1_635' title='bbox 2702 3390 3003 3461; x_wconf 82' lang='grc' dir='ltr'>συμπαρῆν</span> <span class='ocrx_word' id='word_1_636' title='bbox 3041 3387 3119 3459; x_wconf 81' lang='grc' dir='ltr'>τῷ</span> <span class='ocrx_word' id='word_1_637' title='bbox 3155 3388 3300 3460; x_wconf 84' lang='grc' dir='ltr'>λαῷ,</span> <span class='ocrx_word' id='word_1_638' title='bbox 3340 3387 3452 3441; x_wconf 82' lang='grc' dir='ltr'>ἀλλ’</span> <span class='ocrx_word' id='word_1_639' title='bbox 3498 3386 3754 3456; x_wconf 82' lang='grc' dir='ltr'>ἀγγέλων</span> 
     </span>
    </p>
   </div>
   <div class='ocr_carea' id='block_1_78' title="bbox 2157 3479 3747 3556">
    <p class='ocr_par' dir='ltr' id='par_1_78' title="bbox 2157 3479 3747 3556">
     <span class='ocr_line' id='line_1_78' title="bbox 2157 3479 3747 3556; baseline -0.006 -17"><span class='ocrx_word' id='word_1_640' title='bbox 2157 3503 2239 3549; x_wconf 88' lang='grc' dir='ltr'><strong>τις</strong></span> <span class='ocrx_word' id='word_1_641' title='bbox 2274 3483 2455 3538; x_wconf 82' lang='grc' dir='ltr'>αὐτῶν</span> <span class='ocrx_word' id='word_1_642' title='bbox 2484 3486 2782 3556; x_wconf 83' lang='grc' dir='ltr'>προηγεῖτο</span> <span class='ocrx_word' id='word_1_643' title='bbox 2801 3522 2818 3546; x_wconf 91' lang='grc'><strong>,</strong></span> <span class='ocrx_word' id='word_1_644' title='bbox 2856 3481 3010 3534; x_wconf 81' lang='grc' dir='ltr'>οὐδὲν</span> <span class='ocrx_word' id='word_1_645' title='bbox 3038 3480 3105 3535; x_wconf 79' lang='grc' dir='ltr'>ἂν</span> <span class='ocrx_word' id='word_1_646' title='bbox 3134 3482 3213 3544; x_wconf 84' lang='grc' dir='ltr'><strong>εἰς</strong></span> <span class='ocrx_word' id='word_1_647' title='bbox 3247 3481 3375 3543; x_wconf 79' lang='grc' dir='ltr'>τοὺς</span> <span class='ocrx_word' id='word_1_648' title='bbox 3407 3479 3605 3542; x_wconf 86' lang='grc' dir='ltr'>τόπους</span> <span class='ocrx_word' id='word_1_649' title='bbox 3648 3480 3747 3550; x_wconf 79' lang='grc' dir='ltr'><strong>ζη-</strong></span> 
     </span>
    </p>
   </div>
   <div class='ocr_carea' id='block_1_79' title="bbox 2156 3571 3750 3648">
    <p class='ocr_par' dir='ltr' id='par_1_79' title="bbox 2156 3571 3750 3648">
     <span class='ocr_line' id='line_1_79' title="bbox 2156 3571 3750 3648; baseline -0.006 -17"><span class='ocrx_word' id='word_1_650' title='bbox 2156 3577 2417 3648; x_wconf 85' lang='grc' dir='ltr'>τούμενον</span> <span class='ocrx_word' id='word_1_651' title='bbox 2449 3571 2516 3644; x_wconf 84' lang='grc' dir='ltr'><strong>ἦν</strong></span> <span class='ocrx_word' id='word_1_652' title='bbox 2538 3594 2551 3607; x_wconf 72' lang='grc' dir='ltr'><strong><em>ο</em></strong></span> <span class='ocrx_word' id='word_1_653' title='bbox 2588 3576 2711 3628; x_wconf 72' lang='grc' dir='ltr'>ἐπεὶ</span> <span class='ocrx_word' id='word_1_654' title='bbox 2734 3575 2791 3627; x_wconf 81' lang='grc' dir='ltr'><strong>δὲ</strong></span> <span class='ocrx_word' id='word_1_655' title='bbox 2825 3576 2890 3627; x_wconf 86' lang='grc' dir='ltr'><strong>ὲκ</strong></span> <span class='ocrx_word' id='word_1_656' title='bbox 2932 3573 3033 3643; x_wconf 81' lang='grc' dir='ltr'><strong>τῆς</strong></span> <span class='ocrx_word' id='word_1_657' title='bbox 3078 3571 3323 3644; x_wconf 78' lang='grc' dir='ltr'>ἱστορίας</span> <span class='ocrx_word' id='word_1_658' title='bbox 3362 3572 3613 3641; x_wconf 75' lang='grc' dir='ltr'>φαίνεται</span> <span class='ocrx_word' id='word_1_659' title='bbox 3653 3571 3750 3623; x_wconf 73' lang='grc' dir='ltr'>καὶ</span> 
     </span>
    </p>
   </div>
   <div class='ocr_carea' id='block_1_80' title="bbox 2159 3662 3744 3741">
    <p class='ocr_par' dir='ltr' id='par_1_80' title="bbox 2159 3662 3744 3741">
     <span class='ocr_line' id='line_1_80' title="bbox 2159 3662 3744 3741; baseline -0.005 -18"><span class='ocrx_word' id='word_1_660' title='bbox 2159 3669 2296 3741; x_wconf 86' lang='grc' dir='ltr'><strong>μετά</strong></span> <span class='ocrx_word' id='word_1_661' title='bbox 2312 3669 2410 3740; x_wconf 85' lang='grc' dir='ltr'><strong>τὴν</strong></span> <span class='ocrx_word' id='word_1_662' title='bbox 2426 3668 2704 3731; x_wconf 85' lang='grc' dir='ltr'>Μωῦσέως</span> <span class='ocrx_word' id='word_1_663' title='bbox 2721 3666 2979 3737; x_wconf 81' lang='grc' dir='ltr'>τελευτὴν</span> <span class='ocrx_word' id='word_1_664' title='bbox 3005 3666 3034 3718; x_wconf 90' lang='grc' dir='ltr'>ὁ</span> <span class='ocrx_word' id='word_1_665' title='bbox 3062 3664 3225 3727; x_wconf 83' lang='grc' dir='ltr'>αὐτὸς</span> <span class='ocrx_word' id='word_1_666' title='bbox 3248 3662 3452 3735; x_wconf 81' lang='grc' dir='ltr'>Κύριος</span> <span class='ocrx_word' id='word_1_667' title='bbox 3476 3663 3553 3733; x_wconf 81' lang='grc' dir='ltr'><strong>τῷ</strong></span> <span class='ocrx_word' id='word_1_668' title='bbox 3569 3663 3744 3734; x_wconf 76' lang='grc' dir='ltr'>Ἰησοῦ</span> 
     </span>
    </p>
   </div>
   <div class='ocr_carea' id='block_1_81' title="bbox 2157 3755 3745 3835">
    <p class='ocr_par' dir='ltr' id='par_1_81' title="bbox 2157 3755 3745 3835">
     <span class='ocr_line' id='line_1_81' title="bbox 2157 3755 3745 3835; baseline -0.008 -17"><span class='ocrx_word' id='word_1_669' title='bbox 2157 3761 2514 3835; x_wconf 77' lang='grc' dir='ltr'>χρηματίζων</span> <span class='ocrx_word' id='word_1_670' title='bbox 2542 3760 2639 3813; x_wconf 71' lang='grc' dir='ltr'><strong>καὶ</strong></span> <span class='ocrx_word' id='word_1_671' title='bbox 2668 3758 2860 3826; x_wconf 83' lang='grc' dir='ltr'>σαφῶς</span> <span class='ocrx_word' id='word_1_672' title='bbox 2889 3760 2946 3810; x_wconf 82' lang='grc' dir='ltr'>ὲν</span> <span class='ocrx_word' id='word_1_673' title='bbox 2974 3760 3089 3819; x_wconf 87' lang='grc' dir='ltr'>τοῖς</span> <span class='ocrx_word' id='word_1_674' title='bbox 3118 3756 3254 3828; x_wconf 83' lang='grc' dir='ltr'>πρὸς</span> <span class='ocrx_word' id='word_1_675' title='bbox 3282 3755 3443 3808; x_wconf 80' lang='grc' dir='ltr'>αὑτὸν</span> <span class='ocrx_word' id='word_1_676' title='bbox 3478 3757 3745 3826; x_wconf 81' lang='grc' dir='ltr'>χρησμοῖς</span> 
     </span>
    </p>
   </div>
   <div class='ocr_carea' id='block_1_82' title="bbox 2158 3844 3745 3922">
    <p class='ocr_par' dir='ltr' id='par_1_82' title="bbox 2158 3844 3745 3922">
     <span class='ocr_line' id='line_1_82' title="bbox 2158 3844 3745 3922; baseline -0.005 -16"><span class='ocrx_word' id='word_1_677' title='bbox 2158 3853 2348 3921; x_wconf 81' lang='grc' dir='ltr'>λέγων·</span> <span class='ocrx_word' id='word_1_678' title='bbox 2370 3871 2388 3903; x_wconf 77' lang='grc' dir='ltr'><strong>ι</strong></span> <span class='ocrx_word' id='word_1_679' title='bbox 2409 3852 2530 3905; x_wconf 85' lang='grc' dir='ltr'>Ὅτι</span> <span class='ocrx_word' id='word_1_680' title='bbox 2548 3850 2735 3922; x_wconf 85' lang='grc' dir='ltr'>ὥσπερ</span> <span class='ocrx_word' id='word_1_681' title='bbox 2761 3850 2792 3920; x_wconf 75' lang='grc' dir='ltr'><strong>ἦ</strong></span> <span class='ocrx_word' id='word_1_682' title='bbox 2802 3865 2908 3920; x_wconf 91' lang='grc' dir='ltr'><strong>μην</strong></span> <span class='ocrx_word' id='word_1_683' title='bbox 2929 3847 3065 3918; x_wconf 76' lang='grc' dir='ltr'>μετὰ</span> <span class='ocrx_word' id='word_1_684' title='bbox 3086 3846 3316 3916; x_wconf 83' lang='grc' dir='ltr'>Μωῦσῆ,</span> <span class='ocrx_word' id='word_1_685' title='bbox 3348 3844 3522 3908; x_wconf 72' lang='grc' dir='ltr'>οὕτως</span> <span class='ocrx_word' id='word_1_686' title='bbox 3546 3846 3745 3915; x_wconf 74' lang='grc' dir='ltr'>ἔσομαι</span> 
     </span>
    </p>
   </div>
   <div class='ocr_carea' id='block_1_83' title="bbox 2162 3938 3751 4017">
    <p class='ocr_par' dir='ltr' id='par_1_83' title="bbox 2162 3938 3751 4017">
     <span class='ocr_line' id='line_1_83' title="bbox 2162 3938 3751 4017; baseline -0.006 -18"><span class='ocrx_word' id='word_1_687' title='bbox 2162 3944 2299 4017; x_wconf 87' lang='grc' dir='ltr'><strong>μετὰ</strong></span> <span class='ocrx_word' id='word_1_688' title='bbox 2330 3942 2446 4008; x_wconf 81' lang='grc' dir='ltr'>σοῦ,</span> <span class='ocrx_word' id='word_1_689' title='bbox 2473 3944 2567 3996; x_wconf 76' lang='grc' dir='ltr'>καὶ</span> <span class='ocrx_word' id='word_1_690' title='bbox 2590 3942 2692 3995; x_wconf 86' lang='grc' dir='ltr'><strong>οὐκ</strong></span> <span class='ocrx_word' id='word_1_691' title='bbox 2716 3940 3097 4010; x_wconf 75' lang='grc' dir='ltr'>ἐγκαταλείψω</span> <span class='ocrx_word' id='word_1_692' title='bbox 3133 3956 3192 3992; x_wconf 88' lang='grc' dir='ltr'><strong>σε</strong></span> <span class='ocrx_word' id='word_1_693' title='bbox 3212 3979 3227 4003; x_wconf 92' lang='grc'><strong>,</strong></span> <span class='ocrx_word' id='word_1_694' title='bbox 3259 3939 3365 3992; x_wconf 79' lang='grc' dir='ltr'>οὐδ’</span> <span class='ocrx_word' id='word_1_695' title='bbox 3403 3938 3751 4009; x_wconf 75' lang='grc' dir='ltr'>ὑπερόψομαί</span> 
     </span>
    </p>
   </div>
   <div class='ocr_carea' id='block_1_84' title="bbox 2160 4028 3751 4107">
    <p class='ocr_par' dir='ltr' id='par_1_84' title="bbox 2160 4028 3751 4107">
     <span class='ocr_line' id='line_1_84' title="bbox 2160 4028 3751 4107; baseline -0.005 -18"><span class='ocrx_word' id='word_1_696' title='bbox 2160 4054 2240 4091; x_wconf 86' lang='grc' dir='ltr'><strong>σε.</strong></span> <span class='ocrx_word' id='word_1_697' title='bbox 2271 4037 2454 4107; x_wconf 88' lang='grc' dir='ltr'>Ἴσχυε</span> <span class='ocrx_word' id='word_1_698' title='bbox 2500 4037 2594 4089; x_wconf 79' lang='grc' dir='ltr'><strong>καὶ</strong></span> <span class='ocrx_word' id='word_1_699' title='bbox 2635 4031 2888 4106; x_wconf 78' lang='grc' dir='ltr'>ἀνδρίζου</span> <span class='ocrx_word' id='word_1_700' title='bbox 2916 4051 2928 4063; x_wconf 65' lang='grc' dir='ltr'><strong>ν</strong></span> <span class='ocrx_word' id='word_1_701' title='bbox 2967 4033 3031 4086; x_wconf 88' lang='grc' dir='ltr'><strong>σὺ</strong></span> <span class='ocrx_word' id='word_1_702' title='bbox 3074 4031 3184 4102; x_wconf 79' lang='grc' dir='ltr'><strong>γὰρ</strong></span> <span class='ocrx_word' id='word_1_703' title='bbox 3233 4030 3635 4093; x_wconf 79' lang='grc' dir='ltr'>ἀποδιαστελεῐς</span> <span class='ocrx_word' id='word_1_704' title='bbox 3666 4028 3751 4100; x_wconf 83' lang='grc' dir='ltr'><strong>τῷ</strong></span> 
     </span>
    </p>
   </div>
   <div class='ocr_carea' id='block_1_85' title="bbox 2157 4122 3748 4201">
    <p class='ocr_par' dir='ltr' id='par_1_85' title="bbox 2157 4122 3748 4201">
     <span class='ocr_line' id='line_1_85' title="bbox 2157 4122 3748 4201; baseline -0.005 -17"><span class='ocrx_word' id='word_1_705' title='bbox 2157 4129 2272 4201; x_wconf 81' lang='grc' dir='ltr'><strong>λαῷ</strong></span> <span class='ocrx_word' id='word_1_706' title='bbox 2301 4128 2479 4200; x_wconf 81' lang='grc' dir='ltr'>τούτῳ</span> <span class='ocrx_word' id='word_1_707' title='bbox 2512 4128 2612 4200; x_wconf 81' lang='grc' dir='ltr'><strong>τὴν</strong></span> <span class='ocrx_word' id='word_1_708' title='bbox 2651 4128 2776 4199; x_wconf 83' lang='grc' dir='ltr'>γῆν,</span> <span class='ocrx_word' id='word_1_709' title='bbox 2810 4127 2877 4197; x_wconf 81' lang='grc' dir='ltr'><strong>ἣν</strong></span> <span class='ocrx_word' id='word_1_710' title='bbox 2906 4125 3099 4197; x_wconf 78' lang='grc' dir='ltr'>ὤμοσα</span> <span class='ocrx_word' id='word_1_711' title='bbox 3130 4127 3243 4188; x_wconf 85' lang='grc' dir='ltr'>τοῖς</span> <span class='ocrx_word' id='word_1_712' title='bbox 3286 4125 3556 4195; x_wconf 85' lang='grc' dir='ltr'>πατράσιν</span> <span class='ocrx_word' id='word_1_713' title='bbox 3590 4122 3748 4194; x_wconf 85' lang='grc' dir='ltr'>ὑμῶν</span> 
     </span>
    </p>
   </div>
   <div class='ocr_carea' id='block_1_86' title="bbox 2155 4216 3745 4289">
    <p class='ocr_par' dir='ltr' id='par_1_86' title="bbox 2155 4216 3745 4289">
     <span class='ocr_line' id='line_1_86' title="bbox 2155 4216 3745 4289; baseline -0.005 -12"><span class='ocrx_word' id='word_1_714' title='bbox 2155 4223 2338 4277; x_wconf 80' lang='grc' dir='ltr'>δοῦναι</span> <span class='ocrx_word' id='word_1_715' title='bbox 2379 4224 2559 4285; x_wconf 74' lang='grc' dir='ltr'>αὐτοῖς</span> <span class='ocrx_word' id='word_1_716' title='bbox 2584 4240 2596 4251; x_wconf 92' lang='grc'><strong>·</strong></span> <span class='ocrx_word' id='word_1_717' title='bbox 2638 4242 2656 4275; x_wconf 80' lang='grc' dir='ltr'><strong>ι</strong></span> <span class='ocrx_word' id='word_1_718' title='bbox 2691 4222 2786 4273; x_wconf 75' lang='grc' dir='ltr'><strong>καὶ</strong></span> <span class='ocrx_word' id='word_1_719' title='bbox 2824 4220 2892 4273; x_wconf 87' lang='grc' dir='ltr'>δι’</span> <span class='ocrx_word' id='word_1_720' title='bbox 2930 4219 3059 4289; x_wconf 83' lang='grc' dir='ltr'>ὅλης</span> <span class='ocrx_word' id='word_1_721' title='bbox 3096 4219 3198 4288; x_wconf 82' lang='grc' dir='ltr'>τῆς</span> <span class='ocrx_word' id='word_1_722' title='bbox 3248 4218 3471 4288; x_wconf 87' lang='grc' dir='ltr'>Γραφῆς</span> <span class='ocrx_word' id='word_1_723' title='bbox 3513 4216 3745 4284; x_wconf 84' lang='grc' dir='ltr'>ἄγγελος</span> 
     </span>
    </p>
   </div>
   <div class='ocr_carea' id='block_1_87' title="bbox 2162 4307 3753 4388">
    <p class='ocr_par' dir='ltr' id='par_1_87' title="bbox 2162 4307 3753 4388">
     <span class='ocr_line' id='line_1_87' title="bbox 2162 4307 3753 4388; baseline -0.006 -18"><span class='ocrx_word' id='word_1_724' title='bbox 2162 4316 2263 4388; x_wconf 84' lang='grc' dir='ltr'>μὲν</span> <span class='ocrx_word' id='word_1_725' title='bbox 2317 4314 2573 4386; x_wconf 77' lang='grc' dir='ltr'>οὐδαμῶς</span> <span class='ocrx_word' id='word_1_726' title='bbox 2634 4311 2922 4383; x_wconf 79' lang='grc' dir='ltr'>ὲπιπαρὼν</span> <span class='ocrx_word' id='word_1_727' title='bbox 2974 4311 3007 4382; x_wconf 81' lang='grc' dir='ltr'>ἢ</span> <span class='ocrx_word' id='word_1_728' title='bbox 3061 4310 3414 4382; x_wconf 80' lang='grc' dir='ltr'>χρηματίζων</span> <span class='ocrx_word' id='word_1_729' title='bbox 3464 4307 3542 4378; x_wconf 82' lang='grc' dir='ltr'><strong>τῷ</strong></span> <span class='ocrx_word' id='word_1_730' title='bbox 3575 4307 3753 4378; x_wconf 80' lang='grc' dir='ltr'>Ἰησοῦ</span> 
     </span>
    </p>
   </div>
   <div class='ocr_carea' id='block_1_88' title="bbox 2158 4399 3750 4477">
    <p class='ocr_par' dir='ltr' id='par_1_88' title="bbox 2158 4399 3750 4477">
     <span class='ocr_line' id='line_1_88' title="bbox 2158 4399 3750 4477; baseline -0.005 -17"><span class='ocrx_word' id='word_1_731' title='bbox 2158 4406 2425 4477; x_wconf 81' lang='grc' dir='ltr'>φαίνεται,</span> <span class='ocrx_word' id='word_1_732' title='bbox 2444 4405 2557 4458; x_wconf 83' lang='grc' dir='ltr'>ἀλλ’</span> <span class='ocrx_word' id='word_1_733' title='bbox 2574 4404 2774 4467; x_wconf 77' lang='grc' dir='ltr'>αὑτὸςὸ</span> <span class='ocrx_word' id='word_1_734' title='bbox 2806 4403 3010 4472; x_wconf 80' lang='grc' dir='ltr'>Κύριος</span> <span class='ocrx_word' id='word_1_735' title='bbox 3035 4405 3064 4456; x_wconf 89' lang='grc' dir='ltr'>ὁ</span> <span class='ocrx_word' id='word_1_736' title='bbox 3089 4403 3184 4454; x_wconf 76' lang='grc' dir='ltr'><strong>καὶ</strong></span> <span class='ocrx_word' id='word_1_737' title='bbox 3210 4400 3363 4472; x_wconf 79' lang='grc' dir='ltr'>παρὰ</span> <span class='ocrx_word' id='word_1_738' title='bbox 3391 4402 3617 4454; x_wconf 81' lang='grc' dir='ltr'><strong>Μωῡσεῖ</strong></span> <span class='ocrx_word' id='word_1_739' title='bbox 3659 4399 3750 4452; x_wconf 75' lang='grc' dir='ltr'><strong>διὰ</strong></span> 
     </span>
    </p>
   </div>
   <div class='ocr_carea' id='block_1_89' title="bbox 2155 4492 3755 4567">
    <p class='ocr_par' dir='ltr' id='par_1_89' title="bbox 2155 4492 3755 4567">
     <span class='ocr_line' id='line_1_89' title="bbox 2155 4492 3755 4567; baseline -0.005 -15"><span class='ocrx_word' id='word_1_740' title='bbox 2155 4498 2249 4552; x_wconf 80' lang='grc' dir='ltr'>τοῦ</span> <span class='ocrx_word' id='word_1_741' title='bbox 2291 4496 2718 4567; x_wconf 86' lang='grc' dir='ltr'>τετραγράμμου</span> <span class='ocrx_word' id='word_1_742' title='bbox 2763 4494 3125 4565; x_wconf 82' lang='grc' dir='ltr'>δηλούμενος,</span> <span class='ocrx_word' id='word_1_743' title='bbox 3159 4493 3216 4555; x_wconf 87' lang='grc' dir='ltr'><strong>ὃς</strong></span> <span class='ocrx_word' id='word_1_744' title='bbox 3260 4493 3353 4545; x_wconf 75' lang='grc' dir='ltr'><strong>καὶ</strong></span> <span class='ocrx_word' id='word_1_745' title='bbox 3392 4492 3540 4545; x_wconf 86' lang='grc' dir='ltr'>δοκεῖ</span> <span class='ocrx_word' id='word_1_746' title='bbox 3607 4510 3697 4563; x_wconf 78' lang='grc' dir='ltr'><strong>μοι</strong></span> <span class='ocrx_word' id='word_1_747' title='bbox 3722 4493 3755 4544; x_wconf 76' lang='lat'><strong>6</strong></span> 
     </span>
    </p>
   </div>
   <div class='ocr_carea' id='block_1_90' title="bbox 2158 4581 3754 4657">
    <p class='ocr_par' dir='ltr' id='par_1_90' title="bbox 2158 4581 3754 4657">
     <span class='ocr_line' id='line_1_90' title="bbox 2158 4581 3754 4657; baseline -0.003 -15"><span class='ocrx_word' id='word_1_748' title='bbox 2158 4588 2319 4650; x_wconf 80' lang='grc' dir='ltr'>αὐτὸς</span> <span class='ocrx_word' id='word_1_749' title='bbox 2339 4581 2479 4640; x_wconf 85' lang='grc' dir='ltr'>εἶναι</span> <span class='ocrx_word' id='word_1_750' title='bbox 2505 4586 2583 4657; x_wconf 83' lang='grc' dir='ltr'>τῷ</span> <span class='ocrx_word' id='word_1_751' title='bbox 2621 4587 2678 4638; x_wconf 84' lang='grc' dir='ltr'>ὲν</span> <span class='ocrx_word' id='word_1_752' title='bbox 2706 4585 2896 4655; x_wconf 76' lang='grc' dir='ltr'>ἀνδρὸς</span> <span class='ocrx_word' id='word_1_753' title='bbox 2924 4585 3161 4655; x_wconf 82' lang='grc' dir='ltr'>σχήματι</span> <span class='ocrx_word' id='word_1_754' title='bbox 3184 4586 3262 4647; x_wconf 83' lang='grc' dir='ltr'>εἰς</span> <span class='ocrx_word' id='word_1_755' title='bbox 3289 4583 3435 4648; x_wconf 79' lang='grc' dir='ltr'>ἅπαξ</span> <span class='ocrx_word' id='word_1_756' title='bbox 3465 4584 3625 4653; x_wconf 87' lang='grc' dir='ltr'>μόνον</span> <span class='ocrx_word' id='word_1_757' title='bbox 3649 4601 3754 4637; x_wconf 84' lang='grc' dir='ltr'>πα-</span> 
     </span>
    </p>
   </div>
   <div class='ocr_carea' id='block_1_91' title="bbox 465 4671 2050 4752">
    <p class='ocr_par' dir='ltr' id='par_1_91' title="bbox 465 4671 2050 4740">
     <span class='ocr_line' id='line_1_91' title="bbox 465 4671 2050 4740; baseline 0.002 -12"><span class='ocrx_word' id='word_1_758' title='bbox 465 4673 646 4729; x_wconf 84' lang='lat' dir='ltr'><strong>ruisse</strong></span> <span class='ocrx_word' id='word_1_759' title='bbox 675 4671 987 4726; x_wconf 88' lang='lat' dir='ltr'><strong>Abrahamo</strong></span> <span class='ocrx_word' id='word_1_760' title='bbox 1015 4680 1070 4727; x_wconf 88' lang='lat' dir='ltr'><strong>et</strong></span> <span class='ocrx_word' id='word_1_761' title='bbox 1096 4672 1302 4728; x_wconf 76' lang='lat' dir='ltr'><strong>Iacobo</strong></span> <span class='ocrx_word' id='word_1_762' title='bbox 1340 4683 1619 4740; x_wconf 89' lang='lat' dir='ltr'><strong>narratur,</strong></span> <span class='ocrx_word' id='word_1_763' title='bbox 1653 4675 1730 4731; x_wconf 88' lang='lat' dir='ltr'><strong>sic</strong></span> <span class='ocrx_word' id='word_1_764' title='bbox 1789 4685 1844 4731; x_wconf 90' lang='lat' dir='ltr'><strong>et</strong></span> <span class='ocrx_word' id='word_1_765' title='bbox 1901 4692 2050 4731; x_wconf 90' lang='lat' dir='ltr'><strong>nunc</strong></span> 
     </span>
    </p>
   </div>
   <div class='ocr_carea' id='block_1_92' title="bbox 2158 4671 3752 4752">
    <p class='ocr_par' dir='ltr' id='par_1_92' title="bbox 2159 4676 3752 4752">
     <span class='ocr_line' id='line_1_92' title="bbox 2159 4676 3752 4752; baseline -0.003 -19"><span class='ocrx_word' id='word_1_766' title='bbox 2159 4679 2453 4752; x_wconf 88' lang='grc' dir='ltr'>ραφανέντι</span> <span class='ocrx_word' id='word_1_767' title='bbox 2506 4679 2584 4749; x_wconf 83' lang='grc' dir='ltr'><strong>τῷ</strong></span> <span class='ocrx_word' id='word_1_768' title='bbox 2637 4678 2832 4750; x_wconf 82' lang='grc' dir='ltr'>Ἰησοῦ.</span> <span class='ocrx_word' id='word_1_769' title='bbox 2878 4680 3086 4749; x_wconf 83' lang='grc' dir='ltr'>Ὥσπερ</span> <span class='ocrx_word' id='word_1_770' title='bbox 3157 4676 3264 4748; x_wconf 78' lang='grc' dir='ltr'>γὰρ</span> <span class='ocrx_word' id='word_1_771' title='bbox 3334 4676 3621 4747; x_wconf 75' lang='grc' dir='ltr'>ἐπιφανεὶς</span> <span class='ocrx_word' id='word_1_772' title='bbox 3675 4678 3752 4747; x_wconf 74' lang='grc' dir='ltr'><strong>τῷ</strong></span> 
     </span>
    </p>
   </div>
   <div class='ocr_carea' id='block_1_93' title="bbox 463 4766 2047 4838">
    <p class='ocr_par' dir='ltr' id='par_1_93' title="bbox 463 4766 2047 4838">
     <span class='ocr_line' id='line_1_93' title="bbox 463 4766 2047 4838; baseline -0.001 -15"><span class='ocrx_word' id='word_1_773' title='bbox 463 4766 536 4823; x_wconf 85' lang='lat' dir='ltr'><strong>ad</strong></span> <span class='ocrx_word' id='word_1_774' title='bbox 568 4766 911 4825; x_wconf 86' lang='lat' dir='ltr'><strong>edocendum</strong></span> <span class='ocrx_word' id='word_1_775' title='bbox 947 4781 1167 4822; x_wconf 73' lang='lat' dir='ltr'><strong>servum</strong></span> <span class='ocrx_word' id='word_1_776' title='bbox 1195 4782 1379 4833; x_wconf 91' lang='lat' dir='ltr'><strong>suum,</strong></span> <span class='ocrx_word' id='word_1_777' title='bbox 1399 4782 1509 4821; x_wconf 92' lang='lat' dir='ltr'><strong>non</strong></span> <span class='ocrx_word' id='word_1_778' title='bbox 1536 4766 1715 4838; x_wconf 90' lang='lat' dir='ltr'><strong>ipsum</strong></span> <span class='ocrx_word' id='word_1_779' title='bbox 1738 4768 2047 4824; x_wconf 84' lang='lat' dir='ltr'><strong>existimari</strong></span> 
     </span>
    </p>
   </div>
   <div class='ocr_carea' id='block_1_94' title="bbox 465 4859 2053 4931">
    <p class='ocr_par' dir='ltr' id='par_1_94' title="bbox 465 4859 2053 4931">
     <span class='ocr_line' id='line_1_94' title="bbox 465 4859 2053 4931; baseline 0 -17"><span class='ocrx_word' id='word_1_780' title='bbox 465 4861 703 4931; x_wconf 88' lang='lat' dir='ltr'><strong>primum</strong></span> <span class='ocrx_word' id='word_1_781' title='bbox 757 4868 812 4915; x_wconf 89' lang='lat' dir='ltr'><strong>et</strong></span> <span class='ocrx_word' id='word_1_782' title='bbox 871 4860 1176 4918; x_wconf 89' lang='lat' dir='ltr'><strong>increatum</strong></span> <span class='ocrx_word' id='word_1_783' title='bbox 1230 4874 1353 4916; x_wconf 87' lang='lat' dir='ltr'><strong>esse</strong></span> <span class='ocrx_word' id='word_1_784' title='bbox 1400 4859 1595 4925; x_wconf 89' lang='lat' dir='ltr'><strong>Deum,</strong></span> <span class='ocrx_word' id='word_1_785' title='bbox 1632 4860 1730 4917; x_wconf 91' lang='lat' dir='ltr'><strong>sed</strong></span> <span class='ocrx_word' id='word_1_786' title='bbox 1774 4876 2053 4918; x_wconf 87' lang='lat' dir='ltr'><strong>summum</strong></span> 
     </span>
    </p>
   </div>
   <div class='ocr_carea' id='block_1_95' title="bbox 461 4951 2053 5024">
    <p class='ocr_par' dir='ltr' id='par_1_95' title="bbox 461 4951 2053 5024">
     <span class='ocr_line' id='line_1_95' title="bbox 461 4951 2053 5024; baseline -0.003 -13"><span class='ocrx_word' id='word_1_787' title='bbox 461 4954 587 5024; x_wconf 84' lang='lat' dir='ltr'><strong>ejus</strong></span> <span class='ocrx_word' id='word_1_788' title='bbox 610 4953 889 5010; x_wconf 79' lang='lat' dir='ltr'><strong>exercitus</strong></span> <span class='ocrx_word' id='word_1_789' title='bbox 921 4953 1117 5009; x_wconf 89' lang='lat' dir='ltr'><strong>ducem</strong></span> <span class='ocrx_word' id='word_1_790' title='bbox 1148 4953 1505 5008; x_wconf 88' lang='lat' dir='ltr'><strong>demonstrat.</strong></span> <span class='ocrx_word' id='word_1_791' title='bbox 1542 4951 1686 5024; x_wconf 80' lang='lat' dir='ltr'><strong>Ergo</strong></span> <span class='ocrx_word' id='word_1_792' title='bbox 1724 4952 1770 5008; x_wconf 92' lang='lat' dir='ltr'><strong>si</strong></span> <span class='ocrx_word' id='word_1_793' title='bbox 1806 4954 1863 5007; x_wconf 89' lang='lat' dir='ltr'><strong>in</strong></span> <span class='ocrx_word' id='word_1_794' title='bbox 1900 4952 2053 5007; x_wconf 91' lang='lat' dir='ltr'><strong>omni</strong></span> 
     </span>
    </p>
   </div>
   <div class='ocr_carea' id='block_1_96' title="bbox 464 5045 2047 5117">
    <p class='ocr_par' dir='ltr' id='par_1_96' title="bbox 464 5045 2047 5117">
     <span class='ocr_line' id='line_1_96' title="bbox 464 5045 2047 5117; baseline -0.001 -17"><span class='ocrx_word' id='word_1_795' title='bbox 464 5045 635 5114; x_wconf 81' lang='lat' dir='ltr'><strong>Josue</strong></span> <span class='ocrx_word' id='word_1_796' title='bbox 675 5046 815 5102; x_wconf 90' lang='lat' dir='ltr'><strong>libro</strong></span> <span class='ocrx_word' id='word_1_797' title='bbox 853 5046 1082 5117; x_wconf 76' lang='lat' dir='ltr'><strong>angelus</strong></span> <span class='ocrx_word' id='word_1_798' title='bbox 1130 5045 1353 5116; x_wconf 91' lang='lat' dir='ltr'><strong>quidem</strong></span> <span class='ocrx_word' id='word_1_799' title='bbox 1403 5045 1629 5101; x_wconf 89' lang='lat' dir='ltr'><strong>minime</strong></span> <span class='ocrx_word' id='word_1_800' title='bbox 1674 5060 1918 5116; x_wconf 67' lang='lat' dir='ltr'><strong>praesens</strong></span> <span class='ocrx_word' id='word_1_801' title='bbox 1959 5060 2047 5099; x_wconf 83' lang='lat' dir='ltr'><strong>re-</strong></span> 
     </span>
    </p>
   </div>
   <div class='ocr_carea' id='block_1_97' title="bbox 469 5128 2050 5209">
    <p class='ocr_par' dir='ltr' id='par_1_97' title="bbox 469 5128 2050 5209">
     <span class='ocr_line' id='line_1_97' title="bbox 469 5128 2050 5209; baseline -0.002 -14"><span class='ocrx_word' id='word_1_802' title='bbox 469 5139 663 5205; x_wconf 78' lang='lat' dir='ltr'><strong>fertur,</strong></span> <span class='ocrx_word' id='word_1_803' title='bbox 703 5128 800 5195; x_wconf 78' lang='lat' dir='ltr'><strong>sed</strong></span> <span class='ocrx_word' id='word_1_804' title='bbox 830 5140 970 5195; x_wconf 90' lang='lat' dir='ltr'><strong>idem</strong></span> <span class='ocrx_word' id='word_1_805' title='bbox 1006 5140 1123 5209; x_wconf 89' lang='lat' dir='ltr'><strong>ipse</strong></span> <span class='ocrx_word' id='word_1_806' title='bbox 1148 5138 1414 5194; x_wconf 91' lang='lat' dir='ltr'><strong>Dominus</strong></span> <span class='ocrx_word' id='word_1_807' title='bbox 1444 5139 1538 5208; x_wconf 90' lang='lat' dir='ltr'><strong>qui</strong></span> <span class='ocrx_word' id='word_1_808' title='bbox 1565 5137 1620 5192; x_wconf 91' lang='lat' dir='ltr'><strong>in</strong></span> <span class='ocrx_word' id='word_1_809' title='bbox 1650 5139 1799 5193; x_wconf 92' lang='lat' dir='ltr'><strong>omni</strong></span> <span class='ocrx_word' id='word_1_810' title='bbox 1850 5136 2050 5209; x_wconf 80' lang='lat' dir='ltr'><strong>Moysis</strong></span> 
     </span>
    </p>
   </div>
   <div class='ocr_carea' id='block_1_98' title="bbox 466 5229 2045 5307">
    <p class='ocr_par' dir='ltr' id='par_1_98' title="bbox 466 5229 2045 5307">
     <span class='ocr_line' id='line_1_98' title="bbox 466 5229 2045 5307; baseline -0.003 -19"><span class='ocrx_word' id='word_1_811' title='bbox 466 5233 817 5307; x_wconf 69' lang='lat' dir='ltr'><strong>legislatione</strong></span> <span class='ocrx_word' id='word_1_812' title='bbox 858 5232 1172 5288; x_wconf 85' lang='lat' dir='ltr'><strong>ostenditur</strong></span> <span class='ocrx_word' id='word_1_813' title='bbox 1206 5250 1219 5286; x_wconf 90' lang='lat'><strong>:</strong></span> <span class='ocrx_word' id='word_1_814' title='bbox 1268 5237 1506 5287; x_wconf 90' lang='lat' dir='ltr'><strong>testatur</strong></span> <span class='ocrx_word' id='word_1_815' title='bbox 1559 5229 1858 5285; x_wconf 78' lang='lat' dir='ltr'><strong>manifeste</strong></span> <span class='ocrx_word' id='word_1_816' title='bbox 1892 5229 2045 5284; x_wconf 88' lang='lat' dir='ltr'><strong>Scri-</strong></span> 
     </span>
    </p>
   </div>
   <div class='ocr_carea' id='block_1_99' title="bbox 466 5319 2044 5395">
    <p class='ocr_par' dir='ltr' id='par_1_99' title="bbox 466 5319 2044 5395">
     <span class='ocr_line' id='line_1_99' title="bbox 466 5319 2044 5395; baseline -0.003 -16"><span class='ocrx_word' id='word_1_817' title='bbox 466 5336 625 5395; x_wconf 72' lang='lat' dir='ltr'><strong>ptura</strong></span> <span class='ocrx_word' id='word_1_818' title='bbox 659 5324 847 5381; x_wconf 89' lang='lat' dir='ltr'><strong>dicens</strong></span> <span class='ocrx_word' id='word_1_819' title='bbox 879 5343 892 5379; x_wconf 90' lang='lat'><strong>:</strong></span> <span class='ocrx_word' id='word_1_820' title='bbox 938 5341 957 5374; x_wconf 76' lang='grc' dir='ltr'><strong>ι</strong></span> <span class='ocrx_word' id='word_1_821' title='bbox 1000 5321 1126 5377; x_wconf 88' lang='lat' dir='ltr'><strong>Fuit</strong></span> <span class='ocrx_word' id='word_1_822' title='bbox 1155 5339 1285 5394; x_wconf 84' lang='lat' dir='ltr'><strong>ergo</strong></span> <span class='ocrx_word' id='word_1_823' title='bbox 1306 5323 1572 5379; x_wconf 89' lang='lat' dir='ltr'><strong>Dominus</strong></span> <span class='ocrx_word' id='word_1_824' title='bbox 1595 5337 1720 5377; x_wconf 93' lang='lat' dir='ltr'><strong>cum</strong></span> <span class='ocrx_word' id='word_1_825' title='bbox 1752 5319 1921 5377; x_wconf 87' lang='lat' dir='ltr'><strong>Josue</strong></span> <span class='ocrx_word' id='word_1_826' title='bbox 1944 5323 2044 5386; x_wconf 78' lang='grc' dir='ltr'>’⁸,ι</span> 
     </span>
    </p>
   </div>
   <div class='ocr_carea' id='block_1_100' title="bbox 468 5402 2039 5486">
    <p class='ocr_par' dir='ltr' id='par_1_100' title="bbox 468 5402 2039 5486">
     <span class='ocr_line' id='line_1_100' title="bbox 468 5402 2039 5486; baseline 0.001 -19"><span class='ocrx_word' id='word_1_827' title='bbox 468 5412 537 5469; x_wconf 89' lang='lat' dir='ltr'><strong>de</strong></span> <span class='ocrx_word' id='word_1_828' title='bbox 565 5430 675 5484; x_wconf 90' lang='lat' dir='ltr'><strong>quo</strong></span> <span class='ocrx_word' id='word_1_829' title='bbox 706 5402 1032 5469; x_wconf 78' lang='lat' dir='ltr'><strong>diceretur:</strong></span> <span class='ocrx_word' id='word_1_830' title='bbox 1097 5432 1117 5464; x_wconf 74' lang='grc' dir='ltr'><strong>ι</strong></span> <span class='ocrx_word' id='word_1_831' title='bbox 1173 5413 1314 5471; x_wconf 89' lang='lat' dir='ltr'><strong>Ecce</strong></span> <span class='ocrx_word' id='word_1_832' title='bbox 1368 5430 1470 5486; x_wconf 80' lang='lat' dir='ltr'><strong>ego</strong></span> <span class='ocrx_word' id='word_1_833' title='bbox 1519 5414 1739 5469; x_wconf 89' lang='lat' dir='ltr'><strong>mittam</strong></span> <span class='ocrx_word' id='word_1_834' title='bbox 1787 5415 2039 5483; x_wconf 80' lang='lat' dir='ltr'><strong>angelum</strong></span> 
     </span>
    </p>
   </div>
   <div class='ocr_carea' id='block_1_101' title="bbox 469 5505 2047 5577">
    <p class='ocr_par' dir='ltr' id='par_1_101' title="bbox 469 5505 2047 5577">
     <span class='ocr_line' id='line_1_101' title="bbox 469 5505 2047 5577; baseline 0.001 -18"><span class='ocrx_word' id='word_1_835' title='bbox 469 5520 650 5559; x_wconf 78' lang='lat' dir='ltr'><strong>meum</strong></span> <span class='ocrx_word' id='word_1_836' title='bbox 679 5506 772 5575; x_wconf 83' lang='lat' dir='ltr'><strong>qui</strong></span> <span class='ocrx_word' id='word_1_837' title='bbox 802 5505 1073 5577; x_wconf 69' lang='lat' dir='ltr'><strong>praecedat</strong></span> <span class='ocrx_word' id='word_1_838' title='bbox 1098 5516 1149 5562; x_wconf 92' lang='lat' dir='ltr'><strong>te</strong></span> <span class='ocrx_word' id='word_1_839' title='bbox 1172 5513 1227 5563; x_wconf 93' lang='lat' dir='ltr'><strong>et</strong></span> <span class='ocrx_word' id='word_1_840' title='bbox 1250 5506 1564 5563; x_wconf 89' lang='lat' dir='ltr'><strong>introducat</strong></span> <span class='ocrx_word' id='word_1_841' title='bbox 1594 5507 1652 5561; x_wconf 87' lang='lat' dir='ltr'><strong>in</strong></span> <span class='ocrx_word' id='word_1_842' title='bbox 1679 5506 1860 5560; x_wconf 89' lang='lat' dir='ltr'><strong>locum</strong></span> <span class='ocrx_word' id='word_1_843' title='bbox 1884 5522 2047 5576; x_wconf 92' lang='lat' dir='ltr'><strong>quem</strong></span> 
     </span>
    </p>
   </div>
   <div class='ocr_carea' id='block_1_102' title="bbox 468 5597 2044 5670">
    <p class='ocr_par' dir='ltr' id='par_1_102' title="bbox 468 5597 2044 5670">
     <span class='ocr_line' id='line_1_102' title="bbox 468 5597 2044 5670; baseline 0.002 -21"><span class='ocrx_word' id='word_1_844' title='bbox 468 5598 655 5665; x_wconf 73' lang='lat' dir='ltr'><strong>paravi</strong></span> <span class='ocrx_word' id='word_1_845' title='bbox 684 5598 777 5652; x_wconf 82' lang='lat' dir='ltr'><strong>tibi</strong></span> <span class='ocrx_word' id='word_1_846' title='bbox 817 5598 900 5650; x_wconf 59' lang='lat'><strong>‘5?</strong></span> <span class='ocrx_word' id='word_1_847' title='bbox 937 5618 955 5650; x_wconf 80' lang='grc' dir='ltr'><strong>ι</strong></span> <span class='ocrx_word' id='word_1_848' title='bbox 997 5597 1226 5654; x_wconf 78' lang='lat' dir='ltr'><strong>Videtur</strong></span> <span class='ocrx_word' id='word_1_849' title='bbox 1254 5614 1384 5670; x_wconf 79' lang='lat' dir='ltr'><strong>ergo</strong></span> <span class='ocrx_word' id='word_1_850' title='bbox 1416 5615 1523 5653; x_wconf 92' lang='lat' dir='ltr'><strong>non</strong></span> <span class='ocrx_word' id='word_1_851' title='bbox 1556 5600 1723 5654; x_wconf 84' lang='lat' dir='ltr'><strong>alium</strong></span> <span class='ocrx_word' id='word_1_852' title='bbox 1754 5614 1819 5654; x_wconf 88' lang='lat' dir='ltr'><strong>ac</strong></span> <span class='ocrx_word' id='word_1_853' title='bbox 1868 5598 2044 5669; x_wconf 90' lang='lat' dir='ltr'><strong>ipsum</strong></span> 
     </span>
    </p>
   </div>
   <div class='ocr_carea' id='block_1_103' title="bbox 467 5687 2046 5761">
    <p class='ocr_par' dir='ltr' id='par_1_103' title="bbox 467 5687 2046 5761">
     <span class='ocr_line' id='line_1_103' title="bbox 467 5687 2046 5761; baseline 0.003 -21"><span class='ocrx_word' id='word_1_854' title='bbox 467 5687 757 5741; x_wconf 77' lang='lat' dir='ltr'><strong>ostendere</strong></span> <span class='ocrx_word' id='word_1_855' title='bbox 783 5687 972 5744; x_wconf 81' lang='lat' dir='ltr'><strong>Josue.</strong></span> <span class='ocrx_word' id='word_1_856' title='bbox 1015 5688 1133 5759; x_wconf 81' lang='lat' dir='ltr'><strong>Ipse</strong></span> <span class='ocrx_word' id='word_1_857' title='bbox 1166 5690 1313 5745; x_wconf 91' lang='lat' dir='ltr'><strong>enim</strong></span> <span class='ocrx_word' id='word_1_858' title='bbox 1344 5691 1499 5745; x_wconf 84' lang='lat' dir='ltr'><strong>duxit</strong></span> <span class='ocrx_word' id='word_1_859' title='bbox 1527 5692 1787 5761; x_wconf 88' lang='lat' dir='ltr'><strong>populum</strong></span> <span class='ocrx_word' id='word_1_860' title='bbox 1828 5691 1884 5746; x_wconf 92' lang='lat' dir='ltr'><strong>in</strong></span> <span class='ocrx_word' id='word_1_861' title='bbox 1924 5706 2046 5760; x_wconf 88' lang='lat' dir='ltr'><strong>pro-</strong></span> 
     </span>
    </p>
   </div>
   <div class='ocr_carea' id='block_1_104' title="bbox 540 5797 1655 5868">
    <p class='ocr_par' dir='ltr' id='par_1_104' title="bbox 540 5797 1655 5868">
     <span class='ocr_line' id='line_1_104' title="bbox 540 5797 1655 5868; baseline 0.007 -18"><span class='ocrx_word' id='word_1_862' title='bbox 540 5799 562 5829; x_wconf 82' lang='grc'><strong>⁸</strong></span> <span class='ocrx_word' id='word_1_863' title='bbox 601 5797 773 5854; x_wconf 71' lang='lat' dir='ltr'><strong>Exod.</strong></span> <span class='ocrx_word' id='word_1_864' title='bbox 809 5815 976 5865; x_wconf 68' lang='grc' dir='ltr'>χχιιι,</span> <span class='ocrx_word' id='word_1_865' title='bbox 1014 5802 1101 5857; x_wconf 80' lang='grc'><strong>15.</strong></span> <span class='ocrx_word' id='word_1_866' title='bbox 1176 5805 1197 5836; x_wconf 84' lang='grc'><strong>⁹</strong></span> <span class='ocrx_word' id='word_1_867' title='bbox 1236 5803 1407 5858; x_wconf 81' lang='lat' dir='ltr'><strong>Exod.</strong></span> <span class='ocrx_word' id='word_1_868' title='bbox 1436 5821 1528 5868; x_wconf 80' lang='lat' dir='ltr'><strong>xx,</strong></span> <span class='ocrx_word' id='word_1_869' title='bbox 1564 5805 1655 5858; x_wconf 67' lang='lat'><strong>24.</strong></span> 
     </span>
    </p>
   </div>
   <div class='ocr_carea' id='block_1_105' title="bbox 476 5868 1210 5937">
    <p class='ocr_par' dir='ltr' id='par_1_105' title="bbox 476 5868 1210 5937">
     <span class='ocr_line' id='line_1_105' title="bbox 476 5868 1210 5937; baseline -0.001 -10"><span class='ocrx_word' id='word_1_870' title='bbox 476 5868 632 5935; x_wconf 71' lang='lat'><strong>1,5,</strong></span> <span class='ocrx_word' id='word_1_871' title='bbox 668 5868 722 5923; x_wconf 82' lang='lat'>6.</span> <span class='ocrx_word' id='word_1_872' title='bbox 802 5871 844 5900; x_wconf 79' lang='lat'><strong>&quot;</strong></span> <span class='ocrx_word' id='word_1_873' title='bbox 880 5869 994 5927; x_wconf 85' lang='lat' dir='ltr'><strong>Jos.</strong></span> <span class='ocrx_word' id='word_1_874' title='bbox 1030 5888 1084 5937; x_wconf 88' lang='lat' dir='ltr'><strong>v,</strong></span> <span class='ocrx_word' id='word_1_875' title='bbox 1124 5872 1210 5927; x_wconf 80' lang='lat' dir='ltr'><strong>l5.</strong></span> 
     </span>
    </p>
   </div>
   <div class='ocr_carea' id='block_1_106' title="bbox 1735 5804 2281 5869">
    <p class='ocr_par' dir='ltr' id='par_1_106' title="bbox 1735 5804 2281 5869">
     <span class='ocr_line' id='line_1_106' title="bbox 1735 5804 2281 5869; baseline 0.002 -10"><span class='ocrx_word' id='word_1_876' title='bbox 1735 5806 1777 5835; x_wconf 87' lang='grc'><strong>¹⁰</strong></span> <span class='ocrx_word' id='word_1_877' title='bbox 1816 5804 1948 5860; x_wconf 87' lang='lat' dir='ltr'><strong>ibid.</strong></span> <span class='ocrx_word' id='word_1_878' title='bbox 1988 5805 2148 5869; x_wconf 77' lang='lat'><strong>7,10,</strong></span> <span class='ocrx_word' id='word_1_879' title='bbox 2195 5805 2281 5860; x_wconf 75' lang='lat' dir='ltr'><strong>ll.</strong></span> 
     </span>
    </p>
   </div>
   <div class='ocr_carea' id='block_1_107' title="bbox 1326 5873 2416 5941">
    <p class='ocr_par' dir='ltr' id='par_1_107' title="bbox 1326 5873 2416 5941">
     <span class='ocr_line' id='line_1_107' title="bbox 1326 5873 2416 5941; baseline 0.001 -15"><span class='ocrx_word' id='word_1_880' title='bbox 1326 5873 1369 5904; x_wconf 81' lang='grc'><strong>¹¹⁵</strong></span> <span class='ocrx_word' id='word_1_881' title='bbox 1402 5873 1515 5929; x_wconf 83' lang='lat' dir='ltr'><strong>Jos.</strong></span> <span class='ocrx_word' id='word_1_882' title='bbox 1551 5891 1625 5939; x_wconf 81' lang='lat' dir='ltr'><strong>v1,</strong></span> <span class='ocrx_word' id='word_1_883' title='bbox 1660 5875 1781 5929; x_wconf 65' lang='lat'><strong>27.-</strong></span> <span class='ocrx_word' id='word_1_884' title='bbox 1833 5876 1875 5907; x_wconf 80' lang='grc'>¹⁶</span> <span class='ocrx_word' id='word_1_885' title='bbox 1914 5874 2085 5930; x_wconf 82' lang='lat' dir='ltr'><strong>Exod.</strong></span> <span class='ocrx_word' id='word_1_886' title='bbox 2121 5892 2256 5930; x_wconf 60' lang='grc' dir='ltr'>χχιιι</span> <span class='ocrx_word' id='word_1_887' title='bbox 2280 5915 2293 5941; x_wconf 84' lang='grc'><strong>,</strong></span> <span class='ocrx_word' id='word_1_888' title='bbox 2324 5875 2416 5930; x_wconf 67' lang='lat'><strong>20.</strong></span> 
     </span>
    </p>
   </div>
   <div class='ocr_carea' id='block_1_108' title="bbox 2170 4770 3753 4843">
    <p class='ocr_par' dir='ltr' id='par_1_108' title="bbox 2170 4770 3753 4843">
     <span class='ocr_line' id='line_1_108' title="bbox 2170 4770 3753 4843; baseline -0.004 -17"><span class='ocrx_word' id='word_1_889' title='bbox 2170 4771 2421 4843; x_wconf 72' lang='grc' dir='ltr'>Ἀϐραὰμ</span> <span class='ocrx_word' id='word_1_890' title='bbox 2449 4772 2546 4824; x_wconf 80' lang='grc' dir='ltr'>καὶ</span> <span class='ocrx_word' id='word_1_891' title='bbox 2574 4770 2651 4841; x_wconf 78' lang='grc' dir='ltr'>τῷ</span> <span class='ocrx_word' id='word_1_892' title='bbox 2680 4771 2876 4824; x_wconf 74' lang='grc' dir='ltr'>Ἰακὼϐ</span> <span class='ocrx_word' id='word_1_893' title='bbox 2906 4771 3346 4841; x_wconf 82' lang='grc' dir='ltr'>ἀναγέγραπται,</span> <span class='ocrx_word' id='word_1_894' title='bbox 3371 4770 3513 4823; x_wconf 72' lang='grc' dir='ltr'>οὕτω</span> <span class='ocrx_word' id='word_1_895' title='bbox 3538 4770 3634 4823; x_wconf 73' lang='grc' dir='ltr'><strong>καὶ</strong></span> <span class='ocrx_word' id='word_1_896' title='bbox 3659 4770 3753 4823; x_wconf 72' lang='grc' dir='ltr'><strong>νῦν</strong></span> 
     </span>
    </p>
   </div>
   <div class='ocr_carea' id='block_1_109' title="bbox 2155 4862 3751 4936">
    <p class='ocr_par' dir='ltr' id='par_1_109' title="bbox 2155 4862 3751 4936">
     <span class='ocr_line' id='line_1_109' title="bbox 2155 4862 3751 4936; baseline -0.001 -20"><span class='ocrx_word' id='word_1_897' title='bbox 2155 4865 2248 4917; x_wconf 75' lang='grc' dir='ltr'>ἐπὶ</span> <span class='ocrx_word' id='word_1_898' title='bbox 2273 4864 2350 4935; x_wconf 81' lang='grc' dir='ltr'>τῷ</span> <span class='ocrx_word' id='word_1_899' title='bbox 2383 4863 2672 4918; x_wconf 79' lang='grc' dir='ltr'>παιδεῦσαι</span> <span class='ocrx_word' id='word_1_900' title='bbox 2700 4865 2791 4917; x_wconf 86' lang='grc' dir='ltr'><strong>τὸν</strong></span> <span class='ocrx_word' id='word_1_901' title='bbox 2818 4864 3127 4936; x_wconf 79' lang='grc' dir='ltr'>θεράποντα</span> <span class='ocrx_word' id='word_1_902' title='bbox 3173 4862 3247 4934; x_wconf 84' lang='grc' dir='ltr'>μὴ</span> <span class='ocrx_word' id='word_1_903' title='bbox 3288 4862 3449 4917; x_wconf 79' lang='grc' dir='ltr'>αὐτὸν</span> <span class='ocrx_word' id='word_1_904' title='bbox 3498 4863 3751 4932; x_wconf 79' lang='grc' dir='ltr'>ἡγεῖσθαι</span> 
     </span>
    </p>
   </div>
   <div class='ocr_carea' id='block_1_110' title="bbox 2150 4951 3750 5031">
    <p class='ocr_par' dir='ltr' id='par_1_110' title="bbox 2150 4951 3750 5031">
     <span class='ocr_line' id='line_1_110' title="bbox 2150 4951 3750 5031; baseline -0.003 -19"><span class='ocrx_word' id='word_1_905' title='bbox 2150 4958 2244 5012; x_wconf 83' lang='grc' dir='ltr'><strong>τὸν</strong></span> <span class='ocrx_word' id='word_1_906' title='bbox 2273 4959 2487 5031; x_wconf 83' lang='grc' dir='ltr'>πρῶτον</span> <span class='ocrx_word' id='word_1_907' title='bbox 2519 4958 2613 5011; x_wconf 60' lang='grc' dir='ltr'><strong>καὶ¹</strong></span> <span class='ocrx_word' id='word_1_908' title='bbox 2640 4956 2903 5027; x_wconf 87' lang='grc' dir='ltr'>ἀγένητον</span> <span class='ocrx_word' id='word_1_909' title='bbox 2929 4951 3067 5009; x_wconf 81' lang='grc' dir='ltr'>εἶναι</span> <span class='ocrx_word' id='word_1_910' title='bbox 3109 4956 3262 5022; x_wconf 84' lang='grc' dir='ltr'>Θεὸν,</span> <span class='ocrx_word' id='word_1_911' title='bbox 3305 4956 3418 5010; x_wconf 87' lang='grc' dir='ltr'>ἀλλ’</span> <span class='ocrx_word' id='word_1_912' title='bbox 3450 4957 3750 5028; x_wconf 76' lang='grc' dir='ltr'>ἀρχιστρά-</span> 
     </span>
    </p>
   </div>
   <div class='ocr_carea' id='block_1_111' title="bbox 2152 5044 3746 5123">
    <p class='ocr_par' dir='ltr' id='par_1_111' title="bbox 2152 5044 3746 5123">
     <span class='ocr_line' id='line_1_111' title="bbox 2152 5044 3746 5123; baseline -0.004 -18"><span class='ocrx_word' id='word_1_913' title='bbox 2152 5067 2322 5123; x_wconf 85' lang='grc' dir='ltr'>τηγον</span> <span class='ocrx_word' id='word_1_914' title='bbox 2353 5051 2450 5122; x_wconf 85' lang='grc' dir='ltr'>τῆς</span> <span class='ocrx_word' id='word_1_915' title='bbox 2484 5050 2696 5103; x_wconf 76' lang='grc' dir='ltr'>ἐκείνου</span> <span class='ocrx_word' id='word_1_916' title='bbox 2730 5047 3011 5117; x_wconf 83' lang='grc' dir='ltr'>δυνάμεως</span> <span class='ocrx_word' id='word_1_917' title='bbox 3056 5049 3439 5117; x_wconf 88' lang='grc' dir='ltr'>ἀποφαίνεται.</span> <span class='ocrx_word' id='word_1_918' title='bbox 3483 5047 3548 5101; x_wconf 81' lang='grc' dir='ltr'><strong>Εἰ</strong></span> <span class='ocrx_word' id='word_1_919' title='bbox 3569 5048 3633 5119; x_wconf 79' lang='grc' dir='ltr'>δὴ</span> <span class='ocrx_word' id='word_1_920' title='bbox 3657 5044 3746 5100; x_wconf 79' lang='grc' dir='ltr'><strong>οὖν</strong></span> 
     </span>
    </p>
   </div>
   <div class='ocr_carea' id='block_1_112' title="bbox 2151 5137 3740 5213">
    <p class='ocr_par' dir='ltr' id='par_1_112' title="bbox 2151 5137 3740 5213">
     <span class='ocr_line' id='line_1_112' title="bbox 2151 5137 3740 5213; baseline -0.003 -17"><span class='ocrx_word' id='word_1_921' title='bbox 2151 5142 2240 5196; x_wconf 80' lang='grc' dir='ltr'><strong>διὰ</strong></span> <span class='ocrx_word' id='word_1_922' title='bbox 2266 5142 2448 5212; x_wconf 85' lang='grc' dir='ltr'>πάσης</span> <span class='ocrx_word' id='word_1_923' title='bbox 2491 5142 2589 5213; x_wconf 83' lang='grc' dir='ltr'>τῆς</span> <span class='ocrx_word' id='word_1_924' title='bbox 2613 5140 2705 5194; x_wconf 75' lang='grc' dir='ltr'>τοῦ</span> <span class='ocrx_word' id='word_1_925' title='bbox 2741 5137 2915 5210; x_wconf 86' lang='grc' dir='ltr'><strong>Ἰησοῦ</strong></span> <span class='ocrx_word' id='word_1_926' title='bbox 2960 5140 3180 5211; x_wconf 82' lang='grc' dir='ltr'>γραφῆς</span> <span class='ocrx_word' id='word_1_927' title='bbox 3230 5139 3461 5209; x_wconf 80' lang='grc' dir='ltr'>ἄ-γγελος</span> <span class='ocrx_word' id='word_1_928' title='bbox 3509 5140 3607 5210; x_wconf 83' lang='grc' dir='ltr'>μὲν</span> <span class='ocrx_word' id='word_1_929' title='bbox 3638 5138 3740 5192; x_wconf 80' lang='grc' dir='ltr'>οὐδ’</span> 
     </span>
    </p>
   </div>
   <div class='ocr_carea' id='block_1_113' title="bbox 2151 5229 3740 5307">
    <p class='ocr_par' dir='ltr' id='par_1_113' title="bbox 2151 5229 3740 5307">
     <span class='ocr_line' id='line_1_113' title="bbox 2151 5229 3740 5307; baseline -0.005 -18"><span class='ocrx_word' id='word_1_930' title='bbox 2151 5236 2289 5299; x_wconf 84' lang='grc' dir='ltr'>ὅλως</span> <span class='ocrx_word' id='word_1_931' title='bbox 2322 5236 2512 5307; x_wconf 87' lang='grc' dir='ltr'>παρὼν</span> <span class='ocrx_word' id='word_1_932' title='bbox 2537 5233 2886 5304; x_wconf 80' lang='grc' dir='ltr'>ὀνομάζεται,</span> <span class='ocrx_word' id='word_1_933' title='bbox 2918 5232 3033 5285; x_wconf 86' lang='grc' dir='ltr'>ἀλλ’</span> <span class='ocrx_word' id='word_1_934' title='bbox 3057 5232 3221 5296; x_wconf 76' lang='grc' dir='ltr'>αὐτὸς</span> <span class='ocrx_word' id='word_1_935' title='bbox 3251 5235 3279 5285; x_wconf 91' lang='grc' dir='ltr'>ὁ</span> <span class='ocrx_word' id='word_1_936' title='bbox 3309 5232 3398 5285; x_wconf 83' lang='grc' dir='ltr'><strong>διὰ</strong></span> <span class='ocrx_word' id='word_1_937' title='bbox 3429 5232 3614 5301; x_wconf 82' lang='grc' dir='ltr'>πάσης</span> <span class='ocrx_word' id='word_1_938' title='bbox 3644 5229 3740 5298; x_wconf 72' lang='grc' dir='ltr'>τῆς</span> 
     </span>
    </p>
   </div>
   <div class='ocr_carea' id='block_1_114' title="bbox 2153 5323 3742 5398">
    <p class='ocr_par' dir='ltr' id='par_1_114' title="bbox 2153 5323 3742 5398">
     <span class='ocr_line' id='line_1_114' title="bbox 2153 5323 3742 5398; baseline -0.006 -18"><span class='ocrx_word' id='word_1_939' title='bbox 2153 5326 2307 5398; x_wconf 84' lang='grc' dir='ltr'>παρὰ</span> <span class='ocrx_word' id='word_1_940' title='bbox 2335 5328 2562 5380; x_wconf 82' lang='grc' dir='ltr'><strong>Μωῦσεῖ</strong></span> <span class='ocrx_word' id='word_1_941' title='bbox 2579 5323 2899 5396; x_wconf 87' lang='grc' dir='ltr'>νομοθεσίας</span> <span class='ocrx_word' id='word_1_942' title='bbox 2921 5323 3248 5394; x_wconf 84' lang='grc' dir='ltr'>δηλούμενος</span> <span class='ocrx_word' id='word_1_943' title='bbox 3272 5323 3476 5395; x_wconf 84' lang='grc' dir='ltr'>Κύριος</span> <span class='ocrx_word' id='word_1_944' title='bbox 3493 5341 3505 5353; x_wconf 88' lang='grc'><strong>·</strong></span> <span class='ocrx_word' id='word_1_945' title='bbox 3541 5337 3742 5392; x_wconf 87' lang='grc' dir='ltr'>μαρτυ-</span> 
     </span>
    </p>
   </div>
   <div class='ocr_carea' id='block_1_115' title="bbox 2157 5411 3743 5491">
    <p class='ocr_par' dir='ltr' id='par_1_115' title="bbox 2157 5411 3743 5491">
     <span class='ocr_line' id='line_1_115' title="bbox 2157 5411 3743 5491; baseline -0.006 -19"><span class='ocrx_word' id='word_1_946' title='bbox 2157 5421 2240 5491; x_wconf 82' lang='grc' dir='ltr'><strong>ρεῖ</strong></span> <span class='ocrx_word' id='word_1_947' title='bbox 2274 5418 2403 5489; x_wconf 81' lang='grc' dir='ltr'>γοῦν</span> <span class='ocrx_word' id='word_1_948' title='bbox 2433 5417 2620 5487; x_wconf 82' lang='grc' dir='ltr'>σαφῶς</span> <span class='ocrx_word' id='word_1_949' title='bbox 2675 5419 2709 5488; x_wconf 84' lang='grc' dir='ltr'>ἡ</span> <span class='ocrx_word' id='word_1_950' title='bbox 2741 5416 2931 5489; x_wconf 80' lang='grc' dir='ltr'>Γραφὴ</span> <span class='ocrx_word' id='word_1_951' title='bbox 2978 5416 3234 5486; x_wconf 81' lang='grc' dir='ltr'>λέγουσα’</span> <span class='ocrx_word' id='word_1_952' title='bbox 3271 5435 3289 5463; x_wconf 78' lang='grc' dir='ltr'><strong><em>σ</em></strong></span> <span class='ocrx_word' id='word_1_953' title='bbox 3318 5416 3430 5470; x_wconf 80' lang='grc' dir='ltr'><strong>Καὶ</strong></span> <span class='ocrx_word' id='word_1_954' title='bbox 3456 5411 3520 5485; x_wconf 84' lang='grc' dir='ltr'><strong>ἦν</strong></span> <span class='ocrx_word' id='word_1_955' title='bbox 3540 5412 3743 5482; x_wconf 79' lang='grc' dir='ltr'>Κύριος</span> 
     </span>
    </p>
   </div>
   <div class='ocr_carea' id='block_1_116' title="bbox 2155 5502 3747 5581">
    <p class='ocr_par' dir='ltr' id='par_1_116' title="bbox 2155 5502 3747 5581">
     <span class='ocr_line' id='line_1_116' title="bbox 2155 5502 3747 5581; baseline -0.006 -19"><span class='ocrx_word' id='word_1_956' title='bbox 2155 5509 2295 5581; x_wconf 79' lang='grc' dir='ltr'>μετὰ</span> <span class='ocrx_word' id='word_1_957' title='bbox 2329 5508 2501 5580; x_wconf 87' lang='grc' dir='ltr'>Ἰησοῦ</span> <span class='ocrx_word' id='word_1_958' title='bbox 2523 5525 2536 5538; x_wconf 81' lang='lat'>&#39;</span> <span class='ocrx_word' id='word_1_959' title='bbox 2575 5527 2593 5559; x_wconf 83' lang='grc' dir='ltr'><strong>ι</strong></span> <span class='ocrx_word' id='word_1_960' title='bbox 2630 5508 2772 5571; x_wconf 89' lang='grc' dir='ltr'>τίνος</span> <span class='ocrx_word' id='word_1_961' title='bbox 2816 5507 2881 5562; x_wconf 81' lang='grc' dir='ltr'>ἂν</span> <span class='ocrx_word' id='word_1_962' title='bbox 2915 5507 3157 5577; x_wconf 75' lang='grc' dir='ltr'>λέγοιτοο</span> <span class='ocrx_word' id='word_1_963' title='bbox 3206 5526 3225 5559; x_wconf 77' lang='grc' dir='ltr'><strong>ι</strong></span> <span class='ocrx_word' id='word_1_964' title='bbox 3250 5506 3382 5559; x_wconf 81' lang='grc' dir='ltr'>Ἰδοὺ</span> <span class='ocrx_word' id='word_1_965' title='bbox 3427 5502 3747 5561; x_wconf 85' lang='grc' dir='ltr'>ἀποστέλλω</span> 
     </span>
    </p>
   </div>
   <div class='ocr_carea' id='block_1_117' title="bbox 2151 5598 3748 5673">
    <p class='ocr_par' dir='ltr' id='par_1_117' title="bbox 2151 5598 3748 5673">
     <span class='ocr_line' id='line_1_117' title="bbox 2151 5598 3748 5673; baseline -0.006 -18"><span class='ocrx_word' id='word_1_966' title='bbox 2151 5603 2244 5656; x_wconf 84' lang='grc' dir='ltr'>τὸν</span> <span class='ocrx_word' id='word_1_967' title='bbox 2278 5601 2510 5670; x_wconf 81' lang='grc' dir='ltr'>ἄγγελόν</span> <span class='ocrx_word' id='word_1_968' title='bbox 2544 5618 2646 5667; x_wconf 85' lang='grc' dir='ltr'><strong>μου</strong></span> <span class='ocrx_word' id='word_1_969' title='bbox 2682 5601 2788 5673; x_wconf 77' lang='grc' dir='ltr'><strong>πρὸ</strong></span> <span class='ocrx_word' id='word_1_970' title='bbox 2815 5599 3107 5672; x_wconf 86' lang='grc' dir='ltr'>προσώπου</span> <span class='ocrx_word' id='word_1_971' title='bbox 3145 5616 3260 5664; x_wconf 81' lang='grc' dir='ltr'>σου,</span> <span class='ocrx_word' id='word_1_972' title='bbox 3292 5600 3440 5662; x_wconf 79' lang='grc' dir='ltr'>ὅπως</span> <span class='ocrx_word' id='word_1_973' title='bbox 3470 5598 3654 5668; x_wconf 77' lang='grc' dir='ltr'>ἀγάγῃ</span> <span class='ocrx_word' id='word_1_974' title='bbox 3686 5611 3748 5647; x_wconf 88' lang='grc' dir='ltr'><strong>σε</strong></span> 
     </span>
    </p>
   </div>
   <div class='ocr_carea' id='block_1_118' title="bbox 2154 5686 3750 5764">
    <p class='ocr_par' dir='ltr' id='par_1_118' title="bbox 2154 5686 3750 5764">
     <span class='ocr_line' id='line_1_118' title="bbox 2154 5686 3750 5764; baseline -0.003 -20"><span class='ocrx_word' id='word_1_975' title='bbox 2154 5694 2231 5756; x_wconf 79' lang='grc' dir='ltr'>εἰς</span> <span class='ocrx_word' id='word_1_976' title='bbox 2266 5691 2366 5764; x_wconf 78' lang='grc' dir='ltr'>τὴν</span> <span class='ocrx_word' id='word_1_977' title='bbox 2394 5691 2521 5761; x_wconf 78' lang='grc' dir='ltr'>γῆν,</span> <span class='ocrx_word' id='word_1_978' title='bbox 2548 5692 2613 5761; x_wconf 84' lang='grc' dir='ltr'><strong>ἥν</strong></span> <span class='ocrx_word' id='word_1_979' title='bbox 2644 5691 2918 5763; x_wconf 79' lang='grc' dir='ltr'>ἡτοίμασά</span> <span class='ocrx_word' id='word_1_980' title='bbox 2943 5708 3061 5757; x_wconf 85' lang='grc' dir='ltr'>σοι;</span> <span class='ocrx_word' id='word_1_981' title='bbox 3096 5710 3113 5741; x_wconf 78' lang='grc' dir='ltr'><strong>ι</strong></span> <span class='ocrx_word' id='word_1_982' title='bbox 3147 5691 3363 5744; x_wconf 86' lang='grc' dir='ltr'>Ἔοικεν</span> <span class='ocrx_word' id='word_1_983' title='bbox 3386 5687 3480 5744; x_wconf 75' lang='grc' dir='ltr'><strong>οὖν</strong></span> <span class='ocrx_word' id='word_1_984' title='bbox 3504 5691 3592 5745; x_wconf 74' lang='grc' dir='ltr'>διὰ</span> <span class='ocrx_word' id='word_1_985' title='bbox 3620 5686 3750 5741; x_wconf 79' lang='grc' dir='ltr'>τού-</span> 
     </span>
    </p>
   </div>
   <div class='ocr_carea' id='block_1_119' title="bbox 2361 5802 3752 5871">
    <p class='ocr_par' dir='ltr' id='par_1_119' title="bbox 2361 5802 3752 5871">
     <span class='ocr_line' id='line_1_119' title="bbox 2361 5802 3752 5871; baseline 0.001 -13"><span class='ocrx_word' id='word_1_986' title='bbox 2361 5806 2401 5836; x_wconf 84' lang='grc'>¹¹</span> <span class='ocrx_word' id='word_1_987' title='bbox 2442 5805 2574 5860; x_wconf 89' lang='lat' dir='ltr'><strong>ibid.</strong></span> <span class='ocrx_word' id='word_1_988' title='bbox 2611 5805 2699 5859; x_wconf 63' lang='lat' dir='ltr'><strong>lﬂ.</strong></span> <span class='ocrx_word' id='word_1_989' title='bbox 2777 5806 2820 5838; x_wconf 81' lang='lat'>&quot;</span> <span class='ocrx_word' id='word_1_990' title='bbox 2860 5803 3033 5858; x_wconf 80' lang='lat' dir='ltr'><strong>Exod.</strong></span> <span class='ocrx_word' id='word_1_991' title='bbox 3058 5819 3218 5871; x_wconf 71' lang='lat' dir='ltr'><strong>nni,</strong></span> <span class='ocrx_word' id='word_1_992' title='bbox 3251 5803 3348 5869; x_wconf 73' lang='lat'><strong>20,</strong></span> <span class='ocrx_word' id='word_1_993' title='bbox 3368 5805 3458 5859; x_wconf 65' lang='grc'><strong>21.</strong></span> <span class='ocrx_word' id='word_1_994' title='bbox 3542 5805 3583 5837; x_wconf 78' lang='grc'>¹³</span> <span class='ocrx_word' id='word_1_995' title='bbox 3621 5802 3752 5859; x_wconf 71' lang='grc' dir='ltr'><strong>σίνος.</strong></span> 
     </span>
    </p>
   </div>
  </div>
