4106 6414
337 345 475 400 1057
1394 335 1688 391 ECLOCzE
1730 333 1957 389 PROPH

1975 333 2215 391 ΕΤΙΕᾸΞ.
2258 366 2322 374 —-
2366 333 2491 388 L‘IB.
2529 333 2566 386 l.
3460 336 3596 390 £058

335 487 443 521 των
477 467 577 519 οὐκ
604 464 758 520 ἀλλον
785 464 900 518 ἀλλ’
928 464 1091 518 αὑτὸν
1128 462 1323 535 δηλοῦν
1363 461 1455 513 τὸν
1483 460 1690 530 Ἰησοῦν
1710 477 1722 490 ·
1760 459 1919 522 αὐτὸς
1950 509 1956 520 ,

1979 460 2311 520 ιιιιὶεεὶοιιίε
2363 471 2603 524 terram,
2661 463 2803 517 sicut
2853 463 3152 518 ostendunt
3208 462 3277 518 ad
3328 477 3454 517 eum
3503 461 3600 517 Dei

336 561 443 632 γὰρ
477 560 771 629 εἰσήγαγεν
796 565 886 611 τόν
913 557 1039 610 λαὸν
1069 558 1147 620 εἰς
1180 555 1278 626 τὴν
1303 554 1407 624 γῆν
1431 554 1530 624 τῆς
1560 552 1913 620 ἐπαγγελίας,

2024 554 2190 608 verba
2221 554 2454 611 dicentis
2488 576 2499 610 :
2532 577 2549 607 ι
2605 555 2930 612 Confortare
2963 564 3018 611 et
3047 565 3167 612 esto
3193 559 3453 612 robustus
3492 576 3505 611 :
3541 564 3601 611 tu

334 652 410 715 ὼς
441 653 536 704 καὶ
569 652 624 703 αἱ
654 649 792 722 πρὸς
828 647 990 702 αὑτὸν
1017 645 1269 717 δηλοῦσιν
1314 644 1409 698 τοῦ
1447 642 1582 698 Θεοῦ
1613 644 1789 712 φωναὶ
1826 642 1914 694 λέ-

2021 645 2170 699 enim
2226 655 2375 702 sorte
2407 647 2622 704 divides
2670 650 2872 719 populo
2926 648 3054 703 huic
3098 660 3324 713 terram,
3359 664 3460 719 pro
3491 664 3599 720 qua

335 760 543 813 γοντοςο
582 761 601 794 ι
632 744 813 812 Ἴσχυε
839 740 934 794 καὶ
961 738 1241 809 ἀνδρίζου·
1275 738 1339 791 σὺ
1372 737 1481 808 γὰρ
1510 734 1917 799 ἀποδιαστελείς

2018 734 2199 804 juravi
2234 735 2482 805 patribus
2524 736 2656 803 tuis,
2692 745 2752 792 ut
2793 739 3065 794 traderem
3100 754 3222 795 eam
3266 739 3398 794 illis.
3438 757 3458 791 ι
3494 737 3600 793 Po-

335 838 414 908 τῷ
450 836 564 907 λαῷ
610 836 784 905 τούτῳ
828 835 928 906 τὴν
974 834 1097 903 γῆν,
1141 832 1207 903 ἢν
1253 830 1443 902 ὤμοσα
1489 831 1602 893 τοῖς
1641 828 1915 899 πατράσιν

2021 827 2152 896 pulo
2184 826 2349 897 igitur
2370 829 2615 897 praecipit
2644 829 2836 885 dicens
2860 849 2874 885 :
2914 850 2932 882 ι
2965 830 3208 887 Observa
3237 846 3362 886 eum
3391 840 3446 886 et
3468 832 3598 887 audi

336 930 490 999 ὑμῶν
519 929 646 999 περί⁵
670 925 856 980 αὑτοῦ,
891 944 908 971 ι
941 925 1084 995 Ἀρα
1107 922 1562 995 προδιατάσσεται
1581 921 1658 991 τῷ
1682 921 1798 992 λαῷ
1825 920 1914 973 λέ-

2022 932 2212 974 vocem
2265 919 2408 988 ejus,
2462 935 2565 974 nec
2607 923 3068 977 contemnendum
3115 933 3272 994 putes
3304 924 3368 977 ".
3405 942 3423 976 ι
3476 923 3598 977 Non

333 1035 467 1087 γων·
511 1038 529 1069 ι
558 1019 798 1089 Πρόσεχε
838 1015 1025 1086 αύτῷ,
1075 1016 1171 1069 καί⁹
1219 1014 1535 1068 εἰσάκουσον
1588 1013 1786 1067 αὐτοῦ·
1840 1013 1914 1085 μὴ

2022 1018 2204 1064 autem
2234 1009 2544 1065 mirandum
2569 1020 2653 1067 est
2674 1012 2720 1068 si
2759 1016 3011 1084 angelum
3044 1032 3167 1070 eum
3204 1017 3596 1081 nominaverit,

333 1109 551 1162 ἀπείθει
586 1110 645 1161 ἐν
672 1107 838 1178 αύτῷ.
878 1127 894 1158 ι
936 1109 1025 1160 σοῦ
1068 1107 1151 1159 δεῖ
1191 1106 1247 1159 δὲ
1279 1105 1580 1176 θαυμάζειν
1606 1108 1654 1159 εί
1686 1105 1915 1174 ἄγγελον

2022 1118 2147 1156 cum
2181 1100 2447 1158 Joannem
2502 1104 2607 1159 hac
2652 1106 3095 1163 denominatione
3121 1117 3279 1165 vocet
3310 1110 3598 1181 prophetia

332 1200 495 1252 αὑτὸν
519 1199 889 1268 ἐπωνόμασεν,
920 1198 1040 1249 ἐπεὶ
1065 1198 1159 1250 καί
1188 1197 1438 1267 Ἰωάννην
1459 1195 1636 1265 τούτῳ
1660 1194 1816 1248 καλεῖ
1837 1193 1916 1263 τῷ

2022 1193 2111 1249 his
2139 1195 2324 1251 verbis
2358 1214 2371 1250 :
2411 1213 2430 1247 ι
2466 1196 2607 1252 Ecce
2635 1213 2737 1269 ego
2766 1200 2925 1253 mitto
2958 1202 3211 1270 angelum
3262 1218 3442 1257 meum
3470 1212 3599 1257 ante

333 1290 686 1361 προσρήματι
712 1290 744 1359 ή
778 1288 1063 1357 φάσκουσα
1094 1288 1418 1360 προφητεία-
1456 1306 1474 1338 ι
1498 1287 1625 1340 Ἰδοὺ
1648 1286 1758 1354 ἐγὼ
1781 1287 1914 1340 ἀπο-

2022 1284 2221 1342 l‘aciem
2276 1295 2447 1354 tuam,
2502 1290 2598 1359 qui
2648 1291 2977 1360 praeparabit
3042 1294 3185 1347 viam
3234 1311 3414 1349 meam
3471 1304 3601 1351 ante

341 1380 548 1435 στέλλω
589 1380 681 1433 τὸν
718 1379 947 1448 ἄγγελὸν
989 1397 1090 1450 μου
1116 1380 1221 1451 πρὸ
1250 1378 1546 1452 προσώπου
1576 1396 1689 1443 σου,
1716 1379 1774 1442 ὃς
1813 1397 1913 1433 κα-

2022 1385 2077 1432 te
2112 1378 2176 1432 ⁸⁸.
2219 1397 2238 1429 ι
2270 1377 2429 1444 Quod
2463 1381 2509 1433 si
2562 1380 2725 1450 plane
2754 1380 2821 1433 ad
2848 1378 3014 1435 Josuc
3046 1382 3212 1435 [ilium
3245 1383 3367 1438 Nun
3401 1386 3600 1454 praeci-

332 1475 663 1528 τασκευάσει
691 1472 789 1543 τὴν
817 1473 936 1526 ὁδόν
969 1489 1069 1543 μου
1093 1472 1403 1543 ἔμπροσθέν
1428 1489 1543 1526 σου.
1577 1491 1594 1522 ι
1632 1472 1693 1524 Εἰ
1713 1471 1756 1524 δ’
1778 1472 1914 1535 ὅλως

2021 1479 2135 1523 tata
2185 1476 2461 1538 spectant,
2520 1472 2874 1541 perspicuum
2929 1479 3014 1525 est
3061 1487 3161 1525 cur
3204 1472 3271 1527 de
3302 1488 3369 1528 eo
3398 1474 3601 1529 dixerit

333 1568 413 1629 εἰς
443 1564 645 1636 Ἰησοῦν
680 1563 1004 1635 ἀναφέροιτο
1048 1563 1145 1616 τὸν
1187 1562 1280 1616 τοῦ
1329 1564 1486 1632 Ναυῆ
1539 1562 1610 1615 τὰ
1651 1579 1912 1634 προεκτε-

2024 1558 2287 1616 Dominus
2320 1579 2335 1616 :
2374 1579 2395 1613 ι
2432 1559 2501 1615 Et
2528 1572 2614 1617 est
2644 1578 2844 1618 nomen
2872 1578 3052 1618 meum
3078 1562 3134 1616 in
3165 1563 3257 1617 illo
3277 1566 3336 1618 ὀ.
3377 1584 3397 1617 ι
3428 1565 3631 1635 Quale.

334 1657 522 1724 θέντα,
552 1658 653 1728 ὅρα
677 1657 793 1719 πῶς
817 1655 945 1726 περὶ
974 1655 1141 1708 αὐτοῦ
1167 1672 1332 1727 φησιν
1351 1658 1380 1708 ὁ
1407 1655 1629 1726 Κύριος
1667 1674 1686 1705 ι
1711 1654 1785 1707 Τὸ
1806 1653 1915 1723 γὰρ

2022 1652 2192 1724 igitur
2223 1653 2358 1708 illud
2385 1668 2587 1709 nomen
2619 1664 2704 1710 est
2727 1655 2835 1710 nisi
2858 1653 3049 1719 Josue,
3076 1656 3224 1724 quod
3250 1656 3393 1710 idem
3421 1664 3507 1712 est
3539 1672 3601 1711 ac

332 1750 506 1820 ὄνομα
552 1765 655 1821 μου
701 1746 1057 1818 ἐπικέκληται
1107 1748 1193 1799 ἐπ’
1234 1745 1402 1816 αὐτῷ.
1437 1765 1454 1797 ι
1510 1747 1669 1800 Ποῖον
1709 1745 1767 1799 δὲ
1806 1746 1914 1817 ἄρα

2020 1743 2189 1800 ,ἰοειιῖ
2215 1742 2354 1799 Huic
2375 1745 2523 1799 enim
2560 1744 2729 1800 Josue
2768 1759 2876 1799 non
2913 1746 3196 1815 proprium
3231 1761 3429 1800 nomen
3461 1756 3600 1811 erat,

332 1843 506 1912 ὄνομα
537 1841 570 1913 ἢ
605 1840 737 1895 αὐτὸ
778 1840 838 1892 τὸ
866 1838 1099 1911 Ἰησοῦς;
1141 1838 1247 1893 Τοῦ
1285 1840 1382 1909 μὲν
1426 1838 1536 1910 γὰρ
1585 1838 1911 1909 φαινομένου
1942 1826 1953 1881 Ῑ

1983 1837 1987 1874 ι
2019 1837 2174 1907 prius
2199 1836 2339 1894 Osee
2361 1845 2576 1892 vocato.
2596 1835 2814 1893 Primus
2843 1852 2967 1892 eum
2996 1837 3210 1907 Moyses
3233 1853 3263 1891 a
3295 1840 3405 1892 Deo
3433 1839 3604 1909 inspi-

334 1931 456 1983 τότε
479 1930 672 2000 ἀνδρὸς
694 1931 793 1982 οὐκ
812 1925 879 1999 ῆν
903 1929 1032 1982 ἴδιον
1050 1928 1113 1982 τὸ
1141 1929 1346 2000 Ἰησοῦς
1375 1930 1545 2001 ὄνομα
1566 1948 1578 1961 ·
1603 1930 1786 2000 Αύσὴς
1807 1929 1915 2001 γὰρ

2022 1937 2179 1985 ratus
2203 1930 2498 2001 appellavit
2520 1928 2724 1997 Josue;
2765 1929 2958 1998 procul
2993 1930 3160 1984 dubio
3191 1940 3277 1985 est
3307 1931 3490 2000 ipsum
3516 1930 3602 1985 di-

334 2020 581 2075 ἐκαλεῖτο
600 2020 661 2073 τὸ
697 2021 956 2094 πρότερον
975 2039 987 2049 ·
1017 2020 1230 2091 πρῶτος
1255 2020 1311 2072 δὲ
1344 2020 1508 2074 αὑτὸν
1532 2021 1773 2090 Μωῡσῆς
1798 2021 1916 2075 θεο-

2023 2023 2155 2078 vino
2210 2030 2345 2078 tunc
2400 2020 2607 2092 Spiritu
2656 2022 2875 2093 agitari,
2919 2028 2979 2075 ut
3028 2022 3386 2091 implerentur
3439 2022 3604 2077 verba

335 2111 668 2182 φορούμενος
697 2110 902 2181 Ἰησοῦν
943 2110 1304 2181 ἀναγορεύει,
1348 2111 1619 2182 πνεύματι
1651 2111 1810 2182 δῆλον
1834 2113 1916 2164 ὅτι

2024 2115 2173 2171 haec:
2207 2132 2226 2167 ι
2256 2113 2322 2168 Et
2343 2122 2429 2170 est
2453 2129 2652 2169 nomen
2685 2129 2867 2169 meum
2902 2113 2958 2168 in
2986 2114 3100 2179 illo,
3143 2134 3162 2167 ι
3193 2113 3603 2168 manifestantis

335 2204 592 2273 θειοτέρῳ
618 2203 767 2257 κινού
777 2220 954 2273 μενος
986 2205 1061 2267 ὡς
1088 2204 1153 2257 ἂν
1184 2205 1213 2256 ὁ
1239 2204 1484 2276 χρησμὸς
1512 2206 1540 2257 ὁ
1571 2205 1769 2275 φήσας·
1798 2223 1816 2255 ι
1844 2204 1918 2257 Τὸ

2024 2225 2084 2264 se
2138 2208 2380 2273 Domini,
2442 2224 2604 2279 quem
2666 2208 2868 2278 saepius
2922 2208 3428 2264 demonstravimus
3480 2222 3604 2263 esse

333 2297 443 2368 γὰρ
491 2296 664 2367 ὄνομά
714 2315 813 2367 μου
862 2299 1010 2350 ἐστὶν
1056 2296 1142 2349 ἐπ’
1184 2295 1355 2366 αὐτῷ,
1387 2316 1405 2348 ι
1461 2295 1772 2369 πληρωθείη
1819 2294 1915 2349 τοῦ

2024 2302 2412 2372 prteexsistens
2436 2300 2532 2355 Dei
2550 2300 2813 2365 Verbum,
2833 2298 2995 2357 Jesus
3024 2298 3233 2371 (Josue)
3258 2309 3378 2355 erat
3404 2315 3604 2355 nomen

333 2388 765 2460 χρηματίζοντος
794 2389 1000 2458 Κυρίου
1022 2428 1035 2453 ,
1067 2388 1125 2441 ὃν
1159 2388 1420 2453 πολλάκις
1453 2388 1813 2459 ἀπεδείξαμεν
1842 2384 1918 2442 εἶ-

2023 2391 2169 2462 quod
2196 2390 2337 2448 Osee
2362 2391 2576 2463 Moyses
2602 2393 2885 2463 imposuit,
2910 2399 2970 2447 ut
2990 2391 3176 2447 divina
3203 2400 3439 2448 testatur
3462 2393 3607 2447 Scri-

335 2497 423 2533 ναι
460 2481 552 2534 τὸν
596 2480 834 2551 προόντα
875 2480 969 2533 τοῦ
1004 2481 1138 2533 Θεοῦ
1172 2481 1345 2548 Λόγον
1366 2520 1381 2546 ,
1417 2482 1622 2552 Ἰησοῦς
1649 2478 1717 2553 ῆν
1747 2481 1917 2553 ὄνομα

2023 2490 2184 2551 ptura
2226 2482 2294 2547 '°,
2347 2481 2744 2538 sollicitissime
2799 2480 3242 2537 animadvertens
3294 2482 3441 2553 quod
3495 2499 3603 2536 non

334 2571 470 2643 ὅπερ
499 2571 577 2642 τῷ
605 2573 757 2643 Αύσῆ
784 2573 1023 2643 Μωῦσῆς
1055 2571 1499 2636 ἐπιτέθεικεν,ὡς
1524 2575 1556 2644 ἠ
1583 2572 1700 2626 θεία
1727 2574 1767 2625 Γ
1773 2574 1916 2644 ραφὴ

2024 2574 2162 2629 alias
2206 2574 2317 2631 nisi
2360 2590 2486 2630 cum
2541 2575 2795 2645 angelum
2835 2591 2983 2640 eum,
3032 2575 3342 2631 secundum
3389 2577 3600 2631 oraculi

338 2664 625 2733 μαρτυρεῖ,
658 2662 866 2732 σφόδρα
896 2661 1372 2733 ἀπηκριϐωμένως
1401 2664 1708 2734 τηρήσασα,
1733 2663 1814 2715 ὅτι
1841 2662 1917 2734 μὴ

2024 2667 2217 2730 verba,
2270 2666 2659 2736 promissionis
2722 2675 2927 2722 terram
2981 2676 3107 2723 ante
3158 2666 3353 2723 faciem
3414 2668 3603 2739 populi

335 2752 522 2805 ἄλλοτε
549 2752 582 2823 ἦ
610 2752 839 2821 ἄγγελον
888 2754 1053 2807 αὑτὸν
1086 2753 1395 2818 ἀκολούθως
1431 2754 1510 2824 τῷ
1549 2754 1787 2827 χρησμῷ
1816 2757 1917 2826 τὴν

2023 2767 2443 2829 prospecturum
2474 2758 2742 2825 emiserit,
2798 2758 2903 2813 hoc
2947 2760 3163 2814 vocavit
3193 2775 3320 2815 eum
3354 2760 3600 2817 nomine.

334 2842 436 2913 γῆν
463 2843 563 2913 τῆς
594 2844 927 2912 ἐπαγγελίας
950 2844 1056 2915 πρὸ
1078 2844 1371 2916 προσώπου
1401 2844 1495 2898 τοῦ
1524 2845 1655 2899 λαοῦ
1679 2864 1915 2918 προσκε-

2022 2849 2096 2905 iis
2125 2849 2292 2921 igitur
2320 2856 2539 2904 constat
2565 2855 2621 2905 et
2647 2848 2952 2906 Salvatoris
2975 2853 3151 2906 nostri
3185 2850 3317 2907 Jesu
3348 2851 3602 2908 denomi-

330 2932 566 3003 ψόμενον
602 2935 930 3007 ἐξέπεμπεν,
975 2936 1148 3008 τούτῳ
1190 2936 1460 3009 κέκληκεν
1491 2938 1655 2993 αὑτὸν
1684 2938 1761 3010 τῷ
1797 2939 1916 2993 ὀνό-

2023 2943 2304 2997 nationem
2334 2941 2508 3013 Moysi
2537 2952 2726 3012 aperte
2768 2944 3041 3013 cognitam
3081 2942 3274 3000 fuisse.
3330 2944 3605 3010 Quemad-

332 3043 489 3097 ματι.
521 3027 732 3081 Οὐκοῦν
761 3029 851 3082 διὰ
877 3029 1084 3084 τούτων
1108 3031 1201 3083 καὶ
1229 3029 1327 3101 τὴν
1352 3030 1445 3084 τοῦ
1479 3030 1730 3101 Σωτῆρος
1759 3030 1917 3102 ἡμῶν

2022 3035 2248 3091 modum
2289 3033 2422 3091 Jesu
2454 3049 2656 3088 nomen
2697 3033 2933 3104 primum
2972 3032 3114 3105 apud
3138 3050 3263 3089 eum
3298 3037 3354 3089 in
3378 3037 3447 3092 iis
3484 3053 3608 3107 qua:

340 3121 518 3192 Ἰησοῦ
539 3124 904 3194 προσηγορίαν
919 3126 1052 3178 Μωῦ
1061 3124 1158 3196 σῆς
1170 3123 1417 3192 φαίνεται
1435 3124 1621 3194 σαφῶς
1640 3124 1913 3194 ἐγνωκώς·
1948 3185 1961 3199 Α

2024 3129 2423 3199 investigamus
2456 3127 2595 3183 locis
2638 3128 2930 3197 reperitur,
2985 3126 3061 3182 ita
3095 3135 3149 3182 et
3181 3127 3463 3183 Christum
3492 3132 3607 3199 pri-

327 3183 524 3287 ὥσπερ
549 3183 605 3269 δέ
628 3183 894 3287 τδἸτίσοῦ
915 3216 1086 3288 ὄνομα
1110 3183 1260 3289 ἆέοίρά
1295 3215 1496 3288 πρώτῳ
1518 3183 1918 3289 ἐὓρηται
1943 3200 1948 3230 ⁴

1984 3185 1987 3243 ί
2019 3236 2146 3278 mus
2187 3221 2335 3278 idem
2387 3218 2778 3290 praedicavisse
2803 3218 3060 3293 videtur,
3094 3219 3151 3274 in
3177 3219 3475 3277 anterioris
3506 3222 3605 3276 a-vi

326 3307 477 3361 κατὰ
503 3310 626 3371 τοὺς
657 3308 1081 3381 ἐξεταζομένους
1114 3310 1315 3374 τόπους
1337 3349 1352 3374 ,
1381 3308 1528 3365 οὓτω
1559 3311 1654 3364 καὶ
1682 3310 1918 3381 Χριστὸν

2020 3312 2364 3383 temporibus
2391 3312 2507 3368 sive
2532 3310 2664 3367 Jesu
2699 3311 2816 3366 sive
2861 3310 3065 3365 Christi
3112 3312 3433 3367 nominibus
3468 3313 3606 3368 nulli

326 3401 548 3471 πρῶτος
569 3403 729 3467 αὐτὸς
761 3404 1133 3475 ἀναγορεύσας
1163 3404 1415 3473 φαίνεται
1435 3445 1449 3470 ,
1486 3404 1595 3474 πρὸ
1619 3402 1730 3457 τῶν
1752 3402 1917 3456 αὐτοῦ

2020 3419 2265 3474 unquam
2299 3403 2621 3472 compertis.
2648 3400 2716 3454 Et
2746 3401 2964 3456 videtur
2997 3402 3219 3471 quidem
3249 3404 3438 3459 divina
3463 3420 3604 3477 quae

328 3495 540 3566 χρόνων
562 3493 623 3560 ἐξ
649 3495 841 3557 αἰῶνος
869 3495 1096 3567 μηδενὸς
1132 3496 1359 3566 μηδέπω
1392 3496 1524 3549 ποτὲ
1569 3498 1707 3567 μήτε
1741 3495 1917 3568 Ἰησοῦ

2019 3496 2145 3551 dam
2184 3494 2550 3564 inspiratione
2585 3494 2857 3549 revelatas
2882 3494 3367 3551 denominationes
3407 3497 3603 3552 honori

333 3588 474 3657 μήτε
517 3586 755 3659 Χριστοῦ
801 3588 956 3658 παρά
1002 3604 1144 3641 τισιν
1201 3588 1754 3659 προσαγορευθέντος.
1807 3591 1918 3642 Καὶ

2018 3587 2299 3643 habuisse.
2321 3585 2543 3640 Duobus
2566 3586 2727 3655 igitur
2743 3583 2978 3638 maxime
2991 3600 3056 3639 ex
3084 3587 3232 3640 omni
3250 3588 3447 3657 populo
3464 3604 3606 3659 pra:-

329 3678 583 3748 φαίνεταί
629 3696 694 3747 γε
737 3679 905 3751 ἐνθέῳ
937 3680 1183 3751 λογισμῷ
1232 3680 1331 3744 τὰς
1368 3680 1704 3752 δηλουμένας
1749 3699 1917 3753 προσ-

2018 3679 2342 3737 cellentibus
2364 3677 2523 3742 viris,
2542 3677 2761 3746 Deoque
2786 3676 3213 3745 acceptissimis,
3234 3695 3360 3733 cum
3379 3682 3598 3751 utrique

330 3771 561 3843 ηγορίας
610 3772 881 3841 τιμήσας·
929 3771 1047 3824 δυσὶ
1099 3771 1229 3841 γοῦν
1274 3775 1387 3837 τοῖς
1424 3772 1578 3843 παρὰ
1620 3774 1797 3828 πάντα
1824 3774 1916 3827 τὸν

2018 3771 2166 3825 aliud
2190 3779 2334 3827 esset
2359 3771 2639 3841 proprium
2657 3784 2876 3834 nomen,
2897 3768 3169 3840 duplicem
3189 3769 3336 3824 illam
3368 3771 3600 3842 imponit

331 3863 460 3917 λαὸν
498 3863 852 3934 ἐξοχωτάτοις
890 3865 1117 3937 ἀνδράσι
1147 3866 1241 3919 καὶ
1274 3866 1425 3937 παρά
1447 3865 1566 3938 Θεῷ
1585 3867 1917 3939 διαπρέπου-

2017 3861 2541 3925 denominationem,
2589 3861 2812 3931 proprio
2843 3861 3063 3931 quidem
3108 3860 3267 3916 fratri
3296 3864 3501 3933 Aaron,
3546 3875 3600 3921 et

334 3972 419 4009 σιν
466 3957 674 4027 ἑτέροις
716 3974 775 4009 τε
825 3957 973 4022 ἰδίοις
1014 3959 1242 4030 ὀνόμασι
1284 3959 1647 4031 κεχρημένοις
1682 3958 1783 4023 τὰς
1822 3959 1917 4014 δύο

2015 3954 2162 4009 Nave
2183 3954 2294 4009 tilio
2319 3952 2458 4010 Osee
2484 3955 2638 4025 prius
2652 3952 2973 4025 appellatis;
2992 3969 3228 4035 namque
3245 3970 3429 4009 coram
3448 3960 3597 4013 omni

330 4045 534 4109 ταύτας
566 4047 889 4118 ἐπιφημίζει
919 4049 1288 4121 προσηγορίας
1307 4089 1322 4113 ,
1352 4049 1432 4120 τῷ
1456 4066 1516 4102 τε
1556 4050 1673 4120 ἰδίῳ
1699 4048 1916 4120 ἀδελφῷ

2017 4048 2218 4119 populo
2230 4045 2324 4102 Dei
2348 4048 2511 4117 jussu
2530 4047 2700 4102 totius
2719 4047 2898 4117 gentis
2920 4046 3089 4102 duces
3110 4062 3206 4102 eos
3224 4048 3452 4119 eligens,
3478 4048 3600 4105 Sal-

329 4136 409 4209 τῷ
436 4138 664 4208 ’Δαρὼν,
692 4140 785 4191 καὶ
814 4140 893 4210 τῷ
918 4140 1011 4194 τοῦ
1041 4141 1197 4213 Ναυῆ
1222 4141 1322 4212 υἰῷ
1340 4183 1356 4208 ,
1392 4141 1692 4214 Αύση[οὺ]ς
1720 4144 1917 4214 πρότε-

2014 4141 2223 4197 vatoris
2272 4140 2448 4196 nostri
2500 4138 2633 4194 Jesu
2666 4139 2871 4194 Christi
2906 4140 3225 4195 nominibus
3261 4140 3593 4211 illustravit;

333 4247 425 4300 ρον
451 4227 953 4302 ὀνομαζομένου[ς],
985 4230 1136 4303 παρά
1162 4232 1341 4286 πάντα
1366 4233 1461 4288 τὸν
1482 4233 1609 4287 λαὸν
1636 4234 1773 4288 Θεοῦ
1795 4234 1916 4287 νεύ-

2018 4236 2247 4289 alterum
2279 4231 2501 4303 quidem
2528 4229 2809 4287 Christum
2832 4230 3252 4301 cognominans,
3282 4231 3375 4302 qui
3396 4234 3598 4288 summi

334 4336 465 4386 ματι
507 4320 770 4392 ἄρχοντας
820 4319 913 4373 τοῦ
963 4323 1166 4386 παντὸς
1198 4322 1384 4388 ἔθνους
1427 4327 1916 4398 προχειρισάμενος

2013 4329 2241 4397 verique
2294 4326 2503 4381 ferebat
2552 4324 2846 4394 imaginem
2896 4322 3197 4394 pontificis,
3240 4325 3598 4396 omniumque

328 4411 452 4471 ταῖς
500 4411 594 4463 τοῦ
642 4411 895 4484 Σωτῆρος
943 4412 1101 4483 ἡμῶν
1150 4413 1323 4484 Ἰησοῦ
1374 4414 1610 4487 Χριστοῦ
1664 4416 1914 4483 ἐδόξασεν

2017 4422 2282 4485 auctoris,
2311 4420 2487 4491 ipsius
2527 4436 2546 4468 ι
2590 4417 2754 4472 Verbi
2793 4417 2912 4483 Dei,
2944 4418 3038 4489 qui
3070 4424 3188 4473 erat
3234 4418 3289 4472 in
3325 4418 3600 4490 principio

330 4503 725 4573 προσηγορίαις
744 4521 758 4535 ο
792 4504 884 4558 τὸν
920 4502 1016 4576 μὲν
1043 4506 1299 4578 Χριστὸν,
1330 4506 1396 4559 δι’
1420 4509 1486 4577 ἦν
1513 4507 1706 4579 ἔφερεν
1728 4510 1913 4564 εἰκόνα
1942 4523 1951 4583 ι

1977 4512 2161 4584 ιεριιά
2197 4512 2365 4567 Deum
2404 4512 2487 4578 ⁸¹;
2551 4528 2571 4562 ι
2612 4524 2992 4565 successorem
3036 4525 3167 4565 vero
3217 4525 3377 4566 suum
3409 4510 3598 4567 Jesum

326 4590 424 4644 τοῦ
455 4593 571 4645 κατ’
599 4593 858 4664 ἀλήθειαν
888 4598 1190 4670 ἀρχιερέως
1228 4598 1338 4652 τῶν
1383 4600 1519 4653 ὅλων
1552 4600 1718 4654 αὐτοῦ
1766 4619 1784 4654 ι
1812 4600 1910 4654 τοῦ

2017 4604 2323 4675 appellans,
2352 4617 2448 4674 per
2472 4617 2636 4673 quem
2663 4602 2917 4658 servabat
2941 4609 2996 4656 et
3024 4602 3143 4673 ipse
3168 4610 3356 4673 typum
3406 4602 3596 4657 Salva-

327 4682 390 4737 ὲν
411 4684 552 4756 ἀρχῇ
584 4686 720 4757 πρὸς
739 4687 828 4740 τὸν
849 4688 980 4742 Θεὸν
1003 4690 1138 4743 Θεοῦ
1171 4692 1346 4760 Λόγου
1379 4711 1396 4743 ι
1448 4692 1791 4764 προσειπών*
1819 4693 1911 4748 τὸν

2014 4699 2152 4752 toris
2181 4697 2355 4751 nostri
2374 4693 2527 4762 Jesu,
2559 4695 2678 4765 qui,
2711 4695 2967 4750 absoluto
3002 4709 3163 4765 quem
3189 4693 3401 4765 Moyses
3418 4695 3597 4749 tradi-

326 4776 387 4831 δὲ
414 4779 605 4832 ἐαυτοῦ
636 4780 878 4851 διάδοχον
906 4781 1115 4853 Ἰησοῦν
1134 4783 1527 4857 ἀναγορεύσας,
1562 4786 1630 4840 δι’
1658 4786 1718 4840 ὃν
1738 4786 1909 4852 ἔσωζε

2015 4791 2173 4847 derat
2217 4788 2521 4860 symbolico
2581 4788 2729 4842 cultu
2763 4827 2778 4851 ,
2835 4786 3129 4859 Moyseque
3185 4784 3592 4854 quodammodo

328 4871 423 4922 καὶ
447 4871 608 4933 αὐτὸς
633 4871 802 4925 τύπον
835 4872 928 4924 τοῦ
966 4874 1218 4945 Σωτῆρος
1247 4877 1404 4947 ἡμῶν
1436 4877 1610 4950 Ἰησοῦ
1630 4917 1646 4942 ,
1676 4878 1735 4941 ὃς
1768 4895 1911 4931 παυ-

2017 4894 2255 4947 mortuo,
2281 4897 2405 4937 cum
2438 4882 2698 4952 pietatem
2730 4881 2787 4935 in
2813 4879 2984 4935 Deum
3021 4881 3344 4949 accepisset,
3398 4894 3600 4934 omnes

332 4963 572 5035 σαμένης
600 4964 701 5033 τῆς
731 4964 821 5018 διὰ
842 4965 1121 5030 Μωῡσέως
1139 4969 1543 5041 παραδοθείσης
1564 4969 1910 5041 συμδολικῶς

2017 4975 2324 5032 invisibiles
2356 4974 2634 5043 potentias
2677 4971 2785 5027 sibi
2835 4972 3213 5032 adversantes,
3244 4969 3420 5024 victas
3452 4985 3597 5039 ιιι-ως

332 5053 602 5125 λατρείας,
621 5057 714 5109 καὶ
745 5056 933 5111 τοῦτόν
958 5075 1076 5121 πως
1093 5059 1183 5114 τὸν
1211 5061 1409 5134 τρόπον
1428 5064 1707 5127 Μωῦσέως
1727 5064 1904 5117 τελευ-

2014 5071 2107 5132 lio,
2141 5067 2307 5124 verbo
2347 5064 2651 5136 superavit,
2684 5064 3109 5131 universamque
3146 5066 3344 5115 terram
3405 5060 3474 5114 ab
3523 5061 3594 5117 iis

328 5144 622 5215 τήσαντος,
664 5145 763 5217 τὴν
802 5149 881 5211 εἰς
920 5148 982 5201 τὸ
1024 5149 1164 5204 θεῖον
1192 5152 1472 5207 εὐσέϐειαν
1503 5154 1903 5225 διαδεξάμενος,

2014 5160 2300 5234 tyrannice
2329 5159 2573 5213 habitam
2602 5156 2878 5229 propriam
2908 5153 3036 5208 fecit
3058 5154 3110 5207 in
3134 5152 3393 5206 omnibus
3415 5154 3589 5223 genti-

332 5235 510 5299 πάσας
536 5237 634 5307 μὲν
657 5238 757 5301 τὰς
784 5239 1048 5310 ἀοράτους
1082 5242 1338 5314 δυνάμεις
1376 5245 1778 5318 ἀνθισταμένας
1809 5250 1876 5302 αὑ
1895 5280 1908 5289 -

2014 5257 2117 5311 bus
2140 5251 2571 5325 possessionem,
2608 5264 2817 5319 suoque
2846 5248 3031 5303 divisit
3062 5246 3283 5319 populo,
3325 5244 3593 5301 Ecclesiis

330 5328 424 5381 τοῦ
450 5329 527 5399 τῷ
551 5330 693 5401 λόγῳ
718 5332 939 5404 πολέμῳ
971 5337 1201 5407 νικήσας
1227 5340 1575 5411 κεχείρωται,
1613 5342 1712 5412 τὴν
1732 5342 1779 5395 δ’
1799 5344 1906 5397 ὑπὸ

1260 5340 1575 5411 exarmat.
1613 5342 1712 5412 τὴν
1732 5342 1779 5395 δ’
1799 5344 1906 5397 ὑπὸ
2013 5349 2068 5401 in
2101 5344 2355 5400 universa
2376 5349 2524 5399 terra
2546 5334 2881 5396 constitutis.

329 5426 552 5490 ταύταις
578 5428 792 5481 ἅπασαν
821 5433 1259 5505 τυραννουμένην
1283 5436 1406 5505 γῆν,
1433 5437 1532 5508 τὴν
1562 5439 1621 5493 ἐν
1649 5440 1782 5493 πᾶσι
1813 5445 1924 5505 τοῖς
1962 5443 2167 5497 ἔθνεσιν
2203 5440 2332 5494 ἴδιον
2365 5438 2553 5509 κτῆμα
2587 5435 2976 5507 ποιησάμενος,
3010 5432 3088 5504 τῷ
3116 5431 3311 5488 ἑαυτοῦ
3350 5430 3465 5505 λαῷ
3502 5431 3593 5487 δία

331 5518 436 5573 τῶν
458 5521 563 5576 ἀνά
590 5525 767 5578 πᾶσαν
792 5524 890 5595 τὴν
911 5528 1233 5600 οἰκουμένην
1261 5531 1592 5603 Ἑκκλησιιῖιν
1631 5536 1865 5608 κατεκλη
1875 5539 2177 5609 ροδότησεν.

402 5797 442 5827 ⁸⁷
482 5796 650 5856 Exod.
684 5816 839 5868 mu,
878 5802 966 5857 2L
1047 5805 1089 5837 ³⁸
1126 5802 1315 5864 Matth.
1350 5823 1438 5875 ιιι,
1474 5807 1560 5863 10.
1639 5810 1681 5841 ι’
1720 5806 1890 5862 Exod.
1922 5826 2023 5864 xxi:

1720 5806 1890 5862 Exod.
1922 5825 2091 5873 xxiii,
2124 5807 2213 5863 ‘21.
2290 5808 2335 5839 ὀ
2371 5804 2529 5860 Νιιιιι.
2570 5818 2689 5869 xm,
2728 5804 2810 5861 Π.
2888 5805 2929 5834 ’⁸
2971 5801 3131 5859 Joan.
3169 5816 3219 5860 ι.
3259 5804 3312 5856 l.
