4106 6426
505 368 641 422 1059

1103 469 1332 525 CAPUT
1367 467 1481 522 XII.

580 593 596 624 ι
620 573 864 638 Cumque
883 567 1260 638 ingrederetur
1296 563 1509 634 Moyses
1557 561 1610 614 in
1641 555 2074 616 tabernaculum,

508 659 878 718 descendebat
922 659 1176 712 columna
1210 654 1395 718 nubis,
1431 664 1488 706 et
1530 650 1710 705 stabat
1739 648 1805 702 ad
1850 647 2076 707 ostium,

501 751 940 822 loquebatuyque
993 763 1117 803 cum
1169 745 1372 816 Moyse,
1410 741 1759 796 cernentibus
1808 736 2079 792 universis

498 843 646 914 quod
674 845 928 898 columna
966 841 1127 894 nubis
1164 845 1333 893 staret
1365 837 1430 890 ad
1466 835 1668 889 ostium
1720 830 2076 886 tabernaculi.

500 937 843 1004 Stabantque
879 933 981 1003 ipsi
1029 943 1083 986 et
1111 930 1415 984 adorabant
1453 943 1549 998 per
1581 925 1727 979 fores
1753 923 2080 977 tabernacu-

501 1029 680 1081 lorum
745 1042 993 1081 suorum.
1061 1023 1409 1093 [.oquebatur
1467 1027 1644 1072 autem
1696 1015 1959 1069 Dominus
2015 1013 2081 1066 ad

502 1118 744 1188 Moysem
780 1116 919 1171 facie
954 1117 1019 1169 ad
1055 1115 1270 1176 faciem,
1302 1113 1447 1166 sicut
1473 1111 1611 1165 solet
1644 1108 1792 1176 loqui
1823 1107 1984 1160 homo
2015 1104 2081 1158 ad

501 1213 739 1265 amicum
776 1226 959 1264 suum.
993 1209 1241 1277 Cumque
1273 1207 1362 1260 ille
1399 1211 1762 1259 reverteretur
1790 1202 1846 1255 in
1877 1209 2080 1263 castra,

499 1303 752 1357 minister
787 1301 908 1370 ejus
932 1299 1100 1354 Josue
1129 1297 1274 1352 filius
1300 1296 1441 1359 Nun,
1477 1310 1629 1364 puer,
1661 1308 1768 1346 non
1797 1290 2084 1346 recedebat

502 1394 574 1448 de
603 1392 985 1448 tabernaculo.
1026 1389 1172 1442 Dixit
1199 1396 1379 1441 autem
1406 1384 1620 1454 Moyses
1651 1382 1715 1436 ad
1749 1381 2036 1436 Dominum
2067 1398 2079 1432 :

499 1483 768 1553 Praecipis
804 1490 865 1536 ut
894 1481 1121 1535 educam
1155 1477 1412 1548 populum
1444 1475 1596 1528 illum
1627 1493 1637 1527 :
1675 1481 1729 1527 et
1784 1486 1892 1526 non
1941 1470 2084 1523 indi-

499 1590 596 1631 cas
630 1574 760 1629 mihi
819 1586 982 1642 quem
1037 1570 1309 1624 missurus
1357 1583 1417 1621 es
1469 1579 1682 1619 mecum
1720 1602 1735 1629 ,
1781 1561 2082 1632 praesertim

503 1684 633 1723 cum
681 1665 931 1720 dixeris:
993 1661 1128 1715 Novi
1187 1667 1240 1714 te
1292 1675 1357 1712 ex
1423 1656 1662 1719 nomine,
1718 1662 1771 1708 et
1827 1651 2084 1706 invenisti

503 1759 739 1828 gratiam
772 1770 959 1809 coram
993 1769 1098 1807 me.
1139 1750 1196 1804 Si
1226 1763 1356 1818 ergo
1390 1747 1568 1801 inveni
1604 1747 1836 1816 gratiam
1869 1745 1923 1798 in
1951 1759 2084 1798 con—

1221 354 1487 411 EUSEDII
1525 344 2006 409 C.‘ES.\R|ENS|S
2043 341 2193 398 OPP.
2231 338 2418 394 PARS
2461 331 3039 392 lll.-—EXEGETIC.~\.

2107 462 2154 516 A

3610 325 3746 382 1060

2693 443 3086 501 ΚΕΦΛΛΑΙΟΝ
3127 441 3228 494 15‘.

2255 564 2270 594 ι
2295 543 2484 598 Ἠνίκα
2505 542 2549 596 δ’
2575 541 2640 595 ἂν
2665 539 2877 611 εἰσῆλθε
2895 535 3132 604 Μωῦσῆς
3151 535 3230 595 είς
3249 533 3348 602 τὴν
3380 528 3602 600 σκηνὴν,
3625 546 3751 584 κατ-

2179 637 2392 689 έϐαινεν
2440 637 2468 687 6
2521 633 2708 696 στῦλος
2745 630 2846 701 τῆς
2889 627 3136 698 νεφέλης,
3177 623 3269 677 καὶ
3307 623 3492 675 ίστατο
3531 618 3752 673 ἐπὶτῶν

2180 730 2356 800 θυρῶν
2386 727 2485 796 τῆς
2519 725 2720 795 σκηνῆς
2739 765 2753 788 ,
2786 723 2880 776 καὶ
2909 721 3134 782 στάντες
3159 719 3186 770 ὀ
3212 716 3338 779 λαὸς
3361 754 3375 777 ,
3410 712 3753 784 προσεκύνη-

2181 840 2280 874 σαν
2325 823 2552 882 ἕκαστος
2595 817 2702 871 ἀπὸ
2747 815 2846 884 τῆς
2893 814 3112 882 σκηνῆς.
3152 809 3263 862 Καὶ
3300 806 3526 878 ὲλάλησε
3551 804 3757 876 Κύριος

2182 914 2315 984 πρὸς
2343 911 2580 981 Μωῦσῆν
2607 950 2620 973 ,
2657 907 2885 968 ἐνώπιος
2915 905 3129 974 ὲνωπίῳ
3151 943 3165 967 ,
3207 903 3282 965 ὡς
3323 902 3372 954 εἰ
3406 900 3637 971 λαλήσαι
3674 915 3758 961 τις

2183 1005 2317 1075 πρὸς
2347 1002 2498 1071 φίλον
2533 996 2728 1052 ἑαυτοῦ
2749 1015 2761 1027 ·
2792 995 2884 1049 καὶ
2906 993 3282 1065 ἀπηλλάττετο
3308 993 3389 1054 εἰς
3410 992 3509 1061 τὴν
3539 1007 3727 1061 παρεμ
3747 1019 3759 1029 -

2182 1094 2376 1162 ϐολήν
2410 1094 2438 1144 6
2480 1090 2536 1142 δὲ
2577 1087 2828 1158 θεράπων
2861 1084 3024 1138 αὑτοῦ
3068 1082 3271 1153 Ἰησοῦς
3305 1083 3418 1144 υἱὸς
3459 1081 3614 1150 Ναυῆ
3657 1081 3761 1133 οὐκ

2182 1182 2533 1254 ἐξεπορεύετο
2568 1182 2632 1232 ἐκ
2661 1179 2763 1249 τῆς
2793 1175 3017 1248 σκηνῆς.
3050 1176 3158 1228 Kal.
3179 1170 3299 1228 εἶπε
3335 1174 3578 1243 Μωῦσῆς
3623 1173 3762 1244 πρὸς

2183 1277 2406 1348 Κύριον·
2437 1274 2590 1337 Ἰδοὺ,
2627 1273 2692 1325 σὺ
2723 1271 2898 1340 λέγεις
2932 1287 3040 1340 μοι·
3060 1267 3326 1336 Ἀνάγαγε
3353 1267 3443 1319 τὸν
3475 1267 3602 1320 λαὸν
3639 1268 3764 1320 τοῦ-

2180 1393 2292 1439 τον,
2325 1374 2388 1426 σὺ
2422 1371 2480 1424 δὲ
2507 1371 2606 1423 οὐκ
2643 1366 2918 1439 ὲδήλωσάς
2956 1382 3077 1435 μοι,
3110 1363 3168 1416 ὂν
3197 1365 3261 1416 σὺ
3297 1361 3613 1424 ἀποστελεῖς
3643 1361 3761 1432 μετ’

2182 1465 2347 1536 ἐμοῦ·
2399 1464 2462 1516 σὺ
2506 1460 2562 1514 δέ
2599 1478 2688 1531 μοι
2732 1454 2892 1520 εἶπας
2915 1471 2928 1484 ⁸
2965 1451 3096 1509 Οἶδά
3129 1471 3187 1507 σε
3219 1454 3368 1524 παρὰ
3401 1453 3609 1515 πάντας
3629 1495 3642 1517 ,
3667 1452 3766 1506 καὶ

2184 1559 2325 1630 ἔχεις
2374 1556 2533 1626 χάριν
2571 1551 2701 1622 παρ’
2727 1550 2868 1622 ἐμοί.
2896 1551 2959 1603 Εἰ
2986 1545 3078 1601 οὖν
3107 1547 3315 1619 εὕρηκα
3341 1547 3498 1616 χάριν
3525 1544 3765 1598 ἐναντίον

2186 1671 2302 1714 σου,
2337 1647 2636 1720 ὲμφάνισόν
2673 1663 2762 1717 μοι
2791 1643 3016 1697 σεαυτόν
3039 1659 3050 1670 '
3077 1640 3333 1709 γνωστῶς
3367 1639 3457 1691 ἴδω
3497 1656 3554 1691 σε
3573 1678 3588 1701 ,
3615 1639 3766 1701 ὅπως

2188 1744 2253 1798 ἂν
2285 1738 2328 1796 ὦ
2355 1740 2604 1812 εὑρηκὼς
2645 1738 2803 1809 χάριν
2831 1733 3068 1788 ἐναντίον
3105 1749 3229 1794 σου,
3271 1733 3363 1785 καὶ
3403 1732 3488 1783 ἵνα
3533 1730 3644 1798 γνῶ
3682 1731 3765 1782 ὅτι

504 1860 694 1920 spectu
723 1856 838 1911 tuo,
881 1845 1108 1902 ostende
1155 1843 1287 1897 mihi
1346 1840 1541 1895 faciem
1576 1848 1724 1892 tuam
1748 1878 1763 1902 ,
1821 1845 1882 1891 ut
1916 1837 2087 1892 sciam

2205 1837 2313 1899 ιαός
2347 1851 2440 1887 σου
2473 1833 2534 1885 τὸ
2561 1831 2712 1893 ἔθνος
2753 1827 2928 1881 τοῦτο.
2983 1826 3093 1878 Καὶ
3137 1824 3305 1892 λέγει’
3351 1823 3520 1885 Αὐτὸς
3563 1839 3767 1893 προπο-

506 1961 580 2016 te,
613 1957 667 2004 et
691 1946 964 2003 inveniam
1002 1944 1232 2016 gratiam
1281 1948 1406 1996 ante
1435 1939 1626 1994 oculos
1654 1944 1781 1991 tuos
1814 1952 1828 1988 :
1879 1933 2091 2004 respice

506 2042 770 2112 pOpttlum
808 2047 960 2092 tuum
1010 2044 1224 2106 gentem
1261 2034 1420 2089 hanc.
1476 2031 1732 2100 Dixitque
1785 2026 2088 2081 Dominus:

508 2133 702 2187 Facies
741 2146 862 2186 mea
898 2127 1167 2199 praecedet
1212 2138 1284 2189 te,
1321 2136 1374 2181 et
1407 2125 1650 2195 requiem
1697 2122 1839 2176 dabo
1875 2121 1995 2174 tibi.
2026 2118 2092 2172 Et

507 2227 584 2279 ait
615 2224 870 2295 Moyses:
910 2222 968 2276 Si
1020 2236 1130 2275 non
1161 2227 1217 2273 tu
1265 2220 1382 2290 ipse
1438 2216 1737 2287 praecedas,
1774 2229 1843 2269 ne
1890 2213 2092 2266 educas

508 2334 613 2373 nos
644 2318 712 2371 de
744 2317 866 2370 loco
897 2315 1023 2370 isto.
1060 2315 1118 2368 ln
1151 2327 1261 2382 quo
1315 2312 1458 2366 enim
1493 2311 1635 2365 seire
1667 2307 1965 2377 poterimus
1993 2319 2093 2374 ego

504 2418 561 2463 et
589 2411 824 2480 pepulus
850 2417 978 2463 tuus
1008 2407 1288 2460 invenisse
1319 2419 1420 2457 nos
1453 2403 1680 2473 gratiam
1714 2401 1767 2454 in
1795 2404 2094 2468 conspectu

510 2515 626 2566 tuo,
659 2503 766 2557 nisi
792 2500 1160 2555 atnbulaveris
1189 2498 1501 2557 nobiscum,
1539 2504 1598 2548 ut
1627 2493 1994 2564 glorificemur
2027 2489 2095 2543 ab

509 2596 766 2649 omnibus
799 2592 1016 2662 p0pulis
1045 2591 1138 2662 qui
1179 2591 1426 2643 habitant
1465 2601 1629 2657 super
1678 2595 1903 2640 terram.
1951 2581 2096 2636 Dixit

512 2695 696 2741 autem
747 2684 1016 2738 Dominus
1067 2685 1133 2737 ad
1197 2681 1478 2752 Moysen]:
1528 2678 1591 2731 Et
1641 2677 1866 2730 verbum
1925 2673 2093 2736 istud,

505 2779 658 2850 quod
691 2779 908 2832 locutus
937 2793 1020 2841 es,
1074 2774 1272 2829 faciam
1309 2793 1320 2827 :
1373 2771 1632 2826 invenisti
1673 2769 1817 2823 enim
1867 2768 2096 2836 gratiam

509 2896 699 2936 coram
743 2895 852 2943 me,
885 2886 940 2934 et
989 2876 1267 2947 te-ipsum
1301 2874 1426 2927 novi
1456 2888 1519 2927 ex
1560 2871 1801 2925 nomine.
1846 2868 1950 2935 Qui
1981 2869 2094 2922 ait:

509 2972 758 3031 Ostende
792 2972 924 3026 mihi
950 2970 1182 3040 gloriam
1209 2976 1382 3022 tuam.
1409 2965 1713 3034 Respondit
1741 2982 1756 3018 :
1785 2965 1895 3033 Ego
1923 2973 2102 3018 osten-

512 3066 640 3120 dam
679 3077 842 3116 omne
871 3061 1077 3114 bonum
1127 3059 1249 3121 tibi,
1284 3066 1339 3111 et
1373 3056 1580 3111 vocabo
1630 3056 1685 3110 in
1736 3055 1957 3110 nomine
1990 3054 2099 3109 Do-

2193 1929 2455 2002 ρεύσομαι
2488 1927 2580 1980 καὶ
2611 1921 2945 1978 καταπαύσω
2974 1935 3053 1971 σε.
3088 1919 3198 1972 Καὶ
3235 1917 3382 1985 λέγει
3414 1919 3549 1986 πρὸς
3581 1916 3764 1969 αὐτόν·

2191 2026 2254 2076 Εἰ
2287 2024 2361 2094 μὴ
2386 2021 2546 2082 αὐτὸς
2578 2019 2640 2070 σὺ
2673 2014 3013 2086 συμπορεύῃ,
3054 2012 3126 2082 μή
3156 2027 3222 2080 με
3271 2009 3548 2081 ἀναγάγῃς
3587 2009 3771 2062 ὲντεῦ-

2193 2117 2304 2170 θεν.
2341 2113 2451 2166 Καὶ
2483 2110 2601 2173 πῶς
2623 2107 2862 2176 γνωστὸν
2889 2107 3039 2159 ἔσται
3065 2105 3144 2156 ὅτι
3173 2103 3383 2173 εὕρηκα
3428 2101 3588 2171 χάριν
3621 2102 3772 2173 παρά

2195 2207 2278 2260 σοὶ
2304 2204 2414 2274 ἐγὼ
2448 2205 2543 2256 καὶ
2583 2204 2611 2254 6
2639 2201 2764 2262 λαός
2796 2216 2887 2250 σου
2915 2241 2929 2263 ,
2956 2197 3068 2249 ἀλλ’
3101 2195 3133 2266 ἢ
3166 2193 3643 2266 συμπορευομένου
3676 2211 3770 2245 σου

2197 2298 2311 2368 μεθ’
2341 2295 2530 2366 ἡμῶν;
2565 2293 2658 2346 καὶ
2692 2287 3192 2359 ἐνδοξασθησὸμεθα
3217 2285 3327 2354 ἐγώ
3351 2302 3408 2338 τε
3449 2286 3541 2337 καὶ
3567 2288 3594 2338 ὀ
3644 2283 3772 2348 λαός

2197 2408 2288 2443 σου
2322 2387 2470 2459 παρὰ
2503 2386 2680 2440 πάντα
2711 2382 2781 2436 τὰ
2813 2381 2961 2449 ἔθνη,
2989 2381 3090 2434 ὅσα
3121 2380 3213 2432 ἐπὶ
3233 2380 3332 2449 τῆς
3358 2378 3462 2447 γῆς
3487 2380 3622 2432 ἐστι.
3664 2377 3776 2429 Kal.

2195 2479 2347 2535 εἶπεν
2370 2483 2398 2533 6
2427 2479 2629 2549 Κύριος
2657 2477 2793 2548 πρὸς
2812 2473 3076 2542 Μωῦσῆν·
3111 2474 3218 2526 Kal.
3249 2471 3512 2539 τὸνλόγον
3543 2487 3626 2522 σοι
3654 2470 3777 2521 τοῦ·

2195 2591 2307 2637 τον,
2337 2573 2394 2625 ὃν
2421 2570 2670 2642 εἴρηκας,
2698 2567 2906 2637 ποιήσω
2927 2583 2938 2594 ·
2969 2565 3208 2635 εὕρηκας
3232 2562 3340 2631 γάρ
3362 2561 3519 2632 χάριν
3548 2557 3776 2612 ἐνώπιόν

2202 2684 2324 2738 μου,
2361 2665 2454 2718 καὶ
2480 2659 2596 2717 οἶδά
2626 2679 2684 2714 σε
2715 2659 2866 2730 παρὰ
2898 2658 3126 2720 πάντας,
3153 2656 3247 2708 καὶ
3277 2655 3419 2722 ἔχεις
3463 2652 3622 2723 χάριν
3649 2651 3776 2721 παρ’

2199 2761 2342 2832 ἐμοί.
2371 2759 2479 2811 Kal
2508 2752 2658 2809 εἶπεν
2678 2770 2689 2781 ·
2725 2752 2906 2817 Δεῖξόν
2939 2767 3028 2819 μοι
3051 2749 3149 2820 τὴν
3185 2746 3410 2800 σεαυτοῦ
3443 2744 3621 2811 δόξαν.
3671 2747 3782 2798 Καὶ

2199 2851 2371 2908 εἶπεν·
2408 2849 2549 2918 Ἐγὼ
2598 2845 3005 2920 παρελεύσομαι
3053 2841 3314 2913 πρότερος
3358 2842 3425 2910 τῇ
3475 2838 3601 2912 δόξῃ
3652 2855 3779 2909 μου,

2201 2946 2294 3001 καὶ
2343 2943 2556 2997 καλέσω
2603 2943 2658 2992 ὲν
2701 2937 2924 3007 ὀνόματι
2975 2933 3182 3004 Κυρίου
3226 2932 3466 2985 ἐναντίον
3511 2948 3603 2982 σου
3624 2947 3636 2960 ·
3688 2929 3786 2982 καὶ

2202 3039 2430 3108 ὲλεήσω,
2459 3034 2517 3086 ὃν
2541 3032 2606 3086 ἂν
2638 3029 2792 3094 ἐλεῶ,
2826 3028 2921 3081 καὶ
2945 3026 3292 3096 οἰκτειρήσω,
3323 3025 3382 3078 ὃν
3412 3025 3478 3078 ἂν
3505 3023 3781 3093 οἰκτείρω.

509 3157 651 3212 ιιιἱηί
675 3169 863 3210 coram
896 3162 988 3207 te:
1027 3159 1082 3207 et
1121 3151 1428 3206 miserebor
1463 3149 1553 3203 cui
1587 3149 1834 3210 voluero,
1882 3155 1935 3202 et
1988 3149 2099 3202 cle-

2205 3132 2317 3186 Καὶ
2347 3125 2518 3181 εἶπεν·
2542 3125 2616 3178 Οὐ
2645 3123 2848 3193 δυνήσῃ
2881 3119 3004 3172 ἰδεῖν
3029 3118 3090 3170 τὸ
3115 3116 3402 3187 πρόσωπόν
3432 3133 3561 3186 μου’
3591 3116 3653 3168 ού
3674 3115 3787 3184 γάρ

512 3266 672 3306 mens
703 3263 799 3304 ero
831 3249 886 3302 in
908 3261 1071 3316 quem
1105 3244 1238 3300 mihi
1275 3245 1561 3314 placuerit.
1601 3241 1951 3312 Rursumque
1985 3242 2098 3294 ait:

513 3343 637 3400 Non
677 3341 883 3414 poteris
923 3338 1111 3394 videre
1143 3337 1337 3391 faciem
1367 3350 1545 3391 meam
1574 3350 1588 3388 :
1626 3350 1735 3390 non
1770 3334 1914 3389 enim
1954 3334 2105 3387 vide-

518 3435 603 3491 bit
634 3449 723 3490 me
751 3435 937 3496 homo,
970 3439 1024 3486 et
1061 3430 1226 3484 vivet.
1281 3426 1347 3480 Et
1399 3426 1596 3482 iterum
1628 3445 1642 3481 :
1690 3425 1853 3490 Ecce,
1907 3426 2104 3494 inquit,

512 3544 601 3592 est
665 3536 822 3590 locus
857 3532 1003 3603 apud
1055 3547 1164 3596 me,
1196 3538 1250 3586 et
1281 3529 1458 3585 stabis
1523 3543 1688 3598 supra
1746 3535 1998 3598 petram;
2053 3534 2108 3582 et

514 3639 800 3703 protegam
863 3627 1090 3681 dextera
1152 3639 1274 3678 mea
1307 3662 1322 3688 ,
1373 3622 1550 3676 donec
1613 3628 1932 3674 transeam:
1998 3619 2107 3673 tol-

530 3735 749 3804 lamque
776 3745 998 3784 manum
1029 3742 1229 3791 meam,
1260 3735 1314 3781 et
1355 3725 1570 3780 videbis
1598 3725 1902 3794 posteriora
1945 3739 2065 3779 mea
2092 3745 2105 3780 :

520 3826 722 3880 faciem
761 3829 945 3878 autem
991 3835 1168 3875 meam
1220 3817 1408 3872 videre
1460 3831 1570 3871 non
1616 3818 1826 3888 poteris
1866 3817 1956 3883 “;
1997 3836 2015 3867 ι
2057 3825 2111 3869 et

519 3927 759 3997 reliqua.
817 3921 1028 3988 Quibus
1092 3918 1282 3974 addit:
1345 3936 1364 3968 ι
1435 3914 1684 3987 Cumque
1737 3916 2112 3972 descendisset

521 4019 790 4075 Dominus
817 4031 914 4088 per
943 4014 1168 4078 nubem,
1198 4011 1349 4066 stetit
1389 4009 1606 4082 Moyses
1650 4025 1776 4064 cum
1812 4024 1900 4072 eo,
1957 4011 2112 4065 invo-

523 4132 659 4172 cans
700 4128 902 4169 nomen
948 4095 1187 4165 Domini.
1241 4105 1364 4177 Quo
1413 4091 1736 4163 transeunte
1786 4120 1974 4161 coram
2025 4119 2110 4168 eo,

527 4210 652 4264 ait:
705 4206 1028 4261 Dominator
1081 4201 1312 4256 Domine
1362 4200 1528 4264 Deus,
1567 4199 1884 4256 misericors
1917 4207 1971 4252 et
2003 4197 2116 4251 ele-

526 4316 709 4364 mens,
743 4298 961 4368 patiens
989 4304 1044 4351 et
1074 4295 1260 4349 multa:
1283 4293 1676 4357 miserationis,
1707 4307 1772 4346 ac
1798 4306 1987 4356 verax,
2023 4290 2115 4360 qui

530 4390 785 4447 custodis
819 4386 1255 4444 misericordiam
1297 4386 1608 4448 in-millia:
1662 4385 1756 4454 qui
1790 4383 1974 4439 aufers
2013 4383 2117 4436 ini-

520 4473 824 4556 quitatem,
856 4491 910 4538 et
929 4481 1162 4545 scelera,
1191 4486 1354 4552 atque
1380 4486 1628 4550 peccata,
1655 4478 1952 4547 nullusque
1974 4475 2117 4546 apud

529 4585 587 4635 te
619 4593 715 4648 per
755 4591 814 4630 se
840 4575 1110 4630 innocens
1140 4581 1256 4639 est;
1289 4571 1387 4642 qui
1421 4569 1606 4626 reddis
1640 4570 1985 4641 iniquitatem
2017 4583 2117 4640 pa-

530 4678 683 4726 trum
743 4667 870 4724 filiis
921 4674 986 4722 ac
1040 4665 1333 4737 nepotibus
1380 4665 1435 4718 in
1490 4663 1704 4718 tertiam
1756 4669 1811 4718 et
1863 4669 2115 4733 quartam

532 4766 874 4838 progeniem.
903 4762 1273 4833 Festinusque
1302 4761 1517 4834 Moyses
1557 4769 1820 4818 curvatus
1851 4770 1936 4818 est
1992 4776 2121 4832 pro-

534 4874 642 4913 nus
663 4859 719 4912 in
750 4864 978 4921 terram,
1031 4864 1085 4911 et
1119 4856 1357 4910 adorans
1409 4856 1524 4910 ait:
1565 4853 1622 4909 Si
1664 4856 1848 4910 inveni
1887 4855 2119 4926 gratiam

537 4951 596 5007 in
642 4959 944 5022 conspectu
997 4958 1115 5014 tuo,
1172 4949 1422 5014 Domine,
1473 4950 1704 5005 obsecro
1753 4959 1813 5003 ut
1855 4947 2126 5020 gradiaris

535 5042 829 5101 nobiscum
888 5040 1029 5096 facie
1082 5040 1149 5094 ad
1186 5039 1381 5095 faciem
1408 5040 1473 5093 ".
1513 5057 1531 5089 ι
1586 5039 1801 5111 Moyses
1846 5054 1971 5094 cum
2016 5039 2124 5092 Deo

539 5135 846 5190 collocutus
903 5134 1182 5188 inducitur
1231 5150 1292 5189 ea
1348 5133 1544 5188 fiducia
1579 5141 1632 5188 et
1688 5134 1958 5193 libertate,
2019 5149 2126 5202 qua

541 5232 792 5282 uteretur
821 5225 1032 5281 amicus
1067 5240 1191 5279 cum
1233 5225 1412 5279 amico
1446 5223 1830 5279 confabulans.
1889 5223 2128 5294 Apparet

544 5329 727 5375 autem
757 5333 823 5374 ex
855 5317 980 5373 istis
1005 5333 1114 5372 non
1143 5316 1432 5387 Propheta:
1464 5331 1829 5386 progressus;
1862 5317 1956 5370 sed
1988 5326 2130 5386 post-

547 5436 709 5491 quam
741 5420 1067 5490 loquebatur
1093 5417 1144 5471 ei
1173 5416 1435 5472 Dominus
1478 5415 1618 5471 facie
1646 5415 1712 5470 ad
1768 5414 1987 5478 faciem,
2020 5433 2129 5471 non

547 5523 732 5568 tamen
764 5526 1007 5581 unquam
1053 5511 1206 5565 visus
1258 5518 1343 5563 est
1391 5510 1440 5564 ei
1490 5509 1637 5563 sicut
1686 5509 2019 5574 Abrahamo,
2078 5520 2132 5566 et

550 5611 739 5668 lsaaco
767 5621 823 5667 et
852 5610 1081 5667 Iacobo.
1115 5610 1288 5681 Cujus
1338 5609 1505 5678 igitur
1535 5608 1768 5679 gratiam
1805 5611 2011 5677 expetit
2046 5611 2128 5665 di—

551 5719 688 5791 teens
740 5722 755 5757 :
815 5722 833 5753 ‹
895 5703 953 5756 Si
1015 5703 1196 5757 inveni
1259 5702 1490 5771 gratiam
1545 5699 1600 5754 in
1654 5709 1952 5770 conspectu
2015 5711 2129 5768 tuo,

553 5867 572 5892 δ
620 5817 676 5891 ,⁵⁵⁸
714 5813 886 5868 Exod.
922 5816 1133 5884 xxxntt,
1168 5814 1324 5869 9-23.
1404 5814 1451 5846 ³³
1491 5811 1661 5868 Exod.
1707 5829 1908 5873 xxxw,
1945 5814 2066 5869 5-9.

2208 3223 2279 3294 μὴ
2307 3221 2392 3294 ἴδῃ
2408 3219 2469 3272 τὸ
2486 3215 2776 3289 πρόσωπόν
2800 3229 2898 3283 μου
2918 3210 3201 3281 ἄνθρωπος
3237 3207 3307 3278 (f.
3336 3209 3400 3263 lO
3419 3208 3500 3277 νο)
3523 3207 3616 3260 καὶ
3631 3206 3791 3278 mag-

2203 3331 2310 3366 ται.
2364 3310 2474 3364 Kal.
2513 3305 2633 3361 εἶπε
2680 3306 2902 3378 Κύριος·
2941 3304 3092 3368 Ἰδοὺ,
3121 3303 3284 3366 τόπος
3326 3299 3453 3372 παρ’
3487 3300 3638 3369 ἐμοὶ,
3691 3299 3792 3350 καὶ

2208 3407 2378 3475 στήσῃ
2409 3403 2500 3455 ἐπὶ
2523 3403 2622 3471 τῆς
2654 3399 2876 3466 πέτρας·
2904 3397 2995 3451 καὶ
3015 3396 3274 3449 σκεπάσω
3295 3396 3364 3464 τῇ
3392 3392 3536 3463 χειρί
3569 3408 3672 3462 μου
3697 3391 3794 3443 ἐπὶ

2209 3495 2289 3558 σὲ,
2339 3495 2443 3556 ἕως
2474 3491 2540 3546 ἂν
2582 3489 2853 3562 παρέλθω.
2889 3488 2999 3543 Kal.
3052 3486 3236 3558 ἀφελῶ
3285 3485 3383 3556 τὴν
3440 3483 3601 3556 χεῖρά
3652 3498 3790 3553 μου,

2208 3587 2304 3640 καὶ
2329 3586 2448 3638 τότε
2473 3583 2577 3655 ὄψῃ
2615 3584 2684 3636 τὰ
2713 3582 2887 3635 ὀπίσω
2920 3598 3020 3651 μου
3037 3599 3050 3610 ·
3070 3579 3134 3633 τὸ
3161 3579 3218 3632 δὲ
3249 3576 3540 3650 πρόσωπόν
3565 3592 3666 3646 μου
3692 3575 3794 3627 οὐκ

2209 3677 2505 3748 ὀφθήσεταί
2566 3693 2669 3739 σοι,
2709 3695 2726 3725 ι
2760 3675 2852 3728 καὶ
2896 3673 2964 3726 τά
3017 3672 3163 3742 ἑξῆς,
3198 3664 3278 3734 οἷς
3325 3668 3594 3738 ἐπιφέρει*
3628 3685 3646 3717 ι
3685 3666 3797 3726 Kal.

2211 3770 2416 3842 κατέϐη
2463 3769 2667 3840 Κύριος
2693 3768 2751 3819 ὲν
2781 3765 2980 3837 νεφέλῃ
3001 3806 3015 3831 ,
3047 3767 3144 3818 καὶ
3173 3762 3422 3834 παρέστη
3451 3759 3601 3830 αὑτῷ
3637 3761 3754 3812 ἐκεῖ
3777 3775 3792 3788 ·

2213 3863 2306 3916 καὶ
2338 3863 2596 3914 ἐκάλεσεν
2628 3863 2685 3913 ἐν
2718 3859 2942 3929 ὀνόματι
2975 3856 3180 3928 Κυρίου
3203 3873 3214 3885 ·
3248 3855 3343 3908 καὶ
3373 3851 3648 3924 παρῆλθεν
3679 3851 3797 3904 Κύ-

2217 3972 2329 4026 ριος
2379 3954 2484 4024 πρὸ
2535 3951 2826 4023 προσώπου
2881 3949 3081 4016 αὑτοῦ,
3138 3949 3231 4001 καὶ⁵
3281 3947 3540 4001 ἐκάλεσε·
3593 3943 3800 4015 Κύριος

2215 4044 2416 4116 Κύριος
2448 4045 2477 4096 6
2505 4044 2639 4105 Θεὸς
2674 4041 2972 4111 οἰκτίρμων
3013 4041 3106 4092 καὶ
3147 4038 3412 4109 ἐλεήμων,
3446 4034 3801 4106 μακρόθυμος

2215 4137 2310 4188 καὶ
2334 4135 2617 4197 πολυέλεος
2641 4135 2732 4186 καὶ
2755 4132 3005 4202 ἀληθινὸς
3026 4132 3120 4184 καὶ
3139 4128 3483 4198 δικαιοσύνην
3504 4126 3801 4198 διατηρῶν,

2217 4227 2386 4280 ποιῶν
2417 4227 2562 4290 ἕλεος
2591 4227 2672 4288 είς
2701 4225 2944 4296 χιλιάδας
2965 4266 2978 4286 ,
3020 4223 3270 4294 ἀφαιρῶν
3301 4221 3530 4293 ἀνομίας
3557 4220 3653 4274 καὶ
3685 4220 3805 4274 ἀδι-

2219 4322 2342 4384 κίας
2369 4319 2463 4373 καὶ
2511 4319 2785 4390 ἁμαρτίας
2809 4357 2823 4380 ,
2865 4319 2960 4370 καὶ
3001 4318 3090 4369 τὸν
3117 4317 3298 4386 ἔνοχον
3330 4316 3391 4367 οὐ
3423 4312 3678 4384 καθαριεῖ
3702 4314 3806 4365 ἒπ-

2219 4415 2368 4483 άγων
2398 4413 2626 4482 ἀνομίας
2647 4411 2900 4482 πατέρων
2923 4411 3014 4463 ἐπὶ
3042 4409 3230 4473 τέκνα,
3258 4407 3352 4460 καὶ
3381 4407 3472 4459 ἐπὶ
3502 4405 3676 4459 τέκνα
3711 4405 3806 4457 τέ-

2150 4527 2194 4583 ο
2221 4523 2386 4570 κνων,
2417 4505 2509 4558 ἐπὶ
2539 4507 2730 4576 τρίτην
2749 4504 2842 4557 καὶ
2865 4505 2958 4556 ἐπὶ
2986 4502 3252 4572 τετάρτην
3268 4500 3482 4569 γενεάν.
3502 4501 3614 4552 Kal.
3636 4497 3807 4552 σπεύ-

2227 4612 2327 4657 σας
2355 4595 2594 4666 Μωῦσῆς
2623 4594 2802 4664 κύψας
2827 4595 2919 4647 ἐπὶ
2957 4593 3054 4664 τὴν
3085 4593 3188 4663 γῆν
3230 4591 3638 4664 προσεκύνησεν
3657 4633 3673 4658 ,
3712 4592 3810 4646 καὶ

2226 4681 2381 4738 εἶπεν
2405 4704 2417 4716 ·
2448 4686 2510 4738 Εἰ
2537 4686 2600 4756 δὴ
2625 4685 2837 4757 εὕρηκα
2859 4686 3017 4758 χάριν
3043 4683 3270 4739 ἐνώπιόν
3302 4701 3417 4747 σου,
3447 4683 3642 4754 Κύριε,
3671 4699 3812 4753 συμ-

2229 4778 2524 4850 πορεύθητι
2549 4778 2665 4850 μεθ’
2697 4778 2852 4850 ἡμῶν
2875 4778 3105 4840 ὲνώπιος
3135 4776 3372 4846 ὲνωπίῳ.
3403 4795 3420 4828 ι
3461 4775 3706 4845 Μωῦσῆς
3732 4775 3811 4843 τῷ

2231 4873 2350 4945 Θεῷ
2382 4873 2555 4928 λαλῶν
2583 4874 3000 4945 ἀναγέγραπται
3036 4869 3174 4941 μετὰ
3204 4870 3438 4941 θάρσους
3467 4869 3564 4922 καὶ
3599 4870 3808 4939 παρρη-

2231 4967 2353 5030 σίας
2381 4965 2668 5038 τοσαύτης,
2700 4965 2892 5020 ὁποίαν
2919 4964 3117 5033 ἀγάγοι
3147 4962 3213 5017 ἂν
3244 4961 3337 5016 καὶ
3371 4959 3525 5030 φίλος
3557 4977 3643 5024 τις
3675 4958 3805 5027 ἀνὴρ

2227 5059 2428 5130 ὁμιλῶν
2458 5059 2650 5112 ἑαυτοῦ
2685 5059 2843 5129 φίλῳ.
2877 5057 3228 5129 Ἑμφαίνεται
3267 5055 3324 5108 δὲ
3365 5053 3453 5107 διὰ
3486 5053 3692 5105 τούτων
3714 5051 3803 5130 οὐχ

2229 5153 2261 5221 ἡ
2291 5151 2529 5221 τυχοῦσα
2569 5150 2663 5204 τοῦ
2699 5151 2985 5222 Προφήτου
3029 5148 3280 5220 προκοπή
3302 5164 3316 5178 ⁸
3343 5146 3457 5200 ἀλλ’
3488 5147 3612 5198 ἐπεὶ
3635 5141 3801 5197 ἐλάλει

2235 5244 2332 5313 μὲν
2359 5243 2508 5315 αὐτῷ
2537 5244 2742 5314 Κύριος
2769 5242 2997 5305 ὲνὼπιος
3022 5242 3256 5311 ὲνωπίῳ,
3287 5240 3347 5293 οὐ
3383 5238 3488 5310 μὴν
3522 5238 3614 5292 καὶ
3653 5232 3802 5302 ὤφθη

2237 5353 2324 5388 πω
2345 5335 2492 5406 αὐτῷ
2522 5337 2722 5407 ὁμοίως
2749 5335 2825 5407 τῷ
2859 5334 3109 5406 Ἀϐραὰμ
3133 5333 3226 5388 καὶ
3262 5333 3446 5386 Ἰσαάκ
3476 5333 3570 5385 καὶ
3594 5325 3806 5384 ’ἰακώῦδ

2235 5429 2422 5482 τούτου
2451 5428 2514 5499 δὴ
2548 5429 2706 5499 χάριν
2752 5428 2894 5495 άξιοί
2937 5427 3129 5496 λέγων·
3170 5446 3187 5476 ι
3219 5427 3280 5478 Ei
3313 5425 3376 5495 δὴ
3415 5423 3621 5495 εὕρηκα
3649 5418 3816 5491 χάριν

2236 5523 2475 5576 ἐναντίον
2503 5540 2628 5586 σου,
2675 5523 2969 5594 ἐμφάνισόν
3014 5537 3104 5592 μοι
3149 5519 3394 5583 σεαυτὸν,
3430 5514 3689 5586 γεθωστῶς
3717 5512 3821 5567 ῐδω

2239 5631 2318 5666 σε.
2349 5633 2366 5666 ι
2407 5617 2484 5667 Δι’
2511 5610 2572 5670 οὗ
2599 5615 2924 5687 παρίστησιν
2953 5617 3037 5668 ὅτι
3073 5612 3145 5684 μὴ
3178 5611 3378 5682 ὁμοίως
3404 5611 3483 5682 τῷ
3508 5609 3690 5665 λαλεῖν
3719 5606 3822 5661 αὔε-

2238 5706 2312 5776 τῷ
2348 5707 2439 5759 καὶ
2480 5706 2576 5771 τὰς
2625 5708 2758 5778 πρὸς
2800 5709 2960 5763 αὐτὸν
2992 5707 3310 5777 ἐπιφανείας
3342 5707 3368 5758 6
3399 5703 3534 5766 Θεὸς
3566 5701 3823 5754 ἐποιεῖτο.
