  <div class='ocr_page' id='page_1' title='image "/cluster/home/n/w/nwhite01/storage/ocr_20150623/22:no.4/coo.31924054873025/544.png"; bbox 0 0 4106 6414; ppageno 0'>
   <div class='ocr_carea' id='block_1_1' title="bbox 333 351 464 406">
    <p class='ocr_par' dir='ltr' id='par_1_1' title="bbox 333 351 464 406">
     <span class='ocr_line' id='line_1_1' title="bbox 333 351 464 406; baseline 0.031 -4"><span class='ocrx_word' id='word_1_1' title='bbox 333 351 359 402; x_wconf 82' lang='grc'>1</span> <span class='ocrx_word' id='word_1_2' title='bbox 372 353 464 406; x_wconf 72' lang='grc'><strong>081</strong></span> 
     </span>
    </p>
   </div>
   <div class='ocr_carea' id='block_1_2' title="bbox 1391 360 2566 422">
    <p class='ocr_par' dir='ltr' id='par_1_2' title="bbox 1391 360 2566 422">
     <span class='ocr_line' id='line_1_2' title="bbox 1391 360 2566 422; baseline 0.009 -11"><span class='ocrx_word' id='word_1_3' title='bbox 1391 360 1683 415; x_wconf 58' lang='lat' dir='ltr'><strong>ECLOGE</strong></span> <span class='ocrx_word' id='word_1_4' title='bbox 1727 362 2204 420; x_wconf 75' lang='grc' dir='ltr'><strong>ΡΒΟΡΙ-ΙΕΤΙΟΑΞ.</strong></span> <span class='ocrx_word' id='word_1_5' title='bbox 2250 399 2314 406; x_wconf 88' lang='grc'><strong>--</strong></span> <span class='ocrx_word' id='word_1_6' title='bbox 2354 367 2483 421; x_wconf 85' lang='lat' dir='ltr'><strong>LIB.</strong></span> <span class='ocrx_word' id='word_1_7' title='bbox 2527 368 2566 422; x_wconf 93' lang='grc'><strong>1.</strong></span> 
     </span>
    </p>
   </div>
   <div class='ocr_carea' id='block_1_3' title="bbox 3460 366 3598 418">
    <p class='ocr_par' dir='ltr' id='par_1_3' title="bbox 3460 366 3598 418">
     <span class='ocr_line' id='line_1_3' title="bbox 3460 366 3598 418; baseline -0.007 -1"><span class='ocrx_word' id='word_1_8' title='bbox 3460 366 3598 418; x_wconf 68' lang='grc' dir='ltr'><strong>ίθῦὶ</strong></span> 
     </span>
    </p>
   </div>
   <div class='ocr_carea' id='block_1_4' title="bbox 338 474 1914 553">
    <p class='ocr_par' dir='ltr' id='par_1_4' title="bbox 338 474 1913 553">
     <span class='ocr_line' id='line_1_4' title="bbox 338 474 1913 553; baseline 0.003 -21"><span class='ocrx_word' id='word_1_9' title='bbox 338 474 399 526; x_wconf 83' lang='grc' dir='ltr'><strong>Εἰ</strong></span> <span class='ocrx_word' id='word_1_10' title='bbox 427 475 557 546; x_wconf 67' lang='grc' dir='ltr'>γὰρ,</span> <span class='ocrx_word' id='word_1_11' title='bbox 588 476 661 538; x_wconf 86' lang='grc' dir='ltr'>ὠς</span> <span class='ocrx_word' id='word_1_12' title='bbox 693 477 962 546; x_wconf 78' lang='grc' dir='ltr'><strong>νομίσειεν</strong></span> <span class='ocrx_word' id='word_1_13' title='bbox 985 495 1087 540; x_wconf 79' lang='grc' dir='ltr'>τις,</span> <span class='ocrx_word' id='word_1_14' title='bbox 1118 479 1311 530; x_wconf 72' lang='grc' dir='ltr'>ταυτὸν</span> <span class='ocrx_word' id='word_1_15' title='bbox 1339 481 1452 533; x_wconf 80' lang='grc' dir='ltr'>ἐστι</span> <span class='ocrx_word' id='word_1_16' title='bbox 1481 482 1541 534; x_wconf 84' lang='grc' dir='ltr'><strong>τὸ</strong></span> <span class='ocrx_word' id='word_1_17' title='bbox 1565 483 1913 553; x_wconf 85' lang='grc' dir='ltr'>λελαληκέναι</span> 
     </span>
    </p>
   </div>
   <div class='ocr_carea' id='block_1_5' title="bbox 2016 474 3598 553">
    <p class='ocr_par' dir='ltr' id='par_1_5' title="bbox 2016 485 3598 553">
     <span class='ocr_line' id='line_1_5' title="bbox 2016 485 3598 553; baseline 0 -14"><span class='ocrx_word' id='word_1_18' title='bbox 2016 486 2246 541; x_wconf 89' lang='lat' dir='ltr'><strong>ostende</strong></span> <span class='ocrx_word' id='word_1_19' title='bbox 2279 489 2410 541; x_wconf 90' lang='lat' dir='ltr'><strong>mihi</strong></span> <span class='ocrx_word' id='word_1_20' title='bbox 2466 487 2659 542; x_wconf 79' lang='lat' dir='ltr'><strong>faciem</strong></span> <span class='ocrx_word' id='word_1_21' title='bbox 2698 499 2866 553; x_wconf 86' lang='lat' dir='ltr'><strong>tuam,</strong></span> <span class='ocrx_word' id='word_1_22' title='bbox 2906 497 2964 542; x_wconf 92' lang='lat' dir='ltr'><strong>ut</strong></span> <span class='ocrx_word' id='word_1_23' title='bbox 3000 490 3170 542; x_wconf 84' lang='lat' dir='ltr'><strong>sciam</strong></span> <span class='ocrx_word' id='word_1_24' title='bbox 3213 495 3284 541; x_wconf 89' lang='lat' dir='ltr'><strong>te.</strong></span> <span class='ocrx_word' id='word_1_25' title='bbox 3328 506 3347 536; x_wconf 68' lang='grc' dir='ltr'><strong>ι</strong></span> <span class='ocrx_word' id='word_1_26' title='bbox 3387 485 3598 540; x_wconf 74' lang='lat' dir='ltr'><strong>Exinde</strong></span> 
     </span>
    </p>
   </div>
   <div class='ocr_carea' id='block_1_6' title="bbox 329 565 1916 645">
    <p class='ocr_par' dir='ltr' id='par_1_6' title="bbox 329 565 1916 645">
     <span class='ocr_line' id='line_1_6' title="bbox 329 565 1916 645; baseline 0.008 -31"><span class='ocrx_word' id='word_1_27' title='bbox 329 565 485 635; x_wconf 74' lang='grc' dir='ltr'>αὐτῷ</span> <span class='ocrx_word' id='word_1_28' title='bbox 510 567 600 620; x_wconf 83' lang='grc' dir='ltr'><strong>τὸν</strong></span> <span class='ocrx_word' id='word_1_29' title='bbox 615 567 746 620; x_wconf 83' lang='grc' dir='ltr'>Θεὸν</span> <span class='ocrx_word' id='word_1_30' title='bbox 768 587 785 620; x_wconf 76' lang='grc' dir='ltr'><strong>ι</strong></span> <span class='ocrx_word' id='word_1_31' title='bbox 807 567 1034 621; x_wconf 86' lang='grc' dir='ltr'>ἐνώπιον</span> <span class='ocrx_word' id='word_1_32' title='bbox 1063 569 1277 639; x_wconf 86' lang='grc' dir='ltr'>ἐνωπίῳ</span> <span class='ocrx_word' id='word_1_33' title='bbox 1305 593 1322 620; x_wconf 78' lang='grc' dir='ltr'><strong>ι</strong></span> <span class='ocrx_word' id='word_1_34' title='bbox 1357 569 1446 640; x_wconf 70' lang='grc' dir='ltr'><strong>τῴο</strong></span> <span class='ocrx_word' id='word_1_35' title='bbox 1463 566 1641 641; x_wconf 79' lang='grc' dir='ltr'>ὦφθαι</span> <span class='ocrx_word' id='word_1_36' title='bbox 1658 575 1824 645; x_wconf 80' lang='grc' dir='ltr'>αὐτῷ,</span> <span class='ocrx_word' id='word_1_37' title='bbox 1843 576 1916 638; x_wconf 84' lang='grc' dir='ltr'>ὡς</span> 
     </span>
    </p>
   </div>
   <div class='ocr_carea' id='block_1_7' title="bbox 339 656 1916 731">
    <p class='ocr_par' dir='ltr' id='par_1_7' title="bbox 339 656 1916 731">
     <span class='ocr_line' id='line_1_7' title="bbox 339 656 1916 731; baseline 0.004 -20"><span class='ocrx_word' id='word_1_38' title='bbox 339 656 406 711; x_wconf 83' lang='grc' dir='ltr'><strong>ἂν</strong></span> <span class='ocrx_word' id='word_1_39' title='bbox 434 658 575 711; x_wconf 75' lang='grc' dir='ltr'>εἴποι</span> <span class='ocrx_word' id='word_1_40' title='bbox 603 677 705 723; x_wconf 85' lang='grc' dir='ltr'>τις,</span> <span class='ocrx_word' id='word_1_41' title='bbox 728 661 1045 731; x_wconf 78' lang='grc' dir='ltr'>«πρόσωπον</span> <span class='ocrx_word' id='word_1_42' title='bbox 1076 660 1210 729; x_wconf 89' lang='grc' dir='ltr'>πρὸς</span> <span class='ocrx_word' id='word_1_43' title='bbox 1229 661 1538 731; x_wconf 88' lang='grc' dir='ltr'>πρόσωπον,</span> <span class='ocrx_word' id='word_1_44' title='bbox 1566 684 1584 714; x_wconf 79' lang='grc'>›</span> <span class='ocrx_word' id='word_1_45' title='bbox 1603 665 1697 716; x_wconf 77' lang='grc' dir='ltr'><strong>καὶ</strong></span> <span class='ocrx_word' id='word_1_46' title='bbox 1719 666 1846 718; x_wconf 86' lang='grc' dir='ltr'>ποία</span> <span class='ocrx_word' id='word_1_47' title='bbox 1872 667 1916 718; x_wconf 87' lang='grc' dir='ltr'>δ’</span> 
     </span>
    </p>
   </div>
   <div class='ocr_carea' id='block_1_8' title="bbox 335 747 1918 828">
    <p class='ocr_par' dir='ltr' id='par_1_8' title="bbox 335 747 1918 828">
     <span class='ocr_line' id='line_1_8' title="bbox 335 747 1918 828; baseline 0.006 -27"><span class='ocrx_word' id='word_1_48' title='bbox 335 747 400 801; x_wconf 82' lang='grc' dir='ltr'><strong>ἂν</strong></span> <span class='ocrx_word' id='word_1_49' title='bbox 448 750 527 802; x_wconf 78' lang='grc' dir='ltr'><strong>ἔτι</strong></span> <span class='ocrx_word' id='word_1_50' title='bbox 582 750 735 822; x_wconf 83' lang='grc' dir='ltr'><strong>χώρα</strong></span> <span class='ocrx_word' id='word_1_51' title='bbox 779 752 1014 804; x_wconf 82' lang='grc' dir='ltr'>λείποιτο</span> <span class='ocrx_word' id='word_1_52' title='bbox 1059 755 1123 824; x_wconf 84' lang='grc' dir='ltr'>τῇ</span> <span class='ocrx_word' id='word_1_53' title='bbox 1172 753 1456 828; x_wconf 81' lang='grc' dir='ltr'>φασκούσῃ</span> <span class='ocrx_word' id='word_1_54' title='bbox 1498 756 1662 810; x_wconf 82' lang='grc' dir='ltr'>αὑτοῦ</span> <span class='ocrx_word' id='word_1_55' title='bbox 1697 756 1918 822; x_wconf 81' lang='grc' dir='ltr'>ἀξιώσει</span> 
     </span>
    </p>
   </div>
   <div class='ocr_carea' id='block_1_9' title="bbox 336 843 1918 919">
    <p class='ocr_par' dir='ltr' id='par_1_9' title="bbox 336 843 1918 919">
     <span class='ocr_line' id='line_1_9' title="bbox 336 843 1918 919; baseline 0.005 -24"><span class='ocrx_word' id='word_1_56' title='bbox 336 843 416 895; x_wconf 88' lang='grc' dir='ltr'>τό·</span> <span class='ocrx_word' id='word_1_57' title='bbox 461 861 478 893; x_wconf 78' lang='grc' dir='ltr'><strong>ι</strong></span> <span class='ocrx_word' id='word_1_58' title='bbox 513 845 571 896; x_wconf 83' lang='grc' dir='ltr'><strong>Εἰ</strong></span> <span class='ocrx_word' id='word_1_59' title='bbox 622 843 685 914; x_wconf 83' lang='grc' dir='ltr'>δὴ</span> <span class='ocrx_word' id='word_1_60' title='bbox 715 843 925 915; x_wconf 79' lang='grc' dir='ltr'>εὕρηκα</span> <span class='ocrx_word' id='word_1_61' title='bbox 963 845 1123 916; x_wconf 87' lang='grc' dir='ltr'>χάριν</span> <span class='ocrx_word' id='word_1_62' title='bbox 1178 847 1416 900; x_wconf 89' lang='grc' dir='ltr'>ἐναντίον</span> <span class='ocrx_word' id='word_1_63' title='bbox 1463 865 1588 912; x_wconf 89' lang='grc' dir='ltr'>σου,</span> <span class='ocrx_word' id='word_1_64' title='bbox 1622 850 1918 919; x_wconf 89' lang='grc' dir='ltr'>ἐμφάνισόν</span> 
     </span>
    </p>
   </div>
   <div class='ocr_carea' id='block_1_10' title="bbox 336 934 1917 1015">
    <p class='ocr_par' dir='ltr' id='par_1_10' title="bbox 336 934 1917 1015">
     <span class='ocr_line' id='line_1_10' title="bbox 336 934 1917 1015; baseline 0.007 -31"><span class='ocrx_word' id='word_1_65' title='bbox 336 951 424 1002; x_wconf 86' lang='grc' dir='ltr'><strong>μοι</strong></span> <span class='ocrx_word' id='word_1_66' title='bbox 466 934 708 997; x_wconf 80' lang='grc' dir='ltr'>σεαυτὸν,</span> <span class='ocrx_word' id='word_1_67' title='bbox 736 934 991 1002; x_wconf 86' lang='grc' dir='ltr'>γνωστῶς</span> <span class='ocrx_word' id='word_1_68' title='bbox 1022 934 1116 988; x_wconf 77' lang='grc' dir='ltr'><strong>ἴδω</strong></span> <span class='ocrx_word' id='word_1_69' title='bbox 1145 953 1232 1002; x_wconf 91' lang='grc' dir='ltr'><strong>σε;</strong></span> <span class='ocrx_word' id='word_1_70' title='bbox 1279 957 1297 990; x_wconf 67' lang='grc' dir='ltr'><strong>ι</strong></span> <span class='ocrx_word' id='word_1_71' title='bbox 1335 937 1451 1002; x_wconf 87' lang='grc' dir='ltr'><strong>πῶς</strong></span> <span class='ocrx_word' id='word_1_72' title='bbox 1479 941 1557 1004; x_wconf 89' lang='grc' dir='ltr'><strong>δέ,</strong></span> <span class='ocrx_word' id='word_1_73' title='bbox 1589 942 1637 992; x_wconf 87' lang='grc' dir='ltr'>εἰ</span> <span class='ocrx_word' id='word_1_74' title='bbox 1665 942 1757 994; x_wconf 87' lang='grc' dir='ltr'><strong>καὶ</strong></span> <span class='ocrx_word' id='word_1_75' title='bbox 1783 943 1917 1015; x_wconf 89' lang='grc' dir='ltr'>πρό-</span> 
     </span>
    </p>
   </div>
   <div class='ocr_carea' id='block_1_11' title="bbox 332 1026 1916 1106">
    <p class='ocr_par' dir='ltr' id='par_1_11' title="bbox 332 1026 1916 1106">
     <span class='ocr_line' id='line_1_11' title="bbox 332 1026 1916 1106; baseline 0.007 -29"><span class='ocrx_word' id='word_1_76' title='bbox 332 1042 490 1096; x_wconf 83' lang='grc' dir='ltr'>τερον</span> <span class='ocrx_word' id='word_1_77' title='bbox 533 1026 680 1097; x_wconf 55' lang='grc' dir='ltr'>αὑπῷ</span> <span class='ocrx_word' id='word_1_78' title='bbox 727 1027 1016 1099; x_wconf 84' lang='grc' dir='ltr'>πρόσωπον</span> <span class='ocrx_word' id='word_1_79' title='bbox 1069 1028 1205 1099; x_wconf 87' lang='grc' dir='ltr'>πρὸς</span> <span class='ocrx_word' id='word_1_80' title='bbox 1253 1032 1542 1101; x_wconf 88' lang='grc' dir='ltr'>πρόσωπον</span> <span class='ocrx_word' id='word_1_81' title='bbox 1593 1034 1668 1097; x_wconf 84' lang='grc' dir='ltr'><strong>ὡς</strong></span> <span class='ocrx_word' id='word_1_82' title='bbox 1709 1034 1916 1106; x_wconf 84' lang='grc' dir='ltr'><strong>οἰηθείη</strong></span> 
     </span>
    </p>
   </div>
   <div class='ocr_carea' id='block_1_12' title="bbox 336 1116 1914 1197">
    <p class='ocr_par' dir='ltr' id='par_1_12' title="bbox 336 1116 1914 1197">
     <span class='ocr_line' id='line_1_12' title="bbox 336 1116 1914 1197; baseline 0.007 -29"><span class='ocrx_word' id='word_1_83' title='bbox 336 1116 400 1168; x_wconf 82' lang='grc' dir='ltr'>ἄν</span> <span class='ocrx_word' id='word_1_84' title='bbox 454 1135 557 1180; x_wconf 87' lang='grc' dir='ltr'>τις,</span> <span class='ocrx_word' id='word_1_85' title='bbox 603 1119 841 1189; x_wconf 83' lang='grc' dir='ltr'>ἐωρᾶτο,</span> <span class='ocrx_word' id='word_1_86' title='bbox 895 1120 1145 1191; x_wconf 77' lang='grc' dir='ltr'>ἐπιφέρει</span> <span class='ocrx_word' id='word_1_87' title='bbox 1199 1121 1370 1189; x_wconf 90' lang='grc' dir='ltr'>λέγων</span> <span class='ocrx_word' id='word_1_88' title='bbox 1416 1123 1564 1193; x_wconf 85' lang='grc' dir='ltr'>αὑτῷ</span> <span class='ocrx_word' id='word_1_89' title='bbox 1610 1128 1638 1177; x_wconf 87' lang='grc' dir='ltr'><strong>ό</strong></span> <span class='ocrx_word' id='word_1_90' title='bbox 1685 1126 1914 1197; x_wconf 81' lang='grc' dir='ltr'>Κύριος·</span> 
     </span>
    </p>
   </div>
   <div class='ocr_carea' id='block_1_13' title="bbox 341 1207 1919 1292">
    <p class='ocr_par' dir='ltr' id='par_1_13' title="bbox 341 1207 1919 1292">
     <span class='ocr_line' id='line_1_13' title="bbox 341 1207 1919 1292; baseline 0.011 -38"><span class='ocrx_word' id='word_1_91' title='bbox 341 1224 356 1254; x_wconf 72' lang='grc' dir='ltr'><strong>ι</strong></span> <span class='ocrx_word' id='word_1_92' title='bbox 391 1207 467 1259; x_wconf 84' lang='grc' dir='ltr'><strong>Οὐ</strong></span> <span class='ocrx_word' id='word_1_93' title='bbox 503 1207 708 1281; x_wconf 79' lang='grc' dir='ltr'>δυνήσῃ</span> <span class='ocrx_word' id='word_1_94' title='bbox 745 1209 869 1262; x_wconf 78' lang='grc' dir='ltr'>ἰδεῖν</span> <span class='ocrx_word' id='word_1_95' title='bbox 908 1210 970 1263; x_wconf 86' lang='grc' dir='ltr'><strong>τὸ</strong></span> <span class='ocrx_word' id='word_1_96' title='bbox 1010 1213 1300 1283; x_wconf 90' lang='grc' dir='ltr'>πρόσωπόν</span> <span class='ocrx_word' id='word_1_97' title='bbox 1332 1232 1463 1284; x_wconf 88' lang='grc' dir='ltr'>μου·</span> <span class='ocrx_word' id='word_1_98' title='bbox 1501 1217 1562 1269; x_wconf 84' lang='grc' dir='ltr'><strong>οὐ</strong></span> <span class='ocrx_word' id='word_1_99' title='bbox 1585 1216 1693 1288; x_wconf 81' lang='grc' dir='ltr'>γὰρ</span> <span class='ocrx_word' id='word_1_100' title='bbox 1726 1217 1800 1289; x_wconf 83' lang='grc' dir='ltr'>μὴ</span> <span class='ocrx_word' id='word_1_101' title='bbox 1835 1219 1919 1292; x_wconf 79' lang='grc' dir='ltr'><strong>ἴδῃ</strong></span> 
     </span>
    </p>
   </div>
   <div class='ocr_carea' id='block_1_14' title="bbox 331 1297 1914 1377">
    <p class='ocr_par' dir='ltr' id='par_1_14' title="bbox 331 1297 1914 1377">
     <span class='ocr_line' id='line_1_14' title="bbox 331 1297 1914 1377; baseline 0.009 -29"><span class='ocrx_word' id='word_1_102' title='bbox 331 1297 393 1349; x_wconf 85' lang='grc' dir='ltr'>τὸ</span> <span class='ocrx_word' id='word_1_103' title='bbox 420 1299 713 1370; x_wconf 88' lang='grc' dir='ltr'>πρόσωπόν</span> <span class='ocrx_word' id='word_1_104' title='bbox 744 1319 842 1372; x_wconf 92' lang='grc' dir='ltr'><strong>μου</strong></span> <span class='ocrx_word' id='word_1_105' title='bbox 867 1302 1150 1375; x_wconf 82' lang='grc' dir='ltr'>ἄνθρωπος</span> <span class='ocrx_word' id='word_1_106' title='bbox 1193 1307 1285 1359; x_wconf 75' lang='grc' dir='ltr'><strong>καὶ</strong></span> <span class='ocrx_word' id='word_1_107' title='bbox 1318 1305 1574 1377; x_wconf 75' lang='grc' dir='ltr'>ζήσεταις</span> <span class='ocrx_word' id='word_1_108' title='bbox 1606 1310 1731 1362; x_wconf 78' lang='grc' dir='ltr'><strong>»Διά</strong></span> <span class='ocrx_word' id='word_1_109' title='bbox 1759 1311 1914 1376; x_wconf 82' lang='grc' dir='ltr'>τίδὲ,</span> 
     </span>
    </p>
   </div>
   <div class='ocr_carea' id='block_1_15' title="bbox 333 1388 1918 1474">
    <p class='ocr_par' dir='ltr' id='par_1_15' title="bbox 333 1388 1918 1474">
     <span class='ocr_line' id='line_1_15' title="bbox 333 1388 1918 1474; baseline 0.009 -34"><span class='ocrx_word' id='word_1_110' title='bbox 333 1388 539 1458; x_wconf 82' lang='grc' dir='ltr'><strong>λεγέτω</strong></span> <span class='ocrx_word' id='word_1_111' title='bbox 561 1394 588 1444; x_wconf 88' lang='grc' dir='ltr'><strong>ό</strong></span> <span class='ocrx_word' id='word_1_112' title='bbox 615 1391 952 1463; x_wconf 79' lang='grc' dir='ltr'>βουλόμενος,</span> <span class='ocrx_word' id='word_1_113' title='bbox 978 1397 1087 1449; x_wconf 83' lang='grc' dir='ltr'>οὐδ’</span> <span class='ocrx_word' id='word_1_114' title='bbox 1125 1397 1269 1464; x_wconf 80' lang='grc' dir='ltr'>ἆπαξ</span> <span class='ocrx_word' id='word_1_115' title='bbox 1299 1400 1326 1451; x_wconf 89' lang='grc' dir='ltr'><strong>ό</strong></span> <span class='ocrx_word' id='word_1_116' title='bbox 1353 1398 1508 1467; x_wconf 85' lang='grc' dir='ltr'>λόγος</span> <span class='ocrx_word' id='word_1_117' title='bbox 1535 1404 1802 1474; x_wconf 85' lang='grc' dir='ltr'>μαρτυρεῖ</span> <span class='ocrx_word' id='word_1_118' title='bbox 1831 1402 1918 1454; x_wconf 90' lang='grc' dir='ltr'>λέ-</span> 
     </span>
    </p>
   </div>
   <div class='ocr_carea' id='block_1_16' title="bbox 334 1481 1916 1562">
    <p class='ocr_par' dir='ltr' id='par_1_16' title="bbox 334 1481 1916 1562">
     <span class='ocr_line' id='line_1_16' title="bbox 334 1481 1916 1562; baseline 0.008 -30"><span class='ocrx_word' id='word_1_119' title='bbox 334 1497 468 1548; x_wconf 89' lang='grc' dir='ltr'>γων,</span> <span class='ocrx_word' id='word_1_120' title='bbox 509 1483 590 1534; x_wconf 81' lang='grc' dir='ltr'><strong>ὅτι</strong></span> <span class='ocrx_word' id='word_1_121' title='bbox 625 1481 778 1554; x_wconf 78' lang='grc' dir='ltr'>ὤφθη</span> <span class='ocrx_word' id='word_1_122' title='bbox 806 1485 951 1556; x_wconf 79' lang='grc' dir='ltr'>αὐτῷ</span> <span class='ocrx_word' id='word_1_123' title='bbox 974 1488 1001 1539; x_wconf 87' lang='grc' dir='ltr'><strong>ό</strong></span> <span class='ocrx_word' id='word_1_124' title='bbox 1034 1487 1255 1558; x_wconf 84' lang='grc' dir='ltr'>Κύριος,</span> <span class='ocrx_word' id='word_1_125' title='bbox 1291 1489 1365 1552; x_wconf 84' lang='grc' dir='ltr'>ὡς</span> <span class='ocrx_word' id='word_1_126' title='bbox 1389 1490 1479 1542; x_wconf 78' lang='grc' dir='ltr'><strong>ἐπὶ</strong></span> <span class='ocrx_word' id='word_1_127' title='bbox 1515 1488 1622 1543; x_wconf 88' lang='grc' dir='ltr'><strong>τῶν</strong></span> <span class='ocrx_word' id='word_1_128' title='bbox 1647 1507 1916 1562; x_wconf 81' lang='grc' dir='ltr'>πατριάρ-</span> 
     </span>
    </p>
   </div>
   <div class='ocr_carea' id='block_1_17' title="bbox 333 1573 1920 1654">
    <p class='ocr_par' dir='ltr' id='par_1_17' title="bbox 333 1573 1920 1654">
     <span class='ocr_line' id='line_1_17' title="bbox 333 1573 1920 1654; baseline 0.008 -30"><span class='ocrx_word' id='word_1_129' title='bbox 333 1573 443 1642; x_wconf 83' lang='grc' dir='ltr'><strong>χῶν</strong></span> <span class='ocrx_word' id='word_1_130' title='bbox 477 1574 710 1646; x_wconf 83' lang='grc' dir='ltr'>εἰρηκὼς</span> <span class='ocrx_word' id='word_1_131' title='bbox 735 1579 1048 1649; x_wconf 80' lang='grc' dir='ltr'>τετήρηται’</span> <span class='ocrx_word' id='word_1_132' title='bbox 1088 1579 1223 1632; x_wconf 81' lang='grc' dir='ltr'>ἀλλὰ</span> <span class='ocrx_word' id='word_1_133' title='bbox 1248 1580 1355 1653; x_wconf 80' lang='grc' dir='ltr'>γὰρ</span> <span class='ocrx_word' id='word_1_134' title='bbox 1379 1581 1465 1635; x_wconf 82' lang='grc' dir='ltr'><strong>διὰ</strong></span> <span class='ocrx_word' id='word_1_135' title='bbox 1492 1583 1697 1636; x_wconf 89' lang='grc' dir='ltr'>τούτων</span> <span class='ocrx_word' id='word_1_136' title='bbox 1726 1583 1920 1654; x_wconf 84' lang='grc' dir='ltr'>πρόδη-</span> 
     </span>
    </p>
   </div>
   <div class='ocr_carea' id='block_1_18' title="bbox 334 1667 1911 1744">
    <p class='ocr_par' dir='ltr' id='par_1_18' title="bbox 334 1667 1911 1744">
     <span class='ocr_line' id='line_1_18' title="bbox 334 1667 1911 1744; baseline 0.006 -27"><span class='ocrx_word' id='word_1_137' title='bbox 334 1667 448 1728; x_wconf 84' lang='grc' dir='ltr'>λον,</span> <span class='ocrx_word' id='word_1_138' title='bbox 467 1667 546 1719; x_wconf 84' lang='grc' dir='ltr'>ὃτι</span> <span class='ocrx_word' id='word_1_139' title='bbox 572 1671 619 1718; x_wconf 87' lang='grc' dir='ltr'>εἰ</span> <span class='ocrx_word' id='word_1_140' title='bbox 645 1669 738 1722; x_wconf 71' lang='grc' dir='ltr'><strong>καὶ</strong></span> <span class='ocrx_word' id='word_1_141' title='bbox 762 1668 936 1723; x_wconf 81' lang='grc' dir='ltr'>ἐλάλει</span> <span class='ocrx_word' id='word_1_142' title='bbox 959 1670 1105 1741; x_wconf 85' lang='grc' dir='ltr'>αὐτῷ</span> <span class='ocrx_word' id='word_1_143' title='bbox 1125 1672 1327 1743; x_wconf 85' lang='grc' dir='ltr'>Κύριος</span> <span class='ocrx_word' id='word_1_144' title='bbox 1351 1692 1368 1724; x_wconf 79' lang='grc' dir='ltr'><strong>ι</strong></span> <span class='ocrx_word' id='word_1_145' title='bbox 1391 1672 1621 1737; x_wconf 87' lang='grc' dir='ltr'>ἐνώπιος</span> <span class='ocrx_word' id='word_1_146' title='bbox 1643 1675 1880 1744; x_wconf 82' lang='grc' dir='ltr'>ἐνωπίῳ,</span> <span class='ocrx_word' id='word_1_147' title='bbox 1895 1695 1911 1726; x_wconf 75' lang='grc' dir='ltr'><strong>ι</strong></span> 
     </span>
    </p>
   </div>
   <div class='ocr_carea' id='block_1_19' title="bbox 333 1761 1916 1838">
    <p class='ocr_par' dir='ltr' id='par_1_19' title="bbox 333 1761 1916 1838">
     <span class='ocr_line' id='line_1_19' title="bbox 333 1761 1916 1838; baseline 0.004 -26"><span class='ocrx_word' id='word_1_148' title='bbox 333 1761 485 1830; x_wconf 77' lang='grc' dir='ltr'>ὅμως</span> <span class='ocrx_word' id='word_1_149' title='bbox 515 1761 602 1812; x_wconf 79' lang='grc' dir='ltr'>διὰ</span> <span class='ocrx_word' id='word_1_150' title='bbox 639 1762 737 1832; x_wconf 86' lang='grc' dir='ltr'><strong>τῆς</strong></span> <span class='ocrx_word' id='word_1_151' title='bbox 780 1762 1004 1832; x_wconf 85' lang='grc' dir='ltr'>νεφέλης</span> <span class='ocrx_word' id='word_1_152' title='bbox 1036 1764 1211 1818; x_wconf 78' lang='grc' dir='ltr'>ἐλάλει</span> <span class='ocrx_word' id='word_1_153' title='bbox 1252 1765 1397 1835; x_wconf 82' lang='grc' dir='ltr'>αὐτῷ</span> <span class='ocrx_word' id='word_1_154' title='bbox 1418 1781 1430 1794; x_wconf 94' lang='grc'>·</span> <span class='ocrx_word' id='word_1_155' title='bbox 1467 1765 1622 1819; x_wconf 83' lang='grc' dir='ltr'>τοῦτο</span> <span class='ocrx_word' id='word_1_156' title='bbox 1645 1767 1752 1838; x_wconf 86' lang='grc' dir='ltr'>γὰρ</span> <span class='ocrx_word' id='word_1_157' title='bbox 1780 1783 1916 1836; x_wconf 84' lang='grc' dir='ltr'>προ-</span> 
     </span>
    </p>
   </div>
   <div class='ocr_carea' id='block_1_20' title="bbox 2020 577 3603 648">
    <p class='ocr_par' dir='ltr' id='par_1_20' title="bbox 2020 577 3603 648">
     <span class='ocr_line' id='line_1_20' title="bbox 2020 577 3603 648; baseline 0.001 -19"><span class='ocrx_word' id='word_1_158' title='bbox 2020 577 2079 629; x_wconf 84' lang='lat' dir='ltr'><strong>lit</strong></span> <span class='ocrx_word' id='word_1_159' title='bbox 2121 577 2472 634; x_wconf 83' lang='lat' dir='ltr'><strong>manifestum</strong></span> <span class='ocrx_word' id='word_1_160' title='bbox 2506 579 2651 648; x_wconf 90' lang='lat' dir='ltr'><strong>quod</strong></span> <span class='ocrx_word' id='word_1_161' title='bbox 2681 595 2789 633; x_wconf 91' lang='lat' dir='ltr'><strong>non</strong></span> <span class='ocrx_word' id='word_1_162' title='bbox 2826 580 2968 634; x_wconf 89' lang='lat' dir='ltr'><strong>idem</strong></span> <span class='ocrx_word' id='word_1_163' title='bbox 2998 586 3135 644; x_wconf 91' lang='lat' dir='ltr'><strong>erat,</strong></span> <span class='ocrx_word' id='word_1_164' title='bbox 3177 592 3301 631; x_wconf 92' lang='lat' dir='ltr'><strong>cum</strong></span> <span class='ocrx_word' id='word_1_165' title='bbox 3350 578 3603 646; x_wconf 89' lang='lat' dir='ltr'><strong>loquere-</strong></span> 
     </span>
    </p>
   </div>
   <div class='ocr_carea' id='block_1_21' title="bbox 2019 669 3601 737">
    <p class='ocr_par' dir='ltr' id='par_1_21' title="bbox 2019 669 3601 737">
     <span class='ocr_line' id='line_1_21' title="bbox 2019 669 3601 737; baseline 0.001 -15"><span class='ocrx_word' id='word_1_166' title='bbox 2019 677 2111 723; x_wconf 87' lang='lat' dir='ltr'><strong>tur</strong></span> <span class='ocrx_word' id='word_1_167' title='bbox 2140 671 2188 724; x_wconf 89' lang='lat' dir='ltr'><strong>ei</strong></span> <span class='ocrx_word' id='word_1_168' title='bbox 2231 669 2511 737; x_wconf 84' lang='lat' dir='ltr'><strong>Dominus,</strong></span> <span class='ocrx_word' id='word_1_169' title='bbox 2545 680 2742 728; x_wconf 89' lang='lat' dir='ltr'><strong>etcum</strong></span> <span class='ocrx_word' id='word_1_170' title='bbox 2775 672 3130 728; x_wconf 89' lang='lat' dir='ltr'><strong>manifestum</strong></span> <span class='ocrx_word' id='word_1_171' title='bbox 3159 671 3246 726; x_wconf 90' lang='lat' dir='ltr'><strong>sui</strong></span> <span class='ocrx_word' id='word_1_172' title='bbox 3278 671 3456 726; x_wconf 88' lang='lat' dir='ltr'><strong>visum</strong></span> <span class='ocrx_word' id='word_1_173' title='bbox 3487 669 3601 724; x_wconf 79' lang='lat' dir='ltr'><strong>etii—</strong></span> 
     </span>
    </p>
   </div>
   <div class='ocr_carea' id='block_1_22' title="bbox 2018 762 3601 833">
    <p class='ocr_par' dir='ltr' id='par_1_22' title="bbox 2018 762 3601 833">
     <span class='ocr_line' id='line_1_22' title="bbox 2018 762 3601 833; baseline -0.003 -16"><span class='ocrx_word' id='word_1_174' title='bbox 2018 771 2187 819; x_wconf 89' lang='lat' dir='ltr'><strong>ceret.</strong></span> <span class='ocrx_word' id='word_1_175' title='bbox 2207 762 2263 816; x_wconf 88' lang='lat' dir='ltr'><strong>Si</strong></span> <span class='ocrx_word' id='word_1_176' title='bbox 2282 765 2451 826; x_wconf 82' lang='lat' dir='ltr'><strong>enim.</strong></span> <span class='ocrx_word' id='word_1_177' title='bbox 2475 773 2534 818; x_wconf 88' lang='lat' dir='ltr'><strong>ut</strong></span> <span class='ocrx_word' id='word_1_178' title='bbox 2560 766 2806 820; x_wconf 82' lang='lat' dir='ltr'><strong>nonnulli</strong></span> <span class='ocrx_word' id='word_1_179' title='bbox 2830 767 3144 821; x_wconf 79' lang='lat' dir='ltr'><strong>existimare</strong></span> <span class='ocrx_word' id='word_1_180' title='bbox 3169 771 3414 833; x_wconf 90' lang='lat' dir='ltr'><strong>possent,</strong></span> <span class='ocrx_word' id='word_1_181' title='bbox 3430 763 3601 815; x_wconf 86' lang='lat' dir='ltr'><strong>collo-</strong></span> 
     </span>
    </p>
   </div>
   <div class='ocr_carea' id='block_1_23' title="bbox 2019 856 3596 929">
    <p class='ocr_par' dir='ltr' id='par_1_23' title="bbox 2019 856 3596 929">
     <span class='ocr_line' id='line_1_23' title="bbox 2019 856 3596 929; baseline 0.002 -23"><span class='ocrx_word' id='word_1_182' title='bbox 2019 863 2204 910; x_wconf 90' lang='lat' dir='ltr'><strong>cutum</strong></span> <span class='ocrx_word' id='word_1_183' title='bbox 2224 856 2393 912; x_wconf 90' lang='lat' dir='ltr'><strong>fuisse</strong></span> <span class='ocrx_word' id='word_1_184' title='bbox 2409 873 2530 912; x_wconf 93' lang='lat' dir='ltr'><strong>cum</strong></span> <span class='ocrx_word' id='word_1_185' title='bbox 2551 874 2616 913; x_wconf 90' lang='lat' dir='ltr'><strong>eo</strong></span> <span class='ocrx_word' id='word_1_186' title='bbox 2630 858 2798 913; x_wconf 92' lang='lat' dir='ltr'><strong>Deum</strong></span> <span class='ocrx_word' id='word_1_187' title='bbox 2817 867 3114 929; x_wconf 89' lang='lat' dir='ltr'><strong>conspectu</strong></span> <span class='ocrx_word' id='word_1_188' title='bbox 3135 860 3199 912; x_wconf 93' lang='lat' dir='ltr'><strong>ad</strong></span> <span class='ocrx_word' id='word_1_189' title='bbox 3220 866 3596 928; x_wconf 87' lang='lat' dir='ltr'><strong>conspectum,</strong></span> 
     </span>
    </p>
   </div>
   <div class='ocr_carea' id='block_1_24' title="bbox 2019 944 3601 1020">
    <p class='ocr_par' dir='ltr' id='par_1_24' title="bbox 2019 944 3601 1020">
     <span class='ocr_line' id='line_1_24' title="bbox 2019 944 3601 1020; baseline 0.003 -23"><span class='ocrx_word' id='word_1_190' title='bbox 2019 944 2160 998; x_wconf 92' lang='lat' dir='ltr'><strong>idem</strong></span> <span class='ocrx_word' id='word_1_191' title='bbox 2179 953 2323 1000; x_wconf 81' lang='lat' dir='ltr'><strong>esset</strong></span> <span class='ocrx_word' id='word_1_192' title='bbox 2354 960 2417 1000; x_wconf 89' lang='lat' dir='ltr'><strong>ac</strong></span> <span class='ocrx_word' id='word_1_193' title='bbox 2452 949 2630 1002; x_wconf 90' lang='lat' dir='ltr'><strong>visum</strong></span> <span class='ocrx_word' id='word_1_194' title='bbox 2654 948 2824 1004; x_wconf 85' lang='lat' dir='ltr'><strong>fuisse</strong></span> <span class='ocrx_word' id='word_1_195' title='bbox 2843 950 2916 1014; x_wconf 91' lang='lat' dir='ltr'><strong>ei,</strong></span> <span class='ocrx_word' id='word_1_196' title='bbox 2946 958 3004 1003; x_wconf 94' lang='lat' dir='ltr'><strong>ut</strong></span> <span class='ocrx_word' id='word_1_197' title='bbox 3029 950 3139 1004; x_wconf 86' lang='lat' dir='ltr'><strong>dici</strong></span> <span class='ocrx_word' id='word_1_198' title='bbox 3167 958 3370 1020; x_wconf 90' lang='lat' dir='ltr'><strong>posset,</strong></span> <span class='ocrx_word' id='word_1_199' title='bbox 3413 969 3430 998; x_wconf 70' lang='grc' dir='ltr'><strong>ε</strong></span> <span class='ocrx_word' id='word_1_200' title='bbox 3461 947 3601 1001; x_wconf 73' lang='lat' dir='ltr'><strong>facie</strong></span> 
     </span>
    </p>
   </div>
   <div class='ocr_carea' id='block_1_25' title="bbox 2019 1033 3599 1111">
    <p class='ocr_par' dir='ltr' id='par_1_25' title="bbox 2019 1033 3599 1111">
     <span class='ocr_line' id='line_1_25' title="bbox 2019 1033 3599 1111; baseline 0.004 -23"><span class='ocrx_word' id='word_1_201' title='bbox 2019 1036 2086 1088; x_wconf 90' lang='lat' dir='ltr'><strong>ad</strong></span> <span class='ocrx_word' id='word_1_202' title='bbox 2105 1033 2487 1107; x_wconf 66' lang='lat' dir='ltr'><strong>faciem,»qu-is</strong></span> <span class='ocrx_word' id='word_1_203' title='bbox 2509 1039 2628 1107; x_wconf 88' lang='lat' dir='ltr'><strong>ejus</strong></span> <span class='ocrx_word' id='word_1_204' title='bbox 2657 1042 3010 1109; x_wconf 76' lang='lat' dir='ltr'><strong>postulationi</strong></span> <span class='ocrx_word' id='word_1_205' title='bbox 3031 1043 3428 1111; x_wconf 80' lang='lat' dir='ltr'><strong>relinqueretur</strong></span> <span class='ocrx_word' id='word_1_206' title='bbox 3445 1042 3599 1094; x_wconf 89' lang='lat' dir='ltr'><strong>locus</strong></span> 
     </span>
    </p>
   </div>
   <div class='ocr_carea' id='block_1_26' title="bbox 2018 1125 3598 1203">
    <p class='ocr_par' dir='ltr' id='par_1_26' title="bbox 2018 1125 3598 1203">
     <span class='ocr_line' id='line_1_26' title="bbox 2018 1125 3598 1203; baseline 0.004 -24"><span class='ocrx_word' id='word_1_207' title='bbox 2018 1125 2294 1182; x_wconf 85' lang='lat' dir='ltr'><strong>dicentis:</strong></span> <span class='ocrx_word' id='word_1_208' title='bbox 2337 1146 2356 1179; x_wconf 71' lang='grc' dir='ltr'><strong>ι</strong></span> <span class='ocrx_word' id='word_1_209' title='bbox 2410 1129 2468 1183; x_wconf 92' lang='lat' dir='ltr'><strong>Si</strong></span> <span class='ocrx_word' id='word_1_210' title='bbox 2508 1131 2691 1185; x_wconf 88' lang='lat' dir='ltr'><strong>inveni</strong></span> <span class='ocrx_word' id='word_1_211' title='bbox 2735 1133 2966 1202; x_wconf 78' lang='lat' dir='ltr'><strong>gratiam</strong></span> <span class='ocrx_word' id='word_1_212' title='bbox 3019 1134 3074 1187; x_wconf 90' lang='lat' dir='ltr'><strong>in</strong></span> <span class='ocrx_word' id='word_1_213' title='bbox 3131 1141 3430 1203; x_wconf 79' lang='lat' dir='ltr'><strong>conspectu</strong></span> <span class='ocrx_word' id='word_1_214' title='bbox 3482 1144 3598 1196; x_wconf 92' lang='lat' dir='ltr'><strong>tuo,</strong></span> 
     </span>
    </p>
   </div>
   <div class='ocr_carea' id='block_1_27' title="bbox 2019 1219 3602 1290">
    <p class='ocr_par' dir='ltr' id='par_1_27' title="bbox 2019 1219 3602 1290">
     <span class='ocr_line' id='line_1_27' title="bbox 2019 1219 3602 1290; baseline 0.004 -19"><span class='ocrx_word' id='word_1_215' title='bbox 2019 1219 2247 1273; x_wconf 88' lang='lat' dir='ltr'><strong>ostende</strong></span> <span class='ocrx_word' id='word_1_216' title='bbox 2283 1221 2418 1275; x_wconf 91' lang='lat' dir='ltr'><strong>mihi</strong></span> <span class='ocrx_word' id='word_1_217' title='bbox 2465 1220 2658 1277; x_wconf 84' lang='lat' dir='ltr'><strong>faciem</strong></span> <span class='ocrx_word' id='word_1_218' title='bbox 2705 1231 2873 1285; x_wconf 88' lang='lat' dir='ltr'><strong>tuam,</strong></span> <span class='ocrx_word' id='word_1_219' title='bbox 2919 1231 2978 1277; x_wconf 89' lang='lat' dir='ltr'><strong>ut</strong></span> <span class='ocrx_word' id='word_1_220' title='bbox 3029 1225 3196 1280; x_wconf 87' lang='lat' dir='ltr'><strong>sciam</strong></span> <span class='ocrx_word' id='word_1_221' title='bbox 3251 1225 3360 1279; x_wconf 85' lang='lat' dir='ltr'><strong>te?</strong></span> <span class='ocrx_word' id='word_1_222' title='bbox 3397 1244 3415 1275; x_wconf 72' lang='grc' dir='ltr'><strong>ο</strong></span> <span class='ocrx_word' id='word_1_223' title='bbox 3453 1225 3602 1290; x_wconf 88' lang='lat' dir='ltr'><strong>Quo-</strong></span> 
     </span>
    </p>
   </div>
   <div class='ocr_carea' id='block_1_28' title="bbox 2019 1309 3599 1383">
    <p class='ocr_par' dir='ltr' id='par_1_28' title="bbox 2019 1309 3599 1383">
     <span class='ocr_line' id='line_1_28' title="bbox 2019 1309 3599 1383; baseline 0.005 -21"><span class='ocrx_word' id='word_1_224' title='bbox 2019 1309 2184 1363; x_wconf 91' lang='lat' dir='ltr'><strong>modo</strong></span> <span class='ocrx_word' id='word_1_225' title='bbox 2211 1318 2415 1376; x_wconf 90' lang='lat' dir='ltr'><strong>autem,</strong></span> <span class='ocrx_word' id='word_1_226' title='bbox 2443 1313 2488 1368; x_wconf 90' lang='lat' dir='ltr'><strong>si</strong></span> <span class='ocrx_word' id='word_1_227' title='bbox 2513 1321 2568 1367; x_wconf 90' lang='lat' dir='ltr'><strong>et</strong></span> <span class='ocrx_word' id='word_1_228' title='bbox 2599 1313 2754 1383; x_wconf 92' lang='lat' dir='ltr'><strong>prius</strong></span> <span class='ocrx_word' id='word_1_229' title='bbox 2777 1317 2829 1382; x_wconf 81' lang='lat' dir='ltr'><strong>ei</strong></span> <span class='ocrx_word' id='word_1_230' title='bbox 2855 1313 2995 1370; x_wconf 89' lang='lat' dir='ltr'><strong>facie</strong></span> <span class='ocrx_word' id='word_1_231' title='bbox 3021 1317 3088 1369; x_wconf 90' lang='lat' dir='ltr'><strong>ad</strong></span> <span class='ocrx_word' id='word_1_232' title='bbox 3117 1317 3332 1379; x_wconf 83' lang='lat' dir='ltr'><strong>faciem,</strong></span> <span class='ocrx_word' id='word_1_233' title='bbox 3368 1325 3428 1369; x_wconf 92' lang='lat' dir='ltr'><strong>ut</strong></span> <span class='ocrx_word' id='word_1_234' title='bbox 3464 1332 3599 1370; x_wconf 85' lang='lat' dir='ltr'><strong>non-</strong></span> 
     </span>
    </p>
   </div>
   <div class='ocr_carea' id='block_1_29' title="bbox 2022 1400 3605 1474">
    <p class='ocr_par' dir='ltr' id='par_1_29' title="bbox 2022 1400 3605 1474">
     <span class='ocr_line' id='line_1_29' title="bbox 2022 1400 3605 1474; baseline 0.004 -22"><span class='ocrx_word' id='word_1_235' title='bbox 2022 1400 2161 1453; x_wconf 90' lang='lat' dir='ltr'><strong>nulli</strong></span> <span class='ocrx_word' id='word_1_236' title='bbox 2189 1410 2469 1470; x_wconf 82' lang='lat' dir='ltr'><strong>putarent,</strong></span> <span class='ocrx_word' id='word_1_237' title='bbox 2500 1403 2652 1460; x_wconf 91' lang='lat' dir='ltr'><strong>visus</strong></span> <span class='ocrx_word' id='word_1_238' title='bbox 2686 1403 2905 1469; x_wconf 83' lang='lat' dir='ltr'><strong>fuisset,</strong></span> <span class='ocrx_word' id='word_1_239' title='bbox 2935 1406 3155 1474; x_wconf 89' lang='lat' dir='ltr'><strong>subjicit</strong></span> <span class='ocrx_word' id='word_1_240' title='bbox 3184 1406 3372 1462; x_wconf 88' lang='lat' dir='ltr'><strong>dicens</strong></span> <span class='ocrx_word' id='word_1_241' title='bbox 3405 1408 3451 1462; x_wconf 87' lang='lat' dir='ltr'><strong>ei</strong></span> <span class='ocrx_word' id='word_1_242' title='bbox 3497 1406 3605 1459; x_wconf 84' lang='lat' dir='ltr'><strong>Do-</strong></span> 
     </span>
    </p>
   </div>
   <div class='ocr_carea' id='block_1_30' title="bbox 2023 1490 3602 1562">
    <p class='ocr_par' dir='ltr' id='par_1_30' title="bbox 2023 1490 3602 1562">
     <span class='ocr_line' id='line_1_30' title="bbox 2023 1490 3602 1562; baseline 0.006 -20"><span class='ocrx_word' id='word_1_243' title='bbox 2023 1490 2245 1550; x_wconf 86' lang='lat' dir='ltr'><strong>minus:</strong></span> <span class='ocrx_word' id='word_1_244' title='bbox 2294 1511 2312 1543; x_wconf 77' lang='grc' dir='ltr'><strong>ι</strong></span> <span class='ocrx_word' id='word_1_245' title='bbox 2352 1491 2470 1548; x_wconf 90' lang='lat' dir='ltr'><strong>Non</strong></span> <span class='ocrx_word' id='word_1_246' title='bbox 2505 1494 2715 1562; x_wconf 91' lang='lat' dir='ltr'><strong>poteris</strong></span> <span class='ocrx_word' id='word_1_247' title='bbox 2764 1495 2950 1550; x_wconf 86' lang='lat' dir='ltr'><strong>videre</strong></span> <span class='ocrx_word' id='word_1_248' title='bbox 2991 1495 3187 1550; x_wconf 82' lang='lat' dir='ltr'><strong>faciem</strong></span> <span class='ocrx_word' id='word_1_249' title='bbox 3223 1511 3434 1550; x_wconf 78' lang='lat' dir='ltr'><strong>meam:</strong></span> <span class='ocrx_word' id='word_1_250' title='bbox 3491 1513 3602 1552; x_wconf 90' lang='lat' dir='ltr'><strong>non</strong></span> 
     </span>
    </p>
   </div>
   <div class='ocr_carea' id='block_1_31' title="bbox 2019 1583 3604 1658">
    <p class='ocr_par' dir='ltr' id='par_1_31' title="bbox 2019 1583 3604 1658">
     <span class='ocr_line' id='line_1_31' title="bbox 2019 1583 3604 1658; baseline 0.003 -21"><span class='ocrx_word' id='word_1_251' title='bbox 2019 1583 2165 1637; x_wconf 89' lang='lat' dir='ltr'><strong>enim</strong></span> <span class='ocrx_word' id='word_1_252' title='bbox 2195 1583 2400 1638; x_wconf 85' lang='lat' dir='ltr'><strong>videbit</strong></span> <span class='ocrx_word' id='word_1_253' title='bbox 2427 1599 2514 1640; x_wconf 90' lang='lat' dir='ltr'><strong>me</strong></span> <span class='ocrx_word' id='word_1_254' title='bbox 2555 1585 2720 1639; x_wconf 88' lang='lat' dir='ltr'><strong>homo</strong></span> <span class='ocrx_word' id='word_1_255' title='bbox 2752 1593 2806 1641; x_wconf 92' lang='lat' dir='ltr'><strong>et</strong></span> <span class='ocrx_word' id='word_1_256' title='bbox 2854 1586 3034 1641; x_wconf 84' lang='lat' dir='ltr'><strong>vivet?</strong></span> <span class='ocrx_word' id='word_1_257' title='bbox 3075 1607 3093 1640; x_wconf 74' lang='grc' dir='ltr'><strong>ι</strong></span> <span class='ocrx_word' id='word_1_258' title='bbox 3137 1587 3409 1657; x_wconf 86' lang='lat' dir='ltr'><strong>Quidquid</strong></span> <span class='ocrx_word' id='word_1_259' title='bbox 3437 1589 3604 1658; x_wconf 87' lang='lat' dir='ltr'><strong>objici</strong></span> 
     </span>
    </p>
   </div>
   <div class='ocr_carea' id='block_1_32' title="bbox 2021 1676 3602 1744">
    <p class='ocr_par' dir='ltr' id='par_1_32' title="bbox 2021 1676 3602 1744">
     <span class='ocr_line' id='line_1_32' title="bbox 2021 1676 3602 1744; baseline 0.003 -17"><span class='ocrx_word' id='word_1_260' title='bbox 2021 1676 2217 1744; x_wconf 90' lang='lat' dir='ltr'><strong>possit,</strong></span> <span class='ocrx_word' id='word_1_261' title='bbox 2270 1691 2380 1730; x_wconf 89' lang='lat' dir='ltr'><strong>non</strong></span> <span class='ocrx_word' id='word_1_262' title='bbox 2441 1679 2616 1732; x_wconf 90' lang='lat' dir='ltr'><strong>semel</strong></span> <span class='ocrx_word' id='word_1_263' title='bbox 2677 1679 2925 1732; x_wconf 88' lang='lat' dir='ltr'><strong>narratio</strong></span> <span class='ocrx_word' id='word_1_264' title='bbox 2979 1687 3372 1733; x_wconf 89' lang='lat' dir='ltr'><strong>commemorat</strong></span> <span class='ocrx_word' id='word_1_265' title='bbox 3423 1679 3602 1734; x_wconf 78' lang='lat' dir='ltr'><strong>visum</strong></span> 
     </span>
    </p>
   </div>
   <div class='ocr_carea' id='block_1_33' title="bbox 2022 1764 3605 1841">
    <p class='ocr_par' dir='ltr' id='par_1_33' title="bbox 2022 1764 3605 1841">
     <span class='ocr_line' id='line_1_33' title="bbox 2022 1764 3605 1841; baseline 0.004 -23"><span class='ocrx_word' id='word_1_266' title='bbox 2022 1764 2195 1823; x_wconf 88' lang='lat' dir='ltr'><strong>fuisse</strong></span> <span class='ocrx_word' id='word_1_267' title='bbox 2227 1768 2278 1822; x_wconf 89' lang='lat' dir='ltr'><strong>ei</strong></span> <span class='ocrx_word' id='word_1_268' title='bbox 2310 1768 2627 1833; x_wconf 92' lang='lat' dir='ltr'><strong>Dominum,</strong></span> <span class='ocrx_word' id='word_1_269' title='bbox 2662 1777 2720 1823; x_wconf 92' lang='lat' dir='ltr'><strong>ut</strong></span> <span class='ocrx_word' id='word_1_270' title='bbox 2749 1770 2817 1823; x_wconf 93' lang='lat' dir='ltr'><strong>de</strong></span> <span class='ocrx_word' id='word_1_271' title='bbox 2853 1770 3182 1839; x_wconf 87' lang='lat' dir='ltr'><strong>patriarchis</strong></span> <span class='ocrx_word' id='word_1_272' title='bbox 3223 1786 3482 1841; x_wconf 82' lang='lat' dir='ltr'><strong>expresse</strong></span> <span class='ocrx_word' id='word_1_273' title='bbox 3516 1787 3605 1825; x_wconf 58' lang='lat' dir='ltr'><strong>reo</strong></span> 
     </span>
    </p>
   </div>
   <div class='ocr_carea' id='block_1_34' title="bbox 336 1833 1914 1931">
    <p class='ocr_par' dir='ltr' id='par_1_34' title="bbox 336 1833 1914 1924">
     <span class='ocr_line' id='line_1_34' title="bbox 336 1833 1914 1924; baseline 0.006 -23"><span class='ocrx_word' id='word_1_274' title='bbox 336 1851 666 1921; x_wconf 78' lang='grc' dir='ltr'>παρίστησιν</span> <span class='ocrx_word' id='word_1_275' title='bbox 698 1855 728 1922; x_wconf 84' lang='grc' dir='ltr'><strong>ἡ</strong></span> <span class='ocrx_word' id='word_1_276' title='bbox 755 1853 942 1924; x_wconf 82' lang='grc' dir='ltr'>Γραφὴ</span> <span class='ocrx_word' id='word_1_277' title='bbox 977 1853 1226 1922; x_wconf 77' lang='grc' dir='ltr'>λέγουσαο</span> <span class='ocrx_word' id='word_1_278' title='bbox 1264 1875 1282 1907; x_wconf 73' lang='grc' dir='ltr'><strong>ι</strong></span> <span class='ocrx_word' id='word_1_279' title='bbox 1309 1833 1696 1911; x_wconf 83' lang='grc' dir='ltr'>Κατέϐαινενό</span> <span class='ocrx_word' id='word_1_280' title='bbox 1721 1833 1914 1922; x_wconf 43' lang='grc' dir='ltr'>’στῦλος</span> 
     </span>
    </p>
   </div>
   <div class='ocr_carea' id='block_1_35' title="bbox 2016 1833 3602 1931">
    <p class='ocr_par' dir='ltr' id='par_1_35' title="bbox 2022 1857 3602 1931">
     <span class='ocr_line' id='line_1_35' title="bbox 2022 1857 3602 1931; baseline 0.003 -19"><span class='ocrx_word' id='word_1_281' title='bbox 2022 1857 2213 1912; x_wconf 91' lang='lat' dir='ltr'><strong>fertur.</strong></span> <span class='ocrx_word' id='word_1_282' title='bbox 2251 1858 2545 1914; x_wconf 88' lang='lat' dir='ltr'><strong>Enimvero</strong></span> <span class='ocrx_word' id='word_1_283' title='bbox 2576 1875 2640 1914; x_wconf 79' lang='lat' dir='ltr'><strong>ex</strong></span> <span class='ocrx_word' id='word_1_284' title='bbox 2674 1860 2744 1914; x_wconf 92' lang='lat' dir='ltr'><strong>iis</strong></span> <span class='ocrx_word' id='word_1_285' title='bbox 2774 1869 3010 1920; x_wconf 67' lang='lat' dir='ltr'><strong>1constat</strong></span> <span class='ocrx_word' id='word_1_286' title='bbox 3055 1860 3223 1930; x_wconf 90' lang='lat' dir='ltr'><strong>quod,</strong></span> <span class='ocrx_word' id='word_1_287' title='bbox 3262 1863 3307 1916; x_wconf 91' lang='lat' dir='ltr'><strong>si</strong></span> <span class='ocrx_word' id='word_1_288' title='bbox 3351 1862 3602 1931; x_wconf 82' lang='lat' dir='ltr'><strong>loquere-</strong></span> 
     </span>
    </p>
   </div>
   <div class='ocr_carea' id='block_1_36' title="bbox 333 1941 1913 2021">
    <p class='ocr_par' dir='ltr' id='par_1_36' title="bbox 333 1941 1913 2021">
     <span class='ocr_line' id='line_1_36' title="bbox 333 1941 1913 2021; baseline 0.005 -27"><span class='ocrx_word' id='word_1_289' title='bbox 333 1941 435 2012; x_wconf 78' lang='grc' dir='ltr'><strong>τῆς</strong></span> <span class='ocrx_word' id='word_1_290' title='bbox 467 1943 696 2015; x_wconf 81' lang='grc' dir='ltr'>νεφέλης</span> <span class='ocrx_word' id='word_1_291' title='bbox 728 1946 820 1998; x_wconf 72' lang='grc' dir='ltr'><strong>καὶ</strong></span> <span class='ocrx_word' id='word_1_292' title='bbox 851 1947 1033 1999; x_wconf 80' lang='grc' dir='ltr'>ἵστατο</span> <span class='ocrx_word' id='word_1_293' title='bbox 1064 1947 1155 1999; x_wconf 86' lang='grc' dir='ltr'><strong>ἐπὶ</strong></span> <span class='ocrx_word' id='word_1_294' title='bbox 1201 1948 1308 2001; x_wconf 81' lang='grc' dir='ltr'><strong>τῶν</strong></span> <span class='ocrx_word' id='word_1_295' title='bbox 1357 1948 1535 2020; x_wconf 84' lang='grc' dir='ltr'>θυρῶν</span> <span class='ocrx_word' id='word_1_296' title='bbox 1561 1949 1659 2020; x_wconf 83' lang='grc' dir='ltr'><strong>τῆς</strong></span> <span class='ocrx_word' id='word_1_297' title='bbox 1689 1951 1913 2021; x_wconf 81' lang='grc' dir='ltr'>σκηνῆς,</span> 
     </span>
    </p>
   </div>
   <div class='ocr_carea' id='block_1_37' title="bbox 337 2035 1918 2114">
    <p class='ocr_par' dir='ltr' id='par_1_37' title="bbox 337 2035 1918 2114">
     <span class='ocr_line' id='line_1_37' title="bbox 337 2035 1918 2114; baseline 0.007 -29"><span class='ocrx_word' id='word_1_298' title='bbox 337 2035 430 2086; x_wconf 76' lang='grc' dir='ltr'><strong>καὶ</strong></span> <span class='ocrx_word' id='word_1_299' title='bbox 459 2035 634 2089; x_wconf 86' lang='grc' dir='ltr'>ἐλάλει</span> <span class='ocrx_word' id='word_1_300' title='bbox 661 2037 740 2107; x_wconf 78' lang='grc' dir='ltr'><strong>τῷ</strong></span> <span class='ocrx_word' id='word_1_301' title='bbox 761 2040 1002 2092; x_wconf 84' lang='grc' dir='ltr'><strong>Μωϋσεί.</strong></span> <span class='ocrx_word' id='word_1_302' title='bbox 1027 2059 1042 2089; x_wconf 73' lang='grc' dir='ltr'><strong>ι</strong></span> <span class='ocrx_word' id='word_1_303' title='bbox 1069 2039 1274 2093; x_wconf 80' lang='grc' dir='ltr'>Οὐκοῦν</span> <span class='ocrx_word' id='word_1_304' title='bbox 1303 2041 1390 2094; x_wconf 86' lang='grc' dir='ltr'>διὰ</span> <span class='ocrx_word' id='word_1_305' title='bbox 1425 2043 1524 2112; x_wconf 86' lang='grc' dir='ltr'><strong>τῆς</strong></span> <span class='ocrx_word' id='word_1_306' title='bbox 1547 2043 1775 2114; x_wconf 81' lang='grc' dir='ltr'>νεφέλης</span> <span class='ocrx_word' id='word_1_307' title='bbox 1798 2043 1918 2096; x_wconf 91' lang='grc' dir='ltr'>ἐλά-</span> 
     </span>
    </p>
   </div>
   <div class='ocr_carea' id='block_1_38' title="bbox 336 2129 1913 2208">
    <p class='ocr_par' dir='ltr' id='par_1_38' title="bbox 336 2129 1913 2208">
     <span class='ocr_line' id='line_1_38' title="bbox 336 2129 1913 2208; baseline 0.005 -27"><span class='ocrx_word' id='word_1_308' title='bbox 336 2129 438 2190; x_wconf 84' lang='grc' dir='ltr'>λει,</span> <span class='ocrx_word' id='word_1_309' title='bbox 465 2131 525 2182; x_wconf 76' lang='grc' dir='ltr'><strong>οὐ</strong></span> <span class='ocrx_word' id='word_1_310' title='bbox 563 2131 666 2202; x_wconf 81' lang='grc' dir='ltr'>μὴν</span> <span class='ocrx_word' id='word_1_311' title='bbox 701 2133 792 2183; x_wconf 77' lang='grc' dir='ltr'><strong>καὶ</strong></span> <span class='ocrx_word' id='word_1_312' title='bbox 835 2133 1034 2202; x_wconf 85' lang='grc' dir='ltr'>ὁμοίως</span> <span class='ocrx_word' id='word_1_313' title='bbox 1071 2132 1148 2201; x_wconf 82' lang='grc' dir='ltr'>τῷ</span> <span class='ocrx_word' id='word_1_314' title='bbox 1183 2133 1431 2204; x_wconf 80' lang='grc' dir='ltr'>Ἀϐραὰμ</span> <span class='ocrx_word' id='word_1_315' title='bbox 1465 2135 1498 2206; x_wconf 83' lang='grc' dir='ltr'>ἢ</span> <span class='ocrx_word' id='word_1_316' title='bbox 1541 2133 1618 2205; x_wconf 86' lang='grc' dir='ltr'>τῷ</span> <span class='ocrx_word' id='word_1_317' title='bbox 1665 2136 1850 2189; x_wconf 78' lang='grc' dir='ltr'>Ἰσαὰκ</span> <span class='ocrx_word' id='word_1_318' title='bbox 1880 2138 1913 2208; x_wconf 86' lang='grc' dir='ltr'><strong>ἢ</strong></span> 
     </span>
    </p>
   </div>
   <div class='ocr_carea' id='block_1_39' title="bbox 334 2221 1917 2297">
    <p class='ocr_par' dir='ltr' id='par_1_39' title="bbox 334 2221 1917 2297">
     <span class='ocr_line' id='line_1_39' title="bbox 334 2221 1917 2297; baseline 0.005 -25"><span class='ocrx_word' id='word_1_319' title='bbox 334 2221 413 2291; x_wconf 82' lang='grc' dir='ltr'><strong>τῷ</strong></span> <span class='ocrx_word' id='word_1_320' title='bbox 451 2221 643 2274; x_wconf 83' lang='grc' dir='ltr'>Ἰακὼϐ</span> <span class='ocrx_word' id='word_1_321' title='bbox 674 2221 826 2294; x_wconf 78' lang='grc' dir='ltr'>ὤφθη</span> <span class='ocrx_word' id='word_1_322' title='bbox 862 2223 1012 2294; x_wconf 82' lang='grc' dir='ltr'>αὐτῷ</span> <span class='ocrx_word' id='word_1_323' title='bbox 1032 2242 1044 2252; x_wconf 92' lang='grc'><strong>·</strong></span> <span class='ocrx_word' id='word_1_324' title='bbox 1082 2223 1310 2287; x_wconf 81' lang='grc' dir='ltr'>ἐκείνοις</span> <span class='ocrx_word' id='word_1_325' title='bbox 1333 2223 1430 2294; x_wconf 87' lang='grc' dir='ltr'><strong>μὲν</strong></span> <span class='ocrx_word' id='word_1_326' title='bbox 1455 2226 1561 2296; x_wconf 87' lang='grc' dir='ltr'><strong>γὰρ</strong></span> <span class='ocrx_word' id='word_1_327' title='bbox 1581 2227 1804 2297; x_wconf 88' lang='grc' dir='ltr'>γυμνῶς</span> <span class='ocrx_word' id='word_1_328' title='bbox 1823 2229 1917 2280; x_wconf 73' lang='grc' dir='ltr'><strong>καὶ</strong></span> 
     </span>
    </p>
   </div>
   <div class='ocr_carea' id='block_1_40' title="bbox 334 2313 1918 2389">
    <p class='ocr_par' dir='ltr' id='par_1_40' title="bbox 334 2313 1918 2389">
     <span class='ocr_line' id='line_1_40' title="bbox 334 2313 1918 2389; baseline 0.004 -23"><span class='ocrx_word' id='word_1_329' title='bbox 334 2313 548 2384; x_wconf 81' lang='grc' dir='ltr'>τρανῶς</span> <span class='ocrx_word' id='word_1_330' title='bbox 577 2315 702 2368; x_wconf 80' lang='grc' dir='ltr'>ἄνευ</span> <span class='ocrx_word' id='word_1_331' title='bbox 735 2315 877 2377; x_wconf 87' lang='grc' dir='ltr'>τινὸς</span> <span class='ocrx_word' id='word_1_332' title='bbox 902 2316 1074 2378; x_wconf 79' lang='grc' dir='ltr'>εἴδους</span> <span class='ocrx_word' id='word_1_333' title='bbox 1107 2315 1291 2384; x_wconf 78' lang='grc' dir='ltr'>ὀφθεὶς</span> <span class='ocrx_word' id='word_1_334' title='bbox 1330 2317 1762 2389; x_wconf 84' lang='grc' dir='ltr'>ἀναγέγραπται,</span> <span class='ocrx_word' id='word_1_335' title='bbox 1796 2320 1918 2372; x_wconf 87' lang='grc' dir='ltr'>τού-</span> 
     </span>
    </p>
   </div>
   <div class='ocr_carea' id='block_1_41' title="bbox 335 2406 1913 2481">
    <p class='ocr_par' dir='ltr' id='par_1_41' title="bbox 335 2406 1913 2481">
     <span class='ocr_line' id='line_1_41' title="bbox 335 2406 1913 2481; baseline 0.004 -23"><span class='ocrx_word' id='word_1_336' title='bbox 335 2425 413 2476; x_wconf 84' lang='grc' dir='ltr'><strong>τῳ</strong></span> <span class='ocrx_word' id='word_1_337' title='bbox 445 2406 498 2458; x_wconf 89' lang='grc' dir='ltr'>δὲ</span> <span class='ocrx_word' id='word_1_338' title='bbox 531 2406 618 2458; x_wconf 81' lang='grc' dir='ltr'><strong>διά</strong></span> <span class='ocrx_word' id='word_1_339' title='bbox 647 2406 742 2458; x_wconf 79' lang='grc' dir='ltr'><strong>τοῦ</strong></span> <span class='ocrx_word' id='word_1_340' title='bbox 767 2407 1164 2478; x_wconf 80' lang='grc' dir='ltr'>ὀνομαζομένου</span> <span class='ocrx_word' id='word_1_341' title='bbox 1193 2408 1364 2472; x_wconf 79' lang='grc' dir='ltr'>εἴδους</span> <span class='ocrx_word' id='word_1_342' title='bbox 1407 2409 1500 2462; x_wconf 75' lang='grc' dir='ltr'>καὶ</span> <span class='ocrx_word' id='word_1_343' title='bbox 1529 2411 1628 2481; x_wconf 87' lang='grc' dir='ltr'><strong>τῆς</strong></span> <span class='ocrx_word' id='word_1_344' title='bbox 1661 2411 1913 2481; x_wconf 80' lang='grc' dir='ltr'>νεφέλης,</span> 
     </span>
    </p>
   </div>
   <div class='ocr_carea' id='block_1_42' title="bbox 333 2499 1911 2571">
    <p class='ocr_par' dir='ltr' id='par_1_42' title="bbox 333 2499 1911 2571">
     <span class='ocr_line' id='line_1_42' title="bbox 333 2499 1911 2571; baseline 0.003 -18"><span class='ocrx_word' id='word_1_345' title='bbox 333 2501 402 2571; x_wconf 86' lang='grc' dir='ltr'>ἣν</span> <span class='ocrx_word' id='word_1_346' title='bbox 455 2501 549 2554; x_wconf 76' lang='grc' dir='ltr'><strong>καὶ</strong></span> <span class='ocrx_word' id='word_1_347' title='bbox 610 2501 764 2565; x_wconf 82' lang='grc' dir='ltr'>δόξαν</span> <span class='ocrx_word' id='word_1_348' title='bbox 814 2500 1021 2571; x_wconf 81' lang='grc' dir='ltr'>Κυρίου</span> <span class='ocrx_word' id='word_1_349' title='bbox 1075 2499 1330 2570; x_wconf 80' lang='grc' dir='ltr'>ὀνομάζει</span> <span class='ocrx_word' id='word_1_350' title='bbox 1385 2503 1413 2553; x_wconf 87' lang='grc' dir='ltr'><strong>ό</strong></span> <span class='ocrx_word' id='word_1_351' title='bbox 1460 2500 1616 2569; x_wconf 84' lang='grc' dir='ltr'>λόγος</span> <span class='ocrx_word' id='word_1_352' title='bbox 1669 2503 1911 2571; x_wconf 85' lang='grc' dir='ltr'>φάσκων·</span> 
     </span>
    </p>
   </div>
   <div class='ocr_carea' id='block_1_43' title="bbox 340 2594 1914 2668">
    <p class='ocr_par' dir='ltr' id='par_1_43' title="bbox 340 2594 1914 2668">
     <span class='ocr_line' id='line_1_43' title="bbox 340 2594 1914 2668; baseline 0.003 -22"><span class='ocrx_word' id='word_1_353' title='bbox 340 2595 571 2648; x_wconf 73' lang='grc' dir='ltr'>«Ἡνίκα</span> <span class='ocrx_word' id='word_1_354' title='bbox 631 2595 687 2648; x_wconf 82' lang='grc' dir='ltr'>δὲ</span> <span class='ocrx_word' id='word_1_355' title='bbox 738 2595 915 2649; x_wconf 82' lang='grc' dir='ltr'>ἐλάλει</span> <span class='ocrx_word' id='word_1_356' title='bbox 967 2594 1206 2664; x_wconf 81' lang='grc' dir='ltr'>Μωῦσῆς</span> <span class='ocrx_word' id='word_1_357' title='bbox 1244 2594 1391 2665; x_wconf 85' lang='grc' dir='ltr'>πάσῃ</span> <span class='ocrx_word' id='word_1_358' title='bbox 1446 2600 1736 2668; x_wconf 82' lang='grc' dir='ltr'>συναγωγῇ</span> <span class='ocrx_word' id='word_1_359' title='bbox 1785 2597 1914 2650; x_wconf 88' lang='grc' dir='ltr'>υίῶν</span> 
     </span>
    </p>
   </div>
   <div class='ocr_carea' id='block_1_44' title="bbox 346 2685 1914 2760">
    <p class='ocr_par' dir='ltr' id='par_1_44' title="bbox 346 2685 1914 2760">
     <span class='ocr_line' id='line_1_44' title="bbox 346 2685 1914 2760; baseline 0.003 -22"><span class='ocrx_word' id='word_1_360' title='bbox 346 2685 582 2756; x_wconf 81' lang='grc' dir='ltr'>Ἰσραὴλ,</span> <span class='ocrx_word' id='word_1_361' title='bbox 612 2687 706 2739; x_wconf 79' lang='grc' dir='ltr'><strong>καὶ</strong></span> <span class='ocrx_word' id='word_1_362' title='bbox 733 2687 1154 2757; x_wconf 83' lang='grc' dir='ltr'>ἐπεστράφησαν</span> <span class='ocrx_word' id='word_1_363' title='bbox 1181 2689 1260 2750; x_wconf 85' lang='grc' dir='ltr'>εἰς</span> <span class='ocrx_word' id='word_1_364' title='bbox 1284 2689 1384 2758; x_wconf 77' lang='grc' dir='ltr'>τὴν</span> <span class='ocrx_word' id='word_1_365' title='bbox 1417 2687 1642 2760; x_wconf 81' lang='grc' dir='ltr'>ἔρημον,</span> <span class='ocrx_word' id='word_1_366' title='bbox 1674 2689 1769 2743; x_wconf 76' lang='grc' dir='ltr'><strong>καὶ</strong></span> <span class='ocrx_word' id='word_1_367' title='bbox 1806 2690 1914 2743; x_wconf 73' lang='grc' dir='ltr'>ἰδοὺ</span> 
     </span>
    </p>
   </div>
   <div class='ocr_carea' id='block_1_45' title="bbox 333 2778 1915 2855">
    <p class='ocr_par' dir='ltr' id='par_1_45' title="bbox 333 2778 1915 2855">
     <span class='ocr_line' id='line_1_45' title="bbox 333 2778 1915 2855; baseline 0.003 -23"><span class='ocrx_word' id='word_1_368' title='bbox 333 2783 364 2849; x_wconf 81' lang='grc' dir='ltr'>ἡ</span> <span class='ocrx_word' id='word_1_369' title='bbox 401 2780 527 2844; x_wconf 80' lang='grc' dir='ltr'>δόξα</span> <span class='ocrx_word' id='word_1_370' title='bbox 554 2781 756 2851; x_wconf 87' lang='grc' dir='ltr'>Κυρίου</span> <span class='ocrx_word' id='word_1_371' title='bbox 789 2778 944 2850; x_wconf 76' lang='grc' dir='ltr'>ὤφθη</span> <span class='ocrx_word' id='word_1_372' title='bbox 978 2782 1035 2832; x_wconf 89' lang='grc' dir='ltr'><strong>ἐν</strong></span> <span class='ocrx_word' id='word_1_373' title='bbox 1059 2780 1277 2852; x_wconf 83' lang='grc' dir='ltr'>νεφέλῃ,</span> <span class='ocrx_word' id='word_1_374' title='bbox 1303 2782 1398 2834; x_wconf 74' lang='grc' dir='ltr'><strong>καὶ</strong></span> <span class='ocrx_word' id='word_1_375' title='bbox 1427 2782 1686 2854; x_wconf 87' lang='grc' dir='ltr'>ἐλάλησεν</span> <span class='ocrx_word' id='word_1_376' title='bbox 1713 2783 1915 2855; x_wconf 88' lang='grc' dir='ltr'>Κύριος</span> 
     </span>
    </p>
   </div>
   <div class='ocr_carea' id='block_1_46' title="bbox 333 2871 1915 2945">
    <p class='ocr_par' dir='ltr' id='par_1_46' title="bbox 333 2871 1915 2945">
     <span class='ocr_line' id='line_1_46' title="bbox 333 2871 1915 2945; baseline 0.004 -22"><span class='ocrx_word' id='word_1_377' title='bbox 333 2873 471 2942; x_wconf 77' lang='grc' dir='ltr'>πρὸς</span> <span class='ocrx_word' id='word_1_378' title='bbox 502 2872 764 2942; x_wconf 84' lang='grc' dir='ltr'>Μωῦσῆν.</span> <span class='ocrx_word' id='word_1_379' title='bbox 787 2891 805 2923; x_wconf 74' lang='grc' dir='ltr'><strong>ι</strong></span> <span class='ocrx_word' id='word_1_380' title='bbox 830 2872 940 2926; x_wconf 74' lang='grc' dir='ltr'><strong>Καὶ</strong></span> <span class='ocrx_word' id='word_1_381' title='bbox 972 2871 1133 2924; x_wconf 88' lang='grc' dir='ltr'>πάλιν</span> <span class='ocrx_word' id='word_1_382' title='bbox 1155 2889 1167 2900; x_wconf 84' lang='grc'><strong>·</strong></span> <span class='ocrx_word' id='word_1_383' title='bbox 1207 2891 1225 2923; x_wconf 73' lang='grc' dir='ltr'><strong>ι</strong></span> <span class='ocrx_word' id='word_1_384' title='bbox 1250 2873 1439 2945; x_wconf 88' lang='grc' dir='ltr'>Ἀνέϐη</span> <span class='ocrx_word' id='word_1_385' title='bbox 1471 2875 1715 2945; x_wconf 88' lang='grc' dir='ltr'>Μωῦσῆς</span> <span class='ocrx_word' id='word_1_386' title='bbox 1746 2879 1825 2940; x_wconf 86' lang='grc' dir='ltr'><strong>είς</strong></span> <span class='ocrx_word' id='word_1_387' title='bbox 1855 2876 1915 2928; x_wconf 86' lang='grc' dir='ltr'><strong>τὸ</strong></span> 
     </span>
    </p>
   </div>
   <div class='ocr_carea' id='block_1_47' title="bbox 329 2965 1914 3041">
    <p class='ocr_par' dir='ltr' id='par_1_47' title="bbox 329 2965 1914 3041">
     <span class='ocr_line' id='line_1_47' title="bbox 329 2965 1914 3041; baseline 0.003 -24"><span class='ocrx_word' id='word_1_388' title='bbox 329 2965 489 3036; x_wconf 76' lang='grc' dir='ltr'>ὅρος·</span> <span class='ocrx_word' id='word_1_389' title='bbox 540 2965 634 3018; x_wconf 79' lang='grc' dir='ltr'><strong>καὶ</strong></span> <span class='ocrx_word' id='word_1_390' title='bbox 680 2966 946 3034; x_wconf 70' lang='grc' dir='ltr'>ἐκάλυψεν</span> <span class='ocrx_word' id='word_1_391' title='bbox 982 2967 1015 3037; x_wconf 82' lang='grc' dir='ltr'><strong>ή</strong></span> <span class='ocrx_word' id='word_1_392' title='bbox 1044 2966 1238 3037; x_wconf 84' lang='grc' dir='ltr'>νεφέλη</span> <span class='ocrx_word' id='word_1_393' title='bbox 1274 2966 1335 3019; x_wconf 88' lang='grc' dir='ltr'><strong>τὸ</strong></span> <span class='ocrx_word' id='word_1_394' title='bbox 1365 2965 1507 3038; x_wconf 77' lang='grc' dir='ltr'>ὅρος.</span> <span class='ocrx_word' id='word_1_395' title='bbox 1559 2969 1669 3021; x_wconf 86' lang='lat' dir='ltr'><strong>Kal</strong></span> <span class='ocrx_word' id='word_1_396' title='bbox 1707 2969 1914 3041; x_wconf 88' lang='grc' dir='ltr'>κατέϐη</span> 
     </span>
    </p>
   </div>
   <div class='ocr_carea' id='block_1_48' title="bbox 324 3056 1916 3128">
    <p class='ocr_par' dir='ltr' id='par_1_48' title="bbox 324 3056 1916 3128">
     <span class='ocr_line' id='line_1_48' title="bbox 324 3056 1916 3128; baseline 0.003 -19"><span class='ocrx_word' id='word_1_397' title='bbox 324 3060 358 3126; x_wconf 73' lang='grc' dir='ltr'>ἡ</span> <span class='ocrx_word' id='word_1_398' title='bbox 395 3056 520 3121; x_wconf 77' lang='grc' dir='ltr'>δόξα</span> <span class='ocrx_word' id='word_1_399' title='bbox 550 3057 754 3128; x_wconf 82' lang='grc' dir='ltr'>Κυρίου</span> <span class='ocrx_word' id='word_1_400' title='bbox 787 3057 879 3109; x_wconf 70' lang='grc' dir='ltr'>ἐπὶ</span> <span class='ocrx_word' id='word_1_401' title='bbox 912 3057 1006 3109; x_wconf 80' lang='grc' dir='ltr'>τοῦ</span> <span class='ocrx_word' id='word_1_402' title='bbox 1041 3058 1198 3128; x_wconf 79' lang='grc' dir='ltr'>ὅρους</span> <span class='ocrx_word' id='word_1_403' title='bbox 1229 3059 1322 3111; x_wconf 74' lang='grc' dir='ltr'><strong>καὶ</strong></span> <span class='ocrx_word' id='word_1_404' title='bbox 1350 3058 1617 3128; x_wconf 75' lang='grc' dir='ltr'>ἐκάλυψεν</span> <span class='ocrx_word' id='word_1_405' title='bbox 1649 3061 1811 3113; x_wconf 79' lang='grc' dir='ltr'>αὐτὸν</span> <span class='ocrx_word' id='word_1_406' title='bbox 1840 3079 1916 3113; x_wconf 87' lang='grc' dir='ltr'>νε-</span> 
     </span>
    </p>
   </div>
   <div class='ocr_carea' id='block_1_49' title="bbox 328 3149 1981 3244">
    <p class='ocr_par' dir='ltr' id='par_1_49' title="bbox 328 3149 1981 3244">
     <span class='ocr_line' id='line_1_49' title="bbox 328 3149 1981 3244; baseline 0.004 -44"><span class='ocrx_word' id='word_1_407' title='bbox 328 3149 470 3244; x_wconf 73' lang='grc' dir='ltr'>φέλη</span> <span class='ocrx_word' id='word_1_408' title='bbox 503 3149 562 3244; x_wconf 79' lang='grc' dir='ltr'>ἐξ</span> <span class='ocrx_word' id='word_1_409' title='bbox 594 3149 836 3244; x_wconf 76' lang='grc' dir='ltr'>ἡμέραςο</span> <span class='ocrx_word' id='word_1_410' title='bbox 888 3151 981 3202; x_wconf 79' lang='grc' dir='ltr'>καὶ</span> <span class='ocrx_word' id='word_1_411' title='bbox 1013 3149 1274 3244; x_wconf 73' lang='grc' dir='ltr'>ἐλάλησεν</span> <span class='ocrx_word' id='word_1_412' title='bbox 1309 3149 1380 3220; x_wconf 88' lang='lat' dir='ltr'><strong>(f.</strong></span> <span class='ocrx_word' id='word_1_413' title='bbox 1409 3150 1510 3222; x_wconf 80' lang='grc'><strong>11)</strong></span> <span class='ocrx_word' id='word_1_414' title='bbox 1545 3151 1915 3224; x_wconf 88' lang='grc' dir='ltr'>Κύριος,πρὸς</span> <span class='ocrx_word' id='word_1_415' title='bbox 1941 3188 1981 3244; x_wconf 76' lang='lat' dir='ltr'><strong><em>C</em></strong></span> 
     </span>
    </p>
   </div>
   <div class='ocr_carea' id='block_1_50' title="bbox 325 3241 1908 3315">
    <p class='ocr_par' dir='ltr' id='par_1_50' title="bbox 325 3241 1908 3315">
     <span class='ocr_line' id='line_1_50' title="bbox 325 3241 1908 3315; baseline 0.001 -21"><span class='ocrx_word' id='word_1_416' title='bbox 325 3241 572 3312; x_wconf 71' lang='grc' dir='ltr'>Μωῦσῆν</span> <span class='ocrx_word' id='word_1_417' title='bbox 604 3244 668 3311; x_wconf 82' lang='grc' dir='ltr'>τῇ</span> <span class='ocrx_word' id='word_1_418' title='bbox 698 3241 882 3312; x_wconf 81' lang='grc' dir='ltr'>ἡμέρᾳ</span> <span class='ocrx_word' id='word_1_419' title='bbox 909 3244 974 3313; x_wconf 81' lang='grc' dir='ltr'>τῇ</span> <span class='ocrx_word' id='word_1_420' title='bbox 1007 3241 1207 3313; x_wconf 82' lang='grc' dir='ltr'>ἐϐδόμῃ</span> <span class='ocrx_word' id='word_1_421' title='bbox 1236 3244 1299 3294; x_wconf 89' lang='grc' dir='ltr'><strong>ἐκ</strong></span> <span class='ocrx_word' id='word_1_422' title='bbox 1333 3241 1499 3312; x_wconf 86' lang='grc' dir='ltr'>μέσου</span> <span class='ocrx_word' id='word_1_423' title='bbox 1525 3243 1625 3313; x_wconf 90' lang='grc' dir='ltr'><strong>τῆς</strong></span> <span class='ocrx_word' id='word_1_424' title='bbox 1663 3243 1908 3315; x_wconf 86' lang='grc' dir='ltr'>νεφέλης.</span> 
     </span>
    </p>
   </div>
   <div class='ocr_carea' id='block_1_51' title="bbox 323 3329 1913 3406">
    <p class='ocr_par' dir='ltr' id='par_1_51' title="bbox 323 3329 1913 3406">
     <span class='ocr_line' id='line_1_51' title="bbox 323 3329 1913 3406; baseline -0.001 -20"><span class='ocrx_word' id='word_1_425' title='bbox 323 3332 407 3386; x_wconf 82' lang='grc' dir='ltr'><strong>Ἱὸ</strong></span> <span class='ocrx_word' id='word_1_426' title='bbox 433 3334 491 3386; x_wconf 85' lang='grc' dir='ltr'>δὲ</span> <span class='ocrx_word' id='word_1_427' title='bbox 522 3329 660 3395; x_wconf 77' lang='grc' dir='ltr'>εἶδος</span> <span class='ocrx_word' id='word_1_428' title='bbox 688 3334 786 3402; x_wconf 91' lang='grc' dir='ltr'><strong>τῆς</strong></span> <span class='ocrx_word' id='word_1_429' title='bbox 822 3333 979 3403; x_wconf 86' lang='grc' dir='ltr'>δόξης</span> <span class='ocrx_word' id='word_1_430' title='bbox 1022 3336 1251 3406; x_wconf 83' lang='grc' dir='ltr'>Κυρίου,</span> <span class='ocrx_word' id='word_1_431' title='bbox 1279 3334 1407 3387; x_wconf 77' lang='grc' dir='ltr'>ὡσεὶ</span> <span class='ocrx_word' id='word_1_432' title='bbox 1451 3333 1564 3406; x_wconf 84' lang='grc' dir='ltr'>πῦρ</span> <span class='ocrx_word' id='word_1_433' title='bbox 1593 3334 1791 3402; x_wconf 87' lang='grc' dir='ltr'>φλέγον</span> <span class='ocrx_word' id='word_1_434' title='bbox 1823 3335 1913 3386; x_wconf 81' lang='grc' dir='ltr'><strong>ἐπὶ</strong></span> 
     </span>
    </p>
   </div>
   <div class='ocr_carea' id='block_1_52' title="bbox 325 3420 1914 3494">
    <p class='ocr_par' dir='ltr' id='par_1_52' title="bbox 325 3420 1914 3494">
     <span class='ocr_line' id='line_1_52' title="bbox 325 3420 1914 3494; baseline 0 -17"><span class='ocrx_word' id='word_1_435' title='bbox 325 3425 430 3493; x_wconf 84' lang='grc' dir='ltr'><strong>τῆς</strong></span> <span class='ocrx_word' id='word_1_436' title='bbox 463 3423 709 3494; x_wconf 86' lang='grc' dir='ltr'>κορυφῆς</span> <span class='ocrx_word' id='word_1_437' title='bbox 739 3422 834 3482; x_wconf 67' lang='lat' dir='ltr'><strong>soi}</strong></span> <span class='ocrx_word' id='word_1_438' title='bbox 877 3423 1055 3492; x_wconf 79' lang='grc' dir='ltr'>ὅρους.</span> <span class='ocrx_word' id='word_1_439' title='bbox 1087 3445 1105 3476; x_wconf 75' lang='grc' dir='ltr'><strong>ι</strong></span> <span class='ocrx_word' id='word_1_440' title='bbox 1143 3425 1338 3494; x_wconf 80' lang='grc' dir='ltr'>Σαφῶς</span> <span class='ocrx_word' id='word_1_441' title='bbox 1376 3420 1467 3477; x_wconf 81' lang='grc' dir='ltr'><strong>οὖν</strong></span> <span class='ocrx_word' id='word_1_442' title='bbox 1501 3424 1589 3477; x_wconf 80' lang='grc' dir='ltr'>διὰ</span> <span class='ocrx_word' id='word_1_443' title='bbox 1618 3424 1822 3476; x_wconf 85' lang='grc' dir='ltr'>τούτων</span> <span class='ocrx_word' id='word_1_444' title='bbox 1853 3425 1914 3477; x_wconf 82' lang='grc' dir='ltr'><strong>τὸ</strong></span> 
     </span>
    </p>
   </div>
   <div class='ocr_carea' id='block_1_53' title="bbox 325 3510 1913 3586">
    <p class='ocr_par' dir='ltr' id='par_1_53' title="bbox 325 3510 1913 3586">
     <span class='ocr_line' id='line_1_53' title="bbox 325 3510 1913 3586; baseline -0.001 -18"><span class='ocrx_word' id='word_1_445' title='bbox 325 3515 704 3586; x_wconf 73' lang='grc' dir='ltr'>’θεωρούμενον</span> <span class='ocrx_word' id='word_1_446' title='bbox 735 3514 813 3585; x_wconf 82' lang='grc' dir='ltr'>τῷ</span> <span class='ocrx_word' id='word_1_447' title='bbox 845 3515 1067 3567; x_wconf 81' lang='grc' dir='ltr'>Μωῦσεῖ</span> <span class='ocrx_word' id='word_1_448' title='bbox 1113 3514 1330 3582; x_wconf 77' lang='grc' dir='ltr'>λέγεται</span> <span class='ocrx_word' id='word_1_449' title='bbox 1379 3510 1516 3568; x_wconf 80' lang='grc' dir='ltr'>εἶναι</span> <span class='ocrx_word' id='word_1_450' title='bbox 1549 3515 1650 3568; x_wconf 83' lang='grc' dir='ltr'><strong>οὐκ</strong></span> <span class='ocrx_word' id='word_1_451' title='bbox 1692 3515 1860 3578; x_wconf 80' lang='grc' dir='ltr'>αὐτὸς</span> <span class='ocrx_word' id='word_1_452' title='bbox 1886 3517 1913 3567; x_wconf 86' lang='grc' dir='ltr'><strong>ό</strong></span> 
     </span>
    </p>
   </div>
   <div class='ocr_carea' id='block_1_54' title="bbox 329 3602 1913 3679">
    <p class='ocr_par' dir='ltr' id='par_1_54' title="bbox 329 3602 1913 3679">
     <span class='ocr_line' id='line_1_54' title="bbox 329 3602 1913 3679; baseline -0.001 -18"><span class='ocrx_word' id='word_1_453' title='bbox 329 3609 558 3679; x_wconf 79' lang='grc' dir='ltr'>Κύριος,</span> <span class='ocrx_word' id='word_1_454' title='bbox 589 3606 702 3660; x_wconf 79' lang='grc' dir='ltr'>ἀλλ’</span> <span class='ocrx_word' id='word_1_455' title='bbox 747 3602 883 3669; x_wconf 79' lang='grc' dir='ltr'>εἶδος</span> <span class='ocrx_word' id='word_1_456' title='bbox 918 3607 1143 3678; x_wconf 84' lang='grc' dir='ltr'>Κυρίου,</span> <span class='ocrx_word' id='word_1_457' title='bbox 1181 3607 1274 3660; x_wconf 72' lang='grc' dir='ltr'><strong>καὶ</strong></span> <span class='ocrx_word' id='word_1_458' title='bbox 1314 3606 1510 3678; x_wconf 88' lang='grc' dir='ltr'>νεφέλη</span> <span class='ocrx_word' id='word_1_459' title='bbox 1563 3607 1657 3660; x_wconf 71' lang='grc' dir='ltr'>καὶ</span> <span class='ocrx_word' id='word_1_460' title='bbox 1705 3606 1842 3678; x_wconf 82' lang='grc' dir='ltr'>πῦρ,</span> <span class='ocrx_word' id='word_1_461' title='bbox 1877 3605 1913 3660; x_wconf 75' lang='grc' dir='ltr'><em>ἃ</em></span> 
     </span>
    </p>
   </div>
   <div class='ocr_carea' id='block_1_55' title="bbox 331 3697 1912 3772">
    <p class='ocr_par' dir='ltr' id='par_1_55' title="bbox 331 3697 1912 3772">
     <span class='ocr_line' id='line_1_55' title="bbox 331 3697 1912 3772; baseline -0.003 -16"><span class='ocrx_word' id='word_1_462' title='bbox 331 3702 430 3756; x_wconf 72' lang='grc' dir='ltr'><strong>καὶ</strong></span> <span class='ocrx_word' id='word_1_463' title='bbox 469 3699 622 3765; x_wconf 81' lang='grc' dir='ltr'>δόξαν</span> <span class='ocrx_word' id='word_1_464' title='bbox 670 3701 876 3772; x_wconf 85' lang='grc' dir='ltr'>Κυρίου</span> <span class='ocrx_word' id='word_1_465' title='bbox 927 3697 1179 3769; x_wconf 78' lang='grc' dir='ltr'>ὀνομάζει</span> <span class='ocrx_word' id='word_1_466' title='bbox 1211 3700 1239 3751; x_wconf 85' lang='grc' dir='ltr'>ὁ</span> <span class='ocrx_word' id='word_1_467' title='bbox 1284 3698 1467 3766; x_wconf 81' lang='grc' dir='ltr'><strong>λόγος⁸</strong></span> <span class='ocrx_word' id='word_1_468' title='bbox 1497 3698 1692 3751; x_wconf 80' lang='grc' dir='ltr'>οὐκοῦν</span> <span class='ocrx_word' id='word_1_469' title='bbox 1718 3698 1778 3751; x_wconf 87' lang='grc' dir='ltr'><strong>τὸ</strong></span> <span class='ocrx_word' id='word_1_470' title='bbox 1815 3697 1912 3768; x_wconf 81' lang='grc' dir='ltr'>μὲν</span> 
     </span>
    </p>
   </div>
   <div class='ocr_carea' id='block_1_56' title="bbox 331 3788 1912 3866">
    <p class='ocr_par' dir='ltr' id='par_1_56' title="bbox 331 3788 1912 3866">
     <span class='ocr_line' id='line_1_56' title="bbox 331 3788 1912 3866; baseline -0.006 -17"><span class='ocrx_word' id='word_1_471' title='bbox 331 3794 472 3858; x_wconf 71' lang='grc' dir='ltr'>εἶδος</span> <span class='ocrx_word' id='word_1_472' title='bbox 504 3793 649 3866; x_wconf 82' lang='grc' dir='ltr'>ἐώρα</span> <span class='ocrx_word' id='word_1_473' title='bbox 681 3793 888 3864; x_wconf 86' lang='grc' dir='ltr'>Κυρίου</span> <span class='ocrx_word' id='word_1_474' title='bbox 913 3793 1006 3845; x_wconf 73' lang='grc' dir='ltr'><strong>καὶ</strong></span> <span class='ocrx_word' id='word_1_475' title='bbox 1033 3789 1131 3860; x_wconf 85' lang='grc' dir='ltr'><strong>τὴν</strong></span> <span class='ocrx_word' id='word_1_476' title='bbox 1164 3789 1318 3856; x_wconf 78' lang='grc' dir='ltr'>δόξαν</span> <span class='ocrx_word' id='word_1_477' title='bbox 1349 3788 1536 3851; x_wconf 80' lang='grc' dir='ltr'>αὐτοῦ,</span> <span class='ocrx_word' id='word_1_478' title='bbox 1571 3788 1825 3859; x_wconf 85' lang='grc' dir='ltr'>οὐδαμῶς</span> <span class='ocrx_word' id='word_1_479' title='bbox 1855 3788 1912 3841; x_wconf 85' lang='grc' dir='ltr'>δὲ</span> 
     </span>
    </p>
   </div>
   <div class='ocr_carea' id='block_1_57' title="bbox 331 3881 1911 3958">
    <p class='ocr_par' dir='ltr' id='par_1_57' title="bbox 331 3881 1911 3958">
     <span class='ocr_line' id='line_1_57' title="bbox 331 3881 1911 3958; baseline -0.006 -16"><span class='ocrx_word' id='word_1_480' title='bbox 331 3889 492 3942; x_wconf 66' lang='grc' dir='ltr'>αὐτὸν</span> <span class='ocrx_word' id='word_1_481' title='bbox 525 3887 614 3943; x_wconf 81' lang='grc' dir='ltr'><strong>τὸν</strong></span> <span class='ocrx_word' id='word_1_482' title='bbox 647 3886 868 3958; x_wconf 81' lang='grc' dir='ltr'>Κύριον,</span> <span class='ocrx_word' id='word_1_483' title='bbox 904 3884 995 3937; x_wconf 89' lang='grc' dir='ltr'><strong>τόν</strong></span> <span class='ocrx_word' id='word_1_484' title='bbox 1048 3901 1106 3937; x_wconf 91' lang='grc' dir='ltr'><strong>τε</strong></span> <span class='ocrx_word' id='word_1_485' title='bbox 1157 3882 1482 3952; x_wconf 84' lang='grc' dir='ltr'>λαλούμενον</span> <span class='ocrx_word' id='word_1_486' title='bbox 1532 3883 1704 3951; x_wconf 85' lang='grc' dir='ltr'>Λόγον</span> <span class='ocrx_word' id='word_1_487' title='bbox 1749 3881 1911 3936; x_wconf 79' lang='grc' dir='ltr'>αὑτοῦ</span> 
     </span>
    </p>
   </div>
   <div class='ocr_carea' id='block_1_58' title="bbox 331 3975 1913 4048">
    <p class='ocr_par' dir='ltr' id='par_1_58' title="bbox 331 3975 1913 4048">
     <span class='ocr_line' id='line_1_58' title="bbox 331 3975 1913 4048; baseline -0.004 -15"><span class='ocrx_word' id='word_1_488' title='bbox 331 3979 426 4033; x_wconf 81' lang='grc' dir='ltr'>τοῦ</span> <span class='ocrx_word' id='word_1_489' title='bbox 473 3978 710 4048; x_wconf 85' lang='grc' dir='ltr'>Κυρίου·</span> <span class='ocrx_word' id='word_1_490' title='bbox 743 3977 854 4032; x_wconf 86' lang='grc' dir='ltr'>ἀλλ’</span> <span class='ocrx_word' id='word_1_491' title='bbox 886 3978 1036 4048; x_wconf 82' lang='grc' dir='ltr'>ὅμως</span> <span class='ocrx_word' id='word_1_492' title='bbox 1082 3976 1170 4029; x_wconf 87' lang='grc' dir='ltr'>διὰ</span> <span class='ocrx_word' id='word_1_493' title='bbox 1213 3976 1311 4046; x_wconf 89' lang='grc' dir='ltr'><strong>τῆς</strong></span> <span class='ocrx_word' id='word_1_494' title='bbox 1349 3975 1578 4047; x_wconf 85' lang='grc' dir='ltr'>νεφέλης</span> <span class='ocrx_word' id='word_1_495' title='bbox 1625 3975 1913 4036; x_wconf 76' lang='grc' dir='ltr'>λαλοῦντος</span> 
     </span>
    </p>
   </div>
   <div class='ocr_carea' id='block_1_59' title="bbox 331 4067 1914 4145">
    <p class='ocr_par' dir='ltr' id='par_1_59' title="bbox 331 4067 1914 4145">
     <span class='ocr_line' id='line_1_59' title="bbox 331 4067 1914 4145; baseline -0.004 -18"><span class='ocrx_word' id='word_1_496' title='bbox 331 4073 550 4145; x_wconf 75' lang='grc' dir='ltr'>ἥκομεν,</span> <span class='ocrx_word' id='word_1_497' title='bbox 568 4072 648 4126; x_wconf 86' lang='grc' dir='ltr'><strong>διὸ</strong></span> <span class='ocrx_word' id='word_1_498' title='bbox 672 4073 903 4142; x_wconf 78' lang='grc' dir='ltr'>εἴρηται·</span> <span class='ocrx_word' id='word_1_499' title='bbox 934 4089 950 4121; x_wconf 77' lang='grc' dir='ltr'><strong>ι</strong></span> <span class='ocrx_word' id='word_1_500' title='bbox 965 4070 1074 4124; x_wconf 77' lang='grc' dir='ltr'><strong>Καὶ</strong></span> <span class='ocrx_word' id='word_1_501' title='bbox 1098 4069 1356 4140; x_wconf 88' lang='grc' dir='ltr'>ἐλάλησεν</span> <span class='ocrx_word' id='word_1_502' title='bbox 1371 4067 1574 4140; x_wconf 86' lang='grc' dir='ltr'>Κύριος</span> <span class='ocrx_word' id='word_1_503' title='bbox 1595 4068 1731 4139; x_wconf 81' lang='grc' dir='ltr'>πρὸς</span> <span class='ocrx_word' id='word_1_504' title='bbox 1752 4069 1914 4121; x_wconf 70' lang='lat' dir='ltr'><strong>Maii)-</strong></span> 
     </span>
    </p>
   </div>
   <div class='ocr_carea' id='block_1_60' title="bbox 333 4157 1907 4236">
    <p class='ocr_par' dir='ltr' id='par_1_60' title="bbox 333 4157 1907 4236">
     <span class='ocr_line' id='line_1_60' title="bbox 333 4157 1907 4236; baseline -0.003 -19"><span class='ocrx_word' id='word_1_505' title='bbox 333 4165 434 4236; x_wconf 87' lang='grc' dir='ltr'><strong>σῆν</strong></span> <span class='ocrx_word' id='word_1_506' title='bbox 467 4163 694 4226; x_wconf 83' lang='grc' dir='ltr'>ἐνώπιος</span> <span class='ocrx_word' id='word_1_507' title='bbox 723 4162 959 4232; x_wconf 86' lang='grc' dir='ltr'>ἐνωπίῳ.</span> <span class='ocrx_word' id='word_1_508' title='bbox 986 4181 1004 4213; x_wconf 72' lang='grc' dir='ltr'><strong>ι</strong></span> <span class='ocrx_word' id='word_1_509' title='bbox 1037 4162 1112 4214; x_wconf 81' lang='grc' dir='ltr'><strong>Οὐ</strong></span> <span class='ocrx_word' id='word_1_510' title='bbox 1141 4159 1244 4230; x_wconf 83' lang='grc' dir='ltr'><strong>μὴν</strong></span> <span class='ocrx_word' id='word_1_511' title='bbox 1277 4161 1369 4212; x_wconf 78' lang='grc' dir='ltr'><strong>καὶ</strong></span> <span class='ocrx_word' id='word_1_512' title='bbox 1404 4159 1558 4229; x_wconf 85' lang='grc' dir='ltr'>ῶφθη</span> <span class='ocrx_word' id='word_1_513' title='bbox 1594 4158 1744 4228; x_wconf 76' lang='grc' dir='ltr'>αὐτῷ</span> <span class='ocrx_word' id='word_1_514' title='bbox 1777 4157 1907 4212; x_wconf 83' lang='grc' dir='ltr'>ἐνώ-</span> 
     </span>
    </p>
   </div>
   <div class='ocr_carea' id='block_1_61' title="bbox 329 4250 1910 4325">
    <p class='ocr_par' dir='ltr' id='par_1_61' title="bbox 329 4250 1910 4325">
     <span class='ocr_line' id='line_1_61' title="bbox 329 4250 1910 4325; baseline -0.004 -17"><span class='ocrx_word' id='word_1_515' title='bbox 329 4273 455 4319; x_wconf 83' lang='grc' dir='ltr'>πιος</span> <span class='ocrx_word' id='word_1_516' title='bbox 481 4255 697 4325; x_wconf 84' lang='grc' dir='ltr'>ἐνωπίῳ</span> <span class='ocrx_word' id='word_1_517' title='bbox 729 4255 1051 4324; x_wconf 81' lang='grc' dir='ltr'>τετήρηται·</span> <span class='ocrx_word' id='word_1_518' title='bbox 1080 4253 1237 4306; x_wconf 81' lang='grc' dir='ltr'>τοῦτο</span> <span class='ocrx_word' id='word_1_519' title='bbox 1268 4252 1373 4322; x_wconf 83' lang='grc' dir='ltr'><strong>γὰρ</strong></span> <span class='ocrx_word' id='word_1_520' title='bbox 1407 4252 1482 4314; x_wconf 85' lang='grc' dir='ltr'>ὡς</span> <span class='ocrx_word' id='word_1_521' title='bbox 1514 4250 1723 4303; x_wconf 82' lang='grc' dir='ltr'>οὐδέπω</span> <span class='ocrx_word' id='word_1_522' title='bbox 1751 4265 1910 4318; x_wconf 78' lang='grc' dir='ltr'>γεγο-</span> 
     </span>
    </p>
   </div>
   <div class='ocr_carea' id='block_1_62' title="bbox 328 4341 1912 4414">
    <p class='ocr_par' dir='ltr' id='par_1_62' title="bbox 328 4341 1912 4414">
     <span class='ocr_line' id='line_1_62' title="bbox 328 4341 1912 4414; baseline -0.003 -16"><span class='ocrx_word' id='word_1_523' title='bbox 328 4348 420 4410; x_wconf 76' lang='grc' dir='ltr'>νὸς</span> <span class='ocrx_word' id='word_1_524' title='bbox 448 4347 588 4411; x_wconf 82' lang='grc' dir='ltr'>ἀξιοῖ</span> <span class='ocrx_word' id='word_1_525' title='bbox 617 4347 810 4414; x_wconf 85' lang='grc' dir='ltr'>λέγων·</span> <span class='ocrx_word' id='word_1_526' title='bbox 850 4364 868 4396; x_wconf 74' lang='grc' dir='ltr'><strong>ι</strong></span> <span class='ocrx_word' id='word_1_527' title='bbox 891 4344 1215 4414; x_wconf 86' lang='grc' dir='ltr'>Ἐμφάνισόν</span> <span class='ocrx_word' id='word_1_528' title='bbox 1254 4361 1342 4414; x_wconf 86' lang='grc' dir='ltr'><strong>μοι</strong></span> <span class='ocrx_word' id='word_1_529' title='bbox 1382 4342 1628 4405; x_wconf 83' lang='grc' dir='ltr'>σεαυτὸν,</span> <span class='ocrx_word' id='word_1_530' title='bbox 1655 4341 1912 4410; x_wconf 82' lang='grc' dir='ltr'>γνωστῶς</span> 
     </span>
    </p>
   </div>
   <div class='ocr_carea' id='block_1_63' title="bbox 331 4430 1908 4506">
    <p class='ocr_par' dir='ltr' id='par_1_63' title="bbox 331 4430 1908 4506">
     <span class='ocr_line' id='line_1_63' title="bbox 331 4430 1908 4506; baseline -0.002 -20"><span class='ocrx_word' id='word_1_531' title='bbox 331 4431 428 4487; x_wconf 78' lang='grc' dir='ltr'>ἴδω</span> <span class='ocrx_word' id='word_1_532' title='bbox 461 4453 540 4490; x_wconf 91' lang='grc' dir='ltr'><strong>σε.</strong></span> <span class='ocrx_word' id='word_1_533' title='bbox 574 4457 592 4488; x_wconf 71' lang='grc' dir='ltr'><strong>ι</strong></span> <span class='ocrx_word' id='word_1_534' title='bbox 625 4437 735 4489; x_wconf 74' lang='grc' dir='ltr'><strong>Καὶ</strong></span> <span class='ocrx_word' id='word_1_535' title='bbox 781 4436 838 4488; x_wconf 88' lang='grc' dir='ltr'><strong>ἐν</strong></span> <span class='ocrx_word' id='word_1_536' title='bbox 873 4434 1044 4506; x_wconf 84' lang='grc' dir='ltr'>ἑτέρῳ</span> <span class='ocrx_word' id='word_1_537' title='bbox 1088 4433 1145 4486; x_wconf 83' lang='grc' dir='ltr'>δὲ</span> <span class='ocrx_word' id='word_1_538' title='bbox 1189 4433 1339 4502; x_wconf 85' lang='grc' dir='ltr'>τόπῳ</span> <span class='ocrx_word' id='word_1_539' title='bbox 1383 4432 1624 4485; x_wconf 84' lang='grc' dir='ltr'>διδάσκει</span> <span class='ocrx_word' id='word_1_540' title='bbox 1674 4433 1702 4484; x_wconf 90' lang='grc' dir='ltr'><strong>ό</strong></span> <span class='ocrx_word' id='word_1_541' title='bbox 1735 4430 1908 4498; x_wconf 84' lang='grc' dir='ltr'>λόγος,</span> 
     </span>
    </p>
   </div>
   <div class='ocr_carea' id='block_1_64' title="bbox 2018 1950 3600 2023">
    <p class='ocr_par' dir='ltr' id='par_1_64' title="bbox 2018 1950 3600 2023">
     <span class='ocr_line' id='line_1_64' title="bbox 2018 1950 3600 2023; baseline 0.001 -17"><span class='ocrx_word' id='word_1_542' title='bbox 2018 1961 2109 2006; x_wconf 84' lang='lat' dir='ltr'><strong>tur</strong></span> <span class='ocrx_word' id='word_1_543' title='bbox 2141 1952 2192 2008; x_wconf 93' lang='lat' dir='ltr'><strong>ei</strong></span> <span class='ocrx_word' id='word_1_544' title='bbox 2228 1950 2495 2007; x_wconf 88' lang='lat' dir='ltr'><strong>Dominus</strong></span> <span class='ocrx_word' id='word_1_545' title='bbox 2537 1950 2676 2006; x_wconf 88' lang='lat' dir='ltr'><strong>facie</strong></span> <span class='ocrx_word' id='word_1_546' title='bbox 2705 1953 2772 2006; x_wconf 88' lang='lat' dir='ltr'><strong>ad</strong></span> <span class='ocrx_word' id='word_1_547' title='bbox 2806 1952 3024 2018; x_wconf 88' lang='lat' dir='ltr'><strong>faciem,</strong></span> <span class='ocrx_word' id='word_1_548' title='bbox 3059 1961 3238 2008; x_wconf 91' lang='lat' dir='ltr'><strong>tamen</strong></span> <span class='ocrx_word' id='word_1_549' title='bbox 3270 1970 3365 2023; x_wconf 88' lang='lat' dir='ltr'><strong>per</strong></span> <span class='ocrx_word' id='word_1_550' title='bbox 3400 1954 3600 2010; x_wconf 89' lang='lat' dir='ltr'><strong>nubem</strong></span> 
     </span>
    </p>
   </div>
   <div class='ocr_carea' id='block_1_65' title="bbox 2017 2040 3600 2113">
    <p class='ocr_par' dir='ltr' id='par_1_65' title="bbox 2017 2040 3600 2113">
     <span class='ocr_line' id='line_1_65' title="bbox 2017 2040 3600 2113; baseline 0 -17"><span class='ocrx_word' id='word_1_551' title='bbox 2017 2042 2354 2113; x_wconf 86' lang='lat' dir='ltr'><strong>loquebatur</strong></span> <span class='ocrx_word' id='word_1_552' title='bbox 2403 2042 2473 2097; x_wconf 90' lang='lat' dir='ltr'><strong>ei.</strong></span> <span class='ocrx_word' id='word_1_553' title='bbox 2531 2041 2645 2097; x_wconf 84' lang='lat' dir='ltr'><strong>Hoc</strong></span> <span class='ocrx_word' id='word_1_554' title='bbox 2691 2041 2836 2096; x_wconf 88' lang='lat' dir='ltr'><strong>enim</strong></span> <span class='ocrx_word' id='word_1_555' title='bbox 2897 2041 3237 2096; x_wconf 84' lang='lat' dir='ltr'><strong>demonstrat</strong></span> <span class='ocrx_word' id='word_1_556' title='bbox 3289 2040 3600 2112; x_wconf 87' lang='lat' dir='ltr'><strong>Scriptura,</strong></span> 
     </span>
    </p>
   </div>
   <div class='ocr_carea' id='block_1_66' title="bbox 2019 2131 3603 2189">
    <p class='ocr_par' dir='ltr' id='par_1_66' title="bbox 2019 2131 3603 2189">
     <span class='ocr_line' id='line_1_66' title="bbox 2019 2131 3603 2189; baseline -0.001 -1"><span class='ocrx_word' id='word_1_557' title='bbox 2019 2150 2144 2188; x_wconf 91' lang='lat' dir='ltr'><strong>cum</strong></span> <span class='ocrx_word' id='word_1_558' title='bbox 2176 2134 2346 2189; x_wconf 87' lang='lat' dir='ltr'><strong>dicit:</strong></span> <span class='ocrx_word' id='word_1_559' title='bbox 2387 2152 2406 2184; x_wconf 70' lang='grc' dir='ltr'><strong>ι</strong></span> <span class='ocrx_word' id='word_1_560' title='bbox 2438 2132 2812 2189; x_wconf 85' lang='lat' dir='ltr'><strong>Descendebat</strong></span> <span class='ocrx_word' id='word_1_561' title='bbox 2842 2133 3098 2187; x_wconf 88' lang='lat' dir='ltr'><strong>columna</strong></span> <span class='ocrx_word' id='word_1_562' title='bbox 3132 2131 3292 2186; x_wconf 89' lang='lat' dir='ltr'><strong>nubis</strong></span> <span class='ocrx_word' id='word_1_563' title='bbox 3332 2140 3386 2186; x_wconf 88' lang='lat' dir='ltr'><strong>et</strong></span> <span class='ocrx_word' id='word_1_564' title='bbox 3420 2134 3603 2188; x_wconf 86' lang='lat' dir='ltr'><strong>stabat</strong></span> 
     </span>
    </p>
   </div>
   <div class='ocr_carea' id='block_1_67' title="bbox 2019 2223 3595 2297">
    <p class='ocr_par' dir='ltr' id='par_1_67' title="bbox 2019 2223 3595 2297">
     <span class='ocr_line' id='line_1_67' title="bbox 2019 2223 3595 2297; baseline -0.003 -16"><span class='ocrx_word' id='word_1_565' title='bbox 2019 2228 2085 2282; x_wconf 87' lang='lat' dir='ltr'><strong>ad</strong></span> <span class='ocrx_word' id='word_1_566' title='bbox 2116 2228 2316 2283; x_wconf 89' lang='lat' dir='ltr'><strong>ostium</strong></span> <span class='ocrx_word' id='word_1_567' title='bbox 2347 2227 2708 2290; x_wconf 87' lang='lat' dir='ltr'><strong>tabernaculi,</strong></span> <span class='ocrx_word' id='word_1_568' title='bbox 2737 2233 2792 2281; x_wconf 88' lang='lat' dir='ltr'><strong>et</strong></span> <span class='ocrx_word' id='word_1_569' title='bbox 2825 2225 3156 2297; x_wconf 89' lang='lat' dir='ltr'><strong>loquebatur</strong></span> <span class='ocrx_word' id='word_1_570' title='bbox 3187 2224 3252 2278; x_wconf 92' lang='lat' dir='ltr'><strong>ad</strong></span> <span class='ocrx_word' id='word_1_571' title='bbox 3282 2223 3545 2295; x_wconf 86' lang='lat' dir='ltr'><strong>Moysem.</strong></span> <span class='ocrx_word' id='word_1_572' title='bbox 3579 2245 3595 2276; x_wconf 76' lang='grc' dir='ltr'><strong>ι</strong></span> 
     </span>
    </p>
   </div>
   <div class='ocr_carea' id='block_1_68' title="bbox 2018 2315 3600 2388">
    <p class='ocr_par' dir='ltr' id='par_1_68' title="bbox 2018 2315 3600 2388">
     <span class='ocr_line' id='line_1_68' title="bbox 2018 2315 3600 2388; baseline -0.001 -18"><span class='ocrx_word' id='word_1_573' title='bbox 2018 2316 2160 2388; x_wconf 88' lang='lat' dir='ltr'><strong>Ergo</strong></span> <span class='ocrx_word' id='word_1_574' title='bbox 2200 2333 2297 2387; x_wconf 88' lang='lat' dir='ltr'><strong>per</strong></span> <span class='ocrx_word' id='word_1_575' title='bbox 2327 2317 2530 2372; x_wconf 89' lang='lat' dir='ltr'><strong>nubem</strong></span> <span class='ocrx_word' id='word_1_576' title='bbox 2582 2316 2934 2386; x_wconf 89' lang='lat' dir='ltr'><strong>loquebatur,</strong></span> <span class='ocrx_word' id='word_1_577' title='bbox 2980 2330 3093 2369; x_wconf 92' lang='lat' dir='ltr'><strong>non</strong></span> <span class='ocrx_word' id='word_1_578' title='bbox 3121 2329 3250 2370; x_wconf 89' lang='lat' dir='ltr'><strong>vero</strong></span> <span class='ocrx_word' id='word_1_579' title='bbox 3282 2315 3488 2384; x_wconf 89' lang='lat' dir='ltr'><strong>pariter</strong></span> <span class='ocrx_word' id='word_1_580' title='bbox 3517 2315 3600 2368; x_wconf 85' lang='lat' dir='ltr'><strong>vi-</strong></span> 
     </span>
    </p>
   </div>
   <div class='ocr_carea' id='block_1_69' title="bbox 2019 2404 3600 2472">
    <p class='ocr_par' dir='ltr' id='par_1_69' title="bbox 2019 2404 3600 2472">
     <span class='ocr_line' id='line_1_69' title="bbox 2019 2404 3600 2472; baseline -0.004 -10"><span class='ocrx_word' id='word_1_581' title='bbox 2019 2425 2114 2464; x_wconf 90' lang='lat' dir='ltr'><strong>sus</strong></span> <span class='ocrx_word' id='word_1_582' title='bbox 2149 2417 2233 2466; x_wconf 89' lang='lat' dir='ltr'><strong>est</strong></span> <span class='ocrx_word' id='word_1_583' title='bbox 2265 2410 2316 2463; x_wconf 88' lang='lat' dir='ltr'><strong>ei</strong></span> <span class='ocrx_word' id='word_1_584' title='bbox 2366 2425 2431 2463; x_wconf 91' lang='lat' dir='ltr'><strong>ac</strong></span> <span class='ocrx_word' id='word_1_585' title='bbox 2479 2408 2814 2472; x_wconf 83' lang='lat' dir='ltr'><strong>Abrahamo,</strong></span> <span class='ocrx_word' id='word_1_586' title='bbox 2867 2407 2952 2462; x_wconf 89' lang='lat' dir='ltr'><strong>vel</strong></span> <span class='ocrx_word' id='word_1_587' title='bbox 2989 2407 3200 2469; x_wconf 86' lang='lat' dir='ltr'><strong>Isaaco,</strong></span> <span class='ocrx_word' id='word_1_588' title='bbox 3251 2406 3336 2460; x_wconf 91' lang='lat' dir='ltr'><strong>vel</strong></span> <span class='ocrx_word' id='word_1_589' title='bbox 3374 2404 3600 2459; x_wconf 87' lang='lat' dir='ltr'><strong>Jacobo.</strong></span> 
     </span>
    </p>
   </div>
   <div class='ocr_carea' id='block_1_70' title="bbox 2018 2494 3606 2554">
    <p class='ocr_par' dir='ltr' id='par_1_70' title="bbox 2018 2494 3606 2554">
     <span class='ocr_line' id='line_1_70' title="bbox 2018 2494 3606 2554; baseline -0.004 -1"><span class='ocrx_word' id='word_1_590' title='bbox 2018 2500 2128 2554; x_wconf 86' lang='lat' dir='ltr'><strong>Illis</strong></span> <span class='ocrx_word' id='word_1_591' title='bbox 2163 2500 2312 2554; x_wconf 86' lang='lat' dir='ltr'><strong>enim</strong></span> <span class='ocrx_word' id='word_1_592' title='bbox 2344 2498 2492 2553; x_wconf 90' lang='lat' dir='ltr'><strong>nude</strong></span> <span class='ocrx_word' id='word_1_593' title='bbox 2522 2507 2576 2554; x_wconf 91' lang='lat' dir='ltr'><strong>et</strong></span> <span class='ocrx_word' id='word_1_594' title='bbox 2606 2497 2898 2552; x_wconf 84' lang='lat' dir='ltr'><strong>manifeste</strong></span> <span class='ocrx_word' id='word_1_595' title='bbox 2930 2496 3081 2550; x_wconf 91' lang='lat' dir='ltr'><strong>nulla</strong></span> <span class='ocrx_word' id='word_1_596' title='bbox 3113 2495 3216 2549; x_wconf 89' lang='lat' dir='ltr'><strong>sub</strong></span> <span class='ocrx_word' id='word_1_597' title='bbox 3247 2494 3420 2552; x_wconf 85' lang='lat' dir='ltr'><strong>forma</strong></span> <span class='ocrx_word' id='word_1_598' title='bbox 3451 2494 3606 2548; x_wconf 80' lang='lat' dir='ltr'><strong>visus</strong></span> 
     </span>
    </p>
   </div>
   <div class='ocr_carea' id='block_1_71' title="bbox 2016 2585 3600 2657">
    <p class='ocr_par' dir='ltr' id='par_1_71' title="bbox 2016 2585 3600 2657">
     <span class='ocr_line' id='line_1_71' title="bbox 2016 2585 3600 2657; baseline -0.003 -12"><span class='ocrx_word' id='word_1_599' title='bbox 2016 2600 2292 2653; x_wconf 86' lang='lat' dir='ltr'><strong>narratur,</strong></span> <span class='ocrx_word' id='word_1_600' title='bbox 2314 2591 2444 2644; x_wconf 87' lang='lat' dir='ltr'><strong>huic</strong></span> <span class='ocrx_word' id='word_1_601' title='bbox 2475 2606 2606 2645; x_wconf 87' lang='lat' dir='ltr'><strong>vero</strong></span> <span class='ocrx_word' id='word_1_602' title='bbox 2632 2589 2737 2645; x_wconf 92' lang='lat' dir='ltr'><strong>sub</strong></span> <span class='ocrx_word' id='word_1_603' title='bbox 2760 2587 2934 2644; x_wconf 84' lang='lat' dir='ltr'><strong>forma</strong></span> <span class='ocrx_word' id='word_1_604' title='bbox 2961 2603 3126 2657; x_wconf 89' lang='lat' dir='ltr'><strong>quam</strong></span> <span class='ocrx_word' id='word_1_605' title='bbox 3149 2588 3461 2652; x_wconf 85' lang='lat' dir='ltr'><strong>retulimus,</strong></span> <span class='ocrx_word' id='word_1_606' title='bbox 3485 2585 3600 2640; x_wconf 93' lang='lat' dir='ltr'><strong>for-</strong></span> 
     </span>
    </p>
   </div>
   <div class='ocr_carea' id='block_1_72' title="bbox 2017 2679 3605 2753">
    <p class='ocr_par' dir='ltr' id='par_1_72' title="bbox 2017 2679 3605 2753">
     <span class='ocr_line' id='line_1_72' title="bbox 2017 2679 3605 2753; baseline -0.002 -17"><span class='ocrx_word' id='word_1_607' title='bbox 2017 2699 2216 2753; x_wconf 90' lang='lat' dir='ltr'><strong>maque</strong></span> <span class='ocrx_word' id='word_1_608' title='bbox 2247 2683 2429 2749; x_wconf 90' lang='lat' dir='ltr'><strong>nubis,</strong></span> <span class='ocrx_word' id='word_1_609' title='bbox 2461 2697 2624 2752; x_wconf 92' lang='lat' dir='ltr'><strong>quam</strong></span> <span class='ocrx_word' id='word_1_610' title='bbox 2669 2682 2905 2751; x_wconf 83' lang='lat' dir='ltr'><strong>gloriam</strong></span> <span class='ocrx_word' id='word_1_611' title='bbox 2938 2679 3153 2734; x_wconf 89' lang='lat' dir='ltr'><strong>Domini</strong></span> <span class='ocrx_word' id='word_1_612' title='bbox 3188 2679 3472 2749; x_wconf 87' lang='lat' dir='ltr'><strong>Scriptura</strong></span> <span class='ocrx_word' id='word_1_613' title='bbox 3505 2693 3605 2733; x_wconf 84' lang='lat' dir='ltr'><strong>vo-</strong></span> 
     </span>
    </p>
   </div>
   <div class='ocr_carea' id='block_1_73' title="bbox 2019 2771 3602 2843">
    <p class='ocr_par' dir='ltr' id='par_1_73' title="bbox 2019 2771 3602 2843">
     <span class='ocr_line' id='line_1_73' title="bbox 2019 2771 3602 2843; baseline -0.003 -14"><span class='ocrx_word' id='word_1_614' title='bbox 2019 2783 2131 2843; x_wconf 90' lang='lat' dir='ltr'><strong>cat,</strong></span> <span class='ocrx_word' id='word_1_615' title='bbox 2161 2775 2352 2830; x_wconf 89' lang='lat' dir='ltr'><strong>dicens</strong></span> <span class='ocrx_word' id='word_1_616' title='bbox 2383 2794 2396 2829; x_wconf 88' lang='lat'><strong>:</strong></span> <span class='ocrx_word' id='word_1_617' title='bbox 2435 2794 2453 2826; x_wconf 88' lang='grc'><strong><em>‹</em></strong></span> <span class='ocrx_word' id='word_1_618' title='bbox 2490 2775 2629 2835; x_wconf 85' lang='lat' dir='ltr'><strong>Cum</strong></span> <span class='ocrx_word' id='word_1_619' title='bbox 2669 2782 2852 2828; x_wconf 88' lang='lat' dir='ltr'><strong>autem</strong></span> <span class='ocrx_word' id='word_1_620' title='bbox 2903 2775 3221 2842; x_wconf 88' lang='lat' dir='ltr'><strong>loqueretur</strong></span> <span class='ocrx_word' id='word_1_621' title='bbox 3271 2771 3484 2843; x_wconf 81' lang='lat' dir='ltr'><strong>Moyses</strong></span> <span class='ocrx_word' id='word_1_622' title='bbox 3532 2771 3602 2825; x_wconf 91' lang='lat' dir='ltr'><strong>ad</strong></span> 
     </span>
    </p>
   </div>
   <div class='ocr_carea' id='block_1_74' title="bbox 2016 2861 3603 2932">
    <p class='ocr_par' dir='ltr' id='par_1_74' title="bbox 2016 2861 3603 2932">
     <span class='ocr_line' id='line_1_74' title="bbox 2016 2861 3603 2932; baseline -0.005 -10"><span class='ocrx_word' id='word_1_623' title='bbox 2016 2881 2236 2922; x_wconf 91' lang='lat' dir='ltr'><strong>omnem</strong></span> <span class='ocrx_word' id='word_1_624' title='bbox 2264 2875 2465 2921; x_wconf 67' lang='lat' dir='ltr'><strong>coetum</strong></span> <span class='ocrx_word' id='word_1_625' title='bbox 2499 2864 2735 2919; x_wconf 87' lang='lat' dir='ltr'><strong>ﬁliorum</strong></span> <span class='ocrx_word' id='word_1_626' title='bbox 2780 2863 2968 2928; x_wconf 89' lang='lat' dir='ltr'><strong>Israel,</strong></span> <span class='ocrx_word' id='word_1_627' title='bbox 3021 2870 3381 2932; x_wconf 84' lang='lat' dir='ltr'><strong>respexerunt</strong></span> <span class='ocrx_word' id='word_1_628' title='bbox 3413 2861 3481 2915; x_wconf 90' lang='lat' dir='ltr'><strong>ad</strong></span> <span class='ocrx_word' id='word_1_629' title='bbox 3513 2876 3603 2916; x_wconf 90' lang='lat' dir='ltr'><strong>so-</strong></span> 
     </span>
    </p>
   </div>
   <div class='ocr_carea' id='block_1_75' title="bbox 2019 2951 3600 3025">
    <p class='ocr_par' dir='ltr' id='par_1_75' title="bbox 2019 2951 3600 3025">
     <span class='ocr_line' id='line_1_75' title="bbox 2019 2951 3600 3025; baseline -0.004 -13"><span class='ocrx_word' id='word_1_630' title='bbox 2019 2959 2313 3013; x_wconf 92' lang='lat' dir='ltr'><strong>litudinem</strong></span> <span class='ocrx_word' id='word_1_631' title='bbox 2339 2975 2352 3012; x_wconf 89' lang='lat'><strong>:</strong></span> <span class='ocrx_word' id='word_1_632' title='bbox 2385 2966 2440 3012; x_wconf 92' lang='lat' dir='ltr'><strong>et</strong></span> <span class='ocrx_word' id='word_1_633' title='bbox 2467 2971 2595 3011; x_wconf 90' lang='lat' dir='ltr'><strong>ecce</strong></span> <span class='ocrx_word' id='word_1_634' title='bbox 2621 2956 2795 3025; x_wconf 80' lang='lat' dir='ltr'><strong>gloria</strong></span> <span class='ocrx_word' id='word_1_635' title='bbox 2818 2953 3033 3007; x_wconf 85' lang='lat' dir='ltr'><strong>Domini</strong></span> <span class='ocrx_word' id='word_1_636' title='bbox 3056 2952 3310 3022; x_wconf 88' lang='lat' dir='ltr'><strong>apparuit</strong></span> <span class='ocrx_word' id='word_1_637' title='bbox 3333 2952 3389 3006; x_wconf 92' lang='lat' dir='ltr'><strong>in</strong></span> <span class='ocrx_word' id='word_1_638' title='bbox 3415 2951 3561 3025; x_wconf 85' lang='lat' dir='ltr'><strong>nube</strong></span> <span class='ocrx_word' id='word_1_639' title='bbox 3585 2969 3600 3006; x_wconf 83' lang='lat'><strong>;</strong></span> 
     </span>
    </p>
   </div>
   <div class='ocr_carea' id='block_1_76' title="bbox 2017 3043 3597 3116">
    <p class='ocr_par' dir='ltr' id='par_1_76' title="bbox 2017 3043 3597 3116">
     <span class='ocr_line' id='line_1_76' title="bbox 2017 3043 3597 3116; baseline -0.007 -11"><span class='ocrx_word' id='word_1_640' title='bbox 2017 3051 2233 3105; x_wconf 91' lang='lat' dir='ltr'><strong>locutus</strong></span> <span class='ocrx_word' id='word_1_641' title='bbox 2265 3059 2349 3105; x_wconf 90' lang='lat' dir='ltr'><strong>est</strong></span> <span class='ocrx_word' id='word_1_642' title='bbox 2367 3056 2548 3104; x_wconf 89' lang='lat' dir='ltr'><strong>autem</strong></span> <span class='ocrx_word' id='word_1_643' title='bbox 2580 3047 2842 3102; x_wconf 88' lang='lat' dir='ltr'><strong>Dominus</strong></span> <span class='ocrx_word' id='word_1_644' title='bbox 2877 3045 2945 3099; x_wconf 91' lang='lat' dir='ltr'><strong>ad</strong></span> <span class='ocrx_word' id='word_1_645' title='bbox 2972 3045 3236 3116; x_wconf 83' lang='lat' dir='ltr'><strong>Moysem,</strong></span> <span class='ocrx_word' id='word_1_646' title='bbox 3259 3043 3542 3109; x_wconf 74' lang='lat' dir='ltr'><strong>dicens“;</strong></span> <span class='ocrx_word' id='word_1_647' title='bbox 3579 3063 3597 3094; x_wconf 73' lang='grc' dir='ltr'><strong>ι</strong></span> 
     </span>
    </p>
   </div>
   <div class='ocr_carea' id='block_1_77' title="bbox 2017 3135 3604 3210">
    <p class='ocr_par' dir='ltr' id='par_1_77' title="bbox 2017 3135 3604 3210">
     <span class='ocr_line' id='line_1_77' title="bbox 2017 3135 3604 3210; baseline -0.006 -12"><span class='ocrx_word' id='word_1_648' title='bbox 2017 3151 2072 3198; x_wconf 91' lang='lat' dir='ltr'><strong>et</strong></span> <span class='ocrx_word' id='word_1_649' title='bbox 2149 3157 2345 3197; x_wconf 92' lang='lat' dir='ltr'><strong>rursus</strong></span> <span class='ocrx_word' id='word_1_650' title='bbox 2370 3155 2413 3196; x_wconf 73' lang='grc' dir='ltr'><strong>σε</strong></span> <span class='ocrx_word' id='word_1_651' title='bbox 2476 3161 2494 3193; x_wconf 75' lang='grc' dir='ltr'><strong>ι</strong></span> <span class='ocrx_word' id='word_1_652' title='bbox 2555 3139 2802 3210; x_wconf 88' lang='lat' dir='ltr'><strong>Cumque</strong></span> <span class='ocrx_word' id='word_1_653' title='bbox 2864 3138 3207 3191; x_wconf 86' lang='lat' dir='ltr'><strong>ascendisset</strong></span> <span class='ocrx_word' id='word_1_654' title='bbox 3281 3135 3494 3206; x_wconf 86' lang='lat' dir='ltr'><strong>Moyses</strong></span> <span class='ocrx_word' id='word_1_655' title='bbox 3547 3135 3604 3188; x_wconf 93' lang='lat' dir='ltr'><strong>in</strong></span> 
     </span>
    </p>
   </div>
   <div class='ocr_carea' id='block_1_78' title="bbox 2015 3226 3605 3304">
    <p class='ocr_par' dir='ltr' id='par_1_78' title="bbox 2015 3226 3605 3304">
     <span class='ocr_line' id='line_1_78' title="bbox 2015 3226 3605 3304; baseline -0.006 -15"><span class='ocrx_word' id='word_1_656' title='bbox 2015 3242 2278 3298; x_wconf 90' lang='lat' dir='ltr'><strong>montem,</strong></span> <span class='ocrx_word' id='word_1_657' title='bbox 2312 3234 2527 3304; x_wconf 90' lang='lat' dir='ltr'><strong>operuit</strong></span> <span class='ocrx_word' id='word_1_658' title='bbox 2558 3233 2732 3286; x_wconf 89' lang='lat' dir='ltr'><strong>nubes</strong></span> <span class='ocrx_word' id='word_1_659' title='bbox 2761 3237 3028 3284; x_wconf 89' lang='lat' dir='ltr'><strong>montem.</strong></span> <span class='ocrx_word' id='word_1_660' title='bbox 3064 3227 3129 3281; x_wconf 90' lang='lat' dir='ltr'><strong>Et</strong></span> <span class='ocrx_word' id='word_1_661' title='bbox 3157 3226 3439 3283; x_wconf 90' lang='lat' dir='ltr'><strong>descendit</strong></span> <span class='ocrx_word' id='word_1_662' title='bbox 3489 3227 3605 3297; x_wconf 86' lang='lat' dir='ltr'><strong>glo-</strong></span> 
     </span>
    </p>
   </div>
   <div class='ocr_carea' id='block_1_79' title="bbox 2015 3318 3605 3394">
    <p class='ocr_par' dir='ltr' id='par_1_79' title="bbox 2015 3318 3605 3394">
     <span class='ocr_line' id='line_1_79' title="bbox 2015 3318 3605 3394; baseline -0.005 -14"><span class='ocrx_word' id='word_1_663' title='bbox 2015 3327 2095 3380; x_wconf 86' lang='lat' dir='ltr'><strong>ria</strong></span> <span class='ocrx_word' id='word_1_664' title='bbox 2134 3321 2348 3379; x_wconf 85' lang='lat' dir='ltr'><strong>Domini</strong></span> <span class='ocrx_word' id='word_1_665' title='bbox 2381 3339 2547 3394; x_wconf 89' lang='lat' dir='ltr'><strong>super</strong></span> <span class='ocrx_word' id='word_1_666' title='bbox 2601 3330 2864 3384; x_wconf 89' lang='lat' dir='ltr'><strong>montem,</strong></span> <span class='ocrx_word' id='word_1_667' title='bbox 2897 3328 3088 3390; x_wconf 80' lang='lat' dir='ltr'><strong>tegens</strong></span> <span class='ocrx_word' id='word_1_668' title='bbox 3138 3319 3294 3373; x_wconf 90' lang='lat' dir='ltr'><strong>illum</strong></span> <span class='ocrx_word' id='word_1_669' title='bbox 3327 3318 3472 3373; x_wconf 91' lang='lat' dir='ltr'><strong>nube</strong></span> <span class='ocrx_word' id='word_1_670' title='bbox 3508 3332 3605 3373; x_wconf 87' lang='lat' dir='ltr'><strong>sex</strong></span> 
     </span>
    </p>
   </div>
   <div class='ocr_carea' id='block_1_80' title="bbox 2013 3411 3608 3485">
    <p class='ocr_par' dir='ltr' id='par_1_80' title="bbox 2013 3411 3608 3485">
     <span class='ocr_line' id='line_1_80' title="bbox 2013 3411 3608 3485; baseline -0.007 -10"><span class='ocrx_word' id='word_1_671' title='bbox 2013 3421 2230 3475; x_wconf 88' lang='lat' dir='ltr'><strong>diebus.</strong></span> <span class='ocrx_word' id='word_1_672' title='bbox 2269 3417 2336 3470; x_wconf 89' lang='lat' dir='ltr'><strong>Et</strong></span> <span class='ocrx_word' id='word_1_673' title='bbox 2361 3415 2687 3485; x_wconf 88' lang='lat' dir='ltr'><strong>loquebatur</strong></span> <span class='ocrx_word' id='word_1_674' title='bbox 2707 3412 2976 3467; x_wconf 90' lang='lat' dir='ltr'><strong>Dominus</strong></span> <span class='ocrx_word' id='word_1_675' title='bbox 3003 3412 3071 3466; x_wconf 87' lang='lat' dir='ltr'><strong>ad</strong></span> <span class='ocrx_word' id='word_1_676' title='bbox 3100 3411 3341 3482; x_wconf 87' lang='lat' dir='ltr'><strong>Moysem</strong></span> <span class='ocrx_word' id='word_1_677' title='bbox 3372 3412 3608 3481; x_wconf 88' lang='lat' dir='ltr'><strong>septimo</strong></span> 
     </span>
    </p>
   </div>
   <div class='ocr_carea' id='block_1_81' title="bbox 2014 3503 3605 3575">
    <p class='ocr_par' dir='ltr' id='par_1_81' title="bbox 2014 3503 3605 3575">
     <span class='ocr_line' id='line_1_81' title="bbox 2014 3503 3605 3575; baseline -0.008 -8"><span class='ocrx_word' id='word_1_678' title='bbox 2014 3513 2102 3567; x_wconf 91' lang='lat' dir='ltr'><strong>die</strong></span> <span class='ocrx_word' id='word_1_679' title='bbox 2130 3511 2199 3566; x_wconf 88' lang='lat' dir='ltr'><strong>de</strong></span> <span class='ocrx_word' id='word_1_680' title='bbox 2229 3509 2413 3564; x_wconf 91' lang='lat' dir='ltr'><strong>medio</strong></span> <span class='ocrx_word' id='word_1_681' title='bbox 2454 3507 2728 3575; x_wconf 83' lang='lat' dir='ltr'><strong>caliginis.</strong></span> <span class='ocrx_word' id='word_1_682' title='bbox 2765 3503 2895 3558; x_wconf 89' lang='lat' dir='ltr'><strong>Erat</strong></span> <span class='ocrx_word' id='word_1_683' title='bbox 2934 3510 3117 3557; x_wconf 89' lang='lat' dir='ltr'><strong>autem</strong></span> <span class='ocrx_word' id='word_1_684' title='bbox 3161 3503 3376 3572; x_wconf 87' lang='lat' dir='ltr'><strong>species</strong></span> <span class='ocrx_word' id='word_1_685' title='bbox 3417 3503 3605 3572; x_wconf 66' lang='lat' dir='ltr'><strong>gloriae</strong></span> 
     </span>
    </p>
   </div>
   <div class='ocr_carea' id='block_1_82' title="bbox 2018 3594 3604 3672">
    <p class='ocr_par' dir='ltr' id='par_1_82' title="bbox 2018 3594 3604 3672">
     <span class='ocr_line' id='line_1_82' title="bbox 2018 3594 3604 3672; baseline -0.009 -13"><span class='ocrx_word' id='word_1_686' title='bbox 2018 3605 2257 3667; x_wconf 88' lang='lat' dir='ltr'><strong>Domini,</strong></span> <span class='ocrx_word' id='word_1_687' title='bbox 2289 3601 2448 3672; x_wconf 90' lang='lat' dir='ltr'><strong>quasi</strong></span> <span class='ocrx_word' id='word_1_688' title='bbox 2484 3600 2628 3667; x_wconf 81' lang='lat' dir='ltr'><strong>ignis</strong></span> <span class='ocrx_word' id='word_1_689' title='bbox 2680 3597 2881 3652; x_wconf 87' lang='lat' dir='ltr'><strong>ardens</strong></span> <span class='ocrx_word' id='word_1_690' title='bbox 2919 3609 3086 3668; x_wconf 88' lang='lat' dir='ltr'><strong>super</strong></span> <span class='ocrx_word' id='word_1_691' title='bbox 3135 3594 3398 3650; x_wconf 85' lang='lat' dir='ltr'><strong>verticem</strong></span> <span class='ocrx_word' id='word_1_692' title='bbox 3444 3609 3604 3646; x_wconf 82' lang='lat' dir='ltr'><strong>mon-</strong></span> 
     </span>
    </p>
   </div>
   <div class='ocr_carea' id='block_1_83' title="bbox 2015 3683 3601 3762">
    <p class='ocr_par' dir='ltr' id='par_1_83' title="bbox 2015 3683 3601 3762">
     <span class='ocr_line' id='line_1_83' title="bbox 2015 3683 3601 3762; baseline -0.008 -12"><span class='ocrx_word' id='word_1_693' title='bbox 2015 3697 2086 3752; x_wconf 92' lang='lat' dir='ltr'><strong>tis</strong></span> <span class='ocrx_word' id='word_1_694' title='bbox 2108 3698 2174 3750; x_wconf 74' lang='grc'><strong>’⁵.</strong></span> <span class='ocrx_word' id='word_1_695' title='bbox 2220 3713 2238 3746; x_wconf 74' lang='grc' dir='ltr'><strong>ι</strong></span> <span class='ocrx_word' id='word_1_696' title='bbox 2273 3694 2470 3762; x_wconf 85' lang='lat' dir='ltr'><strong>Aperte</strong></span> <span class='ocrx_word' id='word_1_697' title='bbox 2500 3696 2649 3760; x_wconf 89' lang='lat' dir='ltr'><strong>patet</strong></span> <span class='ocrx_word' id='word_1_698' title='bbox 2674 3703 2742 3743; x_wconf 81' lang='lat' dir='ltr'><strong>ex</strong></span> <span class='ocrx_word' id='word_1_699' title='bbox 2774 3688 2843 3742; x_wconf 91' lang='lat' dir='ltr'><strong>iis</strong></span> <span class='ocrx_word' id='word_1_700' title='bbox 2873 3688 3052 3743; x_wconf 88' lang='lat' dir='ltr'><strong>visum</strong></span> <span class='ocrx_word' id='word_1_701' title='bbox 3088 3685 3259 3740; x_wconf 90' lang='lat' dir='ltr'><strong>fuisse</strong></span> <span class='ocrx_word' id='word_1_702' title='bbox 3287 3683 3461 3755; x_wconf 81' lang='lat' dir='ltr'><strong>Moysi</strong></span> <span class='ocrx_word' id='word_1_703' title='bbox 3491 3698 3601 3738; x_wconf 92' lang='lat' dir='ltr'><strong>non</strong></span> 
     </span>
    </p>
   </div>
   <div class='ocr_carea' id='block_1_84' title="bbox 2014 3775 3602 3858">
    <p class='ocr_par' dir='ltr' id='par_1_84' title="bbox 2014 3775 3602 3858">
     <span class='ocr_line' id='line_1_84' title="bbox 2014 3775 3602 3858; baseline -0.01 -16"><span class='ocrx_word' id='word_1_704' title='bbox 2014 3788 2194 3858; x_wconf 91' lang='lat' dir='ltr'><strong>ipsum</strong></span> <span class='ocrx_word' id='word_1_705' title='bbox 2225 3784 2535 3843; x_wconf 85' lang='lat' dir='ltr'><strong>Dominum,</strong></span> <span class='ocrx_word' id='word_1_706' title='bbox 2561 3782 2657 3836; x_wconf 90' lang='lat' dir='ltr'><strong>sed</strong></span> <span class='ocrx_word' id='word_1_707' title='bbox 2688 3781 2927 3851; x_wconf 88' lang='lat' dir='ltr'><strong>speciem</strong></span> <span class='ocrx_word' id='word_1_708' title='bbox 2949 3777 3184 3842; x_wconf 88' lang='lat' dir='ltr'><strong>Domini,</strong></span> <span class='ocrx_word' id='word_1_709' title='bbox 3211 3775 3522 3844; x_wconf 89' lang='lat' dir='ltr'><strong>nubemque</strong></span> <span class='ocrx_word' id='word_1_710' title='bbox 3547 3781 3602 3828; x_wconf 88' lang='lat' dir='ltr'><strong>et</strong></span> 
     </span>
    </p>
   </div>
   <div class='ocr_carea' id='block_1_85' title="bbox 2019 3862 3599 3950">
    <p class='ocr_par' dir='ltr' id='par_1_85' title="bbox 2019 3862 3599 3950">
     <span class='ocr_line' id='line_1_85' title="bbox 2019 3862 3599 3950; baseline -0.01 -16"><span class='ocrx_word' id='word_1_711' title='bbox 2019 3881 2223 3950; x_wconf 84' lang='lat' dir='ltr'><strong>ignem,</strong></span> <span class='ocrx_word' id='word_1_712' title='bbox 2250 3892 2369 3946; x_wconf 83' lang='lat' dir='ltr'><strong>quae</strong></span> <span class='ocrx_word' id='word_1_713' title='bbox 2399 3875 2612 3928; x_wconf 90' lang='lat' dir='ltr'><strong>Domini</strong></span> <span class='ocrx_word' id='word_1_714' title='bbox 2639 3874 2866 3944; x_wconf 79' lang='lat' dir='ltr'><strong>gloriam</strong></span> <span class='ocrx_word' id='word_1_715' title='bbox 2896 3886 3053 3927; x_wconf 82' lang='lat' dir='ltr'><strong>sacer</strong></span> <span class='ocrx_word' id='word_1_716' title='bbox 3083 3883 3262 3923; x_wconf 87' lang='lat' dir='ltr'><strong>sermo</strong></span> <span class='ocrx_word' id='word_1_717' title='bbox 3291 3874 3468 3920; x_wconf 87' lang='lat' dir='ltr'><strong>vocat.</strong></span> <span class='ocrx_word' id='word_1_718' title='bbox 3499 3862 3599 3919; x_wconf 75' lang='lat' dir='ltr'><strong>Vi-</strong></span> 
     </span>
    </p>
   </div>
   <div class='ocr_carea' id='block_1_86' title="bbox 2015 3956 3595 4041">
    <p class='ocr_par' dir='ltr' id='par_1_86' title="bbox 2015 3956 3595 4041">
     <span class='ocr_line' id='line_1_86' title="bbox 2015 3956 3595 4041; baseline -0.011 -14"><span class='ocrx_word' id='word_1_719' title='bbox 2015 3956 2178 4027; x_wconf 83' lang='lat' dir='ltr'><strong>debat</strong></span> <span class='ocrx_word' id='word_1_720' title='bbox 2207 3972 2373 4041; x_wconf 83' lang='lat' dir='ltr'><strong>igitur</strong></span> <span class='ocrx_word' id='word_1_721' title='bbox 2401 3968 2637 4039; x_wconf 84' lang='lat' dir='ltr'><strong>speciem</strong></span> <span class='ocrx_word' id='word_1_722' title='bbox 2670 3964 2908 4028; x_wconf 88' lang='lat' dir='ltr'><strong>Domini,</strong></span> <span class='ocrx_word' id='word_1_723' title='bbox 2941 3964 3170 4032; x_wconf 85' lang='lat' dir='ltr'><strong>ejusque</strong></span> <span class='ocrx_word' id='word_1_724' title='bbox 3203 3958 3454 4030; x_wconf 79' lang='lat' dir='ltr'><strong>gloriam,</strong></span> <span class='ocrx_word' id='word_1_725' title='bbox 3487 3957 3595 4010; x_wconf 90' lang='lat' dir='ltr'><strong>mi-</strong></span> 
     </span>
    </p>
   </div>
   <div class='ocr_carea' id='block_1_87' title="bbox 2014 4045 3599 4128">
    <p class='ocr_par' dir='ltr' id='par_1_87' title="bbox 2014 4045 3599 4128">
     <span class='ocr_line' id='line_1_87' title="bbox 2014 4045 3599 4128; baseline -0.013 -10"><span class='ocrx_word' id='word_1_726' title='bbox 2014 4063 2165 4118; x_wconf 91' lang='lat' dir='ltr'><strong>nime</strong></span> <span class='ocrx_word' id='word_1_727' title='bbox 2211 4069 2392 4115; x_wconf 90' lang='lat' dir='ltr'><strong>autem</strong></span> <span class='ocrx_word' id='word_1_728' title='bbox 2447 4059 2626 4128; x_wconf 89' lang='lat' dir='ltr'><strong>ipsum</strong></span> <span class='ocrx_word' id='word_1_729' title='bbox 2683 4055 2992 4115; x_wconf 89' lang='lat' dir='ltr'><strong>Dominum,</strong></span> <span class='ocrx_word' id='word_1_730' title='bbox 3045 4051 3328 4121; x_wconf 88' lang='lat' dir='ltr'><strong>ipsiusque</strong></span> <span class='ocrx_word' id='word_1_731' title='bbox 3379 4045 3599 4099; x_wconf 76' lang='lat' dir='ltr'><strong>Domini</strong></span> 
     </span>
    </p>
   </div>
   <div class='ocr_carea' id='block_1_88' title="bbox 2016 4138 3596 4221">
    <p class='ocr_par' dir='ltr' id='par_1_88' title="bbox 2016 4138 3596 4221">
     <span class='ocr_line' id='line_1_88' title="bbox 2016 4138 3596 4221; baseline -0.013 -10"><span class='ocrx_word' id='word_1_732' title='bbox 2016 4157 2278 4221; x_wconf 73' lang='lat' dir='ltr'><strong>Verbum,</strong></span> <span class='ocrx_word' id='word_1_733' title='bbox 2326 4153 2429 4210; x_wconf 89' lang='lat' dir='ltr'><strong>sibi</strong></span> <span class='ocrx_word' id='word_1_734' title='bbox 2464 4152 2817 4207; x_wconf 88' lang='lat' dir='ltr'><strong>collocutum.</strong></span> <span class='ocrx_word' id='word_1_735' title='bbox 2851 4146 3239 4201; x_wconf 77' lang='lat' dir='ltr'><strong>Verumtamen</strong></span> <span class='ocrx_word' id='word_1_736' title='bbox 3273 4155 3368 4212; x_wconf 88' lang='lat' dir='ltr'><strong>per</strong></span> <span class='ocrx_word' id='word_1_737' title='bbox 3397 4138 3596 4193; x_wconf 84' lang='lat' dir='ltr'><strong>nubem</strong></span> 
     </span>
    </p>
   </div>
   <div class='ocr_carea' id='block_1_89' title="bbox 2015 4227 3598 4318">
    <p class='ocr_par' dir='ltr' id='par_1_89' title="bbox 2015 4227 3598 4318">
     <span class='ocr_line' id='line_1_89' title="bbox 2015 4227 3598 4318; baseline -0.016 -12"><span class='ocrx_word' id='word_1_738' title='bbox 2015 4268 2139 4307; x_wconf 87' lang='lat' dir='ltr'><strong>eum</strong></span> <span class='ocrx_word' id='word_1_739' title='bbox 2190 4251 2502 4318; x_wconf 76' lang='lat' dir='ltr'><strong>loquentem</strong></span> <span class='ocrx_word' id='word_1_740' title='bbox 2558 4241 2835 4304; x_wconf 89' lang='lat' dir='ltr'><strong>audiebat,</strong></span> <span class='ocrx_word' id='word_1_741' title='bbox 2886 4238 3117 4306; x_wconf 85' lang='lat' dir='ltr'><strong>ideoque</strong></span> <span class='ocrx_word' id='word_1_742' title='bbox 3163 4234 3407 4288; x_wconf 89' lang='lat' dir='ltr'><strong>dicitur:</strong></span> <span class='ocrx_word' id='word_1_743' title='bbox 3459 4247 3480 4282; x_wconf 74' lang='grc' dir='ltr'><strong>ι</strong></span> <span class='ocrx_word' id='word_1_744' title='bbox 3530 4227 3598 4282; x_wconf 84' lang='grc' dir='ltr'><strong>Ει</strong></span> 
     </span>
    </p>
   </div>
   <div class='ocr_carea' id='block_1_90' title="bbox 2016 4323 3592 4402">
    <p class='ocr_par' dir='ltr' id='par_1_90' title="bbox 2016 4323 3592 4402">
     <span class='ocr_line' id='line_1_90' title="bbox 2016 4323 3592 4402; baseline -0.018 -3"><span class='ocrx_word' id='word_1_745' title='bbox 2016 4347 2234 4399; x_wconf 92' lang='lat' dir='ltr'><strong>locutus</strong></span> <span class='ocrx_word' id='word_1_746' title='bbox 2257 4347 2343 4396; x_wconf 88' lang='lat' dir='ltr'><strong>est</strong></span> <span class='ocrx_word' id='word_1_747' title='bbox 2377 4338 2643 4392; x_wconf 89' lang='lat' dir='ltr'><strong>Dominus</strong></span> <span class='ocrx_word' id='word_1_748' title='bbox 2689 4334 2757 4388; x_wconf 91' lang='lat' dir='ltr'><strong>ad</strong></span> <span class='ocrx_word' id='word_1_749' title='bbox 2785 4332 3026 4402; x_wconf 83' lang='lat' dir='ltr'><strong>Moysem</strong></span> <span class='ocrx_word' id='word_1_750' title='bbox 3052 4327 3191 4381; x_wconf 82' lang='lat' dir='ltr'><strong>facie</strong></span> <span class='ocrx_word' id='word_1_751' title='bbox 3222 4324 3289 4379; x_wconf 91' lang='lat' dir='ltr'><strong>ad</strong></span> <span class='ocrx_word' id='word_1_752' title='bbox 3318 4323 3534 4380; x_wconf 85' lang='lat' dir='ltr'><strong>faciem.</strong></span> <span class='ocrx_word' id='word_1_753' title='bbox 3573 4340 3592 4371; x_wconf 68' lang='grc' dir='ltr'><strong>ι</strong></span> 
     </span>
    </p>
   </div>
   <div class='ocr_carea' id='block_1_91' title="bbox 2015 4411 3593 4497">
    <p class='ocr_par' dir='ltr' id='par_1_91' title="bbox 2015 4411 3593 4497">
     <span class='ocr_line' id='line_1_91' title="bbox 2015 4411 3593 4497; baseline -0.017 -7"><span class='ocrx_word' id='word_1_754' title='bbox 2015 4435 2135 4489; x_wconf 84' lang='grc' dir='ltr'><strong>Νοη</strong></span> <span class='ocrx_word' id='word_1_755' title='bbox 2167 4440 2352 4487; x_wconf 90' lang='lat' dir='ltr'><strong>autem</strong></span> <span class='ocrx_word' id='word_1_756' title='bbox 2378 4430 2428 4485; x_wconf 89' lang='lat' dir='ltr'><strong>ei</strong></span> <span class='ocrx_word' id='word_1_757' title='bbox 2462 4425 2785 4497; x_wconf 89' lang='lat' dir='ltr'><strong>apparuisse</strong></span> <span class='ocrx_word' id='word_1_758' title='bbox 2817 4422 2957 4477; x_wconf 89' lang='lat' dir='ltr'><strong>facie</strong></span> <span class='ocrx_word' id='word_1_759' title='bbox 2982 4419 3050 4474; x_wconf 88' lang='lat' dir='ltr'><strong>ad</strong></span> <span class='ocrx_word' id='word_1_760' title='bbox 3085 4417 3280 4472; x_wconf 88' lang='lat' dir='ltr'><strong>faciem</strong></span> <span class='ocrx_word' id='word_1_761' title='bbox 3313 4411 3552 4468; x_wconf 82' lang='lat' dir='ltr'><strong>refertur</strong></span> <span class='ocrx_word' id='word_1_762' title='bbox 3581 4427 3593 4439; x_wconf 75' lang='grc' dir='ltr'><strong><em>ο</em></strong></span> 
     </span>
    </p>
   </div>
   <div class='ocr_carea' id='block_1_92' title="bbox 326 4503 1914 4597">
    <p class='ocr_par' dir='ltr' id='par_1_92' title="bbox 326 4503 1912 4597">
     <span class='ocr_line' id='line_1_92' title="bbox 326 4503 1912 4597; baseline -0.001 -21"><span class='ocrx_word' id='word_1_763' title='bbox 326 4524 414 4578; x_wconf 81' lang='grc' dir='ltr'><strong>ὅτι</strong></span> <span class='ocrx_word' id='word_1_764' title='bbox 445 4527 509 4597; x_wconf 80' lang='grc' dir='ltr'>δὴ</span> <span class='ocrx_word' id='word_1_765' title='bbox 546 4527 720 4597; x_wconf 88' lang='grc' dir='ltr'>στόμα</span> <span class='ocrx_word' id='word_1_766' title='bbox 756 4526 932 4580; x_wconf 88' lang='grc' dir='ltr'>ἐλάλει</span> <span class='ocrx_word' id='word_1_767' title='bbox 966 4503 1114 4596; x_wconf 56' lang='lat' dir='ltr'><strong>aich</strong></span> <span class='ocrx_word' id='word_1_768' title='bbox 1155 4528 1182 4579; x_wconf 83' lang='lat'><strong>6</strong></span> <span class='ocrx_word' id='word_1_769' title='bbox 1214 4524 1453 4589; x_wconf 82' lang='grc' dir='ltr'>Θεὸς,οὑ</span> <span class='ocrx_word' id='word_1_770' title='bbox 1494 4523 1599 4595; x_wconf 84' lang='grc' dir='ltr'>μὴν</span> <span class='ocrx_word' id='word_1_771' title='bbox 1638 4521 1912 4592; x_wconf 84' lang='grc' dir='ltr'>καταλλή-</span> 
     </span>
    </p>
   </div>
   <div class='ocr_carea' id='block_1_93' title="bbox 2016 4503 3594 4597">
    <p class='ocr_par' dir='ltr' id='par_1_93' title="bbox 2019 4503 3594 4582">
     <span class='ocr_line' id='line_1_93' title="bbox 2019 4503 3594 4582; baseline -0.019 0"><span class='ocrx_word' id='word_1_772' title='bbox 2019 4527 2149 4582; x_wconf 91' lang='lat' dir='ltr'><strong>illud</strong></span> <span class='ocrx_word' id='word_1_773' title='bbox 2207 4525 2352 4578; x_wconf 89' lang='lat' dir='ltr'><strong>enim</strong></span> <span class='ocrx_word' id='word_1_774' title='bbox 2403 4520 2646 4574; x_wconf 90' lang='lat' dir='ltr'><strong>nondum</strong></span> <span class='ocrx_word' id='word_1_775' title='bbox 2711 4513 2977 4569; x_wconf 88' lang='lat' dir='ltr'><strong>accidisse</strong></span> <span class='ocrx_word' id='word_1_776' title='bbox 3033 4513 3299 4563; x_wconf 89' lang='lat' dir='ltr'><strong>memorat</strong></span> <span class='ocrx_word' id='word_1_777' title='bbox 3363 4503 3594 4559; x_wconf 84' lang='lat' dir='ltr'><strong>dicens:</strong></span> 
     </span>
    </p>
   </div>
   <div class='ocr_carea' id='block_1_94' title="bbox 324 4615 1910 4688">
    <p class='ocr_par' dir='ltr' id='par_1_94' title="bbox 324 4615 1910 4688">
     <span class='ocr_line' id='line_1_94' title="bbox 324 4615 1910 4688; baseline -0.003 -17"><span class='ocrx_word' id='word_1_778' title='bbox 324 4616 439 4682; x_wconf 87' lang='grc' dir='ltr'><strong>λως</strong></span> <span class='ocrx_word' id='word_1_779' title='bbox 473 4619 566 4673; x_wconf 76' lang='grc' dir='ltr'>καὶ</span> <span class='ocrx_word' id='word_1_780' title='bbox 593 4620 819 4688; x_wconf 82' lang='grc' dir='ltr'>ἑωρᾶτο,</span> <span class='ocrx_word' id='word_1_781' title='bbox 848 4619 962 4672; x_wconf 80' lang='grc' dir='ltr'>ἀλλ’</span> <span class='ocrx_word' id='word_1_782' title='bbox 991 4621 1049 4672; x_wconf 90' lang='grc' dir='ltr'><strong>ἐν</strong></span> <span class='ocrx_word' id='word_1_783' title='bbox 1082 4619 1210 4672; x_wconf 84' lang='grc' dir='ltr'>εῐδει</span> <span class='ocrx_word' id='word_1_784' title='bbox 1238 4619 1333 4671; x_wconf 70' lang='grc' dir='ltr'><strong>καὶ</strong></span> <span class='ocrx_word' id='word_1_785' title='bbox 1360 4616 1450 4670; x_wconf 82' lang='grc' dir='ltr'>διὰ</span> <span class='ocrx_word' id='word_1_786' title='bbox 1478 4617 1579 4687; x_wconf 85' lang='grc' dir='ltr'><strong>τῆς</strong></span> <span class='ocrx_word' id='word_1_787' title='bbox 1612 4615 1910 4688; x_wconf 86' lang='grc' dir='ltr'>προαποδε-</span> 
     </span>
    </p>
   </div>
   <div class='ocr_carea' id='block_1_95' title="bbox 323 4705 1910 4784">
    <p class='ocr_par' dir='ltr' id='par_1_95' title="bbox 323 4705 1910 4784">
     <span class='ocr_line' id='line_1_95' title="bbox 323 4705 1910 4784; baseline -0.004 -18"><span class='ocrx_word' id='word_1_788' title='bbox 323 4711 564 4784; x_wconf 85' lang='grc' dir='ltr'>δομένης</span> <span class='ocrx_word' id='word_1_789' title='bbox 595 4713 751 4784; x_wconf 81' lang='grc' dir='ltr'>δόξης</span> <span class='ocrx_word' id='word_1_790' title='bbox 781 4711 942 4765; x_wconf 83' lang='grc' dir='ltr'>αὐτοῦ</span> <span class='ocrx_word' id='word_1_791' title='bbox 965 4729 979 4743; x_wconf 80' lang='grc' dir='ltr'><strong>ο</strong></span> <span class='ocrx_word' id='word_1_792' title='bbox 1011 4712 1159 4779; x_wconf 86' lang='grc' dir='ltr'>λέγει</span> <span class='ocrx_word' id='word_1_793' title='bbox 1191 4711 1248 4763; x_wconf 84' lang='grc' dir='ltr'>δὲ</span> <span class='ocrx_word' id='word_1_794' title='bbox 1280 4709 1481 4773; x_wconf 75' lang='grc' dir='ltr'>οὕτως’</span> <span class='ocrx_word' id='word_1_795' title='bbox 1519 4729 1537 4761; x_wconf 77' lang='grc' dir='ltr'><strong>ι</strong></span> <span class='ocrx_word' id='word_1_796' title='bbox 1567 4709 1678 4763; x_wconf 76' lang='grc' dir='ltr'><strong>Καὶ</strong></span> <span class='ocrx_word' id='word_1_797' title='bbox 1707 4705 1910 4778; x_wconf 87' lang='grc' dir='ltr'>κατέϐη</span> 
     </span>
    </p>
   </div>
   <div class='ocr_carea' id='block_1_96' title="bbox 329 4798 1916 4877">
    <p class='ocr_par' dir='ltr' id='par_1_96' title="bbox 329 4798 1916 4877">
     <span class='ocr_line' id='line_1_96' title="bbox 329 4798 1916 4877; baseline -0.005 -18"><span class='ocrx_word' id='word_1_798' title='bbox 329 4805 538 4877; x_wconf 82' lang='grc' dir='ltr'>Κύριος</span> <span class='ocrx_word' id='word_1_799' title='bbox 587 4805 645 4857; x_wconf 89' lang='grc' dir='ltr'><strong>ἐν</strong></span> <span class='ocrx_word' id='word_1_800' title='bbox 694 4803 869 4874; x_wconf 86' lang='grc' dir='ltr'>στύλῳ</span> <span class='ocrx_word' id='word_1_801' title='bbox 905 4803 1155 4874; x_wconf 85' lang='grc' dir='ltr'>νεφέλης,</span> <span class='ocrx_word' id='word_1_802' title='bbox 1184 4802 1280 4856; x_wconf 73' lang='grc' dir='ltr'>καὶ</span> <span class='ocrx_word' id='word_1_803' title='bbox 1323 4800 1450 4872; x_wconf 72' lang='grc' dir='ltr'>ἔστη</span> <span class='ocrx_word' id='word_1_804' title='bbox 1482 4800 1575 4855; x_wconf 76' lang='grc' dir='ltr'><strong>ἐπὶ</strong></span> <span class='ocrx_word' id='word_1_805' title='bbox 1607 4800 1708 4870; x_wconf 86' lang='grc' dir='ltr'><strong>τῆς</strong></span> <span class='ocrx_word' id='word_1_806' title='bbox 1746 4798 1916 4870; x_wconf 84' lang='grc' dir='ltr'>θύρας</span> 
     </span>
    </p>
   </div>
   <div class='ocr_carea' id='block_1_97' title="bbox 326 4890 1912 4968">
    <p class='ocr_par' dir='ltr' id='par_1_97' title="bbox 326 4890 1912 4968">
     <span class='ocr_line' id='line_1_97' title="bbox 326 4890 1912 4968; baseline -0.006 -17"><span class='ocrx_word' id='word_1_807' title='bbox 326 4899 430 4968; x_wconf 84' lang='grc' dir='ltr'><strong>τῆς</strong></span> <span class='ocrx_word' id='word_1_808' title='bbox 478 4895 682 4966; x_wconf 84' lang='grc' dir='ltr'>σκηνῆς</span> <span class='ocrx_word' id='word_1_809' title='bbox 726 4896 819 4948; x_wconf 76' lang='grc' dir='ltr'>τοῦ</span> <span class='ocrx_word' id='word_1_810' title='bbox 857 4896 1193 4967; x_wconf 80' lang='grc' dir='ltr'>μαρτυρίου’</span> <span class='ocrx_word' id='word_1_811' title='bbox 1227 4894 1321 4947; x_wconf 77' lang='grc' dir='ltr'><strong>καὶ</strong></span> <span class='ocrx_word' id='word_1_812' title='bbox 1351 4893 1662 4964; x_wconf 82' lang='grc' dir='ltr'>ἐκλήθησαν</span> <span class='ocrx_word' id='word_1_813' title='bbox 1701 4890 1912 4960; x_wconf 84' lang='grc' dir='ltr'>Ἀαρὼν</span> 
     </span>
    </p>
   </div>
   <div class='ocr_carea' id='block_1_98' title="bbox 330 4980 1914 5060">
    <p class='ocr_par' dir='ltr' id='par_1_98' title="bbox 330 4980 1914 5060">
     <span class='ocr_line' id='line_1_98' title="bbox 330 4980 1914 5060; baseline -0.005 -17"><span class='ocrx_word' id='word_1_814' title='bbox 330 4990 425 5043; x_wconf 71' lang='grc' dir='ltr'><strong>καὶ</strong></span> <span class='ocrx_word' id='word_1_815' title='bbox 456 4989 706 5060; x_wconf 80' lang='grc' dir='ltr'>Μαριάμ,</span> <span class='ocrx_word' id='word_1_816' title='bbox 743 4989 838 5040; x_wconf 72' lang='grc' dir='ltr'><strong>καὶ</strong></span> <span class='ocrx_word' id='word_1_817' title='bbox 868 4987 1087 5059; x_wconf 81' lang='grc' dir='ltr'>ἐξῆλθον</span> <span class='ocrx_word' id='word_1_818' title='bbox 1120 4987 1439 5056; x_wconf 86' lang='grc' dir='ltr'>ἀμφότεροι.</span> <span class='ocrx_word' id='word_1_819' title='bbox 1471 4986 1581 5038; x_wconf 74' lang='grc' dir='ltr'>Καὶ</span> <span class='ocrx_word' id='word_1_820' title='bbox 1607 4980 1755 5037; x_wconf 71' lang='grc' dir='ltr'>εἶπεν</span> <span class='ocrx_word' id='word_1_821' title='bbox 1777 4984 1914 5055; x_wconf 87' lang='grc' dir='ltr'>πρὸς</span> 
     </span>
    </p>
   </div>
   <div class='ocr_carea' id='block_1_99' title="bbox 330 5076 1912 5151">
    <p class='ocr_par' dir='ltr' id='par_1_99' title="bbox 330 5076 1912 5151">
     <span class='ocr_line' id='line_1_99' title="bbox 330 5076 1912 5151; baseline -0.004 -17"><span class='ocrx_word' id='word_1_822' title='bbox 330 5082 856 5145; x_wconf 76' lang='grc' dir='ltr'>αὐτούςοἊκούσατε</span> <span class='ocrx_word' id='word_1_823' title='bbox 900 5081 963 5151; x_wconf 83' lang='grc' dir='ltr'>δὴ</span> <span class='ocrx_word' id='word_1_824' title='bbox 1010 5082 1117 5133; x_wconf 87' lang='grc' dir='ltr'><strong>τῶν</strong></span> <span class='ocrx_word' id='word_1_825' title='bbox 1162 5079 1335 5148; x_wconf 87' lang='grc' dir='ltr'>λόγων</span> <span class='ocrx_word' id='word_1_826' title='bbox 1374 5095 1494 5150; x_wconf 73' lang='grc' dir='ltr'>μουο</span> <span class='ocrx_word' id='word_1_827' title='bbox 1538 5076 1664 5129; x_wconf 84' lang='grc' dir='ltr'>Ἐὰν</span> <span class='ocrx_word' id='word_1_828' title='bbox 1691 5077 1912 5145; x_wconf 89' lang='grc' dir='ltr'>γένηται</span> 
     </span>
    </p>
   </div>
   <div class='ocr_carea' id='block_1_100' title="bbox 331 5170 1914 5247">
    <p class='ocr_par' dir='ltr' id='par_1_100' title="bbox 331 5170 1914 5247">
     <span class='ocr_line' id='line_1_100' title="bbox 331 5170 1914 5247; baseline -0.003 -21"><span class='ocrx_word' id='word_1_829' title='bbox 331 5176 618 5247; x_wconf 73' lang='grc' dir='ltr'>προφήτης</span> <span class='ocrx_word' id='word_1_830' title='bbox 663 5175 815 5245; x_wconf 80' lang='grc' dir='ltr'>ὑμῶν</span> <span class='ocrx_word' id='word_1_831' title='bbox 862 5173 939 5244; x_wconf 85' lang='grc' dir='ltr'><strong>τῷ</strong></span> <span class='ocrx_word' id='word_1_832' title='bbox 979 5175 1187 5246; x_wconf 87' lang='grc' dir='ltr'>Κυρίῳ,</span> <span class='ocrx_word' id='word_1_833' title='bbox 1222 5177 1280 5227; x_wconf 91' lang='grc' dir='ltr'><strong>ἐν</strong></span> <span class='ocrx_word' id='word_1_834' title='bbox 1306 5175 1541 5244; x_wconf 84' lang='grc' dir='ltr'>ὁράματι</span> <span class='ocrx_word' id='word_1_835' title='bbox 1586 5170 1734 5240; x_wconf 81' lang='grc' dir='ltr'>αὐτῷ</span> <span class='ocrx_word' id='word_1_836' title='bbox 1774 5187 1914 5237; x_wconf 90' lang='grc' dir='ltr'>γνω-</span> 
     </span>
    </p>
   </div>
   <div class='ocr_carea' id='block_1_101' title="bbox 334 5262 1911 5338">
    <p class='ocr_par' dir='ltr' id='par_1_101' title="bbox 334 5262 1911 5338">
     <span class='ocr_line' id='line_1_101' title="bbox 334 5262 1911 5338; baseline -0.004 -18"><span class='ocrx_word' id='word_1_837' title='bbox 334 5269 624 5338; x_wconf 81' lang='grc' dir='ltr'>σθήσομαι,</span> <span class='ocrx_word' id='word_1_838' title='bbox 659 5267 752 5321; x_wconf 58' lang='grc' dir='ltr'><strong>καὶ⁸</strong></span> <span class='ocrx_word' id='word_1_839' title='bbox 796 5268 854 5319; x_wconf 87' lang='grc' dir='ltr'><strong>ἐν</strong></span> <span class='ocrx_word' id='word_1_840' title='bbox 899 5266 1052 5338; x_wconf 77' lang='grc' dir='ltr'>ὕπνῳ</span> <span class='ocrx_word' id='word_1_841' title='bbox 1080 5267 1299 5337; x_wconf 87' lang='grc' dir='ltr'>λαλήσω</span> <span class='ocrx_word' id='word_1_842' title='bbox 1331 5264 1500 5335; x_wconf 80' lang='grc' dir='ltr'>αὐτῷ.</span> <span class='ocrx_word' id='word_1_843' title='bbox 1538 5265 1650 5333; x_wconf 81' lang='grc' dir='ltr'><strong>Οὐχ</strong></span> <span class='ocrx_word' id='word_1_844' title='bbox 1682 5262 1854 5325; x_wconf 77' lang='grc' dir='ltr'>οὕτως</span> <span class='ocrx_word' id='word_1_845' title='bbox 1883 5262 1911 5312; x_wconf 87' lang='grc' dir='ltr'><strong>ό</strong></span> 
     </span>
    </p>
   </div>
   <div class='ocr_carea' id='block_1_102' title="bbox 333 5353 1910 5432">
    <p class='ocr_par' dir='ltr' id='par_1_102' title="bbox 333 5353 1910 5432">
     <span class='ocr_line' id='line_1_102' title="bbox 333 5353 1910 5432; baseline -0.004 -20"><span class='ocrx_word' id='word_1_846' title='bbox 333 5360 585 5432; x_wconf 87' lang='grc' dir='ltr'>θεράπων</span> <span class='ocrx_word' id='word_1_847' title='bbox 635 5377 733 5430; x_wconf 82' lang='grc' dir='ltr'><strong>μου</strong></span> <span class='ocrx_word' id='word_1_848' title='bbox 773 5359 1016 5429; x_wconf 82' lang='grc' dir='ltr'>Μωῦσῆς</span> <span class='ocrx_word' id='word_1_849' title='bbox 1043 5359 1232 5421; x_wconf 87' lang='grc' dir='ltr'>πιστός</span> <span class='ocrx_word' id='word_1_850' title='bbox 1260 5360 1406 5410; x_wconf 85' lang='grc' dir='ltr'>ἐστιν</span> <span class='ocrx_word' id='word_1_851' title='bbox 1442 5357 1499 5408; x_wconf 84' lang='grc' dir='ltr'><strong>ἐν</strong></span> <span class='ocrx_word' id='word_1_852' title='bbox 1529 5355 1634 5425; x_wconf 83' lang='grc' dir='ltr'>ὅλῳ</span> <span class='ocrx_word' id='word_1_853' title='bbox 1666 5353 1744 5425; x_wconf 80' lang='grc' dir='ltr'><strong>τῷ</strong></span> <span class='ocrx_word' id='word_1_854' title='bbox 1777 5355 1910 5424; x_wconf 73' lang='grc' dir='ltr'>οἴκῳ</span> 
     </span>
    </p>
   </div>
   <div class='ocr_carea' id='block_1_103' title="bbox 338 5447 1912 5523">
    <p class='ocr_par' dir='ltr' id='par_1_103' title="bbox 338 5447 1912 5523">
     <span class='ocr_line' id='line_1_103' title="bbox 338 5447 1912 5523; baseline -0.004 -17"><span class='ocrx_word' id='word_1_855' title='bbox 338 5470 455 5523; x_wconf 89' lang='grc' dir='ltr'>μου.</span> <span class='ocrx_word' id='word_1_856' title='bbox 499 5453 680 5523; x_wconf 67' lang='grc' dir='ltr'>Σκτόμα</span> <span class='ocrx_word' id='word_1_857' title='bbox 728 5451 870 5504; x_wconf 85' lang='grc' dir='ltr'>κατὰ</span> <span class='ocrx_word' id='word_1_858' title='bbox 915 5451 1088 5521; x_wconf 88' lang='grc' dir='ltr'>στόμα</span> <span class='ocrx_word' id='word_1_859' title='bbox 1116 5451 1336 5520; x_wconf 84' lang='grc' dir='ltr'>λαλήσω</span> <span class='ocrx_word' id='word_1_860' title='bbox 1367 5448 1516 5517; x_wconf 81' lang='grc' dir='ltr'>αύτῷ</span> <span class='ocrx_word' id='word_1_861' title='bbox 1548 5449 1608 5500; x_wconf 89' lang='grc' dir='ltr'><strong>ἐν</strong></span> <span class='ocrx_word' id='word_1_862' title='bbox 1632 5447 1782 5510; x_wconf 79' lang='grc' dir='ltr'>εἴδει,</span> <span class='ocrx_word' id='word_1_863' title='bbox 1817 5447 1912 5499; x_wconf 72' lang='grc' dir='ltr'><strong>καὶ</strong></span> 
     </span>
    </p>
   </div>
   <div class='ocr_carea' id='block_1_104' title="bbox 332 5537 1910 5615">
    <p class='ocr_par' dir='ltr' id='par_1_104' title="bbox 332 5537 1910 5615">
     <span class='ocr_line' id='line_1_104' title="bbox 332 5537 1910 5615; baseline -0.001 -20"><span class='ocrx_word' id='word_1_864' title='bbox 332 5545 392 5596; x_wconf 83' lang='grc' dir='ltr'><strong>οὐ</strong></span> <span class='ocrx_word' id='word_1_865' title='bbox 429 5545 496 5597; x_wconf 79' lang='grc' dir='ltr'>δι’</span> <span class='ocrx_word' id='word_1_866' title='bbox 526 5544 879 5615; x_wconf 76' lang='grc' dir='ltr'>αἰνιγμάτων,</span> <span class='ocrx_word' id='word_1_867' title='bbox 915 5543 1008 5596; x_wconf 71' lang='grc' dir='ltr'><strong>καὶ</strong></span> <span class='ocrx_word' id='word_1_868' title='bbox 1043 5541 1140 5612; x_wconf 81' lang='grc' dir='ltr'>τὴν</span> <span class='ocrx_word' id='word_1_869' title='bbox 1185 5541 1341 5606; x_wconf 81' lang='grc' dir='ltr'>δόξαν</span> <span class='ocrx_word' id='word_1_870' title='bbox 1374 5543 1579 5612; x_wconf 85' lang='grc' dir='ltr'>Κυρίου</span> <span class='ocrx_word' id='word_1_871' title='bbox 1624 5537 1782 5603; x_wconf 78' lang='grc' dir='ltr'>εἶδεν,</span> <span class='ocrx_word' id='word_1_872' title='bbox 1817 5541 1910 5594; x_wconf 76' lang='grc' dir='ltr'><strong>καὶ</strong></span> 
     </span>
    </p>
   </div>
   <div class='ocr_carea' id='block_1_105' title="bbox 332 5633 1906 5707">
    <p class='ocr_par' dir='ltr' id='par_1_105' title="bbox 332 5633 1906 5707">
     <span class='ocr_line' id='line_1_105' title="bbox 332 5633 1906 5707; baseline -0.001 -20"><span class='ocrx_word' id='word_1_873' title='bbox 332 5636 486 5690; x_wconf 75' lang='grc' dir='ltr'>διὰτί</span> <span class='ocrx_word' id='word_1_874' title='bbox 516 5639 616 5690; x_wconf 82' lang='grc' dir='ltr'><strong>οὐκ</strong></span> <span class='ocrx_word' id='word_1_875' title='bbox 647 5636 949 5707; x_wconf 75' lang='grc' dir='ltr'>ἐφοϐήθητε</span> <span class='ocrx_word' id='word_1_876' title='bbox 973 5633 1340 5704; x_wconf 87' lang='grc' dir='ltr'>καταλαλῆσαι</span> <span class='ocrx_word' id='word_1_877' title='bbox 1363 5633 1501 5686; x_wconf 75' lang='grc' dir='ltr'>κατὰ</span> <span class='ocrx_word' id='word_1_878' title='bbox 1531 5633 1623 5686; x_wconf 75' lang='grc' dir='ltr'>τοῦ</span> <span class='ocrx_word' id='word_1_879' title='bbox 1641 5633 1906 5705; x_wconf 73' lang='grc' dir='ltr'>θεράπον-</span> 
     </span>
    </p>
   </div>
   <div class='ocr_carea' id='block_1_106' title="bbox 407 5789 1585 5855">
    <p class='ocr_par' dir='ltr' id='par_1_106' title="bbox 407 5789 1585 5855">
     <span class='ocr_line' id='line_1_106' title="bbox 407 5789 1585 5855; baseline -0.001 -11"><span class='ocrx_word' id='word_1_880' title='bbox 407 5791 452 5822; x_wconf 72' lang='lat'>“</span> <span class='ocrx_word' id='word_1_881' title='bbox 491 5791 659 5848; x_wconf 69' lang='lat' dir='ltr'><strong>Exwd.</strong></span> <span class='ocrx_word' id='word_1_882' title='bbox 698 5807 816 5855; x_wconf 67' lang='lat' dir='ltr'><strong>ari,</strong></span> <span class='ocrx_word' id='word_1_883' title='bbox 855 5793 942 5848; x_wconf 78' lang='grc'><strong>10.</strong></span> <span class='ocrx_word' id='word_1_884' title='bbox 1020 5791 1066 5823; x_wconf 76' lang='grc'><strong>’⁵</strong></span> <span class='ocrx_word' id='word_1_885' title='bbox 1109 5789 1277 5849; x_wconf 86' lang='lat' dir='ltr'><strong>Exod.</strong></span> <span class='ocrx_word' id='word_1_886' title='bbox 1316 5806 1458 5855; x_wconf 67' lang='lat' dir='ltr'><strong>uir,</strong></span> <span class='ocrx_word' id='word_1_887' title='bbox 1505 5790 1585 5843; x_wconf 69' lang='grc'><strong>15.</strong></span> 
     </span>
    </p>
   </div>
   <div class='ocr_carea' id='block_1_107' title="bbox 2019 4591 3599 4673">
    <p class='ocr_par' dir='ltr' id='par_1_107' title="bbox 2019 4591 3599 4673">
     <span class='ocr_line' id='line_1_107' title="bbox 2019 4591 3599 4673; baseline -0.02 1"><span class='ocrx_word' id='word_1_888' title='bbox 2019 4639 2037 4672; x_wconf 79' lang='grc' dir='ltr'><strong>ι</strong></span> <span class='ocrx_word' id='word_1_889' title='bbox 2071 4616 2315 4673; x_wconf 89' lang='lat' dir='ltr'><strong>Ostende</strong></span> <span class='ocrx_word' id='word_1_890' title='bbox 2346 4612 2478 4667; x_wconf 85' lang='lat' dir='ltr'><strong>mihi</strong></span> <span class='ocrx_word' id='word_1_891' title='bbox 2510 4609 2706 4664; x_wconf 89' lang='lat' dir='ltr'><strong>faciem</strong></span> <span class='ocrx_word' id='word_1_892' title='bbox 2733 4613 2905 4666; x_wconf 88' lang='lat' dir='ltr'><strong>tuam,</strong></span> <span class='ocrx_word' id='word_1_893' title='bbox 2936 4609 2997 4657; x_wconf 92' lang='lat' dir='ltr'><strong>ut</strong></span> <span class='ocrx_word' id='word_1_894' title='bbox 3023 4600 3194 4656; x_wconf 86' lang='lat' dir='ltr'><strong>sciam</strong></span> <span class='ocrx_word' id='word_1_895' title='bbox 3231 4605 3303 4651; x_wconf 92' lang='lat' dir='ltr'><strong>te.</strong></span> <span class='ocrx_word' id='word_1_896' title='bbox 3344 4613 3362 4648; x_wconf 72' lang='grc' dir='ltr'><strong>ι</strong></span> <span class='ocrx_word' id='word_1_897' title='bbox 3406 4592 3467 4646; x_wconf 85' lang='lat' dir='ltr'><strong>In</strong></span> <span class='ocrx_word' id='word_1_898' title='bbox 3491 4591 3599 4645; x_wconf 88' lang='lat' dir='ltr'><strong>alio</strong></span> 
     </span>
    </p>
   </div>
   <div class='ocr_carea' id='block_1_108' title="bbox 2015 4685 3594 4775">
    <p class='ocr_par' dir='ltr' id='par_1_108' title="bbox 2015 4685 3594 4775">
     <span class='ocr_line' id='line_1_108' title="bbox 2015 4685 3594 4775; baseline -0.022 -5"><span class='ocrx_word' id='word_1_899' title='bbox 2015 4716 2138 4771; x_wconf 88' lang='lat' dir='ltr'><strong>loco</strong></span> <span class='ocrx_word' id='word_1_900' title='bbox 2165 4711 2325 4766; x_wconf 90' lang='lat' dir='ltr'><strong>docet</strong></span> <span class='ocrx_word' id='word_1_901' title='bbox 2354 4705 2640 4775; x_wconf 88' lang='lat' dir='ltr'><strong>Scriptura</strong></span> <span class='ocrx_word' id='word_1_902' title='bbox 2684 4699 2831 4772; x_wconf 89' lang='lat' dir='ltr'><strong>quod</strong></span> <span class='ocrx_word' id='word_1_903' title='bbox 2877 4713 2972 4753; x_wconf 91' lang='lat' dir='ltr'><strong>ore</strong></span> <span class='ocrx_word' id='word_1_904' title='bbox 3005 4693 3225 4766; x_wconf 91' lang='lat' dir='ltr'><strong>quidem</strong></span> <span class='ocrx_word' id='word_1_905' title='bbox 3273 4685 3594 4775; x_wconf 85' lang='lat' dir='ltr'><strong>loquebatur</strong></span> 
     </span>
    </p>
   </div>
   <div class='ocr_carea' id='block_1_109' title="bbox 2023 4774 3597 4863">
    <p class='ocr_par' dir='ltr' id='par_1_109' title="bbox 2023 4774 3597 4863">
     <span class='ocr_line' id='line_1_109' title="bbox 2023 4774 3597 4863; baseline -0.022 -2"><span class='ocrx_word' id='word_1_906' title='bbox 2023 4807 2072 4861; x_wconf 91' lang='lat' dir='ltr'><strong>ei</strong></span> <span class='ocrx_word' id='word_1_907' title='bbox 2129 4804 2296 4863; x_wconf 90' lang='lat' dir='ltr'><strong>Deus,</strong></span> <span class='ocrx_word' id='word_1_908' title='bbox 2329 4814 2440 4854; x_wconf 90' lang='lat' dir='ltr'><strong>non</strong></span> <span class='ocrx_word' id='word_1_909' title='bbox 2485 4774 2678 4850; x_wconf 87' lang='lat' dir='ltr'><strong>tamen</strong></span> <span class='ocrx_word' id='word_1_910' title='bbox 2731 4791 2940 4863; x_wconf 86' lang='lat' dir='ltr'><strong>pariter</strong></span> <span class='ocrx_word' id='word_1_911' title='bbox 2986 4786 3298 4842; x_wconf 87' lang='lat' dir='ltr'><strong>videbatur,</strong></span> <span class='ocrx_word' id='word_1_912' title='bbox 3347 4776 3442 4832; x_wconf 89' lang='lat' dir='ltr'><strong>sed</strong></span> <span class='ocrx_word' id='word_1_913' title='bbox 3491 4774 3597 4863; x_wconf 88' lang='lat' dir='ltr'><strong>sub</strong></span> 
     </span>
    </p>
   </div>
   <div class='ocr_carea' id='block_1_110' title="bbox 2012 4862 3595 4966">
    <p class='ocr_par' dir='ltr' id='par_1_110' title="bbox 2012 4862 3595 4966">
     <span class='ocr_line' id='line_1_110' title="bbox 2012 4862 3595 4966; baseline -0.022 -14"><span class='ocrx_word' id='word_1_914' title='bbox 2012 4895 2193 4966; x_wconf 88' lang='lat' dir='ltr'><strong>specie</strong></span> <span class='ocrx_word' id='word_1_915' title='bbox 2211 4862 2362 4954; x_wconf 88' lang='lat' dir='ltr'><strong>et,ut</strong></span> <span class='ocrx_word' id='word_1_916' title='bbox 2380 4901 2544 4958; x_wconf 91' lang='lat' dir='ltr'><strong>supra</strong></span> <span class='ocrx_word' id='word_1_917' title='bbox 2561 4862 2768 4939; x_wconf 83' lang='lat' dir='ltr'><strong>dictum</strong></span> <span class='ocrx_word' id='word_1_918' title='bbox 2793 4888 2897 4944; x_wconf 88' lang='lat' dir='ltr'><strong>est,</strong></span> <span class='ocrx_word' id='word_1_919' title='bbox 2913 4893 3010 4950; x_wconf 90' lang='lat' dir='ltr'><strong>per</strong></span> <span class='ocrx_word' id='word_1_920' title='bbox 3034 4874 3207 4945; x_wconf 88' lang='lat' dir='ltr'><strong>ipsius</strong></span> <span class='ocrx_word' id='word_1_921' title='bbox 3228 4869 3479 4940; x_wconf 85' lang='lat' dir='ltr'><strong>gloriam.</strong></span> <span class='ocrx_word' id='word_1_922' title='bbox 3503 4862 3595 4918; x_wconf 92' lang='lat' dir='ltr'><strong>Sic</strong></span> 
     </span>
    </p>
   </div>
   <div class='ocr_carea' id='block_1_111' title="bbox 2013 4962 3596 5060">
    <p class='ocr_par' dir='ltr' id='par_1_111' title="bbox 2013 4962 3596 5060">
     <span class='ocr_line' id='line_1_111' title="bbox 2013 4962 3596 5060; baseline -0.022 -17"><span class='ocrx_word' id='word_1_923' title='bbox 2013 4962 2181 5060; x_wconf 82' lang='lat' dir='ltr'><strong>igitur</strong></span> <span class='ocrx_word' id='word_1_924' title='bbox 2207 4983 2342 5040; x_wconf 91' lang='lat' dir='ltr'><strong>dicit</strong></span> <span class='ocrx_word' id='word_1_925' title='bbox 2374 5001 2385 5035; x_wconf 90' lang='lat'><strong>:</strong></span> <span class='ocrx_word' id='word_1_926' title='bbox 2428 4998 2446 5031; x_wconf 78' lang='grc' dir='ltr'><strong>ι</strong></span> <span class='ocrx_word' id='word_1_927' title='bbox 2480 4971 2775 5034; x_wconf 89' lang='lat' dir='ltr'><strong>Descendit</strong></span> <span class='ocrx_word' id='word_1_928' title='bbox 2823 4970 3085 5024; x_wconf 90' lang='lat' dir='ltr'><strong>Dominus</strong></span> <span class='ocrx_word' id='word_1_929' title='bbox 3118 4967 3175 5019; x_wconf 88' lang='lat' dir='ltr'><strong>in</strong></span> <span class='ocrx_word' id='word_1_930' title='bbox 3207 4962 3463 5017; x_wconf 91' lang='lat' dir='ltr'><strong>columna</strong></span> <span class='ocrx_word' id='word_1_931' title='bbox 3491 4973 3596 5010; x_wconf 89' lang='lat' dir='ltr'><strong>nu-</strong></span> 
     </span>
    </p>
   </div>
   <div class='ocr_carea' id='block_1_112' title="bbox 2010 5054 3594 5143">
    <p class='ocr_par' dir='ltr' id='par_1_112' title="bbox 2010 5054 3594 5143">
     <span class='ocr_line' id='line_1_112' title="bbox 2010 5054 3594 5143; baseline -0.022 -7"><span class='ocrx_word' id='word_1_932' title='bbox 2010 5054 2118 5143; x_wconf 75' lang='lat' dir='ltr'><strong>bis,</strong></span> <span class='ocrx_word' id='word_1_933' title='bbox 2160 5088 2214 5133; x_wconf 92' lang='lat' dir='ltr'><strong>et</strong></span> <span class='ocrx_word' id='word_1_934' title='bbox 2247 5076 2400 5132; x_wconf 88' lang='lat' dir='ltr'><strong>stetit</strong></span> <span class='ocrx_word' id='word_1_935' title='bbox 2441 5073 2499 5127; x_wconf 89' lang='lat' dir='ltr'><strong>in</strong></span> <span class='ocrx_word' id='word_1_936' title='bbox 2539 5068 2768 5125; x_wconf 87' lang='lat' dir='ltr'><strong>introitu</strong></span> <span class='ocrx_word' id='word_1_937' title='bbox 2803 5057 3145 5120; x_wconf 84' lang='lat' dir='ltr'><strong>tabernaculi</strong></span> <span class='ocrx_word' id='word_1_938' title='bbox 3176 5067 3378 5110; x_wconf 90' lang='lat' dir='ltr'><strong>vocans</strong></span> <span class='ocrx_word' id='word_1_939' title='bbox 3408 5054 3594 5143; x_wconf 64' lang='lat' dir='ltr'><strong>Aaron</strong></span> 
     </span>
    </p>
   </div>
   <div class='ocr_carea' id='block_1_113' title="bbox 2011 5139 3595 5233">
    <p class='ocr_par' dir='ltr' id='par_1_113' title="bbox 2011 5139 3595 5233">
     <span class='ocr_line' id='line_1_113' title="bbox 2011 5139 3595 5233; baseline -0.022 -4"><span class='ocrx_word' id='word_1_940' title='bbox 2011 5183 2065 5229; x_wconf 89' lang='lat' dir='ltr'><strong>et</strong></span> <span class='ocrx_word' id='word_1_941' title='bbox 2093 5139 2344 5225; x_wconf 64' lang='lat' dir='ltr'><strong>Mariam.</strong></span> <span class='ocrx_word' id='word_1_942' title='bbox 2369 5165 2624 5233; x_wconf 83' lang='lat' dir='ltr'><strong>Quicum</strong></span> <span class='ocrx_word' id='word_1_943' title='bbox 2655 5159 2941 5220; x_wconf 83' lang='lat' dir='ltr'><strong>exiissent,</strong></span> <span class='ocrx_word' id='word_1_944' title='bbox 2974 5151 3111 5206; x_wconf 81' lang='lat' dir='ltr'><strong>dixit</strong></span> <span class='ocrx_word' id='word_1_945' title='bbox 3143 5146 3210 5201; x_wconf 92' lang='lat' dir='ltr'><strong>ad</strong></span> <span class='ocrx_word' id='word_1_946' title='bbox 3235 5160 3331 5200; x_wconf 83' lang='lat' dir='ltr'><strong>eos</strong></span> <span class='ocrx_word' id='word_1_947' title='bbox 3357 5165 3371 5199; x_wconf 87' lang='lat'><em>:</em></span> <span class='ocrx_word' id='word_1_948' title='bbox 3393 5139 3595 5233; x_wconf 87' lang='lat' dir='ltr'><strong>Audite</strong></span> 
     </span>
    </p>
   </div>
   <div class='ocr_carea' id='block_1_114' title="bbox 2015 5231 3592 5323">
    <p class='ocr_par' dir='ltr' id='par_1_114' title="bbox 2015 5231 3592 5323">
     <span class='ocr_line' id='line_1_114' title="bbox 2015 5231 3592 5323; baseline -0.023 -3"><span class='ocrx_word' id='word_1_949' title='bbox 2015 5277 2300 5320; x_wconf 89' lang='lat' dir='ltr'><strong>sermones</strong></span> <span class='ocrx_word' id='word_1_950' title='bbox 2344 5231 2496 5314; x_wconf 79' lang='lat' dir='ltr'><strong>meos</strong></span> <span class='ocrx_word' id='word_1_951' title='bbox 2527 5276 2540 5311; x_wconf 74' lang='grc' dir='ltr'>ε</span> <span class='ocrx_word' id='word_1_952' title='bbox 2571 5254 2628 5309; x_wconf 93' lang='lat' dir='ltr'><strong>Si</strong></span> <span class='ocrx_word' id='word_1_953' title='bbox 2669 5252 2793 5323; x_wconf 92' lang='lat' dir='ltr'><strong>quis</strong></span> <span class='ocrx_word' id='word_1_954' title='bbox 2824 5245 2990 5302; x_wconf 89' lang='lat' dir='ltr'><strong>fuerit</strong></span> <span class='ocrx_word' id='word_1_955' title='bbox 3021 5243 3164 5296; x_wconf 91' lang='lat' dir='ltr'><strong>inter</strong></span> <span class='ocrx_word' id='word_1_956' title='bbox 3193 5253 3289 5292; x_wconf 87' lang='lat' dir='ltr'><strong>vos</strong></span> <span class='ocrx_word' id='word_1_957' title='bbox 3327 5231 3592 5306; x_wconf 90' lang='lat' dir='ltr'><strong>propheta</strong></span> 
     </span>
    </p>
   </div>
   <div class='ocr_carea' id='block_1_115' title="bbox 2014 5323 3591 5423">
    <p class='ocr_par' dir='ltr' id='par_1_115' title="bbox 2014 5323 3591 5423">
     <span class='ocr_line' id='line_1_115' title="bbox 2014 5323 3591 5423; baseline -0.024 -12"><span class='ocrx_word' id='word_1_958' title='bbox 2014 5356 2252 5423; x_wconf 85' lang='lat' dir='ltr'><strong>Domini,</strong></span> <span class='ocrx_word' id='word_1_959' title='bbox 2302 5355 2359 5408; x_wconf 87' lang='lat' dir='ltr'><strong>in</strong></span> <span class='ocrx_word' id='word_1_960' title='bbox 2393 5353 2604 5408; x_wconf 88' lang='lat' dir='ltr'><strong>visione</strong></span> <span class='ocrx_word' id='word_1_961' title='bbox 2649 5340 2924 5419; x_wconf 77' lang='lat' dir='ltr'><strong>apparebo</strong></span> <span class='ocrx_word' id='word_1_962' title='bbox 2952 5336 3023 5402; x_wconf 90' lang='lat' dir='ltr'><strong>ei,</strong></span> <span class='ocrx_word' id='word_1_963' title='bbox 3058 5332 3144 5387; x_wconf 86' lang='lat' dir='ltr'><strong>vel</strong></span> <span class='ocrx_word' id='word_1_964' title='bbox 3193 5345 3286 5401; x_wconf 89' lang='lat' dir='ltr'><strong>per</strong></span> <span class='ocrx_word' id='word_1_965' title='bbox 3315 5323 3591 5423; x_wconf 75' lang='lat' dir='ltr'><strong>somnium</strong></span> 
     </span>
    </p>
   </div>
   <div class='ocr_carea' id='block_1_116' title="bbox 2014 5416 3587 5517">
    <p class='ocr_par' dir='ltr' id='par_1_116' title="bbox 2014 5416 3587 5517">
     <span class='ocr_line' id='line_1_116' title="bbox 2014 5416 3587 5517; baseline -0.024 -14"><span class='ocrx_word' id='word_1_966' title='bbox 2014 5450 2208 5517; x_wconf 90' lang='lat' dir='ltr'><strong>loquar</strong></span> <span class='ocrx_word' id='word_1_967' title='bbox 2238 5416 2308 5499; x_wconf 79' lang='lat' dir='ltr'><strong>ad</strong></span> <span class='ocrx_word' id='word_1_968' title='bbox 2341 5443 2514 5498; x_wconf 90' lang='lat' dir='ltr'><strong>illum.</strong></span> <span class='ocrx_word' id='word_1_969' title='bbox 2548 5438 2617 5490; x_wconf 86' lang='lat' dir='ltr'><strong>At</strong></span> <span class='ocrx_word' id='word_1_970' title='bbox 2650 5449 2759 5489; x_wconf 94' lang='lat' dir='ltr'><strong>non</strong></span> <span class='ocrx_word' id='word_1_971' title='bbox 2792 5416 2919 5483; x_wconf 80' lang='lat' dir='ltr'><strong>talis</strong></span> <span class='ocrx_word' id='word_1_972' title='bbox 2937 5437 3138 5481; x_wconf 74' lang='lat' dir='ltr'><strong>servus</strong></span> <span class='ocrx_word' id='word_1_973' title='bbox 3163 5434 3320 5475; x_wconf 88' lang='lat' dir='ltr'><strong>meus</strong></span> <span class='ocrx_word' id='word_1_974' title='bbox 3349 5416 3587 5515; x_wconf 79' lang='lat' dir='ltr'><strong>Moyses,</strong></span> 
     </span>
    </p>
   </div>
   <div class='ocr_carea' id='block_1_117' title="bbox 2014 5518 3586 5611">
    <p class='ocr_par' dir='ltr' id='par_1_117' title="bbox 2014 5518 3586 5611">
     <span class='ocr_line' id='line_1_117' title="bbox 2014 5518 3586 5611; baseline -0.023 -18"><span class='ocrx_word' id='word_1_975' title='bbox 2014 5543 2104 5611; x_wconf 88' lang='lat' dir='ltr'><strong>qui</strong></span> <span class='ocrx_word' id='word_1_976' title='bbox 2141 5541 2195 5594; x_wconf 92' lang='lat' dir='ltr'><strong>in</strong></span> <span class='ocrx_word' id='word_1_977' title='bbox 2221 5537 2368 5592; x_wconf 90' lang='lat' dir='ltr'><strong>omni</strong></span> <span class='ocrx_word' id='word_1_978' title='bbox 2399 5535 2562 5588; x_wconf 86' lang='lat' dir='ltr'><strong>domo</strong></span> <span class='ocrx_word' id='word_1_979' title='bbox 2605 5541 2722 5582; x_wconf 87' lang='lat' dir='ltr'><strong>mea</strong></span> <span class='ocrx_word' id='word_1_980' title='bbox 2766 5518 3118 5576; x_wconf 84' lang='lat' dir='ltr'><strong>fidelissimus</strong></span> <span class='ocrx_word' id='word_1_981' title='bbox 3145 5521 3270 5569; x_wconf 91' lang='lat' dir='ltr'><strong>est:</strong></span> <span class='ocrx_word' id='word_1_982' title='bbox 3318 5523 3414 5564; x_wconf 86' lang='lat' dir='ltr'><strong>ore</strong></span> <span class='ocrx_word' id='word_1_983' title='bbox 3441 5519 3586 5560; x_wconf 87' lang='lat' dir='ltr'><strong>enim</strong></span> 
     </span>
    </p>
   </div>
   <div class='ocr_carea' id='block_1_118' title="bbox 2013 5603 3589 5698">
    <p class='ocr_par' dir='ltr' id='par_1_118' title="bbox 2013 5603 3589 5698">
     <span class='ocr_line' id='line_1_118' title="bbox 2013 5603 3589 5698; baseline -0.024 -11"><span class='ocrx_word' id='word_1_984' title='bbox 2013 5603 2080 5688; x_wconf 75' lang='lat' dir='ltr'><strong>ad</strong></span> <span class='ocrx_word' id='word_1_985' title='bbox 2109 5647 2169 5686; x_wconf 90' lang='lat' dir='ltr'><strong>os</strong></span> <span class='ocrx_word' id='word_1_986' title='bbox 2203 5631 2395 5698; x_wconf 87' lang='lat' dir='ltr'><strong>loquor</strong></span> <span class='ocrx_word' id='word_1_987' title='bbox 2425 5625 2472 5680; x_wconf 93' lang='lat' dir='ltr'><strong>ei</strong></span> <span class='ocrx_word' id='word_1_988' title='bbox 2503 5643 2514 5677; x_wconf 91' lang='lat'>:</span> <span class='ocrx_word' id='word_1_989' title='bbox 2551 5629 2602 5676; x_wconf 85' lang='lat' dir='ltr'><strong>et</strong></span> <span class='ocrx_word' id='word_1_990' title='bbox 2633 5617 2833 5688; x_wconf 88' lang='lat' dir='ltr'><strong>palam,</strong></span> <span class='ocrx_word' id='word_1_991' title='bbox 2866 5619 2921 5666; x_wconf 91' lang='lat' dir='ltr'><strong>et</strong></span> <span class='ocrx_word' id='word_1_992' title='bbox 2954 5623 3061 5664; x_wconf 93' lang='lat' dir='ltr'><strong>non</strong></span> <span class='ocrx_word' id='word_1_993' title='bbox 3092 5623 3188 5678; x_wconf 87' lang='lat' dir='ltr'><strong>per</strong></span> <span class='ocrx_word' id='word_1_994' title='bbox 3217 5604 3506 5674; x_wconf 62' lang='lat' dir='ltr'><strong>aenigmata</strong></span> <span class='ocrx_word' id='word_1_995' title='bbox 3535 5603 3589 5650; x_wconf 86' lang='lat' dir='ltr'><strong>et</strong></span> 
     </span>
    </p>
   </div>
  </div>
