  <div class='ocr_page' id='page_1' title='image "/cluster/home/n/w/nwhite01/storage/ocr_20150623/22:no.4/coo.31924054873025/546.png"; bbox 0 0 4106 6476; ppageno 0'>
   <div class='ocr_carea' id='block_1_1' title="bbox 369 376 3640 445">
    <p class='ocr_par' dir='ltr' id='par_1_1' title="bbox 369 376 3640 445">
     <span class='ocr_line' id='line_1_1' title="bbox 369 376 3640 445; baseline 0.001 -3"><span class='ocrx_word' id='word_1_1' title='bbox 369 385 526 442; x_wconf 64' lang='lat'><strong>1065</strong></span> <span class='ocrx_word' id='word_1_2' title='bbox 1455 376 1748 435; x_wconf 67' lang='lat' dir='ltr'><strong>ECLOG.~E</strong></span> <span class='ocrx_word' id='word_1_3' title='bbox 1787 377 2268 437; x_wconf 72' lang='lat' dir='ltr'><strong>PROPHETICAS.</strong></span> <span class='ocrx_word' id='word_1_4' title='bbox 2313 412 2376 423; x_wconf 86' lang='lat'><strong>—</strong></span> <span class='ocrx_word' id='word_1_5' title='bbox 2418 383 2545 440; x_wconf 86' lang='lat' dir='ltr'><strong>LIB.</strong></span> <span class='ocrx_word' id='word_1_6' title='bbox 2581 383 2620 441; x_wconf 81' lang='lat' dir='ltr'><strong>I.</strong></span> <span class='ocrx_word' id='word_1_7' title='bbox 3505 391 3640 445; x_wconf 65' lang='grc'><strong>1066</strong></span> 
     </span>
    </p>
   </div>
   <div class='ocr_carea' id='block_1_2' title="bbox 376 503 1973 587">
    <p class='ocr_par' dir='ltr' id='par_1_2' title="bbox 376 503 1973 587">
     <span class='ocr_line' id='line_1_2' title="bbox 376 503 1973 587; baseline -0.006 -22"><span class='ocrx_word' id='word_1_8' title='bbox 376 528 541 566; x_wconf 86' lang='grc' dir='ltr'>σκων</span> <span class='ocrx_word' id='word_1_9' title='bbox 572 509 652 562; x_wconf 79' lang='grc' dir='ltr'><strong>δτι</strong></span> <span class='ocrx_word' id='word_1_10' title='bbox 675 508 739 579; x_wconf 85' lang='grc' dir='ltr'>δὴ</span> <span class='ocrx_word' id='word_1_11' title='bbox 775 508 951 578; x_wconf 80' lang='grc' dir='ltr'>πάσης</span> <span class='ocrx_word' id='word_1_12' title='bbox 974 505 1183 587; x_wconf 44' lang='grc' dir='ltr'>’μείζων</span> <span class='ocrx_word' id='word_1_13' title='bbox 1229 506 1330 574; x_wconf 78' lang='grc' dir='ltr'><strong>τῆς</strong></span> <span class='ocrx_word' id='word_1_14' title='bbox 1367 503 1632 575; x_wconf 84' lang='grc' dir='ltr'>πρότερον</span> <span class='ocrx_word' id='word_1_15' title='bbox 1670 503 1816 573; x_wconf 74' lang='grc' dir='ltr'>αὐτῷ</span> <span class='ocrx_word' id='word_1_16' title='bbox 1841 503 1973 555; x_wconf 82' lang='grc' dir='ltr'>θεω·</span> 
     </span>
    </p>
   </div>
   <div class='ocr_carea' id='block_1_3' title="bbox 2077 503 3642 587">
    <p class='ocr_par' dir='ltr' id='par_1_3' title="bbox 2077 504 3642 579">
     <span class='ocr_line' id='line_1_3' title="bbox 2077 504 3642 579; baseline 0.005 -22"><span class='ocrx_word' id='word_1_17' title='bbox 2077 504 2199 558; x_wconf 88' lang='lat' dir='ltr'><strong>dam</strong></span> <span class='ocrx_word' id='word_1_18' title='bbox 2233 519 2283 563; x_wconf 89' lang='lat' dir='ltr'><strong>te</strong></span> <span class='ocrx_word' id='word_1_19' title='bbox 2301 509 2470 579; x_wconf 86' lang='lat' dir='ltr'><strong>gloria</strong></span> <span class='ocrx_word' id='word_1_20' title='bbox 2494 525 2632 571; x_wconf 87' lang='lat' dir='ltr'><strong>mea,</strong></span> <span class='ocrx_word' id='word_1_21' title='bbox 2662 529 2679 561; x_wconf 73' lang='grc' dir='ltr'><strong>ι</strong></span> <span class='ocrx_word' id='word_1_22' title='bbox 2712 518 2766 563; x_wconf 83' lang='lat' dir='ltr'><strong>et</strong></span> <span class='ocrx_word' id='word_1_23' title='bbox 2799 510 2864 565; x_wconf 88' lang='lat' dir='ltr'><strong>de</strong></span> <span class='ocrx_word' id='word_1_24' title='bbox 2899 506 3074 564; x_wconf 78' lang='lat' dir='ltr'><strong>Patris</strong></span> <span class='ocrx_word' id='word_1_25' title='bbox 3103 509 3188 564; x_wconf 88' lang='lat' dir='ltr'><strong>sui</strong></span> <span class='ocrx_word' id='word_1_26' title='bbox 3219 508 3487 571; x_wconf 72' lang='lat' dir='ltr'><strong>doctrina,</strong></span> <span class='ocrx_word' id='word_1_27' title='bbox 3520 530 3536 560; x_wconf 76' lang='grc' dir='ltr'><strong>ι</strong></span> <span class='ocrx_word' id='word_1_28' title='bbox 3578 510 3642 565; x_wconf 84' lang='lat' dir='ltr'><strong>Et</strong></span> 
     </span>
    </p>
   </div>
   <div class='ocr_carea' id='block_1_4' title="bbox 377 595 1973 678">
    <p class='ocr_par' dir='ltr' id='par_1_4' title="bbox 377 595 1972 678">
     <span class='ocr_line' id='line_1_4' title="bbox 377 595 1972 678; baseline -0.006 -21"><span class='ocrx_word' id='word_1_29' title='bbox 377 622 484 678; x_wconf 86' lang='grc' dir='ltr'><strong>ρου</strong></span> <span class='ocrx_word' id='word_1_30' title='bbox 495 601 670 673; x_wconf 88' lang='grc' dir='ltr'>μένης</span> <span class='ocrx_word' id='word_1_31' title='bbox 701 601 962 663; x_wconf 77' lang='grc' dir='ltr'><strong>ὀπτασίας</strong></span> <span class='ocrx_word' id='word_1_32' title='bbox 991 602 1022 670; x_wconf 79' lang='grc' dir='ltr'>ἡ</span> <span class='ocrx_word' id='word_1_33' title='bbox 1059 598 1150 650; x_wconf 84' lang='grc' dir='ltr'>τοῦ</span> <span class='ocrx_word' id='word_1_34' title='bbox 1177 598 1387 668; x_wconf 76' lang='grc' dir='ltr'>Πατρὸς</span> <span class='ocrx_word' id='word_1_35' title='bbox 1413 598 1505 649; x_wconf 73' lang='grc' dir='ltr'><strong>καὶ</strong></span> <span class='ocrx_word' id='word_1_36' title='bbox 1539 595 1671 648; x_wconf 81' lang='grc' dir='ltr'>Θεοῦ</span> <span class='ocrx_word' id='word_1_37' title='bbox 1700 595 1808 648; x_wconf 82' lang='grc' dir='ltr'><strong>τῶν</strong></span> <span class='ocrx_word' id='word_1_38' title='bbox 1837 596 1972 648; x_wconf 84' lang='grc' dir='ltr'>ὂλων</span> 
     </span>
    </p>
   </div>
   <div class='ocr_carea' id='block_1_5' title="bbox 2077 595 3640 678">
    <p class='ocr_par' dir='ltr' id='par_1_5' title="bbox 2077 599 3640 667">
     <span class='ocr_line' id='line_1_5' title="bbox 2077 599 3640 667; baseline 0.003 -16"><span class='ocrx_word' id='word_1_39' title='bbox 2077 601 2277 654; x_wconf 87' lang='lat' dir='ltr'><strong>vocabo</strong></span> <span class='ocrx_word' id='word_1_40' title='bbox 2311 601 2365 655; x_wconf 91' lang='lat' dir='ltr'><strong>in</strong></span> <span class='ocrx_word' id='word_1_41' title='bbox 2393 602 2614 655; x_wconf 86' lang='lat' dir='ltr'><strong>nomine</strong></span> <span class='ocrx_word' id='word_1_42' title='bbox 2645 599 2855 656; x_wconf 87' lang='lat' dir='ltr'><strong>Domini</strong></span> <span class='ocrx_word' id='word_1_43' title='bbox 2884 617 3066 655; x_wconf 86' lang='lat' dir='ltr'><strong>coram</strong></span> <span class='ocrx_word' id='word_1_44' title='bbox 3109 610 3182 656; x_wconf 89' lang='lat' dir='ltr'><strong>te.</strong></span> <span class='ocrx_word' id='word_1_45' title='bbox 3211 622 3229 654; x_wconf 75' lang='grc' dir='ltr'><strong>ι</strong></span> <span class='ocrx_word' id='word_1_46' title='bbox 3259 599 3428 667; x_wconf 83' lang='lat' dir='ltr'><strong>Quem</strong></span> <span class='ocrx_word' id='word_1_47' title='bbox 3459 611 3640 657; x_wconf 84' lang='lat' dir='ltr'><strong>autem</strong></span> 
     </span>
    </p>
   </div>
   <div class='ocr_carea' id='block_1_6' title="bbox 374 688 1973 768">
    <p class='ocr_par' dir='ltr' id='par_1_6' title="bbox 374 691 1970 768">
     <span class='ocr_line' id='line_1_6' title="bbox 374 691 1970 768; baseline -0.005 -16"><span class='ocrx_word' id='word_1_48' title='bbox 374 699 655 768; x_wconf 79' lang='grc' dir='ltr'><strong>τυγχάνει</strong></span> <span class='ocrx_word' id='word_1_49' title='bbox 683 697 900 766; x_wconf 85' lang='grc' dir='ltr'>γνῶσις,</span> <span class='ocrx_word' id='word_1_50' title='bbox 929 698 993 766; x_wconf 80' lang='grc' dir='ltr'>ἣν</span> <span class='ocrx_word' id='word_1_51' title='bbox 1016 695 1108 748; x_wconf 75' lang='grc' dir='ltr'><strong>καὶ</strong></span> <span class='ocrx_word' id='word_1_52' title='bbox 1135 692 1479 765; x_wconf 78' lang='grc' dir='ltr'><strong>παραδώσειν</strong></span> <span class='ocrx_word' id='word_1_53' title='bbox 1515 691 1665 762; x_wconf 80' lang='grc' dir='ltr'>αὐτῷ</span> <span class='ocrx_word' id='word_1_54' title='bbox 1697 691 1970 761; x_wconf 77' lang='grc' dir='ltr'>ὑπισχνεῖ-</span> 
     </span>
    </p>
   </div>
   <div class='ocr_carea' id='block_1_7' title="bbox 2077 688 3640 768">
    <p class='ocr_par' dir='ltr' id='par_1_7' title="bbox 2077 688 3640 766">
     <span class='ocr_line' id='line_1_7' title="bbox 2077 688 3640 766; baseline 0.004 -23"><span class='ocrx_word' id='word_1_55' title='bbox 2077 688 2384 757; x_wconf 90' lang='lat' dir='ltr'><strong>Dominum,</strong></span> <span class='ocrx_word' id='word_1_56' title='bbox 2421 707 2544 746; x_wconf 85' lang='lat' dir='ltr'><strong>cum</strong></span> <span class='ocrx_word' id='word_1_57' title='bbox 2603 693 2676 748; x_wconf 85' lang='lat' dir='ltr'><strong>sit</strong></span> <span class='ocrx_word' id='word_1_58' title='bbox 2732 694 2847 766; x_wconf 90' lang='lat' dir='ltr'><strong>ipse</strong></span> <span class='ocrx_word' id='word_1_59' title='bbox 2896 693 3156 748; x_wconf 89' lang='lat' dir='ltr'><strong>Dominus</strong></span> <span class='ocrx_word' id='word_1_60' title='bbox 3197 701 3640 764; x_wconf 79' lang='lat' dir='ltr'><strong>tetragrammato</strong></span> 
     </span>
    </p>
   </div>
   <div class='ocr_carea' id='block_1_8' title="bbox 379 782 1973 864">
    <p class='ocr_par' dir='ltr' id='par_1_8' title="bbox 379 782 1970 861">
     <span class='ocr_line' id='line_1_8' title="bbox 379 782 1970 861; baseline -0.006 -17"><span class='ocrx_word' id='word_1_61' title='bbox 379 810 507 853; x_wconf 87' lang='grc' dir='ltr'>ται,</span> <span class='ocrx_word' id='word_1_62' title='bbox 546 790 673 861; x_wconf 71' lang='grc' dir='ltr'>περὶ</span> <span class='ocrx_word' id='word_1_63' title='bbox 709 789 804 860; x_wconf 80' lang='grc' dir='ltr'><strong>μὲν</strong></span> <span class='ocrx_word' id='word_1_64' title='bbox 833 788 1021 842; x_wconf 76' lang='grc' dir='ltr'>ἑαυτοῦ</span> <span class='ocrx_word' id='word_1_65' title='bbox 1048 788 1239 855; x_wconf 87' lang='grc' dir='ltr'>λέγων,</span> <span class='ocrx_word' id='word_1_66' title='bbox 1283 806 1300 838; x_wconf 84' lang='grc' dir='ltr'><strong>ι</strong></span> <span class='ocrx_word' id='word_1_67' title='bbox 1331 783 1740 858; x_wconf 80' lang='grc' dir='ltr'>Παρελεύσομαι</span> <span class='ocrx_word' id='word_1_68' title='bbox 1776 782 1970 854; x_wconf 84' lang='grc' dir='ltr'>πρότε-</span> 
     </span>
    </p>
   </div>
   <div class='ocr_carea' id='block_1_9' title="bbox 2077 782 3638 864">
    <p class='ocr_par' dir='ltr' id='par_1_9' title="bbox 2077 783 3638 864">
     <span class='ocr_line' id='line_1_9' title="bbox 2077 783 3638 864; baseline 0.004 -29"><span class='ocrx_word' id='word_1_69' title='bbox 2077 783 2412 853; x_wconf 82' lang='lat' dir='ltr'><strong>designatus,</strong></span> <span class='ocrx_word' id='word_1_70' title='bbox 2445 785 2548 840; x_wconf 87' lang='lat' dir='ltr'><strong>nisi</strong></span> <span class='ocrx_word' id='word_1_71' title='bbox 2583 783 2795 840; x_wconf 90' lang='lat' dir='ltr'><strong>Patrem</strong></span> <span class='ocrx_word' id='word_1_72' title='bbox 2829 800 2989 840; x_wconf 88' lang='lat' dir='ltr'><strong>suum</strong></span> <span class='ocrx_word' id='word_1_73' title='bbox 3035 795 3353 840; x_wconf 87' lang='lat' dir='ltr'><strong>vocaturum</strong></span> <span class='ocrx_word' id='word_1_74' title='bbox 3381 801 3502 840; x_wconf 91' lang='lat' dir='ltr'><strong>esse</strong></span> <span class='ocrx_word' id='word_1_75' title='bbox 3544 786 3638 864; x_wconf 55' lang='lat' dir='ltr'><strong>de;</strong></span> 
     </span>
    </p>
   </div>
   <div class='ocr_carea' id='block_1_10' title="bbox 385 874 1973 956">
    <p class='ocr_par' dir='ltr' id='par_1_10' title="bbox 385 875 1973 956">
     <span class='ocr_line' id='line_1_10' title="bbox 385 875 1973 956; baseline -0.006 -20"><span class='ocrx_word' id='word_1_76' title='bbox 385 885 488 955; x_wconf 83' lang='grc' dir='ltr'><strong>ρός</strong></span> <span class='ocrx_word' id='word_1_77' title='bbox 529 900 620 936; x_wconf 90' lang='grc' dir='ltr'><strong>σου</strong></span> <span class='ocrx_word' id='word_1_78' title='bbox 656 885 720 954; x_wconf 85' lang='grc' dir='ltr'>τῇ</span> <span class='ocrx_word' id='word_1_79' title='bbox 757 882 883 956; x_wconf 80' lang='grc' dir='ltr'>δόξῃ</span> <span class='ocrx_word' id='word_1_80' title='bbox 921 899 1038 952; x_wconf 86' lang='grc' dir='ltr'>μου.</span> <span class='ocrx_word' id='word_1_81' title='bbox 1074 901 1090 931; x_wconf 74' lang='grc' dir='ltr'><strong>ι</strong></span> <span class='ocrx_word' id='word_1_82' title='bbox 1127 882 1260 952; x_wconf 74' lang='grc' dir='ltr'>Περὶ</span> <span class='ocrx_word' id='word_1_83' title='bbox 1286 881 1338 933; x_wconf 80' lang='grc' dir='ltr'>δὲ</span> <span class='ocrx_word' id='word_1_84' title='bbox 1371 880 1470 949; x_wconf 79' lang='grc' dir='ltr'><strong>τῆς</strong></span> <span class='ocrx_word' id='word_1_85' title='bbox 1497 878 1590 931; x_wconf 82' lang='grc' dir='ltr'>τοῦ</span> <span class='ocrx_word' id='word_1_86' title='bbox 1621 875 1832 948; x_wconf 78' lang='grc' dir='ltr'>Πατρὸς</span> <span class='ocrx_word' id='word_1_87' title='bbox 1876 895 1973 946; x_wconf 78' lang='grc' dir='ltr'>μυ-</span> 
     </span>
    </p>
   </div>
   <div class='ocr_carea' id='block_1_11' title="bbox 2077 874 3635 956">
    <p class='ocr_par' dir='ltr' id='par_1_11' title="bbox 2077 874 3635 948">
     <span class='ocr_line' id='line_1_11' title="bbox 2077 874 3635 948; baseline 0.003 -20"><span class='ocrx_word' id='word_1_88' title='bbox 2077 874 2606 932; x_wconf 85' lang='lat' dir='ltr'><strong>nuntiat?Profecto</strong></span> <span class='ocrx_word' id='word_1_89' title='bbox 2657 879 2762 933; x_wconf 86' lang='lat' dir='ltr'><strong>nisi</strong></span> <span class='ocrx_word' id='word_1_90' title='bbox 2809 879 3066 948; x_wconf 53' lang='lat' dir='ltr'><strong>praevium</strong></span> <span class='ocrx_word' id='word_1_91' title='bbox 3112 889 3198 933; x_wconf 85' lang='lat' dir='ltr'><strong>eat</strong></span> <span class='ocrx_word' id='word_1_92' title='bbox 3231 875 3323 932; x_wconf 85' lang='lat' dir='ltr'><strong>Dei</strong></span> <span class='ocrx_word' id='word_1_93' title='bbox 3376 877 3635 942; x_wconf 69' lang='lat' dir='ltr'><strong>Verbum,</strong></span> 
     </span>
    </p>
   </div>
   <div class='ocr_carea' id='block_1_12' title="bbox 385 967 1973 1044">
    <p class='ocr_par' dir='ltr' id='par_1_12' title="bbox 385 967 1971 1044">
     <span class='ocr_line' id='line_1_12' title="bbox 385 967 1971 1044; baseline -0.006 -16"><span class='ocrx_word' id='word_1_94' title='bbox 385 976 712 1044; x_wconf 88' lang='grc' dir='ltr'>σταγωγίας</span> <span class='ocrx_word' id='word_1_95' title='bbox 729 975 809 1036; x_wconf 84' lang='grc' dir='ltr'><strong>τὸ,</strong></span> <span class='ocrx_word' id='word_1_96' title='bbox 834 995 850 1026; x_wconf 74' lang='grc' dir='ltr'><strong>ι</strong></span> <span class='ocrx_word' id='word_1_97' title='bbox 875 975 967 1026; x_wconf 70' lang='grc' dir='ltr'>καὶ</span> <span class='ocrx_word' id='word_1_98' title='bbox 990 974 1200 1026; x_wconf 81' lang='grc' dir='ltr'><strong>καλέσω</strong></span> <span class='ocrx_word' id='word_1_99' title='bbox 1217 975 1272 1025; x_wconf 85' lang='grc' dir='ltr'><strong>ὲν</strong></span> <span class='ocrx_word' id='word_1_100' title='bbox 1299 973 1518 1042; x_wconf 83' lang='grc' dir='ltr'>ὀνόματι</span> <span class='ocrx_word' id='word_1_101' title='bbox 1537 969 1759 1042; x_wconf 86' lang='grc' dir='ltr'>Κυρίου·</span> <span class='ocrx_word' id='word_1_102' title='bbox 1777 990 1793 1020; x_wconf 76' lang='grc' dir='ltr'><strong>ι</strong></span> <span class='ocrx_word' id='word_1_103' title='bbox 1817 967 1971 1021; x_wconf 92' lang='grc' dir='ltr'>ποίου</span> 
     </span>
    </p>
   </div>
   <div class='ocr_carea' id='block_1_13' title="bbox 2077 967 3639 1044">
    <p class='ocr_par' dir='ltr' id='par_1_13' title="bbox 2077 968 3639 1042">
     <span class='ocr_line' id='line_1_13' title="bbox 2077 968 3639 1042; baseline 0.005 -22"><span class='ocrx_word' id='word_1_104' title='bbox 2077 968 2182 1022; x_wconf 89' lang='lat' dir='ltr'><strong>nisi</strong></span> <span class='ocrx_word' id='word_1_105' title='bbox 2215 969 2330 1037; x_wconf 89' lang='lat' dir='ltr'><strong>ipse</strong></span> <span class='ocrx_word' id='word_1_106' title='bbox 2369 969 2586 1024; x_wconf 90' lang='lat' dir='ltr'><strong>Patrem</strong></span> <span class='ocrx_word' id='word_1_107' title='bbox 2620 971 2866 1038; x_wconf 87' lang='lat' dir='ltr'><strong>advocet,</strong></span> <span class='ocrx_word' id='word_1_108' title='bbox 2903 972 3238 1042; x_wconf 84' lang='lat' dir='ltr'><strong>impossibile</strong></span> <span class='ocrx_word' id='word_1_109' title='bbox 3271 980 3352 1026; x_wconf 89' lang='lat' dir='ltr'><strong>cst</strong></span> <span class='ocrx_word' id='word_1_110' title='bbox 3391 973 3639 1040; x_wconf 79' lang='lat' dir='ltr'><strong>quemvis</strong></span> 
     </span>
    </p>
   </div>
   <div class='ocr_carea' id='block_1_14' title="bbox 379 1056 1973 1137">
    <p class='ocr_par' dir='ltr' id='par_1_14' title="bbox 379 1061 1973 1137">
     <span class='ocr_line' id='line_1_14' title="bbox 379 1061 1973 1137; baseline -0.004 -18"><span class='ocrx_word' id='word_1_111' title='bbox 379 1068 503 1136; x_wconf 79' lang='grc' dir='ltr'>γὰρ</span> <span class='ocrx_word' id='word_1_112' title='bbox 525 1068 751 1137; x_wconf 82' lang='grc' dir='ltr'><strong>Κυρίου,</strong></span> <span class='ocrx_word' id='word_1_113' title='bbox 784 1066 944 1128; x_wconf 77' lang='grc' dir='ltr'>αὐτὸς</span> <span class='ocrx_word' id='word_1_114' title='bbox 969 1064 1042 1118; x_wconf 84' lang='grc' dir='ltr'>ὢν</span> <span class='ocrx_word' id='word_1_115' title='bbox 1059 1067 1086 1118; x_wconf 91' lang='grc' dir='ltr'><strong>ό</strong></span> <span class='ocrx_word' id='word_1_116' title='bbox 1104 1065 1188 1118; x_wconf 89' lang='grc' dir='ltr'><strong>διά</strong></span> <span class='ocrx_word' id='word_1_117' title='bbox 1217 1063 1310 1117; x_wconf 80' lang='grc' dir='ltr'>τοῦ</span> <span class='ocrx_word' id='word_1_118' title='bbox 1343 1064 1763 1134; x_wconf 85' lang='grc' dir='ltr'>τετραγράμμου</span> <span class='ocrx_word' id='word_1_119' title='bbox 1785 1061 1973 1132; x_wconf 85' lang='grc' dir='ltr'>δηλού-</span> 
     </span>
    </p>
   </div>
   <div class='ocr_carea' id='block_1_15' title="bbox 2077 1056 3638 1137">
    <p class='ocr_par' dir='ltr' id='par_1_15' title="bbox 2077 1056 3638 1130">
     <span class='ocr_line' id='line_1_15' title="bbox 2077 1056 3638 1130; baseline 0.004 -22"><span class='ocrx_word' id='word_1_120' title='bbox 2077 1056 2316 1109; x_wconf 89' lang='lat' dir='ltr'><strong>omnium</strong></span> <span class='ocrx_word' id='word_1_121' title='bbox 2347 1057 2526 1111; x_wconf 90' lang='lat' dir='ltr'><strong>Patris</strong></span> <span class='ocrx_word' id='word_1_122' title='bbox 2556 1061 2836 1112; x_wconf 90' lang='lat' dir='ltr'><strong>scientiam</strong></span> <span class='ocrx_word' id='word_1_123' title='bbox 2855 1061 3126 1128; x_wconf 84' lang='lat' dir='ltr'><strong>excipere.</strong></span> <span class='ocrx_word' id='word_1_124' title='bbox 3159 1079 3178 1111; x_wconf 78' lang='grc' dir='ltr'><strong>ι</strong></span> <span class='ocrx_word' id='word_1_125' title='bbox 3215 1059 3399 1130; x_wconf 83' lang='lat' dir='ltr'><strong>Neque</strong></span> <span class='ocrx_word' id='word_1_126' title='bbox 3422 1059 3638 1117; x_wconf 81' lang='lat' dir='ltr'><strong>Patrem</strong></span> 
     </span>
    </p>
   </div>
   <div class='ocr_carea' id='block_1_16' title="bbox 381 1147 1973 1230">
    <p class='ocr_par' dir='ltr' id='par_1_16' title="bbox 381 1155 1969 1230">
     <span class='ocr_line' id='line_1_16' title="bbox 381 1155 1969 1230; baseline -0.002 -19"><span class='ocrx_word' id='word_1_127' title='bbox 381 1176 560 1229; x_wconf 84' lang='grc' dir='ltr'>μενος</span> <span class='ocrx_word' id='word_1_128' title='bbox 590 1159 810 1230; x_wconf 88' lang='grc' dir='ltr'>Κύριος,</span> <span class='ocrx_word' id='word_1_129' title='bbox 847 1161 894 1211; x_wconf 81' lang='grc' dir='ltr'><strong>εί</strong></span> <span class='ocrx_word' id='word_1_130' title='bbox 929 1157 1001 1229; x_wconf 82' lang='grc' dir='ltr'>μὴ</span> <span class='ocrx_word' id='word_1_131' title='bbox 1033 1157 1138 1228; x_wconf 83' lang='grc' dir='ltr'>ἄρα</span> <span class='ocrx_word' id='word_1_132' title='bbox 1163 1157 1254 1210; x_wconf 72' lang='grc' dir='ltr'>τοῦ</span> <span class='ocrx_word' id='word_1_133' title='bbox 1275 1155 1486 1225; x_wconf 66' lang='grc' dir='ltr'>Πατρος</span> <span class='ocrx_word' id='word_1_134' title='bbox 1516 1157 1764 1209; x_wconf 83' lang='grc' dir='ltr'>καλέσειν</span> <span class='ocrx_word' id='word_1_135' title='bbox 1798 1156 1969 1223; x_wconf 79' lang='grc' dir='ltr'>ἐπαγ-</span> 
     </span>
    </p>
   </div>
   <div class='ocr_carea' id='block_1_17' title="bbox 2077 1147 3638 1230">
    <p class='ocr_par' dir='ltr' id='par_1_17' title="bbox 2077 1147 3638 1218">
     <span class='ocr_line' id='line_1_17' title="bbox 2077 1147 3638 1218; baseline 0.006 -17"><span class='ocrx_word' id='word_1_136' title='bbox 2077 1149 2198 1218; x_wconf 85' lang='lat' dir='ltr'><strong>quis</strong></span> <span class='ocrx_word' id='word_1_137' title='bbox 2235 1149 2404 1204; x_wconf 84' lang='lat' dir='ltr'><strong>novit.</strong></span> <span class='ocrx_word' id='word_1_138' title='bbox 2439 1151 2542 1204; x_wconf 89' lang='lat' dir='ltr'><strong>nisi</strong></span> <span class='ocrx_word' id='word_1_139' title='bbox 2574 1147 2766 1214; x_wconf 81' lang='lat' dir='ltr'><strong>Filius,</strong></span> <span class='ocrx_word' id='word_1_140' title='bbox 2791 1159 2844 1205; x_wconf 91' lang='lat' dir='ltr'><strong>et</strong></span> <span class='ocrx_word' id='word_1_141' title='bbox 2874 1153 2958 1206; x_wconf 92' lang='lat' dir='ltr'><strong>cui</strong></span> <span class='ocrx_word' id='word_1_142' title='bbox 2995 1151 3169 1207; x_wconf 85' lang='lat' dir='ltr'><strong>Filius</strong></span> <span class='ocrx_word' id='word_1_143' title='bbox 3197 1155 3436 1208; x_wconf 86' lang='lat' dir='ltr'><strong>voluerit</strong></span> <span class='ocrx_word' id='word_1_144' title='bbox 3487 1169 3638 1210; x_wconf 87' lang='lat' dir='ltr'><strong>reve-</strong></span> 
     </span>
    </p>
   </div>
   <div class='ocr_carea' id='block_1_18' title="bbox 375 1243 1973 1318">
    <p class='ocr_par' dir='ltr' id='par_1_18' title="bbox 375 1246 1972 1318">
     <span class='ocr_line' id='line_1_18' title="bbox 375 1246 1972 1318; baseline -0.003 -15"><span class='ocrx_word' id='word_1_145' title='bbox 375 1248 644 1318; x_wconf 85' lang='grc' dir='ltr'>γέλλεται</span> <span class='ocrx_word' id='word_1_146' title='bbox 665 1265 678 1312; x_wconf 89' lang='lat'><strong>;</strong></span> <span class='ocrx_word' id='word_1_147' title='bbox 716 1249 824 1302; x_wconf 74' lang='grc' dir='ltr'><strong>Καὶ</strong></span> <span class='ocrx_word' id='word_1_148' title='bbox 855 1247 1069 1318; x_wconf 80' lang='grc' dir='ltr'>ἀληθῶς</span> <span class='ocrx_word' id='word_1_149' title='bbox 1091 1263 1153 1315; x_wconf 90' lang='grc' dir='ltr'><strong>γε</strong></span> <span class='ocrx_word' id='word_1_150' title='bbox 1176 1249 1222 1299; x_wconf 85' lang='grc' dir='ltr'><strong>εί</strong></span> <span class='ocrx_word' id='word_1_151' title='bbox 1250 1248 1321 1318; x_wconf 82' lang='grc' dir='ltr'>μὴ</span> <span class='ocrx_word' id='word_1_152' title='bbox 1347 1246 1540 1299; x_wconf 80' lang='grc' dir='ltr'><strong>διέλθοι</strong></span> <span class='ocrx_word' id='word_1_153' title='bbox 1565 1247 1685 1299; x_wconf 83' lang='grc' dir='ltr'>τινὰ</span> <span class='ocrx_word' id='word_1_154' title='bbox 1710 1246 1972 1318; x_wconf 86' lang='grc' dir='ltr'>πρότερον</span> 
     </span>
    </p>
   </div>
   <div class='ocr_carea' id='block_1_19' title="bbox 2077 1243 3642 1318">
    <p class='ocr_par' dir='ltr' id='par_1_19' title="bbox 2077 1243 3642 1316">
     <span class='ocr_line' id='line_1_19' title="bbox 2077 1243 3642 1316; baseline 0.006 -21"><span class='ocrx_word' id='word_1_155' title='bbox 2077 1243 2187 1296; x_wconf 89' lang='lat' dir='ltr'><strong>lare</strong></span> <span class='ocrx_word' id='word_1_156' title='bbox 2218 1243 2281 1296; x_wconf 75' lang='lat'><strong>&#39;“.</strong></span> <span class='ocrx_word' id='word_1_157' title='bbox 2319 1263 2338 1294; x_wconf 71' lang='grc' dir='ltr'><strong>ι</strong></span> <span class='ocrx_word' id='word_1_158' title='bbox 2378 1244 2496 1313; x_wconf 86' lang='lat' dir='ltr'><strong>Ipse</strong></span> <span class='ocrx_word' id='word_1_159' title='bbox 2530 1244 2696 1314; x_wconf 83' lang='lat' dir='ltr'><strong>igitur</strong></span> <span class='ocrx_word' id='word_1_160' title='bbox 2725 1252 2809 1298; x_wconf 90' lang='lat' dir='ltr'><strong>est</strong></span> <span class='ocrx_word' id='word_1_161' title='bbox 2846 1247 3012 1314; x_wconf 87' lang='lat' dir='ltr'><strong>janua</strong></span> <span class='ocrx_word' id='word_1_162' title='bbox 3042 1249 3236 1315; x_wconf 87' lang='lat' dir='ltr'><strong>viaque</strong></span> <span class='ocrx_word' id='word_1_163' title='bbox 3267 1263 3370 1316; x_wconf 92' lang='lat' dir='ltr'><strong>qua</strong></span> <span class='ocrx_word' id='word_1_164' title='bbox 3404 1249 3518 1303; x_wconf 89' lang='lat' dir='ltr'><strong>sola</strong></span> <span class='ocrx_word' id='word_1_165' title='bbox 3546 1263 3642 1304; x_wconf 79' lang='lat' dir='ltr'><strong>ex-</strong></span> 
     </span>
    </p>
   </div>
   <div class='ocr_carea' id='block_1_20' title="bbox 373 1335 1973 1410">
    <p class='ocr_par' dir='ltr' id='par_1_20' title="bbox 373 1337 1972 1410">
     <span class='ocr_line' id='line_1_20' title="bbox 373 1337 1972 1410; baseline -0.001 -17"><span class='ocrx_word' id='word_1_166' title='bbox 373 1341 408 1393; x_wconf 78' lang='grc'>6</span> <span class='ocrx_word' id='word_1_167' title='bbox 435 1340 539 1393; x_wconf 78' lang='grc' dir='ltr'>τοῦ</span> <span class='ocrx_word' id='word_1_168' title='bbox 569 1340 700 1393; x_wconf 82' lang='grc' dir='ltr'>Θεοῦ</span> <span class='ocrx_word' id='word_1_169' title='bbox 730 1341 918 1409; x_wconf 88' lang='grc' dir='ltr'>Λόγος,</span> <span class='ocrx_word' id='word_1_170' title='bbox 946 1342 1037 1393; x_wconf 75' lang='grc' dir='ltr'><strong>καὶ</strong></span> <span class='ocrx_word' id='word_1_171' title='bbox 1079 1341 1126 1392; x_wconf 90' lang='grc' dir='ltr'><strong>εί</strong></span> <span class='ocrx_word' id='word_1_172' title='bbox 1170 1340 1242 1410; x_wconf 82' lang='grc' dir='ltr'>μὴ</span> <span class='ocrx_word' id='word_1_173' title='bbox 1275 1338 1435 1401; x_wconf 73' lang='grc' dir='ltr'>αὐτὸς</span> <span class='ocrx_word' id='word_1_174' title='bbox 1467 1337 1854 1392; x_wconf 82' lang='grc' dir='ltr'>ἀνακαλέσοιτο</span> <span class='ocrx_word' id='word_1_175' title='bbox 1881 1339 1972 1393; x_wconf 72' lang='grc' dir='ltr'><strong>τὸν</strong></span> 
     </span>
    </p>
   </div>
   <div class='ocr_carea' id='block_1_21' title="bbox 2077 1335 3638 1410">
    <p class='ocr_par' dir='ltr' id='par_1_21' title="bbox 2077 1335 3638 1406">
     <span class='ocr_line' id='line_1_21' title="bbox 2077 1335 3638 1406; baseline 0.003 -18"><span class='ocrx_word' id='word_1_176' title='bbox 2077 1335 2437 1388; x_wconf 84' lang='lat' dir='ltr'><strong>celsissimam</strong></span> <span class='ocrx_word' id='word_1_177' title='bbox 2497 1336 3083 1406; x_wconf 87' lang='lat' dir='ltr'><strong>immensissimamque</strong></span> <span class='ocrx_word' id='word_1_178' title='bbox 3138 1353 3318 1391; x_wconf 92' lang='lat' dir='ltr'><strong>rerum</strong></span> <span class='ocrx_word' id='word_1_179' title='bbox 3396 1339 3638 1392; x_wconf 89' lang='lat' dir='ltr'><strong>omnium</strong></span> 
     </span>
    </p>
   </div>
   <div class='ocr_carea' id='block_1_22' title="bbox 375 1426 1973 1507">
    <p class='ocr_par' dir='ltr' id='par_1_22' title="bbox 375 1431 1972 1507">
     <span class='ocr_line' id='line_1_22' title="bbox 375 1431 1972 1507; baseline -0.003 -19"><span class='ocrx_word' id='word_1_180' title='bbox 375 1435 633 1507; x_wconf 81' lang='grc' dir='ltr'><strong>Πατέρα,</strong></span> <span class='ocrx_word' id='word_1_181' title='bbox 668 1435 775 1488; x_wconf 82' lang='grc' dir='ltr'>οὐδ’</span> <span class='ocrx_word' id='word_1_182' title='bbox 815 1435 987 1498; x_wconf 73' lang='grc' dir='ltr'>ἄλλως</span> <span class='ocrx_word' id='word_1_183' title='bbox 1037 1432 1257 1487; x_wconf 81' lang='grc' dir='ltr'>δυνατὸν</span> <span class='ocrx_word' id='word_1_184' title='bbox 1304 1432 1403 1504; x_wconf 76' lang='grc' dir='ltr'>τὴν</span> <span class='ocrx_word' id='word_1_185' title='bbox 1465 1431 1559 1484; x_wconf 81' lang='grc' dir='ltr'>τοῦ</span> <span class='ocrx_word' id='word_1_186' title='bbox 1613 1431 1821 1504; x_wconf 85' lang='grc' dir='ltr'>Πατρὸς</span> <span class='ocrx_word' id='word_1_187' title='bbox 1866 1431 1972 1484; x_wconf 83' lang='grc' dir='ltr'>τῶν</span> 
     </span>
    </p>
   </div>
   <div class='ocr_carea' id='block_1_23' title="bbox 2077 1426 3640 1507">
    <p class='ocr_par' dir='ltr' id='par_1_23' title="bbox 2077 1426 3640 1498">
     <span class='ocr_line' id='line_1_23' title="bbox 2077 1426 3640 1498; baseline 0.003 -19"><span class='ocrx_word' id='word_1_188' title='bbox 2077 1441 2315 1490; x_wconf 85' lang='lat' dir='ltr'><strong>causam,</strong></span> <span class='ocrx_word' id='word_1_189' title='bbox 2345 1426 2560 1481; x_wconf 86' lang='lat' dir='ltr'><strong>Patrem</strong></span> <span class='ocrx_word' id='word_1_190' title='bbox 2623 1428 2824 1497; x_wconf 88' lang='lat' dir='ltr'><strong>ipsum,</strong></span> <span class='ocrx_word' id='word_1_191' title='bbox 2853 1428 3170 1498; x_wconf 83' lang='lat' dir='ltr'><strong>conspicere</strong></span> <span class='ocrx_word' id='word_1_192' title='bbox 3216 1444 3524 1498; x_wconf 88' lang='lat' dir='ltr'><strong>possumus.</strong></span> <span class='ocrx_word' id='word_1_193' title='bbox 3581 1429 3640 1483; x_wconf 89' lang='lat' dir='ltr'><strong>Si</strong></span> 
     </span>
    </p>
   </div>
   <div class='ocr_carea' id='block_1_24' title="bbox 376 1520 1970 1593">
    <p class='ocr_par' dir='ltr' id='par_1_24' title="bbox 376 1520 1970 1593">
     <span class='ocr_line' id='line_1_24' title="bbox 376 1520 1970 1593; baseline -0.003 -13"><span class='ocrx_word' id='word_1_194' title='bbox 376 1525 533 1580; x_wconf 81' lang='grc' dir='ltr'>ὅλων</span> <span class='ocrx_word' id='word_1_195' title='bbox 563 1525 848 1579; x_wconf 78' lang='grc' dir='ltr'>ἀναλαϐεῖν</span> <span class='ocrx_word' id='word_1_196' title='bbox 898 1525 1130 1593; x_wconf 83' lang='grc' dir='ltr'>γνῶσιν·</span> <span class='ocrx_word' id='word_1_197' title='bbox 1171 1544 1190 1575; x_wconf 76' lang='grc' dir='ltr'><strong>ι</strong></span> <span class='ocrx_word' id='word_1_198' title='bbox 1239 1525 1358 1576; x_wconf 71' lang='grc' dir='ltr'>ἐπεὶ</span> <span class='ocrx_word' id='word_1_199' title='bbox 1403 1523 1524 1593; x_wconf 75' lang='grc' dir='ltr'>μηδ’</span> <span class='ocrx_word' id='word_1_200' title='bbox 1573 1520 1654 1586; x_wconf 73' lang='grc' dir='ltr'>εἷς</span> <span class='ocrx_word' id='word_1_201' title='bbox 1696 1523 1836 1590; x_wconf 80' lang='grc' dir='ltr'>έγνω</span> <span class='ocrx_word' id='word_1_202' title='bbox 1879 1523 1970 1576; x_wconf 84' lang='grc' dir='ltr'><strong>τὸν</strong></span> 
     </span>
    </p>
   </div>
   <div class='ocr_carea' id='block_1_25' title="bbox 378 1608 1965 1688">
    <p class='ocr_par' dir='ltr' id='par_1_25' title="bbox 378 1608 1965 1688">
     <span class='ocr_line' id='line_1_25' title="bbox 378 1608 1965 1688; baseline -0.004 -19"><span class='ocrx_word' id='word_1_203' title='bbox 378 1617 615 1688; x_wconf 85' lang='grc' dir='ltr'>Πατέρα</span> <span class='ocrx_word' id='word_1_204' title='bbox 649 1620 697 1669; x_wconf 84' lang='grc' dir='ltr'><strong>εί</strong></span> <span class='ocrx_word' id='word_1_205' title='bbox 732 1615 803 1686; x_wconf 76' lang='grc' dir='ltr'>μὴ</span> <span class='ocrx_word' id='word_1_206' title='bbox 833 1619 860 1669; x_wconf 86' lang='grc' dir='ltr'><strong>ό</strong></span> <span class='ocrx_word' id='word_1_207' title='bbox 891 1616 1036 1678; x_wconf 83' lang='grc' dir='ltr'>Υἱὸς,</span> <span class='ocrx_word' id='word_1_208' title='bbox 1071 1616 1164 1668; x_wconf 75' lang='grc' dir='ltr'>καὶ</span> <span class='ocrx_word' id='word_1_209' title='bbox 1189 1608 1233 1682; x_wconf 78' lang='grc' dir='ltr'>ᾧ</span> <span class='ocrx_word' id='word_1_210' title='bbox 1260 1612 1324 1668; x_wconf 81' lang='grc' dir='ltr'><strong>ἂν</strong></span> <span class='ocrx_word' id='word_1_211' title='bbox 1357 1616 1383 1667; x_wconf 88' lang='grc' dir='ltr'>ὁ</span> <span class='ocrx_word' id='word_1_212' title='bbox 1419 1614 1543 1676; x_wconf 83' lang='grc' dir='ltr'>Υἱὸς</span> <span class='ocrx_word' id='word_1_213' title='bbox 1569 1612 1914 1686; x_wconf 75' lang='grc' dir='ltr'>ἀποκαλύψῃ.</span> <span class='ocrx_word' id='word_1_214' title='bbox 1948 1631 1965 1663; x_wconf 75' lang='grc' dir='ltr'><strong>ι</strong></span> 
     </span>
    </p>
   </div>
   <div class='ocr_carea' id='block_1_26' title="bbox 377 1693 1971 1776">
    <p class='ocr_par' dir='ltr' id='par_1_26' title="bbox 377 1693 1971 1776">
     <span class='ocr_line' id='line_1_26' title="bbox 377 1693 1971 1776; baseline -0.006 -16"><span class='ocrx_word' id='word_1_215' title='bbox 377 1707 566 1769; x_wconf 74' lang='grc' dir='ltr'>Αὐτὸς</span> <span class='ocrx_word' id='word_1_216' title='bbox 592 1705 721 1774; x_wconf 78' lang='grc' dir='ltr'>γοῦν</span> <span class='ocrx_word' id='word_1_217' title='bbox 755 1709 899 1758; x_wconf 72' lang='grc' dir='ltr'>ἐστιν</span> <span class='ocrx_word' id='word_1_218' title='bbox 932 1708 964 1775; x_wconf 82' lang='grc' dir='ltr'>ἡ</span> <span class='ocrx_word' id='word_1_219' title='bbox 995 1702 1132 1776; x_wconf 89' lang='grc' dir='ltr'>Θύρα</span> <span class='ocrx_word' id='word_1_220' title='bbox 1152 1703 1246 1757; x_wconf 70' lang='grc' dir='ltr'><strong>καὶ</strong></span> <span class='ocrx_word' id='word_1_221' title='bbox 1269 1705 1300 1773; x_wconf 89' lang='grc' dir='ltr'>ἡ</span> <span class='ocrx_word' id='word_1_222' title='bbox 1329 1703 1444 1766; x_wconf 83' lang='grc' dir='ltr'>ὁδὸς</span> <span class='ocrx_word' id='word_1_223' title='bbox 1475 1702 1540 1754; x_wconf 73' lang='grc' dir='ltr'>δι’</span> <span class='ocrx_word' id='word_1_224' title='bbox 1560 1693 1620 1754; x_wconf 75' lang='grc' dir='ltr'>οὗ</span> <span class='ocrx_word' id='word_1_225' title='bbox 1646 1701 1804 1771; x_wconf 83' lang='grc' dir='ltr'>μόνου</span> <span class='ocrx_word' id='word_1_226' title='bbox 1825 1699 1971 1752; x_wconf 78' lang='grc' dir='ltr'>ἐστιν</span> 
     </span>
    </p>
   </div>
   <div class='ocr_carea' id='block_1_27' title="bbox 385 1793 1972 1856">
    <p class='ocr_par' dir='ltr' id='par_1_27' title="bbox 385 1793 1972 1856">
     <span class='ocr_line' id='line_1_27' title="bbox 385 1793 1972 1856; baseline -0.005 -4"><span class='ocrx_word' id='word_1_227' title='bbox 385 1799 524 1852; x_wconf 79' lang='grc' dir='ltr'>ἰδεῖν</span> <span class='ocrx_word' id='word_1_228' title='bbox 557 1798 647 1850; x_wconf 76' lang='grc' dir='ltr'>τὸν</span> <span class='ocrx_word' id='word_1_229' title='bbox 675 1797 929 1850; x_wconf 73' lang='grc' dir='ltr'>ἐπέκεινα</span> <span class='ocrx_word' id='word_1_230' title='bbox 958 1798 1050 1849; x_wconf 72' lang='grc' dir='ltr'><strong>καὶ</strong></span> <span class='ocrx_word' id='word_1_231' title='bbox 1082 1795 1340 1849; x_wconf 76' lang='grc' dir='ltr'><strong>ἀνωτάτω</strong></span> <span class='ocrx_word' id='word_1_232' title='bbox 1367 1793 1474 1846; x_wconf 80' lang='grc' dir='ltr'><strong>τῶν</strong></span> <span class='ocrx_word' id='word_1_233' title='bbox 1505 1794 1640 1846; x_wconf 85' lang='grc' dir='ltr'>ὅλων</span> <span class='ocrx_word' id='word_1_234' title='bbox 1663 1794 1853 1856; x_wconf 77' lang='grc' dir='ltr'>αἴτιον,</span> <span class='ocrx_word' id='word_1_235' title='bbox 1875 1793 1972 1846; x_wconf 82' lang='grc' dir='ltr'>αὑ-</span> 
     </span>
    </p>
   </div>
   <div class='ocr_carea' id='block_1_28' title="bbox 381 1879 1970 1960">
    <p class='ocr_par' dir='ltr' id='par_1_28' title="bbox 381 1879 1970 1960">
     <span class='ocr_line' id='line_1_28' title="bbox 381 1879 1970 1960; baseline -0.006 -16"><span class='ocrx_word' id='word_1_236' title='bbox 381 1892 480 1944; x_wconf 83' lang='grc' dir='ltr'><strong>τὸν</strong></span> <span class='ocrx_word' id='word_1_237' title='bbox 512 1893 601 1944; x_wconf 86' lang='grc' dir='ltr'><strong>τὸν</strong></span> <span class='ocrx_word' id='word_1_238' title='bbox 631 1891 849 1960; x_wconf 81' lang='grc' dir='ltr'>Πατέρα</span> <span class='ocrx_word' id='word_1_239' title='bbox 868 1906 881 1919; x_wconf 88' lang='grc'><strong>·</strong></span> <span class='ocrx_word' id='word_1_240' title='bbox 910 1889 957 1940; x_wconf 86' lang='grc' dir='ltr'><strong>εί</strong></span> <span class='ocrx_word' id='word_1_241' title='bbox 980 1888 1086 1958; x_wconf 85' lang='grc' dir='ltr'><strong>γάρ</strong></span> <span class='ocrx_word' id='word_1_242' title='bbox 1119 1888 1212 1941; x_wconf 80' lang='grc' dir='ltr'><strong>καὶ</strong></span> <span class='ocrx_word' id='word_1_243' title='bbox 1239 1886 1309 1939; x_wconf 89' lang='grc' dir='ltr'><strong>τά</strong></span> <span class='ocrx_word' id='word_1_244' title='bbox 1333 1887 1562 1957; x_wconf 90' lang='grc' dir='ltr'>μάλιστα</span> <span class='ocrx_word' id='word_1_245' title='bbox 1590 1879 1677 1940; x_wconf 73' lang='grc' dir='ltr'><strong>οἷά</strong></span> <span class='ocrx_word' id='word_1_246' title='bbox 1701 1903 1782 1948; x_wconf 89' lang='grc' dir='ltr'><strong>τις</strong></span> <span class='ocrx_word' id='word_1_247' title='bbox 1808 1883 1970 1937; x_wconf 78' lang='grc' dir='ltr'>αὐτοῦ</span> 
     </span>
    </p>
   </div>
   <div class='ocr_carea' id='block_1_29' title="bbox 385 1977 1973 2057">
    <p class='ocr_par' dir='ltr' id='par_1_29' title="bbox 385 1977 1973 2057">
     <span class='ocr_line' id='line_1_29' title="bbox 385 1977 1973 2057; baseline -0.006 -20"><span class='ocrx_word' id='word_1_248' title='bbox 385 1985 702 2057; x_wconf 79' lang='grc' dir='ltr'>πρόδρομος</span> <span class='ocrx_word' id='word_1_249' title='bbox 730 1981 1088 2053; x_wconf 85' lang='grc' dir='ltr'>προεπιδημεῖ</span> <span class='ocrx_word' id='word_1_250' title='bbox 1119 1983 1237 2042; x_wconf 79' lang='grc' dir='ltr'>ταῖς</span> <span class='ocrx_word' id='word_1_251' title='bbox 1269 1979 1376 2032; x_wconf 84' lang='grc' dir='ltr'><strong>τῶν</strong></span> <span class='ocrx_word' id='word_1_252' title='bbox 1403 1977 1684 2050; x_wconf 84' lang='grc' dir='ltr'>μακαρίων</span> <span class='ocrx_word' id='word_1_253' title='bbox 1715 1977 1912 2049; x_wconf 80' lang='grc' dir='ltr'>ψυχαῖς</span> <span class='ocrx_word' id='word_1_254' title='bbox 1945 1977 1973 2027; x_wconf 89' lang='grc' dir='ltr'>ὁ</span> 
     </span>
    </p>
   </div>
   <div class='ocr_carea' id='block_1_30' title="bbox 386 2068 1970 2144">
    <p class='ocr_par' dir='ltr' id='par_1_30' title="bbox 386 2068 1970 2144">
     <span class='ocr_line' id='line_1_30' title="bbox 386 2068 1970 2144; baseline -0.004 -16"><span class='ocrx_word' id='word_1_255' title='bbox 386 2076 539 2138; x_wconf 83' lang='grc' dir='ltr'>θεῖος</span> <span class='ocrx_word' id='word_1_256' title='bbox 573 2075 762 2142; x_wconf 85' lang='grc' dir='ltr'><strong>Λόγος,</strong></span> <span class='ocrx_word' id='word_1_257' title='bbox 788 2074 883 2144; x_wconf 85' lang='grc' dir='ltr'><strong>τῆς</strong></span> <span class='ocrx_word' id='word_1_258' title='bbox 917 2073 1048 2134; x_wconf 77' lang='grc' dir='ltr'>ιδίας</span> <span class='ocrx_word' id='word_1_259' title='bbox 1075 2071 1231 2141; x_wconf 79' lang='grc' dir='ltr'>δόξης</span> <span class='ocrx_word' id='word_1_260' title='bbox 1261 2071 1572 2142; x_wconf 80' lang='grc' dir='ltr'>μεταδιδοὺς</span> <span class='ocrx_word' id='word_1_261' title='bbox 1619 2071 1829 2132; x_wconf 81' lang='grc' dir='ltr'>αὐταῖς,</span> <span class='ocrx_word' id='word_1_262' title='bbox 1859 2068 1970 2122; x_wconf 83' lang='grc' dir='ltr'>ἀλλ’</span> 
     </span>
    </p>
   </div>
   <div class='ocr_carea' id='block_1_31' title="bbox 383 2161 1975 2237">
    <p class='ocr_par' dir='ltr' id='par_1_31' title="bbox 383 2161 1975 2237">
     <span class='ocr_line' id='line_1_31' title="bbox 383 2161 1975 2237; baseline -0.003 -18"><span class='ocrx_word' id='word_1_263' title='bbox 383 2167 492 2237; x_wconf 80' lang='grc' dir='ltr'><strong>οὐχ</strong></span> <span class='ocrx_word' id='word_1_264' title='bbox 522 2167 734 2219; x_wconf 82' lang='grc' dir='ltr'>ἵσταταί</span> <span class='ocrx_word' id='word_1_265' title='bbox 761 2183 822 2234; x_wconf 90' lang='grc' dir='ltr'><strong>γε</strong></span> <span class='ocrx_word' id='word_1_266' title='bbox 857 2166 936 2227; x_wconf 83' lang='grc' dir='ltr'><strong>είς</strong></span> <span class='ocrx_word' id='word_1_267' title='bbox 962 2164 1113 2226; x_wconf 81' lang='grc' dir='ltr'>τέλος</span> <span class='ocrx_word' id='word_1_268' title='bbox 1139 2162 1208 2215; x_wconf 84' lang='grc' dir='ltr'><strong>τά</strong></span> <span class='ocrx_word' id='word_1_269' title='bbox 1230 2164 1329 2234; x_wconf 81' lang='grc' dir='ltr'><strong>τῆς</strong></span> <span class='ocrx_word' id='word_1_270' title='bbox 1364 2162 1649 2226; x_wconf 83' lang='grc' dir='ltr'>αὐθεντίας</span> <span class='ocrx_word' id='word_1_271' title='bbox 1679 2163 1756 2226; x_wconf 82' lang='grc' dir='ltr'>εἰς</span> <span class='ocrx_word' id='word_1_272' title='bbox 1786 2161 1975 2215; x_wconf 79' lang='grc' dir='ltr'>ἑαυτὸν</span> 
     </span>
    </p>
   </div>
   <div class='ocr_carea' id='block_1_32' title="bbox 387 2253 1976 2328">
    <p class='ocr_par' dir='ltr' id='par_1_32' title="bbox 387 2253 1976 2328">
     <span class='ocr_line' id='line_1_32' title="bbox 387 2253 1976 2328; baseline -0.004 -17"><span class='ocrx_word' id='word_1_273' title='bbox 387 2257 813 2328; x_wconf 75' lang='grc' dir='ltr'>ἀναλαμϐάνων,</span> <span class='ocrx_word' id='word_1_274' title='bbox 851 2255 1381 2327; x_wconf 85' lang='grc' dir='ltr'>προπαρασκευάσας</span> <span class='ocrx_word' id='word_1_275' title='bbox 1409 2257 1464 2309; x_wconf 88' lang='grc' dir='ltr'>δὲ</span> <span class='ocrx_word' id='word_1_276' title='bbox 1491 2257 1586 2308; x_wconf 59' lang='grc' dir='ltr'><strong>καὶ⁷</strong></span> <span class='ocrx_word' id='word_1_277' title='bbox 1617 2253 1976 2326; x_wconf 76' lang='grc' dir='ltr'>προευτρεπί-</span> 
     </span>
    </p>
   </div>
   <div class='ocr_carea' id='block_1_33' title="bbox 390 2344 1974 2416">
    <p class='ocr_par' dir='ltr' id='par_1_33' title="bbox 390 2344 1974 2416">
     <span class='ocr_line' id='line_1_33' title="bbox 390 2344 1974 2416; baseline -0.003 -16"><span class='ocrx_word' id='word_1_278' title='bbox 390 2365 498 2409; x_wconf 86' lang='grc' dir='ltr'><strong>σας</strong></span> <span class='ocrx_word' id='word_1_279' title='bbox 540 2347 636 2416; x_wconf 81' lang='grc' dir='ltr'>τὴν</span> <span class='ocrx_word' id='word_1_280' title='bbox 675 2347 861 2416; x_wconf 82' lang='grc' dir='ltr'>μονὴν,</span> <span class='ocrx_word' id='word_1_281' title='bbox 896 2346 1170 2416; x_wconf 84' lang='grc' dir='ltr'>ὑποχωρεῖ</span> <span class='ocrx_word' id='word_1_282' title='bbox 1210 2344 1302 2397; x_wconf 74' lang='grc' dir='ltr'><strong>καὶ</strong></span> <span class='ocrx_word' id='word_1_283' title='bbox 1354 2344 1825 2416; x_wconf 84' lang='grc' dir='ltr'>μεταπαραὸίδωσι</span> <span class='ocrx_word' id='word_1_284' title='bbox 1875 2344 1974 2414; x_wconf 83' lang='grc' dir='ltr'><strong>τὴν</strong></span> 
     </span>
    </p>
   </div>
   <div class='ocr_carea' id='block_1_34' title="bbox 392 2434 1974 2508">
    <p class='ocr_par' dir='ltr' id='par_1_34' title="bbox 392 2434 1974 2508">
     <span class='ocr_line' id='line_1_34' title="bbox 392 2434 1974 2508; baseline -0.002 -18"><span class='ocrx_word' id='word_1_285' title='bbox 392 2438 675 2506; x_wconf 79' lang='grc' dir='ltr'>βασιλείαν</span> <span class='ocrx_word' id='word_1_286' title='bbox 704 2436 780 2506; x_wconf 82' lang='grc' dir='ltr'>τῷ</span> <span class='ocrx_word' id='word_1_287' title='bbox 808 2435 924 2506; x_wconf 86' lang='grc' dir='ltr'><strong>Θεῷ</strong></span> <span class='ocrx_word' id='word_1_288' title='bbox 947 2437 1039 2489; x_wconf 75' lang='grc' dir='ltr'>καὶ</span> <span class='ocrx_word' id='word_1_289' title='bbox 1062 2435 1254 2508; x_wconf 88' lang='grc' dir='ltr'>Πατρί.</span> <span class='ocrx_word' id='word_1_290' title='bbox 1273 2435 1442 2488; x_wconf 76' lang='grc' dir='ltr'>Τοῦτο</span> <span class='ocrx_word' id='word_1_291' title='bbox 1463 2436 1518 2489; x_wconf 82' lang='grc' dir='ltr'>δὲ</span> <span class='ocrx_word' id='word_1_292' title='bbox 1541 2435 1635 2487; x_wconf 72' lang='grc' dir='ltr'>καὶ</span> <span class='ocrx_word' id='word_1_293' title='bbox 1662 2434 1822 2499; x_wconf 81' lang='grc' dir='ltr'>αὐτὸς</span> <span class='ocrx_word' id='word_1_294' title='bbox 1841 2438 1974 2506; x_wconf 80' lang='grc' dir='ltr'><strong>ὁμο⁶</strong></span> 
     </span>
    </p>
   </div>
   <div class='ocr_carea' id='block_1_35' title="bbox 388 2525 1972 2598">
    <p class='ocr_par' dir='ltr' id='par_1_35' title="bbox 388 2525 1972 2598">
     <span class='ocr_line' id='line_1_35' title="bbox 388 2525 1972 2598; baseline -0.003 -16"><span class='ocrx_word' id='word_1_295' title='bbox 388 2530 548 2598; x_wconf 68' lang='grc' dir='ltr'>λογεῖ</span> <span class='ocrx_word' id='word_1_296' title='bbox 581 2529 825 2597; x_wconf 80' lang='grc' dir='ltr'>φάσκων,</span> <span class='ocrx_word' id='word_1_297' title='bbox 868 2548 884 2578; x_wconf 81' lang='grc' dir='ltr'><strong>ι</strong></span> <span class='ocrx_word' id='word_1_298' title='bbox 908 2527 1048 2596; x_wconf 85' lang='grc' dir='ltr'><strong>Ἐγὼ</strong></span> <span class='ocrx_word' id='word_1_299' title='bbox 1071 2529 1473 2598; x_wconf 83' lang='grc' dir='ltr'>παρελεύσομαι</span> <span class='ocrx_word' id='word_1_300' title='bbox 1501 2525 1763 2598; x_wconf 87' lang='grc' dir='ltr'>πρότερός</span> <span class='ocrx_word' id='word_1_301' title='bbox 1791 2544 1882 2580; x_wconf 88' lang='grc' dir='ltr'><strong>σου</strong></span> <span class='ocrx_word' id='word_1_302' title='bbox 1906 2529 1972 2598; x_wconf 83' lang='grc' dir='ltr'>τῇ</span> 
     </span>
    </p>
   </div>
   <div class='ocr_carea' id='block_1_36' title="bbox 388 2616 1976 2689">
    <p class='ocr_par' dir='ltr' id='par_1_36' title="bbox 388 2616 1976 2689">
     <span class='ocr_line' id='line_1_36' title="bbox 388 2616 1976 2689; baseline -0.001 -18"><span class='ocrx_word' id='word_1_303' title='bbox 388 2618 520 2689; x_wconf 76' lang='grc' dir='ltr'>δόξῃ</span> <span class='ocrx_word' id='word_1_304' title='bbox 561 2635 682 2688; x_wconf 87' lang='grc' dir='ltr'>μου,</span> <span class='ocrx_word' id='word_1_305' title='bbox 719 2619 811 2670; x_wconf 75' lang='grc' dir='ltr'>καὶ</span> <span class='ocrx_word' id='word_1_306' title='bbox 841 2617 1054 2671; x_wconf 85' lang='grc' dir='ltr'>καλέσω</span> <span class='ocrx_word' id='word_1_307' title='bbox 1091 2621 1148 2671; x_wconf 82' lang='grc' dir='ltr'>ἐν</span> <span class='ocrx_word' id='word_1_308' title='bbox 1185 2618 1406 2689; x_wconf 84' lang='grc' dir='ltr'>ὀνόματι</span> <span class='ocrx_word' id='word_1_309' title='bbox 1436 2617 1658 2688; x_wconf 90' lang='grc' dir='ltr'>Κυρίου.</span> <span class='ocrx_word' id='word_1_310' title='bbox 1691 2637 1708 2668; x_wconf 75' lang='grc' dir='ltr'><strong>ι</strong></span> <span class='ocrx_word' id='word_1_311' title='bbox 1737 2616 1847 2670; x_wconf 80' lang='grc' dir='ltr'><strong>Νῦν</strong></span> <span class='ocrx_word' id='word_1_312' title='bbox 1879 2617 1976 2688; x_wconf 78' lang='grc' dir='ltr'><strong>μὲν</strong></span> 
     </span>
    </p>
   </div>
   <div class='ocr_carea' id='block_1_37' title="bbox 389 2705 1976 2780">
    <p class='ocr_par' dir='ltr' id='par_1_37' title="bbox 389 2705 1976 2780">
     <span class='ocr_line' id='line_1_37' title="bbox 389 2705 1976 2780; baseline 0.001 -19"><span class='ocrx_word' id='word_1_313' title='bbox 389 2705 488 2762; x_wconf 81' lang='grc' dir='ltr'><strong>οὖν</strong></span> <span class='ocrx_word' id='word_1_314' title='bbox 509 2709 650 2778; x_wconf 80' lang='grc' dir='ltr'>λόγῳ</span> <span class='ocrx_word' id='word_1_315' title='bbox 671 2707 829 2762; x_wconf 79' lang='grc' dir='ltr'>τοῦτο</span> <span class='ocrx_word' id='word_1_316' title='bbox 852 2709 1078 2780; x_wconf 84' lang='grc' dir='ltr'>πράξειν</span> <span class='ocrx_word' id='word_1_317' title='bbox 1109 2709 1502 2778; x_wconf 79' lang='grc' dir='ltr'>ἐπαγγέλλεται</span> <span class='ocrx_word' id='word_1_318' title='bbox 1520 2724 1532 2738; x_wconf 77' lang='grc' dir='ltr'><strong><em>ο</em></strong></span> <span class='ocrx_word' id='word_1_319' title='bbox 1567 2706 1691 2780; x_wconf 81' lang='grc' dir='ltr'>έξῆς</span> <span class='ocrx_word' id='word_1_320' title='bbox 1719 2708 1775 2761; x_wconf 84' lang='grc' dir='ltr'>δὲ</span> <span class='ocrx_word' id='word_1_321' title='bbox 1800 2709 1892 2762; x_wconf 79' lang='grc' dir='ltr'>καὶ</span> <span class='ocrx_word' id='word_1_322' title='bbox 1914 2707 1976 2762; x_wconf 83' lang='grc' dir='ltr'><strong>τὸ</strong></span> 
     </span>
    </p>
   </div>
   <div class='ocr_carea' id='block_1_38' title="bbox 393 2801 1976 2874">
    <p class='ocr_par' dir='ltr' id='par_1_38' title="bbox 393 2801 1976 2874">
     <span class='ocr_line' id='line_1_38' title="bbox 393 2801 1976 2874; baseline 0.001 -19"><span class='ocrx_word' id='word_1_323' title='bbox 393 2802 558 2874; x_wconf 80' lang='grc' dir='ltr'><strong>Ιέργον</strong></span> <span class='ocrx_word' id='word_1_324' title='bbox 595 2804 788 2871; x_wconf 82' lang='grc' dir='ltr'>ἐπάγει</span> <span class='ocrx_word' id='word_1_325' title='bbox 821 2802 946 2856; x_wconf 76' lang='grc' dir='ltr'>ἔνθα</span> <span class='ocrx_word' id='word_1_326' title='bbox 975 2803 1207 2874; x_wconf 79' lang='grc' dir='ltr'>εἴρηται,</span> <span class='ocrx_word' id='word_1_327' title='bbox 1243 2822 1261 2854; x_wconf 79' lang='grc' dir='ltr'><strong>ι</strong></span> <span class='ocrx_word' id='word_1_328' title='bbox 1287 2803 1395 2856; x_wconf 73' lang='grc' dir='ltr'><strong>Καὶ</strong></span> <span class='ocrx_word' id='word_1_329' title='bbox 1437 2802 1638 2874; x_wconf 78' lang='grc' dir='ltr'>κατέϐη</span> <span class='ocrx_word' id='word_1_330' title='bbox 1673 2801 1872 2873; x_wconf 87' lang='grc' dir='ltr'>Κύριος</span> <span class='ocrx_word' id='word_1_331' title='bbox 1918 2804 1976 2856; x_wconf 75' lang='grc' dir='ltr'>ἐν</span> 
     </span>
    </p>
   </div>
   <div class='ocr_carea' id='block_1_39' title="bbox 391 2891 1980 2967">
    <p class='ocr_par' dir='ltr' id='par_1_39' title="bbox 391 2891 1980 2967">
     <span class='ocr_line' id='line_1_39' title="bbox 391 2891 1980 2967; baseline 0 -22"><span class='ocrx_word' id='word_1_332' title='bbox 391 2895 616 2967; x_wconf 76' lang='grc' dir='ltr'>νεφέλῃ,</span> <span class='ocrx_word' id='word_1_333' title='bbox 649 2895 741 2947; x_wconf 72' lang='grc' dir='ltr'><strong>καὶ</strong></span> <span class='ocrx_word' id='word_1_334' title='bbox 767 2895 1010 2964; x_wconf 85' lang='grc' dir='ltr'>παρέστη</span> <span class='ocrx_word' id='word_1_335' title='bbox 1035 2893 1182 2964; x_wconf 82' lang='grc' dir='ltr'>αὐτῷ</span> <span class='ocrx_word' id='word_1_336' title='bbox 1211 2894 1326 2946; x_wconf 80' lang='grc' dir='ltr'>ἐκεῖ</span> <span class='ocrx_word' id='word_1_337' title='bbox 1344 2909 1357 2922; x_wconf 75' lang='grc' dir='ltr'><strong>ο</strong></span> <span class='ocrx_word' id='word_1_338' title='bbox 1387 2892 1481 2946; x_wconf 75' lang='grc' dir='ltr'><strong>καὶ</strong></span> <span class='ocrx_word' id='word_1_339' title='bbox 1504 2892 1762 2945; x_wconf 77' lang='grc' dir='ltr'>ἐκάλεσεν</span> <span class='ocrx_word' id='word_1_340' title='bbox 1791 2894 1848 2944; x_wconf 80' lang='grc' dir='ltr'><strong>ἐν</strong></span> <span class='ocrx_word' id='word_1_341' title='bbox 1869 2891 1980 2945; x_wconf 76' lang='grc' dir='ltr'>ὀνό-</span> 
     </span>
    </p>
   </div>
   <div class='ocr_carea' id='block_1_40' title="bbox 395 2981 1975 3058">
    <p class='ocr_par' dir='ltr' id='par_1_40' title="bbox 395 2981 1975 3058">
     <span class='ocr_line' id='line_1_40' title="bbox 395 2981 1975 3058; baseline -0.004 -19"><span class='ocrx_word' id='word_1_342' title='bbox 395 3005 529 3058; x_wconf 89' lang='grc' dir='ltr'>ματι</span> <span class='ocrx_word' id='word_1_343' title='bbox 567 2987 790 3058; x_wconf 88' lang='grc' dir='ltr'>Κυρίου.</span> <span class='ocrx_word' id='word_1_344' title='bbox 827 2987 936 3039; x_wconf 77' lang='grc' dir='ltr'><strong>Καὶ</strong></span> <span class='ocrx_word' id='word_1_345' title='bbox 983 2984 1256 3056; x_wconf 76' lang='grc' dir='ltr'>παρῆλθεν</span> <span class='ocrx_word' id='word_1_346' title='bbox 1289 2983 1491 3054; x_wconf 85' lang='grc' dir='ltr'>Κύριος</span> <span class='ocrx_word' id='word_1_347' title='bbox 1529 2981 1635 3054; x_wconf 87' lang='grc' dir='ltr'><strong>πρὸ</strong></span> <span class='ocrx_word' id='word_1_348' title='bbox 1682 2981 1975 3052; x_wconf 83' lang='grc' dir='ltr'>προσώπου</span> 
     </span>
    </p>
   </div>
   <div class='ocr_carea' id='block_1_41' title="bbox 392 3073 1973 3149">
    <p class='ocr_par' dir='ltr' id='par_1_41' title="bbox 392 3073 1973 3149">
     <span class='ocr_line' id='line_1_41' title="bbox 392 3073 1973 3149; baseline -0.005 -17"><span class='ocrx_word' id='word_1_349' title='bbox 392 3078 563 3132; x_wconf 80' lang='grc' dir='ltr'>αὑτοῦ</span> <span class='ocrx_word' id='word_1_350' title='bbox 595 3081 688 3132; x_wconf 69' lang='grc' dir='ltr'><strong>καὶ</strong></span> <span class='ocrx_word' id='word_1_351' title='bbox 717 3078 962 3140; x_wconf 76' lang='grc' dir='ltr'>ἐκάλεσε,</span> <span class='ocrx_word' id='word_1_352' title='bbox 986 3076 1206 3149; x_wconf 87' lang='grc' dir='ltr'>Κύριος,</span> <span class='ocrx_word' id='word_1_353' title='bbox 1223 3076 1426 3148; x_wconf 88' lang='grc' dir='ltr'>Κύριος</span> <span class='ocrx_word' id='word_1_354' title='bbox 1453 3077 1480 3127; x_wconf 88' lang='grc' dir='ltr'>ὁ</span> <span class='ocrx_word' id='word_1_355' title='bbox 1502 3073 1633 3136; x_wconf 80' lang='grc' dir='ltr'>Θεὸς</span> <span class='ocrx_word' id='word_1_356' title='bbox 1653 3073 1973 3143; x_wconf 84' lang='grc' dir='ltr'>οἰκτίρμων,</span> 
     </span>
    </p>
   </div>
   <div class='ocr_carea' id='block_1_42' title="bbox 2005 1847 2046 1904">
    <p class='ocr_par' dir='ltr' id='par_1_42' title="bbox 2005 1847 2046 1904">
     <span class='ocr_line' id='line_1_42' title="bbox 2005 1847 2046 1904; baseline 0 -2"><span class='ocrx_word' id='word_1_357' title='bbox 2005 1847 2046 1904; x_wconf 84' lang='grc' dir='ltr'><strong>Β</strong></span> 
     </span>
    </p>
   </div>
   <div class='ocr_carea' id='block_1_43' title="bbox 2071 1519 3637 1590">
    <p class='ocr_par' dir='ltr' id='par_1_43' title="bbox 2071 1519 3637 1590">
     <span class='ocr_line' id='line_1_43' title="bbox 2071 1519 3637 1590; baseline 0.003 -19"><span class='ocrx_word' id='word_1_358' title='bbox 2071 1519 2215 1572; x_wconf 91' lang='lat' dir='ltr'><strong>enim</strong></span> <span class='ocrx_word' id='word_1_359' title='bbox 2254 1533 2416 1588; x_wconf 91' lang='lat' dir='ltr'><strong>quam</strong></span> <span class='ocrx_word' id='word_1_360' title='bbox 2446 1519 2703 1585; x_wconf 85' lang='lat' dir='ltr'><strong>maxime,</strong></span> <span class='ocrx_word' id='word_1_361' title='bbox 2744 1519 2890 1573; x_wconf 88' lang='lat' dir='ltr'><strong>velut</strong></span> <span class='ocrx_word' id='word_1_362' title='bbox 2930 1520 3127 1589; x_wconf 88' lang='lat' dir='ltr'><strong>aliquis</strong></span> <span class='ocrx_word' id='word_1_363' title='bbox 3158 1520 3278 1588; x_wconf 84' lang='lat' dir='ltr'><strong>ejus</strong></span> <span class='ocrx_word' id='word_1_364' title='bbox 3311 1536 3637 1590; x_wconf 64' lang='lat' dir='ltr'><strong>praecursor,</strong></span> 
     </span>
    </p>
   </div>
   <div class='ocr_carea' id='block_1_44' title="bbox 2075 1609 3638 1682">
    <p class='ocr_par' dir='ltr' id='par_1_44' title="bbox 2075 1609 3638 1682">
     <span class='ocr_line' id='line_1_44' title="bbox 2075 1609 3638 1682; baseline 0.003 -20"><span class='ocrx_word' id='word_1_365' title='bbox 2075 1609 2356 1663; x_wconf 87' lang='lat' dir='ltr'><strong>beatorum</strong></span> <span class='ocrx_word' id='word_1_366' title='bbox 2411 1611 2622 1666; x_wconf 88' lang='lat' dir='ltr'><strong>animas</strong></span> <span class='ocrx_word' id='word_1_367' title='bbox 2670 1612 2910 1665; x_wconf 92' lang='lat' dir='ltr'><strong>divinum</strong></span> <span class='ocrx_word' id='word_1_368' title='bbox 2945 1609 3379 1680; x_wconf 63' lang='lat' dir='ltr'><strong>prmithrbum,</strong></span> <span class='ocrx_word' id='word_1_369' title='bbox 3413 1613 3638 1682; x_wconf 88' lang='lat' dir='ltr'><strong>partici-</strong></span> 
     </span>
    </p>
   </div>
   <div class='ocr_carea' id='block_1_45' title="bbox 2075 1703 3642 1774">
    <p class='ocr_par' dir='ltr' id='par_1_45' title="bbox 2075 1703 3642 1774">
     <span class='ocr_line' id='line_1_45' title="bbox 2075 1703 3642 1774; baseline 0.003 -20"><span class='ocrx_word' id='word_1_370' title='bbox 2075 1717 2170 1770; x_wconf 89' lang='lat' dir='ltr'><strong>pes</strong></span> <span class='ocrx_word' id='word_1_371' title='bbox 2191 1718 2286 1756; x_wconf 91' lang='lat' dir='ltr'><strong>eos</strong></span> <span class='ocrx_word' id='word_1_372' title='bbox 2314 1704 2546 1773; x_wconf 71' lang='lat' dir='ltr'><strong>propria:</strong></span> <span class='ocrx_word' id='word_1_373' title='bbox 2585 1704 2770 1774; x_wconf 70' lang='lat' dir='ltr'><strong>gloriae</strong></span> <span class='ocrx_word' id='word_1_374' title='bbox 2797 1703 3053 1766; x_wconf 80' lang='lat' dir='ltr'><strong>eﬁiciens,</strong></span> <span class='ocrx_word' id='word_1_375' title='bbox 3081 1705 3175 1760; x_wconf 86' lang='lat' dir='ltr'><strong>sed</strong></span> <span class='ocrx_word' id='word_1_376' title='bbox 3212 1721 3318 1759; x_wconf 91' lang='lat' dir='ltr'><strong>non</strong></span> <span class='ocrx_word' id='word_1_377' title='bbox 3347 1704 3545 1759; x_wconf 88' lang='lat' dir='ltr'><strong>desinit</strong></span> <span class='ocrx_word' id='word_1_378' title='bbox 3573 1704 3642 1758; x_wconf 83' lang='lat' dir='ltr'><strong>ad</strong></span> 
     </span>
    </p>
   </div>
   <div class='ocr_carea' id='block_1_46' title="bbox 2075 1795 3642 1869">
    <p class='ocr_par' dir='ltr' id='par_1_46' title="bbox 2075 1795 3642 1869">
     <span class='ocr_line' id='line_1_46' title="bbox 2075 1795 3642 1869; baseline 0.002 -21"><span class='ocrx_word' id='word_1_379' title='bbox 2075 1795 2233 1850; x_wconf 90' lang='lat' dir='ltr'><strong>ﬁnem</strong></span> <span class='ocrx_word' id='word_1_380' title='bbox 2267 1797 2608 1852; x_wconf 86' lang='lat' dir='ltr'><strong>auctoritatis</strong></span> <span class='ocrx_word' id='word_1_381' title='bbox 2633 1806 2813 1868; x_wconf 90' lang='lat' dir='ltr'><strong>partes</strong></span> <span class='ocrx_word' id='word_1_382' title='bbox 2839 1799 2893 1851; x_wconf 91' lang='lat' dir='ltr'><strong>in</strong></span> <span class='ocrx_word' id='word_1_383' title='bbox 2919 1814 2976 1853; x_wconf 87' lang='lat' dir='ltr'><strong>se</strong></span> <span class='ocrx_word' id='word_1_384' title='bbox 3008 1799 3307 1869; x_wconf 84' lang='lat' dir='ltr'><strong>suscipere,</strong></span> <span class='ocrx_word' id='word_1_385' title='bbox 3343 1806 3642 1869; x_wconf 64' lang='lat' dir='ltr'><strong>praeparato</strong></span> 
     </span>
    </p>
   </div>
   <div class='ocr_carea' id='block_1_47' title="bbox 2077 1885 3642 1959">
    <p class='ocr_par' dir='ltr' id='par_1_47' title="bbox 2077 1885 3642 1959">
     <span class='ocr_line' id='line_1_47' title="bbox 2077 1885 3642 1959; baseline 0.002 -21"><span class='ocrx_word' id='word_1_386' title='bbox 2077 1893 2254 1940; x_wconf 80' lang='lat' dir='ltr'><strong>autem</strong></span> <span class='ocrx_word' id='word_1_387' title='bbox 2304 1901 2367 1940; x_wconf 91' lang='lat' dir='ltr'><strong>ac</strong></span> <span class='ocrx_word' id='word_1_388' title='bbox 2391 1885 2657 1956; x_wconf 89' lang='lat' dir='ltr'><strong>disposito</strong></span> <span class='ocrx_word' id='word_1_389' title='bbox 2683 1887 3016 1952; x_wconf 84' lang='lat' dir='ltr'><strong>habitaculo,</strong></span> <span class='ocrx_word' id='word_1_390' title='bbox 3054 1889 3286 1944; x_wconf 82' lang='lat' dir='ltr'><strong>discedit</strong></span> <span class='ocrx_word' id='word_1_391' title='bbox 3333 1899 3384 1944; x_wconf 90' lang='lat' dir='ltr'><strong>et</strong></span> <span class='ocrx_word' id='word_1_392' title='bbox 3417 1904 3642 1959; x_wconf 81' lang='lat' dir='ltr'><strong>regnum</strong></span> 
     </span>
    </p>
   </div>
   <div class='ocr_carea' id='block_1_48' title="bbox 2078 1975 3644 2049">
    <p class='ocr_par' dir='ltr' id='par_1_48' title="bbox 2078 1975 3644 2049">
     <span class='ocr_line' id='line_1_48' title="bbox 2078 1975 3644 2049; baseline 0.005 -21"><span class='ocrx_word' id='word_1_393' title='bbox 2078 1975 2187 2032; x_wconf 90' lang='lat' dir='ltr'><strong>Deo</strong></span> <span class='ocrx_word' id='word_1_394' title='bbox 2221 1985 2274 2031; x_wconf 88' lang='lat' dir='ltr'><strong>et</strong></span> <span class='ocrx_word' id='word_1_395' title='bbox 2313 1975 2460 2031; x_wconf 89' lang='lat' dir='ltr'><strong>Patri</strong></span> <span class='ocrx_word' id='word_1_396' title='bbox 2484 1978 2765 2033; x_wconf 80' lang='lat' dir='ltr'><strong>transfert.</strong></span> <span class='ocrx_word' id='word_1_397' title='bbox 2801 1976 2956 2044; x_wconf 88' lang='lat' dir='ltr'><strong>Quod</strong></span> <span class='ocrx_word' id='word_1_398' title='bbox 2995 1993 3048 2034; x_wconf 81' lang='lat' dir='ltr'><strong>et</strong></span> <span class='ocrx_word' id='word_1_399' title='bbox 3082 1979 3198 2049; x_wconf 84' lang='lat' dir='ltr'><strong>ipse</strong></span> <span class='ocrx_word' id='word_1_400' title='bbox 3227 1981 3518 2038; x_wconf 89' lang='lat' dir='ltr'><strong>conﬁtetur</strong></span> <span class='ocrx_word' id='word_1_401' title='bbox 3560 1982 3644 2036; x_wconf 81' lang='lat' dir='ltr'><strong>di-</strong></span> 
     </span>
    </p>
   </div>
   <div class='ocr_carea' id='block_1_49' title="bbox 2076 2070 3644 2141">
    <p class='ocr_par' dir='ltr' id='par_1_49' title="bbox 2076 2070 3644 2141">
     <span class='ocr_line' id='line_1_49' title="bbox 2076 2070 3644 2141; baseline 0.003 -16"><span class='ocrx_word' id='word_1_402' title='bbox 2076 2086 2208 2126; x_wconf 88' lang='lat' dir='ltr'><strong>cens</strong></span> <span class='ocrx_word' id='word_1_403' title='bbox 2243 2089 2256 2126; x_wconf 87' lang='lat'>:</span> <span class='ocrx_word' id='word_1_404' title='bbox 2313 2089 2332 2122; x_wconf 78' lang='grc' dir='ltr'><strong>ι</strong></span> <span class='ocrx_word' id='word_1_405' title='bbox 2375 2070 2487 2141; x_wconf 81' lang='lat' dir='ltr'><strong>Ego</strong></span> <span class='ocrx_word' id='word_1_406' title='bbox 2517 2072 2815 2141; x_wconf 75' lang='lat' dir='ltr'><strong>praecedam</strong></span> <span class='ocrx_word' id='word_1_407' title='bbox 2846 2079 2900 2127; x_wconf 95' lang='lat' dir='ltr'><strong>te</strong></span> <span class='ocrx_word' id='word_1_408' title='bbox 2937 2071 3107 2141; x_wconf 85' lang='lat' dir='ltr'><strong>gloria</strong></span> <span class='ocrx_word' id='word_1_409' title='bbox 3155 2087 3295 2135; x_wconf 86' lang='lat' dir='ltr'><strong>mea,</strong></span> <span class='ocrx_word' id='word_1_410' title='bbox 3342 2081 3396 2127; x_wconf 90' lang='lat' dir='ltr'><strong>et</strong></span> <span class='ocrx_word' id='word_1_411' title='bbox 3441 2075 3644 2130; x_wconf 80' lang='lat' dir='ltr'><strong>vocabo</strong></span> 
     </span>
    </p>
   </div>
   <div class='ocr_carea' id='block_1_50' title="bbox 2077 2161 3646 2232">
    <p class='ocr_par' dir='ltr' id='par_1_50' title="bbox 2077 2161 3646 2232">
     <span class='ocr_line' id='line_1_50' title="bbox 2077 2161 3646 2232; baseline 0.003 -16"><span class='ocrx_word' id='word_1_412' title='bbox 2077 2162 2132 2216; x_wconf 90' lang='lat' dir='ltr'><strong>in</strong></span> <span class='ocrx_word' id='word_1_413' title='bbox 2167 2163 2385 2216; x_wconf 89' lang='lat' dir='ltr'><strong>nomine</strong></span> <span class='ocrx_word' id='word_1_414' title='bbox 2415 2161 2650 2217; x_wconf 88' lang='lat' dir='ltr'><strong>Domini.</strong></span> <span class='ocrx_word' id='word_1_415' title='bbox 2697 2183 2715 2214; x_wconf 72' lang='grc' dir='ltr'><strong>ι</strong></span> <span class='ocrx_word' id='word_1_416' title='bbox 2750 2161 2904 2216; x_wconf 83' lang='lat' dir='ltr'><strong>Nunc</strong></span> <span class='ocrx_word' id='word_1_417' title='bbox 2941 2163 3158 2232; x_wconf 90' lang='lat' dir='ltr'><strong>quidem</strong></span> <span class='ocrx_word' id='word_1_418' title='bbox 3202 2164 3367 2217; x_wconf 88' lang='lat' dir='ltr'><strong>verbo</strong></span> <span class='ocrx_word' id='word_1_419' title='bbox 3398 2165 3528 2219; x_wconf 89' lang='lat' dir='ltr'><strong>illud</strong></span> <span class='ocrx_word' id='word_1_420' title='bbox 3563 2166 3646 2219; x_wconf 78' lang='lat' dir='ltr'><strong>fa-</strong></span> 
     </span>
    </p>
   </div>
   <div class='ocr_carea' id='block_1_51' title="bbox 2077 2255 3644 2326">
    <p class='ocr_par' dir='ltr' id='par_1_51' title="bbox 2077 2255 3644 2326">
     <span class='ocr_line' id='line_1_51' title="bbox 2077 2255 3644 2326; baseline 0.002 -19"><span class='ocrx_word' id='word_1_421' title='bbox 2077 2263 2294 2308; x_wconf 89' lang='lat' dir='ltr'><strong>cturum</strong></span> <span class='ocrx_word' id='word_1_422' title='bbox 2351 2269 2473 2310; x_wconf 87' lang='lat' dir='ltr'><strong>esse</strong></span> <span class='ocrx_word' id='word_1_423' title='bbox 2499 2255 2966 2325; x_wconf 88' lang='lat' dir='ltr'><strong>promittit;quod</strong></span> <span class='ocrx_word' id='word_1_424' title='bbox 3016 2270 3074 2310; x_wconf 90' lang='lat' dir='ltr'><strong>re</strong></span> <span class='ocrx_word' id='word_1_425' title='bbox 3118 2257 3347 2326; x_wconf 85' lang='lat' dir='ltr'><strong>peragit,</strong></span> <span class='ocrx_word' id='word_1_426' title='bbox 3373 2263 3431 2309; x_wconf 95' lang='lat' dir='ltr'><strong>ut</strong></span> <span class='ocrx_word' id='word_1_427' title='bbox 3458 2265 3644 2310; x_wconf 87' lang='lat' dir='ltr'><strong>osten-</strong></span> 
     </span>
    </p>
   </div>
   <div class='ocr_carea' id='block_1_52' title="bbox 2079 2346 3642 2418">
    <p class='ocr_par' dir='ltr' id='par_1_52' title="bbox 2079 2346 3642 2418">
     <span class='ocr_line' id='line_1_52' title="bbox 2079 2346 3642 2418; baseline 0.002 -18"><span class='ocrx_word' id='word_1_428' title='bbox 2079 2346 2217 2401; x_wconf 90' lang='lat' dir='ltr'><strong>dunt</strong></span> <span class='ocrx_word' id='word_1_429' title='bbox 2254 2363 2376 2418; x_wconf 73' lang='lat' dir='ltr'><strong>quae</strong></span> <span class='ocrx_word' id='word_1_430' title='bbox 2398 2356 2702 2418; x_wconf 86' lang='lat' dir='ltr'><strong>sequuntur</strong></span> <span class='ocrx_word' id='word_1_431' title='bbox 2736 2366 2748 2402; x_wconf 90' lang='lat'>:</span> <span class='ocrx_word' id='word_1_432' title='bbox 2788 2366 2805 2398; x_wconf 78' lang='grc' dir='ltr'><strong>ι</strong></span> <span class='ocrx_word' id='word_1_433' title='bbox 2845 2348 3092 2418; x_wconf 79' lang='lat' dir='ltr'><strong>Cumque</strong></span> <span class='ocrx_word' id='word_1_434' title='bbox 3132 2350 3506 2406; x_wconf 85' lang='lat' dir='ltr'><strong>descendisset</strong></span> <span class='ocrx_word' id='word_1_435' title='bbox 3538 2350 3642 2404; x_wconf 78' lang='lat' dir='ltr'><strong>Do—</strong></span> 
     </span>
    </p>
   </div>
   <div class='ocr_carea' id='block_1_53' title="bbox 2078 2438 3643 2511">
    <p class='ocr_par' dir='ltr' id='par_1_53' title="bbox 2078 2438 3643 2511">
     <span class='ocr_line' id='line_1_53' title="bbox 2078 2438 3643 2511; baseline 0.004 -20"><span class='ocrx_word' id='word_1_436' title='bbox 2078 2439 2261 2492; x_wconf 89' lang='lat' dir='ltr'><strong>minus</strong></span> <span class='ocrx_word' id='word_1_437' title='bbox 2300 2453 2398 2506; x_wconf 89' lang='lat' dir='ltr'><strong>per</strong></span> <span class='ocrx_word' id='word_1_438' title='bbox 2429 2439 2648 2502; x_wconf 91' lang='lat' dir='ltr'><strong>nubem,</strong></span> <span class='ocrx_word' id='word_1_439' title='bbox 2678 2439 2828 2492; x_wconf 84' lang='lat' dir='ltr'><strong>stetit</strong></span> <span class='ocrx_word' id='word_1_440' title='bbox 2860 2438 3072 2511; x_wconf 86' lang='lat' dir='ltr'><strong>Moyses</strong></span> <span class='ocrx_word' id='word_1_441' title='bbox 3102 2453 3226 2492; x_wconf 89' lang='lat' dir='ltr'><strong>cum</strong></span> <span class='ocrx_word' id='word_1_442' title='bbox 3265 2455 3349 2506; x_wconf 91' lang='lat' dir='ltr'><strong>eo,</strong></span> <span class='ocrx_word' id='word_1_443' title='bbox 3381 2441 3643 2497; x_wconf 86' lang='lat' dir='ltr'><strong>invocans</strong></span> 
     </span>
    </p>
   </div>
   <div class='ocr_carea' id='block_1_54' title="bbox 2079 2527 3642 2584">
    <p class='ocr_par' dir='ltr' id='par_1_54' title="bbox 2079 2527 3642 2584">
     <span class='ocr_line' id='line_1_54' title="bbox 2079 2527 3642 2584; baseline 0.002 -3"><span class='ocrx_word' id='word_1_444' title='bbox 2079 2542 2274 2584; x_wconf 87' lang='lat' dir='ltr'><strong>nomen</strong></span> <span class='ocrx_word' id='word_1_445' title='bbox 2308 2527 2540 2583; x_wconf 89' lang='lat' dir='ltr'><strong>Domini.</strong></span> <span class='ocrx_word' id='word_1_446' title='bbox 2584 2528 2650 2582; x_wconf 85' lang='lat' dir='ltr'><strong>Et</strong></span> <span class='ocrx_word' id='word_1_447' title='bbox 2695 2530 2912 2584; x_wconf 87' lang='lat' dir='ltr'><strong>transiit</strong></span> <span class='ocrx_word' id='word_1_448' title='bbox 2963 2528 3225 2583; x_wconf 88' lang='lat' dir='ltr'><strong>Dominus</strong></span> <span class='ocrx_word' id='word_1_449' title='bbox 3277 2537 3400 2584; x_wconf 83' lang='lat' dir='ltr'><strong>ante</strong></span> <span class='ocrx_word' id='word_1_450' title='bbox 3449 2529 3642 2584; x_wconf 81' lang='lat' dir='ltr'><strong>faciem</strong></span> 
     </span>
    </p>
   </div>
   <div class='ocr_carea' id='block_1_55' title="bbox 2077 2617 3642 2688">
    <p class='ocr_par' dir='ltr' id='par_1_55' title="bbox 2077 2617 3642 2688">
     <span class='ocr_line' id='line_1_55' title="bbox 2077 2617 3642 2688; baseline 0.003 -18"><span class='ocrx_word' id='word_1_451' title='bbox 2077 2617 2218 2686; x_wconf 86' lang='lat' dir='ltr'><strong>ejus,</strong></span> <span class='ocrx_word' id='word_1_452' title='bbox 2251 2620 2570 2688; x_wconf 87' lang='lat' dir='ltr'><strong>vocavitque</strong></span> <span class='ocrx_word' id='word_1_453' title='bbox 2601 2637 2613 2673; x_wconf 88' lang='lat'>:</span> <span class='ocrx_word' id='word_1_454' title='bbox 2659 2618 2978 2674; x_wconf 88' lang='lat' dir='ltr'><strong>Dominator</strong></span> <span class='ocrx_word' id='word_1_455' title='bbox 3011 2617 3239 2673; x_wconf 89' lang='lat' dir='ltr'><strong>Domine</strong></span> <span class='ocrx_word' id='word_1_456' title='bbox 3279 2618 3443 2684; x_wconf 84' lang='lat' dir='ltr'><strong>Deus,</strong></span> <span class='ocrx_word' id='word_1_457' title='bbox 3478 2621 3642 2674; x_wconf 85' lang='lat' dir='ltr'><strong>mise-</strong></span> 
     </span>
    </p>
   </div>
   <div class='ocr_carea' id='block_1_56' title="bbox 2079 2710 3644 2782">
    <p class='ocr_par' dir='ltr' id='par_1_56' title="bbox 2079 2710 3644 2782">
     <span class='ocr_line' id='line_1_56' title="bbox 2079 2710 3644 2782; baseline 0.003 -19"><span class='ocrx_word' id='word_1_458' title='bbox 2079 2710 2253 2764; x_wconf 77' lang='lat' dir='ltr'><strong>ricors</strong></span> <span class='ocrx_word' id='word_1_459' title='bbox 2304 2719 2358 2765; x_wconf 89' lang='lat' dir='ltr'><strong>et</strong></span> <span class='ocrx_word' id='word_1_460' title='bbox 2388 2711 2650 2777; x_wconf 90' lang='lat' dir='ltr'><strong>clemens,</strong></span> <span class='ocrx_word' id='word_1_461' title='bbox 2685 2720 2739 2766; x_wconf 92' lang='lat' dir='ltr'><strong>et</strong></span> <span class='ocrx_word' id='word_1_462' title='bbox 2773 2713 3006 2782; x_wconf 89' lang='lat' dir='ltr'><strong>patiens,</strong></span> <span class='ocrx_word' id='word_1_463' title='bbox 3033 2719 3089 2766; x_wconf 90' lang='lat' dir='ltr'><strong>et</strong></span> <span class='ocrx_word' id='word_1_464' title='bbox 3125 2711 3307 2766; x_wconf 80' lang='lat' dir='ltr'><strong>multae</strong></span> <span class='ocrx_word' id='word_1_465' title='bbox 3340 2712 3644 2767; x_wconf 86' lang='lat' dir='ltr'><strong>miseratio-</strong></span> 
     </span>
    </p>
   </div>
   <div class='ocr_carea' id='block_1_57' title="bbox 2078 2802 3643 2872">
    <p class='ocr_par' dir='ltr' id='par_1_57' title="bbox 2078 2802 3643 2872">
     <span class='ocr_line' id='line_1_57' title="bbox 2078 2802 3643 2872; baseline 0.001 -18"><span class='ocrx_word' id='word_1_466' title='bbox 2078 2802 2182 2866; x_wconf 90' lang='lat' dir='ltr'><strong>nis,</strong></span> <span class='ocrx_word' id='word_1_467' title='bbox 2215 2816 2278 2855; x_wconf 90' lang='lat' dir='ltr'><strong>ac</strong></span> <span class='ocrx_word' id='word_1_468' title='bbox 2314 2817 2496 2864; x_wconf 78' lang='lat' dir='ltr'><strong>verax,</strong></span> <span class='ocrx_word' id='word_1_469' title='bbox 2527 2803 2620 2872; x_wconf 91' lang='lat' dir='ltr'><strong>qui</strong></span> <span class='ocrx_word' id='word_1_470' title='bbox 2655 2803 2900 2858; x_wconf 89' lang='lat' dir='ltr'><strong>custodis</strong></span> <span class='ocrx_word' id='word_1_471' title='bbox 2947 2803 3378 2858; x_wconf 86' lang='lat' dir='ltr'><strong>misericordiam</strong></span> <span class='ocrx_word' id='word_1_472' title='bbox 3418 2804 3473 2857; x_wconf 91' lang='lat' dir='ltr'><strong>in</strong></span> <span class='ocrx_word' id='word_1_473' title='bbox 3515 2803 3643 2856; x_wconf 86' lang='lat' dir='ltr'><strong>mil-</strong></span> 
     </span>
    </p>
   </div>
   <div class='ocr_carea' id='block_1_58' title="bbox 2079 2893 3646 2965">
    <p class='ocr_par' dir='ltr' id='par_1_58' title="bbox 2079 2893 3646 2965">
     <span class='ocr_line' id='line_1_58' title="bbox 2079 2893 3646 2965; baseline 0 -18"><span class='ocrx_word' id='word_1_474' title='bbox 2079 2894 2170 2961; x_wconf 90' lang='lat' dir='ltr'><strong>lia,</strong></span> <span class='ocrx_word' id='word_1_475' title='bbox 2196 2895 2287 2964; x_wconf 90' lang='lat' dir='ltr'><strong>qui</strong></span> <span class='ocrx_word' id='word_1_476' title='bbox 2324 2893 2508 2950; x_wconf 81' lang='lat' dir='ltr'><strong>aufers</strong></span> <span class='ocrx_word' id='word_1_477' title='bbox 2541 2895 2884 2964; x_wconf 88' lang='lat' dir='ltr'><strong>iniquitatem</strong></span> <span class='ocrx_word' id='word_1_478' title='bbox 2923 2905 2978 2951; x_wconf 87' lang='lat' dir='ltr'><strong>et</strong></span> <span class='ocrx_word' id='word_1_479' title='bbox 3008 2896 3236 2959; x_wconf 88' lang='lat' dir='ltr'><strong>scelera,</strong></span> <span class='ocrx_word' id='word_1_480' title='bbox 3268 2904 3430 2965; x_wconf 87' lang='lat' dir='ltr'><strong>atque</strong></span> <span class='ocrx_word' id='word_1_481' title='bbox 3454 2910 3646 2965; x_wconf 84' lang='lat' dir='ltr'><strong>pecca-</strong></span> 
     </span>
    </p>
   </div>
   <div class='ocr_carea' id='block_1_59' title="bbox 2078 2985 3646 3058">
    <p class='ocr_par' dir='ltr' id='par_1_59' title="bbox 2078 2985 3646 3058">
     <span class='ocr_line' id='line_1_59' title="bbox 2078 2985 3646 3058; baseline 0.001 -17"><span class='ocrx_word' id='word_1_482' title='bbox 2078 2996 2153 3051; x_wconf 89' lang='lat' dir='ltr'><strong>ta,</strong></span> <span class='ocrx_word' id='word_1_483' title='bbox 2195 2987 2488 3057; x_wconf 77' lang='lat' dir='ltr'><strong>nullusque</strong></span> <span class='ocrx_word' id='word_1_484' title='bbox 2518 2987 2661 3058; x_wconf 86' lang='lat' dir='ltr'><strong>apud</strong></span> <span class='ocrx_word' id='word_1_485' title='bbox 2697 2994 2748 3042; x_wconf 90' lang='lat' dir='ltr'><strong>te</strong></span> <span class='ocrx_word' id='word_1_486' title='bbox 2779 3003 2877 3058; x_wconf 90' lang='lat' dir='ltr'><strong>per</strong></span> <span class='ocrx_word' id='word_1_487' title='bbox 2906 3003 2964 3042; x_wconf 90' lang='lat' dir='ltr'><strong>se</strong></span> <span class='ocrx_word' id='word_1_488' title='bbox 2988 2988 3252 3042; x_wconf 91' lang='lat' dir='ltr'><strong>innocens</strong></span> <span class='ocrx_word' id='word_1_489' title='bbox 3273 2995 3375 3041; x_wconf 92' lang='lat' dir='ltr'><strong>est.</strong></span> <span class='ocrx_word' id='word_1_490' title='bbox 3395 2985 3497 3052; x_wconf 85' lang='lat' dir='ltr'><strong>Qui</strong></span> <span class='ocrx_word' id='word_1_491' title='bbox 3523 2986 3646 3041; x_wconf 88' lang='lat' dir='ltr'><strong>red--</strong></span> 
     </span>
    </p>
   </div>
   <div class='ocr_carea' id='block_1_60' title="bbox 2078 3080 3644 3152">
    <p class='ocr_par' dir='ltr' id='par_1_60' title="bbox 2078 3080 3644 3152">
     <span class='ocr_line' id='line_1_60' title="bbox 2078 3080 3644 3152; baseline -0.002 -17"><span class='ocrx_word' id='word_1_492' title='bbox 2078 3081 2164 3136; x_wconf 90' lang='lat' dir='ltr'><strong>dis</strong></span> <span class='ocrx_word' id='word_1_493' title='bbox 2186 3081 2526 3152; x_wconf 84' lang='lat' dir='ltr'><strong>iniquitatem</strong></span> <span class='ocrx_word' id='word_1_494' title='bbox 2569 3089 2786 3151; x_wconf 84' lang='lat' dir='ltr'><strong>patrum</strong></span> <span class='ocrx_word' id='word_1_495' title='bbox 2831 3081 2978 3144; x_wconf 84' lang='lat' dir='ltr'><strong>ﬁliis,</strong></span> <span class='ocrx_word' id='word_1_496' title='bbox 3007 3096 3070 3135; x_wconf 91' lang='lat' dir='ltr'><strong>ac</strong></span> <span class='ocrx_word' id='word_1_497' title='bbox 3129 3081 3416 3149; x_wconf 87' lang='lat' dir='ltr'><strong>nepotibus</strong></span> <span class='ocrx_word' id='word_1_498' title='bbox 3449 3080 3502 3133; x_wconf 93' lang='lat' dir='ltr'><strong>in</strong></span> <span class='ocrx_word' id='word_1_499' title='bbox 3525 3088 3644 3140; x_wconf 75' lang='lat' dir='ltr'><strong>ter-</strong></span> 
     </span>
    </p>
   </div>
   <div class='ocr_carea' id='block_1_61' title="bbox 391 3163 1973 3244">
    <p class='ocr_par' dir='ltr' id='par_1_61' title="bbox 391 3163 1973 3242">
     <span class='ocr_line' id='line_1_61' title="bbox 391 3163 1973 3242; baseline -0.006 -16"><span class='ocrx_word' id='word_1_500' title='bbox 391 3173 492 3226; x_wconf 70' lang='grc' dir='ltr'><strong>καὶ</strong></span> <span class='ocrx_word' id='word_1_501' title='bbox 518 3171 784 3242; x_wconf 77' lang='grc' dir='ltr'>ἐλεήμων,</span> <span class='ocrx_word' id='word_1_502' title='bbox 817 3170 875 3240; x_wconf 80' lang='grc' dir='ltr'>(ί.</span> <span class='ocrx_word' id='word_1_503' title='bbox 910 3169 997 3236; x_wconf 66' lang='grc'><strong>12)</strong></span> <span class='ocrx_word' id='word_1_504' title='bbox 1033 3167 1401 3240; x_wconf 86' lang='grc' dir='ltr'>μακρόθυμος,</span> <span class='ocrx_word' id='word_1_505' title='bbox 1438 3165 1533 3219; x_wconf 70' lang='grc' dir='ltr'><strong>καὶ</strong></span> <span class='ocrx_word' id='word_1_506' title='bbox 1558 3163 1860 3228; x_wconf 88' lang='grc' dir='ltr'>πολυέλεος,</span> <span class='ocrx_word' id='word_1_507' title='bbox 1883 3163 1973 3218; x_wconf 70' lang='grc' dir='ltr'><strong>καὶ</strong></span> 
     </span>
    </p>
   </div>
   <div class='ocr_carea' id='block_1_62' title="bbox 2077 3163 3649 3244">
    <p class='ocr_par' dir='ltr' id='par_1_62' title="bbox 2079 3171 3649 3244">
     <span class='ocr_line' id='line_1_62' title="bbox 2079 3171 3649 3244; baseline -0.001 -15"><span class='ocrx_word' id='word_1_508' title='bbox 2079 3177 2209 3230; x_wconf 88' lang='lat' dir='ltr'><strong>tiam</strong></span> <span class='ocrx_word' id='word_1_509' title='bbox 2231 3181 2284 3228; x_wconf 92' lang='lat' dir='ltr'><strong>et</strong></span> <span class='ocrx_word' id='word_1_510' title='bbox 2315 3182 2564 3244; x_wconf 86' lang='lat' dir='ltr'><strong>quartam</strong></span> <span class='ocrx_word' id='word_1_511' title='bbox 2598 3174 3027 3244; x_wconf 68' lang='lat' dir='ltr'><strong>progeniem“‘.</strong></span> <span class='ocrx_word' id='word_1_512' title='bbox 3062 3192 3080 3224; x_wconf 73' lang='grc' dir='ltr'><strong>ι</strong></span> <span class='ocrx_word' id='word_1_513' title='bbox 3115 3172 3240 3227; x_wconf 72' lang='lat' dir='ltr'><strong>Haec</strong></span> <span class='ocrx_word' id='word_1_514' title='bbox 3267 3174 3409 3232; x_wconf 86' lang='lat' dir='ltr'><strong>enim</strong></span> <span class='ocrx_word' id='word_1_515' title='bbox 3436 3173 3549 3243; x_wconf 87' lang='lat' dir='ltr'><strong>ipse</strong></span> <span class='ocrx_word' id='word_1_516' title='bbox 3571 3171 3649 3228; x_wconf 75' lang='lat' dir='ltr'><strong>di-</strong></span> 
     </span>
    </p>
   </div>
   <div class='ocr_carea' id='block_1_63' title="bbox 384 3257 1976 3334">
    <p class='ocr_par' dir='ltr' id='par_1_63' title="bbox 384 3257 1976 3334">
     <span class='ocr_line' id='line_1_63' title="bbox 384 3257 1976 3334; baseline -0.005 -18"><span class='ocrx_word' id='word_1_517' title='bbox 384 3263 665 3334; x_wconf 77' lang='grc' dir='ltr'>ἀληθινὸς,</span> <span class='ocrx_word' id='word_1_518' title='bbox 697 3263 788 3315; x_wconf 77' lang='grc' dir='ltr'><strong>καὶ</strong></span> <span class='ocrx_word' id='word_1_519' title='bbox 819 3261 1162 3332; x_wconf 87' lang='grc' dir='ltr'>δικαιοσύνην</span> <span class='ocrx_word' id='word_1_520' title='bbox 1193 3259 1484 3331; x_wconf 80' lang='grc' dir='ltr'>διατηρῶν,</span> <span class='ocrx_word' id='word_1_521' title='bbox 1517 3257 1684 3312; x_wconf 82' lang='grc' dir='ltr'>ποιῶν</span> <span class='ocrx_word' id='word_1_522' title='bbox 1719 3257 1865 3320; x_wconf 70' lang='grc' dir='ltr'>ἔλεος</span> <span class='ocrx_word' id='word_1_523' title='bbox 1897 3257 1976 3318; x_wconf 79' lang='grc' dir='ltr'>εις</span> 
     </span>
    </p>
   </div>
   <div class='ocr_carea' id='block_1_64' title="bbox 379 3348 1974 3426">
    <p class='ocr_par' dir='ltr' id='par_1_64' title="bbox 379 3348 1974 3426">
     <span class='ocr_line' id='line_1_64' title="bbox 379 3348 1974 3426; baseline -0.006 -18"><span class='ocrx_word' id='word_1_524' title='bbox 379 3355 660 3426; x_wconf 74' lang='grc' dir='ltr'>χιλιάδας,</span> <span class='ocrx_word' id='word_1_525' title='bbox 688 3353 936 3425; x_wconf 73' lang='grc' dir='ltr'>ἀφαιρῶν</span> <span class='ocrx_word' id='word_1_526' title='bbox 980 3352 1228 3422; x_wconf 84' lang='grc' dir='ltr'>ἀνομίας,</span> <span class='ocrx_word' id='word_1_527' title='bbox 1265 3353 1359 3404; x_wconf 76' lang='grc' dir='ltr'><strong>καὶ</strong></span> <span class='ocrx_word' id='word_1_528' title='bbox 1397 3349 1628 3413; x_wconf 83' lang='grc' dir='ltr'>ἀδικίας,</span> <span class='ocrx_word' id='word_1_529' title='bbox 1664 3348 1758 3402; x_wconf 71' lang='grc' dir='ltr'><strong>καὶ</strong></span> <span class='ocrx_word' id='word_1_530' title='bbox 1792 3349 1974 3417; x_wconf 85' lang='grc' dir='ltr'>ἀμαρ-</span> 
     </span>
    </p>
   </div>
   <div class='ocr_carea' id='block_1_65' title="bbox 381 3441 1975 3515">
    <p class='ocr_par' dir='ltr' id='par_1_65' title="bbox 381 3441 1975 3515">
     <span class='ocr_line' id='line_1_65' title="bbox 381 3441 1975 3515; baseline -0.006 -15"><span class='ocrx_word' id='word_1_531' title='bbox 381 3449 534 3509; x_wconf 71' lang='grc' dir='ltr'>τίας,</span> <span class='ocrx_word' id='word_1_532' title='bbox 569 3446 663 3498; x_wconf 77' lang='grc' dir='ltr'><strong>καὶ</strong></span> <span class='ocrx_word' id='word_1_533' title='bbox 707 3447 798 3498; x_wconf 85' lang='grc' dir='ltr'><strong>τὸν</strong></span> <span class='ocrx_word' id='word_1_534' title='bbox 834 3444 1014 3515; x_wconf 78' lang='grc' dir='ltr'>ἔνοχον</span> <span class='ocrx_word' id='word_1_535' title='bbox 1059 3444 1120 3496; x_wconf 82' lang='grc' dir='ltr'><strong>ού</strong></span> <span class='ocrx_word' id='word_1_536' title='bbox 1167 3441 1446 3514; x_wconf 82' lang='grc' dir='ltr'>καθαριεῖ·</span> <span class='ocrx_word' id='word_1_537' title='bbox 1479 3441 1700 3509; x_wconf 75' lang='grc' dir='ltr'>ἐπάγων</span> <span class='ocrx_word' id='word_1_538' title='bbox 1745 3441 1975 3509; x_wconf 81' lang='grc' dir='ltr'>ἀνομίας</span> 
     </span>
    </p>
   </div>
   <div class='ocr_carea' id='block_1_66' title="bbox 391 3529 1975 3609">
    <p class='ocr_par' dir='ltr' id='par_1_66' title="bbox 391 3529 1975 3609">
     <span class='ocr_line' id='line_1_66' title="bbox 391 3529 1975 3609; baseline -0.006 -17"><span class='ocrx_word' id='word_1_539' title='bbox 391 3538 622 3609; x_wconf 82' lang='grc' dir='ltr'>πατρῶν</span> <span class='ocrx_word' id='word_1_540' title='bbox 651 3539 742 3591; x_wconf 71' lang='grc' dir='ltr'>ἐπὶ</span> <span class='ocrx_word' id='word_1_541' title='bbox 767 3537 953 3599; x_wconf 83' lang='grc' dir='ltr'>τέκνα,</span> <span class='ocrx_word' id='word_1_542' title='bbox 982 3535 1078 3588; x_wconf 62' lang='grc' dir='ltr'><strong>καλ¹</strong></span> <span class='ocrx_word' id='word_1_543' title='bbox 1114 3535 1206 3586; x_wconf 74' lang='grc' dir='ltr'><strong>ἐπὶ</strong></span> <span class='ocrx_word' id='word_1_544' title='bbox 1238 3533 1402 3586; x_wconf 88' lang='grc' dir='ltr'>τέκνα</span> <span class='ocrx_word' id='word_1_545' title='bbox 1431 3533 1636 3585; x_wconf 84' lang='grc' dir='ltr'>τέκνων</span> <span class='ocrx_word' id='word_1_546' title='bbox 1666 3531 1759 3584; x_wconf 77' lang='grc' dir='ltr'>ἐπὶ</span> <span class='ocrx_word' id='word_1_547' title='bbox 1785 3529 1975 3601; x_wconf 83' lang='grc' dir='ltr'>τρίτην</span> 
     </span>
    </p>
   </div>
   <div class='ocr_carea' id='block_1_67' title="bbox 393 3623 1976 3701">
    <p class='ocr_par' dir='ltr' id='par_1_67' title="bbox 393 3623 1976 3701">
     <span class='ocr_line' id='line_1_67' title="bbox 393 3623 1976 3701; baseline -0.006 -17"><span class='ocrx_word' id='word_1_548' title='bbox 393 3632 490 3685; x_wconf 71' lang='grc' dir='ltr'><strong>καὶ</strong></span> <span class='ocrx_word' id='word_1_549' title='bbox 526 3631 790 3701; x_wconf 83' lang='grc' dir='ltr'>τετάρτην</span> <span class='ocrx_word' id='word_1_550' title='bbox 818 3627 1030 3698; x_wconf 88' lang='grc' dir='ltr'>γενεάν.</span> <span class='ocrx_word' id='word_1_551' title='bbox 1063 3645 1082 3676; x_wconf 71' lang='grc' dir='ltr'><strong>ι</strong></span> <span class='ocrx_word' id='word_1_552' title='bbox 1112 3625 1296 3679; x_wconf 82' lang='grc' dir='ltr'>Ταῦτα</span> <span class='ocrx_word' id='word_1_553' title='bbox 1322 3625 1430 3695; x_wconf 87' lang='grc' dir='ltr'>γὰρ</span> <span class='ocrx_word' id='word_1_554' title='bbox 1451 3623 1614 3686; x_wconf 81' lang='grc' dir='ltr'>αὑτός</span> <span class='ocrx_word' id='word_1_555' title='bbox 1644 3639 1776 3694; x_wconf 82' lang='grc' dir='ltr'>φησι</span> <span class='ocrx_word' id='word_1_556' title='bbox 1805 3637 1976 3676; x_wconf 83' lang='grc' dir='ltr'>κατα-</span> 
     </span>
    </p>
   </div>
   <div class='ocr_carea' id='block_1_68' title="bbox 400 3713 1974 3792">
    <p class='ocr_par' dir='ltr' id='par_1_68' title="bbox 400 3713 1974 3792">
     <span class='ocr_line' id='line_1_68' title="bbox 400 3713 1974 3792; baseline -0.006 -17"><span class='ocrx_word' id='word_1_557' title='bbox 400 3725 503 3786; x_wconf 77' lang='grc' dir='ltr'><strong>δάς</strong></span> <span class='ocrx_word' id='word_1_558' title='bbox 528 3724 586 3775; x_wconf 85' lang='grc' dir='ltr'><strong>ὲν</strong></span> <span class='ocrx_word' id='word_1_559' title='bbox 615 3721 809 3792; x_wconf 77' lang='grc' dir='ltr'>νεφέλῃ</span> <span class='ocrx_word' id='word_1_560' title='bbox 833 3722 928 3773; x_wconf 61' lang='grc' dir='ltr'><strong>κα)⁹</strong></span> <span class='ocrx_word' id='word_1_561' title='bbox 944 3718 1227 3789; x_wconf 80' lang='grc' dir='ltr'>παραστὰς</span> <span class='ocrx_word' id='word_1_562' title='bbox 1254 3716 1332 3788; x_wconf 78' lang='grc' dir='ltr'><strong>τῷ</strong></span> <span class='ocrx_word' id='word_1_563' title='bbox 1347 3718 1571 3770; x_wconf 81' lang='grc' dir='ltr'>Μωῦσεῖ</span> <span class='ocrx_word' id='word_1_564' title='bbox 1590 3715 1619 3765; x_wconf 86' lang='grc' dir='ltr'><strong>ό</strong></span> <span class='ocrx_word' id='word_1_565' title='bbox 1645 3714 1733 3768; x_wconf 85' lang='grc' dir='ltr'>διὰ</span> <span class='ocrx_word' id='word_1_566' title='bbox 1759 3713 1852 3768; x_wconf 78' lang='grc' dir='ltr'>τοῦ</span> <span class='ocrx_word' id='word_1_567' title='bbox 1883 3729 1974 3766; x_wconf 83' lang='grc' dir='ltr'>τε·</span> 
     </span>
    </p>
   </div>
   <div class='ocr_carea' id='block_1_69' title="bbox 402 3805 1976 3886">
    <p class='ocr_par' dir='ltr' id='par_1_69' title="bbox 402 3805 1976 3886">
     <span class='ocr_line' id='line_1_69' title="bbox 402 3805 1976 3886; baseline -0.006 -19"><span class='ocrx_word' id='word_1_568' title='bbox 402 3813 769 3886; x_wconf 85' lang='grc' dir='ltr'>τραγράμμου</span> <span class='ocrx_word' id='word_1_569' title='bbox 811 3811 1136 3883; x_wconf 88' lang='grc' dir='ltr'>δηλούμενος</span> <span class='ocrx_word' id='word_1_570' title='bbox 1176 3809 1413 3880; x_wconf 85' lang='grc' dir='ltr'>Κύριος·</span> <span class='ocrx_word' id='word_1_571' title='bbox 1443 3808 1502 3871; x_wconf 84' lang='grc' dir='ltr'>ὃς</span> <span class='ocrx_word' id='word_1_572' title='bbox 1535 3806 1657 3860; x_wconf 82' lang='grc' dir='ltr'>καθ’</span> <span class='ocrx_word' id='word_1_573' title='bbox 1684 3807 1750 3877; x_wconf 85' lang='grc' dir='ltr'>ἢν</span> <span class='ocrx_word' id='word_1_574' title='bbox 1785 3805 1976 3858; x_wconf 81' lang='grc' dir='ltr'>πεποί-</span> 
     </span>
    </p>
   </div>
   <div class='ocr_carea' id='block_1_70' title="bbox 399 3897 1974 3977">
    <p class='ocr_par' dir='ltr' id='par_1_70' title="bbox 399 3897 1974 3977">
     <span class='ocr_line' id='line_1_70' title="bbox 399 3897 1974 3977; baseline -0.005 -18"><span class='ocrx_word' id='word_1_575' title='bbox 399 3925 525 3977; x_wconf 87' lang='grc' dir='ltr'>ηται</span> <span class='ocrx_word' id='word_1_576' title='bbox 562 3907 851 3977; x_wconf 85' lang='grc' dir='ltr'>ὑπόσχεσιν</span> <span class='ocrx_word' id='word_1_577' title='bbox 893 3903 1176 3974; x_wconf 88' lang='grc' dir='ltr'>παρελθὼν</span> <span class='ocrx_word' id='word_1_578' title='bbox 1209 3903 1314 3973; x_wconf 87' lang='grc' dir='ltr'><strong>πρὸ</strong></span> <span class='ocrx_word' id='word_1_579' title='bbox 1345 3899 1631 3974; x_wconf 78' lang='grc' dir='ltr'>προσώπου</span> <span class='ocrx_word' id='word_1_580' title='bbox 1667 3897 1852 3964; x_wconf 81' lang='grc' dir='ltr'>αὑτοῦ,</span> <span class='ocrx_word' id='word_1_581' title='bbox 1883 3899 1974 3952; x_wconf 79' lang='grc' dir='ltr'><strong>τὸν</strong></span> 
     </span>
    </p>
   </div>
   <div class='ocr_carea' id='block_1_71' title="bbox 396 3989 1975 4069">
    <p class='ocr_par' dir='ltr' id='par_1_71' title="bbox 396 3989 1975 4069">
     <span class='ocr_line' id='line_1_71' title="bbox 396 3989 1975 4069; baseline -0.006 -17"><span class='ocrx_word' id='word_1_582' title='bbox 396 4000 491 4052; x_wconf 77' lang='grc' dir='ltr'><strong>καὶ</strong></span> <span class='ocrx_word' id='word_1_583' title='bbox 523 3998 715 4052; x_wconf 77' lang='grc' dir='ltr'>ἑαυτοῦ</span> <span class='ocrx_word' id='word_1_584' title='bbox 751 3997 954 4069; x_wconf 84' lang='grc' dir='ltr'>Κύριον</span> <span class='ocrx_word' id='word_1_585' title='bbox 976 3997 1074 4050; x_wconf 72' lang='grc' dir='ltr'>καῖ</span> <span class='ocrx_word' id='word_1_586' title='bbox 1093 3995 1331 4065; x_wconf 85' lang='grc' dir='ltr'>Πατέρα,</span> <span class='ocrx_word' id='word_1_587' title='bbox 1359 3995 1451 4047; x_wconf 73' lang='grc' dir='ltr'><strong>τὸν</strong></span> <span class='ocrx_word' id='word_1_588' title='bbox 1480 3991 1694 4062; x_wconf 83' lang='grc' dir='ltr'>ἀληθῶς</span> <span class='ocrx_word' id='word_1_589' title='bbox 1721 3989 1975 4045; x_wconf 77' lang='grc' dir='ltr'>όνταΚύ-</span> 
     </span>
    </p>
   </div>
   <div class='ocr_carea' id='block_1_72' title="bbox 397 4082 1974 4165">
    <p class='ocr_par' dir='ltr' id='par_1_72' title="bbox 397 4082 1974 4165">
     <span class='ocr_line' id='line_1_72' title="bbox 397 4082 1974 4165; baseline -0.007 -19"><span class='ocrx_word' id='word_1_590' title='bbox 397 4108 513 4165; x_wconf 85' lang='grc' dir='ltr'>ριον</span> <span class='ocrx_word' id='word_1_591' title='bbox 545 4089 768 4163; x_wconf 86' lang='grc' dir='ltr'>Κύριον,</span> <span class='ocrx_word' id='word_1_592' title='bbox 790 4090 868 4153; x_wconf 75' lang='grc' dir='ltr'><strong>δὶς</strong></span> <span class='ocrx_word' id='word_1_593' title='bbox 892 4089 978 4143; x_wconf 89' lang='grc' dir='ltr'><strong>διά</strong></span> <span class='ocrx_word' id='word_1_594' title='bbox 1017 4088 1108 4141; x_wconf 86' lang='grc' dir='ltr'>τοῦ</span> <span class='ocrx_word' id='word_1_595' title='bbox 1142 4087 1566 4157; x_wconf 82' lang='grc' dir='ltr'>τετραγράμμου</span> <span class='ocrx_word' id='word_1_596' title='bbox 1605 4082 1974 4155; x_wconf 79' lang='grc' dir='ltr'>ἐμφερόμενον</span> 
     </span>
    </p>
   </div>
   <div class='ocr_carea' id='block_1_73' title="bbox 399 4174 1973 4250">
    <p class='ocr_par' dir='ltr' id='par_1_73' title="bbox 399 4174 1973 4250">
     <span class='ocr_line' id='line_1_73' title="bbox 399 4174 1973 4250; baseline -0.009 -12"><span class='ocrx_word' id='word_1_597' title='bbox 399 4183 747 4238; x_wconf 83' lang='grc' dir='ltr'>ἀνακαλεῖται</span> <span class='ocrx_word' id='word_1_598' title='bbox 772 4180 944 4250; x_wconf 89' lang='grc' dir='ltr'>λέγων</span> <span class='ocrx_word' id='word_1_599' title='bbox 964 4179 1043 4242; x_wconf 80' lang='grc' dir='ltr'><strong>τὸ,</strong></span> <span class='ocrx_word' id='word_1_600' title='bbox 1075 4199 1092 4229; x_wconf 75' lang='grc' dir='ltr'><strong>ι</strong></span> <span class='ocrx_word' id='word_1_601' title='bbox 1116 4178 1336 4249; x_wconf 86' lang='grc' dir='ltr'>Κύριος,</span> <span class='ocrx_word' id='word_1_602' title='bbox 1351 4175 1558 4248; x_wconf 84' lang='grc' dir='ltr'>Κύριος</span> <span class='ocrx_word' id='word_1_603' title='bbox 1568 4179 1606 4228; x_wconf 73' lang='grc' dir='ltr'>οό</span> <span class='ocrx_word' id='word_1_604' title='bbox 1621 4175 1751 4238; x_wconf 83' lang='grc' dir='ltr'>Θεὸς</span> <span class='ocrx_word' id='word_1_605' title='bbox 1771 4174 1973 4245; x_wconf 75' lang='grc' dir='ltr'>οἰκτίρ-</span> 
     </span>
    </p>
   </div>
   <div class='ocr_carea' id='block_1_74' title="bbox 400 4266 1972 4346">
    <p class='ocr_par' dir='ltr' id='par_1_74' title="bbox 400 4266 1972 4346">
     <span class='ocr_line' id='line_1_74' title="bbox 400 4266 1972 4346; baseline -0.008 -17"><span class='ocrx_word' id='word_1_606' title='bbox 400 4294 518 4346; x_wconf 84' lang='grc' dir='ltr'><strong>μων</strong></span> <span class='ocrx_word' id='word_1_607' title='bbox 553 4276 643 4328; x_wconf 76' lang='grc' dir='ltr'><strong>καὶ</strong></span> <span class='ocrx_word' id='word_1_608' title='bbox 674 4274 938 4345; x_wconf 77' lang='grc' dir='ltr'>ἐλεήμων,</span> <span class='ocrx_word' id='word_1_609' title='bbox 973 4293 990 4324; x_wconf 70' lang='grc' dir='ltr'><strong>ι</strong></span> <span class='ocrx_word' id='word_1_610' title='bbox 1025 4273 1117 4324; x_wconf 74' lang='grc' dir='ltr'>καὶ</span> <span class='ocrx_word' id='word_1_611' title='bbox 1163 4271 1230 4324; x_wconf 76' lang='grc' dir='ltr'><strong>τὰ</strong></span> <span class='ocrx_word' id='word_1_612' title='bbox 1281 4269 1427 4338; x_wconf 76' lang='grc' dir='ltr'>ἑξῆς.</span> <span class='ocrx_word' id='word_1_613' title='bbox 1462 4269 1523 4323; x_wconf 81' lang='lat' dir='ltr'><strong>Ei</strong></span> <span class='ocrx_word' id='word_1_614' title='bbox 1567 4268 1624 4321; x_wconf 80' lang='grc' dir='ltr'><strong>δὲ</strong></span> <span class='ocrx_word' id='word_1_615' title='bbox 1655 4266 1972 4336; x_wconf 75' lang='grc' dir='ltr'>βιαζόμενός</span> 
     </span>
    </p>
   </div>
   <div class='ocr_carea' id='block_1_75' title="bbox 397 4357 1974 4436">
    <p class='ocr_par' dir='ltr' id='par_1_75' title="bbox 397 4357 1974 4436">
     <span class='ocr_line' id='line_1_75' title="bbox 397 4357 1974 4436; baseline -0.006 -18"><span class='ocrx_word' id='word_1_616' title='bbox 397 4383 481 4430; x_wconf 84' lang='grc' dir='ltr'><strong>τις</strong></span> <span class='ocrx_word' id='word_1_617' title='bbox 505 4367 700 4435; x_wconf 71' lang='grc' dir='ltr'>φάσκοι</span> <span class='ocrx_word' id='word_1_618' title='bbox 735 4366 808 4436; x_wconf 83' lang='grc' dir='ltr'>μὴ</span> <span class='ocrx_word' id='word_1_619' title='bbox 835 4363 924 4417; x_wconf 80' lang='grc' dir='ltr'><strong>τὸν</strong></span> <span class='ocrx_word' id='word_1_620' title='bbox 953 4362 1178 4435; x_wconf 89' lang='grc' dir='ltr'>Κύριον,</span> <span class='ocrx_word' id='word_1_621' title='bbox 1209 4361 1344 4415; x_wconf 85' lang='grc' dir='ltr'>ἀλλὰ</span> <span class='ocrx_word' id='word_1_622' title='bbox 1372 4361 1609 4428; x_wconf 83' lang='grc' dir='ltr'>Μωῡσῆν</span> <span class='ocrx_word' id='word_1_623' title='bbox 1634 4357 1807 4413; x_wconf 80' lang='grc' dir='ltr'>ταῦτα</span> <span class='ocrx_word' id='word_1_624' title='bbox 1824 4358 1974 4428; x_wconf 78' lang='grc' dir='ltr'>εἰρη-</span> 
     </span>
    </p>
   </div>
   <div class='ocr_carea' id='block_1_76' title="bbox 399 4447 1970 4529">
    <p class='ocr_par' dir='ltr' id='par_1_76' title="bbox 399 4447 1970 4529">
     <span class='ocr_line' id='line_1_76' title="bbox 399 4447 1970 4529; baseline -0.005 -19"><span class='ocrx_word' id='word_1_625' title='bbox 399 4458 572 4521; x_wconf 85' lang='grc' dir='ltr'>κέναι,</span> <span class='ocrx_word' id='word_1_626' title='bbox 610 4463 815 4529; x_wconf 87' lang='grc' dir='ltr'>πεῖσμα</span> <span class='ocrx_word' id='word_1_627' title='bbox 849 4457 1063 4527; x_wconf 79' lang='grc' dir='ltr'>βέὸαιον</span> <span class='ocrx_word' id='word_1_628' title='bbox 1099 4455 1420 4526; x_wconf 77' lang='grc' dir='ltr'>λαμϐανέτω</span> <span class='ocrx_word' id='word_1_629' title='bbox 1445 4453 1501 4519; x_wconf 73' lang='grc' dir='ltr'>ἐξ</span> <span class='ocrx_word' id='word_1_630' title='bbox 1532 4452 1710 4506; x_wconf 83' lang='grc' dir='ltr'>αὐτῶν</span> <span class='ocrx_word' id='word_1_631' title='bbox 1739 4451 1845 4504; x_wconf 86' lang='grc' dir='ltr'><strong>τῶν</strong></span> <span class='ocrx_word' id='word_1_632' title='bbox 1877 4447 1970 4502; x_wconf 79' lang='grc' dir='ltr'>τοῦ</span> 
     </span>
    </p>
   </div>
   <div class='ocr_carea' id='block_1_77' title="bbox 2083 3261 3650 3333">
    <p class='ocr_par' dir='ltr' id='par_1_77' title="bbox 2083 3261 3650 3333">
     <span class='ocr_line' id='line_1_77' title="bbox 2083 3261 3650 3333; baseline -0.001 -15"><span class='ocrx_word' id='word_1_633' title='bbox 2083 3265 2178 3330; x_wconf 86' lang='lat' dir='ltr'><strong>cit,</strong></span> <span class='ocrx_word' id='word_1_634' title='bbox 2217 3280 2343 3319; x_wconf 89' lang='lat' dir='ltr'><strong>cum</strong></span> <span class='ocrx_word' id='word_1_635' title='bbox 2372 3263 2654 3319; x_wconf 89' lang='lat' dir='ltr'><strong>descendit</strong></span> <span class='ocrx_word' id='word_1_636' title='bbox 2687 3264 2742 3318; x_wconf 90' lang='lat' dir='ltr'><strong>in</strong></span> <span class='ocrx_word' id='word_1_637' title='bbox 2777 3263 2923 3318; x_wconf 89' lang='lat' dir='ltr'><strong>nube</strong></span> <span class='ocrx_word' id='word_1_638' title='bbox 2951 3271 3004 3317; x_wconf 89' lang='lat' dir='ltr'><strong>et</strong></span> <span class='ocrx_word' id='word_1_639' title='bbox 3033 3278 3200 3333; x_wconf 87' lang='lat' dir='ltr'><strong>prope</strong></span> <span class='ocrx_word' id='word_1_640' title='bbox 3220 3262 3457 3333; x_wconf 78' lang='lat' dir='ltr'><strong>Moysem</strong></span> <span class='ocrx_word' id='word_1_641' title='bbox 3499 3261 3650 3317; x_wconf 77' lang='lat' dir='ltr'><strong>stetit</strong></span> 
     </span>
    </p>
   </div>
   <div class='ocr_carea' id='block_1_78' title="bbox 2081 3352 3649 3427">
    <p class='ocr_par' dir='ltr' id='par_1_78' title="bbox 2081 3352 3649 3427">
     <span class='ocr_line' id='line_1_78' title="bbox 2081 3352 3649 3427; baseline -0.001 -17"><span class='ocrx_word' id='word_1_642' title='bbox 2081 3362 2528 3425; x_wconf 73' lang='lat' dir='ltr'><strong>tetragrammato</strong></span> <span class='ocrx_word' id='word_1_643' title='bbox 2568 3355 2885 3423; x_wconf 85' lang='lat' dir='ltr'><strong>designatus</strong></span> <span class='ocrx_word' id='word_1_644' title='bbox 2927 3352 3210 3409; x_wconf 91' lang='lat' dir='ltr'><strong>Dominus.</strong></span> <span class='ocrx_word' id='word_1_645' title='bbox 3243 3353 3395 3417; x_wconf 90' lang='lat' dir='ltr'><strong>Dein,</strong></span> <span class='ocrx_word' id='word_1_646' title='bbox 3423 3354 3494 3409; x_wconf 89' lang='lat' dir='ltr'><strong>ob</strong></span> <span class='ocrx_word' id='word_1_647' title='bbox 3523 3367 3649 3427; x_wconf 57' lang='lat' dir='ltr'><strong>pro-</strong></span> 
     </span>
    </p>
   </div>
   <div class='ocr_carea' id='block_1_79' title="bbox 2081 3443 3651 3516">
    <p class='ocr_par' dir='ltr' id='par_1_79' title="bbox 2081 3443 3651 3516">
     <span class='ocr_line' id='line_1_79' title="bbox 2081 3443 3651 3516; baseline -0.001 -17"><span class='ocrx_word' id='word_1_648' title='bbox 2081 3447 2398 3501; x_wconf 89' lang='lat' dir='ltr'><strong>missionem</strong></span> <span class='ocrx_word' id='word_1_649' title='bbox 2447 3461 2610 3516; x_wconf 89' lang='lat' dir='ltr'><strong>quam</strong></span> <span class='ocrx_word' id='word_1_650' title='bbox 2665 3447 2782 3516; x_wconf 88' lang='lat' dir='ltr'><strong>ipse</strong></span> <span class='ocrx_word' id='word_1_651' title='bbox 2838 3444 3063 3509; x_wconf 86' lang='lat' dir='ltr'><strong>fecerat,</strong></span> <span class='ocrx_word' id='word_1_652' title='bbox 3094 3446 3370 3500; x_wconf 86' lang='lat' dir='ltr'><strong>transiens</strong></span> <span class='ocrx_word' id='word_1_653' title='bbox 3419 3443 3651 3506; x_wconf 63' lang='lat' dir='ltr'><strong>ante&#39;fa-</strong></span> 
     </span>
    </p>
   </div>
   <div class='ocr_carea' id='block_1_80' title="bbox 2081 3533 3650 3610">
    <p class='ocr_par' dir='ltr' id='par_1_80' title="bbox 2081 3533 3650 3610">
     <span class='ocr_line' id='line_1_80' title="bbox 2081 3533 3650 3610; baseline -0.001 -18"><span class='ocrx_word' id='word_1_654' title='bbox 2081 3537 2218 3592; x_wconf 86' lang='lat' dir='ltr'><strong>ciem</strong></span> <span class='ocrx_word' id='word_1_655' title='bbox 2248 3535 2620 3610; x_wconf 87' lang='lat' dir='ltr'><strong>ejus,_suimet</strong></span> <span class='ocrx_word' id='word_1_656' title='bbox 2651 3535 2937 3590; x_wconf 87' lang='lat' dir='ltr'><strong>Dominum</strong></span> <span class='ocrx_word' id='word_1_657' title='bbox 2961 3545 3016 3590; x_wconf 91' lang='lat' dir='ltr'><strong>et</strong></span> <span class='ocrx_word' id='word_1_658' title='bbox 3043 3534 3276 3601; x_wconf 83' lang='lat' dir='ltr'><strong>Patrem,</strong></span> <span class='ocrx_word' id='word_1_659' title='bbox 3307 3551 3434 3591; x_wconf 85' lang='lat' dir='ltr'><strong>vere</strong></span> <span class='ocrx_word' id='word_1_660' title='bbox 3469 3533 3650 3590; x_wconf 82' lang='lat' dir='ltr'><strong>Domi-</strong></span> 
     </span>
    </p>
   </div>
   <div class='ocr_carea' id='block_1_81' title="bbox 2079 3625 3647 3697">
    <p class='ocr_par' dir='ltr' id='par_1_81' title="bbox 2079 3625 3647 3697">
     <span class='ocr_line' id='line_1_81' title="bbox 2079 3625 3647 3697; baseline 0.001 -15"><span class='ocrx_word' id='word_1_661' title='bbox 2079 3641 2232 3690; x_wconf 91' lang='lat' dir='ltr'><strong>num,</strong></span> <span class='ocrx_word' id='word_1_662' title='bbox 2261 3625 2689 3689; x_wconf 87' lang='lat' dir='ltr'><strong>Dominatorem,</strong></span> <span class='ocrx_word' id='word_1_663' title='bbox 2715 3628 2800 3682; x_wconf 89' lang='lat' dir='ltr'><strong>bis</strong></span> <span class='ocrx_word' id='word_1_664' title='bbox 2836 3635 3276 3697; x_wconf 85' lang='lat' dir='ltr'><strong>tetragrammato</strong></span> <span class='ocrx_word' id='word_1_665' title='bbox 3304 3626 3647 3696; x_wconf 73' lang='lat' dir='ltr'><strong>designatum</strong></span> 
     </span>
    </p>
   </div>
   <div class='ocr_carea' id='block_1_82' title="bbox 2081 3717 3650 3782">
    <p class='ocr_par' dir='ltr' id='par_1_82' title="bbox 2081 3717 3650 3782">
     <span class='ocr_line' id='line_1_82' title="bbox 2081 3717 3650 3782; baseline -0.003 -7"><span class='ocrx_word' id='word_1_666' title='bbox 2081 3719 2296 3775; x_wconf 89' lang='lat' dir='ltr'><strong>invocat</strong></span> <span class='ocrx_word' id='word_1_667' title='bbox 2321 3719 2511 3775; x_wconf 87' lang='lat' dir='ltr'><strong>dicens</strong></span> <span class='ocrx_word' id='word_1_668' title='bbox 2543 3737 2602 3776; x_wconf 81' lang='grc'><strong>;,‹</strong></span> <span class='ocrx_word' id='word_1_669' title='bbox 2641 3718 2959 3782; x_wconf 86' lang='lat' dir='ltr'><strong>Dominator</strong></span> <span class='ocrx_word' id='word_1_670' title='bbox 2993 3718 3214 3774; x_wconf 90' lang='lat' dir='ltr'><strong>Domine</strong></span> <span class='ocrx_word' id='word_1_671' title='bbox 3239 3717 3399 3780; x_wconf 85' lang='lat' dir='ltr'><strong>Deus,</strong></span> <span class='ocrx_word' id='word_1_672' title='bbox 3436 3717 3650 3773; x_wconf 77' lang='lat' dir='ltr'><strong>miseri-</strong></span> 
     </span>
    </p>
   </div>
   <div class='ocr_carea' id='block_1_83' title="bbox 2080 3809 3648 3882">
    <p class='ocr_par' dir='ltr' id='par_1_83' title="bbox 2080 3809 3648 3882">
     <span class='ocr_line' id='line_1_83' title="bbox 2080 3809 3648 3882; baseline -0.001 -16"><span class='ocrx_word' id='word_1_673' title='bbox 2080 3828 2204 3867; x_wconf 88' lang='lat' dir='ltr'><strong>cors</strong></span> <span class='ocrx_word' id='word_1_674' title='bbox 2217 3821 2271 3870; x_wconf 90' lang='lat' dir='ltr'><strong>et</strong></span> <span class='ocrx_word' id='word_1_675' title='bbox 2298 3813 2605 3878; x_wconf 57' lang='lat' dir='ltr'><strong>clemens,»</strong></span> <span class='ocrx_word' id='word_1_676' title='bbox 2627 3822 2679 3870; x_wconf 80' lang='lat' dir='ltr'><strong>et</strong></span> <span class='ocrx_word' id='word_1_677' title='bbox 2705 3812 2931 3882; x_wconf 89' lang='lat' dir='ltr'><strong>reliqua.</strong></span> <span class='ocrx_word' id='word_1_678' title='bbox 2959 3809 3015 3865; x_wconf 92' lang='lat' dir='ltr'><strong>Si</strong></span> <span class='ocrx_word' id='word_1_679' title='bbox 3046 3811 3172 3880; x_wconf 78' lang='lat' dir='ltr'><strong>quis</strong></span> <span class='ocrx_word' id='word_1_680' title='bbox 3203 3819 3382 3865; x_wconf 86' lang='lat' dir='ltr'><strong>autem</strong></span> <span class='ocrx_word' id='word_1_681' title='bbox 3406 3810 3511 3865; x_wconf 89' lang='lat' dir='ltr'><strong>loci</strong></span> <span class='ocrx_word' id='word_1_682' title='bbox 3529 3824 3648 3864; x_wconf 86' lang='lat' dir='ltr'><strong>sen-</strong></span> 
     </span>
    </p>
   </div>
   <div class='ocr_carea' id='block_1_84' title="bbox 2081 3899 3647 3973">
    <p class='ocr_par' dir='ltr' id='par_1_84' title="bbox 2081 3899 3647 3973">
     <span class='ocr_line' id='line_1_84' title="bbox 2081 3899 3647 3973; baseline -0.001 -16"><span class='ocrx_word' id='word_1_683' title='bbox 2081 3918 2201 3957; x_wconf 89' lang='lat' dir='ltr'><strong>sum</strong></span> <span class='ocrx_word' id='word_1_684' title='bbox 2219 3901 2562 3973; x_wconf 85' lang='lat' dir='ltr'><strong>-detorquens</strong></span> <span class='ocrx_word' id='word_1_685' title='bbox 2591 3901 2816 3957; x_wconf 87' lang='lat' dir='ltr'><strong>minime</strong></span> <span class='ocrx_word' id='word_1_686' title='bbox 2844 3916 2874 3954; x_wconf 90' lang='lat' dir='ltr'><strong>a</strong></span> <span class='ocrx_word' id='word_1_687' title='bbox 2905 3899 3136 3957; x_wconf 81' lang='lat' dir='ltr'><strong>Dumino</strong></span> <span class='ocrx_word' id='word_1_688' title='bbox 3158 3901 3472 3963; x_wconf 87' lang='lat' dir='ltr'><strong>contendat,</strong></span> <span class='ocrx_word' id='word_1_689' title='bbox 3493 3900 3590 3958; x_wconf 84' lang='lat' dir='ltr'><strong>sed</strong></span> <span class='ocrx_word' id='word_1_690' title='bbox 3613 3916 3647 3956; x_wconf 83' lang='lat' dir='ltr'><strong>a</strong></span> 
     </span>
    </p>
   </div>
   <div class='ocr_carea' id='block_1_85' title="bbox 2075 3990 3644 4065">
    <p class='ocr_par' dir='ltr' id='par_1_85' title="bbox 2075 3990 3644 4065">
     <span class='ocr_line' id='line_1_85' title="bbox 2075 3990 3644 4065; baseline -0.004 -14"><span class='ocrx_word' id='word_1_691' title='bbox 2075 3993 2263 4065; x_wconf 83' lang='lat' dir='ltr'><strong>Moyse</strong></span> <span class='ocrx_word' id='word_1_692' title='bbox 2293 3994 2407 4052; x_wconf 66' lang='lat' dir='ltr'><strong>hac</strong></span> <span class='ocrx_word' id='word_1_693' title='bbox 2435 4008 2559 4050; x_wconf 90' lang='lat' dir='ltr'><strong>esse</strong></span> <span class='ocrx_word' id='word_1_694' title='bbox 2590 3993 2768 4058; x_wconf 87' lang='lat' dir='ltr'><strong>dicta,</strong></span> <span class='ocrx_word' id='word_1_695' title='bbox 2801 3993 2932 4047; x_wconf 87' lang='lat' dir='ltr'><strong>illud</strong></span> <span class='ocrx_word' id='word_1_696' title='bbox 2978 3993 3136 4064; x_wconf 87' lang='lat' dir='ltr'><strong>plane</strong></span> <span class='ocrx_word' id='word_1_697' title='bbox 3169 4001 3505 4062; x_wconf 88' lang='lat' dir='ltr'><strong>compertum</strong></span> <span class='ocrx_word' id='word_1_698' title='bbox 3545 3990 3644 4045; x_wconf 85' lang='lat' dir='ltr'><strong>ha-</strong></span> 
     </span>
    </p>
   </div>
   <div class='ocr_carea' id='block_1_86' title="bbox 2080 4081 3640 4156">
    <p class='ocr_par' dir='ltr' id='par_1_86' title="bbox 2080 4081 3640 4156">
     <span class='ocr_line' id='line_1_86' title="bbox 2080 4081 3640 4156; baseline -0.003 -15"><span class='ocrx_word' id='word_1_699' title='bbox 2080 4086 2228 4141; x_wconf 89' lang='lat' dir='ltr'><strong>bebit</strong></span> <span class='ocrx_word' id='word_1_700' title='bbox 2259 4085 2394 4154; x_wconf 85' lang='lat' dir='ltr'><strong>ipsis</strong></span> <span class='ocrx_word' id='word_1_701' title='bbox 2414 4083 2616 4156; x_wconf 85' lang='lat' dir='ltr'><strong>Moysis</strong></span> <span class='ocrx_word' id='word_1_702' title='bbox 2639 4083 2890 4151; x_wconf 87' lang='lat' dir='ltr'><strong>vocibus,</strong></span> <span class='ocrx_word' id='word_1_703' title='bbox 2925 4083 3040 4139; x_wconf 76' lang='lat' dir='ltr'><strong>haec</strong></span> <span class='ocrx_word' id='word_1_704' title='bbox 3077 4099 3201 4142; x_wconf 86' lang='lat' dir='ltr'><strong>esse</strong></span> <span class='ocrx_word' id='word_1_705' title='bbox 3229 4083 3395 4154; x_wconf 83' lang='lat' dir='ltr'><strong>verba</strong></span> <span class='ocrx_word' id='word_1_706' title='bbox 3427 4081 3640 4138; x_wconf 90' lang='lat' dir='ltr'><strong>Domini</strong></span> 
     </span>
    </p>
   </div>
   <div class='ocr_carea' id='block_1_87' title="bbox 2079 4174 3640 4244">
    <p class='ocr_par' dir='ltr' id='par_1_87' title="bbox 2079 4174 3640 4244">
     <span class='ocr_line' id='line_1_87' title="bbox 2079 4174 3640 4244; baseline -0.001 -14"><span class='ocrx_word' id='word_1_707' title='bbox 2079 4176 2429 4239; x_wconf 89' lang='lat' dir='ltr'><strong>conﬁtentis,</strong></span> <span class='ocrx_word' id='word_1_708' title='bbox 2477 4192 2600 4232; x_wconf 85' lang='lat' dir='ltr'><strong>cum</strong></span> <span class='ocrx_word' id='word_1_709' title='bbox 2654 4176 2710 4231; x_wconf 91' lang='lat' dir='ltr'><strong>in</strong></span> <span class='ocrx_word' id='word_1_710' title='bbox 2763 4176 2869 4230; x_wconf 89' lang='lat' dir='ltr'><strong>alio</strong></span> <span class='ocrx_word' id='word_1_711' title='bbox 2921 4175 3041 4230; x_wconf 90' lang='lat' dir='ltr'><strong>loco</strong></span> <span class='ocrx_word' id='word_1_712' title='bbox 3088 4184 3342 4244; x_wconf 72' lang='lat' dir='ltr'><strong>precatur</strong></span> <span class='ocrx_word' id='word_1_713' title='bbox 3405 4174 3640 4240; x_wconf 87' lang='lat' dir='ltr'><strong>dicens:</strong></span> 
     </span>
    </p>
   </div>
   <div class='ocr_carea' id='block_1_88' title="bbox 2083 4263 3644 4340">
    <p class='ocr_par' dir='ltr' id='par_1_88' title="bbox 2083 4263 3644 4340">
     <span class='ocr_line' id='line_1_88' title="bbox 2083 4263 3644 4340; baseline 0 -21"><span class='ocrx_word' id='word_1_714' title='bbox 2083 4287 2102 4319; x_wconf 71' lang='grc' dir='ltr'><strong>ι</strong></span> <span class='ocrx_word' id='word_1_715' title='bbox 2141 4267 2516 4340; x_wconf 80' lang='lat' dir='ltr'><strong>Magniﬁcetur</strong></span> <span class='ocrx_word' id='word_1_716' title='bbox 2537 4284 2669 4340; x_wconf 85' lang='lat' dir='ltr'><strong>ergo</strong></span> <span class='ocrx_word' id='word_1_717' title='bbox 2708 4267 2970 4323; x_wconf 87' lang='lat' dir='ltr'><strong>fortitudo</strong></span> <span class='ocrx_word' id='word_1_718' title='bbox 2993 4266 3216 4321; x_wconf 85' lang='lat' dir='ltr'><strong>Domini</strong></span> <span class='ocrx_word' id='word_1_719' title='bbox 3248 4267 3388 4324; x_wconf 88' lang='lat' dir='ltr'><strong>sicut</strong></span> <span class='ocrx_word' id='word_1_720' title='bbox 3422 4263 3644 4336; x_wconf 83' lang='lat' dir='ltr'><strong>jurasti,</strong></span> 
     </span>
    </p>
   </div>
   <div class='ocr_carea' id='block_1_89' title="bbox 2077 4358 3643 4430">
    <p class='ocr_par' dir='ltr' id='par_1_89' title="bbox 2077 4358 3643 4430">
     <span class='ocr_line' id='line_1_89' title="bbox 2077 4358 3643 4430; baseline -0.002 -15"><span class='ocrx_word' id='word_1_721' title='bbox 2077 4360 2266 4416; x_wconf 88' lang='lat' dir='ltr'><strong>dicens</strong></span> <span class='ocrx_word' id='word_1_722' title='bbox 2299 4381 2310 4416; x_wconf 93' lang='lat'><strong>:</strong></span> <span class='ocrx_word' id='word_1_723' title='bbox 2342 4360 2604 4417; x_wconf 86' lang='lat' dir='ltr'><strong>Dominus</strong></span> <span class='ocrx_word' id='word_1_724' title='bbox 2641 4362 2856 4430; x_wconf 88' lang='lat' dir='ltr'><strong>patiens</strong></span> <span class='ocrx_word' id='word_1_725' title='bbox 2900 4369 2954 4414; x_wconf 90' lang='lat' dir='ltr'><strong>et</strong></span> <span class='ocrx_word' id='word_1_726' title='bbox 3005 4360 3188 4415; x_wconf 64' lang='lat' dir='ltr'><strong>multa</strong></span> <span class='ocrx_word' id='word_1_727' title='bbox 3234 4358 3643 4423; x_wconf 65' lang='lat' dir='ltr'><strong>misericordiae,</strong></span> 
     </span>
    </p>
   </div>
   <div class='ocr_carea' id='block_1_90' title="bbox 2081 4454 3646 4526">
    <p class='ocr_par' dir='ltr' id='par_1_90' title="bbox 2081 4454 3646 4526">
     <span class='ocr_line' id='line_1_90' title="bbox 2081 4454 3646 4526; baseline -0.002 -16"><span class='ocrx_word' id='word_1_728' title='bbox 2081 4454 2335 4510; x_wconf 87' lang='lat' dir='ltr'><strong>auferens</strong></span> <span class='ocrx_word' id='word_1_729' title='bbox 2389 4455 2732 4526; x_wconf 90' lang='lat' dir='ltr'><strong>iniquitatem</strong></span> <span class='ocrx_word' id='word_1_730' title='bbox 2786 4465 2840 4510; x_wconf 91' lang='lat' dir='ltr'><strong>et</strong></span> <span class='ocrx_word' id='word_1_731' title='bbox 2890 4455 3142 4517; x_wconf 86' lang='lat' dir='ltr'><strong>scelera,</strong></span> <span class='ocrx_word' id='word_1_732' title='bbox 3191 4454 3509 4524; x_wconf 86' lang='lat' dir='ltr'><strong>nullumque</strong></span> <span class='ocrx_word' id='word_1_733' title='bbox 3564 4454 3646 4507; x_wconf 90' lang='lat' dir='ltr'><strong>in-</strong></span> 
     </span>
    </p>
   </div>
   <div class='ocr_carea' id='block_1_91' title="bbox 400 4539 1973 4618">
    <p class='ocr_par' dir='ltr' id='par_1_91' title="bbox 400 4539 1973 4618">
     <span class='ocr_line' id='line_1_91' title="bbox 400 4539 1973 4618; baseline -0.005 -17"><span class='ocrx_word' id='word_1_734' title='bbox 400 4549 675 4611; x_wconf 80' lang='grc' dir='ltr'>Μωῦσέως</span> <span class='ocrx_word' id='word_1_735' title='bbox 706 4549 898 4617; x_wconf 77' lang='grc' dir='ltr'>φωνῶν</span> <span class='ocrx_word' id='word_1_736' title='bbox 927 4545 1310 4618; x_wconf 77' lang='grc' dir='ltr'>ὁμολογοῦντος</span> <span class='ocrx_word' id='word_1_737' title='bbox 1348 4545 1441 4599; x_wconf 74' lang='grc' dir='ltr'><strong>τοῦ</strong></span> <span class='ocrx_word' id='word_1_738' title='bbox 1482 4545 1684 4615; x_wconf 86' lang='grc' dir='ltr'>Κυρίου</span> <span class='ocrx_word' id='word_1_739' title='bbox 1713 4539 1850 4596; x_wconf 84' lang='grc' dir='ltr'>εἶναι</span> <span class='ocrx_word' id='word_1_740' title='bbox 1879 4541 1973 4604; x_wconf 81' lang='grc' dir='ltr'>τὰς</span> 
     </span>
    </p>
   </div>
   <div class='ocr_carea' id='block_1_92' title="bbox 2077 4539 3645 4618">
    <p class='ocr_par' dir='ltr' id='par_1_92' title="bbox 2082 4548 3645 4618">
     <span class='ocr_line' id='line_1_92' title="bbox 2082 4548 3645 4618; baseline -0.001 -16"><span class='ocrx_word' id='word_1_741' title='bbox 2082 4550 2304 4604; x_wconf 79' lang='lat' dir='ltr'><strong>noxium</strong></span> <span class='ocrx_word' id='word_1_742' title='bbox 2351 4548 2756 4618; x_wconf 79' lang='lat' dir='ltr'><strong>derelinquens,</strong></span> <span class='ocrx_word' id='word_1_743' title='bbox 2809 4549 2902 4618; x_wconf 91' lang='lat' dir='ltr'><strong>qui</strong></span> <span class='ocrx_word' id='word_1_744' title='bbox 2956 4549 3144 4603; x_wconf 89' lang='lat' dir='ltr'><strong>visitas</strong></span> <span class='ocrx_word' id='word_1_745' title='bbox 3175 4556 3397 4618; x_wconf 88' lang='lat' dir='ltr'><strong>peccata</strong></span> <span class='ocrx_word' id='word_1_746' title='bbox 3430 4553 3645 4617; x_wconf 88' lang='lat' dir='ltr'><strong>patrum</strong></span> 
     </span>
    </p>
   </div>
   <div class='ocr_carea' id='block_1_93' title="bbox 402 4631 1972 4708">
    <p class='ocr_par' dir='ltr' id='par_1_93' title="bbox 402 4631 1972 4708">
     <span class='ocr_line' id='line_1_93' title="bbox 402 4631 1972 4708; baseline -0.003 -18"><span class='ocrx_word' id='word_1_747' title='bbox 402 4638 820 4707; x_wconf 82' lang='grc' dir='ltr'>προεκτεθείσας</span> <span class='ocrx_word' id='word_1_748' title='bbox 857 4637 1049 4703; x_wconf 79' lang='grc' dir='ltr'>λέξεις,</span> <span class='ocrx_word' id='word_1_749' title='bbox 1079 4639 1146 4691; x_wconf 75' lang='grc' dir='ltr'>δι’</span> <span class='ocrx_word' id='word_1_750' title='bbox 1179 4631 1252 4691; x_wconf 83' lang='grc' dir='ltr'>ὧν</span> <span class='ocrx_word' id='word_1_751' title='bbox 1282 4637 1570 4708; x_wconf 79' lang='grc' dir='ltr'>εὐχόμενος</span> <span class='ocrx_word' id='word_1_752' title='bbox 1598 4638 1655 4688; x_wconf 78' lang='grc' dir='ltr'>ὲν</span> <span class='ocrx_word' id='word_1_753' title='bbox 1683 4635 1852 4706; x_wconf 76' lang='grc' dir='ltr'>ἑτέρῳ</span> <span class='ocrx_word' id='word_1_754' title='bbox 1882 4633 1972 4687; x_wconf 91' lang='grc' dir='ltr'>τό-</span> 
     </span>
    </p>
   </div>
   <div class='ocr_carea' id='block_1_94' title="bbox 403 4724 1973 4800">
    <p class='ocr_par' dir='ltr' id='par_1_94' title="bbox 403 4724 1973 4800">
     <span class='ocr_line' id='line_1_94' title="bbox 403 4724 1973 4800; baseline -0.001 -21"><span class='ocrx_word' id='word_1_755' title='bbox 403 4744 491 4798; x_wconf 81' lang='grc' dir='ltr'>πῳ</span> <span class='ocrx_word' id='word_1_756' title='bbox 519 4729 672 4799; x_wconf 73' lang='grc' dir='ltr'>φησι,</span> <span class='ocrx_word' id='word_1_757' title='bbox 708 4748 726 4779; x_wconf 78' lang='grc' dir='ltr'><strong>ι</strong></span> <span class='ocrx_word' id='word_1_758' title='bbox 747 4729 855 4781; x_wconf 55' lang='grc' dir='ltr'><strong>Καὶ⁴</strong></span> <span class='ocrx_word' id='word_1_759' title='bbox 882 4728 976 4782; x_wconf 83' lang='grc' dir='ltr'>νῦν</span> <span class='ocrx_word' id='word_1_760' title='bbox 1009 4729 1278 4800; x_wconf 83' lang='grc' dir='ltr'>ὑψωθήτω</span> <span class='ocrx_word' id='word_1_761' title='bbox 1312 4729 1347 4799; x_wconf 81' lang='grc' dir='ltr'>ἡ</span> <span class='ocrx_word' id='word_1_762' title='bbox 1390 4727 1512 4800; x_wconf 87' lang='grc' dir='ltr'>χείρ</span> <span class='ocrx_word' id='word_1_763' title='bbox 1539 4725 1851 4798; x_wconf 64' lang='grc' dir='ltr'>σου,ηΚύριε</span> <span class='ocrx_word' id='word_1_764' title='bbox 1874 4741 1888 4756; x_wconf 89' lang='grc'><strong>·</strong></span> <span class='ocrx_word' id='word_1_765' title='bbox 1913 4724 1973 4776; x_wconf 82' lang='grc' dir='ltr'>ὃν</span> 
     </span>
    </p>
   </div>
   <div class='ocr_carea' id='block_1_95' title="bbox 400 4815 1975 4893">
    <p class='ocr_par' dir='ltr' id='par_1_95' title="bbox 400 4815 1975 4893">
     <span class='ocr_line' id='line_1_95' title="bbox 400 4815 1975 4893; baseline 0.001 -23"><span class='ocrx_word' id='word_1_766' title='bbox 400 4818 599 4890; x_wconf 84' lang='grc' dir='ltr'>τρόπον</span> <span class='ocrx_word' id='word_1_767' title='bbox 620 4815 789 4883; x_wconf 8' lang='grc' dir='ltr'>,εἶπας</span> <span class='ocrx_word' id='word_1_768' title='bbox 820 4819 1011 4888; x_wconf 80' lang='grc' dir='ltr'>λέγων,</span> <span class='ocrx_word' id='word_1_769' title='bbox 1039 4820 1244 4892; x_wconf 89' lang='grc' dir='ltr'>Κύριος</span> <span class='ocrx_word' id='word_1_770' title='bbox 1278 4821 1647 4893; x_wconf 80' lang='grc' dir='ltr'>μακρόθυμος,</span> <span class='ocrx_word' id='word_1_771' title='bbox 1683 4820 1778 4873; x_wconf 76' lang='grc' dir='ltr'><strong>καὶ</strong></span> <span class='ocrx_word' id='word_1_772' title='bbox 1815 4819 1975 4877; x_wconf 77' lang='grc' dir='ltr'>πολυ-</span> 
     </span>
    </p>
   </div>
   <div class='ocr_carea' id='block_1_96' title="bbox 403 4910 1972 4984">
    <p class='ocr_par' dir='ltr' id='par_1_96' title="bbox 403 4910 1972 4984">
     <span class='ocr_line' id='line_1_96' title="bbox 403 4910 1972 4984; baseline 0 -20"><span class='ocrx_word' id='word_1_773' title='bbox 403 4910 570 4974; x_wconf 89' lang='grc' dir='ltr'>έλεος,</span> <span class='ocrx_word' id='word_1_774' title='bbox 607 4911 702 4965; x_wconf 75' lang='grc' dir='ltr'><strong>καὶ</strong></span> <span class='ocrx_word' id='word_1_775' title='bbox 747 4911 1016 4984; x_wconf 64' lang='grc' dir='ltr'>ἀληθινός</span> <span class='ocrx_word' id='word_1_776' title='bbox 1055 4913 1302 4984; x_wconf 78' lang='grc' dir='ltr'>ἀφαιρῶν</span> <span class='ocrx_word' id='word_1_777' title='bbox 1357 4912 1585 4982; x_wconf 88' lang='grc' dir='ltr'>ἀνομίας</span> <span class='ocrx_word' id='word_1_778' title='bbox 1615 4912 1709 4966; x_wconf 71' lang='grc' dir='ltr'>καὶ</span> <span class='ocrx_word' id='word_1_779' title='bbox 1739 4911 1972 4974; x_wconf 86' lang='grc' dir='ltr'>ἀδικίας,</span> 
     </span>
    </p>
   </div>
   <div class='ocr_carea' id='block_1_97' title="bbox 401 5002 1969 5076">
    <p class='ocr_par' dir='ltr' id='par_1_97' title="bbox 401 5002 1969 5076">
     <span class='ocr_line' id='line_1_97' title="bbox 401 5002 1969 5076; baseline 0.001 -22"><span class='ocrx_word' id='word_1_780' title='bbox 401 5002 495 5055; x_wconf 68' lang='grc' dir='ltr'>καὶ</span> <span class='ocrx_word' id='word_1_781' title='bbox 513 5002 785 5074; x_wconf 82' lang='grc' dir='ltr'>ἁμαρτίας</span> <span class='ocrx_word' id='word_1_782' title='bbox 801 5021 814 5034; x_wconf 70' lang='grc' dir='ltr'><strong>ο</strong></span> <span class='ocrx_word' id='word_1_783' title='bbox 841 5005 933 5059; x_wconf 81' lang='grc' dir='ltr'><strong>καὶ</strong></span> <span class='ocrx_word' id='word_1_784' title='bbox 953 5004 1279 5076; x_wconf 86' lang='grc' dir='ltr'>καθαρισμῷ</span> <span class='ocrx_word' id='word_1_785' title='bbox 1301 5005 1364 5059; x_wconf 84' lang='grc' dir='ltr'><strong>οὑ</strong></span> <span class='ocrx_word' id='word_1_786' title='bbox 1385 5006 1637 5076; x_wconf 70' lang='grc' dir='ltr'><strong>καθαριεὶ⁹</strong></span> <span class='ocrx_word' id='word_1_787' title='bbox 1661 5005 1751 5058; x_wconf 85' lang='grc' dir='ltr'><strong>τὸν</strong></span> <span class='ocrx_word' id='word_1_788' title='bbox 1771 5005 1969 5075; x_wconf 72' lang='grc' dir='ltr'>ἔνοχον,</span> 
     </span>
    </p>
   </div>
   <div class='ocr_carea' id='block_1_98' title="bbox 401 5093 1973 5167">
    <p class='ocr_par' dir='ltr' id='par_1_98' title="bbox 401 5093 1973 5167">
     <span class='ocr_line' id='line_1_98' title="bbox 401 5093 1973 5167; baseline 0.001 -21"><span class='ocrx_word' id='word_1_789' title='bbox 401 5093 682 5157; x_wconf 76' lang='grc' dir='ltr'>ἀποδιδοὺς</span> <span class='ocrx_word' id='word_1_790' title='bbox 732 5094 1003 5167; x_wconf 84' lang='grc' dir='ltr'>ἁμαρτίας</span> <span class='ocrx_word' id='word_1_791' title='bbox 1049 5095 1272 5166; x_wconf 77' lang='grc' dir='ltr'>πατρῶν</span> <span class='ocrx_word' id='word_1_792' title='bbox 1323 5095 1414 5150; x_wconf 76' lang='grc' dir='ltr'><strong>ἐπὶ</strong></span> <span class='ocrx_word' id='word_1_793' title='bbox 1454 5096 1622 5148; x_wconf 87' lang='grc' dir='ltr'>τέκνα</span> <span class='ocrx_word' id='word_1_794' title='bbox 1651 5095 1755 5158; x_wconf 70' lang='grc' dir='ltr'><strong>ἕως</strong></span> <span class='ocrx_word' id='word_1_795' title='bbox 1785 5094 1973 5165; x_wconf 84' lang='grc' dir='ltr'>τρίτης</span> 
     </span>
    </p>
   </div>
   <div class='ocr_carea' id='block_1_99' title="bbox 401 5183 1971 5260">
    <p class='ocr_par' dir='ltr' id='par_1_99' title="bbox 401 5183 1971 5260">
     <span class='ocr_line' id='line_1_99' title="bbox 401 5183 1971 5260; baseline 0 -20"><span class='ocrx_word' id='word_1_796' title='bbox 401 5188 496 5240; x_wconf 79' lang='grc' dir='ltr'><strong>καὶ</strong></span> <span class='ocrx_word' id='word_1_797' title='bbox 518 5186 781 5260; x_wconf 86' lang='grc' dir='ltr'>τετάρτης</span> <span class='ocrx_word' id='word_1_798' title='bbox 806 5188 1018 5257; x_wconf 80' lang='grc' dir='ltr'>γενεᾶς.</span> <span class='ocrx_word' id='word_1_799' title='bbox 1052 5208 1070 5240; x_wconf 76' lang='grc' dir='ltr'><strong>ι</strong></span> <span class='ocrx_word' id='word_1_800' title='bbox 1092 5187 1492 5260; x_wconf 78' lang='grc' dir='ltr'>Ἐναργέστατα</span> <span class='ocrx_word' id='word_1_801' title='bbox 1522 5187 1586 5259; x_wconf 81' lang='grc' dir='ltr'>δὴ</span> <span class='ocrx_word' id='word_1_802' title='bbox 1619 5183 1710 5241; x_wconf 75' lang='grc' dir='ltr'><strong>οὖν</strong></span> <span class='ocrx_word' id='word_1_803' title='bbox 1742 5187 1835 5241; x_wconf 81' lang='grc' dir='ltr'><strong>καὶ</strong></span> <span class='ocrx_word' id='word_1_804' title='bbox 1869 5203 1971 5240; x_wconf 84' lang='grc' dir='ltr'>σα-</span> 
     </span>
    </p>
   </div>
   <div class='ocr_carea' id='block_1_100' title="bbox 401 5277 1973 5350">
    <p class='ocr_par' dir='ltr' id='par_1_100' title="bbox 401 5277 1973 5350">
     <span class='ocr_line' id='line_1_100' title="bbox 401 5277 1973 5350; baseline -0.001 -20"><span class='ocrx_word' id='word_1_805' title='bbox 401 5277 642 5347; x_wconf 82' lang='grc' dir='ltr'>φέστατα</span> <span class='ocrx_word' id='word_1_806' title='bbox 677 5277 765 5331; x_wconf 85' lang='grc' dir='ltr'>διὰ</span> <span class='ocrx_word' id='word_1_807' title='bbox 789 5277 991 5331; x_wconf 85' lang='grc' dir='ltr'>τούτων</span> <span class='ocrx_word' id='word_1_808' title='bbox 1020 5280 1179 5342; x_wconf 79' lang='grc' dir='ltr'>αὐτὸς</span> <span class='ocrx_word' id='word_1_809' title='bbox 1205 5281 1234 5332; x_wconf 86' lang='grc' dir='ltr'>ὁ</span> <span class='ocrx_word' id='word_1_810' title='bbox 1274 5278 1476 5350; x_wconf 85' lang='grc' dir='ltr'>Κύριος</span> <span class='ocrx_word' id='word_1_811' title='bbox 1502 5277 1600 5340; x_wconf 81' lang='grc' dir='ltr'>τὰς</span> <span class='ocrx_word' id='word_1_812' title='bbox 1631 5277 1973 5348; x_wconf 76' lang='grc' dir='ltr'>προεκτεθείο</span> 
     </span>
    </p>
   </div>
   <div class='ocr_carea' id='block_1_101' title="bbox 403 5367 1969 5442">
    <p class='ocr_par' dir='ltr' id='par_1_101' title="bbox 403 5367 1969 5442">
     <span class='ocr_line' id='line_1_101' title="bbox 403 5367 1969 5442; baseline 0.001 -22"><span class='ocrx_word' id='word_1_813' title='bbox 403 5385 502 5431; x_wconf 89' lang='grc' dir='ltr'><strong>σας</strong></span> <span class='ocrx_word' id='word_1_814' title='bbox 548 5367 784 5439; x_wconf 74' lang='grc' dir='ltr'>εἰρηκὼς</span> <span class='ocrx_word' id='word_1_815' title='bbox 821 5373 1061 5440; x_wconf 81' lang='grc' dir='ltr'>παριστᾷ</span> <span class='ocrx_word' id='word_1_816' title='bbox 1092 5386 1152 5422; x_wconf 87' lang='grc' dir='ltr'><strong>τε</strong></span> <span class='ocrx_word' id='word_1_817' title='bbox 1179 5370 1577 5442; x_wconf 81' lang='grc' dir='ltr'>(παρίσταται)</span> <span class='ocrx_word' id='word_1_818' title='bbox 1613 5369 1815 5437; x_wconf 78' lang='grc' dir='ltr'>φωνὰς,</span> <span class='ocrx_word' id='word_1_819' title='bbox 1849 5369 1969 5440; x_wconf 76' lang='grc' dir='ltr'>μεί-</span> 
     </span>
    </p>
   </div>
   <div class='ocr_carea' id='block_1_102' title="bbox 403 5459 1971 5534">
    <p class='ocr_par' dir='ltr' id='par_1_102' title="bbox 403 5459 1971 5534">
     <span class='ocr_line' id='line_1_102' title="bbox 403 5459 1971 5534; baseline 0.001 -22"><span class='ocrx_word' id='word_1_820' title='bbox 403 5459 530 5522; x_wconf 82' lang='grc' dir='ltr'>ζονα</span> <span class='ocrx_word' id='word_1_821' title='bbox 544 5460 744 5532; x_wconf 81' lang='grc' dir='ltr'>Κύριον</span> <span class='ocrx_word' id='word_1_822' title='bbox 773 5462 862 5513; x_wconf 86' lang='grc' dir='ltr'><strong>τὸν</strong></span> <span class='ocrx_word' id='word_1_823' title='bbox 891 5461 1105 5532; x_wconf 81' lang='grc' dir='ltr'>ἀληθῶς</span> <span class='ocrx_word' id='word_1_824' title='bbox 1131 5461 1354 5534; x_wconf 88' lang='grc' dir='ltr'>Κύριον,</span> <span class='ocrx_word' id='word_1_825' title='bbox 1375 5462 1532 5534; x_wconf 79' lang='grc' dir='ltr'>δῆλον</span> <span class='ocrx_word' id='word_1_826' title='bbox 1559 5461 1602 5514; x_wconf 76' lang='grc' dir='ltr'>δ’</span> <span class='ocrx_word' id='word_1_827' title='bbox 1630 5463 1710 5514; x_wconf 84' lang='grc' dir='ltr'>ὅτι</span> <span class='ocrx_word' id='word_1_828' title='bbox 1743 5463 1833 5514; x_wconf 86' lang='grc' dir='ltr'><strong>τὸν</strong></span> <span class='ocrx_word' id='word_1_829' title='bbox 1860 5463 1971 5514; x_wconf 79' lang='lat' dir='ltr'><strong>Ha-</strong></span> 
     </span>
    </p>
   </div>
   <div class='ocr_carea' id='block_1_103' title="bbox 399 5552 1972 5624">
    <p class='ocr_par' dir='ltr' id='par_1_103' title="bbox 399 5552 1972 5624">
     <span class='ocr_line' id='line_1_103' title="bbox 399 5552 1972 5624; baseline 0.002 -21"><span class='ocrx_word' id='word_1_830' title='bbox 399 5553 534 5623; x_wconf 88' lang='grc' dir='ltr'>τέρα</span> <span class='ocrx_word' id='word_1_831' title='bbox 582 5552 795 5616; x_wconf 76' lang='grc' dir='ltr'>ἑαυτοῦ,</span> <span class='ocrx_word' id='word_1_832' title='bbox 837 5552 1308 5622; x_wconf 68' lang='grc' dir='ltr'>ἀνακαλούμενος*</span> <span class='ocrx_word' id='word_1_833' title='bbox 1352 5553 1384 5624; x_wconf 85' lang='grc' dir='ltr'>ἢ</span> <span class='ocrx_word' id='word_1_834' title='bbox 1430 5556 1475 5606; x_wconf 83' lang='grc' dir='ltr'><strong>εί</strong></span> <span class='ocrx_word' id='word_1_835' title='bbox 1516 5553 1816 5617; x_wconf 81' lang='grc' dir='ltr'>δυσπειθῶς</span> <span class='ocrx_word' id='word_1_836' title='bbox 1861 5554 1972 5623; x_wconf 77' lang='grc' dir='ltr'>ἔχοι</span> 
     </span>
    </p>
   </div>
   <div class='ocr_carea' id='block_1_104' title="bbox 403 5640 1971 5714">
    <p class='ocr_par' dir='ltr' id='par_1_104' title="bbox 403 5640 1971 5714">
     <span class='ocr_line' id='line_1_104' title="bbox 403 5640 1971 5714; baseline 0.003 -22"><span class='ocrx_word' id='word_1_837' title='bbox 403 5643 538 5714; x_wconf 64' lang='grc' dir='ltr'>πρὸς</span> <span class='ocrx_word' id='word_1_838' title='bbox 557 5644 748 5708; x_wconf 80' lang='grc' dir='ltr'>ταῦτα,</span> <span class='ocrx_word' id='word_1_839' title='bbox 784 5643 984 5711; x_wconf 85' lang='grc' dir='ltr'>λεγέτω</span> <span class='ocrx_word' id='word_1_840' title='bbox 1011 5644 1066 5696; x_wconf 78' lang='grc' dir='ltr'>εἰ</span> <span class='ocrx_word' id='word_1_841' title='bbox 1089 5661 1208 5696; x_wconf 89' lang='grc' dir='ltr'>τινα</span> <span class='ocrx_word' id='word_1_842' title='bbox 1235 5644 1400 5714; x_wconf 82' lang='grc' dir='ltr'>ἀλλην</span> <span class='ocrx_word' id='word_1_843' title='bbox 1436 5640 1544 5709; x_wconf 76' lang='grc' dir='ltr'>οἷός</span> <span class='ocrx_word' id='word_1_844' title='bbox 1571 5646 1630 5699; x_wconf 87' lang='grc' dir='ltr'><strong>τέ</strong></span> <span class='ocrx_word' id='word_1_845' title='bbox 1660 5647 1805 5700; x_wconf 76' lang='grc' dir='ltr'>ἐστιν</span> <span class='ocrx_word' id='word_1_846' title='bbox 1830 5644 1971 5699; x_wconf 90' lang='grc' dir='ltr'><strong>κατά</strong></span> 
     </span>
    </p>
   </div>
   <div class='ocr_carea' id='block_1_105' title="bbox 2076 4633 3639 4708">
    <p class='ocr_par' dir='ltr' id='par_1_105' title="bbox 2076 4633 3639 4708">
     <span class='ocr_line' id='line_1_105' title="bbox 2076 4633 3639 4708; baseline -0.003 -18"><span class='ocrx_word' id='word_1_847' title='bbox 2076 4635 2131 4691; x_wconf 90' lang='lat' dir='ltr'><strong>in</strong></span> <span class='ocrx_word' id='word_1_848' title='bbox 2176 4638 2314 4693; x_wconf 91' lang='lat' dir='ltr'><strong>ﬁlios</strong></span> <span class='ocrx_word' id='word_1_849' title='bbox 2348 4638 2403 4691; x_wconf 91' lang='lat' dir='ltr'><strong>in</strong></span> <span class='ocrx_word' id='word_1_850' title='bbox 2437 4639 2654 4692; x_wconf 87' lang='lat' dir='ltr'><strong>tertiam</strong></span> <span class='ocrx_word' id='word_1_851' title='bbox 2688 4644 2742 4691; x_wconf 89' lang='lat' dir='ltr'><strong>et</strong></span> <span class='ocrx_word' id='word_1_852' title='bbox 2783 4647 3032 4708; x_wconf 91' lang='lat' dir='ltr'><strong>quartam</strong></span> <span class='ocrx_word' id='word_1_853' title='bbox 3084 4637 3492 4706; x_wconf 76' lang='lat' dir='ltr'><strong>generationem</strong></span> <span class='ocrx_word' id='word_1_854' title='bbox 3522 4633 3586 4688; x_wconf 83' lang='grc'><strong>⁸⁷.</strong></span> <span class='ocrx_word' id='word_1_855' title='bbox 3619 4652 3639 4686; x_wconf 74' lang='grc' dir='ltr'><strong>ι</strong></span> 
     </span>
    </p>
   </div>
   <div class='ocr_carea' id='block_1_106' title="bbox 2075 4723 3642 4798">
    <p class='ocr_par' dir='ltr' id='par_1_106' title="bbox 2075 4723 3642 4798">
     <span class='ocr_line' id='line_1_106' title="bbox 2075 4723 3642 4798; baseline -0.004 -14"><span class='ocrx_word' id='word_1_856' title='bbox 2075 4728 2396 4786; x_wconf 86' lang='lat' dir='ltr'><strong>Clarissime</strong></span> <span class='ocrx_word' id='word_1_857' title='bbox 2420 4728 2587 4798; x_wconf 78' lang='lat' dir='ltr'><strong>igitur</strong></span> <span class='ocrx_word' id='word_1_858' title='bbox 2604 4735 2656 4782; x_wconf 87' lang='lat' dir='ltr'><strong>et</strong></span> <span class='ocrx_word' id='word_1_859' title='bbox 2679 4725 3127 4783; x_wconf 87' lang='lat' dir='ltr'><strong>manifestissime</strong></span> <span class='ocrx_word' id='word_1_860' title='bbox 3158 4735 3305 4797; x_wconf 88' lang='lat' dir='ltr'><strong>patet</strong></span> <span class='ocrx_word' id='word_1_861' title='bbox 3323 4741 3386 4781; x_wconf 78' lang='lat' dir='ltr'><strong>ex</strong></span> <span class='ocrx_word' id='word_1_862' title='bbox 3434 4725 3501 4779; x_wconf 86' lang='lat' dir='ltr'><strong>iis</strong></span> <span class='ocrx_word' id='word_1_863' title='bbox 3527 4723 3642 4779; x_wconf 66' lang='lat' dir='ltr'><strong>hac</strong></span> 
     </span>
    </p>
   </div>
   <div class='ocr_carea' id='block_1_107' title="bbox 2076 4814 3644 4892">
    <p class='ocr_par' dir='ltr' id='par_1_107' title="bbox 2076 4814 3644 4892">
     <span class='ocr_line' id='line_1_107' title="bbox 2076 4814 3644 4892; baseline -0.004 -17"><span class='ocrx_word' id='word_1_864' title='bbox 2076 4837 2198 4892; x_wconf 74' lang='lat' dir='ltr'><strong>qua:</strong></span> <span class='ocrx_word' id='word_1_865' title='bbox 2229 4821 2514 4878; x_wconf 88' lang='lat' dir='ltr'><strong>retulimus</strong></span> <span class='ocrx_word' id='word_1_866' title='bbox 2556 4818 2843 4876; x_wconf 89' lang='lat' dir='ltr'><strong>Dominum</strong></span> <span class='ocrx_word' id='word_1_867' title='bbox 2876 4819 3100 4882; x_wconf 80' lang='lat' dir='ltr'><strong>dixisse,</strong></span> <span class='ocrx_word' id='word_1_868' title='bbox 3145 4819 3406 4886; x_wconf 89' lang='lat' dir='ltr'><strong>majorem</strong></span> <span class='ocrx_word' id='word_1_869' title='bbox 3459 4814 3644 4882; x_wconf 85' lang='lat' dir='ltr'><strong>Domi-</strong></span> 
     </span>
    </p>
   </div>
   <div class='ocr_carea' id='block_1_108' title="bbox 2075 4908 3643 4980">
    <p class='ocr_par' dir='ltr' id='par_1_108' title="bbox 2075 4908 3643 4980">
     <span class='ocr_line' id='line_1_108' title="bbox 2075 4908 3643 4980; baseline -0.007 -8"><span class='ocrx_word' id='word_1_870' title='bbox 2075 4929 2208 4972; x_wconf 83' lang='lat' dir='ltr'><strong>num</strong></span> <span class='ocrx_word' id='word_1_871' title='bbox 2241 4922 2296 4970; x_wconf 86' lang='lat' dir='ltr'><strong>et</strong></span> <span class='ocrx_word' id='word_1_872' title='bbox 2328 4928 2453 4968; x_wconf 88' lang='lat' dir='ltr'><strong>vere</strong></span> <span class='ocrx_word' id='word_1_873' title='bbox 2477 4911 2786 4976; x_wconf 91' lang='lat' dir='ltr'><strong>Dominum,</strong></span> <span class='ocrx_word' id='word_1_874' title='bbox 2823 4912 3032 4968; x_wconf 89' lang='lat' dir='ltr'><strong>scilicet</strong></span> <span class='ocrx_word' id='word_1_875' title='bbox 3061 4909 3277 4965; x_wconf 85' lang='lat' dir='ltr'><strong>Patrem</strong></span> <span class='ocrx_word' id='word_1_876' title='bbox 3311 4908 3452 4980; x_wconf 88' lang='lat' dir='ltr'><strong>ejus,</strong></span> <span class='ocrx_word' id='word_1_877' title='bbox 3487 4911 3643 4963; x_wconf 58' lang='lat' dir='ltr'><strong>invov</strong></span> 
     </span>
    </p>
   </div>
   <div class='ocr_carea' id='block_1_109' title="bbox 2075 5000 3642 5062">
    <p class='ocr_par' dir='ltr' id='par_1_109' title="bbox 2075 5000 3642 5062">
     <span class='ocr_line' id='line_1_109' title="bbox 2075 5000 3642 5062; baseline -0.005 -1"><span class='ocrx_word' id='word_1_878' title='bbox 2075 5013 2314 5062; x_wconf 89' lang='lat' dir='ltr'><strong>cantem.</strong></span> <span class='ocrx_word' id='word_1_879' title='bbox 2349 5004 2450 5060; x_wconf 88' lang='lat' dir='ltr'><strong>Cui</strong></span> <span class='ocrx_word' id='word_1_880' title='bbox 2485 5005 2533 5062; x_wconf 83' lang='lat' dir='ltr'><strong>si</strong></span> <span class='ocrx_word' id='word_1_881' title='bbox 2565 5003 2697 5060; x_wconf 90' lang='lat' dir='ltr'><strong>ﬁdes</strong></span> <span class='ocrx_word' id='word_1_882' title='bbox 2729 5003 2949 5059; x_wconf 67' lang='lat' dir='ltr'><strong>difﬁcile</strong></span> <span class='ocrx_word' id='word_1_883' title='bbox 2977 5002 3322 5060; x_wconf 86' lang='lat' dir='ltr'><strong>adhibeatur,</strong></span> <span class='ocrx_word' id='word_1_884' title='bbox 3353 5000 3536 5056; x_wconf 85' lang='lat' dir='ltr'><strong>videre</strong></span> <span class='ocrx_word' id='word_1_885' title='bbox 3557 5008 3642 5056; x_wconf 85' lang='lat' dir='ltr'><strong>est</strong></span> 
     </span>
    </p>
   </div>
   <div class='ocr_carea' id='block_1_110' title="bbox 2073 5091 3645 5168">
    <p class='ocr_par' dir='ltr' id='par_1_110' title="bbox 2073 5091 3645 5168">
     <span class='ocr_line' id='line_1_110' title="bbox 2073 5091 3645 5168; baseline -0.006 -15"><span class='ocrx_word' id='word_1_886' title='bbox 2073 5113 2144 5153; x_wconf 90' lang='lat' dir='ltr'><strong>an</strong></span> <span class='ocrx_word' id='word_1_887' title='bbox 2165 5097 2271 5152; x_wconf 90' lang='lat' dir='ltr'><strong>alia</strong></span> <span class='ocrx_word' id='word_1_888' title='bbox 2301 5112 2423 5152; x_wconf 78' lang='lat' dir='ltr'><strong>esse</strong></span> <span class='ocrx_word' id='word_1_889' title='bbox 2452 5097 2627 5168; x_wconf 88' lang='lat' dir='ltr'><strong>possit</strong></span> <span class='ocrx_word' id='word_1_890' title='bbox 2657 5091 3507 5166; x_wconf 79' lang='lat' dir='ltr'><strong>hujuslociexplanatio.Quippe</strong></span> <span class='ocrx_word' id='word_1_891' title='bbox 3523 5091 3645 5146; x_wconf 86' lang='lat' dir='ltr'><strong>ani-</strong></span> 
     </span>
    </p>
   </div>
   <div class='ocr_carea' id='block_1_111' title="bbox 2074 5181 3640 5257">
    <p class='ocr_par' dir='ltr' id='par_1_111' title="bbox 2074 5181 3640 5257">
     <span class='ocr_line' id='line_1_111' title="bbox 2074 5181 3640 5257; baseline -0.006 -13"><span class='ocrx_word' id='word_1_892' title='bbox 2074 5187 2519 5245; x_wconf 84' lang='lat' dir='ltr'><strong>madvertendum</strong></span> <span class='ocrx_word' id='word_1_893' title='bbox 2534 5197 2618 5242; x_wconf 88' lang='lat' dir='ltr'><strong>est</strong></span> <span class='ocrx_word' id='word_1_894' title='bbox 2630 5201 2739 5242; x_wconf 87' lang='lat' dir='ltr'><strong>non</strong></span> <span class='ocrx_word' id='word_1_895' title='bbox 2757 5185 3008 5257; x_wconf 77' lang='lat' dir='ltr'><strong>angelum</strong></span> <span class='ocrx_word' id='word_1_896' title='bbox 3023 5182 3430 5239; x_wconf 88' lang='lat' dir='ltr'><strong>manifestatum</strong></span> <span class='ocrx_word' id='word_1_897' title='bbox 3451 5181 3640 5244; x_wconf 84' lang='lat' dir='ltr'><strong>fuisse,</strong></span> 
     </span>
    </p>
   </div>
   <div class='ocr_carea' id='block_1_112' title="bbox 2074 5273 3640 5351">
    <p class='ocr_par' dir='ltr' id='par_1_112' title="bbox 2074 5273 3640 5351">
     <span class='ocr_line' id='line_1_112' title="bbox 2074 5273 3640 5351; baseline -0.008 -13"><span class='ocrx_word' id='word_1_898' title='bbox 2074 5282 2168 5338; x_wconf 85' lang='lat' dir='ltr'><strong>sed</strong></span> <span class='ocrx_word' id='word_1_899' title='bbox 2185 5283 2360 5351; x_wconf 88' lang='lat' dir='ltr'><strong>ipsum</strong></span> <span class='ocrx_word' id='word_1_900' title='bbox 2386 5285 2830 5350; x_wconf 86' lang='lat' dir='ltr'><strong>tetragrammato</strong></span> <span class='ocrx_word' id='word_1_901' title='bbox 2849 5277 3192 5347; x_wconf 85' lang='lat' dir='ltr'><strong>designatum</strong></span> <span class='ocrx_word' id='word_1_902' title='bbox 3215 5273 3527 5339; x_wconf 90' lang='lat' dir='ltr'><strong>Dominum,</strong></span> <span class='ocrx_word' id='word_1_903' title='bbox 3546 5273 3640 5344; x_wconf 86' lang='lat' dir='ltr'><strong>qui</strong></span> 
     </span>
    </p>
   </div>
   <div class='ocr_carea' id='block_1_113' title="bbox 2073 5363 3642 5440">
    <p class='ocr_par' dir='ltr' id='par_1_113' title="bbox 2073 5363 3642 5440">
     <span class='ocr_line' id='line_1_113' title="bbox 2073 5363 3642 5440; baseline -0.008 -12"><span class='ocrx_word' id='word_1_904' title='bbox 2073 5384 2128 5428; x_wconf 88' lang='lat' dir='ltr'><strong>et</strong></span> <span class='ocrx_word' id='word_1_905' title='bbox 2163 5371 2298 5427; x_wconf 88' lang='lat' dir='ltr'><strong>facie</strong></span> <span class='ocrx_word' id='word_1_906' title='bbox 2329 5372 2395 5425; x_wconf 89' lang='lat' dir='ltr'><strong>ad</strong></span> <span class='ocrx_word' id='word_1_907' title='bbox 2433 5371 2625 5426; x_wconf 89' lang='lat' dir='ltr'><strong>faciem</strong></span> <span class='ocrx_word' id='word_1_908' title='bbox 2652 5385 2776 5425; x_wconf 91' lang='lat' dir='ltr'><strong>cum</strong></span> <span class='ocrx_word' id='word_1_909' title='bbox 2793 5367 2977 5440; x_wconf 84' lang='lat' dir='ltr'><strong>Moyse</strong></span> <span class='ocrx_word' id='word_1_910' title='bbox 2998 5367 3312 5438; x_wconf 87' lang='lat' dir='ltr'><strong>perhibetur</strong></span> <span class='ocrx_word' id='word_1_911' title='bbox 3345 5363 3642 5420; x_wconf 86' lang='lat' dir='ltr'><strong>fuissecol-</strong></span> 
     </span>
    </p>
   </div>
   <div class='ocr_carea' id='block_1_114' title="bbox 2074 5458 3639 5534">
    <p class='ocr_par' dir='ltr' id='par_1_114' title="bbox 2074 5458 3639 5534">
     <span class='ocr_line' id='line_1_114' title="bbox 2074 5458 3639 5534; baseline -0.005 -15"><span class='ocrx_word' id='word_1_912' title='bbox 2074 5467 2312 5528; x_wconf 91' lang='lat' dir='ltr'><strong>locutus,</strong></span> <span class='ocrx_word' id='word_1_913' title='bbox 2347 5478 2509 5534; x_wconf 89' lang='lat' dir='ltr'><strong>quem</strong></span> <span class='ocrx_word' id='word_1_914' title='bbox 2540 5473 2592 5518; x_wconf 90' lang='lat' dir='ltr'><strong>et</strong></span> <span class='ocrx_word' id='word_1_915' title='bbox 2622 5462 2831 5534; x_wconf 85' lang='lat' dir='ltr'><strong>Moyses</strong></span> <span class='ocrx_word' id='word_1_916' title='bbox 2867 5463 3102 5526; x_wconf 88' lang='lat' dir='ltr'><strong>invocat,</strong></span> <span class='ocrx_word' id='word_1_917' title='bbox 3143 5458 3639 5514; x_wconf 87' lang='lat' dir='ltr'><strong>manifestationem</strong></span> 
     </span>
    </p>
   </div>
   <div class='ocr_carea' id='block_1_115' title="bbox 2071 5547 3640 5626">
    <p class='ocr_par' dir='ltr' id='par_1_115' title="bbox 2071 5547 3640 5626">
     <span class='ocr_line' id='line_1_115' title="bbox 2071 5547 3640 5626; baseline -0.007 -14"><span class='ocrx_word' id='word_1_918' title='bbox 2071 5571 2170 5625; x_wconf 87' lang='lat' dir='ltr'><strong>per</strong></span> <span class='ocrx_word' id='word_1_919' title='bbox 2195 5556 2416 5626; x_wconf 89' lang='lat' dir='ltr'><strong>angelos</strong></span> <span class='ocrx_word' id='word_1_920' title='bbox 2445 5554 2770 5623; x_wconf 89' lang='lat' dir='ltr'><strong>deprecatus</strong></span> <span class='ocrx_word' id='word_1_921' title='bbox 2795 5551 2880 5606; x_wconf 90' lang='lat' dir='ltr'><strong>his</strong></span> <span class='ocrx_word' id='word_1_922' title='bbox 2908 5551 3124 5606; x_wconf 88' lang='lat' dir='ltr'><strong>verbis:</strong></span> <span class='ocrx_word' id='word_1_923' title='bbox 3155 5568 3174 5600; x_wconf 75' lang='grc' dir='ltr'><strong>ι</strong></span> <span class='ocrx_word' id='word_1_924' title='bbox 3215 5547 3271 5603; x_wconf 89' lang='lat' dir='ltr'><strong>Si</strong></span> <span class='ocrx_word' id='word_1_925' title='bbox 3301 5563 3411 5603; x_wconf 83' lang='lat' dir='ltr'><strong>non</strong></span> <span class='ocrx_word' id='word_1_926' title='bbox 3439 5559 3495 5603; x_wconf 91' lang='lat' dir='ltr'><strong>tu</strong></span> <span class='ocrx_word' id='word_1_927' title='bbox 3525 5547 3640 5617; x_wconf 88' lang='lat' dir='ltr'><strong>ipse</strong></span> 
     </span>
    </p>
   </div>
   <div class='ocr_carea' id='block_1_116' title="bbox 2076 5637 3624 5716">
    <p class='ocr_par' dir='ltr' id='par_1_116' title="bbox 2076 5637 3624 5716">
     <span class='ocr_line' id='line_1_116' title="bbox 2076 5637 3624 5716; baseline -0.004 -18"><span class='ocrx_word' id='word_1_928' title='bbox 2076 5643 2446 5716; x_wconf 68' lang='lat' dir='ltr'><strong>praecedasme</strong></span> <span class='ocrx_word' id='word_1_929' title='bbox 2461 5642 2663 5696; x_wconf 87' lang='lat' dir='ltr'><strong>educas</strong></span> <span class='ocrx_word' id='word_1_930' title='bbox 2676 5654 2776 5694; x_wconf 91' lang='lat' dir='ltr'><strong>nos</strong></span> <span class='ocrx_word' id='word_1_931' title='bbox 2789 5640 2856 5694; x_wconf 91' lang='lat' dir='ltr'><strong>de</strong></span> <span class='ocrx_word' id='word_1_932' title='bbox 2872 5641 2990 5694; x_wconf 92' lang='lat' dir='ltr'><strong>loco</strong></span> <span class='ocrx_word' id='word_1_933' title='bbox 3004 5639 3160 5694; x_wconf 76' lang='lat' dir='ltr'><strong>isto&quot;</strong></span> <span class='ocrx_word' id='word_1_934' title='bbox 3172 5642 3210 5694; x_wconf 80' lang='grc'><strong>⁸.</strong></span> <span class='ocrx_word' id='word_1_935' title='bbox 3225 5659 3244 5691; x_wconf 72' lang='grc' dir='ltr'><strong>ι</strong></span> <span class='ocrx_word' id='word_1_936' title='bbox 3267 5637 3624 5696; x_wconf 80' lang='lat' dir='ltr'><strong>Verumenim-</strong></span> 
     </span>
    </p>
   </div>
   <div class='ocr_carea' id='block_1_117' title="bbox 479 5791 1973 5869">
    <p class='ocr_par' dir='ltr' id='par_1_117' title="bbox 479 5797 1973 5869">
     <span class='ocr_line' id='line_1_117' title="bbox 479 5797 1973 5869; baseline -0.001 -15"><span class='ocrx_word' id='word_1_937' title='bbox 479 5798 520 5830; x_wconf 82' lang='grc'><strong>³⁸</strong></span> <span class='ocrx_word' id='word_1_938' title='bbox 564 5800 752 5856; x_wconf 83' lang='lat' dir='ltr'><strong>Matth.</strong></span> <span class='ocrx_word' id='word_1_939' title='bbox 791 5818 874 5865; x_wconf 68' lang='lat' dir='ltr'><strong>vi,</strong></span> <span class='ocrx_word' id='word_1_940' title='bbox 907 5801 994 5856; x_wconf 75' lang='lat'><strong>27.</strong></span> <span class='ocrx_word' id='word_1_941' title='bbox 1073 5802 1140 5834; x_wconf 63' lang='lat' dir='ltr'><strong><em>W</em></strong></span> <span class='ocrx_word' id='word_1_942' title='bbox 1181 5799 1350 5855; x_wconf 84' lang='lat' dir='ltr'><strong>Exod.</strong></span> <span class='ocrx_word' id='word_1_943' title='bbox 1383 5818 1563 5869; x_wconf 77' lang='lat' dir='ltr'><strong>xxxiv,</strong></span> <span class='ocrx_word' id='word_1_944' title='bbox 1600 5799 1718 5856; x_wconf 78' lang='lat'><strong>5-7.</strong></span> <span class='ocrx_word' id='word_1_945' title='bbox 1796 5799 1837 5830; x_wconf 75' lang='grc'><strong>³⁷</strong></span> <span class='ocrx_word' id='word_1_946' title='bbox 1878 5797 1973 5853; x_wconf 82' lang='grc' dir='ltr'>Νιιι</span> 
     </span>
    </p>
   </div>
   <div class='ocr_carea' id='block_1_118' title="bbox 2077 5791 3178 5869">
    <p class='ocr_par' dir='ltr' id='par_1_118' title="bbox 2077 5791 3178 5865">
     <span class='ocr_line' id='line_1_118' title="bbox 2077 5791 3178 5865; baseline -0.002 -13"><span class='ocrx_word' id='word_1_947' title='bbox 2077 5814 2184 5865; x_wconf 78' lang='lat' dir='ltr'><strong>xlv,</strong></span> <span class='ocrx_word' id='word_1_948' title='bbox 2225 5799 2322 5862; x_wconf 77' lang='lat' dir='ltr'><strong>l7,</strong></span> <span class='ocrx_word' id='word_1_949' title='bbox 2361 5796 2447 5850; x_wconf 80' lang='grc'><strong>18.</strong></span> <span class='ocrx_word' id='word_1_950' title='bbox 2527 5795 2593 5826; x_wconf 75' lang='grc'><strong>³⁷⁸</strong></span> <span class='ocrx_word' id='word_1_951' title='bbox 2634 5791 2806 5849; x_wconf 80' lang='lat' dir='ltr'><strong>Exod.</strong></span> <span class='ocrx_word' id='word_1_952' title='bbox 2843 5810 3053 5860; x_wconf 72' lang='lat' dir='ltr'><strong>xum,</strong></span> <span class='ocrx_word' id='word_1_953' title='bbox 3092 5793 3178 5850; x_wconf 75' lang='lat' dir='ltr'><strong>l5.</strong></span> 
     </span>
    </p>
   </div>
   <div class='ocr_carea' id='block_1_119' title="bbox 646 5897 1341 5960">
    <p class='ocr_par' dir='ltr' id='par_1_119' title="bbox 646 5897 1341 5960">
     <span class='ocr_line' id='line_1_119' title="bbox 646 5897 1341 5960; baseline 0.004 -4"><span class='ocrx_word' id='word_1_954' title='bbox 646 5900 916 5958; x_wconf 72' lang='lat' dir='ltr'><strong>PA‘I‘ROL.</strong></span> <span class='ocrx_word' id='word_1_955' title='bbox 966 5897 1084 5958; x_wconf 81' lang='lat' dir='ltr'><strong>Gn.</strong></span> <span class='ocrx_word' id='word_1_956' title='bbox 1134 5898 1341 5960; x_wconf 78' lang='lat' dir='ltr'><strong>XXII.</strong></span> 
     </span>
    </p>
   </div>
   <div class='ocr_carea' id='block_1_120' title="bbox 3209 5891 3285 5951">
    <p class='ocr_par' dir='ltr' id='par_1_120' title="bbox 3209 5891 3285 5951">
     <span class='ocr_line' id='line_1_120' title="bbox 3209 5891 3285 5951; baseline 0 0"><span class='ocrx_word' id='word_1_957' title='bbox 3209 5891 3285 5951; x_wconf 56' lang='lat' dir='ltr'><strong>3&#39;s</strong></span> 
     </span>
    </p>
   </div>
  </div>
