4106 6430
500 353 633 404 1067

1205 345 1472 402 EUSEBII
1501 344 1978 402 CESARIENSIS
2018 341 2165 398 OPP.
2203 341 2380 396 PARS
2421 332 3020 400 lli.—EXEGETIC.\.

3611 347 3749 403 1069

499 480 628 518 vero
651 478 755 516 non
777 468 1004 531 possunt
1022 462 1134 516 haec
1147 461 1214 515 de
1228 461 1334 515 alio
1354 461 1457 516 nisi
1475 461 1648 514 solum
1664 461 1730 515 de
1746 460 1854 514 Deo
1875 460 2069 526 Verbo,

2177 463 2299 525 τοὺς
2333 463 2527 524 τόπους
2555 461 2829 514 ἐπιϐαλεῖν
2852 462 3102 530 διήγησιν
3125 478 3134 489 ·
3170 461 3448 528 φυλάττων
3470 464 3530 514 τὸ
3555 463 3628 534 μὴ
3650 465 3751 533 ἄγ-

501 557 554 610 in
589 555 852 626 principio
880 554 1020 624 apud
1056 553 1245 618 Deum,
1283 553 1516 619 referri;
1549 556 1641 623 qui
1695 569 1890 624 magna
1929 571 2062 608 con-

500 656 688 702 secuto
718 646 885 716 Moysi
921 645 1186 715 majorum
1221 645 1462 700 ostendit
1503 646 1812 710 scientiam,
1862 646 2066 701 docens

499 753 621 790 eum
677 746 734 790 ut
785 737 960 792 solum
1014 751 1202 791 verum
1253 743 1546 806 cognoscat
1579 735 1770 797 Deum,
1817 744 1871 792 et
1904 751 2065 806 quem

501 829 647 882 misit
673 827 838 884 Deum
870 826 1132 888 Verbum,
1163 835 1216 882 et
1244 828 1421 898 ipsum
1456 836 1579 897 post
1611 825 1828 882 Patrem
1883 826 2069 881 Domi-

501 937 742 992 numque
799 921 1096 990 Deumque.
1129 919 1194 973 Et
1224 920 1454 990 primam
1491 919 1709 988 quidem
1760 919 1811 973 ei
1846 919 1986 974 hanc
2017 927 2070 974 et

500 1016 735 1070 maxime
770 1016 1135 1070 necessariam
1161 1015 1365 1083 praebet
1391 1013 1702 1076 utilitatem,
1737 1028 1804 1067 ne
1826 1029 2068 1082 unquam

500 1109 568 1162 de
601 1107 843 1162 omnium
877 1105 984 1160 Deo
1011 1106 1299 1175 opiniones
1329 1105 1396 1159 ad
1422 1105 1832 1161 manifestatum
1855 1105 1904 1160 ei
1938 1104 2069 1159 Ver-

504 1203 628 1253 bum
664 1216 755 1269 per
785 1201 1104 1253 immensam
1135 1213 1317 1252 rerum
1367 1197 1606 1252 visarum
1643 1197 1870 1268 gloriam
1921 1197 2068 1249 acci-

506 1294 636 1362 piat.
667 1292 829 1346 Docet
853 1291 1015 1362 igitur
1055 1290 1291 1359 seipsum
1355 1291 1589 1359 primum
1637 1290 1928 1359 solumque
1976 1305 2069 1343 ve-

502 1400 622 1438 rum
658 1384 824 1438 Deum
852 1381 1178 1453 przecedere,
1212 1397 1372 1450 quem
1401 1382 1517 1451 ipse
1541 1381 1818 1435 invocabat
1845 1381 2064 1434 dicens:

506 1494 522 1523 σ
561 1473 876 1528 Dominator
912 1472 1134 1527 Domine
1167 1471 1332 1534 Deus,
1370 1473 1684 1527 misericors
1717 1480 1773 1526 et
1800 1473 2063 1536 clemens,

500 1567 734 1634 patiens,
759 1575 813 1620 et
834 1566 1013 1619 multa:
1035 1565 1441 1627 misericordiae,
1462 1573 1514 1618 et
1543 1581 1722 1620 verus.
1762 1585 1780 1617 ›
1809 1564 2067 1620 Eamdem

500 1659 746 1727 profecto
770 1660 878 1712 vim
901 1659 1062 1712 habet
1091 1678 1108 1708 ι
1133 1674 1316 1722 verus,
1340 1677 1356 1707 ›
1383 1657 1548 1710 aeilla
1571 1675 1583 1711 :
1606 1676 1621 1707 ι
1650 1655 2070 1728 Utcognoseant

499 1758 552 1802 te
571 1749 744 1802 solum
771 1747 936 1802 Deum
960 1763 1142 1802 verum
1158 1748 1221 1809 ³⁸,
1251 1767 1268 1800 ι
1288 1747 1354 1801 ab
1377 1747 1494 1816 ipso
1509 1745 1789 1802 Salvatore
1825 1748 1877 1801 in
1901 1747 2071 1802 Evan-

2175 557 2329 624 γελον
2363 551 2502 607 εἶναι
2529 554 2620 605 τὸν
2649 553 3072 624 χρηματίζοντα,
3110 551 3223 605 ἀλλ’
3245 553 3406 607 αὐτὸν
3431 554 3524 606 τὸν
3551 555 3637 608 διὰ
3654 557 3751 610 τοῦ

2174 647 2596 719 τετραγράμμου
2644 645 2971 716 δηλούμενον
3019 645 3242 716 Κύριον,
3272 645 3330 708 ὃς
3380 645 3474 698 καὶ
3524 646 3754 712 ἐνώπιος

2175 741 2389 811 ἐνωπίῳ
2409 739 2485 810 τῷ
2501 741 2724 793 Μωῦσεῖ
2746 738 3157 810 ἀναγέγραπται
3181 735 3556 808 λελαληκέναι,
3579 738 3636 791 ὃν
3657 740 3753 793 καὶ

2175 831 2314 896 άξιοῖ
2360 831 2458 900 τὴν
2503 831 2570 883 δι’
2596 829 2842 898 ἀγγέλων
2901 828 3232 900 προστασίαν
3261 828 3688 899 παραιτούμενος
3723 831 3753 882 6

2176 921 2415 991 Μωῦσῆς
2438 920 2634 988 λέγων,
2667 939 2684 970 ι
2716 921 2777 972 Ei
2813 919 2886 990 μὴ
2919 919 3078 982 αὐτὸς
3107 919 3169 972 σὺ
3206 918 3545 991 συμπορεύῃ,
3575 920 3647 990 μή
3685 937 3752 988 με

2177 1015 2457 1084 ἀναγάγῃς
2485 1013 2753 1068 ἐντεῦθεν.
2785 1032 2803 1064 ι
2825 1011 2982 1064 Ἀλλά
3005 1011 3112 1082 γὰρ
3137 1012 3233 1082 οὐχ
3258 1005 3368 1062 οἷόν
3393 1027 3450 1063 τε
3475 1009 3650 1063 ταῦτα
3669 1012 3751 1079 ἐφ’

2176 1110 2359 1180 ἕτερον
2397 1108 2430 1178 ἥ
2463 1108 2553 1159 ἐπὶ
2595 1109 2752 1175 μόνον
2785 1107 2873 1160 τὸν
2903 1107 2960 1157 ἐν
2989 1107 3128 1176 ἀρχῇ
3163 1105 3298 1174 πρὸς
3329 1105 3419 1156 τὸν
3459 1103 3590 1156 Θεὸν
3621 1102 3753 1155 Θεὸν

2177 1202 2346 1269 Λόγον
2399 1200 2721 1269 ἀναφέρειν·
2750 1198 2808 1260 ὃς
2841 1197 3087 1267 μεγάλων
3130 1196 3398 1266 ἐφιεμένῳ
3422 1194 3499 1265 τῷ
3531 1196 3756 1249 Μωῦσεί

2175 1291 2272 1360 τὴν
2318 1289 2412 1342 τοῦ
2445 1289 2687 1359 μείζονος
2727 1287 2980 1358 ἐμφαίνει
3014 1286 3234 1356 γνῶσιν,
3265 1285 3530 1339 παιδεύων
3564 1285 3754 1338 ἐαυτὸν

2175 1383 2321 1445 ὅπως
2363 1380 2430 1435 ἂν
2477 1379 2716 1450 γινώσκη
2767 1381 2856 1432 τὸν
2903 1378 3060 1450 μόνον
3108 1378 3354 1448 ἀληθινὸν
3397 1377 3548 1440 Θεὸν,
3575 1378 3667 1430 καὶ
3696 1377 3754 1430 ὃν

2177 1475 2460 1528 ἀπέστειλε
2491 1473 2620 1525 Θεὸν
2646 1473 2836 1540 Λόγον,
2895 1473 3161 1544 δευτέρως
3191 1472 3282 1523 καὶ
3309 1469 3468 1524 αὐτὸν
3505 1469 3632 1523 ὄντα
3661 1487 3756 1540 με·

2175 1565 2245 1618 τά
2273 1564 2364 1617 τὸν
2396 1564 2616 1634 Πατέρα
2644 1563 2736 1617 καὶ
2777 1563 2979 1634 Κύριον
3013 1564 3105 1616 καλ⁸
3131 1563 3262 1615 Θεὸν
3283 1580 3295 1592 ·
3326 1563 3419 1616 καλ⁵
3441 1562 3662 1635 πρώτην
3689 1580 3753 1631 γε

2176 1655 2326 1726 αὐτῷ
2365 1656 2570 1725 ταύτην
2607 1656 2702 1709 καὶ
2747 1655 3184 1726 ἀναγκαιοτάτην
3229 1655 3457 1726 παρέχει
3490 1654 3586 1726 τὴν
3613 1656 3756 1724 ώφέ-

2176 1748 2348 1811 λειαν,
2376 1747 2450 1810 ὡς
2477 1746 2542 1800 ἂν
2582 1749 2791 1818 μήποτε
2819 1747 2916 1810 τάξ
2955 1747 3082 1817 περὶ
3128 1746 3263 1799 Θεοῦ
3295 1746 3402 1800 τῶν
3445 1747 3580 1800 ὅλων
3620 1749 3752 1801 ὐπο-

500 1840 655 1910 geliis
677 1839 840 1892 dicta.
864 1837 986 1892 Haec
1005 1853 1110 1892 non
1130 1837 1488 1892 intellexisset
1511 1838 1689 1891 omnis
1716 1839 1968 1908 populus,
2001 1839 2069 1894 ad

2177 1841 2320 1903 νοίας
2370 1841 2462 1892 ἐπὶ
2516 1839 2606 1891 τὸν
2651 1839 3056 1910 χρηματίζοντα
3100 1838 3250 1910 αὐτῷ
3297 1839 3469 1908 Λόγον
3520 1839 3607 1892 διὰ
3656 1840 3754 1911 τὴν

499 1947 683 1999 quem,
700 1931 884 1984 rudem
909 1930 1109 1992 adhuc,
1135 1946 1164 1982 a
1181 1929 1565 1984 manifestante
1589 1945 1648 1984 se
1668 1929 1898 1984 Domino
1921 1930 2071 1984 dice-

500 2024 660 2077 batur
685 2042 696 2076 :
726 2042 743 2072 ‹
765 2021 874 2092 Ego
895 2039 1038 2086 sum,
1055 2030 1108 2078 et
1141 2037 1249 2076 non
1275 2028 1358 2077 est
1375 2022 1512 2077 alius
1535 2030 1730 2091 praeter
1747 2037 1830 2076 me
1845 2021 1932 2076 ⁸⁸2
1962 2041 1979 2073 ι
2003 2020 2072 2076 lis

499 2117 642 2168 enim
671 2125 934 2184 opuserat
956 2115 1110 2183 quasi
1145 2115 1472 2169 rudimentis
1499 2115 1564 2169 ad
1593 2131 1816 2186 regnum
1837 2113 1955 2175 Dei.
1979 2114 2072 2184 qui

506 2207 748 2260 nondum
780 2205 958 2260 Patris
981 2216 1033 2260 et
1053 2206 1170 2260 Filii
1198 2208 1448 2278 dogmata
1466 2208 1758 2262 conciliare
1797 2215 2070 2278 poterant,

505 2299 887 2372 Egyptiorum
932 2301 1237 2356 idololatria
1287 2303 1600 2372 nuperrime
1646 2301 1877 2370 abjecta.
1911 2321 1928 2352 ι
1959 2301 2072 2372 Ego

498 2407 640 2456 sum,
661 2400 715 2446 et
736 2408 843 2448 non
867 2402 951 2448 est
972 2394 1113 2449 alius
1137 2401 1329 2464 praeter
1353 2409 1468 2457 me;
1496 2412 1514 2442 ›
1543 2409 1605 2447 ex
1633 2391 1723 2447 Dei
1757 2391 1918 2447 Verbi
1943 2408 2068 2462 per-

502 2500 636 2539 sona
661 2483 935 2539 diceretur
971 2484 1223 2538 similiter
1243 2499 1306 2537 ac
1350 2502 1364 2537 τ
1401 2503 1419 2534 ι
1466 2483 1579 2554 Ego
1621 2494 1674 2538 et
1713 2483 1872 2538 Pater
1903 2498 2069 2536 unum

501 2591 692 2630 sumus
711 2575 789 2638 ³⁹ς
824 2593 842 2627 ι
865 2583 948 2630 et:
975 2593 994 2626 ι
1016 2574 1175 2629 Pater
1192 2574 1246 2629 in
1266 2591 1350 2629 me
1366 2583 1471 2638 est,
1493 2583 1546 2628 et
1565 2591 1664 2645 ego
1685 2575 1738 2629 in
1757 2573 1917 2628 Patre
1931 2575 2018 2625 ³⁸⁸.
2047 2592 2066 2625 ι

501 2666 966 2734 Quemadmodum
1001 2667 1094 2736 qui
1117 2667 1249 2721 vidit
1281 2682 1440 2731 eum,
1473 2667 1607 2721 vidit
1637 2666 1872 2728 Patrem,
1931 2665 2074 2720 sicut

502 2760 709 2814 dictum
730 2768 844 2815 est:
877 2778 894 2809 ι
933 2759 1036 2826 Qui
1080 2759 1226 2814 videt
1267 2774 1376 2823 mc,
1410 2759 1557 2812 videt
1607 2765 1661 2812 et
1693 2756 1906 2812 Patrem
1927 2757 2009 2822 ⁴⁰;
2050 2776 2070 2809 ι

502 2849 575 2903 ita
597 2851 688 2920 qui
711 2866 834 2905 eum
879 2849 1049 2914 audit,
1084 2849 1238 2903 audit
1278 2861 1328 2904 et
1371 2848 1588 2903 Patrem
1639 2849 1732 2917 qui
1778 2856 1862 2900 est
1904 2848 1956 2901 in
1988 2863 2074 2909 eo,

451 2987 455 2990 .
501 2957 626 2996 eum
651 2942 784 2995 dicit
810 2961 822 2995 :
856 2960 874 2991 ι
910 2940 1020 3010 Ego
1051 2956 1194 3001 sum,
1223 2949 1277 2995 et
1306 2957 1414 2994 non
1436 2949 1518 2995 est
1546 2941 1686 2993 alius
1707 2946 1898 3008 praeter
1919 2954 2022 2992 me.
2057 2957 2074 2989 ι

2178 1929 2482 2001 ὑπερϐολὴν
2509 1929 2609 1998 τῆς
2633 1929 2792 2000 δόξης
2821 1930 2928 1984 τῶν
2962 1930 3350 2002 θεωρουμένων
3387 1931 3606 1984 ἐκλάϐοι
3627 1949 3640 1960 ·
3671 1931 3752 1984 δι-

2174 2023 2361 2076 δάσκει
2403 2021 2500 2094 [εἰ]
2540 2023 2584 2075 δ’
2609 2018 2702 2076 οὖν
2733 2023 2894 2076 αὑτὸν
2927 2023 3140 2094 πρῶτον
3172 2024 3267 2076 καὶ
3301 2023 3458 2093 μόνον
3504 2023 3755 2094 ἀληθινὸν

2173 2115 2306 2168 Θεὸν
2348 2114 2597 2186 ἡγεῖσθαι
2642 2114 2849 2178 τοῦτον,
2879 2115 2938 2167 ὃν
2990 2115 3149 2178 αὐτὸς
3195 2114 3510 2168 ἐπεκαλεῖτο
3558 2115 3753 2184 λέγων,

2179 2226 2198 2257 ‹
2238 2206 2459 2278 Κύριος,
2479 2206 2683 2278 Κύριος
2703 2205 2874 2271 όΘεὸς
2896 2206 3194 2277 οἰκτίρμων
3226 2208 3318 2260 καὶ
3339 2207 3602 2278 ἐλεήμων,
3651 2223 3756 2276 μα-

2174 2297 2466 2368 κρόθυμος,
2493 2300 2584 2352 καὶ
2603 2298 2904 2361 πολυέλεος,
2922 2299 3015 2352 καὶ
3037 2298 3306 2369 ἀληθινός.
3335 2320 3352 2350 ι
3382 2298 3624 2370 Πρόσχες
3645 2297 3757 2369 γὰρ

2174 2389 2448 2460 ἐπιμελῶς
2475 2389 2551 2460 τῷ
2587 2410 2604 2440 ε
2631 2391 2880 2462 ἀληθινὸς
2909 2410 2926 2440 ι
2953 2391 3349 2460 παραπλησίως
3377 2390 3651 2462 εἰρημένῳ
3677 2389 3756 2458 τῷ

2181 2481 2329 2534 ι”Ινα
2353 2479 2698 2548 γιγνώσκωσί
2735 2498 2793 2533 σε
2823 2482 2913 2534 τὸν
2947 2481 3106 2552 μόνον
3141 2481 3390 2552 ἀληθινὸν
3415 2481 3566 2545 Θεὸν,
3604 2502 3620 2532 ι
3651 2481 3756 2535 ὑπὸ

2173 2571 2268 2624 τοῦ
2316 2571 2477 2625 αὑτοῦ
2523 2573 2773 2644 Σωτῆρος
2819 2573 2875 2624 ἐν
2906 2575 3016 2633 τοῖς
3049 2572 3398 2642 Εὐαγγελίοις
3441 2573 3752 2645 εἰρημένῳ·

2176 2663 2349 2718 ταῦτα
2377 2665 2420 2716 δ’
2452 2666 2551 2718 οὐκ
2579 2665 2643 2718 ἂν
2671 2665 2946 2738 ἐχώρησεν
2975 2668 3004 2720 6
3039 2669 3142 2730 πᾶς
3173 2666 3299 2730 λαὸς
3321 2667 3456 2739 πρὸς
3479 2667 3555 2732 ὃν,
3584 2660 3670 2720 οἷα
3691 2665 3757 2738 δὴ

2180 2755 2558 2826 εἰσαγόμενον,
2587 2756 2693 2808 ὑπὸ
2726 2756 2820 2808 τοῦ
2850 2757 3280 2828 χρηματίζοντος
3309 2757 3545 2827 ἐλέγετο,
3575 2777 3592 2809 ι
3617 2757 3758 2827 Ἐγώ

2182 2846 2296 2915 εἰμι
2325 2846 2417 2898 καὶ
2445 2846 2544 2898 οὐκ
2568 2845 2713 2899 ἐστιν
2741 2845 2820 2899 ἔτι
2843 2847 2984 2917 πλὴν
3006 2847 3140 2918 ἐμοῦ
3157 2865 3171 2878 ο
3205 2869 3224 2900 ι
3255 2848 3462 2903 ἐδέοντο
3485 2850 3592 2922 γὰρ
3612 2843 3759 2902 οῦτοι

2188 2936 2556 3006 στοιχειώδους
2581 2938 2889 3008 εἰσαγωγῆς
2916 2939 2995 2991 ἔτι
3018 2940 3116 3007 τῆς
3146 2941 3276 3010 περὶ
3298 2940 3432 2993 Θεοῦ
3460 2941 3761 3012 μοναρχίας

498 3036 598 3106 οὐχ
616 3029 716 3088 οἶοί
745 3035 804 3087 τέ
829 3051 942 3096 πως
960 3033 1109 3096 ὄντες
1143 3033 1208 3087 τὰ
1241 3034 1368 3104 περ).
1387 3034 1598 3104 Πατρὸς
1621 3035 1712 3087 καὶ
1728 3033 1856 3086 Υἱοῦ
1877 3032 2120 3101 δόγματα
2157 3029 2464 3101 διαρθροῦν,
2485 3031 2577 3083 ἆτε
2604 3029 2828 3100 ἔναγχος
2865 3032 2962 3101 τῆς
3000 3031 3311 3099 Αἰγυπτίων
3339 3033 3595 3087 πολυθέου
3621 3032 3760 3087 πλά-

499 3148 598 3201 νης
630 3130 1014 3200 ἀφεστηκότες.
1048 3129 1122 3181 Τὸ
1144 3129 1199 3181 δὲ
1233 3147 1250 3180 ι
1275 3128 1413 3199 Ἐγώ
1436 3131 1549 3200 εξμι
1584 3129 1678 3182 καὶ
1713 3130 1814 3181 οὑκ
1875 3128 2019 3181 ἔστιν
2064 3127 2144 3180 ἔτι
2185 3126 2321 3197 πλὴν
2345 3126 2478 3196 ἐμοῦ
2509 3146 2528 3176 ι
2560 3126 2753 3195 λέγοιτ’
2781 3127 2846 3181 ἂν
2878 3129 2940 3180 ἐκ
2974 3128 3264 3199 προσώπου
3298 3128 3389 3182 τοῦ
3421 3130 3554 3182 Θεοῦ
3579 3130 3756 3198 Λόγου

500 3227 700 3296 ὁμοίως
730 3208 826 3296 τῷ,
866 3243 884 3276 ‹
909 3224 1048 3293 Ἐγὼ
1077 3226 1170 3279 καὶ
1198 3227 1226 3278 6
1261 3225 1320 3296 (ί.
1358 3227 1423 3280 12
1453 3226 1538 3297 νο)
1574 3226 1762 3298 Πατὴρ
1790 3226 1847 3279 ἓν
1880 3226 2044 3296 ἐσμεν
2065 3242 2077 3255 ο
2121 3225 2214 3278 καὶ
2235 3223 2344 3293 ἐγὼ
2365 3226 2422 3277 ἐν
2442 3223 2518 3294 τῷ
2545 3225 2721 3296 Πατρὶ
2745 3227 2837 3278 καὶ
2858 3226 2886 3278 ὁ
2908 3227 3097 3298 Πατὴρ
3120 3227 3176 3279 ἐν
3199 3227 3338 3298 ἐμοί.
3372 3247 3391 3278 ι
3429 3227 3513 3290 Ὡς
3537 3230 3588 3296 γ’
3605 3224 3697 3281 οῦν
3724 3231 3758 3282 6

503 3323 762 3394 ἐωρακὼς
783 3322 942 3375 αὑτὸν
965 3321 1174 3390 ἐώρακε
1212 3321 1304 3376 τὸν
1341 3322 1582 3394 Πατέρα,
1619 3323 1759 3376 κατὰ
1781 3323 1890 3386 τὸ,ι
1912 3322 1970 3375 Ὀ
1987 3320 2249 3392 ἑωρακὼς
2273 3319 2373 3390 ἐμέ
2401 3319 2612 3391 ἐώρακε
2649 3321 2740 3372 τὸν
2781 3321 3003 3393 Πατέρα
3034 3322 3125 3374 τὸν
3152 3322 3440 3392 πέμψαντά
3480 3341 3576 3394 με·
3604 3344 3622 3375 ι
3663 3325 3759 3378 τὸν

501 3420 662 3474 αὐτὸν
677 3418 875 3488 τρόπον
895 3420 922 3471 6
941 3417 1105 3471 αὑτοῦ
1123 3418 1334 3472 ἁκούων
1350 3417 1445 3471 τοῦ
1485 3419 1542 3472 ἐν
1571 3417 1720 3488 αὐτῷ
1741 3419 1952 3490 Πατρὸς
1989 3419 2152 3488 ἤκουε
2190 3416 2436 3485 λέγοντος
2454 3417 2533 3478 τὸ,
2558 3435 2575 3466 ι
2601 3415 2740 3484 Ἐγώ
2767 3420 2882 3488 εἰμι
2913 3418 3004 3470 mi.
3023 3419 3126 3471 οὐκ
3153 3419 3297 3472 ἐστιν
3314 3419 3391 3472 ἔτι
3409 3419 3546 3491 πλὴν
3566 3419 3720 3492 ἐμοῦ.
3735 3441 3756 3473 ο

575 3515 701 3570 Haec
761 3514 988 3570 eli‘usius
1033 3515 1294 3582 diximus,
1341 3515 1720 3570 demonstrare
1769 3523 2070 3587 quaerentes

2249 3512 2435 3567 Ταῦτα
2479 3513 2522 3564 δ’
2554 3516 2687 3584 ἡμῖν
2734 3513 2810 3577 ὼς
2844 3516 2900 3568 ἐν
2942 3514 3282 3586 τηλικούτοις
3324 3516 3536 3587 εἴρηται
3577 3532 3760 3587 παρα-

501 3608 644 3678 quod
671 3608 859 3679 procul
899 3608 1066 3662 dubio
1097 3623 1273 3679 neque
1299 3610 1542 3663 omnium
1574 3609 1742 3673 Deus,
1773 3625 1949 3681 neque
1974 3624 2070 3662 an-

2177 3605 2371 3675 στῆσαι
2402 3604 2763 3676 βουλομένοις,
2787 3607 2869 3659 ὅτι
2897 3605 2961 3677 δὴ
2998 3608 3413 3678 ἀναμφιλέκτως
3441 3608 3563 3661 οὔτε
3594 3613 3622 3662 6
3649 3610 3762 3662 τῶν

502 3701 672 3771 gelica
730 3701 934 3770 qumvis
991 3709 1262 3770 potestas,
1316 3701 1411 3755 sed
1463 3701 1641 3771 ipsum
1690 3701 1784 3756 Dei
1833 3701 2070 3757 Verbum

2177 3698 2308 3752 ὅλων
2340 3698 2492 3761 Θεὸς,
2522 3696 2646 3750 οὔτε
2684 3699 2946 3770 ἀγγελική
2992 3718 3073 3762 τις
3106 3699 3334 3770 δύναμις
3380 3696 3447 3772 ἦν
3477 3703 3509 3772 ἠ
3545 3719 3766 3772 χρημα-

505 3793 674 3864 Moysi
729 3794 1004 3862 apparuit,
1039 3793 1186 3864 quod
1249 3793 1482 3850 ﬁrmiter
1528 3795 1886 3861 credidimus,
1949 3803 2070 3866 post

2177 3789 2395 3853 τίζουσα
2427 3789 2505 3860 τῷ
2527 3791 2773 3854 Μωῦσεῖ,
2813 3791 2972 3855 αὐτὸς
2993 3791 3048 3844 δὲ
3081 3794 3109 3846 6
3137 3791 3281 3856 θεῖος
3313 3793 3501 3862 Λόγος,
3524 3795 3581 3846 ὃν
3597 3795 3760 3865 ἀκρι-

500 3888 742 3940 omnium
771 3885 987 3941 Patrem
1021 3894 1074 3941 et
1107 3887 1418 3949 Dominum.
1444 3889 1745 3944 secundum
1777 3905 1900 3944 esse
1953 3903 2070 3942 om-

2177 3882 2286 3947 ϐὡς
2316 3882 2762 3953 πεπιστεύκαμεν
2801 3884 2938 3954 μετὰ
2983 3883 3074 3936 τὸν
3102 3885 3210 3937 τῶν
3242 3885 3376 3938 ὅλων
3411 3885 3630 3956 Πατέρα
3665 3887 3765 3941 καὶ

501 3983 651 4037 nium
709 3979 993 4035 Dominum
1024 3989 1077 4034 et
1121 3980 1330 4046 Deum;
1365 3981 1503 4036 sicut
1560 3979 1801 4036 Joannes
1838 3997 2075 4051 evange-

495 4074 622 4129 lista
656 4073 816 4128 nobis
845 4073 1191 4142 apertissime
1216 4073 1476 4137 ostendit,
1511 4073 1702 4128 dicens
1731 4093 1744 4128 :
1780 4091 1798 4124 ι
1837 4072 1892 4126 ln
1918 4075 2071 4143 prin-

500 4166 644 4236 cipio
678 4173 795 4222 erat
815 4163 1075 4224 Verbum.
1113 4175 1165 4220 et
1194 4163 1432 4218 Verbum
1472 4172 1590 4218 erat
1620 4165 1762 4235 apud
1799 4166 1986 4228 Deum,
2017 4171 2071 4219 et

500 4255 652 4312 Deus
679 4265 797 4312 erat
822 4257 1059 4312 Verbum
1085 4257 1178 4311 ⁸⁸⁸.
1218 4277 1235 4308 ι
1274 4255 1464 4310 Nimiae
1494 4265 1674 4312 autem
1703 4273 1878 4327 opera:
1901 4273 2076 4327 neque

501 4349 767 4418 propositi
828 4347 1000 4403 nostri
1055 4355 1200 4402 esset
1254 4348 1544 4418 exquirere
1587 4349 1711 4418 quis
1739 4349 1914 4413 locus,
1950 4365 2073 4418 quze

500 4451 654 4509 petra
682 4439 879 4506 forent,
912 4441 980 4494 de
1017 4440 1217 4510 quibus
1252 4439 1385 4495 dicit
1420 4441 1686 4497 Dominus
1716 4461 1730 4498 :
1773 4461 1791 4493 ι
1827 4442 1966 4496 Ecce
1989 4451 2075 4497 est

501 4529 654 4583 locus
708 4530 846 4599 apud
895 4546 981 4582 me
1030 4537 1084 4583 et
1140 4531 1310 4584 stabis
1349 4546 1516 4600 super
1562 4541 1771 4600 petram
1801 4533 1867 4586 “.
1910 4553 1927 4584 ›
1966 4531 2074 4587 Sed

499 4622 640 4675 hanc
675 4630 879 4692 petram
935 4623 1227 4692 Apostolus
1266 4623 1525 4677 indicavit
1565 4624 1751 4678 dicens
1792 4643 1804 4678 :
1847 4643 1863 4674 ι
1903 4622 2063 4677 Petra

500 4721 679 4767 autem
710 4723 826 4769 erat
853 4713 1106 4769 Christus
1128 4714 1219 4767 ⁸¹⁴.
1257 4735 1274 4766 ι
1304 4713 1464 4769 Petra
1501 4715 1765 4785 locusque
1795 4723 1952 4769 erant
1980 4731 2074 4770 ea-

499 4805 643 4867 dem,
674 4807 944 4875 suspieor,
975 4821 1095 4874 qua:
1119 4805 1277 4858 obvia
1317 4805 1535 4860 fuerunt
1557 4803 1762 4858 Iacobo
1783 4845 1797 4867 ,
1831 4819 1953 4858 cum
1989 4804 2074 4857 dio

2176 3978 2379 4049 Κύριον
2411 3978 2661 4048 δεύτερον
2699 3972 2836 4028 εἶναι
2868 3975 2978 4029 τῶν
3004 3976 3262 4032 ἁπάντων
3289 3978 3419 4030 Θεόν
3445 3995 3503 4030 τε
3538 3978 3632 4031 καὶ⁵
3651 3979 3764 4031 Κύ-

2179 4087 2326 4141 ριονο
2353 4069 2542 4141 ὥσπερ
2595 4069 2658 4140 δὴ
2691 4069 2785 4121 καὶ
2818 4071 2846 4120 6
2876 4068 3267 4140 εὐαγγελιστὴς
3310 4069 3561 4139 Ἰωάννης
3595 4070 3765 4138 σαφέ-

2179 4179 2364 4234 στερον
2396 4163 2545 4232 ἡμᾶς
2566 4160 2814 4213 παιδεύει
2835 4160 3028 4228 λέγων·
3062 4180 3079 4210 ι
3126 4161 3213 4212 Ἐν
3235 4161 3375 4232 ἀρχῇ
3405 4157 3472 4232 ἦν
3499 4163 3526 4213 6
3564 4161 3760 4230 Λόγος·

2176 4256 2270 4308 καὶ
2294 4257 2322 4308 6
2351 4254 2520 4322 Λόγος
2540 4249 2606 4324 ἦν
2630 4253 2764 4324 πρὸς
2788 4251 2878 4304 τὸν
2899 4251 3030 4303 Θεὸν
3053 4267 3066 4280 ·
3096 4251 3190 4304 καὶ
3220 4251 3353 4315 Θεὸς
3373 4247 3441 4321 ἦν
3463 4255 3490 4304 6
3520 4254 3691 4323 Λόγος
3707 4271 3719 4284 ο
3739 4275 3758 4304 ι

2177 4345 2378 4415 πολλῆς
2411 4345 2453 4397 δ’
2486 4345 2552 4399 ἂν
2580 4345 2786 4412 γένοιτο
2819 4344 2913 4396 καὶ
2949 4343 3070 4412 οὐχὶ
3108 4343 3209 4413 τῆς
3234 4345 3516 4416 παρούσης
3562 4345 3762 4416 σχολῆς

2178 4438 2493 4510 σαφηνίζειν
2542 4439 2627 4502 τίς
2663 4437 2748 4508 ἄρ’
2773 4439 2857 4508 εἴη
2893 4439 2920 4490 6
2957 4437 3119 4500 τόπος
3152 4439 3244 4489 καὶ
3271 4439 3304 4507 ἡ
3334 4437 3504 4508 πέτρα
3528 4439 3656 4509 περὶ
3687 4433 3764 4492 ὦν

2174 4524 2328 4581 εἶπεν
2360 4531 2388 4581 6
2419 4528 2642 4600 Κύριος,
2683 4546 2702 4578 ι
2745 4527 2875 4582 Ἰδοὺ
2907 4529 3068 4593 τόπος
3125 4531 3256 4600 παρ’
3285 4531 3408 4600 ἐμοὶ
3446 4531 3540 4583 καὶ¹
3591 4535 3766 4605 στήσῃ

2176 4618 2267 4670 ἐπὶ
2297 4618 2394 4688 τῆς
2425 4618 2629 4688 πέτρας
2648 4635 2661 4648 ·
2693 4638 2711 4670 ι
2751 4618 2864 4672 ἀλλ’
2898 4621 2926 4672 6
2947 4620 3045 4690 μὲν
3091 4619 3412 4683 Ἀπόστολος
3431 4620 3530 4690 τὴν
3557 4621 3766 4692 πέτραν

2178 4709 2443 4780 ἐδήλωσεν
2473 4711 2660 4774 εἰπὼν,
2702 4729 2721 4761 ι
2766 4711 2829 4764 Ἦ
2859 4712 3034 4783 πέτρα
3061 4712 3118 4765 δέ
3157 4708 3225 4783 ἦν
3248 4715 3274 4766 6
3311 4711 3566 4784 Χριστός.
3595 4735 3612 4767 ι
3649 4718 3765 4771 Οὐκ

2177 4801 2334 4856 ἄλλον
2361 4803 2417 4856 δὲ
2445 4804 2544 4873 τῆς
2568 4804 2776 4874 πέτρας
2807 4805 2936 4858 ὄντα
2966 4806 3059 4858 καὶ
3092 4807 3184 4859 τὸν
3200 4806 3362 4859 τόπον
3389 4807 3766 4879 ὑπολαμϐάνω

499 4894 688 4948 citur:
729 4914 746 4946 ι
776 4869 1050 4964 Ἐενοεειιε
1113 4895 1280 4964 igitur
1324 4892 1494 4949 Jaeob
1557 4894 1626 4948 de
1690 4902 1855 4964 puteo
1915 4895 2068 4964 iura-

2180 4895 2271 4949 τὸν
2302 4895 2462 4950 αὑτὸν
2520 4897 2855 4966 τυγχάνοντα
2909 4897 2986 4967 τῷ
3035 4898 3408 4970 ἀπαντήσαντι
3444 4899 3522 4969 τῷ
3568 4901 3764 4956 Ἰακὼϐ

499 4987 710 5051 menti,
775 4988 1029 5058 pergebat
1083 4986 1326 5052 ﬂarrah;
1365 4996 1417 5040 et
1462 4987 1681 5041 obvium
1735 4987 1928 5042 habuit
1989 4987 2074 5041 lo-

499 5079 714 5141 cum",
756 5099 772 5130 ι
814 5093 899 5141 ac,
935 5080 1027 5133 ubi
1066 5079 1120 5133 in
1154 5078 1362 5133 somnis
1389 5077 1582 5132 videns
1615 5079 1815 5133 scalam
1838 5119 1851 5142 ,
1885 5079 2073 5149 illique

500 5170 748 5224 innixum
823 5169 1152 5229 Dominum,
1243 5184 1370 5223 eum
1446 5169 1809 5238 evigilasset,
1872 5170 2069 5224 dixit:

506 5280 525 5312 ι
564 5261 697 5315 Vere
721 5260 982 5315 Dominus
1009 5269 1092 5315 est
1143 5260 1196 5313 in
1228 5261 1348 5315 loco
1390 5260 1498 5314 isto
1519 5260 1610 5322 W,
1653 5279 1671 5312 ι
1709 5262 2018 5316 ιιοιειιτειιε
2056 5280 2069 5314 :

505 5370 526 5404 ι
556 5350 730 5418 Quam
761 5353 1023 5407 terribilis
1051 5363 1135 5407 est
1174 5353 1328 5408 locus
1359 5353 1496 5406 iste!
1535 5350 1653 5406 Non
1685 5361 1766 5407 est
1793 5353 1880 5406 hic
1920 5353 2066 5406 aliud

501 5446 609 5500 nisi
639 5446 834 5500 domus
868 5445 960 5498 Dei
1013 5455 1066 5498 et
1113 5457 1266 5515 porta
1321 5445 1542 5500 caeli".
1582 5465 1599 5496 ›
1636 5445 1895 5511 Quaenam
1944 5461 2073 5500 vero

502 5536 574 5590 sit
594 5537 759 5592 facies
786 5537 880 5592 Dei
909 5535 1089 5600 Verbi.
1123 5553 1286 5608 quam
1305 5539 1492 5608 nequit
1521 5537 1754 5609 Moyses,
1778 5539 1830 5593 id
1856 5546 1940 5593 est
1967 5539 2073 5602 lex,

2183 4988 2310 5042 ἔνθα
2360 4988 2690 5060 γέγραπται,
2730 5009 2748 5041 ι
2814 4989 3066 5060 Ἐξῆλθεν
3111 4991 3168 5043 δὲ
3215 4993 3243 5044 6
3290 4990 3483 5044 Ἰακὼϐ
3518 4995 3628 5048 άπὸ
3669 4994 3758 5047 τοῦ

2183 5081 2417 5152 φρέατος
2465 5079 2558 5133 τοῦ
2587 5081 2770 5153 ὅρκου,
2821 5081 2915 5134 καὶ
2947 5081 3218 5154 ἐπορεύθη
3253 5085 3332 5148 είς
3363 5085 3611 5156 Χαρράν.
3658 5087 3756 5137 Καὶ

2181 5173 2460 5243 ἀπήντησε
2490 5173 2641 5243 τόπῳ
2676 5191 2693 5224 ι
2732 5171 2860 5225 ἔνθα
2887 5173 2983 5226 καὶ
3015 5172 3137 5228 ίδὼν
3166 5177 3225 5227 ἐν
3245 5175 3482 5246 ὁράματι
3509 5177 3609 5247 τὴν
3641 5176 3752 5229 κλί-

2186 5281 2334 5335 μακα
2363 5267 2457 5318 καὶ
2473 5264 2563 5319 τὸν
2583 5265 2668 5318 ἐπ’
2699 5265 2866 5335 αὐτῆς
2896 5267 3288 5337 ἐστηριγμένον
3319 5268 3755 5338 Κύριον,διυπνι-

2182 5356 2328 5421 σθείς
2357 5375 2541 5428 φησιν,
2577 5376 2596 5408 ι
2629 5359 2750 5409 Ὅτι
2777 5356 2890 5409 ἔστι
2923 5356 3126 5429 Κύριος
3157 5361 3214 5412 ἐν
3240 5359 3317 5430 τῷ
3343 5362 3494 5431 τόπῳ
3525 5359 3713 5428 τούτῳο
3733 5377 3752 5409 ι

2181 5451 2275 5502 καὶ
2333 5449 2494 5502 πάλιν
2539 5445 2708 5503 εἶπεν·
2743 5469 2760 5500 ι
2814 5451 2900 5513 Ὠς
2945 5450 3173 5522 φοϐερὸς
3214 5453 3242 5504 6
3281 5451 3443 5515 τόπος
3467 5446 3636 5514 οὗτος,
3660 5453 3763 5504 οὐκ

2185 5541 2298 5594 ἐστι
2336 5541 2497 5595 τοῦτο
2543 5541 2654 5595 ἀλλ’
2687 5542 2720 5614 ἢ
2756 5537 2901 5605 οἶκος
2931 5541 3026 5594 τοῦ
3061 5541 3225 5595 Θεοῦ’
3259 5546 3353 5598 καὶ
3393 5545 3530 5615 αὑτὴ
3555 5545 3588 5615 ἡ
3617 5543 3762 5616 πύλη

573 5716 629 5793 3:
655 5715 812 5793 Joan.
845 5733 990 5780 xvn,
1023 5720 1100 5793 ὅ..-
1153 5718 1418 5793 ’°f_De_u_t.
1453 5735 1637 5793 χχιιι,
1674 5720 1776 5793 59A,
1839 5720 1884 5793 f9
1925 5721 2060 5776 Joan

2177 5767 2180 5779 .
2215 5724 2307 5777 30.
2384 5722 2449 5753 ³’⁴
2481 5723 2609 5777 ibid.
2646 5723 2734 5777 58.
2811 5725 2857 5756 ⁸ο
2884 5724 3040 5778 Joan.
3081 5742 3189 5787 xw,
3228 5726 3261 5779 9
3363 5724 3615 5781 "'Joan.
3643 5725 3763 5793 1,1.

504 5783 549 5816 ⁸¹
592 5785 760 5841 Exod.
802 5803 1005 5853 usui,
1041 5787 1131 5842 2L
1207 5789 1274 5820 "“
1316 5788 1467 5845 lCor
1516 5807 1569 5857 ι,
1604 5791 1658 5846 4.
1739 5790 1783 5821 δ’
1825 5791 1959 5848 Gen.
1998 5809 2065 5848 xx

2177 5834 2190 5858 ,
2229 5794 2313 5848 10.
2391 5793 2457 5824 ⁵³⁸
2499 5793 2629 5848 ibid.
2670 5797 2756 5850 16.
2835 5795 2878 5826 ⁸³
2919 5794 3049 5850 ibid.
3090 5797 3173 5851 17.
