4106 6418
350 448 370 500 l
382 446 484 501 069

1398 423 1692 489 ECLOGA:
1727 401 2199 486 ascensum.
2238 457 2308 466 —
2344 417 2470 480 Lis.
2511 423 2552 478 1.

3453 415 3588 470 ιοτο

347 565 440 618 τοῦ
474 553 723 635 ούρανοῦ.
777 580 794 611 ι
840 551 999 612 Ἀλλὰ
1031 556 1126 610 καὶ
1152 556 1204 608 τί
1250 553 1308 607 τὺ
1343 554 1631 626 πρόσωπον
1662 553 1753 605 τοῦ
1781 551 1914 605 Θεοῦ

2043 557 2085 601 ιι
2114 547 2348 600 humana
2409 543 2573 599 nimis
2624 539 3051 611 corporalis'que,
3084 533 3312 600 intueri;
3339 546 3589 603 quaenam

349 654 589 724 Δόγου,δ
617 653 690 723 μὴ
706 652 925 705 δύναται
942 649 1179 718 Μωῦσῆς
1202 649 1229 699 ὁ
1256 648 1436 717 νόμος,
1469 646 1561 699 ἆτε
1588 643 1922 714 ἀνθρώπινος

351 747 444 798 καὶ
475 741 925 813 σωματικώτερος
943 739 1038 802 ὢν,
1070 738 1292 809 θεωρεῖν
1313 755 1324 767 ·
1359 737 1483 789 τίνα
1510 753 1567 788 τε
1600 735 1667 789 τὰ
1699 736 1920 788 ὀπίσθια

352 835 537 897 αὑτοῦ,
569 833 604 887 ἃ
641 835 799 904 μόνον
830 834 1026 902 χωρεῖν
1055 827 1162 893 οἷός
1189 846 1248 881 τε
1286 825 1352 899 ἦν
1384 829 1412 880 ὁ
1440 828 1664 890 τυπικδς
1695 829 1788 880 καὶ
1816 827 1923 881 τῶν

351 925 556 997 νοητῶν
590 923 928 996 συμϐολικῶς
956 922 1091 992 (κὸς)
1120 919 1309 991 νόμος·
1353 919 1469 982 πῶς
1505 937 1562 972 τε
1601 919 1811 990 εἴρηται
1839 920 1920 982 τὸ,

359 1037 378 1067 ι
414 1018 682 1070 Σκεπάσω
725 1018 790 1084 τῇ
828 1012 967 1084 χειρί
1005 1031 1107 1083 μου
1150 1013 1242 1064 ἐπὶ
1274 1012 1352 1075 σὲ,
1396 1031 1413 1061 ι
1448 1003 1799 1080 καλύμματος
1828 1012 1923 1064 καὶ

354 1109 561 1179 σκέπης
615 1105 985 1176 ἐπιτιθεμένου
1032 1103 1108 1174 τῷ
1150 1103 1327 1173 νόμῳ,
1390 1099 1464 1165 ὡς
1519 1103 1606 1156 διὰ
1664 1099 1822 1155 τοῦτο
1866 1101 1925 1154 τὸ

349 1201 617 1270 κάλυμμα
645 1197 714 1251 τὰ
749 1200 843 1268 μὲν
871 1197 1043 1250 ὀπίσω
1071 1194 1326 1249 δύνασθαι
1353 1197 1507 1266 ὁρᾷν,
1543 1195 1722 1247 οὐκέτι
1766 1195 1822 1248 δέ
1859 1195 1927 1248 τὰ

349 1291 741 1366 προηγούμενα
782 1291 874 1344 καὶ
925 1289 1280 1360 διαφέροντα⁸
1318 1288 1426 1360 ἰδίᾳ
1469 1287 1610 1341 κατὰ
1643 1288 1852 1358 καιρὸν,
1883 1281 1927 1356 ᾧ

351 1384 510 1457 μέλει
535 1385 631 1454 τῆς
646 1383 848 1436 τούτων
881 1381 1127 1452 ἐρεύνης,
1163 1382 1462 1451 ἐπιστήσας
1489 1379 1714 1433 εἴσεται.

883 1492 1273 1545 ΚΕΦΑΛΑΙΟΝ
1309 1487 1406 1545 II".

362 1581 460 1639 Ἐκ
483 1584 602 1639 τῶν
642 1575 913 1655 Ἀριθμῶν
943 1573 1052 1653 τῆς
1073 1584 1239 1653 rem”;
1272 1583 1517 1651 Βαλαὰμ
1545 1581 1923 1651 προφητείας.

431 1698 448 1729 ι
505 1670 866 1742 Ἐξελεύσεται
887 1677 1169 1748 ἅνθρωπος
1192 1678 1254 1728 ἐκ
1283 1675 1375 1728 τοῦ
1400 1675 1710 1745 σπέρματος
1741 1673 1927 1736 αὑτοῦ,

355 1771 449 1823 καὶ
484 1769 759 1840 κυριεύσει
797 1769 963 1822 ἐθνῶν
990 1767 1196 1821 πολλῶν
1214 1784 1228 1798 ⁸
1258 1768 1349 1820 καὶ
1385 1768 1724 1838 ὑψωθήσεται
1750 1769 1782 1837 ἡ
1810 1766 1931 1833 Γὼγ

2022 644 2075 690 et
2101 645 2250 706 terga
2294 636 2439 704 ejus,
2487 649 2608 704 quae
2646 640 2857 686 tantum
2890 628 3207 698 conspicere
3250 625 3464 680 valebat
3501 632 3590 695 ty-

2023 732 2146 802 pica
2176 738 2229 785 et
2256 729 2596 798 spiritalium
2627 725 2924 797 symbolica
2962 722 3081 785 lex;
3114 718 3386 790 quomodo
3437 716 3591 770 dicaa

2023 830 2151 875 tur:
2183 840 2199 872 ι
2231 819 2518 890 Protegam
2566 825 2620 872 te
2667 818 2885 871 dextera
2925 827 3065 876 mea,
3099 832 3117 863 ι
3151 809 3308 880 quasi
3367 809 3489 862 velo
3538 815 3592 862 et

2026 912 2265 982 tegmine
2295 911 2394 980 legi
2428 909 2685 972 obducto,
2717 916 2775 963 ut
2798 921 2893 978 per
2916 907 3048 960 illud
3074 905 3249 958 velum
3282 901 3591 971 posteriora

2023 1003 2201 1074 possit
2237 1003 2505 1071 aSpicere,
2557 1017 2668 1055 non
2715 1009 2894 1054 autem
2942 998 3214 1054 anteriora
3263 1003 3318 1050 et
3353 993 3586 1064 potiora,

2029 1095 2348 1167 singulatim
2383 1096 2438 1148 in
2471 1101 2714 1163 tempore
2747 1103 3055 1161 opportuno
3098 1090 3263 1159 hujus
3294 1086 3590 1158 investigas

2026 1187 2192 1241 tionis
2226 1184 2488 1240 studiosis
2531 1183 2924 1254 explanabitur.

2611 1456 2837 1524 CAPUT
2872 1460 3010 1521 xm.

2188 1559 2269 1622 Ex
2302 1557 2659 1621 Numerorum
2689 1564 3099 1619 tertia‘Balaam
3132 1560 3416 1630 prophetia;

2110 1674 2128 1713 ι
2166 1660 2486 1731 Egredietur
2517 1660 2678 1713 homo
2704 1657 2770 1712 de
2794 1658 3002 1712 semine
3034 1655 3172 1724 ejus,
3216 1661 3270 1708 et
3293 1641 3598 1709 dominabi‘

2032 1763 2120 1809 tur
2154 1756 2206 1808 in
2247 1754 2498 1822 gentibus
2535 1751 2745 1805 multis.
2777 1749 3021 1802 Tolletur
3072 1747 3218 1816 Agag
3246 1761 3341 1799 rex
3370 1745 3514 1813 ejus,
3543 1751 3600 1797 ct

360 1861 628 1930 βασιλεία,
677 1861 770 1913 καὶ
811 1858 1172 1930 αὐξηθήσεται
1216 1859 1248 1928 ἡ
1301 1858 1543 1929 βασιλεία
1572 1857 1763 1912 αὐτοῦ’
1802 1857 1931 1920 Θεὸς

2043 1845 2314 1900 auferetur
2342 1858 2566 1913 regnum
2598 1843 2764 1896 illius.
2812 1839 2954 1893 Deus
2994 1836 3181 1892 eduxit
3215 1836 3364 1889 illum
3406 1834 3473 1889 de
3501 1832 3601 1888 18'-

2329 1934 2341 1944 .
2451 1932 2470 1944 ιι
2536 1932 2591 1944 ---
2657 1931 2671 1944 ιι
2770 1929 2780 1941 ο
2848 1927 2922 1944 ne,
2976 1933 3043 1944 ,-.
3082 1923 3442 1944 ..-L:..---_-.:-
3499 1919 3595 1944 ΠΑ..

357 1950 644 2021 ὡδήγησεν
680 1951 842 2002 αὑτὸν
866 1951 924 2015 ἐξ
949 1950 1241 2018 Αἰγύπτου,
1275 1951 1348 2013 ὡς
1381 1950 1537 2014 δόξαν
1566 1950 1932 2020 μονοκέρωτος

361 2042 513 2112 αὐτῷ
532 2059 543 2071 ·
574 2042 748 2096 ἔδεται
772 2041 896 2112 ἔθνη
926 2040 1132 2113 ἐχθρῶν
1160 2041 1343 2105 αὑτοῦ,
1370 2039 1547 2094 καὶτὰ
1576 2041 1722 2110 πάχη
1757 2038 1934 2092 αὑτῶν

366 2136 663 2206 ἐκμυελιεῖ,
685 2137 778 2188 καὶ
794 2138 911 2198 ταῖς
931 2134 1130 2204 βολίσιν
1146 2134 1308 2187 αὑτοῦ
1339 2133 1687 2197 κατατοξεύει
1720 2132 1931 2202 ἐχθρόν.

365 2225 729 2288 Κατακλιθεὶς
768 2224 1109 2278 ἀνεπαύσατο
1143 2224 1217 2286 ὡς
1247 2223 1401 2286 λέων,
1434 2223 1527 2276 καὶ
1559 2223 1632 2286 ὼς
1661 2221 1899 2291 σκύμνος
1918 2238 1931 2250 ο

365 2323 447 2387 τίς
470 2325 760 2394 ἀναστήσει
792 2322 952 2374 αὐτόν
978 2338 992 2384 ;
1026 2323 1073 2373 οί
1100 2317 1444 2387 εὐλογοῦντές
1479 2335 1558 2382 σε,
1590 2315 1932 2388 ηὑλόγηνται·

367 2417 460 2468 καὶ¹
514 2416 563 2466 οί
617 2412 992 2483 καταρώμενοί
1049 2430 1128 2476 σε,
1175 2412 1594 2481 κεκατήραντάι.
1641 2429 1659 2462 ι
1706 2405 1939 2480 Χριστός

368 2507 515 2558 ἐστιν
546 2507 573 2556 ὁ
607 2508 670 2558 ἐκ
696 2505 1004 2576 σπέρματος
1049 2503 1262 2572 Ἰσραὴλ
1285 2496 1344 2554 τὸ
1367 2503 1505 2555 κατὰ
1540 2502 1718 2574 σάρκα
1747 2520 1938 2574 γεννη-

369 2598 500 2660 θεὶς,
537 2597 628 2650 καὶ
661 2595 951 2668 κυριεύσας
991 2590 1156 2648 ἐθνῶν
1177 2593 1384 2647 πολλῶν
1405 2613 1419 2625 υ
1454 2595 1600 2648 ποῖον
1631 2595 1739 2666 γὰρ
1768 2597 1941 2670 ὑπῆρ-

372 2685 459 2753 ξεν
489 2685 635 2750 ἔθνος
663 2680 934 2756 ἀγνοῆσαν
974 2687 1072 2757 τὴν
1107 2680 1195 2740 ὑπ’
1234 2678 1394 2739 αὑτὸν
1423 2685 1685 2751 δουλείαν,
1722 2691 1800 2752 είς
1837 2691 1941 2743 πᾶ-

373 2793 471 2829 σαν
494 2776 590 2848 τὴν
606 2770 708 2847 γῆν
726 2771 1028 2844 ἐξελθόντος
1049 2777 1140 2829 τοῦ
1160 2777 1316 2845 λόγου
1345 2778 1452 2830 τῶν
1475 2777 1730 2848 μαθητῶν
1753 2779 1937 2845 αὑτοῦ,

371 2861 466 2923 καὶ
490 2870 568 2933 εἰς
600 2869 668 2922 τὰ
697 2869 985 2942 σπέρματα
1031 2871 1127 2941 τῆς
1152 2871 1475 2942 οἰκουμένης
1525 2872 1634 2924 τῶν
1685 2874 1942 2944 ῥημάτων

371 2961 584 3026 αὑτῶν;
621 2962 778 3032 Παρά
806 2965 856 3031 γ’
906 2959 998 3016 οὖν
1041 2963 1310 3026 πλείστοις
1341 2963 1434 3016 καὶ
1463 2964 1641 3018 αὐτῶν
1670 2965 1778 3019 τῶν
1811 2966 1943 3038 βαρ-

371 3045 556 3123 ϐάρων
581 3054 806 3117 πολλοὺς
833 3054 977 3108 ἔστιν
1019 3056 1145 3108 ίδεῖν
1170 3055 1257 3108 διὰ
1287 3056 1384 3126 τῆς
1423 3058 1502 3119 είς
1525 3058 1686 3110 αὑτὸν
1711 3058 1943 3123 πίστεως

372 3144 469 3196 ἐπὶ
501 3146 598 3215 τὴν
623 3144 719 3198 τοῦ
743 3146 858 3209 ἐνὸς
883 3145 1015 3198 Θεοῦ
1046 3145 1107 3215 (Γ.
1133 3147 1218 3216 15)
1249 3147 1448 3214 γνῶσιν
1482 3148 1823 3218 ἐληλυθότας,
1851 3152 1944 3204 καὶ

2037 1944 2221 2007 gypto,
2255 1934 2416 2002 cujus
2447 1931 2711 1986 fortitudo
2740 1927 2934 1982 similis
2965 1933 3050 1980 est
3082 1923 3465 1977 rhinocerotis;
3499 1919 3604 1975 Del-

2037 2027 2308 2082 vorabunt
2339 2034 2522 2094 gentes
2549 2022 2734 2076 hostes
2764 2020 2932 2082 illius,
2969 2029 3203 2085 ossaque
3226 2029 3416 2069 eorum
3465 2024 3603 2066 con:-

2039 2120 2277 2186 fringent
2302 2124 2356 2169 et
2386 2113 2740 2185 perforabunt
2771 2109 3005 2180 sagittis.
3036 2105 3327 2160 Aceubans
3345 2102 3604 2158 dormivit

2039 2219 2098 2266 ut
2132 2212 2213 2265 leo
2240 2217 2295 2263 et
2336 2206 2491 2276 quasi
2519 2206 2691 2260 leonis
2725 2203 2959 2257 catulus.
2994 2199 3126 2264 Quis
3168 2213 3292 2252 eum
3334 2195 3607 2250 suscitare

2039 2302 2301 2358 audebit?
2327 2299 2429 2365 Qui
2462 2296 2836 2353 benedixerint
2864 2293 2986 2356 tibi,
3015 2297 3174 2346 erunt
3201 2297 3256 2344 et
3308 2286 3409 2357 ipsi
3442 2287 3606 2340 bene.

2039 2394 2192 2457 dicti;
2228 2393 2319 2462 qui
2344 2389 2742 2450 maledixerint,
2776 2387 2828 2440 in
2858 2385 3237 2439 maledictione
3269 2378 3606 2449 reputabum

2039 2490 2128 2536 tur
2147 2481 2233 2534 “‘.
2258 2500 2276 2532 ›
2299 2480 2553 2534 Christus
2575 2487 2657 2532 est
2673 2477 2763 2545 qui
2791 2491 2856 2530 ex
2882 2475 3045 2529 lsrael
3075 2472 3282 2528 semine
3305 2467 3607 2525 secundum

2041 2585 2261 2629 carnem
2315 2579 2478 2626 natus
2502 2609 2516 2633 ,
2554 2569 2848 2638 multisque
2879 2566 3129 2636 gentibus
3156 2563 3469 2618 dominatus
3501 2569 3607 2616 est.

2042 2665 2300 2732 Quianam
2347 2664 2490 2717 enim
2529 2677 2662 2732 gens
2711 2675 2819 2714 non
2867 2659 3126 2712 ditionem
3153 2655 3272 2725 ejus
3303 2651 3605 2725 agnoverit,

2044 2757 2100 2810 in
2130 2770 2346 2810 omnem
2376 2761 2579 2808 terram
2607 2750 2806 2806 diffuso
2838 2748 3230 2819 discipulorUm
3258 2745 3378 2815 ejus
3417 2743 3607 2808 verbo,

2044 2844 2632 2918 prmdicationibusque
2685 2855 2874 2895 eorum
2902 2838 3056 2909 quasi
3082 2835 3380 2891 seminibus
3412 2835 3464 2887 in
3490 2835 3612 2888 uni-

2044 2954 2205 2994 versa
2255 2947 2398 2992 terra
2441 2932 2878 3005 sparsis?lgitur
2906 2931 3050 3002 apud
3105 2931 3397 3001 plerosque
3445 2928 3611 2981 etiam

2045 3029 2404 3085 barbarorum
2439 3025 2639 3079 multos
2672 3021 2855 3077 videre
2887 3031 2972 3075 est
3022 3020 3115 3090 qui
3151 3033 3249 3074 sua
3279 3018 3334 3072 in
3359 3033 3483 3071 eum
3509 3016 3613 3071 ﬁde

2047 3124 2113 3178 ad
2159 3121 2252 3177 Dei
2306 3120 2468 3174 unius
2516 3117 2800 3172 scientiam
2858 3120 3256 3184 pervenerunt,
3309 3125 3516 3180 suaque
3557 3108 3614 3161 in

371 3237 516 3307 ὑπερ
713 3239 793 3299 είς
832 3235 990 3289 αὐτὸν
1035 3209 1314 3300 εὐσεϐείας
1349 3209 1607 3301 παντοίας
1647 3209 1819 3310 μέχρι.
1851 3240 1940 3293 καὶ

2046 3216 2296 3272 eumdem
2321 3215 2519 3284 pietate
2550 3226 2712 3265 omne
2729 3216 3124 3264 tormentorum
3145 3219 3316 3275 genus
3368 3209 3619 3257 mortem-l

364 3327 603 3382 θανάτου
645 3328 895 3393 κολάσεις
938 3330 1353 3399 ὑπομείναντας.
1389 3331 1571 3401 Πέρας
1611 3331 1805 3402 ἔχουσα
1838 3333 1948 3385 τοί-

361 3435 470 3472 νυν
505 3419 599 3472 καὶ
631 3418 768 3487 αὕτη
799 3418 982 3485 σαφῶς
1014 3419 1046 3488 ἡ
1077 3419 1381 3489 προφητεία
1414 3421 1506 3474 ἐπὶ
1545 3421 1637 3472 τοῦ
1680 3421 1946 3493 ἡμετέρου

365 3510 628 3579 Σωτῆρος
659 3509 1071 3561 ἀποδείκνυται·
1100 3507 1132 3578 ἢ
1177 3511 1505 3581 παραστήτω
1530 3529 1613 3574 τις
1640 3512 1796 3575 ἄλλος
1824 3515 1947 3566 ἐπιδ

371 3600 590 3663 δεικνὺς
618 3601 710 3652 ἐπὶ
739 3600 860 3652 τίνα
911 3599 975 3652 ἂν
999 3598 1170 3652 ταῦτα
1197 3601 1518 3672 ἀναφέροιτο
1536 3619 1548 3631 ·
1582 3597 1703 3654 καθ’
1727 3604 1872 3674 ἡμᾶς
1893 3604 1949 3655 δὲ

375 3690 662 3763 πρόδηλον,
710 3690 786 3752 ὡς
838 3689 933 3742 καί
975 3687 1194 3752 αὔξεται
1238 3689 1508 3760 ὁσημέραι
1550 3689 1642 3741 τοῦ
1696 3691 1948 3759 Σωτῆρος

375 3783 408 3851 ἡ
419 3779 533 3850 μῶν
568 3782 600 3850 ἡ
643 3780 805 3852 νοητὴ
837 3780 1078 3850 βασιλεία
1109 3797 1168 3832 τε
1197 3780 1290 3833 καὶ
1329 3781 1614 3834 δεσποτεία
1645 3780 1794 3852 παρὰ
1825 3784 1947 3844 ταῖς

378 3871 798 3942 ὑποδεξαμένους
846 3873 934 3925 τὸν
983 3873 1136 3943 λόγον
1183 3872 1344 3928 αὑτοῦ
1389 3873 1619 3944 ψυχαῖςο
1652 3872 1840 3943 ὑψώθη
1891 3873 1949 3925 δέ

376 3963 522 4018 κατὰ
563 3965 661 4033 τὴν
699 3965 999 4034 παρουσίαν
1044 3965 1206 4018 αὑτοῦ
1241 3968 1334 4020 καὶ
1367 3967 1400 4036 ἡ
1431 3963 1552 4033 Γὼγ
1585 3963 1848 4034 βασιλεία,
1880 3964 1948 4034 ἦν

378 4055 708 4126 ὑπειλήφασί
751 4073 894 4119 τινες
947 4053 1085 4110 εἶναι
1139 4057 1236 4127 τὴν
1291 4057 1576 4126 Ῥωμαίων
1615 4056 1945 4127 ἠγεμονίαν,

377 4145 524 4200 ἄλλοι
549 4147 606 4200 δὲ
630 4148 904 4219 τροπικῶς
957 4148 1053 4218 τὴν
1094 4148 1233 4201 κατὰ
1259 4149 1320 4201 τὸ
1351 4148 1681 4216 Εὑαγγέλιον
1713 4147 1951 4218 ἐπουρά-

375 4251 486 4294 νιον
530 4233 821 4298 πολιτείαν,
863 4240 958 4294 καὶ
1003 4239 1098 4311 τὴν
1139 4240 1245 4293 τῶν
1275 4240 1479 4312 νοητῶν
1502 4239 1786 4309 δογμάτων
1818 4239 1952 4292 θεω-

380 4328 520 4399 ρίαν,
571 4329 659 4382 διὰ
712 4329 870 4382 τοῦτο
914 4328 1056 4396 Γὼγ,
1077 4330 1212 4400 ὅπερ
1260 4329 1619 4401 ἑρμηνεύεται
1663 4327 1948 4399 δόγματα,

380 4419 733 4488 σημαίνεσθαι
764 4419 1108 4492 ἐξειλήφασιν
1130 4438 1144 4451 ·
1170 4420 1303 4474 ἀλλὰ
1331 4423 1426 4474 καὶ
1453 4423 1481 4474 ὁ
1505 4421 1635 4484 Θεὸς
1670 4420 1950 4492 ὡδήγησεν

2049 3323 2154 3376 que
2213 3306 2387 3374 ipsam
2444 3302 2846 3359 sustinuerunt.
2916 3297 3278 3368 Apertissime
3335 3295 3502 3364 igitur
3549 3288 3619 3345 ad

2050 3400 2386 3454 Salvatorem
2428 3404 2676 3450 nostrum
2711 3392 2826 3445 haec
2856 3397 3068 3459 spectat
3101 3387 3405 3458 prophetia.
3441 3384 3497 3439 Si
3528 3383 3618 3438 cui

2048 3492 2272 3546 dubium
2314 3489 2582 3551 videatur,
2618 3485 2742 3547 alia,
2778 3483 2938 3545 libet,
2976 3490 3312 3550 prOponatur
3350 3479 3622 3546 interpre-

2049 3581 2203 3635 talio.
2235 3579 2401 3633 Nobis
2432 3585 2610 3630 autem
2628 3573 2973 3644 perspicuum
3006 3579 3090 3626 est
3122 3585 3369 3624 crescere
3397 3568 3450 3621 in
3475 3568 3616 3622 diem

2049 3672 2294 3743 spiritale
2327 3669 2632 3723 Salvatoris
2663 3665 2837 3720 nostri
2875 3677 3100 3733 regnum
3155 3662 3208 3715 iu
3264 3659 3459 3714 animis
3492 3664 3616 3728 qua!

2048 3765 2273 3822 verbum
2308 3762 2429 3832 ejus
2458 3763 2808 3828 acceperunt.
2835 3755 3044 3808 Elatum
3075 3761 3160 3808 est
3181 3752 3300 3822 ejus
3327 3749 3616 3822 praesentia

2048 3860 2197 3928 Agag
2245 3868 2490 3924 regnum,
2519 3851 2665 3921 quod
2710 3848 2929 3919 quidam
2971 3847 3271 3899 Romanum
3329 3842 3616 3912 imperium

2051 3948 2389 4020 interpretati
2417 3955 2562 4007 sunt,
2586 3943 2676 3997 alii
2697 3957 2824 3996 vero
2841 3937 3127 4009 allegorice
3148 3936 3424 3990 ccelestem
3441 3932 3620 3988 Evan-l

2051 4042 2174 4114 gelii
2206 4038 2597 4110 rempublicam
2636 4043 2690 4089 et
2723 4031 3049 4103 spiritalium
3074 4029 3388 4100 dogmatum
3423 4039 3620 4094 specu:
3666 4039 3676 4054 ί

2049 4133 2305 4188 lationem
2329 4169 2344 4195 ,
2387 4128 2503 4199 Gog
2535 4128 2687 4198 (sive
2715 4125 2894 4194 Agag)
2939 4121 3187 4191 dogmata
3252 4114 3615 4188 signiﬁcante;

2053 4223 2159 4280 Sed
2186 4232 2240 4278 et
2264 4222 2406 4278 Deus
2442 4218 2632 4275 eduxit
2659 4232 2780 4273 eum
2819 4215 2886 4270 de
2918 4199 3175 4284 Egypto,
3212 4209 3463 4289 videlicet
3491 4221 3618 4262 cum

2050 4316 2292 4385 Ioseph,
2357 4312 2544 4367 divina
2604 4309 2944 4380 apparitione
2998 4302 3348 4367 admonitus,
3392 4298 3618 4357 Mariam

2051 4425 2174 4465 cum
2205 4422 2376 4477 puero
2405 4405 2622 4461 reduxit
2652 4405 2708 4457 in
2745 4410 2948 4457 terram
2977 4397 3167 4460 Israel,
3200 4401 3260 4449 ut
3302 4393 3417 4448 hac
3471 4406 3622 4448 com-

379 4474 539 4562 αὑτὸν
588 4511 647 4574 ἐξ
703 4474 998 4579 suismet},
1042 4511 1220 4583 ῥητῶς
1263 4513 1360 4582 μὲν
1389 4513 1476 4565 ὅτε
1504 4474 1940 4584 χρηματισθείςί

2054 4502 2294 4572 pleretur
2336 4511 2550 4552 necnon
2610 4494 2770 4557 Osee,
2830 4489 3130 4546 secundum
3182 4474 3508 4540 Hebraicum
3569 4489 3620 4537 et

391 4605 586 4675 Ἰωσὴφ
641 4605 702 4669 ἐξ
743 4567 1016 4676 Αἰγύπτου
1042 4567 1377 4677 ,παραλαϐὼν
1420 4567 1785 4679 τὴνΝΙνίάριὰμ
1830 4567 1940 4676 ἅμα

2051 4567 2259 4664 Aquilae
2302 4587 2841 4659 interpretationem,
2885 4578 3171 4653 prophetia
3205 4577 3396 4631 dicens
3430 4589 3444 4626 :
3484 4587 3504 4625 σ
3539 4567 3624 4627 Ab

375 4695 456 4765 τῷ
481 4697 630 4749 παιδί⁵
673 4698 844 4768 Ἰησοῦ
879 4699 1214 4769 ὑπέστρεψεν
1236 4700 1313 4761 είς
1333 4700 1433 4769 γῆν
1471 4698 1685 4770 Ἰσραὴλ
1709 4698 1948 4769 πληρουδ

381 4787 547 4856 μένης
581 4789 678 4857 τῆς
710 4803 769 4839 τε
797 4787 889 4841 νῦν
917 4790 1010 4842 καὶ
1042 4789 1141 4858 τῆς
1178 4792 1236 4842 ἐν
1279 4789 1436 4863 Ὠσηὲ
1458 4789 1596 4842 κατὰ
1628 4788 1690 4841 τδ
1733 4788 1948 4860 Ἑϐραῖ-

378 4876 476 4929 κὸν
506 4879 598 4930 καὶ
628 4879 726 4950 τὴν
770 4880 990 4934 Ἀκύλου
1017 4881 1310 4952 ἑρμηνείαν
1345 4881 1680 4952 προφητείας
1706 4881 1946 4950 φασκού-

379 4986 499 5039 σης.
542 4990 559 5023 ι
609 4971 697 5037 Ἐξ
745 4971 1018 5040 Αἰγύπτου
1054 4971 1286 5024 ἐκάλεσα
1325 4972 1416 5023 τὸν
1465 4972 1577 5023 υἱόν
1623 4988 1755 5041 μου·
1798 4992 1816 5022 ι
1855 4971 1949 5023 καὶ

376 5061 520 5114 κατὰ
553 5061 787 5115 διάνοιαν
818 5062 896 5125 δὲ,
947 5061 1182 5132 ὁπηνίκα
1223 5064 1286 5114 ἐκ
1323 5062 1422 5130 τῆς
1453 5063 1648 5132 νοητῆς
1675 5061 1949 5129 Αἰγύπτου

2052 4684 2288 4756 Egypto
2344 4679 2533 4736 vocavi
2585 4677 2754 4730 tilium
2806 4687 2985 4728 meum
3005 4671 3074 4737 δὴ
3111 4689 3128 4720 ι
3163 4675 3218 4722 at
3268 4684 3298 4722 e
3353 4664 3620 4721 sententia

2056 4754 2261 4839 nostra,
2289 4789 2413 4829 cum
2448 4771 2517 4826 ab
2548 4768 2784 4840 Egypto
2815 4762 3048 4835 spiritali
3081 4768 3135 4815 ct
3163 4754 3301 4813 locis
3345 4754 3623 4810 terrestria

2062 4872 2166 4926 bus
2197 4869 2266 4924 ad
2295 4867 2463 4921 cmlos
2479 4863 2640 4918 Pater
2655 4875 2778 4915 eum
2793 4856 2998 4913 eduxit.
3034 4873 3051 4903 ι
3071 4842 3355 4907 Fortitudo
3381 4868 3399 4901 ι
3439 4857 3620 4908 autem

2061 4984 2080 5018 ι
2105 4958 2467 5018 rhinocerotis
2489 4977 2506 5008 ι
2531 4957 2584 5010 ὶη
2615 4949 2901 5008 Salvatore
2926 4945 3104 5002 innuit
3122 4943 3377 4998 deitatem
3409 4940 3621 5012 paterni

2056 5056 2210 5128 regni
2235 5067 2357 5124 quae
2378 5060 2462 5106 est
2495 5049 2548 5103 in
2571 5063 2656 5103 eo.

379 5153 596 5207 καὶτῶν
633 5153 756 5224 τῇδε
808 5116 989 5208 τόπων
1021 5116 1114 5207 ἐιπὶ
1135 5156 1263 5217 τοὺς
1295 5116 1557 5226 οὐρανοὺς
1587 5116 1701 5223 άμα
1732 5116 2022 5224 λαμϐάνων
2053 5116 2212 5206 αὐτὸν
2233 5116 2270 5202 ὁ.
2320 5143 2509 5216 Πατὴρ
2545 5142 2855 5212 ὡδήγησεν·
2993 5135 3049 5188 δέ
3083 5119 3345 5203 λεγομένη
3409 5146 3427 5182 ί
3494 5116 3620 5196 δόξα

381 5249 763 5322 μονοκερώτων
801 5269 820 5301 ι
857 5251 914 5302 ἐν
939 5249 1016 5320 τῷ
1039 5250 1247 5322 Σωτῆρι
1291 5251 1388 5322 τὴν
1428 5253 1484 5302 ἐν
1533 5249 1680 5320 αὑτῷ
1715 5249 1942 5319 θεότητα
1978 5252 2076 5320 τῆς
2099 5243 2368 5317 πατρικῆς
2395 5240 2686 5295 αἰνίττεται
2717 5231 3031 5305 μοναρχίας.

449 5341 604 5396 Μετὰ
627 5341 797 5395 ταῦτα
825 5342 1059 5412 εἴρηται,
1081 5365 1097 5393 ι
1131 5342 1303 5396 ἔδεται
1329 5342 1454 5414 ἔθνη
1485 5343 1693 5413 ἐχθρῶν
1718 5341 1882 5396 αὑτοῦ
1901 5359 1913 5371 ·
1929 5361 1947 5394 ι

377 5435 477 5488 ὃσα
508 5434 616 5506 γὰρ
640 5434 744 5487 ὑπὸ
773 5433 871 5504 τὴν
901 5434 1122 5505 διδαχὴν
1155 5435 1320 5487 αὐτοῦ
1349 5435 1569 5502 γέγονεν
1603 5433 1752 5503 ἔθνη,
1782 5433 1954 5487 ταῦτα

380 5528 641 5597 πρότερον
673 5527 827 5596 μερὶς
855 5526 1192 5595 τυγχάνοντα
1225 5525 1334 5577 τῶν
1355 5524 1564 5596 ἐχθρῶν
1599 5524 1784 5586 αὑτοῦ,
1817 5526 1953 5595 μετὰ

379 5619 476 5687 τὴν
523 5623 601 5681 είς
653 5618 814 5671 αὑτὸν
869 5618 1049 5671 πίστιν
1105 5617 1382 5686 ἐπιτήδεια
1419 5617 1605 5688 ὥσπερ
1642 5621 1722 5682 είς
1751 5618 1952 5688 βρῶσιν

381 5708 556 5780 ἑαυτῷ
599 5710 996 5765 κατεσκεύασε·
1041 5709 1108 5762 τὰ
1153 5709 1250 5781 μὲν
1281 5710 1449 5780 πάχη,
1492 5710 1634 5762 τοῦτ’
1678 5710 1793 5764 ἔστι
1846 5711 1952 5764 πᾶν

562 5867 723 5922 Num.
762 5881 908 5935 xliv,
947 5861 1062 5925 79.
1139 5866 1184 5901 ⁸⁸
1221 5863 1346 5924 Οεει
1386 5881 1461 5934 xi,
1498 5863 1547 5922 l.

2120 5305 2254 5393 Post
2287 5305 2400 5390 hinc
2421 5333 2645 5395 dicitur,
2681 5348 2700 5379 ‹
2733 5325 3081 5381 Devorabunt
3103 5319 3293 5391 gentes
3337 5318 3525 5373 hostes
3557 5305 3623 5366 il-

2050 5432 2177 5487 lius.
2220 5450 2237 5481 ι
2274 5427 2623 5494 Quaecunque
2650 5422 2752 5477 sub
2781 5419 2902 5488 ejus
2929 5415 3218 5485 disciplina
3248 5412 3470 5466 fuerunt
3497 5421 3625 5478 gen-

2050 5533 2154 5584 tes,
2188 5537 2313 5576 cum
2346 5519 2500 5590 prius
2533 5513 2715 5585 praeda
2737 5511 2988 5566 hostibus
3022 5507 3216 5562 devota
3239 5511 3446 5562 essent.
3475 5513 3624 5554 nmo

2051 5616 2156 5670 ﬁde
2179 5615 2232 5668 in
2263 5628 2386 5668 eum
2419 5615 2662 5678 accepta,
2695 5605 2799 5674 ipsi
2833 5602 2991 5658 factae
3017 5608 3146 5656 sunt
3189 5597 3345 5668 quasi
3376 5608 3500 5650 esca
3526 5606 3623 5661 pa-

2050 5716 2188 5764 rata.
2223 5704 2360 5761 Ossa
2384 5716 2534 5767 vero,
2566 5699 2622 5754 id
2666 5705 2752 5754 est
2807 5694 3192 5769 quodcumque
3223 5691 3282 5744 in
3315 5689 3396 5744 eis
3426 5685 3614 5742 carni?
