4106 6432
503 430 639 486 1071

1216 424 1484 482 EUSEBll
1520 421 2001 480 CESABIENSIS
2037 418 2185 476 opp.
2227 404 3006 473 ransul.-'EXEGETICA.

3613 405 3754 460 £072

497 548 548 604 le
577 555 634 602 et
662 552 946 611 terrestre,
1007 543 1334 598 imminuens
1361 550 1414 596 et
1466 541 1729 596 attentius
1756 541 2069 610 explorans,

2184 532 2530 606 συμπεφυκδς
2554 533 2735 594 αὐτοῖς
2765 529 2947 582 ὑλικὸν
2993 526 3086 581 καὶ
3117 525 3321 597 γήϊνον,
3351 517 3627 575 λεπτύνων
3655 518 3751 572 καὶ

494 641 807 699 esculentos
844 639 1061 710 propria
1093 639 1306 693 cultura
1355 637 1569 691 fructus
1601 637 1682 692 eis
1715 634 1913 690 eﬂ‘ecit.
1947 632 2072 688 Haec

495 744 676 790 autem
733 733 1074 804 spiritalibus
1124 740 1179 786 et
1224 730 1642 784 rationabilibus
1668 734 1960 783 exsecutus
1989 734 2073 780 est

495 825 730 897 Sagittis,
767 837 998 882 veterem
1031 824 1273 895 gentium
1308 825 1527 886 ducem,
1561 823 1758 892 suique
1789 819 2071 873 inimicum

495 919 827 990 perfodiens,
859 918 1068 974 scilicet
1102 918 1401 974 diabolum.
1429 915 1582 982 Quod
1612 913 1700 976 ad,
1739 932 1756 964 ι
1785 912 2072 967 Accubans

497 1011 757 1066 dormivit
787 1020 844 1064 ut
874 1012 978 1073 leo,
1013 1029 1030 1060 ι
1069 1009 1172 1064 hoc
1206 1009 1316 1063 fere
1371 1006 1567 1061 iisdem
1603 1006 1784 1060 verbis
1815 1019 1843 1056 a
1867 1001 2073 1056 Iacobo

497 1104 553 1158 in
579 1105 695 1159 suis
726 1103 792 1158 de
824 1102 964 1164 Juda
993 1102 1291 1172 prophetiis
1338 1101 1544 1153 dictum
1595 1107 1716 1164 est;
1763 1097 1923 1166 cujus
1949 1111 2074 1151 scn-

499 1210 618 1248 sum
651 1193 764 1263 jam
798 1195 851 1248 in
905 1208 1005 1248 suo
1039 1193 1158 1246 loco
1213 1191 1524 1261 expositum
1559 1204 1668 1242 non
1731 1187 2069 1241 iterabimus.

500 1281 846 1337 Manifestum
877 1291 956 1336 est
983 1289 1164 1334 autem
1201 1279 1345 1350 quod
1380 1279 1599 1333 Christo
1627 1277 2073 1331 benedicentibus

499 1373 645 1428 Deus
668 1371 968 1427 benedicet.
993 1371 1068 1423 Ac
1100 1370 1145 1424 si
1177 1385 1278 1424 nos
1314 1376 1737 1424 exsecrarentur
1773 1376 1828 1421 ut
1855 1375 1906 1422 et
1931 1372 2074 1421 vete-

500 1481 614 1520 rem
651 1464 744 1518 Dei
776 1464 1033 1534 populum
1068 1461 1332 1533 ngyplii,
1372 1461 1425 1514 in
1473 1461 1630 1516 nobis
1664 1469 1843 1512 tamen
1879 1458 2071 1526 imple-

499 1564 692 1612 rentur
747 1563 802 1611 et
859 1555 951 1608 illa
1002 1573 1014 1609 :
1067 1572 1084 1606 ι
1123 1553 1450 1622 Quantaque
1498 1552 1882 1622 opprimebant
1931 1565 2027 1604 eos
2057 1590 2071 1612 ,

499 1657 652 1704 tanto
676 1649 849 1715 magis
879 1645 1384 1714 multiplicabantur
1413 1652 1467 1698 et
1496 1642 1817 1698 crescebant
1841 1640 1927 1695 ⁸⁸⁸.
1954 1659 1972 1692 ι
2012 1639 2076 1692 Et

497 1755 635 1796 sane
666 1739 902 1810 quodam
936 1737 1096 1792 modo
1139 1736 1582 1791 maledictiouem
1621 1740 1953 1804 acceperunt
1982 1732 2075 1802 qui

495 1835 630 1889 olim
657 1833 718 1888 'ei
771 1830 1192 1892 maledixerunt,
1253 1832 1628 1884 exclamautes
1664 1845 1678 1881 :
1720 1847 1738 1880 ι
1774 1827 2074 1898 Crucilige,

2175 624 2482 696 ἐξιχνεύων,
2538 622 2784 692 καρποὺς
2828 620 2884 672 δὲ
2930 617 3226 691 τροφίμους
3265 613 3354 668 διά
3402 615 3502 683 τῆς
3555 607 3752 664 ἑαυτοῦ

2173 716 2446 788 γεωργίας
2480 712 2663 777 αὐτοῖς
2715 711 2976 783 ἐμποιῶν.
3014 710 3196 764 Ταῦτα
3231 708 3287 761 δὲ
3315 705 3608 778 εἰργάσατο
3640 708 3753 767 τοῖς

2174 811 2383 880 νοητοῖς
2405 808 2496 860 καὶ
2521 807 2757 874 λογικοῖς
2785 805 2980 874 βέλεσι,
3016 804 3107 856 τὸν
3132 801 3297 856 πάλαι
3320 801 3427 852 τῶν
3455 798 3622 851 ἐθνῶν
3656 797 3755 868 ἄρ-

2173 918 2334 972 χοντα
2359 898 2548 970 ἐχθρὸν
2572 897 2700 951 ὄντα
2733 895 2925 950 ἑαυτοῦ
2945 891 3361 961 κατατοξεύσας,
3391 890 3634 944 τουτέστι
3662 890 3754 942 τὸν

2169 992 2437 1048 διάϐολον.
2495 991 2575 1043 Τὰ
2618 989 2660 1041 δ’
2706 989 2810 1041 ἀπὸ
2839 985 2932 1040 τοῦ
2975 1005 2991 1036 ι
3025 983 3387 1044 Κατακλιθεὶς
3411 982 3757 1035 ἀνεπαύσατο

2171 1086 2246 1148 ὼς
2276 1085 2431 1147 λέων,
2462 1103 2480 1134 ι
2518 1081 2700 1152 σχεδὸν
2734 1081 2914 1143 αὐτοῖς
2937 1079 3142 1150 ῥήμασι
3173 1077 3266 1128 καὶ
3293 1075 3396 1129 ὑπὸ
3418 1074 3510 1128 τοῦ
3559 1073 3754 1128 Ἰακὼό

2174 1181 2232 1232 ὲν
2257 1179 2376 1239 ταῖς
2408 1174 2533 1245 περὶ
2566 1172 2660 1226 τοῦ
2704 1171 2876 1226 Ἰούδα
2923 1169 3283 1241 προφητείαις
3321 1167 3535 1238 εἴρηται
3556 1182 3568 1194 ·
3597 1164 3758 1217 ἆτινα

2173 1271 2355 1324 ὁποῖον
2380 1265 2493 1336 ἔχει
2524 1265 2644 1318 νοῦν
2673 1263 2812 1318 κατὰ
2848 1261 2918 1316 τὰ
2948 1261 3286 1315 ὑποπεσόντα
3315 1260 3444 1329 ἡμῖν
3471 1255 3593 1309 ὲκθέ
3604 1272 3756 1327 μενοι

2173 1362 2233 1414 οὐ
2257 1359 2688 1429 παλιλογήσομεν
2709 1374 2720 1386 ·
2754 1357 2910 1427 δῆλον
2937 1355 2994 1407 δὲ
3037 1353 3290 1422 τυγχάνει
3329 1353 3474 1412 ὅπως
3520 1351 3681 1419 ἡμεῖς
3707 1351 3756 1401 οἱ

2173 1453 2265 1506 τὸν
2311 1451 2546 1524 Χριστὸν
2575 1448 2921 1518 εὐλογοῦντες
2961 1445 3055 1499 τοῦ
3087 1444 3216 1498 Θεοῦ
3235 1441 3614 1514 ηὐλογήμεθα·
3652 1439 3754 1494 κάν

2175 1543 2283 1613 γὰρ
2329 1542 2699 1613 βδελύσσοιντο
2739 1541 2884 1611 ἡμᾶς
2927 1537 3001 1601 ὼς
3032 1537 3123 1590 καὶ⁸
3171 1537 3261 1587 τὸν
3303 1534 3468 1587 πάλαι
3501 1531 3593 1585 τοῦ
3618 1530 3752 1586 Θεοῦ

2175 1635 2301 1689 λαὸν
2331 1638 2378 1688 οἱ
2410 1633 2716 1702 Αἰγύπτιοι,
2765 1633 2912 1701 ὅμως
2944 1627 3241 1700 πληροῦταί
3272 1645 3334 1696 γε
3367 1627 3461 1680 καὶ
3499 1628 3584 1696 ἐφ’
3625 1627 3754 1697 ἡμῖν

2176 1728 2257 1788 τὸ,
2282 1747 2297 1776 ι
2322 1726 2442 1780 καθ’
2475 1728 2594 1779 ὅσον
2619 1725 2673 1778 δὲ
2697 1723 3014 1777 ὲταπείνουν
3037 1722 3252 1784 αὐτοὺς,
3286 1719 3522 1788 τοσούτῳ
3542 1718 3758 1782 πλείους

2179 1818 2434 1886 ἐγίνοντο,
2456 1817 2548 1870 καὶ
2584 1816 2764 1886 ἴσχυον
2795 1813 2996 1885 σφόδρα
3021 1811 3220 1884 σφόδρα
3240 1827 3252 1839 ’
3283 1831 3299 1860 ι
3334 1811 3426 1863 καὶ
3453 1809 3619 1878 σαφὲς
3640 1808 3758 1862 τίνα

493 1923 760 1993 crucilige
787 1938 911 1977 eum
947 1921 1015 1973 ⁸⁵.
1051 1940 1070 1973 ι
1109 1919 1418 1974 Maledictio
1449 1921 1594 1975 enim
1631 1935 1768 1974 crux
1791 1927 1930 1983 erat,
1963 1918 2074 1974 sic-

2184 1911 2379 1983 τρόπον
2428 1909 2526 1980 τὴν
2579 1906 2824 1976 κατάραν
2871 1905 3152 1975 εἰλήφασιν
3205 1904 3253 1955 οἱ
3303 1899 3540 1972 ἐξαρχῆς
3593 1899 3758 1952 αὑτὸν

502 2023 561 2068 ut
590 2014 793 2067 dictum
833 2019 918 2067 est
952 2031 964 2066 :
998 2029 1016 2062 ι
1057 2011 1381 2066 Maledictus
1413 2011 1594 2065 omnis
1639 2011 1735 2081 qui
1787 2010 1986 2080 pendet
2019 2010 2074 2062 in

501 2106 651 2178 ligno
681 2106 771 2160 δ”.
814 2125 831 2156 ι
866 2104 968 2170 Qui
993 2117 1175 2159 autem
1207 2104 1422 2157 illorum
1454 2103 1708 2172 injuriam
1743 2117 1938 2172 passus
1969 2109 2076 2166 est,

493 2211 532 2250 νι
559 2197 717 2252 Patre
745 2197 1060 2263 extollitur;
1084 2196 1138 2250 hi
1157 2211 1306 2258 vero,
1330 2195 1472 2266 quia
1499 2194 1610 2250 Deo
1632 2193 1903 2248 maledicti
1926 2202 2074 2258 sunt,

493 2291 914 2360 perpetuumin
944 2289 1142 2344 sarcula
1178 2295 1510 2358 acceperunt
1557 2286 1906 2356 supplicium.
1941 2285 2077 2340 lllud

499 2382 647 2437 enim
673 2383 939 2438 attentius
960 2381 1358 2445 consideranti,
1401 2380 1494 2436 Dei
1523 2381 1812 2450 potestatis
1843 2394 2078 2450 appare-

503 2477 582 2533 bit
607 2476 948 2548 magnitudo,
976 2493 1072 2532 eos
1101 2476 1303 2546 quibus
1328 2476 1497 2529 semel
1535 2472 1836 2536 maledixit,
1872 2473 1925 2525 in
1957 2486 2081 2542 per-

503 2578 724 2639 petuum
779 2569 1180 2640 persequentis.
1243 2565 1356 2621 Hoc
1392 2565 1704 2636 signiﬁcant
1753 2579 1817 2620 ea
1871 2565 2076 2618 verba:

509 2679 526 2712 ι
563 2660 667 2727 Qui
702 2660 1083 2716 benedixerint
1117 2660 1242 2725 tibi,
1267 2669 1426 2713 erunt
1455 2666 1509 2713 et
1531 2659 1633 2728 ipsi
1653 2655 1925 2711 benedicti
1949 2673 1964 2720 ;
1987 2655 2081 2725 qui

505 2753 901 2819 maledixeriut,
933 2754 984 2807 ln
1015 2752 1395 2807 maledictione
1426 2751 1845 2821 reputabuntur.
1884 2768 1902 2800 ι

1090 2947 1320 3005 CAPUT
1349 2947 1490 3002 XIV.

849 3037 942 3096 ‘Ea:
966 3053 1157 3113 quarta
1181 3040 1408 3096 Balaam
1439 3039 1728 3108 prophetia.

581 3156 600 3187 ι
637 3135 855 3192 Orietur
887 3135 1045 3190 stella
1093 3151 1157 3188 ex
1194 3132 1384 3199 Jacob,
1435 3141 1489 3188 et
1530 3139 1825 3202 consurget
1878 3129 1962 3184 vir
2018 3129 2087 3184 de

2175 2004 2609 2076 καταρασάμενοι
2635 2001 2719 2054 διὰ
2758 2000 2878 2063 τοῦ,
2903 2019 2919 2050 ι
2942 1998 3204 2070 Σταύρου,
3245 1995 3477 2066 σταύρου
3507 1993 3666 2047 αὐτόν
3685 2009 3698 2022 ·
3739 2011 3756 2042 ι

2175 2097 2416 2169 κατάρας
2444 2095 2551 2166 γάρ
2581 2089 2647 2164 ἦν
2670 2096 2698 2147 ὁ
2731 2090 3135 2163 σταυρὸς,κατά
3163 2089 3242 2152 τὸ,
3265 2107 3284 2138 ι
3331 2086 3762 2156 Ἐπικατάρατος

2176 2191 2283 2252 πᾶς
2308 2189 2336 2240 ὁ
2365 2188 2711 2259 κρεμάμενος
2739 2185 2828 2237 ἐπὶ
2852 2183 3028 2247 ξύλου.
3069 2201 3086 2232 ο
3130 2180 3268 2234 Ἀλλ’
3295 2181 3322 2232 ὁ
3345 2180 3441 2248 μὲν
3463 2177 3561 2247 τὴν
3583 2175 3763 2228 αὐτῶν

2177 2278 2472 2350 ὑπομείνας
2509 2275 2752 2346 κατάραν
2790 2276 2892 2326 ὑπὸ
2917 2274 3009 2326 τοῦ
3051 2271 3264 2344 [ἰατρὸς
3288 2268 3675 2342 ύπερύψωται·
3713 2265 3764 2318 οἱ

2177 2371 2233 2423 δὲ
2268 2369 2404 2440 πρὸς
2439 2367 2605 2422 αὑτοῦ
2660 2366 2753 2418 τοῦ
2788 2365 2921 2418 Θεοῦ
2952 2363 3350 2436 καταραθέντες
3381 2361 3637 2432 ἐπίμονον
3685 2360 3766 2422 είς

2179 2461 2351 2514 αἰῶνα
2389 2461 2669 2532 εἰλήφασιν
2713 2459 2929 2531 ὄλεθρον
2955 2475 2966 2488 °
2996 2459 3054 2510 ὃν
3085 2459 3133 2511 εἰ
3174 2457 3259 2510 ἐπ’
3292 2455 3515 2528 ἀκριϐές
3547 2471 3630 2517 τις
3669 2454 3767 2505 ἑπ-

2181 2553 2336 2619 εξίοι,
2373 2552 2653 2624 δυνάμεως
2679 2551 2814 2606 Θεοῦ
2858 2550 3151 2621 κατόψεται
3188 2549 3432 2621 μέγεθος,
3463 2549 3540 2612 εἰς
3571 2547 3648 2600 ἔτι
3673 2545 3767 2601 νῦν

2185 2645 2473 2718 μετιούσης
2532 2647 2657 2708 τοὺς
2725 2642 2872 2707 ἅπαξ
2932 2642 3067 2715 πρὸς
3116 2641 3282 2695 αὐτοῦ
3331 2639 3765 2710 κατηραμένους.

2182 2738 2365 2791 Ταῦτα
2400 2734 2461 2805 (ι’.
2485 2737 2552 2790 15
2581 2742 2655 2804 νου)
2687 2735 2766 2796 είς
2794 2733 2854 2785 τὸ
2893 2750 2913 2784 ι
2949 2732 3058 2784 Καὶ
3082 2732 3128 2784 οἱ
3152 2728 3500 2798 εὐλογοῦντες
3529 2745 3588 2780 σε
3613 2725 3766 2779 εὐλό-

2188 2848 2406 2900 γηνται,
2436 2829 2530 2881 καὶ
2551 2830 2601 2880 oi
2633 2824 3011 2898 καταρώμενοί
3045 2840 3102 2876 σε
3124 2823 3218 2876 καὶ
3238 2823 3589 2893 κατάρανται.
3636 2837 3655 2871 ι

2716 2938 3112 2994 ΚΕΦΑΛΑΙΟΝ
3136 2939 3231 2990 1Δ¹.

2395 3039 2490 3090 Ἐκ
2507 3034 2618 3103 τῆς
2641 3035 2691 3088 δ’
2725 3033 2832 3087 τοῦ
2877 3030 3127 3099 Βαλαὰμ
3177 3029 3566 3098 προφητείας.

2265 3153 2283 3185 ι
2332 3129 2604 3185 ’Δνατελεῖ
2639 3129 2836 3197 ἄστρον
2897 3124 2957 3190 ἐξ
3001 3121 3215 3188 Ἰακὼϐ,
3257 3121 3350 3175 καὶ
3396 3119 3771 3189 ἀναστήσεται

504 3225 696 3288 Israel,
734 3234 789 3280 et
819 3225 1088 3297 percutiet
1109 3224 1277 3279 duces
1313 3223 1492 3288 Moab,
1523 3222 1868 3292 vastabitque
1895 3237 2079 3277 omnes

2190 3223 2472 3294 ἄνθρωπος
2500 3217 2560 3283 ἐξ
2593 3215 2828 3289 Ἰσραὴλ,
2851 3215 2955 3269 ’καὶ
2987 3213 3210 3286 θραύσει
3258 3210 3528 3282 ἡγεμόνας
3568 3206 3770 3270 Μωὰῆ,

509 3317 650 3372 lllios
695 3315 824 3371 Seth
858 3317 924 3372 “.
968 3335 986 3368 ι
1048 3311 1422 3377 DeiVerbum,
1463 3333 1481 3366 ι
1514 3329 1636 3367 cum
1672 3313 1972 3368 exinanivit
2005 3327 2079 3369 se-

2194 3319 2286 3372 καὶ
2311 3312 2672 3388 προνομεύσει
2732 3311 2940 3373 πάντας
2995 3309 3144 3371 υἱοὺς
3192 3304 3320 3376 Σήθ.
3357 3323 3374 3354 ι
3416 3304 3472 3355 Ὀ
3508 3303 3602 3356 τοῦ
3633 3301 3774 3354 Θεοῦ

509 3407 821 3477 metipsum,
859 3405 1089 3461 formam
1142 3405 1284 3460 servi
1336 3405 1636 3474 accipiens,
1671 3411 1724 3457 et
1777 3404 1962 3457 habitu
1997 3403 2082 3457 iu-

505 3505 702 3557 ventus
727 3511 809 3556 est
845 3508 904 3554 ut
934 3499 1096 3553 homo
1128 3500 1196 3565 ’⁷,
1237 3517 1254 3550 ι
1297 3497 1453 3553 stella.
1484 3513 1593 3550 non
1619 3511 1785 3566 parva
1818 3495 2078 3561 surrexit,

508 3608 617 3646 non
644 3607 772 3648 vero
802 3590 1118 3654 Jacob,~sed
1153 3605 1220 3644 ex
1279 3587 1466 3643 Jacob.
1526 3588 1812 3658 Corporali
1847 3589 2080 3658 primum

509 3686 707 3754 populo
726 3683 1188 3744 circumcisiouis.
1215 3682 1411 3737 deinde
1430 3682 1646 3736 cunctis
1671 3681 1926 3750 gentibus
1959 3681 2082 3736 illu-

499 3778 606 3831 xit.
639 3775 928 3848 Digressus
963 3775 1032 3829 ab
1064 3775 1156 3839 iis,
1207 3791 1316 3830 non
1376 3789 1541 3844 parva
1591 3773 1863 3828 ‘Susti'nuit
1916 3772 2079 3836 bella,

504 3870 858 3940 purilicans‘c
900 3868 1166 3923 adversus
1202 3873 1502 3936 potestates
1529 3873 1584 3921 et
1641 3863 1949 3935 spiritualia
1983 3879 2083 3918 ne-

507 3959 755 4029 quitiae"
772 3978 785 4027 ;
802 3978 820 4010 ι
838 3959 1038 4030 quibus
1060 3957 1311 4020 devictis,
1330 3955 1584 4026 pabulum
1609 3955 1818 4025 paravit
1837 3955 1892 4009 in
1916 3954 2088 4009 haere-

418 4043 424 4056 ’
507 4050 730 4107 ditatem
759 4065 938 4113 suam,
984 4058 1174 4120 gentes
1197 4049 1529 4118 suscipiens,
1561 4059 1904 4116 quaecunque
1931 4046 2085 4116 prius

508 4144 610 4199 sub
643 4145 834 4199 eorum
865 4140 1072 4197 ditione
1101 4149 1279 4197 erant.
1330 4140 1405 4194 De
1439 4140 1639 4209 quibus
1673 4132 1851 4193 'Pater
1879 4138 1927 4195 ei
1985 4155 2084 4193 ex-

509 4243 698 4305 presse
757 4233 1032 4305 pollicitus
1078 4243 1164 4288 est
1210 4233 1444 4288 dicens:
1479 4252 1497 4284 ‹
1543 4232 1765 4287 Pustula
1808 4247 1839 4286 a
1883 4244 1991 4298 me,
2031 4241 2086 4286 et

510 4325 652 4381 dabo
682 4325 782 4380 tibi
842 4329 1032 4396 gentes
1064 4325 1434 4378 hacreditatem
1467 4331 1638 4387 tuam,
1668 4333 1721 4378 et
1774 4324 2084 4392 possessio-

506 4417 634 4470 nem
662 4417 808 4471 tuam
841 4415 1108 4470 terminos
1138 4423 1295 4471 terrae
1321 4417 1384 4470 θ,
1427 4435 1444 4468 ι

1115 4606 1343 4668 CAPUT
1381 4613 1494 4668 XV.

753 4708 832 4761 Ea:
864 4707 1292 4762 Deuteronomio.
1330 4705 1536 4777 Mayses
1562 4716 1640 4761 est
1661 4705 1839 4760 dicens
1858 4721 1876 4758 .'

586 4817 607 4852 ι
644 4797 972 4870 Prophetam
1007 4799 1073 4854 de
1099 4799 1362 4854 fratribus
1407 4801 1539 4864 tuis,
1573 4798 1718 4854 sicut
1774 4812 1880 4862 me,
1910 4795 2090 4852 susci-

510 4895 652 4950 tabit’
670 4892 932 4948 Dominus
963 4891 1106 4948 Deus
1155 4899 1281 4946 tuus
1312 4908 1326 4943 :
1361 4891 1539 4963 ipsum
1572 4891 1783 4954 audies,
1818 4897 1875 4943 ut
1907 4889 2088 4960 petisti

499 4984 940 5044 ‘a'Domiu’o'Deo
973 4993 1068 5039 tuo
1099 4985 1152 5037 in
1186 4983 1386 5049 Horeb,
1413 4984 1635 5053 quando
1658 4981 1852 5036 concio
1867 4989 2091 5049 congre-

511 5087 635 5152 gata
667 5089 770 5141 est,
802 5086 962 5146 atque
993 5075 1178 5129 dixisti
1218 5091 1231 5126 :
1269 5073 1422 5129 Ultra
1480 5089 1592 5129 non
1643 5072 1860 5126 audiam
1895 5081 2086 5125 vocem

512 5172 728 5228 Domini
753 5157 846 5225 Dei
876 5169 1003 5233 mei,
1036 5175 1090 5222 et
1119 5167 1298 5238 ignem
1324 5169 1471 5222 hunc
1518 5165 1819 5218 maximum
1839 5162 2088 5231 amplius

513 5280 625 5321 non
657 5263 875 5328 videbo,
906 5276 974 5316 ne
1009 5259 1236 5315 moriar.
1258 5258 1420 5313 Etait
1442 5257 1706 5312 Dominus
1733 5253 1865 5307 mihi
1900 5272 1911 5306 :
1944 5253 2087 5308 Bene

513 5357 698 5413 omnia
729 5363 858 5411 Sunt
890 5354 1075 5408 locuti.
1106 5352 1436 5422 Prophetam
1456 5348 1740 5404 suscitabo
1769 5346 1850 5400 eis
1880 5347 1947 5400 de
1973 5361 2090 5399 me-

516 5449 608 5503 dio
636 5445 869 5502 fratrum
903 5459 1125 5501 suorum
1158 5445 1392 5499 similem
1422 5442 1501 5496 tui
1533 5459 1545 5494 :
1573 5447 1627 5494 et
1676 5452 1875 5510 ponam
1925 5435 2094 5491 verba

517 5535 728 5594 Iuea’ln
750 5555 846 5594 ore
876 5540 1018 5605 ejus,
1083 5536 1444 5605 lnqueturqu'e
1492 5533 1560 5587 ad
1612 5547 1708 5588 eos
1739 5530 1923 5585 omnia
1971 5539 2092 5598 quae

519 5633 825 5700 praecepero
855 5631 924 5686 ci.
949 5612 1266 5695 Qui‘au'tem
1288 5626 1452 5681 verba
1506 5625 1649 5694 ejus,
1686 5635 1808 5693 qua:
1840 5621 2093 5690 loquetur

2188 3410 2360 3478 Λόγος
2387 3426 2405 3458 ι
2437 3405 2680 3468 κενώσας
2730 3402 2921 3458 ἑαυτὸν
2976 3400 3070 3454 καὶ
3104 3396 3315 3470 μορφήν
3355 3395 3539 3448 δούλου
3570 3391 3774 3458 λαϐὼν,

2190 3505 2284 3558 acati.
2311 3504 2552 3572 σχήματι
2575 3495 2820 3568 εὑρεθεὶς
2859 3493 2934 3556 ὡς
2965 3491 3273 3562 ἄνθρωπος,
3313 3507 3330 3539 ι
3361 3489 3557 3558 ἄστρον
3587 3485 3648 3538 ού
3685 3500 3776 3554 μι-

2190 3595 2320 3667 κρὸν
2349 3592 2473 3662 οὐχὶ
2506 3588 2583 3660 τῷ
2629 3585 2823 3642 Ἰακὼὸ
2853 3583 3144 3645 ἀνέτειλεν,
3177 3577 3498 3634 ἁλλ”ὲκτοῦ
3542 3574 3736 3630 Ἰακώϐ
3756 3593 3771 3606 ·

2190 3686 2298 3741 ἀπὸ
2325 3685 2435 3754 γὰρ
2453 3680 2547 3736 τοῦ
2595 3677 2910 3750 σωματικοῦ
2943 3676 3073 3729 λαοῦ
3105 3673 3215 3726 τῶν
3256 3675 3319 3725 ὲκ
3349 3671 3649 3742 περιτομῆς
3675 3669 3776 3738 ἀρ-

2191 3778 2440 3849 ξάμενος,
2499 3774 2665 3826 πᾶσιν
2711 3767 2990 3838 ἐπέλαμψε
3023 3769 3136 3827 τοῖς
3184 3763 3395 3816 ἔθνεσι·
3434 3757 3781 3831 μεταναστὰς

2189 3888 2251 3923 τε
2309 3865 2685 3923 ὰπ”ὲκείνων,
2733 3863 2794 3914 οὐ
2832 3859 3065 3932 μικροὺς
3105 3855 3372 3925 πολέμους
3393 3849 3774 3921 διεχειρίσατο,

2192 3962 2471 4030 καθαίρων
2501 3977 2519 4009 ι
2549 3957 2651 4019 τὰς
2673 3951 3050 4023 ἀντικειμένας
3080 3949 3358 4018 δυνάμεις,
3383 3945 3476 3998 καὶ
3514 3942 3584 3995 τὰ
3613 3957 3780 3994 πνευ-

2197 4052 2400 4127 ματικὰ
2430 4054 2528 4121 τῆς
2565 4046 2849 4118 πονηρίας,
2889 4063 2906 4094 ι
2936 4042 3032 4106 οὓς
3080 4037 3592 4106 καταγωνισάμενος
3644 4050 3780 4102 προ-

2192 4121 2363 4218 νομὴν
2409 4142 2701 4212 ἐποιήσατο
2745 4138 2824 4199 είς
2869 4135 2963 4187 τὸν
3021 4131 3183 4186 αὑτοῦ
3231 4129 3453 4200 κλῆρον,
3483 4121 3778 4218 ἀπολαϐων

2192 4207 2294 4294 ὅσα
2320 4207 2584 4307 πρότερον
2614 4230 2708 4284 ὑπ’
2734 4227 2976 4289 ἐκείνους
3023 4223 3316 4292 ἐτύγχανεν
3353 4219 3480 4290 ἔθνη
3502 4235 3515 4247 ο
3539 4215 3667 4287 περὶ
3697 4207 3778 4268 ὧν

2192 4331 2222 4381 ὁ
2269 4327 2457 4398 Πατὴρ
2517 4321 2666 4394 αὐτῷ
2720 4316 3192 4390 κατεπηγγείλατο
3239 4311 3441 4367 εἰπών·
3485 4331 3503 4360 ι
3544 4307 3776 4378 Αἴτησαι

2195 4420 2324 4492 παρ’
2353 4417 2509 4488 ἐμοῦ,
2542 4415 2636 4468 καὶ
2659 4411 2815 4467 δώσω
2843 4426 2924 4462 σοι
2963 4408 3089 4477 ἔθνη
3123 4404 3219 4475 τὴν
3250 4398 3614 4472 κληρονομίαν
3658 4413 3775 4458 σου,

2196 4491 2290 4562 καῖ
2317 4506 2413 4576 τὴν
2444 4501 2770 4572 κατάσχεσίν
2795 4517 2888 4552 σου
2918 4496 2988 4550 τὰ
3023 4496 3237 4567 πέρατα
3265 4494 3364 4562 τῆς
3392 4491 3514 4560 γῆς.
3558 4509 3577 4540 ι

2719 4609 3116 4666 ΚΕΦΑΛΑΙΟΝ
3146 4608 3246 4660 IE’.

2209 4713 2302 4764 Ἐκ
2330 4711 2435 4764 τοῦ
2474 4705 2955 4776 Δευτερονομίου.
2997 4698 3260 4766 Μωϋσῆς
3296 4698 3468 4750 ἐστιν
3490 4697 3522 4747 ό
3561 4693 3775 4761 λέγων·

2273 4820 2290 4850 ι
2314 4801 2618 4872 Προφήτην
2640 4801 2704 4851 ὲκ
2733 4795 2841 4848 τῶν
2874 4791 3116 4860 ἀδελφῶν
3143 4806 3259 4850 σου,
3285 4786 3360 4849 ὡς
3398 4784 3516 4855 ἐμὲ,
3545 4782 3783 4851 ἀναστή-

2197 4911 2280 4947 σει
2333 4910 2415 4945 σοι
2458 4891 2660 4964 Κύριος
2700 4891 2728 4942 ὁ
2775 4887 2906 4950 Θεός
2935 4899 3063 4939 σου·
3093 4880 3257 4936 αὐτοῦ
3288 4873 3589 4931 ἀκούσεσθε
3639 4873 3780 4927 κατά

2198 4988 2396 5049 πάντα,
2449 4985 2550 5038 ὅσα
2596 4984 2783 5054 ᾐτήσω
2828 4978 2977 5050 παρὰ
3022 4975 3229 5046 Κυρίου
3251 4971 3344 5025 τοῦ
3387 4966 3522 5022 Θεοῦ
3582 4984 3677 5019 σου
3725 4967 3781 5018 ὲν

2193 5076 2397 5150 Χωρήὸ
2445 5079 2512 5147 τῇ
2545 5075 2726 5146 ἡμέρᾳ
2751 5072 2848 5142 τῆς
2861 5067 3172 5138 ἐκκλησίας,
3207 5064 3476 5132 λέγοντες,
3510 5059 3586 5150 Οῦ
3618 5071 3778 5150 προσ-

2195 5145 2432 5240 θήσομεν
2480 5145 2712 5219 ἀκοῦσαι
2744 5162 2843 5231 τῆς
2874 5158 3060 5230 φωνῆς
3091 5153 3296 5226 Κυρίου
3319 5151 3411 5205 τοῦ
3438 5149 3580 5240 ,Θεοῦ

2195 5232 2289 5312 καὶ
2320 5232 2383 5312 τὸ
2414 5257 2523 5330 πῦρ
2549 5257 2609 5309 τὸ
2639 5255 2781 5326 μέγα
2820 5251 2978 5304 τοῦτο
3019 5249 3119 5302 οὐκ
3146 5243 3388 5314 ὀψόμεθα
3420 5239 3523 5304 ἔτι,
3553 5237 3689 5330 sese
3701 5232 3774 5330 μὴ

2193 5321 2552 5420 ἀμάρτωμέν.
2607 5321 2717 5399 Καὶ
2769 5338 2922 5395 εἶπεν
2973 5337 3175 5408 Κύριος
3230 5332 3366 5404 πρὸς
3413 5332 3514 5401 με·
3551 5321 3774 5420 Δὐξθῷς

2199 5413 2398 5498 πάντα,
2419 5413 2518 5488 ὅσα
2551 5433 2815 5503 ἐλάλησαν
2833 5446 2845 5460 ·
2883 5428 3167 5500 προφήτην
3198 5422 3488 5492 ἀναστήσω
3508 5416 3686 5475 αὐτοῖς
3714 5413 3784 5464 ὲκ

2199 5528 2367 5599 μέσου
2395 5527 2505 5580 τῶν
2545 5523 2790 5595 ἀδελφῶν
2835 5519 3038 5582 αὐτῶν,
3073 5517 3262 5587 ὥσπερ
3285 5515 3346 5568 σέ
3365 5531 3378 5544 ·
3404 5511 3501 5566 καὶ
3540 5507 3699 5561 δώσω
3726 5504 3787 5558 τὺ

2197 5619 2349 5691 ῥῆμά
2375 5636 2475 5689 μου
2505 5619 2565 5672 ὲν
2601 5617 2680 5688 τῷ
2721 5616 2950 5686 στόματι
2981 5610 3167 5674 αὐτοῦ,
3198 5608 3294 5662 καὶ
3335 5604 3562 5674 λαλήσει
3600 5600 3788 5662 αὐτοῖς

594 5784 1023 5846 ¹⁸⁶Ειοι1.ι,1⁴;.).
1100 5764 1569 5845 “Jn:itt.nit,15.
1646 5776 2073 5840 "'Gal.m,l$.
2151 5773 2669 5838 “Num.xxw,l7.
2745 5770 3008 5838 "Philip.
3051 5782 3115 5832 ιι,
3152 5765 3200 5820 7.
3280 5763 3321 5796 η
3361 5759 3563 5832 Ephes.
3594 5753 3785 5820 v1.1a.

521 5857 566 5888 δ’
606 5855 750 5910 Psal.
789 5872 854 5918 ιι,
891 5855 944 5907 8.
