  <div class='ocr_page' id='page_1' title='image "/cluster/home/n/w/nwhite01/storage/ocr_20150623/22:no.4/coo.31924054873025/550.png"; bbox 0 0 4106 6424; ppageno 0'>
   <div class='ocr_carea' id='block_1_1' title="bbox 326 373 1947 455">
    <p class='ocr_par' dir='ltr' id='par_1_1' title="bbox 326 383 1947 455">
     <span class='ocr_line' id='line_1_1' title="bbox 326 383 1947 455; baseline -0.01 0"><span class='ocrx_word' id='word_1_1' title='bbox 326 397 477 455; x_wconf 77' lang='grc'><strong>1075</strong></span> <span class='ocrx_word' id='word_1_2' title='bbox 1367 384 1656 444; x_wconf 58' lang='lat' dir='ltr'><strong>ECLOGA?</strong></span> <span class='ocrx_word' id='word_1_3' title='bbox 1697 383 1947 440; x_wconf 82' lang='lat' dir='ltr'><strong>PROPHI</strong></span> 
     </span>
    </p>
   </div>
   <div class='ocr_carea' id='block_1_2' title="bbox 1963 373 3584 455">
    <p class='ocr_par' dir='ltr' id='par_1_2' title="bbox 1963 373 3584 449">
     <span class='ocr_line' id='line_1_2' title="bbox 1963 373 3584 449; baseline -0.007 -10"><span class='ocrx_word' id='word_1_4' title='bbox 1963 382 2183 440; x_wconf 63' lang='lat' dir='ltr'><strong>lTlCzE.</strong></span> <span class='ocrx_word' id='word_1_5' title='bbox 2226 413 2298 428; x_wconf 87' lang='lat'><strong>--</strong></span> <span class='ocrx_word' id='word_1_6' title='bbox 2341 384 2526 443; x_wconf 60' lang='grc' dir='ltr'><strong>ΗΒΑ</strong></span> <span class='ocrx_word' id='word_1_7' title='bbox 3435 373 3584 449; x_wconf 61' lang='grc' dir='ltr'><strong>10τῆ</strong></span> 
     </span>
    </p>
   </div>
   <div class='ocr_carea' id='block_1_3' title="bbox 324 493 1945 583">
    <p class='ocr_par' dir='ltr' id='par_1_3' title="bbox 324 501 1945 583">
     <span class='ocr_line' id='line_1_3' title="bbox 324 501 1945 583; baseline -0.007 -16"><span class='ocrx_word' id='word_1_8' title='bbox 324 506 455 567; x_wconf 79' lang='grc' dir='ltr'>καθ’</span> <span class='ocrx_word' id='word_1_9' title='bbox 489 511 575 564; x_wconf 86' lang='grc' dir='ltr'><strong>δτι</strong></span> <span class='ocrx_word' id='word_1_10' title='bbox 601 508 666 562; x_wconf 78' lang='grc' dir='ltr'>ἂν</span> <span class='ocrx_word' id='word_1_11' title='bbox 701 507 1025 583; x_wconf 74' lang='grc' dir='ltr'>ἐντείλωμαι</span> <span class='ocrx_word' id='word_1_12' title='bbox 1054 506 1219 578; x_wconf 82' lang='grc' dir='ltr'>αὐτῷ.</span> <span class='ocrx_word' id='word_1_13' title='bbox 1251 505 1362 560; x_wconf 75' lang='grc' dir='ltr'><strong>Καὶ</strong></span> <span class='ocrx_word' id='word_1_14' title='bbox 1387 507 1416 559; x_wconf 93' lang='lat'><strong>6</strong></span> <span class='ocrx_word' id='word_1_15' title='bbox 1450 504 1734 576; x_wconf 76' lang='grc' dir='ltr'>ἄνθρωπος</span> <span class='ocrx_word' id='word_1_16' title='bbox 1760 504 1818 567; x_wconf 82' lang='grc' dir='ltr'>ὃς</span> <span class='ocrx_word' id='word_1_17' title='bbox 1844 501 1909 557; x_wconf 79' lang='grc' dir='ltr'>ἂν</span> <span class='ocrx_word' id='word_1_18' title='bbox 1939 554 1945 565; x_wconf 74' lang='grc'><strong>,</strong></span> 
     </span>
    </p>
   </div>
   <div class='ocr_carea' id='block_1_4' title="bbox 1955 493 3576 583">
    <p class='ocr_par' dir='ltr' id='par_1_4' title="bbox 1955 493 3576 569">
     <span class='ocr_line' id='line_1_4' title="bbox 1955 493 3576 569; baseline -0.007 -12"><span class='ocrx_word' id='word_1_19' title='bbox 1955 510 1986 564; x_wconf 60' lang='grc' dir='ltr'>ι</span> <span class='ocrx_word' id='word_1_20' title='bbox 2012 504 2066 556; x_wconf 83' lang='lat' dir='ltr'><strong>in</strong></span> <span class='ocrx_word' id='word_1_21' title='bbox 2090 503 2308 559; x_wconf 79' lang='lat' dir='ltr'><strong>nomine</strong></span> <span class='ocrx_word' id='word_1_22' title='bbox 2346 519 2489 567; x_wconf 85' lang='lat' dir='ltr'><strong>meo.</strong></span> <span class='ocrx_word' id='word_1_23' title='bbox 2523 503 2716 562; x_wconf 83' lang='lat' dir='ltr'><strong>audire</strong></span> <span class='ocrx_word' id='word_1_24' title='bbox 2770 498 3028 565; x_wconf 77' lang='lat' dir='ltr'><strong>noluerit,</strong></span> <span class='ocrx_word' id='word_1_25' title='bbox 3083 514 3189 569; x_wconf 86' lang='lat' dir='ltr'><strong>ego</strong></span> <span class='ocrx_word' id='word_1_26' title='bbox 3243 497 3388 559; x_wconf 83' lang='lat' dir='ltr'><strong>ultor</strong></span> <span class='ocrx_word' id='word_1_27' title='bbox 3429 493 3576 548; x_wconf 80' lang='lat' dir='ltr'><strong>exsi-</strong></span> 
     </span>
    </p>
   </div>
   <div class='ocr_carea' id='block_1_5' title="bbox 327 583 1948 677">
    <p class='ocr_par' dir='ltr' id='par_1_5' title="bbox 327 594 1911 677">
     <span class='ocr_line' id='line_1_5' title="bbox 327 594 1911 677; baseline -0.006 -21"><span class='ocrx_word' id='word_1_28' title='bbox 327 606 409 677; x_wconf 72' lang='grc' dir='ltr'>μὴ</span> <span class='ocrx_word' id='word_1_29' title='bbox 438 597 653 674; x_wconf 78' lang='grc' dir='ltr'><strong>ἀκούσῃ</strong></span> <span class='ocrx_word' id='word_1_30' title='bbox 678 599 856 653; x_wconf 83' lang='grc' dir='ltr'>πάντα</span> <span class='ocrx_word' id='word_1_31' title='bbox 878 601 977 652; x_wconf 83' lang='grc' dir='ltr'>ὅσα</span> <span class='ocrx_word' id='word_1_32' title='bbox 1012 597 1078 651; x_wconf 82' lang='grc' dir='ltr'>ἂν</span> <span class='ocrx_word' id='word_1_33' title='bbox 1118 598 1322 670; x_wconf 87' lang='grc' dir='ltr'>λαλήσῃ</span> <span class='ocrx_word' id='word_1_34' title='bbox 1352 597 1385 649; x_wconf 88' lang='lat'><strong>6</strong></span> <span class='ocrx_word' id='word_1_35' title='bbox 1419 596 1704 667; x_wconf 84' lang='grc' dir='ltr'>προφήτης</span> <span class='ocrx_word' id='word_1_36' title='bbox 1723 595 1815 648; x_wconf 75' lang='grc' dir='ltr'><strong>ἐπὶ</strong></span> <span class='ocrx_word' id='word_1_37' title='bbox 1833 594 1911 666; x_wconf 81' lang='grc' dir='ltr'>τῷ</span> 
     </span>
    </p>
   </div>
   <div class='ocr_carea' id='block_1_6' title="bbox 1955 583 3576 677">
    <p class='ocr_par' dir='ltr' id='par_1_6' title="bbox 2012 583 3576 660">
     <span class='ocr_line' id='line_1_6' title="bbox 2012 583 3576 660; baseline -0.005 -16"><span class='ocrx_word' id='word_1_38' title='bbox 2012 599 2153 645; x_wconf 84' lang='lat' dir='ltr'><strong>stam</strong></span> <span class='ocrx_word' id='word_1_39' title='bbox 2181 591 2250 647; x_wconf 80' lang='lat'><strong>&#39;°.</strong></span> <span class='ocrx_word' id='word_1_40' title='bbox 2281 611 2300 643; x_wconf 76' lang='grc' dir='ltr'><strong>ι</strong></span> <span class='ocrx_word' id='word_1_41' title='bbox 2327 590 2499 657; x_wconf 85' lang='lat' dir='ltr'><strong>Quem</strong></span> <span class='ocrx_word' id='word_1_42' title='bbox 2518 605 2646 646; x_wconf 87' lang='lat' dir='ltr'><strong>vero</strong></span> <span class='ocrx_word' id='word_1_43' title='bbox 2678 590 2939 660; x_wconf 79' lang='lat' dir='ltr'><strong>majorem</strong></span> <span class='ocrx_word' id='word_1_44' title='bbox 2962 603 3028 647; x_wconf 79' lang='lat' dir='ltr'><strong>ex</strong></span> <span class='ocrx_word' id='word_1_45' title='bbox 3059 586 3248 647; x_wconf 84' lang='lat' dir='ltr'><strong>Israel,</strong></span> <span class='ocrx_word' id='word_1_46' title='bbox 3281 591 3402 655; x_wconf 85' lang='lat' dir='ltr'><strong>post</strong></span> <span class='ocrx_word' id='word_1_47' title='bbox 3431 583 3576 654; x_wconf 82' lang='lat' dir='ltr'><strong>Moy-</strong></span> 
     </span>
    </p>
   </div>
   <div class='ocr_carea' id='block_1_7' title="bbox 321 678 1942 766">
    <p class='ocr_par' dir='ltr' id='par_1_7' title="bbox 321 685 1910 766">
     <span class='ocr_line' id='line_1_7' title="bbox 321 685 1910 766; baseline -0.007 -17"><span class='ocrx_word' id='word_1_48' title='bbox 321 690 560 766; x_wconf 76' lang='grc' dir='ltr'>ὀνόματί</span> <span class='ocrx_word' id='word_1_49' title='bbox 585 689 830 763; x_wconf 76' lang='grc' dir='ltr'>μου,ὲγὼ</span> <span class='ocrx_word' id='word_1_50' title='bbox 849 690 1116 761; x_wconf 77' lang='grc' dir='ltr'><strong>ἐκδικήσω</strong></span> <span class='ocrx_word' id='word_1_51' title='bbox 1139 688 1199 754; x_wconf 79' lang='grc' dir='ltr'>ἐξ</span> <span class='ocrx_word' id='word_1_52' title='bbox 1225 688 1421 743; x_wconf 86' lang='grc' dir='ltr'>αὐτῶν.</span> <span class='ocrx_word' id='word_1_53' title='bbox 1457 708 1476 741; x_wconf 73' lang='grc' dir='ltr'><strong>ι</strong></span> <span class='ocrx_word' id='word_1_54' title='bbox 1502 688 1611 740; x_wconf 73' lang='grc' dir='ltr'>Καὶ</span> <span class='ocrx_word' id='word_1_55' title='bbox 1629 686 1682 739; x_wconf 93' lang='grc' dir='ltr'><strong>τί</strong></span> <span class='ocrx_word' id='word_1_56' title='bbox 1711 685 1910 756; x_wconf 78' lang='grc' dir='ltr'>μᾶλλον</span> 
     </span>
    </p>
   </div>
   <div class='ocr_carea' id='block_1_8' title="bbox 1967 678 3588 766">
    <p class='ocr_par' dir='ltr' id='par_1_8' title="bbox 2012 678 3588 752">
     <span class='ocr_line' id='line_1_8' title="bbox 2012 678 3588 752; baseline -0.002 -16"><span class='ocrx_word' id='word_1_57' title='bbox 2012 697 2122 736; x_wconf 87' lang='lat' dir='ltr'><strong>sem</strong></span> <span class='ocrx_word' id='word_1_58' title='bbox 2142 682 2482 752; x_wconf 73' lang='lat' dir='ltr'><strong>prophetam,</strong></span> <span class='ocrx_word' id='word_1_59' title='bbox 2509 681 2562 737; x_wconf 95' lang='lat' dir='ltr'><strong>id</strong></span> <span class='ocrx_word' id='word_1_60' title='bbox 2579 689 2664 737; x_wconf 86' lang='lat' dir='ltr'><strong>est</strong></span> <span class='ocrx_word' id='word_1_61' title='bbox 2687 682 3077 752; x_wconf 87' lang='lat' dir='ltr'><strong>lcgislatorem,</strong></span> <span class='ocrx_word' id='word_1_62' title='bbox 3104 678 3383 747; x_wconf 80' lang='lat' dir='ltr'><strong>hominum</strong></span> <span class='ocrx_word' id='word_1_63' title='bbox 3416 689 3588 745; x_wconf 66' lang='lat' dir='ltr'><strong>gencv.</strong></span> 
     </span>
    </p>
   </div>
   <div class='ocr_carea' id='block_1_9' title="bbox 320 765 1941 854">
    <p class='ocr_par' dir='ltr' id='par_1_9' title="bbox 320 774 1906 854">
     <span class='ocr_line' id='line_1_9' title="bbox 320 774 1906 854; baseline -0.007 -17"><span class='ocrx_word' id='word_1_64' title='bbox 320 783 443 854; x_wconf 72' lang='grc' dir='ltr'>ἔχοι</span> <span class='ocrx_word' id='word_1_65' title='bbox 468 798 558 844; x_wconf 90' lang='grc' dir='ltr'><strong>τις</strong></span> <span class='ocrx_word' id='word_1_66' title='bbox 572 782 636 833; x_wconf 77' lang='grc' dir='ltr'>ὲκ</span> <span class='ocrx_word' id='word_1_67' title='bbox 652 779 745 835; x_wconf 88' lang='grc' dir='ltr'><strong>τοῦ</strong></span> <span class='ocrx_word' id='word_1_68' title='bbox 770 777 986 852; x_wconf 83' lang='grc' dir='ltr'>Ἰσραὴλ</span> <span class='ocrx_word' id='word_1_69' title='bbox 1002 777 1143 832; x_wconf 86' lang='grc' dir='ltr'>κατὰ</span> <span class='ocrx_word' id='word_1_70' title='bbox 1162 778 1400 833; x_wconf 83' lang='grc' dir='ltr'>Μωῦσέα</span> <span class='ocrx_word' id='word_1_71' title='bbox 1431 776 1737 849; x_wconf 80' lang='grc' dir='ltr'><strong>προφήτην,</strong></span> <span class='ocrx_word' id='word_1_72' title='bbox 1762 774 1906 828; x_wconf 85' lang='grc' dir='ltr'>τοῦτ’</span> 
     </span>
    </p>
   </div>
   <div class='ocr_carea' id='block_1_10' title="bbox 1958 765 3579 854">
    <p class='ocr_par' dir='ltr' id='par_1_10' title="bbox 2011 765 3579 844">
     <span class='ocr_line' id='line_1_10' title="bbox 2011 765 3579 844; baseline -0.004 -18"><span class='ocrx_word' id='word_1_73' title='bbox 2011 787 2070 827; x_wconf 87' lang='lat' dir='ltr'><strong>re</strong></span> <span class='ocrx_word' id='word_1_74' title='bbox 2098 782 2299 837; x_wconf 78' lang='lat' dir='ltr'><strong>ortum,</strong></span> <span class='ocrx_word' id='word_1_75' title='bbox 2331 773 2548 830; x_wconf 88' lang='lat' dir='ltr'><strong>ostendi</strong></span> <span class='ocrx_word' id='word_1_76' title='bbox 2576 783 2776 844; x_wconf 89' lang='lat' dir='ltr'><strong>potest,</strong></span> <span class='ocrx_word' id='word_1_77' title='bbox 2808 773 2916 829; x_wconf 88' lang='lat' dir='ltr'><strong>nisi</strong></span> <span class='ocrx_word' id='word_1_78' title='bbox 2940 772 3118 827; x_wconf 89' lang='lat' dir='ltr'><strong>solum</strong></span> <span class='ocrx_word' id='word_1_79' title='bbox 3166 768 3351 826; x_wconf 83' lang='lat' dir='ltr'><strong>Jesum</strong></span> <span class='ocrx_word' id='word_1_80' title='bbox 3387 765 3579 822; x_wconf 80' lang='lat' dir='ltr'><strong>Salva-</strong></span> 
     </span>
    </p>
   </div>
   <div class='ocr_carea' id='block_1_11' title="bbox 321 862 1942 942">
    <p class='ocr_par' dir='ltr' id='par_1_11' title="bbox 321 865 1901 942">
     <span class='ocr_line' id='line_1_11' title="bbox 321 865 1901 942; baseline -0.006 -15"><span class='ocrx_word' id='word_1_81' title='bbox 321 874 447 927; x_wconf 77' lang='grc' dir='ltr'>εστι</span> <span class='ocrx_word' id='word_1_82' title='bbox 502 870 821 942; x_wconf 85' lang='grc' dir='ltr'><strong>νομοθέτην,</strong></span> <span class='ocrx_word' id='word_1_83' title='bbox 879 868 976 923; x_wconf 90' lang='grc' dir='ltr'><strong>τοῦ</strong></span> <span class='ocrx_word' id='word_1_84' title='bbox 1014 869 1124 923; x_wconf 81' lang='grc' dir='ltr'><strong>τῶν</strong></span> <span class='ocrx_word' id='word_1_85' title='bbox 1167 867 1468 941; x_wconf 83' lang='grc' dir='ltr'>ἀνθρώπων</span> <span class='ocrx_word' id='word_1_86' title='bbox 1501 867 1690 936; x_wconf 80' lang='grc' dir='ltr'><strong>γένους</strong></span> <span class='ocrx_word' id='word_1_87' title='bbox 1711 865 1901 931; x_wconf 81' lang='grc' dir='ltr'>ἀναδε-</span> 
     </span>
    </p>
   </div>
   <div class='ocr_carea' id='block_1_12' title="bbox 1956 862 3577 942">
    <p class='ocr_par' dir='ltr' id='par_1_12' title="bbox 2009 862 3577 939">
     <span class='ocr_line' id='line_1_12' title="bbox 2009 862 3577 939; baseline -0.002 -19"><span class='ocrx_word' id='word_1_88' title='bbox 2009 877 2177 921; x_wconf 86' lang='lat' dir='ltr'><strong>torem</strong></span> <span class='ocrx_word' id='word_1_89' title='bbox 2212 866 2607 939; x_wconf 86' lang='lat' dir='ltr'><strong>Dominumque</strong></span> <span class='ocrx_word' id='word_1_90' title='bbox 2635 877 2907 935; x_wconf 85' lang='lat' dir='ltr'><strong>nostrum,</strong></span> <span class='ocrx_word' id='word_1_91' title='bbox 2941 867 3033 939; x_wconf 87' lang='lat' dir='ltr'><strong>qui</strong></span> <span class='ocrx_word' id='word_1_92' title='bbox 3058 865 3193 933; x_wconf 69' lang='lat' dir='ltr'><strong>Novi</strong></span> <span class='ocrx_word' id='word_1_93' title='bbox 3222 862 3577 927; x_wconf 86' lang='lat' dir='ltr'><strong>Testamenti,</strong></span> 
     </span>
    </p>
   </div>
   <div class='ocr_carea' id='block_1_13' title="bbox 320 954 1941 1034">
    <p class='ocr_par' dir='ltr' id='par_1_13' title="bbox 320 958 1913 1034">
     <span class='ocr_line' id='line_1_13' title="bbox 320 958 1913 1034; baseline -0.006 -15"><span class='ocrx_word' id='word_1_94' title='bbox 320 960 617 1033; x_wconf 84' lang='grc' dir='ltr'>δειγμένον</span> <span class='ocrx_word' id='word_1_95' title='bbox 643 961 926 1029; x_wconf 75' lang='grc' dir='ltr'>ἐπιδεῖξαι,</span> <span class='ocrx_word' id='word_1_96' title='bbox 952 962 986 1034; x_wconf 79' lang='grc' dir='ltr'><strong>ἢ</strong></span> <span class='ocrx_word' id='word_1_97' title='bbox 1022 963 1180 1033; x_wconf 86' lang='grc' dir='ltr'>μόνον</span> <span class='ocrx_word' id='word_1_98' title='bbox 1225 960 1431 1033; x_wconf 75' lang='grc' dir='ltr'>Ἰησοῦν</span> <span class='ocrx_word' id='word_1_99' title='bbox 1455 960 1544 1013; x_wconf 82' lang='grc' dir='ltr'>τὸν</span> <span class='ocrx_word' id='word_1_100' title='bbox 1576 961 1801 1029; x_wconf 81' lang='grc' dir='ltr'><strong>Σωτῆρα</strong></span> <span class='ocrx_word' id='word_1_101' title='bbox 1815 958 1913 1011; x_wconf 66' lang='lat' dir='ltr'><strong>rat</strong></span> 
     </span>
    </p>
   </div>
   <div class='ocr_carea' id='block_1_14' title="bbox 1957 954 3578 1034">
    <p class='ocr_par' dir='ltr' id='par_1_14' title="bbox 2008 954 3578 1030">
     <span class='ocr_line' id='line_1_14' title="bbox 2008 954 3578 1030; baseline -0.004 -15"><span class='ocrx_word' id='word_1_102' title='bbox 2008 958 2132 1017; x_wconf 73' lang='lat' dir='ltr'><strong>vitae</strong></span> <span class='ocrx_word' id='word_1_103' title='bbox 2180 958 2481 1025; x_wconf 73' lang='lat' dir='ltr'><strong>secundum</strong></span> <span class='ocrx_word' id='word_1_104' title='bbox 2541 960 2890 1030; x_wconf 76' lang='lat' dir='ltr'><strong>Evangelium</strong></span> <span class='ocrx_word' id='word_1_105' title='bbox 2919 998 2935 1024; x_wconf 86' lang='lat'><strong>,</strong></span> <span class='ocrx_word' id='word_1_106' title='bbox 2992 958 3274 1029; x_wconf 85' lang='lat' dir='ltr'><strong>legislator</strong></span> <span class='ocrx_word' id='word_1_107' title='bbox 3323 954 3578 1021; x_wconf 84' lang='lat' dir='ltr'><strong>omnibus</strong></span> 
     </span>
    </p>
   </div>
   <div class='ocr_carea' id='block_1_15' title="bbox 320 1046 1941 1125">
    <p class='ocr_par' dir='ltr' id='par_1_15' title="bbox 320 1048 1909 1125">
     <span class='ocr_line' id='line_1_15' title="bbox 320 1048 1909 1125; baseline -0.004 -17"><span class='ocrx_word' id='word_1_108' title='bbox 320 1054 540 1124; x_wconf 79' lang='grc' dir='ltr'>Κύριον</span> <span class='ocrx_word' id='word_1_109' title='bbox 569 1052 745 1125; x_wconf 76' lang='grc' dir='ltr'>ήμῶν,</span> <span class='ocrx_word' id='word_1_110' title='bbox 781 1052 840 1117; x_wconf 80' lang='grc' dir='ltr'>ὃς</span> <span class='ocrx_word' id='word_1_111' title='bbox 875 1054 973 1124; x_wconf 83' lang='grc' dir='ltr'>τῆς</span> <span class='ocrx_word' id='word_1_112' title='bbox 1016 1053 1222 1124; x_wconf 83' lang='grc' dir='ltr'>Καινῆς</span> <span class='ocrx_word' id='word_1_113' title='bbox 1259 1051 1533 1122; x_wconf 86' lang='grc' dir='ltr'>Διαθήκης</span> <span class='ocrx_word' id='word_1_114' title='bbox 1553 1049 1649 1103; x_wconf 84' lang='grc' dir='ltr'><strong>τοῦ</strong></span> <span class='ocrx_word' id='word_1_115' title='bbox 1680 1049 1821 1103; x_wconf 89' lang='grc' dir='ltr'><strong>κατά</strong></span> <span class='ocrx_word' id='word_1_116' title='bbox 1849 1048 1909 1101; x_wconf 81' lang='grc' dir='ltr'>τὸ</span> 
     </span>
    </p>
   </div>
   <div class='ocr_carea' id='block_1_16' title="bbox 1957 1046 3578 1125">
    <p class='ocr_par' dir='ltr' id='par_1_16' title="bbox 2008 1046 3578 1121">
     <span class='ocr_line' id='line_1_16' title="bbox 2008 1046 3578 1121; baseline -0.005 -12"><span class='ocrx_word' id='word_1_117' title='bbox 2008 1048 2388 1109; x_wconf 74' lang='lat' dir='ltr'><strong>mnifestatus</strong></span> <span class='ocrx_word' id='word_1_118' title='bbox 2414 1058 2501 1119; x_wconf 81' lang='lat' dir='ltr'><strong>est</strong></span> <span class='ocrx_word' id='word_1_119' title='bbox 2523 1051 2800 1121; x_wconf 88' lang='lat' dir='ltr'><strong>gentibus,</strong></span> <span class='ocrx_word' id='word_1_120' title='bbox 2838 1052 3137 1117; x_wconf 81' lang='lat' dir='ltr'><strong>secundum</strong></span> <span class='ocrx_word' id='word_1_121' title='bbox 3189 1051 3337 1105; x_wconf 90' lang='lat' dir='ltr'><strong>illam</strong></span> <span class='ocrx_word' id='word_1_122' title='bbox 3380 1046 3578 1121; x_wconf 80' lang='lat' dir='ltr'><strong>psalmi</strong></span> 
     </span>
    </p>
   </div>
   <div class='ocr_carea' id='block_1_17' title="bbox 314 1142 1935 1217">
    <p class='ocr_par' dir='ltr' id='par_1_17' title="bbox 314 1144 1908 1217">
     <span class='ocr_line' id='line_1_17' title="bbox 314 1144 1908 1217; baseline -0.004 -17"><span class='ocrx_word' id='word_1_123' title='bbox 314 1145 668 1215; x_wconf 82' lang='grc' dir='ltr'>Εὐαγγέλιον</span> <span class='ocrx_word' id='word_1_124' title='bbox 701 1145 818 1215; x_wconf 82' lang='grc' dir='ltr'>βίου</span> <span class='ocrx_word' id='word_1_125' title='bbox 844 1145 1140 1217; x_wconf 76' lang='grc' dir='ltr'><strong>νομοθέτης</strong></span> <span class='ocrx_word' id='word_1_126' title='bbox 1166 1145 1366 1200; x_wconf 76' lang='grc' dir='ltr'>ἅπασιν</span> <span class='ocrx_word' id='word_1_127' title='bbox 1397 1144 1772 1213; x_wconf 79' lang='grc' dir='ltr'>ἀναπέφανται</span> <span class='ocrx_word' id='word_1_128' title='bbox 1796 1145 1908 1206; x_wconf 85' lang='grc' dir='ltr'>τοῖς</span> 
     </span>
    </p>
   </div>
   <div class='ocr_carea' id='block_1_18' title="bbox 1956 1142 3577 1217">
    <p class='ocr_par' dir='ltr' id='par_1_18' title="bbox 2006 1142 3577 1213">
     <span class='ocr_line' id='line_1_18' title="bbox 2006 1142 3577 1213; baseline -0.003 -16"><span class='ocrx_word' id='word_1_129' title='bbox 2006 1142 2309 1203; x_wconf 86' lang='lat' dir='ltr'><strong>orationem</strong></span> <span class='ocrx_word' id='word_1_130' title='bbox 2340 1158 2353 1194; x_wconf 89' lang='lat'><strong>:</strong></span> <span class='ocrx_word' id='word_1_131' title='bbox 2389 1161 2408 1194; x_wconf 76' lang='grc' dir='ltr'><strong>ι</strong></span> <span class='ocrx_word' id='word_1_132' title='bbox 2440 1142 2750 1206; x_wconf 87' lang='lat' dir='ltr'><strong>Constitue,</strong></span> <span class='ocrx_word' id='word_1_133' title='bbox 2800 1142 3051 1210; x_wconf 88' lang='lat' dir='ltr'><strong>Domine,</strong></span> <span class='ocrx_word' id='word_1_134' title='bbox 3083 1142 3449 1213; x_wconf 80' lang='lat' dir='ltr'><strong>lcgislatorem</strong></span> <span class='ocrx_word' id='word_1_135' title='bbox 3479 1153 3577 1194; x_wconf 82' lang='lat' dir='ltr'><strong>su-</strong></span> 
     </span>
    </p>
   </div>
   <div class='ocr_carea' id='block_1_19' title="bbox 312 1231 1933 1310">
    <p class='ocr_par' dir='ltr' id='par_1_19' title="bbox 312 1234 1907 1310">
     <span class='ocr_line' id='line_1_19' title="bbox 312 1234 1907 1310; baseline -0.004 -17"><span class='ocrx_word' id='word_1_136' title='bbox 312 1238 550 1303; x_wconf 72' lang='grc' dir='ltr'>εθνεσι,</span> <span class='ocrx_word' id='word_1_137' title='bbox 607 1237 748 1292; x_wconf 88' lang='grc' dir='ltr'><strong>κατά</strong></span> <span class='ocrx_word' id='word_1_138' title='bbox 787 1238 886 1308; x_wconf 78' lang='grc' dir='ltr'><strong>τήν</strong></span> <span class='ocrx_word' id='word_1_139' title='bbox 927 1239 986 1291; x_wconf 80' lang='grc' dir='ltr'>ἐν</span> <span class='ocrx_word' id='word_1_140' title='bbox 1032 1237 1231 1310; x_wconf 76' lang='grc' dir='ltr'>ψαλμῷ</span> <span class='ocrx_word' id='word_1_141' title='bbox 1277 1238 1525 1308; x_wconf 88' lang='grc' dir='ltr'>φήσασαν</span> <span class='ocrx_word' id='word_1_142' title='bbox 1565 1234 1907 1306; x_wconf 85' lang='grc' dir='ltr'>προφητικὴν</span> 
     </span>
    </p>
   </div>
   <div class='ocr_carea' id='block_1_20' title="bbox 1950 1231 3571 1310">
    <p class='ocr_par' dir='ltr' id='par_1_20' title="bbox 2005 1231 3571 1305">
     <span class='ocr_line' id='line_1_20' title="bbox 2005 1231 3571 1305; baseline -0.004 -16"><span class='ocrx_word' id='word_1_143' title='bbox 2005 1248 2102 1302; x_wconf 78' lang='lat' dir='ltr'><strong>per</strong></span> <span class='ocrx_word' id='word_1_144' title='bbox 2116 1250 2212 1290; x_wconf 84' lang='lat' dir='ltr'><strong>eos</strong></span> <span class='ocrx_word' id='word_1_145' title='bbox 2232 1249 2246 1285; x_wconf 91' lang='lat'><strong>:</strong></span> <span class='ocrx_word' id='word_1_146' title='bbox 2265 1242 2325 1287; x_wconf 90' lang='lat' dir='ltr'><strong>ut</strong></span> <span class='ocrx_word' id='word_1_147' title='bbox 2351 1234 2530 1291; x_wconf 88' lang='lat' dir='ltr'><strong>sciant</strong></span> <span class='ocrx_word' id='word_1_148' title='bbox 2551 1245 2742 1305; x_wconf 86' lang='lat' dir='ltr'><strong>gentes</strong></span> <span class='ocrx_word' id='word_1_149' title='bbox 2771 1235 3028 1305; x_wconf 88' lang='lat' dir='ltr'><strong>quoniam</strong></span> <span class='ocrx_word' id='word_1_150' title='bbox 3051 1234 3303 1289; x_wconf 83' lang='lat' dir='ltr'><strong>homines</strong></span> <span class='ocrx_word' id='word_1_151' title='bbox 3328 1239 3455 1288; x_wconf 89' lang='lat' dir='ltr'><strong>sunt</strong></span> <span class='ocrx_word' id='word_1_152' title='bbox 3471 1231 3537 1285; x_wconf 86' lang='grc'><strong>⁸¹.</strong></span> <span class='ocrx_word' id='word_1_153' title='bbox 3554 1248 3571 1280; x_wconf 76' lang='grc' dir='ltr'><strong>ι</strong></span> 
     </span>
    </p>
   </div>
   <div class='ocr_carea' id='block_1_21' title="bbox 310 1322 1931 1401">
    <p class='ocr_par' dir='ltr' id='par_1_21' title="bbox 310 1328 1902 1401">
     <span class='ocr_line' id='line_1_21' title="bbox 310 1328 1902 1401; baseline -0.003 -18"><span class='ocrx_word' id='word_1_154' title='bbox 310 1329 532 1400; x_wconf 77' lang='grc' dir='ltr'>εὐχήνο</span> <span class='ocrx_word' id='word_1_155' title='bbox 578 1348 597 1381; x_wconf 78' lang='grc' dir='ltr'><strong>ι</strong></span> <span class='ocrx_word' id='word_1_156' title='bbox 641 1329 1022 1401; x_wconf 83' lang='grc' dir='ltr'>Κατάστησον,</span> <span class='ocrx_word' id='word_1_157' title='bbox 1082 1330 1276 1400; x_wconf 76' lang='grc' dir='ltr'>Κύριε,</span> <span class='ocrx_word' id='word_1_158' title='bbox 1335 1328 1633 1400; x_wconf 82' lang='grc' dir='ltr'>νομοθέτην</span> <span class='ocrx_word' id='word_1_159' title='bbox 1688 1328 1902 1390; x_wconf 75' lang='grc' dir='ltr'><strong>αὐτοῖς⁸</strong></span> 
     </span>
    </p>
   </div>
   <div class='ocr_carea' id='block_1_22' title="bbox 1957 1322 3578 1401">
    <p class='ocr_par' dir='ltr' id='par_1_22' title="bbox 2007 1322 3578 1398">
     <span class='ocr_line' id='line_1_22' title="bbox 2007 1322 3578 1398; baseline -0.003 -17"><span class='ocrx_word' id='word_1_160' title='bbox 2007 1323 2105 1381; x_wconf 79' lang='lat' dir='ltr'><strong>Hic</strong></span> <span class='ocrx_word' id='word_1_161' title='bbox 2135 1336 2316 1381; x_wconf 88' lang='lat' dir='ltr'><strong>autem</strong></span> <span class='ocrx_word' id='word_1_162' title='bbox 2365 1326 2615 1385; x_wconf 88' lang='lat' dir='ltr'><strong>liberavit</strong></span> <span class='ocrx_word' id='word_1_163' title='bbox 2675 1326 2908 1398; x_wconf 82' lang='lat' dir='ltr'><strong>spiritali</strong></span> <span class='ocrx_word' id='word_1_164' title='bbox 2953 1324 3206 1397; x_wconf 65' lang='lat' dir='ltr'><strong>Aigypto,</strong></span> <span class='ocrx_word' id='word_1_165' title='bbox 3237 1326 3467 1395; x_wconf 81' lang='lat' dir='ltr'><strong>ejusque</strong></span> <span class='ocrx_word' id='word_1_166' title='bbox 3494 1322 3578 1376; x_wconf 60' lang='lat' dir='ltr'><strong>lae</strong></span> 
     </span>
    </p>
   </div>
   <div class='ocr_carea' id='block_1_23' title="bbox 307 1412 1928 1493">
    <p class='ocr_par' dir='ltr' id='par_1_23' title="bbox 307 1412 1908 1493">
     <span class='ocr_line' id='line_1_23' title="bbox 307 1412 1908 1493; baseline -0.002 -19"><span class='ocrx_word' id='word_1_167' title='bbox 307 1418 623 1488; x_wconf 82' lang='grc' dir='ltr'>γνώτωσαν</span> <span class='ocrx_word' id='word_1_168' title='bbox 669 1420 803 1491; x_wconf 76' lang='grc' dir='ltr'>έθνη</span> <span class='ocrx_word' id='word_1_169' title='bbox 831 1421 912 1473; x_wconf 82' lang='grc' dir='ltr'>ὅτι</span> <span class='ocrx_word' id='word_1_170' title='bbox 951 1420 1227 1493; x_wconf 74' lang='grc' dir='ltr'>ἄνθρωποί</span> <span class='ocrx_word' id='word_1_171' title='bbox 1264 1420 1438 1486; x_wconf 83' lang='grc' dir='ltr'>είσιν;</span> <span class='ocrx_word' id='word_1_172' title='bbox 1478 1438 1497 1471; x_wconf 75' lang='grc' dir='ltr'><strong>ι</strong></span> <span class='ocrx_word' id='word_1_173' title='bbox 1530 1412 1696 1482; x_wconf 73' lang='grc' dir='ltr'>Οὗτος</span> <span class='ocrx_word' id='word_1_174' title='bbox 1721 1416 1778 1471; x_wconf 82' lang='grc' dir='ltr'>δὲ</span> <span class='ocrx_word' id='word_1_175' title='bbox 1814 1418 1908 1470; x_wconf 62' lang='grc' dir='ltr'><strong>καὶ⁸</strong></span> 
     </span>
    </p>
   </div>
   <div class='ocr_carea' id='block_1_24' title="bbox 1963 1412 3584 1493">
    <p class='ocr_par' dir='ltr' id='par_1_24' title="bbox 2006 1415 3584 1493">
     <span class='ocr_line' id='line_1_24' title="bbox 2006 1415 3584 1493; baseline 0 -20"><span class='ocrx_word' id='word_1_176' title='bbox 2006 1419 2243 1483; x_wconf 74' lang='lat' dir='ltr'><strong>terariis,</strong></span> <span class='ocrx_word' id='word_1_177' title='bbox 2268 1428 2323 1474; x_wconf 89' lang='lat' dir='ltr'><strong>et</strong></span> <span class='ocrx_word' id='word_1_178' title='bbox 2350 1418 2547 1474; x_wconf 89' lang='lat' dir='ltr'><strong>acerba</strong></span> <span class='ocrx_word' id='word_1_179' title='bbox 2577 1417 2685 1474; x_wconf 84' lang='lat' dir='ltr'><strong>sub</strong></span> <span class='ocrx_word' id='word_1_180' title='bbox 2717 1417 2949 1488; x_wconf 85' lang='lat' dir='ltr'><strong>spiritali</strong></span> <span class='ocrx_word' id='word_1_181' title='bbox 3004 1416 3291 1472; x_wconf 80' lang='lat' dir='ltr'><strong>Pharaone</strong></span> <span class='ocrx_word' id='word_1_182' title='bbox 3312 1415 3584 1493; x_wconf 40' lang='lat' dir='ltr'><strong>servitute,</strong></span> 
     </span>
    </p>
   </div>
   <div class='ocr_carea' id='block_1_25' title="bbox 309 1507 1930 1581">
    <p class='ocr_par' dir='ltr' id='par_1_25' title="bbox 309 1507 1902 1581">
     <span class='ocr_line' id='line_1_25' title="bbox 309 1507 1902 1581; baseline 0 -20"><span class='ocrx_word' id='word_1_183' title='bbox 309 1507 689 1579; x_wconf 73' lang='grc' dir='ltr'>ὲλυτρὼσατσ</span> <span class='ocrx_word' id='word_1_184' title='bbox 720 1512 820 1581; x_wconf 85' lang='grc' dir='ltr'>τῆς</span> <span class='ocrx_word' id='word_1_185' title='bbox 852 1512 1048 1581; x_wconf 84' lang='grc' dir='ltr'>νοητῆς</span> <span class='ocrx_word' id='word_1_186' title='bbox 1095 1509 1393 1578; x_wconf 78' lang='grc' dir='ltr'><strong>Αἰγύπτου,</strong></span> <span class='ocrx_word' id='word_1_187' title='bbox 1435 1509 1529 1563; x_wconf 77' lang='grc' dir='ltr'>καὶ</span> <span class='ocrx_word' id='word_1_188' title='bbox 1555 1510 1654 1580; x_wconf 85' lang='grc' dir='ltr'>τῆς</span> <span class='ocrx_word' id='word_1_189' title='bbox 1685 1510 1742 1561; x_wconf 81' lang='grc' dir='ltr'>ἐν</span> <span class='ocrx_word' id='word_1_190' title='bbox 1766 1509 1902 1579; x_wconf 74' lang='grc' dir='ltr'>αὐτῇ</span> 
     </span>
    </p>
   </div>
   <div class='ocr_carea' id='block_1_26' title="bbox 1955 1507 3576 1581">
    <p class='ocr_par' dir='ltr' id='par_1_26' title="bbox 2004 1508 3576 1581">
     <span class='ocr_line' id='line_1_26' title="bbox 2004 1508 3576 1581; baseline 0 -20"><span class='ocrx_word' id='word_1_191' title='bbox 2004 1516 2273 1579; x_wconf 88' lang='lat' dir='ltr'><strong>quotquot</strong></span> <span class='ocrx_word' id='word_1_192' title='bbox 2293 1508 2413 1580; x_wconf 84' lang='lat' dir='ltr'><strong>ipso</strong></span> <span class='ocrx_word' id='word_1_193' title='bbox 2441 1510 2581 1566; x_wconf 89' lang='lat' dir='ltr'><strong>duce</strong></span> <span class='ocrx_word' id='word_1_194' title='bbox 2613 1508 2681 1565; x_wconf 87' lang='lat' dir='ltr'><strong>ad</strong></span> <span class='ocrx_word' id='word_1_195' title='bbox 2711 1510 2958 1565; x_wconf 89' lang='lat' dir='ltr'><strong>omnium</strong></span> <span class='ocrx_word' id='word_1_196' title='bbox 2988 1508 3159 1563; x_wconf 89' lang='lat' dir='ltr'><strong>Deum</strong></span> <span class='ocrx_word' id='word_1_197' title='bbox 3190 1516 3576 1581; x_wconf 65' lang='lat' dir='ltr'><strong>pervenerunt.</strong></span> 
     </span>
    </p>
   </div>
   <div class='ocr_carea' id='block_1_27' title="bbox 310 1593 1931 1673">
    <p class='ocr_par' dir='ltr' id='par_1_27' title="bbox 310 1593 1909 1672">
     <span class='ocr_line' id='line_1_27' title="bbox 310 1593 1909 1672; baseline -0.003 -18"><span class='ocrx_word' id='word_1_198' title='bbox 310 1599 720 1666; x_wconf 88' lang='grc' dir='ltr'>πλινθοποιίας,</span> <span class='ocrx_word' id='word_1_199' title='bbox 751 1602 852 1672; x_wconf 85' lang='grc' dir='ltr'>τῆς</span> <span class='ocrx_word' id='word_1_200' title='bbox 899 1618 959 1654; x_wconf 90' lang='grc' dir='ltr'><strong>τε</strong></span> <span class='ocrx_word' id='word_1_201' title='bbox 1001 1603 1203 1672; x_wconf 77' lang='grc' dir='ltr'>πικρᾶς</span> <span class='ocrx_word' id='word_1_202' title='bbox 1231 1600 1336 1655; x_wconf 83' lang='grc' dir='ltr'><strong>ὑπὸ</strong></span> <span class='ocrx_word' id='word_1_203' title='bbox 1363 1600 1454 1655; x_wconf 78' lang='grc' dir='ltr'><strong>τὸν</strong></span> <span class='ocrx_word' id='word_1_204' title='bbox 1485 1593 1670 1670; x_wconf 75' lang='grc' dir='ltr'>νοητὸν</span> <span class='ocrx_word' id='word_1_205' title='bbox 1708 1598 1909 1670; x_wconf 82' lang='grc' dir='ltr'>Φαραῶ</span> 
     </span>
    </p>
   </div>
   <div class='ocr_carea' id='block_1_28' title="bbox 1953 1593 3574 1673">
    <p class='ocr_par' dir='ltr' id='par_1_28' title="bbox 2004 1598 3574 1673">
     <span class='ocr_line' id='line_1_28' title="bbox 2004 1598 3574 1673; baseline 0 -20"><span class='ocrx_word' id='word_1_206' title='bbox 2004 1598 2070 1654; x_wconf 88' lang='lat' dir='ltr'><strong>Et</strong></span> <span class='ocrx_word' id='word_1_207' title='bbox 2086 1601 2268 1655; x_wconf 90' lang='lat' dir='ltr'><strong>omnia</strong></span> <span class='ocrx_word' id='word_1_208' title='bbox 2301 1617 2423 1672; x_wconf 74' lang='lat' dir='ltr'><strong>qua:</strong></span> <span class='ocrx_word' id='word_1_209' title='bbox 2443 1602 2798 1673; x_wconf 85' lang='lat' dir='ltr'><strong>corporaliter</strong></span> <span class='ocrx_word' id='word_1_210' title='bbox 2817 1617 2845 1655; x_wconf 92' lang='lat' dir='ltr'><strong>a</strong></span> <span class='ocrx_word' id='word_1_211' title='bbox 2876 1601 3061 1673; x_wconf 85' lang='lat' dir='ltr'><strong>Moyse</strong></span> <span class='ocrx_word' id='word_1_212' title='bbox 3094 1601 3235 1655; x_wconf 77' lang='lat' dir='ltr'><strong>facta</strong></span> <span class='ocrx_word' id='word_1_213' title='bbox 3262 1609 3574 1663; x_wconf 74' lang='lat' dir='ltr'><strong>narrantur,</strong></span> 
     </span>
    </p>
   </div>
   <div class='ocr_carea' id='block_1_29' title="bbox 307 1689 1928 1765">
    <p class='ocr_par' dir='ltr' id='par_1_29' title="bbox 307 1689 1904 1764">
     <span class='ocr_line' id='line_1_29' title="bbox 307 1689 1904 1764; baseline -0.001 -20"><span class='ocrx_word' id='word_1_214' title='bbox 307 1689 569 1756; x_wconf 75' lang='grc' dir='ltr'><strong>δουλείας</strong></span> <span class='ocrx_word' id='word_1_215' title='bbox 622 1693 750 1756; x_wconf 82' lang='grc' dir='ltr'>τοὺς</span> <span class='ocrx_word' id='word_1_216' title='bbox 793 1693 861 1763; x_wconf 81' lang='grc' dir='ltr'><strong>δι’</strong></span> <span class='ocrx_word' id='word_1_217' title='bbox 918 1692 1083 1746; x_wconf 86' lang='grc' dir='ltr'>αὐτοῦ</span> <span class='ocrx_word' id='word_1_218' title='bbox 1126 1691 1640 1764; x_wconf 85' lang='grc' dir='ltr'>προ(σ)εληλυθὸτας</span> <span class='ocrx_word' id='word_1_219' title='bbox 1686 1689 1765 1760; x_wconf 82' lang='grc' dir='ltr'><strong>τῷ</strong></span> <span class='ocrx_word' id='word_1_220' title='bbox 1795 1689 1904 1743; x_wconf 85' lang='grc' dir='ltr'><strong>τῶν</strong></span> 
     </span>
    </p>
   </div>
   <div class='ocr_carea' id='block_1_30' title="bbox 1957 1689 3578 1765">
    <p class='ocr_par' dir='ltr' id='par_1_30' title="bbox 2005 1691 3578 1765">
     <span class='ocr_line' id='line_1_30' title="bbox 2005 1691 3578 1765; baseline -0.001 -19"><span class='ocrx_word' id='word_1_221' title='bbox 2005 1692 2238 1762; x_wconf 84' lang='lat' dir='ltr'><strong>spiritali</strong></span> <span class='ocrx_word' id='word_1_222' title='bbox 2302 1693 2418 1764; x_wconf 75' lang='lat' dir='ltr'><strong>lege</strong></span> <span class='ocrx_word' id='word_1_223' title='bbox 2454 1691 2708 1749; x_wconf 80' lang='lat' dir='ltr'><strong>Salvator</strong></span> <span class='ocrx_word' id='word_1_224' title='bbox 2746 1692 3120 1765; x_wconf 84' lang='lat' dir='ltr'><strong>Dominusque</strong></span> <span class='ocrx_word' id='word_1_225' title='bbox 3175 1700 3364 1747; x_wconf 90' lang='lat' dir='ltr'><strong>noster</strong></span> <span class='ocrx_word' id='word_1_226' title='bbox 3402 1692 3578 1762; x_wconf 82' lang='lat' dir='ltr'><strong>perfe-</strong></span> 
     </span>
    </p>
   </div>
   <div class='ocr_carea' id='block_1_31' title="bbox 308 1781 1929 1857">
    <p class='ocr_par' dir='ltr' id='par_1_31' title="bbox 308 1781 1902 1856">
     <span class='ocr_line' id='line_1_31' title="bbox 308 1781 1902 1856; baseline -0.002 -19"><span class='ocrx_word' id='word_1_227' title='bbox 308 1781 457 1837; x_wconf 76' lang='grc' dir='ltr'>δλων</span> <span class='ocrx_word' id='word_1_228' title='bbox 494 1784 613 1856; x_wconf 80' lang='grc' dir='ltr'><strong>Θεῷ</strong></span> <span class='ocrx_word' id='word_1_229' title='bbox 632 1801 645 1814; x_wconf 95' lang='grc'>·</span> <span class='ocrx_word' id='word_1_230' title='bbox 677 1784 771 1838; x_wconf 75' lang='grc' dir='ltr'>καὶ</span> <span class='ocrx_word' id='word_1_231' title='bbox 815 1784 993 1838; x_wconf 84' lang='grc' dir='ltr'>πάντα</span> <span class='ocrx_word' id='word_1_232' title='bbox 1032 1784 1089 1838; x_wconf 81' lang='grc' dir='ltr'>δὲ</span> <span class='ocrx_word' id='word_1_233' title='bbox 1122 1782 1309 1848; x_wconf 83' lang='grc' dir='ltr'>ἁπλῶς</span> <span class='ocrx_word' id='word_1_234' title='bbox 1338 1784 1410 1838; x_wconf 87' lang='grc' dir='ltr'><strong>τά</strong></span> <span class='ocrx_word' id='word_1_235' title='bbox 1441 1782 1766 1855; x_wconf 80' lang='grc' dir='ltr'>σωματικῶς</span> <span class='ocrx_word' id='word_1_236' title='bbox 1797 1782 1902 1835; x_wconf 86' lang='grc' dir='ltr'>ὐπὸ</span> 
     </span>
    </p>
   </div>
   <div class='ocr_carea' id='block_1_32' title="bbox 1956 1781 3577 1857">
    <p class='ocr_par' dir='ltr' id='par_1_32' title="bbox 1957 1782 3577 1857">
     <span class='ocr_line' id='line_1_32' title="bbox 1957 1782 3577 1857; baseline -0.001 -20"><span class='ocrx_word' id='word_1_237' title='bbox 1957 1843 1972 1857; x_wconf 82' lang='lat'>_</span> <span class='ocrx_word' id='word_1_238' title='bbox 2003 1788 2097 1837; x_wconf 85' lang='lat' dir='ltr'><strong>cit.</strong></span> <span class='ocrx_word' id='word_1_239' title='bbox 2135 1782 2295 1840; x_wconf 81' lang='lat' dir='ltr'><strong>Venit</strong></span> <span class='ocrx_word' id='word_1_240' title='bbox 2324 1800 2455 1856; x_wconf 88' lang='lat' dir='ltr'><strong>ergo</strong></span> <span class='ocrx_word' id='word_1_241' title='bbox 2481 1794 2536 1840; x_wconf 89' lang='lat' dir='ltr'><strong>et</strong></span> <span class='ocrx_word' id='word_1_242' title='bbox 2567 1800 2716 1840; x_wconf 88' lang='lat' dir='ltr'><strong>nunc</strong></span> <span class='ocrx_word' id='word_1_243' title='bbox 2745 1785 2924 1840; x_wconf 89' lang='lat' dir='ltr'><strong>adhuc</strong></span> <span class='ocrx_word' id='word_1_244' title='bbox 2950 1786 3304 1857; x_wconf 86' lang='lat' dir='ltr'><strong>pervulgatus</strong></span> <span class='ocrx_word' id='word_1_245' title='bbox 3325 1792 3409 1839; x_wconf 87' lang='lat' dir='ltr'><strong>est</strong></span> <span class='ocrx_word' id='word_1_246' title='bbox 3437 1782 3577 1852; x_wconf 88' lang='lat' dir='ltr'><strong>apud</strong></span> 
     </span>
    </p>
   </div>
   <div class='ocr_carea' id='block_1_33' title="bbox 308 1840 1929 1955">
    <p class='ocr_par' dir='ltr' id='par_1_33' title="bbox 308 1840 1896 1949">
     <span class='ocr_line' id='line_1_33' title="bbox 308 1840 1896 1949; baseline -0.002 -20"><span class='ocrx_word' id='word_1_247' title='bbox 308 1840 604 1939; x_wconf 63' lang='grc' dir='ltr'><strong>Μωῦςιέως⁵</strong></span> <span class='ocrx_word' id='word_1_248' title='bbox 628 1877 908 1945; x_wconf 87' lang='grc' dir='ltr'>γεγονέναι</span> <span class='ocrx_word' id='word_1_249' title='bbox 941 1840 1451 1949; x_wconf 43' lang='grc' dir='ltr'>ἱστορούμενα-κατὰ</span> <span class='ocrx_word' id='word_1_250' title='bbox 1480 1840 1571 1930; x_wconf 68' lang='grc' dir='ltr'><strong>τδν</strong></span> <span class='ocrx_word' id='word_1_251' title='bbox 1598 1840 1896 1945; x_wconf 78' lang='grc' dir='ltr'>πνευματι-</span> 
     </span>
    </p>
   </div>
   <div class='ocr_carea' id='block_1_34' title="bbox 1958 1840 3579 1955">
    <p class='ocr_par' dir='ltr' id='par_1_34' title="bbox 1958 1840 3579 1955">
     <span class='ocr_line' id='line_1_34' title="bbox 1958 1840 3579 1955; baseline 0 -28"><span class='ocrx_word' id='word_1_252' title='bbox 1958 1843 1973 1895; x_wconf 62' lang='grc'><strong><em>⁵</em></strong></span> <span class='ocrx_word' id='word_1_253' title='bbox 2004 1873 2375 1933; x_wconf 84' lang='lat' dir='ltr'><strong>Samaritanos</strong></span> <span class='ocrx_word' id='word_1_254' title='bbox 2388 1840 2457 1932; x_wconf 62' lang='grc' dir='ltr'><strong>ἒι</strong></span> <span class='ocrx_word' id='word_1_255' title='bbox 2480 1874 2717 1955; x_wconf 68' lang='lat' dir='ltr'><strong>Iudaeos,</strong></span> <span class='ocrx_word' id='word_1_256' title='bbox 2738 1892 2899 1947; x_wconf 88' lang='lat' dir='ltr'><strong>quem</strong></span> <span class='ocrx_word' id='word_1_257' title='bbox 2928 1840 2981 1935; x_wconf 66' lang='lat' dir='ltr'><strong>et</strong></span> <span class='ocrx_word' id='word_1_258' title='bbox 3002 1875 3214 1948; x_wconf 82' lang='lat' dir='ltr'><strong>Moyses</strong></span> <span class='ocrx_word' id='word_1_259' title='bbox 3243 1876 3579 1947; x_wconf 69' lang='lat' dir='ltr'><strong>praenuntia-</strong></span> 
     </span>
    </p>
   </div>
   <div class='ocr_carea' id='block_1_35' title="bbox 309 1965 1930 2043">
    <p class='ocr_par' dir='ltr' id='par_1_35' title="bbox 309 1965 1899 2041">
     <span class='ocr_line' id='line_1_35' title="bbox 309 1965 1899 2041; baseline 0 -21"><span class='ocrx_word' id='word_1_260' title='bbox 309 1966 412 2020; x_wconf 78' lang='grc' dir='ltr'><strong>κδν</strong></span> <span class='ocrx_word' id='word_1_261' title='bbox 456 1966 625 2037; x_wconf 87' lang='grc' dir='ltr'>νόμον</span> <span class='ocrx_word' id='word_1_262' title='bbox 672 1970 701 2022; x_wconf 98' lang='lat'><strong>6</strong></span> <span class='ocrx_word' id='word_1_263' title='bbox 755 1968 943 2041; x_wconf 83' lang='grc' dir='ltr'>Σωτὴρ</span> <span class='ocrx_word' id='word_1_264' title='bbox 975 1970 1073 2023; x_wconf 79' lang='grc' dir='ltr'>καὶ</span> <span class='ocrx_word' id='word_1_265' title='bbox 1122 1969 1325 2040; x_wconf 82' lang='grc' dir='ltr'>Κύριος</span> <span class='ocrx_word' id='word_1_266' title='bbox 1362 1967 1520 2039; x_wconf 83' lang='grc' dir='ltr'>ήμῶν</span> <span class='ocrx_word' id='word_1_267' title='bbox 1554 1965 1899 2038; x_wconf 80' lang='grc' dir='ltr'>διεπράξατο.</span> 
     </span>
    </p>
   </div>
   <div class='ocr_carea' id='block_1_36' title="bbox 1956 1965 3577 2043">
    <p class='ocr_par' dir='ltr' id='par_1_36' title="bbox 2002 1967 3577 2043">
     <span class='ocr_line' id='line_1_36' title="bbox 2002 1967 3577 2043; baseline 0 -21"><span class='ocrx_word' id='word_1_268' title='bbox 2002 1970 2081 2023; x_wconf 94' lang='lat' dir='ltr'><strong>vit</strong></span> <span class='ocrx_word' id='word_1_269' title='bbox 2114 1970 2396 2043; x_wconf 81' lang='lat' dir='ltr'><strong>pr0pheta,</strong></span> <span class='ocrx_word' id='word_1_270' title='bbox 2423 1971 2489 2027; x_wconf 91' lang='lat' dir='ltr'><strong>de</strong></span> <span class='ocrx_word' id='word_1_271' title='bbox 2519 1986 2629 2043; x_wconf 88' lang='lat' dir='ltr'><strong>quo</strong></span> <span class='ocrx_word' id='word_1_272' title='bbox 2686 1969 2831 2027; x_wconf 90' lang='lat' dir='ltr'><strong>Deus</strong></span> <span class='ocrx_word' id='word_1_273' title='bbox 2887 1970 3262 2025; x_wconf 88' lang='lat' dir='ltr'><strong>testimonium</strong></span> <span class='ocrx_word' id='word_1_274' title='bbox 3316 1967 3577 2034; x_wconf 84' lang='lat' dir='ltr'><strong>reddidit,</strong></span> 
     </span>
    </p>
   </div>
   <div class='ocr_carea' id='block_1_37' title="bbox 322 2057 1943 2139">
    <p class='ocr_par' dir='ltr' id='par_1_37' title="bbox 322 2057 1902 2139">
     <span class='ocr_line' id='line_1_37' title="bbox 322 2057 1902 2139; baseline 0.001 -29"><span class='ocrx_word' id='word_1_275' title='bbox 322 2057 623 2129; x_wconf 82' lang='grc' dir='ltr'>Ἐλήλυθεν</span> <span class='ocrx_word' id='word_1_276' title='bbox 651 2059 757 2132; x_wconf 82' lang='grc' dir='ltr'>ἄρα</span> <span class='ocrx_word' id='word_1_277' title='bbox 793 2060 889 2114; x_wconf 79' lang='grc' dir='ltr'>καὶ</span> <span class='ocrx_word' id='word_1_278' title='bbox 920 2063 950 2114; x_wconf 90' lang='lat'><strong>6</strong></span> <span class='ocrx_word' id='word_1_279' title='bbox 988 2060 1268 2139; x_wconf 69' lang='lat' dir='ltr'><strong>6ta66q&#39;co;</strong></span> <span class='ocrx_word' id='word_1_280' title='bbox 1291 2059 1372 2114; x_wconf 69' lang='grc' dir='ltr'>ἔτι</span> <span class='ocrx_word' id='word_1_281' title='bbox 1415 2059 1509 2113; x_wconf 78' lang='grc' dir='ltr'><strong>καὶ</strong></span> <span class='ocrx_word' id='word_1_282' title='bbox 1541 2058 1637 2112; x_wconf 90' lang='grc' dir='ltr'><strong>νῦν</strong></span> <span class='ocrx_word' id='word_1_283' title='bbox 1669 2058 1820 2129; x_wconf 84' lang='grc' dir='ltr'>ποιρά</span> <span class='ocrx_word' id='word_1_284' title='bbox 1842 2075 1902 2111; x_wconf 87' lang='grc' dir='ltr'><strong>τε</strong></span> 
     </span>
    </p>
   </div>
   <div class='ocr_carea' id='block_1_38' title="bbox 1954 2057 3575 2139">
    <p class='ocr_par' dir='ltr' id='par_1_38' title="bbox 2002 2060 3575 2131">
     <span class='ocr_line' id='line_1_38' title="bbox 2002 2060 3575 2131; baseline -0.001 -18"><span class='ocrx_word' id='word_1_285' title='bbox 2002 2060 2191 2117; x_wconf 89' lang='lat' dir='ltr'><strong>dicens</strong></span> <span class='ocrx_word' id='word_1_286' title='bbox 2226 2076 2238 2113; x_wconf 93' lang='lat'><strong>:</strong></span> <span class='ocrx_word' id='word_1_287' title='bbox 2278 2079 2294 2113; x_wconf 81' lang='grc' dir='ltr'><strong>ι</strong></span> <span class='ocrx_word' id='word_1_288' title='bbox 2337 2060 2444 2127; x_wconf 86' lang='lat' dir='ltr'><strong>Qui</strong></span> <span class='ocrx_word' id='word_1_289' title='bbox 2487 2068 2666 2116; x_wconf 91' lang='lat' dir='ltr'><strong>autem</strong></span> <span class='ocrx_word' id='word_1_290' title='bbox 2702 2061 2865 2119; x_wconf 83' lang='lat' dir='ltr'><strong>verba</strong></span> <span class='ocrx_word' id='word_1_291' title='bbox 2918 2060 3061 2131; x_wconf 88' lang='lat' dir='ltr'><strong>ejus,</strong></span> <span class='ocrx_word' id='word_1_292' title='bbox 3093 2075 3215 2131; x_wconf 61' lang='lat' dir='ltr'><strong>qua:</strong></span> <span class='ocrx_word' id='word_1_293' title='bbox 3239 2060 3490 2131; x_wconf 83' lang='lat' dir='ltr'><strong>loquetur</strong></span> <span class='ocrx_word' id='word_1_294' title='bbox 3520 2060 3575 2112; x_wconf 93' lang='lat' dir='ltr'><strong>in</strong></span> 
     </span>
    </p>
   </div>
   <div class='ocr_carea' id='block_1_39' title="bbox 309 2148 1930 2232">
    <p class='ocr_par' dir='ltr' id='par_1_39' title="bbox 309 2148 1904 2223">
     <span class='ocr_line' id='line_1_39' title="bbox 309 2148 1904 2223; baseline 0.001 -21"><span class='ocrx_word' id='word_1_295' title='bbox 309 2148 633 2220; x_wconf 82' lang='grc' dir='ltr'>Σαμαρεῦσι</span> <span class='ocrx_word' id='word_1_296' title='bbox 656 2153 748 2204; x_wconf 75' lang='grc' dir='ltr'>καὶ</span> <span class='ocrx_word' id='word_1_297' title='bbox 761 2152 1054 2216; x_wconf 83' lang='grc' dir='ltr'>Ἰουδαίοις,</span> <span class='ocrx_word' id='word_1_298' title='bbox 1069 2152 1129 2206; x_wconf 71' lang='grc' dir='ltr'>ὃν</span> <span class='ocrx_word' id='word_1_299' title='bbox 1154 2153 1248 2206; x_wconf 75' lang='grc' dir='ltr'>καὶ</span> <span class='ocrx_word' id='word_1_300' title='bbox 1271 2152 1513 2223; x_wconf 85' lang='grc' dir='ltr'>Μωῦσῆς</span> <span class='ocrx_word' id='word_1_301' title='bbox 1537 2150 1904 2222; x_wconf 76' lang='grc' dir='ltr'>προεθέσπισε</span> 
     </span>
    </p>
   </div>
   <div class='ocr_carea' id='block_1_40' title="bbox 1950 2148 3571 2232">
    <p class='ocr_par' dir='ltr' id='par_1_40' title="bbox 2002 2153 3571 2232">
     <span class='ocr_line' id='line_1_40' title="bbox 2002 2153 3571 2232; baseline -0.007 -21"><span class='ocrx_word' id='word_1_302' title='bbox 2002 2154 2224 2211; x_wconf 84' lang='lat' dir='ltr'><strong>nomine</strong></span> <span class='ocrx_word' id='word_1_303' title='bbox 2249 2169 2390 2217; x_wconf 89' lang='lat' dir='ltr'><strong>meo,</strong></span> <span class='ocrx_word' id='word_1_304' title='bbox 2425 2154 2618 2209; x_wconf 89' lang='lat' dir='ltr'><strong>audire</strong></span> <span class='ocrx_word' id='word_1_305' title='bbox 2643 2154 2904 2217; x_wconf 87' lang='lat' dir='ltr'><strong>uoluerit,</strong></span> <span class='ocrx_word' id='word_1_306' title='bbox 2934 2168 3034 2232; x_wconf 85' lang='lat' dir='ltr'><strong>ego</strong></span> <span class='ocrx_word' id='word_1_307' title='bbox 3063 2153 3207 2213; x_wconf 85' lang='lat' dir='ltr'><strong>ultor</strong></span> <span class='ocrx_word' id='word_1_308' title='bbox 3229 2153 3508 2211; x_wconf 75' lang='lat' dir='ltr'><strong>exsistam.</strong></span> <span class='ocrx_word' id='word_1_309' title='bbox 3552 2168 3571 2201; x_wconf 74' lang='grc' dir='ltr'><strong>ι</strong></span> 
     </span>
    </p>
   </div>
   <div class='ocr_carea' id='block_1_41' title="bbox 310 2237 1931 2319">
    <p class='ocr_par' dir='ltr' id='par_1_41' title="bbox 310 2237 1894 2316">
     <span class='ocr_line' id='line_1_41' title="bbox 310 2237 1894 2316; baseline 0.003 -24"><span class='ocrx_word' id='word_1_310' title='bbox 310 2242 628 2313; x_wconf 77' lang='grc' dir='ltr'>προφήτης,</span> <span class='ocrx_word' id='word_1_311' title='bbox 658 2244 786 2313; x_wconf 74' lang='grc' dir='ltr'>περὶ</span> <span class='ocrx_word' id='word_1_312' title='bbox 837 2237 901 2296; x_wconf 72' lang='grc' dir='ltr'><strong>οὗ</strong></span> <span class='ocrx_word' id='word_1_313' title='bbox 952 2242 1458 2316; x_wconf 89' lang='grc' dir='ltr'>προδιεμαρτύρατο</span> <span class='ocrx_word' id='word_1_314' title='bbox 1477 2246 1507 2298; x_wconf 92' lang='lat'><strong>6</strong></span> <span class='ocrx_word' id='word_1_315' title='bbox 1535 2243 1668 2308; x_wconf 83' lang='grc' dir='ltr'><strong>Θεὸς</strong></span> <span class='ocrx_word' id='word_1_316' title='bbox 1699 2243 1894 2313; x_wconf 81' lang='grc' dir='ltr'>λέγων·</span> 
     </span>
    </p>
   </div>
   <div class='ocr_carea' id='block_1_42' title="bbox 1954 2237 3575 2319">
    <p class='ocr_par' dir='ltr' id='par_1_42' title="bbox 2002 2242 3575 2319">
     <span class='ocr_line' id='line_1_42' title="bbox 2002 2242 3575 2319; baseline 0.001 -20"><span class='ocrx_word' id='word_1_317' title='bbox 2002 2243 2160 2313; x_wconf 85' lang='lat' dir='ltr'><strong>Ultus</strong></span> <span class='ocrx_word' id='word_1_318' title='bbox 2193 2254 2279 2303; x_wconf 89' lang='lat' dir='ltr'><strong>est</strong></span> <span class='ocrx_word' id='word_1_319' title='bbox 2301 2261 2432 2319; x_wconf 85' lang='lat' dir='ltr'><strong>ergo</strong></span> <span class='ocrx_word' id='word_1_320' title='bbox 2455 2247 2779 2318; x_wconf 84' lang='lat' dir='ltr'><strong>sanguinem</strong></span> <span class='ocrx_word' id='word_1_321' title='bbox 2838 2245 3082 2306; x_wconf 86' lang='lat' dir='ltr'><strong>omnium</strong></span> <span class='ocrx_word' id='word_1_322' title='bbox 3118 2244 3187 2299; x_wconf 83' lang='lat' dir='ltr'><strong>ab</strong></span> <span class='ocrx_word' id='word_1_323' title='bbox 3216 2242 3382 2300; x_wconf 86' lang='lat' dir='ltr'><strong>Abele</strong></span> <span class='ocrx_word' id='word_1_324' title='bbox 3404 2258 3575 2313; x_wconf 75' lang='lat' dir='ltr'><strong>usque</strong></span> 
     </span>
    </p>
   </div>
   <div class='ocr_carea' id='block_1_43' title="bbox 315 2319 1936 2409">
    <p class='ocr_par' dir='ltr' id='par_1_43' title="bbox 315 2330 1901 2407">
     <span class='ocr_line' id='line_1_43' title="bbox 315 2330 1901 2407; baseline 0.004 -27"><span class='ocrx_word' id='word_1_325' title='bbox 315 2349 335 2379; x_wconf 75' lang='grc' dir='ltr'><strong>ι</strong></span> <span class='ocrx_word' id='word_1_326' title='bbox 370 2330 487 2383; x_wconf 75' lang='grc' dir='ltr'><strong>Καὶ</strong></span> <span class='ocrx_word' id='word_1_327' title='bbox 521 2333 551 2384; x_wconf 91' lang='lat'><strong>6</strong></span> <span class='ocrx_word' id='word_1_328' title='bbox 576 2332 860 2403; x_wconf 79' lang='grc' dir='ltr'>ἄνθρωπος</span> <span class='ocrx_word' id='word_1_329' title='bbox 884 2334 944 2398; x_wconf 80' lang='grc' dir='ltr'>ὃς</span> <span class='ocrx_word' id='word_1_330' title='bbox 971 2332 1067 2387; x_wconf 79' lang='grc' dir='ltr'><strong>εὰν</strong></span> <span class='ocrx_word' id='word_1_331' title='bbox 1097 2334 1171 2405; x_wconf 81' lang='grc' dir='ltr'><strong>μή</strong></span> <span class='ocrx_word' id='word_1_332' title='bbox 1210 2332 1419 2407; x_wconf 79' lang='grc' dir='ltr'>ἀκούσῃ</span> <span class='ocrx_word' id='word_1_333' title='bbox 1443 2332 1619 2387; x_wconf 86' lang='grc' dir='ltr'>πάντα</span> <span class='ocrx_word' id='word_1_334' title='bbox 1675 2333 1775 2387; x_wconf 84' lang='grc' dir='ltr'>ὅσα</span> <span class='ocrx_word' id='word_1_335' title='bbox 1807 2332 1901 2388; x_wconf 81' lang='grc' dir='ltr'><strong>ἐὰν</strong></span> 
     </span>
    </p>
   </div>
   <div class='ocr_carea' id='block_1_44' title="bbox 1950 2319 3571 2409">
    <p class='ocr_par' dir='ltr' id='par_1_44' title="bbox 2001 2319 3571 2409">
     <span class='ocr_line' id='line_1_44' title="bbox 2001 2319 3571 2409; baseline 0 -19"><span class='ocrx_word' id='word_1_336' title='bbox 2001 2336 2067 2399; x_wconf 73' lang='lat' dir='ltr'><strong>ad</strong></span> <span class='ocrx_word' id='word_1_337' title='bbox 2087 2335 2409 2393; x_wconf 83' lang='lat' dir='ltr'><strong>Zachariam</strong></span> <span class='ocrx_word' id='word_1_338' title='bbox 2424 2339 2567 2394; x_wconf 89' lang='lat' dir='ltr'><strong>inter</strong></span> <span class='ocrx_word' id='word_1_339' title='bbox 2584 2339 2841 2409; x_wconf 87' lang='lat' dir='ltr'><strong>templum</strong></span> <span class='ocrx_word' id='word_1_340' title='bbox 2864 2347 2919 2409; x_wconf 68' lang='lat' dir='ltr'><strong>et</strong></span> <span class='ocrx_word' id='word_1_341' title='bbox 2937 2319 3108 2395; x_wconf 67' lang='lat' dir='ltr'><strong>aitare</strong></span> <span class='ocrx_word' id='word_1_342' title='bbox 3132 2334 3479 2401; x_wconf 79' lang='lat' dir='ltr'><strong>interfectum</strong></span> <span class='ocrx_word' id='word_1_343' title='bbox 3495 2335 3571 2404; x_wconf 81' lang='lat'><strong>&quot;;</strong></span> 
     </span>
    </p>
   </div>
   <div class='ocr_carea' id='block_1_45' title="bbox 308 2419 1929 2502">
    <p class='ocr_par' dir='ltr' id='par_1_45' title="bbox 308 2419 1903 2499">
     <span class='ocr_line' id='line_1_45' title="bbox 308 2419 1903 2499; baseline 0.003 -22"><span class='ocrx_word' id='word_1_344' title='bbox 308 2419 528 2492; x_wconf 79' lang='grc' dir='ltr'>λαλήσῃ</span> <span class='ocrx_word' id='word_1_345' title='bbox 565 2421 594 2475; x_wconf 93' lang='lat'><strong>6</strong></span> <span class='ocrx_word' id='word_1_346' title='bbox 621 2427 905 2497; x_wconf 82' lang='grc' dir='ltr'>προφήτης</span> <span class='ocrx_word' id='word_1_347' title='bbox 933 2427 990 2479; x_wconf 81' lang='grc' dir='ltr'>ὲν</span> <span class='ocrx_word' id='word_1_348' title='bbox 1017 2424 1094 2495; x_wconf 79' lang='grc' dir='ltr'><strong>τῷ</strong></span> <span class='ocrx_word' id='word_1_349' title='bbox 1131 2424 1355 2496; x_wconf 82' lang='grc' dir='ltr'>ὀνόματί</span> <span class='ocrx_word' id='word_1_350' title='bbox 1386 2443 1510 2496; x_wconf 87' lang='grc' dir='ltr'>μου,</span> <span class='ocrx_word' id='word_1_351' title='bbox 1541 2425 1812 2499; x_wconf 79' lang='grc' dir='ltr'>ἐκδικήσω</span> <span class='ocrx_word' id='word_1_352' title='bbox 1840 2427 1903 2493; x_wconf 78' lang='grc' dir='ltr'>ἐξ</span> 
     </span>
    </p>
   </div>
   <div class='ocr_carea' id='block_1_46' title="bbox 1959 2419 3580 2502">
    <p class='ocr_par' dir='ltr' id='par_1_46' title="bbox 2002 2426 3580 2502">
     <span class='ocr_line' id='line_1_46' title="bbox 2002 2426 3580 2502; baseline -0.002 -19"><span class='ocrx_word' id='word_1_353' title='bbox 2002 2429 2150 2485; x_wconf 88' lang='lat' dir='ltr'><strong>ultus</strong></span> <span class='ocrx_word' id='word_1_354' title='bbox 2174 2436 2259 2485; x_wconf 88' lang='lat' dir='ltr'><strong>est</strong></span> <span class='ocrx_word' id='word_1_355' title='bbox 2284 2428 2587 2485; x_wconf 86' lang='lat' dir='ltr'><strong>Salvatoris</strong></span> <span class='ocrx_word' id='word_1_356' title='bbox 2650 2431 2960 2502; x_wconf 85' lang='lat' dir='ltr'><strong>passionem</strong></span> <span class='ocrx_word' id='word_1_357' title='bbox 3004 2429 3308 2502; x_wconf 69' lang='lat' dir='ltr'><strong>praesertim</strong></span> <span class='ocrx_word' id='word_1_358' title='bbox 3362 2428 3416 2489; x_wconf 84' lang='lat' dir='ltr'><strong>in</strong></span> <span class='ocrx_word' id='word_1_359' title='bbox 3453 2426 3580 2497; x_wconf 77' lang='lat' dir='ltr'><strong>illos</strong></span> 
     </span>
    </p>
   </div>
   <div class='ocr_carea' id='block_1_47' title="bbox 308 2512 1929 2590">
    <p class='ocr_par' dir='ltr' id='par_1_47' title="bbox 308 2512 1899 2589">
     <span class='ocr_line' id='line_1_47' title="bbox 308 2512 1899 2589; baseline 0.003 -22"><span class='ocrx_word' id='word_1_360' title='bbox 308 2513 504 2567; x_wconf 81' lang='grc' dir='ltr'>αὐτοῦ.</span> <span class='ocrx_word' id='word_1_361' title='bbox 538 2532 558 2565; x_wconf 72' lang='grc' dir='ltr'><strong>ι</strong></span> <span class='ocrx_word' id='word_1_362' title='bbox 599 2514 966 2587; x_wconf 83' lang='grc' dir='ltr'>Ἐκδεδίκηταί</span> <span class='ocrx_word' id='word_1_363' title='bbox 998 2518 1050 2587; x_wconf 86' lang='grc' dir='ltr'><strong>γ’</strong></span> <span class='ocrx_word' id='word_1_364' title='bbox 1102 2512 1196 2571; x_wconf 84' lang='grc' dir='ltr'>οὖν</span> <span class='ocrx_word' id='word_1_365' title='bbox 1242 2516 1305 2570; x_wconf 86' lang='grc' dir='ltr'>τὸ</span> <span class='ocrx_word' id='word_1_366' title='bbox 1344 2513 1485 2589; x_wconf 77' lang='grc' dir='ltr'>αἷμα</span> <span class='ocrx_word' id='word_1_367' title='bbox 1527 2519 1742 2575; x_wconf 82' lang='grc' dir='ltr'>πάντων</span> <span class='ocrx_word' id='word_1_368' title='bbox 1792 2518 1899 2586; x_wconf 81' lang='grc' dir='ltr'><strong>τῶν</strong></span> 
     </span>
    </p>
   </div>
   <div class='ocr_carea' id='block_1_48' title="bbox 1955 2512 3576 2590">
    <p class='ocr_par' dir='ltr' id='par_1_48' title="bbox 1999 2516 3576 2590">
     <span class='ocr_line' id='line_1_48' title="bbox 1999 2516 3576 2590; baseline -0.003 -16"><span class='ocrx_word' id='word_1_369' title='bbox 1999 2518 2093 2590; x_wconf 88' lang='lat' dir='ltr'><strong>qui</strong></span> <span class='ocrx_word' id='word_1_370' title='bbox 2147 2519 2412 2577; x_wconf 87' lang='lat' dir='ltr'><strong>adversus</strong></span> <span class='ocrx_word' id='word_1_371' title='bbox 2467 2535 2593 2575; x_wconf 89' lang='lat' dir='ltr'><strong>eum</strong></span> <span class='ocrx_word' id='word_1_372' title='bbox 2627 2520 2936 2579; x_wconf 76' lang='lat' dir='ltr'><strong>exclamare</strong></span> <span class='ocrx_word' id='word_1_373' title='bbox 2966 2518 3240 2575; x_wconf 84' lang='lat' dir='ltr'><strong>audebant</strong></span> <span class='ocrx_word' id='word_1_374' title='bbox 3272 2533 3287 2569; x_wconf 87' lang='lat'><strong>:</strong></span> <span class='ocrx_word' id='word_1_375' title='bbox 3324 2536 3343 2571; x_wconf 78' lang='grc' dir='ltr'><strong>ι</strong></span> <span class='ocrx_word' id='word_1_376' title='bbox 3383 2516 3576 2570; x_wconf 83' lang='lat' dir='ltr'><strong>Cruci-</strong></span> 
     </span>
    </p>
   </div>
   <div class='ocr_carea' id='block_1_49' title="bbox 308 2604 1929 2686">
    <p class='ocr_par' dir='ltr' id='par_1_49' title="bbox 308 2604 1898 2681">
     <span class='ocr_line' id='line_1_49' title="bbox 308 2604 1898 2681; baseline 0.004 -25"><span class='ocrx_word' id='word_1_377' title='bbox 308 2604 426 2657; x_wconf 81' lang='grc' dir='ltr'>ἀπὸ</span> <span class='ocrx_word' id='word_1_378' title='bbox 459 2604 624 2659; x_wconf 76' lang='grc' dir='ltr'>’Δϐελ</span> <span class='ocrx_word' id='word_1_379' title='bbox 645 2606 808 2679; x_wconf 86' lang='grc' dir='ltr'>μέχρι</span> <span class='ocrx_word' id='word_1_380' title='bbox 846 2609 1117 2680; x_wconf 82' lang='grc' dir='ltr'>Ζαχαρίου</span> <span class='ocrx_word' id='word_1_381' title='bbox 1169 2607 1262 2662; x_wconf 88' lang='grc' dir='ltr'><strong>τοῦ</strong></span> <span class='ocrx_word' id='word_1_382' title='bbox 1312 2609 1661 2678; x_wconf 82' lang='grc' dir='ltr'>φονευθέντος</span> <span class='ocrx_word' id='word_1_383' title='bbox 1695 2611 1898 2681; x_wconf 80' lang='grc' dir='ltr'>μεταξὺ</span> 
     </span>
    </p>
   </div>
   <div class='ocr_carea' id='block_1_50' title="bbox 1952 2604 3573 2686">
    <p class='ocr_par' dir='ltr' id='par_1_50' title="bbox 1998 2607 3573 2686">
     <span class='ocr_line' id='line_1_50' title="bbox 1998 2607 3573 2686; baseline -0.002 -20"><span class='ocrx_word' id='word_1_384' title='bbox 1998 2612 2123 2683; x_wconf 76' lang='lat' dir='ltr'><strong>ﬁge,</strong></span> <span class='ocrx_word' id='word_1_385' title='bbox 2160 2612 2421 2686; x_wconf 79' lang='lat' dir='ltr'><strong>cruciﬁge</strong></span> <span class='ocrx_word' id='word_1_386' title='bbox 2466 2628 2632 2680; x_wconf 88' lang='lat' dir='ltr'><strong>eum;</strong></span> <span class='ocrx_word' id='word_1_387' title='bbox 2684 2612 2813 2668; x_wconf 89' lang='lat' dir='ltr'><strong>tolle</strong></span> <span class='ocrx_word' id='word_1_388' title='bbox 2865 2626 2989 2685; x_wconf 82' lang='lat' dir='ltr'><strong>eum</strong></span> <span class='ocrx_word' id='word_1_389' title='bbox 3047 2626 3079 2666; x_wconf 88' lang='lat' dir='ltr'><strong>a</strong></span> <span class='ocrx_word' id='word_1_390' title='bbox 3131 2616 3279 2666; x_wconf 86' lang='lat' dir='ltr'><strong>terra</strong></span> <span class='ocrx_word' id='word_1_391' title='bbox 3310 2607 3403 2663; x_wconf 81' lang='grc'><strong>⁸³;</strong></span> <span class='ocrx_word' id='word_1_392' title='bbox 3442 2623 3573 2663; x_wconf 88' lang='lat' dir='ltr'><strong>san-</strong></span> 
     </span>
    </p>
   </div>
   <div class='ocr_carea' id='block_1_51' title="bbox 307 2696 1928 2779">
    <p class='ocr_par' dir='ltr' id='par_1_51' title="bbox 307 2696 1900 2775">
     <span class='ocr_line' id='line_1_51' title="bbox 307 2696 1900 2775; baseline 0.003 -23"><span class='ocrx_word' id='word_1_393' title='bbox 307 2696 408 2755; x_wconf 80' lang='grc' dir='ltr'>τοῦ</span> <span class='ocrx_word' id='word_1_394' title='bbox 436 2698 564 2753; x_wconf 88' lang='grc' dir='ltr'>ναοῦ</span> <span class='ocrx_word' id='word_1_395' title='bbox 604 2701 699 2755; x_wconf 76' lang='grc' dir='ltr'>καὶ</span> <span class='ocrx_word' id='word_1_396' title='bbox 745 2701 841 2756; x_wconf 83' lang='grc' dir='ltr'><strong>τοῦ</strong></span> <span class='ocrx_word' id='word_1_397' title='bbox 866 2701 931 2774; x_wconf 81' lang='lat' dir='ltr'><strong>(f.</strong></span> <span class='ocrx_word' id='word_1_398' title='bbox 962 2702 1049 2769; x_wconf 76' lang='grc' dir='ltr'><strong>Μ)</strong></span> <span class='ocrx_word' id='word_1_399' title='bbox 1079 2701 1462 2775; x_wconf 78' lang='grc' dir='ltr'>θυσιαστηρίου</span> <span class='ocrx_word' id='word_1_400' title='bbox 1486 2744 1502 2768; x_wconf 94' lang='grc'><strong>,</strong></span> <span class='ocrx_word' id='word_1_401' title='bbox 1537 2703 1646 2758; x_wconf 86' lang='grc' dir='ltr'>ἀπὸ</span> <span class='ocrx_word' id='word_1_402' title='bbox 1683 2704 1784 2775; x_wconf 80' lang='grc' dir='ltr'>τῆς</span> <span class='ocrx_word' id='word_1_403' title='bbox 1808 2721 1900 2773; x_wconf 82' lang='grc' dir='ltr'><strong>γε-</strong></span> 
     </span>
    </p>
   </div>
   <div class='ocr_carea' id='block_1_52' title="bbox 1947 2696 3568 2779">
    <p class='ocr_par' dir='ltr' id='par_1_52' title="bbox 1996 2700 3568 2779">
     <span class='ocr_line' id='line_1_52' title="bbox 1996 2700 3568 2779; baseline -0.005 -19"><span class='ocrx_word' id='word_1_404' title='bbox 1996 2707 2121 2779; x_wconf 84' lang='lat' dir='ltr'><strong>guis</strong></span> <span class='ocrx_word' id='word_1_405' title='bbox 2163 2713 2284 2777; x_wconf 80' lang='lat' dir='ltr'><strong>ejus</strong></span> <span class='ocrx_word' id='word_1_406' title='bbox 2330 2722 2496 2777; x_wconf 88' lang='lat' dir='ltr'><strong>super</strong></span> <span class='ocrx_word' id='word_1_407' title='bbox 2555 2721 2659 2763; x_wconf 90' lang='lat' dir='ltr'><strong>nos</strong></span> <span class='ocrx_word' id='word_1_408' title='bbox 2693 2712 2748 2761; x_wconf 91' lang='lat' dir='ltr'><strong>et</strong></span> <span class='ocrx_word' id='word_1_409' title='bbox 2801 2721 2967 2776; x_wconf 90' lang='lat' dir='ltr'><strong>super</strong></span> <span class='ocrx_word' id='word_1_410' title='bbox 3002 2704 3142 2760; x_wconf 79' lang='lat' dir='ltr'><strong>ﬁlios</strong></span> <span class='ocrx_word' id='word_1_411' title='bbox 3176 2709 3396 2765; x_wconf 84' lang='lat' dir='ltr'><strong>nostros</strong></span> <span class='ocrx_word' id='word_1_412' title='bbox 3448 2700 3513 2754; x_wconf 78' lang='grc'><strong>⁸⁸.</strong></span> <span class='ocrx_word' id='word_1_413' title='bbox 3550 2720 3568 2752; x_wconf 73' lang='grc' dir='ltr'><strong>ι</strong></span> 
     </span>
    </p>
   </div>
   <div class='ocr_carea' id='block_1_53' title="bbox 306 2789 1927 2870">
    <p class='ocr_par' dir='ltr' id='par_1_53' title="bbox 306 2789 1902 2865">
     <span class='ocr_line' id='line_1_53' title="bbox 306 2789 1902 2865; baseline 0.003 -20"><span class='ocrx_word' id='word_1_414' title='bbox 306 2789 442 2853; x_wconf 64' lang='lat' dir='ltr'><strong>vei;</strong></span> <span class='ocrx_word' id='word_1_415' title='bbox 474 2791 576 2861; x_wconf 83' lang='grc' dir='ltr'>τῆς</span> <span class='ocrx_word' id='word_1_416' title='bbox 619 2794 760 2847; x_wconf 86' lang='grc' dir='ltr'><strong>κατά</strong></span> <span class='ocrx_word' id='word_1_417' title='bbox 802 2793 1055 2865; x_wconf 69' lang='grc' dir='ltr'>Σωτῆρος</span> <span class='ocrx_word' id='word_1_418' title='bbox 1100 2794 1488 2865; x_wconf 81' lang='grc' dir='ltr'>ὲπισυστάσης,</span> <span class='ocrx_word' id='word_1_419' title='bbox 1537 2796 1632 2850; x_wconf 81' lang='grc' dir='ltr'>καὶ</span> <span class='ocrx_word' id='word_1_420' title='bbox 1666 2796 1902 2865; x_wconf 82' lang='grc' dir='ltr'>μάλιστα</span> 
     </span>
    </p>
   </div>
   <div class='ocr_carea' id='block_1_54' title="bbox 1953 2789 3574 2870">
    <p class='ocr_par' dir='ltr' id='par_1_54' title="bbox 1998 2795 3574 2870">
     <span class='ocr_line' id='line_1_54' title="bbox 1998 2795 3574 2870; baseline -0.003 -18"><span class='ocrx_word' id='word_1_421' title='bbox 1998 2796 2153 2870; x_wconf 80' lang='lat' dir='ltr'><strong>Quod</strong></span> <span class='ocrx_word' id='word_1_422' title='bbox 2179 2806 2233 2863; x_wconf 83' lang='lat' dir='ltr'><strong>et</strong></span> <span class='ocrx_word' id='word_1_423' title='bbox 2264 2799 2516 2868; x_wconf 89' lang='lat' dir='ltr'><strong>protinus</strong></span> <span class='ocrx_word' id='word_1_424' title='bbox 2542 2799 2743 2861; x_wconf 83' lang='lat' dir='ltr'><strong>evenit,</strong></span> <span class='ocrx_word' id='word_1_425' title='bbox 2766 2796 3098 2861; x_wconf 84' lang='lat' dir='ltr'><strong>vindicante,</strong></span> <span class='ocrx_word' id='word_1_426' title='bbox 3143 2803 3203 2851; x_wconf 89' lang='lat' dir='ltr'><strong>ut</strong></span> <span class='ocrx_word' id='word_1_427' title='bbox 3229 2795 3574 2866; x_wconf 80' lang='lat' dir='ltr'><strong>praedixerat,</strong></span> 
     </span>
    </p>
   </div>
   <div class='ocr_carea' id='block_1_55' title="bbox 305 2879 1926 2969">
    <p class='ocr_par' dir='ltr' id='par_1_55' title="bbox 305 2879 1894 2960">
     <span class='ocr_line' id='line_1_55' title="bbox 305 2879 1894 2960; baseline 0.006 -28"><span class='ocrx_word' id='word_1_428' title='bbox 305 2879 422 2933; x_wconf 84' lang='grc' dir='ltr'>τῶν</span> <span class='ocrx_word' id='word_1_429' title='bbox 450 2881 836 2955; x_wconf 84' lang='grc' dir='ltr'>τολμησάντων</span> <span class='ocrx_word' id='word_1_430' title='bbox 870 2886 1088 2953; x_wconf 87' lang='grc' dir='ltr'>ἀφεῖναι</span> <span class='ocrx_word' id='word_1_431' title='bbox 1121 2886 1240 2939; x_wconf 80' lang='grc' dir='ltr'>κατ’</span> <span class='ocrx_word' id='word_1_432' title='bbox 1273 2886 1440 2941; x_wconf 87' lang='grc' dir='ltr'>αὐτοῦ</span> <span class='ocrx_word' id='word_1_433' title='bbox 1462 2887 1560 2959; x_wconf 79' lang='grc' dir='ltr'><strong>τὴν</strong></span> <span class='ocrx_word' id='word_1_434' title='bbox 1580 2906 1600 2939; x_wconf 74' lang='grc' dir='ltr'><strong>ι</strong></span> <span class='ocrx_word' id='word_1_435' title='bbox 1629 2886 1894 2960; x_wconf 82' lang='grc' dir='ltr'>Σταύρου,</span> 
     </span>
    </p>
   </div>
   <div class='ocr_carea' id='block_1_56' title="bbox 1948 2879 3569 2969">
    <p class='ocr_par' dir='ltr' id='par_1_56' title="bbox 2000 2888 3569 2969">
     <span class='ocr_line' id='line_1_56' title="bbox 2000 2888 3569 2969; baseline -0.003 -26"><span class='ocrx_word' id='word_1_436' title='bbox 2000 2888 2113 2949; x_wconf 89' lang='lat' dir='ltr'><strong>Deo</strong></span> <span class='ocrx_word' id='word_1_437' title='bbox 2145 2890 2469 2965; x_wconf 85' lang='lat' dir='ltr'><strong>sanguinem</strong></span> <span class='ocrx_word' id='word_1_438' title='bbox 2497 2889 2702 2969; x_wconf 80' lang='lat' dir='ltr'><strong>Christi</strong></span> <span class='ocrx_word' id='word_1_439' title='bbox 2739 2890 2794 2944; x_wconf 85' lang='lat' dir='ltr'><strong>in</strong></span> <span class='ocrx_word' id='word_1_440' title='bbox 2834 2889 2958 2946; x_wconf 90' lang='lat' dir='ltr'><strong>illos</strong></span> <span class='ocrx_word' id='word_1_441' title='bbox 2987 2890 3313 2959; x_wconf 82' lang='lat' dir='ltr'><strong>illorumque</strong></span> <span class='ocrx_word' id='word_1_442' title='bbox 3349 2900 3569 2958; x_wconf 89' lang='lat' dir='ltr'><strong>pueros.</strong></span> 
     </span>
    </p>
   </div>
   <div class='ocr_carea' id='block_1_57' title="bbox 308 2970 1929 3051">
    <p class='ocr_par' dir='ltr' id='par_1_57' title="bbox 308 2970 1895 3048">
     <span class='ocr_line' id='line_1_57' title="bbox 308 2970 1895 3048; baseline 0.008 -27"><span class='ocrx_word' id='word_1_443' title='bbox 308 2970 551 3042; x_wconf 80' lang='grc' dir='ltr'>σταύρου</span> <span class='ocrx_word' id='word_1_444' title='bbox 580 2972 773 3027; x_wconf 73' lang='grc' dir='ltr'>αὐτὸν»</span> <span class='ocrx_word' id='word_1_445' title='bbox 801 2976 1004 3047; x_wconf 79' lang='grc' dir='ltr'>φωνήν,</span> <span class='ocrx_word' id='word_1_446' title='bbox 1024 2993 1043 3026; x_wconf 77' lang='grc' dir='ltr'><strong>ι</strong></span> <span class='ocrx_word' id='word_1_447' title='bbox 1065 2970 1199 3046; x_wconf 76' lang='grc' dir='ltr'>Αἶρε</span> <span class='ocrx_word' id='word_1_448' title='bbox 1222 2975 1330 3030; x_wconf 88' lang='grc' dir='ltr'>ἀπὸ</span> <span class='ocrx_word' id='word_1_449' title='bbox 1353 2977 1452 3048; x_wconf 84' lang='grc' dir='ltr'>τῆς</span> <span class='ocrx_word' id='word_1_450' title='bbox 1471 2977 1577 3046; x_wconf 82' lang='grc' dir='ltr'>γῆς</span> <span class='ocrx_word' id='word_1_451' title='bbox 1602 2976 1695 3031; x_wconf 76' lang='grc' dir='ltr'><strong>τὸν</strong></span> <span class='ocrx_word' id='word_1_452' title='bbox 1716 2977 1895 3033; x_wconf 86' lang='grc' dir='ltr'>τοιοῦ-</span> 
     </span>
    </p>
   </div>
   <div class='ocr_carea' id='block_1_58' title="bbox 2035 2970 3656 3051">
    <p class='ocr_par' dir='ltr' id='par_1_58' title="bbox 2035 2972 3656 3051">
     <span class='ocr_line' id='line_1_58' title="bbox 2035 2972 3656 3051; baseline -0.004 -17"><span class='ocrx_word' id='word_1_453' title='bbox 2035 2981 2092 3035; x_wconf 87' lang='lat' dir='ltr'><strong>ic</strong></span> <span class='ocrx_word' id='word_1_454' title='bbox 2117 2980 2261 3035; x_wconf 89' lang='lat' dir='ltr'><strong>enim</strong></span> <span class='ocrx_word' id='word_1_455' title='bbox 2286 2996 2382 3036; x_wconf 92' lang='lat' dir='ltr'><strong>eos</strong></span> <span class='ocrx_word' id='word_1_456' title='bbox 2410 2980 2720 3050; x_wconf 87' lang='lat' dir='ltr'><strong>insequitur</strong></span> <span class='ocrx_word' id='word_1_457' title='bbox 2740 2993 2925 3051; x_wconf 63' lang='lat' dir='ltr'><strong>poena,</strong></span> <span class='ocrx_word' id='word_1_458' title='bbox 2956 2987 3016 3033; x_wconf 93' lang='lat' dir='ltr'><strong>ut</strong></span> <span class='ocrx_word' id='word_1_459' title='bbox 3064 2978 3267 3035; x_wconf 87' lang='lat' dir='ltr'><strong>abhinc</strong></span> <span class='ocrx_word' id='word_1_460' title='bbox 3293 2991 3467 3048; x_wconf 86' lang='lat' dir='ltr'><strong>usque</strong></span> <span class='ocrx_word' id='word_1_461' title='bbox 3505 2972 3575 3041; x_wconf 81' lang='lat' dir='ltr'><strong>ad</strong></span> <span class='ocrx_word' id='word_1_462' title='bbox 3650 3002 3656 3009; x_wconf 90' lang='lat'><em>-</em></span> 
     </span>
    </p>
   </div>
   <div class='ocr_carea' id='block_1_59' title="bbox 305 3058 1926 3147">
    <p class='ocr_par' dir='ltr' id='par_1_59' title="bbox 305 3058 1889 3143">
     <span class='ocr_line' id='line_1_59' title="bbox 305 3058 1889 3143; baseline 0.007 -30"><span class='ocrx_word' id='word_1_463' title='bbox 305 3077 422 3115; x_wconf 87' lang='grc' dir='ltr'>τον·</span> <span class='ocrx_word' id='word_1_464' title='bbox 449 3062 510 3117; x_wconf 72' lang='grc' dir='ltr'><strong>τὸ</strong></span> <span class='ocrx_word' id='word_1_465' title='bbox 533 3058 673 3134; x_wconf 77' lang='grc' dir='ltr'>αἷμα</span> <span class='ocrx_word' id='word_1_466' title='bbox 696 3065 861 3129; x_wconf 81' lang='grc' dir='ltr'>αὐτοῦ</span> <span class='ocrx_word' id='word_1_467' title='bbox 878 3067 962 3137; x_wconf 81' lang='grc' dir='ltr'><strong>ἐφ’</strong></span> <span class='ocrx_word' id='word_1_468' title='bbox 983 3068 1131 3138; x_wconf 80' lang='grc' dir='ltr'>ἡμᾶς</span> <span class='ocrx_word' id='word_1_469' title='bbox 1159 3068 1251 3123; x_wconf 80' lang='grc' dir='ltr'><strong>καὶ</strong></span> <span class='ocrx_word' id='word_1_470' title='bbox 1267 3069 1360 3122; x_wconf 78' lang='grc' dir='ltr'><strong>ἐπὶ</strong></span> <span class='ocrx_word' id='word_1_471' title='bbox 1382 3070 1451 3124; x_wconf 88' lang='grc' dir='ltr'><strong>τά</strong></span> <span class='ocrx_word' id='word_1_472' title='bbox 1475 3070 1639 3124; x_wconf 86' lang='grc' dir='ltr'>τέκνα</span> <span class='ocrx_word' id='word_1_473' title='bbox 1664 3071 1824 3143; x_wconf 84' lang='grc' dir='ltr'>ήμῶν</span> <span class='ocrx_word' id='word_1_474' title='bbox 1841 3088 1854 3102; x_wconf 75' lang='grc'>³</span> <span class='ocrx_word' id='word_1_475' title='bbox 1869 3091 1889 3124; x_wconf 76' lang='grc' dir='ltr'><strong>ι</strong></span> 
     </span>
    </p>
   </div>
   <div class='ocr_carea' id='block_1_60' title="bbox 1955 3058 3576 3147">
    <p class='ocr_par' dir='ltr' id='par_1_60' title="bbox 1995 3069 3576 3147">
     <span class='ocr_line' id='line_1_60' title="bbox 1995 3069 3576 3147; baseline -0.006 -16"><span class='ocrx_word' id='word_1_476' title='bbox 1995 3070 2473 3147; x_wconf 61' lang='grc' dir='ltr'>ιπεεοηειειὴριιε</span> <span class='ocrx_word' id='word_1_477' title='bbox 2503 3089 2637 3145; x_wconf 91' lang='lat' dir='ltr'><strong>gens</strong></span> <span class='ocrx_word' id='word_1_478' title='bbox 2668 3074 2849 3128; x_wconf 87' lang='lat' dir='ltr'><strong>omnis</strong></span> <span class='ocrx_word' id='word_1_479' title='bbox 2876 3078 3041 3143; x_wconf 88' lang='lat' dir='ltr'><strong>caput</strong></span> <span class='ocrx_word' id='word_1_480' title='bbox 3061 3071 3320 3127; x_wconf 82' lang='lat' dir='ltr'><strong>extollere</strong></span> <span class='ocrx_word' id='word_1_481' title='bbox 3348 3069 3576 3139; x_wconf 75' lang='lat' dir='ltr'><strong>minime</strong></span> 
     </span>
    </p>
   </div>
   <div class='ocr_carea' id='block_1_61' title="bbox 304 3151 1925 3239">
    <p class='ocr_par' dir='ltr' id='par_1_61' title="bbox 304 3151 1925 3239">
     <span class='ocr_line' id='line_1_61' title="bbox 304 3151 1925 3239; baseline 0.007 -34"><span class='ocrx_word' id='word_1_482' title='bbox 304 3151 450 3226; x_wconf 86' lang='grc' dir='ltr'>δπερ</span> <span class='ocrx_word' id='word_1_483' title='bbox 473 3155 569 3209; x_wconf 78' lang='grc' dir='ltr'>καὶ</span> <span class='ocrx_word' id='word_1_484' title='bbox 596 3157 911 3228; x_wconf 79' lang='grc' dir='ltr'>παραυτίκα</span> <span class='ocrx_word' id='word_1_485' title='bbox 951 3158 1163 3227; x_wconf 86' lang='grc' dir='ltr'>γέγονε,</span> <span class='ocrx_word' id='word_1_486' title='bbox 1197 3156 1293 3213; x_wconf 83' lang='grc' dir='ltr'><strong>τοῦ</strong></span> <span class='ocrx_word' id='word_1_487' title='bbox 1318 3159 1475 3224; x_wconf 84' lang='grc' dir='ltr'>Θεοῦ,</span> <span class='ocrx_word' id='word_1_488' title='bbox 1502 3160 1685 3227; x_wconf 80' lang='grc' dir='ltr'>καθὼς</span> <span class='ocrx_word' id='word_1_489' title='bbox 1714 3165 1897 3235; x_wconf 81' lang='grc' dir='ltr'>προεῖ-</span> <span class='ocrx_word' id='word_1_490' title='bbox 1923 3234 1925 3239; x_wconf 20' lang='grc' dir='ltr'><strong><em>λ</em></strong></span> 
     </span>
    </p>
   </div>
   <div class='ocr_carea' id='block_1_62' title="bbox 1948 3151 3569 3239">
    <p class='ocr_par' dir='ltr' id='par_1_62' title="bbox 1948 3159 3569 3239">
     <span class='ocr_line' id='line_1_62' title="bbox 1948 3159 3569 3239; baseline -0.006 -19"><span class='ocrx_word' id='word_1_491' title='bbox 1948 3214 1965 3234; x_wconf 75' lang='grc'><strong>,</strong></span> <span class='ocrx_word' id='word_1_492' title='bbox 1998 3164 2262 3239; x_wconf 90' lang='lat' dir='ltr'><strong>potuerit,</strong></span> <span class='ocrx_word' id='word_1_493' title='bbox 2301 3164 2523 3234; x_wconf 85' lang='lat' dir='ltr'><strong>impleta</strong></span> <span class='ocrx_word' id='word_1_494' title='bbox 2557 3164 2753 3218; x_wconf 79' lang='lat' dir='ltr'><strong>etalia</strong></span> <span class='ocrx_word' id='word_1_495' title='bbox 2799 3165 2969 3219; x_wconf 87' lang='lat' dir='ltr'><strong>Amos</strong></span> <span class='ocrx_word' id='word_1_496' title='bbox 3000 3161 3287 3234; x_wconf 89' lang='lat' dir='ltr'><strong>prophetia</strong></span> <span class='ocrx_word' id='word_1_497' title='bbox 3314 3159 3569 3216; x_wconf 84' lang='lat' dir='ltr'><strong>dicente:</strong></span> 
     </span>
    </p>
   </div>
   <div class='ocr_carea' id='block_1_63' title="bbox 301 3213 1922 3324">
    <p class='ocr_par' dir='ltr' id='par_1_63' title="bbox 301 3243 1895 3324">
     <span class='ocr_line' id='line_1_63' title="bbox 301 3243 1895 3324; baseline 0.01 -29"><span class='ocrx_word' id='word_1_498' title='bbox 301 3258 438 3309; x_wconf 83' lang='grc' dir='ltr'>πεν,</span> <span class='ocrx_word' id='word_1_499' title='bbox 471 3246 858 3318; x_wconf 79' lang='grc' dir='ltr'>ὲκδικήσαντος</span> <span class='ocrx_word' id='word_1_500' title='bbox 884 3249 947 3302; x_wconf 80' lang='grc' dir='ltr'>τὸ</span> <span class='ocrx_word' id='word_1_501' title='bbox 976 3243 1115 3321; x_wconf 77' lang='grc' dir='ltr'>αἷμα</span> <span class='ocrx_word' id='word_1_502' title='bbox 1146 3251 1238 3305; x_wconf 89' lang='grc' dir='ltr'><strong>τοῦ</strong></span> <span class='ocrx_word' id='word_1_503' title='bbox 1266 3252 1506 3324; x_wconf 80' lang='grc' dir='ltr'>Χριστοῦ</span> <span class='ocrx_word' id='word_1_504' title='bbox 1531 3252 1595 3309; x_wconf 73' lang='grc' dir='ltr'>ἐκ</span> <span class='ocrx_word' id='word_1_505' title='bbox 1625 3271 1686 3308; x_wconf 88' lang='grc' dir='ltr'><strong>τε</strong></span> <span class='ocrx_word' id='word_1_506' title='bbox 1714 3254 1895 3313; x_wconf 87' lang='grc' dir='ltr'>αὐτῶν</span> 
     </span>
    </p>
   </div>
   <div class='ocr_carea' id='block_1_64' title="bbox 1951 3213 3572 3324">
    <p class='ocr_par' dir='ltr' id='par_1_64' title="bbox 1951 3213 3572 3322">
     <span class='ocr_line' id='line_1_64' title="bbox 1951 3213 3572 3322; baseline -0.001 -15"><span class='ocrx_word' id='word_1_507' title='bbox 1951 3213 2262 3310; x_wconf 54' lang='grc' dir='ltr'><strong>³ἵῡοῑηυςξ</strong></span> <span class='ocrx_word' id='word_1_508' title='bbox 2307 3213 2476 3311; x_wconf 53' lang='lat' dir='ltr'><strong>lsrlael</strong></span> <span class='ocrx_word' id='word_1_509' title='bbox 2525 3255 2747 3319; x_wconf 86' lang='lat' dir='ltr'><strong>cecidit,</strong></span> <span class='ocrx_word' id='word_1_510' title='bbox 2784 3264 2838 3319; x_wconf 83' lang='lat' dir='ltr'><strong>et</strong></span> <span class='ocrx_word' id='word_1_511' title='bbox 2885 3213 3244 3322; x_wconf 50' lang='lat' dir='ltr'><strong>non&#39;adjriciet</strong></span> <span class='ocrx_word' id='word_1_512' title='bbox 3272 3258 3332 3307; x_wconf 90' lang='lat' dir='ltr'><strong>ut</strong></span> <span class='ocrx_word' id='word_1_513' title='bbox 3386 3267 3572 3314; x_wconf 82' lang='lat' dir='ltr'><strong>resur-</strong></span> 
     </span>
    </p>
   </div>
   <div class='ocr_carea' id='block_1_65' title="bbox 293 3337 1914 3420">
    <p class='ocr_par' dir='ltr' id='par_1_65' title="bbox 293 3337 1895 3420">
     <span class='ocr_line' id='line_1_65' title="bbox 293 3337 1895 3420; baseline 0.008 -31"><span class='ocrx_word' id='word_1_514' title='bbox 293 3337 535 3397; x_wconf 67' lang='grc' dir='ltr'>έκείνων</span> <span class='ocrx_word' id='word_1_515' title='bbox 565 3340 660 3393; x_wconf 78' lang='grc' dir='ltr'>καὶ</span> <span class='ocrx_word' id='word_1_516' title='bbox 684 3339 792 3394; x_wconf 84' lang='grc' dir='ltr'><strong>τῶν</strong></span> <span class='ocrx_word' id='word_1_517' title='bbox 813 3340 1020 3396; x_wconf 86' lang='grc' dir='ltr'>τέκνων</span> <span class='ocrx_word' id='word_1_518' title='bbox 1053 3342 1254 3409; x_wconf 85' lang='grc' dir='ltr'>αὐτῶν,</span> <span class='ocrx_word' id='word_1_519' title='bbox 1286 3344 1401 3413; x_wconf 76' lang='grc' dir='ltr'>ἅμα</span> <span class='ocrx_word' id='word_1_520' title='bbox 1431 3362 1493 3398; x_wconf 89' lang='grc' dir='ltr'><strong>τε</strong></span> <span class='ocrx_word' id='word_1_521' title='bbox 1529 3346 1895 3420; x_wconf 80' lang='grc' dir='ltr'>μετελθούσης</span> 
     </span>
    </p>
   </div>
   <div class='ocr_carea' id='block_1_66' title="bbox 1955 3337 3576 3420">
    <p class='ocr_par' dir='ltr' id='par_1_66' title="bbox 1996 3343 3576 3419">
     <span class='ocr_line' id='line_1_66' title="bbox 1996 3343 3576 3419; baseline -0.003 -18"><span class='ocrx_word' id='word_1_522' title='bbox 1996 3355 2088 3419; x_wconf 86' lang='lat' dir='ltr'><strong>gat</strong></span> <span class='ocrx_word' id='word_1_523' title='bbox 2115 3348 2182 3402; x_wconf 83' lang='grc'><strong>⁵⁵.</strong></span> <span class='ocrx_word' id='word_1_524' title='bbox 2220 3365 2239 3399; x_wconf 72' lang='grc' dir='ltr'><strong>ι</strong></span> <span class='ocrx_word' id='word_1_525' title='bbox 2266 3346 2398 3413; x_wconf 63' lang='lat' dir='ltr'><strong>Quae</strong></span> <span class='ocrx_word' id='word_1_526' title='bbox 2426 3356 2480 3402; x_wconf 85' lang='lat' dir='ltr'><strong>et</strong></span> <span class='ocrx_word' id='word_1_527' title='bbox 2510 3348 2806 3418; x_wconf 85' lang='lat' dir='ltr'><strong>Apostolus</strong></span> <span class='ocrx_word' id='word_1_528' title='bbox 2847 3347 3045 3418; x_wconf 89' lang='lat' dir='ltr'><strong>spiritu</strong></span> <span class='ocrx_word' id='word_1_529' title='bbox 3077 3343 3403 3416; x_wconf 59' lang='lat' dir='ltr'><strong>praevidens,</strong></span> <span class='ocrx_word' id='word_1_530' title='bbox 3437 3355 3576 3413; x_wconf 57' lang='lat' dir='ltr'><strong>prat-</strong></span> 
     </span>
    </p>
   </div>
   <div class='ocr_carea' id='block_1_67' title="bbox 295 3427 1916 3511">
    <p class='ocr_par' dir='ltr' id='par_1_67' title="bbox 295 3427 1896 3511">
     <span class='ocr_line' id='line_1_67' title="bbox 295 3427 1896 3511; baseline 0.006 -25"><span class='ocrx_word' id='word_1_531' title='bbox 295 3427 510 3493; x_wconf 72' lang='grc' dir='ltr'>αὐτούς</span> <span class='ocrx_word' id='word_1_532' title='bbox 528 3429 630 3500; x_wconf 84' lang='grc' dir='ltr'>τῆς</span> <span class='ocrx_word' id='word_1_533' title='bbox 660 3430 835 3503; x_wconf 83' lang='grc' dir='ltr'>δίκης,</span> <span class='ocrx_word' id='word_1_534' title='bbox 866 3431 943 3495; x_wconf 82' lang='grc' dir='ltr'>ὡς</span> <span class='ocrx_word' id='word_1_535' title='bbox 971 3433 1031 3498; x_wconf 74' lang='grc' dir='ltr'>ἐξ</span> <span class='ocrx_word' id='word_1_536' title='bbox 1060 3434 1270 3489; x_wconf 64' lang='grc' dir='ltr'>ἐκείνου</span> <span class='ocrx_word' id='word_1_537' title='bbox 1297 3439 1377 3501; x_wconf 77' lang='grc' dir='ltr'><strong>είς</strong></span> <span class='ocrx_word' id='word_1_538' title='bbox 1399 3436 1561 3509; x_wconf 83' lang='grc' dir='ltr'>δεῦρο</span> <span class='ocrx_word' id='word_1_539' title='bbox 1605 3439 1728 3511; x_wconf 86' lang='grc' dir='ltr'>μηδ’</span> <span class='ocrx_word' id='word_1_540' title='bbox 1759 3439 1896 3505; x_wconf 82' lang='grc' dir='ltr'>ὅλως</span> 
     </span>
    </p>
   </div>
   <div class='ocr_carea' id='block_1_68' title="bbox 1954 3427 3575 3511">
    <p class='ocr_par' dir='ltr' id='par_1_68' title="bbox 1999 3436 3575 3507">
     <span class='ocr_line' id='line_1_68' title="bbox 1999 3436 3575 3507; baseline -0.005 -12"><span class='ocrx_word' id='word_1_541' title='bbox 1999 3438 2206 3495; x_wconf 85' lang='lat' dir='ltr'><strong>dicavit</strong></span> <span class='ocrx_word' id='word_1_542' title='bbox 2234 3439 2321 3494; x_wconf 89' lang='lat' dir='ltr'><strong>his</strong></span> <span class='ocrx_word' id='word_1_543' title='bbox 2364 3439 2588 3495; x_wconf 78' lang='lat' dir='ltr'><strong>verbis:</strong></span> <span class='ocrx_word' id='word_1_544' title='bbox 2621 3456 2638 3488; x_wconf 77' lang='grc' dir='ltr'><strong>ι</strong></span> <span class='ocrx_word' id='word_1_545' title='bbox 2676 3437 2929 3494; x_wconf 79' lang='lat' dir='ltr'><strong>Pervenit</strong></span> <span class='ocrx_word' id='word_1_546' title='bbox 2970 3438 3118 3507; x_wconf 82' lang='lat' dir='ltr'><strong>enim</strong></span> <span class='ocrx_word' id='word_1_547' title='bbox 3153 3438 3232 3492; x_wconf 89' lang='lat' dir='ltr'><strong>ira</strong></span> <span class='ocrx_word' id='word_1_548' title='bbox 3264 3436 3358 3491; x_wconf 83' lang='lat' dir='ltr'><strong>Dei</strong></span> <span class='ocrx_word' id='word_1_549' title='bbox 3410 3448 3575 3505; x_wconf 84' lang='lat' dir='ltr'><strong>super</strong></span> 
     </span>
    </p>
   </div>
   <div class='ocr_carea' id='block_1_69' title="bbox 299 3511 1920 3599">
    <p class='ocr_par' dir='ltr' id='par_1_69' title="bbox 299 3511 1898 3596">
     <span class='ocr_line' id='line_1_69' title="bbox 299 3511 1898 3596; baseline 0.005 -25"><span class='ocrx_word' id='word_1_550' title='bbox 299 3511 442 3587; x_wconf 78' lang='grc' dir='ltr'>ἆραι</span> <span class='ocrx_word' id='word_1_551' title='bbox 471 3519 713 3590; x_wconf 79' lang='grc' dir='ltr'>κεφαλὴν</span> <span class='ocrx_word' id='word_1_552' title='bbox 747 3519 809 3574; x_wconf 83' lang='grc' dir='ltr'>τὸ</span> <span class='ocrx_word' id='word_1_553' title='bbox 835 3522 943 3573; x_wconf 81' lang='grc' dir='ltr'>πᾶν</span> <span class='ocrx_word' id='word_1_554' title='bbox 987 3520 1139 3585; x_wconf 80' lang='grc' dir='ltr'>έθνος</span> <span class='ocrx_word' id='word_1_555' title='bbox 1166 3522 1480 3594; x_wconf 75' lang='grc' dir='ltr'>δυνηθῆναι,</span> <span class='ocrx_word' id='word_1_556' title='bbox 1513 3523 1898 3596; x_wconf 82' lang='grc' dir='ltr'>πληρωθείσης</span> 
     </span>
    </p>
   </div>
   <div class='ocr_carea' id='block_1_70' title="bbox 1151 3511 2772 3599">
    <p class='ocr_par' dir='ltr' id='par_1_70' title="bbox 1166 3522 2772 3599">
     <span class='ocr_line' id='line_1_70' title="bbox 1166 3522 2772 3599; baseline 0.003 -23"><span class='ocrx_word' id='word_1_557' title='bbox 1166 3522 1480 3594; x_wconf 75' lang='grc' dir='ltr'>δυνηθῆναι,</span> <span class='ocrx_word' id='word_1_558' title='bbox 1513 3523 1898 3596; x_wconf 82' lang='grc' dir='ltr'>πληρωθείσης</span> <span class='ocrx_word' id='word_1_559' title='bbox 2000 3529 2126 3585; x_wconf 87' lang='lat' dir='ltr'><strong>illos</strong></span> <span class='ocrx_word' id='word_1_560' title='bbox 2158 3544 2334 3599; x_wconf 82' lang='lat' dir='ltr'><strong>usque</strong></span> <span class='ocrx_word' id='word_1_561' title='bbox 2367 3530 2423 3583; x_wconf 92' lang='lat' dir='ltr'><strong>in</strong></span> <span class='ocrx_word' id='word_1_562' title='bbox 2455 3529 2615 3584; x_wconf 83' lang='lat' dir='ltr'><strong>linem</strong></span> <span class='ocrx_word' id='word_1_563' title='bbox 2646 3531 2713 3585; x_wconf 79' lang='lat'><strong>&quot;.</strong></span> <span class='ocrx_word' id='word_1_564' title='bbox 2755 3547 2772 3581; x_wconf 74' lang='grc' dir='ltr'><strong>ι</strong></span> 
     </span>
    </p>
   </div>
   <div class='ocr_carea' id='block_1_71' title="bbox 300 3608 3568 3693">
    <p class='ocr_par' dir='ltr' id='par_1_71' title="bbox 300 3608 3568 3693">
     <span class='ocr_line' id='line_1_71' title="bbox 300 3608 3568 3693; baseline 0.003 -30"><span class='ocrx_word' id='word_1_565' title='bbox 300 3608 405 3663; x_wconf 69' lang='grc' dir='ltr'>καὶ</span> <span class='ocrx_word' id='word_1_566' title='bbox 456 3609 647 3681; x_wconf 69' lang='grc' dir='ltr'>ἑτέρας</span> <span class='ocrx_word' id='word_1_567' title='bbox 691 3612 1027 3683; x_wconf 85' lang='grc' dir='ltr'>προφητείας</span> <span class='ocrx_word' id='word_1_568' title='bbox 1068 3613 1252 3685; x_wconf 84' lang='grc' dir='ltr'><strong>Ἀμῶς</strong></span> <span class='ocrx_word' id='word_1_569' title='bbox 1293 3614 1628 3687; x_wconf 82' lang='grc' dir='ltr'>φασκούσης,</span> <span class='ocrx_word' id='word_1_570' title='bbox 1667 3635 1685 3668; x_wconf 76' lang='grc' dir='ltr'><strong>ι</strong></span> <span class='ocrx_word' id='word_1_571' title='bbox 1721 3612 1884 3681; x_wconf 78' lang='grc' dir='ltr'>Οἶκος</span> <span class='ocrx_word' id='word_1_572' title='bbox 1933 3619 2148 3692; x_wconf 81' lang='grc' dir='ltr'>Ἰσραήλ</span> <span class='ocrx_word' id='word_1_573' title='bbox 2171 3621 2477 3684; x_wconf 84' lang='grc' dir='ltr'>πέπτωκεν,</span> <span class='ocrx_word' id='word_1_574' title='bbox 2503 3620 2685 3676; x_wconf 87' lang='grc' dir='ltr'>οὐκέτι</span> <span class='ocrx_word' id='word_1_575' title='bbox 2735 3621 3032 3692; x_wconf 83' lang='grc' dir='ltr'>προσθήσει</span> <span class='ocrx_word' id='word_1_576' title='bbox 3058 3619 3150 3673; x_wconf 85' lang='grc' dir='ltr'><strong>τοῦ</strong></span> <span class='ocrx_word' id='word_1_577' title='bbox 3183 3619 3499 3693; x_wconf 75' lang='grc' dir='ltr'>ἀναστῆναιο</span> <span class='ocrx_word' id='word_1_578' title='bbox 3547 3638 3568 3672; x_wconf 69' lang='grc' dir='ltr'><strong>ι</strong></span> 
     </span>
    </p>
   </div>
   <div class='ocr_carea' id='block_1_72' title="bbox 305 3699 3574 3849">
    <p class='ocr_par' dir='ltr' id='par_1_72' title="bbox 305 3699 3574 3849">
     <span class='ocr_line' id='line_1_72' title="bbox 305 3699 3574 3849; baseline 0.005 -94"><span class='ocrx_word' id='word_1_579' title='bbox 305 3699 453 3849; x_wconf 56' lang='grc' dir='ltr'>ᾶέεορ</span> <span class='ocrx_word' id='word_1_580' title='bbox 483 3704 577 3758; x_wconf 70' lang='grc' dir='ltr'><strong>καὶ</strong></span> <span class='ocrx_word' id='word_1_581' title='bbox 610 3706 639 3758; x_wconf 91' lang='lat'><strong>6</strong></span> <span class='ocrx_word' id='word_1_582' title='bbox 675 3706 995 3771; x_wconf 82' lang='grc' dir='ltr'>Ἀπόστολος</span> <span class='ocrx_word' id='word_1_583' title='bbox 1036 3707 1114 3780; x_wconf 85' lang='grc' dir='ltr'><strong>τῷ</strong></span> <span class='ocrx_word' id='word_1_584' title='bbox 1138 3708 1407 3781; x_wconf 89' lang='grc' dir='ltr'>πνεύματι</span> <span class='ocrx_word' id='word_1_585' title='bbox 1451 3710 1709 3785; x_wconf 79' lang='grc' dir='ltr'>προϊδὼν,</span> <span class='ocrx_word' id='word_1_586' title='bbox 1761 3712 2107 3787; x_wconf 82' lang='grc' dir='ltr'>ἀνεφώνησεν</span> <span class='ocrx_word' id='word_1_587' title='bbox 2158 3716 2350 3784; x_wconf 77' lang='grc' dir='ltr'>εἰπὼν,</span> <span class='ocrx_word' id='word_1_588' title='bbox 2399 3735 2418 3768; x_wconf 76' lang='grc' dir='ltr'><strong>ι</strong></span> <span class='ocrx_word' id='word_1_589' title='bbox 2450 3717 2690 3789; x_wconf 77' lang='grc' dir='ltr'>Ἐφθασε</span> <span class='ocrx_word' id='word_1_590' title='bbox 2744 3717 2800 3772; x_wconf 80' lang='grc' dir='ltr'>δὲ</span> <span class='ocrx_word' id='word_1_591' title='bbox 2835 3720 2922 3771; x_wconf 79' lang='grc' dir='ltr'><strong>ἐπ’</strong></span> <span class='ocrx_word' id='word_1_592' title='bbox 2990 3717 3187 3780; x_wconf 78' lang='grc' dir='ltr'>αὐτοὺς</span> <span class='ocrx_word' id='word_1_593' title='bbox 3226 3720 3259 3788; x_wconf 76' lang='grc' dir='ltr'><strong>ἠ</strong></span> <span class='ocrx_word' id='word_1_594' title='bbox 3292 3715 3430 3789; x_wconf 79' lang='grc' dir='ltr'><strong>ὀργὴ</strong></span> <span class='ocrx_word' id='word_1_595' title='bbox 3492 3718 3574 3786; x_wconf 84' lang='grc' dir='ltr'><strong>είς</strong></span> 
     </span>
     <span class='ocr_line' id='line_1_73' title="bbox 305 3809 541 3849; baseline 0 0"><span class='ocrx_word' id='word_1_596' title='bbox 305 3809 336 3849; x_wconf 86' lang='grc' dir='ltr'><strong>τ</strong></span> <span class='ocrx_word' id='word_1_597' title='bbox 433 3812 481 3849; x_wconf 81' lang='grc' dir='ltr'>ς.</span> <span class='ocrx_word' id='word_1_598' title='bbox 522 3814 541 3849; x_wconf 70' lang='grc' dir='ltr'><strong>ι</strong></span> 
     </span>
    </p>
   </div>
   <div class='ocr_carea' id='block_1_73' title="bbox 303 3809 541 3859">
    <p class='ocr_par' dir='ltr' id='par_1_73' title="bbox 303 3809 541 3859">
     <span class='ocr_line' id='line_1_74' title="bbox 303 3809 541 3859; baseline -0.008 -8"><span class='ocrx_word' id='word_1_599' title='bbox 303 3809 481 3859; x_wconf 69' lang='grc' dir='ltr'>τέλος.</span> <span class='ocrx_word' id='word_1_600' title='bbox 522 3814 541 3849; x_wconf 71' lang='grc' dir='ltr'><strong>ι</strong></span> 
     </span>
    </p>
   </div>
   <div class='ocr_carea' id='block_1_74' title="bbox 825 3913 2446 3984">
    <p class='ocr_par' dir='ltr' id='par_1_74' title="bbox 825 3913 2339 3984">
     <span class='ocr_line' id='line_1_75' title="bbox 825 3913 2339 3984; baseline 0.011 -19"><span class='ocrx_word' id='word_1_601' title='bbox 825 3913 1225 3969; x_wconf 75' lang='grc' dir='ltr'><strong>ΚΕΦΑΛΑΙΟΝ</strong></span> <span class='ocrx_word' id='word_1_602' title='bbox 1261 3917 1378 3984; x_wconf 66' lang='grc' dir='ltr'>ις’.</span> <span class='ocrx_word' id='word_1_603' title='bbox 2338 3944 2339 3947; x_wconf 31' lang='grc' dir='ltr'>γ</span> 
     </span>
    </p>
   </div>
   <div class='ocr_carea' id='block_1_75' title="bbox 1359 3913 2980 3984">
    <p class='ocr_par' dir='ltr' id='par_1_75' title="bbox 1365 3917 2980 3975">
     <span class='ocr_line' id='line_1_76' title="bbox 1365 3917 2980 3975; baseline 0.002 -4"><span class='ocrx_word' id='word_1_604' title='bbox 1365 3959 1378 3971; x_wconf 97' lang='grc'><strong><em>.</em></strong></span> <span class='ocrx_word' id='word_1_605' title='bbox 2338 3944 2339 3947; x_wconf 51' lang='grc' dir='ltr'><strong>η</strong></span> <span class='ocrx_word' id='word_1_606' title='bbox 2579 3917 2807 3975; x_wconf 82' lang='lat' dir='ltr'><strong>CAPUT</strong></span> <span class='ocrx_word' id='word_1_607' title='bbox 2839 3918 2980 3974; x_wconf 77' lang='lat' dir='ltr'><strong>XVI.</strong></span> 
     </span>
    </p>
   </div>
   <div class='ocr_carea' id='block_1_76' title="bbox 917 4023 2538 4096">
    <p class='ocr_par' dir='ltr' id='par_1_76' title="bbox 917 4023 1272 4096">
     <span class='ocr_line' id='line_1_77' title="bbox 917 4023 1272 4096; baseline -0.011 -1"><span class='ocrx_word' id='word_1_608' title='bbox 917 4023 1031 4095; x_wconf 80' lang='grc' dir='ltr'><strong>Τῆς</strong></span> <span class='ocrx_word' id='word_1_609' title='bbox 1079 4025 1272 4096; x_wconf 76' lang='grc' dir='ltr'><strong>ᾨδῆςο</strong></span> 
     </span>
    </p>
   </div>
   <div class='ocr_carea' id='block_1_77' title="bbox 1317 4023 2938 4096">
    <p class='ocr_par' dir='ltr' id='par_1_77' title="bbox 2619 4032 2938 4089">
     <span class='ocr_line' id='line_1_78' title="bbox 2619 4032 2938 4089; baseline 0.006 -2"><span class='ocrx_word' id='word_1_610' title='bbox 2619 4032 2668 4087; x_wconf 85' lang='grc' dir='ltr'><em>Ε</em></span> <span class='ocrx_word' id='word_1_611' title='bbox 2696 4033 2938 4089; x_wconf 79' lang='lat' dir='ltr'><strong>Cantica.</strong></span> 
     </span>
    </p>
   </div>
   <div class='ocr_carea' id='block_1_78' title="bbox 385 4135 2006 4217">
    <p class='ocr_par' dir='ltr' id='par_1_78' title="bbox 385 4135 2001 4217">
     <span class='ocr_line' id='line_1_79' title="bbox 385 4135 2001 4217; baseline 0.007 -28"><span class='ocrx_word' id='word_1_612' title='bbox 385 4153 406 4189; x_wconf 74' lang='grc' dir='ltr'><strong>ι</strong></span> <span class='ocrx_word' id='word_1_613' title='bbox 429 4135 806 4208; x_wconf 75' lang='grc' dir='ltr'>Εὐφράνθητε,</span> <span class='ocrx_word' id='word_1_614' title='bbox 837 4137 1075 4210; x_wconf 77' lang='grc' dir='ltr'>οὐρανοὶ,</span> <span class='ocrx_word' id='word_1_615' title='bbox 1102 4140 1217 4210; x_wconf 79' lang='grc' dir='ltr'>ἅμα</span> <span class='ocrx_word' id='word_1_616' title='bbox 1247 4139 1396 4212; x_wconf 85' lang='grc' dir='ltr'>αὐτῷ</span> <span class='ocrx_word' id='word_1_617' title='bbox 1429 4144 1889 4217; x_wconf 85' lang='grc' dir='ltr'>προσκυνησάτω-</span> <span class='ocrx_word' id='word_1_618' title='bbox 1998 4161 2001 4164; x_wconf 77' lang='lat'><strong><em>&#39;</em></strong></span> 
     </span>
    </p>
   </div>
   <div class='ocr_carea' id='block_1_79' title="bbox 1944 4135 3565 4217">
    <p class='ocr_par' dir='ltr' id='par_1_79' title="bbox 1998 4143 3565 4217">
     <span class='ocr_line' id='line_1_80' title="bbox 1998 4143 3565 4217; baseline 0.008 -23"><span class='ocrx_word' id='word_1_619' title='bbox 1998 4161 2001 4164; x_wconf 53' lang='grc' dir='ltr'>ν</span> <span class='ocrx_word' id='word_1_620' title='bbox 2067 4162 2086 4195; x_wconf 84' lang='grc'><strong>‹</strong></span> <span class='ocrx_word' id='word_1_621' title='bbox 2123 4143 2428 4209; x_wconf 64' lang='lat' dir='ltr'><strong>Laztamini,</strong></span> <span class='ocrx_word' id='word_1_622' title='bbox 2463 4145 2612 4213; x_wconf 75' lang='lat' dir='ltr'><strong>cmli,</strong></span> <span class='ocrx_word' id='word_1_623' title='bbox 2647 4147 2811 4201; x_wconf 86' lang='lat' dir='ltr'><strong>simul</strong></span> <span class='ocrx_word' id='word_1_624' title='bbox 2844 4153 2970 4202; x_wconf 89' lang='lat' dir='ltr'><strong>ante</strong></span> <span class='ocrx_word' id='word_1_625' title='bbox 2997 4162 3120 4200; x_wconf 88' lang='lat' dir='ltr'><strong>eum</strong></span> <span class='ocrx_word' id='word_1_626' title='bbox 3145 4156 3565 4217; x_wconf 85' lang='lat' dir='ltr'><strong>prosternamur</strong></span> 
     </span>
    </p>
   </div>
   <div class='ocr_carea' id='block_1_80' title="bbox 303 4227 1924 4311">
    <p class='ocr_par' dir='ltr' id='par_1_80' title="bbox 303 4227 1887 4306">
     <span class='ocr_line' id='line_1_81' title="bbox 303 4227 1887 4306; baseline 0.005 -26"><span class='ocrx_word' id='word_1_627' title='bbox 303 4242 408 4283; x_wconf 73' lang='grc' dir='ltr'><strong>σαν</strong></span> <span class='ocrx_word' id='word_1_628' title='bbox 449 4227 596 4299; x_wconf 85' lang='grc' dir='ltr'><strong>αὐτῷ</strong></span> <span class='ocrx_word' id='word_1_629' title='bbox 650 4228 850 4292; x_wconf 87' lang='grc' dir='ltr'>πάντες</span> <span class='ocrx_word' id='word_1_630' title='bbox 897 4227 1116 4297; x_wconf 72' lang='grc' dir='ltr'>ἄγγελοι</span> <span class='ocrx_word' id='word_1_631' title='bbox 1138 4229 1272 4284; x_wconf 84' lang='grc' dir='ltr'>Θεοῦ</span> <span class='ocrx_word' id='word_1_632' title='bbox 1297 4248 1311 4262; x_wconf 75' lang='grc' dir='ltr'><strong>ο</strong></span> <span class='ocrx_word' id='word_1_633' title='bbox 1344 4232 1702 4305; x_wconf 80' lang='grc' dir='ltr'>εὐφράνθητε,</span> <span class='ocrx_word' id='word_1_634' title='bbox 1734 4233 1887 4306; x_wconf 75' lang='grc' dir='ltr'>ἔθνη,</span> 
     </span>
    </p>
   </div>
   <div class='ocr_carea' id='block_1_81' title="bbox 1940 4227 3561 4311">
    <p class='ocr_par' dir='ltr' id='par_1_81' title="bbox 1990 4235 3561 4311">
     <span class='ocr_line' id='line_1_82' title="bbox 1990 4235 3561 4311; baseline 0.006 -22"><span class='ocrx_word' id='word_1_635' title='bbox 1990 4235 2280 4292; x_wconf 89' lang='lat' dir='ltr'><strong>adorantes</strong></span> <span class='ocrx_word' id='word_1_636' title='bbox 2302 4251 2493 4293; x_wconf 90' lang='lat' dir='ltr'><strong>omnes</strong></span> <span class='ocrx_word' id='word_1_637' title='bbox 2526 4237 2704 4309; x_wconf 81' lang='lat' dir='ltr'><strong>angeli</strong></span> <span class='ocrx_word' id='word_1_638' title='bbox 2734 4236 2863 4304; x_wconf 89' lang='lat' dir='ltr'><strong>Dei;</strong></span> <span class='ocrx_word' id='word_1_639' title='bbox 2883 4238 3166 4307; x_wconf 79' lang='lat' dir='ltr'><strong>laetamiui,</strong></span> <span class='ocrx_word' id='word_1_640' title='bbox 3199 4250 3408 4311; x_wconf 86' lang='lat' dir='ltr'><strong>gentes,</strong></span> <span class='ocrx_word' id='word_1_641' title='bbox 3435 4258 3561 4298; x_wconf 88' lang='lat' dir='ltr'><strong>cum</strong></span> 
     </span>
    </p>
   </div>
   <div class='ocr_carea' id='block_1_82' title="bbox 306 4318 1927 4401">
    <p class='ocr_par' dir='ltr' id='par_1_82' title="bbox 306 4319 1886 4397">
     <span class='ocr_line' id='line_1_83' title="bbox 306 4319 1886 4397; baseline 0.005 -23"><span class='ocrx_word' id='word_1_642' title='bbox 306 4321 449 4388; x_wconf 80' lang='grc' dir='ltr'><strong>μετά</strong></span> <span class='ocrx_word' id='word_1_643' title='bbox 480 4319 572 4375; x_wconf 89' lang='grc' dir='ltr'><strong>τοῦ</strong></span> <span class='ocrx_word' id='word_1_644' title='bbox 612 4320 742 4374; x_wconf 85' lang='grc' dir='ltr'>λαοῦ</span> <span class='ocrx_word' id='word_1_645' title='bbox 773 4319 960 4385; x_wconf 85' lang='grc' dir='ltr'>αὐτοῦ,</span> <span class='ocrx_word' id='word_1_646' title='bbox 986 4321 1078 4376; x_wconf 78' lang='grc' dir='ltr'>καὶ</span> <span class='ocrx_word' id='word_1_647' title='bbox 1108 4322 1547 4395; x_wconf 78' lang='grc' dir='ltr'>ἐνισχυσάτωσαν</span> <span class='ocrx_word' id='word_1_648' title='bbox 1577 4325 1727 4397; x_wconf 83' lang='grc' dir='ltr'>αὐτῷ</span> <span class='ocrx_word' id='word_1_649' title='bbox 1746 4326 1886 4382; x_wconf 84' lang='grc' dir='ltr'>πάν-</span> 
     </span>
    </p>
   </div>
   <div class='ocr_carea' id='block_1_83' title="bbox 1948 4318 3569 4401">
    <p class='ocr_par' dir='ltr' id='par_1_83' title="bbox 1996 4318 3569 4401">
     <span class='ocr_line' id='line_1_84' title="bbox 1996 4318 3569 4401; baseline 0.006 -18"><span class='ocrx_word' id='word_1_650' title='bbox 1996 4331 2196 4401; x_wconf 89' lang='lat' dir='ltr'><strong>populo</strong></span> <span class='ocrx_word' id='word_1_651' title='bbox 2248 4329 2393 4401; x_wconf 86' lang='lat' dir='ltr'><strong>ejus,</strong></span> <span class='ocrx_word' id='word_1_652' title='bbox 2453 4339 2509 4387; x_wconf 92' lang='lat' dir='ltr'><strong>et</strong></span> <span class='ocrx_word' id='word_1_653' title='bbox 2567 4331 2964 4388; x_wconf 79' lang='lat' dir='ltr'><strong>conﬁrmentur</strong></span> <span class='ocrx_word' id='word_1_654' title='bbox 3019 4333 3074 4388; x_wconf 91' lang='lat' dir='ltr'><strong>in</strong></span> <span class='ocrx_word' id='word_1_655' title='bbox 3125 4318 3429 4392; x_wconf 24' lang='lat' dir='ltr'><strong>eo&#39;omnes</strong></span> <span class='ocrx_word' id='word_1_656' title='bbox 3474 4337 3569 4392; x_wconf 84' lang='lat' dir='ltr'><strong>lilii</strong></span> 
     </span>
    </p>
   </div>
   <div class='ocr_carea' id='block_1_84' title="bbox 301 4410 1922 4500">
    <p class='ocr_par' dir='ltr' id='par_1_84' title="bbox 301 4410 1887 4500">
     <span class='ocr_line' id='line_1_85' title="bbox 301 4410 1887 4500; baseline 0.025 -42"><span class='ocrx_word' id='word_1_657' title='bbox 301 4423 399 4500; x_wconf 76' lang='grc' dir='ltr'><strong>τες</strong></span> <span class='ocrx_word' id='word_1_658' title='bbox 430 4411 536 4465; x_wconf 75' lang='grc' dir='ltr'>υἱοὶ</span> <span class='ocrx_word' id='word_1_659' title='bbox 582 4410 740 4466; x_wconf 78' lang='grc' dir='ltr'>Θεοῦ.</span> <span class='ocrx_word' id='word_1_660' title='bbox 784 4432 802 4469; x_wconf 66' lang='grc' dir='ltr'><strong>ι</strong></span> <span class='ocrx_word' id='word_1_661' title='bbox 836 4413 945 4465; x_wconf 75' lang='grc' dir='ltr'><strong>Καὶ</strong></span> <span class='ocrx_word' id='word_1_662' title='bbox 990 4412 1096 4469; x_wconf 81' lang='grc' dir='ltr'>τίνι</span> <span class='ocrx_word' id='word_1_663' title='bbox 1141 4414 1284 4487; x_wconf 74' lang='grc' dir='ltr'>ἄλλῳ</span> <span class='ocrx_word' id='word_1_664' title='bbox 1326 4417 1723 4488; x_wconf 70' lang='grc' dir='ltr'><strong>προσκυνήσειν</strong></span> <span class='ocrx_word' id='word_1_665' title='bbox 1773 4421 1887 4482; x_wconf 69' lang='grc' dir='ltr'><strong>τοῖς</strong></span> 
     </span>
    </p>
   </div>
   <div class='ocr_carea' id='block_1_85' title="bbox 1950 4410 3571 4500">
    <p class='ocr_par' dir='ltr' id='par_1_85' title="bbox 1996 4420 3571 4500">
     <span class='ocr_line' id='line_1_86' title="bbox 1996 4420 3571 4500; baseline 0.006 -26"><span class='ocrx_word' id='word_1_666' title='bbox 1996 4420 2104 4476; x_wconf 89' lang='lat' dir='ltr'><strong>Dei.</strong></span> <span class='ocrx_word' id='word_1_667' title='bbox 2122 4423 2190 4476; x_wconf 83' lang='lat'><strong>&quot;.</strong></span> <span class='ocrx_word' id='word_1_668' title='bbox 2224 4441 2242 4474; x_wconf 74' lang='grc' dir='ltr'><strong>ι</strong></span> <span class='ocrx_word' id='word_1_669' title='bbox 2283 4421 2452 4489; x_wconf 85' lang='lat' dir='ltr'><strong>Quem</strong></span> <span class='ocrx_word' id='word_1_670' title='bbox 2485 4424 2650 4478; x_wconf 90' lang='lat' dir='ltr'><strong>alium</strong></span> <span class='ocrx_word' id='word_1_671' title='bbox 2702 4423 2932 4480; x_wconf 89' lang='lat' dir='ltr'><strong>adorare</strong></span> <span class='ocrx_word' id='word_1_672' title='bbox 2960 4427 3169 4497; x_wconf 79' lang='lat' dir='ltr'><strong>angelis</strong></span> <span class='ocrx_word' id='word_1_673' title='bbox 3202 4427 3323 4497; x_wconf 83' lang='lat' dir='ltr'><strong>ejus</strong></span> <span class='ocrx_word' id='word_1_674' title='bbox 3376 4430 3571 4500; x_wconf 78' lang='lat' dir='ltr'><strong>praeci-</strong></span> 
     </span>
    </p>
   </div>
   <div class='ocr_carea' id='block_1_86' title="bbox 303 4499 1924 4590">
    <p class='ocr_par' dir='ltr' id='par_1_86' title="bbox 303 4499 1924 4590">
     <span class='ocr_line' id='line_1_87' title="bbox 303 4499 1924 4590; baseline 0.007 -38"><span class='ocrx_word' id='word_1_675' title='bbox 303 4499 560 4590; x_wconf 71' lang='grc' dir='ltr'>ἀγγέλοις</span> <span class='ocrx_word' id='word_1_676' title='bbox 583 4501 747 4590; x_wconf 32' lang='grc' dir='ltr'>αῌύτοῦ</span> <span class='ocrx_word' id='word_1_677' title='bbox 783 4504 1111 4576; x_wconf 82' lang='grc' dir='ltr'>προστάττοι</span> <span class='ocrx_word' id='word_1_678' title='bbox 1137 4505 1203 4559; x_wconf 80' lang='grc' dir='ltr'>ἂν</span> <span class='ocrx_word' id='word_1_679' title='bbox 1233 4507 1292 4560; x_wconf 85' lang='grc' dir='ltr'>τὸ</span> <span class='ocrx_word' id='word_1_680' title='bbox 1323 4507 1464 4562; x_wconf 83' lang='grc' dir='ltr'>θεῖον</span> <span class='ocrx_word' id='word_1_681' title='bbox 1496 4508 1721 4581; x_wconf 84' lang='grc' dir='ltr'>Πνεῦμα</span> <span class='ocrx_word' id='word_1_682' title='bbox 1749 4510 1782 4582; x_wconf 85' lang='grc' dir='ltr'><strong>ἦ</strong></span> <span class='ocrx_word' id='word_1_683' title='bbox 1809 4508 1886 4581; x_wconf 76' lang='grc' dir='ltr'>τῷ</span> <span class='ocrx_word' id='word_1_684' title='bbox 1919 4500 1924 4554; x_wconf 55' lang='grc' dir='ltr'><strong><em>ἶ</em></strong></span> 
     </span>
    </p>
   </div>
   <div class='ocr_carea' id='block_1_87' title="bbox 1950 4499 3571 4590">
    <p class='ocr_par' dir='ltr' id='par_1_87' title="bbox 1950 4499 3571 4590">
     <span class='ocr_line' id='line_1_88' title="bbox 1950 4499 3571 4590; baseline 0.006 -21"><span class='ocrx_word' id='word_1_685' title='bbox 1950 4506 1962 4551; x_wconf 59' lang='grc' dir='ltr'>θ</span> <span class='ocrx_word' id='word_1_686' title='bbox 1994 4523 2144 4586; x_wconf 90' lang='lat' dir='ltr'><strong>peret</strong></span> <span class='ocrx_word' id='word_1_687' title='bbox 2175 4515 2413 4587; x_wconf 88' lang='lat' dir='ltr'><strong>Spiritus</strong></span> <span class='ocrx_word' id='word_1_688' title='bbox 2437 4516 2678 4582; x_wconf 90' lang='lat' dir='ltr'><strong>divinus,</strong></span> <span class='ocrx_word' id='word_1_689' title='bbox 2716 4516 2824 4572; x_wconf 86' lang='lat' dir='ltr'><strong>nisi</strong></span> <span class='ocrx_word' id='word_1_690' title='bbox 2857 4516 3162 4585; x_wconf 81' lang='lat' dir='ltr'><strong>Christum,</strong></span> <span class='ocrx_word' id='word_1_691' title='bbox 3221 4499 3391 4590; x_wconf 85' lang='lat' dir='ltr'><strong>cujus</strong></span> <span class='ocrx_word' id='word_1_692' title='bbox 3438 4536 3571 4577; x_wconf 83' lang='lat' dir='ltr'><strong>sane</strong></span> 
     </span>
    </p>
   </div>
   <div class='ocr_carea' id='block_1_88' title="bbox 303 4585 1924 4683">
    <p class='ocr_par' dir='ltr' id='par_1_88' title="bbox 303 4585 1894 4683">
     <span class='ocr_line' id='line_1_89' title="bbox 303 4585 1894 4683; baseline 0.008 -41"><span class='ocrx_word' id='word_1_693' title='bbox 303 4585 637 4683; x_wconf 62' lang='grc' dir='ltr'>Χριστῷ,ῗοῦ</span> <span class='ocrx_word' id='word_1_694' title='bbox 668 4591 853 4683; x_wconf 82' lang='grc' dir='ltr'>σαφῶς</span> <span class='ocrx_word' id='word_1_695' title='bbox 889 4594 982 4646; x_wconf 71' lang='grc' dir='ltr'><strong>ἐπὶ</strong></span> <span class='ocrx_word' id='word_1_696' title='bbox 1014 4597 1079 4666; x_wconf 83' lang='grc' dir='ltr'><strong>τῇ</strong></span> <span class='ocrx_word' id='word_1_697' title='bbox 1117 4596 1392 4670; x_wconf 78' lang='grc' dir='ltr'>παρουσίᾳ</span> <span class='ocrx_word' id='word_1_698' title='bbox 1428 4598 1717 4671; x_wconf 79' lang='grc' dir='ltr'>ηὐφράνθη</span> <span class='ocrx_word' id='word_1_699' title='bbox 1754 4599 1894 4670; x_wconf 84' lang='grc' dir='ltr'><strong>μετά</strong></span> 
     </span>
    </p>
   </div>
   <div class='ocr_carea' id='block_1_89' title="bbox 1948 4585 3569 4683">
    <p class='ocr_par' dir='ltr' id='par_1_89' title="bbox 1991 4585 3569 4683">
     <span class='ocr_line' id='line_1_90' title="bbox 1991 4585 3569 4683; baseline 0.003 -23"><span class='ocrx_word' id='word_1_700' title='bbox 1991 4585 2283 4678; x_wconf 61' lang='lat' dir='ltr'><strong>praesentia</strong></span> <span class='ocrx_word' id='word_1_701' title='bbox 2318 4608 2513 4663; x_wconf 66' lang='lat' dir='ltr'><strong>laztataa</strong></span> <span class='ocrx_word' id='word_1_702' title='bbox 2535 4618 2666 4664; x_wconf 90' lang='lat' dir='ltr'><strong>sunt</strong></span> <span class='ocrx_word' id='word_1_703' title='bbox 2696 4623 2821 4663; x_wconf 90' lang='lat' dir='ltr'><strong>cum</strong></span> <span class='ocrx_word' id='word_1_704' title='bbox 2867 4609 3070 4681; x_wconf 92' lang='lat' dir='ltr'><strong>populo</strong></span> <span class='ocrx_word' id='word_1_705' title='bbox 3098 4610 3220 4681; x_wconf 90' lang='lat' dir='ltr'><strong>ejus</strong></span> <span class='ocrx_word' id='word_1_706' title='bbox 3241 4585 3452 4682; x_wconf 76' lang='lat' dir='ltr'><strong>gentes,</strong></span> <span class='ocrx_word' id='word_1_707' title='bbox 3478 4609 3569 4683; x_wconf 80' lang='lat' dir='ltr'><strong>ju-</strong></span> 
     </span>
    </p>
   </div>
   <div class='ocr_carea' id='block_1_90' title="bbox 299 4680 1920 4775">
    <p class='ocr_par' dir='ltr' id='par_1_90' title="bbox 299 4680 1893 4764">
     <span class='ocr_line' id='line_1_91' title="bbox 299 4680 1893 4764; baseline 0.009 -31"><span class='ocrx_word' id='word_1_708' title='bbox 299 4682 403 4736; x_wconf 89' lang='grc' dir='ltr'><strong>τοῦ</strong></span> <span class='ocrx_word' id='word_1_709' title='bbox 439 4680 566 4735; x_wconf 85' lang='grc' dir='ltr'>λαοῦ</span> <span class='ocrx_word' id='word_1_710' title='bbox 591 4681 753 4735; x_wconf 86' lang='grc' dir='ltr'>αὐτοῦ</span> <span class='ocrx_word' id='word_1_711' title='bbox 779 4682 847 4736; x_wconf 79' lang='grc' dir='ltr'><strong>τὰ</strong></span> <span class='ocrx_word' id='word_1_712' title='bbox 871 4682 999 4754; x_wconf 72' lang='grc' dir='ltr'>ἔθνη</span> <span class='ocrx_word' id='word_1_713' title='bbox 1027 4684 1123 4738; x_wconf 85' lang='grc' dir='ltr'><strong>τοῦ</strong></span> <span class='ocrx_word' id='word_1_714' title='bbox 1155 4685 1262 4739; x_wconf 84' lang='grc' dir='ltr'><strong>τῶν</strong></span> <span class='ocrx_word' id='word_1_715' title='bbox 1286 4687 1507 4742; x_wconf 85' lang='grc' dir='ltr'>δικαίων</span> <span class='ocrx_word' id='word_1_716' title='bbox 1538 4692 1893 4764; x_wconf 85' lang='grc' dir='ltr'>πατριαρχῶν</span> 
     </span>
    </p>
   </div>
   <div class='ocr_carea' id='block_1_91' title="bbox 1947 4680 3568 4775">
    <p class='ocr_par' dir='ltr' id='par_1_91' title="bbox 1990 4680 3568 4775">
     <span class='ocr_line' id='line_1_92' title="bbox 1990 4680 3568 4775; baseline 0.003 -20"><span class='ocrx_word' id='word_1_717' title='bbox 1990 4709 2202 4756; x_wconf 89' lang='lat' dir='ltr'><strong>storum</strong></span> <span class='ocrx_word' id='word_1_718' title='bbox 2260 4702 2515 4758; x_wconf 77' lang='lat' dir='ltr'><strong>videlicet</strong></span> <span class='ocrx_word' id='word_1_719' title='bbox 2565 4680 3005 4771; x_wconf 78' lang='lat' dir='ltr'><strong>patriarcharum</strong></span> <span class='ocrx_word' id='word_1_720' title='bbox 3066 4680 3568 4775; x_wconf 78' lang='lat' dir='ltr'><strong>prophetarumque</strong></span> 
     </span>
    </p>
   </div>
   <div class='ocr_carea' id='block_1_92' title="bbox 303 4775 1924 4866">
    <p class='ocr_par' dir='ltr' id='par_1_92' title="bbox 303 4775 1892 4857">
     <span class='ocr_line' id='line_1_93' title="bbox 303 4775 1892 4857; baseline 0.005 -27"><span class='ocrx_word' id='word_1_721' title='bbox 303 4777 404 4830; x_wconf 74' lang='grc' dir='ltr'>καὶ</span> <span class='ocrx_word' id='word_1_722' title='bbox 433 4775 729 4849; x_wconf 78' lang='grc' dir='ltr'>προφητῶν</span> <span class='ocrx_word' id='word_1_723' title='bbox 758 4775 953 4848; x_wconf 86' lang='grc' dir='ltr'>χοροῦ·</span> <span class='ocrx_word' id='word_1_724' title='bbox 1002 4780 1131 4851; x_wconf 69' lang='grc' dir='ltr'>περὶ</span> <span class='ocrx_word' id='word_1_725' title='bbox 1173 4775 1250 4834; x_wconf 82' lang='grc' dir='ltr'>ὧν</span> <span class='ocrx_word' id='word_1_726' title='bbox 1280 4781 1449 4837; x_wconf 74' lang='grc' dir='ltr'>ἐθνῶν</span> <span class='ocrx_word' id='word_1_727' title='bbox 1494 4780 1648 4848; x_wconf 82' lang='grc' dir='ltr'>αὖθις</span> <span class='ocrx_word' id='word_1_728' title='bbox 1680 4786 1773 4838; x_wconf 70' lang='grc' dir='ltr'><strong>ἐπὶ</strong></span> <span class='ocrx_word' id='word_1_729' title='bbox 1792 4788 1892 4857; x_wconf 81' lang='grc' dir='ltr'>τῆς</span> 
     </span>
    </p>
   </div>
   <div class='ocr_carea' id='block_1_93' title="bbox 1944 4775 3565 4866">
    <p class='ocr_par' dir='ltr' id='par_1_93' title="bbox 1988 4793 3565 4866">
     <span class='ocr_line' id='line_1_94' title="bbox 1988 4793 3565 4866; baseline 0 -17"><span class='ocrx_word' id='word_1_730' title='bbox 1988 4794 2213 4851; x_wconf 89' lang='lat' dir='ltr'><strong>chorus.</strong></span> <span class='ocrx_word' id='word_1_731' title='bbox 2244 4793 2322 4849; x_wconf 88' lang='lat' dir='ltr'><strong>De</strong></span> <span class='ocrx_word' id='word_1_732' title='bbox 2341 4794 2543 4864; x_wconf 86' lang='lat' dir='ltr'><strong>quibus</strong></span> <span class='ocrx_word' id='word_1_733' title='bbox 2565 4793 2821 4865; x_wconf 74' lang='lat' dir='ltr'><strong>gentibus</strong></span> <span class='ocrx_word' id='word_1_734' title='bbox 2852 4811 3073 4866; x_wconf 89' lang='lat' dir='ltr'><strong>quoque</strong></span> <span class='ocrx_word' id='word_1_735' title='bbox 3131 4794 3187 4849; x_wconf 90' lang='lat' dir='ltr'><strong>in</strong></span> <span class='ocrx_word' id='word_1_736' title='bbox 3218 4794 3409 4851; x_wconf 88' lang='lat' dir='ltr'><strong>eodem</strong></span> <span class='ocrx_word' id='word_1_737' title='bbox 3436 4810 3565 4850; x_wconf 89' lang='lat' dir='ltr'><strong>can-</strong></span> 
     </span>
    </p>
   </div>
   <div class='ocr_carea' id='block_1_94' title="bbox 304 4870 1925 4961">
    <p class='ocr_par' dir='ltr' id='par_1_94' title="bbox 304 4870 1890 4951">
     <span class='ocr_line' id='line_1_95' title="bbox 304 4870 1890 4951; baseline 0.006 -28"><span class='ocrx_word' id='word_1_738' title='bbox 304 4871 479 4941; x_wconf 80' lang='grc' dir='ltr'>αὐτῆς</span> <span class='ocrx_word' id='word_1_739' title='bbox 533 4870 677 4943; x_wconf 79' lang='grc' dir='ltr'>ᾠδῆς</span> <span class='ocrx_word' id='word_1_740' title='bbox 728 4872 804 4935; x_wconf 89' lang='grc' dir='ltr'>ὼς</span> <span class='ocrx_word' id='word_1_741' title='bbox 854 4872 991 4945; x_wconf 84' lang='grc' dir='ltr'>πρὸς</span> <span class='ocrx_word' id='word_1_742' title='bbox 1036 4874 1222 4946; x_wconf 71' lang='grc' dir='ltr'>ἕτερον</span> <span class='ocrx_word' id='word_1_743' title='bbox 1259 4876 1385 4931; x_wconf 81' lang='grc' dir='ltr'>λαὸν</span> <span class='ocrx_word' id='word_1_744' title='bbox 1419 4878 1835 4951; x_wconf 77' lang='grc' dir='ltr'>ἀποτεινόμενος</span> <span class='ocrx_word' id='word_1_745' title='bbox 1862 4882 1890 4933; x_wconf 92' lang='lat'><strong>6</strong></span> 
     </span>
    </p>
   </div>
   <div class='ocr_carea' id='block_1_95' title="bbox 1942 4870 3563 4961">
    <p class='ocr_par' dir='ltr' id='par_1_95' title="bbox 1989 4888 3563 4961">
     <span class='ocr_line' id='line_1_96' title="bbox 1989 4888 3563 4961; baseline -0.001 -17"><span class='ocrx_word' id='word_1_746' title='bbox 1989 4890 2102 4945; x_wconf 89' lang='lat' dir='ltr'><strong>tico</strong></span> <span class='ocrx_word' id='word_1_747' title='bbox 2138 4889 2299 4961; x_wconf 90' lang='lat' dir='ltr'><strong>quasi</strong></span> <span class='ocrx_word' id='word_1_748' title='bbox 2344 4889 2510 4943; x_wconf 91' lang='lat' dir='ltr'><strong>alium</strong></span> <span class='ocrx_word' id='word_1_749' title='bbox 2533 4890 2794 4960; x_wconf 89' lang='lat' dir='ltr'><strong>populum</strong></span> <span class='ocrx_word' id='word_1_750' title='bbox 2844 4889 3158 4960; x_wconf 89' lang='lat' dir='ltr'><strong>increpans,</strong></span> <span class='ocrx_word' id='word_1_751' title='bbox 3192 4888 3338 4945; x_wconf 89' lang='lat' dir='ltr'><strong>Deus</strong></span> <span class='ocrx_word' id='word_1_752' title='bbox 3377 4889 3513 4945; x_wconf 90' lang='lat' dir='ltr'><strong>dicit</strong></span> <span class='ocrx_word' id='word_1_753' title='bbox 3548 4905 3563 4943; x_wconf 86' lang='lat'><strong>:</strong></span> 
     </span>
    </p>
   </div>
   <div class='ocr_carea' id='block_1_96' title="bbox 306 4962 1927 5053">
    <p class='ocr_par' dir='ltr' id='par_1_96' title="bbox 306 4962 1879 5042">
     <span class='ocr_line' id='line_1_97' title="bbox 306 4962 1879 5042; baseline 0.006 -26"><span class='ocrx_word' id='word_1_754' title='bbox 306 4962 440 5027; x_wconf 83' lang='grc' dir='ltr'>Θεός</span> <span class='ocrx_word' id='word_1_755' title='bbox 493 4979 678 5034; x_wconf 87' lang='grc' dir='ltr'>φησιν,</span> <span class='ocrx_word' id='word_1_756' title='bbox 715 4981 735 5015; x_wconf 78' lang='grc' dir='ltr'><strong>ι</strong></span> <span class='ocrx_word' id='word_1_757' title='bbox 771 4964 935 5018; x_wconf 77' lang='grc' dir='ltr'>Αὐτοὶ</span> <span class='ocrx_word' id='word_1_758' title='bbox 990 4966 1382 5040; x_wconf 81' lang='grc' dir='ltr'>παρεζήλωσάν</span> <span class='ocrx_word' id='word_1_759' title='bbox 1439 4987 1507 5039; x_wconf 85' lang='grc' dir='ltr'><strong>με</strong></span> <span class='ocrx_word' id='word_1_760' title='bbox 1539 4972 1627 5024; x_wconf 74' lang='grc' dir='ltr'><strong>ἐπ’</strong></span> <span class='ocrx_word' id='word_1_761' title='bbox 1657 4971 1716 5024; x_wconf 93' lang='grc' dir='ltr'><strong>οὐ</strong></span> <span class='ocrx_word' id='word_1_762' title='bbox 1752 4971 1879 5042; x_wconf 82' lang='grc' dir='ltr'>θεῷ,</span> 
     </span>
    </p>
   </div>
   <div class='ocr_carea' id='block_1_97' title="bbox 1942 4962 3563 5053">
    <p class='ocr_par' dir='ltr' id='par_1_97' title="bbox 1996 4981 3563 5053">
     <span class='ocr_line' id='line_1_98' title="bbox 1996 4981 3563 5053; baseline 0.003 -17"><span class='ocrx_word' id='word_1_763' title='bbox 1996 5001 2015 5035; x_wconf 74' lang='grc' dir='ltr'><strong>ι</strong></span> <span class='ocrx_word' id='word_1_764' title='bbox 2048 4981 2156 5053; x_wconf 88' lang='lat' dir='ltr'><strong>Ipsi</strong></span> <span class='ocrx_word' id='word_1_765' title='bbox 2186 4997 2274 5039; x_wconf 90' lang='lat' dir='ltr'><strong>me</strong></span> <span class='ocrx_word' id='word_1_766' title='bbox 2296 4988 2737 5052; x_wconf 87' lang='lat' dir='ltr'><strong>provocaverunt</strong></span> <span class='ocrx_word' id='word_1_767' title='bbox 2784 4981 2839 5036; x_wconf 93' lang='lat' dir='ltr'><strong>in</strong></span> <span class='ocrx_word' id='word_1_768' title='bbox 2868 4996 2933 5037; x_wconf 89' lang='lat' dir='ltr'><strong>eo</strong></span> <span class='ocrx_word' id='word_1_769' title='bbox 2962 4982 3056 5052; x_wconf 93' lang='lat' dir='ltr'><strong>qui</strong></span> <span class='ocrx_word' id='word_1_770' title='bbox 3108 4998 3215 5037; x_wconf 91' lang='lat' dir='ltr'><strong>non</strong></span> <span class='ocrx_word' id='word_1_771' title='bbox 3246 4989 3365 5037; x_wconf 87' lang='lat' dir='ltr'><strong>erat</strong></span> <span class='ocrx_word' id='word_1_772' title='bbox 3406 4982 3563 5047; x_wconf 78' lang='lat' dir='ltr'><strong>deus,</strong></span> 
     </span>
    </p>
   </div>
   <div class='ocr_carea' id='block_1_98' title="bbox 307 5054 1928 5145">
    <p class='ocr_par' dir='ltr' id='par_1_98' title="bbox 307 5054 1882 5138">
     <span class='ocr_line' id='line_1_99' title="bbox 307 5054 1882 5138; baseline 0.006 -28"><span class='ocrx_word' id='word_1_773' title='bbox 307 5054 666 5129; x_wconf 77' lang='grc' dir='ltr'>παρὼργισάν</span> <span class='ocrx_word' id='word_1_774' title='bbox 711 5074 777 5129; x_wconf 89' lang='grc' dir='ltr'><strong>με</strong></span> <span class='ocrx_word' id='word_1_775' title='bbox 806 5060 864 5112; x_wconf 86' lang='grc' dir='ltr'>ὲν</span> <span class='ocrx_word' id='word_1_776' title='bbox 889 5063 1000 5124; x_wconf 85' lang='grc' dir='ltr'>τοῖς</span> <span class='ocrx_word' id='word_1_777' title='bbox 1019 5061 1257 5127; x_wconf 81' lang='grc' dir='ltr'>εἰδώλοις</span> <span class='ocrx_word' id='word_1_778' title='bbox 1275 5063 1455 5118; x_wconf 82' lang='grc' dir='ltr'>αὐτῶν</span> <span class='ocrx_word' id='word_1_779' title='bbox 1478 5082 1493 5097; x_wconf 78' lang='grc' dir='ltr'><strong>ο</strong></span> <span class='ocrx_word' id='word_1_780' title='bbox 1522 5065 1678 5135; x_wconf 76' lang='grc' dir='ltr'>κάγὼ</span> <span class='ocrx_word' id='word_1_781' title='bbox 1707 5083 1882 5138; x_wconf 88' lang='grc' dir='ltr'>παρα-</span> 
     </span>
    </p>
   </div>
   <div class='ocr_carea' id='block_1_99' title="bbox 1947 5054 3568 5145">
    <p class='ocr_par' dir='ltr' id='par_1_99' title="bbox 1989 5075 3568 5145">
     <span class='ocr_line' id='line_1_100' title="bbox 1989 5075 3568 5145; baseline -0.001 -15"><span class='ocrx_word' id='word_1_782' title='bbox 1989 5081 2045 5130; x_wconf 88' lang='lat' dir='ltr'><strong>et</strong></span> <span class='ocrx_word' id='word_1_783' title='bbox 2078 5075 2439 5130; x_wconf 84' lang='lat' dir='ltr'><strong>irritaverunt</strong></span> <span class='ocrx_word' id='word_1_784' title='bbox 2472 5075 2526 5129; x_wconf 93' lang='lat' dir='ltr'><strong>in</strong></span> <span class='ocrx_word' id='word_1_785' title='bbox 2560 5075 2898 5130; x_wconf 88' lang='lat' dir='ltr'><strong>vanitatibus</strong></span> <span class='ocrx_word' id='word_1_786' title='bbox 2950 5075 3066 5129; x_wconf 88' lang='lat' dir='ltr'><strong>suis</strong></span> <span class='ocrx_word' id='word_1_787' title='bbox 3110 5091 3122 5126; x_wconf 91' lang='lat'><strong>:</strong></span> <span class='ocrx_word' id='word_1_788' title='bbox 3161 5081 3218 5129; x_wconf 90' lang='lat' dir='ltr'><strong>et</strong></span> <span class='ocrx_word' id='word_1_789' title='bbox 3236 5089 3337 5144; x_wconf 78' lang='lat' dir='ltr'><strong>ego</strong></span> <span class='ocrx_word' id='word_1_790' title='bbox 3368 5089 3568 5145; x_wconf 84' lang='lat' dir='ltr'><strong>provo—</strong></span> 
     </span>
    </p>
   </div>
   <div class='ocr_carea' id='block_1_100' title="bbox 309 5146 1930 5238">
    <p class='ocr_par' dir='ltr' id='par_1_100' title="bbox 309 5146 1885 5230">
     <span class='ocr_line' id='line_1_101' title="bbox 309 5146 1885 5230; baseline 0.006 -30"><span class='ocrx_word' id='word_1_791' title='bbox 309 5146 537 5219; x_wconf 80' lang='grc' dir='ltr'>ζηλώσω</span> <span class='ocrx_word' id='word_1_792' title='bbox 591 5150 787 5213; x_wconf 79' lang='grc' dir='ltr'>αὐτοὺς</span> <span class='ocrx_word' id='word_1_793' title='bbox 817 5152 917 5205; x_wconf 88' lang='grc' dir='ltr'><strong>οὐκ</strong></span> <span class='ocrx_word' id='word_1_794' title='bbox 965 5155 1052 5207; x_wconf 79' lang='grc' dir='ltr'><strong>ἐπ’</strong></span> <span class='ocrx_word' id='word_1_795' title='bbox 1097 5155 1276 5218; x_wconf 73' lang='grc' dir='ltr'>ἔθνει,</span> <span class='ocrx_word' id='word_1_796' title='bbox 1328 5158 1414 5211; x_wconf 78' lang='grc' dir='ltr'><strong>ἐπ’</strong></span> <span class='ocrx_word' id='word_1_797' title='bbox 1454 5156 1596 5211; x_wconf 72' lang='grc' dir='ltr'>ἔθνει</span> <span class='ocrx_word' id='word_1_798' title='bbox 1638 5158 1885 5230; x_wconf 80' lang='grc' dir='ltr'>ἀσυνέτῳ</span> 
     </span>
    </p>
   </div>
   <div class='ocr_carea' id='block_1_101' title="bbox 1948 5146 3569 5238">
    <p class='ocr_par' dir='ltr' id='par_1_101' title="bbox 1988 5165 3569 5238">
     <span class='ocr_line' id='line_1_102' title="bbox 1988 5165 3569 5238; baseline -0.001 -17"><span class='ocrx_word' id='word_1_799' title='bbox 1988 5166 2128 5221; x_wconf 85' lang='lat' dir='ltr'><strong>cabo</strong></span> <span class='ocrx_word' id='word_1_800' title='bbox 2153 5181 2250 5221; x_wconf 91' lang='lat' dir='ltr'><strong>eos</strong></span> <span class='ocrx_word' id='word_1_801' title='bbox 2306 5166 2360 5220; x_wconf 91' lang='lat' dir='ltr'><strong>in</strong></span> <span class='ocrx_word' id='word_1_802' title='bbox 2392 5181 2458 5221; x_wconf 86' lang='lat' dir='ltr'><strong>eo</strong></span> <span class='ocrx_word' id='word_1_803' title='bbox 2501 5167 2597 5238; x_wconf 91' lang='lat' dir='ltr'><strong>qui</strong></span> <span class='ocrx_word' id='word_1_804' title='bbox 2630 5170 2741 5221; x_wconf 85' lang='lat' dir='ltr'><strong>rion</strong></span> <span class='ocrx_word' id='word_1_805' title='bbox 2769 5174 2855 5222; x_wconf 87' lang='lat' dir='ltr'><strong>est</strong></span> <span class='ocrx_word' id='word_1_806' title='bbox 2910 5165 3168 5236; x_wconf 87' lang='lat' dir='ltr'><strong>populus,</strong></span> <span class='ocrx_word' id='word_1_807' title='bbox 3210 5171 3265 5220; x_wconf 78' lang='lat' dir='ltr'><strong>et</strong></span> <span class='ocrx_word' id='word_1_808' title='bbox 3317 5165 3372 5220; x_wconf 91' lang='lat' dir='ltr'><strong>in</strong></span> <span class='ocrx_word' id='word_1_809' title='bbox 3406 5173 3569 5237; x_wconf 82' lang='lat' dir='ltr'><strong>gente</strong></span> 
     </span>
    </p>
   </div>
   <div class='ocr_carea' id='block_1_102' title="bbox 308 5239 1929 5328">
    <p class='ocr_par' dir='ltr' id='par_1_102' title="bbox 308 5239 1888 5323">
     <span class='ocr_line' id='line_1_103' title="bbox 308 5239 1888 5323; baseline 0.007 -29"><span class='ocrx_word' id='word_1_810' title='bbox 308 5239 592 5311; x_wconf 69' lang='grc' dir='ltr'>παροργιῶ</span> <span class='ocrx_word' id='word_1_811' title='bbox 638 5240 856 5306; x_wconf 88' lang='grc' dir='ltr'>αὐτούς.</span> <span class='ocrx_word' id='word_1_812' title='bbox 901 5262 920 5294; x_wconf 73' lang='grc' dir='ltr'><strong>ι</strong></span> <span class='ocrx_word' id='word_1_813' title='bbox 951 5245 1062 5298; x_wconf 74' lang='grc' dir='ltr'><strong>Καὶ</strong></span> <span class='ocrx_word' id='word_1_814' title='bbox 1095 5246 1361 5319; x_wconf 87' lang='grc' dir='ltr'>πρόδηλόν</span> <span class='ocrx_word' id='word_1_815' title='bbox 1397 5265 1462 5317; x_wconf 88' lang='grc' dir='ltr'>γε</span> <span class='ocrx_word' id='word_1_816' title='bbox 1496 5248 1580 5302; x_wconf 87' lang='grc' dir='ltr'>ὅτι</span> <span class='ocrx_word' id='word_1_817' title='bbox 1623 5249 1759 5321; x_wconf 85' lang='grc' dir='ltr'><strong>μετά</strong></span> <span class='ocrx_word' id='word_1_818' title='bbox 1787 5252 1888 5323; x_wconf 81' lang='grc' dir='ltr'>τὴν</span> 
     </span>
    </p>
   </div>
   <div class='ocr_carea' id='block_1_103' title="bbox 1945 5239 3566 5328">
    <p class='ocr_par' dir='ltr' id='par_1_103' title="bbox 1988 5256 3566 5328">
     <span class='ocr_line' id='line_1_104' title="bbox 1988 5256 3566 5328; baseline -0.001 -16"><span class='ocrx_word' id='word_1_819' title='bbox 1988 5258 2152 5312; x_wconf 75' lang='lat' dir='ltr'><strong>Stulta</strong></span> <span class='ocrx_word' id='word_1_820' title='bbox 2200 5257 2430 5313; x_wconf 86' lang='lat' dir='ltr'><strong>irritaho</strong></span> <span class='ocrx_word' id='word_1_821' title='bbox 2474 5274 2571 5314; x_wconf 86' lang='lat' dir='ltr'><strong>eos</strong></span> <span class='ocrx_word' id='word_1_822' title='bbox 2614 5258 2681 5312; x_wconf 84' lang='grc'><strong>⁵⁸.</strong></span> <span class='ocrx_word' id='word_1_823' title='bbox 2735 5278 2753 5310; x_wconf 70' lang='grc' dir='ltr'><strong>ι</strong></span> <span class='ocrx_word' id='word_1_824' title='bbox 2822 5256 2887 5312; x_wconf 83' lang='lat' dir='ltr'><strong>Et</strong></span> <span class='ocrx_word' id='word_1_825' title='bbox 2929 5256 3284 5313; x_wconf 83' lang='lat' dir='ltr'><strong>manifestum</strong></span> <span class='ocrx_word' id='word_1_826' title='bbox 3346 5257 3566 5328; x_wconf 84' lang='lat' dir='ltr'><strong>quidem</strong></span> 
     </span>
    </p>
   </div>
   <div class='ocr_carea' id='block_1_104' title="bbox 306 5330 1927 5418">
    <p class='ocr_par' dir='ltr' id='par_1_104' title="bbox 306 5330 1887 5409">
     <span class='ocr_line' id='line_1_105' title="bbox 306 5330 1887 5409; baseline 0.006 -24"><span class='ocrx_word' id='word_1_827' title='bbox 306 5330 532 5385; x_wconf 70' lang='grc' dir='ltr'>ἐκείνων</span> <span class='ocrx_word' id='word_1_828' title='bbox 563 5330 833 5404; x_wconf 83' lang='grc' dir='ltr'>ἀποδολὴν</span> <span class='ocrx_word' id='word_1_829' title='bbox 867 5352 885 5386; x_wconf 79' lang='grc' dir='ltr'><strong>ι</strong></span> <span class='ocrx_word' id='word_1_830' title='bbox 925 5334 996 5389; x_wconf 81' lang='grc' dir='ltr'>τὰ</span> <span class='ocrx_word' id='word_1_831' title='bbox 1020 5336 1180 5408; x_wconf 87' lang='grc' dir='ltr'><strong>μωρά</strong></span> <span class='ocrx_word' id='word_1_832' title='bbox 1209 5337 1304 5391; x_wconf 83' lang='grc' dir='ltr'><strong>τοῦ</strong></span> <span class='ocrx_word' id='word_1_833' title='bbox 1326 5340 1530 5409; x_wconf 85' lang='grc' dir='ltr'>κόσμου</span> <span class='ocrx_word' id='word_1_834' title='bbox 1557 5339 1840 5406; x_wconf 79' lang='grc' dir='ltr'>ἐξελέξατο</span> <span class='ocrx_word' id='word_1_835' title='bbox 1858 5343 1887 5396; x_wconf 87' lang='lat'><strong>6</strong></span> 
     </span>
    </p>
   </div>
   <div class='ocr_carea' id='block_1_105' title="bbox 1949 5330 3570 5418">
    <p class='ocr_par' dir='ltr' id='par_1_105' title="bbox 1993 5345 3570 5418">
     <span class='ocr_line' id='line_1_106' title="bbox 1993 5345 3570 5418; baseline 0.001 -19"><span class='ocrx_word' id='word_1_836' title='bbox 1993 5345 2141 5416; x_wconf 89' lang='lat' dir='ltr'><strong>quod</strong></span> <span class='ocrx_word' id='word_1_837' title='bbox 2170 5355 2294 5417; x_wconf 87' lang='lat' dir='ltr'><strong>post</strong></span> <span class='ocrx_word' id='word_1_838' title='bbox 2345 5346 2564 5403; x_wconf 90' lang='lat' dir='ltr'><strong>illorum</strong></span> <span class='ocrx_word' id='word_1_839' title='bbox 2610 5347 2985 5417; x_wconf 88' lang='lat' dir='ltr'><strong>rejectionem,</strong></span> <span class='ocrx_word' id='word_1_840' title='bbox 3025 5365 3044 5399; x_wconf 77' lang='grc' dir='ltr'><strong>ι</strong></span> <span class='ocrx_word' id='word_1_841' title='bbox 3083 5363 3205 5418; x_wconf 85' lang='lat' dir='ltr'><strong>quae</strong></span> <span class='ocrx_word' id='word_1_842' title='bbox 3234 5348 3401 5402; x_wconf 87' lang='lat' dir='ltr'><strong>stulta</strong></span> <span class='ocrx_word' id='word_1_843' title='bbox 3441 5357 3570 5403; x_wconf 84' lang='lat' dir='ltr'><strong>sunt</strong></span> 
     </span>
    </p>
   </div>
   <div class='ocr_carea' id='block_1_106' title="bbox 306 5420 1927 5508">
    <p class='ocr_par' dir='ltr' id='par_1_106' title="bbox 306 5420 1885 5501">
     <span class='ocr_line' id='line_1_107' title="bbox 306 5420 1885 5501; baseline 0.008 -28"><span class='ocrx_word' id='word_1_844' title='bbox 306 5420 458 5485; x_wconf 75' lang='grc' dir='ltr'>Θεὸς,</span> <span class='ocrx_word' id='word_1_845' title='bbox 487 5421 574 5474; x_wconf 76' lang='grc' dir='ltr'>ἵνα</span> <span class='ocrx_word' id='word_1_846' title='bbox 595 5422 929 5497; x_wconf 89' lang='grc' dir='ltr'>καταισχύνῃ</span> <span class='ocrx_word' id='word_1_847' title='bbox 956 5426 1085 5487; x_wconf 80' lang='grc' dir='ltr'><strong>τούς</strong></span> <span class='ocrx_word' id='word_1_848' title='bbox 1110 5430 1239 5500; x_wconf 90' lang='grc' dir='ltr'>παρ’</span> <span class='ocrx_word' id='word_1_849' title='bbox 1271 5430 1500 5495; x_wconf 82' lang='grc' dir='ltr'>ἐκείνοις</span> <span class='ocrx_word' id='word_1_850' title='bbox 1534 5431 1732 5501; x_wconf 86' lang='grc' dir='ltr'>σοφούς</span> <span class='ocrx_word' id='word_1_851' title='bbox 1751 5449 1764 5463; x_wconf 93' lang='grc'><strong>·</strong></span> <span class='ocrx_word' id='word_1_852' title='bbox 1789 5433 1885 5486; x_wconf 76' lang='grc' dir='ltr'>καὶ</span> 
     </span>
    </p>
   </div>
   <div class='ocr_carea' id='block_1_107' title="bbox 1949 5420 3570 5508">
    <p class='ocr_par' dir='ltr' id='par_1_107' title="bbox 1954 5430 3570 5508">
     <span class='ocr_line' id='line_1_108' title="bbox 1954 5430 3570 5508; baseline -0.002 -18"><span class='ocrx_word' id='word_1_853' title='bbox 1954 5430 1971 5447; x_wconf 69' lang='grc'>⁸</span> <span class='ocrx_word' id='word_1_854' title='bbox 1991 5435 2181 5490; x_wconf 84' lang='lat' dir='ltr'><strong>mundi</strong></span> <span class='ocrx_word' id='word_1_855' title='bbox 2204 5436 2367 5508; x_wconf 83' lang='lat' dir='ltr'><strong>elegit</strong></span> <span class='ocrx_word' id='word_1_856' title='bbox 2397 5435 2561 5502; x_wconf 86' lang='lat' dir='ltr'><strong>Deus,</strong></span> <span class='ocrx_word' id='word_1_857' title='bbox 2612 5444 2673 5491; x_wconf 93' lang='lat' dir='ltr'><strong>ut</strong></span> <span class='ocrx_word' id='word_1_858' title='bbox 2701 5435 3002 5491; x_wconf 78' lang='lat' dir='ltr'><strong>confundat</strong></span> <span class='ocrx_word' id='word_1_859' title='bbox 3049 5430 3364 5507; x_wconf 83' lang='lat' dir='ltr'><strong>sapientes;</strong></span> <span class='ocrx_word' id='word_1_860' title='bbox 3397 5443 3454 5490; x_wconf 88' lang='lat' dir='ltr'><strong>et</strong></span> <span class='ocrx_word' id='word_1_861' title='bbox 3487 5434 3570 5488; x_wconf 84' lang='lat' dir='ltr'><strong>in-</strong></span> 
     </span>
    </p>
   </div>
   <div class='ocr_carea' id='block_1_108' title="bbox 305 5510 1926 5597">
    <p class='ocr_par' dir='ltr' id='par_1_108' title="bbox 305 5510 1884 5596">
     <span class='ocr_line' id='line_1_109' title="bbox 305 5510 1884 5596; baseline 0.009 -33"><span class='ocrx_word' id='word_1_862' title='bbox 305 5510 372 5564; x_wconf 80' lang='grc' dir='ltr'><strong>τά</strong></span> <span class='ocrx_word' id='word_1_863' title='bbox 403 5513 601 5583; x_wconf 80' lang='grc' dir='ltr'>ἀσθενῆ</span> <span class='ocrx_word' id='word_1_864' title='bbox 643 5512 737 5567; x_wconf 84' lang='grc' dir='ltr'><strong>τοῦ</strong></span> <span class='ocrx_word' id='word_1_865' title='bbox 785 5514 989 5586; x_wconf 84' lang='grc' dir='ltr'>κόσμου</span> <span class='ocrx_word' id='word_1_866' title='bbox 1017 5515 1319 5585; x_wconf 75' lang='grc' dir='ltr'>ἐξελέξατο,</span> <span class='ocrx_word' id='word_1_867' title='bbox 1354 5521 1449 5574; x_wconf 69' lang='grc' dir='ltr'>καὶ</span> <span class='ocrx_word' id='word_1_868' title='bbox 1467 5522 1536 5576; x_wconf 85' lang='grc' dir='ltr'>τὰ</span> <span class='ocrx_word' id='word_1_869' title='bbox 1563 5523 1754 5596; x_wconf 72' lang='grc' dir='ltr'>ἀγενῆ,</span> <span class='ocrx_word' id='word_1_870' title='bbox 1789 5525 1884 5578; x_wconf 77' lang='grc' dir='ltr'>καὶ</span> 
     </span>
    </p>
   </div>
   <div class='ocr_carea' id='block_1_109' title="bbox 1947 5510 3568 5597">
    <p class='ocr_par' dir='ltr' id='par_1_109' title="bbox 1992 5525 3568 5597">
     <span class='ocr_line' id='line_1_110' title="bbox 1992 5525 3568 5597; baseline 0 -16"><span class='ocrx_word' id='word_1_871' title='bbox 1992 5526 2147 5582; x_wconf 80' lang='lat' dir='ltr'><strong>ﬁrma</strong></span> <span class='ocrx_word' id='word_1_872' title='bbox 2182 5527 2373 5582; x_wconf 87' lang='lat' dir='ltr'><strong>mundi</strong></span> <span class='ocrx_word' id='word_1_873' title='bbox 2425 5527 2590 5597; x_wconf 86' lang='lat' dir='ltr'><strong>elegit</strong></span> <span class='ocrx_word' id='word_1_874' title='bbox 2628 5525 2792 5592; x_wconf 86' lang='lat' dir='ltr'><strong>Deus,</strong></span> <span class='ocrx_word' id='word_1_875' title='bbox 2829 5537 2887 5582; x_wconf 91' lang='lat' dir='ltr'><strong>ut</strong></span> <span class='ocrx_word' id='word_1_876' title='bbox 2931 5527 3235 5585; x_wconf 82' lang='lat' dir='ltr'><strong>confundat</strong></span> <span class='ocrx_word' id='word_1_877' title='bbox 3266 5527 3427 5582; x_wconf 74' lang='lat' dir='ltr'><strong>fortia</strong></span> <span class='ocrx_word' id='word_1_878' title='bbox 3462 5545 3476 5593; x_wconf 88' lang='lat'><strong>;</strong></span> <span class='ocrx_word' id='word_1_879' title='bbox 3511 5530 3568 5581; x_wconf 78' lang='lat' dir='ltr'><strong>et</strong></span> 
     </span>
    </p>
   </div>
   <div class='ocr_carea' id='block_1_110' title="bbox 305 5599 1926 5692">
    <p class='ocr_par' dir='ltr' id='par_1_110' title="bbox 305 5599 1883 5689">
     <span class='ocr_line' id='line_1_111' title="bbox 305 5599 1883 5689; baseline 0.011 -38"><span class='ocrx_word' id='word_1_880' title='bbox 305 5599 374 5652; x_wconf 86' lang='grc' dir='ltr'><strong>τά</strong></span> <span class='ocrx_word' id='word_1_881' title='bbox 401 5600 816 5675; x_wconf 78' lang='grc' dir='ltr'>ἐξουθενημένα,</span> <span class='ocrx_word' id='word_1_882' title='bbox 867 5608 961 5660; x_wconf 75' lang='grc' dir='ltr'>καὶ</span> <span class='ocrx_word' id='word_1_883' title='bbox 1008 5608 1076 5662; x_wconf 92' lang='grc' dir='ltr'><strong>τά</strong></span> <span class='ocrx_word' id='word_1_884' title='bbox 1107 5609 1179 5681; x_wconf 81' lang='grc' dir='ltr'>μὴ</span> <span class='ocrx_word' id='word_1_885' title='bbox 1212 5610 1362 5677; x_wconf 79' lang='grc' dir='ltr'>ὅντα,</span> <span class='ocrx_word' id='word_1_886' title='bbox 1403 5614 1492 5667; x_wconf 77' lang='grc' dir='ltr'>ἵνα</span> <span class='ocrx_word' id='word_1_887' title='bbox 1518 5614 1589 5669; x_wconf 82' lang='grc' dir='ltr'><strong>τὰ</strong></span> <span class='ocrx_word' id='word_1_888' title='bbox 1620 5616 1883 5689; x_wconf 78' lang='grc' dir='ltr'>πρότερον</span> 
     </span>
    </p>
   </div>
   <div class='ocr_carea' id='block_1_111' title="bbox 1946 5599 3567 5692">
    <p class='ocr_par' dir='ltr' id='par_1_111' title="bbox 1989 5617 3567 5692">
     <span class='ocr_line' id='line_1_112' title="bbox 1989 5617 3567 5692; baseline 0.002 -19"><span class='ocrx_word' id='word_1_889' title='bbox 1989 5617 2256 5690; x_wconf 85' lang='lat' dir='ltr'><strong>ignobilia</strong></span> <span class='ocrx_word' id='word_1_890' title='bbox 2289 5618 2480 5674; x_wconf 83' lang='lat' dir='ltr'><strong>mundi</strong></span> <span class='ocrx_word' id='word_1_891' title='bbox 2499 5627 2555 5673; x_wconf 88' lang='lat' dir='ltr'><strong>et</strong></span> <span class='ocrx_word' id='word_1_892' title='bbox 2580 5620 3015 5690; x_wconf 86' lang='lat' dir='ltr'><strong>contemptibilia</strong></span> <span class='ocrx_word' id='word_1_893' title='bbox 3038 5621 3200 5692; x_wconf 90' lang='lat' dir='ltr'><strong>elegit</strong></span> <span class='ocrx_word' id='word_1_894' title='bbox 3230 5620 3395 5687; x_wconf 86' lang='lat' dir='ltr'><strong>Deus,</strong></span> <span class='ocrx_word' id='word_1_895' title='bbox 3427 5626 3482 5676; x_wconf 90' lang='lat' dir='ltr'><strong>et</strong></span> <span class='ocrx_word' id='word_1_896' title='bbox 3501 5635 3567 5676; x_wconf 81' lang='lat' dir='ltr'><strong>ea</strong></span> 
     </span>
    </p>
   </div>
   <div class='ocr_carea' id='block_1_112' title="bbox 302 5754 1923 5858">
    <p class='ocr_par' dir='ltr' id='par_1_112' title="bbox 302 5754 1923 5858">
     <span class='ocr_line' id='line_1_113' title="bbox 302 5754 1923 5858; baseline -0.001 -31"><span class='ocrx_word' id='word_1_897' title='bbox 302 5822 352 5858; x_wconf 67' lang='grc' dir='ltr'><strong>υ</strong></span> <span class='ocrx_word' id='word_1_898' title='bbox 379 5754 623 5858; x_wconf 44' lang='lat'><strong>2.2:“:-</strong></span> <span class='ocrx_word' id='word_1_899' title='bbox 660 5765 1045 5858; x_wconf 43' lang='grc' dir='ltr'><strong>ξνιιιζιίξὶ-ᾼρ.</strong></span> <span class='ocrx_word' id='word_1_900' title='bbox 1126 5769 1164 5798; x_wconf 81' lang='grc'><strong>⁵¹</strong></span> <span class='ocrx_word' id='word_1_901' title='bbox 1208 5766 1353 5858; x_wconf 58' lang='grc' dir='ltr'><strong>Ρεεμἱ</strong></span> <span class='ocrx_word' id='word_1_902' title='bbox 1389 5769 1601 5858; x_wconf 41' lang='lat' dir='ltr'><strong>Iit-.121.</strong></span> <span class='ocrx_word' id='word_1_903' title='bbox 1660 5771 1725 5858; x_wconf 37' lang='lat' dir='ltr'><strong>A”</strong></span> <span class='ocrx_word' id='word_1_904' title='bbox 1769 5771 1923 5851; x_wconf 70' lang='lat' dir='ltr'><strong>Matth</strong></span> 
     </span>
    </p>
   </div>
   <div class='ocr_carea' id='block_1_113' title="bbox 1941 5754 3562 5858">
    <p class='ocr_par' dir='ltr' id='par_1_113' title="bbox 1944 5771 3562 5858">
     <span class='ocr_line' id='line_1_114' title="bbox 1944 5771 3562 5858; baseline 0.007 -35"><span class='ocrx_word' id='word_1_905' title='bbox 1944 5788 2167 5858; x_wconf 49' lang='grc' dir='ltr'><strong>..ἔκπιεέ</strong></span> <span class='ocrx_word' id='word_1_906' title='bbox 2453 5771 2612 5828; x_wconf 81' lang='lat' dir='ltr'><strong>Joan.</strong></span> <span class='ocrx_word' id='word_1_907' title='bbox 2646 5788 2775 5841; x_wconf 72' lang='grc' dir='ltr'>ιιι,</span> <span class='ocrx_word' id='word_1_908' title='bbox 2814 5772 2866 5830; x_wconf 84' lang='grc'><strong>6.</strong></span> <span class='ocrx_word' id='word_1_909' title='bbox 2943 5775 2991 5809; x_wconf 57' lang='grc'><strong>⁸⁸</strong></span> <span class='ocrx_word' id='word_1_910' title='bbox 3029 5777 3221 5834; x_wconf 73' lang='lat' dir='ltr'><strong>Matth.</strong></span> <span class='ocrx_word' id='word_1_911' title='bbox 3265 5790 3435 5846; x_wconf 74' lang='lat' dir='ltr'><strong>um,</strong></span> <span class='ocrx_word' id='word_1_912' title='bbox 3468 5774 3562 5834; x_wconf 71' lang='lat'><strong>$3.</strong></span> 
     </span>
    </p>
   </div>
   <div class='ocr_carea' id='block_1_114' title="bbox 385 5825 2006 5911">
    <p class='ocr_par' dir='ltr' id='par_1_114' title="bbox 385 5825 2006 5911">
     <span class='ocr_line' id='line_1_115' title="bbox 385 5825 2006 5911; baseline 0.01 -30"><span class='ocrx_word' id='word_1_913' title='bbox 385 5825 551 5884; x_wconf 81' lang='lat' dir='ltr'><strong>Amos</strong></span> <span class='ocrx_word' id='word_1_914' title='bbox 585 5845 640 5897; x_wconf 76' lang='grc' dir='ltr'>ν.</span> <span class='ocrx_word' id='word_1_915' title='bbox 680 5831 730 5890; x_wconf 82' lang='grc'><strong>1.</strong></span> <span class='ocrx_word' id='word_1_916' title='bbox 806 5835 853 5867; x_wconf 81' lang='grc'><strong>⁸·</strong></span> <span class='ocrx_word' id='word_1_917' title='bbox 892 5833 912 5888; x_wconf 83' lang='grc'><strong>1</strong></span> <span class='ocrx_word' id='word_1_918' title='bbox 947 5832 1142 5895; x_wconf 83' lang='lat' dir='ltr'><strong>Thess.</strong></span> <span class='ocrx_word' id='word_1_919' title='bbox 1178 5855 1252 5906; x_wconf 77' lang='grc' dir='ltr'><strong>ιι,</strong></span> <span class='ocrx_word' id='word_1_920' title='bbox 1290 5838 1378 5895; x_wconf 78' lang='grc'><strong>16.</strong></span> <span class='ocrx_word' id='word_1_921' title='bbox 1454 5841 1499 5873; x_wconf 85' lang='grc'><strong>⁸⁷</strong></span> <span class='ocrx_word' id='word_1_922' title='bbox 1541 5839 1699 5899; x_wconf 86' lang='lat' dir='ltr'><strong>Deut.</strong></span> <span class='ocrx_word' id='word_1_923' title='bbox 1735 5846 1917 5911; x_wconf 58' lang='grc' dir='ltr'>χχιιι,</span> <span class='ocrx_word' id='word_1_924' title='bbox 1946 5842 2006 5898; x_wconf 66' lang='grc'><strong>45</strong></span> 
     </span>
    </p>
   </div>
   <div class='ocr_carea' id='block_1_115' title="bbox 833 5825 2454 5911">
    <p class='ocr_par' dir='ltr' id='par_1_115' title="bbox 833 5825 2454 5911">
     <span class='ocr_line' id='line_1_116' title="bbox 833 5825 2454 5911; baseline 0.007 -24"><span class='ocrx_word' id='word_1_925' title='bbox 833 5835 853 5863; x_wconf 79' lang='grc'><strong>⁸</strong></span> <span class='ocrx_word' id='word_1_926' title='bbox 892 5833 912 5888; x_wconf 83' lang='grc'>1</span> <span class='ocrx_word' id='word_1_927' title='bbox 947 5832 1142 5895; x_wconf 82' lang='lat' dir='ltr'><strong>Thess.</strong></span> <span class='ocrx_word' id='word_1_928' title='bbox 1178 5855 1252 5906; x_wconf 78' lang='grc' dir='ltr'><strong>υ,</strong></span> <span class='ocrx_word' id='word_1_929' title='bbox 1290 5838 1378 5895; x_wconf 78' lang='grc'><strong>16.</strong></span> <span class='ocrx_word' id='word_1_930' title='bbox 1454 5841 1499 5873; x_wconf 85' lang='grc'><strong>⁸⁷</strong></span> <span class='ocrx_word' id='word_1_931' title='bbox 1541 5839 1699 5899; x_wconf 83' lang='lat' dir='ltr'><strong>Deut.</strong></span> <span class='ocrx_word' id='word_1_932' title='bbox 1735 5846 1917 5911; x_wconf 72' lang='lat' dir='ltr'><strong>xuii,</strong></span> <span class='ocrx_word' id='word_1_933' title='bbox 1946 5825 2167 5898; x_wconf 27' lang='grc' dir='ltr'><strong>ὁδί-’⁷⁵⁸⁷</strong></span> <span class='ocrx_word' id='word_1_934' title='bbox 2197 5825 2331 5899; x_wconf 70' lang='lat' dir='ltr'><strong>ibid.</strong></span> <span class='ocrx_word' id='word_1_935' title='bbox 2363 5842 2454 5899; x_wconf 77' lang='grc'><strong>21.</strong></span> 
     </span>
    </p>
   </div>
  </div>
