4106 6476
534 387 675 449 1073

1241 382 1328 441 EU
1339 376 1510 440 SEBII
1548 376 2026 439 CESARIENSIS
2057 380 2086 438 C

2193 421 2209 436 .
2238 378 2415 435 PARS
2444 378 2530 435 III.
2574 409 2646 422 --
2682 377 3105 436 EXEGETICA."

3644 376 3785 440 ινδ

531 517 655 575 qua:
683 516 791 556 non
824 507 973 563 sunt,
1000 505 1135 553 utea
1159 512 1282 568 quae
1301 507 1451 562 sunt,
1472 498 1781 553 destrueret
1800 499 1869 551 ⁸³.
1900 519 1920 550 ι
1945 496 2086 552 Prin:

2207 496 2337 566 παρ’
2365 496 2592 560 ἐκείνοις
2618 495 2748 550 ὄντα
2769 497 3118 570 καταργήσῃ·
3159 514 3177 547 ι
3217 496 3299 550 ὅτι
3330 496 3395 568 δὴ
3422 497 3687 570 πρότερον
3721 501 3787 554 ἐκ

532 584 718 668 igitur,
755 595 808 648 in
843 591 1045 664 Moysis
1077 592 1250 662 ipsius
1280 590 1640 661 temporibus,
1673 590 1836 645 idolis
1866 590 2107 646 servien-

531 697 636 751 tes,
668 684 761 747 Dei
802 684 938 739 iram
977 682 1355 741 excitaverunt
1401 690 1455 737 et
1504 691 1961 753 provocaverunt,
2011 697 2104 737 ve-

529 780 878 848 nientemque
906 776 1186 840 Christum
1221 777 1342 845 ejus
1381 791 1491 829 non
1522 783 1886 846 acceperunt;
1914 783 2104 846 gentes

530 879 710 933 autem
739 869 807 923 ab
835 884 900 923 eo
938 869 1003 923 ad
1036 865 1215 922 Patris
1266 864 1469 936 Deique
1515 867 1760 921 omnium
1810 866 2100 922 scientiam

528 960 794 1028 adductae,
846 960 1147 1019 secundum
1201 968 1521 1031 praesentem
1556 962 1920 1032 prophetiam,
1975 977 2100 1018 cum

497 1061 843 1120 _sanctorum
872 1052 992 1121 ejus
1049 1054 1250 1124 populo
1282 1054 1646 1120 laetabuntur;
1676 1053 1958 1110 Christum
2000 1070 2104 1110 au-

530 1152 636 1208 tem
670 1145 1026 1200 firmaverunt
1055 1160 1248 1200 omnes
1277 1145 1370 1199 lilii
1422 1145 1541 1211 Dei,
1573 1155 1627 1202 et
1657 1147 1753 1217 qui
1782 1148 1912 1202 olim
1939 1146 2007 1203 de
2035 1162 2102 1203 eo

527 1237 1011 1321 prophetavernnt,
1037 1243 1093 1291 et
1115 1238 1209 1306 qui
1227 1244 1352 1307 post
1368 1237 1487 1307 ejus
1510 1238 1822 1301 adventum.
1855 1239 2102 1308 adoptio-

524 1328 612 1391 nls
645 1326 900 1401 spiritum
921 1327 1227 1392 consecuti,
1263 1342 1387 1382 eum
1429 1343 1528 1398 per
1563 1328 1872 1384 universam
1896 1336 2099 1382 terram

524 1419 940 1484 nuntiaverunt.
969 1418 1096 1474 Haec
1127 1419 1347 1490 quidem
1389 1417 1457 1474 de
1486 1416 1895 1486 Pentateucho;
1953 1433 2100 1477 nunc

524 1521 654 1575 vero
683 1514 977 1592 sequentes
1008 1507 1305 1591 Scriptura:
1328 1509 1498 1571 libros
1522 1508 1924 1590 aggrediamur.

1076 1709 1323 1782 ,CAPUT
1354 1708 1519 1766 xvn.

1081 1796 1167 1855 Ea:
1183 1801 1348 1856 Josue
1369 1803 1525 1856 libro.

598 1908 618 1949 ι
652 1891 789 1955 Cum
817 1900 996 1949 autem
1027 1903 1172 1949 esset
1205 1892 1374 1949 Josue
1405 1895 1460 1949 in
1489 1909 1622 1967 agro
1668 1894 1823 1951 urbis
1848 1894 2089 1959 Iericho,

522 1985 720 2051 levavit
752 1987 962 2051 oculos,
1006 1993 1061 2042 et
1094 1988 1229 2042 vidit
1272 1988 1454 2042 virum
1490 1994 1728 2043 stantem
1760 1998 1951 2043 contra
2010 2004 2091 2055 se,

517 2076 860 2153 evaginatum
899 2085 1168 2137 tenentem
1192 2078 1455 2149 gladium,
1493 2080 1840 2150 perrexitque
1869 2081 1937 2135 ad
1965 2096 2091 2136 eum

516 2170 571 2229 et
598 2166 708 2219 ait:
735 2164 933 2231 Noster
963 2180 1046 2231 es,
1080 2183 1149 2233 an
1206 2156 1688 2225 adversariorum?
1718 2169 1822 2237 Qui
1862 2187 2092 2242 respon—

516 2252 597 2319 dit
623 2272 635 2309 :
662 2255 1020 2341 Nequaquam
1049 2278 1062 2315 :
1098 2259 1194 2322 sed
1229 2275 1350 2316 sum
1395 2262 1653 2345 princeps
1681 2264 1957 2319 exercitus
1985 2264 2092 2321 Do-

514 2351 668 2417 mini,
703 2358 759 2406 et
791 2366 939 2419 nunc
963 2354 1146 2408 venio.
1179 2353 1391 2411 Cecidit
1432 2353 1598 2412 Josue
1647 2372 1856 2427 pronus
1885 2358 1941 2413 in
1984 2367 2096 2412 ter-

513 2452 653 2505 ram.
687 2441 755 2505 Et
781 2443 1022 2511 adorans
1049 2445 1125 2500 ait
1156 2465 1170 2499 :
1197 2445 1339 2512 Quid
1377 2446 1633 2503 dominus
1660 2463 1815 2504 meus
1849 2449 2096 2521 loquitur

511 2532 581 2598 ad
641 2551 859 2597 servum
913 2537 1115 2592 suum?
1168 2536 1351 2608 Solve,
1404 2539 1616 2610 inquit,
1663 2540 2090 2601 calceamentum

513 2630 666 2691 tuum
724 2627 793 2682 de
855 2628 1086 2709 pedibus
1156 2629 1267 2685 tuis
1320 2648 1333 2685 :
1400 2628 1557 2686 locus
1609 2630 1753 2683 enim
1788 2671 1805 2697 ,
1865 2630 1921 2685 in
1977 2645 2091 2700 quo

513 2724 668 2783 stas,
718 2728 944 2776 sanctus
991 2728 1078 2777 est
1124 2721 1193 2777 ⁶⁰.
1245 2741 1264 2775 ι
1331 2721 1466 2791 Quis
1530 2725 1671 2781 alius
1721 2742 1844 2782 esse
1905 2735 2091 2797 posset

515 2807 766 2883 princeps
831 2812 1112 2884 copiarum
1167 2812 1434 2880 Domini,
1489 2817 1598 2873 nisi
1657 2817 1911 2873 Christus
1972 2816 2086 2882 Dei,

514 2901 754 2959 universi
802 2904 914 2959 dux
970 2908 1149 2962 sancti
1201 2908 1582 2980 spiritalisque
1641 2906 1736 2964 Dei
1772 2910 2092 2966 exercitus?

513 2987 646 3048 l‘lud
696 2995 858 3049 etiam
908 2999 1146 3059 attende.
1203 3012 1386 3055 annon
1425 3000 1567 3055 idem
1623 3001 1943 3073 quivttoysi
1990 3016 2090 3072 per

515 3086 766 3156 angelum
823 3089 1206 3153 manifestatus
1257 3092 1312 3160 in
1359 3100 1542 3148 monte
1571 3108 1638 3161 ex
1697 3094 1833 3166 ipsis
1889 3097 1957 3162 ad
1989 3094 2087 3152 Jo-

2207 586 2315 640 τῶν
2364 588 2530 641 αὑτοῦ
2556 588 2838 652 Μωῦσέως
2869 588 3074 659 χρόνων
3120 588 3358 653 εἰδώλοις
3409 587 3781 661 λατρεύοντες,

2207 680 2302 734 καὶ
2341 681 2433 733 τὸν
2485 679 2617 734 Θεὸν
2675 679 3100 752 παροργίζοντες
3162 680 3257 735 καὶ
3308 679 3781 755 παραζηλοῦντες,

2207 771 2429 827 ὲλθόντα
2486 770 2652 826 αὑτοῦ
2697 773 2789 825 τὸν
2829 773 3062 843 Χριστὸν
3103 774 3203 826 οὐκ
3233 772 3482 839 ἐδέξαντο
3503 790 3516 803 ·
3550 772 3685 827 ἀλλὰ
3715 776 3786 829 τὰ

2208 863 2334 937 ἔθνη
2390 881 2454 934 γε
2494 864 2560 919 δι’
2601 864 2764 919 αὐτοῦ
2803 866 2894 920 τὸν
2938 865 3155 938 Πατέρα
3194 863 3287 918 καὶ
3328 865 3462 919 Θεὸν
3493 864 3602 922 τῶν
3647 865 3785 925 ὅλων

2207 953 2493 1020 ἐπιγνόντα
2547 952 2689 1011 κατὰ
2724 953 2821 1025 τὴν
2846 956 2905 1008 ὲν
2927 956 3082 1026 χερσὶ
3115 955 3450 1026 προφητείαν
3477 955 3786 1029 εὐφρανθή-

2208 1053 2358 1096 σεται
2383 1041 2522 1113 μετὰ
2540 1041 2636 1099 τοῦ
2671 1042 2780 1098 τῶν
2814 1042 2985 1113 ἁγίων
3015 1042 3145 1096 λαοῦ
3192 1042 3357 1097 αὑτοῦ
3383 1059 3397 1073 ·
3429 1043 3521 1098 τὸν
3550 1043 3782 1115 Χριστὸν

2202 1131 2258 1195 δὲ
2293 1132 2388 1194 καὶ
2408 1133 2697 1203 ἐνίσχυσαν
2734 1134 2934 1198 πάντες
2969 1135 3016 1187 οἱ
3048 1133 3156 1187 ulol
3181 1132 3274 1186 τοῦ
3302 1132 3462 1198 Θεοῦ,
3491 1134 3546 1187 οῖ
3560 1151 3621 1188 τε
3651 1136 3785 1209 πρό-

2200 1241 2357 1296 τερον
2386 1224 2455 1278 τὰ
2490 1226 2621 1298 περὶ
2659 1226 2823 1281 αὑτοῦ
2868 1226 3357 1301 προφητεύσαντες,
3391 1228 3487 1280 καὶ
3508 1228 3621 1282 ὅσοι
3644 1229 3785 1301 μετὰ

2198 1314 2297 1385 τὴν
2320 1315 2622 1386 παρουσίαν
2663 1316 2827 1380 αὑτοῦ
2852 1316 2914 1379 τὸ
2957 1315 3173 1391 πνεῦμα
3195 1316 3293 1388 τῆς
3313 1316 3583 1382 υἱοθεσίας
3605 1321 3787 1392 χωρήο

2202 1422 2414 1471 σαντες,
2451 1408 2545 1461 ἐπὶ
2575 1410 2755 1467 πᾶσαν
2796 1408 2959 1473 αὑτὸν
3008 1407 3280 1485 ἐκήρυξαν
3312 1410 3409 1482 τὴν
3435 1412 3781 1483 οἰκουμένην.

2200 1500 2279 1553 Τὰ
2318 1499 2417 1571 μὲν
2446 1499 2510 1572 δὴ
2544 1501 2650 1554 ἀπὸ
2682 1501 2781 1572 τῆς
2802 1500 3170 1579 Πεντατεύχου
3202 1501 3442 1561 τοσαῦτα
3462 1520 3475 1532 ·
3508 1503 3784 1575 μετίωμεν

2199 1592 2257 1652 δὲ
2279 1593 2376 1652 καὶ
2399 1593 2494 1651 ἐπὶ
2524 1594 2623 1657 τὰς
2656 1592 2782 1666 ἑξῆς
2816 1594 3059 1665 Γραφάς.

2727 1705 3123 1760 ΚΕΦΑΛΑΙυΝ
3155 1708 3254 1761 IZ'.

2525 1796 2659 1855 Ἀπὸ
2691 1795 2803 1865 τῆς
2837 1784 2943 1852 τοῦ
2989 1798 3183 1866 Ἰησοῦ
3207 1798 3459 1869 γραφῆς.

2276 1905 2295 1936 ι
2331 1887 2440 1941 Kal
2468 1887 2699 1961 ἐγενήθη
2731 1888 2806 1953 ὡς
2831 1885 2899 1961 ἦν
2940 1889 3144 1961 Ἰησοῦς
3176 1892 3235 1943 ὲν
3277 1890 3505 1963 Ἰεριχὼ,
3527 1893 3622 1945 καὶ
3645 1892 3780 1949 ἀνα-

2199 1976 2402 2048 ϐλέψας
2433 1978 2533 2051 ὁρᾷ
2562 1979 2658 2032 ἄνθ
2668 1998 2848 2052 ρωπον
2877 1980 3146 2051 ἑστηκότα
3167 1983 3449 2036 κατέναντι
3473 1984 3657 2049 αὑτοῦ,
3684 1988 3780 2041 καὶ

2194 2075 2227 2143 ή
2257 2076 2500 2144 ῥομφαία
2530 2074 2850 2145 ὲσπασμένη
2883 2076 2942 2127 ὲν
2972 2076 3038 2149 τῇ
3070 2073 3214 2146 χειρὶ
3243 2074 3426 2129 αὑτοῦ.
3465 2076 3574 2128 Καὶ
3606 2093 3777 2149 προσ,

2196 2164 2365 2218 ελθὼν
2409 2165 2637 2237 Ἰησοῦς,
2678 2162 2852 2231 εἶπεν,
2895 2166 3191 2238 Ἦμέτερος
3233 2161 3303 2233 εἴ,
3336 2168 3369 2237 ἢ
3413 2167 3524 2222 τῶν
3549 2170 3779 2224 ὑπεναν-

2193 2257 2360 2323 τίων;
2399 2259 2509 2311 Kal
2539 2253 2690 2311 εἶπεν
2738 2257 2909 2328 αὑτῷ,
2951 2257 3093 2326 Ἐγὼ
3144 2259 3581 2331 ἀρχιστράτηγος
3618 2261 3779 2315 δυνά-

2198 2367 2344 2420 μεως
2377 2351 2584 2423 Κυρίου
2638 2351 2755 2409 νυνὶ
2801 2351 3174 2423 παραγέγονά.
3202 2352 3314 2405 Kal
3349 2353 3555 2422 Ἰησοῦς
3580 2355 3778 2408 ἔπεσεν

2193 2442 2286 2494 ἐπὶ
2310 2443 2601 2515 πρόσωπον
2623 2444 2717 2496 ἐπὶ
2745 2442 2843 2514 τὴν
2865 2444 2989 2515 γῆν,
3022 2444 3117 2497 καὶ
3138 2439 3288 2497 εἶπεν
3310 2445 3477 2515 αὐτῷ,
3507 2446 3775 2510 Δέσποτα,

2190 2535 2242 2588 τί
2268 2535 2631 2608 προστάσσεις
2658 2534 2738 2606 τῷ
2772 2535 2851 2606 σῷ
2873 2536 3058 2609 οἰκέτῃ
3078 2554 3092 2603 ;
3116 2537 3223 2589 Kal
3243 2536 3391 2606 λέγει
3420 2540 3450 2591 6
3474 2538 3775 2610 άρχιστράη

2191 2645 2360 2699 τηγος
2384 2629 2588 2698 Κυρίου
2620 2629 2759 2700 πρὸς
2791 2626 3016 2698 Ἰησοῦν,
3041 2627 3213 2681 Λύσαι
3239 2626 3303 2681 τὸ
3322 2628 3573 2700 ὑπόδημα
3607 2629 3668 2698 (ί.
3699 2629 3769 2683 14

2183 2721 2268 2786 νο)
2298 2718 2362 2770 ὲκ
2384 2716 2492 2770 τῶν
2526 2717 2699 2771 ποδῶν
2724 2734 2841 2783 σου,
2869 2718 2898 2770 6
2924 2715 3031 2789 γὰρ
3047 2716 3230 2782 τόπος,
3254 2718 3311 2769 ὲν
3341 2711 3386 2785 ᾧ
3414 2718 3478 2770 σὺ
3509 2718 3769 2790 ἕστηκας,

2188 2810 2352 2874 τόπος
2379 2810 2533 2878 ἅγιός
2560 2813 2697 2864 ἐστι.
2740 2830 2759 2862 ι
2793 2809 2902 2862 Kal
2931 2810 3015 2873 τίς
3035 2807 3100 2868 ἂν
3127 2808 3284 2873 me;
3309 2808 3395 2879 εἴη
3422 2810 3451 2862 6
3473 2809 3773 2880 ἀρχιστράο

2187 2915 2355 2969 τηγος
2408 2898 2689 2970 δυνάμεως
2740 2899 2967 2970 Κυρίου,
3002 2898 3036 2970 ἢ
3075 2901 3104 2952 6
3129 2899 3365 2971 Χριστὸς
3420 2898 3514 2955 τοῦ
3553 2899 3710 2964 Θεοῦ,
3741 2901 3773 2954 6

2190 2986 2373 3060 πάσης
2398 2987 2582 3060 ἄρχων
2613 2988 2773 3058 ἁγίας
2797 2991 2891 3042 καὶ
2917 2990 3292 3060 πνευματικῆς
3310 2988 3406 3044 τοῦ
3438 2989 3572 3044 Θεοῦ
3605 3007 3775 3061 στρᾳφ

2186 3080 2344 3145 mag;
2371 3079 2512 3150 Ὅρα
2533 3079 2591 3132 δὲ
2624 3079 2697 3150 μὴ
2727 3081 2775 3132 εί
2797 3080 2887 3133 καὶ
2912 3081 2941 3132 6
2967 3079 3129 3142 αὐτὸς
3150 3082 3179 3134 6
3209 3081 3401 3151 καὶτῷ
3428 3082 3651 3139 Μωῦσεῑ
3676 3081 3769 3136 διὰ

508 3190 608 3238 sue
652 3177 834 3239 verbis
879 3179 1304 3242 demonstratur.
1353 3183 1484 3259 Quae
1531 3186 1674 3239 enim
1733 3187 1861 3251 huic
1912 3203 2081 3256 nunc,

2191 3171 2281 3225 τοῦ
2342 3173 2573 3242 ἀγγέλου
2628 3174 2972 3245 χρηματίσας
3007 3176 3064 3227 ὲν
3098 3174 3176 3245 τῷ
3210 3174 3324 3246 ὄρει
3356 3175 3463 3229 ἀπὸ
3489 3174 3600 3228 τῶν
3628 3175 3771 3256 πρὸς

510 3267 625 3323 htec
650 3275 703 3323 et
725 3269 896 3342 Moysi
923 3272 1174 3340 similiter
1198 3275 1253 3329 in
1283 3276 1461 3346 prima
1486 3275 1555 3331 ad
1583 3292 1706 3332 eum
1732 3277 1946 3336 Domini
1967 3295 2085 3335 ma-

504 3361 861 3431 nifestatione
888 3380 986 3445 per
1018 3367 1269 3436 angelum
1299 3369 1447 3433 dicta
1502 3381 1653 3432 sunt,
1701 3389 1719 3422 ι
1763 3370 1926 3429 Solve
1971 3376 2087 3429 cal-

506 3462 851 3509 ceamentum
882 3464 1034 3511 tuum
1052 3457 1119 3514 de
1148 3461 1376 3530 pedibus
1399 3463 1530 3527 tuis,
1558 3483 1576 3516 ›
1597 3471 1650 3519 et
1673 3475 1887 3522 caetera.
1914 3466 2079 3522 Multa

501 3555 631 3615 sunt
658 3546 880 3608 Christo
912 3549 1003 3606 Dei
1029 3552 1252 3613 nomina
1285 3571 1297 3605 :
1327 3571 1475 3611 nunc
1530 3558 1772 3628 seipsum
1810 3579 1828 3610 ι
1866 3559 2081 3616 Domini

499 3636 776 3705 exercitus
818 3641 1121 3713 principem
1155 3664 1172 3701 ι
1209 3644 1490 3715 declarat;
1554 3657 1719 3718 atque
1778 3650 1832 3715 in
1885 3650 2025 3705 Isaia
2061 3693 2076 3717 ,

504 3742 529 3783 ι
566 3728 745 3799 magni
779 3731 996 3785 consilii
1040 3732 1327 3803 Angelum,
1374 3755 1391 3788 ι
1441 3737 1547 3791 hoc
1586 3738 1643 3793 in
1686 3740 1808 3794 loco
1844 3759 1858 3794 :
1896 3759 1915 3791 ι
1948 3739 2080 3796 0m-

497 3818 586 3880 nis
615 3822 850 3879 violenta
880 3823 1142 3893 praedatio
1182 3826 1286 3888 erit
1328 3828 1382 3882 in
1427 3829 1862 3886 combustionem
1891 3841 1946 3887 et
2001 3833 2076 3887 ci-

494 3911 604 3978 bus
644 3912 803 3984 ignis.
839 3912 1109 3971 Parvulus
1134 3919 1278 3972 enim
1315 3928 1477 3977 natus
1527 3930 1611 3977 est
1640 3923 1821 3987 nobis,
1851 3931 1905 3978 et
1934 3924 2076 3981 ﬁlius

494 4003 657 4066 datus
685 4015 769 4061 est
791 4006 972 4076 nobis,
1006 4016 1061 4067 et
1091 4008 1271 4069 factus
1296 4021 1381 4069 est
1416 4013 1760 4085 principatus
1786 4031 1951 4086 super
1974 4016 2077 4070 hu-

494 4112 706 4162 merum
752 4098 873 4168 ejus
916 4118 930 4159 :
972 4111 1027 4156 et
1069 4103 1352 4160 vocabitur
1400 4121 1597 4169 nomen
1642 4108 1833 4177 ejus...
1891 4110 2074 4179 magni

491 4192 710 4253 consilii
729 4189 969 4263 Angelus
987 4193 1126 4249 ⁶¹·⁶².
1142 4215 1160 4247 ι
1180 4194 1430 4253 Invenies
1446 4207 1500 4252 et
1518 4199 1573 4253 in
1596 4199 1862 4256 Malachia
1894 4201 2073 4270 ipsum

497 4298 517 4340 ι
555 4281 824 4358 Angelum
855 4286 1165 4339 testamenti
1202 4286 1246 4317 ⁸³
1282 4306 1300 4338 ι
1352 4294 1629 4353 vocatum,
1671 4290 1762 4357 ubi
1825 4290 2022 4365 legitur
2053 4305 2066 4340 :

498 4388 520 4424 ι
557 4369 625 4431 Et
670 4373 855 4435 statim
899 4375 1077 4429 veniet
1121 4376 1190 4431 ad
1232 4377 1495 4447 templum
1535 4394 1696 4434 suum
1729 4378 2067 4447 Dnminator,

491 4478 654 4534 quem
699 4481 798 4520 vos
832 4467 1098 4536 quaeritis.
1155 4478 1210 4530 et
1237 4469 1479 4551 Angelus
1527 4474 1861 4546 testamentil
1904 4490 2065 4547 quem

489 4568 589 4622 ros
619 4556 788 4624 vultis
812 4557 878 4613 “.
917 4578 937 4621 ρ

1054 4673 1287 4733 CAPUT
1312 4675 1497 4733 XVIII.

634 4756 679 4814 Ε
696 4762 871 4829 primo
893 4761 1091 4835 Regum
1119 4765 1275 4832 libro,
1311 4783 1377 4821 ea:
1401 4772 1570 4834 Annae
1598 4774 1918 4839 precatione,

562 4867 582 4911 ι
618 4849 885 4917 Dominus
925 4854 1176 4919 ascendit
1204 4855 1261 4911 in
1290 4857 1463 4914 caelos
1498 4866 1552 4913 et
1595 4861 1793 4915 tonuit.
1828 4860 1948 4933 Ipse
1973 4863 2066 4934 ju-

2188 3265 2278 3315 τὸν
2337 3264 2545 3334 Ἰησοῦν
2597 3264 2769 3333 λόγων
2816 3267 3209 3335 ὑποφαίνεται·
3250 3268 3394 3340 άπερ
3433 3267 3541 3340 γὰρ
3586 3268 3769 3341 τούτῳ

2187 3354 2302 3418 νῦν,
2326 3357 2501 3409 ταῦτα
2531 3358 2624 3412 καὶ
2654 3359 3089 3428 Μωῦσεῖόμοίως
3105 3359 3389 3430 ἀρχομένῳ
3414 3360 3511 3430 τῆς
3529 3360 3768 3432 θεωρίας

2187 3449 2323 3520 πρὸς
2353 3449 2446 3510 τοῦ
2491 3451 2695 3521 Κυρίου
2742 3451 2827 3505 διὰ
2868 3451 2962 3504 τοῦ
2998 3452 3227 3522 ἀγγέλου
3260 3453 3475 3525 εἴρηται
3508 3455 3648 3507 κατὰ
3675 3454 3761 3519 τὸ,

2191 3560 2209 3592 ι
2237 3540 2412 3595 Λύσαι
2436 3541 2498 3596 τὸ
2515 3541 2767 3613 ὑπόδημα
2795 3545 2859 3595 ὲκ
2885 3542 2994 3595 τῶν
3010 3542 3186 3596 ποδῶν
3215 3560 3330 3609 σου,
3364 3563 3383 3596 ι
3403 3545 3498 3597 καὶ
3520 3545 3590 3597 τὰ
3611 3544 3757 3616 ἑξῆς.

2184 3633 2544 3706 Πολυὼνυμος
2596 3634 2653 3688 δέ
2705 3652 2790 3700 τις
2821 3636 3080 3707 ὑπάρχων
3120 3638 3148 3690 6
3193 3637 3428 3708 Χριστὸς
3470 3638 3564 3691 τοῦ
3599 3625 3761 3704 Θεοῦ,

2184 3726 2277 3783 νῦν
2296 3746 2315 3779 ι
2344 3728 2803 3800 Ἀρχιστράτηγος
2828 3730 3108 3801 δυνάμεως
3124 3730 3331 3801 Κυρίου
3351 3750 3368 3782 ι
3400 3730 3728 3802 χρηματίζει
3743 3748 3762 3765 ο

2180 3819 2255 3884 ὼς
2273 3819 2367 3873 καὶ
2392 3822 2449 3874 ὲν
2464 3820 2676 3893 Ἡσαΐᾳ.
2701 3841 2719 3871 ι
2735 3822 2975 3894 μεγάλης
3008 3821 3200 3892 βουλῆς
3219 3823 3480 3891 Ἀγγελος
3500 3841 3513 3853 ·
3543 3843 3561 3875 ι
3579 3826 3635 3878 ὲν
3658 3822 3760 3894 τῷ,

2187 3929 2205 3961 ς
2229 3912 2339 3964 Kal
2371 3910 2685 3983 θελήσουσιν
2706 3914 2752 3965 εἰ
2786 3912 3029 3980 ἐγένοντο
3061 3914 3438 3983 πυρίκαυστοι.
3470 3914 3590 3967 ’Ότι
3625 3931 3758 3965 παι-

2179 3999 2287 4055 δίον
2326 4001 2588 4073 ἐγεννήθη
2627 4004 2780 4073 ἡμῖν,
2806 4002 2918 4065 υἱὸς
2958 4002 3051 4055 καὶ
3083 4002 3237 4077 ἐδόθη
3270 4006 3422 4074 ἡμῖν,
3456 3996 3516 4057 οὗ
3549 4004 3581 4074 ή
3611 4003 3775 4075 ἁρχὴ,

2180 4092 2274 4145 ἐπὶ
2303 4092 2397 4146 τοῦ
2448 4092 2598 4165 ὧμου
2648 4095 2834 4159 αὑτοῦ,
2870 4095 2962 4148 καὶ
2995 4095 3238 4162 καλεῖται
3261 4096 3320 4150 τὸ
3346 4095 3516 4166 ὄνομα
3562 4093 3752 4158 αὐτοῦ,

2183 4183 2424 4254 μεγάλης
2458 4171 2654 4255 βουλῆς
2690 4185 2972 4254 Ἄγγελος.
3013 4205 3031 4237 ι
3058 4186 3253 4258 Εὑροις
3300 4185 3344 4239 δ’
3371 4186 3438 4240 ἂν
3473 4184 3567 4239 καὶ
3599 4186 3656 4238 ὲν
3676 4185 3758 4257 τῷ

2176 4274 2433 4347 Μαλαχίᾳ
2460 4262 2478 4327 ι
2510 4276 2771 4344 ’Ἄγγελον
2796 4276 3060 4349 διαθήκης
3095 4298 3114 4329 ι
3147 4277 3305 4331 αὑτὸν
3332 4274 3754 4348 ὀνομαζόμενον,

2177 4364 2306 4418 ἔνθα
2328 4366 2563 4435 λέγεται,
2602 4385 2620 4419 ι
2657 4367 2767 4419 Καὶ
2795 4368 3052 4439 ἐξαίφνης
3072 4368 3191 4440 ἥξει
3210 4370 3290 4432 είς
3317 4368 3406 4422 τὸν
3431 4367 3557 4421 ναδν
3584 4366 3757 4421 αὑτοῦ

2177 4457 2400 4529 Κύριος,
2445 4459 2503 4512 ὃν
2532 4460 2689 4530 ὑμεῖς
2726 4459 2960 4533 ζητεῖτε,
2988 4454 3082 4516 καί
3110 4465 3138 4515 6
3167 4461 3429 4531 Ἀγγελος
3447 4462 3546 4532 τῆς
3567 4460 3757 4533 διαθή-

2100 4566 2145 4625 D
2177 4566 2300 4619 κης,
2326 4550 2385 4603 δν
2417 4552 2575 4624 ὑμεῖς
2607 4552 2809 4608 θέλετε.
2850 4572 2869 4604 ι

2685 4690 3077 4745 ΚΕΦΑΛᾹῘΟΝ
3109 4692 3215 4745 ΙΗ’,

2222 4778 2317 4830 Ἐκ
2348 4775 2455 4845 τῆς
2485 4784 2536 4834 a'
2569 4777 2690 4831 τῶν
2722 4779 3075 4835 Βασιλειῶν.
3114 4778 3227 4847 Τῆς
3255 4779 3444 4851 εὐχῆς
3476 4782 3711 4848 Ἅννας.

2247 4888 2266 4920 ι
2306 4869 2510 4941 Κύριος
2544 4871 2710 4941 ἀνέϐη
2762 4873 2843 4935 εἰς
2880 4873 3181 4943 οὐρανοὺς,
3240 4873 3334 4927 καὶ
3387 4872 3746 4944 ἐϐρόντησεν·

484 4940 691 5010 dicabit
719 4943 857 5010 lines
896 4952 1075 5013 terrae,
1097 4953 1151 5001 et
1180 4946 1333 5011 dabit
1366 4948 1653 5019 imperium
1708 4953 1823 5023 regi
1854 4968 1976 5020 suo,
2009 4963 2065 5009 et

2191 4960 2337 5024 ιὺτὸς
2364 4940 2543 5033 κρινεῖ
2567 4963 2713 5037 ἄκρα
2743 4964 2848 5035 γῆς
2874 5005 2889 5029 ,
2918 4940 3013 5019 καὶ
3050 4962 3210 5018 δώσει
3250 4964 3403 5035 ἰσχὺν
3444 4940 3556 5028 τοῖς
3592 4940 3746 5035 βασι-

483 5034 802 5091 Sublimabit
854 5052 1027 5099 cornu
1072 5037 1277 5101 Christi
1323 5041 1408 5096 sui
1454 5042 1521 5096 “.
1564 5063 1582 5095 ι
1635 5041 1738 5111 Qui
1783 5043 1852 5100 de
1904 5044 2062 5103 caelis

2191 5051 2355 5107 ,εῦσιν
2396 5054 2573 5124 ἡμῶν,
2624 5034 2718 5109 καὶ
2747 5055 2955 5126 ὑψώσει
3000 5056 3168 5128 κέρας
3198 5034 3435 5128 Χριστοῦ
3493 5034 3675 5113 αὐτοῦ.
3717 5076 3734 5107 ι

482 5127 846 5195 descenderat
874 5128 1142 5195 Dominus
1190 5131 1285 5189 Dei
1320 5130 1582 5201 Verbum,
1617 5135 1734 5205 ipse
1778 5152 1973 5192 rursus
2004 5136 2059 5191 in

2178 5145 2235 5198 '0
2270 5146 2518 5215 καταϐάς
2545 5150 2607 5203 ἐκ
2632 5149 2740 5202 τῶν
2776 5148 3020 5221 οὐρανῶν
3054 5149 3256 5220 Κύριος
3282 5152 3311 5203 6
3334 5149 3430 5202 τοῦ
3478 5150 3614 5203 Θεοῦ
3644 5148 3737 5202 Λό-

479 5222 654 5276 caelos
671 5221 952 5288 ascendit;
975 5229 1025 5277 et
1049 5237 1175 5279 cum
1194 5225 1555 5294 ascendisset,
1582 5226 1764 5280 divina
1788 5236 2064 5305 potestate

2191 5254 2282 5303 ὀς,
2314 5240 2478 5300 αὐτὸς
2506 5240 2669 5294 πάλιν
2697 5241 3037 5312 ἀναϐέϐηκεν
3060 5243 3138 5305 είς
3158 5241 3424 5314 οὐρανούς
3444 5258 3458 5271 ·
3495 5242 3589 5295 καὶ
3606 5241 3733 5293 ἀνα-

479 5327 579 5371 sua
626 5313 1001 5384 evangelicum
1054 5316 1307 5371 nuntium
1354 5318 1557 5385 tonuit,
1612 5326 1670 5379 ut
1700 5319 1755 5372 in
1805 5322 2060 5379 universa

2191 5328 2267 5392 ἱάς
2295 5329 2620 5401 ἐϐρόντησεν
2647 5334 2713 5405 τῇ
2733 5332 2873 5402 ,Θείῳ
2901 5333 3095 5388 ἑαυτοῦ
3117 5333 3342 5404 δυνάμει
3375 5332 3436 5385 τὺ
3460 5328 3739 5399 εὐαγγελι-

473 5413 627 5462 terra
655 5408 903 5465 auditum
938 5409 1089 5464 illum
1141 5408 1399 5471 ediceret.
1438 5411 1557 5480 Ipse
1584 5424 1764 5476 autem
1790 5412 2062 5481 judicabit

2169 5419 2263 5472 κὸν
2298 5422 2577 5493 κήρυγμα,
2612 5422 2687 5487 ὡς
2713 5423 3035 5489 ἐξάκουστον
3069 5424 3203 5478 αὐτὸ
3242 5422 3491 5492 γενέσθαι
3534 5422 3591 5474 έν
3630 5419 3741 5490 ὂλῳ

476 5497 615 5554 ﬁnes
648 5508 808 5555 terra
836 5508 892 5557 et
933 5508 1203 5573 quotquot
1256 5504 1402 5559 intra
1455 5519 1551 5559 eos
1604 5504 1873 5572 habitant,
1907 5511 2057 5573 omni

2191 5510 2245 5583 τῷ
2280 5511 2468 5582 κόσμῳ
2489 5530 2503 5544 ·
2533 5514 2695 5579 αὐτὸς
2723 5515 2780 5569 δὲ
2814 5519 2988 5589 κρινεί
3017 5517 3164 5589 ἄκρα
3194 5517 3297 5588 γῆς
3340 5518 3438 5571 καὶ
3464 5514 3587 5577 τοὺς
3638 5511 3743 5584 μέ·-

470 5583 690 5671 iudicid
732 5604 764 5653 a
811 5587 973 5651 Patre
1024 5599 1268 5662 accepto.
1326 5589 1432 5647 Sed
1481 5592 1646 5651 etiam
1684 5593 1854 5651 robur
1902 5594 2055 5660 dedit

2191 5618 2255 5673 [ρι
2286 5603 2490 5658 τούτων
2526 5607 2829 5674 οἰκοῦντας,
2854 5583 2941 5673 ’ὡς
2966 5583 3145 5664 πᾶσαν
3173 5583 3411 5679 είληφὼς
3438 5608 3538 5679 τὴν
3562 5583 3746 5678 κρίσιν

547 5745 591 5776 ⁸³
632 5743 651 5796 I
684 5744 810 5804 Cur.
868 5761 907 5811 1.
943 5746 1032 5811 27.

1148 5749 1191 5779 ⁶⁰
1229 5744 1344 5809 Jos.
1396 5765 1448 5816 ν,
1506 5749 1688 5816 15-16.

472 5831 548 5881 υ,
594 5815 674 5875 IQ.

1796 5751 1912 5791 ’Μ’
1954 5750 2056 5820 lsa.
2116 5770 2203 5825 ut,
2266 5759 2318 5815 5.

2427 5761 2470 5791 “
2510 5761 2736 5823 Halach.
2793 5779 2883 5829 tu,
2942 5764 2991 5818 Ι.
3097 5764 3141 5803 ⁸⁵
3196 5764 3327 5825 ibid.
3433 5765 3477 5802 ⁸⁸⁵
3531 5765 3548 5819 I
3606 5760 3739 5833 Reg.
