4106 6420
316 416 453 472 1077

1331 403 1625 460 ΕΟΕΟΩτΕ
1668 397 2155 458 ΡΒΟΡΗΕΤΙΟᾸΕ.
2196 423 2240 438 -ι
2302 395 2413 450 LlB
2475 393 2518 449 1.

3419 372 3552 429 1078
3588 348 3592 357 ’

317 526 466 598 παρά
492 522 587 577 τοῦ
626 521 868 591 Πατρός’
895 519 1029 573 ἀλλά
1071 518 1164 571 καὶ
1191 516 1388 570 ἔδωκεν
1423 518 1573 587 ἰσχὺν
1613 520 1725 580 τοῖς
1759 518 1883 569 ἑαυ-

1989 512 2266 581 discipulis
2287 508 2425 570 suis,
2456 502 2719 576 apostolis
2751 506 2806 554 et
2853 491 3154 566 prophetis,
3184 487 3279 560 qui
3313 503 3411 542 nos
3464 502 3552 538 re-

314 618 409 672 τοῦ
458 616 557 688 μὲν
615 613 902 684 μαθηταῖς,
937 610 1253 673 ἀποστόλοις
1309 627 1368 662 τε
1420 608 1516 662 καὶ
1562 609 1886 680 προφήταις,

316 709 476 781 ήμῶν
505 699 891 776 δὲ’βάσιλεῦσι,
922 703 1017 756 καὶ
1045 701 1228 772 ὑψωσε
1258 702 1320 756 τὸ
1340 702 1510 775 κέρας
1529 699 1624 754 τοῦ
1653 699 1886 773 Χριστοῦ

317 798 503 858 αὑτοῦ,
537 797 657 867 ἦτοι
704 793 799 849 τοῦ
824 791 986 857 -λαοῦ,
1043 795 1245 864 μετοχῇ
1285 791 1381 845 τοῦ
1437 787 1674 864 Χριστοῦ
1717 788 1888 853 οὕτως

317 887 740 962 ὀνομαζομένου,
788 886 821 957 ἢ
845 881 906 941 οὗ
938 884 1224 956 ἀνείληφεν
1249 882 1605 955 ἀνθρωπίνου,
1634 874 1695 936 οὗ
1721 881 1888 952 κέρας

316 979 385 1053 ἦν
414 983 448 1051 ἡ
475 979 664 1050 θεότης
683 978 956 1049 ὑψωθείσα
982 975 1123 1031 κατὰ
1148 976 1239 1029 τὸν
1268 975 1411 1046 ἱερὸν
1425 973 1764 1028 Ἀπόστολον·
1793 972 1888 1027 καὶ

315 1077 375 1128 ἐν
402 1071 744 1145 ὀγδοηκοπῷ
773 1070 831 1124 δὲ
860 1069 1029 1140 ὀγδόῳ
1060 1067 1261 1139 ψαλμῷ
1286 1067 1472 1136 σαφῶς
1497 1066 1559 1119 τὸ
1597 1065 1884 1137 παραπλή-

315 1182 427 1219 σιον
453 1163 534 1235 τῷ
566 1163 749 1217 ἐνθάδε
776 1163 906 1234 περὶ
926 1160 1019 1215 τοῦ
1044 1158 1280 1232 Χριστοῦ
1308 1163 1337 1214 ὀ
1355 1159 1486 1219 Θεός
1515 1175 1697 1230 φησιν,
1729 1176 1749 1208 ι
1777 1159 1886 1210 Καὶ

311 1258 369 1310 ὲν
396 1255 475 1327 τῷ
508 1254 729 1326 ὀνόματί
765 1271 865 1325 μου
890 1252 1232 1324 ὑψωθήσεται
1260 1250 1322 1304 τὸ
1346 1251 1515 1323 κέρας
1541 1250 1729 1307 αὐτοῦ.
1775 1271 1795 1306 3

834 1343 1227 1395 ΚΕΦΑΛΑΙΟΝ
1265 1340 1364 1394 ΙΘ’.

382 1453 402 1485 ι
440 1433 559 1487 Καὶ
587 1428 748 1504 ἦλθεν
777 1432 1060 1503 ἄνθρωπος
1087 1430 1222 1485 Θεοῦ
1253 1430 1388 1502 πρὸς
1414 1430 1580 1493 Ἠλεὶ,
1598 1430 1693 1483 καὶ
1709 1425 1883 1493 εἶπεν,

309 1527 448 1581 Τάδε
486 1527 637 1595 λέγει
667 1525 869 1596 Κύριος
888 1524 1090 1592 Κύριος
1109 1539 1121 1551 ο
1155 1542 1173 1574 3
1202 1524 1294 1576 καὶ
1315 1523 1373 1576 ὲν
1399 1524 1510 1586 τοῖς
1532 1521 1656 1592 ἑξῆς
1682 1540 1694 1552 ·
1732 1540 1751 1571 ι
1779 1522 1886 1574 Καὶ

308 1619 606 1690 ἀναστήσω
647 1616 869 1689 ἐμαυτῷ
907 1617 1058 1687 ἱερέα
1095 1616 1302 1679 πιστὸν,
1338 1614 1397 1677 ὃς
1427 1614 1604 1667 πάντα
1636 1613 1703 1667 τά
1731 1615 1789 1666 ὲν
1817 1616 1882 1684 τῇ

310 1713 515 1785 καρδίᾳ
554 1730 655 1783 μου
675 1711 862 1765 καὶτὰ
895 1712 952 1763 ὲν
971 1712 1036 1780 τῇ
1069 1707 1215 1777 ψυχῆ
1249 1724 1351 1778 μου
1389 1707 1640 1778 ποιήσει’
1678 1706 1770 1759 καὶ
1801 1707 1883 1758 οἱ-

312 1804 601 1876 κοδομήσω
628 1803 776 1874 αὐτῷ
814 1797 960 1856 οἷκον
996 1800 1205 1861 πιστὸν,
1252 1798 1345 1852 καὶ
1371 1797 1699 1851 διελεύσεται
1751 1797 1883 1850 ὲνώ-

312 1914 436 1951 πιον
460 1896 699 1969 Χριστοῦ
724 1913 823 1969 μου
856 1895 1036 1958 πάσας
1062 1892 1161 1958 τὰς
1186 1893 1402 1964 ἡμέρας
1426 1907 1441 1920 ο
1475 1890 1572 1945 καὶ
1598 1890 1752 1944 ἔσται
1781 1892 1887 1953 πᾶς
1920 1881 1960 1935 Β

310 1990 339 2041 ὀ
366 1987 709 2061 περισσεύων
739 1989 797 2041 ὲν
826 1986 960 2058 οἴκῳ
991 1985 1110 2056 ἥξει
1154 1982 1474 2056 προσκυνῶν
1519 1981 1667 2053 αύτῷ
1700 1981 1887 2036 ὀϐολοῦ

312 2080 603 2153 ἀργυρίου,
638 2078 730 2133 καὶ
765 2080 822 2131 ὲν
847 2077 999 2150 ἄρτῳ
1022 2076 1131 2138 ἑνὶ,
1150 2075 1344 2144 λέγων,
1364 2074 1681 2146 Παράριψόν
1709 2091 1774 2143 με
1798 2074 1888 2126 ἐπὶ

316 2171 446 2243 μίαν
474 2170 587 2224 τῶν
613 2169 892 2240 ίερατείων
919 2184 1012 2220 σου
1037 2168 1231 2235 φαγεῖν
1253 2165 1438 2236 ἄρτον.
1475 2183 1494 2215 3
1520 2164 1708 2226 Οὐδεὶς
1733 2163 1890 2227 ἄλλος

245 2295 248 2299 ~
312 2263 347 2335 ἢ
381 2263 542 2333 μόνος
588 2264 616 2314 ὁ
677 2259 819 2314 κατὰ
847 2259 944 2330 τήν
975 2258 1128 2323 τάξιν
1177 2256 1508 2328 Μελχισεδὲκ
1562 2257 1740 2327 ἱερεὺς
1794 2255 1888 2309 τοῦ

313 2352 451 2407 Θεοῦ
482 2353 576 2406 τοῦ
603 2352 828 2422 ὑψίστου
875 2349 1082 2421 Ἰησοῦς
1113 2349 1343 2421 Χριστὸς
1385 2350 1415 2403 ό
1461 2347 1652 2419 Σωτὴρ
1696 2346 1886 2417 ήμῶν,

313 2447 373 2499 ὃν
405 2464 423 2497 ι
444 2444 642 2516 ἔχομεν
666 2444 924 2515 ἀρχιερέα
956 2444 1148 2514 μέγαν,
1189 2463 1207 2495 3
1238 2441 1381 2496 κατά
1416 2440 1508 2494 τὸν
1543 2440 1886 2504 Ἀπόστολον,

320 2557 338 2588 ι
378 2536 723 2607 διεληλυθότα
747 2536 870 2599 τοὺς
895 2536 1179 2607 οὐρανοὺς,
1220 2555 1237 2586 3
1277 2534 1453 2588 πάντα
1474 2534 1543 2587 τὰ
1573 2535 1631 2586 ὲν
1651 2535 1715 2604 τῇ
1754 2550 1889 2602 καρ-

314 2626 403 2697 δίᾳ
429 2625 524 2679 τοῦ
551 2626 763 2696 Πατρός
790 2624 1090 2695 πεποίηκεν
1123 2641 1142 2673 ι
1176 2624 1414 2694 ὑπήκοος
1448 2621 1598 2692 αὐτῷ
1635 2621 1887 2691 γενέσθαι

317 2718 484 2788 μέχρι
527 2717 622 2769 καὶ
657 2715 924 2769 θανάτου·
956 2734 975 2766 3
1014 2714 1136 2768 ὅθεν
1174 2714 1268 2767 καὶ
1297 2714 1609 2784 ἀναστήσας
1644 2714 1805 2767 αὑτὸν
1859 2715 1888 2767 ό

315 2808 527 2880 Πατὴρ,
562 2808 912 2878 οἰκοδόμησεν
949 2804 1097 2877 αὐτῷ
1127 2802 1274 2859 οἷκον
1302 2806 1512 2871 πιστὸν,
1536 2805 1636 2876 τὴν
1656 2806 1721 2858 ὲκ
1745 2806 1889 2874 λογι-

314 2899 426 2954 κῶν
451 2901 546 2956 καὶ
585 2899 803 2965 ζώντων
838 2901 931 2954 καὶ
957 2899 1162 2953 πιστῶν
1192 2899 1267 2964 ὡς
1305 2899 1518 2970 ἀληθῶς
1563 2896 1725 2951 λίθων
1762 2916 1887 2952 συν-

311 2994 557 3049 εστῶσαν
590 2994 912 3064 Ἐκκλησίαν
932 3011 946 3024 ·
974 2993 1148 3065 τούτῳ
1173 2993 1231 3047 δὲ
1262 2994 1356 3046 καὶ
1380 2992 1627 3063 ἔρχονται
1650 3009 1890 3065 προσκυ-

310 3086 422 3139 νεῖν
455 3086 506 3138 01
544 3084 930 3148 πιστεύσαντες
968 3086 1049 3148 είς
1084 3084 1264 3149 αὑτὸν,
1297 3083 1482 3136 ὀϐολοῦ
1518 3082 1780 3154 ἀργυρίου
1814 3081 1889 3153 μὴ

1987 576 2142 674 ειιιιι,
2194 609 2248 657 et
2287 598 2603 657 sublimavit
2643 606 2819 647 cornu
2853 585 3055 641 Christi
3101 582 3207 645 sui,
3244 596 3339 635 seu
3370 576 3553 648 populi

1990 695 2098 761 sui,
2134 691 2338 749 Christi
2378 690 2449 745 ob
2488 682 2927 742 communionem
2988 676 3068 730 sic
3098 669 3383 731 nominati,
3440 667 3555 722 sive

1987 759 2151 854 quam
2182 781 2394 851 accepit
2422 773 2802 834 humanitatis,
2841 768 3001 836 cujus
3032 780 3201 819 cornu
3227 766 3343 816 erat
3379 759 3552 812 deitas

1990 852 2280 934 sublimata
2296 870 2597 928 secundum
2615 874 2865 923 sanctum
2887 857 3223 929 Apostolum.
3247 852 3313 906 Et
3334 855 3385 905 in
3404 855 3522 903 octa
3534 876 3554 887 -

1986 983 2056 1023 vo
2081 974 2136 1023 et
2161 964 2495 1034 octogesimo
2517 958 2727 1030 psalmo
2758 950 3047 1007 manifeste
3077 947 3191 1001 haec
3217 941 3406 998 eadem
3439 938 3550 1034 fere

1986 1058 2054 1113 de
2079 1027 2465 1111 Christo'Deus
2491 1027 2625 1102 dicit
2661 1066 2674 1099 :
2714 1062 2731 1094 ι
2772 1041 2838 1095 Ει
2860 1040 2916 1094 in
2960 1038 3178 1093 nomine
3204 1047 3326 1088 meo
3346 1027 3552 1086 exalta-

1987 1149 2136 1206 bitur
2160 1160 2334 1202 cornu
2364 1143 2484 1213 ejus
2509 1141 2574 1192 “.
2609 1158 2627 1191 3

2566 1329 2792 1387 CAPUT
2824 1325 2967 1382 XIX.

2059 1469 2077 1501 ι
2102 1448 2262 1503 Venit
2287 1452 2465 1500 autem
2495 1444 2580 1496 vir
2610 1440 2706 1496 Dei
2733 1439 2800 1493 ad
2830 1436 2947 1492 Heli
2978 1441 3033 1490 et
3063 1434 3137 1487 ait
3157 1431 3223 1485 ad
3239 1445 3394 1485 eum:
3426 1426 3553 1481 Haec

1985 1542 2117 1598 dicit
2172 1539 2435 1594 Dominus
2479 1531 2892 1604 :Numquid‘h
2931 1570 2945 1582 .
2992 1569 3006 1582 .
3051 1566 3065 1579 .
3114 1533 3169 1579 et
3219 1524 3275 1577 in
3321 1522 3389 1578 iis
3429 1536 3551 1591 qua:

1985 1823 2039 1870 et
2058 1811 2337 1869 aediﬁcabo
2365 1810 2415 1865 ei
2445 1809 2666 1864 domum
2700 1806 2930 1870 ﬁdelem,
2952 1811 3007 1858 et
3045 1798 3345 1855 ambulabit
3367 1810 3551 1852 coram

1987 1906 2205 1962 Christo
2253 1918 2375 1958 meo
2418 1899 2634 1956 eunetis
2684 1898 2913 1953 diebus:
2951 1894 3193 1949 futurum
3232 1897 3317 1947 est
3348 1899 3551 1949 autem,

1989 1997 2389 2067 utquicunque
2436 1990 2765 2047 remanserit
2813 1989 2868 2041 in
2918 1986 3082 2042 domo
3129 1997 3248 2045 sua,
3293 1981 3469 2035 veniat
3499 1987 3556 2032 ut

1988 2096 2176 2144 oretur
2214 2099 2315 2157 pro
2358 2099 2446 2146 eo,
2477 2089 2532 2137 et
2582 2080 2779 2135 oﬂ‘erat
2820 2090 3103 2132 nummum
3137 2080 3474 2144 argenteum,
3502 2076 3556 2123 et

1986 2184 2188 2233 tortam
2236 2174 2415 2247 panis,
2443 2171 2734 2240 dicatque:
2788 2166 3010 2221 Dimitte
3050 2178 3155 2227 me,
3188 2162 3437 2223 obsecro,
3487 2158 3554 2212 ad

1987 2285 2153 2325 unam
2182 2275 2394 2338 partem
2423 2260 2836 2325 sacerdotalem,
2869 2265 2928 2312 ut
2942 2254 3223 2312 comedam
3252 2250 3553 2306 buccellam

1987 2361 2262 2432 panis“.3
2296 2357 2468 2414 Nemo
2502 2356 2644 2410 alius
2672 2352 2780 2407 nisi
2817 2350 2967 2406 solus
2989 2344 3288 2404 secundum
3307 2342 3553 2398 ordinem

1990 2449 2393 2507 Melchisedech
2424 2445 2686 2503 sacerdos
2715 2441 2805 2496 Dei
2838 2437 3095 2494 altissimi
3125 2434 3284 2491 Jesus
3304 2432 3555 2488 Christus

1991 2542 2241 2599 Salvator
2267 2547 2480 2603 noster,
2520 2552 2682 2608 quem
2740 2551 2758 2581 α
2782 2533 3046 2588 habemus
3088 2526 3402 2583 Pontiﬁcem
3448 2538 3557 2576 ma-

1989 2650 2211 2707 gnum,3
2255 2632 2554 2688 secundum
2576 2626 2920 2699 Apostolum,
2960 2641 2978 2674 ‹
3004 2620 3099 2693 qui
3122 2616 3423 2689 penetravit
3443 2630 3557 2670 cce-

1989 2704 2073 2779 los
2096 2725 2197 2789 “,3
2234 2722 2470 2791 fecitque
2497 2718 2682 2775 omnia
2712 2731 2834 2787 qua:
2873 2713 3021 2767 Patri
3058 2710 3211 2766 cordi
3235 2715 3412 2770 erant,
3440 2724 3459 2756 ι
3483 2704 3557 2760 fa-

1990 2824 2115 2871 ctus
2166 2814 2428 2870 obediens
2460 2827 2633 2880 usque
2676 2808 2744 2861 ad
2795 2804 3161 2868 mortem";3
3196 2802 3340 2856 unde
3372 2798 3556 2860 Pater,

1990 2922 2114 2964 eum
2159 2920 2284 2959 cum
2320 2903 2606 2966 erexisset,
2636 2899 2926 2954 aedificavit
2975 2896 3025 2951 ei
3073 2894 3290 2948 domum
3323 2888 3556 2955 ﬁdelem,

1991 2993 2346 3052 constitutam
2398 2990 2650 3047 videlicet
2716 2986 3082 3042 rationalibus
3135 2980 3557 3048 viventibusque

1991 3106 2055 3146 ac
2111 3105 2241 3146 vere
2289 3087 2541 3144 ﬁdelibus
2601 3084 2876 3155 lapidibus
2948 3080 3249 3136 Ecclesiam
3282 3079 3349 3132 7?.
3403 3077 3559 3130 Hunc

311 3175 390 3247 (Γ.
420 3176 523 3247 15)
555 3176 1035 3249 ἀποστρεφομένου
1063 3176 1272 3248 (όμενοι
1293 3176 1311 3247 )
1335 3215 1350 3241 ,
1387 3176 1526 3247 μήτε
1564 3174 1888 3247 σωματικῶς

1994 3183 2279 3238 adoratum
2308 3181 2528 3237 venient
2556 3178 2651 3249 qui
2682 3178 2738 3233 in
2771 3192 2897 3233 eum
2930 3173 3299 3236 crediderunt,
3337 3167 3545 3224 nummi

303 3266 410 3340 τὴν
441 3268 531 3322 τὸν
562 3267 862 3339 κοδράντην
893 3268 972 3330 είς
1000 3268 1098 3338 τὴν
1125 3266 1233 3321 τῶν
1260 3266 1529 3338 δεομένων
1571 3266 1889 3341 ἐπικουρίαν

1995 3275 2241 3348 argentei
2285 3289 2394 3328 non
2452 3272 2833 3337 immemores;
2892 3284 3068 3338 neque
3105 3265 3255 3322 enim
3294 3276 3560 3333 corpora-

301 3357 773 3427 συνεισφέρουσαν
795 3358 993 3433 χήραν,
1025 3358 1164 3428 μήτε
1194 3356 1299 3429 μὴν
1338 3358 1480 3412 κατά
1526 3357 1763 3412 διάνοιαν
1792 3358 1892 3427 τὴν

306 3448 408 3502 ἐπὶ
434 3448 601 3519 μόνην
626 3448 724 3519 (ῃ)
757 3450 823 3519 τῇ
858 3448 1038 3510 πίστει
1064 3448 1459 3520 ἐρηρεισμένην
1485 3448 1663 3518 ψυχὴν
1681 3488 1696 3512 ,
1720 3449 1754 3519 ἢ
1791 3448 1891 3519 τὴν

312 3538 457 3594 κατὰ
488 3537 713 3609 δύναμιν
737 3538 846 3592 τῶν
883 3538 1086 3609 νοητῶν
1118 3539 1287 3609 αὐτῆς
1308 3540 1661 3611 ὑπαρχόντων
1680 3556 1891 3593 συνεισ-

313 3630 583 3698 φέρουσαν
614 3628 682 3682 τά
708 3631 788 3693 εἰς
840 3629 939 3699 τὴν
965 3628 1073 3682 τῶν
1101 3629 1303 3685 λοιπῶν
1349 3630 1636 3702 οἰκοδομήν
1680 3646 1740 3684 τε
1796 3631 1890 3684 καὶ¹

312 3719 580 3791 ὠφέλειαν
613 3720 1027 3792 συμϐαλλόμενα
1051 3736 1065 3751 ⁸
1104 3722 1175 3775 τά
1212 3722 1263 3791 γ’
1298 3718 1393 3775 οὖν
1429 3740 1448 3773 ι
1490 3720 1648 3793 μωρά
1662 3720 1757 3774 τοῦ
1797 3721 1891 3775 κό-

317 3828 455 3882 σμου
489 3808 770 3878 ἐξελέξατο
806 3830 825 3863 3
858 3811 952 3865 καὶ
983 3811 1049 3866 τά
1079 3811 1280 3883 ἀσθενῆ
1306 3812 1399 3865 καὶ⁹
1418 3813 1627 3882 πτωχὰ,
1652 3812 1747 3864 καὶ
1773 3829 1792 3863 d
1820 3811 1891 3864 τὰ

312 3905 724 3978 ἐξουθενημένα,
755 3906 846 3959 καὶ
865 3904 935 3958 τά
963 3905 1037 3978 μὴ
1058 3906 1186 3959 ὄντα
1219 3924 1238 3958 3
1280 3905 1353 3977 μὴ
1374 3904 1748 3976 ὑπερφρονῶν,
1787 3923 1891 3977 μη·-

309 3994 369 4048 δὲ
416 3994 516 4058 τὰς
548 3994 759 4048 τοιάσδε
790 3994 965 4065 ψυχάς
988 4013 1001 4026 ο
1035 3995 1150 4049 ἀλλ’
1194 3989 1280 4049 οἷα
1324 3995 1700 4067 φιλάνθρωπος
1754 3995 1889 4049 Θεοῦ

310 4088 486 4156 Λόγος
506 4086 601 4141 καὶ
623 4088 826 4150 ταύτας
870 4087 1262 4159 ἀποδεχόμενος
1317 4089 1417 4159 τῆς
1458 4087 1784 4160 προθυμίας,
1824 4087 1890 4152 ἃς

310 4181 409 4234 καὶ
440 4180 620 4252 κρίσει
647 4179 769 4251 θείᾳ
799 4180 937 4234 κατά
976 4180 1076 4250 τὴν
1107 4179 1262 4244 ἀξίαν
1313 4181 1373 4235 ὲν
1400 4181 1674 4252 διαφόροις
1704 4184 1890 4253 μοναίς

309 4271 422 4325 τῶν
455 4271 736 4344 ίερατείων
768 4270 933 4326 αὑτοῦ
979 4271 1344 4337 κατατάσσει,
1381 4273 1474 4327 τοῦ
1519 4275 1645 4345 παρ’
1694 4273 1888 4326 ἑαυτοῦ

307 4361 479 4432 ἄρτου
513 4364 612 4434 τῆς
641 4363 809 4418 ἀϊδίου
839 4363 983 4435 ζωῆς
1013 4364 1284 4429 καταξιῶν
1309 4366 1498 4430 αὑτάς.
1532 4366 1605 4419 Τὸ
1632 4366 1690 4420 δὲ
1727 4385 1746 4417 ι
1780 4366 1891 4419 Kal.

307 4451 644 4507 διελεύσεται
665 4454 891 4509 ἐνώπιον
911 4435 1148 4529 Χρῖστοῦ
1178 4474 1277 4527 μου
1298 4457 1477 4521 πάσας
1499 4457 1597 4523 τὰς
1621 4459 1852 4530 ἡμέρας,
1867 4479 1885 4511 3

1990 3369 2117 3424 liter
2149 3367 2510 3439 quadrantem
2560 3364 2615 3419 in
2669 3360 3108 3418 necessariorum
3134 3357 3398 3413 auxilium
3429 3370 3563 3409 con-

1994 3458 2262 3514 ferentem
2311 3455 2556 3519 viduam,
2579 3454 2647 3517 ",
2695 3467 2874 3522 neque
2918 3450 3241 3520 spiritaliter
3288 3446 3389 3502 soli
3438 3445 3562 3500 ﬁdei

1991 3548 2239 3603 innixam
2270 3546 2533 3611 animam,
2558 3543 2648 3599 vel
2679 3541 2982 3597 secundum
3015 3538 3341 3610 spiritalium
3384 3535 3561 3590 bono-

1990 3655 2113 3694 rum
2146 3639 2461 3694 facultatem
2492 3644 2820 3691 eaeterorum
2854 3631 3204 3688 aediﬁcationi
3244 3637 3297 3686 et
3340 3629 3559 3684 utilitati

1989 3733 2397 3796 consulentem;
2451 3732 2659 3785 «stulta
2706 3746 2725 3778 3
2773 3727 2958 3797 igitur,
3006 3742 3025 3775 ι
3083 3721 3272 3776 mundi
3311 3722 3474 3793 elegit
3505 3731 3561 3776 et

1991 3822 2207 3876 inﬁrma
2233 3840 2253 3871 3
2280 3827 2337 3875 et
2365 3818 2569 3889 inepia,
2598 3823 2653 3872 et
2677 3815 2806 3870 vilia
2836 3832 2855 3865 ι
2882 3821 2937 3868 et
2965 3825 3087 3883 quae
3133 3824 3242 3865 non
3269 3810 3507 3875 erant",
3535 3828 3552 3860 3

1990 3925 2335 3983 nequaquam
2367 3918 2751 3972 contemnens,
2785 3921 2964 3976 neque
2993 3904 3133 3959 tales
3171 3901 3414 3967 animas;
3463 3900 3558 3955 sed

1991 4012 2051 4061 ut
2089 4001 2548 4058 humanissimum
2595 3999 2688 4055 Dei
2734 3995 2976 4052 Verbum
3000 3997 3081 4051 eis
3116 3993 3417 4050 studiosam
3463 4006 3558 4046 vo-

1992 4097 2257 4151 luntatem
2285 4093 2609 4165 gratulans;
2638 4105 2777 4161 quas
2806 4101 2859 4145 et
2903 4088 3090 4143 divino
3131 4085 3341 4157 judicio
3392 4083 3556 4154 digne

1992 4190 2051 4246 in
2102 4188 2338 4245 diversis
2357 4185 2652 4242 sacerdotii
2710 4183 2795 4241 sui
2850 4181 3074 4237 sedibus
3114 4179 3367 4244 collocat,
3425 4192 3557 4232 suos

1990 4291 2209 4341 aeternae
2252 4281 2379 4337 vita:
2412 4295 2580 4351 panes
2632 4277 2713 4333 eis
2768 4273 3107 4346 impertiens.
3179 4288 3199 4321 ι
3249 4257 3563 4325 Ambulabit

1993 4389 2180 4429 coram
2209 4370 2431 4427 Christo
2463 4384 2586 4424 meo
2613 4366 2828 4421 cunctis
2870 4362 3163 4427 diebus";
3190 4380 3207 4413 3
3251 4363 3319 4416 de
3352 4361 3558 4415 sanctis

1992 4465 2085 4535 qui
2115 4465 2171 4518 in
2206 4461 2454 4517 Ecclesia
2491 4465 2641 4523 sunt,
2677 4457 2899 4520 dicitur,
2927 4454 3153 4510 christis
3188 4462 3241 4508 et
3287 4451 3423 4521 ipsis
3467 4466 3562 4505 eo-

309 4543 445 4616 περὶ
471 4543 580 4599 τῶν
610 4544 782 4613 ἁγίων
804 4545 912 4599 τῶν
942 4548 1000 4599 ὲν
1022 4549 1088 4617 τῇ
1134 4547 1429 4620 Ἐκκλησία
1467 4547 1680 4620 εἴρηται
1700 4589 1715 4613 ,
1768 4567 1889 4625 χρι-

1994 4554 2348 4627 gnominatis,
2375 4551 2676 4607 secundum
2705 4548 2867 4602 illud:
2906 4564 2925 4599 ί
2948 4545 3126 4600 Nolite
3153 4551 3382 4615 tangere
3425 4541 3567 4597 chri—

309 4633 458 4687 στῶν
482 4634 576 4687 καὶ
602 4633 779 4687 αὐτῶν
808 4640 1362 4710 προσαγορευομένων
1386 4679 1400 4704 ,
1436 4639 1577 4693 κατὰ
1621 4640 1680 4693 τὸ
1699 4679 1713 4701 ,
1744 4660 1763 4692 ι
1796 4641 1886 4712 Μὴ

1995 4654 2111 4702 stos
2165 4660 2316 4699 meos
2345 4644 2445 4696 ".3
2509 4640 2606 4695 His
2643 4640 2790 4693 enim
2832 4653 2862 4692 a
2905 4634 3187 4700 Salvatore
3232 4635 3436 4690 dictum
3471 4643 3556 4689 est

310 4723 526 4797 ἆψησθε
560 4725 667 4780 τῶν
714 4727 950 4798 χριστῶν
986 4730 1085 4798 μοῦ
1112 4747 1124 4760 '
1165 4750 1183 4781 3
1225 4730 1435 4795 τούτοις
1468 4731 1576 4804 γὰρ
1609 4731 1748 4804 πρὸς
1792 4732 1886 4785 τοῦ

312 4817 567 4889 Σωτῆρος
597 4817 812 4887 ἐλέγετο
837 4819 931 4873 καὶ
958 4821 1016 4872 ὲν
1045 4820 1121 4893 τῷ
1157 4823 1493 4895 Εύαγγελίῳ,
1525 4843 1544 4875 ι
1591 4824 1741 4889 Ἰδοὺ,
1775 4823 1887 4893 ἐγὼ

316 4908 435 4978 μεθ’
457 4909 611 4981 ὑμῶν
643 4911 760 4982 εἰμι
787 4911 966 4976 πάσας
987 4911 1084 4977 τὰς
1131 4914 1365 4986 ἡμέρας,
1396 4915 1502 4979 ἕως
1551 4914 1653 4986 τῆς
1698 4932 1887 4969 συντε-

311 4999 459 5063 λείας
478 5000 571 5054 τοῦ
592 5001 807 5065 αἰῶνος.
844 5021 861 5052 3
896 5002 1144 5068 Πλείονος
1173 5005 1230 5058 δὲ
1283 5007 1580 5074 σαφηνείας
1619 5006 1887 5076 δεομένων

1994 4736 2049 4791 in
2106 4732 2433 4804 Evangelio:
2473 4729 2656 4785 «Ecce
2702 4743 2803 4800 ego
2849 4726 3133 4783 vobiscum
3182 4740 3304 4781 sum
3346 4723 3561 4778 cunctis

1995 4828 2194 4883 diebus
2242 4840 2417 4895 usque
2451 4824 2507 4878 in
2535 4820 3066 4878 consummationem
3097 4816 3364 4875 saeculi".
3394 4835 3413 4867 3
3466 4814 3562 4870 His

1995 4933 2124 4973 vero
2155 4918 2292 4972 locis
2335 4930 2461 4972 cum
2494 4914 2759 4985 ampliore
2800 4927 2939 4983 opus
2969 4918 3113 4967 esset
3158 4907 3560 4980 explanatione,

1996 5009 2115 5063 haec
2144 5020 2324 5063 tamen
2361 5023 2526 5077 quam
2548 5004 2874 5062 brevissime
2916 5002 3062 5057 dicta
3096 5000 3382 5057 sufﬁcient.

312 5091 421 5145 τῶν
444 5091 645 5157 τόπων,
674 5092 882 5157 τούτοις
909 5093 985 5158 ὼς
1015 5088 1126 5148 οἷόν
1163 5112 1225 5148 τε
1273 5091 1343 5166 ἦν
1370 5095 1460 5149 διὰ
1511 5096 1757 5168 βραχέων
1808 5099 2119 5171 εἰρημένοις
2148 5096 2617 5170 ἀρκεσθησόμεθα.

851 5210 1245 5266 ΚΕΦΑΛΑΙΟΝ
1275 5214 1356 5267 Κ’.

316 5296 735 5386 Βαοίλτιειῶνβ¹ζ
761 5298 1062 5386 ’ραιςύριρς
1081 5303 1177 5386 διᾲ
1195 5305 1399 5386 [γάθαν
1423 5305 1502 5372 τῷ
1530 5305 1709 5362 Δαυίδ
1731 5308 1883 5377 μετὰ

691 5372 892 5424 πολλὰ
918 5372 1017 5427 καὶ
1054 5373 1241 5429 ταῦτά
1271 5390 1459 5445 φησιν
1476 5394 1490 5407 ·

389 5565 410 5599 ε
442 5545 552 5600 Καὶ
590 5543 743 5600 ἔσται
798 5547 893 5602 ὲάν
932 5549 1291 5624 πληρωθῶσιν
1324 5557 1380 5609 ai
1410 5555 1612 5628 ἡμέραι
1642 5573 1757 5620 σου,
1794 5557 1886 5610 καὶ

385 5704 432 5781 ‘_‘
458 5703 615 5781 _PsaI.
653 5723 932 5781 LXXXVIII,
966 5709 1059 5781 25,
1136 5710 1179 5742 ⁸⁷
1218 5709 1239 5763 l
1277 5709 1410 5781 Reg.

315 5773 358 5805 ’ί
402 5773 421 5828 l
456 5773 602 5831 Petr.
637 5792 705 5843 ιι,
749 5780 801 5835 5.

326 5859 498 5899 xxvm
521 5884 535 5913 ,
570 5846 660 5902 20.

1484 5728 1558 5775 ιι,
1616 5711 1706 5767 27.
1784 5712 1828 5744 ⁸⁸
1868 5710 1999 5766 ibid.
2042 5713 2140 5770 55.
2199 5712 2286 5765 56.

919 5783 964 5813 ⁷³
1004 5779 1167 5837 Marc.
1215 5797 1324 5849 xu,
1358 5779 1446 5837 Η.
1524 5785 1571 5815 ’³
1612 5782 1630 5835 l
1666 5782 1791 5837 Cor.
1827 5799 1879 5848 ι,
1914 5783 2004 5838 ‘27.

2571 5207 2802 5267 CAPUT
2847 5204 2964 5262 XX.

1988 5303 2037 5361 E
2063 5305 2288 5363 secundo
2321 5304 2516 5376 Regum
2544 5302 2700 5358 libro.
2752 5298 3009 5353 Dominus
3055 5313 3146 5366 per
3189 5295 3409 5359 Nathqn
3447 5296 3560 5353 Da.

2268 5397 2376 5453 vidi
2412 5407 2527 5464 post
2558 5395 2726 5449 multa
2754 5392 2864 5446 hac
2898 5405 3099 5461 quoque
3126 5389 3285 5450 dicit:

2067 5576 2085 5608 ι
2118 5555 2366 5627 Cumque
2409 5551 2661 5625 complcti
2697 5548 2898 5606 fuerint
2929 5544 3047 5601 dies
3098 5547 3197 5613 tui,
3229 5556 3283 5603 et
3316 5550 3558 5604 dormie-

2396 5709 2441 5740 “
2481 5707 2637 5765 Hebr.
2703 5710 2922 5779 wh”.
3029 5710 3077 5741 ⁷ο
3117 5706 3314 5779 Philip.
3498 5707 3556 5779 ξ.

2107 5768 2152 5814 τὶ
2194 5781 2209 5834 I
2244 5780 2375 5851 Reg.
2416 5794 2483 5844 ιι,
2518 5779 2605 5833 35.
2708 5768 2772 5809 "7
2797 5778 2941 5836 Psal.
2979 5795 3086 5847 etv,
3120 5779 3205 5834 15.
3264 5768 3327 5810 ’⁷⁸
3365 5768 3563 5833 Matt“-
