4106 6434
559 397 694 453 1079

1257 394 1520 454 EUSEBH
1559 400 2034 456 CASSARIENSIS
2075 399 2220 454 ΟΡΡ.
2263 399 2442 454 PARS
2476 401 2646 455 lll.-—-
2687 397 3109 455 EXEGETICA.‘

3627 398 3765 453 1080

553 530 633 568 τις
667 529 786 568 cum
825 513 1069 584 patribus
1105 514 1234 574 tuis,
1281 512 1558 566 suscitabo
1589 528 1770 566 semen
1805 521 1954 566 tuum
1987 527 2087 583 pos

2210 512 2514 582 κοιμηθήσῃ
2548 510 2682 582 μετὰ
2706 511 2812 564 τῶν
2834 511 3080 581 πατέρων
3110 527 3219 573 σου,
3255 526 3346 562 και
3385 511 3673 577 ἀναστήσω
3700 512 3762 565 τὸ

553 615 623 666 te.
657 604 804 674 quod
851 605 1156 674 egredietur
1184 604 1251 658 de
1283 614 1437 658 utero
1480 612 1595 666 tuo,
1637 615 1689 657 et
1741 604 1968 658 ﬁrmabo
2020 619 2107 658 re-

549 709 714 766 gnum
767 695 906 764 ejus.
963 693 1081 765 Ipse
1117 695 1405 749 azdiﬁcabit
1433 695 1651 748 domum
1698 696 1904 749 nomini
1960 710 2101 759 meo,

547 799 601 842 et
631 787 900 843 Stabiliam
945 791 1196 841 thronum
1239 790 1387 858 regni
1422 788 1541 856 ejus
1577 803 1748 857 usque
1799 788 1852 841 in
1906 788 2104 856 sempi-

547 885 782 932 ternum.
841 875 952 947 Ego
997 893 1090 932 ero
1131 880 1178 931 ei
1214 877 1267 930 in
1301 886 1529 948 patrem,
1593 888 1647 933 et
1678 879 1793 948 ipse
1825 879 1928 932 erit
1971 877 2104 932 mihi

557 963 614 1018 in
655 965 846 1021 ﬁliuni.
907 965 1007 1032 Qui
1044 967 1088 1021 si
1140 969 1324 1036 inique
1359 967 1560 1035 aliquid
1593 968 1843 1037 gesserit,
1877 980 2101 1035 arguam

548 1069 670 1107 eum
705 1055 756 1108 in
794 1037 943 1124 virga
977 1055 1239 1119 virorum,
1271 1064 1322 1107 et
1348 1055 1398 1107 in
1449 1055 1620 1123 plagis
1662 1055 1892 1108 ﬁliorum
1927 1055 2101 1108 homi—

545 1161 692 1199 num.
751 1145 1172 1200 Misericordiam
1221 1155 1400 1199 autem
1463 1161 1635 1201 meam
1699 1163 1806 1200 non
1859 1146 2100 1200 auferam

543 1237 611 1290 ab
651 1237 753 1296 eis,
780 1237 920 1291 sicut
964 1238 1158 1292 abstuli
1197 1252 1225 1289 a
1255 1238 1409 1300 Saul,
1470 1253 1626 1307 quem
1675 1237 1849 1290 amovi
1894 1252 1922 1288 a
1962 1236 2098 1291 facie

542 1341 681 1380 mea.
737 1326 800 1380 Et
842 1327 1016 1382 ﬁdelis
1059 1329 1163 1382 erit
1194 1329 1386 1384 domus
1421 1344 1539 1392 sua,
1572 1337 1623 1381 et
1659 1344 1882 1397 regnent
1935 1344 2092 1382 suum

541 1432 715 1485 usque
746 1417 798 1470 in
827 1424 1084 1471 aeternum
1128 1427 1251 1472 ante
1281 1417 1470 1473 faciem
1520 1433 1710 1472 meam.
1768 1417 1832 1469 Et
1869 1418 2097 1473 thronus

538 1523 674 1564 suus
704 1509 807 1562 erit
842 1509 1027 1563 ﬁrmus
1052 1509 1373 1579 jugiter'7.»
1433 1511 1526 1563 llis
1558 1510 1668 1563 fere
1708 1511 1906 1564 similia
1956 1521 2008 1565 et
2042 1513 2095 1565 in

537 1600 876 1670 octogesimo
909 1607 1105 1654 octavo
1155 1601 1412 1654 dicuntur
1443 1601 1670 1669 psalmo.
1729 1601 1885 1665 Quod
1918 1603 1960 1656 si
1997 1599 2097 1655 Ju-

538 1689 668 1745 dzeis
717 1692 1029 1760 ambiguum
1064 1693 1280 1745 videtur
1311 1693 1363 1744 in
1395 1692 1478 1746 his
1507 1693 1664 1757 locis,
1709 1695 1833 1762 quis
1873 1694 1975 1749 sibi
2013 1695 2095 1748 in-

540 1782 864 1851 telligcndus
913 1784 1004 1849 sit,
1043 1783 1254 1838 Deusne
1307 1800 1374 1838 an
1402 1784 1589 1850 David,
1616 1786 1694 1839 vel
1723 1787 1842 1853 ejus
1876 1801 2094 1841 succes-

2207 606 2423 674 σπέρμα
2457 621 2546 656 σου
2584 603 2719 674 μετὰ
2766 603 2852 667 σὲ,
2888 604 2946 664 ὃς
2993 602 3140 654 ἔσται
3177 606 3238 654 ὲκ
3266 603 3360 672 τῆς
3406 602 3610 666 κοιλίας
3645 620 3760 668 σου,
3790 651 3797 657 .

2205 697 2300 749 καὶ
2328 695 2597 764 ἑτοιμάσω
2623 695 2720 764 τὴν
2740 694 3011 764 βασιλείαν
3032 693 3214 746 αὐτοῦ.
3237 693 3404 756 Αὐτὸς
3425 693 3764 765 οἰκοδομήσει

2207 803 2294 858 μοι
2323 783 2466 839 οἷκον
2489 785 2566 857 τῷ
2589 786 2808 855 ὀνόματί
2851 803 2971 854 μου,
3009 785 3100 838 καί
3125 783 3415 856 ἀνορθώσω
3442 785 3534 837 τὸν
3577 784 3762 858 θρόνον

2203 876 2366 930 αὑτοῦ
2391 877 2493 939 ἕως
2526 879 2604 939 εἰς
2633 876 2722 929 τὸν
2753 876 2945 928 αἰῶνα.
2991 875 3127 943 Ἐγὼ
3150 875 3341 945 ἔσομαι
3375 874 3522 944 αὐτῷ
3545 878 3622 939 εἰς
3657 894 3762 930 πα-

2203 967 2352 1038 τέρα,
2384 968 2476 1018 καὶ
2504 967 2664 1029 αὐτὸς
2694 966 2842 1019 ἔσται
2883 983 2971 1035 μοι
2993 968 3070 1029 εἰς
3109 966 3240 1018 υἱόν.
3273 964 3381 1018 Καὶ
3407 964 3472 1018 ἂν
3497 965 3626 1039 ἔλθῃ
3648 967 3761 1019 ἁδι-

2202 1058 2293 1110 κία
2322 1056 2507 1120 αὐτοῦ,
2534 1058 2624 1110 καὶ
2661 1056 2863 1125 ἐλέγξω
2895 1057 3054 1110 αὐτὸν
3084 1059 3138 1108 ὲν
3172 1056 3348 1127 ῥάϐδῳ
3385 1056 3591 1129 ἀνδρῶν
3610 1097 3624 1118 ,
3666 1058 3758 1110 καὶ

2205 1151 2261 1200 ὲν
2297 1149 2458 1215 ἁφαῖς
2492 1147 2619 1200 υἰῶν
2670 1146 3004 1218 ἀνθρώπων·
3067 1146 3124 1199 τὸ
3172 1147 3228 1199 δὲ
3275 1146 3420 1209 ἔλεός
3467 1163 3566 1217 μου
3593 1148 3654 1198 οὐ
3684 1147 3760 1219 μὴ

2200 1237 2491 1306 ἀποστήσω
2525 1237 2618 1289 ἀπ’
2646 1237 2842 1299 αὐτῶν,
2891 1235 3070 1298 καθὼς
3110 1235 3392 1304 ἀπέστησα
3428 1237 3520 1305 ἀφ’
3545 1230 3618 1288 ὧν
3657 1238 3764 1289 ἀπ·-

2198 1327 2400 1400 έστησα
2425 1331 2489 1382 ἐκ
2515 1328 2800 1400 προσώπου
2833 1346 2950 1400 μου.
2994 1331 3099 1381 Καὶ
3134 1327 3531 1397 πιστωθήσεται
3561 1331 3588 1381 ὁ
3616 1323 3762 1392 οἰκος

2197 1418 2382 1481 αὐτοῦ,
2413 1421 2503 1472 καὶ
2526 1422 2556 1490 ἡ
2586 1419 2828 1489 βασιλεία
2855 1419 3016 1473 αὑτοῦ
3037 1420 3138 1482 ἓως
3166 1418 3357 1481 αἰῶνος
3382 1417 3609 1471 ἐνώπιόν
3634 1437 3758 1486 μουο

2197 1511 2290 1562 καὶ
2317 1511 2344 1561 ὁ
2371 1509 2556 1579 θρόνος
2588 1512 2749 1565 αὑτοῦ
2774 1512 2921 1564 ἔσται
2955 1510 3341 1581 ἁνωρθωμένος
3393 1511 3471 1571 είς
3515 1508 3604 1562 τὸν
3629 1510 3761 1562 αἰῶ-

2197 1616 2281 1652 να.
2335 1619 2352 1649 ι
2388 1600 2605 1664 Τούτοις
2665 1600 2732 1654 τὰ
2782 1600 3130 1671 παραπλήσια
3180 1599 3270 1652 καὶ
3313 1601 3370 1651 ὲν
3421 1598 3760 1671 ὀγδοηκοστῷ

2196 1691 2360 1761 ὀγδόῳ
2393 1693 2602 1762 εἴρηται
2629 1691 2825 1762 ψαλμῷ
2849 1709 2862 1721 ο
2886 1688 2952 1762 ἦν
2981 1691 3024 1743 δ’
3061 1691 3124 1743 ἂν
3163 1690 3435 1754 Ἰουδαίοις
3454 1690 3598 1755 ἄξιον
3621 1693 3758 1743 ἀπο-

2199 1782 2357 1853 ρῆσαι
2381 1783 2520 1834 κατὰ
2540 1784 2664 1844 τοὺς
2691 1782 2904 1844 τόπους,
2931 1781 3017 1834 διὰ
3042 1780 3160 1832 τίνα
3204 1777 3313 1852 ἄρα
3338 1782 3516 1833 αἰτίαν
3557 1783 3757 1850 φήσουο

538 1887 629 1927 sor
654 1870 944 1940 Salomon;
974 1875 1036 1927 ad
1070 1874 1260 1940 Deum,
1294 1885 1350 1929 ut
1379 1876 1670 1931 verisimile
1710 1885 1814 1940 est,
1851 1877 2087 1932 fatebun-

2197 1888 2279 1924 σιν
2305 1872 2394 1924 τὸν
2425 1873 2575 1934 Θεὸν,
2607 1873 2723 1943 ἦτοι
2761 1872 2850 1925 τὸν
2884 1871 3062 1935 Δαυὶδ,
3105 1872 3136 1941 ἢ
3179 1871 3268 1924 τὸν
3311 1870 3369 1936 ἐξ
3412 1872 3572 1923 αὑτοῦ
3607 1872 3761 1941 βασι-

537 1972 624 2018 tur
654 1966 923 2033 pertinere
966 1966 1302 2035 prophetiam
1347 1983 1452 2036 qua
1501 1967 1642 2022 filius
1697 1969 2091 2038 primogenitus

535 2059 860 2111 statuendus
899 2058 1256 2126 promittitur,
1286 2058 1372 2113 his
1409 2060 1620 2113 verbis:
1664 2079 1680 2109 ι
1716 2059 1834 2130 Ipse
1864 2062 2088 2115 invoca—

535 2147 610 2201 bit
640 2163 758 2203 me:
789 2147 947 2203 Pater
989 2164 1142 2204 meus
1170 2166 1230 2204 es
1256 2157 1342 2204 tu:
1404 2149 1544 2207 Deus
1593 2168 1744 2207 meus
1805 2160 1859 2207 et
1897 2169 2089 2208 susce-

531 2239 654 2303 ptor
685 2236 878 2290 salutis
929 2251 1081 2290 meae.
1141 2236 1206 2291 Et
1252 2253 1352 2307 ego
1402 2240 1822 2309 primogenitum
1891 2258 2087 2312 ponam

532 2323 682 2376 illtIn
729 2325 1002 2379 excelsum
1051 2341 1162 2396 prae
1195 2329 1414 2398 regibus
1457 2332 1710 2397 terrae";
1746 2352 1764 2384 ι
1811 2341 1863 2387 et
1897 2336 1949 2388 in
2001 2350 2086 2400 eo,

529 2415 616 2466 cui
667 2429 811 2469 nunc
857 2431 1076 2486 operam
1109 2417 1323 2484 damus,
1382 2421 1539 2477 loco:
1604 2442 1622 2474 ι
1651 2423 1754 2479 Ero
1803 2426 1850 2479 ei
1910 2426 1966 2480 in
1995 2442 2091 2497 pa-

533 2511 691 2565 trem,
725 2505 924 2575 etipse'
951 2507 1054 2560 erit
1088 2509 1218 2562 mihi
1272 2511 1325 2564 in
1376 2510 1600 2566 ﬁlium.»
1660 2514 1911 2570 Attamen
1952 2518 2088 2572 nihil

529 2595 747 2651 differre
777 2613 808 2652 a
836 2599 1045 2654 caeteris
1071 2601 1347 2670 prophetis
1389 2603 1531 2658 dicet
1577 2605 1775 2674 aliquis
1813 2606 2086 2672 Davidem,

530 2689 622 2756 qui
653 2689 866 2757 culpam
897 2689 963 2743 de
996 2689 1139 2746 Uriae
1167 2694 1393 2748 muliere
1434 2695 1818 2759 conﬁtebatur,
1859 2699 2084 2755 dicens:

535 2793 553 2825 ι
583 2773 700 2828 Tibi
735 2777 833 2832 soli
869 2780 1110 2846 peccavi,
1146 2789 1200 2834 et
1248 2784 1450 2837 malum
1497 2800 1678 2839 coram
1732 2797 1784 2841 te
1839 2787 2039 2855 feci";
2066 2809 2084 2840 ι

531 2867 610 2921 vel
643 2863 1012 2934 Salomonem,
1065 2887 1223 2940 quem
1270 2888 1300 2925 a
1338 2873 1446 2928 Deo
1478 2877 1771 2933 recessisse
1818 2886 1874 2933 et
1929 2880 2090 2935 idolis

531 2969 750 3028 propter
779 2957 1102 3014 feminarum
1137 2964 1636 3032 concupiscentiam
1672 2955 1928 3024 serviisse
1965 2970 2091 3024 sim-

528 3048 646 3116 plex
705 3049 863 3103 docet
922 3050 1219 3121 Scriptura:
1278 3053 1526 3108 historia.
1587 3056 1870 3124 Quomodo
1905 3067 2089 3114 autem

529 3136 748 3195 Davidis
803 3151 896 3195 aut
933 3141 1238 3197 Salomonis
1289 3162 1306 3194 ι
1334 3161 1558 3214 regnum
1605 3165 1779 3219 usque
1834 3152 1887 3204 in
1922 3160 2086 3206 aeter-

531 3245 702 3287 num»
766 3234 930 3288 stabit
991 3244 1158 3289 «ante
1221 3235 1460 3292 faciem»
1529 3238 1653 3306 Dei,
1697 3251 1750 3296 et
1815 3243 2084 3300 «thronus

528 3319 631 3373 erit
669 3318 854 3375 ﬁrmus
917 3321 1174 3393 jugiter,»
1235 3333 1294 3379 ut
1348 3328 1592 3396 subjecta
1651 3332 1726 3384 ait
1779 3335 2084 3402 prophetia.

529 3426 742 3466 necnon
817 3417 1009 3483 psalmi
1079 3417 1192 3472 hazc
1251 3419 1355 3472 alia
1413 3421 1523 3475 fere
1575 3421 1808 3479 similis:
1859 3425 2086 3482 «Juravi

527 3500 696 3557 David
761 3520 916 3560 servo
967 3522 1115 3562 meo:
1145 3509 1332 3578 Usque
1374 3510 1428 3565 in
1473 3518 1732 3566 aeternum
1763 3518 2086 3586 pracparabo

527 3612 707 3651 semen
740 3606 916 3662 tuum,
962 3608 1014 3653 et
1046 3601 1325 3656 aediﬁcabo
1370 3605 1421 3657 in
1452 3607 1857 3674 generationem
1905 3621 1958 3664 et
1985 3628 2080 3680 ge-

527 3691 859 3744 nerationem
890 3690 1069 3746 sedem
1106 3699 1256 3746 tuam
1274 3694 1342 3758 ⁸⁰,
1371 3713 1388 3744 ι
1444 3703 1499 3748 et
1545 3698 1704 3765 paulo
1741 3705 1860 3767 post
1893 3699 2082 3755 addit:

529 3800 546 3832 ι
573 3779 747 3836 Semel
774 3782 953 3850 juravi
996 3784 1051 3837 in
1100 3791 1293 3839 sancto
1330 3801 1472 3848 meo,
1522 3789 1566 3841 si
1624 3787 1792 3843 David
1824 3792 2080 3844 mentiar.

525 3871 720 3928 Semen
766 3876 886 3944 ejus
921 3876 973 3928 in
1005 3883 1274 3931 aeternum
1327 3880 1591 3944 manebit,
1623 3891 1677 3935 et
1706 3882 1936 3938 thronus
1965 3884 2085 3952 ejus

523 3965 665 4019 sicut
700 3966 780 4018 sol
837 3967 891 4019 in
923 3977 1223 4036 conspectu
1280 3984 1402 4024 meo
1423 3970 1524 4024 δι.»
1579 3971 1644 4024 Et
1689 3989 1923 4029 rursus:
1976 3994 1994 4025 ι
2021 3974 2087 4028 Et

523 4070 719 4125 ponam
754 4058 810 4111 in
842 4061 1099 4113 saeculum
1137 4063 1320 4116 saeculi
1353 4079 1537 4118 semen
1573 4065 1709 4131 ejus.
1743 4076 1796 4121 et
1826 4068 2084 4121 thronum

519 4148 641 4216 ejus
693 4149 836 4202 sicut
866 4150 982 4205 dies
1015 4153 1255 4206 (ωιὶδί.)
1307 4153 1440 4208 Fere
1501 4155 1699 4210 similia
1732 4157 1984 4214 invenias
2026 4160 2084 4213 in

520 4235 772 4300 Ieremia,
812 4239 901 4292 ubi
937 4241 1156 4306 dicitur,
1206 4262 1224 4294 ι
1258 4242 1397 4310 Quia
1438 4243 1552 4299 haec
1603 4247 1740 4300 dicit
1773 4246 2078 4302 Dominus:

522 4329 640 4382 Non
691 4331 934 4386 interibit
964 4331 1031 4386 de
1086 4333 1253 4390 David
1290 4337 1374 4391 vir
1401 4338 1492 4407 qui
1520 4338 1704 4394 sedeat
1736 4355 1903 4410 super
1934 4341 2084 4394 thro-

520 4436 647 4474 num
676 4421 872 4477 domus
903 4423 1084 4480 Israel.
1117 4426 1180 4479 Et
1209 4429 1276 4483 de
1301 4430 1675 4485 sacerdotibus
1702 4441 1753 4486 et
1786 4431 1853 4486 de
1874 4431 2083 4489 Levitis

2193 1964 2452 2019 λεύσαντα
2484 1964 2787 2033 Σολομῶνα·
2826 1964 2950 2036 περὶ
2981 1957 3062 2027 οὗ,
3096 1964 3170 2026 ὡς
3199 1963 3362 2028 εἰκὸς,
3393 1963 3754 2034 ὑπολήψονται

2191 2049 2366 2119 λέγειν
2387 2051 2480 2121 τὴν
2510 2052 2838 2121 προφητείαν
2869 2052 2978 2104 υἱὸν
3007 2051 3343 2120 πρωτότοκον
3370 2051 3553 2121 θήσειν
3586 2055 3756 2120 ἐπαγ-

2191 2142 2492 2210 γέλλεσθαι,
2527 2144 2584 2194 ὲν
2625 2141 2721 2211 μὲν
2743 2141 2819 2212 τῷ
2845 2140 3042 2212 ψαλμῷ
3080 2142 3355 2211 εἰρηκότα,
3389 2161 3406 2191 ι
3440 2143 3610 2204 Αὐτὸς
3638 2144 3757 2194 ὲπι-

2192 2234 2472 2290 καλέσεταί
2506 2252 2592 2304 με,
2631 2235 2816 2305 Πατήρ
2845 2251 2943 2305 μου
2969 2231 3018 2286 εἷ
3043 2235 3127 2296 σὺ,
3161 2234 3294 2296 Θεός
3342 2251 3442 2303 μου
3482 2235 3576 2286 καὶ
3605 2235 3749 2286 ἀντι-

2189 2327 2411 2398 λήπτωρ
2438 2328 2535 2396 τῆς
2562 2326 2831 2396 σωτηρίας
2863 2341 2982 2393 μου.
3024 2323 3191 2392 Κάγὼ
3226 2325 3562 2396 πρωτότοκον
3596 2325 3758 2394 θήσος

2192 2436 2289 2489 μαι
2321 2418 2502 2479 αὑτὸν,
2522 2416 2719 2486 ὑῂλὸν
2757 2416 2906 2486 παρὰ
2925 2419 3034 2478 τοῖς
3065 2415 3338 2484 βασιλεῦσι
3361 2416 3461 2484 τῆς
3493 2416 3614 2486 γῆς’
3645 2436 3661 2467 ι
3697 2419 3757 2469 ὲν

2187 2511 2245 2562 δὲ
2278 2509 2354 2581 τῷ
2382 2509 2516 2579 μετὰ
2544 2511 2726 2580 χεῖρας
2760 2507 3054 2578 κεφαλαίῳ,
3079 2529 3094 2559 ι
3119 2507 3256 2576 Ἐγὼ
3281 2509 3470 2578 ἔσομαι
3500 2507 3647 2579 αὐτῷ
3677 2510 3758 2572 εἰς

2189 2602 2420 2672 πατέρα,
2447 2603 2539 2654 καὶ
2559 2601 2719 2664 αὐτὸς
2752 2600 2900 2652 ἔσται
2927 2617 3016 2670 μοι
3045 2601 3122 2664 εἰς
3144 2601 3274 2654 υἱόν.
3305 2621 3324 2652 ι
3354 2601 3462 2655 Καὶ
3491 2602 3594 2672 μὴν
3627 2601 3748 2654 κατ’

2189 2693 2339 2748 οὐδὲν
2367 2693 2728 2764 διενηνοχέναι
2750 2693 2856 2746 τῶν
2883 2693 3081 2746 λοιπῶν
3112 2692 3402 2764 προφητῶν
3438 2693 3626 2760 φήσειέ
3669 2709 3754 2754 τις

2189 2786 2277 2837 τὸν
2303 2785 2482 2848 Δαυὶδ,
2519 2786 2576 2848 ὃς
2605 2785 2700 2838 καὶ
2729 2783 3158 2854 ἐξομολογεῖσθαι
3189 2783 3276 2837 διὰ
3301 2784 3398 2854 τὴν
3427 2783 3522 2836 τοῦ
3554 2783 3753 2854 Οὐρίου

2190 2876 2358 2929 ἐδεῖτο
2399 2876 2567 2944 λέγων
2591 2916 2605 2938 ,
2648 2896 2665 2926 ι
2705 2877 2792 2928 Σοὶ
2822 2875 2965 2945 μόνῳ
2992 2877 3234 2948 ἥμαρτον
3279 2875 3375 2927 καὶ
3415 2875 3478 2926 τὸ
3520 2873 3754 2943 πονηρὸν

2190 2967 2420 3022 ἐνώπιόν
2447 2985 2537 3020 σου
2564 2968 2790 3039 ἐποίησα
2811 2986 2823 2999 ·
2862 2989 2878 3019 ›
2910 2969 2940 3040 ἢ
2966 2969 3055 3021 τὸν
3086 2967 3391 3037 Σολομῶνα,
3426 2967 3482 3018 ὂν
3527 2967 3620 3018 καί
3664 2969 3756 3019 ὲκ-

2190 3054 2362 3108 κλῖναι
2386 3054 2493 3108 ἀπὸ
2514 3054 2608 3107 τοῦ
2638 3054 2770 3107 Θεοῦ
2788 3056 2876 3109 καὶ
2901 3047 3135 3121 εἰδώλοις
3165 3056 3252 3110 διὰ
3272 3055 3542 3125 γυναικῶν
3570 3056 3756 3107 ἐπιθυ-

2195 3145 2322 3216 μίας
2363 3147 2840 3216 προσ-κεκινηκέναι
2878 3150 2908 3218 ὴ
2943 3147 3070 3218 ψιλὴ
3107 3147 3344 3201 διδάσκει
3394 3148 3490 3216 τῆς
3532 3147 3571 3198 Γ
3575 3147 3754 3216 ραφῆς

2198 3236 2432 3307 ίστορίαο
2465 3235 2578 3299 πῶς
2614 3237 2669 3289 δὲ
2699 3237 2790 3288 τοῦ
2821 3236 2983 3292 Δαυὶδ
3020 3237 3166 3308 ἢτοῦ
3191 3236 3492 3307 Σολομῶνος
3526 3239 3556 3305 ἡ
3599 3236 3755 3305 βασι-

2191 3325 2308 3379 λεία
2333 3326 2435 3389 ἓως
2459 3326 2650 3389 αἰῶνος
2678 3345 2695 3376 ι
2736 3326 2962 3380 ἐνώπιον
2986 3330 3112 3399 ἔστη
3148 3327 3240 3379 τοῦ
3271 3325 3424 3388 Θεοῦ,
3456 3327 3548 3377 καὶ
3574 3327 3601 3377 ὁ
3623 3325 3755 3395 θρό-

2189 3433 2277 3479 νος
2311 3418 2700 3487 ἀνωρθωμένος
2736 3421 2814 3482 εἰς
2843 3419 2932 3472 τὸν
2964 3420 3151 3484 αἰῶνα,
3183 3441 3201 3470 ι
3237 3419 3374 3472 κατὰ
3395 3418 3490 3488 τὴν
3513 3419 3754 3486 φάσκου-

2190 3525 2288 3562 σαν
2315 3507 2332 3578 (
2355 3508 2391 3562 f.
2426 3509 2492 3562 15
2519 3511 2608 3578 νο)
2631 3509 2860 3565 ἐνταῦθα
2886 3513 3235 3582 προφητείαν,
3264 3511 3356 3564 καὶ
3395 3510 3534 3563 κατὰ
3553 3509 3650 3580 τὴν
3693 3512 3753 3562 ὲν

2186 3597 2264 3667 τῷ
2291 3597 2488 3668 ψαλμῷ
2508 3591 2610 3650 ὧδέ
2638 3617 2750 3662 πως
2788 3603 3160 3672 περιέχουσαν,
3200 3619 3217 3650 ‹
3253 3602 3462 3669 Ὠμοσα
3489 3599 3651 3652 Δαυίδ
3670 3599 3750 3668 τῷ

2186 3687 2356 3759 δούλῳ
2379 3707 2499 3760 μου.
2528 3691 2671 3752 Ἕως
2688 3689 2780 3742 τοῦ
2802 3692 2992 3754 αἰῶνος
3015 3691 3284 3761 ἑτοιμάσω
3307 3692 3366 3743 τὸ
3391 3690 3608 3760 σπέρμα
3631 3706 3750 3750 σου,

2186 3781 2280 3832 καὶ
2293 3780 2543 3851 οἰκοδομή
2553 3798 2626 3832 σω
2642 3783 2719 3844 εἰς
2738 3780 2928 3849 γενεὰν
2949 3782 3040 3832 καὶ
3060 3780 3248 3848 γενεὰν
3273 3781 3362 3832 τὸν
3386 3779 3572 3850 θρόνον
3597 3793 3708 3830 σου·
3725 3798 3743 3827 ι

2187 3870 2281 3923 καὶ
2315 3871 2430 3940 μεθ’
2454 3871 2613 3942 ἓτερα
2637 3869 2966 3940 φάσκουσαν,
2988 3869 3198 3936 ‹”Απαξ
3221 3869 3407 3940 ὤμοσα
3431 3869 3486 3921 ἐν
3507 3868 3582 3939 τῷ
3610 3869 3750 3938 ἁγίῳ

2193 3978 2328 4032 μου,¹
2351 3964 2398 4014 εἰ
2424 3962 2501 4033 τῷ
2522 3963 2683 4016 Δαυὶδ
2706 3963 2993 4034 ψεύσομαι.
3015 3963 3087 4014 Τὸ
3111 3962 3329 4034 σπέρμα
3357 3961 3518 4014 αὐτοῦ
3553 3964 3628 4022 εἰς
3658 3960 3754 4012 τὸν

2187 4052 2357 4107 αἰῶνα
2387 4057 2553 4123 μενεῖ,
2590 4055 2682 4108 καὶ
2706 4055 2733 4105 ὁ
2758 4053 2940 4124 θρόνος
2967 4053 3128 4106 αὑτοῦ
3159 4053 3232 4116 ὡς
3257 4055 3284 4104 ὁ
3318 4052 3467 4122 ἥλιος
3511 4051 3753 4104 ἐναντίον

2190 4162 2310 4216 μου.
2354 4165 2372 4197 ι
2406 4146 2513 4199 Καὶ
2539 4145 2698 4198 πάλιν
2721 4161 2733 4174 '
2767 4165 2784 4195 ι
2824 4147 2932 4199 Καὶ
2961 4146 3195 4215 θήσομαι
3220 4147 3296 4207 εἰς
3322 4143 3415 4195 τεὸν
3453 4142 3620 4196 αἰῶνα
3652 4140 3750 4193 τοῦ

2185 4239 2377 4302 αἰῶνος
2399 4237 2458 4291 τὸ
2485 4240 2704 4309 σπέρμα
2727 4237 2911 4300 αὐτοῦ,
2941 4240 3033 4290 καὶ
3048 4239 3137 4290 τὸν
3161 4237 3346 4310 θρόνον
3371 4237 3530 4290 αὑτοῦ
3555 4237 3627 4298 ὡς
3649 4226 3752 4298 τὰς

2186 4330 2395 4401 ἡμέρας
2426 4331 2518 4384 τοῦ
2544 4330 2790 4400 οὐρανοῦ.
2829 4349 2846 4380 ι
2882 4331 2960 4383 Τὰ
3003 4329 3350 4400 παραπλήσια
3383 4328 3423 4381 δ’
3452 4326 3515 4379 ἂν
3568 4325 3754 4397 εὕροις

2186 4415 2279 4470 καὶ
2301 4418 2358 4469 ὲν
2386 4417 2462 4487 τῷ
2502 4419 2757 4489 Ἱερεμίᾳ,
2794 4417 2919 4471 ἔνθα
2945 4417 3194 4490 εἴρηται,
3240 4437 3257 4468 ι
3298 4418 3417 4470 Ὅτι
3450 4415 3576 4468 τάδε
3601 4415 3755 4483 λέγει

523 4527 626 4565 non
657 4512 900 4568 interibit
935 4515 1018 4568 vir
1048 4532 1078 4570 a
1108 4517 1246 4572 facie
1288 4536 1426 4584 mea,
1460 4521 1552 4591 qui
1591 4522 1780 4577 oﬁ’erat
1816 4523 2080 4578 holocau-

2192 4508 2390 4580 Κύριος
2414 4525 2426 4538 ·
2463 4510 2573 4562 Οὐκ
2594 4509 3094 4580 ὲξολοθρευθήσεται
3113 4508 3189 4579 τῷ
3221 4508 3382 4561 Δαυὶδ
3413 4507 3550 4577 ἀνὴρ
3589 4507 3757 4578 καθή-

520 4611 742 4668 tomata,
776 4612 830 4658 et
858 4605 1110 4661 incendat
1143 4610 1492 4674 sacriﬁcium,
1531 4617 1584 4666 et
1614 4614 1787 4666 caedat
1819 4614 2075 4669 victimas

518 4694 772 4750 omnibus
825 4695 1129 4752 diebus”.t
1208 4699 1338 4769 Quae
1397 4701 1441 4756 si
1491 4701 1616 4770 quis
1669 4701 1912 4756 conferat
1952 4719 2076 4757 cum

517 4798 781 4854 praesente
809 4785 1117 4844 Judaeorum
1165 4792 1344 4855 ruina,
1380 4807 1677 4863 eorumque
1727 4794 1970 4850 historiis
2011 4795 2080 4850 ab

519 4875 746 4932 Ezechia
774 4887 827 4934 et
855 4879 1119 4935 Jecbonia
1161 4883 1406 4950 regibus,
1438 4899 1667 4954 quorum
1703 4885 1806 4941 sub
1848 4886 2078 4955 imperio

521 4969 697 5024 deleta
727 4980 810 5026 est
835 4970 1144 5026 Iudaeorum
1188 4974 1358 5044 regia,
1403 4975 1470 5029 de
1506 4973 1706 5030 Davide
1738 4985 1881 5042 orta,
1918 4984 2076 5047 poteo

516 5070 650 5124 stas,
672 5063 724 5117 in
751 5062 1072 5133 Babylonem
1104 5065 1434 5134 captivitatis
1459 5078 1718 5138 tempore,
1743 5084 1807 5123 ex
1833 5085 1943 5139 quo
1969 5083 2077 5123 non

509 5153 622 5223 jam
651 5153 1055 5222 imperaverunt
1097 5163 1188 5209 aut
1217 5165 1580 5226 regnaverunt
1618 5147 1837 5213 Davidis
1875 5161 2076 5228 posteri

515 5259 664 5298 nunc
704 5260 912 5313 usque;
962 5245 1226 5316 intelliget
1259 5263 1319 5300 ea
1359 5249 1506 5302 dicta
1551 5249 1774 5304 minime
1812 5249 1879 5304 ad
1921 5250 2081 5306 Davi-

516 5335 660 5399 dem,
693 5352 870 5405 neque
917 5337 981 5390 ad
1027 5336 1374 5393 Salomonem
1430 5339 1623 5394 referri
1671 5345 1851 5412 posse.
1915 5342 2078 5413 Atqui

518 5427 672 5481 nefas
701 5435 784 5482 est
817 5427 904 5481 Dei
928 5429 1329 5496 praedictionem
1349 5431 1708 5501 jurejurando
1739 5433 2077 5503 obsignatam

518 5518 802 5573 mendacio
857 5534 1105 5593 arguere.
1169 5519 1231 5573 Si
1279 5529 1459 5576 autem
1500 5536 1685 5577 semen
1735 5519 1977 5586 Davidis,
2013 5521 2081 5576 de

2193 4618 2349 4670 μενος
2371 4603 2461 4654 ἐπὶ
2483 4601 2673 4672 θρόνου
2703 4603 2847 4654 οἴκου
2880 4603 3094 4673 Ἰσραήλ
3114 4619 3127 4632 ο
3155 4603 3247 4655 καὶ
3270 4604 3378 4663 τοῖς
3417 4600 3621 4672 ἱερεῦσι
3653 4603 3752 4652 καὶ

2185 4699 2296 4761 τοῖς
2319 4698 2567 4761 Λευίταις
2584 4697 2679 4750 οὐκ
2701 4696 2878 4759 ἐξολοθ
2889 4696 3200 4768 ρευθήσεται
3221 4696 3434 4766 ἀνὴρὲκ
3455 4691 3751 4764 προσώπου

2189 4804 2315 4857 μου.
2354 4787 2638 4858 ἀναφέρων
2665 4787 3108 4858 ὁλοκαυτώματα,
3133 4789 3226 4842 καὶ
3255 4787 3394 4841 θύων
3425 4786 3613 4839 θυσίαν
3656 4787 3751 4839 καὶ

2187 4877 2355 4931 ποιῶν
2391 4878 2636 4949 θυμίαμα
2685 4880 2863 4942 πάσας
2899 4878 2995 4941 τὰς
3021 4879 3249 4949 ἡμέρας.
3286 4898 3304 4929 ι
3333 4876 3516 4933 Ταῦτα
3555 4879 3665 4949 γὰρ
3701 4880 3748 4931 εἰ

2187 4971 2523 5038 συνεξετάζοι
2552 4991 2634 5037 τις
2670 4976 2734 5044 τῇ
2762 4991 2818 5026 τε
2851 4970 3094 5043 παρούσῃ
3122 4971 3228 5024 τῶν
3272 4971 3537 5024 Ἰουδαίων
3578 4989 3734 5024 κατα-

2187 5065 2372 5118 στάσει
2395 5066 2487 5117 καὶ
2510 5067 2628 5126 ταῖς
2651 5066 2768 5118 κατ’
2803 5064 2997 5127 αὐτοὺς
3035 5063 3292 5134 ἱστορίαις
3316 5063 3421 5117 ἀπὸ
3446 5063 3548 5130 τῆς
3601 5063 3741 5126 Ἐζε-

2186 5155 2304 5208 κίου
2326 5155 2420 5210 καὶ
2451 5156 2697 5225 Ἰεχονίου
2726 5153 3015 5224 βασιλείας,
3053 5154 3170 5207 καθ’
3202 5153 3293 5217 οὓς
3317 5155 3349 5225 ἡ
3375 5154 3438 5206 ὲκ
3464 5153 3626 5207 Δαυίδ
3656 5169 3736 5202 πει

2190 5249 2453 5320 ριεγράφη
2480 5247 2586 5301 τῶν
2619 5247 2883 5300 Ἰουδαίων
2911 5246 3150 5316 βασιλεία
3181 5248 3236 5298 ὲν
3257 5245 3332 5314 τῷ
3352 5246 3447 5315 τῆς
3471 5249 3548 5308 εἰς
3581 5239 3735 5294 8:16a-

2185 5340 2326 5394 λῶνα
2353 5339 2722 5411 αἰχμαλωσίας
2750 5338 2945 5409 καιρῷ,
2993 5335 3108 5408 μεθ’
3141 5336 3198 5391 ὃν
3247 5337 3493 5407 οὐδαμῶς
3538 5331 3730 5404 ἧρχθη-

2186 5447 2284 5484 σαν
2313 5430 2345 5500 ἢ
2375 5428 2797 5500 ὲδασιλεύθησαν
2821 5429 2923 5482 ὑπὸ
2947 5428 3054 5480 τῶν
3079 5430 3143 5481 ὲκ
3192 5429 3352 5481 Δαυ¹ιδ
3398 5426 3738 5493 καταγόντων

2183 5524 2243 5576 τὸ
2271 5523 2427 5592 γένος
2452 5524 2529 5585 εἰς
2552 5521 2652 5583 ἔτι,
2686 5522 2766 5574 ὃτι
2797 5518 3058 5591 μηδαμῶς
3079 5520 3302 5590 ἁρμόζει
3330 5520 3447 5588 ἦτοι
3477 5517 3551 5587 τῷ
3583 5513 3746 5568 Δαυὶδ

586 5697 628 5728 ⁷⁷
673 5696 711 5749 ll
759 5695 887 5766 Reg.
927 5705 1032 5760 vn,
1095 5696 1278 5766 1‘2-16.
1353 5697 1398 5729 ⁷⁸
1437 5671 1581 5748 Psal.
1625 5713 1896 5763 Lxxxvm,
1955 5698 2044 5763 27,
2082 5698 2170 5753 28.
2248 5697 2292 5729 ⁷³
2333 5694 2474 5751 Psal.
2520 5711 2582 5760 L,
2619 5695 2668 5749 6.
2747 5696 2794 5726 '"
2833 5694 2972 5749 Psal.
3040 5707 3320 5757 Lxxxvut,
3387 5693 3440 5745 ες.
3521 5692 3564 5722 ⁸¹
3611 5689 3744 5744 ibid.

519 5753 608 5816 3'6.
685 5767 728 5798 ι’
769 5753 900 5822 ibid.
938 5753 1030 5821 5οξ
1106 5767 1151 5796 ³⁵³
1177 5765 1498 5827 Jer.xxxnt,
1537 5767 1620 5820 l7.
