4106 6434
350 377 491 435 1083

930 514 1160 569 CAPUT
1199 512 1342 568 XXI.

425 651 444 683 ι
477 631 716 687 Locutus
757 637 842 685 est
884 637 1065 684 autem
1096 627 1264 698 David
1294 627 1524 682 Domino
1553 626 1719 682 verba
1749 624 1914 693 hujus

1077 369 1347 428 EUSEBII
1382 365 1860 425 CzESARIENSIS
1899 365 2047 423 OPP.
2090 365 2271 420 PARS
2302 363 2477 420 III.»
2509 363 2921 420 EXEGETICA.

3457 366 3595 422 1084

2524 508 2913 561 ΚΕΦΑΛᾹΙΟΝ
2955 508 3083 563 KA'.

2094 643 2113 675 ι
2156 623 2266 676 Ka‘t
2314 620 2538 693 ἐλάλησε
2580 619 2742 673 Δαυὶδ
2773 618 2851 689 τῷ
2880 619 3070 690 Κυρὲῳ
3109 620 3233 682 τοὺς
3273 617 3463 687 λόγους
3494 617 3596 687 τῆς

347 722 612 778 carminis
636 763 651 786 ,
685 720 737 775 in
774 720 861 775 die
891 735 999 790 qua
1045 718 1294 774 liberavit
1331 733 1456 773 eum
1499 716 1763 772 Dominus
1791 716 1857 771 ⁸⁸.
1892 735 1910 769 ι

2043 715 2158 787 ῥδῆς
2205 716 2427 784 ταύτης.
2499 731 2518 764 ι
2578 708 2712 765 Εἶτα
2748 713 2807 764 ἐν
2862 714 2973 776 τοῖς
3005 710 3151 783 ἐξῆς·
3196 730 3214 762 ι
3255 711 3365 766 Καὶ
3390 710 3598 764 ἔκλινεν

351 812 485 868 Dein
515 813 569 866 in
598 811 956 883 sequentibus
986 829 1000 865 :
1031 828 1050 861 ι
1086 809 1369 864 lnelinavit
1404 809 1578 863 C(BIOS
1608 815 1663 862 et
1690 807 1919 862 descen-

2025 807 2290 880 οὐρανοὺς
2321 806 2414 859 καὶ
2434 803 2663 875 κατέϐη,
2682 804 2776 856 καὶ
2797 804 2993 872 γνόφος
3017 802 3271 857 ὑποκάτω
3295 802 3401 855 τῶν
3424 803 3599 857 ποδῶν

351 902 469 957 dit:
500 910 552 956 et
579 903 755 971 caligo
781 900 885 955 sub
910 898 1141 970 pedibus
1171 898 1294 967 ejus
1319 898 1387 952 ⁸³.
1422 917 1440 949 ι
1471 896 1536 950 Ει
1566 912 1763 952 rursus
1795 902 1920 968 post

2043 899 2202 954 ιὺτοῦ.
2230 918 2248 951 ι
2268 898 2379 952 Kal.
2408 896 2565 950 πάλιν
2590 895 2725 965 μετὰ
2746 894 2936 961 ταῦτα,
2972 914 2991 947 ι
3014 894 3177 965 Ῥύσῃ
3213 910 3278 965 με
3310 892 3370 959 ἐξ
3401 893 3600 948 ἀντιλο-

352 993 468 1047 haec
510 1008 524 1046 :
575 1008 594 1041 ι
634 989 882 1045 Salvabis
933 1004 1018 1043 me
1070 1004 1098 1042 a
1152 986 1682 1042 contradictionibus
1732 985 1917 1055 populi

2043 991 2152 1058 τιῶν
2185 989 2335 1053 λαοῦ,
2362 989 2720 1057 καταστήσεις
2753 1003 2820 1058 με
2861 989 2941 1049 εἰς
2967 986 3206 1056 κεφαλὴν
3240 984 3439 1039 ἐθνῶν’
3472 984 3600 1049 λαὸς

352 1083 489 1137 mei:
515 1081 791 1136 custodies
819 1080 977 1135 mein
1006 1088 1171 1149 caput
1198 1078 1461 1148 gentium.
1488 1076 1730 1147 Populus
1759 1092 1922 1145 quem

2043 1100 2078 1136 Ν
2114 1084 2214 1135 οὐκ
2252 1080 2421 1149 ἔγνων
2471 1078 2747 1132 ἐδούλευσέ
2795 1094 2917 1149 μοι·
2949 1079 3028 1141 εις
3073 1076 3239 1147 ἀκοὴν
3282 1076 3442 1129 ὠτίου
3495 1077 3598 1129 ὑπ-

354 1174 546 1244 ignoro
592 1173 792 1226 serviet
835 1171 989 1224 mihi.
1017 1168 1139 1224 Filii
1166 1169 1328 1223 alieni
1352 1169 1609 1223 resistent
1634 1167 1798 1233 mihi,
1826 1182 1919 1221 au-

353 1263 471 1317 dilu
506 1263 657 1317 auris
687 1261 942 1316 obedient
973 1259 1103 1314 mihi
1132 1277 1145 1313 :
1172 1258 1266 1312 filii
1302 1258 1463 1311 alieni
1506 1257 1846 1312 deﬂuxerunt
1871 1264 1925 1311 et

354 1356 749 1412 contrahentur
778 1356 832 1408 in
894 1352 1165 1424 angustiis
1199 1350 1316 1406 suis
1346 1351 1413 1405 '°.
1443 1371 1461 1403 ι
1515 1349 1641 1405 Haec
1668 1350 1926 1405 dicuntur

356 1448 469 1504 fere
494 1447 698 1503 eisdem
730 1446 914 1501 verbis
943 1446 998 1498 in
1029 1443 1243 1499 decimo
1270 1443 1501 1513 septimo
1532 1442 1745 1513 psalmo
1773 1460 1787 1507 ;
1822 1456 1923 1511 op-

356 1541 645 1611 portunius
684 1538 1127 1607 explicabuntur,
1158 1550 1281 1589 cum
1322 1533 1665 1590 Psalmorum
1706 1534 1926 1603 eclogas

356 1631 689 1687 notabimus.
735 1628 893 1683 Nunc
944 1643 1074 1683 vero
1122 1627 1227 1681 hoc
1269 1633 1479 1679 tantum
1521 1623 1927 1679 animadverte—

355 1735 518 1784 mus,
569 1718 717 1790 quod
765 1717 930 1772 verba
979 1718 1134 1771 haec:
1175 1736 1193 1767 ι
1225 1715 1511 1770 Inelinavit
1554 1715 1726 1771 caalos
1754 1724 1808 1770 et
1835 1715 1930 1770 de-

357 1810 571 1866 scendit
600 1829 620 1862 ι
646 1808 713 1864 de
755 1808 959 1863 Christi
992 1824 1022 1863 e
1064 1807 1220 1863 caelis
1270 1806 1536 1861 descensu
1581 1806 1929 1877 intelligenda

358 1909 520 1967 sunt;
550 1902 666 1957 haec
691 1909 871 1956 autem
894 1920 908 1955 :
929 1920 946 1951 ι
970 1898 1216 1953 Salvabis
1240 1913 1325 1953 me
1349 1913 1379 1951 a
1401 1897 1931 1962 contradictionibus

359 1996 544 2066 populi
564 2034 580 2058 ,
616 2012 635 2047 ι
659 1993 726 2049 de
751 1992 1094 2048 circumcisis
1124 1991 1403 2052 dicuntur,
1439 1991 1531 2060 qui
1563 2005 1672 2044 non
1716 1989 1772 2044 in
1803 2004 1928 2045 eum

359 2083 742 2147 crediderunt,
776 2082 843 2138 de
869 2082 1067 2151 quibus
1094 2095 1312 2151 quoque
1337 2079 1389 2133 in
1418 2078 1560 2133 Isaia
1581 2079 1747 2135 dicit:
1774 2097 1792 2128 ι
1824 2079 1932 2133 Ex-

361 2174 525 2245 pandi
562 2188 757 2228 manus
782 2187 932 2229 meas
960 2180 1070 2228 tota
1097 2172 1185 2229 die
1207 2174 1273 2228 ad
1300 2173 1560 2246 populum
1585 2172 1927 2229 incredulum

360 2276 416 2322 et
436 2265 897 2321 contradicentem
927 2265 1004 2331 ⁹¹;
1030 2283 1047 2316 ι
1076 2271 1130 2321 et
1171 2266 1316 2335 quod
1335 2306 1352 2332 ,
1386 2283 1404 2316 ι
1433 2264 1726 2320 Custodies
1756 2279 1843 2319 me
1871 2265 1926 2318 in

360 2366 527 2430 caput
582 2358 824 2427 gentium
848 2397 863 2419 ,
894 2376 914 2409 ι
942 2366 1107 2427 atque
1129 2396 1143 2417 .
1175 2375 1193 2407 ι
1225 2356 1466 2426 Populus
1512 2372 1672 2425 quem
1734 2357 1928 2427 ignoro

362 2448 562 2503 serviet
577 2447 729 2512 mihi,
745 2447 933 2501 auditu
950 2446 1100 2501 auris
1111 2447 1365 2502 obedient
1382 2447 1511 2500 ιιιὶιιί
1531 2466 1549 2499 ι
1567 2447 1632 2501 de
1649 2447 1929 2518 gentilium

363 2540 606 2596 Ecclesia
634 2540 982 2611 praedicitur;
1004 2540 1134 2595 illud
1153 2555 1303 2601 vero.
1326 2559 1343 2590 ι
1363 2539 1482 2595 Filii
1499 2540 1658 2594 alieni
1676 2541 1935 2596 resistent

363 2634 520 2699 mlii,
543 2651 563 2685 ι
587 2633 874 2704 impiarum
896 2633 1170 2689 hzereseon
1185 2649 1400 2689 errores
1416 2634 1483 2689 de
1515 2634 1794 2689 Salvatore
1818 2649 1937 2688 om-

364 2726 420 2781 ni
444 2740 625 2795 Imque
654 2724 760 2781 Deo
793 2724 1018 2788 indicat.
1049 2740 1187 2796 quos
1207 2725 1497 2781 defluxisse
1522 2726 1625 2780 fert
1658 2724 1940 2793 Scriptura

369 2835 388 2867 ι
408 2824 718 2871 contractos
731 2815 786 2869 in
805 2816 1072 2886 angustiis
1089 2816 1224 2880 suis,
1254 2835 1271 2867 ι
1294 2816 1501 2871 scilicet
1522 2816 1578 2870 in
1590 2831 1833 2872 errorem
1854 2816 1941 2870 in-

364 2907 563 2963 ductos
592 2906 876 2963 fallacibus
892 2923 1080 2962 eorum
1097 2906 1541 2977 absconditisque
1566 2907 1935 2978 opinionibus.

2024 1173 2221 1244 ήκουσέ
2260 1188 2390 1243 μου’
2423 1173 2470 1225 οῑ
2496 1172 2600 1224 υἱοὶ
2639 1170 2903 1241 ἀλλότριοι
2937 1169 3233 1239 ἐψεύσαντό
3261 1184 3382 1240 μοι’
3414 1171 3462 1222 οἱ
3496 1170 3601 1223 υἱοὶ

2024 1264 2287 1335 ἀλλότριοι
2341 1264 2840 1337 ἀπορῤιφήσονται·
2887 1261 2980 1315 καὶ
3039 1260 3329 1330 σφαλοῦσιν
3385 1261 3451 1313 ἐκ
3495 1260 3601 1313 τῶν

2028 1354 2401 1426 συγκλεισμῶν
2449 1355 2649 1407 αὐτῶν.
2689 1375 2707 1405 ι
2739 1352 2925 1407 Ταῦτα
2970 1353 3182 1425 εἴρηται
3213 1352 3396 1424 σχεδὸν
3425 1353 3605 1415 αὐτοῖς

2031 1450 2239 1520 ῥήμασι
2289 1448 2384 1502 καὶ⁹
2441 1450 2498 1501 ἐν
2544 1446 2984 1517 ἑπτακαιδεκάτῳ
3032 1446 3250 1516 ψαλμῷ,
3297 1445 3607 1514 εὐκαιρότε-

2036 1556 2126 1612 ρον
2158 1539 2201 1592 δ’
2233 1539 2301 1593 ἂν
2335 1538 2666 1603 ἐξετάζοιτο,
2690 1537 2909 1591 ἐπειδὰν
2956 1537 3062 1591 ἀπὸ
3101 1535 3208 1589 τῶν
3233 1534 3475 1606 Ψαλμῶν
3513 1534 3607 1597 τὰς

2030 1632 2263 1701 ἐκλογὰς
2307 1631 2720 1702 ἀναλεγιὶψεθω
2762 1630 2858 1683 νῦν
2907 1631 3150 1700 μέντοιγε
3198 1626 3605 1699 παρασημειού-

2034 1723 2173 1795 μεθα
2205 1723 2335 1777 αὐτὸ
2368 1722 2544 1794 μόνον,
2571 1722 2645 1784 ὡς
2668 1721 2747 1774 ὅτι
2775 1721 2835 1774 τὸ
2868 1719 2985 1790 μὲν,
3016 1738 3035 1769 ι
3072 1720 3177 1772 Kal.
3219 1717 3422 1771 ἔκλινεν
3447 1717 3609 1788 οὑρα-

2031 1817 2155 1879 νοὺς
2206 1815 2303 1868 καὶ
2348 1814 2553 1884 κατέϐη
2597 1833 2615 1864 ι
2653 1813 2807 1866 νοοῖτ’
2855 1812 2922 1865 ἂν
2975 1811 3103 1882 περὶ
3138 1811 3237 1880 τῆς
3271 1809 3327 1877 ἐξ
3366 1810 3609 1881 οὐρανῶν

2030 1906 2382 1970 καταϐάσεως
2407 1903 2499 1958 τοῦ
2520 1903 2775 1975 Χριστοῢ’
2808 1902 2868 1956 τὸ
2891 1903 2970 1966 δὲ,
2994 1919 3012 1952 ι
3036 1900 3202 1973 Ῥύσῃ
3227 1918 3293 1972 με
3325 1899 3383 1965 ἐξ
3406 1902 3610 1954 ἀντιλο-

2038 1999 2164 2067 γίας
2197 1997 2348 2063 λαοῦ,
2383 2016 2401 2048 ι
2435 1998 2498 2049 ἐκ
2535 1993 2825 2067 προσώπου
2857 1992 3019 2047 αὑτοῦ
3059 1992 3305 2046 λέλεκται
3346 1993 3474 2064 περὶ
3502 1992 3612 2047 τῶν

2031 2093 2096 2144 ὲκ
2145 2090 2446 2162 περιτομῆς
2495 2089 2569 2160 μή
2598 2085 3036 2140 πεπιστευκότων
3069 2087 3148 2149 εἰς
3174 2085 3352 2150 αὑτὸν,
3378 2085 3506 2156 περὶ
3536 2078 3611 2139 ὧν

2032 2184 2125 2237 καὶ
2157 2186 2215 2237 ἐν
2254 2182 2452 2253 Ἡσαΐᾳ.
2483 2180 2665 2252 φησὶν,
2696 2200 2714 2230 ‹
2746 2179 2910 2250 Ὅλην
2940 2177 3037 2249 τὴν
3073 2179 3283 2249 ἡμέραν
3314 2177 3613 2242 ἐξεπέτασα

2030 2276 2129 2339 τὰς
2177 2276 2366 2348 χεῖράς
2428 2290 2529 2344 μου
2570 2273 2707 2345 πρὸς
2750 2272 2879 2326 λαὸν
2907 2271 3233 2325 ἀπειθοῦντα
3277 2270 3373 2324 καὶ
3407 2270 3614 2322 ἀντιλέ-
3718 2287 3730 2302 ν

2034 2384 2217 2437 γοντα.
2251 2388 2269 2419 ι
2308 2368 2416 2421 Καὶ
2441 2365 2608 2419 ὅτιτὸ
2645 2365 2764 2436 μὲν,
2794 2383 2812 2415 ι
2840 2366 3218 2435 Καταστήσεις
3254 2380 3319 2434 με
3345 2365 3424 2427 εἰς
3445 2379 3615 2431 κεφα-

2036 2458 2135 2529 λήν
2151 2455 2339 2521 ἐθνῶν,
2368 2477 2387 2509 ι
2407 2457 2501 2510 καὶ
2516 2457 2594 2524 τὸ,
2616 2474 2635 2508 ι
2658 2456 2798 2519 Aab;
2815 2456 2873 2510 6v
2891 2457 2991 2509 οὐκ
3014 2455 3181 2525 ἔγνων
3203 2454 3478 2509 ἐδούλευσέ
3506 2471 3615 2525 μοι*

2039 2549 2119 2612 εἰς
2143 2550 2311 2621 ἀκοήν
2338 2549 2497 2602 ὠτίου
2526 2548 2803 2620 ὑπήκουσέ
2848 2565 2969 2619 μου,
3012 2567 3029 2600 ι
3072 2550 3198 2618 περὶ
3230 2549 3327 2618 τῆς
3359 2547 3420 2612 ἐξ
3449 2546 3618 2602 ἐθνῶν

2055 2640 2378 2709 Ἐκκλησίας
2394 2642 2814 2713 προφητεύεταιο
2836 2643 2896 2695 τὸ
2912 2642 2989 2705 δὲ,
3011 2659 3028 2692 ι
3047 2641 3166 2694 Υἱολ⁹
3182 2638 3445 2709 ἀλλότριοι
3461 2638 3617 2709 ἐψεύ-

2048 2732 2207 2785 σαντό
2270 2750 2381 2803 μοι,
2421 2753 2438 2785 ι
2483 2735 2611 2804 περὶ
2658 2734 2766 2787 τῶν
2818 2734 2994 2787 ἀθέων
3038 2732 3302 2804 αἱρέσεων
3344 2729 3415 2783 τὰ
3448 2728 3618 2798 ψευδῆ

2045 2838 2114 2873 πε
2124 2822 2176 2894 pl.
2197 2822 2361 2875 αὑτοῦ
2388 2822 2491 2902 τοῦ.
2516 2824 2767 2896 Σωτῆρος
2794 2824 2888 2877 καὶ
2906 2822 2999 2877 τοῦ
3025 2821 3158 2876 Θεοῦ
3187 2821 3296 2876 τῶν
3325 2821 3459 2874 ὅλων
3489 2820 3618 2872 ἀνα-

2047 2911 2421 2977 πεπλακότων,
2472 2912 2564 2977 οὒς
2612 2915 2705 2967 καὶ
2741 2932 2759 2965 ι
2815 2911 3284 2985 ἀπορῤιφήσεσθαί
3336 2932 3354 2963 ι
3386 2927 3548 2982 φησιν
3588 2910 3619 2963 6

365 3001 522 3070 λόγος
558 3019 577 3053 ι
620 3001 1033 3069 ἀποσφαλέντας
1069 3000 1178 3055 τῶν
1231 3001 1609 3074 συγκλεισμῶν
1666 3002 1891 3069 ἑαυτῶν,
1938 3022 1958 3058 ι
1999 3007 2275 3061 τουτέστιν
2319 3009 2781 3074 ἀποπεπτωκότας
2822 3008 2929 3062 τῶν
2972 3008 3216 3063 ὑπούλων
3276 3008 3372 3063 καὶ
3424 3008 3621 3063 ἀποκε-

366 3091 699 3166 κρυμμένων
740 3094 919 3146 αὐτῶν
955 3092 1508 3164 ψευ(δο)δοξημάτων.

931 3226 1164 3283 CAPUT
1203 3227 1369 3285 XXII.

814 3338 861 3392 Ε
900 3340 1052 3393 tertio
1091 3339 1288 3410 Regum
1331 3341 1493 3396 libro.

448 3470 469 3504 ι
500 3453 565 3507 Et
597 3464 771 3513 nunc,
801 3449 1032 3507 Domine
1062 3451 1204 3509 Deus
1232 3453 1399 3508 Israel
1420 3496 1433 3517 .
1467 3453 1753 3530 ﬁrmentur
1778 3456 1943 3511 verba

372 3553 498 3611 tua,
543 3561 665 3615 qum
694 3546 907 3602 locutus
948 3562 1008 3601 es
1058 3563 1218 3604 servo
1263 3556 1359 3603 tuo
1402 3548 1571 3604 David
1615 3548 1757 3619 patri
1801 3563 1941 3603 meo.

374 3637 589 3710 Ergone
614 3638 913 3709 putandum
941 3644 1026 3693 est
1051 3639 1196 3708 quod
1226 3655 1350 3695 vere
1376 3638 1518 3696 Deus
1545 3640 1750 3694 habitet
1779 3636 1962 3708 super’

375 3738 599 3795 terram,
651 3730 697 3784 si
729 3730 874 3785 enim
902 3731 1099 3784 caelum
1130 3738 1185 3786 et
1212 3733 1335 3785 coeli
1365 3732 1629 3786 emlorum
1671 3740 1723 3785 te
1751 3746 1946 3800 capere

374 3835 485 3874 non
512 3831 739 3889 possunt
766 3820 848 3873 "‘l
878 3841 897 3873 ι
928 3819 1064 3875 Fere
1093 3821 1160 3875 iis
1189 3821 1389 3875 similia
1421 3822 1477 3876 in
1508 3823 1751 3877 secundo
1779 3821 1945 3875 Para-

373 3912 685 3980 lipomenon
716 3910 859 3965 libro
890 3924 921 3964 a
954 3909 1249 3967 Salomone
1279 3912 1425 3966 dicta
1455 3920 1583 3966 sunt
1632 3913 1686 3966 in
1731 3928 1831 3967 sua
1877 3913 1943 3967 ad

377 3999 545 4056 Deum
575 4002 824 4057 oratione
849 4002 918 4057 ”.
951 4001 1235 4057 Manifeste
1265 4002 1428 4074 igitur
1454 4002 1542 4057 hic
1569 4018 1786 4073 quoque
1807 4018 1945 4073 prae-

378 4088 514 4147 dicit
544 4088 688 4146 Deus
717 4107 777 4147 se
806 4106 932 4145 cum
963 4092 1275 4148 hominibus
1326 4107 1490 4161 super
1537 4099 1738 4147 terram
1790 4093 1945 4147 habi-

377 4188 622 4236 taturum
677 4198 821 4238 esse.
866 4182 1023 4249 Quod
1079 4184 1296 4253 quidem
1341 4183 1501 4238 nobis
1540 4185 1814 4253 expletum
1863 4192 1948 4239 est

375 4269 582 4328 Christi
611 4274 846 4329 adventu
864 4312 879 4338 ,
902 4289 1012 4344 quo
1037 4272 1181 4329 Deus
1200 4272 1437 4329 Verbum
1471 4274 1793 4329 incarnatus
1820 4287 1944 4328 cum

379 4361 660 4418 hominum
691 4378 889 4434 genere
918 4371 1294 4420 commoratus
1323 4371 1430 4418 est.

930 4493 1158 4550 CAPUT
1197 4493 1391 4551 XXIII.

2556 3232 2949 3287 ΚΕΦΑΔΑῘΟΝ
2990 3230 3120 3285 KB’.

2417 3349 2505 3401 Εκ
2537 3345 2649 3413 τῆς
2677 3352 2725 3415 γ’
2766 3344 2886 3398 τῶν
2920 3343 3273 3400 Βασιλειῶν.

2120 3476 2139 3509 ι
2159 3456 2272 3510 Kal.
2287 3456 2401 3520 νῦν,
2419 3455 2593 3526 Κύριε
2608 3457 2636 3508 6
2649 3454 2777 3517 Θεὸς
2792 3454 3030 3527 Ἰσραὴλ,
3044 3454 3367 3525 πιστωθήτω
3382 3455 3447 3526 δὴ
3458 3453 3519 3509 τὸ
3535 3454 3627 3528 ῥῆ-

2050 3548 2127 3620 μά
2153 3566 2269 3611 σου,
2297 3548 2327 3601 ὃ
2353 3547 2621 3618 ὲλάλησας
2655 3546 2732 3617 τῷ
2760 3546 2909 3599 παιδί
2938 3562 3030 3598 σου
3059 3544 3136 3616 τῷ
3165 3546 3326 3599 Δαυὶδ
3352 3546 3430 3617 τῷ
3460 3547 3624 3621 πατρί

2049 3657 2150 3709 μου
2172 3656 2183 3669 '
2208 3640 2289 3692 ὅτι
2323 3640 2373 3690 εἰ
2397 3637 2612 3708 ἀληθῶς
2637 3638 2951 3708 κατοικήσει
2966 3638 2994 3689 6
3012 3636 3144 3700 Θεὸς
3166 3637 3302 3708 μετὰ
3325 3637 3623 3709 ἀνθρώπων

2046 3732 2139 3784 ἐπὶ
2148 3732 2246 3802 τῆς
2262 3733 2383 3801 γῆς,
2396 3732 2444 3783 εἰ
2462 3733 2490 3784 ὁ
2505 3729 2727 3800 οὐρανὸς
2742 3728 2836 3781 τοῦ
2856 3727 3084 3799 οὐρανοῦ
3101 3729 3200 3781 οὑκ
3216 3729 3439 3799 ἀρκέσει
3454 3746 3535 3781 σοι
3554 3746 3568 3792 ;
3599 3746 3619 3781 ι

2047 3826 2127 3879 Τὰ
2168 3825 2525 3896 παραπλήσια
2559 3823 2770 3886 τούτοις
2790 3822 2882 3875 καὶ
2904 3825 2962 3876 ἐν
2985 3824 3051 3893 τῇ
3080 3821 3306 3892 δευτέρᾳ
3326 3821 3433 3873 τῶν
3450 3822 3628 3892 Παρα-

2046 3917 2375 3988 λειπομένων
2402 3916 2506 3969 ὑπὸ
2525 3915 2618 3969 τοῦ
2639 3913 2945 3985 Σολομῶνος
2964 3912 3175 3983 εἴρηται
3200 3916 3257 3966 ὲν
3278 3916 3341 3983 τῇ
3368 3912 3503 3984 πρὸς
3534 3912 3627 3966 τὸν

2050 4010 2113 4079 (ι.
2149 4010 2212 4064 16
2246 4012 2319 4080 ν’)
2361 4008 2491 4061 Θεὸν
2542 4008 2697 4079 εὐχῇ.
2724 4005 2916 4075 Σαφῶς
2942 4001 3034 4059 οὖν
3072 4006 3166 4058 καὶ
3196 4004 3381 4059 ἐνθάδε
3413 4020 3626 4075 προφη-

2048 4100 2260 4155 τεύεται
2298 4103 2328 4153 6
2370 4099 2501 4163 Θεὸς
2531 4099 2878 4169 κατοικήσειν
2913 4096 3049 4168 μετὰ
3079 4093 3378 4167 ἀνθρώπων
3406 4096 3500 4147 ἐπὶ
3526 4096 3625 4166 τῆς

2049 4193 2184 4263 γῆς’
2229 4192 2259 4245 ὃ
2310 4193 2404 4246 καὶ
2435 4192 2566 4245 αὐτὸ
2617 4192 2790 4264 πέρας
2837 4189 3026 4262 εἴληφε
3083 4189 3205 4242 καθ’
3244 4190 3392 4259 ἡμᾶς
3426 4187 3518 4240 ἐπὶ
3556 4191 3621 4258 τῇ

2048 4283 2284 4357 Χριστοῦ
2319 4284 2583 4356 γενομένῃ
2623 4282 2916 4354 παρουσία,
2957 4281 3077 4334 καθ’
3111 4283 3177 4350 ἣν
3219 4281 3248 4332 6
3294 4280 3425 4343 Θεὸς
3455 4279 3625 4347 Λόγος

2051 4376 2477 4448 ἐνανθρωπήσας
2510 4374 2847 4447 συνδιέτριψε
2872 4372 2949 4444 τῷ
2981 4374 3129 4442 γένει
3156 4372 3265 4425 τῶν
3306 4370 3623 4444 ἀνθρώπων.

2563 4508 2958 4564 ΚΕΦΑΛΑΙΟΝ
2992 4508 3118 4562 Kl".

383 4607 432 4663 E
449 4607 621 4677 primo
645 4606 1088 4676 Paralipomenon
1116 4608 1271 4663 libro.
1329 4607 1549 4663 Nathan
1590 4608 1658 4663 ad
1698 4608 1938 4667 Davidem

2065 4603 2179 4677 'Ea
2202 4600 2323 4677 τῆς
2357 4607 2408 4654 a’
2437 4597 2557 4677 τῶν
2589 4598 3143 4677 ῌαρᾳὶειαξομέιςωφξ
3184 4598 3246 4652 '0
3274 4599 3489 4677 Κύριος
3527 4596 3628 4677 διὰ

829 4689 943 4749 post
976 4679 1088 4734 alia
1114 4689 1162 4732 et
1192 4680 1302 4737 hwc
1333 4679 1487 4734 dicit.

458 4873 477 4906 ι
504 4854 751 4925 Cumque
782 4852 1091 4924 impleveris
1119 4853 1239 4911 dies
1280 4865 1403 4909 tuos
1425 4895 1439 4919 ,
1473 4861 1532 4908 ut
1560 4854 1727 4910 vadas
1756 4855 1823 4909 ad
1855 4871 1950 4926 pa—

382 4955 495 5001 tres
525 4956 676 5009 tuos,
708 4945 990 4999 suscitabo
1017 4959 1206 5000 semen
1232 4952 1385 4999 tuum
1412 4952 1536 5014 post
1566 4954 1648 5013 te,
1676 4945 1822 5015 quod
1848 4946 1955 5000 erit

382 5035 452 5090 de
481 5036 607 5091 liliis
638 5036 750 5092 tuis
776 5054 790 5090 :
833 5044 886 5090 et
916 5036 1189 5091 stabiliam
1221 5051 1450 5106 regnum
1477 5036 1597 5107 ejus
1624 5054 1639 5103 ;
1674 5037 1791 5109 ipse
1819 5036 1953 5092 aedi-

385 5126 566 5182 ﬁcabit
597 5127 729 5183 mihi
759 5126 979 5181 domum
1006 5167 1021 5191 ,
1057 5136 1112 5182 et
1142 5125 1370 5181 firmabo
1400 5128 1597 5183 solium
1624 5128 1745 5198 ejus
1778 5145 1955 5198 usque

385 5218 441 5273 in
468 5225 750 5275 aeternum.
779 5217 888 5289 Ego
914 5234 1009 5273 ero
1037 5218 1112 5273 illi
1137 5219 1193 5273 in
1220 5228 1451 5291 patrem,
1479 5228 1533 5275 et
1559 5222 1673 5291 ipse
1698 5221 1803 5274 erit
1828 5220 1958 5275 mihi

384 5309 443 5367 in
475 5311 645 5365 filium
673 5328 687 5375 ;
718 5318 774 5365 et
815 5309 1249 5366 misericordiam
1276 5327 1446 5366 meam
1480 5326 1587 5365 non
1620 5310 1860 5365 auferam
1889 5310 1959 5363 ab

384 5414 453 5457 eo
473 5440 488 5462 .
524 5402 668 5456 sicut
695 5401 897 5456 abstuli
931 5401 998 5455 ab
1021 5417 1085 5455 eo
1108 5402 1201 5472 qui
1231 5414 1355 5458 ante
1384 5411 1437 5457 te
1468 5402 1589 5457 fuit.
1629 5402 1691 5455 Et
1721 5408 1957 5455 statuam

387 5507 511 5548 eum
542 5493 597 5549 in
631 5493 797 5548 domo
822 5508 942 5548 mea
963 5532 978 5560 ,
1010 5501 1065 5549 et
1093 5494 1146 5549 in
1187 5509 1356 5568 regno
1383 5510 1507 5549 meo
1532 5508 1708 5563 usque
1736 5493 1792 5547 in
1823 5507 1959 5548 sem-

2127 4667 2331 4795 Ιὶέὶθάν
2370 4671 2519 4741 πρὸς
2561 4667 2686 4724 τὸνί
2713 4668 2894 4724 Δαυὶδ
2928 4667 3059 4737 μεθ’
3109 4668 3279 4738 ἕτερα
3322 4668 3420 4722 καὶ
3446 4667 3631 4721 ταῦτα

2130 4781 2142 4795 .
2203 4758 2312 4795 τει.

2130 4758 2312 4810 .ιεγει.

2135 4873 2153 4906 ι
2188 4854 2298 4907 Kal.
2346 4853 2499 4907 ἔσται
2521 4854 2649 4907 ὃταν
2679 4849 3037 4922 πληρωθῶσιν
3076 4852 3132 4904 αἱ
3158 4850 3363 4921 ἡμέραι
3397 4867 3511 4919 σου,
3538 4851 3633 4904 καὶ

2056 4941 2368 5015 κοιμηθήσῃ
2402 4942 2539 5013 μετά
2566 4941 2675 4994 τῶν
2707 4941 2957 5011 πατέρων
2987 4957 3102 5005 σου,
3133 4942 3228 4993 καὶ
3253 4942 3538 5012 ἀναστήσω
3569 4941 3634 4994 τὸ

2061 5035 2285 5106 σπέρμα
2331 5050 2425 5086 σου
2478 5032 2615 5104 μετά
2649 5031 2731 5096 σὲ,
2758 5031 2817 5095 ὃς
2843 5030 2995 5085 ἐσται
3036 5032 3101 5084 ἐκ
3135 5031 3235 5101 τῆς
3263 5031 3467 5095 κοιλίας
3500 5050 3593 5085 σου
3614 5049 3628 5061 ο

2058 5127 2152 5180 καὶ
2199 5125 2471 5195 ἑτοιμάσω
2496 5125 2595 5197 τήν
2629 5122 2901 5196 βασιλείαν
2939 5138 3034 5175 σου
3054 5139 3067 5152 ’
3103 5123 3263 5187 αὐτὸς
3287 5124 3633 5195 οἰκοδομήσει

2064 5236 2152 5289 μοι
2201 5213 2381 5271 οἶκον*
2418 5219 2510 5271 καὶ
2558 5214 2851 5288 ἀνορθώσω
2904 5214 2995 5268 τὸν
3037 5213 3225 5285 θρόνον
3268 5216 3433 5270 αὐτοῦ
3458 5233 3472 5247 ’
3520 5215 3632 5286 ἐγὼ

2063 5311 2255 5380 ἔσομαι
2275 5309 2422 5380 αὐτῷ
2444 5311 2522 5373 εἰς
2539 5308 2769 5379 πατέρα,
2794 5308 2887 5361 καὶ
2908 5308 3068 5371 αὐτὸς
3094 5306 3244 5362 ἔσται
3269 5325 3359 5379 μοι
3385 5311 3466 5372 εἰς
3486 5309 3627 5363 υἱόνο

2065 5399 2157 5452 καὶ
2188 5399 2248 5452 τὸ
2278 5397 2423 5462 ἔλεός
2460 5413 2560 5468 μου
2592 5397 2691 5449 οὑκ
2722 5398 3015 5468 ἀποστήσω
3057 5397 3153 5448 ἀπ’
3179 5397 3367 5461 αὑτοῦ,
3407 5398 3484 5462 ὠς
3525 5399 3628 5451 ἀπ-

2065 5490 2269 5561 έστησα
2298 5488 2405 5542 ἀπὸ
2436 5489 2545 5542 τῶν
2566 5488 2875 5563 ἔμπροσθέν
2904 5505 2997 5542 σου
3018 5505 3031 5520 ·
3060 5490 3152 5543 καὶ
3185 5488 3443 5544 πιστώσω
3470 5488 3631 5545 αὑτὸν

458 5665 503 5697 ⁸⁸
538 5666 585 5743 _II
621 5666 937 5743 Reg._xxu,
976 5672 1023 5725 l.
1100 5673 1145 5706 ⁸⁹
1203 5671 1333 5729 ibid.
1377 5674 1469 5730 I0;
1537 5673 1583 5705 ’°
1623 5671 1757 5729 ibid.
1823 5671 1938 5727 Hal

2085 5673 2126 5705 "
2171 5671 2275 5729 Isa.
2335 5687 2458 5739 va,
2497 5673 2550 5728 2.
2629 5673 2673 5706 ’³
2711 5668 2777 5726 Ill
2808 5668 2943 5743 Reg.
2982 5687 3113 5739 vm,
3179 5672 3279 5740 26',
3331 5672 3424 5729 27.
3499 5672 3547 5707 ⁸³
3588 5667 3634 5724 ιι

388 5735 575 5794 Paral.
616 5735 826 5801 v1.17.
