4106 6420
422 364 564 420 1085

1443 366 1738 424 ECLOGA]
1780 366 2258 424 PROPHETICIE.
2300 395 2364 406 —
2394 365 2520 424 LIB.
2564 369 2605 420 Ι.

3525 322 3672 421 inse

423 491 484 542 ὲν
515 486 650 558 οἴκῳ
682 504 782 558 μου
813 488 907 540 καὶ
928 487 986 539 ἐν
1018 486 1263 559 βασιλείᾳ
1295 485 1458 540 αὐτοῦ
1486 488 1590 550 ἓως
1612 486 1826 551 αἰῶνος,
1858 489 1950 541 καὶ
1972 490 1999 540 6

2127 487 2382 556 piternum
2410 506 2422 542 :
2455 493 2508 540 et
2535 486 2770 542 thronus
2799 485 2922 556 ejus
2950 484 3054 539 erit
3088 483 3439 540 ﬁrmissimus
3467 485 3520 539 in
3555 503 3675 555 per-

425 581 611 652 θρόνος
641 581 804 638 αὑτοῦ
838 580 1226 651 ἀνωρθωμένος
1253 579 1356 644 ἕως
1383 580 1595 644 αἰῶνος.
1630 599 1648 630 ι
1681 581 1787 632 Καὶ
1808 578 1996 644 ταῦτα,

426 675 588 744 ὃμοια
619 671 749 726 ὅντα
775 675 885 734 τοῖς
909 673 971 724 ὲκ
999 673 1098 741 τῆς
1128 670 1383 741 δευτέρας
1414 670 1519 724 τῶν
1556 668 1846 722 Βασιλειῶν
1878 687 2003 741 προ-

2109 591 2330 648 petuum
2361 579 2428 632 ’*.
2458 599 2475 630 ι
2493 577 2619 633 Haec
2647 577 2846 632 similia
2879 577 2946 632 iis
2973 592 3092 646 qua:
3117 576 3173 630 in
3200 577 3440 630 secundo
3466 575 3672 646 Regum

2106 671 2247 727 libro
2273 671 2582 726 notavimus
2614 670 3133 741 explanavimusque
3156 707 3171 732 ,
3200 683 3311 722 non
3341 668 3570 721 multum
3606 667 3674 721 ab

429 764 762 834 εκτεθείσης,
800 763 1258 834 σημειωσάμενοι,
1287 762 1376 816 διὰ
1415 762 1476 815 τὸ
1509 764 1584 833 μὴ
1627 761 1824 834 πολλὴν
1863 758 2001 816 εἶναι

2127 763 2312 818 :isdem
2355 762 2650 817 differunt:
2695 776 2868 832 quare
2913 759 2979 814 ad
3024 758 3279 830 praedicta
3318 759 3422 814 hoc
3463 759 3517 813 in
3555 759 3675 815 loco

429 858 526 929 τὴν
555 856 756 910 τούτων
797 856 932 926 πρὸς
957 858 1141 910 ἐκεῖνα
1171 854 1521 927 παραλλαγὴν
1553 854 2004 930 ἀρκεσθησόμεθα.

431 955 542 1015 τοῖς
575 952 653 1014 εἰς
685 953 864 1003 ἐκεῖνα
901 950 1230 1022 εἰρημένοις.

933 1086 1328 1142 ΚΕΦΑΛΑΙΟΝ
1374 1087 1498 1140 ΚΔθ.

712 1202 813 1256 Ἐκ
842 1200 953 1270 τῆς
984 1201 1030 1253 6'
1063 1198 1181 1254 τῶν
1219 1196 1770 1269 Παραλειπομένων.

508 1333 527 1365 ι
575 1312 685 1368 Καὶ
722 1311 838 1375 νῦν,
887 1312 1058 1382 Κύριε
1095 1314 1123 1364 6
1152 1311 1283 1373 Θεὸς
1329 1309 1563 1382 Ἰσραὴλ,
1588 1309 1910 1379 πιστωθήτω
1941 1307 2004 1379 δὴ

431 1406 494 1460 τὸ
521 1406 670 1478 ῥῆμά
697 1422 810 1467 σου,
842 1404 870 1456 ὃ
902 1403 1169 1474 ὲλάλησας
1195 1401 1273 1472 τῷ
1307 1401 1454 1454 παιδί
1484 1418 1577 1453 σου
1609 1399 1686 1470 τῷ
1716 1399 1897 1462 Δαυίδ,
1925 1399 2006 1450 ὅτι

431 1493 647 1564 ἀληθῶς
662 1493 977 1561 κατοικήσει
997 1494 1023 1544 6
1036 1490 1166 1553 Θεὸς
1192 1489 1329 1560 μετά
1345 1488 1440 1542 ἀνθ
1449 1488 1643 1561 ρώπων
1665 1489 1754 1540 ἐπὶ
1770 1488 1866 1558 τῆς
1881 1487 2006 1557 γῆς,

434 1591 483 1642 εἰ
515 1589 543 1640 6
564 1587 789 1658 οὐρανὸς
814 1585 950 1640 καὶό
973 1583 1198 1655 οὐρανὸς
1225 1581 1317 1640 τοῦ
1335 1580 1559 1654 οὐρανοῦ
1586 1581 1684 1635 οὐκ
1721 1578 2009 1650 ἀρκέσουσί

436 1698 540 1734 σοι.
578 1700 595 1732 ι
636 1681 744 1734 Καὶ
777 1681 855 1742 εἰς
892 1676 1062 1730 ταῦτα
1101 1675 1380 1748 εἰρηκότες
1412 1673 1558 1739 ἅπαξ
1600 1675 1688 1726 ὅτε
1718 1672 1786 1724 τά
1817 1673 1880 1724 ἐκ
1911 1671 2010 1740 τῆς

433 1780 484 1842 γ’
518 1772 626 1827 τῶν
659 1769 954 1828 Βασιλειῶν
992 1768 1306 1838 ὲξεθέμεθα,
1341 1764 1435 1819 νῦν
1485 1766 1544 1819 οὺ
1583 1764 2002 1834 δευτερὼσομεν.

935 1903 1331 1957 ΚΕΦΑΛΑΙΟΝ
1377 1899 1506 1955 KE'.

450 2019 554 2073 Ἕκ
595 2016 703 2072 τοῦ
739 2015 928 2086 Ἔφα.
979 2015 1040 2067 '0
1083 2012 1413 2086 Ζοροϐάϐελ
1459 2013 1530 2064 ἐν
1579 2008 1652 2079 τῇ
1689 2009 2016 2080 δημηγορίᾳ

1016 2083 1202 2138 ταῦτά
1235 2097 1443 2153 φησιν.

517 2224 535 2255 ι
561 2200 942 2274 Ἀνδρες,οὐχὶ
979 2199 1193 2270 ἰσχυραὶ
1224 2199 1279 2251 αἱ
1298 2199 1598 2265 .γυναῖκες;
1629 2195 1834 2265 μεγάλη
1870 2195 1903 2265 ή
1945 2194 2014 2264 γῆ

439 2294 535 2348 καὶ
569 2294 769 2364 ὑψηλὸς
801 2295 828 2346 6
857 2291 1106 2362 οὐρανός⁸
1139 2289 1233 2342 καὶ
1271 2289 1439 2357 ταχὺς
1462 2287 1537 2360 τῷ
1572 2286 1756 2357 δρόμῳ
1780 2287 1808 2338 6
1836 2285 2012 2354 ἣλιος·

440 2385 522 2439 ὅτι
572 2385 860 2455 στρέφεται
904 2384 960 2434 ὲν
989 2379 1064 2450 τῷ
1106 2378 1290 2450 κύκλῳ
1317 2377 1412 2431 τοῦ
1448 2376 1700 2448 οὐρανοῦ,
1732 2375 1825 2428 καί
1857 2375 2016 2428 πάλιν

441 2478 733 2548 ἀποτρέχει
779 2478 858 2538 εἰς
898 2477 988 2528 τὸν
1021 2471 1212 2526 ἑαυτοῦ
1235 2470 1401 2523 τόπον
1427 2471 1483 2522 ὲν
1512 2469 1695 2540 ἡμέρα
1733 2468 1862 2537 μιᾷ’
1897 2467 2018 2535 οὐχὶ

447 2573 618 2644 μέγας
657 2571 716 2634 ὃς
757 2569 929 2623 ταῦτα
987 2569 1161 2630 ποιεῖ,
1195 2567 1287 2618 καὶ
1318 2567 1350 2636 ἡ
1386 2565 1613 2635 ἀλήθεια
1663 2561 1894 2633 μεγάλη,
1925 2561 2018 2614 καὶ

447 2666 643 2738 ἰσχυρά
671 2663 818 2737 παρὰ
845 2663 1054 2728 πάντα;
1087 2664 1235 2715 πᾶσα
1266 2661 1298 2731 ἡ
1331 2659 1403 2728 γῆ
1447 2658 1543 2728 τὴν
1577 2656 1834 2726 ἀλήθειαν
1864 2655 2020 2708 καλεῖ

446 2756 543 2814 καὶ
593 2758 621 2808 6
664 2753 888 2825 οὐρανὸς
928 2752 1097 2824 αὐτὴν
1151 2751 1388 2818 εὐλογεῖ’
1424 2750 1518 2802 καὶ
1544 2747 1724 2804 πάντα
1766 2746 1833 2800 τὰ
1883 2744 2021 2820 ἔργα

447 2848 650 2903 σείεται
680 2849 774 2902 καὶ
805 2847 1029 2918 τρέμει·
1061 2845 1156 2900 καὶ
1179 2844 1279 2896 οὐκ
1311 2842 1425 2895 ἐστι
1463 2842 1576 2912 μετ’
1615 2839 1780 2893 αὐτοῦ
1825 2838 1932 2891 οὐδ’
1963 2837 2020 2890 ἓν

445 2939 657 2994 ἀδικονο
705 2939 886 3000 ἄδικος
906 2939 934 2989 6
961 2932 1100 2999 οἶνος
1121 2951 1134 2965 θ
1165 2934 1346 2997 ἄδικος
1383 2932 1411 2983 6
1448 2930 1698 3002 βασιλεύς
1717 2944 1732 2959 ·
1764 2928 1935 2982 ἄδικοι
1963 2927 2020 2980 αί

447 3034 699 3099 γυναῖκες
716 3046 730 3060 ο
757 3031 928 3084 ἄδικοι
954 3029 1001 3080 οἱ
1033 3028 1137 3080 υἱοὶ
1164 3025 1272 3079 τῶν
1301 3022 1630 3096 ἀνθρώπων
1657 3021 1750 3075 καὶ
1771 3020 1929 3076 ἄδικα
1953 3019 2023 3073 τά

447 3124 585 3194 ἔργα
641 3121 825 3187 αὐτῶν¹
881 3120 1057 3173 πάντα
1101 3117 1169 3171 τὰ
1210 3116 1464 3169 τοιαῦτα’
1500 3115 1594 3168 καὶ
1631 3113 1730 3166 οὐκ
1777 3113 1923 3165 ἐστιν
1966 3113 2023 3164 ὲν

2111 855 2464 912 remittimus.

2661 1032 2887 1089 CAPUT
2929 1032 3112 1088 XXIV.

2395 1142 2442 1197 Ε
2473 1143 2701 1199 secundo
2743 1144 3190 1212 Paralipomenon
3231 1145 3389 1199 libro.

2185 1320 2204 1354 ι
2237 1301 2302 1355 Ει
2335 1317 2515 1365 nunc,
2561 1299 2787 1356 Domine
2817 1300 2961 1356 Deus
2990 1299 3188 1365 Israel,
3220 1300 3464 1355 firmetur
3497 1312 3677 1354 sermo

2112 1402 2275 1458 tuus,
2323 1408 2486 1462 quem
2544 1393 2758 1448 locutus
2797 1410 2856 1448 es
2903 1409 3060 1446 servo
3102 1400 3196 1445 tuo
3230 1391 3416 1446 David.
3467 1391 3680 1462 Ergone

2113 1487 2373 1541 credibile
2402 1493 2489 1541 est
2523 1495 2581 1538 ut
2608 1485 2819 1539 habitet
2851 1483 2993 1539 Deus
3025 1498 3146 1538 cum
3179 1484 3486 1538 hominibus
3517 1499 3681 1553 super

2113 1588 2351 1643 terram,
2398 1581 2445 1633 si
2494 1578 2696 1632 coelum
2741 1585 2795 1630 et
2839 1576 2965 1630 cmli
3017 1576 3280 1630 caelorum
3331 1591 3437 1629 non
3494 1585 3542 1629 te
3589 1592 3681 1629 ca-

2114 1671 2270 1742 piunt
2300 1671 2389 1724 ’3?
2417 1691 2435 1722 ι
2473 1669 2590 1724 Jam
2623 1685 2799 1740 nuper
2828 1684 2890 1723 ea
2927 1670 2979 1722 in
3014 1666 3221 1738 Regum
3255 1668 3394 1722 libro
3423 1669 3681 1738 explana-

2114 1764 2290 1817 vimus
2310 1802 2326 1826 ,
2360 1776 2460 1816 nec
2490 1775 2611 1832 quae
2645 1761 2890 1814 diximus
2922 1759 3169 1813 iteranda
3198 1773 3503 1814 censemus.

2664 1894 2894 1951 CAPUT
2957 1893 3122 1950 XXV.

2118 2011 2202 2067 Ea:
2233 2010 2422 2067 Esdrre
2451 2009 2605 2065 libro.
2651 2008 2779 2062 Haec
2813 2006 3106 2060 Zorobabel
3133 2021 3311 2060 coram
3338 2007 3529 2076 populo
3570 2021 3687 2059 con-

2683 2080 2927 2132 cionatus
2957 2076 3105 2130 dicit.

2192 2216 2210 2248 ι
2241 2195 2286 2252 Ο
2320 2195 2442 2260 viri,
2475 2209 2657 2248 nonne
2707 2193 2874 2247 fortes
2907 2198 3034 2246 sunt
3055 2190 3357 2244 mulieres?
3389 2188 3578 2258 Magna
3603 2194 3688 2244 est

2116 2298 2295 2351 terra,
2346 2297 2401 2344 et
2448 2288 2725 2343 excelsum
2771 2292 2854 2340 est
2897 2283 3137 2338 caelum:
3185 2289 3238 2336 et
3282 2282 3436 2335 velox
3487 2295 3686 2338 cursus

2121 2381 2255 2436 solis
2297 2379 2569 2434 convertit
2607 2382 2661 2432 in
2708 2391 2842 2447 gyro
2886 2375 3085 2428 cmlum
3131 2373 3182 2426 in
3223 2373 3398 2425 locum
3446 2388 3602 2426 suum
3631 2373 3686 2423 i:

2121 2487 2230 2526 una
2276 2472 2386 2526 die.
2441 2471 2636 2525 Nonne
2679 2467 3000 2538 magniﬁcus
3044 2473 3126 2519 est
3170 2466 3262 2534 qui
3294 2466 3408 2518 haec
3439 2462 3602 2524 facit.
3634 2469 3690 2515 et

2121 2563 2328 2618 veritas
2374 2576 2605 2631 magna,
2653 2568 2706 2615 et
2758 2559 2950 2613 fortior
2996 2573 3106 2627 pra
3155 2551 3452 2611 omnibus?
3497 2550 3690 2605 Omnis

2120 2661 2269 2706 terra
2301 2652 2585 2705 veritatem
2621 2650 2870 2711 invocat,
2903 2650 3101 2701 coelum
3131 2645 3294 2699 etiam
3327 2644 3502 2713 ipsam
3528 2642 3691 2695 bene-

2121 2743 2254 2798 dicit
2275 2782 2289 2805 ,
2321 2749 2374 2796 et
2404 2741 2590 2794 omnia
2621 2753 2785 2809 opera
2816 2745 3124 2798 moventur,
3156 2741 3210 2789 et
3250 2741 3490 2786 tremunt
3531 2746 3650 2783 eam
3675 2769 3690 2794 ,

2126 2844 2181 2891 et
2209 2851 2318 2890 non
2350 2841 2435 2889 est
2463 2848 2585 2886 cum
2617 2848 2680 2886 ea
2711 2831 3006 2902 quidquam
3041 2829 3308 2898 iniquum.
3350 2823 3552 2878 Vinum
3590 2811 3694 2876 ini-

2126 2943 2294 3000 quum
2318 2967 2332 2991 ,
2365 2927 2588 2996 iniquus
2614 2941 2709 2980 rex
2731 2965 2745 2989 ,
2776 2925 2975 2993 iniquae
3001 2923 3284 2984 mulieres.
3313 2919 3482 2988 iniqui
3505 2919 3694 2971 omnes

2129 3017 2224 3073 ﬁlii
2255 3018 2576 3083 hominum,
2607 3025 2660 3072 et
2705 3017 2889 3086 iniqua
2925 3016 3140 3069 illorum
3185 3013 3367 3068 omnia
3408 3024 3608 3080 opera,
3639 3015 3696 3062 et

2130 3125 2240 3164 non
2273 3117 2357 3164 est
2385 3109 2439 3162 in
2471 3110 2605 3177 ipsis
2640 3108 2847 3162 veritas
2871 3147 2885 3172 ,
2922 3113 2976 3160 et
3011 3106 3064 3157 in
3113 3119 3210 3157 sua
3246 3101 3534 3170 iniquitate
3573 3112 3698 3169 per-

449 3170 585 3194 -nw

446 3213 631 3276 αὑτοῖς
661 3211 884 3282 ἀλήθεια
903 3227 914 3240 ·
948 3210 1041 3261 καὶ
1074 3209 1130 3259 ὲν
1161 3209 1226 3277 τῇ
1257 3205 1438 3275 ἀδικίᾳ
1458 3203 1635 3256 αὐτῶν
1668 3201 2020 3256 ἀπολοῦνται·

2131 3203 2288 3258 ibunt
2314 3222 2326 3252 :
2355 3210 2410 3255 et
2439 3202 2644 3255 veritas
2674 3207 2892 3261 manet,
2919 3204 2972 3251 et
3004 3195 3285 3249 invalescit
3315 3195 3366 3245 in
3394 3201 3654 3246 aeternum
3679 3228 3696 3253 ,

448 3303 545 3357 καὶ
583 3305 616 3374 ὴ
665 3301 892 3372 ἀλήθεια
947 3298 1094 3370 μένει
1142 3299 1220 3359 εἰς
1263 3296 1356 3348 τὸν
1393 3293 1584 3356 αἰῶνα,
1616 3292 1712 3346 καὶ
1748 3291 1918 3362 ἰσχύει
1946 3292 2025 3353 εἰς

446 3395 538 3449 τὸν
592 3394 784 3455 αἰῶνα,
830 3392 924 3443 καὶ
978 3388 1042 3460 ζῇ
1095 3389 1189 3442 καὶ
1228 3389 1420 3458 κρατεῖ
1451 3388 1531 3449 εἰς
1590 3385 1678 3437 τὸν
1724 3383 1895 3436 αἰῶνα
1929 3379 2023 3434 τοῦ

449 3486 672 3548 αἰῶνοςο
732 3483 826 3536 καὶ
880 3482 978 3534 οὐκ
1026 3480 1141 3532 ἔστι
1195 3481 1325 3549 παρ’
1353 3478 1488 3548 αὐτῇ
1534 3475 1717 3533 λαϐεῖν
1759 3474 2026 3544 πρόσωπα

449 3576 571 3630 οὐδὲ
602 3575 858 3645 διαφοράο
894 3571 1028 3629 ἀλλὰ
1063 3571 1130 3626 τὰ
1158 3571 1341 3627 δίκαια
1369 3571 1509 3626 ποιεῖ
1539 3567 1645 3622 ἀπὸ
1679 3567 1896 3620 πάντων
1918 3563 2025 3616 τῶν

451 3668 649 3721 ἀδίκων
705 3666 798 3718 καὶ
848 3661 1124 3733 πονηρῶν·
1168 3659 1429 3729 ἀπέχεται
1480 3659 1717 3720 καὶτοῖς
1749 3653 2028 3708 εὐδοκοῦσι

449 3761 562 3821 τοῖς
588 3757 769 3829 ἔργοις
803 3755 970 3825 αὐτῆς
991 3770 1006 3786 ο
1035 3753 1128 3806 καὶ
1153 3753 1252 3804 οὐκ
1282 3751 1425 3802 ἔστιν
1455 3751 1511 3801 ὲν
1547 3750 1612 3818 τῇ
1648 3747 1826 3818 κρίσει
1857 3744 2028 3814 αὐτῆς

451 3850 606 3902 οὐθὲν
659 3849 841 3902 ἄδικον
861 3864 875 3880 ’
912 3846 1018 3900 καί
1053 3845 1231 3912 αὐτῆς
1255 3844 1288 3912 ἡ
1321 3842 1471 3910 ἰσχὺς
1508 3840 1602 3891 καὶ
1627 3838 1687 3891 τὸ
1719 3835 1986 3908 βασίλειον
2012 3850 2024 3864 ·

453 3943 546 3994 καὶ
580 3943 612 4011 ὴ
656 3940 873 4006 ἐξουσία
903 3939 996 3990 καὶ
1022 3939 1054 4007 ή
1085 3934 1437 4006 μεγαλειότης
1468 3931 1685 3986 πάντων
1713 3929 1822 3984 τῶν
1849 3927 1912 3991 (Γ.
1940 3927 2027 3997 17)

453 4032 697 4086 αἰώνων*
729 4030 1018 4099 εὐλογητὸς
1046 4031 1074 4081 6
1101 4027 1230 4090 Θεὸς
1279 4026 1376 4096 τῆς
1433 4022 1709 4094 ἀληθείας.
1751 4040 1769 4072 ›
1828 4018 2030 4073 Ἐπεὶό

453 4125 643 4198 Σωτὴρ
677 4125 770 4178 καὶ
816 4123 1019 4193 Κύριος
1043 4120 1218 4191 ἡμῶν,
1248 4117 1418 4186 Λόγος
1449 4115 1524 4168 ὢν
1555 4114 1649 4167 τοῦ
1682 4112 1837 4175 Θεοῦ,
1873 4111 2026 4182 φησι,

455 4219 678 4289 φέρεται
710 4212 967 4285 εἰρηκὼς,
1012 4231 1030 4262 ι
1090 4207 1230 4278 Ἐγώ
1261 4209 1376 4282 εἰμι
1408 4209 1440 4278 ἡ
1467 4204 1715 4276 ἀλήθεια,
1752 4223 1771 4258 ι
1808 4202 2032 4264 εἰκότως

453 4310 521 4363 τά
572 4307 909 4380 προκείμενα
969 4298 1406 4374 παρατεθείμεθα
1468 4297 1594 4370 περί
1639 4295 1739 4363 τῆς
1776 4290 2032 4362 ἀληθείας

454 4401 734 4471 δηλοῦντα,
767 4399 842 4462 ὡς
889 4398 997 4468 ἄρα
1043 4393 1336 4448 ὑπόστασίν
1367 4407 1488 4444 τινα
1514 4387 1664 4458 παρὰ
1687 4387 1777 4439 τὸν
1812 4384 2032 4455 Πατέρα

457 4492 578 4544 καθ’
613 4492 812 4560 ἑαυτὴν
861 4489 1006 4559 ἔχει’
1046 4507 1064 4537 ι
1111 4486 1277 4540 Μένει
1309 4482 1439 4553 γὰρ,
1487 4480 1672 4551 φησὶν,
1704 4480 1737 4547 ἡ
1782 4475 2029 4546 ἀλήθεια,

458 4583 550 4634 καλ⁸
578 4579 748 4651 ἰσχύει
777 4582 857 4643 εἰς
884 4579 974 4630 τὸν
1005 4575 1197 4640 αἰῶνα,
1230 4574 1323 4628 καὶ
1343 4573 1408 4642 ζῇ
1441 4571 1535 4624 καὶ
1559 4569 1778 4638 κρατεῖ·
1811 4567 1903 4617 καὶ
1932 4565 2032 4617 οὐκ

458 4674 574 4727 ἔστι
613 4673 740 4742 παρ’
779 4671 916 4739 αὐτῇ
957 4667 1140 4720 λαϐεῖν
1179 4664 1465 4734 πρόσωπα,
1502 4680 1520 4710 ι
1555 4658 1651 4712 καὶ
1681 4657 1750 4711 τὰ
1777 4654 1922 4726 ἑξῆς,
1950 4652 2032 4718 οἷς

457 4766 705 4835 ἐπιφέρει
756 4761 883 4832 περὶ
932 4759 1028 4811 τοῦ
1077 4756 1285 4828 [ἰατρὸς
1335 4753 1470 4807 Θεοῦ
1531 4749 1885 4821 τυγχάνοντος
1937 4746 2031 4800 καὶ

2127 3302 2179 3348 et
2209 3294 2379 3355 vivit,
2411 3299 2464 3346 et
2494 3291 2710 3344 obtinet
2741 3290 2794 3342 in
2830 3288 3029 3347 saecula
3072 3287 3419 3342 saeculorum.
3463 3280 3572 3336 Nec
3614 3287 3699 3336 est

2127 3382 2271 3455 apud
2304 3396 2424 3434 eam
2462 3381 2712 3449 accipere
2754 3393 3050 3449 personas,
3095 3393 3273 3446 neque
3321 3373 3694 3428 differentias:

2127 3475 2219 3530 sed
2253 3487 2374 3542 quae
2399 3471 2550 3539 justa
2608 3477 2735 3524 sunt
2767 3468 2898 3522 facit
2930 3468 3216 3527 omnibus,
3253 3464 3473 3533 injustis
3496 3478 3559 3516 ac
3587 3476 3701 3514 ma-

2128 3563 2322 3634 lignis,
2354 3569 2407 3616 et
2438 3576 2629 3615 omnes
2659 3560 3022 3629 benignantur
3055 3559 3110 3610 in
3162 3556 3418 3625 operibus
3457 3553 3598 3621 ejus.
3639 3551 3702 3604 Et

2129 3641 2240 3707 non
2266 3661 2350 3708 est
2382 3653 2436 3705 in
2466 3650 2676 3720 judicio
2702 3647 2824 3717 ejus
2857 3647 3137 3716 iniquum,
3180 3644 3271 3698 sed
3317 3639 3613 3700 fortitudo,
3648 3645 3702 3691 et

2129 3757 2378 3813 regnum,
2404 3751 2456 3795 et
2474 3746 2738 3810 potestas,
2764 3745 2818 3790 et
2850 3735 3109 3803 majestas
3150 3731 3392 3784 omnium
3434 3741 3698 3782 aevorum.

2133 3833 2460 3890 Benedictus
2498 3830 2641 3885 Dens
2684 3828 2927 3883 veritatis
2953 3825 3017 3878 ’⁸.
3051 3845 3069 3877 ι
3118 3822 3414 3892 Postquam
3452 3818 3701 3872 Salvator

2133 3934 2187 3981 et
2217 3923 2478 3978 Dominus
2523 3931 2734 3985 noster,
2789 3919 2880 3990 qui
2930 3917 3025 3971 Dei
3055 3915 3294 3970 Verbum
3333 3922 3451 3973 est,
3494 3909 3702 3964 dixisse

2131 4017 2348 4073 fertur:
2393 4032 2411 4066 ι
2448 4013 2561 4085 Ego
2611 4028 2730 4068 sum
2784 4011 2988 4066 veritas
3014 4009 3092 4072 ⁸⁷,
3131 4027 3149 4057 ι
3180 4008 3376 4059 merito
3423 4001 3702 4071 praecitata

2131 4111 2499 4180 intelligemus
2527 4106 2684 4178 quasi
2711 4104 2779 4158 de
2807 4105 3037 4158 veritate
3063 4095 3494 4153 demonstrantia
3515 4132 3530 4156 ,
3554 4088 3701 4161 quod

2133 4179 2497 4258 substantiam
2531 4197 2673 4267 apud
2697 4197 2913 4250 Patrem
2946 4209 3041 4262 per
3072 4193 3304 4260 seipsam
3329 4187 3512 4240 habet.
3541 4203 3559 4234 ι
3591 4179 3703 4236 Ma-

2134 4302 2227 4348 net
2255 4295 2400 4347 enim
2423 4335 2437 4359 ,
2465 4292 2574 4355 ait,
2601 4290 2823 4353 veritas,
2851 4294 2904 4341 et
2936 4282 3222 4340 invalescit
3243 4282 3298 4334 in
3326 4287 3588 4333 aeternum
3611 4313 3627 4338 ,
3650 4279 3704 4327 et

2133 4385 2306 4447 vivit,
2350 4389 2404 4436 et
2435 4381 2646 4435 obtinet
2680 4419 2692 4431 .
2731 4417 2744 4432 .
2780 4419 2793 4432 .
2828 4391 2927 4430 nec
2969 4381 3053 4429 est
3103 4370 3243 4440 apud
3292 4383 3410 4422 eam
3461 4364 3705 4432 accipere

2140 4484 2402 4541 personas
2423 4509 2437 4533 ,
2462 4487 2480 4520 ι
2514 4476 2569 4522 et
2600 4477 2793 4520 caetera
2813 4507 2828 4532 ,
2863 4465 3061 4535 quibus
3094 4461 3244 4516 addit
3271 4458 3339 4512 de
3370 4456 3529 4510 Patre
3562 4453 3670 4507 Deo
3690 4491 3705 4517 ,

2138 4566 2365 4633 ipsoque
2396 4563 2504 4617 Deo
2532 4560 2711 4616 Verbo
2733 4599 2748 4622 ,
2778 4565 2832 4614 et
2863 4558 3089 4613 veritate
3115 4576 3127 4610 :
3159 4575 3177 4606 ι
3210 4551 3536 4608 Benedictus
3565 4544 3705 4601 Deus

2136 4656 2413 4719 veritatis,
2449 4673 2468 4705 ι
2497 4655 2696 4724 quibus
2727 4661 2781 4707 et
2811 4651 2916 4722 ipsi
2949 4651 3251 4706 addemus:
3287 4643 3481 4698 Amen.

457 4823 637 4918 αὐτοῦ.
657 4857 751 4912 τοῦ
784 4823 919 4910 Θεοῦ
942 4856 1114 4922 Λόγου
1139 4823 1230 4909 καὶ
1260 4851 1356 4921 τῆς
1382 4847 1656 4919 ἀληθείας,
1688 4866 1706 4897 ι
1752 4842 2042 4914 εὐλογητὸς
2077 4843 2106 4899 6
2161 4839 2292 4902 Θεὸς
2321 4839 2420 4910 τῆς
2451 4835 2726 4909 ἀληθείας,
2765 4854 2782 4886 ι
2820 4827 2865 4904 ᾧ
2901 4833 2994 4886 καὶ
3025 4831 3178 4886 αὐτοὶ
3216 4827 3592 4899 προσθήσομεν
3624 4823 3704 4890 τὸ,

475 4955 667 5024 Ἀμήν.

541 5051 701 5104 Ἀλλά
734 5049 841 5120 γάρ
869 5045 1043 5100 ταῦτα
1077 5043 1169 5096 καὶ
1198 5041 1305 5095 ἀπὸ
1335 5039 1434 5111 τῆς
1463 5036 1558 5090 τοῦ
1590 5034 1764 5105 ’Έζρα
1796 5032 2037 5104 Γραφῆς·

457 5148 566 5206 ἀπὸ
616 5159 679 5210 γε
726 5142 832 5212 μὴν
875 5139 973 5209 τῆς
1014 5134 1212 5205 Ἐσθὴρ
1261 5131 1369 5186 οὐδ’
1409 5129 1468 5182 ἓν
1514 5127 1746 5199 εὕρομεν
1780 5121 2035 5195 περὶτοῦ

460 5231 840 5306 προκειμένου·
883 5230 1019 5301 μετά
1061 5229 1126 5299 δή
1171 5244 1253 5280 τοι
1285 5225 1382 5287 τάς
1434 5221 1544 5276 ἀπὸ
1591 5219 1698 5271 τῶν
1755 5213 2038 5287 ἱστορικῶν

459 5325 690 5400 Γραφῶν
745 5323 974 5391 ἐκλογὰς
1033 5320 1304 5392 μετίωμεν
1348 5315 1438 5370 ἐπὶ
1473 5313 1540 5368 τά
1575 5310 1824 5382 στιχήρη,
1858 5309 1938 5360 ὅτι
1967 5307 2033 5376 δὴ

457 5413 628 5470 ταῦτα
659 5415 771 5474 τοῖς
811 5412 1020 5484 χρόνοις
1051 5409 1155 5462 τῶν
1185 5407 1386 5461 λοιπῶν
1419 5401 1761 5475 προφητειῶν
1790 5401 2032 5470 ἡγεῖταιο

459 5507 664 5560 τούτων
697 5505 753 5557 δὲ
789 5505 980 5575 πρῶτα
1009 5501 1208 5572 ἴδωμεν
1233 5498 1302 5552 τά
1325 5497 1432 5551 ἀπὸ
1455 5496 1562 5552 τῶν
1591 5491 1857 5563 Ψαλμῶν.

2215 5029 2343 5090 llaec
2383 5033 2511 5087 sunt
2557 5024 2624 5079 dc
2667 5023 2852 5079 Esdra:
2895 5019 3072 5083 libro;
3102 5017 3156 5070 in
3181 5015 3321 5068 libro
3353 5011 3547 5067 Esther
3573 5010 3705 5064 nihil

2150 5121 2294 5193 quod
2330 5119 2395 5174 ad
2432 5115 2770 5193 propositum
2804 5115 3028 5182 spectet,
3063 5105 3390 5161 invenimus.
3430 5102 3706 5157 Absolutis

2149 5190 2317 5280 igitur
2363 5191 2752 5262 bistoricarum
2799 5200 3205 5267 Scripturarum
3248 5193 3470 5262 eclogis,
3516 5190 3584 5243 ad
3645 5207 3707 5245 ea

2146 5317 2267 5371 quae
2323 5299 2575 5354 versibus
2629 5295 2829 5364 scripta
2876 5297 3004 5346 sunt
3060 5296 3428 5350 transeamus,
3477 5297 3618 5352 quae,
3663 5282 3706 5336 si

2145 5404 2450 5467 temporum
2494 5396 2739 5446 servetur
2785 5385 2954 5448 ordo,
2987 5383 3197 5438 eaateris
3229 5379 3530 5451 prophetiis
3559 5384 3706 5432 antc-

2142 5494 2292 5543 eunt.
2328 5483 2372 5537 A
2392 5480 2626 5538 Psalmis
2651 5479 2813 5548 igitur
2842 5474 3209 5531 exordiantur.

534 5669 578 5701 ⁸³
619 5668 633 5721 I
672 5667 850 5724 Paral.
888 5681 1034 5728 xvn,
1076 5662 1249 5724 ιι-ιιι,
1325 5662 1370 5692 ⁸⁵
1411 5658 1454 5718 ιι
1487 5658 1662 5713 Paral.
1701 5673 1786 5720 γι,
1826 5655 1908 5709 t7.
1986 5654 2021 5684 9‘

2127 5652 2138 5703 I
2174 5649 2330 5706 Esdr.
2361 5662 2434 5706 tv,
2474 5642 2659 5699 54-40.
2739 5640 2781 5671 ⁸⁷
2823 5637 2976 5693 Joau.
3013 5652 3124 5701 xw,
3159 5635 3214 5691 6.
