4106 6422
421 412 567 466 1093

1449 407 1740 462 ECLOGA?)
1773 409 2262 466 PROPIIETlC/E.
2290 445 2356 454 -——
2386 411 2514 468 LIB.
2560 413 2622 468 ll.

3551 417 3568 470 Ι
3581 415 3684 470 096

419 531 656 604 βασιλεῖς
687 533 778 584 xui.
809 531 1085 602 ἄρχοντες,
1126 530 1224 582 ὅλα
1246 545 1303 582 τε
1337 529 1464 601 ἔθνη
1499 532 1594 583 xui.
1625 531 1762 596 λαοὶ,
1791 531 1878 585 διὰ
1903 532 1977 585 τοί

2104 533 2365 588 doctrinae
2414 534 2657 588 insidiati
2706 543 2854 589 sunt.
2909 532 3234 588 Persuasum
3271 541 3449 588 autem
3483 534 3685 590 habere

421 625 760 696 βλασφημεῖν
813 624 974 676 αὐτὸν
1021 622 1113 677 xui
1163 622 1534 676 ἐπιϐουλεύειν
1584 623 1750 676 αὐτοῦ
1797 627 1862 695 τῇ
1914 625 1994 677 δι-

416 715 704 787 δασκαλίᾳ.
740 715 1038 768 Πεπεῖσθαι
1084 714 1142 768 δὲ
1182 715 1287 787 χρὴ
1325 717 1398 786 μὴ
1437 717 1595 786 μόνον
1638 717 1764 780 τοὺς
1804 718 1861 769 ἐν
1899 718 1993 770 άν-

420 809 658 880 θρώποις
715 809 942 878 ὁρατοὺς
985 807 1220 877 βασιλεῖς
1264 810 1356 862 xui
1392 809 1659 880 ἄρχοντας
1707 809 1994 862 ἐπιϐεϐου-

418 902 668 954 λευκέναι
712 900 887 970 αὐτῷ,
929 899 1062 952 πολὺ
1105 901 1161 953 δέ
1210 901 1409 970 μᾶλλον
1459 902 1583 964 τοὺς
1629 902 1853 972 νοητοὺς
1900 904 1995 956 xui.

419 994 684 1064 ἀοράτους
721 993 984 1062 ἄρχοντας
1027 992 1120 1044 τοῦ
1155 992 1349 1056 αἰῶνος
1378 992 1602 1057 τούτου,
1647 993 1695 1046 οἳ
1739 995 1832 1046 καὶ
1869 995 1990 1047 τότε

417 1085 726 1155 ἐνήργησαν
769 1083 860 1136 xui.
912 1085 992 1146 εἰς
1041 1083 1119 1136 ἔτι
1163 1083 1256 1136 νῦν
1303 1083 1617 1154 ἐνεργοῦσι,
1661 1084 1732 1137 τά
1771 1102 1830 1137 τε
1864 1085 1992 1156 ἔθνη

416 1180 514 1232 καὶ
550 1179 674 1240 τοὺς
721 1177 854 1231 κενά
899 1179 992 1231 καὶ
1043 1180 1122 1242 εἰς
1163 1179 1338 1249 μάτην
1381 1177 1472 1230 τὸν
1516 1177 1609 1230 τοῦ
1648 1177 1782 1230 Θεοῦ
1830 1178 1994 1247 νόμον

417 1267 818 1336 μελετήσαντας
864 1267 1028 1331 λαοὺς
1081 1267 1208 1330 τοὺς
1248 1269 1311 1319 ἐκ
1360 1269 1676 1339 περιτομῆς,
1723 1269 1783 1320 οὐ
1837 1269 1992 1338 μόνον

412 1358 554 1411 κατὰ
591 1358 684 1411 τοῦ
711 1359 946 1429 Χριστοῦ
989 1359 1082 1412 τοῦ
1127 1359 1261 1412 Θεοῦ
1317 1359 1808 1430 βουλευσαμένους,
1857 1361 1991 1414 ἀλλά

409 1449 482 1500 δι’
515 1449 676 1502 αὑτοῦ
728 1451 820 1503 xui.
864 1451 1006 1504 κατὰ
1055 1449 1150 1503 τοῦ
1186 1451 1500 1521 πέμψαντος
1548 1451 1710 1506 αὑτὸν
1755 1453 1988 1525 Πατρὸςο

410 1542 544 1612 περὶ
588 1536 662 1594 ὧν
707 1543 960 1596 ἁπάντων
993 1545 1049 1596 ἐν
1073 1542 1151 1612 τῷ
1179 1543 1377 1614 ψαλμῷ
1411 1543 1726 1615 ἐπιφέρεται
1770 1545 1850 1606 τὸ,
1893 1564 1908 1594 ι
1931 1545 1992 1597 '0

410 1633 684 1686 κατοικῶν
712 1637 769 1686 ἐν
795 1634 1039 1705 οὐρανοῖς
1073 1634 1428 1702 ἐκγελάσεται
1463 1636 1680 1698 αὐτοὺς,
1707 1637 1800 1687 καὶ
1827 1637 1855 1686 ὁ
1877 1634 1991 1687 Κύ-

414 1742 529 1795 ριος
557 1727 916 1796 ἐκμυκτηριεῖ
954 1725 1166 1789 αὐτούς.
1208 1725 1339 1778 Τότε
1371 1726 1592 1796 λαλήσει
1628 1725 1762 1796 πρὸς
1796 1725 1991 1788 αὐτοὺς

410 1817 473 1866 ἐν
504 1816 639 1886 ὀργῇ
671 1815 856 1877 αὑτοῦ,
895 1815 988 1867 xui
1021 1816 1079 1867 ἐν
1107 1815 1185 1886 τῷ
1219 1814 1376 1886 θυμῷ
1417 1815 1582 1868 αὑτοῦ
1632 1815 1857 1886 ταράξει
1890 1817 1988 1868 αὐ-

2097 633 2308 692 oportet
2360 640 2467 678 non
2517 632 2726 678 tantum
2773 624 3019 678 visibiles
3069 624 3123 678 in
3159 624 3476 679 hominibus
3528 640 3684 694 reges

2095 716 2479 785 principesque
2525 715 2573 768 ei
2621 715 2794 771 fuisse
2825 716 3110 771 insidiatos
3133 756 3148 778 ,
3177 716 3272 770 sed
3303 717 3475 770 multo
3508 716 3683 787 magis

2101 805 2378 874 Spiritales
2412 807 2825 877 invisibilesquc
2858 807 3021 876 hujus
3057 808 3240 862 saeculi
3269 808 3564 878 principes,
3589 809 3682 877 qui

2102 905 2230 949 tunc
2261 897 2696 966 exagitaveruut,
2716 899 2860 954 sicut
2892 908 2945 954 et
2972 916 3117 954 nunc
3141 902 3440 969 exagitant,
3467 910 3684 970 gentes-
3748 961 3754 969 _

2095 1003 2201 1056 que
2254 997 2307 1041 et
2356 989 2794 1046 circumcisionis
2840 992 3070 1061 populos
3124 991 3329 1047 frustra
3360 1001 3413 1046 et
3447 992 3680 1062 nequid-

2094 1095 2256 1149 quam
2288 1080 2486 1135 divinm
2519 1081 2621 1150 legi
2658 1084 2965 1147 studentes,
3014 1099 3123 1138 non
3157 1092 3365 1137 tantum
3415 1084 3682 1139 adversus

2093 1170 2373 1226 Christum
2409 1171 2635 1237 Dei,sed
2665 1189 2760 1242 per
2791 1189 2938 1238 eum,
2972 1182 3025 1228 et
3058 1174 3320 1229 adversus
3348 1173 3562 1229 Patrem
3585 1175 3682 1246 qui

2094 1262 2246 1316 misit
2295 1263 2470 1326 illum,
2523 1263 2832 1319 insidiatos.
2913 1264 2988 1320 De
3041 1265 3127 1321 his
3159 1266 3419 1321 omnibus
3474 1268 3577 1321 hoc
3624 1269 3682 1322 in

2092 1354 2306 1423 psalmo
2352 1355 2572 1409 additur
2610 1374 2624 1409 :
2666 1373 2683 1406 ι
2721 1354 2823 1420 Qui
2874 1355 3081 1409 habitat
3129 1357 3182 1410 in
3225 1358 3382 1413 cmlis
3433 1357 3682 1412 irridebit

2092 1453 2289 1509 eos,'et
2317 1446 2581 1502 Dominus
2605 1447 2967 1502 subsannabit
2997 1464 3111 1503 eos.
3141 1448 3295 1502 Tunc
3326 1450 3577 1519 loquetur
3611 1449 3680 1502 ad

2100 1553 2196 1592 eos
2227 1538 2279 1591 in
2309 1539 2386 1591 ira
2421 1554 2540 1602 sua,
2572 1549 2623 1594 et
2656 1540 2708 1592 in
2744 1538 2929 1595 furore
2961 1555 3062 1596 suo
3095 1541 3442 1595 conturbabit
3469 1557 3563 1596 eos
3598 1542 3674 1594 ⁸.»

2091 1625 2302 1692 Quibus
2334 1627 2529 1683 deinde
2575 1628 2831 1682 Christus
2866 1629 2982 1698 ipse
3026 1629 3194 1693 dicit,
3249 1611 3677 1685 dominationem

2094 1734 2249 1774 suam
2301 1730 2424 1790 post
2474 1720 2786 1789 passionem
2831 1723 3186 1777 constitutam
3235 1738 3336 1779 nos
3387 1725 3622 1778 edocens
3661 1742 3676 1778 :

2099 1829 2117 1860 ι
2149 1808 2262 1879 Ego
2289 1818 2470 1864 autem
2504 1812 2841 1867 constitutus
2885 1829 3005 1868 sum
3038 1829 3131 1867 rex
3160 1813 3228 1868 ab
3261 1829 3325 1869 eo
3357 1830 3520 1884 super
3545 1813 3679 1869 Sion

409 1907 558 1970 τούς.
596 1927 612 1958 ι
672 1901 765 1970 Οἷς
818 1907 945 1976 ἑξῆς
1004 1907 1167 1971 αὐτὸς
1221 1909 1249 1960 ὁ
1297 1907 1530 1978 Χριστὸς
1584 1906 1682 1978 τὴν
1744 1906 1879 1977 μετὰ
1929 1907 1977 1960 τί

2091 1902 2327 1950 montem
2363 1907 2611 1951 sanctum
2647 1899 2789 1967 ejus,
2843 1899 3148 1970 praedicans
3210 1911 3538 1972 praeceptum
3568 1903 3676 1958 Do-

412 1999 586 2062 πάθος
623 1999 993 2070 γεγενημένην
1021 2000 1146 2071 περὶ
1185 2000 1687 2072 αὐτὸνὶοὶκονομίαν
1721 1999 1990 2053 παιδεύων

412 2091 564 2160 ἡμᾶς
611 2107 809 2158 φησιν,
865 2108 884 2140 ι
919 2087 1058 2158 Ἐγὼ
1108 2089 1164 2142 δὲ
1218 2089 1556 2160 κατεστάθην
1601 2089 1850 2159 βασιλεὺς
1899 2091 1988 2143 ὑπ’

409 2182 576 2235 αὐτοῦ
628 2183 720 2234 ἐπὶ
757 2180 892 2234 Σιὼν
932 2182 1056 2252 ὅρος
1101 2182 1162 2235 τὸ
1213 2183 1366 2250 ἅγιον
1409 2181 1572 2236 αὑτοῦ
1597 2223 1611 2244 ,
1662 2182 1988 2250 διαγγέλλων

410 2276 474 2328 τὸ
503 2277 825 2348 πρόσταγμα
856 2275 1082 2346 Κυρίου.
1128 2296 1144 2325 ι
1172 2277 1244 2329 Οὐ
1277 2275 1381 2347 χρὴ
1431 2276 1676 2346 μέντοιγε
1717 2275 1856 2328 κατὰ
1887 2275 1988 2339 τὰς

424 2369 694 2422 Ἰουδαίων
741 2372 1098 2439 χαμαιπετεῖς
1150 2369 1443 2439 ὑπολήψεις
1485 2367 1582 2440 τὴν
1628 2361 1722 2421 τοῦ
1748 2365 1985 2439 Χριστοῦ

414 2462 687 2530 βασιλείαν
715 2462 904 2532 ὁμοίαν
928 2465 1047 2526 ταῖς
1075 2461 1182 2515 τῶν
1215 2461 1516 2534 ἀνθρώπων
1543 2461 1793 2533 ἡγεῖσθαι
1815 2462 1905 2514 ἐπί
1927 2460 1987 2514 τὸ

411 2553 549 2607 Σιὼν
570 2554 692 2624 ὅρος
719 2553 1029 2624 σωματικὸν
1061 2553 1491 2624 συστησομένην·
1528 2553 1664 2624 πρός
1696 2555 1746 2620 γ’
1773 2550 1866 2606 οῦν
1893 2551 1986 2604 τὸν

410 2642 758 2717 ἐρωτήσαντα
789 2645 949 2698 αὑτὸν
982 2647 1030 2698 εἰ
1061 2644 1309 2715 βασιλεὺς
1347 2646 1623 2715 τυγχάνει,
1653 2645 1984 2716 ἀπεκρίνατο

409 2739 602 2808 λέγων,
641 2760 658 2791 ι
681 2741 742 2792 Ἥ
777 2739 1020 2809 βασιλεία
1053 2741 1085 2810 ή
1122 2737 1228 2809 ἐμὴ
1257 2739 1357 2791 οὐκ
1385 2737 1529 2790 ἔστιν
1561 2739 1624 2790 ἐκ
1654 2736 1746 2789 τοῦ
1777 2737 1982 2806 κόσμου

407 2832 596 2886 τούτου
617 2851 629 2862 ⁸
671 2854 687 2884 ι
732 2833 850 2886 ὅθεν
881 2834 945 2904 δὴ
976 2833 1069 2886 καὶ
1102 2831 1375 2901 βασιλείαν
1401 2831 1646 2901 οὐρανῶν
1680 2831 1983 2900 ἐπήγγελτο

406 2929 518 2989 τοῖς
561 2923 978 2978 πεπιστευκόσιν
1021 2927 1098 2988 εἰς
1137 2924 1319 2987 αὑτὸν,
1366 2922 1460 2976 καὶ
1503 2923 1564 2976 τὸ
1597 2921 1733 2975 Σιὼν
1764 2921 1820 2974 δὲ
1860 2922 1982 2992 ὄρος

406 3021 725 3091 ἐπουράνιον
753 3019 1014 3088 ὑπάρχειν
1037 3016 1272 3080 ἐδίδαξεν
1307 3016 1366 3068 οὑ
1399 3015 1557 3086 μόνος
1583 3019 1612 3069 ό
1638 3015 1978 3077 Ἀπόστολος,

366 3089 373 3094 ’
405 3089 669 3164 ἀλλὰ-καὶ
712 3111 958 3162 πλεῖσται
997 3107 1152 3161 ἄλλαι
1191 3109 1538 3178 προφητεῖαι.
1589 3106 1644 3159 Ὀ
1677 3107 1727 3174 γ’
1759 3101 1850 3159 οὖν
1879 3107 1981 3159 Μι-

405 3203 564 3273 χαίας
604 3199 880 3272 προειπὼν
920 3201 994 3264 ὡς
1024 3201 1132 3271 ἄρα
1169 3199 1257 3252 διὰ
1285 3199 1384 3261 τὰς
1429 3198 1682 3262 ἀσεϐείας
1711 3197 1806 3250 τοῦ
1845 3215 1980 3268 προ-

2093 1986 2249 2040 mini.
2282 1987 2323 2040 ⁸.
2359 2008 2376 2039 ι
2403 1986 2556 2043 [laud
2610 2007 2739 2045 vero
2770 1993 3066 2046 secundum
3111 2002 3420 2049 terrestrem
3459 1993 3676 2051 ,1υάωο-

2093 2093 2213 2132 rum
2250 2080 2751 2150 interpretationem
2799 2084 3207 2153 intelligendum
3245 2095 3328 2140 est
3353 2086 3557 2144 Christi
3593 2105 3678 2143 re-

2088 2185 2254 2240 gnum
2277 2211 2290 2232 ,
2337 2173 2482 2226 velut
2517 2172 2794 2227 hominum
2831 2191 2997 2244 regna
3018 2213 3032 2240 ,
3073 2191 3238 2247 super
3269 2185 3508 2232 montem
3541 2178 3674 2235 Sion

2089 2263 2451 2332 corporaliter
2485 2265 2887 2331 constitutum;
2924 2268 3278 2339 interroganti
3311 2270 3456 2323 enim
3507 2286 3676 2326 reme

2087 2362 2270 2417 esset,
2316 2357 2599 2425 respondit
2627 2357 2817 2412 dicens
2852 2377 2864 2412 :
2903 2378 2920 2409 ο
2957 2357 3198 2430 Regnum
3234 2377 3414 2415 meum
3447 2379 3556 2418 non
3590 2372 3676 2419 est

2087 2444 2155 2500 de
2192 2445 2295 2500 hoc
2325 2448 2529 2503 mundo
2554 2450 2596 2503 °.
2631 2469 2648 2501 ι
2706 2448 2914 2504 Exinde
2964 2465 3188 2520 regnum
3235 2454 3497 2508 cmlorum
3547 2471 3676 2525 pro-

2086 2538 2236 2592 misit
2265 2537 2346 2618 eis
2377 2541 2468 2609 qui
2503 2540 2854 2596 crediderunt
2880 2542 2933 2595 in
2963 2558 3110 2608 eum,
3150 2553 3501 2612 montemque
3537 2545 3674 2602 Sion

2084 2640 2206 2682 esse
2239 2628 2518 2703 cmlestem
2544 2631 2732 2686 docuit
2766 2645 2873 2684 non
2911 2641 3119 2686 tantum
3150 2632 3468 2703 Apostolus,
3489 2635 3583 2689 sed
3620 2644 3674 2690 et

2087 2717 2357 2789 pleraeque
2409 2717 2528 2776 aliae
2571 2721 2890 2792 prophetiae.
2936 2723 3192 2780 Michaeas
3223 2725 3388 2796 igitur
3413 2726 3673 2796 prwfatus

2085 2809 2231 2879 quod
2256 2819 2478 2880 propter
2507 2813 2720 2882 priores
2745 2815 2926 2882 populi
2954 2815 3295 2885 iniquitates,
3323 2814 3486 2872 «Sion
3511 2818 3672 2888 quasi

2085 2915 2214 2972 ager
2247 2903 2515 2967 arabitur,
2546 2911 2602 2957 et
2630 2901 2934 2958 Jerusalem
2964 2906 3120 2976 quasi
3155 2921 3384 2962 acervus
3428 2907 3669 2977 lapidum

2082 2994 2219 3056 erit,
2251 3000 2306 3047 et
2337 3009 2495 3048 rnons
2531 2996 2718 3064 templi
2751 2996 2804 3049 in
2839 2998 3059 3051 excelsa
3097 2999 3358 3053 silvarum
3386 2999 3405 3028 "
3429 3038 3444 3062 ,
3485 3018 3504 3050 ι
3543 2998 3670 3054 dein

2082 3082 2148 3138 de
2178 3084 2286 3138 alia
2312 3082 2444 3138 Sion
2472 3093 2525 3138 et
2551 3083 2852 3141 Jerusalem
2902 3087 3150 3142 similiter
3175 3097 3398 3155 narrat,
3427 3089 3620 3146 dicens
3651 3109 3666 3146 :

2089 3194 2107 3226 ι
2145 3174 2210 3229 Ει
2241 3177 2347 3230 erit
2381 3177 2434 3230 in
2467 3178 2772 3234 novissimo
2797 3179 3009 3233 dierum
3046 3196 3203 3237 mons
3235 3183 3429 3237 domus
3451 3182 3668 3238 Domini

405 3258 561 3364 :épou
595 3258 747 3356 λαοῦ,
786 3312 802 3341 ι
838 3258 990 3344 Σιὼν
1024 3258 1098 3355 ὡς
1149 3290 1316 3361 ἀγρὸς
1365 3258 1854 3360 άροτριαθήσεται,
1886 3258 1977 3344 καὶ

2083 3277 2423 3337 praeparatus
2447 3269 2501 3322 in
2527 3270 2736 3324 vertice
2761 3274 2983 3335 montis,
3011 3312 3022 3324 .
3053 3312 3066 3324 .
3097 3314 3108 3326 .
3131 3311 3145 3325 .
3175 3280 3229 3327 et
3253 3272 3419 3328 ﬂuent
3451 3274 3516 3327 ad
3542 3290 3668 3329 eum

412 3383 767 3457 Ἰερουσαλὴμ
786 3383 861 3446 ὡς
885 3382 1325 3452 όπωροφυλάκιον
1343 3379 1516 3444 ἔσται,
1539 3381 1632 3433 xui.
1661 3379 1722 3431 τὸ
1741 3379 1864 3450 ὅρος
1884 3377 1977 3431 τοῦ

403 3477 550 3528 οἴκου
597 3475 677 3536 εἰς
720 3473 881 3534 ἄλσος
925 3469 1166 3541 δρυμοῦ,
1204 3489 1221 3520 ι
1265 3468 1390 3537 ἑξῆς
1430 3470 1558 3537 περὶ
1596 3467 1786 3537 ἐτέρας
1839 3464 1977 3518 Σιὼν

403 3569 497 3621 καὶ
556 3563 908 3637 Ἰερουσαλὴμ
959 3563 1158 3633 ὁμοίως
1208 3559 1496 3630 ἐπιφέρει,
1550 3560 1753 3628 λέγων·
1821 3579 1839 3609 ι
1870 3555 1978 3612 Kui.

402 3659 550 3711 ἔσται
577 3660 635 3711 ἐν
660 3660 778 3719 ταῖς
799 3655 1054 3725 ἐσχάταις
1081 3655 1312 3726 ήμέραις
1337 3653 1577 3722 ἐμφανὲς
1615 3652 1676 3704 τὸ
1703 3652 1827 3720 ὅρος
1862 3652 1976 3703 Κυ-

403 3750 551 3820 ρίου,
593 3750 686 3802 xui
726 3749 945 3818 ἥξουσιν
990 3747 1074 3798 ἐπ’
1105 3744 1252 3814 αὐτῷ
1285 3743 1436 3806 λαοὶ,
1487 3743 1581 3796 xui.
1621 3741 1975 3814 πορεύσονται

400 3841 526 3910 ἔθνη
561 3839 749 3902 πολλὰ,
772 3840 854 3891 ὅτι
888 3840 950 3891 ἐκ
976 3837 1112 3890 Σιὼν
1139 3834 1475 3899 ἐξελεύσεται
1503 3833 1664 3904 νόμος
1696 3832 1789 3884 xui.
1819 3829 1976 3899 λόγος

402 3933 608 4004 Κυρίου
641 3931 698 3997 ἐξ
736 3930 1110 4000 Ἰερουσαλήμ.
1144 3948 1161 3979 ι
1207 3928 1341 3998 Περὶ
1387 3925 1574 3978 τούτου
1609 3925 1716 3995 ἄρα
1759 3924 1973 3996 εἴρηται

401 4027 493 4079 xui.
522 4025 704 4078 ἐνθάδε
736 4024 839 4076 ὑπὸ
869 4022 928 4092 (f.
959 4021 1044 4086 19)
1072 4015 1165 4072 τοῦ
1195 4019 1354 4090 ὅρους
1376 4016 1469 4070 τοῦ
1493 4016 1751 4088 Χριστοῦ,
1789 4035 1806 4064 ι
1831 4014 1973 4082 Ἐγὼ

396 4117 452 4170 δὲ
493 4115 828 4184 κατεστάθην
883 4113 1132 4184 βασιλεὺς
1188 4111 1278 4163 ὑπ’
1322 4108 1487 4163 αὑτοῦ
1533 4108 1626 4161 ἐπὶ
1668 4105 1806 4162 Σιὼν
1847 4109 1972 4178 ὅρος

397 4213 456 4264 τὸ
492 4210 643 4277 ἆγιον
682 4205 876 4259 αὑτοῦ·
915 4225 932 4255 ι
991 4205 1097 4256 ὑπὸ
1138 4203 1284 4266 τίνος
1327 4202 1384 4255 δέ
1418 4200 1766 4270 κατεστάθη;
1813 4201 1970 4272 δῆλον

395 4305 477 4357 ὅτι
504 4303 609 4356 ὑπὸ
633 4299 725 4354 τοῦ
767 4302 1036 4369 φήσαντος
1075 4297 1210 4368 πρὸς
1241 4295 1399 4349 αὐτὸν
1433 4294 1643 4364 Πατρὸς
1683 4295 1773 4346 τό’
1813 4295 1968 4359 «Υἱός

399 4413 498 4465 μου
544 4391 595 4448 εἷ
641 4396 726 4458 σὺ,
755 4391 864 4461 ἐγὼ
891 4392 1128 4461 σήμερον
1177 4386 1482 4459 γεγέννηκά
1528 4404 1617 4440 σε⁹
1652 4406 1673 4439 ι
1726 4387 1820 4440 καὶ
1869 4386 1960 4440 τόο

403 4487 659 4555 εΑῐτησαι
699 4485 829 4555 παρ’
867 4482 1023 4554 ἐμοῦ,
1063 4482 1155 4535 καὶ
1178 4479 1332 4533 δώσω
1364 4497 1443 4532 σοι
1478 4479 1606 4549 ἔθνη
1643 4478 1740 4549 τὴν
1771 4479 1967 4549 κληρο-

2082 3362 2287 3429 populi,
2323 3368 2376 3415 et
2408 3362 2777 3431 preperahunt
2800 3371 2989 3432 gentes
3023 3364 3204 3418 multae
3229 3403 3242 3418 .
3273 3405 3287 3420 .
3317 3405 3332 3420 .
3358 3404 3373 3420 .
3401 3408 3416 3432 ,
3439 3366 3567 3435 quia
3599 3365 3670 3421 de

2083 3449 2214 3504 Sion
2262 3450 2574 3521 egredietur
2606 3451 2712 3513 lex,
2745 3460 2799 3506 et
2833 3453 3060 3506 verbum
3092 3453 3308 3508 Domini
3349 3455 3416 3509 de
3443 3455 3667 3512 Jerusa-

2079 3549 2184 3602 lem
2215 3549 2258 3604 ⁸.
2299 3569 2317 3600 ι
2369 3548 2470 3603 Hic
2502 3564 2661 3604 mons
2692 3548 2897 3603 Christi
2945 3564 3164 3618 quoque
3195 3549 3298 3603 hoc
3333 3551 3387 3603 in
3423 3550 3543 3604 loco
3579 3552 3667 3605 in-

2078 3641 2268 3694 nuitur
2296 3659 2309 3694 :
2353 3660 2372 3690 ε
2409 3640 2521 3712 Ego
2545 3649 2724 3697 autem
2761 3657 2853 3696 rex
2881 3641 3214 3695 constitutus
3241 3655 3360 3695 sum
3390 3641 3459 3696 ab
3480 3657 3546 3696 eo
3569 3658 3664 3697 su-

2075 3745 2173 3799 per
2222 3724 2352 3783 Sion
2400 3739 2641 3784 montem
2697 3736 2946 3785 sanctum
3000 3729 3140 3797 ejus.
3183 3748 3201 3780 »
3268 3729 3448 3800 Aquo
3479 3739 3662 3786 autem

2075 3821 2562 3887 constitutus,est,
2611 3821 2717 3876 nisi
2758 3821 3047 3877 manifeste
3092 3821 3162 3876 ab
3218 3820 3312 3876 illo
3369 3820 3530 3876 Patre
3564 3823 3661 3892 qui

2075 3915 2140 3968 ad
2176 3930 2300 3969 eum
2337 3914 2468 3968 dicit
2504 3931 2519 3966 :
2560 3908 2764 3968 «Filius
2793 3928 2947 3968 meus
2970 3928 3030 3968 es
3064 3921 3146 3979 tu,
3173 3919 3226 3966 et
3249 3927 3350 3983 ego
3381 3911 3544 3966 hodie
3575 3928 3661 3983 ge-

2072 4004 2166 4059 nui
2206 4013 2294 4071 te;
2331 4005 2546 4075 postula
2585 4020 2615 4058 a
2639 4020 2748 4069 me,
2787 4012 2840 4059 et
2864 4001 3005 4059 dabo
3042 4003 3138 4058 tibi
3161 4011 3348 4072 gentes
3372 4001 3659 4058 haeredita-

2072 4106 2178 4152 tem
2205 4105 2376 4162 tuam,
2409 4106 2461 4152 et
2492 4097 2896 4168 possessionem
2929 4105 3077 4151 tuam
3105 4097 3364 4150 terminos
3398 4103 3557 4150 terrae
3575 4095 3652 4150 ⁸.»

2071 4190 2226 4257 Quod
2260 4189 2478 4260 quidem
2507 4203 2635 4243 vera
2663 4189 2735 4244 sit
2774 4188 3080 4260 prophetia,
3102 4204 3204 4243 nec
3232 4187 3393 4242 fallax
3423 4189 3658 4259 promis-

2071 4282 2175 4345 sio,
2227 4283 2542 4336 nover-imus
2592 4281 2659 4336 iis
2713 4281 2804 4350 qui
2854 4282 2908 4334 in
2944 4289 3053 4334 tam
3108 4281 3259 4336 brevi
3301 4289 3543 4351 tempore
3588 4294 3654 4336 ex

2068 4371 2218 4425 omni
2265 4379 2426 4442 gente
2469 4369 2536 4424 ad
2576 4385 2756 4424 veram
2793 4368 2887 4424 Dei
2919 4370 3235 4440 religionem
3281 4385 3378 4440 per
3408 4368 3656 4424 Salvato-

2067 4478 2185 4517 rern
2236 4472 2488 4518 nostrum
2538 4470 2922 4530 pervenerunt.
2975 4457 3171 4516 Dicant
3202 4463 3655 4517 evidentiasresi-

395 4551 586 4648 νομίατν
631 4595 746 4634 σου.
778 4551 872 4629 καὶ
904 4551 1012 4645 ⁷τὴν
1043 4573 1370 4643 κατάσχεσίν
1410 4590 1503 4625 σου
1532 4573 1599 4626 τὰ
1631 4572 1844 4642 πέρατα
1870 4572 1968 4642 τῆς

2080 4565 2215 4611 stere
2245 4555 2588 4625 impudenter
2617 4551 2905 4617 audentes,
2931 4558 3018 4607 cui
3049 4555 3453 4608 accommodari
3479 4554 3653 4623 possit

393 4669 514 4739 γῆς.
553 4689 570 4718 ι
604 4670 712 4721 Καὶ
744 4667 824 4720 ὃτι
863 4683 926 4734 γε
960 4665 1165 4736 ἀληθὴς
1209 4666 1242 4735 ή
1271 4664 1588 4736 προφητεία
1604 4665 1698 4717 xui
1729 4663 1963 4733 ἀψευδὴς

393 4763 782 4833 ὴ·ύπόσχεσις,
830 4761 1060 4828 πάρεστι
1110 4756 1402 4826 διαγνῶναι
1449 4757 1556 4810 ἀπὸ
1590 4756 1698 4810 τῶν
1732 4758 1790 4809 ἐν
1821 4755 1964 4809 οῦτω

393 4851 584 4921 βραχεῖ
614 4849 789 4920 χρόνῳ
834 4846 1307 4918 προσεληλυθότων
1342 4849 1405 4900 ἐκ
1431 4846 1629 4908 παντὸς
1675 4844 1860 4908 ἔθνους
1892 4847 1961 4917 τῇ

390 4941 479 4995 διὰ
519 4942 612 4995 τοῦ
643 4942 892 5013 Σωτῆρος
928 4939 1089 5012 ἡμῶν
1131 4938 1442 5008 θεοσεϐείᾳο
1491 4937 1524 5008 ἢ
1564 4937 1870 5006 λεγέτωσαν
1912 4937 1960 4989 οί

391 5035 526 5106 πρὸς
556 5035 655 5103 τὴν
685 5033 962 5105 ἐνέργειαν
990 5029 1328 5085 ἀντιϐλέπειν
1358 5027 1589 5091 ἀναιδῶς
1628 5027 1955 5099 τολμῶντες,

387 5128 494 5180 τίνι
538 5127 603 5180 ἂν
647 5125 818 5196 ἔχοιεν
851 5122 1182 5196 ἐφαρμόζειν
1231 5121 1305 5193 μὴ
1346 5121 1772 5193 παραδεχόμενοι
1804 5117 1956 5172 ταῦθ’

389 5219 562 5281 οὕτως
610 5217 752 5287 ἔχειν
793 5215 890 5286 τὴν
935 5213 1309 5286 προφητείαν;
1367 5212 1529 5266 Δαυὶδ
1583 5213 1681 5282 μὲν
1719 5209 1826 5281 γὰρ
1869 5211 1959 5262 τὸν

391 5306 630 5378 βασιλέα,
661 5305 787 5374 περὶ
821 5297 880 5356 οῦ
908 5305 1080 5356 ταῦτά
1107 5318 1252 5364 τινες
1271 5301 1528 5373 ᾠήθησαν
1556 5298 1830 5368 λέγεσθαι,
1861 5299 1957 5367 οὐχ

387 5395 488 5452 οἷοί
520 5414 579 5449 τε
610 5395 675 5449 ἂν
706 5391 814 5447 εἷεν
857 5393 1204 5465 παραστῆσαι
1245 5391 1421 5445 τοιάδε
1463 5389 1585 5444 τινὰ
1623 5387 1954 5449 πεπονθότα,

386 5491 462 5553 ὡς
497 5489 772 5560 ἀρχόντων
799 5487 894 5540 xui.
927 5485 1212 5556 βασιλέων,
1240 5485 1410 5538 ἐθνῶν
1439 5501 1500 5537 τε
1526 5484 1621 5537 καὶ
1659 5481 1804 5535 λαῶν
1834 5483 1954 5534 ἐπι-

387 5580 816 5634 ϐεϐουλευκότων
866 5578 1044 5649 αὐτῷ’
1081 5577 1209 5630 πότε
1255 5576 1310 5629 δὲ
1344 5575 1377 5646 ἢ
1420 5576 1516 5629 xui.
1569 5575 1662 5627 ἐπὶ
1705 5573 1955 5644 πηλίκοις

387 5671 833 5745 ἀνδραγαθήμασι
868 5667 1021 5724 εἶπεν
1057 5670 1086 5722 ὁ
1110 5669 1314 5740 Κύριος
1343 5665 1421 5738 τῷ
1445 5665 1628 5730 Δαυὶδ,
1659 5664 1816 5727 «Υἱός
1853 5679 1952 5734 μου

391 5867 420 5918 ⁷
455 5795 477 5827 ⁸
505 5792 659 5918 ἔδει.
696 5810 770 5858 ιι,
804 5794 868 5856 4,
1062 5793 1082 5824 ³
1123 5791 1254 5847 ibid.
1289 5791 1341 5846 6.

427 5905 443 5933 ο
505 5901 561 5918 νο

1453 5792 1474 5822 ⁶
1508 5787 1665 5845 Joan.
1699 5803 1866 5854 mn,
1903 5787 1994 5842 56.

2073 4649 2188 4704 hazc
2219 4648 2502 4718 prophetia
2526 4687 2540 4710 ,
2577 4653 2822 4700 nostram
2859 4646 2902 4700 si
2937 4646 3440 4715 interpretationem
3473 4644 3648 4698 detre-

2073 4747 2243 4795 ctant.
2310 4739 2568 4793 Davidem
2599 4737 2744 4792 enim
2780 4752 2983 4806 regem,
3015 4735 3082 4791 de
3111 4751 3219 4805 quo
3246 4736 3360 4789 haec
3393 4731 3499 4788 dici
3528 4734 3649 4803 opi~

2069 4839 2293 4894 nantur,
2349 4829 2626 4901 quomodo
2675 4829 2802 4883 talia
2853 4843 3073 4899 passum
3122 4826 3291 4880 fuisse
3336 4824 3645 4888 ostendent,

2067 4921 2156 4975 cui
2186 4921 2318 4974 nulli
2352 4919 2629 4990 principes
2680 4920 2903 4989 regesve
2933 4930 3169 4985 unquam
3204 4913 3444 4968 insidiati
3477 4915 3650 4968 sunt?

2065 5012 2294 5080 Quando
2323 5019 2503 5066 autem
2537 5018 2591 5064 et
2619 5025 2740 5080 qua:
2765 5009 2836 5064 ob
2864 5009 3096 5063 viriliter
3128 5012 3277 5076 gesta
3304 5003 3442 5058 dixit
3471 5001 3648 5057 Domi-

2065 5123 2170 5162 nus
2204 5105 2388 5160 Davidi
2427 5124 2439 5158 :
2477 5101 2686 5160 «Filius
2731 5117 2884 5157 meus
2932 5117 2992 5156 es
3039 5110 3116 5157 tu.
3160 5112 3259 5168 ego
3292 5096 3450 5150 hodie
3481 5097 3643 5166 genui

2064 5196 2162 5251 te?
2189 5213 2208 5248 ι
2244 5194 2528 5261 Quomodo
2557 5200 2612 5248 et
2646 5193 2758 5256 illa,
2798 5211 2817 5244 ι
2845 5189 3064 5245 Postula
3092 5203 3120 5241 a
3151 5203 3258 5250 me,
3293 5192 3346 5240 et
3374 5185 3514 5240 dabo
3543 5185 3642 5239 tibi

2061 5297 2247 5360 gentes
2299 5287 2666 5342 hereditatem
2711 5293 2881 5347 tuam,
2938 5290 2992 5336 et
3038 5277 3437 5351 possessionem
3491 5288 3639 5330 tuam

2059 5383 2324 5436 terminos
2359 5387 2536 5443 terrae,
2576 5397 2596 5431 ›
2623 5377 2673 5433 ei
2705 5377 3038 5437 dicerentur,
3071 5372 3158 5428 cui
3189 5367 3474 5425 manifeste
3504 5367 3638 5423 solis

2059 5477 2227 5531 Israel
2275 5483 2329 5530 et
2371 5473 2524 5528 Judm
2571 5469 2822 5526 terminis
2875 5482 3102 5537 regnum
3158 5462 3638 5530 circumscriptum

2057 5569 2210 5624 erat?
2267 5566 2458 5622 Dicant
2485 5577 2701 5635 quoque
2727 5577 2827 5615 cur
2855 5574 2966 5614 non
2991 5557 3208 5613 venisse
3229 5555 3507 5610 Christum
3535 5550 3636 5605 ad-

2056 5661 2298 5717 mittant.
2352 5657 2570 5721 Annon,
2621 5669 2745 5710 cum
2778 5668 2974 5724 passus
3021 5659 3125 5715 est,
3155 5648 3320 5704 alium
3350 5647 3514 5717 igitur
3538 5657 3636 5699 ex-

2110 5786 2130 5816 "
2175 5782 2338 5838 Mich.
2407 5797 2507 5844 ιιι,
2544 5779 2630 5835 12.
2707 5779 2728 5810 ³
2775 5777 2936 5832 Mich.
2973 5791 3046 5841 Iv,
3085 5773 3198 5828 1-2.
3309 5772 3330 5804 ⁹
3369 5767 3515 5824 Psal.
3551 5776 3635 5834 ιι,
