4106 6502
487 437 626 491 1095

1187 432 1458 489 EUSEBll
1497 430 1975 488 CESARIENSIS
2015 430 2164 488 ΟΡΡ.
2207 429 2384 486 PARS
2424 429 2511 488 Ill.
2551 463 2620 475 —-
2651 430 3064 488 EXEGETICA.

3585 432 3607 486 1
3620 430 3723 486 096

486 561 734 622 spectare
762 565 857 604 eos
899 564 1124 604 necesse
1165 556 1248 603 est
1273 548 1409 602 nihil
1437 548 1563 611 tale,
1597 549 1755 617 quale
1783 548 1892 610 hic,
1931 563 2040 617 pas-

2161 544 2212 600 εί
2238 549 2324 610 σὺ,
2355 547 2465 616 ὲγὼ
2503 550 2739 619 σήμερον
2785 548 3088 618 γεγέννηκά
3122 563 3215 612 σε;
3244 566 3263 609 ξ
3289 545 3413 610 Πῶς
3438 546 3492 599 δὲ
3521 546 3613 598 καὶ
3641 544 3720 609 τὸ,

489 644 714 698 surum?
759 641 826 695 Et
855 642 1126 710 quomodo
1176 641 1527 710 implerentur
1570 642 1862 710 prophetiae
1894 643 2061 696 multa

486 751 608 806 quae
637 749 899 804 passurus
925 743 1040 788 erat
1068 732 1157 787 Dei
1175 733 1427 788 Christus
1449 774 1464 798 ,
1488 742 1541 788 et
1564 734 1616 788 in
1647 733 1896 803 pluribus
1919 734 2060 796 aliis,

485 842 593 880 non
643 828 821 879 minus
869 841 1030 895 quam
1081 824 1136 878 in
1179 826 1282 878 hoc
1315 825 1546 894 psalmo,
1598 825 2063 895 praenuntiantes?

379 943 382 948 -
483 917 757 986 Numquid
799 917 1218 973 existimandum
1263 927 1346 970 est
1395 917 1530 970 adeo
1568 931 1664 986 per
1711 917 1894 970 orbem
1943 917 2061 972 sine

486 1008 579 1064 Dei
610 1010 811 1062 auxilio
846 1009 1211 1077 pervulgatam
1249 1007 1415 1062 fuisse
1459 1008 1525 1061 de
1554 1007 1794 1061 omnium
1824 1006 1932 1061 Deo
1964 1008 2061 1063 do-

484 1101 752 1163 ctrinam;
789 1100 1173 1168 hominumque
1204 1099 1346 1160 vim,
1398 1096 1656 1152 adversus
1702 1113 1881 1152 rerum
1913 1100 2060 1152 vices

483 1196 594 1242 tam
654 1191 931 1251 inermem,
989 1189 1124 1242 adeo
1188 1189 1483 1242 iuvaluisse
1541 1196 1595 1242 et
1650 1190 2057 1242 corroboratam

485 1279 655 1335 fuiSse
699 1289 759 1334 ut
797 1280 1013 1350 propria
1055 1279 1431 1332 tantummodo
1463 1278 1708 1331 doctrina
1733 1321 1747 1343 ,
1788 1280 1902 1333 sine
1948 1279 2058 1331 ullo

483 1369 698 1426 deitatis
716 1372 934 1432 auxilio,
961 1372 1013 1423 in
1034 1370 1285 1424 omnibus
1302 1370 1613 1439 regionibus
1649 1370 1718 1424 ita
1748 1371 2054 1422 auditorum

483 1463 692 1516 animas
739 1461 1070 1522 instituerit,
1116 1459 1318 1528 Deique
1357 1461 1595 1513 omnium
1628 1459 1854 1513 scientia
1905 1459 2056 1526 prius

482 1552 609 1605 olim
635 1553 905 1615 imbuerit,
934 1560 987 1606 et
1019 1567 1191 1620 usque
1218 1567 1360 1604 nunc
1390 1551 1455 1602 iis
1487 1551 1836 1619 persuaserit,
1874 1558 1931 1602 ut
1962 1563 2056 1617 pa-

481 1644 641 1695 triam
674 1653 907 1714 gentem,
964 1646 1238 1712 vitamque
1267 1644 1542 1711 injustam,
1580 1642 1747 1696 feram
1786 1658 1849 1696 ac
1877 1642 2055 1697 disso-

481 1736 650 1789 lutam
679 1735 992 1804 abjicerent,
1039 1734 1238 1805 Deique
1263 1735 1447 1804 pietati
1475 1735 1816 1788 solummodo
1864 1735 2054 1788 stude-

483 1835 624 1890 rent,
660 1826 910 1894 illamque
950 1841 1056 1878 non
1118 1825 1293 1878 solum
1339 1824 1556 1893 opibus,
1588 1823 1682 1878 sed
1710 1831 1761 1876 et
1798 1824 1899 1892 ipsi
1930 1825 2053 1877 vita:

2170 659 2186 689 ι
2215 640 2440 710 Αἴτησαι
2485 641 2611 709 παρ’
2651 638 2808 708 ἐμοῦ,
2848 639 2941 692 καὶ
2966 636 3119 690 δώσω
3164 654 3244 690 σοι
3285 637 3411 707 ἔθνη
3449 635 3546 707 τὴν
3590 635 3723 706 κλη-

2151 732 2420 802 ρονομίαν
2464 748 2576 793 σου,
2619 731 2713 784 καὶ
2757 731 2855 802 τὴν
2896 730 3218 800 κατάσχεσίν
3265 747 3358 782 σου
3405 729 3471 782 τὰ
3514 730 3726 801 πέρατα

2161 823 2260 893 τῆς
2294 823 2414 892 γῆς,
2453 843 2469 874 ι
2511 822 2702 890 λέγοιτ’
2739 823 2802 875 ἂν
2852 822 2926 885 ὡς
2964 822 3098 893 πρὸς
3144 822 3303 875 αὑτὸν
3345 821 3532 889 σαφῶς
3571 837 3726 890 περι-

2163 913 2467 984 ορισθείσης
2493 914 2654 966 αὑτοῦ
2678 915 2774 984 τῆς
2802 913 3072 982 βασιλείας
3102 915 3191 967 ἐπὶ
3221 914 3380 979 μόνον
3408 911 3495 965 τὸν
3511 911 3725 982 Ἰσραὴλ

2164 1006 2257 1059 καὶ
2303 1007 2427 1068 τοὺς
2466 1005 2566 1072 τῆς
2613 1005 2868 1068 Ἰουδαίας
2917 1005 3106 1076 ὄρους;
3164 1005 3261 1058 Διά
3311 1005 3362 1057 τί
3413 1004 3469 1056 δὲ
3519 1005 3612 1056 καὶ
3661 1004 3721 1056 ού

2161 1097 2472 1165 προσίενται
2503 1097 2591 1149 τὸν
2625 1096 2914 1166 ἐληλυθότα
2930 1098 3182 1160 Χριστὸν,
3217 1095 3717 1165 ἀποκρινέσθωσαν·

2157 1185 2269 1259 ’ἇρά
2309 1205 2370 1256 γε
2419 1187 2604 1259 ἐπειδὴ
2657 1189 2941 1253 πέπονθεν,
2970 1189 3154 1257 ἓτερον
3199 1189 3377 1240 τοίνυν
3422 1186 3723 1258 προσδοκᾷν

2160 1281 2354 1344 αὐτοὺς
2391 1281 2602 1350 ἀνάγκη
2647 1281 2809 1352 μηδὲν
2851 1280 3086 1334 τοιοῦτον
3125 1283 3305 1334 ὁποῖον
3349 1272 3502 1342 οὗτος
3543 1280 3724 1332 πεισό-

2161 1389 2359 1443 μενον;
2425 1374 2534 1426 Καὶ
2591 1373 2707 1436 πῶς
2767 1372 2832 1426 ἂν
2887 1373 3218 1443 πληρωθεῖεν
3279 1374 3334 1426 αί
3395 1374 3722 1442 προφητεῖαι

2158 1461 2381 1514 πλεῖστα
2427 1462 2530 1516 ὅσα
2582 1461 2772 1516 παθεῖν
2797 1462 2887 1514 τὸν
2921 1460 3152 1532 Χριστὸν
3185 1458 3278 1512 τοῦ
3331 1457 3487 1522 Θεοῦ,
3539 1458 3630 1511 καί
3664 1459 3721 1510 ἐν

2156 1553 2357 1624 ἑτέροις
2387 1554 2484 1624 μὲν
2518 1553 2776 1616 πλείοσιν,
2811 1556 2906 1623 οὐχ
2933 1555 3129 1622 ἥκιστα
3163 1552 3218 1604 δὲ
3254 1552 3346 1604 καὶ
3384 1552 3441 1604 ὲν
3477 1549 3553 1620 τῷ
3586 1549 3720 1620 μετά

2155 1647 2341 1714 χεῖρας
2387 1643 2748 1715 προλέγουσαι
2787 1643 3019 1713 ψαλμῴ;
3052 1640 3196 1714 Ἃρα
3234 1642 3290 1695 δὲ
3332 1642 3435 1712 χρὴ
3481 1638 3719 1710 νομίζειν

2154 1734 2304 1788 ἀθεεί
2353 1735 2451 1806 τὴν
2501 1735 2627 1809 περὶ
2685 1735 2776 1788 τοῦ
2843 1735 2956 1809 τῶν,
3011 1734 3146 1787 ὅλων
3192 1733 3324 1787 Θεοῦ
3376 1731 3719 1786 διδασκαλίαν

2153 1827 2543 1898 ὲνεσπαρκέναι
2594 1825 2781 1880 τοῦτον
2827 1829 2892 1897 τῇ
2950 1826 3272 1896 οἰκουμένῃ·
3341 1824 3453 1877 ἔστι
3506 1824 3564 1877 δὲ
3617 1822 3718 1876 κᾶν

481 1916 616 1969 adeo
659 1916 910 1970 omnibus
957 1914 1169 1969 dilectae
1213 1915 1638 1984 anteponerent?
1692 1913 1890 1969 Verum
1940 1931 2040 1968 non

2144 1918 2432 1988 ’ἐπινοῆσαι
2462 1917 2806 1988 ἀνθρωπίνην
2836 1917 3010 1989 ὁρμὴν
3039 1917 3132 1969 καὶ
3157 1916 3314 1986 ψιλὴν
3345 1915 3437 1968 τοῦ
3468 1915 3718 1985 τυχόντος

475 2007 673 2076 opinor
730 2021 1050 2075 quemquam
1115 2021 1337 2069 eorum,
1391 2007 1482 2075 qui
1543 2015 1690 2062 recte
1751 2008 1817 2062 de
1889 2008 2051 2064 rebus

479 2099 680 2153 sentire
745 2099 952 2161 volunt,
1023 2108 1342 2168 negaturum
1414 2113 1536 2153 esse
1581 2099 1694 2153 haec
1737 2106 1886 2152 tanta
1953 2099 2045 2154 Dei

477 2204 578 2260 cpe
609 2197 661 2242 et
701 2189 837 2243 ultra
872 2189 1150 2242 hominum
1207 2188 1515 2244 facultatem
1566 2205 1661 2260 per
1709 2189 2046 2245 Salvatorem

476 2290 720 2336 nostrum
761 2281 1029 2336 evenisse.
1087 2281 1296 2347 Quibus
1339 2282 1498 2338 simul
1531 2282 1835 2336 ostenditur
1868 2282 2048 2336 incar-

475 2371 587 2424 nati
619 2370 829 2424 Domini
863 2371 1140 2436 divinitas,
1164 2371 1323 2426 simul
1351 2377 1404 2424 et
1435 2379 1617 2439 aperte
1641 2369 2044 2442 demonstratur

474 2478 596 2517 eum
621 2463 895 2533 accepisse
920 2477 950 2515 a
981 2462 1138 2517 Patre
1176 2470 1393 2533 «gentes
1418 2461 1806 2524 hereditatem,
1831 2467 1886 2514 et
1917 2475 2044 2529 pos-

475 2553 774 2608 sessionem
799 2554 917 2621 ejus
962 2553 1223 2608 terminos
1265 2560 1445 2617 terrae,
1477 2572 1495 2604 ι
1523 2559 1884 2622 congruenter
1915 2567 2038 2605 cum

472 2648 751 2714 praecitata
807 2645 1106 2715 prophetia.
1173 2643 1540 2714 Quaecumque
1585 2644 1653 2698 de
1699 2644 1801 2698 hoc
1832 2645 2042 2713 psalmo

473 2735 699 2789 dicenda
728 2742 872 2790 sunt
904 2735 1182 2790 absolvere
1226 2743 1438 2804 tempus
1479 2743 1657 2797 vetat,
1685 2749 1818 2788 cum
1844 2734 1955 2803 jam
1986 2745 2042 2788 et

473 2825 721 2880 diﬂusius
751 2825 816 2879 de
844 2826 934 2880 illo
961 2826 1338 2880 disseruimus.

2157 2007 2409 2079 ἐπιϐολὴν
2442 2007 2692 2061 τοσοῦτον
2731 2007 2944 2077 ίσχῦσαί
2974 2025 3032 2060 τε
3066 2010 3159 2060 καὶ
3200 2006 3508 2078 δυνηθῆναι,
3535 2005 3611 2068 ὡς
3632 2004 3718 2058 διὰ

2157 2101 2324 2170 μόνης
2357 2101 2454 2170 τῆς
2493 2099 2657 2154 αὐτοῦ
2700 2098 3041 2162 διδασκαλίας
3073 2099 3200 2152 ἄνευ
3245 2098 3493 2167 θεότητος
3531 2113 3717 2166 συνερ-

2149 2189 2352 2260 γούσης
2398 2190 2740 2254 παντοδαπὰς
2781 2190 3061 2262 ἀκροατῶν
3091 2186 3350 2243 διαθεῖναι
3377 2187 3554 2257 ψυχὰς
3588 2187 3716 2257 περὶ

2148 2279 2238 2330 τὸν
2280 2278 2386 2330 τῶν
2436 2278 2573 2331 ὅλων
2603 2279 2732 2332 Θεὸν
2770 2278 2941 2333 ταῦτα
2987 2282 3167 2331 πεῖσαι
3217 2277 3380 2330 πάλαι
3430 2277 3711 2346 πρότερον,

2149 2373 2240 2424 καὶ
2272 2370 2439 2427 εἰσέτι
2471 2372 2565 2425 νῦν
2615 2372 2819 2425 πείθειν
2867 2371 3181 2425 καταλιπεῖν
3219 2369 3316 2440 μὲν
3351 2367 3443 2439 ἔθη
3490 2368 3712 2437 πάτρια,

2149 2461 2260 2532 βίον
2298 2480 2356 2516 τε
2385 2462 2639 2533 ἄθεσμον,
2677 2463 2768 2516 καὶ
2803 2465 3095 2535 ἀνήμερον,
3129 2465 3221 2517 καί⁹
3247 2462 3562 2527 ἀκόλαστον,
3593 2461 3711 2513 θεο-

2148 2552 2332 2623 σεϐείᾳ
2366 2552 2422 2605 δὲ
2467 2553 2598 2623 μόνῃ
2635 2553 2934 2623 προσέχειν,
2977 2555 3068 2606 καὶ
3109 2552 3308 2623 ταύτην
3336 2552 3394 2604 ού
3429 2551 3584 2622 μόνον
3615 2551 3712 2621 τῆς

2146 2643 2492 2714 ὑπαρχούσης
2533 2643 2750 2709 οὐσίας,
2797 2644 2932 2698 ἀλλά
2978 2645 3069 2698 καὶ
3106 2645 3172 2697 δι’
3229 2643 3390 2697 αὑτοῦ
3439 2643 3532 2696 τοῦ
3579 2644 3710 2696 πᾶσι

2146 2734 2513 2806 περιποθήτου
2554 2734 2652 2806 ζῇν
2695 2737 2998 2808 προτιμᾷν;
3047 2736 3187 2788 Ἀλλ’
3225 2737 3323 2789 ούκ
3371 2735 3552 2805 οἴομαί
3589 2750 3709 2786 τινα

2143 2825 2251 2879 τῶν
2294 2824 2395 2879 κᾶν
2443 2825 2676 2896 μετρίως
2728 2827 3088 2897 εὐγνωμονεῖν
3137 2827 3428 2880 ἐθελόντων
3473 2825 3545 2896 μὴ
3587 2823 3710 2894 οὐχὶ

475 2919 848 2988 συνομολογεῖν
879 2919 946 2971 τὰ
1008 2917 1307 2986 τηλικαῦτα
1379 2919 1516 2990 μετά
1544 2919 1918 2991 συνεργούσης
1961 2919 2110 2984 θείας
2149 2920 2242 2975 καὶ
2295 2921 2435 2992 ὑπὲρ
2485 2921 2786 2994 ἀνθρώπων
2843 2922 3120 2994 δυνάμεως
3171 2923 3257 2976 διὰ
3313 2921 3407 2974 τοῦ
3457 2920 3707 2991 Σωτῆρος

471 3012 627 3084 ἡμῶν
674 3014 985 3082 γεγονέναιο
1040 3015 1099 3078 ἐξ
1143 3008 1217 3066 ῶν
1272 3014 1405 3084 ὁμοῦ
1463 3015 1559 3085 μὲν
1617 3016 1710 3067 καὶ
1765 3017 1797 3082 ἡ
1839 3015 2029 3085 θεότης
2065 3017 2449 3069 ἀποδείκνυται
2499 3016 2595 3069 τοῦ
2644 3015 3163 3088 ὲνανθρωπήσαντος
3203 3015 3430 3090 Κυρίου,
3469 3013 3601 3086 ὁμοῦ
3651 3011 3707 3065 δὲ

472 3108 564 3160 καὶ
603 3107 670 3160 τὰ
710 3109 978 3177 τεκμήρια
1019 3107 1204 3176 σαφῶς
1242 3107 1569 3179 παρίσταται
1611 3107 1709 3160 τοῦ
1758 3107 2034 3178 εἰληφέναι
2073 3110 2233 3162 αὑτὸν
2267 3109 2373 3162 ὑπὸ
2407 3109 2499 3163 τοῦ
2564 3109 2772 3180 Πατρὸς
2824 3129 2841 3160 ι
2875 3110 2941 3162 τά
2993 3109 3119 3178 ἔθνη
3170 3108 3551 3180 κληρονομίαν,
3613 3103 3706 3158 καὶ

470 3199 572 3270 τὴν
606 3199 930 3267 κατάσχεσιν
971 3198 1134 3250 αὐτοῦ
1186 3199 1254 3252 τά
1298 3201 1516 3271 πέρατα
1555 3200 1654 3269 τῆς
1695 3202 1817 3272 γῆς,
1888 3221 1906 3252 ι
1954 3201 2260 3265 ἀκολούθως
2327 3205 2390 3273 τῇ
2430 3202 2568 3273 μετά
2603 3205 2788 3274 χεῖρας
2829 3202 3152 3275 προφητείᾳ.
3186 3201 3321 3256 ’Όλα
3350 3201 3406 3254 δὲ
3439 3199 3507 3254 τά
3563 3197 3704 3253 κατά

469 3287 561 3340 τὸν
635 3287 846 3358 ψαλμὸν
897 3287 1193 3359 διηγεῖσθαι
1237 3291 1297 3343 ού
1363 3290 1458 3343 τοῦ
1512 3291 1777 3362 παρόντος
1833 3293 2089 3363 τυγχάνει
2141 3293 2365 3365 καιροῦ,
2441 3293 2671 3364 μάλιστα
2715 3296 2803 3347 ὅτε
2866 3294 3241 3366 πληρεστάτης
3293 3294 3392 3365 ήδη
3440 3291 3702 3361 τετύχηκε

469 3383 789 3454 διηγήσεως.

1073 3500 1298 3556 CAPUT
1335 3501 1422 3559 Ill.

994 3592 1040 3645 E
1070 3594 1271 3661 psalmo
1312 3597 1487 3651 tertio.

539 3678 781 3738 Tertium
828 3699 1044 3753 quoque
1093 3688 1358 3754 psalmum
1412 3686 1567 3742 facile
1604 3695 1688 3742 est
1717 3687 1785 3742 de
1815 3685 2034 3742 Christo

468 3772 848 3844 interpretari,
897 3786 1261 3845 congruenter
1301 3795 1424 3831 cum
1475 3779 1688 3833 insidiis
1741 3793 1860 3846 quae
1909 3787 2034 3834 ante

467 3881 588 3920 eum
617 3865 852 3931 fuerunt,
885 3866 1111 3921 insidias
1137 3867 1400 3924 adversus
1424 3885 1546 3924 eum
1568 3878 1786 3940 paratas
1811 3871 2035 3926 demon-

465 3964 646 4012 strans
671 3957 771 4011 hoc
798 3957 956 4012 modo
985 3977 998 4012 :
1038 3977 1056 4009 ι
1093 3957 1340 4021 Domine,
1367 3961 1496 4030 quid
1527 3962 1868 4032 multiplicati
1905 3970 2033 4017 sunt

463 4047 556 4117 qui
587 4048 848 4101 tribulant
879 4065 964 4102 me
992 4049 1072 4102 '°?
1100 4069 1119 4102 ι
1184 4051 1249 4104 Et
1282 4067 1402 4120 qua:
1433 4053 1882 4108 resurrectionem
1913 4055 2031 4123 ejus

462 4134 716 4202 innuunt,
766 4136 850 4190 his
899 4139 1077 4193 verbis
1111 4159 1122 4192 :
1161 4158 1179 4190 ι
1221 4139 1331 4209 Ego
1362 4142 1613 4210 dormivi,
1659 4152 1712 4198 et
1742 4155 2029 4213 soporalus

461 4241 616 4291 sum;
651 4234 704 4279 ct
737 4229 1041 4295 exsurrexi,
1073 4231 1197 4299 quia
1227 4231 1486 4288 Dominus
1511 4234 1749 4303 suscepit
1781 4250 1867 4290 me
1901 4236 1964 4287 ".
2004 4255 2021 4286 ›

459 4314 784 4370 Conveniret
812 4317 1030 4372 Christo
1058 4328 1110 4373 et
1142 4321 1373 4390 quisque
1405 4322 1564 4392 hujus
1599 4323 1792 4392 psalmi
1813 4341 2023 4389 versus,

459 4408 552 4474 qui
585 4405 741 4459 nobis
774 4408 1210 4477 interpretandus
1255 4418 1356 4465 est.
1417 4411 1534 4466 Non
1574 4413 1884 4469 inconsulto
1913 4423 2022 4470 ter-

458 4497 568 4551 tius
612 4496 699 4551 ille
730 4499 972 4567 psalmus
1012 4500 1214 4556 Christi
1264 4506 1717 4561 resurrectionem
1766 4522 2021 4576 praenun-

457 4588 579 4652 tiat,
629 4601 989 4660 congruenter
1034 4610 1156 4648 cum
1199 4599 1493 4666 precitatis
1526 4601 1843 4670 prophetiis.
1905 4598 2023 4655 Pri-

453 4694 577 4735 mus
604 4681 768 4742 enim,
816 4682 958 4738 sicut
985 4686 1290 4750 retulimus,
1339 4689 1741 4758 integerrimam
1788 4693 1907 4762 ejus
1939 4696 2017 4749 vi-

451 4775 604 4836 tam,
661 4771 1073 4845 iniquitatisque
1128 4776 1421 4832 immunem
1477 4781 1686 4836 vivendi
1751 4786 2016 4839 rationem

2656 3505 2834 3558 ΚΕΦΛ
2843 3505 3050 3558 ΛΑΙΟΝ
3092 3505 3166 3559 Γ’.

2744 3594 2992 3664 Ψαλμοῦ
3029 3601 3097 3664 τ’.

2203 3688 2313 3741 Καὶ
2333 3687 2424 3740 τὸν
2459 3687 2642 3758 τρίτον
2673 3685 2884 3758 ψαλμὸν
2935 3687 3027 3738 ἐπὶ
3073 3687 3164 3739 τὸν
3219 3687 3452 3757 Χριστὸν
3496 3686 3699 3757 ἐκλαμ-

2123 3777 2314 3832 σὸἀνειν
2341 3779 2579 3849 εὐχερὲς,
2604 3777 2910 3841 ἀκολούθως
2938 3781 3049 3841 τοῖς
3074 3777 3180 3848 πρὸ
3197 3777 3361 3831 αὐτοῦ
3385 3778 3699 3836 διδάσκοντα

2129 3868 2200 3922 τὰ
2231 3870 2478 3940 περὶτῆς
2500 3869 2618 3923 κατ’
2642 3868 2805 3922 αὐτοῦ
2836 3868 3124 3939 ἐπιϐουλῆς
3183 3868 3270 3923 διὰ
3299 3868 3413 3930 τοῦ,
3445 3887 3463 3920 ι
3502 3869 3692 3940 Κύριε,

2128 3959 2180 4011 τί
2210 3958 2622 4031 ἐπληθύνθησαν
2644 3961 2693 4011 οἱ
2719 3959 2987 4023 θλίϐοντες
3017 3977 3115 4031 με;
3175 3980 3194 4013 ι
3237 3963 3331 4015 καὶ
3358 3961 3426 4016 τὰ
3449 3963 3696 4034 περὶτῆς

2128 4051 2472 4116 ἀναστάσεως
2537 4051 2599 4122 (Γ.
2638 4053 2702 4106 19
2728 4057 2804 4122 νο)
2847 4052 3031 4113 αὑτοῦ.
3063 4054 3100 4108 ἀ
3163 4055 3257 4108 καὶ
3309 4054 3562 4126 δηλοῦται
3606 4056 3694 4109 διὰ

2125 4138 2241 4203 τοῦ,
2275 4159 2292 4189 ι
2317 4139 2456 4208 Ἐγὼ
2484 4141 2782 4210 ἐκοιμήθην
2841 4141 2934 4193 καὶ
2967 4140 3211 4206 ὓπνωσα,
3259 4141 3578 4216 ἐξηγέρθην,
3611 4145 3692 4198 ὅτι

2113 4230 2328 4301 Κύριος
2364 4232 2710 4304 ἀντιλήψεται
2742 4249 2894 4302 μου.)
2935 4233 3214 4305 Ἀρμόσειε
3271 4235 3318 4288 δ’
3353 4235 3418 4290 ἀν
3443 4236 3519 4307 τῷ
3556 4235 3661 4306 Χρι

2127 4317 2237 4389 στῴ
2265 4321 2358 4373 καὶ
2389 4319 2616 4383 ἕκαστος
2638 4321 2730 4374 τοῦ
2745 4320 2958 4391 ψαλμοῦ
2983 4323 3163 4393 στίχος
3187 4325 3285 4394 τῆς
3312 4324 3692 4396 προσηκούσης

2123 4407 2299 4480 τυχὼν
2346 4409 2674 4482 ἐξηγήσεως-⁸
2711 4411 2820 4481 ἔχει
2855 4413 2911 4464 δὲ
2941 4413 3095 4482 λόγον
3135 4415 3311 4469 καὶτὸ
3332 4415 3508 4487 τρίτον
3530 4417 3692 4469 αὑτὸν

2120 4501 2448 4570 τεταγμένον
2501 4502 2572 4554 τὰ
2625 4503 2752 4574 περὶ
2798 4505 2895 4575 τῆς
2948 4507 3294 4571 ἀναστάσεως
3333 4505 3426 4560 τοῦ
3484 4509 3689 4579 Κυρίου

2122 4590 2400 4654 θεσπίζειν
2425 4592 2732 4656 ἀκολούθως
2759 4599 2878 4658 ταῖς
2905 4597 3010 4668 πρὸ
3064 4598 3226 4652 αὐτοῦ
3259 4601 3633 4672 προφητείαιςο
3662 4603 3690 4653 ὁ

2124 4681 2223 4750 μὲν
2249 4681 2357 4752 γὰρ
2388 4683 2619 4754 πρῶτος,
2655 4685 2835 4750 καθὼς
2864 4688 3308 4761 ἀποδεδώκαμεν,
3340 4692 3428 4744 τὸν
3451 4691 3690 4763 ἄληπτον

2122 4774 2234 4844 βίον
2253 4777 2347 4828 καὶ
2377 4777 2478 4848 τὴν
2505 4775 2630 4830 ἄνευ
2652 4779 2926 4850 ἁμαρτίας
2946 4781 3110 4834 αὐτοῦ
3129 4783 3398 4835 πολιτείαν
3425 4782 3684 4836 διδάσκει·

452 4863 718 4962 ostendit;
755 4866 1135 4937 secundusque
1178 4869 1522 4953 passionem;
1552 4882 1674 4943 apte
1701 4875 1868 4946 igitur
1912 4883 2020 4930 ter-

2141 4889 2146 4913 ι
2172 4865 2420 4938 δεύτερος
2440 4869 2506 4920 τὰ
2539 4870 2680 4922 κατὰ
2710 4871 2769 4922 τὸ
2817 4871 3005 4934 πάθοςο
3039 4872 3246 4936 τούτοις
3279 4873 3566 4945 τοιγαροῦν
3597 4877 3689 4930 καὶ

451 4951 563 5008 tlus
588 4956 1037 5012 resurrectionem
1068 4959 1186 5028 ejus
1211 4951 1553 5028 praenuntiat.

1052 5131 1281 5189 CAPUT
1322 5132 1411 5192 IV.

961 5220 1011 5275 E
1034 5223 1238 5291 psalmo
1277 5235 1478 5280 octavo.

515 5311 702 5368 Octavi
739 5313 929 5385 psalmi
972 5315 1145 5383 prima
1184 5317 1348 5370 verba
1380 5334 1393 5370 :
1423 5335 1441 5368 ι
1472 5315 1698 5373 Domine
1733 5319 1872 5376 Deus
1916 5337 2010 5379 no-

448 5415 577 5467 ster,
601 5420 760 5473 quam
792 5405 1110 5460 admirabile
1150 5416 1234 5461 est
1281 5422 1474 5462 nomen
1507 5415 1659 5464 tuum
1692 5411 1745 5465 in
1794 5414 2006 5468 univer-

2121 4961 2150 5011 ὁ
2195 4957 2377 5028 τρίτος
2431 4960 2559 5031 ἑξῆς
2622 4961 2692 5015 τὰ
2748 4965 2876 5035 περὶ
2953 4964 3049 5034 τῆς
3109 4964 3457 5029 ἀναστάσεως
3523 4967 3684 5020 αὐτοῦ

2116 5045 2375 5112 θεσπίζει.

2639 5143 3034 5198 ΚΕΦΑΛΑΙΟΝ
3079 5147 3152 5200 Δ’.

2715 5235 2965 5304 Ψαλμοῦ
3003 5244 3055 5304 η’

2183 5318 2289 5372 Τοῦ
2315 5319 2498 5389 ὀγδόου
2525 5320 2737 5392 ψαλμοῦ
2776 5323 2846 5376 τὰ
2873 5326 2971 5394 μὲν
2999 5325 3188 5396 πρῶτα
3213 5327 3321 5382 ἀπὸ
3346 5327 3463 5396 τοῦ,
3485 5328 3672 5400 «Κύριε

2103 5409 2136 5460 ὁ
2162 5408 2363 5481 Κύριος
2396 5412 2570 5481 ἡμῶν,
2599 5413 2672 5476 ὼς
2710 5412 3016 5482 θαυμαστὸν
3043 5417 3102 5471 τὸ
3127 5419 3298 5488 ὄνομά
3334 5436 3426 5472 σου
3455 5422 3511 5474 ὲν
3531 5420 3675 5490 πάσῃ

448 5505 506 5546 sa
541 5499 684 5545 terra
717 5493 790 5544 "i
834 5513 850 5543 ι
897 5494 961 5547 de
1005 5495 1242 5563 gentium
1286 5498 1571 5552 vocatione
1626 5500 2006 5570 prophetizare

2141 5507 2174 5575 ᾖ
2205 5507 2330 5575 γῇν³
2369 5508 2622 5578 περὶτῆς
2655 5508 2711 5575 ἐξ
2749 5509 2914 5564 ὲθνῶν
2971 5512 3214 5584 κλήσεως
3267 5516 3408 5570 ἔοικε
3466 5534 3678 5588 προφη-

449 5581 660 5634 videtur
695 5599 901 5651 :quare
950 5584 1309 5641 inscribitur:
1348 5606 1365 5639 ι
1414 5604 1512 5656 pro
1559 5593 1946 5650 torcularibus.
1980 5614 1999 5646 ι

448 5668 546 5725 Hic
575 5681 906 5741 usurpantur
934 5678 1225 5730 toreularia
1277 5694 1374 5748 pro
1411 5678 1672 5735 Ecclesiis
1713 5697 1833 5753 quae
1875 5692 2006 5739 sunt

514 5829 557 5858 '°
591 5826 735 5882 Psal.
771 5841 868 5892 ιιι.
896 5827 955 5884 2.
1028 5831 1067 5863 ¹¹
1107 5830 1237 5888 ibid.
1269 5832 1320 5886 6.
1399 5836 1439 5866 "
1479 5833 1622 5890 Psal.
1659 5850 1790 5903 vm,
1828 5834 1878 5894 1.

2108 5594 2381 5648 σεύεσθαι·
2405 5597 2485 5651 διὸ
2516 5601 2610 5652 καὶ⁹
2637 5601 3038 5674 ἐπιγέγραπται
3087 5624 3105 5656 ι
3126 5607 3266 5677 ὑπὲρ
3313 5609 3422 5662 τῶν
3444 5609 3638 5679 ληνῶν·
3656 5629 3674 5660 ι

2111 5684 2284 5755 ληνῶν
2317 5689 2615 5745 νοουμένων
2644 5691 2750 5746 τῶν
2781 5694 2884 5749 ἀνὰ
2933 5696 3029 5768 τὴν
3084 5699 3406 5772 οἰκουμένην
3453 5701 3681 5775 Ἐκκλη-
