4106 6442
362 319 498 375 1097

1374 317 1668 374 ECLOGA}
1707 313 2184 372 PROPHETICE.
2227 342 2298 353 —
2338 311 2465 366 LIB.
2505 308 2573 365 ll.

3463 307 3601 364 {098

363 451 514 513 σιων,
551 437 606 488 ἐν
637 430 723 497 αἷς
756 434 853 504 τῆς
891 434 1146 506 ἀληθινῆς
1171 432 1415 504 ἀμπέλου
1437 432 1530 485 τοῦ
1558 431 1814 503 Χριστοῦ,
1839 433 1932 484 καὶ

2050 443 2197 497 iuper
2229 435 2449 488 terram,
2485 425 2541 490 in
2573 425 2774 495 quibus
2796 437 2936 477 verae
2961 422 3085 477 vitis
3106 419 3335 483 Christi,
3364 428 3417 475 et
3441 417 3598 491 quasi

361 523 468 577 τῶν
501 525 739 594 ὡσπερεὶ
771 523 1061 594 κλημάτων
1087 522 1250 576 αὑτοῦ
1279 522 1386 574 τῶν
1418 521 1578 594 ἱερῶν
1602 521 1930 586 ἀποστόλων,

363 616 411 670 oi
436 615 640 684 λογικοὶ
670 615 890 686 βότρυες
921 614 1228 684 πιεζόμενοι
1257 613 1347 666 τὸν
1380 614 1488 667 άπὸ
1534 613 1642 667 τῶν
1676 612 1932 684 μαθημά-

364 724 470 760 των
498 705 674 759 αὑτῶν
705 705 887 778 νοερὸν
920 706 1013 757 καὶ
1036 705 1216 774 πάσης
1265 702 1600 774 εὐφροσύνης
1657 703 1935 772 ποιητικὸν

364 799 504 853 οἶνον
529 799 872 870 παρέχουσιν·
909 797 1082 860 ἄλλως
1114 797 1223 867 γάρ
1262 799 1322 849 οὑ
1343 798 1565 850 δυνατὸν
1599 799 1934 866 σωματικαῖς

366 890 542 962 ληνοῖς
578 891 883 962 ἐφαρμόσαι
911 888 980 941 τὰ
1011 889 1068 941 ἐν
1128 889 1205 960 τῷ
1234 888 1430 960 ψαλμῷ
1472 889 1758 959 λεγόμενα·
1815 889 1936 940 ἐπεὶ

371 985 489 1056 μηδ’
514 984 648 1046 ὅλως
669 983 743 1044 ὡς
783 984 838 1035 ἐν
861 983 1066 1054 ἑτέροις
1103 983 1219 1053 ἦτοι
1276 985 1403 1054 περὶ
1447 984 1690 1054 ἀμπέλου
1732 1001 1934 1055 μεταρυ

367 1075 546 1146 θείσης
572 1075 630 1138 ἐξ
659 1073 954 1142 Αίγύπτον,
990 1074 1021 1144 ἢ
1054 1075 1180 1146 περὶ
1217 1073 1538 1145 ἀμπελῶνος
1596 1075 1800 1145 Κυρίου
1834 1075 1936 1125 Σα-

366 1165 538 1229 σαὼθ,
570 1167 604 1237 ἦ
631 1183 789 1218 τινων
813 1164 1086 1230 τοιούτων,
1106 1165 1341 1218 διάνοιάν
1371 1183 1490 1218 τινα
1520 1165 1591 1219 τὰ
1622 1165 1719 1236 τῆς
1740 1164 1937 1230 λέξεως

369 1256 630 1327 περιέχει.
661 1254 740 1307 Τὰ
772 1255 817 1308 δ’
846 1255 952 1307 ἀπὸ
988 1253 1105 1318 τοῦ,
1162 1275 1179 1306 ι
1212 1256 1276 1308 Τί
1309 1257 1454 1309 ἐστιν
1505 1254 1806 1326 ἄνθρωπος,
1855 1254 1936 1305 ὅτι

371 1347 648 1417 μιμνήσκῃ
678 1345 861 1410 αὑτοῦ,
918 1345 1098 1416 ἢυίὸς
1152 1347 1458 1418 ἀνθρώπου,
1516 1348 1595 1400 ὅτι
1635 1345 1936 1416 ἐπισκέπτῃ

367 1436 565 1500 αὑτόν;
611 1435 952 1500 Ἦλάττωσας
981 1437 1142 1490 αὑτὸν
1175 1436 1346 1508 βραχύ
1378 1456 1431 1490 τι
1488 1439 1616 1509 παρ’
1651 1436 1935 1505 ἀγγέλους,

365 1527 492 1601 δόξῃ
519 1527 613 1581 καὶ
638 1531 768 1599 τιμῇ
799 1530 1182 1596 ἐστεφάνωσας
1203 1530 1418 1593 αὑτὸν,›
1453 1528 1549 1582 καὶ
1577 1529 1645 1581 τὰ
1675 1528 1821 1597 ἑξῆς,
1847 1527 1940 1579 ἐπὶ

367 1619 457 1672 τὸν
491 1619 719 1690 Σωτῆρα
747 1621 840 1673 καὶ
888 1620 1092 1692 Κύριον
1146 1621 1305 1692 ἡμῶν
1357 1619 1562 1690 Ἰησοῦν
1597 1620 1654 1672 ἐν
1701 1622 1766 1690 τῇ
1805 1619 1939 1690 πρὸς

380 1713 660 1784 Ἐϐραίους
703 1713 955 1785 ἐπιστολῇ
991 1713 1362 1784 μετείληπται,
1400 1712 1526 1766 ἔνθα
1554 1709 1648 1783 τῷ⁶
1691 1730 1709 1762 ι
1759 1710 1941 1764 Πάντα

2033 535 2366 590 gemmarum
2401 519 2520 588 ejus
2550 525 2864 572 sanctorum
2903 514 3301 586 apostolorum,
3327 514 3601 584 spiritales

2033 611 2232 666 racemi
2282 611 2457 682 pressi
2499 609 2766 664 doctrinis
2827 608 2941 667 suis
2986 608 3228 678 spiritale
3279 622 3602 676 omnemque

2035 703 2356 760 suavitatem
2409 702 2646 758 eiliciens
2685 702 2871 756 vinum
2921 701 3184 772 praibent.
3231 697 3406 754 Aliter
3457 701 3600 754 enim

2034 794 2374 864 impossibile
2410 801 2557 848 esset
2579 793 2956 864 corporalibus
2990 791 3360 846 torcularibus
3397 805 3607 846 accom-

2035 886 2256 940 modare
2283 901 2403 954 qua:
2433 886 2486 939 in
2515 885 2618 939 hoc
2642 886 2852 955 psalmo
2873 883 3169 950 dicuntur;
3204 898 3326 938 cum
3357 883 3600 944 minime,

2035 985 2096 1032 ut
2137 978 2192 1031 in
2227 971 2472 1041 “caeteris,
2522 977 2636 1031 sive
2679 977 2746 1031 de
2776 977 2886 1032 vite
2928 992 3047 1047 quae
3093 992 3159 1031 ex
3206 975 3438 1047 ZEgypto
3482 989 3605 1031 sur-

2018 1070 2196 1134 ‘rexit,
2239 1070 2353 1125 sive
2392 1069 2458 1123 de
2493 1067 2702 1123 Domini
2750 1067 2986 1123 Sabaoth
3017 1069 3147 1133 vile,
3193 1069 3307 1124 sive
3349 1069 3416 1122 de
3460 1069 3608 1138 ejus-

2038 1163 2185 1218 modi
2220 1163 2342 1218 aliis
2379 1163 2541 1216 verba
2579 1163 2746 1232 hujus
2791 1163 2896 1217 loci
2946 1177 3113 1218 sensu
3155 1163 3348 1232 quovis
3380 1162 3607 1232 intelligi

2039 1256 2275 1328 possint.
2314 1255 2446 1322 Quae
2477 1271 2603 1310 vero
2643 1255 2713 1309 ab
2746 1255 2852 1309 iis:
2888 1273 2904 1305 ι
2935 1255 3076 1320 Quid
3125 1263 3209 1310 est
3236 1239 3430 1320 'homo,
3463 1255 3608 1325 quod

2038 1363 2246 1403 memor
2272 1363 2330 1402 cs
2370 1347 2528 1416 ejus?
2556 1355 2650 1401 aut
2673 1344 2818 1400 ﬁlius
2848 1345 3108 1408 hominis,
3128 1346 3384 1415 quoniam
3415 1345 3608 1399 visitas

2037 1441 2196 1495 eum?
2230 1439 2475 1495 Minuisti
2511 1455 2633 1494 eum
2670 1438 2834 1509 paulo
2869 1436 3052 1492 minus
3082 1437 3149 1491 ab
3175 1438 3402 1508 angelis,
3437 1438 3609 1506 gloria

2039 1539 2092 1587 et
2117 1532 2328 1586 honore
2366 1529 2785 1586 coronastieum
2817 1528 2882 1595 ",
2917 1548 2935 1580 ι
2974 1539 3028 1583 et
3059 1528 3284 1598 reliqua,
3317 1528 3383 1582 ad
3424 1527 3612 1582 Salva-

2039 1631 2211 1678 torem
2241 1630 2295 1677 et
2337 1621 2622 1677 Dominum
2669 1627 2916 1676 nostrum
2943 1617 3127 1676 Jesum
3174 1621 3228 1674 in
3263 1607 3502 1689 Epistola
3544 1619 3611 1673 ad

2041 1714 2297 1770 Hebrrcos
2333 1713 2668 1777 referuntur,
2715 1713 2806 1769 ubi
2833 1723 2959 1784 post
2988 1714 3102 1779 illa,
3133 1732 3151 1764 ι
3185 1713 3380 1768 Omnia
3429 1714 3611 1783 subje-

370 1802 639 1868 ὑπέταξας
669 1803 925 1857 ὑποκάτω
974 1802 1078 1856 τῶν
1123 1803 1298 1856 ποδῶν
1325 1802 1512 1866 αὑτοῦ,
1556 1821 1574 1853 ι
1626 1800 1942 1872 ἐπιφέρεται

2050 1807 2166 1862 cisti
2201 1807 2303 1861 sub
2338 1805 2568 1878 pedibus
2598 1804 2717 1873 ejus
2747 1805 2812 1869 ¹⁸,
2848 1824 2867 1856 ι
2905 1805 3238 1874 adjiciuntur
3266 1820 3330 1859 ea
3362 1825 3372 1858 :
3410 1824 3428 1856 ι
3456 1804 3614 1859 Nunc

367 1895 446 1949 τό’
480 1915 497 1947 ι
529 1895 642 1948 Νῦν
675 1896 732 1949 δέ
776 1895 987 1948 οὐδέπω
1024 1893 1238 1966 ὁρῶμεν
1265 1893 1412 1965 αὑτῷ
1437 1892 1506 1947 τὰ
1553 1893 1729 1947 πάντα
1755 1895 1946 1948 ὑποτε-

368 1990 631 2060 ταγμένα.
659 1989 764 2042 Τὸν
791 1988 848 2042 δὲ
882 1987 1052 2060 βραχύ
1101 2005 1153 2042 τι
1209 1988 1338 2058 παρ’
1381 1986 1645 2056 ἀγγέλους
1701 1986 1944 2055 ¹ἠλαττω-

374 2081 530 2153 μένον
553 2081 819 2153 βλέπομεν
851 2080 1080 2153 Ἰησοῦν,
1106 2080 1192 2134 διὰ
1218 2081 1278 2134 τὸ
1308 2080 1538 2149 πάθημα
1569 2077 1663 2131 τοῦ
1692 2077 1942 2141 θανάτου,

369 2172 494 2248 δόξῃ
528 2173 622 2226 καὶ
651 2175 784 2245 τιμῇ
815 2173 1311 2243 ἐστεφανωμένον.»
1350 2170 1508 2223 Εἴποι
1550 2169 1594 2222 δ’
1640 2170 1703 2223 ἄν
1745 2185 1828 2231 τις
1872 2168 1944 2239 μὴ

375 2263 532 2332 μόνον
555 2261 642 2315 διά
673 2263 733 2315 τὸ
762 2261 991 2333 πάθημα
1013 2261 1103 2314 τοῦ
1129 2261 1382 2319 θανάτου.
1411 2259 1545 2313 ἀλλὰ
1571 2259 1664 2313 καὶ
1695 2259 1762 2312 δι’
1779 2259 1947 2329 αὑτὴν

371 2354 470 2426 τὴν
498 2352 908 2426 ἐνανθρώπησιν
937 2353 1102 2407 αὑτοῦ
1140 2351 1481 2425 ἡλαττῶσθαι
1505 2352 1667 2406 αὑτὸν
1695 2350 1865 2420 βραχύ
1894 2368 1946 2403 τι

374 2447 501 2518 παρ’
530 2447 810 2516 ἀγγέλουςο
871 2465 890 2498 ι
917 2447 1065 2510 Ὅτε,
1104 2447 1161 2500 ὲν
1223 2447 1400 2517 μορφῇ
1451 2443 1585 2498 Θεοῦ
1654 2444 1944 2514 ὑπάρχων,

371 2537 469 2607 οὑχ
497 2537 786 2608 ἁρπαγμὸν
819 2538 1164 2608 ἡγησάμενος
1185 2537 1244 2589 τὸ
1284 2538 1373 2590 ἴσα
1398 2534 1516 2607 Θεῷ
1566 2531 1721 2597 εἶναι,
1753 2535 1949 2588 ἐκένω-

375 2645 466 2682 σεν
494 2627 684 2682 ἑαυτὸν
710 2630 924 2702 μορφὴν
954 2627 1138 2681 δούλου
1176 2626 1375 2692 λαϐὼν,
1417 2646 1435 2678 ι
1489 2628 1585 2681 καὶ
1635 2627 1728 2680 ἐπὶ
1757 2624 1945 2680 τοσοῦ-

372 2736 464 2774 τον
485 2720 813 2790 ἠλάττωσεν,
840 2720 915 2783 ὠς
962 2721 1081 2774 ἀντὶ
1136 2721 1231 2791 τῆς
1283 2722 1340 2772 ἐν
1395 2722 1573 2790 μορφῇ
1607 2718 1741 2770 Θεοῦ
1793 2717 1950 2789 δόξης

373 2810 629 2882 λεχθῆναι
660 2811 788 2883 περὶ
820 2811 981 2864 αὑτοῦ
1033 2812 1112 2865 τό·
1157 2831 1174 2862 ‹
1218 2811 1444 2882 Εῖδομεν
1483 2811 1666 2874 αὑτὸν,
1719 2810 1811 2863 καὶ
1851 2811 1951 2864 οὑκ

375 2899 518 2976 εἶχεν
538 2899 675 2968 εἶδος
707 2904 828 2956 οὑδέ
857 2903 1070 2968 κάλλος.
1114 2903 1226 2956 ἀλλ’
1248 2899 1315 2974 ἦν
1367 2904 1427 2956 τὸ
1465 2898 1603 2967 εἶδος
1642 2903 1804 2956 αὑτοῦ
1836 2902 1952 2956 ἄτι-

379 3015 499 3068 μον,
533 2998 626 3050 καὶ
649 2995 894 3053 ἐκλεῖπον
924 2997 1072 3068 παρὰ
1119 2998 1244 3060 τοὺς
1275 2997 1423 3059 υἱοὺς
1455 2996 1563 3050 τῶν
1593 2994 1946 3067 ἀνθρώπωνοι

375 3085 490 3139 ἀνθ’
523 3079 598 3139 ὧν
620 3086 978 3157 ἀμειϐόμενος
1005 3089 1032 3138 ὁ
1066 3086 1276 3157 Πατὴρ,
1316 3106 1333 3138 ι
1363 3086 1488 3156 δόξῃ
1519 3087 1613 3139 καὶ
1639 3089 1770 3158 τιμῇ
1805 3089 1953 3140 ἐστε-

2046 1907 2224 1954 autem
2271 1899 2500 1953 necdum
2542 1898 2790 1953 videmus
2842 1898 3026 1953 omnia
3070 1898 3315 1968 subjecta
3363 1898 3433 1953 ei.
3471 1896 3614 1953 Eum

2045 1997 2248 2057 autem,
2275 1990 2367 2060 qui
2397 1989 2611 2044 modico
2639 2004 2801 2060 quam
2843 1989 3019 2059 angeli
3057 1991 3361 2044 minoratus
3396 1998 3502 2055 est,
3533 1991 3615 2046 vi-

2045 2081 2237 2137 demus
2260 2079 2467 2142 Jesum,
2506 2087 2728 2150 propter
2761 2079 3071 2150 passionem
3108 2081 3322 2142 mortis,
3357 2079 3528 2149 gloria
3561 2087 3616 2134 et

2045 2172 2254 2228 honore
2283 2183 2603 2228 coronatum
2629 2175 2693 2227 ¹⁵.
2731 2192 2748 2225 ι
2787 2171 2902 2226 Dici
2928 2171 3126 2242 poterit
3160 2186 3267 2226 non
3302 2179 3512 2226 tantum
3544 2173 3616 2227 ob

2047 2264 2242 2319 mortis
2293 2265 2605 2335 passionem
2633 2303 2649 2327 ,
2696 2263 2792 2319 sed
2846 2266 3007 2317 etiam
3061 2261 3131 2316 ob
3179 2261 3612 2316 incarnationem

2048 2370 2201 2411 suam
2226 2370 2349 2410 eum
2386 2356 2716 2410 minoratum
2748 2355 2916 2411 fuisse
2946 2353 3110 2425 paulo
3147 2354 3324 2409 minus
3353 2354 3422 2408 ab
3453 2368 3616 2424 ange-

2047 2450 2151 2505 lis:
2193 2467 2213 2501 ‹
2242 2449 2377 2504 Cum
2408 2450 2461 2503 in
2495 2448 2668 2504 forma
2699 2447 2792 2505 Dei
2835 2456 2999 2514 esset,
3047 2462 3156 2502 non
3189 2447 3434 2517 rapinam
3468 2446 3618 2502 arbi-

2048 2549 2223 2597 tratus
2265 2549 2501 2598 estesse
2549 2558 2608 2598 se
2646 2543 2906 2613 aequalem
2940 2541 3070 2607 Deo,
3116 2541 3209 2597 sed
3261 2541 3612 2610 semetipsum

2049 2634 2348 2689 exinanivit
2393 2633 2619 2688 formam
2651 2634 2794 2691 servi
2831 2634 3104 2703 accipiens
3129 2635 3193 2695 “,
3228 2653 3244 2685 ι
3280 2641 3442 2702 atque
3479 2633 3615 2688 adeo

2049 2725 2322 2780 imminuit
2357 2741 2436 2789 se,
2479 2734 2539 2780 ut
2565 2740 2673 2780 non
2693 2726 2804 2796 jam
2843 2725 2899 2780 in
2944 2725 3117 2780 forma
3158 2726 3249 2781 Dei
3279 2725 3464 2796 gloriae
3493 2739 3617 2781 esse

2051 2814 2347 2879 diceretur,
2394 2816 2489 2872 sed
2517 2835 2530 2870 :
2563 2835 2582 2866 ι
2614 2814 2866 2872 Vidimus
2896 2831 3043 2880 eum,
3077 2823 3131 2870 et
3158 2830 3265 2869 non
3301 2822 3418 2869 erat
3457 2829 3615 2884 aspe-

2053 2917 2176 2964 ctus
2228 2925 2406 2978 neque
2447 2909 2634 2974 decor,
2670 2917 2724 2964 et
2765 2909 3196 2964 desideravimus
3233 2922 3380 2970 eum,
3427 2908 3620 2978 despe-

2052 3006 2224 3062 ctum,
2267 3007 2320 3054 et
2377 2999 2738 3055 novissimum
2789 2999 3030 3053 virorum
3060 2999 3123 3053 ¹⁷.
3159 3017 3176 3049 ι
3210 2997 3412 3052 Contra
3442 3007 3622 3052 autem

2056 3091 2392 3162 respondens
2440 3089 2643 3158 Pater,
2701 3109 2720 3142 ι
2752 3091 2922 3162 gloria
2977 3099 3030 3146 et
3077 3091 3287 3145 honore
3342 3091 3625 3145 coronavit

377 3177 625 3248 φάνωσεν
651 3178 832 3230 αὑτόν·
867 3177 1230 3250 ὑπερυψώσας
1260 3178 1354 3231 καὶ
1413 3178 1776 3250 χαρισάμενος
1805 3179 1947 3251 αὑτῷ

2055 3197 2176 3236 eum
2204 3183 2268 3246 “,
2302 3182 2559 3236 exaltavit
2595 3182 2746 3236 illum
2779 3189 2832 3237 et
2861 3180 3082 3236 donavit
3108 3181 3186 3235 illi
3216 3195 3434 3244 nomen,
3479 3179 3623 3250 quod

376 3270 436 3324 τὸ
461 3269 632 3341 ὄνομα
663 3269 722 3322 τὸ
751 3270 888 3343 ὑπὲρ
918 3273 1024 3324 πᾶν
1046 3270 1236 3342 ὄνομα·
1287 3271 1353 3324 ἵν’
1384 3273 1442 3324 ἐν
1470 3269 1546 3340 τῷ
1582 3271 1805 3342 ὀνόματι
1851 3272 1954 3342 Ἰη-

380 3360 474 3414 σοῦ
507 3364 614 3415 πᾶν
637 3363 766 3431 γόνυ
797 3362 988 3433 κάμψῃ
1035 3363 1394 3434 ἐπουρανίων,
1421 3365 1514 3416 καὶ
1548 3364 1824 3432 ἐπιγείων,
1860 3363 1953 3416 καὶ

379 3453 765 3522 καταχθονίων,
807 3455 898 3507 καὶ
925 3456 1074 3508 πᾶσα
1113 3456 1333 3524 γλῶσσα
1379 3454 1835 3528 ἐξομολογήσηται
1872 3459 1952 3510 ὅτι

379 3547 582 3616 Κύριος
613 3545 815 3616 Ἰησοῦς
841 3547 1070 3618 Χριστὸς
1089 3550 1167 3610 είς
1194 3547 1350 3612 δόξαν
1373 3547 1506 3602 Θεοῦ
1535 3549 1763 3620 Πατρός.
1781 3571 1796 3601 ι
1821 3550 1949 3603 Καί·

387 3658 406 3689 ι
439 3637 754 3708 Κατέστησε
804 3638 850 3690 δ’
899 3638 1060 3691 αὑτὸν
1092 3638 1184 3690 ἐπὶ
1226 3638 1293 3691 τὰ
1319 3638 1456 3710 ἔργα
1495 3640 1602 3693 τῶν
1631 3640 1828 3711 χειρῶν
1860 3641 1954 3694 αὑ-

381 3731 526 3784 τοῦ-ι
563 3730 699 3801 ὅπερ
748 3732 842 3785 καὶ
890 3730 1021 3783 αὐτὸ
1048 3729 1126 3801 τῷ
1162 3731 1256 3801 μὲν
1289 3731 1381 3783 τοῦ
1403 3731 1655 3802 Σωτῆρος
1676 3733 1833 3804 ἡμῶν
1863 3733 1956 3804 ἁρ-

386 3823 615 3892 μόζοντα
645 3820 829 3894 (ζοιτο)
864 3813 1140 3893 προσώπω
1169 3821 1258 3875 διὰ
1289 3823 1380 3875 τὸν
1411 3824 1467 3876 ἐν
1511 3823 1658 3894 αὑτῷ
1699 3823 1789 3877 τὸν
1823 3824 1954 3878 Θεὸν

280 3899 305 3932 λ
382 3912 571 3981 Λόγον,
604 3912 784 3966 οὑκέτι
822 3911 878 3964 δὲ
915 3913 1008 3965 καὶ
1056 3911 1133 3981 τῷ
1164 3913 1397 3984 τυχόντι,
1426 3913 1481 3966 εί
1533 3931 1599 3983 γε
1627 3917 1684 3968 ἐν
1725 3919 1834 3979 τοῖς
1861 3915 1953 3969 τοῦ

383 4004 517 4059 Θεοῦ
547 4005 726 4075 ἔργοις
760 4004 996 4067 καὶτοὺς
1022 4006 1282 4074 οὐρανοὺς
1314 4006 1668 4078 καταριθμεῖν
1699 4007 1817 4072 ἔθος
1845 4011 1956 4073 τοῖς

388 4097 550 4167 ἱεροῖς
579 4093 777 4163 λόγοις,
807 4096 947 4149 κατὰ
977 4096 1057 4160 τὸ,
1099 4115 1117 4146 ι
1142 4095 1252 4148 Καὶ
1304 4096 1440 4167 ἔργα
1475 4097 1580 4151 τῶν
1609 4099 1806 4170 χειρῶν
1863 4117 1953 4153 σου

385 4187 522 4241 εἰσιν
542 4189 589 4239 οἱ
619 4187 888 4258 οὐρανοί.»
921 4187 1064 4257 Πρὸς
1088 4186 1318 4252 τούτοις
1356 4207 1374 4238 ι
1409 4189 1518 4242 Καὶ
1549 4190 1722 4243 πάντα
1754 4191 1956 4244 ὑπέτα-

387 4277 475 4342 ξεν
507 4278 610 4332 ὑπὸ
644 4279 768 4342 τοὺς
793 4278 956 4342 πόδας
978 4278 1163 4341 αὑτοῦ,
1211 4279 1459 4351 πρόϐατα
1501 4282 1596 4334 καὶ
1632 4280 1759 4352 βόας
1814 4283 1956 4336 ἁπά-

390 4386 508 4435 σας,
544 4370 702 4424 ἔτιδὲ
735 4371 827 4424 καὶ
856 4370 924 4424 τὰ
973 4372 1142 4441 κτήνη
1172 4371 1266 4423 τοῦ
1300 4370 1502 4435 πεδίου,
1541 4373 1610 4427 τά
1654 4372 1714 4443 (ι.
1741 4373 1830 4444 20)
1862 4390 1957 4428 πε-

389 4461 540 4513 τεινά
570 4461 662 4514 τοῦ
696 4461 947 4532 οὐρανοῦ,
978 4463 1071 4514 καὶ
1096 4463 1220 4525 τοὺς
1252 4462 1439 4532 ἰχθύας
1469 4467 1568 4535 τῆς
1597 4463 1890 4537 θαλάσσης·
1933 4484 1952 4516 ι

2060 3281 2143 3329 est
2175 3288 2338 3343 super
2389 3287 2549 3328 omne
2589 3288 2811 3337 nomen,
2845 3283 2905 3328 ut
2950 3273 3005 3326 in
3050 3272 3269 3327 nomine
3293 3270 3421 3326 Jesn
3464 3285 3625 3326 omne

2059 3382 2201 3438 genu
2234 3364 2487 3420 ﬂectatur
2513 3365 2846 3428 caelestium,
2873 3365 3238 3430 terrestrium,
3287 3374 3340 3419 et
3381 3364 3624 3421 inferno-

2060 3473 2220 3525 rum;
2264 3466 2317 3512 et
2363 3457 2544 3512 omnis
2581 3457 2765 3526 lingua
2812 3457 3158 3520 conﬁteatur,
3203 3457 3330 3527 quia
3359 3456 3624 3512 Dominus

2058 3547 2218 3604 Jesus
2264 3548 2516 3604 Christus
2557 3548 2612 3602 in
2658 3547 2829 3618 gloria
2875 3555 2960 3604 est
3009 3547 3104 3602 Dei
3149 3545 3332 3602 Patris
3359 3549 3421 3600 ¹⁹.
3460 3567 3477 3599 ι
3513 3546 3624 3602 Et:

2065 3657 2086 3689 ι
2115 3638 2415 3693 Constituit
2441 3654 2565 3693 eum
2587 3653 2749 3706 super
2775 3653 2940 3708 opera
2963 3653 3224 3692 manuum
3260 3652 3480 3691 suarum
3502 3638 3568 3690 ²⁰.
3599 3656 3619 3691 ι

2061 3731 2192 3796 Qua:
2232 3729 2453 3800 quidem
2507 3729 2806 3786 Salvatoris
2855 3730 3030 3785 nostri
3080 3744 3326 3799 personae
3364 3737 3509 3798 apta,
3556 3729 3626 3783 ob

2064 3821 2230 3878 Deum
2262 3820 2501 3877 Verbum
2534 3823 2680 3894 quod
2712 3824 2854 3878 inest
2882 3823 2935 3876 in
2967 3837 3052 3886 ea,
3085 3837 3195 3875 non
3233 3827 3411 3874 autem
3443 3821 3628 3874 huma-

2063 3931 2146 3972 na:
2175 3930 2443 3986 personae,
2494 3915 2541 3969 si
2577 3914 2796 3986 quidem
2842 3913 2898 3969 in
2933 3913 3028 3968 Dei
3073 3914 3327 3983 operibus
3371 3925 3627 3968 annumeo

2062 4016 2254 4059 rantur
2290 4005 2438 4071 coeli,
2471 4014 2531 4059 ut
2575 4006 2630 4060 in
2681 4004 2853 4061 sacris
2906 4002 3206 4074 Scripturis
3247 4004 3404 4066 solet,
3439 4018 3629 4058 secun-

2062 4101 2190 4156 dum
2233 4099 2367 4154 illud
2403 4119 2416 4154 :
2455 4118 2472 4152 ι
2497 4099 2672 4170 Opera
2721 4083 2982 4153 manuum
3023 4097 3144 4166 ejus
3179 4105 3308 4151 sunt
3355 4097 3476 4151 coeli
3500 4097 3566 4148 ἰ.
3603 4115 3620 4146 ι

2062 4192 2193 4248 Post
2239 4192 2353 4246 haec
2388 4190 2611 4261 adjicit:
2650 4209 2668 4242 ‹
2699 4187 2891 4244 Omnia
2943 4187 3225 4258 subjecisti
3273 4187 3374 4242 sub
3400 4184 3630 4257 pedibus

2063 4283 2218 4354 ejus,
2249 4298 2378 4338 oves
2423 4290 2477 4336 et
2526 4282 2694 4336 boves
2731 4281 3036 4342 universas,
3081 4277 3306 4346 insuper
3349 4282 3403 4330 et
3434 4289 3630 4344 pecora

2064 4374 2274 4444 campi;
2304 4374 2554 4429 volucres
2589 4371 2712 4428 ειεὶί
2742 4380 2794 4426 et
2824 4369 3004 4441 pisces
3037 4371 3227 4432 maris,
3277 4369 3371 4438 qui
3414 4384 3630 4438 peram-

2063 4465 2256 4520 bulant
2291 4465 2518 4520 semitas
2548 4463 2716 4519 maris
2738 4463 2805 4517 ".
2839 4481 2856 4512 ι
2889 4460 2988 4517 His
3015 4459 3270 4516 videntur
3300 4460 3476 4531 magis
3506 4461 3634 4515 alle-

390 4551 456 4604 δι’
483 4544 556 4604 ὧν
584 4551 756 4604 ἔοικεν
789 4552 1288 4624 ἁλληγορικώτερον
1342 4553 1630 4624 δηλοῦσθαι
1679 4555 1788 4610 τῶν
1847 4558 1947 4612 ἀλο

2065 4558 2247 4630 gorice
2299 4556 2510 4613 ostendi
2556 4556 2750 4610 anima:
2792 4554 2992 4620 stultae,
3048 4561 3103 4608 et
3126 4552 3524 4624 quodammodo
3547 4569 3632 4623 pe-

391 4641 648 4713 γωτέρων
669 4642 872 4695 καὶτὸν
902 4644 1098 4715 τρόπον
1129 4644 1341 4715 κτηνῶν
1362 4645 1628 4719 δευτέρων
1676 4647 1880 4719 ψυχῶν,
1927 4648 1960 4720 ἢ

394 4733 488 4787 καὶ
517 4733 796 4805 δυνάμεων
827 4735 1234 4806 ἀντικειμένων,
1259 4738 1292 4804 ἡ
1317 4739 1422 4793 ὑπὸ
1441 4738 1531 4792 τὸν
1554 4739 1718 4808 ζυγὸν
1748 4740 1839 4794 καὶ
1866 4739 1963 4811 τὴν

393 4823 487 4878 τοῦ
517 4825 673 4878 λόγου
700 4825 940 4880 δουλείαν
961 4829 1226 4902 ὑποταγή.

921 4939 1145 4993 ΚΕΦΑΛ
1153 4940 1314 4994 ΑΙΟΝ
1357 4942 1432 4997 Ε’.

1006 5055 1256 5125 Ψαλμοῦ
1285 5058 1330 5110 θ’
1338 5097 1351 5110 .

475 5143 543 5196 Ἦ
575 5143 669 5198 τοῦ
699 5145 886 5199 ἐνάτου
908 5145 1122 5217 ψαλμοῦ
1145 5146 1424 5218 ἐπιγραφὴ
1443 5146 1663 5216 τοιαύτη
1687 5147 1770 5210 τίς
1792 5148 1955 5200 ἐστιν·

403 5256 422 5288 ι
451 5236 544 5299 Είς
564 5235 625 5289 τὸ
645 5235 795 5300 τέλος
812 5237 950 5309 ὑπὲρ
976 5237 1082 5291 τῶν
1105 5239 1367 5310 κρυφίων.
1385 5229 1613 5308 Ψαλμὸς
1628 5237 1704 5308 τῷ
1745 5237 1922 5291 Δαυῖδ.
1938 5257 1957 5291 ›

411 5329 549 5384 ’Δνθ’
583 5323 658 5382 ὧν
685 5329 714 5380 ὁ
739 5327 1031 5399 Σύμμαχος
1086 5329 1400 5395 ἐκδέδωκεν,
1440 5346 1458 5379 ι
1495 5328 1787 5382 Ἐπινίκιον
1837 5329 1965 5399 περὶ

399 5421 493 5477 τοῦ
519 5422 748 5476 θανάτου
773 5421 867 5476 τοῦ
897 5422 1038 5476 υἱοῦ.
1075 5417 1264 5493 ’ᾼσμα
1296 5421 1387 5476 τοῦ
1418 5422 1630 5476 Δαυΐδ.»
1678 5421 1890 5491 ’Ὠσπερ
1918 5418 1962 5472 δ’

401 5509 492 5568 οὖν
518 5513 842 5584 καὶμᾶλλον
889 5513 1062 5567 ἔοικεν
1115 5513 1258 5584 ἔχειν
1317 5513 1379 5568 τὸ
1440 5513 1721 5586 Ἐϐραῖκδν
1778 5511 1967 5565 τοῦτον

2067 4650 2286 4706 coribus
2316 4648 2546 4714 similes,
2577 4647 2662 4702 vel
2691 4647 2934 4701 adversa:
2963 4651 3280 4715 potestates,
3311 4643 3412 4698 sub
3439 4643 3630 4712 jugum

2065 4742 2150 4796 vel
2182 4741 2410 4796 rationis
2438 4740 2698 4795 ditionem
2729 4737 2983 4795 redacta.

2677 4935 2909 4994 CAPUT
2951 4935 3017 4993 ν.

2617 5051 2661 5105 Ε
2689 5053 2892 5122 psalmo
2928 5068 3086 5106 nouo.

2142 5141 2268 5198 Haec
2299 5151 2383 5198 est
2411 5143 2541 5198 noni
2576 5144 2772 5215 psalmi
2822 5142 3148 5212 inscriptio:
3184 5160 3202 5192 ι
3243 5141 3303 5195 In
3334 5139 3496 5195 linem
3537 5157 3635 5212 pro

2070 5231 2319 5286 occultis.
2347 5230 2600 5289 Psalmus
2635 5231 2804 5288 David
2824 5233 2889 5286 ".
2927 5252 2946 5284 ι
2988 5231 3350 5302 Symmachus
3376 5247 3506 5286 vero
3555 5233 3636 5287 sic

2069 5323 2277 5380 edidit:
2312 5343 2330 5376 ι
2366 5323 2621 5381 Victoria:
2651 5340 2871 5380 carmen
2896 5325 2962 5380 de
2995 5334 3171 5379 morte
3200 5323 3315 5378 ﬁlii.
3345 5323 3631 5378 Canticum

2071 5416 2262 5474 David.
2298 5438 2316 5470 ι
2344 5417 2511 5473 Nobis
2553 5420 2732 5489 potior
2771 5419 2986 5473 videtur
3025 5415 3288 5472 Hebraica
3333 5417 3496 5473 lectio
3533 5417 3637 5470 hoc

2073 5511 2268 5566 modo:
2303 5511 2638 5582 Λαμανασσὴ
2666 5510 2905 5582 Ἀλμαὺθ
2954 5512 3044 5581 βὲν
3087 5510 3363 5582 μασμωρά
3385 5510 3566 5565 Δαυῒδ.

468 5695 519 5766 ’ξ
551 5696 910 5758 Psal.vm,6,
948 5697 1002 5750 7.
1079 5697 1123 5729 “
1160 5652 1293 5752 ibid.
1327 5697 1380 5754 8.
1461 5697 1502 5732 "
1524 5697 1686 5754 Hebr.
1725 5698 1860 5764 n.8,
1893 5697 1946 5754 9.
2025 5696 2068 5728 ¹⁶
2093 5695 2324 5766 Philipp.
2365 5695 2498 5762 “,6,
2533 5696 2582 5750 7.
2663 5696 2704 5728 "
2741 5671 2844 5753 lsia.
2882 5711 3012 5766 Llll,
3045 5695 3177 5763 2,5.
3259 5695 3482 5754 “Hebr.
3501 5711 3564 5762 ιι,
3588 5695 3638 5751 7.

407 5765 452 5798 "
487 5758 720 5838 Philipp.
755 5784 824 5834 ιι,
861 5767 1014 5823 9-H.

681 5861 950 5924 PATROL.
985 5865 1101 5926 Gn.
1144 5865 1348 5927 XXII.

1122 5769 1166 5801 ὀ
1207 5768 1370 5824 Hebr.
1406 5783 1478 5833 ιι,
1517 5770 1568 5824 7.
1643 5771 1700 5852 ff
1743 5767 1886 5825 Psal.
1925 5783 1998 5835 cr,
2031 5767 2121 5823 26.
2175 5765 2450 5853 Psal.
2479 5781 2583 5851 ~vui
2638 5766 2671 5822 8
2719 5767 2772 5822 9.
2848 5767 2894 5799 ”
2931 5765 3076 5823 Psal.
3115 5783 3191 5833 ix,
3232 5767 3282 5821 l.

3249 5862 3326 5923 35
