4106 6454
509 338 642 398 1099

1207 343 1476 400 EUSEBH
1513 339 1990 400 CASSARIENSIS
2023 337 2174 396 OPP.
2209 334 2390 392 PARS
2427 335 2515 391 Ill.
2553 366 2624 377 ——
2663 333 3080 392 EXEGETICA.

3617 337 3758 393 “00

501 459 572 515 Et
599 458 886 532 pulchrum
918 458 1122 518 Iudaeis
1145 462 1236 532 qui
1263 461 1369 518 hoc
1411 469 1641 518 utuntur
1677 471 1852 530 textu,
1905 461 2052 515 incer

2183 455 2506 528 περιέχοντα
2554 455 2646 510 τὸν
2694 453 2914 526 τρόπον·
2978 452 3346 525 «Λαμανασσή
3401 451 3616 525 argues
3663 452 3756 524 βέν

505 561 619 607 tum
650 552 846 607 habere
871 551 939 608 de
968 568 1075 624 qua
1110 562 1284 610 morte
1320 563 1414 608 aut
1447 555 1514 610 de
1547 571 1658 627 quo
1689 555 1800 609 tilio
1831 553 2074 624 psalmus

504 645 684 699 dictus
719 646 789 699 sit
821 644 1030 701 Davidi.
1079 646 1250 703 Nobis
1281 649 1500 718 quidem
1536 649 1824 720 perspicue
1852 655 2074 717 apparet
2102 706 2110 714 O

503 736 571 792 de
599 734 901 794 Salvatoris
940 740 1194 808 passione
1237 742 1640 812 prophetizare.
1681 739 1796 794 Hoc
1845 749 1899 794 et
1927 754 2076 794 arca-

503 843 632 882 num
665 829 955 884 obscurius
1003 829 1276 902 designari
1321 832 1674 904 Septuaginta
1719 837 2066 902 putaverunt.

501 919 620 992 Ipse
651 919 868 991 quidem
914 921 1110 993 Aquila
1141 924 1527 980 demonstrans
1560 939 1814 996 magnum
1865 923 2070 994 aliquid

504 1013 714 1068 fortiter
739 1020 973 1086 gestum,
1026 1015 1093 1070 ad
1123 1018 1430 1088 passionem
1477 1016 1779 1072 Salvatoris
1820 1009 2070 1071 attribuit

497 1102 691 1160 dicens
729 1121 742 1159 :
797 1123 816 1155 ι
845 1104 1070 1159 Auetori
1119 1107 1364 1162 victoriae
1410 1106 1547 1161 lilii..
1595 1106 1765 1162 Meles
1819 1104 2014 1164 David.
2043 1123 2062 1156 ›

497 1195 694 1252 Omnia
725 1205 904 1253 autem
928 1199 1123 1270 psalmi
1156 1199 1326 1262 dicta,
1353 1200 1396 1256 si
1429 1201 1552 1272 quis
1583 1207 1786 1255 attente
1812 1214 2069 1270 perscru-

497 1297 662 1356 tetur,
698 1302 824 1361 apta
853 1299 981 1347 sunt
1008 1290 1232 1346 Christo
1263 1308 1278 1360 ;
1311 1292 1643 1362 indigentem
1671 1299 1726 1346 et
1756 1289 2064 1344 mendicum

493 1391 620 1431 eum
659 1384 818 1431 vocat
849 1383 904 1430 et
937 1375 1006 1431 de
1031 1375 1154 1445 ejus
1177 1377 1586 1432 resurrectione
1617 1391 1646 1430 a
1679 1375 1914 1430 mortuis
1938 1389 2067 1444 pro-

481 1466 734 1536 _phetizat
765 1467 850 1522 his
881 1465 1063 1520 verbis
1089 1483 1102 1519 :
1132 1484 1150 1517 ι
1179 1465 1440 1522 Miserere
1474 1466 1600 1530 mei,
1653 1465 1899 1530 Domine,
1942 1465 2064 1521 vide

485 1557 858 1613 humilitatem
897 1573 1074 1612 meam
1115 1557 1182 1612 de
1216 1559 1456 1614 inimicis
1508 1558 1676 1625 meis;
1721 1557 1816 1628 qui
1851 1557 2064 1614 exaltas

487 1665 578 1706 me
607 1649 676 1706 d‘e
706 1651 880 1720 portis
911 1652 1122 1714 mortis,
1175 1659 1235 1707 ut
1275 1653 1592 1706 annuntiem
1631 1666 1822 1706 omnes
1874 1651 2064 1706 lauda-

477 1741 668 1797 tiones
687 1749 807 1797 tuas
829 1743 882 1796 in
912 1743 1084 1813 portis
1111 1742 1233 1798 lilia:
1255 1741 1385 1798 Sion
1416 1743 1482 1798 ".
1517 1760 1533 1794 ι
1559 1741 1732 1812 Cujus
1747 1757 1878 1816 vero
1901 1740 2056 1808 Sion,

2182 547 2457 619 μασμωρά
2483 546 2696 602 Δαυΐδ.»
2735 543 2846 600 Κάὶ
2900 545 3062 600 καλόν
3115 562 3179 614 γε
3207 547 3317 608 τοῖς
3347 547 3412 599 ἐκ
3451 545 3754 616 περιτομῆς

2175 638 2324 710 αύτῷ
2355 639 2653 710 χρωμένοις
2695 638 2968 711 ἀπορῆσαι
3031 638 3157 709 περὶ
3211 637 3364 692 ποίου
3413 636 3666 703 Θανάτου,
3721 637 3754 709 ἥ

2175 730 2413 802 περὶτοῦ
2443 731 2586 795 τίνος
2617 730 2733 784 υἱοῦ
2767 734 2794 784 ὁ
2813 730 3024 802 ψαλμὺς
3055 731 3268 803 εἴρηται
3301 730 3376 802 τῷ
3397 730 3576 783 Δαοῖδσ
3620 731 3756 800 ἡμῖν

2177 823 2275 893 μὲν
2307 822 2415 896 γάρ
2441 823 2624 891 σαφῶς
2651 823 2900 893 φαίνεται
2933 823 3061 894 περὶ
3087 823 3180 876 τοῦ
3208 821 3410 885 πάθους
3433 821 3526 875 τοῦ
3573 821 3755 892 Eanﬂ-

2174 932 2264 986 ρος
2291 915 2747 988 προφητεύεσθαιο
2783 915 2940 969 τοῦτο
2966 915 3022 968 δὲ
3052 917 3144 969 καὶ
3179 917 3305 978 τοῦς
3342 917 3398 969 0'
3430 912 3753 983 νενοηκὸτας

2171 1006 2605 1078 ἀπορρητότερον
2631 1005 2865 1078 ᾐνίχθαι·
2898 1010 2926 1060 ὸ
2955 1006 3136 1076 μέντοι
3165 1023 3228 1074 γε
3271 1005 3500 1069 ’Λκύλας
3531 1007 3622 1060 καὶ
3649 1005 3750 1059 αύ-

2167 1097 2559 1169 τὸς,ἐμφαίνων
2585 1099 2727 1170 μέγα
2775 1117 2827 1152 τι
2876 1099 3267 1171 ἀνδραγάθημα
3298 1097 3438 1152 κατὰ
3493 1098 3552 1151 τὸ
3579 1099 3752 1163 πάθος

2167 1189 2388 1258 γεγονὸς
2444 1189 2538 1242 τοῦ
2594 1191 2843 1262 Σωτῆρος
2910 1191 3171 1255 ἐξέδωκεν
3223 1189 3414 1257 εἰπὼν,
3469 1211 3489 1242 ‹
3531 1192 3623 1262 Τῷ
3671 1209 3752 1246 νι-

2168 1281 2371 1353 κοποιῷ
2409 1282 2751 1355 νεανιότητος
2776 1283 2868 1337 τοῦ
2895 1276 3035 1337 υἱοῦ.
3065 1283 3374 1355 Μελώδημα
3402 1282 3497 1337 τοῦ
3526 1284 3744 1338 Δανῖδ.»

2165 1374 2276 1426 Καὶ
2301 1375 2396 1428 ὅλα
2429 1375 2485 1428 δέ
2517 1374 2586 1428 τὰ
2607 1375 2746 1447 ῥητὰ
2765 1375 2857 1428 τοῦ
2881 1375 3095 1446 ψαλμοῦ
3117 1393 3198 1438 τις
3225 1376 3561 1447 ἐπιτηρήσας
3585 1377 3750 1448 ἐφαρ-

2167 1464 2382 1536 μόσειεν
2411 1467 2476 1520 ἂν
2497 1466 2576 1538 τῷ
2605 1467 2842 1539 Χριστῷ,
2889 1467 3096 1540 πένητα
3146 1469 3240 1520 καὶ
3303 1467 3516 1538 πτωχὸν
3557 1468 3748 1522 ἑαυτὸν

2163 1559 2539 1630 ὀνομάζοντος,
2591 1559 2685 1613 καὶ
2739 1560 2992 1632 περὶτῆς
3043 1561 3106 1613 ἐκ
3158 1560 3366 1632 νεκρῶν
3395 1560 3748 1624 ἀναστάσεως

2161 1649 2324 1704 αὑτοῦ
2357 1651 2808 1724 προφητεύοντος,
2864 1653 2921 1706 ἐν
2947 1651 3045 1723 τῷ,
3077 1673 3095 1702 ι
3141 1651 3392 1722 Ἐλέησόν
3432 1669 3520 1723 με,
3549 1653 3743 1724 Κύριε,

2164 1743 2238 1796 ἴδε
2266 1743 2365 1816 τὴν
2392 1743 2721 1797 ταπείνωσὶν
2770 1761 2870 1814 μου
2897 1745 2959 1796 ἐκ
2985 1743 3092 1796 τῶν
3121 1743 3330 1814 ἐχθρῶν
3381 1760 3506 1814 μοιν
3542 1746 3571 1798 ὁ
3593 1743 3745 1814 ὑψῶν

486 1831 632 1886 infra
663 1832 822 1888 nobis
843 1832 1172 1889 ostenditur.
1205 1833 1270 1887 Ei
1293 1833 1360 1889 de
1381 1833 1637 1906 gentibus
1664 1835 1733 1890 ab
1756 1849 1822 1889 eo
1845 1833 2052 1889 salvan-

2163 1853 2228 1906 με
2251 1837 2314 1888 ἐκ
2342 1836 2450 1889 τῶν
2479 1836 2662 1890 πυλῶν
2696 1835 2785 1890 τοῦ
2834 1836 3084 1902 θανάτου,
3135 1836 3280 1900 ὅπως
3325 1836 3390 1888 ἂν
3444 1835 3744 1904 ἐξαγγείλω

485 1923 595 1986 dis,
627 1925 787 1995 quasi
817 1923 885 1978 de
913 1925 1184 1980 mendicis
1210 1933 1264 1980 et
1296 1925 1587 1996 egentibus
1631 1924 1879 1996 quaedam
1918 1939 2060 1996 prm-

480 2017 728 2082 nuntiat,
770 2017 913 2072 inter
945 2032 1068 2086 quae
1111 2024 1166 2072 et
1217 2015 1351 2070 illa:
1390 2036 1409 2068 ι
1440 2016 1752 2086 Constitue,
1806 2013 2057 2080 Domine,

483 2110 848 2180 legislaturem
891 2124 1058 2180 super
1087 2124 1206 2174 eos,
1249 2117 1308 2164 ut
1353 2109 1533 2164 sciant
1577 2119 1764 2179 gentes
1799 2107 2058 2178 quoniam

482 2203 732 2269 homines
765 2211 893 2259 sunt
915 2205 982 2257 ’⁸.
1023 2223 1042 2255 ι
1081 2201 1180 2256 [lic
1203 2209 1256 2258 et
1289 2203 1580 2258 ostendere
1611 2218 1790 2272 opera:
1823 2201 2058 2272 pretium

480 2305 589 2366 est,
623 2297 899 2369 quomodo
935 2311 1043 2352 non
1077 2297 1188 2352 sint
1213 2303 1401 2368 gentes
1426 2294 1630 2367 Moysis
1668 2295 1770 2366 legi
1805 2293 2055 2350 subditae.

479 2389 614 2445 illud
643 2389 1030 2461 proferendum
1075 2398 1159 2444 est
1191 2389 1398 2444 dictum
1445 2388 1790 2444 circumcisis
1827 2387 2055 2458 gentiles

479 2483 906 2540 criminantibus
951 2483 1100 2554 quod
1139 2481 1444 2536 secundum
1491 2479 1694 2552 Moysis
1731 2479 1904 2550 legem
1944 2495 2054 2535 non

477 2579 696 2643 vivunt,
727 2578 920 2648 eisque
954 2577 1444 2634 demonstrandum
1475 2575 1623 2647 quod
1655 2575 1899 2630 futurum
1932 2590 2056 2630 esse

479 2670 647 2724 alium
698 2684 727 2722 a
788 2667 972 2740 Moyse
1019 2669 1390 2739 legislatorem
1446 2667 1691 2738 gentium
1736 2666 2054 2738 prophetica

479 2759 720 2816 ostendit
757 2756 1071 2832 Scriptura;
1101 2775 1226 2815 cum
1260 2759 1393 2814 dicit
1431 2759 1487 2812 in
1538 2759 1828 2814 oratione:
1857 2775 1874 2808 ι
1910 2757 2056 2812 Con-

477 2853 668 2920 stitue,
703 2851 952 2920 Domine,
997 2852 1367 2924 legislatorem
1399 2866 1566 2921 super
1606 2866 1730 2916 eos,
1765 2869 1784 2903 ι
1833 2851 2056 2906 manife-

473 2953 556 3000 ste
613 2955 803 3017 gentes
851 2944 1180 2999 innuuntur.
1231 2943 1436 3013 Adjicit
1468 2945 1726 3016 igituru
1759 2943 1830 2999 Ut
1874 2944 2052 3001 sciant

473 3045 663 3111 gentes
695 3037 952 3108 quoniam
987 3035 1240 3091 homines
1269 3043 1435 3102 sunt;
1471 3035 1678 3107 tquasi
1704 3035 1932 3099 diceret,
1967 3051 2052 3090 ac-

473 3128 682 3201 cipiant
733 3135 924 3199 gentes
981 3128 1262 3183 notionem
1321 3133 1376 3182 et
1437 3128 1722 3183 scientiam
1783 3129 2048 3198 spiritalis

2165 1929 2344 1993 πάσας
2365 1929 2464 1994 τὰς
2491 1931 2727 1994 αἰνέσεις
2756 1948 2847 1982 σου
2874 1931 2930 1983 ἐν
2975 1933 3094 1994 ταῖς
3121 1930 3316 1993 πύλαις
3354 1929 3450 1998 τῆς
3473 1929 3742 1998 θυγατρὸς

2162 2019 2352 2073 Σιών-ι
2391 2020 2549 2090 ποίας
2577 2022 2630 2075 δὲ
2665 2021 2824 2086 Σιὼν,
2857 2021 3038 2094 μικρῷ
3073 2020 3308 2092 πρόσθεν
3333 2022 3462 2091 ἡμῖν
3517 2019 3744 2092 δεδήλως

2159 2129 2269 2167 ται’
2307 2113 2402 2168 καὶ
2449 2115 2576 2185 περὶ
2607 2114 2714 2169 τῶν
2746 2113 2916 2168 ἐθνῶν
2949 2113 3006 2167 δὲ
3043 2113 3150 2166 τῶν
3199 2113 3266 2166 δι’
3291 2110 3456 2166 αὑτοῦ
3501 2112 3743 2183 σωθησο-

2164 2204 2360 2276 μένων,
2392 2207 2468 2270 ῶς
2492 2207 2621 2278 περὶ
2646 2205 2876 2278 πτωχῶν
2923 2206 3018 2260 καὶ
3059 2206 3302 2275 πενήτων
3337 2205 3394 2256 ἐν
3424 2201 3574 2274 αύτῷ
3618 2221 3742 2258 τινα

2161 2297 2583 2371 προφητεύεται,
2635 2300 2694 2352 ἐν
2744 2295 2826 2362 οἷς
2877 2298 3139 2358 ἐστικαὶ,
3173 2297 3253 2362 τὸ,
3301 2315 3320 2348 ι
3355 2295 3738 2366 Κατάστησον,

2158 2390 2352 2461 Κύριε,
2379 2389 2677 2462 νομοθέτην
2701 2390 2902 2458 αὐτοῖςς
2932 2387 3226 2458 γνώτωσαν
3248 2387 3375 2458 ἔθνη
3424 2387 3507 2441 ὅτι
3539 2387 3744 2458 ἄνθρω-

2158 2481 2250 2535 ποί
2283 2483 2474 2538 εἰσιν.»
2517 2482 2686 2536 Ἔνθα
2713 2484 2805 2536 κοιλ⁸
2833 2483 3124 2553 ἐπιστῆσαι
3147 2481 3314 2545 ἄξιον,
3354 2481 3429 2542 ὡς
3469 2480 3568 2550 ούχ
3605 2477 3741 2532 ὑπό·

2157 2593 2369 2629 κεινται
2398 2575 2466 2630 τά
2497 2575 2624 2646 ἔθνη
2654 2575 2730 2646 τῷ
2751 2575 3030 2637 Μωῦσέως
3060 2573 3226 2644 νόμῳ·
3285 2573 3378 2626 καὶ
3403 2569 3739 2644 προσακτέον

2155 2685 2219 2738 γε
2249 2671 2357 2730 τοῖς
2391 2669 2457 2722 ἐκ
2487 2669 2786 2740 περιτομῆς
2834 2666 2895 2720 τὸ
2945 2665 3111 2738 ῥητὸν
3161 2662 3450 2733 ἐγκαλοῦσι
3505 2665 3618 2725 τοῖς
3675 2661 3736 2728 ἐξ

2155 2760 2324 2814 ἐθνῶν
2348 2759 2434 2816 διὰ
2467 2761 2526 2814 τὸ
2581 2761 2656 2833 μὴ
2711 2758 2860 2831 βιοῦν
2907 2757 3048 2812 κατὰ
3108 2758 3198 2811 τὸν
3227 2756 3505 2820 Μωῦσέως
3547 2755 3735 2825 νόμον,

2154 2853 2394 2926 δεικτέον
2419 2870 2476 2906 τε
2505 2853 2578 2917 ὡς
2607 2852 2716 2924 ἄρα
2775 2851 2962 2923 ἕτερόν
2987 2868 3109 2904 τινα
3133 2847 3287 2921 παρὰ
3314 2847 3554 2903 Μωῦσέα
3569 2862 3736 2916 νομο-

2155 2943 2315 3017 θέτην
2347 2943 2564 2998 ἔσεσθαι
2627 2943 2734 2997 τῶν
2767 2941 2935 2996 ἐθνῶν
2992 2942 3020 2994 ὁ
3066 2940 3400 3012 προφητικὸς
3446 2938 3736 2992 ἐπίσταται

2153 3035 2329 3106 λόγος,
2349 3037 2428 3100 ὡς
2451 3038 2508 3090 ἐν
2533 3037 2665 3108 εὐχῇ
2700 3036 2926 3105 φάσκων
2951 3034 3032 3100 τὸ,
3065 3053 3082 3084 ι
3121 3034 3496 3104 Κατάστησον,
3538 3031 3734 3101 Κύριε,

2152 3128 2446 3200 νομοθέτην
2467 3129 2701 3194 αύτοῖς,›
2731 3128 2889 3198 δῆλον
2916 3129 3057 3181 δ’ὃτι
3085 3131 3196 3190 τοῖς
3228 3125 3453 3179 ἔθνεσιν·
3482 3123 3736 3196 ἐπιφέρει

471 3221 792 3280 substantia:
812 3235 944 3288 suae,
973 3235 1070 3292 per
1101 3220 1466 3291 legislatorem
1491 3220 1584 3290 qui
1609 3235 1774 3290 super
1789 3235 1884 3275 eos
1911 3235 2045 3274 con-

2154 3223 2198 3291 γ’
2222 3217 2315 3274 οὖν
2337 3221 2508 3292 τούτῳ
2537 3220 2616 3284 τὸ,
2673 3240 2690 3274 ι
2715 3219 3014 3277 Γνώτωσαν
3043 3219 3167 3290 ἔθνη
3221 3219 3302 3272 ὅτι
3345 3216 3621 3288 ἄνθρωποί
3651 3217 3735 3269 εἰ-

471 3313 784 3369 stituendus
815 3319 920 3372 est.
953 3311 1054 3368 Hic
1083 3320 1264 3368 autem
1297 3321 1442 3368 esset
1479 3311 1754 3376 Christus,
1787 3313 1879 3382 qui
1903 3326 2045 3366 eom-

468 3419 640 3461 mune
684 3403 842 3458 nobis
891 3412 1280 3460 testamentum
1332 3401 1505 3457 edixit
1563 3403 1796 3456 dicens:
1839 3420 1857 3453 ι
1890 3400 2044 3455 Dicta

469 3505 598 3550 sunt
621 3495 864 3566 antiquis
889 3495 1002 3549 haec
1034 3501 1086 3550 et
1109 3494 1236 3562 illa;
1262 3509 1364 3564 ego
1387 3501 1567 3548 autem
1591 3481 1715 3548 dico
1737 3493 1893 3549 vobis
1921 3494 1998 3562 ¹⁶;
2021 3513 2038 3545 ι

468 3585 562 3656 qui
594 3584 780 3640 divina
811 3595 864 3640 et
893 3600 1094 3640 arcana
1131 3591 1401 3656 potestate
1444 3583 1706 3639 stabilivit
1737 3584 1884 3656 leges
1913 3597 2044 3638 suas

467 3692 579 3732 non
610 3677 666 3732 in
704 3692 809 3731 una
839 3677 925 3732 vel
955 3677 1126 3732 altera
1164 3683 1345 3747 gente,
1378 3690 1486 3730 non
1512 3676 1564 3730 in
1601 3675 1836 3746 quadam
1872 3679 2044 3732 totius

465 3769 618 3826 orbis
655 3777 828 3840 parte.
861 3785 972 3823 non
999 3769 1236 3823 breviter
1261 3769 1630 3832 obsoleturas,
1658 3769 1754 3824 sed
1781 3781 1837 3824 ut
1857 3784 2044 3842 exspe-

463 3861 723 3918 ctandum
765 3869 850 3918 est
896 3861 966 3916 de
1008 3860 1192 3916 divina
1237 3863 1437 3916 virtute
1485 3877 1581 3917 sua
1614 3862 1670 3915 in
1719 3869 2042 3932 perpetuum

463 3965 628 4026 atque
653 3955 796 4026 apud
831 3955 1117 4012 universas
1149 3961 1361 4025 gentes.
1397 3953 1528 4025 Quae
1552 3954 1628 4008 ita
1659 3970 1719 4011 se
1762 3955 1965 4010 habere
1994 3955 2043 4011 si

463 4047 592 4119 quis
617 4062 727 4102 non
756 4046 1032 4112 admittat,
1067 4045 1327 4103 ostendat
1357 4047 1604 4116 quemvis
1631 4047 1822 4111 alium,
1847 4056 2043 4116 praeter

467 4139 806 4197 Salvatorem
839 4138 1238 4210 Dominumque
1260 4146 1508 4194 nostrum
1528 4137 1716 4196 Jesum
1737 4138 2037 4205 Christum,

463 4243 830 4304 congruenter
891 4246 1017 4286 eum
1062 4231 1166 4284 hac
1215 4233 1502 4302 prophetia
1551 4233 1920 4302 legislatorem
1973 4233 2042 4287 ab

2151 3329 2289 3377 σιν,›
2317 3312 2448 3366 ὡσεὶ
2475 3297 2478 3300 ’
2505 3311 2710 3382 ἔλεγεν,
2745 3310 3172 3384 ἀναλαμϐανέτω
3224 3309 3294 3363 τὰ
3345 3307 3470 3380 ἔθνη
3531 3307 3737 3378 γνῶσιν

2149 3407 2244 3459 καὶ
2265 3406 2572 3476 ἐπιστήμην
2599 3404 2698 3475 τῆς
2726 3405 2946 3475 λογικῆς
2971 3403 3150 3458 αὐτῶν
3175 3403 3359 3466 ούσίας
3379 3401 3466 3454 διὰ
3489 3399 3585 3456 τοῦ
3603 3401 3736 3472 μέλ-

2147 3497 2328 3561 λοντος
2354 3499 2538 3560 αὐτοῖς
2561 3496 2919 3550 καθίστασθαι
2950 3495 3260 3567 νομοθέτου·
3296 3490 3450 3558 οὗτος
3475 3493 3518 3546 δ’
3545 3493 3610 3548 ἂν
3643 3494 3732 3564 εἴη

2145 3592 2174 3644 ὁ
2206 3590 2460 3661 Χριστὸς,
2494 3592 2522 3644 ὁ
2551 3591 2649 3662 τὴν
2676 3589 2858 3661 κοινὴν
2884 3589 3250 3660 νομοθετήσας
3305 3589 3436 3658 ἡμῖν
3468 3586 3732 3658 διαθήκην

2145 3681 2224 3752 τῷ
2247 3681 2460 3751 λέγειν·
2494 3701 2511 3734 ι
2553 3682 2783 3754 Ἐρρέθη
2831 3685 2942 3746 τοῖς
2987 3680 3232 3753 ἀρχαίοις
3265 3679 3390 3734 τάδε
3440 3678 3578 3743 τινὰ,
3616 3675 3731 3748 ἐγὼ

2145 3775 2202 3830 δὲ
2222 3775 2365 3844 λέγω
2385 3775 2565 3829 τάδε’»
2595 3774 2653 3838 ὃς
2677 3774 2772 3828 καὶ
2804 3773 2925 3844 θείᾳ
2955 3773 3048 3826 καὶ
3083 3773 3308 3844 ἀρρήτῳ
3335 3769 3559 3840 δυνάμει
3593 3786 3731 3842 κρα-

2143 3867 2297 3922 τῦναι
2347 3869 2472 3932 τοὺς
2533 3865 2727 3920 ἐαυτοῦ
2789 3866 2986 3938 νόμους
3043 3865 3142 3918 οὐκ
3181 3865 3272 3916 ἐπὶ
3309 3863 3366 3916 έν
3408 3879 3462 3916 τι
3504 3860 3652 3924 ἔθνος
3691 3860 3728 3939 ἢ

2142 3959 2412 4031 δεύτερον,
2443 3959 2552 4012 οὐδ’
2573 3959 2668 4012 ἐπὶ⁹
2697 3957 2860 4032 μέρος
2884 3975 2936 4010 τι
2969 3957 3068 4029 τῆς
3096 3956 3223 4027 ὅλης
3247 3955 3589 4026 οἰκουμένης,
3608 3955 3728 4009 ἀλλ’

2143 4052 2262 4106 οὐδὲ
2291 4054 2376 4104 ἐπ’
2393 4051 2571 4120 ὀλίγον
2593 4051 2714 4104 τινὰ
2751 4049 3032 4120 δεδύνηται
3080 4049 3290 4120 χρόνον,
3317 4047 3432 4101 ἀλλ’
3465 4047 3540 4110 ὼς
3579 4045 3729 4100 ἔστιν

2143 4143 2201 4210 ἐξ
2223 4144 2390 4215 αὐτῆς
2417 4144 2747 4216 παραλαϐεῖν
2799 4143 2899 4213 τῆς
2952 4141 3229 4214 ἐνεργείας
3259 4141 3338 4204 εἰς
3380 4141 3440 4194 τὸ
3479 4139 3730 4210 διηνεκὲς

2143 4237 2236 4290 καὶ
2257 4235 2348 4289 ἐπὶ
2382 4237 2560 4291 πάντα
2584 4235 2653 4290 τὰ
2679 4234 2828 4309 ἔθνη.
2856 4237 2916 4288 Εἰ
2946 4234 3002 4286 δὲ
3034 4233 3108 4306 μὴ
3155 4233 3430 4306 προσίοιτό
3459 4248 3541 4295 τις
3565 4229 3724 4283 ταῦθ’

462 4322 708 4379 omnium
735 4321 847 4378 Deo
874 4323 1238 4378 constitutum
1270 4324 1545 4393 gentibus,
1590 4323 1792 4379 factum
1823 4327 2039 4383 cunctis

2154 4327 2312 4393 >ύτως
2339 4328 2500 4401 ἔχειν,
2531 4327 2792 4384 δεικνύτω
2820 4327 2941 4382 τινα
2965 4326 3030 4380 ἂν
3050 4326 3206 4382 ἄλλον
3239 4325 3351 4397 ἔχοι
3379 4324 3553 4393 λέγειν
3571 4323 3726 4395 παρὰ

393 4417 398 4422 ’
460 4413 776 4472 hominibus
805 4415 1024 4486 pietatis
1059 4417 1378 4488 magistrum
1419 4432 1547 4488 erga
1583 4431 1764 4472 rerum
1792 4417 2036 4472 omnium

460 4507 796 4566 Creatorem.

2139 4419 2230 4475 τὸν
2261 4422 2490 4496 Σωτῆρα
2512 4422 2606 4476 καὶ
2637 4421 2841 4494 Κύριον
2869 4419 3026 4491 ἡμῶν
3065 4419 3272 4491 Ἰησοῦν
3301 4415 3556 4490 Χριστὸν,
3593 4417 3725 4470 ἁκο-

2139 4512 2341 4579 λούθως
2365 4517 2431 4586 τῇ
2467 4513 2606 4586 μετὰ
2635 4517 2824 4586 χεῖρας
2852 4514 3157 4586 προφητείᾳ
3185 4511 3481 4583 νομοθέτην
3503 4509 3610 4564 ὑπὸ
3627 4508 3721 4564 τοῦ

457 4600 566 4657 τῶν
595 4601 889 4661 ὃλων.Θεοῦ
923 4605 1329 4662 κατασταθέντα
1353 4609 1461 4671 τοῖς
1483 4605 1679 4674 ἔθνεσι,
1717 4605 2036 4661 διδάσκαλον
2073 4608 2436 4680 γεγενημένον
2472 4609 2676 4664 ἅπασιν
2698 4605 3008 4679 ἀνθρώποις
3063 4607 3162 4678 τῆς
3223 4607 3303 4670 εἰς
3327 4605 3416 4659 τὸν
3447 4603 3554 4659 τῶν
3585 4601 3721 4656 ὅλων

455 4693 795 4770 Δημιουργὸν
832 4698 1130 4764 εὐσεϐείας.

1069 4816 1300 4874 CAPUT
1338 4817 1428 4873 Vl.

929 4908 977 4965 E
1009 4911 1216 4977 psaltria
1268 4911 1564 4968 undecimo.

526 4998 586 5054 In
619 4999 910 5056 undecimo
959 5003 1169 5071 psalmo
1221 5002 1482 5060 Dominus
1519 5003 1654 5059 dicit
1686 5025 1698 5058 :
1742 5021 1761 5053 ι
1806 5001 2034 5072 Propter
2066 4997 2110 5052 D

454 5092 732 5150 miseriam
767 5091 1010 5163 inopum,
1044 5099 1098 5147 et
1125 5093 1383 5162 gemitum
1410 5109 1732 5164 pauperum,
1758 5106 1906 5146 nunc
1935 5105 2032 5146 ex-

453 5199 698 5254 surgam,
722 5181 856 5239 dicit
885 5183 1172 5242 Dominus.
1202 5184 1405 5240 Ponam
1438 5187 1490 5240 in
1520 5184 1772 5248 salutari,
1807 5181 2031 5236 ﬁducia-

453 5277 574 5332 liter
605 5291 762 5349 agam
795 5277 852 5331 in
892 5292 957 5333 eo
993 5279 1058 5331 ³⁷.
1093 5297 1111 5331 ι
1175 5277 1542 5349 Exquiramus
1594 5293 1776 5333 annon
1823 5273 2026 5330 Christi

448 5383 700 5438 persona:
724 5385 878 5425 suam
909 5385 938 5423 a
979 5369 1212 5426 mortuis
1255 5369 1716 5426 resurrectionem
1765 5360 2020 5438 praenun-

449 5462 606 5515 tianti
639 5462 1413 5534 hmeconvenirent,quorum
1463 5463 1548 5516 hic
1596 5476 1794 5516 sensus
1841 5468 2025 5515 esset:

449 5567 668 5626 propter
699 5565 895 5626 gentes
927 5557 980 5612 in
1012 5556 1320 5625 iniquitatis
1340 5555 1560 5610 miseria
1593 5561 1774 5616 natas,
1807 5552 2018 5621 inopes-

449 5663 556 5718 que
594 5649 862 5718 probrose
886 5658 1128 5712 vocatas,
1157 5664 1222 5705 co
1252 5649 1396 5719 quod
1435 5646 1529 5702 Dei
1559 5647 1775 5703 divitiis
1799 5646 2024 5718 privatae

520 5805 566 5838 ’δ
605 5803 731 5859 Psal
786 5821 860 5874 tx,
899 5805 994 5872 14,
1035 5806 1121 5860 15.

2678 4809 3076 4864 ΚΕΦΑΛΑΙΟΝ
3105 4811 3194 4876 ς’.

2735 4903 2982 4973 Ψαιιμοῦ
3020 4909 3112 4956 ια’.

2229 4997 2380 5050 Ἐπεὶ
2413 4995 2470 5049 ἐν
2519 4994 2597 5067 τῷ
2655 4995 2928 5066 ἑνδεκάτῳ
2976 4991 3176 5064 ψαλμῷ
3210 4995 3239 5045 ὁ
3282 4990 3484 5064 Κύριός
3519 5009 3714 5064 φησιν’

2143 5111 2161 5143 ι
2195 5091 2418 5146 Ἕνεκεν
2449 5089 2550 5160 τῆς
2593 5085 2972 5160 ταλαιπωρίας
3029 5087 3137 5139 τῶν
3171 5083 3426 5156 πτωχῶν,
3481 5085 3575 5138 καὶ
3625 5083 3713 5138 τοῦ

2139 5180 2439 5253 στεναγμοῦ
2475 5179 2622 5252 (L20
2645 5179 2718 5250 γ’)
2747 5177 2856 5234 τῶν
2883 5179 3132 5249 πενήτων
3173 5176 3268 5229 νῦν
3316 5176 3706 5245 ἀναστήσομαι,

2134 5270 2279 5341 λέγει
2335 5269 2558 5343 Κύριος·
2594 5269 2828 5340 θήσομαι
2867 5271 2923 5324 ἐν
2958 5267 3230 5337 σωτηρίῳ,
3265 5262 3708 5336 παρρησιάσομαι

2135 5367 2193 5420 ἐν
2219 5364 2420 5435 αὐτῷ’)
2460 5362 2782 5432 ἐξετάζομεν
2807 5361 2880 5433 μὴ
2911 5359 3038 5432 περὶ
3075 5357 3311 5430 Χριστοῦ
3341 5355 3614 5428 προσώπῳ
3643 5354 3712 5406 τά

2136 5458 2390 5530 περὶτῆς
2445 5457 2509 5508 ἐκ
2539 5453 2748 5526 νεκρῶν
2781 5453 3130 5514 ἀναστάσεως
3192 5448 3358 5502 αὑτοῦ
3413 5447 3712 5502 διδάσκοντι

2135 5551 2418 5606 καὶταῦτα
2442 5549 2508 5603 ἂν
2535 5547 2784 5622 ἁρμόζοι,
2809 5546 3016 5602 τοιάνδε
3041 5544 3280 5599 διάνοιαν
3318 5541 3526 5612 ἔχοντα·
3550 5538 3720 5593 ἕνεκα

2132 5641 2242 5694 τῶν
2281 5643 2340 5694 ἐν
2368 5639 2714 5710 ταλαιπωρίᾳ
2738 5637 2934 5702 κακίας
2971 5635 3272 5707 γεγονότων
3323 5632 3516 5699 ἐθνῶν,
3571 5647 3720 5688 πτω-

1199 5807 1243 5837 "
1283 5805 1413 5859 ibid.
1446 5805 1536 5860 at.
1592 5807 1657 5838 ’κη
1701 5803 1889 5859 Matth.
1919 5819 1974 5869 ν,
2004 5799 2193 5856 ειηιι.
2270 5798 2314 5832 ’τ
2351 5797 2499 5856 Psal.
2537 5812 2628 5864 XI,
2663 5797 2714 5852 6.
