4106 6454
389 316 420 454 ξ
465 353 629 413 mox

1202 349 1468 407 EUSEBH
1503 347 1980 406 CESARIENSXS
2015 347 2166 406 OPP.
2205 347 2387 404 PARS
2427 348 2515 405 Ill.
2561 381 2631 392 —
2665 349 3075 408 EXEGETICA.

3608 357 3759 414 HM»~

399 456 413 499 ’π
460 478 552 527 νει
577 473 801 525 nonest
814 464 1118 523 inventuiri
1135 481 1222 525 me
1236 468 1498 540 iniquitas
1519 468 1586 536 “,
1628 485 1647 520 ι
1680 467 1840 539 quasi
1868 466 2065 523 Christi

2179 464 2279 529 σάς
2310 482 2377 537 με
2409 464 2475 537 (ί.
2505 466 2618 539 21),
2659 468 2752 521 καὶ
2783 467 2882 539 οὐχ
2908 468 3105 541 εὑρέθη
3136 469 3193 522 ἐν
3221 466 3344 539 ἐμοὶ
3378 467 3579 535 ἀδικία,
3619 489 3640 522 ι
3671 470 3751 535 ὠς

460 584 465 587 ·
496 576 628 619 voce
655 558 1462 632 prolatumlanimadvertimus,
1496 574 1620 615 cum
1646 574 1758 614 non
1786 560 1945 614 aliter
1964 558 2067 613 hu-

496 665 678 707 manas.
694 649 1029 706 natumhoc
1055 649 1243 707 dicere
1260 652 1542 722 proprium
1570 660 1734 708 esset.
1759 649 2070 722 Omnesque

452 743 661 814 :hujus
713 742 907 813 psalmi
928 744 1251 798 mittentia:
1284 759 1379 799 eas
1410 751 1667 800 accurate
1713 743 2067 815 perpendenti

473 841 750 908 .spectare
776 832 1213 895 adrSalvatorem
1238 834 1516 891 videmur.

1091 965 1321 1024 CAPUT
1372 968 1466 1024 IX.

834 1102 928 1160 γε
940 1106 1159 1176 psalmo
1186 1105 1389 1162 decimo
1428 1109 1672 1178 septima.

563 1238 711 1295 Cum'
732 1241 1023 1313 septimum
1059 1249 1114 1299 et
1145 1240 1418 1298 decimum
1453 1244 1721 1314 psalmum
1756 1259 1863 1299 non
1899 1246 2064 1300 alium

495 1332 740 1403 quemvis
768 1333 1063 1405 designare
1114 1334 1426 1389 circumcisi
1464 1342 1691 1404 putant,
1749 1335 1856 1390 nisi
1892 1333 2065 1390 Davi-

494 1423 649 1490 dem,
677 1423 920 1495 coquet!
956 1424 1011 1479 id
1057 1423 1342 1495 inscriptio
1372 1424 1615 1481 indicare
1639 1424 1853 1481 videtur
1874 1466 1888 1490 ,
1934 1441 2064 1482 con-

495 1513 784 1571 fundemus
823 1525 947 1572 nece
1008 1516 1157 1572 hunc
1219 1518 1398 1573 locum
1471 1517 1610 1574 tueri
1670 1527 2061 1589 nequeuntes:

497 1626 519 1662 ‹
556 1606 896 1681 Ετὶρίεεέωε
943 1608 1011 1666 de
1046 1612 1571 1668 contradictionibus
1604 1612 1827 1684 populi:
1859 1612 2064 1670 consti-

493 1710 614 1758 tues
645 1702 828 1757 mein
862 1711 1038 1774 «caput
1089 1704 1352 1774 gentium.
1392 1703 1668 1775 Populus,
1729 1720 1892 1776 quem
1951 1720 2060 1760 non

494 1791 762 1863 cognovi,
811 1794 1035 1848 servivit
1081 1793 1250 1847 mihi:
1288 1794 1343 1848 in
1400 1795 1588 1848 auditu
1636 1796 1787 1851 auris
1820 1794 2060 1850 obedivit

2170 557 2278 612 ἀπὸ
2302 557 2541 629 Χριστοῦ
2579 557 2763 628 φωνῆς
2789 559 3055 629 τυγχάνον
3092 559 3584 631 ἐσημειωσάμεθα,
3623 561 3759 615 ἐπεὶ.

2173 651 2246 724 μὴ
2276 651 2451 717 άλλως
2488 652 2802 725 ἀνθρωπεία
2826 654 2986 724 φύσει
3013 654 3174 710 τοῦτο
3202 656 3431 726 φάσκειν
3460 656 3745 727 ἁρμόττει·

2168 746 2262 797 καὶ⁸
2288 745 2487 808 πάντες
2504 744 2561 798 δέ
2579 746 2629 798 οί
2650 746 2709 799 ἐν
2729 745 2806 817 τῷ
2825 746 3023 819 ψαλμῷ
3048 747 3196 818 λόγοι
3213 746 3290 819 τῷ
3307 748 3557 823 ἐνορῶντι
3590 750 3746 822 ἀκρι-

2171 835 2282 891 ϐῶς
2310 836 2505 900 αὐτοὺς
2535 837 2625 890 ἐπὶ
2652 836 2744 890 τὸν
2769 839 2998 911 Σωτῆρα
3024 839 3397 911 ἀναφέρεσθαι
3429 838 3705 896 δύνανται.

2686 973 3085 1031 ΚΕΦΑΛΑΙΟΝ
3123 978 3201 1032 Θ’.

2763 1107 3015 1178 Ψαιμοῦ
3052 1106 3139 1169 ιζ’.

2249 1237 2402 1291 Ἐπεὶ
2432 1237 2528 1291 καὶ
2577 1237 2670 1292 τὸν
2716 1239 3174 1296 ἑπτακαιδέκατον
3212 1241 3423 1316 ψαλμὸν
3451 1246 3550 1300 οὐκ
3566 1246 3627 1313 ἐξ
3653 1248 3732 1304 ἀλ-

2166 1327 2258 1381 λου
2290 1328 2436 1394 τινδς
2471 1328 2728 1400 λέγεσθαι
2756 1331 3032 1402 νομιοῦσιν
3061 1335 3109 1387 οἱ
3147 1335 3210 1388 ἐκ
3241 1337 3541 1409 περιτομῆς
3572 1338 3605 1409 ἢ
3648 1338 3751 1394 τοῦ

2164 1419 2348 1487 Δαυῒδ,
2379 1420 2467 1476 διὰ
2499 1421 2560 1475 τὸ
2588 1426 2681 1477 καὶ
2713 1423 2810 1495 τὴν
2837 1424 3151 1497 ἐπιγραφὴν
3180 1426 3345 1481 αὐτοῦ
3376 1429 3537 1484 τοῦτο
3569 1429 3747 1486 δοκεῖν

2164 1515 2464 1585 ἐμφαίνειν,
2492 1513 2748 1586 θλίψομεν
2776 1516 2969 1582 αὐτοὺς
2992 1517 3050 1571 οὐ
3071 1518 3401 1591 δυναμένους
3431 1520 3626 1587 σώζειν
3654 1525 3745 1578 ἐπ’

2164 1598 2329 1660 αὐτοῦ
2355 1606 2434 1671 τὸ,
2483 1625 2502 1659 ι
2553 1607 2717 1679 Ῥύσῃ
2750 1626 2817 1680 με
2846 1608 2906 1676 ἐξ
2935 1609 3239 1681 ἀντιλογίας
3267 1611 3396 1667 λαοῦ
3420 1654 3434 1679 ,
3468 1617 3741 1687 καταστή-

2166 1715 2279 1763 σεις
2302 1716 2369 1770 με
2397 1700 2478 1764 είς
2516 1700 2757 1771 κεφαλὴν
2788 1700 2977 1777 ἐθνῶν·
3004 1702 3148 1767 λαὸς,
3174 1703 3231 1756 ὃν
3255 1704 3354 1758 οὐκ
3383 1704 3574 1774 ἔγνων,
3591 1706 3739 1763 ἐδού-

2163 1788 2321 1843 λευσέ
2343 1808 2465 1862 μοι,
2518 1793 2598 1856 είς
2624 1792 2793 1865 ἀκοὴν
2827 1792 2988 1846 ὠτίου
3035 1795 3315 1866 ὑπήκουσέ
3348 1814 3459 1868 μοι·
3504 1800 3611 1853 υἱοὶ
3646 1800 3740 1855 άλ-

495 1883 804 1940 mihi.-l“ilii
830 1885 1002 1941 alieni
1031 1887 1242 1942 mentiti
1276 1894 1406 1942 sunt
1445 1888 1600 1953 milii,
1648 1887 1743 1943 ﬁlii
1777 1888 1935 1944 alieni
1978 1889 2064 1942 in—

2166 1882 2364 1956 λότριοι
2382 1883 2677 1954 ἐψεύσαντό
2698 1903 2808 1957 μοι,
2837 1886 2944 1941 υἱοὶ
2969 1885 3238 1960 ἀλλότριοι
3264 1889 3734 1964 ἐπαλαιώθησαν.»

495 1978 718 2033 veterati
735 1986 871 2034 sunt
899 1979 965 2033 ³⁸.
1000 1998 1017 2031 ι
1075 1979 1319 2046 Quarum
1367 1980 1512 2034 enim
1544 1984 1783 2052 gentium
1817 1982 1870 2035 in
1905 1989 2068 2052 caput

496 2067 751 2125 Davidem
786 2070 1142 2127 constitutum
1195 2072 1482 2129 ostendere
1525 2074 1746 2138 valent,
1803 2082 1896 2128 aut
1942 2075 2067 2145 quis

494 2162 861 2233 istexpopulus
880 2202 895 2227 ,
929 2178 1089 2234 quem
1123 2179 1232 2220 non
1259 2174 1586 2236 cognoverat
1616 2167 1769 2237 prius
1797 2208 1810 2230 ,
1867 2168 2068 2238 quique

492 2266 670 2311 tamen
699 2256 748 2311 ei
777 2257 995 2321 serviit,
1034 2258 1090 2312 in
1131 2256 1319 2312 auditu
1351 2258 1500 2315 auris
1530 2259 1791 2316 obediens
1827 2261 1909 2315 ei!
1962 2260 2065 2327 Qui

474 2356 543 2403 set
576 2349 787 2404 mentiti
827 2350 875 2405 ei
916 2349 1011 2404 ﬁlii
1042 2351 1204 2406 alieni
1232 2351 1511 2415 dicuntur,
1552 2362 1606 2409 et
1644 2353 1957 2417 inveterati,
2012 2363 2067 2410 et

472 2440 860 2498 claudicantes
889 2458 919 2497 a
951 2442 1160 2498 semitis
1183 2443 1338 2499 suis?
1366 2446 1434 2497 At
1464 2445 1619 2500 nobis
1652 2447 1784 2499 nihil
1820 2447 1979 2516 plane
2000 2463 2061 2502 ex

474 2532 559 2588 .iis
583 2547 702 2603 qua'
733 2534 790 2588 in
820 2534 925 2589 hoc
968 2534 1181 2605 psalmo
1217 2534 1550 2600 referuntur,
1576 2552 1606 2591 a
1651 2553 1880 2609 persona
1911 2539 2069 2594 Chri—

472 2625 563 2681 isti
597 2626 990 2683 detrahendum
1016 2667 1030 2689 ,
1087 2628 1178 2698 qui
1232 2629 1289 2684 in
1324 2630 1568 2700 gentium
1610 2629 1866 2687 Ecclesiae
1903 2640 2066 2701 caput

491 2719 824 2775 constitutus
853 2729 975 2787 est;
1016 2720 1269 2791 hancque
1322 2722 1663 2792 prophetiam
1689 2765 1704 2786 ,
1741 2723 1884 2778 sicut
1923 2724 2068 2778 acci-

492 2812 705 2885 pimus,
757 2812 916 2883 plaue
959 2813 1235 2883 impletum
1279 2814 1548 2870 videmus.
1600 2813 1830 2870 Eramus
1886 2816 2063 2880 enim,

476 2918 711 2958 teramus
760 2918 886 2958 vere
930 2920 948 2954 ι
996 2902 1214 2959 alienati
1268 2919 1299 2958 a
1351 2904 1710 2959 conversione
1761 2902 1959 2971 Israel,
2014 2912 2068 2959 et

484 2997 736 3069 hospites
754 3002 1204 3052 testamentorum
1231 2995 1607 3066 promissionis
1637 2994 1703 3061 '°,
1730 3014 1748 3047 ι
1782 3002 1836 3050 et
1865 2995 2068 3051 idcirco

490 3089 653 3146 Verbi
700 3088 793 3144 Dei
841 3088 1151 3160 cognitione
1196 3087 1447 3158 indigni;
1491 3088 1584 3143 sed
1626 3105 1645 3139 ι
1689 3103 1835 3143 nunc
1863 3104 2066 3160 cogno-

488 3189 709 3239 scentes
733 3178 925 3245 Deum,
954 3180 1063 3236 imo
1096 3194 1125 3233 a
1151 3176 1261 3235 Deo
1289 3180 1491 3250 cogniti
1530 3179 1571 3210 ³⁷
1597 3196 1612 3248 ;
1647 3179 1739 3249 qui
1777 3178 2067 3249 aliquando

2166 1975 2342 2030 Ποίων
2375 1977 2484 2050 γὰρ
2506 1977 2674 2033 ἐθνῶν
2702 1981 2782 2043 είς
2820 1980 3060 2052 κεφαλὴν
3088 1982 3434 2037 καταστάντα
3458 1983 3550 2038 τὸν
3581 1983 3742 2040 Δαυῒδ

2165 2066 2339 2137 ἔχοιεν
2367 2069 2737 2141 παραστῆσαι,
2775 2070 2807 2142 ἦ
2841 2075 2992 2135 ποῖος
3025 2066 3177 2137 οὗτος
3201 2073 3347 2140 λαὸς,
3371 2074 3430 2128 ὃν
3450 2075 3549 2129 οὐκ
3576 2075 3739 2146 ἐγνώ-

2165 2173 2251 2210 κει
2285 2158 2383 2228 μὲν
2412 2158 2573 2224 αὐτὸς
2601 2160 2882 2233 πρότερον,
2920 2163 3068 2234 ὅμως
3089 2163 3142 2217 δὲ
3172 2164 3484 2222 ἐδούλευσεν
3501 2168 3648 2240 αὐτῷ
3662 2171 3742 2246 είς

2164 2247 2368 2318 ἀκουὴν
2400 2248 2560 2302 ὠτίου
2596 2250 2912 2316 ὑπακούσας
2951 2253 3117 2323 αὐτῷ·
3151 2254 3294 2320 τίνες
3321 2256 3379 2310 δέ
3411 2257 3503 2311 καὶ
3525 2259 3574 2311 οἱ
3611 2258 3739 2328 ψευ-

2164 2339 2389 2410 σάμενοι
2414 2338 2563 2412 αὐτῷ
2586 2342 2691 2395 υίοὶ
2712 2342 2977 2415 ἀλλότριοι
2996 2343 3297 2415 λεγόμενοι,
3321 2347 3417 2401 καὶ
3432 2349 3483 2401 oi
3502 2348 3734 2404 mlum)-

2165 2426 2346 2492 θέντες
2376 2429 2470 2483 καὶ
2499 2430 2837 2500 χωλάναντες
2862 2433 2968 2486 ἀπὸ
2985 2432 3094 2488 τῶν
3118 2435 3323 2507 τρίϐων
3355 2437 3567 2504 cortina;
3602 2440 3743 2495 Ἀλλ’

2164 2523 2295 2593 ἡμῖν
2325 2523 2435 2579 οὐδ’
2458 2524 2597 2590 ὅλως
2617 2542 2670 2579 τι
2692 2526 2800 2581 τῶν
2823 2529 2883 2582 ἐν
2913 2528 2991 2599 τῷ
3017 2528 3213 2602 ψαλμῷ
3236 2531 3542 2603 λεγομένων
3572 2552 3741 2608 προσ-

2164 2614 2318 2685 mas:
2342 2617 2406 2670 ἐκ
2440 2617 2733 2689 προσώπου
2763 2620 2859 2675 τοῦ
2883 2622 3142 2692 Χριστοῦ,
3179 2623 3273 2678 τοῦ
3314 2627 3743 2693 κατασταθέντος

2164 2708 2244 2771 είς
2269 2709 2508 2781 κεφαλὴν
2533 2711 2632 2782 τῆς
2656 2710 2715 2777 ἐξ
2745 2710 2912 2768 ἐθνῶν
2950 2712 3293 2787 Ἐκκλησίας,
3311 2718 3619 2791 καὶταύτην
3650 2722 3744 2776 ἐκ-

2164 2797 2498 2869 λαμϐάνουσι
2527 2801 2624 2874 τὴν
2655 2805 2988 2875 προφητείαν
3004 2805 3269 2879 θεωροῦσί
3297 2826 3357 2863 τε
3387 2810 3556 2883 αὐτὴν
3589 2815 3745 2887 ἐναρ-

2165 2889 2278 2980 γῶς
2310 2891 2766 2966 τθεττληικυιυένην·
2802 2891 2944 2967 ἦμεν
2968 2896 3098 2968 γὰρ.
3120 2895 3261 2971 ἦμεν
3292 2901 3508 2975 ἀληθῶς
3539 2907 3742 2980 ιάπηλ-

2164 2978 2518 3053 λοτριωμένοι
2544 2984 2643 3055 τῆς
2673 2985 2947 3051 πολιτείας
2971 2987 3063 3042 τοῦ
3100 2989 3337 3063 Ἰσραὴλ,
3362 2996 3454 3048 καὶ
3472 2995 3612 3063 ξένοι
3635 2978 3744 3053 τῶν

2165 3071 2437 3145 διαθηκῶν
2463 3078 2560 3147 τῆς
2592 3077 2942 3148 ἐπαγγελίας,
2978 3099 2997 3132 ι
3047 3083 3138 3136 καὶ
3171 3083 3258 3138 διὰ
3301 3085 3461 3140 τοῦτο
3484 3088 3559 3161 μὴ
3601 3089 3743 3158 ἄξιοι

2165 3164 2267 3234 τῆς
2286 3165 2381 3219 τοῦ
2409 3166 2568 3236 λόγου
2591 3168 2684 3222 τοῦ
2711 3169 2846 3225 Θεοῦ
2880 3171 3154 3239 γνώσεως*
3189 3175 3325 3231 ἀλλά
3357 3198 3374 3229 ι
3398 3178 3495 3232 νῦν
3523 3181 3742 3249 γνόντες

486 3287 711 3331 eramus
762 3272 956 3344 longe,
993 3270 1120 3328 facti
1162 3285 1353 3327 sumus
1406 3285 1572 3342 prope
1603 3270 1667 3336 ³⁸,
1705 3289 1725 3324 ι
1760 3278 1813 3326 et
1840 3271 2064 3326 servivi-

2167 3256 2319 3321 Θεὸν,
2346 3258 2542 3329 μᾶλλον
2558 3260 2615 3314 δέ
2634 3236 2967 3331 γνωσθέντες
2999 3267 3088 3319 ὑπ’
3109 3268 3296 3333 αὐτοῦ,
3324 3288 3343 3321 ι
3365 3271 3524 3341 ἡμεῖς
3535 3236 3590 3327 ὀί
3611 3236 3741 3329 ποτέ

490 3381 617 3422 mus
653 3380 756 3422 nos
800 3364 928 3421 olim
960 3378 1068 3419 non
1111 3364 1483 3436 cognoscenti,
1512 3372 1568 3420 et
1602 3363 1657 3419 in
1689 3365 1875 3419 auditu
1914 3362 2065 3418 auris

489 3458 831 3515 obedivimus
859 3458 929 3522 ei,
956 3466 1181 3529 accepto
1219 3458 1342 3514 novi
1365 3457 1697 3516 Testamenti
1726 3457 1846 3528 ejus
1872 3456 2061 3521 verbo,

489 3551 634 3624 quod
664 3553 718 3607 in
743 3567 846 3608 nos
877 3550 1095 3606 infudit.
1128 3549 1262 3607 Mire
1287 3558 1468 3609 autem
1498 3557 1622 3624 post
1651 3549 1805 3615 illud,
1836 3568 1855 3602 ι
1891 3565 2064 3621 popu-

487 3643 577 3698 lus
607 3658 767 3715 quem
796 3657 904 3700 non
937 3644 1186 3715 cognovi,
1221 3644 1445 3701 servivit
1477 3645 1632 3715 mihi,
1670 3665 1688 3698 ι
1723 3654 1779 3703 et
1808 3655 1931 3718 post
1967 3663 2063 3703 vo-

489 3737 757 3792 cationem
786 3743 1062 3802 nostram,
1098 3742 1334 3793 veterem
1376 3735 1714 3810 Synagogam
1761 3739 1940 3794 innuit
1975 3738 2063 3795 his

486 3830 713 3887 verbis:
750 3848 769 3881 ι
817 3828 937 3885 Filii
996 3830 1158 3885 alieni
1217 3829 1428 3884 mentiti
1490 3838 1618 3885 sunt
1676 3830 1829 3895 mihi,
1880 3849 1900 3884 ι
1944 3847 2065 3902 qua;

487 3923 629 3980 idem
660 3932 860 3980 sonant
888 3937 968 3989 ac,
1013 3941 1031 3974 ι
1080 3921 1247 3979 Filios
1284 3910 1519 3977 enutrivi
1552 3929 1607 3978 et
1644 3923 1875 3978 exaltavi
1902 3964 1917 3989 ,
1960 3925 2061 3997 ipsi

487 4024 667 4072 autem
720 4022 1042 4086 spreverunt
1081 4030 1166 4070 me
1213 4014 1278 4070 ”.
1333 4035 1351 4067 ι
1412 4013 1507 4070 lsli
1558 4022 1740 4070 autem
1779 4015 2060 4073 inveterati

485 4123 616 4167 sunt
641 4109 1013 4166 claudicantes
1055 4108 1110 4163 in
1142 4107 1354 4164 semitis
1388 4108 1524 4173 suis,
1557 4114 1611 4164 et
1642 4106 1738 4164 Dei
1781 4108 2059 4164 Christum

486 4218 597 4259 non
629 4201 998 4273 accipientes:
1049 4200 1141 4271 qui
1189 4200 1258 4255 ab
1297 4200 1378 4255 eis
1425 4199 1691 4270 rejectus,
1725 4206 2059 4256 constitutus

484 4303 570 4357 est
601 4310 631 4351 a
652 4296 816 4350 Patre
852 4295 906 4349 in
931 4302 1091 4364 caput
1118 4292 1492 4364 Servientium,
1522 4299 1576 4349 et
1602 4293 1658 4348 in
1681 4293 1869 4349 auditu
1907 4295 2057 4350 auris

485 4385 854 4442 obedientium
903 4387 951 4441 ei
1011 4384 1251 4456 gentium
1284 4424 1300 4450 ,
1364 4384 1665 4441 secundum
1713 4386 2055 4457 prophetiam

485 4480 621 4535 alias
649 4478 917 4534 dicentem
957 4497 969 4532 :
1033 4497 1051 4531 ι
1106 4476 1365 4549 Lapidem
1415 4492 1576 4548 quem
1628 4477 2056 4550 reprobaverunt

482 4570 834 4634 mdillcantes.
853 4570 941 4625 hic
954 4569 1131 4627 factus
1146 4578 1228 4626 est
1244 4571 1299 4625 in
1313 4579 1475 4641 caput
1488 4569 1669 4641 anguli
1682 4569 1747 4624 ‘°.
1763 4589 1781 4622 ι
1798 4568 1937 4625 Ριιιο
1951 4586 2020 4626 au
2031 4601 2051 4612 -
2083 4586 2131 4646 ι)

456 4666 591 4717 .tem
623 4657 963 4713 divinitatem
1003 4657 1315 4729 Christique
1341 4658 1407 4712 ad
1447 4659 1693 4716 homines
1725 4659 2051 4717 descensum

482 4752 675 4823 p'rimis
727 4751 924 4823 psalmi
973 4751 1257 4807 versiculis
1296 4751 1548 4820 ostendi;
1597 4769 1719 4823 quas
1766 4754 2055 4826 mysterio-

483 4844 601 4899 sius
630 4843 776 4900 dicta
818 4859 927 4899 non
970 4844 1321 4899 adventitiam
1378 4852 1430 4899 et
1464 4844 1766 4900 breviorem
1800 4845 2053 4915 explana-

482 4938 684 4994 tionem
715 4937 1111 5000 desiderarent,
1160 4938 1458 5009 praesertim
1494 4939 1549 4992 in
1583 4940 1683 4993 hoc
1713 4939 1869 4993 loco:
1909 4956 1928 4987 ε
1963 4935 2051 4989 ln-

480 5028 705 5085 clinavit
730 5030 899 5085 caelos
937 5036 991 5084 et
1017 5029 1338 5094 descendit,
1384 5038 1437 5084 et
1478 5029 1654 5100 caligo
1691 5028 1793 5083 sub
1823 5027 2052 5097 pedibus

480 5118 623 5188 ejus,
648 5124 703 5174 et
743 5118 989 5173 ascendit
1023 5135 1185 5189 super
1205 5118 1500 5174 Clierubim
1539 5126 1593 5173 et
1619 5118 1864 5172 volavit:
1901 5118 2053 5171 vola-

481 5208 560 5263 vit
593 5223 758 5279 super
784 5223 991 5277 pennas
1016 5217 1303 5265 ventorum
1337 5209 1401 5262 υ.
1436 5227 1454 5259 ι
1491 5206 1621 5275 Qua:
1645 5213 1949 5276 sequuntur
1983 5206 2050 5261 ad

429 5369 445 5387 ἐ
481 5300 576 5357 Dei
611 5302 842 5359 Verbum
870 5310 1135 5374 spectant.

553 5714 598 5748 ⁸⁸
632 5711 777 5769 Psal.
843 5730 966 5778 xw,
1028 5716 1080 5772 3.
1158 5716 1201 5747 ³⁵
1237 5714 1382 5769 Psal.
1434 5730 1580 5779 xvn.
1613 5715 1807 5773 Διί-46.

1912 5716 1957 5791 “_
1980 5716 2194 5791 _Ephes.
2258 5736 2297 5777 ιι
2322 5761 2338 5790 ,
2372 5721 2459 5778 12.

468 5787 527 5820 ’⁸⁸
558 5786 662 5841 lsa.
697 5799 734 5850 ι,
769 5782 823 5839 2.
901 5785 946 5817 ⁸⁸
980 5784 1424 5851 Psa|.cxvn,21.
1502 5786 1545 5818 “
1585 5786 1730 5845 Psal.
1763 5803 1898 5851 xvu,
1937 5782 2146 5849 10.7“.

2164 3347 2317 3413 ὀντες
2338 3351 2554 3422 μακρὰν
2582 3352 2921 3424 ἐγενήθημεν
2949 3357 3132 3425 ἐγγὺς,
3175 3376 3194 3410 ι
3226 3359 3320 3412 καὶ
3349 3359 3742 3434 ἐδουλεύσαμεν

2163 3439 2242 3511 τῷ
2277 3441 2442 3496 πάλαι
2473 3441 2546 3513 μὴ
2575 3444 2754 3512 γνόντι
2780 3446 2946 3516 ἡμᾶς,
2981 3448 3076 3501 καὶ
3098 3449 3178 3513 είς
3201 3450 3370 3522 ἀκοὴν
3400 3451 3563 3506 ὠτίου
3594 3454 3740 3526 ύπη-

2164 3529 2439 3603 κούσαμεν
2463 3532 2629 3605 αὐτῷ,
2658 3535 3088 3608 παραδεξάμενοι
3123 3539 3213 3593 τὸν
3251 3541 3350 3613 τῆς
3391 3543 3582 3615 καινῆς
3610 3547 3738 3599 Δια-

2165 3622 2337 3695 θήκης
2365 3624 2530 3680 αὑτοῦ
2556 3626 2730 3695 λόγον,
2762 3627 2819 3681 ὃν
2838 3628 3200 3702 διέθετοπρὸς
3224 3635 3255 3703 ή
3264 3635 3389 3702 μᾶς.
3412 3633 3742 3706 Θαυμασίοις

2162 3712 2219 3766 δέ
2254 3715 2392 3784 μετά
2422 3716 2503 3781 τὸ,
2539 3733 2558 3768 ι
2595 3717 2742 3782 λαὸς,
2785 3717 2844 3771 ὃν
2872 3719 2972 3773 οὐκ
2991 3719 3160 3788 ἔγνων
3184 3765 3198 3790 ,
3248 3722 3528 3778 ἐδούλευσέ
3574 3744 3684 3798 μοι,
3715 3747 3735 3779 ι

2163 3808 2257 3861 καὶ
2282 3807 2377 3878 τὴν
2396 3809 2522 3880 περὶ
2543 3809 2699 3881 ἡμῶν
2734 3810 2923 3883 κλῆσιν
2949 3813 3019 3884 τὰ
3044 3815 3175 3886 περὶ
3197 3815 3297 3885 τῆς
3317 3818 3587 3888 προτέρας
3609 3820 3740 3874 Συν⁹

2161 3899 2381 3969 αγωγῆς
2418 3901 2687 3955 ἐκτίθεται
2728 3902 2815 3957 διὰ
2862 3903 2979 3970 τοῦ,
3039 3923 3057 3956 ι
3110 3905 3227 3959 Υἱοὶ
3274 3906 3541 3979 ἀλλότριοι
3582 3910 3742 3980 ἐψεύ-

2164 3988 2322 4042 σαντό
2350 4006 2460 4061 μοι,
2501 4010 2519 4043 ι
2571 3993 2925 4066 ἰσοδυναμοῦν
2948 3995 3028 4067 τῷ
3047 4036 3061 4061 ,
3103 4015 3123 4047 ι
3155 3996 3315 4061 Υίοὺς
3353 4000 3617 4073 ἐγέννησα
3641 4005 3743 4058 καὶ

2162 4079 2371 4150 ὖψωσα,
2392 4083 2544 4137 αὐτοὶ
2577 4085 2633 4138 δέ
2661 4085 3031 4158 μεῆθέτησαψ
3053 4108 3072 4139 ι
3094 4083 3235 4143 οὗτοι
3258 4090 3317 4144 δέ
3345 4093 3438 4145 καὶ
3468 4093 3738 4148 ἐπαλαιώ-

2161 4172 2329 4243 θησαν
2358 4176 2696 4246 χωλάναντες
2722 4179 2830 4233 ἀπὸ
2858 4180 2966 4234 τῶν
2982 4181 3182 4253 τρίϐων
3205 4183 3402 4248 αὐτῶν,
3421 4186 3514 4238 καὶ
3539 4185 3613 4257 μὴ
3637 4204 3744 4241 πα-

2162 4262 2509 4336 ραδεξάμενοι
2539 4267 2631 4322 τὸν
2656 4270 2888 4342 Χριστὸν
2916 4270 3010 4325 τοῦ
3033 4271 3263 4337 Θεοῦ,ὃς
3281 4274 3738 4347 ἀποδοκιμασθεὶς

2158 4356 2249 4409 ὑπ’
2278 4356 2455 4412 αὐτῶν
2500 4359 2802 4432 κατεστάθη
2844 4362 2947 4416 ὑπὸ
2984 4363 3080 4418 τοῦ
3124 4364 3337 4437 Πατρὸς
3376 4368 3456 4431 είς
3493 4367 3739 4441 κεφαλὴν

2154 4447 2263 4501 τῶν
2289 4449 2722 4517 δουλευσάντων,
2770 4454 2863 4506 καὶ
2889 4455 2968 4518 είς
3006 4456 3173 4528 ἀκοὴν
3202 4457 3362 4512 ὠτίου
3399 4460 3743 4516 ὑπακουσάν-

2154 4555 2263 4594 των
2298 4541 2446 4613 αύτῷ
2485 4542 2685 4607 ἐθνῶν,
2709 4544 2850 4598 κατά
2881 4546 2980 4617 τὴν
3005 4547 3229 4619 ἑτέρωθι
3260 4549 3569 4619 φάσκουσαν
3604 4569 3740 4623 προ-

2156 4631 2404 4700 φητείαν,
2433 4650 2453 4683 ι
2482 4631 2663 4697 Λίθον,
2702 4633 2762 4687 ὃν
2794 4635 3204 4708 ἀπεδοκίμασαν
3224 4642 3274 4694 οί
3305 4641 3735 4713 οἰκοδομοῦντες,

2154 4716 2308 4787 οὗτος
2336 4723 2563 4797 ἐγενήθη
2599 4727 2679 4790 είς
2706 4728 2945 4801 κεφαλὴν
2969 4731 3190 4800 γωνίας.
3222 4751 3242 4785 ι
3273 4729 3438 4805 Οἶμαι
3467 4734 3524 4789 δέ
3545 4736 3641 4790 καὶ
3667 4739 3738 4792 τά

2156 4815 2283 4884 περὶ
2313 4815 2412 4886 τῆς
2440 4815 2688 4889 θεότητος
2709 4820 2803 4874 καὶ
2830 4821 2929 4892 τῆς
2946 4825 3026 4889 είς
3040 4824 3362 4898 ἀνθρώπους
3384 4827 3739 4894 καταϐάσεως

2155 4907 2321 4961 αὐτοῦ
2348 4909 2404 4962 ἐν
2432 4912 2544 4973 τοῖς
2584 4911 2819 4983 πρώτοις
2842 4914 3134 4987 δηλοῦσθαι
3159 4918 3255 4973 τοό
3295 4919 3514 4992 ψαλμοῦ
3541 4938 3553 4951 ·
3590 4922 3735 4994 ἅπερ

2153 4996 2215 5050 οὖ
2235 4997 2336 5067 τῆς
2377 5000 2435 5051 ἐν
2468 5002 2731 5074 παρέργῳ
2768 5005 2865 5059 κα)⁸
2903 5004 3224 5081 παραδρομῇ
3255 5009 3415 5065 δέοιτ’
3444 5012 3515 5067 ἂν
3542 5012 3731 5085 ἐξηγή-

2156 5104 2293 5151 σεως
2311 5089 2745 5164 ἀπορρητότερον
2760 5096 2881 5166 είρη
2890 5095 3042 5167 μένά⁸
3059 5092 3147 5152 οἶά
3161 5101 3305 5152 ἐστιν
3322 5101 3430 5155 ἀπὸ
3443 5102 3565 5164 τοῦ,
3591 5104 3723 5159 «Καὶ

2152 5172 2361 5231 ἔκλινεν
2389 5181 2648 5251 οὐρανοὺς
2692 5185 2783 5237 καὶ
2815 5186 3018 5260 κατέϐη
3040 5230 3054 5254 ,
3091 5190 3185 5243 καὶ
3232 5192 3429 5261 γνόφος
3462 5195 3569 5248 ὑπὸ
3602 5195 3721 5256 τοὺς

2154 5268 2318 5334 πόδας
2342 5271 2529 5326 αὐτοῦ·
2565 5276 2657 5328 καὶ
2682 5275 2851 5350 ἐπέϐη
2880 5279 2972 5332 ἐπὶ
2997 5281 3261 5353 Χερουϐὶν
3292 5285 3389 5339 καὶ
3418 5284 3680 5355 ἐπετάσθη
3698 5325 3718 5350 ,

2156 5361 2428 5433 ἐπετὰσθη
2471 5363 2563 5418 ἐπὶ
2594 5366 2881 5438 πτερύγων
2929 5370 3165 5441 ἀνέμων·
3205 5392 3225 5424 ι
3262 5375 3356 5428 καὶ
3374 5374 3482 5428 ΰσα
3516 5372 3719 5436 τούτοις

2158 5455 2548 5525 παραπλησίως
2576 5460 2668 5513 ἐπὶ
2693 5460 2785 5513 τὸν
2804 5461 2897 5517 τοῦ
2927 5462 3061 5517 Θεοῦ
3084 5465 3255 5535 Λόγον
3276 5467 3624 5538 ἀναφέρεται.

2573 5724 2614 5757 ³⁷
2657 5723 2837 5783 Galat.
2900 5729 3063 5797 ιν,ιι9.
3141 5731 3187 5765 ³⁸
3224 5730 3431 5804 Ephes.
3489 5748 3572 5802 ιι,
3638 5735 3725 5792 ιε.
