4106 6446
354 491 499 550 “05

907 599 1301 654 ΚΕΦΑΛΑΙΟΝ
1341 598 1399 656 I'.

950 710 1197 782 Ψαλμοῦ
1243 710 1336 778 ιη’.

1966 620 2013 675 Α

435 850 456 886 t
488 833 602 887 Οὐκ
626 832 732 885 eisi.
756 829 938 884 λαλιαὶ
960 827 1082 882 οὐδὲ
1113 828 1282 896 λόγοι,
1313 819 1386 883 ὧν
1411 827 1531 898 οὐχὶ
1559 827 1844 881 ἀκούονται
1878 826 1935 880 αί

355 925 536 998 φωναὶ
566 924 765 979 αὐτῶν.
792 924 887 985 Εἰς
916 922 1095 974 πᾶσαν
1116 919 1213 992 τὴν
1243 919 1347 990 γῆν
1381 919 1602 991 ὲξῆλθεν
1635 922 1664 974 0
1703 918 1936 990 φθόγγος

357 1016 559 1083 αὐτῶν,
594 1016 688 1071 καὶ
713 1016 793 1079 είς
824 1014 892 1068 τὰ
924 1013 1136 1083 πέρατα
1162 1012 1263 1082 τῆς
1283 1013 1608 1084 οἰκουμένης
1637 1011 1703 1065 τὰ
1721 1013 1936 1083 ῥήματα

366 1108 561 1164 αὐτῶν.
610 1127 628 1159 ι
661 1105 938 1177 Ζητοῢμεν
966 1104 1124 1158 τίνων
1152 1105 1231 1168 είς
1256 1105 1434 1158 πᾶσαν
1456 1103 1553 1176 τὴν
1584 1104 1687 1173 γῆν
1717 1103 1936 1174 ἐξῆλθεν

354 1203 390 1253 0
420 1199 674 1270 φθόγγος,
705 1196 799 1250 καὶ
829 1195 895 1249 τὰ
925 1196 1145 1269 ῥήματα
1180 1193 1285 1259 ἓως
1316 1194 1425 1249 τῶν
1458 1195 1709 1266 περάτων
1738 1194 1930 1266 τῆςΙ(Γ.

371 1291 461 1357 21,
480 1290 555 1363 νο)
581 1289 920 1362 οἰκουμένης,
946 1288 1021 1352 ὡς
1048 1288 1122 1361 μὴ
1147 1288 1563 1358 καταλελεῖφθαι
1578 1287 1766 1357 λόγους
1787 1289 1937 1361 παρά

359 1399 471 1436 τισι
495 1383 587 1435 καὶ
616 1380 805 1445 λαλιὰς
834 1380 964 1451 παρ’
992 1374 1074 1444 οἷς
1106 1382 1207 1434 οὐκ
1240 1378 1589 1451 ἠκούσθησαν
1609 1379 1703 1433 καὶ
1731 1381 1788 1432 αἱ
1815 1379 1936 1433 τού-

359 1490 469 1526 των
498 1472 688 1542 φωναί·
741 1469 854 1525 ἀλλ’
901 1471 1000 1524 οὐκ
1051 1470 1116 1525 ἂν
1156 1470 1267 1541 ἔχοι
1306 1474 1388 1534 τις
1419 1470 1638 1542 ἐτέρους
1674 1470 1935 1536 ἐπιδεῖξαι

362 1564 468 1619 τῶν
496 1565 655 1638 ἱερῶν
677 1564 1005 1630 ἀποστόλων,
1038 1564 1118 1628 είς
1138 1563 1290 1634 οὒςή
1319 1563 1620 1635 προφητεία
1648 1565 1938 1637 πεπλήρω-

357 1673 452 1711 ται
477 1656 758 1727 διαϐοήτου
786 1655 886 1726 τῆς
916 1654 1042 1726 περὶ
1075 1652 1168 1706 τοῦ
1203 1651 1439 1724 Χριστοῦ
1468 1651 1813 1716 διδασκαλίας
1838 1653 1935 1706 αὐ-

362 1750 472 1803 τῶν
506 1752 585 1813 είς
616 1749 795 1803 πᾶσαν
817 1748 914 1819 τὴν
943 1748 1033 1801 ὑπ’
1058 1745 1284 1819 οὐρανὸν
1303 1746 1618 1817 γενομένης,
1645 1745 1733 1799 ὅτε
1759 1748 1938 1800 ὲνεπι-

356 1844 425 1915 δη
435 1842 658 1914 μοῦντες
680 1841 758 1913 τῷ
782 1841 880 1913 βίῳ
904 1841 1040 1913 μετά
1059 1841 1160 1910 τῆς
1185 1833 1550 1912 συνεργούσης
1571 1839 1753 1904 αὐτοῖς
1776 1839 1936 1894 δυνά-

368 1952 513 2006 μεως
539 1933 688 1998 θείας
720 1932 826 1988 ἀνὰ
851 1934 1029 1987 πᾶσαν
1058 1931 1155 2003 τὴν
1175 1932 1496 2004 οἰκουμένην
1526 1933 1827 2025 ὲκήῌρυσσον
1840 1931 1938 2003 τὴν
1974 1971 2016 2025 Β

358 2028 443 2091 είς
471 2027 562 2080 τὸν
595 2024 823 2097 Χριστὸν
866 2024 961 2079 τοῦ
999 2024 1133 2079 Θεοῦ
1168 2026 1378 2078 πίστιν·
1425 2024 1554 2096 περὶ
1584 2015 1645 2076 οὗ
1680 2023 1816 2095 μετὰ
1840 2024 1939 2096 τὴν

366 2120 667 2192 πρόρρησιν
712 2119 805 2173 τοῦ
849 2119 957 2173 τῶν
1011 2119 1321 2173 ἀποστόλων
1375 2117 1537 2171 αὑτοῦ
1588 2115 1938 2189 κηρύγματος

358 2210 491 2283 ἑξῆς
522 2215 552 2266 0
583 2212 737 2280 λόγος
768 2211 1026 2275 διδάσκει,
1052 2211 1127 2275 ὡς
1154 2212 1263 2282 ἄρα
1298 2230 1315 2261 ι
1351 2212 1410 2263 ὲν
1433 2208 1512 2280 τῷ
1536 2209 1669 2281 ἡλίῳ
1698 2209 1849 2264 ἔθετο
1878 2210 1939 2264 τὸ

367 2308 629 2375 σκήνωμα
662 2302 828 2356 αὑτοῦ
850 2318 863 2331 ·
905 2322 922 2354 ι
956 2302 1109 2374 ἡλίου
1132 2302 1419 2373 νοουμένου
1444 2301 1543 2371 τῆς
1565 2300 1836 2373 θεότητος,
1859 2301 1940 2366 εἰς

364 2396 431 2466 ἢν
459 2395 556 2467 τὴν
587 2393 776 2449 ἑαυτοῦ
815 2393 979 2465 μονὴν
1019 2394 1115 2448 καὶ
1169 2393 1268 2464 τὴν
1315 2392 1476 2446 οἱονεὶ
1526 2392 1938 2461 κατασκήνωσιν

360 2481 535 2547 ἔθετο,
585 2483 747 2554 ῆκαὶ
792 2484 929 2554 ὅπερ
975 2483 1040 2536 ἐκ
1080 2482 1181 2552 τῆς
1227 2481 1504 2554 Παρθένου
1553 2480 1710 2534 ἔλαϐε
1760 2481 1938 2552 σῶμα,

364 2575 505 2645 ὅπερ
530 2570 597 2645 ἦν
628 2575 868 2647 ὡσπερεὶ
899 2575 1163 2645 σκήνωμα
1191 2573 1290 2645 τῆς
1335 2574 1394 2627 ἐν
1424 2572 1574 2645 αὐτῷ
1605 2572 1941 2642 καταμενού-

367 2682 468 2738 σης
491 2665 637 2730 θείας
659 2666 958 2738 δυνάμεως
991 2658 1143 2728 οὗτος
1165 2665 1223 2718 δὲ
1253 2665 1346 2718 καὶ
1373 2665 1588 2736 «ὥσπερ
1602 2664 1833 2735 νυμφίος
1856 2666 1943 2718 ὲκ-

366 2759 723 2831 ποριιυόμενος
744 2761 808 2814 ὲκ
830 2758 1034 2814 παστοῦ
1069 2758 1256 2821 αὐτοῦ,
1292 2757 1653 2828 ἠγαλλιάσατο
1674 2757 1749 2821 ὡς
1779 2757 1939 2826 γίγας

354 2853 590 2926 δραμεῖν
612 2855 749 2909 ὁδόν·
776 2849 889 2909 »οἷα
903 2855 1010 2927 γάρ
1032 2872 1113 2919 τις
1139 2854 1371 2925 νυμφίος
1391 2854 1479 2907 διὰ
1501 2854 1598 2925 τὴν
1624 2852 1787 2907 αὑτοῦ
1802 2853 1939 2924 νύμ-

361 2963 476 3017 -φην
506 2947 606 3017 τὴν
643 2948 966 3018 Ἐκκλησίαν
995 2949 1060 3000 ὲκ
1072 2946 1180 3000 τῶν
1205 2945 1485 3019 πατρικῶν
1500 2945 1789 3010 διαναστὰς
1818 2945 1941 2999 κόλ-

360 3055 503 3104 πων,
539 3039 632 3094 καὶ
669 3041 827 3095 ὁποῖά
871 3057 954 3104 τις
998 3040 1158 3109 γίγας
1191 3038 1430 3109 ἀνδρεῖος
1467 3039 1561 3091 καὶ⁸
1607 3036 1821 3108 ἰσχυρὸς
1847 3035 1939 3089 τὸν

366 3133 553 3202 ἀγῶνα
574 3133 666 3189 τὸν
695 3133 1047 3206 προκείμενον
1086 3131 1234 3203 αὐτῷ
1278 3131 1567 3206 διαθλήσας
1584 3172 1599 3196 ,
1627 3133 1854 3203 νικήσας
1877 3147 1938 3183 τε

368 3225 462 3279 καὶ
484 3202 994 3299 καταγωνισάμενος
1034 3226 1158 3289 τοὺς
1189 3202 1516 3288 ἀντιπάλους
1533 3264 1548 3288 ,
1574 3202 1939 3295 ἠγαλλιάσατο

1386 486 1470 544 EC
1486 487 1691 544 1.06.43
1732 474 2217 546 montanam.
2258 519 2327 530 -—
2363 488 2493 544 LIB.
2529 484 2612 555 Il.[

3482 486 3662 557 nos.

2673 594 2902 655 CAPUT
2941 594 2987 650 Χ
3006 625 3017 645 ,ο

2451 714 2500 769 Ε
2532 714 2738 783 psalmo
2776 702 3248 776 octavojécimm.‘

2451 714 2500 769 E
2532 714 2738 783 psalmo
2776 702 3248 776 octavojécimov'

2114 849 2133 880 ι
2170 830 2286 884 Non
2311 829 2720 899 suntloquelaz,
2774 842 2953 897 neque
3004 818 3657 898 sermones..quorunui

2116 939 2146 976 n
2208 922 2501 977 audiantur
2548 936 2707 976 voces
2756 936 2975 977 eorum.
3027 920 3120 975 Ihm
3147 935 3365 975 onmem
3416 927 3630 976 terram:

2039 938 2146 978 non
2208 922 2501 977 audiantur
2548 936 2707 976 voces
2756 936 2975 977 eorum.
3027 920 3365 975 Invomnem
3416 927 3630 976 terram:

2038 1014 2204 1071 exivit
2235 1030 2405 1070 sonus
2453 1019 2744 1074 eorum,et
2795 1013 2851 1067 in
2881 1012 3041 1068 lineas
3061 1012 3212 1069 orbis
3239 1021 3396 1069 terra:
3450 1011 3628 1067 verba;
3687 1055 3703 1091 ι,

2038 1122 2225 1163 eorum
2261 1105 2326 1158 ι’.
2366 1125 2384 1157 ι
2414 1103 2718 1170 Quaerimus
2758 1119 3004 1174 quorum
3044 1105 3112 1159 in.
3141 1119 3356 1159 omnem
3411 1111 3628 1160 terram.
3710 1102 3716 1157 ἱ

2038 1198 2204 1254 exivit
2230 1212 2420 1262 sonus,
2447 1198 2722 1266 verbaque
2759 1196 2816 1250 in
2847 1195 2991 1251 ﬁnes
3028 1195 3177 1252 orbis
3203 1204 3361 1252 terra:
3384 1237 3399 1263 ,
3433 1212 3501 1253 ne
3530 1213 3626 1253 re»-
3710 1185 3719 1189 ’

2038 1291 2357 1362 linquantur
2386 1286 2715 1361 quibusdam
2770 1289 3093 1358 loquelae-et-
3124 1304 3405 1346 sermones
3432 1329 3447 1356 ,
3490 1289 3601 1359 qui-

2039 1385 2143 1440 bus
2189 1399 2300 1439 non
2340 1381 2539 1437 auditae
2593 1382 2705 1437 sint
2752 1381 2988 1437 istorum
3028 1396 3208 1437 voces;
3236 1381 3438 1452 Neque
3471 1383 3629 1438 uiiosa

2041 1476 2175 1531 alios
2206 1475 2513 1529 invenimus
2562 1488 2625 1528 ac
2659 1480 2881 1528 sanctos
2924 1473 3238 1542 apostolos,
3276 1474 3474 1545 quibus
3510 1474 3633 1528 im--

2039 1566 2217 1637 pietur
2271 1564 2556 1635 prophetia
2588 1604 2604 1630 ,
2670 1564 2990 1635 pervulgata
3049 1562 3105 1617 in
3150 1578 3366 1619 omnem
3407 1572 3628 1619 terram.

2039 1674 2227 1714 eorum
2261 1656 2330 1713 de
2363 1657 2588 1712 Christo
2612 1656 2894 1718 doctrina.
2942 1671 3075 1711 cum
3096 1657 3247 1711 omni
3274 1658 3385 1711 vita
3434 1672 3591 1727 perer

2041 1759 2246 1817 rantes,
2271 1749 2561 1820 adjuvante
2588 1764 2682 1805 eos
2736 1757 3027 1818 potestate-
3041 1748 3253 1814 divina,
3279 1764 3377 1820 per
3398 1750 3623 1804 univero-

2042 1860 2163 1901 sum
2185 1844 2371 1900 orbem
2401 1851 2670 1900 terrarum
2697 1840 2856 1897 ﬁdem
2888 1842 2944 1895 in
2980 1840 3259 1897 Christum
3297 1839 3394 1897 Dei
3422 1840 3613 1912 praedi-

2041 1944 2322 1993 caverunt.
2374 1935 2449 1992 De
2483 1951 2593 2006 quo
2642 1941 2765 2006 post
2816 1933 3196 2005 praevisionem
3235 1934 3631 2004 apostolorum-

2042 2028 2163 2099 ejus
2196 2027 2615 2097 praedicationis,
2643 2024 2906 2080 continuo
2941 2023 3227 2095 Scriptura
3271 2025 3450 2089 docet,
3470 2024 3630 2095 quod

2046 2139 2068 2174 ι
2106 2122 2163 2176 in
2193 2121 2308 2177 sole
2345 2119 2528 2192 posuit
2564 2117 2977 2173 tabernaculum
3010 2116 3284 2185 suum":
3320 2135 3338 2169 ι
3371 2115 3453 2172 sol
3500 2115 3615 2171 dei.

2040 2221 2205 2270 tatem
2236 2214 2435 2276 innuit,
2461 2213 2517 2267 in
2543 2226 2649 2283 qua
2679 2210 2861 2267 sedem
2892 2216 3145 2267 suam~et
3160 2209 3329 2281 quasi
3363 2210 3614 2265 taberna-

2040 2306 2224 2361 culum
2258 2305 2459 2375 posuit,
2489 2305 2575 2360 vel
2602 2302 2748 2375 quod
2776 2318 2840 2360 ex
2872 2302 3106 2375 Virgine
3119 2301 3356 2372 sumpsit
3393 2316 3621 2372 corpus,

2041 2399 2185 2469 quod
2220 2398 2377 2469 quasi
2406 2397 2819 2454 tabernaculum
2849 2403 2968 2453 erat
3012 2395 3210 2451 divina:
3242 2396 3528 2466 potestatis
3559 2394 3614 2449 in

2040 2504 2106 2546 eo
2140 2492 2529 2561 permanentis.
2576 2487 2678 2545 Hic
2709 2495 2762 2545 et
2799 2506 2818 2539 ι
2856 2496 3111 2559 tanquam
3141 2502 3378 2559 sponsus
3424 2500 3608 2557 proce-

2039 2581 2177 2638 dens
2204 2582 2272 2638 de
2301 2583 2543 2637 thalamo
2589 2597 2724 2649 suo;
2763 2581 3055 2638 exsultavit
3100 2591 3160 2635 ut
3193 2580 3367 2651 gigas:
3388 2579 3456 2634 ad
3486 2591 3616 2633 eur-

2041 2675 2266 2730 rendam
2291 2674 2432 2730 viam
2463 2674 2529 2729 “.
2567 2693 2586 2727 ι
2626 2673 2697 2731 Ut
2742 2673 2889 2730 enim
2942 2686 3187 2745 sponsus
3232 2671 3328 2726 ob;
3353 2685 3613 2742 sponsam

2042 2768 2213 2840 ipsius
2243 2766 2541 2823 Ecclesiam
2572 2781 2602 2822 e
2627 2767 2807 2837 patrio
2829 2780 3143 2836 exsurgens
3165 2764 3287 2819 sinu
3311 2803 3326 2828 ,
3371 2772 3426 2819 et
3456 2762 3614 2834 quasi

2039 2860 2217 2917 virilis
2250 2860 2621 2930 robustusque
2651 2859 2803 2931 gigas
2842 2866 3121 2914 certamen
3146 2857 3249 2914 sibi
3276 2857 3615 2927 propositum

2040 2952 2312 3017 certavit,
2344 2954 2661 3023 victorque,
2711 2961 2766 3009 et
2798 2952 3089 3022 prostratis
3123 2952 3479 3013 adversariis,
3518 2967 3615 3007 ex-

2039 3044 2264 3103 sultavit
2304 3045 2410 3100 tori
2445 3045 2649 3102 sociam
2695 3059 3060 3117 sponsamque
3104 3044 3401 3113 excipiens.
3450 3040 3618 3096 Facta

2039 3147 2124 3196 est
2151 3146 2332 3195 autem
2363 3158 2383 3193 ι
2432 3155 2462 3194 a
2495 3155 2711 3196 summo
2740 3142 2880 3198 coelo
2920 3139 3179 3212 egressio»
3205 3137 3325 3207 ejus
3365 3136 3449 3199 ";
3507 3155 3525 3187 ι
3562 3142 3619 3191 et

2039 3246 2275 3287 rursus:
2311 3250 2331 3283 ι
2391 3230 2460 3286 Et
2499 3247 2766 3289 occursus
2819 3232 2939 3304 ejus
2992 3247 3169 3303 usque
3215 3230 3281 3286 ad
3342 3242 3613 3285 summum

364 3315 464 3387 τὴν
489 3315 653 3370 αὑτοῦ
693 3316 923 3385 σύζυγόν
960 3333 1019 3369 τε
1054 3315 1148 3370 καὶ
1179 3314 1396 3386 νύμφην
1431 3314 1737 3371 ἀπολαϐὠψ
1776 3318 1934 3386 γεγέ-

2041 3322 2154 3393 ejus
2183 3323 2269 3391 ⁸⁶;
2310 3343 2330 3376 ι
2361 3332 2415 3380 et
2452 3344 2465 3379 :
2502 3343 2519 3376 ι
2548 3325 2716 3382 Nemo
2740 3325 2881 3381 alius
2915 3325 3157 3380 ascendit
3185 3324 3239 3377 in
3268 3321 3488 3386 celum,
3507 3317 3615 3375 uisi

368 3426 525 3481 νηται
543 3410 600 3464 δὲ
617 3409 782 3465 αὑτοῦ
808 3411 902 3464 καὶ
930 3429 948 3462 ι
970 3413 1002 3482 ή
1025 3409 1199 3477 ἔξοδος
1220 3412 1315 3465 ἀπ’
1330 3412 1497 3482 ἄκρου
1523 3409 1618 3464 τοῦ
1641 3409 1926 3483 ούρανοῦη

367 3503 462 3556 καὶ
474 3503 652 3557 πάλιν·
688 3502 793 3556 «Τὸ
816 3502 1137 3573 κατάντημα
1163 3502 1325 3557 αὑτοῦ
1357 3503 1462 3566 ἕως
1484 3502 1655 3575 ἄκρου
1683 3503 1847 3558 αὐτοῦ
1866 3521 1882 3537 ο
1908 3523 1927 3557 ι

365 3593 488 3646 ἐπεὶ
524 3611 543 3645 ι
578 3593 653 3664 μὴ
683 3593 727 3646 δ’
758 3587 837 3657 εἷς
859 3592 1012 3658 ἄλλος
1037 3593 1372 3665 ἀναϐέϐηκεν
1397 3596 1476 3659 είς
1506 3594 1596 3649 τὸν
1616 3595 1865 3666 οὐρανόν,
1885 3599 1933 3651 εί

370 3684 446 3755 μὴ
474 3686 503 3738 0
523 3686 584 3739 ὲκ
610 3684 703 3740 τοῦ
725 3685 953 3757 ούρανοῦ
984 3685 1246 3750 καταϐὰς,
1263 3688 1292 3740 0
1321 3685 1450 3749 Υίδς
1469 3684 1563 3740 τοῦ
1586 3687 1893 3759 ἀνθρώποψ
1910 3708 1928 3741 ι

362 3776 463 3832 καὶ
480 3776 659 3831 πάλιν
683 3797 701 3829 ι
724 3778 782 3833 '0
804 3777 1066 3843 καταϐὰς,
1079 3777 1239 3842 αὑτός
1260 3780 1374 3832 ἐστι
1393 3779 1483 3832 καὶ
1501 3779 1530 3833 0
1550 3778 1755 3846 ἀναϐὰς
1771 3781 1938 3855 ὑπερ-

366 3869 479 3924 ἀνω
510 3868 723 3923 πάντων
741 3870 848 3925 τῶν
895 3870 1195 3944 ούρανῶν,›
1216 3869 1358 3925 κατά
1384 3870 1476 3924 τὸν
1498 3870 1639 3943 ἱερὸν
1681 3872 1936 3928 Ἀπόστο-

363 3961 472 4016 λον·
511 3961 645 4016 ἀλλά
666 3980 689 4014 ι
712 3962 821 4016 Καὶ
841 3963 941 4017 οὐκ
969 3962 1114 4017 ἔστιν
1134 3962 1194 4028 ὃς
1225 3962 1666 4034 ἀποκρυϐήσεται
1694 3963 1791 4034 τὴν
1813 3963 1935 4037 θέρο

372 4067 478 4123 μην
510 4050 695 4106 αὐτοῦ·
723 4071 742 4103 ι
786 4047 1004 4126 scapi-ﬁt;
1036 4052 1299 4137 κατεβίω,
1329 4062 1500 4139 ρυδιεν
1531 4052 1613 4117 τὸ,
1659 4072 1678 4104 ι
1700 4052 1820 4126 Πῦρ
1839 4050 1936 4124 ἦλ-

363 4145 460 4201 θον
488 4145 667 4217 βαλεῖν
688 4148 780 4201 ἐπὶ
807 4148 906 4219 τὴν
932 4148 1056 4220 γῆν,
1076 4149 1170 4203 καὶ
1195 4164 1250 4202 τι.
1261 4158 1400 4212 αὐτά
1416 4169 1443 4203 ,ι
1471 4149 1519 4202 εί
1545 4148 1646 4220 ἤδη
1680 4150 1891 4224 ἀνήφθη
1913 4170 1926 4220 ;
1973 4173 1992 4210 ι

363 4258 457 4299 ται
488 4241 556 4297 τὰ
584 4241 726 4297 κατά
755 4243 847 4297 τὸν
860 4244 1042 4299 τόπον.
1795 4242 1801 4249 ’

888 4354 1284 4413 ΚΕΦΑΛΑΙΟΝ
1300 4356 1401 4410 IA’.

959 4470 1210 4541 Ψαλμοῦ
1242 4470 1332 4526 ιϐ’.

432 4577 508 4631 T0
532 4579 589 4632 ὲν
616 4580 693 4651 τῷ
721 4583 1178 4637 ὲννεακαιδεκάτω
1208 4582 1409 4657 ψαλμῷ
1436 4585 1746 4658 λεγόμενον,
1779 4607 1798 4641 ι
1820 4586 1934 4645 Νῦν

365 4670 535 4740 ἔγνων
555 4672 636 4727 ὅτι
670 4672 839 4727 ἔσωσε
860 4674 1063 4746 Κύριος
1092 4677 1182 4730 τὸν
1208 4677 1443 4750 Χριστὸν
1470 4678 1658 4744 αὐτοῦ,
1677 4700 1696 4733 ι
1734 4681 1935 4753 ὲμιραί-
1966 4681 2012 4742 ι)

363 4767 582 4827 νει’πω;
606 4764 697 4818 τοῦ
720 4764 968 4837 Σωτῆρος
990 4766 1144 4838 ἡμῶν
1180 4766 1354 4841 Ἰησοῦ
1371 4770 1609 4842 Χριστοῦ
1630 4771 1728 4844 τὴν
1753 4773 1818 4827 ὲκ
1838 4772 1933 4827 τοῦ

367 4854 595 4909 θανάτου
625 4858 914 4929 σωτηρίαν·
948 4859 1095 4931 αύτῷ
1123 4860 1230 4933 γὰρ
1246 4860 1459 4934 εἴρηται
1482 4863 1674 4928 καὶτὸ,
1703 4883 1721 4916 ι
1745 4864 1937 4933 Ἀγαλ-

362 4947 672 5020 λιασὼμεθα
700 4951 757 5003 ἐν
786 4949 863 5021 τῷ
895 4951 1144 5025 σωτηρίῳ
1178 4970 1290 5006 σου·
1325 4974 1343 5008 ι
1375 4956 1467 5008 καὶ
1487 4955 1583 5009 ὅλα
1613 4955 1670 5009 δὲ
1698 4956 1766 5010 τά
1798 4957 1935 5011 κατά

360 5039 452 5092 τὸν
481 5040 642 5094 τόπον
668 5041 1035 5116 ἑφαρμοσθείη
1061 5043 1126 5098 ἂν
1153 5043 1299 5117 αύτῷ
1322 5045 1421 5117 τῆς
1445 5045 1822 5118 προσηκούσης
1844 5063 1936 5099 τυ-

363 5129 525 5203 χόντα
558 5130 886 5203 ἐξηγήσεως.

889 5244 1283 5300 ΚΕΦΑΛΑῘΟΝ
1303 5246 1405 5303 IB'.

966 5359 1216 5429 Ψαλμοῦ
1242 5360 1316 5415 κ’.

428 5449 503 5504 Τὸ
536 5450 659 5520 μέν’
694 5468 713 5502 ι
737 5449 930 5521 Κύριε,
954 5452 1012 5502 ὲν
1030 5453 1096 5522 τῇ
1124 5452 1351 5523 δυνάμει
1382 5468 1475 5506 σου
1498 5450 1930 5524 εδφρανθήσεται

363 5539 391 5591 0
426 5538 692 5610 βασιλεὺς,
720 5559 738 5591 ι
765 5541 948 5594 καὶτὰ
973 5541 1118 5613 ἑξῆς,
1152 5540 1296 5595 εἴποι
1323 5542 1390 5597 ἀν
1409 5559 1496 5605 τις
1526 5542 1619 5595 ἐπὶ
1646 5542 1737 5596 τὸν
1767 5540 1960 5596 Δαυῒδ-

364 5632 1015 5706 ἀναφέρεσθαιδύνασθαυ
1041 5636 1104 5688 τό
1128 5650 1192 5703 γε
1221 5633 1342 5704 μὲν,
1364 5649 1384 5685 ι
1409 5634 1562 5705 Ζωὴν
1582 5631 1820 5705 ᾑτήσατό
1847 5648 1926 5697 σε,

358 5725 453 5779 καὶ
488 5725 692 5791 ἔδωκας
721 5727 871 5799 αὐτῷ
918 5727 1232 5799 μακρότητα
1264 5725 1483 5799 ἡμερῶν
1507 5727 1588 5789 εἰς
1614 5724 1785 5780 αἰῶνα
1832 5724 1930 5778 καὶ

436 5899 480 5932 ⁸⁸
518 5898 660 5955 Psal.
688 5917 857 5958 XVIII.
916 5904 981 5961 4.
1017 5902 1071 5957 5.
1148 5902 1194 5935 "
1230 5902 1362 5958 ibid.
1396 5901 1450 5956 ϐ.
1526 5901 1571 5934 ⁸⁵
1612 5902 1742 5958 ibid.
1817 5903 1863 5934 “
1898 5902 2029 5961 ibid.

364 5969 407 6002 δ’
446 5969 587 6025 Psal.
624 5987 789 6031 xvut.
825 5973 875 6027 7.
948 5972 999 6005 ’θ
1035 5962 1310 6041 Lucan,
1343 5972 1431 6028 49.
1509 5973 1556 6006 "
1593 5971 1737 6030 Psai.
1774 5989 1897 6039 xix,
1946 5974 1996 6029 7.

2038 3415 2134 3486 qui
2163 3414 2447 3472 descendit
2494 3417 2562 3471 de
2583 3417 2755 3482 cmlo,
2789 3415 2958 3471 Filius
2998 3413 3237 3470 hominis
3265 3413 3400 3480 ";-o
3422 3444 3431 3451 ρ
3453 3419 3617 3481 atque

2039 3507 2279 3563 iterum:
2321 3527 2340 3560 ι
2389 3506 2493 3574 Qui
2528 3507 2850 3572 descendit,
2898 3509 3014 3578 ipse
3048 3515 3130 3563 est
3157 3514 3213 3560 et
3234 3507 3324 3575 qui
3365 3501 3615 3559 ascendit

2040 3613 2206 3668 super
2230 3613 2419 3655 omnes
2439 3599 2631 3666 cmlos,
2660 3606 2720 3655 ut
2746 3600 2993 3670 impleret
3030 3597 3235 3659 omnia,
3268 3615 3288 3649 ι
3314 3593 3611 3652 secundum

2040 3699 2292 3746 sanctum
2339 3689 2660 3762 Apostolum
2692 3691 2757 3745 ⁸⁸.
2797 3690 2903 3746 Sed
2935 3700 2989 3747 et
3043 3709 3061 3742 ι
3111 3689 3231 3743 Νοιι
3278 3695 3362 3743 est
3409 3686 3503 3758 qui
3551 3700 3612 3770 se

2039 3781 2341 3839 abscondat
2372 3800 2401 3839 a
2438 3785 2620 3840 calore
2658 3784 2778 3855 ejus
2806 3783 2881 3852 ";
2919 3802 2938 3835 ι
2973 3783 3041 3838 de
3062 3797 3171 3854 quo
3205 3788 3259 3837 et
3290 3781 3409 3853 ipse
3428 3778 3570 3833 dixit
3603 3793 3609 3802 ·

2042 3893 2061 3927 ι
2101 3875 2280 3947 Ignem
2308 3879 2431 3933 veni
2463 3879 2680 3934 mittere
2712 3879 2767 3934 in
2804 3887 3024 3942 terram,
3058 3884 3113 3932 et
3145 3874 3276 3946 quid
3316 3871 3609 3939 volo,unisi

2039 3976 2097 4022 ut
2128 3970 2460 4026 accendatur
2487 3971 2579 4025 “3
2606 3991 2625 4026 ι
2664 3969 2847 4027 Facile
2875 3969 3049 4025 cuivis
3079 3968 3180 4025 erit
3207 3964 3413 4037 reliqua
3447 3961 3610 4033 hujus

2037 4063 2231 4133 psalmi
2257 4063 2324 4119 ad
2353 4065 2631 4121 Christum
2662 4063 2913 4121 similiter
2940 4059 3166 4117 referre.

2036 4158 2291 4235 Εὐχερῶς
2327 4162 2372 4217 δ’
2397 4163 2463 4220 ἄν
2482 4179 2566 4229 τις
2580 4159 2755 4234 ἑαυτῷ
2783 4158 2991 4224 τούτοις
3021 4147 3295 4226 ἀναλόγως
3323 4151 3609 4227 ἐξεργάσε-

2651 4362 2876 4421 CAPUT
2914 4359 3007 4421 XI.

2460 4479 2513 4534 E
2544 4481 2749 4552 psalmo
2791 4479 2993 4534 decima
3030 4492 3189 4532 mmo.

2029 4553 2036 4559 ’
2110 4569 2241 4639 Quas
2266 4571 2320 4628 in
2350 4571 2564 4628 decimo
2603 4585 2751 4628 nono
2800 4569 3013 4643 psalmo
3048 4567 3344 4624 dicuntur:
3384 4586 3403 4620 ι
3453 4566 3610 4625 Nunc

2038 4664 2266 4734 cognovi
2298 4664 2555 4735 quoniam
2599 4664 2806 4721 salvum
2858 4663 2990 4720 fecit
3028 4660 3291 4719 Dominus
3332 4658 3627 4717 Christumr

2040 4765 2198 4805 suum
2231 4750 2300 4816 ³⁸,
2336 4771 2356 4804 ι
2393 4752 2687 4808 ostendunt
2725 4753 2999 4824 quomodo
3033 4750 3284 4806 Salvator
3310 4757 3496 4805 noster
3518 4746 3608 4805 .Ie-

2041 4856 2136 4897 sus
2197 4841 2448 4899 Christus
2509 4859 2540 4899 a
2601 4852 2778 4900 morte
2828 4844 2903 4902 sit
2957 4854 3227 4902 servatus.
3277 4838 3414 4897 Huic
3461 4842 3606 4898 enim

2042 4932 2302 4989 dicuntur
2329 4943 2385 4991 et
2419 4936 2546 4992 illa:
2586 4954 2606 4988 ι
2643 4935 2973 4994 Laetabimur
3000 4938 3056 4994 in
3089 4938 3314 4995 salutari
3341 4944 3437 4992 tuo
3460 4935 3540 5004 “;
3580 4953 3601 4988 ι

2043 5028 2332 5099 exterique
2352 5028 2515 5098 hujus
2546 5030 2742 5101 psalmi
2766 5029 3020 5088 versiculi
3055 5045 3178 5085 cum
3207 5029 3309 5085 hac
3339 5028 3605 5099 interpre-

2038 5121 2243 5178 tatione
2271 5123 2472 5194 optime
2507 5132 2839 5197 congruunt.

2632 5234 2862 5292 CAPUT
2894 5233 3006 5291 XII.

2092 5423 2097 5428 ,
2535 5350 2580 5406 Ε
2604 5350 2809 5420 psalmo
2847 5350 3110 5404 vicesimo.

2109 5442 2244 5499 Illud
2268 5442 2485 5515 quidem
2513 5461 2528 5498 :
2564 5461 2583 5493 ι
2618 5439 2865 5503 Domine,
2902 5441 2957 5495 in
2983 5441 3187 5495 virtute
3219 5443 3313 5491 tua
3338 5430 3607 5491 laetabitur

2038 5551 2133 5592 rex
2163 5536 2232 5602 ⁵³,
2272 5555 2291 5589 ι
2323 5544 2379 5592 et
2398 5542 2592 5591 caetera
2612 5572 2627 5599 ,
2675 5539 2924 5604 spectare
2952 5531 3021 5586 ad
3055 5530 3309 5586 Davidem
3334 5534 3602 5599 possunt;

2038 5628 2155 5685 haec
2183 5645 2354 5685 vero:
2399 5646 2420 5680 ι
2460 5624 2634 5681 Vitam
2664 5625 2816 5696 petiit
2847 5638 2880 5679 a
2923 5631 2997 5688 te,
3032 5631 3088 5678 et
3120 5621 3359 5678 tribuisti
3389 5618 3439 5676 ei
3488 5619 3608 5674 Ion-

2036 5720 2333 5793 gitudinem
2360 5719 2567 5775 dierum
2595 5717 2649 5772 in
2677 5715 2959 5782 saeculum,
2983 5720 3035 5772 et
3087 5715 3141 5770 in
3193 5713 3452 5770 saeculum
3500 5724 3605 5767 ste-

2084 5902 2135 5956 7.
2211 5901 2257 5933 "
2296 5898 2427 5954 ibid.
2504 5896 2547 5929 ⁸⁷
2584 5893 2744 5952 Joan.
2780 5909 2876 5962 ιιι,
2917 5895 2997 5950 15.
3073 5894 3119 5927 ⁸⁸
3156 5893 3355 5965 Ephes.
3389 5907 3460 5957 IV,
3513 5888 3601 5946 I0.

2073 5974 2116 6005 "
2157 5971 2285 6029 ibid.
2319 5971 2371 6025 6.
2446 5968 2491 6001 "
2525 5966 2669 6025 Psnl.
2704 5984 2803 6035 xx,
2837 5964 2894 6021 2.
