4106 6436
444 491 579 545 “0‘7

1141 482 1412 539 EUSEBII
1451 474 1930 537 CESARIENSIS
1969 473 2120 530 OPP.
2154 471 2335 527 PARS
2371 470 2459 525 III.
2489 502 2557 512 —-
2580 466 2988 524 EXEGETICA.

3563 459 3695 507 ιιυδ

441 606 547 659 cuii
577 602 645 669 “,
680 620 700 654 ι
741 615 847 655 non
878 600 989 669 jam
1025 598 1215 651 Davidi
1263 598 1627 659 conveniunt,
1679 596 1838 665 cujus
1867 609 2016 648 mors

2128 590 2198 652 εἰς
2226 587 2393 641 αἰῶνα
2436 586 2655 648 αἰῶνος,
2685 604 2703 635 ι
2739 583 2919 636 οὐκέτι
2953 579 3029 651 τῷ
3057 578 3215 633 Δαυῒδ
3246 574 3470 649 ἁρμόζει
3512 573 3600 629 διὰ
3634 573 3694 628 τὸ

629 643 645 669 9

440 702 715 765 comperta
744 702 846 756 est,
882 693 1111 762 vitatque
1141 699 1355 761 tempus
1385 705 1492 745 non
1547 689 1719 742 multo
1748 702 2014 741 annorum

441 802 668 841 numero
713 785 1212 854 circumscriptum.
1272 782 1414 853 Ergo
1448 782 1629 852 agitur
1662 780 1729 835 de
1762 779 2012 843 Christo,

439 876 529 947 qui
562 892 656 930 rex
710 892 738 928 a
790 874 948 929 Patre
1004 874 1071 929 ad
1132 873 1462 944 regnandum
1516 888 1680 942 super
1736 872 2014 926 cmlestem

441 976 677 1023 montem
706 967 835 1021 Sion
862 969 1193 1026 constitutus
1222 973 1335 1031 est;
1366 965 1460 1035 qui
1508 974 1562 1018 et
1588 965 1753 1017 vitam
1783 963 1936 1032 petiit
1984 978 2014 1016 a

440 1061 598 1114 Patre
625 1101 640 1125 ,
674 1076 782 1113 non
834 1059 1052 1113 sibimet
1082 1058 1205 1127 ipsi,
1238 1057 1354 1125 ipse
1400 1056 1545 1111 enim
1576 1056 1684 1108 vita
1714 1064 1868 1120 erat,
1919 1055 2012 1109 sed

439 1153 695 1206 omnibus
727 1153 779 1204 i-n
819 1166 942 1204 eum
987 1150 1337 1205 credentibus
1360 1149 1440 1216 ⁵⁸;
1471 1149 1729 1219 deditque
1760 1150 1808 1207 ei
1854 1166 2017 1220 posse

440 1262 631 1301 omnes
681 1246 734 1299 in
784 1260 842 1300 se
871 1244 1157 1299 credentes
1186 1244 1421 1298 educere
1463 1258 1494 1297 e
1548 1250 1725 1299 morte
1759 1243 1813 1297 in
1848 1244 2014 1297 vitam

440 1348 694 1395 reternam
725 1339 792 1403 ⁸⁸,
823 1348 875 1393 et
908 1338 960 1390 in
988 1336 1380 1406 longitudinem
1411 1335 1554 1405 apud
1578 1335 1745 1390 Deum
1778 1336 2011 1400 dierum,

440 1451 560 1505 quae
590 1442 718 1487 sunt
739 1434 792 1486 in
823 1431 1080 1487 saeculum
1110 1437 1163 1484 et
1192 1430 1243 1483 in
1287 1431 1543 1485 saeculum
1576 1429 1778 1484 szeculi.
1807 1426 2014 1483 Caetera

441 1541 568 1581 vero
594 1526 756 1595 hujus
792 1522 985 1594 psalmi
1016 1522 1172 1592 quasi
1205 1522 1272 1577 de
1310 1538 1433 1593 rege
1467 1522 1650 1591 gloriae
1672 1521 1847 1585 dicta,
1889 1536 2013 1575 cum

443 1632 614 1685 pauca
639 1632 744 1670 non
780 1616 889 1669 sint
914 1656 929 1678 ,
968 1614 1164 1669 melius
1187 1613 1427 1676 Christo,
1453 1613 1498 1667 si
1535 1610 1829 1683 prudenter
1851 1611 2014 1667 intel-

443 1710 706 1781 liguntur,
736 1724 898 1779 quam
932 1705 1118 1760 Davidi
1143 1706 1517 1761 convenirent.

1022 1988 1254 2046 CAPUT
1296 1987 1436 2046 XIII.

828 2101 878 2156 Ε
911 2102 1117 2172 psalmo
1153 2104 1395 2158 vicesimo
1431 2102 1622 2171 primo.

518 2194 774 2254 Omnium
804 2211 1075 2253 consensu
1105 2196 1334 2254 ﬁdeliter
1360 2196 1417 2250 in
1457 2194 1739 2250 Christum
1781 2190 2012 2248 creden-

449 2291 585 2346 tium
615 2297 831 2345 constat
857 2289 1086 2359 hujusce
1119 2288 1312 2359 psalmi
1359 2288 1538 2352 initia,
1569 2286 1625 2341 in
1655 2286 1856 2357 quibus
1898 2285 2012 2340 haec

444 2390 607 2438 sunt:
637 2401 656 2433 ι
696 2382 856 2445 Deus,
882 2380 1021 2437 Deus
1045 2395 1219 2437 meus.
1250 2380 1460 2450 respice
1483 2380 1538 2434 in
1562 2394 1685 2448 me;
1718 2396 1890 2451 quare
1929 2394 2015 2435 me

444 2474 783 2544 dereliquisti
839 2473 919 2526 ‘7?
958 2493 977 2524 ι
1036 2472 1104 2527 ab
1162 2487 1228 2526 eo
1256 2470 1529 2542 passionis
1584 2480 1828 2542 tempore
1869 2470 2014 2525 dicta

444 2568 631 2623 fuisse.
688 2565 803 2620 Hoc
855 2564 999 2620 enim
1052 2565 1291 2620 ostendit
1335 2571 1390 2619 et
1442 2563 1498 2617 in
1548 2578 1711 2619 cruce
1763 2564 2011 2618 clamor:

448 2679 467 2712 ‹
509 2658 649 2723 Eloi,
687 2657 825 2724 Eloi,
857 2659 998 2712 lama
1048 2657 1406 2714 sabachthani
1438 2658 1528 2713 '9?
1562 2676 1582 2710 ι
1626 2656 1826 2713 Verum
1860 2665 2015 2712 ante-

448 2767 611 2821 quam
631 2751 821 2822 psalmi
838 2751 1172 2821 prophetiam
1184 2751 1252 2807 de
1265 2766 1331 2807 eo
1344 2752 1782 2822 interpretemur,
1802 2749 2018 2805 Iudaeos

448 2844 765 2913 rogabimus
780 2845 909 2915 quis
929 2842 1092 2913 hujus
1117 2843 1309 2913 psalmi
1325 2843 1491 2898 verba
1505 2842 1722 2898 dixerit.
1738 2841 1855 2897 Non
1874 2842 2018 2897 enim

446 2938 673 3006 quilibet
712 2947 929 3003 cmtera,
960 2945 1124 3007 atque
1167 2937 1282 2992 haec
1304 2936 1510 2992 dixisse
1541 2936 1787 2991 videtur:
1819 2955 1837 2986 ι
1869 2934 2018 3001 Quo-

447 3030 589 3085 niam
612 3037 671 3083 tu
686 3044 769 3093 es,
793 3031 885 3098 qui
914 3029 1197 3085 extraxisti
1216 3043 1301 3083 me
1326 3028 1393 3081 de
1418 3035 1635 3083 ventre:
1663 3044 1787 3098 spes
1808 3042 1926 3083 mea
1953 3026 2021 3081 ab

450 3121 711 3177 uberibus
736 3121 930 3176 matris
966 3136 1115 3175 mete.
1141 3119 1199 3173 In
1220 3127 1274 3175 te
1294 3121 1574 3191 projectus
1605 3136 1725 3175 sum
1755 3134 1820 3175 ex
1844 3127 2017 3185 utero,

449 3217 516 3269 de
539 3223 726 3269 ventre
758 3213 952 3268 matris
984 3228 1119 3267 meae
1150 3213 1415 3268 Dominus
1448 3211 1590 3268 Deus
1614 3228 1770 3268 meus
1796 3228 1855 3269 es
1890 3222 2018 3267 tu...

2123 682 2218 736 καὶ
2247 681 2344 752 τὴν
2375 679 2629 750 τελευτὴν
2661 677 2825 732 αὐτοῦ
2860 674 3217 747 ἐμφαίνεσθαι
3259 672 3353 725 καί
3379 670 3471 724 τὸν
3504 670 3695 741 χρόνον

2118 774 2217 842 τῆς
2244 772 2388 842 ζωῆς
2411 769 2597 831 αὐτοῦ,
2660 764 2729 840 ἧς
2760 769 2820 821 ού
2854 767 3017 820 πολὺν
3047 765 3233 837 χρόνον
3268 762 3404 816 ὲτῶν
3432 761 3695 833 περιωρί-

2120 865 2264 919 σθαι.
2291 866 2389 934 Εἴη
2407 863 2471 917 ἂν
2499 860 2589 917 οὖν
2616 864 2646 915 6
2670 859 2900 933 Χριστὸς
2923 861 2951 911 6
2981 859 3230 929 βασιλεὺς
3244 855 3348 909 ὑπὸ
3374 853 3467 908 τοῦ
3484 852 3696 924 Πατρὸς

2121 957 2421 1027 βασιλεύειν
2448 957 2540 1008 ἐπὶ
2586 953 2722 1007 Σιὼν
2754 952 2879 1024 ὅρος
2919 951 2978 1004 τὸ
3012 950 3333 1019 ἐπουράνιον
3377 944 3653 1008 καταστάς
3676 961 3691 975 ·

2117 1053 2175 1117 ὃς
2198 1054 2292 1106 καὶ
2308 1051 2451 1121 ζωὴν
2483 1051 2721 1122 ᾐτήσατο
2757 1047 2848 1101 τὸν
2877 1045 3097 1116 Πατέρα
3126 1041 3243 1112 οὐχὶ
3288 1040 3493 1111 ἑαυτῷ,
3534 1037 3695 1103 αὐτὸς

2117 1146 2225 1218 γὰρ
2256 1141 2322 1215 ἦν
2354 1147 2386 1214 ή
2423 1142 2554 1213 ζωὴ,
2590 1140 2723 1195 ἀλλὰ
2755 1142 2887 1193 πᾶσι
2924 1140 3034 1200 τοῖς
3073 1139 3152 1200 είς
3188 1135 3348 1190 αὐτὸν
3382 1131 3697 1186 πιστεύσου-

2120 1253 2189 1289 σι·
2223 1235 2318 1289 καὶ
2358 1232 2556 1285 ἔδωκεν
2597 1228 2745 1299 αὐτῷ
2807 1229 2883 1291 ὡς
2926 1225 3133 1288 πάντας
3171 1221 3428 1277 δύνασθαι
3457 1220 3584 1283 τοῦς
3616 1220 3697 1281 είς

2118 1326 2276 1381 αὑτὸν
2317 1326 2714 1386 πιστεύσαντας
2752 1320 3096 1393 μεταϐαίνειν
3127 1320 3190 1371 ὲκ
3232 1316 3325 1370 τοῦ
3354 1313 3582 1368 Θανάτου
3617 1313 3697 1375 είς

2115 1419 2213 1491 τὴν
2249 1418 2393 1488 ζωὴν
2426 1418 2523 1488 τὴν
2553 1415 2787 1479 αἰώνιον,
2817 1414 2911 1467 καὶ
2939 1415 3017 1476 είς
3056 1411 3370 1483 μακρότητα
3399 1407 3506 1460 τῶν
3542 1405 3695 1475 παρὰ

2116 1512 2234 1582 Θεῷ
2257 1510 2319 1581 (I.
2349 1510 2438 1579 2‘2)
2465 1509 2703 1579 ἡμερῶν,
2738 1507 2802 1560 αἵ
2822 1508 2961 1559 εἰσιν
2981 1506 3060 1568 εἰς
3086 1502 3257 1556 αίῶνα
3286 1499 3380 1554 καὶ
3412 1501 3493 1562 εἰς
3523 1497 3697 1551 αἰῶνα

2116 1606 2329 1668 αἰῶνοςο
2356 1603 2448 1657 καὶ
2479 1603 2548 1655 τὰ
2575 1602 2736 1655 λοιπὰ
2761 1601 2817 1653 δὲ
2842 1600 2910 1652 τά
2940 1601 2995 1652 ἐν
3021 1596 3098 1668 τῷ
3119 1593 3316 1666 ψαλμῷ
3342 1593 3417 1656 ὡς
3443 1590 3573 1663 περὶ
3597 1589 3696 1659 τῆς

2113 1694 2208 1750 τοῦ
2247 1693 2514 1766 βασιλέως
2543 1692 2701 1763 δόξης
2750 1689 3053 1759 λεγόμενα,
3091 1687 3150 1739 ού
3202 1684 3374 1757 μικρὰ
3401 1683 3562 1745 ὅντα,
3600 1681 3697 1751 ἀρ-

2123 1789 2307 1859 μόττοι
2338 1786 2403 1841 ἂν
2428 1784 2503 1856 τῷ
2535 1783 2757 1856 Χριστῷ
2798 1771 2996 1854 μᾶλλον
3026 1780 3060 1849 ἢ
3094 1779 3169 1848 τῷ
3198 1776 3381 1840 Δαυῖδ,
3416 1777 3515 1845 τῆς
3542 1771 3697 1837 ἀξίας

2118 1880 2346 1950 τυχόντα
2373 1878 2689 1948 σαφηνείας.

2648 1992 3041 2046 ΚΕΦΑΛΑΙΟΝ
3073 1991 3175 2044 II”.

2712 2106 2961 2177 Ψαλμοῦ
3000 2105 3111 2161 ara'.

2191 2200 2384 2271 Σαφῶς
2430 2200 2845 2271 ἀνωμολόγηται
2891 2197 3045 2269 παρὰ
3083 2198 3216 2250 πᾶσι
3245 2196 3357 2257 τοῖς
3407 2192 3575 2262 ὑγιῶς
3620 2192 3701 2256 είς

2119 2292 2349 2366 Χριστὸν
2377 2290 2815 2355 πεπιστευκόσιν,
2846 2290 2922 2352 ὼς
2943 2291 2976 2359 ἡ
3003 2286 3250 2358 καταρχὴ
3290 2284 3384 2338 τοῦ
3425 2282 3560 2355 μετὰ
3589 2285 3702 2353 χεῖ-

2124 2403 2220 2458 ρας
2252 2383 2465 2455 ψαλμοῦ
2492 2382 2679 2436 τοῦτον
2696 2381 2894 2453 ἔχουσα
2917 2380 3008 2434 τὸν
3036 2380 3257 2451 τρόπον,
3288 2396 3306 2429 ι
3345 2378 3402 2429 '0
3426 2375 3557 2439 Θεός
3575 2390 3700 2445 μου,

2121 2479 2150 2530 ό
2178 2476 2309 2537 Θεός
2333 2494 2454 2547 μου,
2479 2475 2714 2548 πρόσχες
2743 2491 2853 2545 μοι,
2877 2473 2965 2526 ἵνα
2984 2472 3037 2525 τί
3061 2469 3414 2540 ἐγκατέλιπές
3438 2484 3534 2539 με;
3569 2487 3588 2519 ι
3608 2464 3702 2521 ὑπ’

2123 2570 2287 2626 αὐτοῦ
2308 2571 2449 2625 κατὰ
2477 2571 2568 2623 τὸν
2598 2568 2786 2641 καιρὸν
2807 2568 2899 2621 τοῦ
2925 2565 3130 2629 πάθους
3158 2563 3391 2635 εἴρηταν
3414 2561 3572 2615 τοῦτο
3593 2559 3707 2632 γὰρ

2124 2665 2310 2736 ἐδήλου
2338 2665 2431 2718 καὶ
2447 2666 2480 2736 ἡ
2499 2665 2590 2717 ἐπὶ
2615 2662 2707 2715 τοῦ
2726 2659 2958 2733 σταυροῦ
2981 2658 3130 2730 φωνὴ
3145 2661 3201 2729 ἡ,
3223 2676 3240 2707 ι
3264 2656 3469 2719 Ἐλωεὶ,
3497 2653 3703 2712 Ἐλωεῒ.

2123 2757 2271 2826 λαμὰ
2296 2756 2641 2826 σαϐαχθανεῇ
2681 2774 2697 2805 ›
2738 2753 2898 2806 Ἀλλὰ
2933 2752 3042 2824 γάρ
3072 2751 3201 2822 πρὶν
3229 2746 3523 2821 ἀρξώμεθα
3547 2748 3605 2799 ὲν
3625 2744 3704 2815 τῷ

2123 2848 2322 2921 ψαλμῷ
2345 2848 2678 2919 προφητείαν
2695 2847 2769 2910 ὡς
2796 2848 2881 2899 ἐπ’
2910 2844 3070 2898 αὐτὸν
3100 2841 3557 2914 μεταλαμϐάνειν,
3575 2855 3705 2891 πευ-

2128 2941 2331 3011 σόμεθα
2369 2941 2478 2993 τῶν
2510 2940 2609 3011 τὴν
2648 2937 2946 3009 περιτομὴν
2977 2936 3285 3005 αὐχούντων
3308 2975 3321 2999 ,
3357 2933 3440 2996 τίς
3473 2930 3538 2985 ἂν
3568 2931 3650 3009 εἴη
3674 2930 3706 2982 ὁ

2129 3031 2350 3102 φάσκων
2388 3032 2455 3084 τὰ
2490 3031 2548 3083 ἐν
2579 3030 2660 3100 τῷ
2683 3027 2902 3099 ψαλμῷ⁸
2932 3027 3029 3096 οὑχ
3066 3029 3094 3079 6
3124 3024 3300 3095 τυχὼν
3326 3024 3433 3095 γάρ
3456 3037 3541 3085 τις
3567 3016 3706 3073 εἶναι

2129 3127 2378 3196 φαίνεται
2402 3125 2473 3177 τά
2510 3142 2568 3176 τε
2599 3121 2732 3197 ἀλλὰ
2763 3121 2857 3173 καὶ
2887 3118 3058 3173 ταῦτα
3098 3117 3269 3184 λέγων
3289 3158 3303 3183 ,
3344 3134 3362 3166 ι
3397 3115 3518 3167 Ὅτι
3549 3111 3612 3165 σὺ
3656 3106 3708 3163 εἶ

2127 3223 2156 3273 ὁ
2188 3219 2468 3281 ὲκσπάσας
2509 3234 2572 3287 με
2598 3217 2662 3268 ἐκ
2688 3213 2940 3283 γαστρός·
2972 3213 3005 3282 ὴ
3037 3209 3188 3272 ὲλπίς
3220 3226 3318 3280 μου
3353 3206 3460 3261 ἀπὸ
3487 3201 3707 3275 μαστῶν

450 3305 697 3363 Narrabo
726 3320 924 3360 nomen
959 3314 1116 3360 tuum
1147 3304 1410 3360 fratribus
1439 3306 1597 3368 meis,
1632 3304 1686 3359 in
1717 3305 1896 3360 medio
1920 3303 2020 3361 Ec-

2128 3313 2220 3383 τῆς
2253 3309 2457 3382 μητρός
2500 3323 2620 3373 μου·
2658 3305 2749 3357 ἐπὶ
2780 3303 2839 3356 σὲ
2887 3302 3189 3373 ὲπερῤίφην
3241 3301 3304 3352 ὲκ
3351 3298 3559 3370 μήτρας
3585 3312 3599 3327 ⁸
3637 3295 3708 3346 ὲκ

449 3398 635 3452 elesiae
664 3397 897 3452 laudabo
918 3404 973 3452 te
992 3397 1059 3451 '°.
1099 3416 1119 3448 ι
1162 3394 1229 3449 Ει
1253 3411 1445 3451 rursus
1480 3413 1494 3450 :
1532 3414 1551 3447 ι
1579 3393 1689 3451 Nec
1710 3396 1907 3451 avertit
1935 3396 2018 3449 ia-

451 3490 588 3544 ciem
616 3482 771 3565 suam
789 3502 819 3542 a
848 3503 950 3551 me,
973 3494 1161 3543 etcum
1177 3488 1469 3543 clamarem
1488 3488 1556 3543 ad
1580 3503 1726 3554 eum,
1745 3487 2020 3544 exaudivit

454 3596 559 3636 me.
592 3581 746 3650 Apud
793 3588 847 3635 te
884 3581 1005 3636 laus
1042 3594 1192 3647 mea;
1232 3580 1532 3636 conﬁtebor
1567 3581 1665 3636 tibi
1694 3582 1749 3635 in
1775 3580 2022 3636 Ecclesia

456 3688 646 3743 magna
692 3690 705 3726 :
741 3681 867 3727 vota
903 3687 1024 3727 mea
1051 3671 1273 3730 reddam
1301 3673 1357 3727 in
1389 3680 1687 3743 conspectu
1715 3673 2019 3727 timentium

454 3780 575 3821 eum
594 3765 658 3821 ⁸⁸.
684 3784 701 3817 ι
720 3762 850 3820 Post
877 3764 1012 3829 hac,
1029 3775 1331 3835 caateraque
1351 3765 1514 3834 hujus
1539 3765 1751 3835 psalmi,
1771 3765 1956 3820 dicant
1975 3765 2023 3820 si

455 3858 702 3928 quemvis
724 3866 1036 3914 sanctorum
1054 3859 1296 3914 virorum
1320 3859 1556 3915 habeant
1572 3859 1659 3913 cui
1675 3859 1789 3914 haec
1809 3874 2025 3914 accom-

454 3948 696 4003 modent.
714 3945 847 4014 Quis
862 3947 1007 4002 enim
1024 3947 1149 4003 talis
1166 3948 1492 4019 eritqualem
1511 3947 1795 4018 Scriptura
1812 3949 2024 4004 descri-

455 4040 574 4096 bit:
607 4060 625 4092 ‹
666 4038 869 4096 Omnes
891 4040 1140 4097 videntes
1164 4056 1250 4096 me
1271 4083 1286 4107 ,
1319 4041 1629 4109 deriserunt
1656 4056 1744 4097 me
1767 4042 1844 4107 είς
1879 4060 1898 4093 ι
1941 4041 2028 4095 vel

454 4132 523 4187 de
550 4146 680 4202 quo,
718 4147 738 4183 ι
768 4130 956 4186 Loculi
1006 4140 1134 4186 sunt
1186 4132 1366 4197 labiis,
1396 4139 1450 4185 et
1502 4138 1789 4186 moverunt
1840 4137 2025 4201 caput,

456 4221 722 4284 dicentes,
753 4221 1001 4291 Speravit
1024 4222 1079 4275 in
1112 4220 1362 4284 Domino,
1392 4221 1590 4290 eripiat
1626 4236 1774 4286 eum,
1817 4221 2027 4277 salvum

460 4315 623 4369 faciat
672 4329 821 4377 eum,
880 4313 1137 4383 quoniam
1192 4314 1309 4367 vult
1349 4314 1617 4368 eum“?i
1676 4312 1847 4380 Quem
1901 4331 2032 4371 vero

465 4427 483 4457 ι
523 4405 676 4461 vituli
704 4406 879 4470 mulli,
925 4426 944 4459 ι
992 4414 1046 4462 et
1070 4406 1227 4477 cujus
1262 4416 1493 4474 naturae,
1529 4427 1548 4459 ι
1578 4422 1742 4465 canes
1784 4417 1838 4464 et
1886 4409 2030 4465 tauri

461 4498 693 4569 pingues
719 4498 1227 4567 circumdederunt;
1252 4508 1584 4570 aperuerunt
1616 4518 1781 4572 super
1815 4518 1939 4558 eum
1968 4519 2031 4560 os

462 4603 643 4652 suum,
659 4588 801 4643 sicut
830 4589 913 4644 leo
944 4590 1158 4660 rapiens
1178 4605 1232 4645 et
1256 4592 1478 4662 rugiens
1501 4592 1582 4646 63?
1609 4613 1627 4646 ν
1650 4596 1726 4647 Ae
1748 4607 2028 4664 praaerea,

2121 3404 2327 3467 κοιλίας
2355 3401 2561 3473 μητρός
2584 3416 2685 3471 μου
2709 3396 2841 3460 Θεός
2871 3411 2971 3467 μου
2989 3389 3040 3447 εῐ
3067 3393 3154 3447 σύ’
3180 3392 3274 3447 καὶ
3296 3391 3570 3461 ἐπιφέρων
3592 3387 3709 3458 διη-

2120 3500 2359 3568 γήσομαι
2386 3495 2445 3548 τὸ
2471 3492 2641 3563 όνομά
2659 3508 2751 3544 σου
2777 3492 2889 3553 τοῖς
2921 3486 3166 3556 ἀδελφοῖς
3194 3502 3315 3555 μου,
3344 3484 3399 3535 ὲν
3431 3482 3579 3553 μέσῳ
3594 3480 3711 3533 Ἐκ·

2122 3588 2349 3661 κλησίας
2379 3587 2602 3658 ὑμνήσω
2621 3600 2702 3637 σε·
2739 3603 2757 3635 ι
2791 3583 2885 3636 καὶ
2905 3580 3086 3634 πάλιν·
3127 3597 3145 3630 ι
3176 3578 3289 3631 Οὐκ
3323 3571 3627 3646 ἀπέστρεψε
3648 3570 3711 3625 τδ

2124 3680 2408 3754 πρόσωπον
2438 3676 2601 3732 αὑτοῦ
2633 3675 2725 3728 ἀπ’
2759 3670 2892 3744 ἐμοῦ
2915 3711 2931 3737 ,
2963 3672 3056 3724 καὶ
3082 3671 3138 3722 ὲν
3166 3667 3244 3738 τῷ
3276 3665 3607 3737 κεκραγέναι
3642 3678 3709 3732 με

2125 3773 2262 3845 πρὸς
2293 3770 2454 3826 αὐτὸν
2485 3763 2772 3838 εἰσήκουσὲ
2806 3778 2928 3835 μουο
2960 3760 3111 3831 παρὰ
3139 3759 3232 3813 σοῦ
3260 3760 3288 3811 ὁ
3316 3755 3535 3819 ἔπαινός
3579 3769 3702 3824 μου·

2126 3867 2183 3918 ἐν
2211 3862 2477 3933 ἐκκλησίᾳ
2514 3858 2725 3931 μεγάλῃ
2761 3850 3228 3926 ὲξομολογήσομαί
3264 3866 3379 3903 σοι’
3411 3847 3511 3911 τὰς
3546 3846 3709 3917 εὐχάς

2131 3976 2231 4029 μου
2258 3953 2522 4009 ἀποδώσω
2546 3951 2783 4029 ὲνώπιίοχ.
2805 3948 2914 4002 τῶν
2930 3943 3277 4017 φοϐουμένων
3302 3941 3483 3995 αὐτόν.
3526 3959 3545 3991 ι
3587 3938 3712 3991 Ἐπὶ

2126 4011 2337 4109 τούτοις
2358 4044 2415 4098 δὲ
2443 4044 2538 4097 καὶ
2568 4041 2638 4096 τὰ
2668 4011 3114 4139 ίνξόἂῢῇἑνητῶ
3140 4032 3338 4139 ψαλμῶ
3380 4030 3709 4139 λεγέτωσαν,

2130 4140 2179 4192 εί
2203 4103 2376 4209 ἕχοιέν
2405 4153 2510 4189 τινι
2538 4134 2645 4187 τῶν
2665 4103 3064 4209 (‘f‘i‘i‘ibpev
3084 4103 3437 4197 ἐφαρμόζειν·
3467 4122 3587 4175 τίνα
3604 4119 3713 4192 γὰρ

2128 4228 2374 4283 τοιοῦτον
2400 4209 2695 4295 γενόμενον
2717 4209 2827 4274 οἷον
2853 4215 3249 4290 προδιέγραψεν
3279 4216 3306 4268 ὁ
3330 4212 3507 4282 λόγος,
3541 4209 3721 4263 «Πάν--

2131 4340 2220 4387 τες
2246 4324 2292 4375 οἱ
2326 4318 2655 4390 θεωροῦντες
2683 4334 2749 4388 με
2776 4315 3243 4384 ὲξεμυκτήρισαν;
3273 4328 3290 4361 ι
3325 4308 3358 4379 ἢ
3387 4309 3514 4378 περὶ
3544 4304 3709 4367 τίνος·

2138 4435 2157 4468 ε
2178 4414 2475 4484 Ἐλάλησαν
2502 4413 2559 4464 ὲν
2584 4408 2836 4481 χείλεσιν,
2855 4406 3110 4475 ἐκίνησαν
3143 4402 3404 4474 κεφαλὴν,
3441 4399 3721 4467 λέγοντες,

2136 4507 2398 4561 Ἦλπισεν
2432 4502 2524 4556 ἐπὶ⁹
2550 4499 2775 4571 Κύριον,
2802 4496 3053 4568 ῥυσάσθω
3082 4496 3261 4555 αὐτὸν,
3291 4491 3517 4546 σωσάτω
3532 4489 3716 4551 αὐτόν,

2137 4603 2219 4656 ὅτι
2247 4599 2389 4653 θέλει
2413 4595 2610 4660 αύτὸν;
2647 4613 2666 4646 ι
2694 4593 2816 4647 τίνα
2844 4588 2898 4644 δέ
2928 4590 3115 4662 μόσχοι
3151 4587 3334 4641 πολλοὶ
3360 4583 3452 4638 καὶ
3484 4583 3716 4637 ποταποὶ

467 4695 628 4751 quem
664 4699 683 4729 ‹
719 4680 1011 4735 concilium
1050 4682 1459 4753 malignanlium
1490 4684 1725 4750 obsedit,
1749 4662 1833 4741 ita
1858 4696 1918 4741 ut
1957 4687 2022 4743 fo-

2138 4692 2236 4763 τὴν
2271 4689 2452 4758 φύσιν,
2489 4707 2505 4736 ι
2536 4687 2713 4747 Κύνες
2733 4701 2791 4735 τε
2825 4682 2919 4737 καὶ
2941 4681 3132 4752 ταῦροι
3152 4678 3332 4740 πίονες
3351 4673 3716 4748 περιεκύκλω-

462 4771 655 4825 darent
705 4786 899 4827 manus
956 4780 1011 4827 et
1066 4772 1232 4842 pedes
1289 4774 1449 4844 ejus,
1501 4784 1555 4831 et
1626 4777 2036 4834 dinumerarent

462 4863 644 4917 omnia
676 4878 802 4918 ossa
843 4865 999 4934 ejus;
1031 4866 1336 4921 diviserunt
1384 4868 1486 4923 sibi
1532 4871 1859 4927 vestimenta
1890 4873 2032 4941 ejus,

464 4964 517 5011 et
548 4972 716 5027 super
743 4964 948 5013 vestem
988 4959 1109 5028 ejus
1155 4960 1423 5015 miserunt
1475 4974 1676 5019 sortem
1704 4965 1796 5019 θἰἳ
1829 4985 1847 5018 ›
1882 4965 2035 5020 Talia

464 5050 610 5103 enim
656 5048 803 5103 fatur
850 5051 898 5106 is
942 5066 1101 5120 quem
1153 5053 1395 5123 psalmus
1426 5054 1657 5122 inducit,
1689 5066 1875 5129 totque
1921 5075 2039 5128 per-

465 5144 663 5212 pessis,
709 5143 896 5212 adjicit
925 5144 1088 5198 etiam
1120 5164 1132 5199 :
1166 5165 1182 5195 ι
1210 5145 1457 5203 Narrabo
1485 5166 1686 5205 nomen
1731 5160 1883 5206 tuum
1928 5153 2037 5207 fra-

466 5238 642 5291 tribus
697 5236 857 5296 meis.
912 5237 966 5290 in
1014 5238 1193 5293 medio
1253 5238 1513 5298 Ecclesiae
1563 5243 1796 5298 laudabo
1831 5253 1884 5299 te
1905 5246 1970 5298 ⁶⁵.
2011 5266 2029 5297 ι

464 5327 900 5399 lnterpretentur
948 5337 1128 5384 autem
1186 5330 1300 5391 haec
1347 5333 1437 5388 isti
1492 5335 1655 5389 simul
1710 5343 1763 5390 et
1823 5337 2034 5408 reliqua

466 5424 682 5491 psalmi,
714 5424 1015 5493 przcscrtim
1043 5424 1111 5478 ab
1138 5425 1239 5479 hoc
1262 5427 1382 5481 loco
1418 5448 1430 5481 :
1468 5447 1487 5479 ι
1514 5427 1956 5485 Reminiscentur
1980 5441 2036 5487 et

466 5523 850 5572 convertentur
883 5516 951 5571 ad
980 5515 1272 5572 Dominum
1312 5520 1556 5576 universi
1605 5520 1740 5577 ﬁnes
1775 5532 1958 5589 terrae,
1985 5532 2039 5579 et

468 5606 773 5661 adorabunt
806 5608 860 5660 in
887 5615 1186 5679 conSpectu
1210 5609 1330 5679 ejus
1360 5611 1631 5667 universae
1660 5611 1877 5668 familiae
1904 5630 2038 5686 gen-

467 5697 690 5759 lium“,
732 5718 748 5750 ι
808 5713 985 5767 usque
1030 5699 1099 5753 ad
1153 5700 1304 5756 illum
1339 5723 1352 5758 :
1393 5723 1412 5755 ε
1461 5705 1891 5762 Annuntiabitur
1934 5707 2041 5763 Do-

2142 4801 2257 4839 σαν·
2296 4782 2513 4854 ήνοιξάν
2544 4796 2604 4832 τε
2645 4778 2817 4848 στόμα
2860 4775 2945 4827 ἐπ’
2979 4774 3160 4832 αὐτὸν,
3190 4772 3264 4835 ὡς
3291 4770 3427 4823 λέων
3457 4767 3719 4841 ἁρπάζων

2140 4877 2233 4931 καὶ
2257 4874 2602 4945 ὼρυόμενος;
2630 4888 2647 4922 ι
2684 4871 2777 4922 καὶ
2798 4870 2891 4921 ἐπὶ
2920 4866 3151 4929 τούτοις
3182 4882 3199 4915 ι
3220 4862 3400 4931 Τίναή
3430 4858 3718 4929 συναγωγή

2139 4969 2246 5026 τῶν
2274 4965 2717 5037 πονηρευομένων
2751 4959 3060 5031 περιέσχεν·
3092 4956 3185 5010 καὶ
3218 4953 3504 5026 περιέσχεν
3523 4952 3716 5013 οὕτως,

2139 5064 2215 5127 ὡς
2251 5063 2345 5115 καὶ
2371 5058 2560 5131 ὀρύξαι
2605 5054 2771 5111 αὐτοῦ
2805 5055 2991 5125 χεῖρας
3035 5051 3127 5104 καὶ⁸
3157 5048 3343 5111 πόδας,
3396 5046 3491 5099 καὶ
3546 5044 3715 5098 πάντα

2144 5154 2308 5210 αὐτοῦ
2379 5149 2739 5224 ἐξαριθμῆσαι
2805 5145 2873 5197 τὰ
2948 5144 3120 5207 ὀστᾶ,
3183 5137 3607 5211 διαμερίσασθαί
3660 5150 3710 5187 τε

2145 5251 2355 5311 ἑαυτοῖς
2382 5246 2545 5300 αὑτοῦ
2588 5243 2655 5297 τὰ
2686 5241 2895 5312 ἱμάτια,
2933 5236 3221 5308 βάλλοντας
3251 5232 3454 5304 κλῆρον
3502 5231 3595 5284 ἐπὶ
3631 5226 3710 5280 τὸν

2145 5339 2433 5413 ἱματισμὸν
2476 5334 2668 5401 αύτοῦς
2692 5354 2709 5386 ι
2753 5329 2989 5385 Τοιαῦτα
3026 5326 3132 5400 γάρ
3164 5324 3286 5378 τινά
3314 5341 3445 5395 φησι
3475 5323 3536 5413 τὸ
3558 5321 3621 5413 ἐν
3642 5316 3707 5387 τᾷ

2143 5412 2341 5502 ψαλμῷ
2366 5428 2652 5499 πρόσωπον
2672 5464 2686 5488 ,
2715 5423 2744 5475 ὃ
2772 5422 2865 5476 καὶ
2890 5418 3025 5492 μετὰ
3052 5419 3111 5471 τὸ
3138 5416 3373 5471 τοσαῦτα
3399 5412 3586 5468 παθεῖν
3610 5412 3704 5462 ὲπι

2147 5525 2300 5597 φέρει
2326 5521 2496 5589 λέγων
2517 5558 2531 5581 ,
2561 5537 2580 5567 ‹
2610 5516 2946 5586 Διηγήσομαι
2966 5513 3027 5565 τὸ
3047 5510 3218 5580 ὄνομά
3239 5526 3331 5562 σου
3351 5511 3463 5574 τοῖς
3480 5502 3718 5597 ἀδελφοῖς

2150 5594 2249 5690 μου
2267 5655 2282 5679 ,
2317 5616 2375 5667 ὲν
2404 5611 2552 5681 μέσῳ
2591 5605 2914 5677 Ἐκκλησίας
2946 5606 3173 5674 ὑμνήσω
3199 5618 3257 5654 σε
3276 5617 3289 5629 ·
3319 5619 3336 5650 ι
3370 5598 3644 5651 λυέτωσαν

2148 5688 2301 5762 ταῦθ’
2333 5706 2447 5775 ἃμα
2467 5703 2559 5756 καὶ
2588 5701 2657 5753 τὰ
2685 5698 2846 5751 λοιπά
2864 5695 2957 5749 τοῦ
2978 5693 3193 5766 ψαλμοῦ
3218 5692 3601 5764 διηγούμενοι,

540 5812 583 5843 ⁸⁵³
611 5811 1024 5894 ,Ῑῗείὶξ-Χκτηξοη
1048 5816 1099 5894 _'“_’
1138 5817 1408 5894 Joanﬂxr,
1431 5823 1520 5879 25.
1598 5825 1643 5857 "
1679 5824 1834 5882 Joan.
1870 5844 1921 5894 ν,
1958 5827 2022 5881 ΞΔ

2128 5828 2168 5858 ⁵⁷
2205 5826 2351 5881 Psal.
2388 5839 2478 5876 1m
2502 5861 2515 5879 ,
2544 5818 2625 5894 91
2678 5810 3279 5894 5f_Mat‘t‘li.__sx_vn.,_4(-i.n
3334 5807 3578 5894 ἠρεμῇ..
3601 5819 3749 5894 xz:

474 5883 629 5963 ιρι-ι
646 5885 669 5963 ι
692 5920 706 5944 ,
889 5873 950 5913 ἐυ
990 5886 1119 5943 ibid.
1154 5873 1408 5953 23,96."
1434 5873 1519 5926 ἐἶ’
1542 5873 2022 5956 ῑι›ῖ‹ιῖἑῖ”ἠ”ίιῆἆ

2128 5939 2140 5963 ,
2177 5873 2352 5953 91"}?
2392 5873 2521 5950 ili—id.
2563 5889 2657 5952 ιδ,
2698 5888 2781 5942 ιι.
2862 5886 2904 5917 ει
2943 5883 3077 5940 ibid.
3122 5879 3302 5936 €7.19.
3381 5880 3425 5912 ει
3466 5876 3602 5934 ibid.
3637 5873 3721 5927 s5-

477 5951 521 6004 ’τί
563 5951 691 6005 iltid'.
729 5951 818 6004 ‘28.
