4106 6466
435 447 572 504 1109

1453 444 1750 503 ECLOGIE
1790 446 2273 506 PROPHETICE.
2314 476 2382 488 —-
2418 443 2548 502 LIB.
2589 443 2656 502 II.

3549 441 3684 496 1110

431 563 588 618 λιστα
617 565 724 618 ἀπὸ
750 561 843 618 τοῦ
861 604 874 627 ,
910 584 928 614 ι
950 563 1365 634 Μνησθήσονται
1390 565 1482 618 καὶ
1507 565 1990 638 ὲπιστραφήσονται

2106 566 2256 621 mino
2320 565 2600 639 generatio
2679 569 2953 620 ventura:
2989 570 3044 619 et
3090 559 3498 617 anuuntiabunt
3551 555 3679 611 coeli

431 657 566 730 πρὸς
589 657 790 728 Κύριον
814 657 988 710 πάντα
1014 657 1081 710 τὰ
1115 657 1327 729 πέρατα
1360 656 1457 728 τῆς
1485 659 1612 728 γῆς·
1644 659 1738 712 καὶ
1772 677 2008 731 προσκυ-

429 751 678 823 νήσουσιν
698 752 924 806 ἐνώπιον
951 753 1112 806 αὐτοῦ
1136 753 1304 806 πᾶσαι
1327 755 1383 807 αἱ
1411 753 1635 825 πατριαὶ
1655 752 1762 808 τῶν
1782 755 1968 820 ἐθνῶν,
1983 777 2000 809 ι

431 844 595 917 μέχρι
618 845 732 910 τοῦ,
774 865 792 897 ι
816 844 1268 916 ’Λναγγελήσεται
1290 844 1368 916 τῷ
1397 847 1586 919 Κυρίῳ
1607 847 1768 918 γενεὰ
1796 851 1829 919 ἡ
1855 850 2009 920 ἐρχο-

431 935 564 1010 μένη
582 979 598 1004 ,
621 939 714 992 καὶ
733 937 1090 1008 ἁναγγελοῦσι
1117 939 1214 1010 τὴν
1236 937 1579 1011 δικαιοσύνην
1603 941 1768 995 αὑτοῦ
1791 941 1905 1012 λαῷ
1929 943 2007 1015 τῷ

427 1027 834 1100 τεχθησομένῳ,
863 1027 921 1081 ὃν
954 1029 1205 1100 ἐποίησεν
1237 1031 1264 1082 ό
1295 1030 1518 1104 Κύριος.
1542 1052 1559 1083 ι
1583 1033 2006 1105 Παριστάτωσαν

426 1118 535 1190 γὰρ
569 1118 664 1191 τὴν
698 1120 818 1173 τότε
853 1120 949 1191 μὲν
985 1120 1061 1192 μὴ
1096 1121 1444 1193 ὑπάρχουσάν
1479 1143 1564 1177 πω
1597 1124 1788 1194 γενεὰν
1811 1148 1842 1189 ,ο
1856 1125 2005 1196 ἥξειν

424 1207 482 1263 δὲ
505 1211 586 1273 εἰς
613 1209 873 1281 μέλλοντα
901 1212 1091 1282 χρόνον
1119 1214 1628 1287 προφητευομένην·
1655 1216 1749 1270 καθ¹
1771 1216 1861 1269 τὸν
1884 1217 2008 1288 πρό-

423 1319 577 1374 τερον
614 1302 712 1372 μὲν
745 1303 969 1376 μηδέπω
1001 1303 1129 1358 ὅντα
1159 1304 1306 1369 λαὸν,
1337 1306 1694 1378 τεχθήσεσθαι
1726 1307 1782 1361 δὲ
1811 1309 1867 1362 ἐν
1891 1312 2006 1374 τοῖς

427 1394 718 1466 μετέπειτα
751 1397 962 1466 χρόνοις
987 1396 1366 1470 προορώμενον
1384 1415 1399 1430 ·
1437 1397 1744 1468 λεγέτωσάν
1769 1418 1827 1453 τε
1855 1401 1908 1454 τί
1938 1401 2004 1455 ἂν

423 1485 625 1540 εἴποιεν
641 1487 880 1558 περὶτῆς
897 1487 988 1541 διὰ
1034 1487 1190 1559 ιησοῦ
1209 1487 1442 1574 Χριστοῦ
1465 1487 1559 1541 τοῦ
1577 1490 1825 1561 Σωτῆρος
1847 1490 2004 1562 ἡμῶν

423 1578 696 1650 συστάσης
721 1581 784 1632 ὲκ
809 1580 1026 1634 πάντων
1046 1578 1152 1632 τῶν
1173 1579 1344 1632 ἐθνῶν
1378 1580 1730 1652 Ἑκκλησίας·
1761 1577 1868 1654 ἆρα
1895 1583 2004 1654 γάρ

420 1671 514 1725 ἐπὶ
545 1675 656 1737 τοῖς
693 1674 968 1736 τοσούτοις
1003 1671 1233 1744 πλήθεσι
1263 1673 1370 1726 τῶν
1403 1673 1490 1728 διά
1521 1673 1611 1727 τοῦ
1645 1675 1882 1744 Χριστοῦ
1912 1675 2002 1730 τὸν

418 1765 525 1820 τῶν
547 1765 684 1820 ὅλων
713 1765 843 1818 Θεὸν
871 1764 1262 1830 ὲπεγνωκότων
1289 1763 1352 1834 (1⁸.
1382 1765 1453 1819 2‘2
1477 1783 1505 1818 v
1521 1765 1564 1837 °)
1593 1766 1694 1820 οὐκ
1721 1766 1786 1820 ἂν
1810 1767 2002 1838 ὁμολο-

418 1857 644 1927 γήσαιεν
675 1855 1064 1927 πεπληρῶσθαι
1099 1855 1192 1922 τὸ,
1249 1875 1265 1907 ι
1289 1855 1706 1929 Μνησθήσονται
1748 1859 1840 1912 καὶ
1879 1861 2002 1913 ἐπι-

2105 658 2377 730 justitiam
2407 658 2528 728 ejus
2559 657 2758 730 populo
2789 656 2884 728 qui
2913 662 3194 720 nascetur,
3227 666 3389 723 quem
3415 649 3543 706 fecit
3575 647 3684 702 Do-

2108 751 2290 806 minus
2311 751 2377 804 ".
2411 769 2429 802 ι
2484 748 2790 805 Ostendant
2845 748 2990 803 enim
3061 747 3506 826 generationem,
3561 757 3684 813 qua:

2109 844 2353 898 nondum
2403 843 2713 908 exstiterat,
2769 841 2929 913 quasi
2993 847 3280 896 venturam
3331 840 3389 892 in
3440 835 3682 890 futurum

2109 937 2495 1008 prophetizari,
2512 945 2857 1006 veteremque
2879 935 2972 1006 qui
2997 934 3236 990 nondum
3259 937 3378 988 erat
3397 929 3680 1001 populum,

2108 1031 2453 1085 nasciturum
2480 1029 2535 1083 in
2565 1029 2968 1098 posterioribus
2989 1029 3120 1083 aevis
3155 1023 3464 1097 praevideri.
3489 1021 3684 1075 Dicant

2107 1121 2238 1192 quid
2257 1120 2452 1176 afferre
2477 1121 2691 1191 possint
2715 1121 2783 1175 de
2811 1119 3056 1176 Ecclesia
3075 1134 3174 1189 per
3193 1117 3380 1174 Jesum
3402 1114 3682 1172 Christum

2110 1212 2449 1268 Salvatorem
2501 1218 2752 1266 nostrum
2793 1212 3050 1266 omnibus
3113 1210 3370 1281 gentibus
3425 1204 3678 1262 conﬂata.

2107 1301 2360 1358 Profecto
2394 1303 2538 1358 enim
2565 1303 2620 1356 in
2651 1309 2802 1356 tanta
2841 1317 3030 1356 eorum
3054 1301 3409 1356 multitudine
3436 1299 3552 1368 qui,
3585 1310 3681 1366 per

2105 1392 2405 1457 Christum,
2445 1399 2724 1447 auctorem
2777 1393 3020 1446 omnium
3071 1390 3241 1448 Deum
3285 1396 3676 1462 cognoverunt,

2107 1500 2217 1539 non
2268 1492 2493 1556 possent
2530 1501 2638 1540 non
2689 1485 2938 1540 conﬁteri
2981 1485 3116 1539 illud
3166 1483 3445 1554 impletum
3490 1481 3680 1548 fuisse,

2107 1576 2335 1641 scilicet,
2377 1593 2395 1626 ι
2421 1573 2868 1630 Reminiscenlur
2897 1583 2952 1627 et
2985 1578 3379 1627 convertentur
3407 1569 3472 1624 ad
3499 1567 3684 1622 Domi-

2105 1683 2236 1722 num
2277 1683 2467 1723 omnes
2501 1666 2638 1722 ﬁnes
2662 1675 2858 1732 terrae;
2901 1683 2919 1717 ι
2981 1671 3098 1720 nee'
3133 1679 3267 1728 non,
3307 1681 3326 1715 ι
3359 1661 3681 1716 Adorabunt

2104 1760 2160 1814 in
2191 1767 2490 1830 conspectu
2519 1758 2639 1828 ejus
2671 1758 2940 1814 universae
2981 1756 3204 1811 familiae
3231 1755 3496 1828 gentium.
3533 1771 3552 1804 ι
3586 1751 3682 1807 Ve-

2109 1852 2509 1906 rumenimvero
2565 1850 2698 1906 hora
2763 1857 2845 1905 est
2891 1849 2981 1913 iis,
3009 1850 3100 1920 qui
3135 1859 3284 1904 recte
3339 1861 3532 1918 sapere
3587 1860 3682 1900 vo-

419 1947 817 2018 στραφήσονται
838 1946 975 2018 πρὸς
993 1947 1194 2018 Κύριον
1211 1947 1386 2026 πάντα
1404 1946 1470 2002 τὰ
1493 1948 1702 2020 πέρατα
1722 1949 1818 2020 τῆς
1840 1953 1990 2021 γῆς·ι

2105 1945 2243 2010 lunt,
2289 1943 2629 2014 prophetiam
2697 1941 2854 1998 fateri
2905 1943 2973 1995 ab
3025 1941 3132 1995 alio
3180 1940 3334 1994 nullo
3378 1938 3678 2009 inpletam,

418 2035 512 2090 καὶ
561 2036 653 2100 τὸ,
695 2035 1212 2108 «Προσκυνήσουσιν
1258 2035 1488 2092 ἐνώπιον
1530 2038 1695 2092 αὑτοῦ
1738 2040 1911 2094 πᾶσαι
1943 2044 1998 2094 αἱ

418 2129 644 2200 πατριαὶ
674 2129 782 2182 τῶν
816 2129 1002 2184 ἐθνῶν.
1027 2148 1045 2181 ι
1095 2129 1253 2185 Ἀλλὰ
1293 2131 1400 2204 γὰρ
1427 2132 1544 2204 ὥρα
1581 2137 1692 2197 τοῖς
1723 2135 2000 2206 εὐγνωμο-

417 2223 528 2273 νεῖν
558 2220 830 2276 εθέλουσιν
849 2263 864 2285 ,
907 2222 1006 2276 οὐκ
1039 2223 1125 2276 ἐπ’
1159 2223 1318 2278 ἄλλου
1349 2225 1492 2290 τινὸς
1522 2225 1553 2298 ἦ
1588 2226 1682 2278 ἐπὶ
1715 2227 1876 2297 μόνου
1905 2227 1998 2280 τοῦ

413 2313 619 2384 Κυρίου
649 2315 743 2368 καὶ
771 2315 1020 2385 Σωτῆρος
1050 2315 1205 2387 ἡμῶν
1243 2317 1416 2387 Ἰησοῦ
1449 2319 1685 2390 Χριστοῦ
1717 2321 1999 2391 ὁμολογεῖν

413 2403 804 2476 πεπληρῶσθαι
857 2406 956 2478 τὴν
990 2407 1354 2478 προφητείαν,
1402 2403 1464 2464 οῦ
1495 2410 1633 2465 κατὰ
1662 2411 1761 2482 τὴν
1796 2427 2000 2482 παρου-

413 2497 534 2550 σίαν
565 2495 728 2550 αὑτοῦ
757 2497 900 2570 καὶὴ
930 2497 1038 2554 τῶν
1063 2499 1232 2554 ἐθνῶν
1262 2501 1562 2573 ἐπιστροφὴ
1589 2502 1870 2572 γίγνεσθαι
1900 2504 1998 2575 ἦρ-

411 2586 538 2655 ξατο
554 2630 566 2649 .
591 2591 1037 2664 παραγενομένης
1055 2592 1154 2662 τῆς
1174 2591 1644 2664 προφητευθείσης
1665 2595 1877 2663 γενεᾶς,
1901 2595 1995 2648 καὶ

408 2681 502 2738 τοῦ
535 2681 664 2736 λαοῦ
703 2682 796 2738 τοῦ
841 2684 1197 2756 τεχθήσεσθαι
1232 2686 1290 2738 οὐ
1331 2686 1490 2756 μόνον
1525 2685 1758 2740 ἐνταῦθα
1791 2687 1992 2758 προδη-

410 2773 670 2843 λουμὲνου
689 2815 703 2840 ,
731 2773 865 2828 ἀλλὰ
898 2775 990 2828 καὶ
1015 2776 1072 2828 ἐν
1103 2776 1378 2846 ὲκατόστῳ
1411 2775 1610 2848 πρώτῳ
1643 2775 1845 2848 ψαλμῷ
1863 2818 1878 2842 ,
1907 2778 1996 2831 διὰ

408 2863 536 2926 τοῦ,
575 2883 594 2916 ι
623 2865 890 2936 Γραφήτω
922 2865 1060 2937 αῦτη
1091 2867 1169 2930 εἰς
1200 2866 1392 2936 γενεάν
1430 2867 1646 2939 ἑτέραν·
1690 2869 1784 2922 καὶ
1813 2868 1940 2933 λαὸς
1967 2869 1996 2920 ὁ

411 2955 722 3026 κτιζόμενος
739 2957 940 3010 αἰνέσει
967 2957 1060 3010 τὸν
1089 2959 1310 3028 Κύριον.
1327 2978 1344 3008 ι
1379 2951 1546 3022 Οὗτος
1570 2959 1626 3012 δέ
1654 2961 1770 3014 ἐστι
1787 2961 1914 3032 περὶ
1932 2953 1994 3013 οὗ

408 3047 501 3106 καὶ
524 3049 582 3103 ἐν
615 3047 666 3114 ιζ
673 3047 684 3065 ’
708 3048 894 3121 εἴρητο
911 3089 927 3113 ,
959 3068 978 3100 ι
1003 3050 1144 3114 Aab;
1167 3049 1227 3102 ὃν
1251 3051 1351 3103 οὐκ
1367 3049 1536 3119 ἔγνων
1561 3051 1840 3104 ὲδούλευσέ
1867 3068 1991 3124 μοι·

408 3141 489 3204 εἰς
516 3139 687 3212 ἀκοὴν
713 3141 874 3194 ὠτίου
904 3141 1182 3212 ὑπήκουσέ
1213 3159 1333 3213 μου.
1362 3161 1380 3194 ι
1413 3142 1609 3197 Τοῦτον
1635 3137 1726 3197 οῦν
1755 3142 1845 3196 τὸν
1880 3144 1992 3197 Σω-

403 3233 548 3306 τῆρα
576 3238 670 3289 καὶ
695 3235 896 3308 Κύριον
919 3235 1096 3308 ἡμῶν,
1118 3237 1294 3308 σάρκα
1322 3237 1656 3292 ἀναλαϐόντα
1687 3239 1782 3292 καὶ
1801 3237 1868 3292 δι’
1893 3239 1989 3292 αύ-

405 3325 504 3398 τὴν
553 3347 571 3378 ι
601 3325 857 3399 σκώληκα
879 3346 897 3379 ι
955 3327 1402 3400 χρηματίσαντα,
1445 3349 1462 3381 ι
1493 3331 1732 3394 Ὄνειδός
1796 3347 1856 3383 τε
1889 3333 1986 3386 άνο

403 3417 637 3490 θρώπων
679 3419 965 3490 γενόμενον
1007 3419 1101 3472 καὶ
1139 3419 1476 3492 ἐξουδένωμα
1503 3420 1635 3475 λαοῦ
1656 3461 1671 3487 ,
1707 3421 1907 3486 πάντες
1937 3421 1988 3475 οἱ

403 3509 732 3581 θεωροῦντες
769 3528 836 3582 με
877 3509 1343 3584 ἐξεμυκτήρισαν,
1367 3535 1386 3566 ι
1445 3513 1678 3585 μάλιστα
1729 3515 1867 3568 κατὰ
1896 3513 1987 3569 τὸν

403 3601 592 3674 καιρὸν
623 3599 716 3655 τοῦ
750 3601 988 3668 πάθους,
1021 3604 1109 3657 ὅτε
1155 3603 1263 3658 τῶν
1303 3605 1362 3658 ὲν
1400 3608 1465 3676 τῇ
1498 3603 1803 3678 προφητείᾳ
1837 3605 1988 3672 τέλος

405 3693 661 3763 ἰσχόντων
684 3695 732 3747 οἱ
765 3694 1268 3767 παραπορευόμενοι
1291 3695 1533 3767 ἐϐλασφή
1543 3713 1676 3768 μουν
1705 3697 1866 3750 αὐτὸν
1893 3699 1988 3750 καὶ

402 3787 766 3859 ὲμυκτήριζον
785 3787 1030 3856 λέγοντες
1054 3827 1069 3851 ,
1097 3807 1115 3840 ι
1131 3787 1356 3851 Ἄλλους
1379 3787 1570 3854 ἔσωσε,
1609 3788 1840 3842 σωσάτω
1858 3790 1985 3842 ἑαυ-

399 3879 491 3932 τόν
507 3897 519 3909 ·
547 3898 566 3930 ι
595 3880 716 3933 τότε
738 3879 794 3933 δὲ
819 3881 914 3934 καὶ
939 3900 957 3932 ι
982 3881 1280 3953 Ἐλάλησαν
1303 3883 1360 3935 ἐν
1385 3881 1587 3953 χείλεσι
1607 3884 1707 3937 καὶ
1727 3883 1986 3955 ἐκίνησαν

403 3969 642 4042 κεφαλὴν
665 3991 684 4021 ι
717 3973 925 4030 ἑαυτῶν
951 3974 1072 4028 κατ’
1100 3973 1263 4027 αὑτοῦ
1281 3991 1294 4004 ·
1327 3975 1510 4037 αὐτοῖς
1544 3976 1781 4048 ῥήμασιν
1807 3978 1986 4032 εἰπόν-

399 4079 490 4126 τες
509 4061 590 4125 τὸ,
629 4080 647 4113 ι
674 4063 939 4116 Ἥλπισεν
955 4065 1048 4118 ἐπὶ
1069 4064 1294 4137 Κύριον,
1323 4065 1578 4136 ῥυσάσθω
1601 4068 1783 4133 αὐτὸν,
1812 4070 1987 4124 σωσά-

399 4170 476 4208 τω
503 4154 684 4222 αύτὸν,
715 4156 794 4208 ὅτι
813 4153 956 4209 θέλει
985 4156 1148 4209 αὐτόν
1165 4173 1177 4187 ·
1202 4175 1221 4207 ι
1253 4155 1394 4210 αὐτά
1421 4157 1530 4230 γάρ
1556 4157 1620 4230 δὴ
1648 4159 1822 4214 ταῦτα
1843 4160 1988 4214 κατὰ

399 4246 460 4300 τὸ
485 4245 656 4310 πάθος
681 4245 928 4318 εἰρῆσθαι
957 4248 1044 4300 ἐπ’
1063 4247 1212 4318 αὐτῷ
1245 4249 1302 4302 ὲν
1328 4251 1441 4314 τοῖς
1475 4250 1828 4320 Εὑαγγελίοις
1854 4253 1986 4307 ἀνα-

398 4336 724 4410 γέγραπται.
787 4338 972 4408 Τούῖῳ
1005 4335 1098 4392 οὖν
1136 4339 1231 4393 καὶ
1279 4339 1424 4410 μόνῳ
1467 4340 1602 4411 πρὸς
1643 4342 1737 4396 τὸν
1766 4343 1984 4414 Πατέρα

399 4427 578 4498 λέγειν
599 4431 829 4503 ἁρμόζει
856 4449 874 4482 ι
889 4431 1010 4484 Ὅτι
1036 4431 1100 4484 σὺ
1124 4427 1172 4482 εἷ
1187 4433 1215 4484 ὁ
1237 4431 1520 4497 ὲκσπάσας
1549 4451 1615 4504 με
1632 4435 1696 4488 ὲκ
1715 4437 1948 4506 γαστρός
1965 4455 1978 4468 ·

399 4520 432 4591 ἡ
456 4520 608 4586 ἐλπίς
631 4540 731 4592 μου
750 4524 858 4578 ἀπὸ
882 4525 1100 4595 μαστῶν
1120 4523 1220 4594 τῆς
1248 4525 1452 4598 μητρός
1471 4543 1570 4597 μου
1593 4544 1604 4557 ·
1627 4528 1721 4580 ἐπὶ
1743 4527 1801 4581 σὲ
1824 4531 1990 4600 ἐπερ-

401 4613 564 4684 ρίφην
605 4613 670 4668 ἐκ
717 4617 959 4686 μήτρας·
999 4617 1062 4670 ὲκ
1092 4616 1299 4680 κοιλίας
1335 4619 1539 4690 μητρός
1575 4636 1675 4689 μου
1709 4619 1841 4684 Θεός
1874 4639 1978 4694 μου

2081 2037 2210 2092 ~uisi
2241 2051 2272 2090 a
2303 2037 2420 2092 solo
2455 2035 2685 2090 Domino
2717 2041 2770 2090 et
2799 2032 3084 2088 Salvatore
3129 2041 3322 2088 nostro
3351 2029 3482 2086 Jesu
3517 2028 3681 2085 Chri--

2103 2137 2214 2194 sto,
2242 2129 2401 2200 cujus
2427 2143 2525 2198 per
2551 2127 2984 2182 incarnationem
3019 2125 3226 2195 incepit
3271 2123 3514 2195 gentium
3545 2137 3679 2177 con-

2104 2222 2302 2286 versio,
2373 2220 2794 2292 superveniente
2855 2219 3220 2291 praenuntiata
3287 2216 3676 2288 generatione,

2100 2330 2204 2370 nec
2255 2330 2364 2369 non
2432 2315 2632 2386 p0pulo
2686 2313 2779 2384 qui
2832 2313 3148 2368 nasciturus
3195 2324 3304 2364 non
3346 2310 3523 2364 solum
3588 2308 3677 2363 hic

2100 2407 2398 2480 praedictus
2425 2415 2532 2471 est,
2567 2407 2662 2462 sed
2697 2413 2752 2460 et
2797 2405 2854 2460 in
2883 2403 3186 2460 centesimo
3225 2403 3403 2474 primo
3441 2401 3674 2472 psalmo,

2099 2501 2188 2557 his
2206 2500 2389 2556 verbis
2421 2517 2435 2555 :
2473 2518 2492 2552 ι
2533 2497 2860 2555 Scribantur
2879 2497 2995 2552 haec
3021 2496 3076 2550 in
3105 2495 3457 2567 generatione
3478 2495 3671 2559 altera,

2097 2601 2151 2648 et
2183 2592 2437 2664 populus,
2470 2592 2564 2662 qui
2599 2591 2899 2653 creabitur,
2947 2587 3194 2642 laudabit
3230 2586 3518 2643 Dominum
3540 2587 3605 2642 ⁸⁸.
3647 2605 3668 2640 ι

2096 2683 2198 2740 llic
2259 2691 2346 2741 est
2399 2684 2466 2739 de
2529 2699 2639 2754 quo
2685 2690 2740 2739 et
2783 2685 2840 2739 in
2879 2685 3092 2742 decimo
3140 2683 3373 2753 septimo
3422 2680 3670 2736 dicitur:

2102 2795 2122 2829 ι
2161 2775 2428 2848 Populus,
2461 2791 2624 2847 Quem
2677 2793 2788 2830 non
2820 2779 3094 2849 cognovi,
3144 2775 3370 2834 servivit
3400 2773 3533 2828 mihi
3569 2792 3582 2828 :
3615 2773 3672 2827 in

2097 2868 2288 2924 auditu
2331 2868 2483 2924 auris
2535 2868 2776 2924 obedivit
2826 2871 2958 2924 mihi
2981 2871 3045 2926 ⁸³.
3079 2888 3099 2922 ι
3148 2868 3304 2924 Hunc
3356 2868 3521 2938 igitur
3555 2865 3676 2921 Sal-

2097 2972 2334 3017 vatorem
2353 2966 2408 3016 et
2436 2960 2722 3015 Dominum
2753 2972 3210 3026 nostrum,carne
3225 2967 3502 3030 suscepta,
3529 2957 3674 3012 ideo-

2095 3071 2203 3126 que
2233 3071 2458 3110 vermem
2494 3054 3164 3124 vocatum,mpprobrium
3188 3054 3472 3109 hominum
3501 3061 3558 3109 et
3585 3051 3675 3106 ab-

2091 3149 2384 3220 jectionem
2416 3147 2592 3218 plebis
2625 3166 2638 3201 :
2670 3162 2864 3202 omnes
2914 3147 3165 3202 videntes
3205 3162 3312 3210 me,
3363 3145 3674 3202 deriserunt

2097 3259 2182 3298 me
2202 3242 2272 3305 7°,
2308 3261 2327 3294 ι
2363 3239 2670 3311 praesertim
2715 3239 2769 3294 in
2802 3239 3079 3309 passionis
3121 3249 3383 3308 tempore,
3407 3252 3534 3292 cum
3557 3236 3670 3298 isti,

2093 3334 2185 3404 qui
2215 3333 2353 3388 hanc
2377 3333 2736 3403 impleverunt
2758 3334 3122 3404 prophetiam,
3149 3339 3497 3387 transeuntes
3521 3329 3670 3386 blas-

2098 3423 2428 3496 phemabant
2479 3437 2604 3478 eum
2647 3433 2701 3478 et
2755 3421 3076 3476 deridebant
3117 3421 3364 3476 dicentes
3392 3439 3414 3476 ι
3458 3438 3475 3468 ι
3522 3418 3673 3474 Alios

2091 3517 2272 3572 salvos
2307 3515 2452 3582 fecit,
2499 3532 2557 3572 se
2601 3515 2814 3570 salvum
2847 3513 3095 3578 faciat“,
3131 3532 3152 3565 ι
3199 3522 3330 3567 tunc
3362 3521 3418 3568 et
3449 3531 3476 3568 ι
3501 3511 3670 3566 locuti

2091 3621 2220 3665 sunt
2244 3608 2406 3663 labiis
2441 3619 2494 3663 et
2543 3612 2835 3662 moverunt
2869 3612 3036 3674 caput
3057 3605 3102 3636 ⁷³
3137 3623 3156 3656 ι
3193 3618 3356 3660 suum
3405 3603 3670 3658 adversus

2088 3717 2252 3776 eum;
2288 3700 2468 3757 verbis
2528 3698 2723 3756 iisdem
2763 3698 3050 3754 dicentes:
3079 3715 3098 3748 ι
3135 3695 3386 3767 Speravit
3443 3695 3497 3748 in
3561 3694 3669 3748 Do-

2091 3793 2261 3857 mino,
2298 3793 2640 3864 eripiateum
2673 3810 2685 3846 :
2717 3792 2929 3846 salvum
2983 3789 3152 3844 faciat
3199 3803 3326 3845 eum
3352 3827 3366 3852 ,
3405 3786 3664 3857 quoniam

2087 3885 2203 3938 vult
2233 3883 2442 3939 eum".
2483 3901 2500 3933 ι
2539 3879 2676 3936 Huic
2723 3879 2892 3951 igitur
2959 3879 3059 3936 soli
3107 3877 3174 3934 ad
3227 3877 3442 3933 Patrem
3483 3878 3666 3933 dicere

2089 3976 2367 4040 convenit,
2402 3994 2420 4026 ι
2457 3973 2726 4042 Quoniam
2757 3983 2814 4028 tu
2841 3989 2938 4038 es,
2966 3973 3060 4042 qui
3099 3969 3389 4028 extraxisti
3456 3985 3543 4025 me
3597 3967 3668 4026 de

2087 4076 2274 4123 ventre
2304 4087 2316 4122 :
2353 4082 2478 4136 spes
2507 4082 2626 4122 mea
2670 4050 2746 4122 ab
2787 4065 3054 4121 uberibus
3095 4063 3290 4120 matris
3327 4077 3480 4118 mem.
3518 4060 3579 4116 In
3610 4069 3666 4116 te

2088 4160 2364 4230 projectus
2387 4173 2506 4215 sum
2529 4173 2597 4214 ex
2619 4165 2776 4213 utero
2799 4177 2814 4212 -.
2839 4155 2905 4212 de
2927 4163 3116 4213 ventre
3143 4155 3334 4212 matris
3364 4170 3497 4211 meae
3521 4153 3666 4210 Deus

2087 4266 2242 4306 meus
2281 4266 2342 4306 es
2372 4249 2514 4304 tu“.
2557 4269 2576 4302 ι
2617 4247 2890 4306 Praeterea
2915 4249 3076 4304 «locet
3117 4263 3220 4304 nos
3248 4245 3492 4317 psalmus
3517 4243 3662 4315 quod

2087 4343 2334 4416 quaedam
2383 4343 2738 4415 nequissimae
2761 4353 2816 4398 et
2843 4343 2971 4398 ferae
2997 4349 3295 4412 potestates
3334 4338 3564 4396 insidias
3612 4339 3664 4394 ei

2087 4444 2426 4501 struxerunt,
2451 4436 2518 4492 de
2549 4437 2750 4506 quibus
2777 4436 2914 4491 dicit
2943 4455 2956 4490 :
2991 4454 3009 4486 ι
3039 4432 3534 4490 Circumdederunt
3577 4447 3666 4487 me

2086 4529 2239 4584 vituli
2273 4528 2453 4593 multi,
2481 4529 2628 4582 tauri
2660 4529 2894 4599 pingues
2938 4525 3275 4582 obsederunt
3297 4541 3383 4580 me
3403 4525 3481 4591 7";
3526 4543 3544 4576 ι
3580 4522 3635 4578 di

2085 4621 2160 4676 cit
2219 4621 2384 4676 etiam
2435 4619 2503 4675 de
2547 4619 3000 4674 circumcisorum
3061 4615 3348 4689 Synagoga
3400 4614 3662 4670 adversus

397 4701 449 4758 εῐ
473 4705 558 4760 σύ.
589 4726 608 4758 ι
643 4705 786 4778 Πλὴν
815 4707 907 4760 ἐπὶ
937 4707 1147 4772 τούτοις
1173 4711 1202 4762 ὁ
1233 4709 1390 4778 λόγος
1417 4711 1565 4782 ἡμᾶς
1599 4711 1866 4778 πάιδεύει,
1899 4714 1976 4779 ὡς

2094 4731 2205 4770 :um
2231 4715 2506 4769 concitata
2537 4729 2550 4764 :
2582 4733 2600 4764 ι
2639 4711 3132 4768 Circumdederunt
3154 4725 3241 4766 me
3264 4724 3429 4764 canes
3453 4705 3610 4762 multi
3645 4723 3658 4760 :

397 4794 504 4864 ἄρα
533 4796 626 4848 καὶ
667 4794 923 4866 δυνάμεις
953 4798 1184 4872 πονηραί
1209 4815 1355 4864 τινες
1383 4802 1477 4855 καὶ
1501 4801 1785 4875 θηριώδεις
1814 4805 1976 4876 ἑνήρ-

402 4905 570 4959 γησαν
591 4889 692 4959 τὴν
729 4891 848 4944 κατ’
875 4890 1038 4945 αὐτοῦ
1072 4892 1360 4965 ἐπιϐουλὴν
1380 4934 1396 4958 ,
1439 4895 1506 4948 δι’
1531 4894 1597 4960 ἃς
1622 4897 1718 4950 καὶ
1745 4897 1972 4968 ἔφασκε,

401 4981 893 5054 «Περιεκύκλωσάν
935 5002 1002 5056 με
1049 4985 1238 5057 μόσχοι
1285 4988 1507 5043 πολλοι·
1553 4988 1744 5062 ταῦροι
1791 4990 1975 5055 πίονες

396 5074 682 5146 περιέσχον
734 5093 829 5146 με·
856 5095 875 5127 ι
927 5079 1022 5131 καὶ
1055 5081 1183 5151 περὶ
1218 5079 1316 5152 τῆς
1357 5081 1728 5152 ὲπισυστάσης
1761 5081 1818 5134 δὲ
1853 5083 1971 5135 κατ’

396 5166 557 5221 αὐτοῦ
581 5170 644 5222 ὲκ
663 5172 961 5242 περιτομῆς
983 5172 1314 5244 Συναγωγῆς
1335 5191 1499 5246 φησιν
1519 5213 1532 5237 ,
1559 5175 1638 5227 ὅτι
1667 5193 1685 5225 ι
1709 5174 1975 5228 Ἑκύκλω-

395 5261 494 5314 σάν
527 5277 594 5332 με
622 5260 782 5326 κύνες
812 5263 1027 5318 πολλοί·
1065 5265 1356 5337 συναγωγὴ
1389 5265 1839 5338 πονηρευομένων
1873 5283 1972 5318 πε-

396 5351 608 5424 ριέσχον
649 5368 735 5422 με·
764 5349 910 5408 οὗτοι
935 5355 991 5410 δὲ
1009 5358 1102 5410 καὶ
1129 5356 1344 5430 ὤρυξαν
1371 5357 1430 5410 οὐ
1463 5357 1649 5429 μόνον(
1671 5357 1768 5421 τὰς
1784 5360 1972 5429 χεῖρας

397 5442 577 5508 αὐτοῦ,
599 5443 744 5515 and:
791 5447 1038 5510 καὶτοὺς
1067 5449 1253 5514 πόδας·
1290 5470 1310 5502 ι
1340 5450 1397 5521 ἢ,
1437 5450 1578 5505 κατὰ
1591 5450 1683 5504 τὸν
1717 5450 1967 5516 Ἀκύλαν,

400 5555 418 5588 ι
437 5536 676 5608 ᾔσχυναν
694 5577 708 5601 ,
735 5557 754 5588 ι
784 5539 1031 5608 φήσαντα
1050 5579 1066 5603 ,
1103 5559 1120 5592 ι
1145 5542 1385 5612 ᾔσχυναν
1409 5545 1596 5616 χεῖράς
1627 5561 1727 5614 μου
1752 5545 1847 5598 καὶ
1875 5545 1971 5598 πό-

397 5627 490 5692 δας
519 5647 622 5700 μου
639 5647 650 5660 ·
679 5649 698 5682 ι
729 5629 758 5682 ὃ
780 5631 872 5683 καὶ
909 5630 1126 5704 άληθῶς
1147 5633 1402 5708 ἐτελέσθη
1428 5675 1442 5700 ,
1480 5637 1570 5690 ὅτε
1595 5637 1971 5708 κρεμάσαντες

2082 4806 2376 4862 concilium
2431 4803 2846 4876 malignantium
2903 4803 3120 4860 obsedit
3163 4817 3290 4857 me:
3330 4799 3584 4854 foderunt
3637 4818 3655 4852 ι

2083 4916 2192 4955 non
2257 4906 2470 4954 tantum
2527 4915 2546 4950 ι
2604 4912 2802 4953 manus
2871 4911 3062 4960 meas,
3100 4913 3118 4947 ι
3173 4894 3266 4950 sed
3321 4913 3338 4944 ι
3377 4898 3432 4948 et
3494 4891 3664 4962 pedes

2082 5009 2232 5049 meos
2252 4992 2327 5058 i‘;
2364 5011 2382 5044 ι
2419 4992 2524 5054 vel,
2572 4989 2872 5047 secundum
2900 4989 3150 5060 Aquilam
3178 5026 3194 5050 ,
3235 5004 3254 5036 ι
3295 4983 3660 5040 dedecorave-

2081 5092 2228 5149 runt,
2263 5103 2283 5136 ι
2319 5083 2418 5148 ait,
2463 5103 2482 5135 ι
2513 5083 2982 5140 dedecoraverunt
3031 5093 3227 5134 manus
3243 5093 3393 5134 meas
3415 5084 3469 5132 et
3491 5074 3659 5147 pedes

2079 5193 2231 5233 meos
2257 5197 2272 5234 :
2303 5197 2325 5234 ι
2365 5176 2511 5249 quod
2539 5187 2594 5232 et
2623 5190 2750 5231 vere
2780 5173 3033 5248 effectum
3067 5179 3172 5238 cst,
3212 5184 3338 5227 cum
3371 5168 3520 5240 ligno
3551 5165 3660 5222 alli-

2077 5277 2270 5342 gentes
2291 5286 2416 5326 eum
2460 5271 2632 5325 clavis
2660 5270 2781 5338 ejus
2811 5278 3117 5335 manusque
3156 5262 3432 5333 pedesque
3479 5259 3658 5332 perfo-

2077 5371 2358 5430 raverunt,
2409 5369 2464 5418 et
2499 5361 2788 5432 pulchrum
2825 5357 3072 5428 quidem,
3115 5353 3164 5410 si
3202 5353 3329 5424 quis
3375 5359 3657 5422 expeteret

2077 5461 2139 5509 ut
2170 5453 2453 5524 Scriptura
2495 5451 2821 5522 probaretur
2858 5444 3004 5517 quod
3039 5441 3294 5498 Christus
3337 5445 3490 5498 cruci
3523 5457 3672 5524 supil

2078 5518 2312 5618 plicium-
2349 5518 2616 5615 passurus
2664 5539 2958 5611 praedictus
2993 5545 3100 5605 est,
3142 5537 3288 5592 inter
3331 5535 3438 5590 alia
3483 5518 3671 5589 decu:

2077 5644 2258 5692 menta
2280 5643 2334 5692 et
2361 5635 2494 5690 illud
2516 5631 2710 5690 aﬂ‘erre
2737 5651 2750 5688 :
2783 5650 2802 5684 ι
2841 5629 3289 5694 Perforaverunt,
3322 5647 3342 5680 ι
3369 5632 3424 5682 et
3447 5627 3652 5698 potius.

467 5811 512 5842 "
551 5811 832 5880 Psal.:rxr,
859 5815 945 5870 5'2.
1025 5816 1068 5848 ⁸⁸
1110 5814 1254 5872 Psal.
1289 5830 1374 5880 Ci,
1412 5816 1498 5872 19.
1577 5815 1621 5846 ⁸⁸
1657 5810 1972 5882 Psal__xvu,
2008 5815 2099 5872 45.
2176 5817 2221 5848 ⁷⁸
2259 5815 2404 5871 Psal.
2442 5831 2530 5872 xxi
2554 5855 2568 5881 ,
2607 5815 2658 5882 7,
2689 5815 2740 5872 8.
2817 5814 2861 5846 '“
2902 5809 3036 5868 Luc.
3075 5826 3246 5876 χχιιι,
3285 5807 3356 5867 55
3397 5848 3412 5865 .
3451 5805 3650 5866 "Psal.

398 5895 522 5947 ut,
557 5883 610 5940 8.
685 5883 733 5917 ⁷³
774 5885 904 5941 ibid.
935 5886 986 5942 9.
1065 5887 1111 5919 '”
1151 5885 1284 5944 ibid.
1322 5886 1422 5948 10.
1463 5884 1552 5943 H.

1629 5883 1688 5951 "_
1716 5879 1854 5938 ibid.
1892 5883 1980 5939 15.
2057 5885 2104 5922 το
2141 5885 2274 5944 ibid.
2315 5885 2404 5942 13.
