4106 6434
469 460 599 517 ΗΜ

1168 458 1435 515 EUSEBH
1469 459 1940 518 CAESARIE'NSIS
1978 460 2129 519 OPP.
2167 459 2350 517 PARS
2388 462 2475 517 ιιι.
2515 494 2587 505 --
2622 460 3029 518 EXEGETIGA.

3566 469 3701 517 ιιιε

471 599 490 631 ι
525 579 993 636 dedecoraverunt
1048 594 1245 636 manus
1287 595 1437 636 meas
1483 586 1538 637 et
1582 581 1746 652 pedes
1774 597 1963 638 meos:
2005 602 2024 635 ι

2138 582 2292 637 αὐτὸν
2334 582 2425 636 ἐπὶ
2468 581 2562 635 τοῦ
2604 579 2775 653 ἰκρίου
2817 581 2962 652 ἥλοις
3002 578 3164 634 αὐτοῦ
3190 582 3286 644 τάς
3313 596 3371 632 τε
3398 581 3581 651 χεῖρας
3609 577 3704 632 καὶ

466 672 663 743 qu'ibus
709 675 961 740 protlnus
1010 671 1229 727 additur
1263 692 1276 727 :
1310 691 1329 724 ι
1362 673 1674 729 Diviserunt
1722 673 1826 731 sibi
1874 673 2033 730 vesti-

466 774 646 818 menta
676 777 817 827 mea,
846 771 900 818 et
922 779 1088 834 super
1114 772 1319 819 vestem
1371 780 1547 820 meam
1603 766 1874 821 miserunt
1912 781 2030 821 sor-

464 863 570 908 tem
593 852 674 920 7";
715 871 734 904 ι
777 852 924 923 quod
971 853 1190 925 quidem
1221 853 1416 926 Aquila
1469 854 1550 912 sic
1591 856 1800 912 edidit:
1830 877 1848 909 ι
1886 855 2031 912 Divi-

464 949 601 1005 dent
613 950 717 1007 sibi
740 951 1125 1009 vestimentum
1157 968 1360 1017 meum,
1376 960 1431 1009 et
1452 969 1616 1024 super
1634 962 1841 1009 vestem
1855 968 2029 1009 meam

465 1041 678 1096 mittent
710 1049 955 1108 sortem;
998 1061 1017 1094 ι
1054 1041 1415 1114 Symmachus
1442 1060 1593 1109 vero,
1630 1062 1649 1095 ι
1687 1041 1880 1099 Partiti
1903 1051 2032 1101 sunt

465 1132 786 1187 vestimenta
806 1147 926 1189 mea
954 1134 1096 1191 inter
1125 1150 1204 1199 se,
1245 1143 1300 1190 et
1323 1135 1390 1191 de
1415 1145 1565 1191 veste
1611 1150 1733 1191 mea
1774 1136 2030 1206 conjece-

465 1234 593 1279 runt
619 1231 844 1280 sortem.
873 1244 891 1277 ι
918 1222 1056 1279 Illud
1081 1240 1299 1295 quoque
1320 1225 1375 1281 in
1403 1226 1657 1297 passione
1677 1225 2028 1296 adimpletum

464 1319 566 1379 est,
597 1326 722 1367 cum
750 1314 844 1384 qui
865 1313 1251 1369 crucifixerant
1280 1330 1427 1380 eum,
1457 1334 1476 1368 «
1509 1323 1837 1386 acceperunt
1873 1314 2032 1370 vesti-

463 1411 645 1459 menta
681 1406 821 1475 ejus,
851 1412 906 1461 et
927 1403 1176 1461 fecerunt
1205 1414 1439 1477 quatuor
1470 1415 1653 1479 partes
1672 1448 1688 1473 ,
1735 1408 2031 1478 unicuique

464 1496 620 1550 militi
648 1506 883 1568 partem,
907 1505 962 1552 et
986 1497 1247 1554 tunicam.
1273 1498 1401 1554 Erat
1427 1509 1605 1555 autem
1633 1499 1817 1554 tunica
1846 1500 2031 1554 incon-

463 1589 669 1655 sutilis,
710 1590 947 1662 desuper
980 1598 1236 1647 contexta
1259 1607 1357 1661 per
1383 1600 1577 1647 totum.
1611 1590 1873 1648 Dixerunt
1899 1610 2030 1666 ergo

463 1680 531 1733 ad
557 1679 790 1735 invicem
826 1697 839 1732 :
874 1677 991 1735 Non
1019 1680 1333 1737 scindamus
1361 1696 1502 1743 eam,
1526 1680 1619 1736 sed
1649 1683 1942 1746 sortiamur
1964 1684 2031 1739 de

463 1770 555 1824 illa
576 1770 738 1839 cujus
771 1772 843 1827 sit
858 1771 926 1827 τ’.
970 1791 988 1824 ι
1026 1770 1237 1838 Quibus
1272 1770 1463 1841 adjicit
1495 1774 1824 1844 evangelista
1857 1793 1870 1829 :
1904 1793 1922 1826 ι
1959 1773 2031 1830 Ut

465 1858 751 1930 Scriptura
808 1862 1126 1931 impleretur
1176 1858 1363 1917 dicens
1396 1880 1410 1917 :
1441 1860 1637 1916 Partiti
1683 1869 1811 1917 sunt
1864 1865 2031 1920 vesti-

2134 679 2258 741 τοὺς
2280 676 2444 739 πόδας
2468 675 2824 747 περιέπειραν
2839 691 2854 706 ο
2882 675 2974 728 καὶ
3000 673 3161 729 καλόν
3182 689 3244 742 γε
3267 674 3314 726 εί
3344 671 3596 742 ἀπαιτοίη
3621 687 3704 733 τις

2134 771 2243 825 άπὸ
2273 771 2494 843 Γραφῆς
2525 769 2908 842 παραστῆσαι,
2951 768 3025 833 ὡς
3056 768 3163 841 ἄρα
3197 769 3288 823 καὶ
3319 785 3547 838 σταυρον
3574 767 3705 820 ὑπο-

2139 865 2317 934 μεῖναι
2339 865 2367 915 6
2395 860 2624 934 Χριστὸς
2650 862 2958 935 προείρητο,
2986 862 3121 933 μετὰ
3147 861 3241 915 καὶ
3265 860 3436 914 ἄλλων
3457 859 3564 912 τῶν
3584 859 3705 912 τού-

2134 971 2227 1007 του
2259 953 2677 1026 παραστατικῶν
2700 955 2793 1008 καὶ
2820 954 2880 1007 τὸ
2914 974 2930 1005 ι
2955 953 3209 1023 Ὠρυξαν,
3236 972 3254 1005 ι
3275 951 3368 1031 καὶ
3396 950 3594 1023 μᾶλλον
3619 951 3701 1013 τὸ,

2141 1066 2158 1097 ι
2187 1046 2422 1117 ᾔσχυναν
2447 1046 2635 1118 χεῖράς
2662 1064 2762 1117 μου
2794 1046 2886 1100 καὶ
2920 1045 3085 1109 πόδας
3115 1062 3216 1115 μου
3236 1052 3296 1104 ,α
3333 1041 3699 1115 παραθέσθαι’

2134 1132 2214 1199 οἷς
2242 1122 2366 1206 ἑξῆς
2388 1135 2702 1207 ἐπιφέρεται
2722 1135 2802 1198 τὸ,
2839 1155 2857 1186 ι
2882 1135 3265 1208 Διεμερίσαντο
3291 1133 3360 1187 τὰ
3383 1130 3573 1204 ἱμάτιά
3602 1147 3703 1202 μου

2137 1228 2367 1291 ἑαυτοῖς,
2400 1227 2491 1281 καὶ
2525 1228 2618 1281 ἐπὶ
2644 1227 2735 1280 τὸν
2768 1226 3060 1298 ἱματισμόν
3088 1243 3188 1297 μου
3214 1225 3403 1278 ἔϐαλον
3425 1223 3622 1294 κλῆρον
3640 1239 3655 1253 ·
3679 1241 3699 1273 ι

2134 1319 2270 1389 ὅπερ
2289 1320 2316 1371 6
2342 1317 2439 1388 μὲν
2456 1316 2681 1380 Ἀκύλας
2702 1316 2871 1380 οὕτως
2895 1315 3174 1381 ἐξέδωκεν,
3203 1334 3219 1365 1
3240 1313 3558 1387 Μερίσουσιν
3581 1310 3707 1382 ἱμά-

2134 1409 2244 1463 τιόν
2264 1426 2363 1480 μου
2382 1410 2614 1473 ἑαυτοῖς,
2633 1408 2726 1462 καὶ
2741 1409 2832 1461 ἐπὶ
2848 1407 3055 1461 ἐνδυσίν
3081 1423 3180 1478 μου
3203 1404 3420 1477 βαλοῦσι
3438 1403 3637 1475 κλῆρον
3651 1420 3664 1433 ·
3679 1421 3698 1454 ι

2134 1505 2162 1556 6
2192 1502 2247 1556 δὲ
2278 1502 2592 1573 Σύμμαχος,
2633 1520 2651 1553 ι
2677 1501 2991 1572 Διενέμοντο
3020 1500 3088 1554 τὰ
3120 1499 3309 1571 ίμάτιά
3343 1515 3443 1570 μου
3474 1498 3702 1560 ἑαυτοῖς,

2135 1595 2229 1649 καὶ
2258 1596 2383 1667 περὶ
2408 1594 2633 1664 ἐσθῆτος
2660 1610 2761 1665 μου
2783 1593 3077 1664 ἐλάγχανον
3097 1610 3109 1622 ·
3137 1612 3154 1644 ι
3181 1592 3209 1645 ὃ
3236 1591 3329 1645 xal
3359 1588 3490 1644 αὐτὸ
3512 1588 3628 1660 ἅμα
3646 1604 3708 1642 τα

2134 1684 2211 1756 τῷ
2251 1686 2411 1740 πάθει
2453 1685 2835 1756 πεπλήρωται,
2874 1686 2961 1739 ὅτε
3005 1686 3053 1737 οί
3103 1681 3512 1753 σταυρώσαντες
3545 1679 3706 1734 αὐτὸν

2140 1795 2160 1826 ι
2183 1776 2436 1840 λαϐόντες
2466 1777 2532 1830 τὰ
2561 1778 2749 1847 ἱμάτια
2773 1764 2935 1830 αὐτοῦ
2965 1774 3224 1844 ἐποίησαν
3256 1773 3495 1843 τέσσαρα
3530 1771 3667 1842 μέρη
3688 1810 3703 1833 ,

2136 1866 2350 1936 ἑκάστῳ
2375 1865 2677 1939 στρατιώτῃ
2707 1866 2870 1938 μέρος
2893 1907 2907 1930 ,
2937 1866 3031 1917 καὶ
3060 1864 3150 1917 τὸν
3171 1863 3371 1933 χιτῶνα
3387 1879 3401 1892 ο
3434 1857 3501 1933 ἦν
3527 1861 3584 1914 δὲ
3609 1860 3709 1933 ἄῤ·

465 1958 645 2006 menta
680 1965 800 2006 mea
826 1951 954 2019 sibi,
982 1952 1114 2033 etin
1142 1958 1349 2006 vestem
1389 1966 1563 2006 meam
1612 1951 1881 2007 miserunt
1911 1966 2030 2007 sor-

2138 1941 2301 2029 ῥαφος
2319 1998 2334 2022 ,
2365 1959 2429 2010 ἐκ
2450 1956 2556 2010 τῶν
2578 1956 2781 2010 ἄνωθεν
2809 1956 3039 2025 ὑφαντὸς
3063 1955 3128 2009 δι’
3153 1956 3274 2008 ὅλου
3295 1994 3312 2019 ,
3333 1952 3413 2007 διδ
3434 1953 3527 2007 καὶ
3546 1948 3708 2009 εἶπαν

464 2052 571 2098 tem
594 2044 663 2100 ⁷³.
702 2063 720 2095 ι
752 2041 879 2099 Haec
922 2042 1144 2114 quidem
1186 2043 1471 2114 prophetia
1509 2043 1577 2099 de
1622 2058 1689 2100 eo
1729 2044 2027 2099 secundum

2138 2050 2266 2121 πρὸς
2306 2049 2594 2120 ἀλλήλους·
2640 2049 2732 2121 Μὴ
2759 2048 3032 2120 σχίσωμεν
3069 2047 3231 2102 αὐτὸν
3250 2090 3264 2114 ,
3296 2045 3432 2100 ἀλλὰ
3456 2045 3709 2116 λάχωμεν

467 2133 790 2189 Hebraicum
816 2136 958 2192 sicut
1001 2137 1129 2190 ἐννᾶ
1156 2135 1435 2201 continet;
1463 2144 1795 2207 quapropter
1840 2135 2033 2205 adjici-

2138 2141 2258 2211 περὶ
2288 2141 2451 2194 αὐτοῦ
2473 2183 2486 2203 ,
2510 2141 2652 2204 τίνος
2674 2140 2823 2195 ἔσται
2840 2159 2854 2174 ο
2882 2161 2899 2193 ι
2928 2135 3010 2204 οἷς
3034 2140 3284 2210 ἐπιφέρει
3304 2138 3476 2207 λέγων
3500 2140 3529 2192 ὁ
3551 2137 3710 2206 εὐαγ-

463 2232 551 2280 tur
579 2235 634 2281 et
668 2226 724 2280 in
757 2227 970 2297 psalmo
1002 2225 1464 2297 quemadmodum
1497 2234 1552 2281 et
1593 2227 1649 2280 in
1680 2225 1988 2296 Evangeliis
2013 2265 2029 2290 ,

2138 2232 2408 2304 γελιστὴς,
2449 2252 2468 2285 ι
2494 2235 2610 2287 Ἵνα
2639 2235 2672 2304 ἡ
2701 2232 2890 2304 Γραφὴ
2921 2231 3208 2303 πληρωθῇ,
3235 2230 3297 2284 τὸ
3326 2228 3711 2300 Διεμερίσαντο

467 2336 486 2368 ε
521 2313 848 2373 Benedictus
877 2319 971 2388 qui
995 2318 1143 2374 venit
1170 2319 1225 2372 in
1258 2319 1480 2373 nomine
1508 2316 1721 2372 Domini
1748 2317 1814 2385 ⁸⁸,
1840 2336 1859 2369 ι
1885 2318 2032 2388 quod

2138 2323 2200 2377 τὰ
2225 2324 2412 2395 ἱμάτιά
2437 2342 2538 2396 μου
2560 2326 2788 2388 ἑαυτοῖς,
2814 2325 2905 2378 καὶ
2925 2324 3017 2377 ἐπὶ
3036 2323 3127 2377 τὸν
3150 2322 3439 2395 ἱματισμόν
3467 2339 3567 2393 μου
3591 2320 3709 2374 ἔσα-

462 2402 681 2481 quidem
737 2409 872 2464 mihi
921 2409 1234 2480 significare
1272 2411 1491 2466 videtur
1521 2428 1535 2463 :
1567 2408 1729 2465 Salva
1754 2452 1769 2477 ,
1804 2410 2030 2467 benedi-

2138 2415 2224 2468 λον
2256 2415 2475 2488 κλῆρον.
2499 2436 2516 2468 ι
2546 2416 2653 2470 Kal
2674 2414 2843 2469 ταῦτα
2869 2414 2932 2486 (f.
2957 2416 3047 2486 23)
3075 2416 3170 2487 μὲν
3195 2416 3228 2484 ή
3259 2413 3560 2486 προφητεία
3583 2411 3711 2483 περὶ

463 2510 604 2565 ctus,
646 2502 742 2573 qui
770 2502 928 2558 venis
976 2502 1031 2557 in
1071 2503 1292 2558 nomine
1323 2501 1558 2568 Domini,
1603 2502 1785 2559 Patris
1830 2511 1885 2558 et
1934 2502 2026 2559 Dei

2138 2506 2299 2561 αὐτοῦ
2320 2508 2379 2561 τδ
2414 2506 2696 2581 Ἐϐραῖκδν
2725 2510 2856 2562 ὼσεὶ
2879 2505 3026 2562 ma
3051 2506 3312 2579 περιέχειθ
3336 2498 3380 2574 ᾧ
3405 2503 3713 2568 ἀκολούθως

463 2596 725 2651 omnium.
2137 2598 2453 2670 ἐπιφέρεται
2493 2601 2586 2654 καὶ
2622 2602 2679 2655 ἑν
2720 2600 2798 2672 τῷ
2837 2598 3036 2671 ψαλμῷ
3068 2598 3255 2670 ὥσπερ
3286 2596 3349 2669 δὴ
3386 2598 3480 2650 καὶ
3511 2596 3568 2649 ἐν
3598 2598 3712 2660 τοῖς

463 2684 832 2757 Εὐαγγελίοις,
866 2690 928 2743 τὸ
962 2708 981 2740 ‹
1018 2690 1394 2762 Εὐλογημένος
1450 2694 1479 2745 6
1519 2691 1811 2763 ἐρχόμενος
1849 2692 1906 2744 ἐν
1969 2688 2191 2761 ὀνόματι
2225 2691 2429 2764 Κυρίου
2453 2711 2466 2722 ·
2503 2711 2521 2744 ι
2563 2693 2702 2764 ὅπερ
2744 2693 2981 2748 τοιοῦτόν
3021 2693 3073 2747 τί
3109 2711 3198 2765 μοι
3253 2691 3444 2765 δηλοῦν
3505 2691 3708 2744 ἔοικεν’

462 2778 641 2834 Σῶσον
662 2781 747 2853 δὴ,
772 2782 1150 2856 εὐλογημένος,
1175 2786 1202 2838 6
1221 2782 1511 2856 ἐρχόμενος
1531 2786 1587 2838 ἐν
1605 2785 1827 2856 ὀνόματι
1850 2782 2074 2855 Κυρίου,
2114 2783 2206 2838 τοῦ
2238 2785 2450 2857 Πατρὸς
2478 2787 2569 2840 καὶ
2588 2785 2721 2839 Θεοῦ
2755 2785 2862 2840 τῶν
2887 2786 3043 2841 ὅλων.

1043 2874 1272 2933 CAPUT
1305 2876 1446 2933 XIV.

2660 2879 3052 2935 ΚΕΦΑΛΑΙΟΝ
3087 2880 3147 2932 ΙΔ
3159 2886 3193 2935 ’.

708 2964 754 3019 Ε
771 2966 977 3036 psalmo
1010 2968 1290 3021 centesimo
1321 2968 1586 3022 tricesimo
1614 2970 1805 3039 primo.

2704 2970 2956 3042 Ψαλμοῦ
2985 2975 3147 3041 ρλα’.

539 3070 557 3097 ε
596 3051 810 3108 Iuravit
839 3054 1102 3111 Dominus
1133 3054 1302 3111 David
1345 3057 1648 3126 veritatem,
1673 3068 1728 3116 et
1764 3076 1874 3117 non
1911 3062 1997 3120 fru

2216 3083 2232 3113 ι
2257 3064 2457 3134 Ὠμοσε
2479 3063 2682 3138 Κύριος
2703 3063 2781 3134 τῷ
2799 3062 2961 3116 Δαυῒδ
2985 3062 3262 3134 ἀλήθειαν,
3287 3062 3379 3116 καὶ
3407 3060 3467 3115 οὐ
3492 3060 3566 3132 μὴ
3588 3058 3712 3114 άθε-

464 3143 734 3199 strabitur
765 3160 888 3200 eum
922 3164 935 3199 :
967 3146 1036 3201 de
1071 3147 1250 3203 fructu
1280 3150 1486 3205 ventris
1512 3152 1591 3206 tui
1637 3167 1833 3223 ponam
1870 3173 2035 3231 super

2138 3156 2291 3227 τήσει
2311 3156 2492 3221 αὐτὸν,
2527 3155 2621 3210 Ἐκ
2650 3154 2866 3227 καρποῦ
2887 3156 2986 3227 τῆς
3008 3153 3215 3218 κοιλίας
3243 3169 3337 3207 σου
3361 3151 3594 3226 θήσομαι
3619 3152 3713 3204 ἐπὶ

466 3235 654 3291 sedem
711 3238 946 3295 tuam".
986 3259 1004 3292 ι
1058 3239 1123 3294 Et
1175 3256 1370 3298 rursus
1411 3262 1425 3298 :
1470 3263 1489 3295 ι
1545 3242 1680 3303 Illuc
1729 3250 2028 3318 producam

2138 3246 2226 3300 τὸν
2255 3245 2439 3319 θρόνον
2469 3264 2616 3301 σου.»
2648 3248 2757 3301 Kal
2786 3247 2967 3310 πάλιν,
3000 3266 3018 3299 ι
3041 3247 3189 3300 Ἐκεῖ
3216 3244 3517 3311 ἐξανατελῶ
3544 3244 3721 3317 κέρας

465 3339 641 3380 cornu
692 3324 884 3393 David,
927 3330 1114 3399 paravi
1167 3331 1444 3388 lucernam
1478 3334 1702 3394 Christo
1729 3311 1878 3400 ineo.
1922 3345 2034 3401 Ini-

2138 3335 2217 3407 τῷ
2242 3311 2425 3399 Δαυῒδ,
2457 3336 2725 3408 ήτοίμασα
2746 3336 2936 3408 λύχνον
2962 3336 3039 3408 τῷ
3066 3335 3285 3409 Χριστῷ
3317 3352 3436 3407 μου.
3465 3311 3713 3406 Τοὺς-ἐχ-

467 3420 640 3475 micos
667 3420 786 3489 ejus
816 3422 1036 3476 induam
1068 3423 1388 3482 confusione
1413 3445 1427 3482 :
1460 3442 1625 3499 super
1647 3431 1826 3502 ipsum
1852 3443 2033 3494 autem

2140 3424 2302 3499 θρούς
2334 3442 2427 3481 σου
2460 3425 2665 3481 ἐνδύσω
2695 3426 2955 3498 αἰσχύνην
2974 3467 2989 3491 ,
3026 3427 3117 3480 ἐπὶ
3143 3425 3200 3479 δέ
3228 3425 3390 3480 αὐτὸν
3428 3423 3713 3497 ἐξανθήσει

467 3507 731 3566 elllorebit
762 3512 1122 3569 sanctificatio
1154 3530 1275 3571 mea
1293 3516 1501 3573 ".iHic
1526 3520 1815 3579 manifeste
1843 3524 2035 3583 Davidi

468 3616 592 3655 cum
622 3601 982 3672 jurejurando
1010 3619 1040 3658 a
1067 3604 1178 3660 Deo
1198 3607 1489 3676 promissio
1510 3608 1578 3664 de
1605 3609 1825 3667 Christo
1851 3614 2034 3683 datur,

468 3694 625 3763 quasi
664 3712 694 3750 e
722 3697 932 3752 semine
973 3698 1093 3767 ejus
1144 3700 1447 3768 nascituro,
1492 3702 1723 3774 ejusque
1776 3705 2034 3763 thronum

467 3788 857 3843 conscensuro.
884 3789 1108 3843 Multam
1160 3789 1250 3845 hic
1279 3791 1434 3848 locus
1473 3794 1907 3864 explanationem
1942 3798 2037 3855 de-

469 3869 755 3941 sideraret,
796 3891 919 3930 cum
972 3892 1080 3931 non
1113 3878 1361 3935 videatur
1388 3883 1751 3952 corporaliter
1780 3885 2036 3944 Christus

470 3979 635 4034 super
664 3963 887 4022 Davidis
917 3968 1115 4022 solium
1149 3968 1381 4039 ejusque
1404 3985 1633 4043 regnum
1667 3973 1985 4031 consedisse
2018 3993 2034 4043 ;

468 4056 616 4126 quod
645 4072 776 4112 vero
820 4059 1242 4128 praeteribimus,
1282 4075 1406 4116 cum
1455 4077 1484 4115 a
1523 4064 1805 4134 proposito
1847 4075 2037 4122 nostro

472 4148 708 4204 alienum
748 4148 821 4204 sit
877 4149 1042 4220 hujus
1088 4152 1285 4221 psalmi
1338 4152 1774 4225 interpretationi
1818 4172 2034 4214 vacare.

470 4243 774 4301 Prudenter
813 4246 959 4301 enim
1017 4262 1241 4303 necesse
1286 4256 1371 4304 est
1411 4264 1521 4305 non
1582 4266 1693 4305 uno
1744 4248 2038 4323 Scriptum

470 4336 614 4400 loco,
660 4336 706 4390 si
738 4350 846 4390 non
871 4335 1047 4405 possit
1074 4338 1344 4407 corporali
1375 4353 1540 4394 sensu
1569 4339 1788 4396 Christo
1824 4356 2040 4398 accum-

471 4429 703 4492 modari,
755 4443 877 4498 quae
940 4429 1128 4486 multis
1162 4430 1297 4486 locis
1357 4432 1643 4489 manifeste
1675 4433 1742 4488 de
1781 4449 1847 4490 eo
1893 4435 2038 4491 dicta

472 4527 602 4575 sunt
643 4521 891 4591 rejicere.
931 4520 1217 4577 Sincerum
1259 4524 1425 4594 igitur
1469 4524 1694 4580 verbum
1724 4536 2034 4597 sequentes,

470 4620 525 4668 et
557 4613 659 4683 ipsi
703 4613 900 4669 divina:
933 4614 1150 4671 innixos
1205 4613 1523 4687 Scriptura,
1554 4619 1835 4675 attendere
1861 4621 2034 4683 decet.

470 4704 617 4774 quod
636 4704 837 4759 alicubi
855 4705 1034 4775 ipsum
1060 4704 1368 4761 mendicum
1383 4706 1692 4776 quemdam,
1711 4717 1766 4762 et
1786 4709 1967 4775 vilem,
1987 4719 2042 4765 et

469 4797 784 4868 ignobilem,
804 4814 980 4869 neque
1003 4799 1236 4869 speciem
1261 4800 1549 4854 habentem
1573 4816 1746 4872 neque
1760 4801 2039 4865 decorem,

469 4897 761 4945 venturum
787 4907 911 4948 esse
935 4892 1288 4963 pratnuntiat,
1304 4893 1440 4948 alias
1461 4909 1592 4950 vero
1615 4910 1795 4966 regem
1819 4895 2040 4963 conspi—

471 4998 634 5038 cuum
659 4982 940 5054 praedicat.
977 4983 1219 5050 Quorum
1248 4985 1493 5055 quaedam
1516 4987 1734 5055 quidem
1765 4995 1818 5042 et
1845 5001 2041 5057 corpo-

468 5076 659 5131 raliter
676 5075 895 5146 impleta
912 5091 1034 5130 esse
1046 5076 1550 5146 possunt.quaadam
1571 5092 1724 5142 vero,
1741 5076 2046 5131 solummo-

468 5166 538 5223 do
564 5166 867 5223 secundum
890 5165 1230 5235 spiritualem
1253 5161 1550 5236 Scriptura:
1584 5181 1830 5230 sensum,
1866 5166 1919 5219 in
1951 5181 2036 5221 se—

469 5261 650 5316 eundo
682 5259 802 5330 ejus
837 5257 1072 5313 adventu
1102 5258 1377 5329 implenda
1401 5258 1848 5314 existimandum.
1893 5259 2042 5311 Atta-

469 5371 594 5409 men
628 5369 721 5409 rex
758 5350 1075 5408 Judzeorum
1107 5360 1336 5407 vocatus
1370 5359 1453 5407 est
1483 5348 1750 5407 Dominus
1773 5360 1959 5406 noster
1983 5351 2038 5405 in

471 5447 646 5517 primo
683 5444 804 5516 ejus
842 5445 1100 5509 adventu,
1138 5460 1248 5498 non
1279 5451 1340 5496 ut
1382 5443 1585 5497 factum
1631 5450 1716 5498 est
1749 5441 1924 5498 Pilato
1947 5443 2039 5519 ju:

470 5541 632 5595 liente
661 5539 811 5595 cruci
842 5538 965 5608 ejus
995 5536 1225 5599 Graecis,
1257 5533 1522 5590 Romanis
1553 5543 1607 5590 et
1634 5533 1919 5591 Hebraicis
1951 5536 2041 5591 lit,

471 5631 605 5685 teris
631 5629 856 5684 inscribi
881 5645 894 5680 :
930 5627 1031 5682 llic
1068 5636 1148 5682 es:
1176 5642 1269 5681 rex
1291 5625 1602 5681 Judworum
1619 5626 1681 5678 ⁸³.

2138 3517 2199 3571 τὸ
2229 3518 2475 3590 ἁγίασμά
2506 3536 2627 3591 μου.
2654 3538 2673 3570 ι
2700 3520 2810 3572 Kal
2828 3516 3058 3572 ἐνταῦθα
3088 3517 3273 3588 σαφῶς
3298 3517 3375 3590 τῷ
3403 3515 3565 3570 Δαυῖδ
3591 3516 3712 3587 μεθ’

2139 3609 2303 3680 ὅρκου
2334 3608 2439 3663 ὐπὸ
2466 3607 2560 3663 τοῦ
2589 3607 2724 3662 Θεοῦ
2753 3606 3053 3678 ἐπαγγελία
3092 3609 3222 3680 περὶ
3251 3606 3344 3661 τοῦ
3370 3605 3606 3678 Χριστοῦ
3637 3605 3715 3659 δί-

2138 3698 2325 3763 δοται,
2350 3699 2426 3763 ὡς
2459 3698 2525 3753 ἂν
2557 3701 2621 3753 ἐκ
2646 3697 2957 3769 σπέρματος
2978 3693 3139 3750 αὐτοῦ
3164 3693 3553 3766 γενηθήσεσθαι

2139 3791 2320 3856 λοντος
2339 3831 2354 3855 ,
2390 3792 2484 3846 καὶ
2512 3790 2830 3856 καθέξοντος
2859 3789 3021 3844 αὐτοῦ
3055 3789 3145 3843 τὸν
3172 3788 3375 3860 θρόνον.
3430 3785 3635 3858 Πολλῆς
3666 3784 3714 3838 δ’

2140 3882 2438 3950 ἐξετάσεως
2476 3884 2664 3956 χρῄζοι
2705 3883 2770 3938 ἂν
2798 3884 2865 3937 τά
2896 3882 3034 3936 κατὰ
3069 3882 3194 3945 τοὺς
3224 3881 3453 3944 τόπους,
3485 3879 3606 3933 ἐπεὶ
3636 3879 3715 3952 μὴ

2140 3976 2269 4047 δοκῇ
2305 3974 2630 4045 σωματικῶς
2659 3977 2688 4028 6
2714 3972 2947 4046 Χριστὸς
2977 3972 3069 4024 ἐπὶ
3095 3970 3185 4024 τὸν
3221 3970 3406 4042 θρόνον
3428 3969 3520 4023 τοῦ
3550 3967 3715 4022 Δαυῒδ

2141 4068 2235 4121 καὶ
2264 4067 2364 4138 τὴν
2391 4065 2664 4137 βασιλείαν
2686 4062 2849 4119 αὐτοῦ
2878 4062 3223 4118 κεκαθικέναι
3244 4103 3258 4127 ,
3293 4062 3329 4117 ἃ
3357 4059 3451 4117 καὶ
3477 4061 3713 4133 ὑπερθη-

2143 4158 2346 4230 σόμεθα
2383 4158 2471 4213 διὰ
2507 4159 2568 4211 τὸ
2608 4158 2683 4229 μὴ
2722 4156 2823 4227 τῆς
2860 4154 3141 4228 παρούσης
3169 4152 3307 4210 εἶναι
3335 4152 3714 4226 πραγματείας

2142 4252 2293 4324 παρὰ
2324 4251 2414 4306 τὸν
2459 4251 2818 4322 προκείμενον
2851 4248 3050 4301 σκοπὸν
3084 4246 3430 4319 κατατρίϐειν
3459 4246 3557 4304 τὴν
3586 4261 3713 4315 σχο-

2140 4341 2240 4412 λὴν
2272 4340 2363 4393 ἐπὶ
2386 4334 2485 4411 τῆν
2509 4337 2605 4392 τοῦ
2630 4336 2844 4409 ψαλμοῦ
2870 4337 3120 4408 διήγησιν
3137 4354 3151 4370 ο
3177 4335 3531 4407 εὐγνωμόνως
3551 4334 3608 4388 δέ
3630 4351 3715 4390 τοι

2141 4433 2245 4506 Χρὴ
2282 4432 2356 4505 μὴ
2384 4432 2494 4487 ἀπὸ
2524 4432 2652 4503 μιᾶς
2676 4431 2898 4502 Γραφῆς
2916 4470 2931 4494 ,
2959 4431 3007 4483 εἰ
3036 4429 3109 4502 μὴ
3142 4429 3228 4501 εἴη
3260 4429 3456 4501 δυνατὴ
3483 4428 3624 4482 κατὰ
3652 4428 3716 4483 τὺ

2143 4524 2451 4595 σωματικὸν
2471 4522 2800 4594 ἐφαρμόζειν
2814 4521 2892 4592 τῷ
2913 4520 3130 4594 Χριστῷ
3147 4564 3162 4585 ,
3178 4520 3245 4576 τὰ
3267 4520 3504 4592 πολλαχῆ
3528 4519 3715 4589 σαφῶς

2073 4653 2115 4708 D
2144 4617 2273 4689 περὶ¹
2315 4615 2477 4669 αὐτοῦ
2516 4614 2778 4687 εἰρημένα
2818 4612 3254 4685 παρακρούεσθαι
3275 4630 3287 4645 ο
3323 4612 3619 4684 ἑπομένους
3649 4627 3716 4681 γε

2148 4710 2253 4780 μὴν
2295 4706 2485 4777 ἀληθεῖ
2517 4706 2686 4777 λόγῳ,
2723 4707 2814 4760 καὶ
2847 4707 2983 4777 αὐτῇ
3023 4709 3089 4778 τῇ
3125 4705 3244 4778 θείᾳ
3282 4705 3717 4777 παρισταμένους

2145 4803 2331 4872 Γραφῇ
2354 4839 2368 4862 ,
2391 4798 2671 4869 ἐφεστάναι
2695 4798 2959 4869 προσήκει
2983 4837 2997 4861 ,
3019 4796 3077 4861 ὃς
3106 4797 3236 4850 ποτὲ
3261 4798 3358 4869 μὲν
3376 4796 3537 4850 αὐτὸν
3564 4813 3716 4851 πτωρ

2147 4891 2239 4963 χόν
2270 4908 2392 4945 τινα
2419 4892 2512 4945 καὶ
2538 4890 2729 4961 εὐτελῆ
2758 4890 2851 4943 καὶ
2880 4889 3092 4961 ἄτιμον,
3114 4890 3188 4962 μὴ
3215 4889 3407 4960 ἔχοντα
3431 4884 3571 4953 εἶδος
3604 4907 3711 4961 μη-

2144 4985 2200 5038 δὲ
2228 4984 2422 5048 κάλλος
2440 5023 2454 5045 ,
2478 4982 2791 5037 ἐλεύσεσθαι
2820 4981 3169 5054 προφητεύει,
3200 4981 3384 5036 ἄλλοτε
3409 4981 3467 5035 δέ
3492 4979 3716 5051 βασιλέα

2146 5076 2359 5148 ἔντιμον
2387 5075 2547 5129 αὐτόν
2576 5091 2767 5146 φησιν·
2795 5068 2870 5128 ὧν
2891 5074 2963 5127 τὰ
2995 5073 3093 5143 μὲν
3119 5074 3211 5127 καὶ
3235 5072 3562 5144 σωματικῶς
3584 5074 3711 5127 ἀπο-

2147 5166 2535 5240 πεπληρῶσθαι
2562 5165 2802 5228 δύναται,
2836 5164 2904 5219 τὰ
2920 5165 2977 5218 δέ
3005 5163 3143 5219 κατὰ
3172 5164 3330 5235 μόνον
3356 5163 3447 5217 τὸν
3473 5180 3702 5235 πνευμα-

2146 5260 2295 5314 τικὸν
2339 5258 2439 5331 τῆς
2475 5258 2696 5328 Γραφῆς
2737 5255 2895 5321 νοῦν,
2946 5255 3046 5325 ήδη
3088 5254 3144 5308 δέ
3173 5271 3291 5307 τινα
3324 5253 3418 5308 καὶ
3446 5254 3589 5309 κατὰ
3618 5256 3707 5323 τὴν

2144 5350 2401 5420 δευτέραν
2449 5347 2612 5403 αὐτοῦ
2659 5345 2959 5418 παρουσίαν
3003 5341 3450 5415 πληρωθήσεσθαι
3487 5342 3703 5415 προσδο-

2147 5439 2359 5508 κητέον.
2399 5438 2544 5508 Πλὴν
2577 5437 2671 5489 καὶ
2701 5433 2952 5506 βασιλεὺς
2995 5433 3263 5487 Ἰουδαίων
3293 5434 3655 5505 ἐχρημάτισεν
3679 5433 3708 5483 6

2145 5532 2348 5604 Κύριος
2368 5531 2523 5602 ἡμῶν
2554 5530 2694 5584 κατὰ
2717 5529 2816 5601 τὴν
2843 5528 3064 5601 πρώτην
3085 5526 3248 5581 αὐτοῦ
3277 5526 3594 5597 παρουσίαν,
3617 5525 3713 5593 οὐχ

2144 5623 2220 5686 ὡς
2242 5623 2396 5692 ἔτυχε
2416 5638 2511 5675 του
2532 5622 2764 5675 Πιλάτου
2787 5618 3141 5681 κελεύσαντος
3162 5617 3535 5690 ἐπιγραφῆναι
3553 5615 3720 5672 αὐτοῦ

468 5722 547 5793 τῷ
570 5722 785 5793 σταυρῷ
805 5719 1128 5791 γράμμασιν
1155 5717 1482 5789 Ἑλληνικοῖς
1497 5718 1590 5774 καὶ
1619 5719 1944 5790 Ῥωμαϊκοῖς
1964 5718 2057 5773 καὶ
2071 5716 2377 5789 Ἑϐραϊκοῖς
2397 5714 2477 5778 τὺ,
2491 5711 2679 5781 Οὗτός
2696 5715 2866 5768 ἐστιν
2888 5712 3228 5779 ὁβασιλεὺς
3240 5709 3359 5767 τῶν
3388 5710 3719 5765 Ἰουδαίων·

440 5828 447 5856 ⁵
541 5842 585 5871 τ’
625 5839 770 5894 Psal.
800 5854 916 5907 xxi,
943 5838 1028 5892 l9.
1104 5838 1149 5869 ⁷⁸
1187 5834 1343 5892 Joan.
1383 5854 1495 5903 xui,
1530 5838 1621 5907 25,
1651 5838 1744 5897 24.

476 5911 560 5975 l7,
602 5910 688 5964 18,
762 5909 807 5940 ⁸³
849 5906 1034 5959 Matth.
1073 5921 1256 5969 xxvii,
1292 5907 1381 5960 57.

1818 5840 1862 5872 το
1904 5838 2036 5893 ibid.
2065 5836 2155 5893 at.
2235 5836 2279 5869 εο
2312 5834 2500 5889 Matth.
2534 5850 2624 5889 χει
2679 5834 2734 5888 9.

2846 5835 2886 5866 "
2926 5831 3070 5888 Psal.
3106 5845 3290 5899 cum,
3334 5831 3418 5886 ll.
3496 5831 3542 5861 ⁸⁸
3585 5829 3719 5883 ibid.
