4106 6420
389 465 523 521 IIIS

806 654 813 661 η
905 586 1296 641 κΕφΑΑΑιοΝ
1335 586 1436 640 IE'.

952 697 1202 767 Ψαλμοῦ
1228 695 1385 769 ρμα’.

453 787 563 843 Καὶ
595 789 655 843 τὸ
689 788 874 843 ἐνθάδε
923 786 1211 860 λεγόμενον
1234 828 1249 851 ,
1282 808 1300 841 ι
1351 790 1479 861 Ἐμὲ
1518 790 1842 862 ὑπομενοῦσι
1889 792 1958 846 δί-

390 898 528 934 καιοι
553 881 657 945 ἕως
697 877 757 936 οὗ
797 880 1109 951 ἀνταποδῷς
1139 897 1249 951 μοι,
1292 899 1309 932 ι
1346 879 1519 934 ἔοικεν
1558 882 1621 934 ἐκ
1665 879 1955 951 προσώπου

391 969 634 1038 Αὲγεσθαι
673 970 767 1025 τοῦ
798 951 1064 1042 Σωτῆρος·
1112 970 1232 1023 τίνα
1282 969 1390 1042 γὰρ
1428 969 1584 1025 ἄλλον
1632 971 1956 1042 ὑπομενοῦσι

391 1063 580 1117 δίκαιοι
624 1063 727 1127 ἕως
775 1055 835 1115 οὗ
876 1060 1155 1133 ἀνταποδῷ
1201 1061 1348 1133 αύτῷ
1391 1062 1419 1114 ὁ
1463 1062 1611 1127 Θεὸς,
1647 1061 1680 1133 ἢ
1732 1062 1954 1130 τοῦτον;

397 1149 551 1207 Ἐπεὶ
582 1153 762 1218 καθὼς
793 1153 1009 1226 εἴρηταί
1059 1170 1161 1207 που
1201 1154 1328 1224 περὶ
1368 1153 1475 1207 τῶν
1508 1154 1674 1207 πάλαι
1711 1153 1954 1220 δικαίων,

390 1246 461 1310 ὡς
491 1240 597 1317 ἄρα
634 1265 653 1298 ι
691 1245 1143 1318 Μαρτυρηθέντες
1173 1246 1272 1299 οὐκ
1314 1245 1637 1316 ἐκομίσαντο
1663 1246 1760 1310 τὰς
1789 1250 1959 1318 ἐπαγ-

395 1338 591 1408 γελίας,
617 1336 711 1390 τοῦ
738 1336 872 1390 Θεοῦ
906 1334 1150 1409 κρεῖττόν
1169 1354 1221 1390 τι
1257 1336 1383 1408 περὶ
1408 1336 1564 1408 ἡμῶν
1588 1336 1961 1409 προϐλεψαμέ-

391 1446 475 1482 νου
502 1430 586 1482 ἵνα
623 1428 696 1499 μὴ
739 1428 905 1499 χωρὶς
942 1426 1100 1499 ήμῶν
1141 1427 1518 1482 τελειωθῶσιν.
1560 1449 1580 1480 ι
1608 1428 1776 1499 Δῆλον
1805 1429 1848 1482 δ’
1875 1430 1956 1483 ὅτι

390 1520 548 1574 αὐτὸν
573 1522 672 1591 ὁρᾷ
709 1520 770 1573 τὸ
814 1518 974 1593 ῥητὸν
1000 1520 1106 1573 ἀπὸ
1131 1519 1225 1572 τοῦ
1271 1521 1364 1573 καὶ
1401 1519 1472 1573 τὰ
1504 1520 1644 1573 κατὰ
1685 1520 1747 1573 τὸ
1789 1520 1959 1584 πάθος

389 1610 549 1665 αὐτοῦ
584 1613 641 1665 ἐν
676 1610 753 1682 τῷ
779 1610 981 1682 ψαλμῷ
1034 1610 1342 1675 ἀκολούθως
1365 1613 1483 1674 ταῖς
1526 1610 1715 1675 ἄλλαις
1745 1628 1957 1682 προφη-

389 1705 554 1767 τείαις
605 1703 1104 1777 προσημαίνεσθαιο
1167 1704 1475 1776 γέγραπται
1498 1702 1649 1773 γοῦν,
1686 1722 1706 1754 ‹
1756 1705 1958 1774 Ἐκχεῶ

389 1795 614 1851 ἐνώπιον
654 1795 816 1850 αὐτοῦ
849 1795 946 1868 τὴν
997 1795 1178 1867 δέησίν
1214 1814 1334 1867 μου,
1370 1795 1467 1867 τὴν
1506 1795 1682 1866 θλίψιν
1727 1812 1825 1866 μου
1875 1796 1958 1849 ἐν·

389 1887 554 1941 ὡπιον
580 1886 742 1941 αὑτοῦ
764 1885 1077 1956 ἀπαγγελῶ.
1112 1888 1198 1940 Ἐν
1226 1887 1303 1957 τῷ
1328 1886 1596 1941 ἐκλείπειν
1639 1885 1697 1951 ἐξ
1737 1885 1870 1957 ἐμοῦ
1893 1886 1956 1939 τὸ

389 1980 604 2050 πνεῦμά
637 1997 758 2051 μου,
791 1979 884 2033 καὶ
926 1979 988 2032 σὺ
1020 1979 1190 2048 ἔγνως
1221 1981 1319 2044 τὰς
1349 1978 1567 2052 τρίϐους
1601 1997 1699 2050 μου
1722 1997 1734 2008 ·
1760 1981 1817 2032 ἐν
1856 1978 1959 2051 ὁδῷ

393 2069 580 2142 ταύτῃ,
702 2070 1064 2141 ἐπορευόμην,
1112 2069 1353 2142 ἔκρυψαν
1400 2070 1601 2139 παγίδα
1653 2086 1776 2140 μοι’
1808 2090 1827 2122 ι
1867 2069 1959 2123 καὶ

393 2167 567 2232 πάλιν,
591 2186 609 2218 ι
640 2167 827 2222 Ῥῦσαί
848 2185 913 2240 με
930 2169 994 2221 ἐκ
1013 2168 1120 2221 τῶν
1140 2168 1578 2222 καταδιωκόντων
1595 2158 1689 2239 με.
1711 2172 1725 2234 (
1736 2168 1769 2221 1⁸.
1795 2169 1865 2223 25
1884 2171 1957 2239 νο)

387 2261 465 2313 δτι
517 2261 965 2333 ἐκραταιώθησαν
1019 2260 1156 2333 ὑπὲρ
1213 2262 1333 2333 ἐμὲ.
1377 2282 1395 2313 ι
1430 2261 1651 2326 Τούτοις
1696 2264 1821 2334 ἑξῆς
1865 2262 1959 2316 καὶ

387 2347 514 2423 περὶ
554 2352 654 2423 τῆς
705 2354 768 2406 ἐκ
810 2353 1018 2426 νεκρῶν
1063 2355 1408 2419 ἀναστάσεως
1459 2354 1621 2408 αὑτοῦ
1670 2355 1960 2426 εὐχόμενός

387 2458 569 2514 φησιν·
600 2461 619 2493 ι
664 2442 923 2513 Ἐξάγαγε
956 2445 1019 2496 ἐκ
1061 2443 1307 2515 φυλακῆς
1355 2443 1453 2514 τὴν
1486 2442 1662 2514 ψυχήν
1711 2460 1830 2514 μου,
1864 2442 1956 2496 τοῦ

387 2532 876 2605 ἐξομολογήσασθαι
905 2532 983 2605 τῷ
1011 2534 1233 2605 ὀνόματί
1267 2551 1360 2587 σου
1385 2549 1399 2564 ο
1442 2540 1466 2584 ι’
1497 2529 1578 2597 οἷς
1609 2533 1857 2606 ἐπιφέρει
1876 2534 1955 2599 τὸ,

391 2641 411 2677 ι
459 2623 593 2695 Ἐμὲ
650 2623 979 2695 ὑπομένουσι
1020 2624 1214 2677 δίκαιοι
1259 2623 1364 2687 ἕως
1416 2622 1729 2693 ἀνταποδῷς
1787 2640 1895 2694 μοι.
1934 2641 1951 2674 ι

396 2715 727 2787 ’Υπέμειναν
775 2711 868 2769 οῦν
899 2715 990 2769 τὸν
1034 2714 1264 2786 Χριστὸν
1314 2715 1510 2780 πάντες
1555 2717 1750 2769 ἐκεῖνοι
1787 2718 1834 2768 οἱ
1877 2715 1953 2768 δί-

387 2825 530 2861 καιοι
591 2808 697 2873 ἕως
747 2800 808 2861 οὗ
861 2806 1141 2878 ἀνταποδῷ
1201 2806 1348 2877 αὐτῷ
1389 2808 1418 2859 6
1462 2808 1684 2879 Πατὴρ,
1727 2807 1841 2861 ἀνθ’
1884 2800 1959 2862 ὧν

390 2921 408 2952 ί
442 2902 706 2957 ἐκένωσεν
755 2901 965 2965 ἐαυτὸν,
996 2901 1235 2973 ὑπήκοος
1277 2899 1423 2971 αύτῷ
1468 2901 1756 2972 γενόμενος
1800 2901 1959 2974 μέχρι

385 2993 636 3048 θανάτου.
681 3013 700 3046 ι
725 2994 859 3046 Τίνα
891 2993 946 3046 δὲ
967 2992 1247 3064 ἀνταποδῴ
1278 2991 1427 3063 αὐτῷ
1452 2991 1485 3063 ἢ
1525 3011 1543 3044 ι
1573 2993 1641 3046 τά
1672 2992 1798 3064 ἔθνη
1832 2993 1960 3063 κλη-

387 3083 660 3156 ρονομίαν,
703 3085 795 3137 καὶ
824 3084 925 3155 τὴν
955 3084 1279 3155 κατάσχεσιν
1311 3082 1474 3138 αὐτοῦ
1518 3080 1586 3136 τὰ
1613 3082 1827 3155 πέρατα
1858 3086 1959 3157 τῆς

382 3177 514 3247 γῆς·
557 3194 577 3227 ι
607 3176 675 3230 ἶν’
704 3177 830 3231 ὅταν
856 3176 917 3230 τὸ
944 3176 1216 3248 πλήρωμα
1240 3175 1348 3229 τῶν
1376 3175 1546 3230 ἐθνῶν
1566 3173 1802 3249 εἰσέλθῃ,
1836 3176 1957 3229 τότε

1394 460 1685 520 ECLOGE
1726 462 2204 523 PROPHETICAS.
2248 499 2317 510 —-
2354 467 2484 525 LIB.
2522 467 2589 523 II.

3482 469 3620 521 I1“

2647 584 2876 642 CAPUT
2905 584 3019 640 XV.

2217 701 2266 755 E
2296 701 2502 772 psalmo
2531 701 2812 756 centesimo
2840 697 3246 769 quadragesimo
3273 694 3465 764 primo.

2126 792 2257 860 Quae
2291 793 2379 847 hic
2407 793 2664 848 dicuntur
2694 806 2708 844 :
2749 809 2768 842 ι
2806 789 2890 845 Me
2920 795 3238 859 exspectant
3262 785 3419 857 justi,
3448 785 3621 841 donec

2056 884 2329 938 retribuas
2364 883 2596 938 mihi“:
2633 902 2651 935 ›
2687 883 2754 937 de
2787 879 3086 936 Salvatoris
3134 891 3366 950 persona
3405 875 3513 930 dici
3539 875 3624 931 vi-

2057 974 2271 1030 dentur.
2303 972 2474 1040 Quem
2510 976 2653 1029 enim
2696 974 2862 1028 alium
2899 971 3293 1043 exspectabunt
3336 967 3495 1038 justi,
3524 966 3623 1022 do—

2055 1084 2157 1125 nec
2188 1067 2329 1124 Deus
2357 1067 2624 1123 retribuat
2650 1066 2722 1130 ei,
2752 1066 2857 1121 nisi
2881 1065 3028 1120 hunc
3066 1063 3282 1135 ipsum?
3310 1060 3461 1116 Sicut
3477 1059 3622 1115 enim

2056 1160 2262 1216 dictum
2294 1168 2379 1214 est
2406 1157 2473 1213 de
2507 1157 2785 1228 prioribus
2829 1156 3022 1227 justis,
3061 1173 3081 1206 ι
3121 1153 3187 1208 Ει
3219 1153 3274 1208 bi
3307 1167 3496 1208 omnes
3541 1156 3625 1205 te.

2058 1254 2315 1310 stimonio
2343 1250 2466 1307 fidei
2488 1249 2722 1321 probati,
2758 1263 2866 1302 non
2891 1241 3625 1318 acceperuntrepromissio—

2057 1363 2204 1410 nem,
2247 1345 2356 1401 Deo
2386 1359 2484 1415 pro
2528 1343 2687 1399 nobis
2720 1341 2914 1396 melius
2946 1339 3148 1409 aliquid
3197 1338 3532 1409 providente,
3561 1340 3623 1389 ut

2056 1455 2167 1495 non
2206 1440 2324 1494 sine
2365 1437 2526 1493 nobis
2576 1441 3094 1491 consummarentur
3115 1433 3183 1497 “,
3231 1451 3251 1484 ι
3283 1437 3432 1502 patet
3475 1428 3622 1499 quod

2055 1546 2182 1587 eum
2216 1530 2421 1585 indicat
2450 1527 2697 1599 psalmus
2727 1541 2824 1596 per
2849 1524 3122 1595 passionis
3149 1530 3366 1593 tempus
3384 1529 3439 1577 et
3464 1521 3530 1575 ab
3557 1534 3623 1575 eo

2058 1632 2300 1692 tempore
2349 1621 2563 1677 ostendi
2619 1619 2873 1675 similiter
2930 1631 2993 1671 ac
3044 1616 3099 1670 in
3148 1615 3270 1668 aliis
3301 1612 3621 1684 prophetiis.

2061 1712 2337 1783 Scriptum
2385 1717 2470 1766 est
2498 1709 2707 1780 igitur:
2749 1724 2767 1758 ι
2804 1703 3038 1758 Eﬂ‘undo
3073 1703 3129 1757 in
3174 1707 3471 1769 conspectu
3506 1698 3624 1768 ejus

2059 1805 2363 1860 orationem
2409 1816 2611 1865 meam,
2643 1806 2694 1854 et
2727 1797 3133 1852 tribulationem
3179 1805 3355 1847 meam
3399 1796 3525 1844 ante
3553 1789 3627 1860 ip-

2059 1914 2179 1955 sum
2235 1895 2554 1970 pronuntio.
2620 1893 2678 1947 In
2737 1889 3039 1946 deﬁciendo
3094 1901 3162 1941 ex
3225 1899 3313 1940 me
3373 1882 3627 1954 spiritum

2062 2005 2265 2059 meum,
2299 1997 2353 2045 et
2384 1998 2441 2043 tu
2492 1984 2797 2058 cognovisti
2840 1981 3062 2038 semitas
3109 1992 3277 2033 meas.
3313 1974 3370 2031 In
3402 1976 3487 2031 via
3527 1975 3628 2029 hac

2061 2100 2168 2154 qua
2194 2080 2563 2143 ambulabam,
2608 2075 3017 2132 absconderant
3052 2073 3304 2141 laqueum
3348 2060 3570 2134 mihi“;
3602 2085 3623 2120 ι

2000 2160 2003 2163 ’
2060 2184 2115 2231 et
2158 2189 2353 2231 rursus
2396 2193 2408 2227 :
2466 2190 2484 2223 ι
2528 2170 2723 2225 Libera
2770 2183 2856 2222 me
2905 2180 2935 2220 a
2978 2159 3433 2235 persequentibus
3476 2173 3565 2214 me
3609 2173 3623 2211 :

2059 2265 2185 2336 quia
2216 2261 2508 2318 confortati
2541 2266 2669 2315 sunt
2699 2272 2865 2329 super
2895 2271 2981 2311 me
2996 2254 3061 2308 ⁸⁷.
3099 2274 3117 2306 ι
3143 2252 3274 2307 Post
3302 2251 3419 2306 haec
3446 2248 3628 2305 conti~

2062 2335 2171 2412 nuo
2207 2356 2276 2411 de
2315 2369 2413 2409 sua
2444 2369 2474 2407 a
2522 2335 2752 2407 mortuis
2798 2345 3205 2421 resurrectione
3240 2358 3407 2400 orans
3435 2341 3568 2397 dicit
3608 2360 3623 2396 :

2065 2471 2084 2505 ‹
2130 2450 2281 2505 Educ
2310 2448 2378 2504 de
2407 2446 2656 2504 custodia
2690 2445 2924 2499 animam
2951 2454 3125 2496 meam
3157 2439 3225 2493 ad
3255 2437 3627 2493 conﬁtendum

2059 2540 2268 2596 nomini
2299 2548 2395 2593 tuo
2427 2553 2441 2591 :
2468 2552 2554 2591 me
2601 2538 2921 2605 exspectant
2949 2531 3108 2601 justi,
3140 2529 3316 2584 donec
3350 2527 3629 2583 retribuas

2060 2630 2274 2685 mihi".
2302 2649 2321 2681 ι
2359 2628 2828 2698 Exspectaverunt
2856 2623 3024 2694 igitur
3048 2636 3242 2678 omnes
3281 2620 3334 2674 hi
3361 2619 3498 2690 justi
3528 2616 3628 2674 do-

2059 2736 2161 2776 nec
2187 2720 2237 2776 ei
2262 2720 2529 2777 retribuat
2555 2718 2734 2785 Pater,
2765 2733 2831 2773 eo
2849 2714 2994 2787 quod
3017 2732 3037 2767 ι
3076 2712 3397 2769 exinaniens
3429 2719 3623 2768 semet-

2060 2814 2260 2885 ipsum,
2331 2814 2593 2869 obediens
2655 2812 2705 2868 ei
2762 2810 2939 2866 factus
2993 2816 3077 2865 est
3134 2820 3308 2877 usque
3352 2803 3422 2860 ad
3476 2818 3627 2858 mor-

2060 2915 2169 2963 tem
2183 2907 2253 2965 ⁸⁹.
2292 2926 2311 2959 ι
2342 2905 2476 2974 Quae
2524 2921 2658 2963 vero
2695 2905 2959 2961 retribuet
2994 2903 3066 2969 ei,
3111 2901 3222 2956 nisi
3253 2918 3271 2952 ι
3303 2904 3495 2971 gentes
3517 2898 3627 2953 he-

2058 3000 2367 3065 reditatem,
2397 3009 2452 3055 et
2476 2998 2857 3070 possessiones
2889 2997 3010 3066 ejus
3032 2993 3299 3050 terminos
3328 2989 3571 3058 terras";
3603 3008 3623 3041 ι
3656 3048 3671 3063 π

2062 3097 2141 3158 ut,
2172 3105 2298 3147 cum
2327 3090 2728 3147 consummatio
2760 3088 3000 3161 gentium
3029 3085 3261 3150 eveniet,
3283 3091 3414 3138 tunc
3439 3089 3494 3139 et
3514 3096 3627 3136 om-

2059 3180 2147 3236 nis
2175 3180 2339 3238 Israel
2368 3182 2628 3246 salvetur,
2664 3181 2959 3251 omniaque
2988 3186 3110 3249 quae
3137 3178 3190 3231 in
3246 3176 3452 3247 psalmo
3482 3172 3627 3229 dicta

386 3270 477 3325 διαὶ
506 3272 535 3325 6
559 3272 666 3333 πᾶς
703 3268 916 3342 Ἰσραὴλ
948 3268 1114 3340 σωθῇ,
1145 3268 1238 3323 καὶ
1268 3268 1363 3322 ὅλα
1389 3268 1445 3322 δὲ
1478 3268 1544 3323 τά
1573 3270 1630 3322 ἐν
1662 3268 1739 3338 τῷ
1761 3267 1957 3339 ψαλμῷ

2064 3278 2212 3339 sunt,
2244 3271 2313 3327 ad
2344 3273 2467 3342 ejus
2510 3272 2945 3328 incarnationem
2975 3270 3029 3325 in
3073 3283 3183 3340 qua
3225 3266 3466 3324 insidiati
3502 3270 3630 3322 sunt

384 3362 691 3436 ἐφαρμόσαι
720 3362 785 3416 ἂν
822 3362 899 3432 τῷ
934 3360 1175 3434 Χριστῷ,
1208 3359 1278 3413 τὰ
1306 3359 1446 3414 κατά
1477 3359 1573 3431 τὴν
1613 3357 1959 3431 ἐνανθρώπη-

385 3470 469 3508 σιν
500 3450 685 3515 αὐτοῦ,
721 3451 839 3504 καθ’
874 3451 941 3522 ἢν
970 3450 1355 3521 ἐπεϐουλεύθη,
1389 3451 1727 3522 περιέχοντα.

899 3564 1294 3619 ΚΕΦΑΛΑΙθΝ
1335 3566 1415 3632 Ic;
1431 3564 1468 3617 '.

963 3654 1211 3724 Ψαλμοῦ
1228 3660 1379 3724 aur-

465 3749 555 3803 Ἐν
591 3750 688 3820 μὲν
719 3747 796 3818 τῷ
829 3745 967 3820 μετά
997 3749 1185 3819 χεῖρας
1219 3744 1420 3818 ψαλμῷ
1449 3745 1686 3816 λέγεται,
1715 3766 1733 3796 ι
1760 3745 1957 3817 Κύριε,

385 3842 559 3897 ιιλῖνον
589 3842 849 3913 οὐρανοὺς
887 3840 981 3894 καὶ
1000 3838 1287 3911 κατάϐηθι,
1324 3858 1342 3889 ι
1386 3837 1520 3893 ἐνδέ
1549 3837 1628 3909 τῷ
1662 3835 1746 3902 ιζ’,
1787 3856 1805 3888 ‹
1849 3837 1960 3892 Καὶ

385 3932 588 3988 ἔκλινεν
608 3935 870 4006 οὐρανοὺς
897 3932 992 3987 καὶ
1018 3930 1242 4001 κατέϐη.
1274 3951 1293 3983 ι
1337 3930 1824 4002 Ἐσημειωσὰμεθα
1853 3929 1953 4001 μὲν

385 4020 476 4079 οὖν
506 4026 665 4080 κάκεῖ
696 4027 789 4079 καὶ
814 4024 875 4078 τὸ
911 4023 1092 4095 ῥητὸν,
1127 4023 1221 4076 καὶ
1252 4022 1485 4078 ἐνταῦθα
1516 4023 1575 4077 δὲ
1606 4024 1797 4077 ταυτὸν
1839 4041 1959 4077 ποιο

385 4112 568 4177 οῦντες
587 4113 715 4186 περὶ
737 4112 830 4167 τοῦ
856 4113 1031 4181 Λόγου
1066 4111 1161 4166 τοῦ
1189 4110 1325 4166 Θεοῦ
1346 4112 1518 4167 ταῦτα
1539 4112 1791 4182 λέγεσθαι
1817 4115 1961 4167 ὑπει-

384 4207 653 4278 λήφαμεν.
698 4205 898 4270 Κλίνας
935 4206 1041 4278 γὰρ
1092 4206 1353 4277 οὐρανοὺς
1383 4204 1464 4276 τῷ
1499 4205 1733 4260 κενῶσαι
1770 4205 1961 4260 ἐαυτὸν

386 4299 483 4371 τῆς
510 4300 828 4371 ἐπουρανίου
860 4301 954 4353 καὶ
985 4303 1042 4353 ἐν
1069 4301 1250 4370 μορφῇ
1273 4297 1408 4352 Θεοῦ
1441 4296 1620 4370 δόξης,
1654 4299 1734 4362 εἰς
1756 4297 1826 4351 τὰ
1861 4316 1960 4352 κα-

390 4389 595 4462 τώτερα
629 4391 729 4462 τῆς
778 4390 883 4462 γῆς
918 4389 1246 4460 κατελήλυθε
1288 4388 1353 4442 δι’
1383 4389 1452 4459 ἥν
1492 4388 1776 4454 ἀνεδέξατο
1819 4390 1959 4463 ὑπὲρ

387 4477 481 4549 τῆς
514 4478 814 4551 ἀνθρώπων
856 4480 1126 4553 σωτηρίας
1170 4479 1507 4551 οἰκονομίαν·
1549 4479 1670 4533 ὅθεν
1715 4479 1821 4552 πρὸ
1865 4478 1959 4533 τοῦ

387 4571 694 4634 ἐκτεθέντος
733 4573 894 4643 ῥητοῦ
928 4571 1322 4644 ἀποθαυμάσας
1355 4574 1385 4625 6
1409 4571 1563 4640 λόγος
1596 4571 1728 4642 φησί
1751 4588 1765 4602 ’
1799 4590 1818 4622 ι
1847 4570 1961 4625 Κύ-

2060 3364 2134 3430 ei,
2172 3362 2502 3421 referantur.

2654 3556 2882 3614 CAPUT
2918 3555 3056 3611 XVI.

2236 3651 2285 3708 E
2311 3651 2515 3723 psalmo
2539 3652 2820 3706 centesimo
2845 3648 3252 3720 quadragesimo
3284 3646 3457 3701 tertio.

2131 3744 2192 3802 In
2225 3747 2330 3803 hoc
2356 3744 2565 3816 psalmo
2595 3742 2836 3798 dicitur:
2877 3759 2897 3792 ‹
2937 3739 3182 3805 Domine,
3209 3735 3422 3791 inclina
3459 3731 3627 3790 caelos

2061 3848 2187 3897 tuos
2224 3847 2280 3894 et
2312 3837 2685 3903 descende";
2727 3855 2745 3888 ι
2779 3843 2829 3890 et
2868 3833 2922 3888 in
2952 3832 3164 3888 decimo
3192 3829 3429 3901 septimo
3456 3839 3471 3879 :
3504 3842 3525 3877 ι
3547 3824 3612 3880 In

2059 3934 2284 3991 clinavit
2312 3933 2483 3989 ccelos
2509 3939 2563 3988 et
2593 3929 2959 3986 descendit".
2991 3946 3010 3979 ι
3037 3923 3391 3981 Ostendimus
3419 3919 3553 3991 jam,
3575 3912 3625 3975 et

2058 4043 2208 4083 nunc
2249 4026 2447 4081 iterum
2485 4024 2601 4078 lucc
2632 4021 2699 4077 de
2724 4019 2901 4076 Verbo
2933 4018 3026 4072 Dei
3084 4009 3501 4072 commemorari
3531 4006 3625 4063 de-

2061 4124 2450 4174 monstramus.
2475 4113 2752 4170 Inclinans
2774 4110 2920 4168 enim
2951 4109 3140 4171 cmlos,
3173 4120 3297 4162 cum
3328 4103 3626 4166 caelestem,

2059 4219 2115 4268 et
2149 4210 2243 4266 Dei
2279 4208 2464 4281 gloriae
2510 4208 2741 4262 formam
2789 4209 3031 4265 exueret,
3071 4201 3126 4256 in
3186 4193 3619 4271 profundissima

2060 4312 2222 4358 terra:
2252 4298 2538 4356 descendit
2582 4312 2646 4352 ea
2680 4294 2860 4366 specie
2899 4307 3063 4363 quam
3102 4305 3202 4362 pro
3229 4286 3511 4342 hominum
3543 4297 3624 4337 sa-

2061 4396 2174 4450 lute
2203 4391 2430 4463 accepit.
2460 4388 2614 4445 Unde
2639 4399 2764 4443 ante
2792 4386 2908 4440 haec
2962 4397 3085 4454 quae
3129 4379 3417 4437 retulimus
3443 4374 3625 4431 verba-

2061 4487 2312 4560 psalmus
2343 4484 2620 4540 admirans
2649 4480 2782 4536 dicit
2813 4497 2826 4534 :
2869 4496 2888 4528 ι
2929 4476 3175 4540 Domine,
3200 4471 3330 4543 quid
3357 4475 3442 4525 est
3469 4467 3627 4522 homo

2065 4578 2194 4650 quia
2226 4577 2514 4633 innotuisti
2554 4575 2626 4638 ei,
2659 4580 2755 4629 aut
2778 4572 2924 4628 ﬁlius
2963 4568 3222 4633 hominis,
3248 4564 3378 4636 quia
3409 4568 3625 4632 reputas

387 4682 492 4735 ριε,
532 4664 583 4718 τί
618 4638 764 4718 ἐστιν
788 4638 1075 4734 ἀνθρωπος
1117 4638 1198 4719 ὃτι
1242 4638 1519 4735 ἐγνώσθης
1568 4638 1735 4732 αύτῷ,
1776 4663 1810 4735 ἢ
1849 4663 1957 4727 υἱὸς

2065 4638 2189 4729 eum
2207 4671 2253 4705 "
2281 4671 2305 4726 ?
2342 4692 2361 4723 ι
2385 4669 2666 4724 Inclinatis
2694 4680 2844 4737 ergo,
2872 4664 3015 4720 sicut
3038 4660 3300 4722 diximus,
3326 4654 3500 4720 caelis,
3521 4653 3618 4707 de-

386 4754 669 4828 ἀνορώπου
695 4755 776 4808 ὅτι
804 4754 994 4829 λογίζῃ
1033 4753 1227 4823 αὐτόν;
1262 4773 1280 4807 ι
1313 4754 1406 4818 El;
1442 4754 1597 4808 τοῦτο
1626 4753 1735 4825 γὰρ
1777 4752 1957 4818 κλίνας

2066 4763 2286 4820 scendit
2321 4760 2416 4818 Dei
2456 4759 2721 4823 Verbum,
2764 4763 2823 4811 ut
2864 4753 3115 4826 cognitus
3140 4750 3291 4807 Ileret
3314 4747 3625 4801 incarnatus

386 4850 510 4912 τοῦς
542 4846 865 4916 λεγομένους
913 4847 1172 4918 οὐρανοὺς
1208 4845 1571 4918 κατελήλυθεν
1614 4846 1643 4897 6
1688 4844 1781 4898 τοῦ
1822 4844 1957 4898 Θεοῦ

2063 4854 2346 4911 hominum
2387 4852 2594 4925 generi,
2616 4848 2763 4922 quod
2788 4847 2942 4917 prius
2962 4843 3249 4918 ignorabat
3273 4853 3425 4904 eum;
3455 4849 3623 4905 neque

388 4941 577 5008 Λόγος,
599 4939 675 5003 ὡς
701 4939 768 4994 ἂν
793 4938 1060 5010 γνωσθείη
1091 4937 1515 5011 ἐνανθρωπήσας
1531 4937 1608 5010 τῷ
1627 4937 1735 4991 τῶν
1756 4936 1957 5009 ἀνθ

2060 4946 2388 5019 contempsit
2430 4945 2692 5016 parvique
2755 4942 2911 4998 duxit
2941 4938 3108 4994 lilium
3148 4931 3419 4993 hominis,
3455 4927 3509 4983 id
3547 4935 3626 5019 est

389 5048 503 5084 πων
532 5031 676 5100 γένει
713 5030 972 5101 πρότερον
1008 5029 1368 5102 ἀγνοούμενος
1389 5029 1536 5100 αύτῷ
1560 5044 1573 5057 ·
1609 5031 1703 5083 καὶ
1717 5030 1778 5082 οὐ
1800 5046 1957 5100 περι-

2064 5018 2293 5095 omnem
2320 5037 2617 5108 spiritalem
2649 5042 2703 5090 et
2731 5034 2797 5088 ad
2828 5029 3114 5101 imaginem
3152 5023 3245 5079 Dei
3285 5021 3481 5077 factam
3508 5018 3619 5073 ani-

386 5124 680 5195 εφρόνησεν
728 5123 854 5194 παρ’
912 5122 1064 5176 οὐδὲν
1128 5122 1471 5194 ἡγησάμενος
1522 5122 1615 5174 τὸν
1671 5122 1957 5192 γενόμενον

2066 5144 2230 5185 mam.
2262 5128 2493 5199 Reliqua
2529 5142 2660 5183 vero
2692 5122 2889 5196 psalmi
2929 5116 3249 5192 spiritaliter
3280 5111 3615 5182 intelligenti-

386 5214 500 5268 υἱὸν
540 5211 848 5284 ἀνθρώπου,
893 5210 1037 5266 τοῦτ’
1066 5208 1179 5265 ἔστι
1229 5213 1408 5265 πᾶσαν
1445 5210 1543 5282 τὴν
1591 5209 1814 5281 λογικὴν
1865 5212 1957 5264 καὶ

2067 5224 2168 5279 bus
2194 5222 2482 5295 perspicua
2505 5227 2684 5276 erunt.

387 5305 505 5359 κατ’
539 5304 723 5357 εἰκόνα
758 5301 892 5355 Θεοῦ
924 5302 1221 5374 γενομένην
1251 5301 1448 5373 ψυχήνο
1489 5301 1580 5355 καὶ
1614 5301 1684 5355 τὰ
1717 5300 1876 5355 λοιπὰ
1903 5301 1960 5356 δὲ

387 5395 481 5450 τοῦ
514 5394 727 5465 ψαλμοῦ
761 5394 1146 5466 πνευματικῶς
1166 5395 1520 5465 ἐκλαμϐάνων
1546 5394 1817 5464 νοήσειας.

908 5507 1302 5561 ΚΕΦΑΛΑΙΟΝ
1341 5509 1435 5561 IZ’.

967 5599 1215 5669 Ψαλμοῦ
1236 5598 1380 5670 put".

460 5696 567 5750 Καὶ
592 5695 672 5762 τὸ,
701 5715 718 5747 ς
772 5697 828 5749 Ὀ
869 5693 1211 5749 ἀποστέλλων
1243 5694 1302 5747 τὸ
1344 5693 1521 5762 λόγιον
1559 5691 1721 5746 αὑτοῦ
1767 5695 1834 5764 τῇ
1866 5694 1957 5763 γῇ,

2627 5503 2856 5562 CAPUT
2886 5501 3048 5559 XVII.

2200 5600 2244 5655 E
2278 5599 2481 5670 psalmo
2511 5597 2790 5653 centesimo
2816 5591 3225 5667 quadragesimo
3256 5589 3499 5660 septimo.

2144 5710 2163 5744 ι
2203 5691 2309 5758 Qui
2354 5690 2552 5747 emittit
2605 5688 2879 5759 eloquium
2922 5700 3081 5742 suum
3135 5690 3319 5749 terrae,
3370 5678 3621 5735 velociter

467 5851 512 5883 “
541 5852 682 5909 Psal.
718 5870 864 5918 exn,
900 5855 955 5910 8.
1028 5854 1076 5917 ε’
1114 5851 1276 5908 Hebr.
1315 5868 1391 5915 χι,
1428 5852 1518 5917 '59,
1547 5851 1636 5906 40.
1711 5851 1757 5884 ⁸⁸
1792 5848 1936 5907 Psal.

2057 5865 2114 5911 ιι.
2148 5848 2290 5918 3,}.
2363 5848 2408 5879 ⁸⁷
2426 5845 2557 5901 ibid.
2595 5846 2649 5918 ἲ.
2725 5846 2768 5878 ⁸⁸
2805 5843 2937 5901 ibid.
2972 5845 3025 5899 8.
3104 5841 3149 5874 ”
3175 5839 3412 5913 Philipp.
3471 5849 3539 5900 lt,
3569 5833 3619 5889 Β.

390 5922 436 5955 *θ
475 5920 616 5979 Psal.
656 5941 727 5992 ιι,
759 5925 811 5980 8.

891 5926 932 5956 εί
971 5912 1115 5981 Psal.
1145 5939 1342 5986 CXLIII.
1380 5912 1432 5978 5.
1507 5912 1551 5956 δ’
1593 5922 1735 5978 Psal.
1772 5937 1919 5986 xvu,
1957 5919 2046 5975 IO.
2118 5919 2166 5950 ⁹³
2205 5912 2349 5974 Psal.
2384 5931 2587 5980 cxuu,
2619 5917 2672 5972 3.
