4106 6472
493 461 631 518 “lii

1193 456 1464 514 EUSEBII
1503 454 1981 526 CESARIENSIS
2017 455 2168 512 OPP.
2203 454 2382 510 PARS
2419 454 2507 510 Ill.
2544 486 2614 496 —
2651 453 3065 512 EXEGETICA.

3601 457 3738 514 1116

491 573 664 631 currit
693 585 872 627 sermo
900 569 1102 640 ejus".
1143 589 1162 623 ι
1197 570 1311 626 lloc
1351 571 1760 642 intelligendum
1792 571 2008 627 videtur
2037 613 2040 624 .

2157 573 2260 635 ἕως
2293 571 2490 641 τάχους
2533 571 2818 642 δραμεῖται
2866 573 2896 624 ὁ
2922 569 3078 640 λόγος
3116 569 3302 635 αὐτοῦ,
3341 589 3360 622 ι
3394 585 3740 644 παρασημει-

489 664 646 736 quasi
682 663 912 718 docente
936 661 1040 716 hoc
1069 661 1190 717 loco
1227 661 1510 733 Scriptura
1557 663 2058 734 aliquid-substan-

488 757 692 811 tialiter
722 771 844 810 esse
869 753 963 810 Dei
996 753 1257 818 Verbum,
1278 771 1401 810 cum
1426 757 1497 811 sit
1525 757 1666 818 alius
1688 771 1751 810 ac
1772 755 1936 810 Pater
1965 755 2059 826 qui

489 847 637 903 misit
669 863 817 903 eum.
853 845 1086 902 Attende
1123 849 1398 917 quomodo
1428 856 1798 918 congruenter
1827 847 2058 918 adjicia-

485 948 617 992 tur:
657 959 675 991 ι
715 939 893 994 Donec
959 939 1216 994 velociter
1283 941 1457 994 currit
1495 955 1676 994 sermo
1707 941 1844 1010 ejus.
1895 959 1912 990 ι
1947 939 2061 996 [loc

487 1031 839 1103 adimpletum
874 1032 1058 1087 videre
1085 1040 1168 1086 est
1201 1041 1324 1102 post
1349 1033 1781 1088 incarnationem
1812 1032 2057 1098 Christi,

487 1122 624 1178 adeo
663 1123 990 1180 brevissimo
1023 1124 1286 1196 temporis
1327 1123 1524 1193 spatio,
1559 1134 1722 1193 atque
1759 1121 1812 1176 in
1845 1138 2058 1177 onmem

487 1219 687 1270 terram
719 1218 908 1285 paucis
936 1217 1095 1272 annis
1123 1231 1298 1287 usque
1345 1215 1408 1270 ad
1463 1215 1727 1269 terminos
1765 1221 1923 1269 terrae
1955 1212 2062 1268 dif—

2163 661 2403 716 ὤσασθαι
2429 662 2624 728 ἔδοξεν,
2647 662 2721 726 ὡς
2742 661 3096 734 διδασκούσης
3119 663 3213 715 καὶ
3231 661 3462 716 ἐνταῦθα
3483 663 3582 734 τῆς
3603 663 3742 736 Γρα-

2164 756 2269 824 φῆς
2300 753 2376 817 ὠς
2407 753 2512 824 ἄρα
2546 753 2846 807 ὑπόστατόν
2879 771 2933 806 τι
2969 755 3198 826 πρᾶγμα
3227 756 3255 808 ὁ
3281 753 3372 808 τοῦ
3399 754 3534 808 Θεοῦ
3569 754 3742 824 Λόγος

2162 846 2436 916 τυγχάνει,
2473 844 2658 912 ἕτερος
2689 845 2765 897 ῶν
2810 845 2961 918 παρὰ
3016 846 3106 898 τὸν
3156 845 3549 900 ἀποστέλλοντα
3595 846 3743 917 αὐτῷ

2163 937 2410 1005 Πατέρα·
2441 937 2541 1009 ὅρα
2569 937 2625 989 δὲ
2654 937 2770 1001 πῶς
2800 938 2924 1010 ἑξῆς
2953 939 3271 1010 ἐπιφέρεται
3306 938 3384 1002 τὸ,
3423 957 3441 989 ι
3483 939 3625 1003 Ἕως
3647 939 3744 992 τά-

2162 1045 2290 1098 χους
2331 1029 2616 1100 δραμεῖται
2645 1031 2672 1082 ὁ
2715 1029 2870 1098 λόγος
2902 1029 3096 1082 αὐτοῦ·
3133 1049 3150 1080 ι
3181 1029 3210 1082 δ
3237 1030 3329 1082 καὶ
3366 1030 3497 1082 αὐτὸ
3535 1029 3744 1102 πεπλη-

2164 1119 2403 1190 ρωμένον
2439 1119 2586 1173 ἔστιν
2634 1119 2758 1173 ίδείν
2803 1121 2939 1191 μετὰ
2986 1121 3086 1194 τὴν
3129 1119 3364 1193 Χριστοῦ
3417 1119 3740 1192 παρουσίαν,

2160 1209 2302 1262 οὕτω
2339 1211 2397 1263 ἐν
2433 1210 2635 1282 σφόδρα
2671 1209 2861 1283 βραχεῖ
2892 1211 3067 1282 χρόνῳ
3093 1211 3514 1284 διαδραμούσης,
3541 1213 3636 1266 καὶ
3659 1213 3742 1276 εἰς

2161 1303 2340 1354 πᾶσαν
2371 1301 2468 1373 τὴν
2521 1303 2623 1374 γῆν
2650 1304 2707 1355 ὲν
2747 1305 2806 1356 ού
2844 1301 3056 1366 πολλοῖς
3094 1303 3237 1356 ἔτεσι
3295 1303 3455 1376 μέχρι
3492 1302 3585 1356 καὶ
3631 1303 3740 1356 τῶν

2162 1395 2409 1465 περάτων
2457 1395 2554 1466 τῆς
2603 1394 2924 1466 οἰκουμένης
2972 1394 3378 1466 κεκρατηκυίας
3430 1393 3594 1448 αὐτοῦ
3645 1394 3744 1466 τῆς

2159 1484 2396 1557 διδαχῆς.
2595 1486 2598 1491 ’

489 1303 609 1360 fusa
641 1306 759 1376 ejus
779 1307 1086 1379 disciplina.

629 1682 676 1736 E
707 1683 912 1754 psalmo
944 1685 1220 1738 centesimo
1253 1683 1655 1754 quadragesimo
1691 1691 1892 1736 octavo.
2725 1691 2975 1760 Ψαλμοῦ
3005 1689 3164 1760 ρμη’.

555 1780 688 1846 Quae
729 1781 818 1834 hic
859 1780 1164 1834 dicuntur:
1200 1799 1217 1831 ι
1251 1778 1500 1833 Laudent
1555 1791 1752 1832 nomen
1803 1775 2040 1841 Domini,

2229 1783 2338 1836 Καὶ
2369 1780 2428 1836 τὸ
2461 1781 2646 1836 ἐνθάδε
2677 1779 2986 1854 λεγόμενον,
3019 1803 3036 1834 ι
3069 1783 3448 1837 Λίνεσάτωσαν
3479 1779 3540 1835 τὸ
3569 1779 3738 1853 ὄνομα

484 1872 612 1941 quia
629 1872 744 1940 ipse
759 1871 914 1936 dixit,
936 1880 989 1926 et
1007 1871 1144 1925 facta
1164 1879 1311 1934 sunt,
1338 1871 1452 1939 ipse
1471 1869 1766 1933 mandavit,
1797 1879 1850 1922 et
1871 1874 2040 1922 creata

2157 1874 2384 1945 Κυρίου,
2416 1874 2498 1926 ὅτι
2531 1873 2690 1938 αὐτὸς
2735 1870 2884 1928 εἶπεν
2925 1875 3018 1928 καὶ
3064 1871 3417 1946 ἐγενήθησαν,
3458 1872 3618 1937 αὐτὸς
3653 1875 3739 1926 ὲν-

485 1965 696 2026 snnt",
738 1983 757 2014 ι
791 1963 845 2017 in
871 1963 1199 2018 testimoniis
1228 1963 1296 2022 de
1327 1962 1418 2015 Dei
1437 1961 1615 2016 Verbo
1644 1961 1699 2015 in
1730 1961 1887 2014 initio
1911 1960 2040 2030 apud

2155 1965 2394 2018 ετείλατο
2420 1966 2514 2019 καὶ
2549 1965 2894 2036 ἐκτίσθησαν,
2935 1985 2952 2017 ι
2990 1967 3047 2018 ἐν
3078 1967 3189 2028 τοῖς
3221 1965 3348 2035 περὶ
3377 1963 3472 2018 τοῦ
3506 1966 3563 2018 ὲν
3592 1965 3736 2036 ἀρχῇ

485 2048 652 2110 Βθυινίι
682 2055 793 2125 jam
816 2056 1122 2112 retulimus.
1159 2054 1252 2110 Dei
1284 2053 1546 2116 Verbum,
1579 2068 1887 2124 nomenque
1933 2053 2040 2123 ejus

2155 2057 2291 2127 πρὸς
2321 2058 2410 2110 τὸν
2451 2057 2582 2110 Θεὸν
2617 2056 2748 2110 Θεοῦ
2781 2057 2954 2126 Λόγου
2991 2056 3308 2129 μαρτυρίοις
3341 2053 3734 2125 ἀνελεξάμεθα,

483 2148 718 2218 quadam
767 2147 1212 2202 denominatione
1265 2145 1333 2200 de
1383 2161 1448 2200 eo
1495 2145 1852 2216 cogitationes
1909 2145 2054 2201 desi-

482 2255 649 2310 gnare
669 2247 1005 2309 compertum
1035 2239 1317 2296 habentes.
1349 2240 1484 2292 Cum
1512 2239 1676 2308 igitur
1698 2237 1903 2292 dictum
1931 2247 2046 2293 est:

486 2349 506 2382 ι
546 2329 788 2385 Laudate
821 2329 1194 2397 Dominum",
1236 2351 1254 2384 ι
1287 2332 1490 2402 passim
1513 2337 1877 2401 congruenter
1896 2330 2051 2400 jubet

482 2419 720 2493 Spiritus
753 2421 968 2478 Patrem
1014 2421 1253 2487 laudare,
1287 2423 1508 2477 nomine
1545 2423 1664 2493 ejus
1717 2437 2049 2478 commemo-

479 2521 620 2578 rato,
655 2533 672 2564 ι
711 2516 967 2583 quoniam
1001 2513 1116 2584 ipse
1142 2513 1281 2568 dixit
1313 2521 1366 2568 et
1401 2512 1545 2568 facta
1575 2515 1723 2580 sunt,
1749 2514 1866 2586 ipse
1900 2530 2048 2568 man-

477 2604 628 2660 davit
655 2615 708 2660 et
731 2616 912 2660 creata
947 2616 1094 2662 sunt.
1139 2627 1157 2658 ι
1198 2607 1370 2677 Igitur
1402 2606 1722 2676 praecipiens
1749 2615 1912 2677 atque
1945 2607 2048 2661 im-

477 2711 678 2767 perans
708 2710 854 2756 esset
883 2701 1127 2754 omnium
1154 2700 1298 2756 Deus
1317 2707 1370 2754 et
1397 2699 1582 2767 Pater,
1615 2699 2044 2756 snbministrans

474 2804 606 2844 vero
633 2789 726 2845 Dei
761 2791 1020 2856 Verbum,
1049 2800 1104 2847 et
1134 2792 1323 2862 patria:
1366 2791 1633 2847 voluntati
1687 2791 1947 2847 obediens
1989 2792 2044 2846 in

473 2899 658 2938 rerum
711 2886 954 2938 omnium
999 2885 1294 2939 creatione.
1345 2883 1903 2939 Animadvertendum
1960 2891 2044 2940 est

472 2974 590 3029 haec
623 2974 810 3029 eadem
849 2975 903 3029 in
943 2973 1226 3030 tricesimo
1248 2975 1490 3030 secundo
1531 2975 1740 3046 psalmo
1785 2990 2044 3044 expresse

470 3064 574 3120 dici
609 3084 622 3120 :
656 3083 675 3116 ‹
715 3066 833 3135 Ipse
862 3067 1017 3132 dixit,
1059 3077 1112 3121 et
1144 3066 1284 3121 facta
1321 3075 1472 3132 sunt,
1514 3067 1629 3136 ipse
1656 3066 1954 3132 mandavit,
1989 3075 2042 3123 et

469 3163 654 3210 creata
692 3158 900 3210 sunt“.
933 3178 952 3210 ι
994 3157 1100 3212 Sed
1149 3159 1221 3214 ibi
1267 3157 1488 3228 quidem
1533 3165 1678 3212 terra
1733 3167 2042 3228 terramque

2151 2147 2243 2200 τὸν
2275 2147 2368 2201 τοῦ
2417 2147 2550 2201 Θεοῦ
2586 2148 2778 2216 Λόγον,
2815 2149 2909 2202 καὶ
2951 2147 3123 2219 ὄνομα
3171 2146 3333 2202 αὐτοῦ
3377 2143 3734 2219 χρηματίζειν

2155 2240 2531 2311 μεμαθηκότες
2569 2241 2712 2294 κατά
2744 2258 2866 2294 τινα
2917 2239 3285 2312 προσηγορίαν
3329 2238 3438 2294 τῶν
3476 2239 3604 2311 περὶ
3634 2237 3735 2291 αύ-

2150 2329 2241 2384 τοῦ
2266 2329 2552 2383 ἐπινοιῶνο
2583 2329 2718 2401 μετὰ
2751 2329 2880 2399 γοῦν
2913 2329 2974 2383 τὸ
3015 2333 3316 2402 προειπεῖν,
3354 2347 3372 2381 t
3409 2314 3618 2382 Αἰνεῖτέ
3642 2328 3735 2384 τὸν

2149 2424 2373 2497 Κύριον,
2417 2445 2436 2477 ι
2473 2424 2596 2477 τάδε
2643 2425 2738 2477 καὶ
2777 2423 2901 2477 τάδε
2944 2421 3252 2486 ἀκολούθως
3299 2419 3734 2493 παρακελεύεται

2145 2517 2208 2570 τὸ
2239 2516 2463 2586 Πνεῦμα
2491 2517 2660 2569 αίνεῖν
2693 2515 2755 2586 (f.
2790 2513 2879 2586 24)
2911 2514 3047 2586 μετὰ
3074 2513 3163 2569 τὸν
3197 2513 3438 2586 Πατέρα,
3472 2512 3532 2566 τὸ
3560 2511 3732 2583 ὄνομα

2148 2605 2310 2660 αὑτοῦ
2337 2606 2619 2675 ἐπιλέγων,
2655 2625 2673 2656 ι
2697 2607 2785 2670 Ὠς
2818 2607 2924 2678 ἄρα
2954 2605 3114 2668 αὐτὸς
3144 2601 3318 2671 εἶπεν,
3356 2606 3448 2659 καὶ
3473 2594 3730 2676 ἐγενήθη-

2148 2715 2266 2761 σαν,
2307 2699 2466 2762 αύτὸς
2490 2697 2808 2761 ἐνετείλατο,
2844 2699 2938 2752 καὶ
2979 2695 3326 2768 ἐκτίσθησαν.
3361 2719 3378 2750 ι
3423 2699 3480 2751 Ὀ
3507 2697 3604 2768 μὲν
3637 2693 3730 2750 οὖν

2145 2792 2495 2864 προστάττων
2519 2791 2612 2844 καὶ
2636 2789 3010 2860 ἐντελλόμενος
3038 2788 3124 2860 εἴη
3153 2789 3217 2844 ἂν
3240 2793 3268 2844 ὁ
3305 2791 3413 2844 τῶν
3442 2790 3580 2846 ὅλων
3599 2788 3728 2852 Θεδς

2144 2882 2236 2936 καὶ
2265 2880 2472 2952 Πατὴρ,
2505 2885 2532 2936 ὁ
2563 2881 2608 2934 δ’
2635 2882 2966 2954 ὑπουργῶνὸ
2992 2882 3083 2936 τοῦ
3110 2881 3244 2936 Θεοῦ
3274 2883 3443 2952 Λόγος
3462 2882 3728 2954 ἐξυπηρε-

2141 2971 2399 3042 τούμενος
2421 2969 2498 3041 τῷ
2547 2969 2798 3042 πατρικῴ
2842 2969 3104 3042 θελήματι
3133 2971 3266 3042 πρὸς
3293 2970 3390 3042 τὴν
3427 2969 3536 3022 τῶν
3568 2984 3726 3038 γενη-

2141 3062 2246 3115 τῶν
2269 3061 2646 3133 δημιουργίαν.
2689 3061 2965 3132 Τηρητέον
3006 3061 3050 3114 δ’
3083 3063 3164 3115 ὅτι
3205 3063 3298 3114 καὶ
3331 3065 3388 3115 ὲν
3415 3059 3494 3114 λϐ¹
3525 3058 3726 3131 ψαλμῷ

2141 3152 2280 3206 κατὰ
2307 3152 2448 3217 λέξιν
2471 3151 2766 3224 ἐμφέρεται
2794 3152 2872 3215 τὺ,
2899 3171 2916 3201 ι
2953 3153 3122 3216 Αὐτὸς
3150 3149 3321 3216 εἶπεν,
3350 3151 3445 3205 καί¹
3467 3152 3725 3223 ἐγενήθη-

469 3243 838 3302 inhabitantes
881 3247 1270 3317 designantur;
1301 3248 1392 3303 hic
1439 3261 1570 3302 vero
1619 3262 1740 3317 quae
1779 3247 1832 3302 in
1884 3248 2038 3303 caelis

2142 3261 2260 3308 σαν,
2295 3243 2458 3306 αὐτὸς
2501 3243 2820 3306 ἐνετείλατο,
2853 3243 2945 3294 καὶ
2993 3242 3348 3314 ἐκτίσθησαν·
3393 3265 3412 3295 ι
3447 3241 3562 3296 ἀλλ’
3608 3243 3727 3296 ἐκεῖ

467 3343 618 3402 sunt,
651 3339 1008 3394 excelsissimi
1043 3341 1221 3410 angeli
1247 3349 1302 3395 et
1332 3347 1648 3416 potestates,
1677 3339 1780 3400 sol,
1805 3346 1857 3392 et
1885 3339 2033 3406 luna,

465 3433 520 3478 et
554 3427 752 3494 sidera,
783 3439 836 3484 et
869 3432 1050 3484 on‘mia
1080 3448 1201 3502 qua:
1231 3447 1389 3487 sacra
1420 3439 1706 3486 enumerat
1733 3431 2032 3501 Scriptura,

463 3512 662 3570 docent
693 3534 793 3572 nos
829 3521 972 3590 quod
1004 3537 1098 3591 per
1125 3519 1388 3584 Verbum,
1413 3529 1472 3574 ut
1516 3521 1593 3575 ait
1635 3529 1860 3576 sanctus
1888 3523 2034 3592 Apo-

463 3609 658 3673 stolus,
699 3628 720 3662 ι
749 3613 965 3667 condita
997 3621 1126 3666 sunt
1157 3615 1412 3667 universa
1435 3613 1486 3666 in
1507 3613 1682 3676 caelis,
1702 3621 1754 3667 et
1781 3613 1836 3666 in
1864 3621 2030 3680 terra,

461 3697 694 3754 visibilia
727 3710 780 3756 et
812 3703 1128 3768 invisibilia,
1191 3705 1304 3759 sive
1327 3705 1529 3766 throni,
1561 3704 1676 3759 sive
1705 3703 2033 3758 dominatio-

459 3799 580 3848 nes,
615 3788 729 3844 sive
770 3792 1132 3861 principatus,
1176 3793 1292 3848 sive
1319 3800 1618 3862 potestates
1661 3811 1673 3846 :
1716 3791 1898 3846 omnia
1931 3807 2028 3862 per

459 3869 636 3940 ipsum
682 3884 736 3932 et
779 3878 834 3932 in
868 3881 990 3949 ipso
1027 3891 1208 3937 creata
1233 3882 1461 3952 suntj”:
1495 3891 1548 3938 et
1592 3883 1711 3938 sine
1738 3882 1854 3951 ipso
1887 3882 2024 3936 nihil

459 3965 661 4022 factum
704 3978 788 4024 est
809 3972 899 4027 ’3‘.
945 3992 964 4024 ι

2143 3338 2240 3408 μὲν
2272 3336 2399 3408 περὶ
2425 3337 2523 3406 τῆς
2545 3339 2646 3407 γῆς
2677 3335 2772 3388 καὶ
2796 3334 2902 3387 τῶν
2927 3335 3321 3388 κατοικούντων
3352 3335 3452 3404 τὴν
3477 3333 3725 3406 οίκουμό-

2135 3447 2232 3498 νην
2263 3427 2494 3499 εἴρηται,
2519 3427 2704 3480 ἐνθάδε
2735 3425 2790 3478 δὲ
2821 3426 2946 3497 περὶ¹
2972 3426 3079 3479 τῶν
3119 3429 3176 3479 ὲν
3213 3427 3458 3498 οὐρανοῖς
3488 3426 3580 3480 καὶ
3613 3425 3724 3478 τῶν

2135 3521 2438 3592 λεγομένων
2473 3524 2528 3574 ἐν
2555 3520 2795 3590 ὑψίστοις
2825 3519 3067 3587 ἀγγέλων
3093 3537 3150 3572 τε
3177 3523 3270 3574 καὶ
3296 3520 3598 3590 δυνάμεων,
3638 3517 3722 3572 ἔτι

2133 3630 2192 3666 τε
2210 3613 2359 3684 ἡλίου
2383 3613 2474 3665 καὶ
2497 3611 2723 3683 σελήνης
2745 3611 2838 3663 καὶ
2856 3611 3090 3680 ἄστρων,
3108 3615 3203 3666 καὶ
3223 3613 3436 3666 πάντων
3457 3612 3566 3664 τῶν
3589 3609 3720 3680 ἑξῆς

2135 3703 2694 3774 συγκατειλεγμὲνων,
2739 3701 3094 3772 διδασκούσης
3137 3706 3285 3774 ἡμᾶς
3341 3705 3440 3776 τῆς
3467 3702 3618 3766 θείας
3658 3703 3718 3755 ὲν

2133 3793 2337 3858 τούτοις
2365 3795 2607 3866 Γραφῆς,
2632 3794 2707 3856 ὼς
2726 3792 2833 3864 ἄρα
2855 3791 2942 3845 διὰ
2965 3793 3058 3845 τοῦ
3081 3794 3254 3863 Λόγου
3285 3795 3426 3848 κατὰ
3453 3793 3544 3846 τὸν
3570 3791 3716 3861 ἱερὸν

2143 3887 2459 3941 Ἀπόστολον
2494 3905 2512 3938 ι
2567 3885 2818 3956 Ἐκτίσθη
2867 3884 2934 3938 τὰ
2967 3887 3142 3940 πάντα
3173 3887 3241 3940 τά
3267 3903 3326 3940 τε
3370 3889 3428 3939 ὲν
3459 3887 3574 3948 τοῖς
3617 3883 3715 3935 ού-

2131 3981 2309 4048 ρανοῖς
2343 3979 2436 4034 καὶ
2463 3979 2530 4032 τὰ
2566 3979 2656 4032 ἐπὶ
2681 3978 2780 4048 τῆς
2813 3977 2936 4046 γῆς,
2976 3977 3088 4030 εἴτε
3116 3977 3304 4048 ὁρατὰ,
3343 3977 3452 4032 εἴτε
3481 3977 3714 4048 ἀόρατα,

454 4057 562 4111 εἴτε
592 4059 790 4130 θρόνοι,
840 4063 949 4116 εἴτε
989 4067 1326 4138 κυριότητες,
1367 4066 1476 4119 εἴτε
1507 4068 1693 4137 ἀρχαὶ,
1737 4068 1844 4122 εἴτε
1888 4065 2123 4133 ἐξουσίαι
2147 4088 2162 4103 ο
2224 4072 2292 4126 τὰ
2331 4073 2506 4128 πάντα
2537 4075 2603 4128 δι’
2641 4076 2806 4130 αὐτοῦ
2841 4077 2934 4130 καὶ
2968 4078 3024 4130 ὲν
3070 4077 3217 4149 αύτῷ
3292 4077 3554 4129 ἔκτισται·
3615 4075 3711 4128 καὶ

452 4153 622 4225 χωρὶς
646 4155 810 4208 αὑτοῦ
851 4157 1065 4225 ἐγένετο
1096 4159 1215 4212 οὐδὲ
1240 4160 1318 4212 ἓν.
1359 4179 1378 4212 ι

524 4243 649 4298 Haec
694 4254 881 4299 nostra
911 4248 963 4301 in
987 4246 1234 4314 Psalmos
1263 4248 1596 4318 explanatio.
1627 4245 1756 4302 Post
1793 4246 2014 4302 brevius

450 4343 506 4391 et
539 4337 816 4406 proposito
838 4339 1086 4395 idoneum
1117 4358 1237 4398 sum
1255 4342 1506 4404 marium,
1539 4348 1762 4395 caeteras
1789 4341 1842 4394 in
1885 4355 2016 4410 poe-

449 4426 590 4482 ticos
628 4427 820 4494 libros,
851 4431 1132 4504 primoque
1159 4432 1214 4487 in
1245 4431 1536 4502 prophetas
1564 4431 1782 4500 eclogas
1816 4445 2010 4502 aggre-

448 4516 684 4576 diemur.

2193 4245 2440 4300 Τοσαῦτα
2485 4247 2584 4318 μὲν
2605 4247 2666 4320 δὴ
2695 4247 2766 4302 τὰ
2799 4251 2908 4305 ἀπὸ
2936 4251 3043 4305 τῶν
3071 4252 3317 4324 Ψαλμῶν
3335 4270 3348 4284 ⁸
3389 4255 3614 4327 μετρίαν
3646 4253 3706 4310 δὲ

2121 4337 2214 4390 καὶ
2234 4337 2476 4409 αὐτάρκη
2504 4338 2598 4392 τοῦ
2621 4339 2777 4408 λόγου
2811 4344 3156 4414 περιγραφὴν
3179 4343 3480 4414 εἰληφότος,
3512 4343 3572 4410 ἐξ
3590 4345 3704 4398 ἐτέ-

2121 4445 2221 4499 ρας
2253 4429 2426 4499 ἀρχῆς
2459 4429 2556 4492 τὰς
2601 4429 2708 4482 ἀπὸ
2738 4430 2845 4484 τῶν
2877 4431 3077 4486 λοιπῶν
3121 4433 3392 4504 στιχηρῶν
3431 4435 3527 4487 καὶ
3574 4434 3703 4506 ἑξῆς

2116 4518 2215 4585 τὰς
2245 4521 2352 4574 ἀπὸ
2373 4520 2478 4574 τῶν
2511 4522 2804 4594 προφητῶν
2837 4523 3064 4592 ἐκλογὰς
3099 4527 3456 4598 ποιησόμεθα.

447 4819 1996 4896 ".459IaxamataePHETICABUMDECIIBI-
2037 4830 2040 4880 ξ

2142 4823 2286 4878 ἊΔΕ
2333 4825 2662 4877 ΕΝΕΣΤΙΝ
2709 4827 2814 4878 EN
2866 4827 2949 4894 Τῼ
2988 4827 3051 4878 Γι
3091 4828 3278 4896 ΤΟΜῼ
3332 4829 3472 4880 mN
3510 4831 3697 4885 Περι

477 4888 616 4946 8ϊό
656 4891 1096 4949 ECLOGARUM
1135 4893 1354 4950 LIBRO
1395 4893 1962 4952 CONTINENTUR.

1033 5009 1076 5062 E
1105 5010 1426 5065 Proverbiis.

441 5118 520 5172 De
556 5119 654 5174 Dei
699 5119 864 5175 Verbo
897 5123 1050 5181 quasi
1076 5123 1140 5174 de
1163 5122 1430 5191 Sapientia
1451 5121 1878 5178 substantialitcr
1909 5137 2006 5176 ea:-

509 5191 721 5254 sistente
742 5201 787 5243 et
823 5201 944 5244 ante
965 5191 1160 5245 swcula
1189 5211 1220 5246 α
1254 5193 1358 5247 Deo
1377 5208 1576 5259 creata,
1608 5194 1916 5263 diversaque
1935 5192 2000 5246 ab

505 5277 584 5327 eo,
621 5269 670 5315 et
702 5277 819 5314 cum
844 5278 902 5315 eo
929 5263 1182 5316 universis
1211 5264 1363 5317 rebus
1397 5265 1716 5318 consulente.

503 5417 580 5470 De
611 5418 821 5474 Christo
851 5421 1005 5490 quasi
1022 5420 1170 5494 Regis
1199 5421 1338 5476 Filio
1361 5435 1408 5477 et
1433 5423 1628 5488 deeius
1661 5422 1935 5490 apostolis.

434 5567 508 5624 De
538 5570 747 5643 Clu-isto
779 5577 930 5643 quasi
958 5577 1088 5638 viro,
1114 5587 1164 5630 et
1209 5578 1272 5630 de
1313 5579 1425 5643 eius
1450 5579 1504 5632 in
1530 5578 1683 5632 caelos
1718 5579 1988 5634 ascensio-

500 5656 562 5695 ne
591 5657 609 5694 :
635 5641 698 5694 de
734 5641 963 5712 gentium
991 5641 1374 5704 dominatione.

2199 4897 2282 4948 ΤΟ
2297 4895 2341 4946 Υ
2374 4896 2506 4947 XPI
2507 4897 2551 4947 Σ
2561 4899 2644 4948 ΤΟ
2657 4897 2702 4947 Υ
2735 4897 2988 4950 ΠΡΟΦΗ
2997 4899 3216 4950 ΤΙΚΩΝ
3245 4895 3397 4952 ΕΚΛ
3407 4899 3619 4952 υΓΩΝ.

2561 5007 2702 5062 Ἀπὸ
2737 5005 2856 5060 τῶν
2891 5006 3242 5077 Παροιμιῶν.

2099 5119 2238 5189 Περὶ
2271 5120 2378 5174 τοῦ
2430 5117 2575 5172 Θεοῦ
2606 5119 2800 5189 Λόγου
2833 5119 2913 5183 ὡς
2952 5119 3084 5189 περὶ
3122 5121 3346 5188 Σοφίας
3379 5121 3687 5189 οὺσιωδῶς

2170 5187 2531 5258 ὑφεστώσης
2564 5189 2662 5258 καί
2696 5187 2808 5258 πρὸ
2851 5189 2968 5242 τῶν
2993 5187 3220 5243 άὶώνωιλ
3242 5191 3358 5244 ὑπὸ
3393 5193 3500 5246 τοῦ
3535 5187 3681 5247 Θεοῦ

2169 5261 2518 5330 κτισθείσῃς
2559 5257 2764 5330 ξτέρας
2805 5276 2868 5311 τε
2913 5259 3047 5328 παρ’
3090 5261 3277 5314 αὐτόν
3315 5262 3540 5330 οὔσης,
3580 5262 3675 5315 καί

2171 5329 2294 5383 σὺν
2321 5328 2479 5394 αὐτῷ
2509 5328 2626 5380 τῶν
2657 5327 2816 5381 ὅλων
2841 5327 3270 5397 ἐπιμελόμενος
3301 5331 3442 5401 (sic).

2099 5419 2237 5487 Περὶ
2283 5419 2390 5473 τοῦ
2437 5418 2692 5486 Χριστοῦ
2737 5419 2817 5483 ὡς
2857 5419 2988 5487 περὶ
3041 5421 3178 5474 Υίοῦ
3227 5422 3536 5487 Βασιλέως
3579 5420 3675 5476 καὶ

2169 5489 2297 5557 περὶ
2340 5487 2458 5540 τῶν
2500 5489 2856 5542 ἀποστόλων
2901 5490 3106 5544 αὑτοῦ.

2097 5577 2236 5646 Περὶ
2263 5577 2368 5631 τοῦ
2397 5575 2666 5650 ’Χριστοῦ
2695 5578 2775 5641 ὡς
2827 5577 2958 5645 περὶ
3007 5578 3384 5650 ᾀνδρόςπκαὶ
3427 5581 3541 5650 τῆς
3587 5583 3676 5650 sit;

2164 5645 2458 5715 utpar-ohe
2481 5645 2826 5731 ᾀναίῖάσεως
2845 5649 3031 5702 αὑτοῦ
3047 5665 3060 5678 ⁸
3087 5645 3182 5702 καὶ
3206 5649 3317 5720 τῆς
3339 5650 3458 5704 τῶν
3482 5645 3676 5706 ἐθνῶν

2165 5732 2672 5786 κίιτακρατησεως.

509 5853 1004 5932 “Psal.cxt.vu,4.
1079 5863 1286 5921 "Psal.
1321 5870 1620 5936 οτινιιι,4,
1660 5872 1711 5927 5.
1789 5874 1832 5905 ⁹⁶
1866 5871 2070 5927 ίΙήιΜ.
2149 5871 2351 5928 "Psal.
2387 5888 2568 5937 xxxn,
2609 5875 2660 5927 9.
2738 5875 3196 5943 “Coloss.l,l6.
3285 5875 3524 5935 "'Joan.
3549 5879 3666 5944 1,3.
