4106 6424
376 459 511 515 1117

768 574 902 628 Ἀπὸ
929 574 1033 628 τοῦ
1064 575 1555 642 Ἐκκλησιαστοῦ.

375 666 512 735 Περὶ
555 666 660 739 τοῦ
699 666 956 739 Χριστοῦ
988 666 1069 731 ὡς
1106 667 1235 735 περὶ
1283 669 1541 737 πένητος
1578 670 1799 739 σοφοῦ·
1848 670 1943 724 καὶ

450 737 582 806 περὶ
624 737 730 791 τοῦ
765 737 1050 790 διαϐόλου
1095 739 1193 792 καὶ
1232 740 1337 794 τοῦ
1376 737 1799 810 Ἀντιχρίστου.

380 828 511 897 Περὶ
559 828 665 882 τοῦ
694 828 948 896 Χριστοῦ
987 829 1067 893 ὼς
1115 829 1246 899 περὶ
1285 830 1544 897 πένητος
1575 832 1770 900 σοφοῦ
1794 849 1806 861 ·
1846 829 1945 883 καὶ

444 900 573 968 περὶ
599 900 705 953 τοῦ
734 900 1032 964 διαϐόλου,
1064 899 1160 954 καὶ
1189 901 1317 968 περὶ
1346 900 1454 970 τῆς
1497 899 1871 971 Ἑκκλησίας.

850 1012 983 1066 Ἀπὸ
1014 1013 1118 1067 τοῦ
1153 1016 1470 1084 ’ᾼσματος.

374 1104 513 1171 Περὶ
536 1104 640 1157 τοῦ
678 1104 933 1173 Χριστοῦ
971 1105 1051 1170 ὡς
1078 1106 1207 1174 περὶ
1241 1108 1525 1176 νυμφίου,
1565 1105 1795 1173 καὶτῆς
1825 1105 1946 1160 τῶν

443 1176 627 1246 ἁγίων
673 1175 1035 1241 Ἐκκλησίας
1082 1177 1161 1242 ὡς
1200 1175 1456 1246 νύμφης,
1506 1179 1601 1230 καὶ
1647 1178 1778 1246 περὶ
1827 1176 1946 1231 τῶν

442 1246 514 1297 ὲν
544 1245 668 1310 τοῖς
690 1247 893 1309 τόποις
936 1245 1453 1317 ἑπικεκρυμμένων
1472 1245 1835 1317 μυστηρίων.

933 1355 1065 1409 Ἀπὸ
1096 1356 1203 1409 τοῦ
1249 1354 1384 1409 Ἰὼϐ.

376 1445 513 1514 Περὶ
546 1446 651 1499 τοῦ
677 1446 933 1514 Χριστοῦ
961 1446 1040 1510 ὠς
1063 1445 1579 1514 περιπατήσαντος
1607 1446 1706 1499 ἐπὶ
1733 1444 1947 1501 θαλάτ-

444 1534 575 1585 της,
605 1516 702 1569 καὶ
736 1517 798 1569 τὸ
835 1515 981 1585 μέγα
1014 1514 1195 1584 κῆτος
1217 1517 1675 1586 χειρωσαμένου.

378 1606 514 1675 Περὶ
556 1604 667 1672 τῆς
710 1608 795 1670 εὶς
833 1604 941 1658 τὸν
993 1606 1185 1676 ’ᾍδην
1220 1608 1325 1661 τοῦ
1363 1608 1619 1675 Χριστοῦ
1666 1609 1940 1663 καθόδου.

376 1697 459 1770 (F.
478 1699 639 1824 Ἄρ)
661 1698 798 1766 Περὶ
824 1697 934 1767 τῆς
955 1699 1061 1753 τοῦ
1086 1698 1364 1754 διαϐόλου
1393 1700 1542 1769 πρὸς
1566 1701 1673 1755 τὸν
1691 1701 1948 1770 Χριστὸν

446 1784 491 1822 π
575 1788 667 1837 ης.

911 1882 1041 1937 Ἀπὸ
1074 1882 1179 1935 τοῦ
1218 1883 1411 1950 Ὠσηέ.

550 1975 687 2044 Περὶ
725 1975 829 2029 τοῦ
864 1976 1119 2044 Χριστοῦ
1152 1976 1232 2040 ὡς
1266 1976 1399 2044 περὶ
1443 1976 1767 2045 πανθῆρος.

376 2065 514 2134 Περὶ
544 2065 657 2133 τῆς
681 2066 787 2120 τοῦ
829 2066 1066 2134 Ἰσραὴλ
1093 2065 1417 2134 ἀποϐολῆς,
1444 2068 1537 2120 καὶ
1566 2067 1676 2136 τῆς
1704 2068 1810 2121 τοῦ
1834 2068 1947 2132 ,ϐα-

444 2137 689 2207 σιλείου
713 2135 912 2190 αὐτῶν
943 2138 1392 2202 καταπαύσεως,
1424 2137 1535 2206 τῆς
1574 2156 1638 2191 τε
1679 2138 1785 2192 τοῦ
1815 2142 1947 2207 Χρι-

446 2207 597 2261 στοῦ
635 2206 704 2272 ἐξ
737 2209 1037 2276 Αἰγύπτου
1059 2207 1505 2277 μετακλήσεως.

389 2298 483 2365 Ὠς
525 2302 557 2352 ὀ
601 2299 742 2365 Θεὸς
785 2301 974 2371 Λόγος
1030 2300 1174 2367 Θεὸς
1230 2300 1676 2371 ὀνομαζόμενος,
1732 2283 1948 2370 Κύριον

457 2371 738 2439 ὁμολογεῖ
760 2370 868 2423 τὸν
890 2371 1140 2440 Πατέρα.

911 2485 1044 2538 Ἀπὸ
1078 2486 1183 2540 τοῦ
1220 2484 1415 2556 Ἀμῶς.

391 2572 487 2637 Ὠς
517 2575 550 2625 ὀ
572 2573 740 2646 ’Θεὸς
777 2577 976 2646 Λόγος
1018 2577 1234 2644 Κύριος
1275 2573 1703 2645 ὀνομαζόμενος
1745 2575 1949 2646 ἕτερον

449 2642 585 2712 παρ’
615 2645 833 2697 ἑαυτὸν
870 2641 1023 2700 εἶναι
1048 2641 1155 2700 τὸν
1182 2641 1414 2716 Πατέρα
1443 2641 1735 2703 διδάσκει.

377 2733 516 2802 Περὶ
542 2732 654 2802 τῆς
688 2737 776 2800 εὶς
802 2734 1152 2804 ἀνθρώπους
1177 2736 1493 2805 ἐπιδημίας
1520 2737 1627 2790 τοῦ
1666 2735 1945 2804 Χριστοῦ.

871 2851 1004 2904 Ἀπὸ
1039 2851 1146 2905 τοῦ
1182 2850 1455 2905 Ἀϐδειοῦ.

383 2938 484 3004 Ὦς
510 2942 543 2993 ὀ
577 2939 720 3005 Θεὸς
750 2941 938 3008 Λόγος
974 2942 1188 3008 Κύριος
1216 2941 1311 2995 καὶ
1353 2940 1496 3007 Θεὸς
1524 2938 1951 3010 ὀνομαζόμενος

446 3010 765 3078 ἀκηκοέναι
793 3013 926 3065 τινὰ
963 3011 1123 3080 παρὰ
1169 3013 1384 3080 Κυρίου
1438 3010 1733 3081 ὁμολογεῖ.

916 3125 1049 3179 Ἀπὸ
1097 3126 1202 3180 τοῦ
1244 3125 1422 3182 Ἰωνᾶ.

388 3216 485 3282 Ὠς
523 3215 561 3283 ἡ
595 3216 726 3288 περὶ
768 3217 877 3288 τὸν
917 3216 1114 3288 Ἰωνᾶν
1155 3220 1462 3288 οἰκονομία
1498 3217 1565 3273 τὸ
1613 3216 1803 3284 πάθος
1842 3218 1949 3274 τοῦ

449 3283 727 3362 Χριστοῦ,
773 3287 872 3341 καὶ
911 3287 1026 3356 τὴν
1062 3290 1131 3343 ἐκ
1175 3283 1403 3359 νεκρῶν
1449 3283 1791 3347 ἀνάστασιν
1839 3306 1951 3358 ση-
1978 3283 2020 3340 C

445 3358 665 3425 μαίνει.
930 3391 937 3397 -

897 3467 1031 3521 Ἀπὸ
1059 3469 1165 3522 τοῦ
1197 3469 1441 3538 Μιχαία.

296 3584 309 3599 -
380 3554 519 3623 Περὶ
560 3555 670 3632 τῆς
708 3556 990 3632 δευτέρας
1025 3560 1132 3614 τοῦ
1172 3561 1427 3628 Χριστοῦ
1469 3563 1825 3632 παρουσίας,
1872 3561 1954 3628 ὡς

450 3626 582 3695 περὶ
610 3629 850 3695 Κυρίου.

379 3717 654 3793 Περὶῌτῆς
678 3719 1103 3793 ⁸τοῦῌπροτέρου
1131 3722 1283 3776 λαοῦ
1313 3721 1407 3775 καὶ
1441 3722 1552 3791 τῆς
1586 3723 1819 3793 Ἰσραὴλ
1853 3723 1952 3777 καὶ

452 3789 559 3863 τσῦ
600 3788 749 3863 Σιὼν
776 3788 952 3858 ὅρους
983 3788 1245 3863 ἐρημίας,
1279 3793 1378 3846 καὶ
1419 3788 1548 3861 περὶ
1591 3788 1702 3862 τῆς
1744 3788 1955 3863 ἐπιφα-

453 3859 619 3937 νείας
642 3861 751 3937 τοῦ
782 3860 1038 3928 Χριστοῦ
1066 3859 1306 3937 ὧς-περὶ
1337 3859 1534 3937 δρους,
1566 3859 1661 3918 καὶ
1686 3864 1818 3937 περὶ
1844 3859 1955 3933 τῆς

452 3929 570 4005 τῶν
594 3929 783 4005 ἐθνῷν
807 3932 1201 4005 προσαγωγῆς
1217 3950 1229 3963 ·
1246 3929 1379 4005 Vacat
1393 3934 1499 3988 τοῦ
1532 3935 1740 3989 καινοῦ
1757 3929 1953 4005 ⁷νόμου

452 3999 557 4053 τοῦ
591 4000 742 4053 κατὰ
779 4001 893 4069 τὴν
916 3999 1134 4071 καινὴν
1152 3999 1478 4073 ἽΔιαθήκην.

378 4089 988 4183 ηξξέηέτξθτὲεέιξξξαὲ
1042 4092 1183 4183 τῆς.
1208 4094 1480 4183 unus
1538 4098 1667 4183 τοῦ,
1695 4098 1955 4183 {eratsi

451 4161 775 4229 γενέσεως’
823 4162 919 4216 καὶ
957 4164 1037 4230 ὡς
1076 4165 1189 4233 πρὸ
1222 4163 1341 4219 τῶν
1379 4161 1607 4222 αἰώνων
1633 4171 1667 4223 ὀ
1701 4161 1957 4238 Χριστὸς

452 4229 744 4301 ὑπῆρχεν.

851 4343 986 4399 Ἀπὸ
1029 4345 1134 4399 τοῦ
1178 4347 1431 4415 Σοφονίιῖ
1441 4367 1497 4402 ι’.

383 4431 526 4505 Περί
545 4431 655 4505 τῆς
681 4432 1082 4505 ’ἀναστάσεως
1112 4432 1217 4487 τοῦ
1250 4436 1531 4503 Χριστοῦ,
1563 4434 1659 4490 καὶ
1697 4435 1825 4505 περὶ
1848 4434 1958 4505 τῆς

456 4500 574 4554 τῶν
603 4501 794 4559 ἐθνῶν
838 4500 1128 4571 κλήσεως.

885 4614 1017 4668 Ἀπὸ
1051 4615 1156 4669 τσῦ
1180 4615 1465 4686 Ζαχαρία.

395 4700 489 4768 Ὡς
519 4704 552 4757 ὀ
576 4703 718 4779 Θεὸς
755 4705 1193 4779 ᾼόγος-Κύριος
1230 4706 1650 4779 παντοκράτωρ
1675 4708 1957 4779 ὀνομαζό-

450 4789 634 4849 μενος
816 4777 1040 4849 Κυρίου
1064 4774 1561 4849 παντοκράτορος
1591 4774 1700 4833 τοῦ
1729 4774 1959 4848 Πατρὸς

430 4842 824 4900 ἀπεστάλθαι
852 4842 1036 4916 λέγει.

395 4935 545 5011 Ὠς-ό
572 4936 715 5011 Θεὸς
748 4939 937 5008 Λόγος
960 4941 1172 5009 Κύριος
1196 4940 1625 5011 ὀνομαζόμενος
1660 4942 1832 5009 ἥξειν
1860 4942 1959 4996 ἐπὶ

454 5005 570 5074 τὴν
612 5005 995 5081 Ἰερουσαλὴμ
1029 5005 1313 5081 προλέγεὶ
1343 5013 1416 5065 τὰ
1439 5005 1615 5078 ’ἔθνη
1634 5005 1729 5066 ἐπί
1772 5013 1960 5067 αὑτὸν

454 5078 925 5163 καταεξεύξεσθαι
950 5078 1408 5154 ἀπεσταλμένον
1431 5082 1550 5138 ὑπὸ
1560 5084 1782 5151 Κυρίου
1811 5099 1961 5136 παν-

454 5165 828 5216 τοκρατορος.

385 5240 662 5314 Περὶ-τοῦ
695 5243 951 5314 Χριστοῦ
990 5245 1070 5308 ὡς
1115 5245 1248 5313 περὶ
1284 5246 1477 5312 Ἰησοῦ
1511 5247 1616 5300 τοῦ
1655 5245 1915 5300 Ἰωσεδέκ
1940 5263 1953 5276 ’

456 5311 686 5386 ecaton.
718 5311 1084 5386 dbtbgdripp
1128 5311 1407 5386 Ἀνατολὴ
1436 5317 1623 5386 ὄνομα
1653 5315 1830 5381 αὐτῷ,
1859 5317 1955 5370 καὶ

368 5426 375 5455 τ
457 5383 589 5451 περὶ
626 5385 735 5455 τῆς
764 5383 1084 5454 οἰκοδομῆς
1110 5384 1222 5453 τῆς
1267 5383 1643 5455 Ἐκκλησίας.

368 5446 656 5547 ἒΠερὶντοῦ
682 5446 937 5547 Χριστοῦ
1062 5446 1212 5546 ’περί
1241 5446 1546 5543 Βασιλέως
1579 5446 1834 5547 ἥξοντος
1859 5479 1958 5533 ἐπὶ

370 5530 427 5591 Γ
455 5530 755 5618 testans
770 5530 1087 5614 άὶαῖἑιώλέρ.
1123 5530 1221 5601 ξω
1242 5530 1723 5618 suasissent.
1739 5530 1825 5604 .1;
1849 5530 1961 5603 αὶᾶζ

454 5622 557 5672 λαι
590 5616 797 5674 οἰκοῦν
822 5621 892 5674 έν
934 5619 1323 5687 Ἰερουσαλὴμ
1369 5616 1486 5674 τῶν
1537 5621 1823 5675 Ιουδαίων
1863 5625 1957 5675 ιπ-

456 5690 635 5761 πικόν
692 5707 756 5743 τε
800 5690 900 5761 ,καὶ
952 5690 1298 5744 ὁπλιτικόνο
1356 5690 1451 5744 καὶ
1500 5690 1632 5759 περὶ
1675 5691 1785 5761 τῆς
1841 5690 1959 5745 τῶν

455 5758 646 5812 ἐθνῶν
681 5760 943 5834 ειρήνης.

399 5844 493 5910 Ὦς
525 5851 562 5926 ό
605 5849 749 5926 ﬂeor;
779 5854 967 5926 ᾼόγος
1004 5837 1694 5923 Κύριοςόνομαζόμενος,
1739 5855 1959 5922 Kvpt'ov

459 5921 566 5972 τοῦ
611 5921 839 5987 Πατρὸς
874 5921 1181 5990 μέμνηται.

1389 460 1681 519 ΕϐιΟϐᾸΕ
1717 461 2196 521 ΡΒΟΡΗΕΤΙΟᾹΞ.
2234 497 2305 506 -
2334 464 2462 521 LIB.
2504 464 2589 521 Ill.

1973 587 2021 644 Α

3468 464 3605 521 {HS

2486 584 2493 599 ‘
2574 578 2657 633 Bx
2682 577 3076 635 Ecclesiastico.

2045 669 2358 794 De‘C’hris:o
2386 672 2540 743 quasi
2570 673 2716 740 inopi
2743 673 2976 741 sapiente
3019 688 3037 725 :
3070 669 3134 725 de
3160 658 3380 724 diabolo
3404 676 3456 725 et
3493 668 3608 722 An-

2140 757 2184 794 ic
2224 759 2295 794 ris
2324 760 2374 794 ο.

2140 757 2374 796 ιειινιδιο.

2045 830 2122 885 De
2148 830 2365 956 [Christo
2386 833 2538 901 quasi
2564 834 2703 903 inopi
2741 835 2975 903 sapiente
3006 850 3025 889 :
3053 832 3117 886 de
3162 831 3372 887 diabolo
3399 839 3450 886 et
3504 829 3607 884 Ec-

2118 919 2143 956 c
2167 919 2296 956 esia.

2118 919 2296 957 ειιιδιιι.

2671 1015 2715 1070 Ε
2740 1016 2980 1072 Cantico.

2046 1103 2125 1158 De
2154 1104 2365 1161 Christo
2394 1107 2545 1175 quasi
2589 1123 2798 1173 sponso,
2828 1117 2877 1162 et
2925 1107 2989 1161 de
3030 1118 3332 1163 sanctorum
3368 1104 3607 1159 Ecciesia

2116 1179 2268 1258 quasi
2316 1192 2529 1246 sponsu,
2561 1178 2623 1231 de
2652 1178 2972 1233 absconditis
3003 1180 3057 1233 in
3088 1181 3183 1233 hoc
3239 1178 3373 1231 libro
3414 1187 3606 1248 myste-

2117 1248 2235 1300 riis.

2718 1357 2799 1411 Ea:
2850 1357 2886 1411 Ι
2889 1358 2972 1414 ob.

2048 1447 2124 1502 De
2149 1448 2360 1521 Christo
2397 1451 2550 1520 quasi
2579 1465 2734 1518 super
2762 1466 2908 1504 mare
2931 1449 3231 1503 ambulante
3272 1457 3323 1504 et
3361 1463 3605 1521 magnum

2117 1531 2222 1573 cete
2254 1520 2568 1576 devincente.

2047 1610 2125 1664 De
2159 1609 2359 1664 Christi
2384 1612 2435 1663 in
2467 1611 2728 1679 infernum
2758 1609 3028 1666 descensu.

2048 1701 2124 1754 De
2150 1699 2353 1754 diaboli
2388 1702 2445 1755 in
2477 1701 2747 1757 Christum
2778 1704 3081 1759 certamine.

2688 1883 2773 1939 E1
2812 1884 2963 1941 Osee.
3048 1872 3057 1886 ’

2050 1977 2127 2032 De
2154 1977 2365 2031 Christo
2389 1979 2541 2049 quasi
2563 1978 2838 2047 panthera.

2047 2069 2127 2123 De
2170 2067 2342 2123 Israel
2386 2070 2623 2139 repudio.
2656 2070 2719 2123 de
2742 2070 2887 2139 regni
2926 2087 3105 2124 eorum
3148 2071 3430 2136 eversione,
3461 2077 3514 2126 et
3549 2070 3615 2126 de

2119 2139 2320 2194 Christi
2344 2155 2409 2194 ea;
2438 2139 2669 2211 A'ngpto
2700 2142 3046 2195 revocatione.

2050 2296 2325 2363 Quomodo
2359 2296 2496 2351 Deus
2551 2296 2776 2353 Verbum
2808 2298 2945 2353 Deus
2975 2299 3278 2353 nominatus
3327 2296 3613 2351 Dominum

2118 2378 2264 2425 vocat
2292 2368 2525 2424 Patrem.

2682 2483 2765 2537 Ex
2793 2484 2977 2538 Amos.

2050 2575 2325 2643 Quomodo
2354 2576 2494 2631 Deus
2538 2576 2763 2631 Verbum
2789 2576 3049 2631 Dominus
3098 2576 3401 2632 nominatus
3447 2575 3613 2633 alium

2118 2664 2180 2701 ac
2210 2664 2263 2701 se
2289 2665 2399 2701 esse
2435 2649 2648 2702 Patrem
2678 2652 2844 2703 docet.

2050 2739 2127 2793 De
2154 2737 2353 2795 Christi
2385 2739 2527 2808 apud
2559 2739 2791 2794 homines
2816 2741 3243 2795 commoratione.

2682 2853 2767 2906 Ea:
2801 2854 2994 2909 Abdia.

2054 2946 2329 3015 Quomodo
2366 2943 2501 2999 Dens
2538 2943 2762 2999 Verbum
2802 2945 3054 3015 Dominus
3096 2954 3142 2998 et
3196 2944 3332 2998 Deus
3371 2943 3617 3015 nomina-

2125 3030 2228 3086 tus,
2252 3016 2437 3071 audita
2466 3016 2630 3085 fuisse
2654 3017 2896 3083 quautam
2925 3034 2957 3069 a
2990 3014 3217 3070 Domino
3250 3014 3544 3085 conﬁtetur.

2720 3128 2769 3182 E
2790 3128 2821 3182 .1
2830 3146 2951 3184 ona.

2056 3224 2330 3293 Quomodo
2359 3222 2513 3279 Iona:
2539 3223 2762 3277 historia
2795 3220 2995 3278 Christi
3016 3223 3311 3291 passionem
3344 3221 3558 3293 ejusque
3586 3238 3619 3275 ιι

2125 3297 2345 3350 mortuis
2377 3296 2807 3350 resurrectionem
2837 3293 3057 3348 indicat.

2676 3469 2725 3524 E
2753 3469 2806 3523 Μ
2815 3471 3002 3525 ichwa.

2052 3563 2131 3621 De
2157 3562 2382 3618 secnndo
2407 3563 2605 3619 Christi
2629 3561 2872 3623 adventu.
2903 3562 3058 3633 quasi
3094 3559 3336 3617 Domino.

2052 3726 2132 3782 De
2169 3734 2334 3781 vetere
2362 3725 2571 3796 populo.
2613 3725 2676 3778 de
2721 3722 3239 3796 lsrael,_montisque
3270 3721 3399 3796 _Sion
3430 3718 3621 3796 solitu-

2123 3799 2267 3858 dine,
2299 3791 2370 3850 de
2404 3791 2833 3865 manifestatione
2890 3793 3090 3865 Christi
3139 3793 3292 3865 quasi
3324 3791 3537 3865 montis,
3567 3797 3617 3843 et

2124 3869 2188 3923 de
2216 3868 2447 3939 gentium
2474 3861 2844 3931 institutione;
2878 3864 2942 3919 de
2981 3880 3113 3918 nova
3152 3861 3263 3933 tege
3294 3872 3343 3915 et
3381 3861 3446 3916 de
3486 3875 3618 3915 novo

2128 3940 2481 3995 Testamento.

2058 4090 2136 4149 De
2167 4093 2465 4149 Bethlehem
2482 4104 2532 4149 et
2566 4098 2630 4149 de
2650 4093 2851 4150 Christi
2882 4094 2934 4147 in
2959 4109 3021 4147 ea
3053 4092 3330 4145 nativitate
3346 4104 3368 4154 ,'
3410 4098 3460 4143 et
3486 4102 3619 4159 quo-

2127 4166 2285 4220 modo
2315 4176 2436 4221 ante
2464 4166 2661 4221 secula
2691 4164 2934 4221 Christus
2960 4164 3269 4218 exsistebat.

2668 4340 2716 4395 E
2744 4339 3035 4411 Sophonia.

2066 4435 2144 4492 De
2172 4435 2374 4493 Christi
2400 4435 2778 4491 resurrectione
2807 4443 2855 4487 et
2876 4432 2940 4485 de
2971 4430 3203 4502 gentium
3226 4429 3518 4484 vocatione.

2665 4610 2708 4664 E
2732 4608 3021 4666 Zacharia.

2062 4706 2335 4774 Quomodo
2357 4706 2522 4761 Deum
2556 4707 2776 4762 Verbum
2801 4706 3084 4759 Dominum
3110 4704 3509 4774 omnipotentem
3532 4716 3622 4754 no-

2125 4781 2422 4918 ῗιξηαιιὲιῃ..
2452 4795 2484 4833 α
2518 4779 2743 4833 Domino
2796 4778 3144 4845 omnipotente
3195 4773 3360 4828 Patre
3408 4772 3622 4827 missum

2149 4866 2289 4905 uisse
2355 4860 2464 4905 wit.

2206 4866 2289 4905 888
2317 4866 2464 4905 arcu.

2062 4940 2338 5006 Quomodo
2368 4942 2507 4996 Deus
2546 4942 2767 4997 Verbum
2794 4941 3048 4997 Dominus
3075 4940 3376 4993 nominatus
3445 4942 3621 4989 ventu-

2131 5029 2249 5066 rum
2270 5030 2383 5067 esse
2411 5014 2479 5066 ad
2508 5012 2805 5069 Jerusalem
2836 5011 3094 5083 pra’dicit,
3120 5017 3293 5083 gentes
3334 5006 3403 5060 ad
3449 5007 3622 5076 ipsum

2132 5100 2186 5138 se
2210 5100 2546 5138 concessurus
2582 5090 2802 5139 missum
2835 5080 2866 5136 α
2903 5083 3124 5135 Domino
3153 5080 3520 5147 omnipotente.

2061 5240 2139 5297 De
2167 5242 2377 5299 Christo
2406 5246 2560 5316 quasi
2587 5243 2856 5366 Jesudﬁlio
2879 5240 3134 5305 Josedec;
3161 5248 3209 5293 et
3230 5238 3369 5309 quod
3396 5240 3505 5306 ipse
3546 5237 3622 5292 vir

2134 5314 2323 5366 Oriens
2348 5333 2531 5366 nomen
2559 5317 2627 5366 ei.
2653 5330 2700 5366 et
2760 5333 2785 5365 τι
2819 5312 3067 5366 Ecclesne
3096 5310 3463 5366 azdilicatione.

2134 5314 2323 5371 Oriens
2348 5310 2531 5370 nomen
2559 5317 2627 5381 ei,
2653 5330 2700 5368 et
2723 5310 2785 5366 de
2819 5312 3067 5366 Ecclesiae
3096 5310 3463 5380 azdiﬁcatione.

2061 5478 2138 5535 De
2166 5479 2378 5536 Christo
2423 5479 2578 5549 quasi
2604 5476 2737 5547 Rege
2788 5484 2998 5530 venturo
3048 5474 3116 5549 in‘
3135 5490 3198 5549 ea
3231 5489 3350 5544 qute
3379 5470 3474 5526 sub
3500 5470 3623 5549 jugc

2131 5563 2208 5605 est
2239 5562 2288 5605 et
2320 5553 2372 5605 in
2401 5543 2545 5617 pulto
2573 5543 2709 5618 ejus,
2744 5559 2792 5601 et
2818 5562 3058 5618 eversuro
3086 5544 3415 5618 Judatorum‘
3435 5543 3622 5618 equites

2129 5633 2178 5677 et
2208 5611 2443 5675 armatos
2469 5622 2556 5689 qni
2585 5611 2712 5673 tum
2758 5616 3067 5672 habitabant
3109 5618 3165 5670 in
3197 5613 3538 5679 Jerusalem;
3565 5611 3621 5667 ἀι

2129 5709 2257 5762 pace
2278 5693 2530 5762 gentium.

2064 5850 2337 5919 Quomodo
2364 5848 2503 5903 Deus
2554 5846 2775 5903 Verbum
2807 5846 3060 5903 Dominus
3095 5845 3422 5912 nominatus,
3446 5839 3617 5897 Domi-

2134 5939 2259 5977 num
2288 5921 2508 5975 Patrem
2532 5919 2789 5975 meminit.
