4106 6438
466 474 602 532 {HQ

1161 470 1428 527 EUSEBII
1459 460 1935 526 CESARIENSlS
1964 463 2114 522 ΟΡΡ.
2153 463 2334 520 ΡΑΠὸ
2395 465 2486 524 lll.
2518 499 2584 508 —
2621 464 3030 523 EXEGETICA.

3556 460 3694 516 “‘20

469 593 542 648 De
576 593 792 662 triginta
822 589 1054 662 denariis
1086 590 1489 662 quibusludas-
1513 589 1824 662 Juda‘orum
1855 590 2020 660 magi-

2126 589 2261 662 Περὶ
2298 585 2418 640 τῶν
2451 591 2506 662 λ’
2553 588 2846 662 άργυρίων
2888 577 3134 662 (ig-0‘15?
3147 587 3237 662 _.d_
3261 582 3479 662 Ἰούδας
3515 585 3697 652 προῦ-

478 726 485 730 .
530 658 786 717 stratibus
810 658 1080 717 Christum
1100 658 1353 721 tradidit.
1384 678 1513 732 quos
1536 678 1671 715 nunc
1693 658 2022 717 Chanamcos

535 732 808 801 Scriptura
831 741 1009 796 vocat;
1034 732 1099 787 de
1128 749 1307 788 eorum
1338 733 1637 803 rejectione.

466 895 769 1021 DedClhristi
798 896 1077 965 passione;
1108 895 1171 951 de
1215 895 1575 962 apostolorum
1608 894 1671 951 ob
1716 896 1833 950 eum
1863 911 2020 950 scan—

573 986 603 1021 a
630 977 880 1021 natione.

573 977 880 1021 atizatione.

467 1061 542 1117 De
567 1062 795 1116 secunda
827 1059 1030 1115 Christi
1061 1058 1507 1129 manifestatione.

1086 1148 1170 1203 Ea:
1190 1149 1405 1221 Aggwo.

466 1240 544 1296 De
573 1239 882 1296 Iudworum
912 1241 1291 1309 reprobatione,
1322 1240 1386 1294 de
1420 1256 1598 1294 eorum
1635 1240 2021 1309 sacriﬁciorum

534 1314 814 1436 euers'ione,
848 1312 912 1366 de
934 1308 1132 1368 Christi
1151 1327 1304 1380 super
1336 1313 1633 1366 universam
1682 1319 1878 1363 terram
1918 1308 2020 1362 Ee-

535 1400 562 1436 c
587 1399 730 1436 esus.
1860 1398 1867 1403 '

535 1398 730 1437 6188118.
1860 1398 1867 1403 ’

465 1474 544 1529 De
581 1491 710 1529 novo
756 1473 1107 1541 Testamento,
1152 1472 1215 1526 de
1263 1473 1369 1541 lege
1391 1474 1651 1534 veritatis.
1698 1471 1761 1527 de
1809 1470 2020 1527 Christo

535 1548 687 1617 quasi
709 1546 1080 1615 omnipotentis
1118 1544 1331 1599 Domini
1352 1544 1553 1612 angelo.

467 1696 546 1752 De
575 1696 803 1780 secunda
818 1695 1044 1821 "Christi
1066 1690 1487 1766 manifestatione
1523 1695 1676 1766 quasi
1713 1694 1882 1764 angeli
1917 1693 1959 1748 Τ
1960 1711 2020 1750 e-

536 1778 783 1821 stamentt
863 1784 932 1821 et.

536 1778 783 1821 stamenti
818 1778 910 1822 Dei
919 1810 932 1823 .

466 1858 547 1913 De
564 1856 773 1914 Christo
794 1860 946 1929 quasi
966 1859 1074 1914 sole
1094 1858 1348 1927 justitiw.

1081 1949 1129 2003 E
1157 1948 1413 2005 Jeremia.

468 2041 545 2096 De
569 2043 811 2111 passione
833 2039 1034 2097 Christi
1059 2043 1213 2113 quasi
1248 2043 1392 2114 agni.

468 2135 544 2190 De
573 2138 813 2203 passione
846 2134 1066 2199 Christi,
1113 2135 1178 2190 de
1209 2134 1520 2192 Judteorum
1574 2136 1799 2201 excidio,
1847 2143 1898 2189 et
1959 2133 2023 2188 de

532 2203 830 2261 Ierusalem
853 2208 1166 2262 vastatione.

466 2364 546 2424 De
577 2369 805 2438 gentium
860 2371 1149 2431 vocatione,
1198 2370 1261 2423 de
1313 2368 1620 2424 Iudaeorum
1653 2370 1944 2438 impietate,
1973 2379 2022 2423 et

535 2440 774 2509 inprimis
803 2438 867 2493 de
902 2440 1157 2495 traditore
1180 2439 1214 2494 J
1220 2440 1347 2496 uda.

466 2593 544 2650 De
580 2569 790 2669 Christo
820 2595 1133 2669 quasiRege
1155 2613 1183 2651 e
1215 2596 1440 2669 Davidis
1481 2597 1694 2659 semine,
1741 2595 1805 2649 de
1837 2593 2024 2649 Eccle-

538 2668 629 2721 sia:
654 2666 947 2722 sacerdotio
975 2668 1029 2722 in
1064 2666 1257 2722 swcula
1283 2679 1636 2737 permanente.

468 2823 713 2895 De_novo
745 2824 1077 2881 Testamento
1131 2844 1164 2880 a
1216 2835 1383 2880 vetere
1424 2823 1627 2895 Moysis
1677 2822 1906 2886 diverso,
1961 2822 2025 2875 de

536 2893 807 2967 Evangelii
829 2897 1049 2968 legibus.
1456 2910 1461 2915 ‘

1087 3050 1131 3105 E
1162 3051 1403 3108 Threnis.

468 3141 546 3198 De
564 3141 762 3200 Christi
786 3142 1031 3213 passione
1055 3152 1106 3197 et
1134 3140 1196 3199 de
1226 3143 1496 3197 vocatione
1530 3142 1783 3213 gentium.

1095 3297 1146 3352 E
1171 3298 1401 3355 Bartsch.

470 3390 769 3463 DeChristo
788 3393 940 3463 quasi
974 3391 1077 3449 Deo
1108 3409 1140 3445 a
1166 3392 1309 3448 melis
1341 3391 1678 3447 descendente
1700 3399 1857 3461 atque
1877 3393 2022 3461 apud

534 3462 765 3517 homines
794 3473 1203 3518 commoratum.

1045 3614 1124 3670 Ea:
1155 3615 1444 3673 Ezechiele.

464 3705 785 3834 DeTCh‘risto
814 3709 969 3832 guasi
999 3708 1196 3766 Davide
1235 3713 1439 3768 oritura
1469 3723 1680 3784 pastore
1704 3723 1753 3768 et
1786 3713 1850 3767 de
1888 3728 2019 3768 nouo

583 3796 635 3833 es
662 3794 812 3834 amen
838 3796 889 3834 o.

583 3794 889 3835 εειαηιεηιο.

466 3870 787 3999 DeTCh‘risto
813 3874 967 3998 guasi
997 3873 1198 3930 Doride
1233 3876 1435 3932 orituro
1466 3886 1677 3948 pastore
1713 3886 1764 3932 et
1795 3874 1857 3931 de
1890 3892 2019 3931 nouo

581 3959 635 3998 es
662 3959 813 3999 amen
840 3961 890 3999 ο.

581 3959 890 4000 estamento.

1085 4035 1133 4090 E
1167 4036 1404 4097 Daniele.

465 4126 542 4183 De
562 4124 774 4211 Christo
792 4129 945 4199 quasi
971 4129 1161 4199 lapide,
1184 4130 1247 4187 de
1275 4141 1467 4187 azterno
1496 4134 1609 4204 ejus
1634 4151 1810 4206 regno.

466 4284 543 4339 De
562 4284 774 4342 Christo
797 4288 949 4357 quasi
985 4288 1078 4344 Dei
1105 4289 1265 4346 Filio.

466 4372 763 4519 Dersghrgsg
793 4378 1014 4504 adventu
1043 4384 1195 4452 quasi
1220 4383 1445 4439 hominis
1481 4384 1634 4452 Filii,
1657 4395 1705 4440 et
1738 4384 1802 4442 de
1829 4396 2022 4443 aeterno

630 4467 657 4501 η
766 4467 798 4503 u
833 4488 847 4503 .

630 4467 694 4503 no
714 4467 847 4503 eius.

470 4606 545 4661 De
584 4611 917 4683 septuaginta
946 4610 1378 4683 hebdomadibus.
1430 4624 1481 4666 et
1523 4615 1781 4683 quomodo
1820 4614 2021 4672 Christi

2197 652 2347 711 δωκε
2404 657 2510 710 τὸν
2554 652 2809 726 Χριστὸν
2856 656 2979 722 τοῖς
3028 652 3319 709 Ἰουδαίων
3339 722 3361 726 λγ
3376 653 3691 726 ἄρχουσιν,

2198 727 2309 792 οὓς
2334 726 2450 780 νῦν
2492 730 2525 777 δ
2557 722 2737 796 λᾎγος
2766 726 3137 796 Χαναναίους
3185 722 3382 779 καλεῖ·
3415 724 3514 778 καὶ
3559 724 3695 795 περὶ

2197 796 2306 866 τῆς
2337 794 2650 865 ἀποϐολῆς
2672 794 2890 854 αὐτῶν.

2126 886 2264 957 Περί
2299 888 2404 942 τοῦ
2436 886 2663 954 πάθους
2689 888 2796 942 τοῦ
2826 887 3081 957 Χριστοῦ
3099 903 3112 916 ·
3148 885 3246 957 καί
3275 886 3381 942 τοῦ
3407 883 3526 941 τῶν
3547 885 3694 941 ἀπο-

2197 956 2436 1012 στόλων
2465 959 2556 1011 ἐπ’
2586 956 2745 1024 αὐτῷ
2783 956 3264 1026 σκανδαλισμοῦ.

2194 1050 2331 1120 Περί
2363 1048 2474 1119 τῆς
2503 1048 2785 1117 δευτέρας
2830 1048 2934 1102 τοῦ
2971 1047 3228 1116 Χριστοῦ
3262 1047 3619 1117 παρουσίας.

2476 1143 2562 1216 (F.
2585 1144 2675 1214 25)
2718 1143 2847 1197 Ἀπὸ
2879 1142 2985 1198 τοῦ
3027 1142 3308 1213 Ἀγγείου.

2126 1233 2265 1300 Περί
2294 1231 2404 1301 τῆς
2436 1231 2555 1288 τῶν
2585 1233 2880 1289 Ἰουδαίων
2903 1232 3228 1301 ἀποϐολῆς,
3281 1234 3379 1287 καὶ
3420 1231 3530 1301 τῆς
3574 1231 3697 1288 τῶν

2195 1303 2417 1373 θυσιῶν
2437 1302 2633 1357 αὐτῶν
2658 1302 3052 1372 καθαιρέσεως
3079 1302 3197 1357 τῶν
3221 1320 3283 1357 τε
3309 1303 3695 1373 τοῦᾲΧριστοῦ

2196 1373 2315 1427 ἀνὰ
2345 1372 2551 1428 πᾶσαν
2579 1373 2695 1443 τὴν
2729 1371 3086 1443 οἰκουμένην
3118 1371 3500 1442 Ἐκκλησιῶν.

2123 1463 2271 1547 Περί
2298 1463 2411 1547 τῇς
2447 1464 2667 1547 καινῆς
2702 1463 3044 1547 Atad-tinget
3072 1462 3179 1547 rea!
3213 1465 3329 1547 τοῦ
3356 1465 3545 1547 νόμςξ)
3582 1462 3694 1547 ιτῆς

2195 1536 2481 1603 ἀληθείας
2536 1533 2641 1589 τοῦ
2699 1533 2955 1604 Χριστοῦ
3013 1534 3093 1600 ὡς
3148 1533 3437 1605 ἀγγέλου
3466 1534 3690 1604 Κυρίου

2092 1631 2099 1640 -
2193 1605 2689 1675 παντοκράτορος.

2125 1697 2262 1764 Περὶ
2311 1696 2423 1765 τῆς
2453 1697 2735 1768 δευτέρας
2767 1698 3101 1767 παρουσίας
3151 1698 3256 1752 τοῦ
3304 1696 3561 1767 Χριστοῦ
3612 1697 3695 1766 ὡς

2193 1767 2324 1836 περὶ
2350 1767 2604 1838 ἀγγέλου
2625 1767 2738 1838 τῆς
2771 1767 3062 1836 Διαθήκης
3084 1768 3189 1822 τοῦ
3217 1769 3386 1823 Θεοῦ.

2125 1859 2262 1927 Περί
2306 1860 2411 1915 τοῦ
2455 1860 2710 1931 Χριστοῦ
2752 1862 2834 1928 ὡς
2880 1860 3012 1929 περὶ
3057 1861 3236 1928 ἡλίου
3280 1861 3691 1930 δικαιοσύνης.

2617 1954 2748 2009 Ἀπὸ
2777 1953 2884 2008 τοῦ
2918 1954 3209 2024 Ἰερεμίου.

2121 2038 2260 2113 Περὶ
2295 2045 2403 2100 τοῦ
2452 2046 2680 2113 πάθους
2708 2046 2811 2101 τοῦ
2860 2045 3114 2115 Χριστοῦ
3162 2047 3243 2113 ὡς
3283 2047 3415 2117 περί
3458 2046 3692 2115 ἀρνίου.

2122 2134 2260 2203 Περί
2286 2135 2390 2190 τοῦ
2422 2136 2649 2201 πάθους
2673 2136 2777 2190 τοῦ
2812 2135 3086 2205 Χριστοῦ,
3126 2138 3224 2190 καί
3264 2137 3372 2192 τοῦ
3396 2136 3513 2191 τῶν
3555 2137 3696 2205 Ἰου-

2190 2205 2372 2259 δαίων
2393 2206 2757 2275 ἀφανισμοῦ,
2786 2204 2885 2261 κάί
2909 2206 3041 2275 περί
3067 2205 3175 2274 τῆς
3196 2207 3544 2277 ἐρημώσεως
3580 2204 3693 2277 τῆς

2201 2277 2608 2345 Ἰερουσαλήμ.

2120 2367 2259 2432 Περί
2291 2367 2399 2436 τῆς
2438 2366 2557 2421 τῶν
2578 2366 2769 2421 ἐθνῶν
2799 2367 3093 2436 κλήσεως,
3122 2367 3358 2436 καὶτῆς
3392 2367 3512 2423 τῶν
3554 2370 3691 2425 Ἰου-

2188 2436 2372 2490 δαίων
2401 2438 2781 2505 δυσσεϐείας,
2816 2440 2914 2492 καί
2943 2438 3231 2508 ὀνομαστί
3261 2438 3394 2508 περί
3422 2439 3529 2494 τοῦ
3561 2457 3695 2510 προ-

2190 2507 2367 2562 δότου
2414 2508 2617 2562 Ἰούδα.

2120 2598 2259 2667 Περί
2296 2598 2400 2652 τοῦ
2440 2597 2696 2668 Χριστοῦ
2747 2600 2827 2665 ὡς
2867 2599 3002 2668 περί
3036 2599 3343 2666 Βασιλέως
3387 2599 3455 2669 ex
3506 2599 3692 2669 σπέρ-

2184 2684 2372 2738 ματος
2400 2670 2600 2729 Δαυῒδ,
2632 2669 2729 2722 καί
2754 2669 2865 2737 τῆς
2891 2673 2979 2734 εὶς
3002 2669 3224 2735 αἰῶνας
3250 2668 3571 2737 συστάσης
3591 2668 3689 2724 ἐκ·

2191 2739 2635 2807 κλησιαστικῆς
2676 2742 3026 2809 ἱερουργίας.

2122 2829 2259 2898 Περὶ
2302 2828 2410 2898 τῆς
2436 2831 2645 2899 καινῆς
2676 2829 2972 2898 Διαθήκης
3003 2830 3211 2899 ἐτέρας
3251 2832 3409 2899 παρὰ
3440 2831 3554 2899 τὴν
3594 2832 3693 2888 διὰ

2191 2901 2488 2972 Μωῢσέως
2519 2903 2797 2956 παλαιάν·
2830 2902 2926 2956 καί
2958 2899 3229 2971 περὶτῶν
3248 2901 3397 2956 κατὰ
3422 2902 3488 2956 τὸ
3509 2903 3674 2972 Εὺατ

2192 2968 2394 3041 γέλιον
2417 2973 2634 3042 νόμων.

2616 3064 2749 3119 Ἀπὸ
2782 3063 2902 3119 τῶν
2936 3063 3196 3134 Θρήνων.

2122 3155 2261 3224 Περί
2285 3155 2390 3228 τοῦ
2412 3155 2639 3224 πάθους
2666 3157 2771 3213 τοῦ
2797 3157 3073 3228 Χριστοῦ,
3099 3158 3195 3212 καί
3220 3156 3331 3227 τῆς
3349 3156 3469 3212 τῶν
3496 3154 3690 3213 ἐθνῶν

2193 3227 2490 3296 κλήσεως.
3678 3252 3684 3260 ·

2622 3320 2754 3375 Ἀπὸ
2786 3318 2900 3376 ’τοῦ
2946 3322 3200 3393 Βαρούχ.

2120 3408 2259 3478 Περὶ
2312 3407 2418 3462 τοῦ
2470 3410 2724 3480 Χριστοῦ
2772 3412 2852 3478 ὡς
2913 3413 3044 3480 περί
3102 3409 3250 3465 Θεοῦ
3297 3409 3367 3474 ἐξ
3421 3405 3692 3480 οὐρανῶν

2191 3476 2525 3547 κατιόντος⁷
2552 3479 2649 3533 καί
2693 3476 2839 3550 μετᾶ
2889 3476 3211 3552 ἀνθρώπων
3263 3476 3692 3551 πολιτευσομέ-

2187 3566 2318 3604 νου.

2624 3620 2754 3674 Ἀπὸ
2786 3621 2892 3676 τοῦ
2925 3619 3199 3689 Ἐζεκιήλ.

2119 3712 2258 3781 Περί
2308 3712 2415 3768 τοῦ
2455 3712 2711 3783 Χριστοῦ
2748 3714 2828 3779 ὠς
2873 3714 3008 3783 περὶ
3052 3713 3233 3768 Δαυῒδ
3279 3711 3704 3783 ἀναστησομέέ

2186 3798 2298 3836 νου
2324 3782 2624 3852 ποιμένος,
2646 3783 2743 3838 καί
2772 3782 3033 3853 περὶτῆς
3068 3783 3284 3853 καινῆς
3306 3782 3617 3850 Διαθήκης.

2122 3873 2261 3943 Περί
2290 3873 2397 3929 τοῦ
2427 3875 2682 3943 Χριστοῦ
2721 3875 2803 3942 ὡς
2831 3877 2970 3943 περί
3015 3875 3120 3931 τοῦ
3157 3875 3339 3930 Δαυτδ
3360 3875 3696 3939 ἀναστησο-

2148 3944 2334 4014 μένου
2368 3944 2664 4014 ποιμένος,
2689 3947 2935 4015 καὶπερί
2951 3944 3060 4015 τῆς
3092 3945 3305 4015 καινῆς
3338 3944 3657 4010 Διαθήκης.

2627 4037 2758 4090 Ἀπὸ
2805 4034 2912 4090 τοῦ
2944 4034 3185 4103 Δανιήλ.

2122 4126 2260 4194 Περί
2301 4126 2405 4181 τοῦ
2448 4127 2705 4197 Χριστοῦ
2735 4126 2813 4191 ὠς
2853 4125 2986 4197 περί
3017 4125 3188 4181 λίθου
3211 4143 3225 4157 ’
3269 4126 3367 4181 καὶ
3410 4122 3520 4195 τῆς
3557 4123 3693 4178 αἰω-

2192 4198 2326 4252 νίου
2358 4196 2681 4268 ,βασιλείας
2708 4196 2917 4252 αὐτοῦ.

2122 4290 2259 4359 Περί
2286 4289 2390 4344 τοῦ
2423 4289 2680 4359 Χριστοῦ
2708 4289 2789 4354 ὡς
2832 4288 2965 4359 περί
3003 4287 3139 4343 Υἰοῦ
3172 4286 3339 4344 Θεοῦ.

2123 4382 2261 4462 Περὶ
2284 4380 2404 4462 τῆς
2454 4380 2561 4434 τοῦ
2599 4379 2856 4462 Χριστοῦ
2896 4381 3244 4462 παρουσίας.
3267 4380 3349 4446 ὡς
3383 4377 3516 4462 περί
3542 4378 3693 4462 flat?

2193 4447 2530 4577 ἆῐθρῴπου·
2589 4447 2687 4504 καί
2729 4450 2862 4519 περὶ
2911 4447 3022 4519 τῆς
3075 4451 3316 4507 αἰωνίου
3368 4447 3694 4516 ,ϐασιλείας

2162 4540 2232 4576 -α
2276 4539 2401 4576 του.

2127 4614 2260 4683 Περί
2305 4611 2424 4666 τῶν
2464 4612 2866 4682 ἐϐδομήκοντα
2912 4611 3272 4682 ἑϐδομάδων,
3327 4610 3428 4683 καί
3462 4611 3545 4677 ὡς
3591 4608 3695 4683 esti

536 4657 2020 4758 “$55.75;;ilhgzziiiiiii'féiii¢fhi§i¥i$££§i2§l

2127 4657 2338 4758 “{qu
2366 4657 2747 4758 χρόνουὲέοῦ
2771 4657 3543 4758 Χριστοῦνὲυμπλτιροῦηιᾶ

535 4759 623 4804 sat
662 4760 827 4805 totum
849 4749 1159 4808 Iudaeorum
1180 4749 1359 4822 populi
1379 4749 1659 4811 excidium.

972 4948 975 4951 ’
1024 4950 1439 5009 PROCEMIUM.

533 5078 663 5135 Post
711 5080 930 5152 eclogas
988 5080 1056 5137 de
1103 5080 1356 5150 Psalmis,
1388 5093 1614 5141 caeteras
1680 5087 1748 5143 de
1796 5088 2023 5160 reliquis

465 5172 691 5241 poeticis
726 5173 905 5233 libris,
932 5188 1032 5228 nec
1062 5189 1170 5229 non
1207 5175 1274 5230 de
1311 5177 1608 5246 prophetiis
1640 5179 1693 5234 in
1724 5184 1884 5237 tertia
1918 5183 2023 5238 hac

462 5266 780 5322 collectione
807 5267 1243 5337 propheticarum
1258 5270 1462 5326 Christi
1479 5274 1813 5344 eclogarum,
1829 5284 2020 5332 octava

465 5356 785 5414 Universalis
831 5359 1183 5417 elementarius
1221 5363 1658 5433 'introduetionis,
1702 5372 2021 5437 conscribe-

460 5466 602 5516 mns,
618 5452 728 5522 jam
760 5454 912 5524 prius
947 5455 1420 5513 animadversione
1448 5458 1591 5515 facta
1617 5462 1760 5530 quod
1792 5463 2021 5533 prophe-

460 5549 543 5598 tas
579 5548 707 5601 vera
748 5547 929 5604 dicere
979 5549 1205 5606 minime
1248 5551 1509 5621 possibile
1540 5562 1645 5617 est,
1680 5555 1785 5610 nisi
1831 5556 1900 5610 ab
1951 5558 2019 5613 iis

459 5637 809 5695 conﬁrmetur
865 5641 918 5696 in
963 5641 1300 5699 Salvatorem
1365 5654 1419 5701 et
1448 5646 1739 5704 Dominum
1771 5656 2017 5705 nostrum

457 5726 642 5784 Iesum
670 5730 945 5788 Christum
980 5733 1137 5800 ﬁdes,
1171 5750 1346 5806 neque
1375 5748 1619 5795 nostram
1651 5743 1706 5797 in
1740 5740 2014 5798 Christum

462 5819 618 5877 ﬁdem
642 5822 891 5880 stabilius
916 5825 1198 5893 aediﬁcari,
1228 5829 1333 5885 nisi
1362 5832 1644 5903 prophetis
1664 5836 1735 5892 ab
1765 5835 1922 5892 initio
1950 5836 2018 5892 de

464 5911 683 5970 Christo
710 5913 1201 5974 demonstrationes
1233 5919 1462 5980 ﬁrmiter
1490 5927 1858 5984 credentibus.
1913 5927 2020 5984 Ex.

2196 4749 2753 4822 οὒςπροφητεύεται
2787 4749 2861 4808 τὰ
2895 4753 3028 4822 περί
3061 4749 3166 4809 τοῦ
3195 4749 3533 4819 παντελοῦς
3560 4749 3696 4806 ὀλέ-

2194 4827 2336 4894 θρου
2375 4823 2479 4877 τοῦ
2522 4823 2816 4878 Ἰουδαίων
2840 4823 3013 4880 λαοῦ.

2710 4959 3112 5016 ΠΡΟΟΙΜΙΟΝ.

2195 5096 2282 5169 (F.
2317 5097 2390 5151 25
2411 5097 2498 5166 νο)
2532 5096 2688 5152 Μετὰ
2717 5096 2781 5169 δὴ
2815 5096 2911 5160 τὰς
2937 5097 3043 5150 ἀπὸ
3068 5095 3175 5151 τῶν
3199 5094 3441 5168 Ψαλμῶν
3465 5095 3692 5166 ἐκλογὰς

2121 5189 2217 5254 τὰς
2246 5188 2352 5243 ἀπὸ
2382 5189 2490 5244 τῶν
2518 5190 2721 5244 λοιπῶν
2750 5188 3019 5262 στιχηρῶν
3048 5189 3142 5243 καὶ
3169 5188 3275 5241 τῶν
3325 5188 3450 5259 ἑξῆς
3482 5205 3690 5261 προφη-

2121 5282 2280 5336 τειῶν
2326 5285 2383 5336 ἐν
2428 5274 2605 5356 ’τρίτῳ
2637 5282 2810 5354 τούτῳ
2841 5282 3230 5355 συγγράμματι
3285 5281 3392 5337 τῶν
3444 5280 3687 5355 περὶτοῦ

2120 5378 2351 5449 Χριστοῦ
2375 5377 2733 5450 Προφητικῶν
2758 5375 3048 5445 Ἐκλογῶν,
3080 5376 3250 5446 ὀγδόῳ
3271 5375 3385 5429 ὄντι
3429 5374 3533 5439 τῆς
3576 5377 3692 5429 Κα-

2119 5471 2302 5524 θόλου
2330 5467 2747 5538 στοιχειώδους
2803 5467 3136 5538 εἰσαγωγῆς
3167 5509 3181 5533 ,
3264 5467 3651 5538 ἀναλεξῶμεθα
3677 5508 3693 5533 ,

2120 5561 2692 5633 προεπισημηνάμενοι
2741 5561 2821 5617 ὅτι
2879 5561 3015 5631 μήτε
3072 5560 3138 5613 τὰ
3199 5559 3310 5614 τῶν
3392 5560 3688 5633 προφητῶν

2119 5654 2470 5725 ἐπαληθεύειν
2497 5653 2737 5716 δυνατὸν,
2761 5651 2828 5722 ἢν
2863 5652 2936 5723 μὴ
2965 5651 3084 5723 οὐχὶ
3111 5652 3210 5722 τῆς
3242 5655 3322 5716 εἰς
3347 5652 3441 5707 τὸν
3467 5653 3694 5724 Σωτῆρα

2120 5748 2211 5802 καὶ
2257 5747 2458 5818 Κύριον
2501 5746 2655 5817 ἡμῶν
2701 5744 2907 5809 Ἰησοῦν
2953 5743 3187 5816 Χριστὸν
3226 5745 3462 5808 πίστεως
3510 5745 3693 5808 αὐτοῖς

2123 5836 2817 5911 συμπαραλαμϐανομένης,
2854 5836 2989 5907 μήτε
3038 5834 3107 5890 τὰ
3152 5836 3252 5907 τῆς
3301 5836 3577 5908 ἡμετέρας
3608 5835 3692 5897 εἰς

2123 5929 2212 5984 τὸν
2246 5929 2477 6000 Χριστὸν
2509 5927 2739 5992 πίστεως
2770 5925 3128 6001 λογικώτερον
3175 5927 3554 5999 κρατύνεπθαι,
3610 5926 3688 5997 μὴ
