4106 6422
1368 357 1656 415 ECLOGA]
1696 359 2174 417 PROPHETICE.
2215 392 2283 402 —
2320 361 2447 416 LlB.
2487 361 2574 418 111.

3496 358 3634 413 “‘22

405 473 508 526 τῶν
546 472 807 528 ἀνέκαθεν
839 473 1132 545 προφητῶν
1175 472 1271 536 τὰς
1317 474 1446 544 περὶ
1471 474 1635 527 αὑτοῦ
1670 479 1964 547 ττιστουμιέ⁴

2078 477 2193 533 inde
2213 493 2321 532 non
2352 478 2622 532 immerito
2648 475 3072 546 exprobraretur
3103 472 3324 536 Iudaeis.
3352 475 3444 546 qui
3476 474 3633 530 Chri-

405 579 507 618 νων
553 562 874 628 ἀποδείξεις.
923 562 1084 616 Ὅθεν
1135 563 1356 626 εἰκότως
1384 565 1449 618 ἄν
1480 582 1564 627 τις
1612 565 1882 631 Ἰουδαίοις
1914 585 1972 621 τε

405 652 480 724 μὴ
509 652 598 706 τὸν
632 652 861 723 Χριστὸν
885 651 1365 724 παραδεξαμένοις,
1389 653 1481 706 καὶ
1504 657 1614 718 τοῖς
1637 655 1737 718 τὰς
1763 673 1975 727 προφη-

403 746 551 808 τείας
598 743 852 798 ἀθετοῦσι
880 741 1224 815 αἱρεσιώταις
1251 745 1663 816 καταμέμψοιτο
1709 749 1787 809 εἰς
1841 749 1972 800 ἀσύ-

406 853 574 890 στατα
603 836 1084 908 περιτρεπομένοις
1104 852 1117 865 ·
1141 838 1190 888 οί
1222 837 1317 907 μὲν
1337 836 1445 906 γὰρ
1463 837 1537 899 t'o;
1557 837 1691 890 Θεοῦ
1715 838 1813 902 τὰς
1845 856 1974 911 προ-

406 927 630 999 φητείας
660 928 1064 998 ἀποδεχόμενοι,
1094 927 1292 992 ταύτας
1331 929 1544 998 ψευδεῖς
1585 931 1974 1000 ἀπελέγχουσιν

405 1018 614 1082 ἀτελεῖς
640 1019 806 1082 αύτάς
829 1017 1263 1082 καταλείποντες,
1292 1020 1372 1072 ὅτι
1405 1018 1478 1089 μὴ
1501 1019 1600 1082 τὰς
1631 1023 1708 1083 είς
1735 1020 1822 1073 τὸν
1844 1022 1976 1091 Χρι-

409 1110 530 1163 στὸν
557 1109 1045 1180 ἀποπληρωθείσας
1065 1110 1174 1163 τῶν
1204 1110 1545 1182 προφητειῶν
1592 1112 1844 1178 ἐκϐάσεις
1873 1107 1973 1165 οἷοί

405 1201 468 1254 τέ
496 1203 599 1255 είσι
630 1201 1030 1273 παραδέξασθαι
1051 1219 1063 1232 ·
1099 1205 1146 1256 oi
1179 1203 1234 1256 δὲ
1259 1204 1349 1256 τὸν
1375 1204 1604 1274 Χριστὸν
1650 1204 1972 1275 ὁμολογοῦν-

407 1311 497 1357 τες
529 1293 828 1348 ἀσύστατον
859 1297 950 1348 καὶ
981 1295 1362 1349 ἀναπόδεικτον
1384 1299 1480 1367 τὴν
1501 1300 1578 1360 εἰς
1611 1298 1772 1352 αὑτὸν
1797 1298 1974 1352 πίστιν

408 1388 744 1458 περιέπουσι,
783 1388 855 1461 μὴ
888 1391 998 1453 τοῖς
1031 1389 1354 1460 θαυμασίοις
1385 1391 1477 1444 τοῦ
1507 1389 1640 1443 Θεοῦ
1673 1392 1974 1462 προφήταις

407 1479 477 1533 τὰ
497 1482 623 1552 περὶ
643 1480 805 1534 αὑτοῦ
835 1483 1368 1554 προμαρτυρομένοις
1389 1482 1760 1554 συγχρώμενοι
1784 1485 1974 1554 ’ἡμεῖς

409 1572 474 1638 γέ
495 1587 594 1624 τοι·
625 1572 722 1636 τὰς
766 1571 944 1642 μέντοι
975 1573 1306 1644 προφητείας
1345 1575 1431 1627 διὰ
1465 1575 1561 1645 τῆς
1597 1559 1689 1626 τοῦ
1740 1575 1973 1646 Χριστοῦ

411 1663 730 1736 παρουσίας,
765 1663 968 1735 ταύτην
985 1665 1042 1718 δὲ
1067 1665 1155 1718 διὰ
1186 1665 1295 1720 τῶν
1318 1666 1655 1737 προφητειῶν
1685 1668 1978 1740 πιστούμε-

409 1772 510 1822 νοι,
550 1756 610 1808 τὸ
639 1756 803 1824 φανὸν
850 1757 943 1809 καὶ
976 1758 1199 1829 στερρὸν
1248 1758 1348 1828 τῆς
1395 1757 1648 1830 ἀληθείας
1697 1759 1978 1832 ἀνεξελέγ-

409 1865 558 1913 κτοις
615 1849 914 1912 ἀποδείξεσι
969 1851 1340 1922 παριστῶμεν.
1401 1850 1584 1905 Ταῦτα
1638 1852 1736 1924 μὲν
1786 1853 1862 1917 ὡς
1913 1857 1971 1909 ἐν

410 1942 678 2013 προοιμίῳ
698 1959 710 1971 ·
744 1942 908 2012 ἴωμεν
930 1942 985 1994 δὲ
1010 1943 1102 1994 ἐπὶ
1128 1943 1186 1994 τὸ
1218 1944 1619 2015 προκείμενον.-

932 2055 1228 2109 ΚΕΦΑΛΑΙ
1236 2056 1328 2109 ΟΝ
1381 2058 1461 2111 A'.

876 2171 1006 2225 Ἀπὸ
1041 2170 1160 2225 τῶν
1183 2171 1534 2242 Παροιμιῶν.

479 2285 635 2338 Πᾶσα
681 2285 776 2355 μὲν
810 2287 840 2354 ἡ
877 2284 1054 2354 βίϐλος
1085 2283 1192 2338 τῶν
1229 2285 1543 2356 Παροιμιῶν
1576 2286 1639 2338 ἐκ
1690 2285 1978 2358 προσώπου

407 2375 660 2444 λέγεσθαι
682 2376 780 2445 τῆς
813 2375 1010 2445 Σοφίας
1032 2375 1194 2443 ἔοικε,
1221 2377 1294 2447 πῆ
1328 2377 1426 2448 μὲν
1459 2379 1549 2430 τὸν
1584 2378 1770 2448 ἠθικὸν
1798 2381 1981 2433 ὑποτι-

412 2467 642 2539 θεμένης
694 2467 826 2538 βίον,
873 2469 949 2538 πῆ
981 2469 1037 2522 δὲ
1077 2470 1596 2541 προσωποποιούσης
1647 2472 1849 2544 ἐτέρων
1895 2473 1981 2525 λό-

410 2577 539 2629 γους
559 2576 573 2589 °
609 2560 701 2614 καὶ
735 2561 862 2613 ποτέ
899 2560 994 2630 μὲν
1027 2561 1320 2631 αἰνίγματα
1354 2561 1815 2633 προϐαλλομένης,
1850 2564 1978 2616 ποτὲ

410 2653 457 2706 δ’
490 2648 555 2707 αὖ
590 2653 719 2726 περὶ
747 2654 914 2725 αὑτῆς
943 2670 1062 2707 τινα
1093 2653 1464 2724 διδασκούσης,
1495 2655 1589 2707 καὶ
1630 2655 1698 2708 τὰ
1733 2657 1859 2727 περὶ
1886 2655 1979 2709 τοῦ

411 2745 608 2815 ἑαυτῆς
659 2744 841 2798 ἐνθέου
892 2745 1198 2816 ἀξιώματος
1260 2745 1635 2816 παιδευούσης.
1693 2747 1909 2800 Τούτων
1935 2748 1979 2800 δ’

409 2837 778 2908 ἀναλεξάμεθα
809 2837 873 2890 δι’
906 2831 980 2890 ὧν
1037 2836 1375 2909 μανθάνομεν
1423 2839 1503 2890 ὅτι
1560 2839 1622 2910 δὴ
1673 2837 1806 2902 ζῶον
1840 2840 1979 2894 θεῖον

411 2930 505 2984 καὶ
534 2931 706 3000 πάντη
737 2930 833 3002 τὴν
865 2930 1022 2999 φύσιν
1057 2931 1309 3002 ἐνάρετον
1354 2931 1387 3001 ἡ
1421 2931 1590 2999 Σοφία
1637 2932 1914 3001 τυγχάνει,
1944 2935 1976 3004 ἡ

409 3023 546 3094 αὑτὴ
586 3020 717 3100 οὑσα
771 3022 848 3094 τῷ
879 3023 1014 3094 μετά
1061 3022 1150 3075 τὸν
1181 3021 1393 3094 πρῶτον
1445 3022 1576 3075 Θεὸν
1607 3023 1842 3094 δευτέρῳ
1874 3023 1980 3077 τῶν

407 3115 543 3170 ὅλων
599 3099 754 3184 αίτίῳ
779 3153 793 3178 ,
843 3114 920 3186 τῷ
969 3131 1028 3168 τε
1064 3133 1082 3166 ι
1122 3117 1179 3167 ἐν
1212 3116 1354 3185 ἀρχῇ
1383 3113 1519 3185 πρὸς
1559 3115 1648 3167 τὸν
1685 3115 1815 3168 Θεὸν
1863 3115 1980 3185 Θεῷ

409 3206 584 3278 Λόγῳ,
619 3225 637 3259 ι
671 3208 763 3260 καὶ
787 3209 852 3278 τῇ
881 3205 1155 3277 διοικούσῃ
1197 3205 1292 3258 καὶ
1342 3205 1698 3278 οἰκονομούσῃ
1728 3206 1795 3258 τὰ
1843 3206 1980 3278 σύμ-

408 3303 606 3362 παντά,
637 3297 730 3350 καὶ
761 3298 920 3368 μέχρι
945 3297 1052 3350 τῶν
1079 3298 1171 3351 ἐπὶ
1192 3298 1296 3368 γῆς
1338 3297 1676 3367 πραγμάτων
1708 3296 1979 3370 φθανούσῃ
2009 3310 2049 3366 C

409 3388 634 3460 προνοίᾳ
659 3389 752 3444 τοῦ
792 3389 948 3455 Θεοῦ,
983 3392 1016 3461 ἢ
1067 3391 1160 3444 καὶ
1191 3391 1296 3462 πρὸ
1325 3390 1508 3460 πάσης
1538 3390 1724 3454 οὐσίας
1780 3409 1839 3445 τε
1888 3393 1981 3445 καὶ

409 3481 755 3545 ὑποστάσεως
781 3482 1047 3548 ἔκτισται,
1079 3481 1218 3552 ἀρχὴ
1259 3481 1393 3535 ὁδῶν
1422 3477 1554 3535 οὖσα
1589 3484 1686 3553 τῆς
1718 3483 1844 3555 ὅλης
1884 3484 1979 3553 δη-

411 3572 718 3644 μιουργίας.
756 3572 835 3625 Τὰ
858 3572 914 3624 δέ
951 3571 1089 3643 ῥητὰ
1115 3573 1190 3634 ὡς
1219 3570 1280 3636 ἐξ
1304 3571 1473 3641 αὐτῆς
1496 3571 1596 3642 τῆς
1631 3572 1830 3640 Σοφίας
1857 3571 1980 3625 τοῦ-

407 3681 498 3718 τον
521 3651 767 3718 λέλεκται
807 3664 898 3718 τὸν
925 3664 1122 3736 τρόπον
1145 3678 1158 3692 ·
1199 3681 1218 3714 ι
1253 3663 1394 3732 Ἐγὼ
1441 3663 1669 3735 ήΣοφία
1710 3665 1978 3735 κατεσκή-

407 3772 555 3809 νωσα
591 3754 783 3826 βουλὴν
817 3756 910 3810 καὶ
937 3753 1156 3824 γνῶσιν,
1195 3753 1287 3809 καὶ
1316 3753 1521 3806 ἔννοιαν
1561 3752 1672 3822 ἐγὼ
1726 3754 1980 3808 ἐπεκαλε·

407 3847 611 3919 σάμην.
667 3845 832 3913 Φόϐος
885 3847 1086 3920 Κυρίου
1140 3849 1288 3918 μισεῖ
1331 3847 1546 3911 κακίαν,
1600 3845 1756 3918 ὓϐριν
1789 3864 1847 3900 τε
1886 3849 1979 3901 καὶ

409 3940 786 4014 ὑπερηφανίαν
823 3940 914 3993 καὶ
964 3940 1114 4003 ὁδοὺς
1151 3939 1434 4012 πονηρῶν,
1493 3939 1731 4010 ἐμίσησα
1773 3940 1828 3992 δὲ
1870 3940 1978 4009 ἐγὼ

405 4029 839 4102 διεστραμμένας
873 4030 1023 4094 ὁδοὺς
1052 4030 1258 4084 κακῶν.
1291 4032 1428 4101 Ἐμὴ
1467 4028 1627 4101 βουλὴ
1669 4032 1763 4084 καὶ
1801 4032 1977 4102 ἀσφά-

406 4122 555 4179 λεια·
592 4124 702 4193 ἐγὼ
735 4124 976 4188 σύνεσις,
1017 4125 1123 4195 ἐμὴ
1158 4125 1214 4178 δὲ
1242 4125 1410 4195 ἰσχύς.
1454 4127 1531 4178 Δι’
1565 4124 1699 4195 ἐμοῦ
1743 4125 1978 4196 βασιλεῖς

409 4216 784 4286 βασιλεύουσι,
858 4217 950 4269 καὶ
1021 4219 1068 4270 οἱ
1118 4217 1374 4271 δυνάσται
1442 4219 1712 4290 γράφουσι
1770 4220 1975 4274 δικαιο-

411 4310 597 4382 σύνην.
622 4311 698 4362 Δι’
739 4309 871 4380 ἐμοῦ
918 4311 1238 4380 μεγιστᾶνες
1296 4310 1707 4380 μεγαλύνονται,
1754 4311 1846 4363 καὶ
1882 4310 1977 4363 τύ-

412 4417 588 4470 ραννοι
629 4401 696 4456 δι’
751 4403 883 4473 ἐμοῦ
921 4402 1182 4473 κρατοῦσι
1211 4402 1331 4473 γῆς·
1379 4403 1517 4471 Ἐγὼ
1565 4405 1689 4467 τοὺς
1733 4405 1832 4473 ἐμὲ
1892 4422 1978 4474 φι-

408 4489 631 4556 λοῦντας
705 4492 922 4561 ἀγαπῶ,
976 4493 1024 4546 οἱ
1066 4493 1123 4546 δέ
1171 4493 1272 4562 ἐμὲ
1333 4493 1624 4563 ζητοῦντες
1690 4494 1975 4565 εὑρήσουσι

407 4588 584 4656 χάριν.
617 4586 850 4649 Πλοῦτος
879 4589 970 4640 καὶ
1019 4587 1144 4652 δόξα
1190 4587 1312 4658 ἐμοὶ¹
1366 4587 1630 4659 ὑπάρχει,
1664 4588 1757 4640 καὶ
1786 4589 1975 4658 κτῆσις

410 4675 616 4730 πολλῶν
668 4679 762 4731 καὶ
798 4678 1132 4750 δικαιοσύνη.
1184 4679 1402 4734 Βέλτιον
1461 4680 1561 4750 ἐμὲ
1615 4679 1975 4752 καρπίζεσθαι

409 4769 549 4841 ὑπὲρ
583 4771 802 4842 χρυσίον
860 4773 954 4826 καὶ
1010 4771 1154 4825 λίθον
1211 4772 1389 4843 τίμιον
1424 4773 1620 4826 πολύν·
1649 4773 1718 4827 τὰ
1767 4774 1821 4827 δὲ
1869 4774 1976 4844 ἐμὰ

407 4863 717 4934 γεννήματα
748 4864 982 4935 κρείσσω
1010 4864 1272 4936 ἀργυοίου
1299 4864 1577 4919 ἐκλεκτοῦ.
1647 4867 1733 4919 Ἐν
1759 4864 1840 4935 (F.
1865 4852 1975 4936 ’26)

405 4953 542 5018 ὁδοῖς
591 4954 933 5026 δικαιοσύνης
988 4957 1300 5028 περιπατῶ,
1337 4958 1430 5011 καὶ
1455 4958 1725 5029 ἀναμέσον
1774 4959 1974 5029 τρίϐων

405 5044 767 5115 δικαιώματος
830 5047 1271 5118 ἀναστρέφομαι·
1326 5048 1411 5100 ἵνα
1467 5049 1678 5118 μερίσω
1718 5052 1828 5113 τοῖς
1875 5048 1973 5118 ἐμὲ

405 5136 690 5205 ἀγαπῶσιν
725 5137 976 5209 ὕπαρξιν,
1010 5140 1253 5202 καὶτοὺς
1295 5139 1599 5210 θησαυροὺς
1645 5139 1822 5192 αὑτῶν
1872 5141 1972 5210 ἐμ-

407 5229 599 5300 πλήσω
630 5228 846 5297 ἀγαθῶν
863 5246 876 5261 ⁶
913 5229 1006 5283 ἐὰν
1035 5231 1340 5300 ἀναγγείλω
1365 5233 1489 5302 ὑμῖν
1517 5232 1585 5284 τὰ
1614 5231 1734 5287 καθ’
1761 5232 1970 5304 ἡμέραν

406 5322 683 5395 γινόμενα,
711 5325 1065 5394 μνημονεύσω
1087 5326 1153 5378 τὰ
1197 5325 1255 5392 ἐξ
1281 5325 1475 5387 αἰῶνος
1509 5322 1826 5395 ἀριθμῆσαι.
1868 5322 1973 5376 Κύ-

410 5431 520 5486 ριος
543 5414 720 5467 ἕκτισέ
746 5432 810 5485 με
830 5416 1003 5488 ἀρχὴν
1027 5415 1160 5470 ὁδῶν
1192 5416 1354 5469 αὑτοῦ
1385 5418 1463 5478 είς
1489 5415 1625 5486 ἔργα
1657 5414 1844 5480 αὑτοῦ,
1869 5416 1973 5488 πρὸ

403 5504 496 5558 τοῦ
522 5506 712 5570 αίῶνος
732 5505 1055 5577 ἐθεμελίωσέ
1082 5525 1168 5577 με,
1196 5510 1252 5560 ἐν
1281 5509 1420 5578 ἀρχῇ
1469 5507 1574 5578 πρὸ
1609 5506 1702 5559 τοῦ
1742 5505 1839 5576 τὴν
1872 5509 1973 5577 γῆν

405 5599 645 5668 ποιῆσαι,
673 5599 766 5651 καὶ
799 5597 903 5671 πρὸ
926 5599 1020 5652 τοῦ
1049 5599 1146 5662 τὰς
1167 5599 1433 5662 ἀϐύσσους
1466 5600 1708 5668 ποιῆσαι,
1745 5598 1851 5669 πρὸ
1879 5597 1970 5650 τοῦ

407 5689 578 5744 ἐλθεῖν
610 5692 706 5756 τὰς
740 5693 919 5763 πηγάς
967 5691 1072 5746 τῶν
1125 5693 1328 5746 ὑδάτων
1348 5710 1360 5722 ·
1405 5693 1509 5770 πρὸ
1553 5690 1645 5745 τοῦ
1680 5692 1780 5762 ὅρη
1811 5693 1970 5762 ἐδρα-

409 5776 620 5849 σθῆναι,
671 5783 775 5853 πρὸ
798 5781 855 5837 δὲ
906 5783 1120 5838 πάντων
1154 5783 1376 5854 βουνῶν,
1407 5784 1569 5854 γεννᾷ
1633 5799 1719 5853 με.
1767 5781 1970 5853 Κύριος

477 5897 522 5930 ”
559 5895 715 5954 Joan.
753 5913 806 5956 I.
845 5899 896 5957 ί.

2079 578 2222 625 stum
2251 586 2360 624 non
2392 568 2704 633 admittunt,
2736 584 2835 624 nec
2863 583 2970 623 non
3019 567 3289 624 haereticis
3325 568 3636 638 prophetias

2079 663 2472 731 rejicientibus,
2525 661 2668 732 quod
2727 662 2781 716 in
2829 661 3314 716 contradictionem
3365 661 3633 716 incidunt.

2079 755 2156 809 Illi
2180 756 2322 809 enim
2352 756 2498 810 velut
2529 771 2557 808 a
2587 753 2696 809 Deo
2721 753 3036 824 prophetias
3081 752 3376 823 accipiunt,
3411 751 3636 807 menda-

2079 848 2148 901 cii
2171 859 2346 903 autem
2371 864 2463 904 eas
2485 857 2739 918 arguunt,
2767 848 2893 902 dum
2919 845 3261 916 imperfectas
3284 861 3406 900 esse
3427 845 3632 906 sinunt,

2079 939 2134 992 in
2157 939 2374 994 Christo
2397 949 2830 994 consummatum
2861 938 3030 994 fuisse
3051 937 3451 1008 prophetiarum
3469 952 3633 990 even-

2080 1037 2195 1083 tum
2242 1045 2534 1101 agnoscere
2559 1041 2920 1098 nequeuntes;
2950 1030 3006 1083 lii
3052 1045 3202 1092 vero,
3231 1029 3323 1099 qui
3359 1027 3634 1082 Christum

2079 1122 2427 1185 conﬁtentur,
2457 1122 2747 1177 absurdam
2775 1129 2953 1176 tamen
2989 1138 3163 1192 neque
3195 1123 3357 1177 certis
3392 1120 3633 1174 l'ulcitam

2079 1214 2425 1270 documentis
2467 1214 2624 1270 ﬁdem
2661 1215 2783 1283 ejus
2837 1215 3194 1278 contendunt,
3244 1211 3635 1267 admirabiliter

2080 1306 2174 1362 Dei
2209 1307 2524 1377 prophetas,
2556 1308 2650 1378 qui
2684 1308 3056 1364 testimonium
3103 1307 3230 1362 olim
3278 1305 3344 1359 de
3395 1320 3460 1359 eo
3510 1301 3636 1357 red-

2079 1400 2356 1468 diderunt,
2378 1416 2487 1454 non
2517 1408 2895 1471 agnoscentes.
2924 1399 3064 1466 Quid
3093 1414 3220 1454 vero
3248 1398 3382 1452 nos?
3406 1395 3636 1465 Pr0phe-

2079 1492 2186 1548 tias
2220 1493 2439 1562 quidem
2477 1501 2697 1564 propter
2750 1493 2952 1548 Clu-isti
3010 1492 3318 1555 adventum,
3350 1491 3494 1544 hunc
3540 1503 3634 1542 au-

2079 1591 2188 1640 tem
2225 1599 2443 1658 propter
2486 1588 2798 1658 prophetias
2846 1587 3139 1650 credimus,
3180 1601 3245 1639 ac
3310 1582 3635 1640 evidentiam

2088 1683 2373 1754 roburque
2396 1683 2640 1739 veritatis
2673 1683 2999 1737 arctissimis
3033 1681 3380 1737 ostendemus
3416 1677 3637 1733 demon-

2083 1774 2461 1830 strationibus.
2489 1773 2592 1830 S'ed
2624 1774 2755 1831 satis
2781 1774 2848 1830 de
2875 1771 3170 1844 prommio;
3190 1771 3302 1840 jam
3343 1768 3408 1823 ad
3444 1780 3638 1838 propo-

2077 1866 2238 1922 situm
2280 1875 2639 1923 transeamus.

2709 2068 2936 2126 CAPUT
2973 2068 3014 2123 1.

2669 2179 2719 2236 Ε
2746 2181 3066 2237 Prorerbiis.

2151 2297 2320 2353 Totus
2343 2295 2760 2353 Proverbiorum
2783 2297 2919 2354 liber
2941 2297 3008 2353 de
3028 2295 3328 2369 Sapientia,
3351 2295 3394 2352 si
3418 2296 3482 2351 ad
3506 2296 3641 2352 titu-

2081 2389 2191 2446 lum
2241 2391 2528 2460 respicias,
2555 2397 2796 2444 tractare
2835 2389 3078 2453 videtur;
3109 2405 3254 2444 nunc
3287 2389 3532 2444 moribus
3561 2391 3642 2443 vi-

2078 2490 2190 2538 tam
2223 2484 2464 2549 instruit,
2508 2499 2654 2538 nunc
2695 2483 2833 2538 alios
2875 2483 3156 2553 loquentes
3203 2481 3453 2536 inducit:
3499 2497 3641 2536 non-

2080 2591 2356 2646 nunquam
2393 2575 2647 2645 proponit
2693 2577 3013 2646 zenigmata;
3047 2574 3218 2644 ipsam
3271 2572 3544 2628 interdum
3575 2572 3643 2627 de

2080 2699 2139 2739 se
2168 2683 2413 2754 quardam
2441 2682 2780 2744 edocentem,
2809 2681 3085 2750 multaque
3108 2679 3174 2733 de
3205 2680 3386 2734 divina
3419 2679 3640 2733 suimet-

2081 2775 2254 2846 ipsius
2312 2775 2578 2844 dignitate
2627 2772 3023 2827 ostendentem.
3075 2771 3314 2837 Quorum
3365 2787 3428 2825 ea
3491 2771 3646 2840 prius

2080 2865 2398 2935 colligemus
2423 2863 2622 2933 quibus
2653 2873 2988 2932 compertum
3031 2863 3293 2917 habemus
3323 2862 3528 2933 aliquid
3561 2861 3645 2916 di-

2079 2958 2264 3012 vinum
2294 2971 2415 3012 esse
2439 2955 2758 3025 sapientiam
2787 2964 2840 3010 et
2864 2963 3057 3008 natura
3077 2956 3297 3009 omnino
3327 2955 3644 3026 praecellen-

2081 3057 2214 3113 tem,
2247 3049 2531 3118 ipsamque
2560 3047 2878 3112 secundam,
2917 3055 3040 3117 post
3070 3049 3304 3117 priorem
3338 3047 3527 3113 Deum,
3561 3063 3647 3104 re-

2081 3172 2202 3211 rum
2259 3157 2638 3211 universarum
2692 3169 2938 3222 causam,
2971 3171 3088 3226 qua:
3133 3157 3350 3225 quidem
3397 3173 3518 3212 cum
3575 3156 3650 3212 sit

2090 3270 2109 3302 ι
2146 3251 2200 3305 in
2242 3251 2512 3322 principio
2536 3254 2675 3323 apud
2701 3252 2866 3308 Deum
2901 3250 3043 3307 Deus
3066 3249 3302 3305 Verbum
3319 3252 3388 3314 ’9,
3412 3270 3431 3303 ι
3468 3250 3645 3305 omnia

2085 3358 2279 3414 regens
2326 3351 2488 3414 atque
2516 3345 2798 3407 ordinans,
2828 3352 2881 3397 et
2903 3342 2997 3398 Dei
3027 3343 3366 3413 providentia
3393 3343 3650 3397 omnibus

2082 3450 2202 3504 qua:
2251 3443 2380 3490 Sunt
2435 3450 2599 3504 super
2639 3442 2836 3489 terram
2885 3436 3200 3496 consulens,
3249 3442 3374 3489 ante
3431 3450 3645 3488 omnem

2081 3526 2374 3580 essentiam
2439 3536 2493 3581 et
2547 3525 2910 3580 substantiam
2983 3536 3294 3596 procreata,
3358 3527 3649 3594 omnisque

2082 3619 2376 3672 creationis
2399 3617 2611 3671 viarum
2638 3618 2985 3688 principium.
3014 3615 3137 3672 Haec
3176 3632 3302 3672 vero
3335 3631 3456 3686 qua:
3488 3616 3643 3685 quasi

2080 3721 2147 3777 de
2177 3737 2236 3776 se
2269 3722 2384 3791 ipsa
2411 3721 2687 3792 Sapientia
2717 3723 2847 3777 dicit
2880 3738 2892 3773 :
2931 3741 2948 3772 ¢
2991 3720 3103 3791 Ego
3149 3719 3424 3790 Sapientia
3459 3719 3646 3774 habito

2080 3816 2136 3870 in
2192 3815 2445 3879 consilio,
2483 3823 2538 3870 et
2592 3814 2822 3870 eruditis
2885 3817 3147 3868 intersum
3199 3812 3639 3883 cogitationibus.

2079 3906 2266 3963 Timor
2288 3909 2497 3963 Domini
2523 3910 2638 3965 odit
2668 3909 2869 3964 malum
2902 3928 2914 3960 :
2949 3907 3339 3976 arrogantiam,
3371 3914 3423 3961 et
3455 3921 3642 3975 Super~

2079 4001 2245 4065 biam,
2293 4009 2346 4055 et
2399 4002 2542 4055 viam
2589 4015 2834 4072 pravam,
2881 4010 2930 4056 et
2979 4016 3041 4055 os
3086 3999 3325 4070 bilingue
3379 3998 3638 4053 detestor.

2081 4093 2255 4149 Meum
2290 4101 2374 4150 est
2399 4094 2710 4157 consilium,
2743 4101 2796 4148 et
2825 4092 3092 4163 aequitas;
3128 4106 3245 4146 mea
3295 4100 3377 4146 est
3404 4089 3642 4160 pruden-

2080 4187 2195 4253 tia;
2233 4201 2351 4240 mea
2383 4193 2467 4241 est.-
2509 4184 2787 4240 l‘ortitudo.
2821 4182 2924 4237 Per
2963 4199 3048 4238 me
3099 4197 3257 4253 reges
3305 4186 3554 4252 regnant,
3586 4184 3642 4232 et

2080 4279 2260 4348 legum
2305 4276 2616 4332 conditores
2657 4274 2808 4344 justa
2865 4273 3198 4339 decernunt;
3241 4287 3337 4342 per
3372 4287 3458 4325 me
3486 4269 3640 4338 prin-

2081 4371 2229 4441 cipes
2299 4371 2587 4440 imperant,
2653 4377 2706 4422 et
2766 4366 2978 4438 tyranni
3046 4373 3202 4421 terra:
3260 4365 3638 4418 dominantur.

2079 4461 2192 4532 Ego
2213 4463 2500 4532 diligentes
2538 4477 2624 4516 me
2659 4461 2826 4531 diligo
2886 4477 2897 4512 :
2934 4467 2988 4513 et
3014 4459 3106 4528 qui
3137 4472 3296 4513 mane
3322 4457 3547 4527 vigilant
3573 4456 3642 4510 ad

2079 4582 2185 4628 me,
2220 4565 2496 4620 invenient
2525 4581 2638 4620 me.
2674 4565 2880 4620 Merum
2934 4569 3060 4618 sunt
3103 4561 3322 4621 divitiae.
3350 4568 3404 4614 et
3449 4557 3638 4628 gloria,

2010 4665 2051 4718 D
2080 4674 2212 4729 opes
2249 4659 2516 4727 superbae.
2549 4666 2602 4713 et
2640 4658 2874 4728 justitia.
2905 4656 3094 4711 Melior
3126 4663 3210 4710 est
3241 4642 3384 4708 enim
3431 4649 3644 4704 fructus

2079 4769 2234 4806 meus
2286 4767 2439 4814 auro,
2477 4759 2531 4806 et
2580 4749 2758 4820 lapide
2800 4750 3058 4820 pretioso,
3091 4754 3144 4802 et
3201 4742 3472 4815 genimina
3521 4753 3639 4796 mea

2078 4851 2307 4914 argento
2345 4844 2539 4898 electo.
2591 4844 2646 4897 ln
2703 4843 2806 4898 viis
2847 4841 3074 4912 justitim
3098 4837 3337 4899 ambulo,
3379 4835 3431 4888 in
3459 4830 3642 4886 medio

2078 4937 2394 4991 semitamm
2424 4935 2637 5006 judicii,
2682 4942 2740 4989 ut
2775 4933 2942 4988 ditem
2977 4932 3262 5001 diligentes
3302 4941 3406 4990 me,
3441 4932 3494 4979 et
3523 4923 3640 4977 the-

2079 5043 2271 5084 sauros
2321 5008 2507 5083 eorum
2566 5029 2823 5100 repleam.
2864 5025 3124 5079 Dominus
3168 5017 3409 5090 possedit
3450 5031 3536 5070 me
3582 5015 3638 5070 in

2077 5122 2234 5176 initio
2264 5122 2472 5177 viarum
2514 5137 2759 5189 suarum,
2795 5127 3082 5189 antequam
3116 5110 3407 5185 quidquam
3439 5107 3640 5162 faceret

2079 5242 2109 5282 a
2133 5228 2422 5299 principio.
2475 5229 2558 5283 Ab
2589 5238 2791 5282 aeterno
2822 5224 3068 5278 ordinata
3111 5235 3229 5276 sum
3251 5257 3266 5281 ,
3300 5224 3354 5272 et
3395 5230 3460 5270 ex
3497 5211 3638 5266 anti-

2077 5320 2201 5389 quis
2231 5329 2520 5391 antequam
2561 5331 2703 5376 terra
2729 5319 2898 5372 ﬁeret.
2946 5313 3194 5369 Nondum
3244 5315 3399 5364 erant
3434 5304 3633 5376 abyssi,

2078 5424 2133 5472 et
2154 5431 2254 5487 ego
2282 5417 2393 5485 jam
2445 5426 2705 5485 concepta
2751 5427 2936 5475 eram;
2978 5407 3207 5463 necdum
3260 5402 3438 5455 fontes
3470 5413 3645 5467 aqua-

2078 5524 2199 5564 rum
2231 5515 2554 5578 eruperant;
2599 5504 2828 5560 necdum
2875 5509 3088 5556 montes
3121 5495 3266 5566 gravi
3341 5491 3481 5545 mole
3507 5504 3640 5543 con-

2081 5603 2332 5657 stiterant
2361 5617 2371 5651 :
2401 5607 2525 5653 ante
2551 5598 2718 5652 colles
2766 5611 2867 5665 ego
2919 5591 3278 5664 partuﬁebar.
3312 5584 3502 5638 Adhuc
3529 5588 3642 5634 ter-

2077 5708 2195 5748 ram
2247 5708 2356 5748 non
2415 5691 2639 5754 fecerat,
2678 5696 2731 5743 et
2792 5686 3036 5747 ﬂumina,
3082 5690 3137 5738 et
3184 5677 3434 5734 cardines
3490 5671 3638 5728 orbis

2076 5792 2256 5841 terrae.
2291 5782 2521 5850 Quando
2549 5779 2886 5853 praeparabat
2915 5777 3105 5842 caelos,
3139 5773 3389 5836 aderam;
3420 5763 3644 5838 quando
