4106 6432
479 366 617 422 1125
1156 360 1422 417 EUSEBII
1459 354 1932 417 CAESARIENS‘S
1967 352 2118 409 OPP.
2157 350 2340 407 PARS
2379 350 2468 408 111.
2506 380 2578 391 --
2613 349 3022 406 EXEGETICA.
3554 351 3691 405 ΗΘΔ,

473 497 623 542 certa
654 484 790 554 lege,
819 489 873 538 et
901 496 1031 553 gyro
1059 480 1290 536 vallabat
1319 480 1565 551 abyssos,
1594 477 1809 547 quando
1832 476 2028 531 aethera

2133 471 2352 542 ἐποίησε
2383 470 2563 541 χώρας
2614 472 2707 523 καὶ
2748 471 3052 541 ἀοικήτους,
3096 470 3190 523 καὶ
3221 470 3363 540 ἄκρα
3401 470 3693 541 οἰκούμενα

476 577 732 633 ﬁrmabat
794 590 1036 635 sursum.
1088 580 1142 628 et
1201 573 1434 627 librabat
1492 571 1670 625 fontes
1733 584 2028 641 aquarum;

2132 562 2231 632 τῆς
2263 562 2354 615 ὑπ’
2383 563 2626 633 οὐρανόν.
2665 562 2855 615 Ἠνίκα
2879 560 3140 633 ἡτοίμαζε
3162 561 3252 614 τὸν
3279 561 3527 632 οὐρανὸν,
3554 577 3692 632 συμ-
3776 594 3783 622 ;

708 651 1091 722 ‘circumdabat
1121 665 1257 721 mari
1288 665 1577 720 terminum
1603 679 1758 717 suum
1779 672 1832 718 et
1861 663 2029 725 legem
2131 655 2392 724 παρήμην
2414 653 2579 723 αύτῷ,
2604 653 2768 723 ἡνίκα
2795 653 3035 725 ὰφὼριζε
3061 651 3150 706 τὸν
3175 653 3366 706 ἑαυτοῦ
3395 652 3579 724 θρόνον
3604 654 3694 707 ἐπ’
3780 701 3784 705 «

2131 743 2362 814 ἀνέμων.
2405 744 2596 797 Ἠνίκα
2619 742 2812 814 ἰσχυρὰ
2838 744 3008 796 ἐποίει
3031 744 3096 797 τὰ
3124 744 3237 798 ἄνω
3280 742 3411 813 νέφη
3438 785 3452 808 ,
3495 743 3589 795 καὶ
3615 741 3694 806 ὡς

2131 834 2392 903 ἀσφαλεῖς
2418 835 2579 887 ἐτίθει
2622 835 2802 904 πηγάς
2833 834 2933 903 τῆς
2958 835 3047 888 ὑπ’
3085 835 3329 906 οὐρανὸν,
3366 836 3423 888 ὲν
3449 834 3527 905 τῷ
3550 833 3696 888 τιθέσι

2131 944 2217 978 ναι
2247 926 2406 978 αὐτὸν
2434 929 2498 996 τῇ
2523 926 2760 999 θαλάσσῃ
2784 925 3126 997 ἀκριϐασμὸν
3169 925 3333 979 αὑτοῦ
3359 966 3372 987 ,
3409 924 3500 978 καὶ
3525 924 3701 980 ὕδατα.

2129 1019 2189 1071 οὐ
2217 1017 2634 1089 παρελεύσονται
2662 1018 2837 1088 στόμα
2865 1018 3026 1071 αὑτοῦ
3049 1034 3063 1048 ·
3095 1019 3256 1088 ἡνίκα
3284 1019 3479 1087 ἰσχυρὰ
3519 1018 3699 1071 ἐποίει

2128 1108 2196 1161 τά
2230 1109 2449 1179 θεμέλια
2492 1109 2591 1179 τῆς
2629 1111 2766 1180 γῆς,
2803 1111 2950 1181 ἤμην
2991 1111 3124 1181 παρ’
3150 1109 3296 1180 αύτῷ
3345 1110 3694 1180 ἁρμόζουσαν

2129 1198 2238 1268 ἐγὼ
2272 1200 2448 1270 ἥμην,
2561 1200 2884 1272 προσέχαιρε
2918 1199 3039 1253 καθ’
3061 1201 3291 1271 ἡμέραν,
3326 1201 3697 1273 εύφραινόμην

2126 1289 2182 1343 δὲ
2211 1293 2268 1343 ἐν
2292 1290 2565 1362 προσώπῳ
2593 1291 2756 1345 αὑτοῦ
2792 1294 2849 1345 ἐν
2891 1288 3052 1344 ’παντῖ¹
3091 1290 3269 1362 καιρῷ
3288 1307 3303 1322 ο
3345 1292 3433 1345 ὅτε
3463 1294 3695 1365 εὐφραί-

2127 1399 2245 1436 νετο
2264 1383 2360 1454 τὴν
2393 1384 2717 1453 οίκουμένην
2743 1383 3083 1447 συντελέσας,
3130 1384 3223 1436 καὶ
3271 1384 3590 1454 εὐφραίνετο
3633 1388 3701 1439 ὲν

2129 1477 2261 1539 υίοίς
2282 1475 2388 1527 τῶν
2418 1474 2736 1545 ἀνθρώπων.
2768 1493 2786 1524 ι
2825 1475 3008 1527 Ταῦτα
3035 1475 3131 1545 μὲν
3161 1470 3254 1528 οὖν
3293 1475 3531 1530 διδάσκει
3565 1479 3691 1550 περὶ

2125 1568 2322 1637 ἑαυτῆς
2353 1569 2385 1637 ἡ
2412 1566 2577 1635 Σοφία
2600 1585 2612 1597 ·
2643 1567 2727 1629 τίς
2750 1566 2806 1620 δέ
2834 1568 2979 1620 ἐστιν
3010 1566 3169 1637 αὕτη,
3192 1570 3219 1620 ό
3253 1568 3394 1639 ἱερὸς
3441 1569 3699 1623 Ἀπόστο⁵

2125 1658 2213 1723 λος
2243 1658 2483 1711 παιδεύει
2506 1658 2696 1726 λέγων,
2728 1676 2746 1709 ι
2770 1657 3002 1729 Χριστὸς
3028 1659 3160 1711 Θεοῦ
3190 1659 3417 1729 δύναμις
3439 1662 3532 1714 καὶ
3556 1660 3691 1715 Θεοῦ

474 1785 496 1817 4
536 1764 596 1820 ln
626 1767 893 1836 principio
936 1775 1053 1821 erat
1094 1764 1353 1827 Verbum,
1384 1772 1439 1819 et
1467 1762 1702 1817 Verbum
1734 1769 1852 1816 erat
1881 1760 2023 1831 apud

2132 1750 2286 1818 σοφία
2309 1767 2323 1781 ο
2361 1768 2379 1801 ι
2413 1750 2505 1803 καὶ
2538 1750 2698 1803 πάλιν
2718 1790 2733 1814 ,
2788 1769 2807 1801 ι
2848 1751 2941 1813 Ὃς
2964 1750 3189 1822 ἐγενήθη
3222 1752 3389 1819 Σοφία
3429 1754 3557 1823 ἡμῖν
3585 1754 3697 1807 άπὸ

471 1857 661 1921 Deum,
696 1866 749 1912 et
782 1858 923 1912 Deus
978 1865 1096 1912 erat
1156 1854 1413 1910 Verbum.
1455 1853 1647 1909 Omnia
1699 1869 1796 1923 per
1847 1857 2022 1922 ipsum

2132 1842 2281 1896 Θεοῦ.
2320 1861 2339 1893 ι
2373 1841 2604 1912 Χριστὸς
2629 1837 2720 1894 οῦν
2748 1842 2893 1894 ἐστιν
2912 1844 2941 1894 ὁ
2964 1841 3032 1894 τά
3054 1842 3424 1912 προειρημένα
3444 1843 3686 1912 φάσκων

472 1949 614 2004 facta
643 1949 856 2015 sunt";
896 1966 914 2000 ›
946 1957 1037 2001 et:
1077 1967 1093 1999 ι
1129 1948 1184 2001 In
1210 1948 1328 2016 ipso
1351 1948 1566 2001 condita
1593 1954 1719 2000 sunt
1753 1946 2026 2010 universa,

2132 1935 2158 2002 ἡ
2186 1933 2354 2002 Σοφία
2384 1933 2476 1985 καὶ
2507 1932 2677 2000 Λόγος
2707 1934 2822 1985 ἐστὶ
2846 1932 2980 1985 Θεοῦ
3000 1974 3016 1997 ,
3043 1932 3107 1985 δι’
3141 1927 3201 1985 οὗ
3226 1932 3293 1985 τά
3330 1935 3504 1988 πάντα
3535 1937 3694 2003 γεγέ-

469 2039 559 2095 inc
578 2041 698 2095 uelis
726 2047 779 2093 et
808 2039 860 2092 in
888 2048 1052 2102 terra,
1070 2037 1685 2108 visibiliafetinvisibilia
1708 2036 1750 2099 ⁸,
1779 2055 1797 2087 ι
1836 2052 2024 2090 secun-

2132 2041 2311 2095 νηται·
2347 2042 2366 2075 ι
2420 2026 2507 2078 Ἐν
2536 2026 2674 2097 ἀρχῇ
2711 2026 2820 2096 γὰρ
2851 2021 2916 2097 ἦν
2938 2028 2966 2079 ὁ
2997 2026 3166 2094 Λόγος
3187 2068 3200 2092 ,
3236 2028 3328 2079 καὶ
3360 2030 3387 2081 ὁ
3415 2029 3584 2096 Λόγος
3624 2025 3695 2100 ἦν

467 2132 596 2186 dum
645 2132 985 2201 Apostolum.
1038 2129 1208 2196 Quem
1272 2131 1415 2184 enim
1471 2129 1536 2183 ad
1601 2128 1821 2181 modum
1889 2141 2024 2196 quo-

2132 2117 2263 2184 πρὸς
2286 2116 2379 2169 τὸν
2399 2117 2548 2182 Θεὸν,
2580 2120 2674 2171 καὶ
2707 2118 2838 2180 Θεὸς
2856 2114 2923 2193 ἦν
2941 2120 2968 2155 ο(
3001 2118 3186 2185 Λόγος.
3219 2119 3402 2172 Πάντα
3433 2119 3498 2172 δι’
3526 2118 3689 2173 αὐτοῦ

464 2221 588 2275 dam
602 2237 764 2276 sensu
777 2220 1011 2276 Verbum
1036 2219 1126 2275 Dei
1152 2219 1409 2288 loquitur,
1429 2218 1533 2271 alio
1551 2224 1726 2269 autem
1753 2233 1771 2265 ι
1795 2213 1903 2267 vita
1920 2213 1983 2277 δ’,
2000 2230 2018 2263 ι

2132 2207 2342 2272 ἐγένετο
2361 2224 2374 2237 ⁸
2416 2227 2435 2259 ι
2474 2210 2587 2271 καὶ,
2618 2228 2634 2258 ι
2673 2209 2761 2263 Ἐν
2785 2209 2934 2278 αύτῷ
2956 2209 3177 2279 ἐκτίσθη
3202 2209 3273 2262 τά
3300 2210 3497 2273 πάντα,
3537 2210 3606 2263 τά
3634 2210 3697 2263 ἐν

462 2319 519 2366 et
535 2328 776 2376 rursus,¢
803 2310 1025 2367 veritas’
1038 2330 1056 2363 ι
1074 2317 1126 2364 et
1142 2328 1159 2359 ι
1184 2310 1275 2364 lux
1288 2321 1411 2363 vera
1424 2308 1491 2371 δ’,
1505 2314 1584 2360 ιρι
1605 2305 1809 2373 reliqua
1825 2301 2024 2372 quibus

2132 2301 2239 2361 τοῖς
2269 2298 2514 2369 οὐρανοῖς
2561 2300 2656 2353 καὶ
2688 2299 2757 2352 τὰ
2789 2301 2879 2353 ἐπὶ
2905 2301 3002 2371 τῆς
3027 2301 3128 2371 γῆς
3148 2341 3162 2364 ,
3199 2301 3307 2353 εἴτε
3336 2300 3526 2374 ὁρατά,
3582 2301 3693 2354 εἴτε

465 2419 588 2458 eum
612 2404 1018 2460 vocantdivina:
1047 2402 1363 2472 Scriptura,
1394 2399 1474 2454 sic
1498 2412 1717 2468 quoque
1743 2395 2020 2465 Sapientia

2132 2390 2383 2460 άόρατα,ι
2410 2392 2549 2445 κατὰ
2572 2392 2661 2444 τὸν
2697 2391 3012 2446 Ἀπόστολον
3032 2410 3045 2425 ·
3074 2393 3237 2465 ὅνπερ
3264 2392 3319 2445 δὲ
3343 2394 3537 2462 τρόπον
3554 2393 3701 2447 κατά

466 2494 633 2558 fatur,
663 2494 808 2548 Patri
839 2493 1262 2549 subministrans
1290 2492 1345 2545 in
1373 2489 1613 2544 omnium
1636 2503 1815 2543 rerum
1847 2485 2027 2556 provi-

2132 2498 2245 2534 τινα
2271 2481 2514 2535 ἐπίνοιαν
2542 2483 2713 2551 Λόγος
2734 2484 2866 2536 Θεοῦ
2898 2484 3254 2555 χρηματίζει,
3299 2483 3392 2537 καὶ
3423 2483 3543 2537 καθ’
3578 2484 3696 2536 ἑτέ-

464 2581 650 2637 dentia
676 2591 730 2637 et
760 2565 1252 2646 administratione.

2132 2590 2230 2645 ραν
2262 2592 2279 2623 ι
2322 2574 2454 2644 ζωὴ,
2493 2592 2511 2625 ι
2538 2576 2632 2629 καὶ
2661 2576 2842 2640 πάλιν,
2882 2595 2901 2627 ‹
2929 2575 3151 2646 ἀλήθεια
3185 2595 3203 2627 ι
3243 2578 3336 2629 καὶ
3375 2595 3393 2627 ι
3422 2576 3535 2639 φῶς
3563 2575 3697 2646 άλη-

465 2674 630 2741 θινδν,
680 2692 701 2727 ›
743 2675 835 2729 καὶ
890 2675 954 2729 τὰ
982 2672 1143 2726 λοιπὰ
1189 2672 1362 2727 ὁπόσα
1425 2673 1589 2739 φασὶν
1619 2670 1778 2724 αὑτὸν
1816 2669 1873 2723 αἱ
1917 2667 2057 2720 θεῖαι
2092 2666 2322 2738 Γραφαὶ,
2370 2668 2461 2720 τὸν
2496 2668 2654 2721 αὐτὸν
2684 2668 2747 2740 δὴ
2766 2670 2962 2740 τρόπον
2994 2671 3086 2724 καὶ
3134 2670 3299 2740 Σοφία
3327 2671 3695 2742 προσηγόρευ-

477 670 695 741 quando
719 666 1091 722 circumdabat
1121 665 1257 721 mari
1288 665 1577 720 terminum
1603 679 1758 717 suum
1779 672 1832 718 et
1861 663 2029 732 legem

476 764 711 833 ponebat
752 761 929 830 aquis,
979 776 1048 815 ne
1102 760 1399 816 transirent
1448 758 1581 813 ﬁnes
1606 772 1773 814 suos:
1812 756 2031 826 quando

476 854 813 925 appendehat
861 853 1212 907 fundamenta
1259 860 1452 917 terrze;
1483 866 1605 906 cum
1636 866 1702 905 eo
1721 865 1867 904 eram
1896 864 2033 901 cun-

476 953 562 1000 cta
603 960 937 1015 componens
969 964 982 998 ε
1018 950 1072 997 et
1111 944 1422 998 delectabar
1473 958 1570 1011 per
1622 942 1868 1011 singulos
1890 941 2027 1004 dies,

474 1038 668 1093 ludens
709 1050 896 1090 coram
951 1051 1017 1089 eo
1064 1035 1209 1089 omni
1257 1043 1529 1103 tempore;
1580 1031 1771 1086 ludens
1814 1033 1868 1084 in
1901 1032 2031 1086 orbe

473 1135 785 1182 terrarum:
817 1132 873 1180 et
920 1126 1127 1179 deliciae
1173 1140 1325 1188 meae,
1360 1139 1482 1178 esse
1522 1138 1645 1177 cum
1690 1124 1812 1193 tiliis
1857 1122 2030 1176 homi-

474 1236 602 1274 num
628 1221 667 1272 ί.
707 1237 726 1270 ι
760 1216 885 1271 Haec
909 1217 1126 1286 quidem
1176 1216 1241 1270 de
1276 1230 1334 1270 se
1378 1216 1494 1284 ipsa
1525 1212 1801 1284 Sapientia
1835 1228 1848 1262 :
1883 1227 2029 1281 quee-

474 1328 598 1368 nam
625 1324 754 1366 vero
776 1310 894 1379 ipsa
942 1309 1033 1370 sit,
1076 1314 1299 1362 sanctus
1323 1304 1617 1375 Apostolus
1661 1304 1899 1358 ostendit
1946 1302 2029 1355 di-

479 1417 611 1458 cens
642 1421 655 1455 :
694 1419 713 1452 ι
742 1400 996 1455 Christus
1025 1397 1119 1452 Dei
1148 1398 1323 1451 virtus
1351 1404 1405 1451 et
1436 1395 1526 1450 Dei
1558 1394 1885 1465 Sapientia’;
1917 1414 1935 1445 ι
1972 1400 2027 1447 et

473 1509 667 1549 rursus
696 1513 710 1547 :
749 1512 767 1543 ‹
800 1491 904 1558 Qui
937 1491 1113 1545 factus
1141 1497 1225 1544 est
1263 1489 1420 1542 nobis
1446 1487 1721 1556 Sapientia
1754 1502 1783 1539 a
1807 1484 1915 1538 Deo
1935 1485 1975 1539 ³.
2000 1504 2019 1536 ι

471 1583 615 1655 Ergo
633 1584 885 1638 Christus
906 1592 989 1636 est
1018 1582 1107 1651 qui
1137 1580 1359 1651 praefata
1382 1580 1629 1633 elocutus
1655 1586 1772 1643 est;
1799 1576 2026 1647 Sapien-

471 1675 547 1728 tia
580 1684 634 1730 et
666 1673 903 1729 Verbum
942 1681 1026 1728 est
1080 1672 1193 1737 Dei,
1220 1686 1249 1724 a
1299 1683 1407 1739 quo
1453 1669 1636 1723 omnia
1682 1668 1823 1723 facta
1874 1675 2020 1722 sunt.

462 2781 573 2833 ται,
600 2767 875 2840 ὑπηρέτης
919 2772 1259 2837 τυγχάνουσα
1288 2765 1380 2818 τοῦ
1411 2763 1623 2836 [ἰατρὸς
1651 2764 1729 2826 εἰς
1763 2761 1861 2831 τὴν
1890 2760 2024 2813 ὅλων
2063 2757 2317 2829 πρόνοιάν
2342 2776 2399 2812 τε
2421 2761 2513 2812 καὶ
2538 2762 2865 2831 οἰκονομίαν.

1068 2881 1298 2939 CAPUT
1340 2880 1408 2938 ll.

1039 2994 1088 3049 Ε
1128 2994 1445 3051 Proverbiis.

2647 2877 3042 2931 ΚΕΦΑΛᾹῘΟΝ
3094 2879 3169 2932 B'.

2658 2986 2779 3042 Τῶν
2821 2987 3167 3058 Παροιμιῶν.

538 3128 558 3162 ι
593 3108 654 3163 ln
705 3108 826 3164 luce
870 3106 963 3161 lilii
1009 3108 1151 3177 regis
1172 3107 1295 3160 vitae
1333 3126 1345 3161 :
1382 3104 1676 3160 familiares
1728 3112 1907 3158 autem
1976 3101 2027 3157 ei

2206 3119 2225 3152 ι
2294 3101 2366 3155 Εν
2400 3100 2536 3170 φωτὶ
2578 3101 2695 3154 υἱοῦ
2737 3100 2995 3171 βασιλέως
3022 3102 3130 3173 ζωή
3155 3119 3168 3131 ’
3196 3104 3245 3155 οί
3278 3102 3334 3155 δὲ
3379 3103 3705 3175 προσδεκτοὶ

463 3200 619 3271 quasi
642 3198 815 3252 imber
852 3197 1124 3251 serotinus
1143 3197 1185 3253 ⁸.
1219 3215 1238 3247 ι
1273 3195 1443 3263 Cujus
1492 3195 1632 3249 alius
1666 3195 1808 3263 regis
1852 3192 1944 3247 ﬁlii
1970 3193 2025 3247 in

462 3291 586 3346 luce
607 3291 716 3344 vita
745 3297 849 3356 est,
885 3290 988 3344 nisi
1014 3290 1067 3343 in
1101 3288 1193 3343 Dei
1228 3287 1427 3354 Verbo,
1463 3289 1554 3357 qui
1592 3286 1755 3357 Regis
1783 3286 2026 3341 omnium

463 3381 557 3438 Dei
592 3381 760 3437 Filius
787 3382 908 3436 est?
930 3380 1052 3452 Ipse
1093 3381 1236 3437 enim
1264 3388 1348 3435 est
1401 3399 1419 3431 ι
1457 3379 1572 3433 Lux
1603 3395 1729 3433 vera
1758 3393 1878 3448 qua:
1903 3378 2029 3430 illu—

463 3476 640 3528 minat
684 3489 897 3528 omnem
948 3473 1220 3527 hominem
1269 3472 1574 3526 venientem
1611 3471 1667 3525 in
1694 3471 1838 3524 hunc
1868 3485 2027 3523 mun-

466 3567 671 3631 dum";
704 3585 723 3618 »
755 3567 807 3619 in
840 3582 947 3634 quo
977 3566 1180 3620 lumine
1226 3565 1338 3619 vita
1399 3573 1503 3629 est,
1539 3563 1839 3619 secundum
1893 3562 2027 3616 illud

462 3657 741 3728 Evangelii
773 3659 997 3714 verbum
1033 3677 1047 3714 :
1081 3677 1099 3710 ι
1134 3660 1191 3713 1η
1229 3659 1347 3729 ipso
1378 3661 1486 3712 vita
1525 3667 1662 3720 erat,
1690 3667 1743 3711 et
1772 3657 1880 3710 vita
1912 3664 2029 3710 erat

463 3749 558 3804 lux
589 3750 874 3805 hominum
897 3750 940 3805 ⁸.
982 3770 1000 3802 ι
1039 3748 1214 3820 llujus
1240 3765 1370 3804 vero
1409 3749 1724 3812 familiares,
1751 3764 1888 3818 quos
1917 3748 2031 3802 exi-

463 3838 752 3892 stimamus
791 3853 915 3893 esse
964 3838 1085 3907 ejus
1138 3839 1416 3907 apostolos
1450 3844 1504 3891 et
1536 3837 1859 3907 discipulos,
1897 3835 2029 3889 facti

463 3936 591 3983 sunt
616 3947 634 3980 ι
654 3930 811 3999 quasi
829 3929 1002 3983 imber
1035 3930 1308 3984 serotinus
1335 3947 1353 3979 ι
1391 3930 1445 3983 ἰη
1466 3928 1777 3983 novissimis
1793 3927 2026 3991 dierum,

461 4027 515 4076 et
539 4020 595 4075 in
624 4022 1098 4076 consummatione
1130 4020 1336 4084 steculi,
1364 4022 1635 4076 desertam
1670 4019 1800 4074 olim
1832 4018 2032 4074 sitien-

462 4122 680 4184 temque
725 4125 948 4178 terram,
982 4114 1035 4168 id
1086 4121 1171 4169 est
1218 4116 1460 4184 gentium
1515 4112 1836 4177 Ecclesiam,
1866 4110 2031 4182 spiri—

464 4205 557 4260 tali
585 4208 685 4278 pize
710 4206 973 4263 doctrinae
1002 4222 1125 4263 rore
1159 4209 1462 4278 irrigantes.

1072 4489 1298 4546 CAPUT
1332 4491 1420 4548 III.

1044 4610 1092 4665 Ε
1127 4611 1444 4666 Proverbiis.

539 4721 558 4754 1
594 4700 721 4758 llaec
754 4703 886 4759 dicit
915 4702 999 4758 vir
1020 4705 1075 4759 in
1107 4704 1275 4758 Deum
1302 4702 1673 4767 credentibus,
1698 4711 1751 4755 et
1780 4700 2024 4771 quiesco.

468 4794 837 4853 Stultissimus
872 4798 1016 4852 enim
1069 4814 1187 4853 sum
1247 4797 1512 4859 virorum,
1545 4803 1598 4849 et
1630 4793 1899 4865 sapientia
1931 4794 2028 4848 ho-

466 4889 673 4943 minum
701 4905 811 4944 non
842 4897 925 4943 est
958 4903 1192 4944 mecum.
1216 4887 1357 4942 Deus
1387 4895 1567 4940 autem
1591 4887 1897 4955 docuitme
1936 4901 2026 4940 sae

466 4981 725 5051 pientiam
752 5021 767 5047 ,
806 4988 860 5037 et
891 4981 1174 5045 scientiam
1228 4990 1542 5036 sanctorum
1595 4996 1697 5049 ego
1720 4979 1867 5035 novi.
1900 4977 2032 5045 Quis

466 5072 712 5129 ascendit
736 5073 792 5127 in
824 5074 1022 5128 caelum
1051 5081 1214 5142 atque
1238 5073 1563 5128 descendit?
1596 5071 1729 5138 Quis
1763 5071 2035 5125 continuit

468 5174 658 5221 ventos
681 5166 735 5220 in
767 5165 930 5229 sinu?
955 5163 1090 5229 Quis
1140 5167 1416 5237 colligavit
1460 5180 1630 5235 aquas
1658 5164 1815 5235 quasi
1850 5165 1903 5217 in
1938 5179 2032 5219 ve-

466 5260 771 5315 stimento?
806 5259 941 5326 Quis
972 5261 1257 5316 suscitavit
1316 5277 1506 5317 omnes
1548 5261 1809 5316 terminos
1840 5259 2035 5315 terrae?

466 5348 619 5414 Quod
654 5365 851 5405 nomen
877 5358 960 5406 est
987 5352 1143 5421 ejus?
1169 5353 1381 5424 etquod
1409 5369 1607 5409 nomen
1643 5352 1766 5408 ﬁliis
1793 5352 1913 5420 ejus
1937 5354 1957 5383 θ
1975 5351 2027 5404 ?p

467 5441 601 5506 Quis
624 5443 766 5498 alius
784 5444 867 5498 vir
891 5445 1003 5499 haec
1033 5444 1255 5507 diceret,
1280 5447 1387 5501 nisi
1418 5446 1737 5500 incarnatus
1770 5442 2032 5498 Dominus

466 5540 675 5601 noster,
713 5536 828 5592 sive
884 5546 1105 5609 prapter
1154 5541 1446 5595 amentiam
1474 5546 1743 5603 nostram,
1771 5552 1933 5607 quam
1973 5538 2029 5591 in

2129 3192 2277 3265 αὐτῷ
2311 3194 2499 3264 ὥσπερ
2531 3193 2687 3263 νέφος
2720 3193 2934 3264 δψιμον.
2976 3213 2995 3245 ι
3032 3194 3143 3247 Καὶ
3182 3195 3324 3258 τίνος
3356 3195 3517 3249 ἄλλου
3549 3195 3703 3267 βασι-

2127 3284 2259 3348 λέως
2288 3282 2405 3337 υἱοῦ
2454 3285 2512 3336 ἐν
2549 3285 2687 3353 φωτὶ
2731 3284 2843 3355 ζωὴ
2874 3287 3150 3353 τυγχάνει,
3186 3286 3218 3356 ἢ
3251 3288 3309 3339 ἐν
3328 3285 3407 3357 τῷ
3443 3287 3538 3340 τοῦ
3563 3287 3707 3340 Θεοῦ

2126 3376 2305 3447 Λόγῳ,
2330 3374 2446 3428 υἱοῦ
2485 3378 2841 3445 τυγχάνοντος
2867 3375 2959 3428 τοῦ
2988 3376 3204 3430 πάντων
3230 3377 3500 3443 Βασιλέως
3525 3377 3661 3432 Θεοῦ
3684 3397 3700 3410 ο

2128 3468 2289 3531 αὐτὸς
2308 3468 2414 3539 γάρ
2432 3469 2578 3520 ἐστιν
2600 3467 2661 3519 τὸ
2682 3486 2699 3518 ι
2725 3466 2843 3528 Φῶς
2863 3466 2923 3519 τὸ
2948 3467 3198 3538 ἀληθινὸν
3223 3468 3251 3520 ὃ
3278 3467 3499 3537 φωτίζει
3524 3468 3704 3522 πάντα

2128 3560 2410 3630 ἄνθρωπον
2432 3559 2723 3630 ἐρχόμενον
2746 3560 2825 3622 εἰς
2851 3559 2940 3614 τὸν
2970 3560 3173 3630 κόσμον
3193 3575 3206 3589 ³
3242 3581 3257 3610 ι
3285 3562 3341 3613 ὲν
3362 3555 3405 3627 ᾦ
3426 3560 3565 3629 φωτὶ
3590 3558 3711 3630 ζωὴ

2127 3654 2383 3722 τυγχάνει
2432 3651 2572 3705 κατὰ
2605 3651 2695 3704 τὸν
2739 3653 2990 3722 φήσαντα
3024 3653 3119 3705 τοῦ
3157 3653 3488 3721 Εύαγγελίου
3523 3651 3702 3720 λόγον,

2136 3763 2154 3796 ι
2191 3745 2278 3797 Ἐν
2295 3743 2442 3814 αὐτῷ
2463 3742 2576 3815 ζωὴ
2607 3738 2695 3814 ἦν,
2715 3744 2810 3797 καὶ
2844 3746 2878 3815 ὴ
2914 3744 3025 3816 ζωὴ
3058 3740 3125 3814 ἦν
3148 3746 3207 3797 τὸ
3240 3745 3354 3813 φῶς
3371 3745 3478 3798 τῶν
3496 3743 3709 3815 ἀνθρώ-

2129 3851 2274 3889 πωψ
2315 3856 2333 3888 ι
2372 3835 2561 3888 τούτου
2595 3835 2651 3888 δὲ
2696 3836 2791 3889 καλ¹
2828 3837 2877 3890 oi
2919 3837 3258 3908 προσδεκτοὶ,
3285 3836 3378 3899 οὓς
3422 3836 3709 3905 ἡγούμεθα

2129 3924 2413 3990 εἶναιτοὺς
2439 3928 2769 3991 ἀποστόλους
2798 3927 2962 3980 αὑτοῦ
2991 3927 3085 3980 καὶ
3120 3927 3384 3998 μαθητάς,
3419 3927 3707 3996 γεγόνασιν

2130 4017 2316 4090 ὥσπερ
2354 4039 2374 4071 ι
2406 4019 2563 4089 νέφος
2591 4018 2784 4089 ὄψιμον
2819 4038 2837 4070 ι
2862 4019 2948 4072 ἐπ’
2973 4020 3202 4101 ἐσχάτορ
3232 4019 3339 4072 τῶν
3364 4018 3584 4090 ἡμερῶν
3613 4017 3711 4071 καὶ

2131 4111 2224 4164 ἐπὶ
2254 4111 2531 4182 συντελείᾳ
2562 4110 2656 4166 τοῦ
2690 4112 2903 4175 αἰῶνος,
2944 4111 3042 4183 τὴν
3077 4112 3280 4184 ἔρημόν
3322 4129 3451 4164 ποτε
3482 4112 3585 4179 γῆν
3613 4111 3715 4163 καὶ

2131 4204 2377 4276 ἄνυδρον,
2407 4203 2651 4257 τουτέστι
2679 4204 2776 4274 τὴν
2805 4203 2912 4257 τῶν
2943 4203 3112 4257 ἐθνῶν
3144 4203 3486 4273 Ἐκκλησίαν,
3513 4199 3706 4272 ἀρδεύ-

2133 4313 2324 4360 σαντες
2376 4295 2455 4366 τῷ
2504 4295 2859 4367 πνευματικῷ
2913 4296 3015 4366 τῆς
3055 4295 3312 4358 εὐσεϐοῦς
3358 4292 3710 4355 διδασκαλίας

2132 4388 2279 4459 αὐτῷ
2305 4387 2460 4459 ὑετῷ.

2659 4502 3052 4555 ΚΕΦΑΛΑΙΟΝ
3097 4501 3172 4555 Γ¹.

2672 4613 2793 4671 Τῶν
2824 4614 3181 4685 Παροιμιῶν.

2213 4728 2232 4760 ι
2272 4709 2409 4763 Τάδε
2439 4707 2586 4776 λέγει
2609 4708 2746 4779 ἀνὴρ
2777 4710 2888 4769 τοῖς
2919 4706 3231 4759 πιστεύουσι
3258 4704 3396 4776 Θεῷ,
3417 4704 3508 4758 καὶ
3541 4702 3715 4758 παύο-

2139 4818 2255 4872 μαι.
2307 4799 2728 4871 Ἀφρονέστατος
2755 4798 2862 4869 γάρ
2883 4799 2997 4868 εἰμι
3026 4797 3239 4852 πάντων
3264 4795 3587 4868 ἀνθρώπων,
3619 4796 3717 4849 καὶ

2138 4893 2400 4963 φρόνησις
2431 4891 2732 4963 ἀνθρώπων
2758 4890 2858 4942 οὐκ
2891 4889 3037 4941 ἔστιν
3075 4891 3132 4941 ὲν
3159 4889 3299 4959 ἐμοί.
3351 4887 3484 4951 Θεὸς
3528 4888 3571 4940 δ’
3601 4888 3713 4939 ἐδί-

2138 4984 2294 5049 δαξέν
2343 5001 2408 5055 με
2444 4984 2656 5052 σοφίαν,
2709 4983 2804 5035 καὶ
2854 4978 3055 5047 γνῶσιν
3109 4981 3277 5048 ἁγίων
3317 4977 3428 5047 ἐγὼ
3475 4976 3710 5046 ἔγνωκα.

2140 5078 2236 5142 Τίς
2259 5077 2421 5149 ἀνέϐη
2457 5080 2535 5140 είς
2558 5077 2649 5131 τὸν
2670 5076 2895 5146 οὐρανὸν
2919 5074 2937 5145 (
2962 5072 3000 5126 1'.
3035 5073 3104 5126 26
3135 5074 3216 5142 v°)
3253 5072 3346 5124 καὶ
3369 5070 3572 5141 κατέϐη
3594 5088 3608 5136 ;
3632 5070 3713 5133 τίς

2143 5147 2444 5238 συνήγαγεν
2474 5168 2706 5239 ἀνέμους
2731 5168 2789 5220 ὲν
2819 5166 3036 5235 κόλπῳ;
3065 5164 3145 5228 τίς
3177 5163 3535 5233 συνέστρεψεν
3574 5163 3707 5231 ὕδωρ
3774 5147 3780 5215 ξ

2143 5260 2199 5310 ἐν
2229 5259 2457 5329 ἱματίῳς
2493 5260 2576 5323 τίς
2607 5260 2875 5330 ἐκράτησε
2908 5258 3018 5312 τῶν
3068 5259 3251 5328 ἄκρων
3310 5256 3407 5325 τῆς
3452 5255 3602 5325 γῆς;
3654 5251 3706 5305 τί
3770 5256 3785 5321 Ἀ

2141 5350 2310 5421 ὄνομα
2344 5350 2526 5421 αύτῷ;
2563 5351 2596 5423 ἢ
2646 5351 2698 5402 τί
2732 5350 2901 5421 ὄνομα
2935 5353 3047 5414 τοῖς
3086 5350 3295 5412 τέκνοις
3336 5349 3527 5415 αὑτοῦ;
3559 5368 3578 5398 ι
3608 5345 3715 5400 Καὶ
3784 5348 3791 5407 ξ

2140 5436 2229 5506 τίς
2250 5444 2315 5496 ἂν
2338 5442 2421 5514 εἴη
2453 5442 2608 5507 ἄλλος
2637 5444 2775 5515 ἀνὴρ
2797 5446 2824 5496 ὁ
2852 5442 3024 5496 ταῦτα
3053 5443 3296 5511 φάσκων,
3327 5442 3358 5511 ἢ
3395 5443 3422 5494 ὁ
3455 5440 3719 5511 ὲνανθρω-
3790 5446 3796 5450 “

2140 5539 2318 5609 πήσας
2358 5537 2562 5609 Κύριος
2595 5536 2774 5609 ἡμῶν,
2804 5539 2920 5607 ἦτοι
2948 5536 3036 5589 διὰ
3070 5536 3166 5600 τὰς
3195 5535 3350 5607 ἡμῶν
3379 5535 3719 5606 ἀφροσύνας,

544 5721 560 5751 ¹
597 5717 760 5777 Prov.
795 5737 922 5786 vm,
958 5723 1140 5778 ηυδε.
1214 5726 1234 5755 ⁸
1272 5722 1288 5775 Ι
1321 5722 1450 5778 Cor.
1489 5739 1535 5787 1,
1570 5722 1660 5775 21.
1738 5721 1760 5751 ³
1796 5718 1927 5773 ibid.
1968 5719 2028 5773 51]

2135 5719 2175 5750 ³⁵
2217 5718 2372 5774 Joan.
2411 5735 2463 5781 ι.
2500 5720 2561 5788 1,
2596 5720 2686 5774 2..
2729 5719 2749 5750 ⁸
2787 5717 2997 5773 Coloss.
3037 5735 3074 5782 ι,
3113 5717 3198 5774 16.
3275 5717 3471 5775 "Joan
3523 5730 3636 5779 xiv,
3657 5711 3716 5767 6.

472 5790 494 5822 ⁸
522 5790 651 5847 ibid.
726 5790 945 5847 "Joan.
978 5808 1014 5859 ι,
1042 5793 1095 5846 9.
1175 5795 1194 5824 ⁶
1231 5792 1393 5850 Prov.
1429 5809 1540 5861 xvi,
1579 5793 1666 5848 15.
1744 5792 1762 5825 ⁷
1799 5788 1954 5847 Joan.
1994 5806 2009 5843 ι

2209 5792 2230 5820 ⁸
2267 5790 2399 5845 ibid.
2435 5791 2488 5844 4.
2567 5792 2586 5822 ³
2627 5791 2787 5846 Prov.
2825 5805 2963 5849 xxx.
2992 5789 3114 5846 1.1.
