4106 6420
380 355 517 411 “25

1418 354 1736 445 ΕίῖΙιΟῦᾸΕ-Γ
1754 355 2234 445 ΡΒΟΡΗΕἸΊΟᾹΞ.
2257 357 2466 414 -ιιει,
2507 357 2594 417 Ill.

3488 365 3626 420 H26

380 473 442 537 ἃς
486 474 570 537 είς
611 473 801 527 ἑαυτὸν
851 473 1156 539 ἀνεδέξατο,
1205 474 1239 546 ἢ
1283 473 1371 528 διὰ
1400 475 1500 544 τὴν
1540 493 1559 525 ‹
1602 475 1814 546 μωρίαν
1864 476 1955 529 τοῦ

2063 477 2243 549 seipso
2273 479 2525 550 sumpsit,
2558 478 2673 535 sive
2720 486 2942 551 propter
2982 497 3001 531 ι
3038 479 3323 537 stultitiam
3357 484 3626 555 pradica-

379 568 751 641 κηρύγματος,
781 587 800 621 ι
823 571 1137 641 σοφωτέραν
1169 569 1261 622 καὶ
1292 567 1645 641 ἰσχυροτέραν
1674 564 1837 622 οὖσαν
1856 570 1957 639 τῆς

378 660 486 714 τῶν
512 660 814 731 ἀνθρώπων
843 663 1064 732 σοφίαςς
1100 661 1285 715 ἐνθάδε
1314 662 1412 732 μὲν
1447 661 1691 729 φάσκων,
1733 680 1751 711 ι
1786 662 1955 732 ἀφρο-

379 754 629 817 νέστατος
676 754 784 824 γάρ
833 757 947 825 εἰμι
998 755 1216 807 πάντων
1264 753 1597 826 ἀνθρώπων·
1640 772 1658 804 ι
1694 756 1751 806 ἐν
1790 753 1846 805 δὲ
1879 752 1956 823 ξη¹

378 841 594 914 ψαλμῷ,
633 862 651 894 ι
691 844 762 896 Σὺ
796 843 965 912 ἔγνως
1001 845 1099 914 τὴν
1129 842 1438 914 ἀφροσύνην
1482 858 1601 912 μου’
1647 860 1664 893 ι
1703 840 1866 911 φησὶν
1901 840 1958 892 δὲ

379 935 479 997 ὅτι,
519 954 537 986 ι
574 935 683 988 Καὶ
712 934 972 1006 φρόνησις
998 932 1297 1008 ἀνθρώπων
1333 934 1432 987 οὐκ
1473 933 1618 986 ἐστιν
1650 935 1706 985 ἐν
1753 933 1897 1004 ἐμοὶ,
1930 952 1949 984 ›

379 1025 566 1098 ὥσπερ
613 1028 697 1081 ἐπ’
739 1026 1190 1098 ἀνδραγαθήματι
1229 1025 1691 1098 λαμπρυνάμενος
1737 1026 1830 1080 ἐπὶ
1879 1027 1958 1098 τῷ

382 1119 650 1189 μηδεμίαν
672 1120 959 1190 ἐσχηκέναι
984 1120 1243 1191 φρόνησιν
1259 1118 1366 1173 τῶν
1388 1135 1463 1172 πα
1472 1118 1958 1190 ρασυμϐληθέντων

377 1213 488 1274 τοῖς
529 1212 747 1283 κτήνεσι
791 1215 904 1276 τοῖς
930 1214 1197 1286 ἀνοήτοις,
1244 1213 1337 1266 καὶ
1369 1211 1742 1283 ὁμοιωθέντων
1776 1212 1957 1276 αὐτοῖς

377 1303 697 1377 ἀνθρώπων·
728 1305 761 1375 ἢ
797 1298 871 1358 ὧν
903 1307 1001 1377 τὴν
1029 1306 1218 1375 σοφίαν
1260 1304 1541 1376 ἐμώρανεν
1570 1305 1599 1356 ὁ
1623 1304 1754 1367 Θεὸς
1792 1304 1958 1376 μηδὲν

377 1396 540 1451 πλέον
565 1398 902 1469 φρονούντων
925 1399 993 1451 τὰ
1032 1400 1123 1452 ἐπὶ
1155 1399 1254 1469 τῆς
1274 1399 1397 1468 γῆς,
1438 1398 1538 1451 ὅσα
1585 1397 1793 1467 πέφυκε
1826 1413 1959 1468 σαρ-

375 1489 489 1543 κῶν
511 1507 567 1542 τε
607 1490 700 1545 καὶ
738 1490 869 1560 ὕλης
907 1492 1110 1544 οἰκεῖα·
1148 1490 1269 1545 ὅθεν
1301 1490 1365 1562 δὴ
1388 1492 1482 1545 καὶ
1512 1490 1958 1562 μεμαρτύρηνται

376 1584 435 1636 ἐν
458 1586 523 1655 τῇ
554 1586 716 1655 γενεᾷ
760 1583 940 1637 αὐτῶν
988 1586 1237 1656 φρόνιμοι
1282 1581 1443 1651 εἶναι,
1466 1585 1527 1638 τὸ
1548 1584 1670 1655 (τῷ)
1704 1586 1839 1656 μόνα
1887 1584 1958 1637 τὰ

374 1674 467 1725 ἐπὶ
496 1675 596 1744 γῆς
625 1672 806 1743 ζητεῖν
844 1676 938 1728 καὶ
972 1675 1300 1728 διανοεῖσθαι
1334 1676 1398 1728 ἐκ
1426 1675 1675 1747 νεότητος
1704 1675 1795 1727 ἐπὶ
1832 1673 1956 1747 (ἔτι)

371 1764 440 1818 τὰ
469 1768 701 1839 πονηρὼ
726 1767 1038 1839 ἀνθρωπεία
1073 1768 1169 1839 μὲν
1200 1767 1452 1839 οὐδαμῶς
1478 1764 1546 1840 ἦν
1575 1770 1632 1821 ἐν
1662 1767 1742 1839 τῷ
1772 1785 1958 1840 προει-

375 1857 597 1929 ρημένῳ
639 1859 791 1930 ἀνδρὶ
825 1860 1105 1932 φρόνησις,
1138 1860 1296 1931 δῆλον
1326 1862 1370 1913 δ’
1413 1862 1492 1914 ὅτι
1521 1861 1615 1915 καὶ
1643 1860 1761 1914 θεία
1788 1862 1958 1932 ὑπερ-

372 1948 689 2021 άνθρωπος·
724 1951 789 2004 δι’
825 1951 854 2004 ὃ
893 1953 987 2005 καὶ
1026 1951 1275 2022 ἐπιφέρει
1313 1952 1506 2021 λέγων,
1546 1972 1564 2003 ‹
1591 1952 1722 2015 Θεὸς
1767 1950 1810 2004 δ’
1847 1951 1955 2004 ἐδί-

370 2042 497 2109 δαξέ
539 2060 606 2113 με
649 2044 863 2113 σοφίαν,
905 2045 999 2097 καὶ
1027 2043 1229 2113 γνῶσιν
1264 2044 1437 2113 ἁγίων
1478 2043 1589 2113 ἐγὼ
1636 2043 1878 2112 ἔγνωκα·
1934 2062 1953 2094 ι

371 2131 490 2188 εἶτα
512 2136 939 2207 ἐρωτηματικῶς
994 2154 1149 2208 φησι,
1186 2157 1203 2188 ι
1241 2136 1335 2198 Τίς
1368 2135 1532 2206 ἀνέϐη
1568 2138 1646 2199 εἰς
1676 2135 1770 2189 τὸν
1795 2136 1960 2206 ούρα-

370 2227 461 2281 νὺν
499 2228 593 2281 καὶ
618 2229 855 2300 κατέϐη;
887 2249 905 2280 ι
938 2229 1101 2283 οἱονεὶ
1131 2228 1410 2299 διεγείρων
1433 2229 1580 2298 ἡμᾶς
1608 2228 1701 2280 ἐπὶ
1727 2226 1957 2298 ζήτησιν

369 2319 463 2374 τοῦ
492 2321 561 2374 τὰ
588 2321 891 2391 τηλικαῦτα
936 2323 1061 2394 περὶ
1098 2321 1289 2376 ἑαυτοῦ
1337 2322 1700 2385 διδάσκοντος,
1728 2321 1856 2392 περὶ
1897 2315 1958 2375 οὗ

370 2412 465 2464 καὶ
512 2411 581 2465 τὰ
628 2412 755 2483 ἑξῆς
799 2411 1013 2484 εἴρηται
1052 2413 1190 2477 ἰδίας
1236 2414 1464 2483 δεόμενα
1513 2414 1725 2484 σχολῆς.
1767 2413 1824 2467 'U
1861 2414 1958 2484 μὲν

367 2499 615 2567 οὖνῖθεῖος
631 2504 955 2569 Ἀπόστολος
976 2522 1040 2557 πε
1049 2506 1102 2576 pl.
1126 2504 1289 2557 αὐτοῦ
1316 2504 1581 2558 διδάσκων
1604 2506 1747 2575 ἡμᾶς
1774 2521 1956 2575 φησιν,

376 2613 396 2646 ε
444 2598 501 2648 Ὀ
530 2597 775 2660 καταϐάς
804 2599 882 2661 είς
912 2596 980 2650 τά
1019 2597 1304 2670 κατώτερα
1338 2598 1479 2669 μέρη
1517 2599 1614 2668 τῆς
1640 2598 1761 2669 γῆς,
1796 2597 1959 2660 αὐτός

368 2688 516 2741 ἐστιν
543 2688 636 2742 καὶ
662 2692 690 2741 ὁ
714 2689 920 2754 ἀναϐὰς
955 2691 1209 2762 ὑπεράνω
1242 2690 1352 2742 τῶν
1379 2690 1651 2763 οὐρανῶνσ
1695 2710 1713 2742 ι
1758 2691 1960 2762 προτά-

370 2776 465 2842 ξας
486 2779 547 2831 τὸ
588 2780 1004 2854 κατεληλυθέναι
1024 2780 1204 2844 αὐτὸν,
1229 2776 1325 2833 εἶτ’
1362 2782 1725 2848 ἐπαναγαγὼν
1758 2780 1819 2831 τὸ
1865 2780 1958 2833 ἀν-

370 2868 687 2941 εληλυθέναι
708 2874 889 2943 φησὶν,
909 2872 1095 2926 ἔπειτα
1116 2872 1554 2945 κατεληλυθέναι·
1574 2872 1802 2944 ἐπείπερ
1823 2871 1959 2941 μετά

367 2961 464 3033 τὴν
500 2965 563 3016 ἐκ
608 2964 815 3036 νεκρῶν
858 2965 1155 3019 ἀνάστασιν
1203 2965 1373 3020 εἰπὼν
1421 2969 1486 3037 τῇ
1526 2964 1776 3036 Μαριάμ,
1810 2984 1828 3017 ι
1865 2966 1955 3037 Μή

371 3071 471 3123 μου
517 3053 707 3120 ἅπτου,
749 3057 903 3109 ούπω
935 3056 1043 3129 γάρ
1072 3058 1388 3129 ἀναϐέϐηκα
1426 3057 1562 3129 πρὸς
1602 3056 1694 3109 τὸν
1728 3056 1953 3127 Πατέρα

370 3162 502 3216 μουο
544 3166 562 3198 ι
600 3148 740 3218 μετά
761 3148 931 3202 ταῦτα
962 3148 1115 3221 ὤφθη
1151 3153 1261 3214 τοῖς
1297 3149 1564 3221 μαθηταῖς
1596 3148 1688 3202 ἐπὶ
1717 3148 1951 3220 ἡμέραις
1982 3180 2025 3237 c

366 3239 774 3310 τεσσαράκοντα
793 3241 1243 3313 συναυλιζόμενος
1263 3243 1445 3306 αὐτοῖς
1463 3260 1475 3274 ·
1506 3238 1845 3312 ἀνεληλυθὼς
1866 3241 1959 3313 δη-

362 3326 497 3400 mi;
526 3329 663 3402 πρὸς
692 3335 783 3384 τὸν
802 3332 1041 3403 Πατέρα,
1075 3333 1169 3386 καὶ
1190 3329 1346 3396 αὖθις
1373 3333 1438 3386 δι’
1461 3332 1526 3403 ἢν
1555 3329 1795 3383 ἐπετέλει
1821 3331 1959 3383 οίκο-

361 3418 556 3489 νομίαν
582 3421 979 3489 κατεληλυθώς.
1030 3424 1121 3476 Διὸ
1149 3424 1244 3477 καὶ
1268 3422 1480 3494 εἴρηται
1510 3439 1523 3453 ο
1553 3440 1572 3473 ι
1619 3420 1850 3485 ’Λναϐὰς
1876 3422 1957 3485 εἰς

364 3507 500 3579 ὕψος
547 3512 967 3583 ᾐχμαλώτευσεν
1001 3515 1397 3585 αἰχμαλωσίαν,
1445 3515 1613 3569 ἔδωκε
1656 3513 1865 3584 δόματα
1896 3516 1955 3566 ἐν

364 3599 692 3672 ἀνθρώποις.
726 3622 744 3654 ι
782 3603 915 3656 Τίνα
946 3603 1002 3656 δὲ
1025 3603 1199 3657 ταῦτα
1228 3605 1260 3674 ἢ
1283 3603 1350 3656 τά
1370 3603 1457 3656 διὰ
1477 3603 1570 3656 τοῦ
1607 3603 1760 3671 ἁγίου
1786 3601 1955 3655 Πνεύ-

368 3707 533 3761 ματος
576 3692 911 3764 χαρίσματα,
941 3695 1086 3763 ειπερ
1129 3692 1190 3759 ἐξ
1218 3694 1449 3765 ούρανοῦ
1473 3692 1833 3758 κατεϐίϐασε;
1864 3692 1954 3745 Διὸ

363 3783 458 3835 καὶ
486 3784 719 3837 ἐνταῦθα
749 3785 900 3856 παρὰ
949 3784 1029 3854 τῷ
1066 3784 1267 3856 ’Λκύλᾳ
1307 3785 1541 3855 εἴρηται·
1583 3802 1602 3835 ι
1662 3782 1758 3846 Τίς
1786 3783 1951 3853 ἀνέϐη

362 3876 442 3937 εἰς
468 3875 559 3929 τὸν
584 3877 810 3946 οὐρανὸν
839 3879 933 3932 καὶ
959 3878 1314 3931 κατεϐίϐασεν
1339 3894 1351 3943 ;
1375 3877 1545 3932 Αὐτὸς
1573 3876 1630 3929 δὲ
1665 3876 1759 3928 καὶ
1785 3875 1954 3947 ἐκρά-

361 3982 496 4036 τησε
537 3968 644 4020 τῶν
675 3969 858 4039 ἄκρων
890 3970 991 4039 τῆς
1030 3970 1154 4039 γῆς,
1188 3969 1329 4023 ὥστε
1378 3971 1458 4032 εἰς
1493 3971 1673 4023 πᾶσαν
1704 3969 1804 4042 τὴν
1845 3969 1951 4039 γῆν

361 4055 594 4124 ἐξελθεῖν
636 4060 726 4113 τὸν
756 4060 910 4129 λόγον
938 4061 1124 4125 αὐτοῦ,
1171 4061 1264 4114 καὶ
1305 4062 1387 4124 εἰς
1412 4062 1479 4115 τὰ
1512 4060 1723 4132 πέρατα
1745 4060 1846 4131 τῆς
1872 4063 1951 4114 οξ-

363 4152 632 4222 κουμένης
680 4152 749 4206 τὰ
801 4157 1022 4225 ῥήματα
1071 4154 1256 4208 αὑτοῦ.
1293 4172 1311 4206 ι
1349 4148 1419 4225 ’ᾯ
1458 4153 1515 4207 δὲ
1548 4154 1753 4207 δέδοται
1796 4153 1952 4223 λόγος

362 4242 633 4312 γνώσεως,
666 4239 820 4309 οὗτος
854 4247 1058 4301 εἴσεται
1078 4249 1226 4311 ὅπως
1247 4247 1312 4302 ἂν
1337 4246 1555 4318 νοηθείη
1586 4246 1765 4299 καὶτὰ
1786 4245 1951 4300 λοιπά

358 4334 470 4389 τῶν
508 4336 649 4392 κατὰ
689 4339 780 4392 τὸν
821 4340 983 4393 τόπον
1002 4355 1014 4367 ’
1054 4341 1353 4412 προτρέπει
1381 4339 1435 4392 δὲ
1474 4339 1622 4410 ἡμᾶς
1648 4337 1740 4391 ἐπὶ
1767 4337 1827 4389 τὸ
1854 4336 1951 4408 ζη-

362 4428 524 4498 τῆσαι
548 4431 600 4484 τί
621 4431 790 4504 ὄνομα
816 4433 966 4505 αὐτῷ
998 4451 1057 4487 τε
1087 4435 1181 4488 καὶ
1211 4437 1323 4498 τοῖς
1359 4432 1570 4496 τέκνοις
1603 4431 1788 4486 αὐτοῦ·
1813 4432 1948 4504 πρὸς

2060 564 2225 620 tionis
2259 566 2335 629 ‘°,
2380 585 2398 619 ο
2450 568 2837 638 sapientiorem
2897 567 3290 641 fortioremque
3341 572 3624 627 hominum

2061 658 2369 726 sapientia?
2400 657 2500 714 Hic
2529 661 2673 715 enim
2692 660 2903 726 dicens,
2932 680 2949 712 ι
2976 662 3334 719 stultissimus
3358 680 3479 719 sum
3510 679 3630 718 om-

2061 750 2213 803 nium
2243 750 2506 816 virorum,
2550 771 2570 803 ι
2622 762 2675 808 et
2704 754 2760 807 in
2799 756 3142 825 sexagesimo
3173 765 3365 812 octavo
3392 758 3625 829 psalmo,

2067 859 2085 892 ι
2114 840 2193 895 Tu
2217 842 2328 897 scis
2357 843 2720 914 insipientiam
2753 862 2925 901 meam
2947 848 3010 912 “,
3038 868 3056 899 ι
3093 851 3248 919 quasi
3269 851 3340 905 ob
3369 866 3629 921 generose

2061 931 2264 988 factum
2314 935 2650 1004 gloriﬁcatur
2695 941 2838 1009 quod
2891 941 3094 994 nullam
3124 958 3350 1012 prorsus
3394 943 3617 1014 pruden-

2060 1027 2190 1081 tiam
2219 1028 2416 1081 habeat
2441 1044 2628 1084 eorum
2693 1033 2785 1102 qui
2839 1036 3132 1102 pecoribus
3161 1045 3215 1091 et
3246 1038 3628 1107 insipientibus

2060 1120 2380 1190 aequiparati
2413 1129 2561 1185 sunt,
2595 1124 2674 1177 vel
2703 1124 3013 1182 istiusmodi
3078 1128 3380 1193 hominum,
3410 1131 3626 1200 etquod

2059 1210 2321 1265 insanivit
2379 1212 2681 1267 secundum
2737 1214 3060 1284 sapientiam
3118 1232 3307 1272 eorum
3358 1217 3449 1287 qui
3491 1216 3628 1271 nihil

2060 1303 2170 1359 nisi
2195 1306 2499 1369 terrestria,
2534 1306 2771 1360 carnalia
2796 1314 2850 1361 et
2881 1308 3182 1363 materialia
3216 1311 3457 1381 sapiunt.
3497 1307 3629 1366 Inde

2058 1398 2363 1469 prudentiae
2384 1398 2644 1453 indicium
2672 1408 2755 1454 est
2803 1399 2858 1454 in
2889 1402 3234 1470 generatione
3259 1418 3379 1466 sua,
3419 1403 3466 1458 si
3504 1411 3627 1457 tan-

2058 1490 2341 1547 tummodo
2372 1508 2493 1561 quae
2520 1499 2647 1547 sunt
2693 1507 2856 1558 super
2886 1502 3086 1547 terram
3111 1496 3411 1564 requirant,
3440 1502 3632 1567 etquae

2058 1596 2225 1652 prava
2257 1592 2387 1639 sunt
2412 1583 2643 1652 juvenili
2678 1582 2889 1651 sapiant
2924 1582 3213 1653 imperitia.
3236 1584 3481 1639 Humana
3510 1585 3603 1655 qui

2060 1672 2182 1727 dem
2214 1687 2340 1727 cum
2363 1674 2589 1727 minime
2632 1662 2697 1726 in'
2736 1674 3017 1741 praecitato
3065 1674 3289 1729 heroine
3322 1675 3629 1729 inveniatur

2059 1765 2372 1835 prudentia,
2402 1766 2621 1820 divinus
2661 1766 2733 1819 sit
2763 1775 2816 1819 et
2843 1764 3061 1820 homine
3089 1768 3263 1837 major
3285 1783 3509 1825 necesse
3525 1776 3630 1823 est.

2060 1857 2241 1926 Quare
2276 1859 2465 1929 adjicit
2498 1858 2817 1929 Scriptura:
2854 1878 2873 1910 ι
2907 1858 3047 1915 Deus
3079 1860 3374 1917 docuitme
3415 1863 3632 1933 sapien-

2060 1952 2194 2004 tiam
2226 1990 2241 2014 ,
2284 1957 2338 2006 et
2398 1951 2683 2007 scientiam
2735 1958 3047 2007 sanctorum
3111 1968 3211 2022 ego
3255 1954 3404 2009 novi.
3444 1974 3463 2005 ι
3498 1952 3631 2008 Dein

2061 2042 2481 2113 interrogatorie
2509 2043 2672 2097 dicit:
2701 2061 2719 2093 ι
2748 2042 2882 2109 Quis
2903 2043 3149 2099 ascendit
3167 2044 3220 2098 in
3251 2046 3447 2099 caelum
3471 2056 3631 2117 atque

2063 2130 2454 2186 descendit?)
2509 2130 2620 2187 Nos
2674 2132 2921 2188 videlicet
2982 2134 3304 2191 adhortatus
3355 2135 3422 2190 ad
3484 2137 3636 2191 illius

2061 2220 2535 2292 investigationem
2590 2223 2682 2294 qui
2726 2225 2855 2277 talia
2888 2222 2954 2279 de
2988 2241 3046 2280 se
3099 2227 3219 2295 ipso
3269 2227 3447 2283 docet.
3503 2227 3632 2296 Quae

2061 2325 2394 2384 sequuntur,
2453 2316 2728 2386 peculiare
2784 2320 3237 2373 commentarium
3296 2318 3630 2377 desiderant.

2061 2406 2289 2462 Divinus
2313 2408 2477 2477 igitur
2491 2409 2786 2479 Apostolus
2812 2410 2878 2465 de
2901 2425 2963 2464 eo
2994 2426 3095 2466 nos
3129 2410 3333 2467 docens
3366 2415 3503 2469 aitzc
3530 2413 3633 2481 Qui

2063 2496 2367 2560 descendit,
2398 2497 2515 2567 ipse
2546 2507 2630 2552 est
2649 2505 2703 2552 et
2728 2499 2820 2568 qui
2846 2498 3089 2554 ascendit
3118 2516 3282 2569 super
3309 2517 3500 2557 omnes
3522 2517 3631 2558 cm-

2060 2588 2142 2643 los
2172 2589 2234 2643 ".
2267 2606 2285 2638 ι
2319 2586 2475 2643 llunc
2509 2589 2653 2643 enim
2687 2590 2929 2645 vicissim
2976 2589 3327 2648 descendisse
3354 2601 3409 2648 et
3434 2610 3634 2649 ascen-

2057 2679 2210 2734 disse
2234 2693 2537 2748 rursusque
2563 2679 2949 2747 descendisse;
2976 2684 3315 2739 etenimcum
3347 2699 3375 2737 a
3407 2688 3633 2742 mortuis

2061 2768 2412 2831 surrexisset,
2448 2768 2630 2823 Maria:
2658 2770 2827 2825 dixit:
2850 2771 3006 2825 «Noli
3038 2789 3122 2827 me
3137 2785 3374 2845 tangere,
3393 2777 3635 2832 nondum

2059 2861 2205 2916 enim
2256 2862 2482 2917 ascendi
2515 2863 2579 2917 ad
2610 2852 2829 2917 Patrem.
2857 2880 3038 2919 meum
3075 2867 3139 2921 ".
3178 2886 3197 2919 ι
3227 2866 3428 2924 Postea
3466 2870 3627 2926 disci-

2058 2951 2204 3021 pulis
2237 2952 2353 3007 suis
2386 2952 2538 3009 visus
2563 2961 2647 3007 est
2678 2970 2773 3023 per
2804 2955 2920 3010 dies
2968 2956 3350 3028 quadraginta,
3404 2961 3458 3015 in
3517 2978 3635 3019 rne-

2059 3044 2150 3100 dio
2201 3060 2387 3101 eorum
2444 3060 2772 3116 congressus
2794 3047 2856 3101 “.
2898 3045 3148 3104 Profecto
3184 3049 3251 3103 ad
3278 3049 3491 3106 Patrem
3521 3053 3635 3124 jam

2060 3152 2337 3204 reversus,
2371 3138 2569 3193 iterum
2602 3139 2669 3194 ad
2702 3154 2795 3195 eos
2844 3140 3212 3198 instituendos
3246 3143 3636 3207 descendebat.

2060 3226 2218 3284 Unde
2249 3239 2303 3282 et
2334 3228 2541 3282 dictum
2574 3235 2658 3282 est
2695 3246 2707 3283 :
2751 3247 2770 3280 ι
2808 3227 3123 3284 Ascendens
3148 3230 3200 3284 in
3227 3232 3395 3286 altum
3417 3272 3431 3297 ,
3464 3234 3636 3303 capti-

2056 3336 2178 3375 vam
2209 3320 2364 3375 duxit
2393 3321 2762 3390 captivitatem
2801 3339 2815 3374 :
2849 3321 2998 3377 dedit
3017 3321 3157 3378 dona
3181 3324 3497 3382 hominibus
3532 3326 3632 3381 ⁸⁸.»

2057 3411 2188 3478 Quae
2216 3420 2418 3475 autem,
2445 3412 2551 3467 nisi
2576 3409 2811 3483 Spiritus
2845 3414 3022 3467 sancti
3053 3429 3300 3477 munera,
3331 3431 3451 3485 quae
3474 3431 3504 3470 e
3523 3431 3636 3471 cm-

2056 3505 2125 3557 lis
2149 3504 2370 3559 demisit
2392 3502 2558 3559 ?ldeo
2612 3512 2668 3558 et
2712 3506 2855 3573 apud
2888 3505 3142 3575 Aquilam
3175 3506 3417 3561 dicitur:
3449 3524 3467 3557 ι
3498 3506 3635 3573 Quis

2055 3592 2300 3648 ascendit
2320 3594 2376 3648 in
2409 3594 2610 3649 cmlum
2643 3600 2696 3649 et
2726 3593 2996 3650 demisit?
3042 3593 3187 3650 idem
3220 3598 3312 3667 qui
3362 3598 3633 3655 altissima

2054 3690 2214 3738 terra:
2259 3686 2559 3755 superavit,
2601 3686 2677 3740 ita
2722 3694 2782 3740 ut
2831 3686 2887 3740 in
2927 3701 3142 3741 omnem
3202 3695 3405 3743 terram
3460 3691 3633 3747 exiret

2055 3792 2225 3833 sonus
2268 3778 2411 3847 ejus,
2435 3786 2491 3833 et
2536 3779 2590 3832 in
2627 3778 2762 3834 ﬁnes
2787 3779 2936 3834 orbis
2983 3786 3141 3834 terrae
3164 3780 3325 3834 verba
3357 3781 3478 3851 ejus
3508 3782 3571 3837 ".
3604 3801 3625 3836 ι

2053 3869 2153 3925 Cui
2185 3885 2314 3926 vero
2343 3870 2531 3926 datum
2598 3879 2683 3927 est
2719 3872 2946 3927 verbum
2998 3872 3262 3935 scientiae,
3306 3873 3395 3927 hic
3417 3874 3630 3929 noverit

2053 3964 2329 4033 quomodo
2369 3964 2717 4036 intelligenda
2762 3964 2871 4020 sint
2928 3972 3124 4020 caetera
3149 3966 3313 4036 hujus
3336 3966 3462 4022 loci.
3516 3966 3627 4022 Nos

2052 4055 2217 4125 igitur
2250 4054 2511 4111 admonet
2532 4066 2589 4111 ut
2622 4071 2935 4127 quaeramus
2964 4056 3111 4126 quod
3153 4058 3226 4112 sit
3276 4057 3347 4123 ei,
3399 4056 3626 4127 ejusque

2054 4148 2178 4205 ﬁliis
2227 4165 2444 4206 nomen.
2498 4149 2613 4204 Hac
2642 4149 2787 4205 enim
2821 4148 3240 4219 investigatione
3281 4149 3442 4205 nobis
3473 4164 3624 4205 com-

2050 4253 2264 4317 pertum
2299 4245 2408 4309 ﬁet,
2441 4245 2570 4300 huic
2600 4260 2794 4299 nomen
2820 4259 2943 4299 esse
2959 4242 3170 4310 Jesum,
3194 4244 3339 4314 quod
3357 4243 3452 4298 Dei
3474 4243 3622 4298 salus

2052 4338 2464 4408 interpretatur,
2529 4337 2676 4407 quod
2711 4344 2765 4391 et
2793 4343 3051 4406 parentes
3080 4336 3220 4404 ejus,
3277 4349 3308 4389 a
3367 4335 3620 4391 Gabriele

2051 4432 2338 4495 admoniti,
2367 4432 2749 4500 imposuerunt
2808 4429 2881 4497 ei,
2924 4428 3083 4484 istius
3113 4444 3335 4484 causam
3378 4430 3628 4485 denomi-

360 4520 519 4574 τοῦτο
541 4522 585 4574 δ’
615 4525 1033 4597 ύπακουσόμεθα
1074 4527 1139 4580 ἐκ
1168 4527 1265 4598 τῆς
1291 4525 1571 4598 ἐνεργείας
1615 4525 1949 4595 παρειληφό-

2057 4522 2294 4578 nationis
2327 4522 2520 4593 angelo
2558 4522 2679 4592 ipso
2720 4522 3084 4591 signiﬁcante.
3120 4539 3139 4571 ι
3164 4522 3284 4592 Ipse
3317 4522 3484 4583 enim,
3542 4521 3626 4575 in-

361 4628 474 4676 τες,
516 4615 664 4686 αὐτῴ
699 4618 794 4687 μὲν
833 4620 1098 4690 ὑπάρχειν
1126 4620 1297 4689 ὄνομα
1345 4617 1571 4690 Ἰησοῦς,
1597 4619 1734 4690 ὅπερ
1773 4619 1945 4689 ἑρμη-

360 4704 577 4759 νεύεται
613 4708 759 4763 Θεοῦ
787 4711 1067 4779 σωτηρία·
1097 4711 1126 4764 ὃ
1150 4712 1243 4764 καὶ
1274 4712 1323 4764 οἱ
1358 4710 1499 4764 κατὰ
1538 4710 1716 4782 σάρκα
1772 4725 1944 4780 προσ-

361 4802 584 4867 ήκοντες
618 4801 761 4854 κατὰ
785 4801 875 4855 τὸν
908 4803 1002 4856 τοῦ
1040 4802 1279 4875 Γαϐριὴλ
1328 4802 1711 4874 χρηματισμὸν
1762 4801 1944 4854 ἐπιτε-

359 4889 603 4944 θείκασιν
630 4892 798 4963 αὐτῷ,
826 4894 1161 4966 ὑποθεμένου
1190 4896 1285 4948 καὶ
1316 4896 1412 4966 τὴν
1443 4894 1622 4948 αἰτίαν
1655 4894 1748 4947 τοῦ
1779 4894 1945 4963 ἀγγέ-

356 4981 451 5036 λου
486 4983 590 5055 τῆς
623 4985 876 5055 τοιαύτης
909 4987 1300 5058 προσηγορίας,
1340 5006 1358 5037 ι
1401 4986 1570 5050 Αὐτὸς
1613 4987 1722 5058 γάρ
1756 4986 1939 5050 σώσει,

360 5075 514 5147 φησὶ,
548 5076 638 5129 τὸν
674 5076 799 5129 λαὸν
853 5078 1016 5131 αὐτοῦ
1053 5080 1162 5132 ἀπὸ
1195 5079 1303 5133 τῶν
1354 5078 1642 5151 ἁμαρτιῶν
1675 5078 1875 5133 αὐτῶν.
1916 5097 1934 5128 ι

2051 4616 2192 4686 quit,
2248 4617 2460 4671 salvum
2511 4614 2676 4669 faciet
2700 4613 2961 4685 populum
2994 4630 3154 4669 suum
3204 4629 3233 4668 a
3264 4615 3505 4685 peccatis
3532 4627 3623 4668 eo—

2051 4723 2171 4762 rum
2211 4708 2273 4762 ¹⁷.
2317 4727 2336 4759 ι
2392 4705 2599 4760 Nomen
2651 4721 2781 4760 vero
2842 4704 3078 4760 ﬁliorum
3118 4712 3364 4768 suorum,
3424 4704 3624 4774 quibus

2052 4799 2190 4853 dixit
2217 4817 2229 4852 :
2257 4816 2275 4848 ι
2301 4796 2507 4861 Filioli,
2534 4796 2716 4851 adhuc
2750 4796 3025 4851 modicum
3061 4796 3341 4852 vobiscum
3383 4810 3503 4849 sum
3522 4794 3618 4856 ",i

2051 4905 2351 4960 eorumque
2404 4890 2496 4959 qui
2527 4896 2651 4959 post
2678 4904 2773 4944 eos
2806 4889 2861 4942 in
2894 4888 3152 4944 omnibus
3207 4886 3467 4943 Ecclesiis
3520 4902 3621 4939 na-

2032 4992 2272 5055 .scentur
2296 4981 2555 5045 ﬁliorum,
2584 4988 2635 5034 et
2663 4988 3020 5051 pronepotum
3037 4995 3228 5035 eorum
3252 5019 3266 5043 ,
3302 4976 3444 5047 quod
3473 4977 3620 5031 aliud

2047 5087 2213 5139 esset,
2244 5075 2350 5130 nisi
2387 5074 2733 5144 benedictum
2763 5072 2895 5127 illud
2920 5073 3277 5127 christianum
3312 5068 3552 5123 nomen?

357 5171 431 5225 Τὸ
462 5172 519 5224 δὲ
547 5173 657 5226 τῶν
703 5173 905 5229 τέκνων
963 5176 1129 5230 αὐτοῦ
1164 5176 1355 5248 ὄνομα,
1390 5170 1469 5239 οἷς
1505 5175 1678 5244 ἔλεγε,
1712 5193 1730 5226 ι
1766 5174 1993 5240 Τεκνία,
2020 5172 2099 5226 ἔτι
2136 5172 2330 5257 μικρὸν
2365 5170 2425 5241 (f.
2464 5170 2559 5257 27)
2588 5169 2778 5242 χρόνον
2822 5168 2939 5239 μεθ’
2971 5167 3124 5239 ὑμῶν
3151 5166 3284 5235 είμι,
3324 5181 3343 5214 ι
3373 5165 3467 5217 καὶ
3512 5163 3618 5219 τῶν

358 5270 477 5339 μετ’
505 5268 743 5332 ἐκείνους
768 5271 825 5324 ἐν
846 5271 1083 5336 ἀπάσαις
1109 5274 1223 5337 ταῖς
1263 5272 1609 5344 Ἐκκλησίαις
1645 5270 1776 5325 υἱῶν
1818 5288 1877 5324 τε
1928 5268 2091 5324 αὐτοῦ
2134 5256 2228 5322 καὶ
2270 5256 2476 5322 υἱωνῶν
2519 5268 2614 5320 καὶ
2652 5264 2964 5333 ἀπογόνων,
3002 5263 3056 5316 τί
3090 5259 3155 5314 ἂν
3186 5258 3311 5315 ἄλλο
3361 5257 3445 5329 εἴη
3483 5257 3621 5328 iiut?)

350 5362 548 5435 εύλογη
558 5363 715 5434 μένον
736 5367 1049 5436 χριστιανδν
1078 5368 1283 5439 δνομα;

502 5454 512 5464 ”
898 5460 1292 5513 ΚΕΦΑΛᾹΙΟΝ
1331 5461 1403 5515 Δ’.

732 5549 876 5603 Ἀπὸ
903 5550 1009 5603 τοῦ
1058 5551 1559 5619 Ἐκκλησιαστοῦ.

502 5640 724 5711 Ἀγαθὸς
773 5645 903 5706 παῖς
952 5643 1121 5714 πένης
1168 5644 1261 5697 καὶ
1306 5643 1466 5714 σοφὸς
1515 5642 1656 5714 ὑπὲρ
1713 5642 1936 5713 βασιλέα

432 5770 477 5801 ⁸⁸
512 5772 527 5823 Ι
561 5774 687 5828 Cor.
721 5776 894 5839 1,.21.
971 5777 1010 5808 ¹¹
1053 5775 1196 5832 Psal.
1232 5793 1435 5839 vam,
1474 5777 1525 5831 6.

355 5853 444 5904 tv,
491 5840 544 5897 8.
642 5844 689 5876 “
727 5844 872 5904 Psal.
909 5863 1072 5916 xvm,
1107 5848 1159 5905 4.
1258 5850 1299 5881 ³⁷
1342 5847 1529 5905 Matth.
1579 5866 1628 5914 ι.
1665 5840 1755 5903 ΞΙῙ

1610 5779 1653 5809 ¹¹
1691 5775 1888 5844 Ephcs.
1924 5792 2013 5840 ιν,⁹
2054 5775 2139 5831 10.
2221 5773 2264 5805 ⁸³
2296 5772 2457 5827 Joan.
2493 5786 2593 5838 xx,
2624 5769 2752 5844 ῈῚἹ.
2830 5768 2874 5799 ¹⁵
2908 5767 3029 5822 Act.

1738 5794 1888 5848 pucs.
1924 5794 2013 5840 1v,
2054 5794 2139 5831 ιυ.
2221 5794 2264 5805 --
2296 5794 2394 5827 .ma

1742 5889 1755 5903 .
1872 5849 1915 5881 “
1947 5846 2103 5903 Joan.
2140 5860 2275 5906 xm.
2312 5844 2397 5898 55.

2652 5447 2882 5505 CAPUT
2914 5446 3003 5500 IV.

2598 5542 2680 5596 Ex.
2719 5541 3059 5595 Ecclesiaste.

2118 5658 2138 5690 ι
2176 5638 2363 5694 Melior
2411 5645 2494 5693 est
2526 5650 2659 5706 puer
2689 5649 2896 5705 pauper
2920 5644 2972 5687 et
2996 5630 3217 5701 sapiens
3249 5643 3375 5699 rege
3412 5643 3542 5685 sene
3561 5636 3617 5685 et

3095 5782 3148 5831 ε,
3180 5764 3234 5819 5.
3286 5792 3289 5795 -
3330 5763 3375 5797 ¹⁵
3411 5762 3608 5835 Ephes.
