  <div class='ocr_page' id='page_1' title='image "/cluster/home/n/w/nwhite01/storage/ocr_20150623/22:no.4/coo.31924054873025/577.png"; bbox 0 0 4106 6428; ppageno 0'>
   <div class='ocr_carea' id='block_1_1' title="bbox 474 341 610 396">
    <p class='ocr_par' dir='ltr' id='par_1_1' title="bbox 474 341 610 396">
     <span class='ocr_line' id='line_1_1' title="bbox 474 341 610 396; baseline -0.007 0"><span class='ocrx_word' id='word_1_1' title='bbox 474 341 610 396; x_wconf 74' lang='grc'><strong>1127</strong></span> 
     </span>
    </p>
   </div>
   <div class='ocr_carea' id='block_1_2' title="bbox 1186 333 3032 395">
    <p class='ocr_par' dir='ltr' id='par_1_2' title="bbox 1186 333 3032 395">
     <span class='ocr_line' id='line_1_2' title="bbox 1186 333 3032 395; baseline -0.003 -2"><span class='ocrx_word' id='word_1_2' title='bbox 1186 337 1452 394; x_wconf 83' lang='lat' dir='ltr'><strong>EUSEBII</strong></span> <span class='ocrx_word' id='word_1_3' title='bbox 1491 337 1963 394; x_wconf 65' lang='lat' dir='ltr'><strong>CESABIENSIS</strong></span> <span class='ocrx_word' id='word_1_4' title='bbox 1998 336 2146 395; x_wconf 85' lang='lat' dir='ltr'><strong>OPP.</strong></span> <span class='ocrx_word' id='word_1_5' title='bbox 2188 336 2367 392; x_wconf 79' lang='lat' dir='ltr'><strong>PARS</strong></span> <span class='ocrx_word' id='word_1_6' title='bbox 2394 335 2482 390; x_wconf 84' lang='grc' dir='ltr'>ιιι.</span> <span class='ocrx_word' id='word_1_7' title='bbox 2519 367 2592 380; x_wconf 88' lang='lat'><strong>-—</strong></span> <span class='ocrx_word' id='word_1_8' title='bbox 2625 333 3032 390; x_wconf 79' lang='lat' dir='ltr'><strong>EXEGETICA.</strong></span> 
     </span>
    </p>
   </div>
   <div class='ocr_carea' id='block_1_3' title="bbox 3570 328 3702 382">
    <p class='ocr_par' dir='ltr' id='par_1_3' title="bbox 3570 328 3702 382">
     <span class='ocr_line' id='line_1_3' title="bbox 3570 328 3702 382; baseline 0.008 -1"><span class='ocrx_word' id='word_1_9' title='bbox 3570 328 3702 382; x_wconf 69' lang='lat'><strong>“28</strong></span> 
     </span>
    </p>
   </div>
   <div class='ocr_carea' id='block_1_4' title="bbox 473 445 2048 526">
    <p class='ocr_par' dir='ltr' id='par_1_4' title="bbox 473 453 2031 526">
     <span class='ocr_line' id='line_1_4' title="bbox 473 453 2031 526; baseline 0.001 -18"><span class='ocrx_word' id='word_1_10' title='bbox 473 455 660 517; x_wconf 85' lang='lat' dir='ltr'><strong>stulto,</strong></span> <span class='ocrx_word' id='word_1_11' title='bbox 699 454 792 526; x_wconf 89' lang='lat' dir='ltr'><strong>qui</strong></span> <span class='ocrx_word' id='word_1_12' title='bbox 826 453 1002 509; x_wconf 88' lang='lat' dir='ltr'><strong>nescit</strong></span> <span class='ocrx_word' id='word_1_13' title='bbox 1027 455 1326 524; x_wconf 66' lang='lat' dir='ltr'><strong>praevidere</strong></span> <span class='ocrx_word' id='word_1_14' title='bbox 1373 456 1426 509; x_wconf 92' lang='lat' dir='ltr'><strong>in</strong></span> <span class='ocrx_word' id='word_1_15' title='bbox 1456 463 1755 526; x_wconf 87' lang='lat' dir='ltr'><strong>posterum.</strong></span> <span class='ocrx_word' id='word_1_16' title='bbox 1785 455 1940 522; x_wconf 83' lang='lat' dir='ltr'><strong>Quod</strong></span> <span class='ocrx_word' id='word_1_17' title='bbox 1965 455 2031 510; x_wconf 91' lang='lat' dir='ltr'><strong>de</strong></span> 
     </span>
    </p>
   </div>
   <div class='ocr_carea' id='block_1_5' title="bbox 2146 445 3702 526">
    <p class='ocr_par' dir='ltr' id='par_1_5' title="bbox 2146 445 3702 526">
     <span class='ocr_line' id='line_1_5' title="bbox 2146 445 3702 526; baseline -0.004 -20"><span class='ocrx_word' id='word_1_18' title='bbox 2146 453 2502 526; x_wconf 75' lang='grc' dir='ltr'>πρεσϐύτερον</span> <span class='ocrx_word' id='word_1_19' title='bbox 2532 456 2625 507; x_wconf 71' lang='grc' dir='ltr'><strong>καὶ</strong></span> <span class='ocrx_word' id='word_1_20' title='bbox 2653 455 2880 524; x_wconf 80' lang='grc' dir='ltr'>ἄφρονα,</span> <span class='ocrx_word' id='word_1_21' title='bbox 2910 451 2967 515; x_wconf 85' lang='grc' dir='ltr'>ὃς</span> <span class='ocrx_word' id='word_1_22' title='bbox 2996 450 3096 504; x_wconf 88' lang='grc' dir='ltr'><strong>ούκ</strong></span> <span class='ocrx_word' id='word_1_23' title='bbox 3135 449 3273 516; x_wconf 74' lang='grc' dir='ltr'>ἔγνω</span> <span class='ocrx_word' id='word_1_24' title='bbox 3295 447 3390 502; x_wconf 82' lang='grc' dir='ltr'><strong>τοῦ</strong></span> <span class='ocrx_word' id='word_1_25' title='bbox 3422 445 3702 518; x_wconf 72' lang='grc' dir='ltr'>προσέχειν</span> 
     </span>
    </p>
   </div>
   <div class='ocr_carea' id='block_1_6' title="bbox 472 545 2031 617">
    <p class='ocr_par' dir='ltr' id='par_1_6' title="bbox 472 545 2031 617">
     <span class='ocr_line' id='line_1_6' title="bbox 472 545 2031 617; baseline 0.003 -19"><span class='ocrx_word' id='word_1_26' title='bbox 472 560 693 599; x_wconf 83' lang='lat' dir='ltr'><strong>carcere</strong></span> <span class='ocrx_word' id='word_1_27' title='bbox 747 546 1060 614; x_wconf 88' lang='lat' dir='ltr'><strong>catenisque</strong></span> <span class='ocrx_word' id='word_1_28' title='bbox 1107 545 1379 600; x_wconf 76' lang='lat' dir='ltr'><strong>interdum</strong></span> <span class='ocrx_word' id='word_1_29' title='bbox 1425 547 1551 616; x_wconf 86' lang='lat' dir='ltr'><strong>quis</strong></span> <span class='ocrx_word' id='word_1_30' title='bbox 1604 547 1917 617; x_wconf 78' lang='lat' dir='ltr'><strong>egrediatur</strong></span> <span class='ocrx_word' id='word_1_31' title='bbox 1963 549 2031 603; x_wconf 90' lang='lat' dir='ltr'><strong>ad</strong></span> 
     </span>
    </p>
   </div>
   <div class='ocr_carea' id='block_1_7' title="bbox 473 636 2032 707">
    <p class='ocr_par' dir='ltr' id='par_1_7' title="bbox 473 636 2032 707">
     <span class='ocr_line' id='line_1_7' title="bbox 473 636 2032 707; baseline 0.002 -18"><span class='ocrx_word' id='word_1_32' title='bbox 473 651 700 706; x_wconf 84' lang='lat' dir='ltr'><strong>regnum</strong></span> <span class='ocrx_word' id='word_1_33' title='bbox 729 655 740 690; x_wconf 86' lang='lat'>:</span> <span class='ocrx_word' id='word_1_34' title='bbox 770 643 822 690; x_wconf 91' lang='lat' dir='ltr'><strong>et</strong></span> <span class='ocrx_word' id='word_1_35' title='bbox 855 636 994 692; x_wconf 87' lang='lat' dir='ltr'><strong>alius</strong></span> <span class='ocrx_word' id='word_1_36' title='bbox 1025 643 1187 691; x_wconf 87' lang='lat' dir='ltr'><strong>natus</strong></span> <span class='ocrx_word' id='word_1_37' title='bbox 1218 637 1272 690; x_wconf 83' lang='lat' dir='ltr'><strong>i-n</strong></span> <span class='ocrx_word' id='word_1_38' title='bbox 1303 651 1494 706; x_wconf 87' lang='lat' dir='ltr'><strong>regno,</strong></span> <span class='ocrx_word' id='word_1_39' title='bbox 1527 638 1711 707; x_wconf 85' lang='lat' dir='ltr'><strong>inopia</strong></span> <span class='ocrx_word' id='word_1_40' title='bbox 1743 653 2032 695; x_wconf 90' lang='lat' dir='ltr'><strong>consuma-</strong></span> 
     </span>
    </p>
   </div>
   <div class='ocr_carea' id='block_1_8' title="bbox 473 727 2034 799">
    <p class='ocr_par' dir='ltr' id='par_1_8' title="bbox 473 727 2034 799">
     <span class='ocr_line' id='line_1_8' title="bbox 473 727 2034 799; baseline 0.003 -15"><span class='ocrx_word' id='word_1_41' title='bbox 473 739 578 784; x_wconf 89' lang='lat' dir='ltr'><strong>tur.</strong></span> <span class='ocrx_word' id='word_1_42' title='bbox 621 727 742 782; x_wconf 77' lang='lat' dir='ltr'><strong>Vidi</strong></span> <span class='ocrx_word' id='word_1_43' title='bbox 769 737 998 785; x_wconf 89' lang='lat' dir='ltr'><strong>cunctos</strong></span> <span class='ocrx_word' id='word_1_44' title='bbox 1034 730 1296 789; x_wconf 81' lang='lat' dir='ltr'><strong>viventes.</strong></span> <span class='ocrx_word' id='word_1_45' title='bbox 1337 730 1431 799; x_wconf 89' lang='lat' dir='ltr'><strong>qui</strong></span> <span class='ocrx_word' id='word_1_46' title='bbox 1463 731 1742 784; x_wconf 76' lang='lat' dir='ltr'><strong>ambulant</strong></span> <span class='ocrx_word' id='word_1_47' title='bbox 1789 731 1892 787; x_wconf 86' lang='lat' dir='ltr'><strong>sub</strong></span> <span class='ocrx_word' id='word_1_48' title='bbox 1920 733 2034 788; x_wconf 92' lang='lat' dir='ltr'><strong>sole</strong></span> 
     </span>
    </p>
   </div>
   <div class='ocr_carea' id='block_1_9' title="bbox 473 820 2033 895">
    <p class='ocr_par' dir='ltr' id='par_1_9' title="bbox 473 820 2033 895">
     <span class='ocr_line' id='line_1_9' title="bbox 473 820 2033 895; baseline 0.004 -19"><span class='ocrx_word' id='word_1_49' title='bbox 473 836 596 876; x_wconf 91' lang='lat' dir='ltr'><strong>cum</strong></span> <span class='ocrx_word' id='word_1_50' title='bbox 643 820 988 877; x_wconf 83' lang='lat' dir='ltr'><strong>adolescente</strong></span> <span class='ocrx_word' id='word_1_51' title='bbox 1038 823 1302 888; x_wconf 89' lang='lat' dir='ltr'><strong>secundo,</strong></span> <span class='ocrx_word' id='word_1_52' title='bbox 1334 825 1426 893; x_wconf 87' lang='lat' dir='ltr'><strong>qui</strong></span> <span class='ocrx_word' id='word_1_53' title='bbox 1466 833 1760 895; x_wconf 75' lang='lat' dir='ltr'><strong>consurget</strong></span> <span class='ocrx_word' id='word_1_54' title='bbox 1801 841 1901 895; x_wconf 91' lang='lat' dir='ltr'><strong>pro</strong></span> <span class='ocrx_word' id='word_1_55' title='bbox 1947 842 2033 882; x_wconf 91' lang='lat' dir='ltr'><strong>eo.</strong></span> 
     </span>
    </p>
   </div>
   <div class='ocr_carea' id='block_1_10' title="bbox 473 912 2036 988">
    <p class='ocr_par' dir='ltr' id='par_1_10' title="bbox 473 912 2036 988">
     <span class='ocr_line' id='line_1_10' title="bbox 473 912 2036 988; baseline 0.001 -20"><span class='ocrx_word' id='word_1_56' title='bbox 473 912 721 968; x_wconf 83' lang='lat' dir='ltr'><strong>lnﬁnitus</strong></span> <span class='ocrx_word' id='word_1_57' title='bbox 751 930 1011 969; x_wconf 89' lang='lat' dir='ltr'><strong>numerus</strong></span> <span class='ocrx_word' id='word_1_58' title='bbox 1057 921 1139 969; x_wconf 91' lang='lat' dir='ltr'><strong>est</strong></span> <span class='ocrx_word' id='word_1_59' title='bbox 1168 915 1352 986; x_wconf 87' lang='lat' dir='ltr'><strong>populi</strong></span> <span class='ocrx_word' id='word_1_60' title='bbox 1383 917 1626 969; x_wconf 89' lang='lat' dir='ltr'><strong>omnium</strong></span> <span class='ocrx_word' id='word_1_61' title='bbox 1649 955 1665 981; x_wconf 88' lang='lat'><strong>,</strong></span> <span class='ocrx_word' id='word_1_62' title='bbox 1688 917 1779 988; x_wconf 92' lang='lat' dir='ltr'><strong>qui</strong></span> <span class='ocrx_word' id='word_1_63' title='bbox 1819 916 2036 972; x_wconf 78' lang='lat' dir='ltr'><strong>fuerunt</strong></span> 
     </span>
    </p>
   </div>
   <div class='ocr_carea' id='block_1_11' title="bbox 473 1006 2036 1077">
    <p class='ocr_par' dir='ltr' id='par_1_11' title="bbox 473 1006 2036 1077">
     <span class='ocr_line' id='line_1_11' title="bbox 473 1006 2036 1077; baseline 0.003 -18"><span class='ocrx_word' id='word_1_64' title='bbox 473 1014 602 1060; x_wconf 85' lang='lat' dir='ltr'><strong>ante</strong></span> <span class='ocrx_word' id='word_1_65' title='bbox 637 1020 761 1060; x_wconf 88' lang='lat' dir='ltr'><strong>eum</strong></span> <span class='ocrx_word' id='word_1_66' title='bbox 795 1025 810 1060; x_wconf 89' lang='lat'><strong>:</strong></span> <span class='ocrx_word' id='word_1_67' title='bbox 843 1008 1005 1076; x_wconf 89' lang='lat' dir='ltr'><strong>etqui</strong></span> <span class='ocrx_word' id='word_1_68' title='bbox 1044 1013 1232 1077; x_wconf 89' lang='lat' dir='ltr'><strong>postea</strong></span> <span class='ocrx_word' id='word_1_69' title='bbox 1262 1006 1430 1062; x_wconf 82' lang='lat' dir='ltr'><strong>futuri</strong></span> <span class='ocrx_word' id='word_1_70' title='bbox 1462 1016 1610 1071; x_wconf 91' lang='lat' dir='ltr'><strong>sunt,</strong></span> <span class='ocrx_word' id='word_1_71' title='bbox 1638 1023 1746 1063; x_wconf 87' lang='lat' dir='ltr'><strong>non</strong></span> <span class='ocrx_word' id='word_1_72' title='bbox 1774 1009 2036 1064; x_wconf 72' lang='lat' dir='ltr'><strong>laetabun-</strong></span> 
     </span>
    </p>
   </div>
   <div class='ocr_carea' id='block_1_12' title="bbox 477 1093 2038 1168">
    <p class='ocr_par' dir='ltr' id='par_1_12' title="bbox 477 1093 2038 1168">
     <span class='ocr_line' id='line_1_12' title="bbox 477 1093 2038 1168; baseline 0.003 -21"><span class='ocrx_word' id='word_1_73' title='bbox 477 1101 563 1147; x_wconf 88' lang='lat' dir='ltr'><strong>tur</strong></span> <span class='ocrx_word' id='word_1_74' title='bbox 615 1095 669 1148; x_wconf 92' lang='lat' dir='ltr'><strong>in</strong></span> <span class='ocrx_word' id='word_1_75' title='bbox 729 1109 813 1148; x_wconf 87' lang='lat' dir='ltr'><strong>eo.</strong></span> <span class='ocrx_word' id='word_1_76' title='bbox 861 1093 967 1148; x_wconf 89' lang='lat' dir='ltr'><strong>Sed</strong></span> <span class='ocrx_word' id='word_1_77' title='bbox 1022 1096 1077 1148; x_wconf 92' lang='lat' dir='ltr'><strong>in</strong></span> <span class='ocrx_word' id='word_1_78' title='bbox 1131 1095 1252 1160; x_wconf 88' lang='lat' dir='ltr'><strong>hoc,</strong></span> <span class='ocrx_word' id='word_1_79' title='bbox 1284 1097 1498 1151; x_wconf 81' lang='lat' dir='ltr'><strong>vanitas</strong></span> <span class='ocrx_word' id='word_1_80' title='bbox 1542 1104 1597 1150; x_wconf 90' lang='lat' dir='ltr'><strong>et</strong></span> <span class='ocrx_word' id='word_1_81' title='bbox 1627 1097 1845 1152; x_wconf 81' lang='lat' dir='ltr'><strong>aﬂlictio</strong></span> <span class='ocrx_word' id='word_1_82' title='bbox 1875 1099 2038 1168; x_wconf 88' lang='lat' dir='ltr'><strong>spiri-</strong></span> 
     </span>
    </p>
   </div>
   <div class='ocr_carea' id='block_1_13' title="bbox 476 1184 2035 1257">
    <p class='ocr_par' dir='ltr' id='par_1_13' title="bbox 476 1184 2035 1257">
     <span class='ocr_line' id='line_1_13' title="bbox 476 1184 2035 1257; baseline 0.003 -19"><span class='ocrx_word' id='word_1_83' title='bbox 476 1194 564 1240; x_wconf 91' lang='lat' dir='ltr'><strong>tus</strong></span> <span class='ocrx_word' id='word_1_84' title='bbox 593 1187 656 1241; x_wconf 83' lang='grc'><strong>¹⁹.</strong></span> <span class='ocrx_word' id='word_1_85' title='bbox 699 1184 870 1240; x_wconf 72' lang='lat' dir='ltr'><strong>iCum</strong></span> <span class='ocrx_word' id='word_1_86' title='bbox 901 1185 1172 1249; x_wconf 90' lang='lat' dir='ltr'><strong>Christus,</strong></span> <span class='ocrx_word' id='word_1_87' title='bbox 1205 1188 1295 1255; x_wconf 91' lang='lat' dir='ltr'><strong>qui</strong></span> <span class='ocrx_word' id='word_1_88' title='bbox 1333 1206 1351 1238; x_wconf 77' lang='grc' dir='ltr'><strong>ι</strong></span> <span class='ocrx_word' id='word_1_89' title='bbox 1389 1188 1654 1257; x_wconf 84' lang='lat' dir='ltr'><strong>sapientia</strong></span> <span class='ocrx_word' id='word_1_90' title='bbox 1683 1189 1777 1244; x_wconf 86' lang='lat' dir='ltr'><strong>Dei</strong></span> <span class='ocrx_word' id='word_1_91' title='bbox 1809 1191 1853 1220; x_wconf 73' lang='grc' dir='ltr'><strong><em>ὀ</em></strong></span> <span class='ocrx_word' id='word_1_92' title='bbox 1887 1209 1906 1242; x_wconf 72' lang='grc' dir='ltr'><strong>ι</strong></span> <span class='ocrx_word' id='word_1_93' title='bbox 1932 1197 2035 1256; x_wconf 90' lang='lat' dir='ltr'><strong>est,</strong></span> 
     </span>
    </p>
   </div>
   <div class='ocr_carea' id='block_1_14' title="bbox 475 1274 2039 1345">
    <p class='ocr_par' dir='ltr' id='par_1_14' title="bbox 475 1274 2039 1345">
     <span class='ocr_line' id='line_1_14' title="bbox 475 1274 2039 1345; baseline 0.004 -16"><span class='ocrx_word' id='word_1_94' title='bbox 475 1290 574 1345; x_wconf 89' lang='lat' dir='ltr'><strong>pro</strong></span> <span class='ocrx_word' id='word_1_95' title='bbox 605 1275 760 1331; x_wconf 89' lang='lat' dir='ltr'><strong>nobis</strong></span> <span class='ocrx_word' id='word_1_96' title='bbox 793 1274 1145 1340; x_wconf 86' lang='lat' dir='ltr'><strong>mendicavit,</strong></span> <span class='ocrx_word' id='word_1_97' title='bbox 1176 1276 1329 1332; x_wconf 85' lang='lat' dir='ltr'><strong>dives</strong></span> <span class='ocrx_word' id='word_1_98' title='bbox 1379 1277 1524 1340; x_wconf 87' lang='lat' dir='ltr'><strong>licet,</strong></span> <span class='ocrx_word' id='word_1_99' title='bbox 1555 1279 1688 1332; x_wconf 89' lang='lat' dir='ltr'><strong>mihi</strong></span> <span class='ocrx_word' id='word_1_100' title='bbox 1722 1281 1934 1335; x_wconf 89' lang='lat' dir='ltr'><strong>videtur</strong></span> <span class='ocrx_word' id='word_1_101' title='bbox 1971 1282 2039 1336; x_wconf 87' lang='lat' dir='ltr'><strong>de</strong></span> 
     </span>
    </p>
   </div>
   <div class='ocr_carea' id='block_1_15' title="bbox 476 1366 2040 1442">
    <p class='ocr_par' dir='ltr' id='par_1_15' title="bbox 476 1366 2040 1442">
     <span class='ocr_line' id='line_1_15' title="bbox 476 1366 2040 1442; baseline 0.003 -20"><span class='ocrx_word' id='word_1_102' title='bbox 476 1382 542 1422; x_wconf 88' lang='lat' dir='ltr'><strong>eo</strong></span> <span class='ocrx_word' id='word_1_103' title='bbox 564 1367 711 1422; x_wconf 88' lang='lat' dir='ltr'><strong>dici:</strong></span> <span class='ocrx_word' id='word_1_104' title='bbox 757 1386 774 1418; x_wconf 74' lang='grc' dir='ltr'><strong>ι</strong></span> <span class='ocrx_word' id='word_1_105' title='bbox 820 1366 1008 1421; x_wconf 83' lang='lat' dir='ltr'><strong>Melior</strong></span> <span class='ocrx_word' id='word_1_106' title='bbox 1047 1376 1132 1423; x_wconf 89' lang='lat' dir='ltr'><strong>est</strong></span> <span class='ocrx_word' id='word_1_107' title='bbox 1168 1383 1302 1438; x_wconf 88' lang='lat' dir='ltr'><strong>puer</strong></span> <span class='ocrx_word' id='word_1_108' title='bbox 1335 1384 1540 1438; x_wconf 89' lang='lat' dir='ltr'><strong>pauper</strong></span> <span class='ocrx_word' id='word_1_109' title='bbox 1576 1379 1629 1423; x_wconf 94' lang='lat' dir='ltr'><strong>et</strong></span> <span class='ocrx_word' id='word_1_110' title='bbox 1667 1372 1884 1441; x_wconf 88' lang='lat' dir='ltr'><strong>sapiens</strong></span> <span class='ocrx_word' id='word_1_111' title='bbox 1915 1387 2040 1442; x_wconf 90' lang='lat' dir='ltr'><strong>rege</strong></span> 
     </span>
    </p>
   </div>
   <div class='ocr_carea' id='block_1_16' title="bbox 479 1461 2042 1531">
    <p class='ocr_par' dir='ltr' id='par_1_16' title="bbox 479 1461 2042 1531">
     <span class='ocr_line' id='line_1_16' title="bbox 479 1461 2042 1531; baseline 0.001 -15"><span class='ocrx_word' id='word_1_112' title='bbox 479 1475 609 1516; x_wconf 90' lang='lat' dir='ltr'><strong>sene</strong></span> <span class='ocrx_word' id='word_1_113' title='bbox 646 1469 698 1514; x_wconf 93' lang='lat' dir='ltr'><strong>et</strong></span> <span class='ocrx_word' id='word_1_114' title='bbox 748 1461 938 1524; x_wconf 92' lang='lat' dir='ltr'><strong>stulto,</strong></span> <span class='ocrx_word' id='word_1_115' title='bbox 974 1479 992 1512; x_wconf 73' lang='grc' dir='ltr'><strong>ι</strong></span> <span class='ocrx_word' id='word_1_116' title='bbox 1027 1475 1187 1530; x_wconf 84' lang='lat' dir='ltr'><strong>quem</strong></span> <span class='ocrx_word' id='word_1_117' title='bbox 1221 1475 1420 1515; x_wconf 90' lang='lat' dir='ltr'><strong>censeo</strong></span> <span class='ocrx_word' id='word_1_118' title='bbox 1451 1461 1888 1531; x_wconf 86' lang='lat' dir='ltr'><strong>antiquissimum</strong></span> <span class='ocrx_word' id='word_1_119' title='bbox 1927 1478 2042 1517; x_wconf 88' lang='lat' dir='ltr'><strong>ma-</strong></span> 
     </span>
    </p>
   </div>
   <div class='ocr_carea' id='block_1_17' title="bbox 477 1548 2038 1620">
    <p class='ocr_par' dir='ltr' id='par_1_17' title="bbox 477 1548 2038 1620">
     <span class='ocr_line' id='line_1_17' title="bbox 477 1548 2038 1620; baseline 0.001 -16"><span class='ocrx_word' id='word_1_120' title='bbox 477 1550 654 1605; x_wconf 91' lang='lat' dir='ltr'><strong>lorum</strong></span> <span class='ocrx_word' id='word_1_121' title='bbox 683 1549 892 1603; x_wconf 89' lang='lat' dir='ltr'><strong>dierum</strong></span> <span class='ocrx_word' id='word_1_122' title='bbox 923 1565 1043 1604; x_wconf 88' lang='lat' dir='ltr'><strong>esse</strong></span> <span class='ocrx_word' id='word_1_123' title='bbox 1059 1549 1353 1604; x_wconf 90' lang='lat' dir='ltr'><strong>diabolum.</strong></span> <span class='ocrx_word' id='word_1_124' title='bbox 1383 1548 1482 1604; x_wconf 89' lang='lat' dir='ltr'><strong>Hic</strong></span> <span class='ocrx_word' id='word_1_125' title='bbox 1503 1567 1694 1620; x_wconf 85' lang='lat' dir='ltr'><strong>nempe</strong></span> <span class='ocrx_word' id='word_1_126' title='bbox 1719 1552 1785 1606; x_wconf 90' lang='lat' dir='ltr'><strong>iis</strong></span> <span class='ocrx_word' id='word_1_127' title='bbox 1813 1567 1904 1607; x_wconf 91' lang='lat' dir='ltr'><strong>rex</strong></span> <span class='ocrx_word' id='word_1_128' title='bbox 1932 1560 2038 1617; x_wconf 90' lang='lat' dir='ltr'><strong>est,</strong></span> 
     </span>
    </p>
   </div>
   <div class='ocr_carea' id='block_1_18' title="bbox 477 1641 2043 1714">
    <p class='ocr_par' dir='ltr' id='par_1_18' title="bbox 477 1641 2043 1714">
     <span class='ocr_line' id='line_1_18' title="bbox 477 1641 2043 1714; baseline 0.003 -16"><span class='ocrx_word' id='word_1_129' title='bbox 477 1643 572 1714; x_wconf 85' lang='lat' dir='ltr'><strong>qui</strong></span> <span class='ocrx_word' id='word_1_130' title='bbox 599 1650 824 1713; x_wconf 89' lang='lat' dir='ltr'><strong>peccato</strong></span> <span class='ocrx_word' id='word_1_131' title='bbox 853 1656 948 1711; x_wconf 90' lang='lat' dir='ltr'><strong>per</strong></span> <span class='ocrx_word' id='word_1_132' title='bbox 969 1657 1091 1696; x_wconf 87' lang='lat' dir='ltr'><strong>eum</strong></span> <span class='ocrx_word' id='word_1_133' title='bbox 1125 1641 1178 1695; x_wconf 92' lang='lat' dir='ltr'><strong>in</strong></span> <span class='ocrx_word' id='word_1_134' title='bbox 1201 1642 1332 1696; x_wconf 87' lang='lat' dir='ltr'><strong>orbe</strong></span> <span class='ocrx_word' id='word_1_135' title='bbox 1363 1642 1562 1698; x_wconf 69' lang='lat' dir='ltr'><strong>diﬂuso</strong></span> <span class='ocrx_word' id='word_1_136' title='bbox 1594 1653 1879 1713; x_wconf 88' lang='lat' dir='ltr'><strong>reguntur;</strong></span> <span class='ocrx_word' id='word_1_137' title='bbox 1911 1647 2043 1702; x_wconf 87' lang='lat' dir='ltr'><strong>stul-</strong></span> 
     </span>
    </p>
   </div>
   <div class='ocr_carea' id='block_1_19' title="bbox 476 1733 2042 1809">
    <p class='ocr_par' dir='ltr' id='par_1_19' title="bbox 476 1733 2042 1809">
     <span class='ocr_line' id='line_1_19' title="bbox 476 1733 2042 1809; baseline 0.003 -19"><span class='ocrx_word' id='word_1_138' title='bbox 476 1741 569 1790; x_wconf 89' lang='lat' dir='ltr'><strong>tus</strong></span> <span class='ocrx_word' id='word_1_139' title='bbox 603 1749 733 1788; x_wconf 83' lang='lat' dir='ltr'><strong>vero</strong></span> <span class='ocrx_word' id='word_1_140' title='bbox 761 1773 776 1798; x_wconf 91' lang='lat'><strong>,</strong></span> <span class='ocrx_word' id='word_1_141' title='bbox 818 1742 875 1787; x_wconf 93' lang='lat' dir='ltr'><strong>ut</strong></span> <span class='ocrx_word' id='word_1_142' title='bbox 906 1733 996 1804; x_wconf 88' lang='lat' dir='ltr'><strong>qui</strong></span> <span class='ocrx_word' id='word_1_143' title='bbox 1031 1735 1235 1803; x_wconf 91' lang='lat' dir='ltr'><strong>optima</strong></span> <span class='ocrx_word' id='word_1_144' title='bbox 1265 1739 1564 1788; x_wconf 90' lang='lat' dir='ltr'><strong>secundum</strong></span> <span class='ocrx_word' id='word_1_145' title='bbox 1604 1733 1774 1792; x_wconf 91' lang='lat' dir='ltr'><strong>Deum</strong></span> <span class='ocrx_word' id='word_1_146' title='bbox 1805 1739 2042 1809; x_wconf 79' lang='lat' dir='ltr'><strong>pruden-</strong></span> 
     </span>
    </p>
   </div>
   <div class='ocr_carea' id='block_1_20' title="bbox 477 1821 2114 1900">
    <p class='ocr_par' dir='ltr' id='par_1_20' title="bbox 477 1821 2114 1900">
     <span class='ocr_line' id='line_1_20' title="bbox 477 1821 2114 1900; baseline 0.002 -17"><span class='ocrx_word' id='word_1_147' title='bbox 477 1827 552 1883; x_wconf 89' lang='lat' dir='ltr'><strong>tia</strong></span> <span class='ocrx_word' id='word_1_148' title='bbox 601 1834 802 1883; x_wconf 88' lang='lat' dir='ltr'><strong>careat.</strong></span> <span class='ocrx_word' id='word_1_149' title='bbox 844 1824 936 1881; x_wconf 92' lang='lat' dir='ltr'><strong>llle</strong></span> <span class='ocrx_word' id='word_1_150' title='bbox 975 1833 1153 1880; x_wconf 90' lang='lat' dir='ltr'><strong>autem</strong></span> <span class='ocrx_word' id='word_1_151' title='bbox 1189 1825 1502 1896; x_wconf 68' lang='lat' dir='ltr'><strong>praecitatus</strong></span> <span class='ocrx_word' id='word_1_152' title='bbox 1539 1845 1557 1878; x_wconf 76' lang='grc' dir='ltr'><strong>ι</strong></span> <span class='ocrx_word' id='word_1_153' title='bbox 1606 1843 1738 1898; x_wconf 84' lang='lat' dir='ltr'><strong>puer</strong></span> <span class='ocrx_word' id='word_1_154' title='bbox 1764 1845 1966 1900; x_wconf 88' lang='lat' dir='ltr'><strong>pauper</strong></span> <span class='ocrx_word' id='word_1_155' title='bbox 1987 1839 2042 1886; x_wconf 89' lang='lat' dir='ltr'><strong>et</strong></span> <span class='ocrx_word' id='word_1_156' title='bbox 2071 1821 2114 1877; x_wconf 84' lang='grc' dir='ltr'>Β</span> 
     </span>
    </p>
   </div>
   <div class='ocr_carea' id='block_1_21' title="bbox 478 1918 2042 1991">
    <p class='ocr_par' dir='ltr' id='par_1_21' title="bbox 478 1918 2042 1991">
     <span class='ocr_line' id='line_1_21' title="bbox 478 1918 2042 1991; baseline 0.002 -15"><span class='ocrx_word' id='word_1_157' title='bbox 478 1920 698 1991; x_wconf 87' lang='lat' dir='ltr'><strong>sapiens</strong></span> <span class='ocrx_word' id='word_1_158' title='bbox 723 1919 788 1974; x_wconf 88' lang='lat' dir='ltr'><strong>de</strong></span> <span class='ocrx_word' id='word_1_159' title='bbox 816 1933 1055 1984; x_wconf 85' lang='lat' dir='ltr'><strong>carcere,</strong></span> <span class='ocrx_word' id='word_1_160' title='bbox 1089 1938 1107 1970; x_wconf 76' lang='grc' dir='ltr'><strong>ι</strong></span> <span class='ocrx_word' id='word_1_161' title='bbox 1137 1918 1252 1974; x_wconf 86' lang='lat' dir='ltr'><strong>sive</strong></span> <span class='ocrx_word' id='word_1_162' title='bbox 1284 1919 1350 1977; x_wconf 90' lang='lat' dir='ltr'><strong>de</strong></span> <span class='ocrx_word' id='word_1_163' title='bbox 1375 1921 1479 1976; x_wconf 87' lang='lat' dir='ltr'><strong>hoc</strong></span> <span class='ocrx_word' id='word_1_164' title='bbox 1509 1923 1764 1978; x_wconf 88' lang='lat' dir='ltr'><strong>terrestri</strong></span> <span class='ocrx_word' id='word_1_165' title='bbox 1791 1923 1934 1987; x_wconf 91' lang='lat' dir='ltr'><strong>loco,</strong></span> <span class='ocrx_word' id='word_1_166' title='bbox 1966 1925 2042 1979; x_wconf 85' lang='lat' dir='ltr'><strong>si-</strong></span> 
     </span>
    </p>
   </div>
   <div class='ocr_carea' id='block_1_22' title="bbox 477 2012 2038 2086">
    <p class='ocr_par' dir='ltr' id='par_1_22' title="bbox 477 2012 2038 2086">
     <span class='ocr_line' id='line_1_22' title="bbox 477 2012 2038 2086; baseline 0.002 -19"><span class='ocrx_word' id='word_1_167' title='bbox 477 2028 543 2067; x_wconf 82' lang='lat' dir='ltr'><strong>ve</strong></span> <span class='ocrx_word' id='word_1_168' title='bbox 567 2012 634 2066; x_wconf 90' lang='lat' dir='ltr'><strong>de</strong></span> <span class='ocrx_word' id='word_1_169' title='bbox 653 2012 884 2078; x_wconf 82' lang='lat' dir='ltr'><strong>inferno,</strong></span> <span class='ocrx_word' id='word_1_170' title='bbox 915 2025 944 2064; x_wconf 92' lang='lat' dir='ltr'><strong>a</strong></span> <span class='ocrx_word' id='word_1_171' title='bbox 974 2013 1204 2068; x_wconf 88' lang='lat' dir='ltr'><strong>mortuis</strong></span> <span class='ocrx_word' id='word_1_172' title='bbox 1224 2029 1512 2085; x_wconf 76' lang='lat' dir='ltr'><strong>resurgens</strong></span> <span class='ocrx_word' id='word_1_173' title='bbox 1541 2029 1794 2086; x_wconf 87' lang='lat' dir='ltr'><strong>egressus</strong></span> <span class='ocrx_word' id='word_1_174' title='bbox 1820 2023 1904 2071; x_wconf 89' lang='lat' dir='ltr'><strong>est</strong></span> <span class='ocrx_word' id='word_1_175' title='bbox 1927 2013 2038 2071; x_wconf 83' lang='lat' dir='ltr'><strong>Rex</strong></span> 
     </span>
    </p>
   </div>
   <div class='ocr_carea' id='block_1_23' title="bbox 477 2104 2043 2174">
    <p class='ocr_par' dir='ltr' id='par_1_23' title="bbox 477 2104 2043 2174">
     <span class='ocr_line' id='line_1_23' title="bbox 477 2104 2043 2174; baseline 0.003 -14"><span class='ocrx_word' id='word_1_176' title='bbox 477 2120 509 2160; x_wconf 85' lang='lat' dir='ltr'><strong>a</strong></span> <span class='ocrx_word' id='word_1_177' title='bbox 531 2104 692 2160; x_wconf 88' lang='lat' dir='ltr'><strong>Patre</strong></span> <span class='ocrx_word' id='word_1_178' title='bbox 721 2119 885 2174; x_wconf 87' lang='lat' dir='ltr'><strong>super</strong></span> <span class='ocrx_word' id='word_1_179' title='bbox 917 2105 1194 2161; x_wconf 70' lang='lat' dir='ltr'><strong>etelestem</strong></span> <span class='ocrx_word' id='word_1_180' title='bbox 1217 2105 1348 2162; x_wconf 84' lang='lat' dir='ltr'><strong>Sion</strong></span> <span class='ocrx_word' id='word_1_181' title='bbox 1376 2116 1614 2164; x_wconf 90' lang='lat' dir='ltr'><strong>montem</strong></span> <span class='ocrx_word' id='word_1_182' title='bbox 1649 2107 1745 2163; x_wconf 92' lang='lat' dir='ltr'><strong>Dei</strong></span> <span class='ocrx_word' id='word_1_183' title='bbox 1774 2110 2043 2164; x_wconf 80' lang='lat' dir='ltr'><strong>constitu-</strong></span> 
     </span>
    </p>
   </div>
   <div class='ocr_carea' id='block_1_24' title="bbox 479 2197 2038 2272">
    <p class='ocr_par' dir='ltr' id='par_1_24' title="bbox 479 2197 2038 2272">
     <span class='ocr_line' id='line_1_24' title="bbox 479 2197 2038 2272; baseline 0.003 -19"><span class='ocrx_word' id='word_1_184' title='bbox 479 2205 568 2253; x_wconf 87' lang='lat' dir='ltr'><strong>tus</strong></span> <span class='ocrx_word' id='word_1_185' title='bbox 590 2198 656 2261; x_wconf 86' lang='grc'><strong>¹¹,</strong></span> <span class='ocrx_word' id='word_1_186' title='bbox 697 2205 750 2253; x_wconf 90' lang='lat' dir='ltr'><strong>et</strong></span> <span class='ocrx_word' id='word_1_187' title='bbox 800 2197 855 2251; x_wconf 92' lang='lat' dir='ltr'><strong>in</strong></span> <span class='ocrx_word' id='word_1_188' title='bbox 907 2198 1026 2269; x_wconf 90' lang='lat' dir='ltr'><strong>ipso</strong></span> <span class='ocrx_word' id='word_1_189' title='bbox 1084 2214 1252 2270; x_wconf 87' lang='lat' dir='ltr'><strong>regno</strong></span> <span class='ocrx_word' id='word_1_190' title='bbox 1294 2200 1416 2270; x_wconf 89' lang='lat' dir='ltr'><strong>ejus</strong></span> <span class='ocrx_word' id='word_1_191' title='bbox 1455 2201 1634 2258; x_wconf 80' lang='lat' dir='ltr'><strong>factus</strong></span> <span class='ocrx_word' id='word_1_192' title='bbox 1681 2210 1765 2257; x_wconf 89' lang='lat' dir='ltr'><strong>est</strong></span> <span class='ocrx_word' id='word_1_193' title='bbox 1813 2218 2038 2272; x_wconf 88' lang='lat' dir='ltr'><strong>pauper,</strong></span> 
     </span>
    </p>
   </div>
   <div class='ocr_carea' id='block_1_25' title="bbox 485 2291 2034 2365">
    <p class='ocr_par' dir='ltr' id='par_1_25' title="bbox 485 2291 2034 2365">
     <span class='ocr_line' id='line_1_25' title="bbox 485 2291 2034 2365; baseline 0.002 -21"><span class='ocrx_word' id='word_1_194' title='bbox 485 2311 504 2344; x_wconf 71' lang='grc' dir='ltr'><strong>ι</strong></span> <span class='ocrx_word' id='word_1_195' title='bbox 544 2307 654 2346; x_wconf 90' lang='lat' dir='ltr'><strong>non</strong></span> <span class='ocrx_word' id='word_1_196' title='bbox 675 2291 918 2360; x_wconf 90' lang='lat' dir='ltr'><strong>rapinam</strong></span> <span class='ocrx_word' id='word_1_197' title='bbox 949 2291 1246 2348; x_wconf 90' lang='lat' dir='ltr'><strong>arbitratus</strong></span> <span class='ocrx_word' id='word_1_198' title='bbox 1265 2309 1389 2349; x_wconf 89' lang='lat' dir='ltr'><strong>esse</strong></span> <span class='ocrx_word' id='word_1_199' title='bbox 1423 2309 1483 2350; x_wconf 91' lang='lat' dir='ltr'><strong>se</strong></span> <span class='ocrx_word' id='word_1_200' title='bbox 1507 2295 1769 2365; x_wconf 70' lang='lat' dir='ltr'><strong>aequalem</strong></span> <span class='ocrx_word' id='word_1_201' title='bbox 1796 2293 1907 2350; x_wconf 90' lang='lat' dir='ltr'><strong>Deo</strong></span> <span class='ocrx_word' id='word_1_202' title='bbox 1923 2297 1989 2360; x_wconf 76' lang='lat'><strong>“,</strong></span> <span class='ocrx_word' id='word_1_203' title='bbox 2017 2314 2034 2347; x_wconf 76' lang='grc' dir='ltr'><strong>ι</strong></span> 
     </span>
    </p>
   </div>
   <div class='ocr_carea' id='block_1_26' title="bbox 477 2383 2042 2454">
    <p class='ocr_par' dir='ltr' id='par_1_26' title="bbox 477 2383 2042 2454">
     <span class='ocr_line' id='line_1_26' title="bbox 477 2383 2042 2454; baseline 0.003 -16"><span class='ocrx_word' id='word_1_204' title='bbox 477 2383 574 2438; x_wconf 86' lang='lat' dir='ltr'><strong>sed</strong></span> <span class='ocrx_word' id='word_1_205' title='bbox 602 2383 842 2454; x_wconf 88' lang='lat' dir='ltr'><strong>seipsum</strong></span> <span class='ocrx_word' id='word_1_206' title='bbox 878 2383 1197 2449; x_wconf 86' lang='lat' dir='ltr'><strong>bumilians,</strong></span> <span class='ocrx_word' id='word_1_207' title='bbox 1231 2393 1285 2440; x_wconf 89' lang='lat' dir='ltr'><strong>et</strong></span> <span class='ocrx_word' id='word_1_208' title='bbox 1314 2385 1383 2440; x_wconf 93' lang='lat' dir='ltr'><strong>de</strong></span> <span class='ocrx_word' id='word_1_209' title='bbox 1411 2386 1676 2442; x_wconf 89' lang='lat' dir='ltr'><strong>altissima</strong></span> <span class='ocrx_word' id='word_1_210' title='bbox 1707 2386 2042 2444; x_wconf 85' lang='lat' dir='ltr'><strong>descendens</strong></span> 
     </span>
    </p>
   </div>
   <div class='ocr_carea' id='block_1_27' title="bbox 478 2472 2039 2546">
    <p class='ocr_par' dir='ltr' id='par_1_27' title="bbox 478 2472 2039 2546">
     <span class='ocr_line' id='line_1_27' title="bbox 478 2472 2039 2546; baseline 0.006 -21"><span class='ocrx_word' id='word_1_211' title='bbox 478 2472 672 2544; x_wconf 87' lang='lat' dir='ltr'><strong>gloria,</strong></span> <span class='ocrx_word' id='word_1_212' title='bbox 703 2483 924 2545; x_wconf 86' lang='lat' dir='ltr'><strong>propter</strong></span> <span class='ocrx_word' id='word_1_213' title='bbox 967 2489 1062 2529; x_wconf 88' lang='lat' dir='ltr'><strong>eos</strong></span> <span class='ocrx_word' id='word_1_214' title='bbox 1095 2475 1189 2546; x_wconf 89' lang='lat' dir='ltr'><strong>qui</strong></span> <span class='ocrx_word' id='word_1_215' title='bbox 1241 2477 1522 2546; x_wconf 82' lang='lat' dir='ltr'><strong>sapientiae</strong></span> <span class='ocrx_word' id='word_1_216' title='bbox 1565 2477 1686 2546; x_wconf 83' lang='lat' dir='ltr'><strong>ejus</strong></span> <span class='ocrx_word' id='word_1_217' title='bbox 1728 2478 2039 2534; x_wconf 89' lang='lat' dir='ltr'><strong>divitiarum</strong></span> 
     </span>
    </p>
   </div>
   <div class='ocr_carea' id='block_1_28' title="bbox 478 2566 2042 2636">
    <p class='ocr_par' dir='ltr' id='par_1_28' title="bbox 478 2566 2042 2636">
     <span class='ocr_line' id='line_1_28' title="bbox 478 2566 2042 2636; baseline 0.006 -19"><span class='ocrx_word' id='word_1_218' title='bbox 478 2566 773 2636; x_wconf 88' lang='lat' dir='ltr'><strong>participes</strong></span> <span class='ocrx_word' id='word_1_219' title='bbox 795 2582 905 2622; x_wconf 90' lang='lat' dir='ltr'><strong>non</strong></span> <span class='ocrx_word' id='word_1_220' title='bbox 933 2575 1106 2623; x_wconf 90' lang='lat' dir='ltr'><strong>erant.</strong></span> <span class='ocrx_word' id='word_1_221' title='bbox 1128 2567 1233 2635; x_wconf 86' lang='lat' dir='ltr'><strong>Qui</strong></span> <span class='ocrx_word' id='word_1_222' title='bbox 1265 2577 1444 2624; x_wconf 91' lang='lat' dir='ltr'><strong>autem</strong></span> <span class='ocrx_word' id='word_1_223' title='bbox 1475 2567 1740 2625; x_wconf 87' lang='lat' dir='ltr'><strong>adversus</strong></span> <span class='ocrx_word' id='word_1_224' title='bbox 1761 2586 1886 2626; x_wconf 89' lang='lat' dir='ltr'><strong>eum</strong></span> <span class='ocrx_word' id='word_1_225' title='bbox 1918 2586 2042 2626; x_wconf 84' lang='lat' dir='ltr'><strong>sur-</strong></span> 
     </span>
    </p>
   </div>
   <div class='ocr_carea' id='block_1_29' title="bbox 479 2658 2042 2725">
    <p class='ocr_par' dir='ltr' id='par_1_29' title="bbox 479 2658 2042 2725">
     <span class='ocr_line' id='line_1_29' title="bbox 479 2658 2042 2725; baseline 0.004 -13"><span class='ocrx_word' id='word_1_226' title='bbox 479 2658 688 2715; x_wconf 80' lang='lat' dir='ltr'><strong>rexisse</strong></span> <span class='ocrx_word' id='word_1_227' title='bbox 727 2659 926 2715; x_wconf 89' lang='lat' dir='ltr'><strong>dicitur</strong></span> <span class='ocrx_word' id='word_1_228' title='bbox 975 2662 1249 2716; x_wconf 87' lang='lat' dir='ltr'><strong>secundus</strong></span> <span class='ocrx_word' id='word_1_229' title='bbox 1289 2661 1628 2725; x_wconf 76' lang='lat' dir='ltr'><strong>adolescens,</strong></span> <span class='ocrx_word' id='word_1_230' title='bbox 1670 2662 2042 2718; x_wconf 82' lang='lat' dir='ltr'><strong>Antichristus</strong></span> 
     </span>
    </p>
   </div>
   <div class='ocr_carea' id='block_1_30' title="bbox 480 2752 2044 2824">
    <p class='ocr_par' dir='ltr' id='par_1_30' title="bbox 480 2752 2044 2824">
     <span class='ocr_line' id='line_1_30' title="bbox 480 2752 2044 2824; baseline 0.003 -18"><span class='ocrx_word' id='word_1_231' title='bbox 480 2764 603 2807; x_wconf 87' lang='lat' dir='ltr'><strong>esse</strong></span> <span class='ocrx_word' id='word_1_232' title='bbox 641 2753 772 2806; x_wconf 88' lang='lat' dir='ltr'><strong>mihi</strong></span> <span class='ocrx_word' id='word_1_233' title='bbox 817 2752 1052 2818; x_wconf 83' lang='lat' dir='ltr'><strong>videtur,</strong></span> <span class='ocrx_word' id='word_1_234' title='bbox 1085 2769 1323 2824; x_wconf 89' lang='lat' dir='ltr'><strong>quocum</strong></span> <span class='ocrx_word' id='word_1_235' title='bbox 1355 2769 1546 2810; x_wconf 90' lang='lat' dir='ltr'><strong>omnes</strong></span> <span class='ocrx_word' id='word_1_236' title='bbox 1573 2755 1677 2810; x_wconf 90' lang='lat' dir='ltr'><strong>sub</strong></span> <span class='ocrx_word' id='word_1_237' title='bbox 1717 2756 1830 2811; x_wconf 90' lang='lat' dir='ltr'><strong>sole</strong></span> <span class='ocrx_word' id='word_1_238' title='bbox 1856 2756 2044 2811; x_wconf 83' lang='lat' dir='ltr'><strong>viven-</strong></span> 
     </span>
    </p>
   </div>
   <div class='ocr_carea' id='block_1_31' title="bbox 482 2843 2041 2914">
    <p class='ocr_par' dir='ltr' id='par_1_31' title="bbox 482 2843 2041 2914">
     <span class='ocr_line' id='line_1_31' title="bbox 482 2843 2041 2914; baseline 0.003 -19"><span class='ocrx_word' id='word_1_239' title='bbox 482 2850 567 2896; x_wconf 88' lang='lat' dir='ltr'><strong>tes</strong></span> <span class='ocrx_word' id='word_1_240' title='bbox 591 2850 645 2898; x_wconf 93' lang='lat' dir='ltr'><strong>et</strong></span> <span class='ocrx_word' id='word_1_241' title='bbox 675 2843 1016 2900; x_wconf 88' lang='lat' dir='ltr'><strong>ambulantes</strong></span> <span class='ocrx_word' id='word_1_242' title='bbox 1062 2844 1268 2899; x_wconf 80' lang='lat' dir='ltr'><strong>vidisse</strong></span> <span class='ocrx_word' id='word_1_243' title='bbox 1299 2844 1433 2898; x_wconf 89' lang='lat' dir='ltr'><strong>dicit</strong></span> <span class='ocrx_word' id='word_1_244' title='bbox 1473 2843 1776 2914; x_wconf 87' lang='lat' dir='ltr'><strong>Scriptura.</strong></span> <span class='ocrx_word' id='word_1_245' title='bbox 1810 2843 2041 2911; x_wconf 84' lang='lat' dir='ltr'><strong>Quinam</strong></span> 
     </span>
    </p>
   </div>
   <div class='ocr_carea' id='block_1_32' title="bbox 480 2934 2043 3005">
    <p class='ocr_par' dir='ltr' id='par_1_32' title="bbox 480 2934 2043 3005">
     <span class='ocr_line' id='line_1_32' title="bbox 480 2934 2043 3005; baseline 0.001 -17"><span class='ocrx_word' id='word_1_246' title='bbox 480 2937 612 2989; x_wconf 69' lang='lat' dir='ltr'><strong>vero</strong></span> <span class='ocrx_word' id='word_1_247' title='bbox 640 2935 731 2990; x_wconf 85' lang='lat' dir='ltr'><strong>isti</strong></span> <span class='ocrx_word' id='word_1_248' title='bbox 758 2941 908 2998; x_wconf 90' lang='lat' dir='ltr'><strong>sunt,</strong></span> <span class='ocrx_word' id='word_1_249' title='bbox 936 2934 1043 2990; x_wconf 88' lang='lat' dir='ltr'><strong>nisi</strong></span> <span class='ocrx_word' id='word_1_250' title='bbox 1071 2943 1443 3005; x_wconf 87' lang='lat' dir='ltr'><strong>quotcunque,</strong></span> <span class='ocrx_word' id='word_1_251' title='bbox 1493 2951 1613 3004; x_wconf 74' lang='lat' dir='ltr'><strong>quae</strong></span> <span class='ocrx_word' id='word_1_252' title='bbox 1648 2937 1751 2991; x_wconf 90' lang='lat' dir='ltr'><strong>sub</strong></span> <span class='ocrx_word' id='word_1_253' title='bbox 1782 2936 1896 2990; x_wconf 90' lang='lat' dir='ltr'><strong>sole</strong></span> <span class='ocrx_word' id='word_1_254' title='bbox 1922 2951 2043 2992; x_wconf 84' lang='lat' dir='ltr'><strong>esse</strong></span> 
     </span>
    </p>
   </div>
   <div class='ocr_carea' id='block_1_33' title="bbox 482 3017 1953 3091">
    <p class='ocr_par' dir='ltr' id='par_1_33' title="bbox 482 3017 1953 3091">
     <span class='ocr_line' id='line_1_33' title="bbox 482 3017 1953 3091; baseline 0.001 -17"><span class='ocrx_word' id='word_1_255' title='bbox 482 3017 706 3086; x_wconf 89' lang='lat' dir='ltr'><strong>dicitur,</strong></span> <span class='ocrx_word' id='word_1_256' title='bbox 743 3039 761 3072; x_wconf 77' lang='grc' dir='ltr'><strong>ι</strong></span> <span class='ocrx_word' id='word_1_257' title='bbox 800 3021 1100 3076; x_wconf 84' lang='lat' dir='ltr'><strong>vanitatem</strong></span> <span class='ocrx_word' id='word_1_258' title='bbox 1136 3021 1438 3076; x_wconf 84' lang='lat' dir='ltr'><strong>vanitatum</strong></span> <span class='ocrx_word' id='word_1_259' title='bbox 1465 3039 1483 3072; x_wconf 84' lang='grc'>›</span> <span class='ocrx_word' id='word_1_260' title='bbox 1519 3021 1750 3091; x_wconf 86' lang='lat' dir='ltr'><strong>amplexi</strong></span> <span class='ocrx_word' id='word_1_261' title='bbox 1778 3023 1953 3078; x_wconf 88' lang='lat' dir='ltr'><strong>sunt?</strong></span> 
     </span>
    </p>
   </div>
   <div class='ocr_carea' id='block_1_34' title="bbox 1106 3293 1440 3351">
    <p class='ocr_par' dir='ltr' id='par_1_34' title="bbox 1106 3293 1440 3351">
     <span class='ocr_line' id='line_1_34' title="bbox 1106 3293 1440 3351; baseline 0 0"><span class='ocrx_word' id='word_1_262' title='bbox 1106 3293 1333 3351; x_wconf 73' lang='lat' dir='ltr'><strong>CAPUT</strong></span> <span class='ocrx_word' id='word_1_263' title='bbox 1376 3294 1440 3351; x_wconf 72' lang='grc' dir='ltr'>ν.</span> 
     </span>
    </p>
   </div>
   <div class='ocr_carea' id='block_1_35' title="bbox 1043 3387 1594 3462">
    <p class='ocr_par' dir='ltr' id='par_1_35' title="bbox 1043 3387 1594 3462">
     <span class='ocr_line' id='line_1_35' title="bbox 1043 3387 1594 3462; baseline 0.005 -20"><span class='ocrx_word' id='word_1_264' title='bbox 1043 3387 1127 3442; x_wconf 80' lang='lat' dir='ltr'><strong>Ea:</strong></span> <span class='ocrx_word' id='word_1_265' title='bbox 1148 3387 1486 3447; x_wconf 75' lang='lat' dir='ltr'><strong>Ecclesiaste.</strong></span> <span class='ocrx_word' id='word_1_266' title='bbox 1581 3447 1594 3462; x_wconf 71' lang='grc'><em>,</em></span> 
     </span>
    </p>
   </div>
   <div class='ocr_carea' id='block_1_36' title="bbox 561 3479 2049 3554">
    <p class='ocr_par' dir='ltr' id='par_1_36' title="bbox 561 3479 2049 3554">
     <span class='ocr_line' id='line_1_36' title="bbox 561 3479 2049 3554; baseline 0.002 -18"><span class='ocrx_word' id='word_1_267' title='bbox 561 3499 582 3536; x_wconf 75' lang='grc' dir='ltr'><strong>ι</strong></span> <span class='ocrx_word' id='word_1_268' title='bbox 615 3479 762 3536; x_wconf 80' lang='lat' dir='ltr'><strong>Hanc</strong></span> <span class='ocrx_word' id='word_1_269' title='bbox 790 3497 1006 3552; x_wconf 87' lang='lat' dir='ltr'><strong>quoque</strong></span> <span class='ocrx_word' id='word_1_270' title='bbox 1045 3481 1148 3536; x_wconf 92' lang='lat' dir='ltr'><strong>sub</strong></span> <span class='ocrx_word' id='word_1_271' title='bbox 1187 3482 1302 3536; x_wconf 87' lang='lat' dir='ltr'><strong>sole</strong></span> <span class='ocrx_word' id='word_1_272' title='bbox 1326 3481 1437 3536; x_wconf 86' lang='lat' dir='ltr'><strong>vidi</strong></span> <span class='ocrx_word' id='word_1_273' title='bbox 1468 3482 1812 3552; x_wconf 86' lang='lat' dir='ltr'><strong>sapientiam,</strong></span> <span class='ocrx_word' id='word_1_274' title='bbox 1840 3491 1895 3539; x_wconf 92' lang='lat' dir='ltr'><strong>et</strong></span> <span class='ocrx_word' id='word_1_275' title='bbox 1923 3498 2049 3554; x_wconf 88' lang='lat' dir='ltr'><strong>pro-</strong></span> 
     </span>
    </p>
   </div>
   <div class='ocr_carea' id='block_1_37' title="bbox 485 3570 2044 3644">
    <p class='ocr_par' dir='ltr' id='par_1_37' title="bbox 485 3570 2044 3644">
     <span class='ocr_line' id='line_1_37' title="bbox 485 3570 2044 3644; baseline -0.002 -14"><span class='ocrx_word' id='word_1_276' title='bbox 485 3574 609 3630; x_wconf 82' lang='lat' dir='ltr'><strong>bavi</strong></span> <span class='ocrx_word' id='word_1_277' title='bbox 635 3573 945 3628; x_wconf 84' lang='lat' dir='ltr'><strong>maximam.</strong></span> <span class='ocrx_word' id='word_1_278' title='bbox 983 3570 1191 3628; x_wconf 86' lang='lat' dir='ltr'><strong>Civitas</strong></span> <span class='ocrx_word' id='word_1_279' title='bbox 1217 3588 1402 3644; x_wconf 86' lang='lat' dir='ltr'><strong>parva,</strong></span> <span class='ocrx_word' id='word_1_280' title='bbox 1432 3581 1486 3627; x_wconf 90' lang='lat' dir='ltr'><strong>et</strong></span> <span class='ocrx_word' id='word_1_281' title='bbox 1522 3576 1680 3642; x_wconf 90' lang='lat' dir='ltr'><strong>pauci</strong></span> <span class='ocrx_word' id='word_1_282' title='bbox 1711 3575 1766 3628; x_wconf 93' lang='lat' dir='ltr'><strong>in</strong></span> <span class='ocrx_word' id='word_1_283' title='bbox 1797 3590 1862 3629; x_wconf 91' lang='lat' dir='ltr'><strong>ea</strong></span> <span class='ocrx_word' id='word_1_284' title='bbox 1900 3575 2003 3631; x_wconf 89' lang='lat' dir='ltr'><strong>viri</strong></span> <span class='ocrx_word' id='word_1_285' title='bbox 2033 3594 2044 3627; x_wconf 95' lang='lat'>:</span> 
     </span>
    </p>
   </div>
   <div class='ocr_carea' id='block_1_38' title="bbox 485 3665 2050 3736">
    <p class='ocr_par' dir='ltr' id='par_1_38' title="bbox 485 3665 2050 3736">
     <span class='ocr_line' id='line_1_38' title="bbox 485 3665 2050 3736; baseline 0.001 -16"><span class='ocrx_word' id='word_1_286' title='bbox 485 3665 635 3720; x_wconf 80' lang='lat' dir='ltr'><strong>venit</strong></span> <span class='ocrx_word' id='word_1_287' title='bbox 664 3672 856 3719; x_wconf 89' lang='lat' dir='ltr'><strong>contra</strong></span> <span class='ocrx_word' id='word_1_288' title='bbox 887 3679 1005 3718; x_wconf 88' lang='lat' dir='ltr'><strong>eam</strong></span> <span class='ocrx_word' id='word_1_289' title='bbox 1049 3680 1142 3718; x_wconf 92' lang='lat' dir='ltr'><strong>rex</strong></span> <span class='ocrx_word' id='word_1_290' title='bbox 1179 3679 1430 3736; x_wconf 87' lang='lat' dir='ltr'><strong>magnus,</strong></span> <span class='ocrx_word' id='word_1_291' title='bbox 1462 3673 1515 3720; x_wconf 91' lang='lat' dir='ltr'><strong>et</strong></span> <span class='ocrx_word' id='word_1_292' title='bbox 1543 3666 1764 3721; x_wconf 83' lang='lat' dir='ltr'><strong>vallavit</strong></span> <span class='ocrx_word' id='word_1_293' title='bbox 1785 3682 1925 3731; x_wconf 90' lang='lat' dir='ltr'><strong>eam,</strong></span> <span class='ocrx_word' id='word_1_294' title='bbox 1953 3683 2050 3724; x_wconf 35' lang='lat' dir='ltr'><strong>exs</strong></span> 
     </span>
    </p>
   </div>
   <div class='ocr_carea' id='block_1_39' title="bbox 488 3757 2050 3828">
    <p class='ocr_par' dir='ltr' id='par_1_39' title="bbox 488 3757 2050 3828">
     <span class='ocr_line' id='line_1_39' title="bbox 488 3757 2050 3828; baseline 0.002 -18"><span class='ocrx_word' id='word_1_295' title='bbox 488 3757 794 3827; x_wconf 87' lang='lat' dir='ltr'><strong>struxitque</strong></span> <span class='ocrx_word' id='word_1_296' title='bbox 843 3757 1176 3811; x_wconf 87' lang='lat' dir='ltr'><strong>munitiones</strong></span> <span class='ocrx_word' id='word_1_297' title='bbox 1219 3773 1315 3828; x_wconf 87' lang='lat' dir='ltr'><strong>per</strong></span> <span class='ocrx_word' id='word_1_298' title='bbox 1363 3773 1575 3828; x_wconf 67' lang='lat' dir='ltr'><strong>gyrum,</strong></span> <span class='ocrx_word' id='word_1_299' title='bbox 1603 3767 1656 3813; x_wconf 92' lang='lat' dir='ltr'><strong>et</strong></span> <span class='ocrx_word' id='word_1_300' title='bbox 1703 3758 1941 3828; x_wconf 81' lang='lat' dir='ltr'><strong>perfecta</strong></span> <span class='ocrx_word' id='word_1_301' title='bbox 1969 3767 2050 3815; x_wconf 91' lang='lat' dir='ltr'><strong>est</strong></span> 
     </span>
    </p>
   </div>
   <div class='ocr_carea' id='block_1_40' title="bbox 486 3850 2046 3924">
    <p class='ocr_par' dir='ltr' id='par_1_40' title="bbox 486 3850 2046 3924">
     <span class='ocr_line' id='line_1_40' title="bbox 486 3850 2046 3924; baseline 0.003 -18"><span class='ocrx_word' id='word_1_302' title='bbox 486 3851 718 3906; x_wconf 86' lang='lat' dir='ltr'><strong>obsidio.</strong></span> <span class='ocrx_word' id='word_1_303' title='bbox 743 3850 1108 3921; x_wconf 87' lang='lat' dir='ltr'><strong>lnventusque</strong></span> <span class='ocrx_word' id='word_1_304' title='bbox 1124 3861 1206 3906; x_wconf 90' lang='lat' dir='ltr'><strong>est</strong></span> <span class='ocrx_word' id='word_1_305' title='bbox 1233 3851 1286 3904; x_wconf 93' lang='lat' dir='ltr'><strong>in</strong></span> <span class='ocrx_word' id='word_1_306' title='bbox 1305 3867 1366 3906; x_wconf 88' lang='lat' dir='ltr'><strong>ea</strong></span> <span class='ocrx_word' id='word_1_307' title='bbox 1391 3851 1472 3905; x_wconf 87' lang='lat' dir='ltr'><strong>vir</strong></span> <span class='ocrx_word' id='word_1_308' title='bbox 1495 3868 1699 3922; x_wconf 89' lang='lat' dir='ltr'><strong>pauper</strong></span> <span class='ocrx_word' id='word_1_309' title='bbox 1725 3861 1779 3906; x_wconf 91' lang='lat' dir='ltr'><strong>et</strong></span> <span class='ocrx_word' id='word_1_310' title='bbox 1805 3853 2046 3924; x_wconf 89' lang='lat' dir='ltr'><strong>sapiens,</strong></span> 
     </span>
    </p>
   </div>
   <div class='ocr_carea' id='block_1_41' title="bbox 485 3943 2050 4013">
    <p class='ocr_par' dir='ltr' id='par_1_41' title="bbox 485 3943 2050 4013">
     <span class='ocr_line' id='line_1_41' title="bbox 485 3943 2050 4013; baseline 0.003 -15"><span class='ocrx_word' id='word_1_311' title='bbox 485 3952 540 3998; x_wconf 86' lang='lat' dir='ltr'><strong>et</strong></span> <span class='ocrx_word' id='word_1_312' title='bbox 568 3944 818 3998; x_wconf 85' lang='lat' dir='ltr'><strong>liberavit</strong></span> <span class='ocrx_word' id='word_1_313' title='bbox 862 3943 1048 3997; x_wconf 89' lang='lat' dir='ltr'><strong>urbem</strong></span> <span class='ocrx_word' id='word_1_314' title='bbox 1081 3957 1178 4012; x_wconf 91' lang='lat' dir='ltr'><strong>per</strong></span> <span class='ocrx_word' id='word_1_315' title='bbox 1206 3943 1527 4013; x_wconf 85' lang='lat' dir='ltr'><strong>sapientiam</strong></span> <span class='ocrx_word' id='word_1_316' title='bbox 1560 3959 1736 4008; x_wconf 84' lang='lat' dir='ltr'><strong>suam,</strong></span> <span class='ocrx_word' id='word_1_317' title='bbox 1773 3954 1827 3999; x_wconf 90' lang='lat' dir='ltr'><strong>et</strong></span> <span class='ocrx_word' id='word_1_318' title='bbox 1871 3947 2050 4003; x_wconf 87' lang='lat' dir='ltr'><strong>nullus</strong></span> 
     </span>
    </p>
   </div>
   <div class='ocr_carea' id='block_1_42' title="bbox 487 4033 2053 4106">
    <p class='ocr_par' dir='ltr' id='par_1_42' title="bbox 487 4033 2053 4106">
     <span class='ocr_line' id='line_1_42' title="bbox 487 4033 2053 4106; baseline 0.001 -17"><span class='ocrx_word' id='word_1_319' title='bbox 487 4034 745 4104; x_wconf 90' lang='lat' dir='ltr'><strong>deinceps</strong></span> <span class='ocrx_word' id='word_1_320' title='bbox 773 4033 1093 4088; x_wconf 89' lang='lat' dir='ltr'><strong>recordatus</strong></span> <span class='ocrx_word' id='word_1_321' title='bbox 1117 4041 1201 4089; x_wconf 91' lang='lat' dir='ltr'><strong>est</strong></span> <span class='ocrx_word' id='word_1_322' title='bbox 1246 4034 1482 4089; x_wconf 84' lang='lat' dir='ltr'><strong>hominis</strong></span> <span class='ocrx_word' id='word_1_323' title='bbox 1513 4035 1660 4090; x_wconf 90' lang='lat' dir='ltr'><strong>illius</strong></span> <span class='ocrx_word' id='word_1_324' title='bbox 1683 4037 1957 4106; x_wconf 89' lang='lat' dir='ltr'><strong>pauperis.</strong></span> <span class='ocrx_word' id='word_1_325' title='bbox 1988 4038 2053 4091; x_wconf 87' lang='lat' dir='ltr'><strong>Et</strong></span> 
     </span>
    </p>
   </div>
   <div class='ocr_carea' id='block_1_43' title="bbox 487 4126 2048 4197">
    <p class='ocr_par' dir='ltr' id='par_1_43' title="bbox 487 4126 2048 4197">
     <span class='ocr_line' id='line_1_43' title="bbox 487 4126 2048 4197; baseline 0.003 -16"><span class='ocrx_word' id='word_1_326' title='bbox 487 4126 733 4182; x_wconf 89' lang='lat' dir='ltr'><strong>dicebam</strong></span> <span class='ocrx_word' id='word_1_327' title='bbox 762 4142 862 4196; x_wconf 86' lang='lat' dir='ltr'><strong>ego</strong></span> <span class='ocrx_word' id='word_1_328' title='bbox 888 4127 1165 4182; x_wconf 88' lang='lat' dir='ltr'><strong>meliorem</strong></span> <span class='ocrx_word' id='word_1_329' title='bbox 1193 4141 1313 4182; x_wconf 86' lang='lat' dir='ltr'><strong>esse</strong></span> <span class='ocrx_word' id='word_1_330' title='bbox 1339 4128 1660 4197; x_wconf 84' lang='lat' dir='ltr'><strong>sapientiam</strong></span> <span class='ocrx_word' id='word_1_331' title='bbox 1693 4127 2009 4185; x_wconf 78' lang='lat' dir='ltr'><strong>fortitudine</strong></span> <span class='ocrx_word' id='word_1_332' title='bbox 2036 4151 2048 4185; x_wconf 90' lang='lat'><strong>:</strong></span> 
     </span>
    </p>
   </div>
   <div class='ocr_carea' id='block_1_44' title="bbox 491 4220 2053 4294">
    <p class='ocr_par' dir='ltr' id='par_1_44' title="bbox 491 4220 2053 4294">
     <span class='ocr_line' id='line_1_44' title="bbox 491 4220 2053 4294; baseline 0.003 -21"><span class='ocrx_word' id='word_1_333' title='bbox 491 4220 764 4290; x_wconf 88' lang='lat' dir='ltr'><strong>quomodo</strong></span> <span class='ocrx_word' id='word_1_334' title='bbox 787 4236 916 4291; x_wconf 83' lang='lat' dir='ltr'><strong>ergo</strong></span> <span class='ocrx_word' id='word_1_335' title='bbox 943 4221 1209 4291; x_wconf 89' lang='lat' dir='ltr'><strong>sapientia</strong></span> <span class='ocrx_word' id='word_1_336' title='bbox 1245 4223 1501 4294; x_wconf 88' lang='lat' dir='ltr'><strong>pauperis</strong></span> <span class='ocrx_word' id='word_1_337' title='bbox 1539 4231 1851 4294; x_wconf 88' lang='lat' dir='ltr'><strong>contempta</strong></span> <span class='ocrx_word' id='word_1_338' title='bbox 1872 4235 1976 4289; x_wconf 90' lang='lat' dir='ltr'><strong>est,</strong></span> <span class='ocrx_word' id='word_1_339' title='bbox 2000 4234 2053 4280; x_wconf 90' lang='lat' dir='ltr'><strong>et</strong></span> 
     </span>
    </p>
   </div>
   <div class='ocr_carea' id='block_1_45' title="bbox 490 4314 2052 4386">
    <p class='ocr_par' dir='ltr' id='par_1_45' title="bbox 490 4314 2052 4386">
     <span class='ocr_line' id='line_1_45' title="bbox 490 4314 2052 4386; baseline 0 -16"><span class='ocrx_word' id='word_1_340' title='bbox 490 4315 655 4370; x_wconf 82' lang='lat' dir='ltr'><strong>verba</strong></span> <span class='ocrx_word' id='word_1_341' title='bbox 685 4314 803 4383; x_wconf 90' lang='lat' dir='ltr'><strong>ejus</strong></span> <span class='ocrx_word' id='word_1_342' title='bbox 833 4331 938 4369; x_wconf 88' lang='lat' dir='ltr'><strong>non</strong></span> <span class='ocrx_word' id='word_1_343' title='bbox 960 4325 1088 4370; x_wconf 92' lang='lat' dir='ltr'><strong>sunt</strong></span> <span class='ocrx_word' id='word_1_344' title='bbox 1119 4315 1302 4370; x_wconf 90' lang='lat' dir='ltr'><strong>audita</strong></span> <span class='ocrx_word' id='word_1_345' title='bbox 1326 4317 1395 4369; x_wconf 66' lang='lat'><strong>&#39;3?</strong></span> <span class='ocrx_word' id='word_1_346' title='bbox 1433 4335 1451 4367; x_wconf 76' lang='grc' dir='ltr'><strong>ι</strong></span> <span class='ocrx_word' id='word_1_347' title='bbox 1485 4314 1586 4382; x_wconf 88' lang='lat' dir='ltr'><strong>Qui</strong></span> <span class='ocrx_word' id='word_1_348' title='bbox 1617 4315 1703 4370; x_wconf 91' lang='lat' dir='ltr'><strong>hic</strong></span> <span class='ocrx_word' id='word_1_349' title='bbox 1734 4317 1870 4371; x_wconf 90' lang='lat' dir='ltr'><strong>bella</strong></span> <span class='ocrx_word' id='word_1_350' title='bbox 1893 4317 2052 4386; x_wconf 83' lang='lat' dir='ltr'><strong>gerit,</strong></span> 
     </span>
    </p>
   </div>
   <div class='ocr_carea' id='block_1_46' title="bbox 491 4405 2053 4477">
    <p class='ocr_par' dir='ltr' id='par_1_46' title="bbox 491 4405 2053 4477">
     <span class='ocr_line' id='line_1_46' title="bbox 491 4405 2053 4477; baseline 0 -17"><span class='ocrx_word' id='word_1_351' title='bbox 491 4421 588 4461; x_wconf 85' lang='lat' dir='ltr'><strong>rex</strong></span> <span class='ocrx_word' id='word_1_352' title='bbox 617 4405 850 4474; x_wconf 90' lang='lat' dir='ltr'><strong>dicitur;</strong></span> <span class='ocrx_word' id='word_1_353' title='bbox 877 4408 1040 4476; x_wconf 91' lang='lat' dir='ltr'><strong>etqui</strong></span> <span class='ocrx_word' id='word_1_354' title='bbox 1063 4407 1134 4462; x_wconf 91' lang='lat' dir='ltr'><strong>ab</strong></span> <span class='ocrx_word' id='word_1_355' title='bbox 1177 4423 1244 4462; x_wconf 93' lang='lat' dir='ltr'><strong>eo</strong></span> <span class='ocrx_word' id='word_1_356' title='bbox 1279 4418 1640 4477; x_wconf 81' lang='lat' dir='ltr'><strong>expugnatam</strong></span> <span class='ocrx_word' id='word_1_357' title='bbox 1681 4407 1883 4462; x_wconf 88' lang='lat' dir='ltr'><strong>salvam</strong></span> <span class='ocrx_word' id='word_1_358' title='bbox 1927 4407 2053 4462; x_wconf 79' lang='lat' dir='ltr'><strong>fecit</strong></span> 
     </span>
    </p>
   </div>
   <div class='ocr_carea' id='block_1_47' title="bbox 491 4473 2127 4571">
    <p class='ocr_par' dir='ltr' id='par_1_47' title="bbox 491 4473 2127 4571">
     <span class='ocr_line' id='line_1_47' title="bbox 491 4473 2127 4571; baseline 0 -19"><span class='ocrx_word' id='word_1_359' title='bbox 491 4499 704 4564; x_wconf 88' lang='lat' dir='ltr'><strong>urbem,</strong></span> <span class='ocrx_word' id='word_1_360' title='bbox 727 4499 810 4552; x_wconf 87' lang='lat' dir='ltr'><strong>vir</strong></span> <span class='ocrx_word' id='word_1_361' title='bbox 838 4473 1042 4571; x_wconf 77' lang='lat' dir='ltr'><strong>pauper</strong></span> <span class='ocrx_word' id='word_1_362' title='bbox 1079 4508 1134 4555; x_wconf 90' lang='lat' dir='ltr'><strong>et</strong></span> <span class='ocrx_word' id='word_1_363' title='bbox 1161 4473 1491 4569; x_wconf 74' lang='lat' dir='ltr'><strong>sapiens;in</strong></span> <span class='ocrx_word' id='word_1_364' title='bbox 1515 4497 1838 4568; x_wconf 67' lang='lat' dir='ltr'><strong>praecedenti</strong></span> <span class='ocrx_word' id='word_1_365' title='bbox 1872 4506 2051 4554; x_wconf 86' lang='lat' dir='ltr'><strong>autem</strong></span> <span class='ocrx_word' id='word_1_366' title='bbox 2085 4473 2127 4526; x_wconf 74' lang='grc' dir='ltr'><strong>θ</strong></span> 
     </span>
    </p>
   </div>
   <div class='ocr_carea' id='block_1_48' title="bbox 495 4589 2056 4662">
    <p class='ocr_par' dir='ltr' id='par_1_48' title="bbox 495 4589 2056 4662">
     <span class='ocr_line' id='line_1_48' title="bbox 495 4589 2056 4662; baseline 0.003 -20"><span class='ocrx_word' id='word_1_367' title='bbox 495 4589 671 4658; x_wconf 83' lang='lat' dir='ltr'><strong>capite</strong></span> <span class='ocrx_word' id='word_1_368' title='bbox 697 4605 742 4643; x_wconf 75' lang='grc' dir='ltr'>ι(</span> <span class='ocrx_word' id='word_1_369' title='bbox 767 4589 950 4644; x_wconf 69' lang='lat' dir='ltr'><strong>Melior</strong></span> <span class='ocrx_word' id='word_1_370' title='bbox 972 4599 1056 4645; x_wconf 90' lang='lat' dir='ltr'><strong>est</strong></span> <span class='ocrx_word' id='word_1_371' title='bbox 1075 4605 1209 4662; x_wconf 89' lang='lat' dir='ltr'><strong>puer</strong></span> <span class='ocrx_word' id='word_1_372' title='bbox 1235 4605 1442 4660; x_wconf 87' lang='lat' dir='ltr'><strong>pauper</strong></span> <span class='ocrx_word' id='word_1_373' title='bbox 1463 4597 1517 4644; x_wconf 92' lang='lat' dir='ltr'><strong>et</strong></span> <span class='ocrx_word' id='word_1_374' title='bbox 1540 4589 1757 4660; x_wconf 89' lang='lat' dir='ltr'><strong>sapiens</strong></span> <span class='ocrx_word' id='word_1_375' title='bbox 1773 4605 1898 4661; x_wconf 82' lang='lat' dir='ltr'><strong>rege</strong></span> <span class='ocrx_word' id='word_1_376' title='bbox 1927 4607 2056 4646; x_wconf 89' lang='lat' dir='ltr'><strong>sene</strong></span> 
     </span>
    </p>
   </div>
   <div class='ocr_carea' id='block_1_49' title="bbox 497 4682 2054 4753">
    <p class='ocr_par' dir='ltr' id='par_1_49' title="bbox 497 4682 2054 4753">
     <span class='ocr_line' id='line_1_49' title="bbox 497 4682 2054 4753; baseline 0.002 -19"><span class='ocrx_word' id='word_1_377' title='bbox 497 4688 552 4734; x_wconf 90' lang='lat' dir='ltr'><strong>et</strong></span> <span class='ocrx_word' id='word_1_378' title='bbox 573 4682 762 4747; x_wconf 89' lang='lat' dir='ltr'><strong>stulto,</strong></span> <span class='ocrx_word' id='word_1_379' title='bbox 795 4701 813 4734; x_wconf 75' lang='grc' dir='ltr'><strong>ι</strong></span> <span class='ocrx_word' id='word_1_380' title='bbox 855 4682 1000 4753; x_wconf 89' lang='lat' dir='ltr'><strong>quod</strong></span> <span class='ocrx_word' id='word_1_381' title='bbox 1021 4682 1366 4752; x_wconf 86' lang='lat' dir='ltr'><strong>interpretati</strong></span> <span class='ocrx_word' id='word_1_382' title='bbox 1391 4697 1580 4737; x_wconf 92' lang='lat' dir='ltr'><strong>sumus</strong></span> <span class='ocrx_word' id='word_1_383' title='bbox 1607 4683 1832 4737; x_wconf 91' lang='lat' dir='ltr'><strong>stultum</strong></span> <span class='ocrx_word' id='word_1_384' title='bbox 1872 4698 2054 4753; x_wconf 80' lang='lat' dir='ltr'><strong>regem</strong></span> 
     </span>
    </p>
   </div>
   <div class='ocr_carea' id='block_1_50' title="bbox 494 4775 2058 4846">
    <p class='ocr_par' dir='ltr' id='par_1_50' title="bbox 494 4775 2058 4846">
     <span class='ocr_line' id='line_1_50' title="bbox 494 4775 2058 4846; baseline 0.001 -17"><span class='ocrx_word' id='word_1_385' title='bbox 494 4789 616 4830; x_wconf 90' lang='lat' dir='ltr'><strong>esse</strong></span> <span class='ocrx_word' id='word_1_386' title='bbox 653 4775 946 4838; x_wconf 89' lang='lat' dir='ltr'><strong>diabolum,</strong></span> <span class='ocrx_word' id='word_1_387' title='bbox 972 4789 1264 4844; x_wconf 87' lang='lat' dir='ltr'><strong>pauperem</strong></span> <span class='ocrx_word' id='word_1_388' title='bbox 1313 4789 1465 4837; x_wconf 90' lang='lat' dir='ltr'><strong>vero,</strong></span> <span class='ocrx_word' id='word_1_389' title='bbox 1514 4775 1924 4846; x_wconf 84' lang='lat' dir='ltr'><strong>sapientemque</strong></span> <span class='ocrx_word' id='word_1_390' title='bbox 1971 4792 2058 4831; x_wconf 90' lang='lat' dir='ltr'><strong>se-</strong></span> 
     </span>
    </p>
   </div>
   <div class='ocr_carea' id='block_1_51' title="bbox 497 4866 2057 4938">
    <p class='ocr_par' dir='ltr' id='par_1_51' title="bbox 497 4866 2057 4938">
     <span class='ocr_line' id='line_1_51' title="bbox 497 4866 2057 4938; baseline -0.001 -16"><span class='ocrx_word' id='word_1_391' title='bbox 497 4866 674 4936; x_wconf 87' lang='lat' dir='ltr'><strong>ipsum</strong></span> <span class='ocrx_word' id='word_1_392' title='bbox 733 4869 1049 4924; x_wconf 83' lang='lat' dir='ltr'><strong>exinaniens</strong></span> <span class='ocrx_word' id='word_1_393' title='bbox 1084 4867 1500 4938; x_wconf 85' lang='lat' dir='ltr'><strong>mendicumque</strong></span> <span class='ocrx_word' id='word_1_394' title='bbox 1556 4878 1776 4938; x_wconf 87' lang='lat' dir='ltr'><strong>propter</strong></span> <span class='ocrx_word' id='word_1_395' title='bbox 1837 4884 1940 4926; x_wconf 90' lang='lat' dir='ltr'><strong>nos</strong></span> <span class='ocrx_word' id='word_1_396' title='bbox 1976 4869 2057 4922; x_wconf 88' lang='lat' dir='ltr'><strong>t&#39;a-</strong></span> 
     </span>
    </p>
   </div>
   <div class='ocr_carea' id='block_1_52' title="bbox 499 4961 2056 5034">
    <p class='ocr_par' dir='ltr' id='par_1_52' title="bbox 499 4961 2056 5034">
     <span class='ocr_line' id='line_1_52' title="bbox 499 4961 2056 5034; baseline 0 -18"><span class='ocrx_word' id='word_1_397' title='bbox 499 4971 646 5017; x_wconf 85' lang='lat' dir='ltr'><strong>ctum</strong></span> <span class='ocrx_word' id='word_1_398' title='bbox 697 4963 788 5018; x_wconf 87' lang='lat' dir='ltr'><strong>Dei</strong></span> <span class='ocrx_word' id='word_1_399' title='bbox 833 4963 1092 5019; x_wconf 75' lang='lat' dir='ltr'><strong>Verbum.</strong></span> <span class='ocrx_word' id='word_1_400' title='bbox 1143 4961 1353 5016; x_wconf 84' lang='lat' dir='ltr'><strong>Idcirco</strong></span> <span class='ocrx_word' id='word_1_401' title='bbox 1405 4961 1570 5031; x_wconf 90' lang='lat' dir='ltr'><strong>priori</strong></span> <span class='ocrx_word' id='word_1_402' title='bbox 1622 4962 2056 5034; x_wconf 85' lang='lat' dir='ltr'><strong>interpretationi</strong></span> 
     </span>
    </p>
   </div>
   <div class='ocr_carea' id='block_1_53' title="bbox 500 5052 2054 5125">
    <p class='ocr_par' dir='ltr' id='par_1_53' title="bbox 500 5052 2054 5125">
     <span class='ocr_line' id='line_1_53' title="bbox 500 5052 2054 5125; baseline -0.003 -14"><span class='ocrx_word' id='word_1_403' title='bbox 500 5062 700 5111; x_wconf 62' lang='lat' dir='ltr'><strong>nostra</strong></span> <span class='ocrx_word' id='word_1_404' title='bbox 724 5063 1109 5125; x_wconf 88' lang='lat' dir='ltr'><strong>congruenter,</strong></span> <span class='ocrx_word' id='word_1_405' title='bbox 1135 5071 1244 5109; x_wconf 91' lang='lat' dir='ltr'><strong>non</strong></span> <span class='ocrx_word' id='word_1_406' title='bbox 1284 5054 1447 5107; x_wconf 90' lang='lat' dir='ltr'><strong>alium</strong></span> <span class='ocrx_word' id='word_1_407' title='bbox 1473 5069 1594 5108; x_wconf 87' lang='lat' dir='ltr'><strong>esse</strong></span> <span class='ocrx_word' id='word_1_408' title='bbox 1618 5054 1906 5124; x_wconf 90' lang='lat' dir='ltr'><strong>opinamur</strong></span> <span class='ocrx_word' id='word_1_409' title='bbox 1937 5052 2054 5107; x_wconf 85' lang='lat' dir='ltr'><strong>bel-</strong></span> 
     </span>
    </p>
   </div>
   <div class='ocr_carea' id='block_1_54' title="bbox 501 5143 2057 5216">
    <p class='ocr_par' dir='ltr' id='par_1_54' title="bbox 501 5143 2057 5216">
     <span class='ocr_line' id='line_1_54' title="bbox 501 5143 2057 5216; baseline -0.001 -18"><span class='ocrx_word' id='word_1_410' title='bbox 501 5145 664 5200; x_wconf 89' lang='lat' dir='ltr'><strong>licum</strong></span> <span class='ocrx_word' id='word_1_411' title='bbox 704 5145 796 5215; x_wconf 88' lang='lat' dir='ltr'><strong>qui</strong></span> <span class='ocrx_word' id='word_1_412' title='bbox 849 5144 936 5199; x_wconf 85' lang='lat' dir='ltr'><strong>hic</strong></span> <span class='ocrx_word' id='word_1_413' title='bbox 960 5143 1290 5202; x_wconf 88' lang='lat' dir='ltr'><strong>describitur</strong></span> <span class='ocrx_word' id='word_1_414' title='bbox 1320 5159 1522 5216; x_wconf 84' lang='lat' dir='ltr'><strong>regem,</strong></span> <span class='ocrx_word' id='word_1_415' title='bbox 1554 5160 1617 5198; x_wconf 89' lang='lat' dir='ltr'><strong>ac</strong></span> <span class='ocrx_word' id='word_1_416' title='bbox 1673 5145 1822 5198; x_wconf 88' lang='lat' dir='ltr'><strong>illum</strong></span> <span class='ocrx_word' id='word_1_417' title='bbox 1877 5159 2057 5214; x_wconf 87' lang='lat' dir='ltr'><strong>regem</strong></span> 
     </span>
    </p>
   </div>
   <div class='ocr_carea' id='block_1_55' title="bbox 501 5235 2060 5309">
    <p class='ocr_par' dir='ltr' id='par_1_55' title="bbox 501 5235 2060 5309">
     <span class='ocr_line' id='line_1_55' title="bbox 501 5235 2060 5309; baseline -0.003 -17"><span class='ocrx_word' id='word_1_418' title='bbox 501 5239 749 5293; x_wconf 77' lang='lat' dir='ltr'><strong>Stultum.</strong></span> <span class='ocrx_word' id='word_1_419' title='bbox 803 5235 1063 5292; x_wconf 89' lang='lat' dir='ltr'><strong>Similiter</strong></span> <span class='ocrx_word' id='word_1_420' title='bbox 1090 5237 1184 5308; x_wconf 90' lang='lat' dir='ltr'><strong>qui</strong></span> <span class='ocrx_word' id='word_1_421' title='bbox 1229 5237 1444 5309; x_wconf 78' lang='lat' dir='ltr'><strong>prepria</strong></span> <span class='ocrx_word' id='word_1_422' title='bbox 1477 5236 1740 5306; x_wconf 88' lang='lat' dir='ltr'><strong>sapientia</strong></span> <span class='ocrx_word' id='word_1_423' title='bbox 1785 5251 2060 5306; x_wconf 81' lang='lat' dir='ltr'><strong>expugna-</strong></span> 
     </span>
    </p>
   </div>
   <div class='ocr_carea' id='block_1_56' title="bbox 498 5312 2056 5399">
    <p class='ocr_par' dir='ltr' id='par_1_56' title="bbox 498 5312 2056 5399">
     <span class='ocr_line' id='line_1_56' title="bbox 498 5312 2056 5399; baseline -0.001 -15"><span class='ocrx_word' id='word_1_424' title='bbox 498 5339 606 5384; x_wconf 85' lang='lat' dir='ltr'><strong>tam</strong></span> <span class='ocrx_word' id='word_1_425' title='bbox 634 5339 818 5387; x_wconf 87' lang='lat' dir='ltr'><strong>servat</strong></span> <span class='ocrx_word' id='word_1_426' title='bbox 839 5330 1050 5394; x_wconf 88' lang='lat' dir='ltr'><strong>urbem,</strong></span> <span class='ocrx_word' id='word_1_427' title='bbox 1066 5330 1206 5385; x_wconf 83' lang='lat' dir='ltr'><strong>idem</strong></span> <span class='ocrx_word' id='word_1_428' title='bbox 1224 5341 1306 5385; x_wconf 89' lang='lat' dir='ltr'><strong>est</strong></span> <span class='ocrx_word' id='word_1_429' title='bbox 1329 5345 1390 5384; x_wconf 87' lang='lat' dir='ltr'><strong>ac</strong></span> <span class='ocrx_word' id='word_1_430' title='bbox 1412 5330 1502 5384; x_wconf 90' lang='lat' dir='ltr'><strong>ille</strong></span> <span class='ocrx_word' id='word_1_431' title='bbox 1520 5312 1724 5399; x_wconf 76' lang='lat' dir='ltr'><strong>pauper</strong></span> <span class='ocrx_word' id='word_1_432' title='bbox 1746 5337 1798 5382; x_wconf 88' lang='lat' dir='ltr'><strong>et</strong></span> <span class='ocrx_word' id='word_1_433' title='bbox 1815 5331 2056 5396; x_wconf 87' lang='lat' dir='ltr'><strong>sapiens,</strong></span> 
     </span>
    </p>
   </div>
   <div class='ocr_carea' id='block_1_57' title="bbox 497 5420 2056 5491">
    <p class='ocr_par' dir='ltr' id='par_1_57' title="bbox 497 5420 2056 5491">
     <span class='ocr_line' id='line_1_57' title="bbox 497 5420 2056 5491; baseline -0.001 -15"><span class='ocrx_word' id='word_1_434' title='bbox 497 5438 658 5491; x_wconf 86' lang='lat' dir='ltr'><strong>quem</strong></span> <span class='ocrx_word' id='word_1_435' title='bbox 691 5421 928 5477; x_wconf 89' lang='lat' dir='ltr'><strong>diximus</strong></span> <span class='ocrx_word' id='word_1_436' title='bbox 973 5438 1095 5478; x_wconf 91' lang='lat' dir='ltr'><strong>esse</strong></span> <span class='ocrx_word' id='word_1_437' title='bbox 1151 5421 1454 5477; x_wconf 86' lang='lat' dir='ltr'><strong>Christum.</strong></span> <span class='ocrx_word' id='word_1_438' title='bbox 1499 5420 1604 5487; x_wconf 88' lang='lat' dir='ltr'><strong>Qui</strong></span> <span class='ocrx_word' id='word_1_439' title='bbox 1648 5423 1791 5473; x_wconf 89' lang='lat' dir='ltr'><strong>enim</strong></span> <span class='ocrx_word' id='word_1_440' title='bbox 1835 5436 2056 5489; x_wconf 79' lang='lat' dir='ltr'><strong>parvam</strong></span> 
     </span>
    </p>
   </div>
   <div class='ocr_carea' id='block_1_58' title="bbox 500 5513 2059 5584">
    <p class='ocr_par' dir='ltr' id='par_1_58' title="bbox 500 5513 2059 5584">
     <span class='ocr_line' id='line_1_58' title="bbox 500 5513 2059 5584; baseline -0.003 -15"><span class='ocrx_word' id='word_1_441' title='bbox 500 5517 711 5584; x_wconf 87' lang='lat' dir='ltr'><strong>urbem,</strong></span> <span class='ocrx_word' id='word_1_442' title='bbox 744 5516 891 5572; x_wconf 84' lang='lat' dir='ltr'><strong>hunc</strong></span> <span class='ocrx_word' id='word_1_443' title='bbox 913 5517 1123 5571; x_wconf 87' lang='lat' dir='ltr'><strong>scilicet</strong></span> <span class='ocrx_word' id='word_1_444' title='bbox 1153 5522 1468 5570; x_wconf 76' lang='lat' dir='ltr'><strong>terrestrem</strong></span> <span class='ocrx_word' id='word_1_445' title='bbox 1501 5515 1703 5577; x_wconf 91' lang='lat' dir='ltr'><strong>locum,</strong></span> <span class='ocrx_word' id='word_1_446' title='bbox 1743 5513 1788 5567; x_wconf 89' lang='lat' dir='ltr'><strong>si</strong></span> <span class='ocrx_word' id='word_1_447' title='bbox 1813 5527 1935 5566; x_wconf 87' lang='lat' dir='ltr'><strong>cum</strong></span> <span class='ocrx_word' id='word_1_448' title='bbox 1967 5527 2059 5566; x_wconf 93' lang='lat' dir='ltr'><strong>or-</strong></span> 
     </span>
    </p>
   </div>
   <div class='ocr_carea' id='block_1_59' title="bbox 499 5605 2056 5676">
    <p class='ocr_par' dir='ltr' id='par_1_59' title="bbox 499 5605 2056 5676">
     <span class='ocr_line' id='line_1_59' title="bbox 499 5605 2056 5676; baseline -0.002 -15"><span class='ocrx_word' id='word_1_449' title='bbox 499 5605 566 5662; x_wconf 89' lang='lat' dir='ltr'><strong>be</strong></span> <span class='ocrx_word' id='word_1_450' title='bbox 590 5606 845 5664; x_wconf 84' lang='lat' dir='ltr'><strong>universo</strong></span> <span class='ocrx_word' id='word_1_451' title='bbox 875 5608 1149 5676; x_wconf 61' lang='lat' dir='ltr'><strong>conferas,</strong></span> <span class='ocrx_word' id='word_1_452' title='bbox 1169 5607 1575 5672; x_wconf 88' lang='lat' dir='ltr'><strong>brevissimum,</strong></span> <span class='ocrx_word' id='word_1_453' title='bbox 1607 5619 1908 5674; x_wconf 77' lang='lat' dir='ltr'><strong>omnesque</strong></span> <span class='ocrx_word' id='word_1_454' title='bbox 1937 5619 2056 5661; x_wconf 88' lang='lat' dir='ltr'><strong>eam</strong></span> 
     </span>
    </p>
   </div>
   <div class='ocr_carea' id='block_1_60' title="bbox 570 5748 2048 5831">
    <p class='ocr_par' dir='ltr' id='par_1_60' title="bbox 570 5759 2021 5831">
     <span class='ocr_line' id='line_1_60' title="bbox 570 5759 2021 5831; baseline -0.001 -12"><span class='ocrx_word' id='word_1_455' title='bbox 570 5761 616 5795; x_wconf 60' lang='grc' dir='ltr'>ἰ’</span> <span class='ocrx_word' id='word_1_456' title='bbox 651 5768 831 5822; x_wconf 80' lang='lat' dir='ltr'><strong>Eccle.</strong></span> <span class='ocrx_word' id='word_1_457' title='bbox 868 5781 948 5829; x_wconf 72' lang='lat' dir='ltr'><strong>Iv.</strong></span> <span class='ocrx_word' id='word_1_458' title='bbox 984 5762 1172 5820; x_wconf 72' lang='lat'><strong>13-16.</strong></span> <span class='ocrx_word' id='word_1_459' title='bbox 1249 5764 1294 5796; x_wconf 80' lang='lat'><strong>’°</strong></span> <span class='ocrx_word' id='word_1_460' title='bbox 1333 5761 1353 5818; x_wconf 82' lang='grc' dir='ltr'><strong>Ι</strong></span> <span class='ocrx_word' id='word_1_461' title='bbox 1386 5761 1513 5818; x_wconf 86' lang='lat' dir='ltr'><strong>Cor.</strong></span> <span class='ocrx_word' id='word_1_462' title='bbox 1552 5776 1608 5831; x_wconf 89' lang='grc' dir='ltr'><strong>ι,</strong></span> <span class='ocrx_word' id='word_1_463' title='bbox 1639 5761 1731 5817; x_wconf 72' lang='grc'><strong>24.</strong></span> <span class='ocrx_word' id='word_1_464' title='bbox 1807 5762 1851 5794; x_wconf 84' lang='grc'>¹¹</span> <span class='ocrx_word' id='word_1_465' title='bbox 1876 5759 2021 5817; x_wconf 85' lang='lat' dir='ltr'><strong>Psal.</strong></span> 
     </span>
    </p>
   </div>
   <div class='ocr_carea' id='block_1_61' title="bbox 2146 5748 2793 5831">
    <p class='ocr_par' dir='ltr' id='par_1_61' title="bbox 2157 5748 2793 5827">
     <span class='ocr_line' id='line_1_61' title="bbox 2157 5748 2793 5827; baseline -0.003 -12"><span class='ocrx_word' id='word_1_466' title='bbox 2157 5757 2213 5815; x_wconf 90' lang='lat'><strong>6.</strong></span> <span class='ocrx_word' id='word_1_467' title='bbox 2291 5761 2335 5792; x_wconf 84' lang='grc'><strong>³¹</strong></span> <span class='ocrx_word' id='word_1_468' title='bbox 2357 5748 2593 5827; x_wconf 80' lang='lat' dir='ltr'><strong>Philipp.</strong></span> <span class='ocrx_word' id='word_1_469' title='bbox 2632 5775 2704 5826; x_wconf 88' lang='lat' dir='ltr'><strong>ll,</strong></span> <span class='ocrx_word' id='word_1_470' title='bbox 2740 5767 2793 5814; x_wconf 74' lang='grc' dir='ltr'>υ.</span> 
     </span>
    </p>
   </div>
   <div class='ocr_carea' id='block_1_62' title="bbox 2133 535 3689 614">
    <p class='ocr_par' dir='ltr' id='par_1_62' title="bbox 2133 535 3689 614">
     <span class='ocr_line' id='line_1_62' title="bbox 2133 535 3689 614; baseline -0.007 -16"><span class='ocrx_word' id='word_1_471' title='bbox 2133 545 2232 600; x_wconf 80' lang='grc' dir='ltr'>ἔτι.</span> <span class='ocrx_word' id='word_1_472' title='bbox 2272 546 2391 599; x_wconf 88' lang='grc' dir='ltr'><strong>Ὅτι</strong></span> <span class='ocrx_word' id='word_1_473' title='bbox 2425 545 2482 611; x_wconf 77' lang='grc' dir='ltr'><strong>ἐξ</strong></span> <span class='ocrx_word' id='word_1_474' title='bbox 2507 545 2654 597; x_wconf 74' lang='grc' dir='ltr'>οἴκου</span> <span class='ocrx_word' id='word_1_475' title='bbox 2687 543 2918 614; x_wconf 78' lang='grc' dir='ltr'>δεσμίων</span> <span class='ocrx_word' id='word_1_476' title='bbox 2953 540 3290 606; x_wconf 75' lang='grc' dir='ltr'>ἐξελεύσεται</span> <span class='ocrx_word' id='word_1_477' title='bbox 3324 537 3419 592; x_wconf 87' lang='grc' dir='ltr'><strong>τοῦ</strong></span> <span class='ocrx_word' id='word_1_478' title='bbox 3455 535 3689 608; x_wconf 65' lang='grc' dir='ltr'>βασιλεῦς</span> 
     </span>
    </p>
   </div>
   <div class='ocr_carea' id='block_1_63' title="bbox 2135 628 3705 706">
    <p class='ocr_par' dir='ltr' id='par_1_63' title="bbox 2135 628 3705 706">
     <span class='ocr_line' id='line_1_63' title="bbox 2135 628 3705 706; baseline -0.007 -15"><span class='ocrx_word' id='word_1_479' title='bbox 2135 655 2243 700; x_wconf 87' lang='grc' dir='ltr'>σαι,</span> <span class='ocrx_word' id='word_1_480' title='bbox 2274 638 2356 690; x_wconf 84' lang='grc' dir='ltr'>ὅτι</span> <span class='ocrx_word' id='word_1_481' title='bbox 2390 637 2481 690; x_wconf 85' lang='grc' dir='ltr'><strong>καί</strong></span> <span class='ocrx_word' id='word_1_482' title='bbox 2524 653 2586 704; x_wconf 91' lang='grc' dir='ltr'><strong>γε</strong></span> <span class='ocrx_word' id='word_1_483' title='bbox 2629 637 2686 688; x_wconf 82' lang='grc' dir='ltr'><strong>ὲν</strong></span> <span class='ocrx_word' id='word_1_484' title='bbox 2729 635 2974 706; x_wconf 79' lang='grc' dir='ltr'><strong>βασιλείᾳ</strong></span> <span class='ocrx_word' id='word_1_485' title='bbox 3016 633 3180 687; x_wconf 82' lang='grc' dir='ltr'>αὑτοῦ</span> <span class='ocrx_word' id='word_1_486' title='bbox 3230 629 3460 702; x_wconf 81' lang='grc' dir='ltr'>ἐγενήθη</span> <span class='ocrx_word' id='word_1_487' title='bbox 3517 628 3705 700; x_wconf 82' lang='grc' dir='ltr'><strong>πένης.</strong></span> 
     </span>
    </p>
   </div>
   <div class='ocr_carea' id='block_1_64' title="bbox 2134 720 3707 799">
    <p class='ocr_par' dir='ltr' id='par_1_64' title="bbox 2134 720 3707 799">
     <span class='ocr_line' id='line_1_64' title="bbox 2134 720 3707 799; baseline -0.007 -16"><span class='ocrx_word' id='word_1_488' title='bbox 2134 727 2285 784; x_wconf 68' lang='grc' dir='ltr'>Εἶδον</span> <span class='ocrx_word' id='word_1_489' title='bbox 2321 729 2634 799; x_wconf 81' lang='grc' dir='ltr'>σύμπαντας</span> <span class='ocrx_word' id='word_1_490' title='bbox 2674 727 2799 790; x_wconf 81' lang='grc' dir='ltr'>τοὺς</span> <span class='ocrx_word' id='word_1_491' title='bbox 2849 726 3055 791; x_wconf 78' lang='grc' dir='ltr'>ζῶντας</span> <span class='ocrx_word' id='word_1_492' title='bbox 3101 725 3227 788; x_wconf 80' lang='grc' dir='ltr'>τοὺς</span> <span class='ocrx_word' id='word_1_493' title='bbox 3277 720 3707 799; x_wconf 81' lang='grc' dir='ltr'><strong>περιπατοῦντας</strong></span> 
     </span>
    </p>
   </div>
   <div class='ocr_carea' id='block_1_65' title="bbox 2134 797 3708 887">
    <p class='ocr_par' dir='ltr' id='par_1_65' title="bbox 2134 797 3708 887">
     <span class='ocr_line' id='line_1_65' title="bbox 2134 797 3708 887; baseline -0.006 -15"><span class='ocrx_word' id='word_1_494' title='bbox 2134 819 2238 872; x_wconf 82' lang='grc' dir='ltr'><strong>ὑπὸ</strong></span> <span class='ocrx_word' id='word_1_495' title='bbox 2264 819 2354 871; x_wconf 82' lang='grc' dir='ltr'><strong>τὸν</strong></span> <span class='ocrx_word' id='word_1_496' title='bbox 2383 797 2531 887; x_wconf 67' lang='grc' dir='ltr'>ἥλιον</span> <span class='ocrx_word' id='word_1_497' title='bbox 2573 815 2710 887; x_wconf 84' lang='grc' dir='ltr'><strong>μετά</strong></span> <span class='ocrx_word' id='word_1_498' title='bbox 2754 815 2848 868; x_wconf 86' lang='grc' dir='ltr'><strong>τοῦ</strong></span> <span class='ocrx_word' id='word_1_499' title='bbox 2893 816 3170 868; x_wconf 82' lang='grc' dir='ltr'>νεανίσκου</span> <span class='ocrx_word' id='word_1_500' title='bbox 3205 813 3298 867; x_wconf 88' lang='grc' dir='ltr'><strong>τοῦ</strong></span> <span class='ocrx_word' id='word_1_501' title='bbox 3347 797 3622 883; x_wconf 79' lang='grc' dir='ltr'>δευτέρου,</span> <span class='ocrx_word' id='word_1_502' title='bbox 3652 809 3708 872; x_wconf 81' lang='grc' dir='ltr'>ὃς</span> 
     </span>
    </p>
   </div>
   <div class='ocr_carea' id='block_1_66' title="bbox 2133 905 3707 982">
    <p class='ocr_par' dir='ltr' id='par_1_66' title="bbox 2133 905 3707 982">
     <span class='ocr_line' id='line_1_66' title="bbox 2133 905 3707 982; baseline -0.005 -17"><span class='ocrx_word' id='word_1_503' title='bbox 2133 913 2494 982; x_wconf 84' lang='grc' dir='ltr'>ἀναστήσεται</span> <span class='ocrx_word' id='word_1_504' title='bbox 2515 911 2632 964; x_wconf 74' lang='grc' dir='ltr'>ἀντ’</span> <span class='ocrx_word' id='word_1_505' title='bbox 2656 909 2838 962; x_wconf 88' lang='grc' dir='ltr'>αύτοῦ.</span> <span class='ocrx_word' id='word_1_506' title='bbox 2866 909 2979 962; x_wconf 77' lang='grc' dir='ltr'>Οὐκ</span> <span class='ocrx_word' id='word_1_507' title='bbox 3007 908 3118 961; x_wconf 77' lang='grc' dir='ltr'>ἔστι</span> <span class='ocrx_word' id='word_1_508' title='bbox 3143 907 3420 979; x_wconf 82' lang='grc' dir='ltr'>περασμὸς</span> <span class='ocrx_word' id='word_1_509' title='bbox 3447 905 3524 976; x_wconf 78' lang='grc' dir='ltr'>τῷ</span> <span class='ocrx_word' id='word_1_510' title='bbox 3550 905 3707 959; x_wconf 62' lang='grc' dir='ltr'>παντὶ</span> 
     </span>
    </p>
   </div>
   <div class='ocr_carea' id='block_1_67' title="bbox 2135 999 3709 1075">
    <p class='ocr_par' dir='ltr' id='par_1_67' title="bbox 2135 999 3709 1075">
     <span class='ocr_line' id='line_1_67' title="bbox 2135 999 3709 1075; baseline -0.001 -19"><span class='ocrx_word' id='word_1_511' title='bbox 2135 1005 2249 1075; x_wconf 83' lang='grc' dir='ltr'><strong>λαῷ</strong></span> <span class='ocrx_word' id='word_1_512' title='bbox 2279 1007 2388 1067; x_wconf 88' lang='grc' dir='ltr'>τοῖς</span> <span class='ocrx_word' id='word_1_513' title='bbox 2421 1005 2606 1066; x_wconf 80' lang='grc' dir='ltr'>πᾶσιν,</span> <span class='ocrx_word' id='word_1_514' title='bbox 2641 1004 2753 1056; x_wconf 85' lang='grc' dir='ltr'>ὅσοι</span> <span class='ocrx_word' id='word_1_515' title='bbox 2775 1003 3022 1071; x_wconf 80' lang='grc' dir='ltr'>ἐγένοντο</span> <span class='ocrx_word' id='word_1_516' title='bbox 3051 1001 3358 1073; x_wconf 71' lang='grc' dir='ltr'>ἔμπροσθεν</span> <span class='ocrx_word' id='word_1_517' title='bbox 3385 999 3584 1054; x_wconf 85' lang='grc' dir='ltr'>αὐτῶν·</span> <span class='ocrx_word' id='word_1_518' title='bbox 3618 1000 3709 1054; x_wconf 71' lang='grc' dir='ltr'>καῖ</span> 
     </span>
    </p>
   </div>
   <div class='ocr_carea' id='block_1_68' title="bbox 2135 1091 3709 1166">
    <p class='ocr_par' dir='ltr' id='par_1_68' title="bbox 2135 1091 3709 1166">
     <span class='ocr_line' id='line_1_68' title="bbox 2135 1091 3709 1166; baseline -0.004 -16"><span class='ocrx_word' id='word_1_519' title='bbox 2135 1114 2199 1165; x_wconf 93' lang='grc' dir='ltr'><strong>γε</strong></span> <span class='ocrx_word' id='word_1_520' title='bbox 2225 1099 2272 1150; x_wconf 70' lang='lat' dir='ltr'><strong>oi</strong></span> <span class='ocrx_word' id='word_1_521' title='bbox 2306 1096 2520 1166; x_wconf 76' lang='grc' dir='ltr'>ἔσχατοι</span> <span class='ocrx_word' id='word_1_522' title='bbox 2559 1095 2659 1149; x_wconf 83' lang='grc' dir='ltr'><strong>ούκ</strong></span> <span class='ocrx_word' id='word_1_523' title='bbox 2705 1093 3169 1165; x_wconf 79' lang='grc' dir='ltr'>εὐφρανθήσονται</span> <span class='ocrx_word' id='word_1_524' title='bbox 3206 1095 3264 1145; x_wconf 83' lang='grc' dir='ltr'>ὲν</span> <span class='ocrx_word' id='word_1_525' title='bbox 3294 1091 3461 1162; x_wconf 84' lang='grc' dir='ltr'>αύτῷ,</span> <span class='ocrx_word' id='word_1_526' title='bbox 3497 1094 3578 1146; x_wconf 79' lang='grc' dir='ltr'><strong>ὅτι</strong></span> <span class='ocrx_word' id='word_1_527' title='bbox 3620 1091 3709 1144; x_wconf 84' lang='grc' dir='ltr'><strong>καί</strong></span> 
     </span>
    </p>
   </div>
   <div class='ocr_carea' id='block_1_69' title="bbox 2137 1185 3707 1260">
    <p class='ocr_par' dir='ltr' id='par_1_69' title="bbox 2137 1185 3707 1260">
     <span class='ocr_line' id='line_1_69' title="bbox 2137 1185 3707 1260; baseline -0.004 -18"><span class='ocrx_word' id='word_1_528' title='bbox 2137 1208 2200 1259; x_wconf 92' lang='grc' dir='ltr'><strong>γε</strong></span> <span class='ocrx_word' id='word_1_529' title='bbox 2255 1190 2413 1242; x_wconf 87' lang='grc' dir='ltr'>τοῦτο</span> <span class='ocrx_word' id='word_1_530' title='bbox 2469 1189 2768 1260; x_wconf 85' lang='grc' dir='ltr'>ματαιότης</span> <span class='ocrx_word' id='word_1_531' title='bbox 2807 1189 2900 1241; x_wconf 79' lang='grc' dir='ltr'><strong>καὶ</strong></span> <span class='ocrx_word' id='word_1_532' title='bbox 2952 1187 3270 1260; x_wconf 87' lang='grc' dir='ltr'>προαίρεσις</span> <span class='ocrx_word' id='word_1_533' title='bbox 3319 1185 3640 1256; x_wconf 88' lang='grc' dir='ltr'>πνεύματος.</span> <span class='ocrx_word' id='word_1_534' title='bbox 3689 1204 3707 1235; x_wconf 73' lang='grc' dir='ltr'><strong>ι</strong></span> 
     </span>
    </p>
   </div>
   <div class='ocr_carea' id='block_1_70' title="bbox 2151 1276 3710 1352">
    <p class='ocr_par' dir='ltr' id='par_1_70' title="bbox 2151 1276 3710 1352">
     <span class='ocr_line' id='line_1_70' title="bbox 2151 1276 3710 1352; baseline -0.004 -18"><span class='ocrx_word' id='word_1_535' title='bbox 2151 1278 2299 1334; x_wconf 74' lang='grc' dir='ltr'>Ἐπεὶ</span> <span class='ocrx_word' id='word_1_536' title='bbox 2325 1281 2558 1352; x_wconf 81' lang='grc' dir='ltr'>Χριστὸς</span> <span class='ocrx_word' id='word_1_537' title='bbox 2587 1299 2605 1331; x_wconf 78' lang='grc' dir='ltr'><strong>ι</strong></span> <span class='ocrx_word' id='word_1_538' title='bbox 2640 1280 2800 1349; x_wconf 81' lang='grc' dir='ltr'>σοφία</span> <span class='ocrx_word' id='word_1_539' title='bbox 2823 1279 2957 1332; x_wconf 88' lang='grc' dir='ltr'>Θεοῦ</span> <span class='ocrx_word' id='word_1_540' title='bbox 2989 1299 3006 1332; x_wconf 75' lang='grc' dir='ltr'><strong>ι</strong></span> <span class='ocrx_word' id='word_1_541' title='bbox 3026 1277 3122 1343; x_wconf 84' lang='grc' dir='ltr'><strong>ὢν,</strong></span> <span class='ocrx_word' id='word_1_542' title='bbox 3143 1277 3208 1331; x_wconf 86' lang='grc' dir='ltr'>δι’</span> <span class='ocrx_word' id='word_1_543' title='bbox 3235 1279 3380 1348; x_wconf 77' lang='grc' dir='ltr'>ἡμᾶς</span> <span class='ocrx_word' id='word_1_544' title='bbox 3401 1276 3710 1347; x_wconf 82' lang='grc' dir='ltr'>ὲπτώχευσε</span> 
     </span>
    </p>
   </div>
   <div class='ocr_carea' id='block_1_71' title="bbox 2140 1369 3710 1444">
    <p class='ocr_par' dir='ltr' id='par_1_71' title="bbox 2140 1369 3710 1444">
     <span class='ocr_line' id='line_1_71' title="bbox 2140 1369 3710 1444; baseline -0.004 -16"><span class='ocrx_word' id='word_1_545' title='bbox 2140 1374 2390 1436; x_wconf 81' lang='grc' dir='ltr'>πλούσιος</span> <span class='ocrx_word' id='word_1_546' title='bbox 2419 1371 2515 1438; x_wconf 82' lang='grc' dir='ltr'><strong>ὢν,</strong></span> <span class='ocrx_word' id='word_1_547' title='bbox 2545 1369 2696 1443; x_wconf 75' lang='grc' dir='ltr'>οἶμαι</span> <span class='ocrx_word' id='word_1_548' title='bbox 2730 1373 2856 1444; x_wconf 72' lang='grc' dir='ltr'>περὶ</span> <span class='ocrx_word' id='word_1_549' title='bbox 2885 1372 3046 1426; x_wconf 85' lang='grc' dir='ltr'>αὑτοῦ</span> <span class='ocrx_word' id='word_1_550' title='bbox 3079 1371 3333 1440; x_wconf 85' lang='grc' dir='ltr'>λέγεσθαι</span> <span class='ocrx_word' id='word_1_551' title='bbox 3362 1369 3440 1434; x_wconf 87' lang='grc' dir='ltr'><strong>τὸ,</strong></span> <span class='ocrx_word' id='word_1_552' title='bbox 3481 1388 3499 1418; x_wconf 76' lang='grc' dir='ltr'><strong>ε</strong></span> <span class='ocrx_word' id='word_1_553' title='bbox 3550 1371 3710 1436; x_wconf 78' lang='grc' dir='ltr'>Ἀγα-</span> 
     </span>
    </p>
   </div>
   <div class='ocr_carea' id='block_1_72' title="bbox 2140 1461 3711 1536">
    <p class='ocr_par' dir='ltr' id='par_1_72' title="bbox 2140 1461 3711 1536">
     <span class='ocr_line' id='line_1_72' title="bbox 2140 1461 3711 1536; baseline -0.002 -17"><span class='ocrx_word' id='word_1_554' title='bbox 2140 1465 2230 1530; x_wconf 88' lang='grc' dir='ltr'><strong>θὸς</strong></span> <span class='ocrx_word' id='word_1_555' title='bbox 2255 1468 2383 1529; x_wconf 84' lang='grc' dir='ltr'>παῖς</span> <span class='ocrx_word' id='word_1_556' title='bbox 2416 1466 2582 1535; x_wconf 83' lang='grc' dir='ltr'>πένης</span> <span class='ocrx_word' id='word_1_557' title='bbox 2615 1466 2708 1518; x_wconf 80' lang='grc' dir='ltr'><strong>καὶ</strong></span> <span class='ocrx_word' id='word_1_558' title='bbox 2733 1465 2893 1535; x_wconf 83' lang='grc' dir='ltr'>σοφὸς</span> <span class='ocrx_word' id='word_1_559' title='bbox 2911 1464 3051 1536; x_wconf 81' lang='grc' dir='ltr'>ὑπὲρ</span> <span class='ocrx_word' id='word_1_560' title='bbox 3091 1463 3311 1534; x_wconf 82' lang='grc' dir='ltr'>βασιλέα</span> <span class='ocrx_word' id='word_1_561' title='bbox 3345 1461 3711 1535; x_wconf 89' lang='grc' dir='ltr'>πρεσϐύτερον</span> 
     </span>
    </p>
   </div>
   <div class='ocr_carea' id='block_1_73' title="bbox 2140 1550 3711 1629">
    <p class='ocr_par' dir='ltr' id='par_1_73' title="bbox 2140 1550 3711 1629">
     <span class='ocr_line' id='line_1_73' title="bbox 2140 1550 3711 1629; baseline -0.003 -19"><span class='ocrx_word' id='word_1_562' title='bbox 2140 1559 2233 1611; x_wconf 72' lang='grc' dir='ltr'>καὶ</span> <span class='ocrx_word' id='word_1_563' title='bbox 2279 1557 2506 1629; x_wconf 80' lang='grc' dir='ltr'>ἄφρονα·</span> <span class='ocrx_word' id='word_1_564' title='bbox 2556 1576 2574 1608; x_wconf 75' lang='grc' dir='ltr'><strong>ι</strong></span> <span class='ocrx_word' id='word_1_565' title='bbox 2611 1556 2668 1610; x_wconf 84' lang='grc' dir='ltr'>ὃν</span> <span class='ocrx_word' id='word_1_566' title='bbox 2701 1556 2902 1628; x_wconf 78' lang='grc' dir='ltr'>νομίζω</span> <span class='ocrx_word' id='word_1_567' title='bbox 2949 1550 3088 1611; x_wconf 83' lang='grc' dir='ltr'>εἶναι</span> <span class='ocrx_word' id='word_1_568' title='bbox 3139 1556 3228 1608; x_wconf 82' lang='grc' dir='ltr'><strong>τὸν</strong></span> <span class='ocrx_word' id='word_1_569' title='bbox 3267 1554 3711 1626; x_wconf 82' lang='grc' dir='ltr'>πεπαλαιωμένον</span> 
     </span>
    </p>
   </div>
   <div class='ocr_carea' id='block_1_74' title="bbox 2141 1645 3712 1719">
    <p class='ocr_par' dir='ltr' id='par_1_74' title="bbox 2141 1645 3712 1719">
     <span class='ocr_line' id='line_1_74' title="bbox 2141 1645 3712 1719; baseline -0.001 -18"><span class='ocrx_word' id='word_1_570' title='bbox 2141 1647 2359 1719; x_wconf 79' lang='grc' dir='ltr'>ἡμερῶν</span> <span class='ocrx_word' id='word_1_571' title='bbox 2391 1648 2572 1702; x_wconf 84' lang='grc' dir='ltr'>κακῶν</span> <span class='ocrx_word' id='word_1_572' title='bbox 2612 1649 2854 1702; x_wconf 86' lang='grc' dir='ltr'>διάϐολον</span> <span class='ocrx_word' id='word_1_573' title='bbox 2875 1665 2890 1681; x_wconf 87' lang='grc'><strong>·</strong></span> <span class='ocrx_word' id='word_1_574' title='bbox 2923 1649 2981 1712; x_wconf 86' lang='grc' dir='ltr'>ὃς</span> <span class='ocrx_word' id='word_1_575' title='bbox 3017 1647 3263 1718; x_wconf 76' lang='grc' dir='ltr'>βασιλεὺς</span> <span class='ocrx_word' id='word_1_576' title='bbox 3307 1648 3405 1717; x_wconf 86' lang='grc' dir='ltr'><strong>μέν</strong></span> <span class='ocrx_word' id='word_1_577' title='bbox 3447 1648 3561 1700; x_wconf 77' lang='grc' dir='ltr'>ἐστι</span> <span class='ocrx_word' id='word_1_578' title='bbox 3606 1645 3712 1699; x_wconf 78' lang='grc' dir='ltr'>τῶν</span> 
     </span>
    </p>
   </div>
   <div class='ocr_carea' id='block_1_75' title="bbox 2145 1736 3711 1812">
    <p class='ocr_par' dir='ltr' id='par_1_75' title="bbox 2145 1736 3711 1812">
     <span class='ocr_line' id='line_1_75' title="bbox 2145 1736 3711 1812; baseline -0.003 -18"><span class='ocrx_word' id='word_1_579' title='bbox 2145 1740 2570 1812; x_wconf 82' lang='grc' dir='ltr'>βασιλευομένων</span> <span class='ocrx_word' id='word_1_580' title='bbox 2585 1742 2690 1794; x_wconf 81' lang='grc' dir='ltr'><strong>ὑπὸ</strong></span> <span class='ocrx_word' id='word_1_581' title='bbox 2709 1741 2810 1810; x_wconf 82' lang='grc' dir='ltr'><strong>τῆς</strong></span> <span class='ocrx_word' id='word_1_582' title='bbox 2826 1741 3223 1811; x_wconf 76' lang='grc' dir='ltr'>ἐνεργουμένης</span> <span class='ocrx_word' id='word_1_583' title='bbox 3247 1736 3338 1792; x_wconf 83' lang='grc' dir='ltr'>ὑπ’</span> <span class='ocrx_word' id='word_1_584' title='bbox 3356 1737 3521 1792; x_wconf 82' lang='grc' dir='ltr'>αὑτοῦ</span> <span class='ocrx_word' id='word_1_585' title='bbox 3541 1739 3711 1810; x_wconf 82' lang='grc' dir='ltr'>ἀμαρ-</span> 
     </span>
    </p>
   </div>
   <div class='ocr_carea' id='block_1_76' title="bbox 2141 1830 3713 1907">
    <p class='ocr_par' dir='ltr' id='par_1_76' title="bbox 2141 1830 3713 1907">
     <span class='ocr_line' id='line_1_76' title="bbox 2141 1830 3713 1907; baseline -0.003 -20"><span class='ocrx_word' id='word_1_586' title='bbox 2141 1835 2279 1900; x_wconf 86' lang='grc' dir='ltr'>τίας,</span> <span class='ocrx_word' id='word_1_587' title='bbox 2307 1834 2495 1907; x_wconf 81' lang='grc' dir='ltr'>ἄφρων</span> <span class='ocrx_word' id='word_1_588' title='bbox 2527 1853 2591 1905; x_wconf 91' lang='grc' dir='ltr'><strong>γε</strong></span> <span class='ocrx_word' id='word_1_589' title='bbox 2623 1834 2728 1906; x_wconf 83' lang='grc' dir='ltr'><strong>μὴν</strong></span> <span class='ocrx_word' id='word_1_590' title='bbox 2760 1833 2848 1887; x_wconf 82' lang='grc' dir='ltr'>διὰ</span> <span class='ocrx_word' id='word_1_591' title='bbox 2883 1833 2944 1887; x_wconf 79' lang='grc' dir='ltr'>τὸ</span> <span class='ocrx_word' id='word_1_592' title='bbox 2971 1832 3294 1905; x_wconf 79' lang='grc' dir='ltr'>ἐστερῆσθαι</span> <span class='ocrx_word' id='word_1_593' title='bbox 3321 1831 3422 1901; x_wconf 83' lang='grc' dir='ltr'>τῆς</span> <span class='ocrx_word' id='word_1_594' title='bbox 3458 1830 3713 1902; x_wconf 80' lang='grc' dir='ltr'>ἐναρέτου</span> 
     </span>
    </p>
   </div>
   <div class='ocr_carea' id='block_1_77' title="bbox 2142 1924 3713 1999">
    <p class='ocr_par' dir='ltr' id='par_1_77' title="bbox 2142 1924 3713 1999">
     <span class='ocr_line' id='line_1_77' title="bbox 2142 1924 3713 1999; baseline -0.003 -19"><span class='ocrx_word' id='word_1_595' title='bbox 2142 1927 2234 1980; x_wconf 73' lang='grc' dir='ltr'>καὶ</span> <span class='ocrx_word' id='word_1_596' title='bbox 2265 1927 2407 1980; x_wconf 83' lang='grc' dir='ltr'>κατὰ</span> <span class='ocrx_word' id='word_1_597' title='bbox 2431 1927 2563 1981; x_wconf 80' lang='grc' dir='ltr'>Θεὸν</span> <span class='ocrx_word' id='word_1_598' title='bbox 2595 1929 2928 1999; x_wconf 87' lang='grc' dir='ltr'>φρονήσεως·</span> <span class='ocrx_word' id='word_1_599' title='bbox 2962 1929 2991 1980; x_wconf 87' lang='grc' dir='ltr'>ὁ</span> <span class='ocrx_word' id='word_1_600' title='bbox 3022 1926 3078 1979; x_wconf 86' lang='grc' dir='ltr'>δὲ</span> <span class='ocrx_word' id='word_1_601' title='bbox 3100 1924 3494 1997; x_wconf 84' lang='grc' dir='ltr'>προειρημένος</span> <span class='ocrx_word' id='word_1_602' title='bbox 3518 1942 3538 1975; x_wconf 76' lang='grc' dir='ltr'><strong>ι</strong></span> <span class='ocrx_word' id='word_1_603' title='bbox 3577 1925 3713 1991; x_wconf 80' lang='grc' dir='ltr'>ἀγα·</span> 
     </span>
    </p>
   </div>
   <div class='ocr_carea' id='block_1_78' title="bbox 2143 2015 3714 2089">
    <p class='ocr_par' dir='ltr' id='par_1_78' title="bbox 2143 2015 3714 2089">
     <span class='ocr_line' id='line_1_78' title="bbox 2143 2015 3714 2089; baseline -0.003 -17"><span class='ocrx_word' id='word_1_604' title='bbox 2143 2017 2232 2082; x_wconf 78' lang='grc' dir='ltr'><strong>θὸς</strong></span> <span class='ocrx_word' id='word_1_605' title='bbox 2277 2019 2371 2073; x_wconf 79' lang='grc' dir='ltr'><strong>καὶ</strong></span> <span class='ocrx_word' id='word_1_606' title='bbox 2418 2019 2577 2088; x_wconf 81' lang='grc' dir='ltr'>σοφὸς</span> <span class='ocrx_word' id='word_1_607' title='bbox 2613 2023 2759 2084; x_wconf 82' lang='grc' dir='ltr'>παῖς,</span> <span class='ocrx_word' id='word_1_608' title='bbox 2804 2018 2862 2086; x_wconf 75' lang='grc' dir='ltr'>ἐξ</span> <span class='ocrx_word' id='word_1_609' title='bbox 2904 2019 3052 2074; x_wconf 84' lang='grc' dir='ltr'>οἴκου</span> <span class='ocrx_word' id='word_1_610' title='bbox 3105 2018 3361 2089; x_wconf 86' lang='grc' dir='ltr'>δεσμίων,</span> <span class='ocrx_word' id='word_1_611' title='bbox 3401 2036 3421 2069; x_wconf 73' lang='grc' dir='ltr'><strong>ι</strong></span> <span class='ocrx_word' id='word_1_612' title='bbox 3459 2017 3574 2087; x_wconf 75' lang='grc' dir='ltr'>ἦτοι</span> <span class='ocrx_word' id='word_1_613' title='bbox 3620 2015 3714 2069; x_wconf 87' lang='grc' dir='ltr'><strong>τοῦ</strong></span> 
     </span>
    </p>
   </div>
   <div class='ocr_carea' id='block_1_79' title="bbox 2143 2107 3715 2185">
    <p class='ocr_par' dir='ltr' id='par_1_79' title="bbox 2143 2107 3715 2185">
     <span class='ocr_line' id='line_1_79' title="bbox 2143 2107 3715 2185; baseline -0.004 -18"><span class='ocrx_word' id='word_1_614' title='bbox 2143 2112 2418 2185; x_wconf 88' lang='grc' dir='ltr'>περιγείου</span> <span class='ocrx_word' id='word_1_615' title='bbox 2447 2114 2633 2180; x_wconf 84' lang='grc' dir='ltr'>τόπου,</span> <span class='ocrx_word' id='word_1_616' title='bbox 2661 2115 2776 2184; x_wconf 74' lang='grc' dir='ltr'>ἦτοι</span> <span class='ocrx_word' id='word_1_617' title='bbox 2796 2113 2904 2166; x_wconf 84' lang='grc' dir='ltr'><strong>τῶν</strong></span> <span class='ocrx_word' id='word_1_618' title='bbox 2952 2114 3007 2166; x_wconf 78' lang='grc' dir='ltr'>ἐν</span> <span class='ocrx_word' id='word_1_619' title='bbox 3033 2113 3171 2184; x_wconf 77' lang='grc' dir='ltr'><strong>ᾊδῃ</strong></span> <span class='ocrx_word' id='word_1_620' title='bbox 3200 2111 3430 2182; x_wconf 85' lang='grc' dir='ltr'>χωρίων,</span> <span class='ocrx_word' id='word_1_621' title='bbox 3455 2107 3595 2162; x_wconf 85' lang='grc' dir='ltr'>κατὰ</span> <span class='ocrx_word' id='word_1_622' title='bbox 3618 2107 3715 2179; x_wconf 80' lang='grc' dir='ltr'><strong>τὴν</strong></span> 
     </span>
    </p>
   </div>
   <div class='ocr_carea' id='block_1_80' title="bbox 2141 2198 3714 2278">
    <p class='ocr_par' dir='ltr' id='par_1_80' title="bbox 2141 2198 3714 2278">
     <span class='ocr_line' id='line_1_80' title="bbox 2141 2198 3714 2278; baseline -0.004 -20"><span class='ocrx_word' id='word_1_623' title='bbox 2141 2207 2208 2260; x_wconf 79' lang='grc' dir='ltr'><strong>ἐκ</strong></span> <span class='ocrx_word' id='word_1_624' title='bbox 2235 2206 2440 2278; x_wconf 80' lang='grc' dir='ltr'>νεκρῶν</span> <span class='ocrx_word' id='word_1_625' title='bbox 2459 2207 2751 2260; x_wconf 80' lang='grc' dir='ltr'>ἀνάστασιν</span> <span class='ocrx_word' id='word_1_626' title='bbox 2779 2203 3052 2276; x_wconf 87' lang='grc' dir='ltr'>προελθὼν</span> <span class='ocrx_word' id='word_1_627' title='bbox 3077 2203 3334 2264; x_wconf 85' lang='grc' dir='ltr'>Βασιλεὺς</span> <span class='ocrx_word' id='word_1_628' title='bbox 3362 2202 3468 2254; x_wconf 84' lang='grc' dir='ltr'>ὑπὸ</span> <span class='ocrx_word' id='word_1_629' title='bbox 3493 2198 3585 2253; x_wconf 84' lang='grc' dir='ltr'><strong>τοῦ</strong></span> <span class='ocrx_word' id='word_1_630' title='bbox 3608 2201 3714 2252; x_wconf 83' lang='grc' dir='ltr'><strong>Πα-</strong></span> 
     </span>
    </p>
   </div>
   <div class='ocr_carea' id='block_1_81' title="bbox 2140 2292 3715 2369">
    <p class='ocr_par' dir='ltr' id='par_1_81' title="bbox 2140 2292 3715 2369">
     <span class='ocr_line' id='line_1_81' title="bbox 2140 2292 3715 2369; baseline -0.004 -19"><span class='ocrx_word' id='word_1_631' title='bbox 2140 2297 2268 2368; x_wconf 80' lang='grc' dir='ltr'>τρὸς</span> <span class='ocrx_word' id='word_1_632' title='bbox 2293 2297 2386 2350; x_wconf 77' lang='grc' dir='ltr'><strong>ἐπὶ</strong></span> <span class='ocrx_word' id='word_1_633' title='bbox 2412 2296 2550 2351; x_wconf 90' lang='grc' dir='ltr'>Σιὼν</span> <span class='ocrx_word' id='word_1_634' title='bbox 2575 2297 2636 2350; x_wconf 84' lang='grc' dir='ltr'><strong>τὸ</strong></span> <span class='ocrx_word' id='word_1_635' title='bbox 2664 2295 2983 2369; x_wconf 77' lang='grc' dir='ltr'>ἐπουράνιον</span> <span class='ocrx_word' id='word_1_636' title='bbox 3011 2295 3135 2367; x_wconf 69' lang='grc' dir='ltr'>ὅρος</span> <span class='ocrx_word' id='word_1_637' title='bbox 3171 2295 3264 2348; x_wconf 89' lang='grc' dir='ltr'><strong>τοῦ</strong></span> <span class='ocrx_word' id='word_1_638' title='bbox 3293 2293 3426 2347; x_wconf 84' lang='grc' dir='ltr'>Θεοῦ</span> <span class='ocrx_word' id='word_1_639' title='bbox 3451 2292 3715 2361; x_wconf 80' lang='grc' dir='ltr'>κατέστη,</span> 
     </span>
    </p>
   </div>
   <div class='ocr_carea' id='block_1_82' title="bbox 2143 2383 3716 2462">
    <p class='ocr_par' dir='ltr' id='par_1_82' title="bbox 2143 2383 3716 2462">
     <span class='ocr_line' id='line_1_82' title="bbox 2143 2383 3716 2462; baseline -0.005 -19"><span class='ocrx_word' id='word_1_640' title='bbox 2143 2391 2237 2443; x_wconf 75' lang='grc' dir='ltr'><strong>καὶ</strong></span> <span class='ocrx_word' id='word_1_641' title='bbox 2261 2391 2318 2442; x_wconf 76' lang='grc' dir='ltr'><strong>ἐν</strong></span> <span class='ocrx_word' id='word_1_642' title='bbox 2345 2390 2481 2461; x_wconf 81' lang='grc' dir='ltr'>αὐτῇ</span> <span class='ocrx_word' id='word_1_643' title='bbox 2501 2392 2566 2462; x_wconf 79' lang='grc' dir='ltr'>τῇ</span> <span class='ocrx_word' id='word_1_644' title='bbox 2611 2389 2855 2460; x_wconf 77' lang='grc' dir='ltr'>βασιλείᾳ</span> <span class='ocrx_word' id='word_1_645' title='bbox 2887 2388 3050 2459; x_wconf 82' lang='grc' dir='ltr'>αὐτοῦ</span> <span class='ocrx_word' id='word_1_646' title='bbox 3085 2386 3312 2458; x_wconf 77' lang='grc' dir='ltr'>ἐγενήθη</span> <span class='ocrx_word' id='word_1_647' title='bbox 3339 2386 3529 2455; x_wconf 82' lang='grc' dir='ltr'>πένης,</span> <span class='ocrx_word' id='word_1_648' title='bbox 3562 2402 3580 2434; x_wconf 77' lang='grc' dir='ltr'><strong>ι</strong></span> <span class='ocrx_word' id='word_1_649' title='bbox 3621 2383 3716 2452; x_wconf 78' lang='grc' dir='ltr'><strong>οὐχ</strong></span> 
     </span>
    </p>
   </div>
   <div class='ocr_carea' id='block_1_83' title="bbox 2144 2475 3718 2553">
    <p class='ocr_par' dir='ltr' id='par_1_83' title="bbox 2144 2475 3718 2553">
     <span class='ocr_line' id='line_1_83' title="bbox 2144 2475 3718 2553; baseline -0.005 -17"><span class='ocrx_word' id='word_1_650' title='bbox 2144 2482 2434 2553; x_wconf 77' lang='grc' dir='ltr'>ἁρπαγμὸν</span> <span class='ocrx_word' id='word_1_651' title='bbox 2459 2481 2759 2553; x_wconf 79' lang='grc' dir='ltr'>ἡγούμενος</span> <span class='ocrx_word' id='word_1_652' title='bbox 2786 2483 2847 2534; x_wconf 86' lang='grc' dir='ltr'><strong>τὸ</strong></span> <span class='ocrx_word' id='word_1_653' title='bbox 2880 2476 3014 2534; x_wconf 76' lang='grc' dir='ltr'>εἶναι</span> <span class='ocrx_word' id='word_1_654' title='bbox 3047 2479 3135 2533; x_wconf 74' lang='grc' dir='ltr'><strong>ἴσα</strong></span> <span class='ocrx_word' id='word_1_655' title='bbox 3163 2478 3302 2549; x_wconf 76' lang='grc' dir='ltr'>Θεῷ,</span> <span class='ocrx_word' id='word_1_656' title='bbox 3333 2497 3352 2530; x_wconf 75' lang='grc' dir='ltr'><strong>ι</strong></span> <span class='ocrx_word' id='word_1_657' title='bbox 3387 2478 3500 2531; x_wconf 80' lang='grc' dir='ltr'>ἀλλ’</span> <span class='ocrx_word' id='word_1_658' title='bbox 3529 2475 3718 2531; x_wconf 74' lang='grc' dir='ltr'>ἑαυτὸν</span> 
     </span>
    </p>
   </div>
   <div class='ocr_carea' id='block_1_84' title="bbox 2141 2567 3718 2642">
    <p class='ocr_par' dir='ltr' id='par_1_84' title="bbox 2141 2567 3718 2642">
     <span class='ocr_line' id='line_1_84' title="bbox 2141 2567 3718 2642; baseline -0.003 -15"><span class='ocrx_word' id='word_1_659' title='bbox 2141 2574 2410 2628; x_wconf 80' lang='grc' dir='ltr'>ταπεινῶν</span> <span class='ocrx_word' id='word_1_660' title='bbox 2438 2575 2531 2627; x_wconf 78' lang='grc' dir='ltr'><strong>καὶ</strong></span> <span class='ocrx_word' id='word_1_661' title='bbox 2553 2573 2650 2642; x_wconf 83' lang='grc' dir='ltr'><strong>τῆς</strong></span> <span class='ocrx_word' id='word_1_662' title='bbox 2679 2574 2936 2627; x_wconf 83' lang='grc' dir='ltr'>ἀνωτάτω</span> <span class='ocrx_word' id='word_1_663' title='bbox 2962 2572 3121 2642; x_wconf 81' lang='grc' dir='ltr'>δόξης</span> <span class='ocrx_word' id='word_1_664' title='bbox 3164 2569 3611 2624; x_wconf 84' lang='grc' dir='ltr'>ὑποκαταϐαίνων</span> <span class='ocrx_word' id='word_1_665' title='bbox 3631 2567 3718 2622; x_wconf 73' lang='grc' dir='ltr'>διὰ</span> 
     </span>
    </p>
   </div>
   <div class='ocr_carea' id='block_1_85' title="bbox 2142 2657 3719 2738">
    <p class='ocr_par' dir='ltr' id='par_1_85' title="bbox 2142 2657 3719 2738">
     <span class='ocr_line' id='line_1_85' title="bbox 2142 2657 3719 2738; baseline -0.004 -20"><span class='ocrx_word' id='word_1_666' title='bbox 2142 2666 2268 2730; x_wconf 77' lang='grc' dir='ltr'>τοὺς</span> <span class='ocrx_word' id='word_1_667' title='bbox 2294 2665 2366 2736; x_wconf 80' lang='grc' dir='ltr'>μὴ</span> <span class='ocrx_word' id='word_1_668' title='bbox 2389 2664 2694 2738; x_wconf 82' lang='grc' dir='ltr'>χωροῦντας</span> <span class='ocrx_word' id='word_1_669' title='bbox 2723 2657 2886 2718; x_wconf 84' lang='grc' dir='ltr'>αὑτοῦ</span> <span class='ocrx_word' id='word_1_670' title='bbox 2911 2667 3002 2718; x_wconf 77' lang='grc' dir='ltr'><strong>τὸν</strong></span> <span class='ocrx_word' id='word_1_671' title='bbox 3029 2663 3128 2734; x_wconf 82' lang='grc' dir='ltr'><strong>τῆς</strong></span> <span class='ocrx_word' id='word_1_672' title='bbox 3152 2663 3340 2733; x_wconf 82' lang='grc' dir='ltr'>σοφίας</span> <span class='ocrx_word' id='word_1_673' title='bbox 3361 2661 3605 2715; x_wconf 88' lang='grc' dir='ltr'>πλοῦτον·</span> <span class='ocrx_word' id='word_1_674' title='bbox 3629 2660 3719 2713; x_wconf 79' lang='grc' dir='ltr'><strong>τὸν</strong></span> 
     </span>
    </p>
   </div>
   <div class='ocr_carea' id='block_1_86' title="bbox 2142 2754 3719 2828">
    <p class='ocr_par' dir='ltr' id='par_1_86' title="bbox 2142 2754 3719 2828">
     <span class='ocr_line' id='line_1_86' title="bbox 2142 2754 3719 2828; baseline -0.003 -17"><span class='ocrx_word' id='word_1_675' title='bbox 2142 2758 2186 2811; x_wconf 81' lang='grc' dir='ltr'>δ’</span> <span class='ocrx_word' id='word_1_676' title='bbox 2218 2758 2338 2811; x_wconf 73' lang='grc' dir='ltr'>ἀντὶ</span> <span class='ocrx_word' id='word_1_677' title='bbox 2367 2757 2554 2812; x_wconf 85' lang='grc' dir='ltr'>τούτου</span> <span class='ocrx_word' id='word_1_678' title='bbox 2581 2757 2868 2828; x_wconf 88' lang='grc' dir='ltr'>λεγόμενον</span> <span class='ocrx_word' id='word_1_679' title='bbox 2902 2755 3296 2828; x_wconf 83' lang='grc' dir='ltr'>ἀναστήσεσθαι</span> <span class='ocrx_word' id='word_1_680' title='bbox 3331 2754 3579 2826; x_wconf 89' lang='grc' dir='ltr'>δεύτερον</span> <span class='ocrx_word' id='word_1_681' title='bbox 3599 2769 3719 2806; x_wconf 86' lang='grc' dir='ltr'>νεα·</span> 
     </span>
    </p>
   </div>
   <div class='ocr_carea' id='block_1_87' title="bbox 2143 2836 3720 2921">
    <p class='ocr_par' dir='ltr' id='par_1_87' title="bbox 2143 2836 3720 2921">
     <span class='ocr_line' id='line_1_87' title="bbox 2143 2836 3720 2921; baseline -0.003 -19"><span class='ocrx_word' id='word_1_682' title='bbox 2143 2848 2343 2914; x_wconf 84' lang='grc' dir='ltr'>νίσκον,</span> <span class='ocrx_word' id='word_1_683' title='bbox 2378 2849 2468 2902; x_wconf 85' lang='grc' dir='ltr'><strong>τὸν</strong></span> <span class='ocrx_word' id='word_1_684' title='bbox 2507 2849 2869 2921; x_wconf 81' lang='grc' dir='ltr'>Ἀντίχριστον</span> <span class='ocrx_word' id='word_1_685' title='bbox 2911 2845 3051 2904; x_wconf 73' lang='grc' dir='ltr'>εἶναι</span> <span class='ocrx_word' id='word_1_686' title='bbox 3090 2848 3472 2920; x_wconf 86' lang='grc' dir='ltr'>ὑπολαμϐάνω,</span> <span class='ocrx_word' id='word_1_687' title='bbox 3505 2845 3622 2916; x_wconf 80' lang='grc' dir='ltr'>μεθ’</span> <span class='ocrx_word' id='word_1_688' title='bbox 3659 2836 3720 2897; x_wconf 76' lang='grc' dir='ltr'>οὗ</span> 
     </span>
    </p>
   </div>
   <div class='ocr_carea' id='block_1_88' title="bbox 2146 2940 3719 3012">
    <p class='ocr_par' dir='ltr' id='par_1_88' title="bbox 2146 2940 3719 3012">
     <span class='ocr_line' id='line_1_88' title="bbox 2146 2940 3719 3012; baseline -0.003 -19"><span class='ocrx_word' id='word_1_689' title='bbox 2146 2940 2468 3011; x_wconf 77' lang='grc' dir='ltr'>σύμπαντας</span> <span class='ocrx_word' id='word_1_690' title='bbox 2515 2943 2640 3004; x_wconf 85' lang='grc' dir='ltr'>τοὺς</span> <span class='ocrx_word' id='word_1_691' title='bbox 2669 2942 2772 2995; x_wconf 84' lang='grc' dir='ltr'><strong>ὑπὸ</strong></span> <span class='ocrx_word' id='word_1_692' title='bbox 2811 2941 2900 2994; x_wconf 81' lang='grc' dir='ltr'><strong>τὸν</strong></span> <span class='ocrx_word' id='word_1_693' title='bbox 2932 2941 3080 3012; x_wconf 78' lang='grc' dir='ltr'>ἥλιον</span> <span class='ocrx_word' id='word_1_694' title='bbox 3114 2941 3321 3006; x_wconf 77' lang='grc' dir='ltr'>ζῶντας</span> <span class='ocrx_word' id='word_1_695' title='bbox 3365 2941 3458 2994; x_wconf 76' lang='grc' dir='ltr'>καὶ</span> <span class='ocrx_word' id='word_1_696' title='bbox 3489 2953 3719 3009; x_wconf 87' lang='grc' dir='ltr'>περιπα-</span> 
     </span>
    </p>
   </div>
   <div class='ocr_carea' id='block_1_89' title="bbox 2143 3028 3720 3105">
    <p class='ocr_par' dir='ltr' id='par_1_89' title="bbox 2143 3028 3720 3105">
     <span class='ocr_line' id='line_1_89' title="bbox 2143 3028 3720 3105; baseline 0.001 -19"><span class='ocrx_word' id='word_1_697' title='bbox 2143 3033 2367 3097; x_wconf 85' lang='grc' dir='ltr'>τοῦντας</span> <span class='ocrx_word' id='word_1_698' title='bbox 2389 3034 2689 3102; x_wconf 79' lang='grc' dir='ltr'>ἑωρακέναι</span> <span class='ocrx_word' id='word_1_699' title='bbox 2718 3034 2881 3105; x_wconf 74' lang='grc' dir='ltr'>φησὶν</span> <span class='ocrx_word' id='word_1_700' title='bbox 2904 3036 2931 3088; x_wconf 89' lang='grc' dir='ltr'><strong>ό</strong></span> <span class='ocrx_word' id='word_1_701' title='bbox 2959 3035 3134 3103; x_wconf 88' lang='grc' dir='ltr'>λόγος·</span> <span class='ocrx_word' id='word_1_702' title='bbox 3163 3035 3309 3098; x_wconf 84' lang='grc' dir='ltr'>τίνες</span> <span class='ocrx_word' id='word_1_703' title='bbox 3336 3034 3381 3088; x_wconf 87' lang='grc' dir='ltr'>δ’</span> <span class='ocrx_word' id='word_1_704' title='bbox 3405 3033 3470 3088; x_wconf 84' lang='grc' dir='ltr'><strong>ἂν</strong></span> <span class='ocrx_word' id='word_1_705' title='bbox 3499 3030 3607 3088; x_wconf 82' lang='grc' dir='ltr'>εῐεν</span> <span class='ocrx_word' id='word_1_706' title='bbox 3635 3028 3720 3088; x_wconf 77' lang='grc' dir='ltr'><strong>οὗ·</strong></span> 
     </span>
    </p>
   </div>
   <div class='ocr_carea' id='block_1_90' title="bbox 2074 3124 3719 3196">
    <p class='ocr_par' dir='ltr' id='par_1_90' title="bbox 2074 3124 3719 3196">
     <span class='ocr_line' id='line_1_90' title="bbox 2074 3124 3719 3196; baseline 0 -20"><span class='ocrx_word' id='word_1_707' title='bbox 2074 3127 2116 3185; x_wconf 89' lang='lat' dir='ltr'><strong>C</strong></span> <span class='ocrx_word' id='word_1_708' title='bbox 2150 3142 2249 3188; x_wconf 89' lang='grc' dir='ltr'>τοι,</span> <span class='ocrx_word' id='word_1_709' title='bbox 2274 3125 2307 3196; x_wconf 81' lang='grc' dir='ltr'>ἢ</span> <span class='ocrx_word' id='word_1_710' title='bbox 2337 3125 2534 3189; x_wconf 86' lang='grc' dir='ltr'>πάντες</span> <span class='ocrx_word' id='word_1_711' title='bbox 2559 3125 2610 3177; x_wconf 76' lang='grc' dir='ltr'>οἱ</span> <span class='ocrx_word' id='word_1_712' title='bbox 2637 3125 2987 3196; x_wconf 83' lang='grc' dir='ltr'>περιέποντες</span> <span class='ocrx_word' id='word_1_713' title='bbox 3013 3125 3111 3196; x_wconf 81' lang='grc' dir='ltr'><strong>τὴν</strong></span> <span class='ocrx_word' id='word_1_714' title='bbox 3141 3126 3245 3178; x_wconf 81' lang='grc' dir='ltr'><strong>ὑπὸ</strong></span> <span class='ocrx_word' id='word_1_715' title='bbox 3272 3125 3361 3179; x_wconf 83' lang='grc' dir='ltr'><strong>τὸν</strong></span> <span class='ocrx_word' id='word_1_716' title='bbox 3397 3125 3547 3196; x_wconf 77' lang='grc' dir='ltr'>ἥλιον</span> <span class='ocrx_word' id='word_1_717' title='bbox 3579 3124 3719 3193; x_wconf 88' lang='grc' dir='ltr'>λεγο-</span> 
     </span>
    </p>
   </div>
   <div class='ocr_carea' id='block_1_91' title="bbox 2150 3215 3269 3288">
    <p class='ocr_par' dir='ltr' id='par_1_91' title="bbox 2150 3215 3269 3288">
     <span class='ocr_line' id='line_1_91' title="bbox 2150 3215 3269 3288; baseline 0 -19"><span class='ocrx_word' id='word_1_718' title='bbox 2150 3215 2316 3288; x_wconf 82' lang='grc' dir='ltr'>μένην</span> <span class='ocrx_word' id='word_1_719' title='bbox 2355 3236 2371 3267; x_wconf 79' lang='grc' dir='ltr'><strong>ι</strong></span> <span class='ocrx_word' id='word_1_720' title='bbox 2413 3218 2762 3287; x_wconf 82' lang='grc' dir='ltr'>Ματαιότητα</span> <span class='ocrx_word' id='word_1_721' title='bbox 2798 3219 3201 3288; x_wconf 87' lang='grc' dir='ltr'>ματαιοτήτων;</span> <span class='ocrx_word' id='word_1_722' title='bbox 3252 3237 3269 3269; x_wconf 74' lang='grc' dir='ltr'><strong>ι</strong></span> 
     </span>
    </p>
   </div>
   <div class='ocr_carea' id='block_1_92' title="bbox 2672 3311 3192 3366">
    <p class='ocr_par' dir='ltr' id='par_1_92' title="bbox 2672 3311 3192 3366">
     <span class='ocr_line' id='line_1_92' title="bbox 2672 3311 3192 3366; baseline -0.004 0"><span class='ocrx_word' id='word_1_723' title='bbox 2672 3313 3065 3366; x_wconf 78' lang='grc' dir='ltr'><strong>ΚΕΦΑΛΑΙΟΝ</strong></span> <span class='ocrx_word' id='word_1_724' title='bbox 3116 3311 3192 3364; x_wconf 87' lang='lat' dir='ltr'><strong>E&#39;.</strong></span> 
     </span>
    </p>
   </div>
   <div class='ocr_carea' id='block_1_93' title="bbox 2541 3404 3336 3471">
    <p class='ocr_par' dir='ltr' id='par_1_93' title="bbox 2541 3404 3336 3471">
     <span class='ocr_line' id='line_1_93' title="bbox 2541 3404 3336 3471; baseline 0 -13"><span class='ocrx_word' id='word_1_725' title='bbox 2541 3405 2643 3458; x_wconf 81' lang='grc' dir='ltr'>Ἐκ</span> <span class='ocrx_word' id='word_1_726' title='bbox 2684 3405 2790 3458; x_wconf 84' lang='grc' dir='ltr'><strong>τοῦ</strong></span> <span class='ocrx_word' id='word_1_727' title='bbox 2837 3404 3336 3471; x_wconf 80' lang='grc' dir='ltr'>Ἐκκλησιαστοῦ.</span> 
     </span>
    </p>
   </div>
   <div class='ocr_carea' id='block_1_94' title="bbox 2224 3491 3723 3566">
    <p class='ocr_par' dir='ltr' id='par_1_94' title="bbox 2224 3491 3723 3566">
     <span class='ocr_line' id='line_1_94' title="bbox 2224 3491 3723 3566; baseline -0.002 -18"><span class='ocrx_word' id='word_1_728' title='bbox 2224 3515 2242 3547; x_wconf 76' lang='grc' dir='ltr'><strong>ι</strong></span> <span class='ocrx_word' id='word_1_729' title='bbox 2291 3496 2399 3549; x_wconf 83' lang='grc' dir='ltr'>Καί</span> <span class='ocrx_word' id='word_1_730' title='bbox 2443 3513 2505 3564; x_wconf 89' lang='grc' dir='ltr'><strong>γε</strong></span> <span class='ocrx_word' id='word_1_731' title='bbox 2553 3496 2710 3549; x_wconf 85' lang='grc' dir='ltr'>τοῦτο</span> <span class='ocrx_word' id='word_1_732' title='bbox 2741 3491 2878 3548; x_wconf 84' lang='grc' dir='ltr'>εἶδον</span> <span class='ocrx_word' id='word_1_733' title='bbox 2922 3496 3112 3565; x_wconf 82' lang='grc' dir='ltr'>σοφίαν</span> <span class='ocrx_word' id='word_1_734' title='bbox 3145 3494 3249 3548; x_wconf 84' lang='grc' dir='ltr'><strong>ὑπὸ</strong></span> <span class='ocrx_word' id='word_1_735' title='bbox 3295 3494 3385 3548; x_wconf 84' lang='grc' dir='ltr'><strong>τὸν</strong></span> <span class='ocrx_word' id='word_1_736' title='bbox 3422 3495 3592 3566; x_wconf 71' lang='grc' dir='ltr'>ἣλιον,</span> <span class='ocrx_word' id='word_1_737' title='bbox 3631 3492 3723 3547; x_wconf 72' lang='grc' dir='ltr'>καὶ</span> 
     </span>
    </p>
   </div>
   <div class='ocr_carea' id='block_1_95' title="bbox 2153 3586 3725 3659">
    <p class='ocr_par' dir='ltr' id='par_1_95' title="bbox 2153 3586 3725 3659">
     <span class='ocr_line' id='line_1_95' title="bbox 2153 3586 3725 3659; baseline -0.001 -18"><span class='ocrx_word' id='word_1_738' title='bbox 2153 3586 2358 3658; x_wconf 84' lang='grc' dir='ltr'>μεγάλη</span> <span class='ocrx_word' id='word_1_739' title='bbox 2416 3588 2531 3639; x_wconf 77' lang='grc' dir='ltr'>ἐστὶ</span> <span class='ocrx_word' id='word_1_740' title='bbox 2570 3587 2707 3657; x_wconf 87' lang='grc' dir='ltr'>πρὸς</span> <span class='ocrx_word' id='word_1_741' title='bbox 2758 3587 2844 3658; x_wconf 86' lang='grc' dir='ltr'>μέ.</span> <span class='ocrx_word' id='word_1_742' title='bbox 2877 3588 3036 3650; x_wconf 87' lang='grc' dir='ltr'>Πόλις</span> <span class='ocrx_word' id='word_1_743' title='bbox 3089 3589 3259 3659; x_wconf 81' lang='grc' dir='ltr'>μικρὰ</span> <span class='ocrx_word' id='word_1_744' title='bbox 3314 3588 3409 3641; x_wconf 68' lang='grc' dir='ltr'><strong>καὶ</strong></span> <span class='ocrx_word' id='word_1_745' title='bbox 3449 3587 3636 3659; x_wconf 81' lang='grc' dir='ltr'>ἄνδρες</span> <span class='ocrx_word' id='word_1_746' title='bbox 3669 3588 3725 3640; x_wconf 84' lang='grc' dir='ltr'>ὲν</span> 
     </span>
    </p>
   </div>
   <div class='ocr_carea' id='block_1_96' title="bbox 2149 3677 3725 3752">
    <p class='ocr_par' dir='ltr' id='par_1_96' title="bbox 2149 3677 3725 3752">
     <span class='ocr_line' id='line_1_96' title="bbox 2149 3677 3725 3752; baseline -0.001 -20"><span class='ocrx_word' id='word_1_747' title='bbox 2149 3680 2284 3750; x_wconf 79' lang='grc' dir='ltr'>αὐτῇ</span> <span class='ocrx_word' id='word_1_748' title='bbox 2315 3678 2507 3747; x_wconf 84' lang='grc' dir='ltr'>ὀλίγοι,</span> <span class='ocrx_word' id='word_1_749' title='bbox 2543 3681 2634 3731; x_wconf 75' lang='grc' dir='ltr'><strong>καὶ</strong></span> <span class='ocrx_word' id='word_1_750' title='bbox 2669 3677 2796 3752; x_wconf 77' lang='grc' dir='ltr'>ἔλθῃ</span> <span class='ocrx_word' id='word_1_751' title='bbox 2821 3681 2900 3742; x_wconf 86' lang='grc' dir='ltr'>εἰς</span> <span class='ocrx_word' id='word_1_752' title='bbox 2930 3679 3096 3750; x_wconf 75' lang='grc' dir='ltr'>αὐτὴν</span> <span class='ocrx_word' id='word_1_753' title='bbox 3123 3679 3370 3749; x_wconf 79' lang='grc' dir='ltr'>βασιλεὺς</span> <span class='ocrx_word' id='word_1_754' title='bbox 3401 3679 3593 3750; x_wconf 84' lang='grc' dir='ltr'>μέγας,</span> <span class='ocrx_word' id='word_1_755' title='bbox 3635 3679 3725 3731; x_wconf 72' lang='grc' dir='ltr'><strong>καὶ</strong></span> 
     </span>
    </p>
   </div>
   <div class='ocr_carea' id='block_1_97' title="bbox 2151 3770 3726 3842">
    <p class='ocr_par' dir='ltr' id='par_1_97' title="bbox 2151 3770 3726 3842">
     <span class='ocr_line' id='line_1_97' title="bbox 2151 3770 3726 3842; baseline -0.002 -17"><span class='ocrx_word' id='word_1_756' title='bbox 2151 3770 2419 3825; x_wconf 84' lang='grc' dir='ltr'>κυκλώσει</span> <span class='ocrx_word' id='word_1_757' title='bbox 2448 3772 2638 3841; x_wconf 77' lang='grc' dir='ltr'>αὐτὴν,</span> <span class='ocrx_word' id='word_1_758' title='bbox 2673 3772 2768 3824; x_wconf 73' lang='grc' dir='ltr'><strong>καὶ</strong></span> <span class='ocrx_word' id='word_1_759' title='bbox 2801 3771 3140 3842; x_wconf 82' lang='grc' dir='ltr'>οἰκοδομήσει</span> <span class='ocrx_word' id='word_1_760' title='bbox 3167 3771 3253 3823; x_wconf 80' lang='grc' dir='ltr'>ἐπ’</span> <span class='ocrx_word' id='word_1_761' title='bbox 3293 3771 3460 3842; x_wconf 79' lang='grc' dir='ltr'>αὐτὴν</span> <span class='ocrx_word' id='word_1_762' title='bbox 3485 3772 3726 3841; x_wconf 80' lang='grc' dir='ltr'>χάρακας</span> 
     </span>
    </p>
   </div>
   <div class='ocr_carea' id='block_1_98' title="bbox 2155 3863 3725 3937">
    <p class='ocr_par' dir='ltr' id='par_1_98' title="bbox 2155 3863 3725 3937">
     <span class='ocr_line' id='line_1_98' title="bbox 2155 3863 3725 3937; baseline -0.003 -18"><span class='ocrx_word' id='word_1_763' title='bbox 2155 3866 2425 3937; x_wconf 81' lang='grc' dir='ltr'>μεγάλους</span> <span class='ocrx_word' id='word_1_764' title='bbox 2446 3883 2458 3896; x_wconf 73' lang='grc' dir='ltr'><strong><em>ο</em></strong></span> <span class='ocrx_word' id='word_1_765' title='bbox 2500 3866 2595 3918; x_wconf 73' lang='grc' dir='ltr'><strong>καὶ</strong></span> <span class='ocrx_word' id='word_1_766' title='bbox 2632 3864 2767 3936; x_wconf 72' lang='grc' dir='ltr'>εὕρῃ</span> <span class='ocrx_word' id='word_1_767' title='bbox 2802 3867 2858 3917; x_wconf 80' lang='grc' dir='ltr'>ὲν</span> <span class='ocrx_word' id='word_1_768' title='bbox 2887 3865 3024 3935; x_wconf 84' lang='grc' dir='ltr'>αὐτῇ</span> <span class='ocrx_word' id='word_1_769' title='bbox 3059 3864 3227 3934; x_wconf 84' lang='grc' dir='ltr'>ἄνδρα</span> <span class='ocrx_word' id='word_1_770' title='bbox 3271 3863 3478 3934; x_wconf 86' lang='grc' dir='ltr'>πένητα</span> <span class='ocrx_word' id='word_1_771' title='bbox 3521 3863 3612 3914; x_wconf 75' lang='grc' dir='ltr'>καὶ</span> <span class='ocrx_word' id='word_1_772' title='bbox 3643 3877 3725 3914; x_wconf 75' lang='grc' dir='ltr'>σοι</span> 
     </span>
    </p>
   </div>
   <div class='ocr_carea' id='block_1_99' title="bbox 2151 3955 3724 4028">
    <p class='ocr_par' dir='ltr' id='par_1_99' title="bbox 2151 3955 3724 4028">
     <span class='ocr_line' id='line_1_99' title="bbox 2151 3955 3724 4028; baseline -0.004 -15"><span class='ocrx_word' id='word_1_773' title='bbox 2151 3960 2270 4028; x_wconf 76' lang='grc' dir='ltr'>φὺν,</span> <span class='ocrx_word' id='word_1_774' title='bbox 2300 3960 2394 4012; x_wconf 74' lang='grc' dir='ltr'>καὶ</span> <span class='ocrx_word' id='word_1_775' title='bbox 2433 3957 2686 4012; x_wconf 85' lang='grc' dir='ltr'>διασώσει</span> <span class='ocrx_word' id='word_1_776' title='bbox 2721 3957 2884 4020; x_wconf 76' lang='grc' dir='ltr'>αὐτὸς</span> <span class='ocrx_word' id='word_1_777' title='bbox 2925 3957 3021 4028; x_wconf 82' lang='grc' dir='ltr'>τὴν</span> <span class='ocrx_word' id='word_1_778' title='bbox 3050 3956 3202 4010; x_wconf 83' lang='grc' dir='ltr'>πόλιν</span> <span class='ocrx_word' id='word_1_779' title='bbox 3241 3959 3298 4010; x_wconf 88' lang='grc' dir='ltr'>ὲν</span> <span class='ocrx_word' id='word_1_780' title='bbox 3325 3959 3390 4027; x_wconf 85' lang='grc' dir='ltr'>τῇ</span> <span class='ocrx_word' id='word_1_781' title='bbox 3429 3955 3590 4027; x_wconf 82' lang='grc' dir='ltr'>σοφίᾳ</span> <span class='ocrx_word' id='word_1_782' title='bbox 3631 3955 3724 4007; x_wconf 79' lang='grc' dir='ltr'><strong>αὒ-</strong></span> 
     </span>
    </p>
   </div>
   <div class='ocr_carea' id='block_1_100' title="bbox 2151 4044 3726 4121">
    <p class='ocr_par' dir='ltr' id='par_1_100' title="bbox 2151 4044 3726 4121">
     <span class='ocr_line' id='line_1_100' title="bbox 2151 4044 3726 4121; baseline -0.003 -19"><span class='ocrx_word' id='word_1_783' title='bbox 2151 4049 2266 4114; x_wconf 87' lang='grc' dir='ltr'>τοῦ,</span> <span class='ocrx_word' id='word_1_784' title='bbox 2309 4050 2401 4102; x_wconf 73' lang='grc' dir='ltr'><strong>καὶ</strong></span> <span class='ocrx_word' id='word_1_785' title='bbox 2427 4048 2712 4121; x_wconf 79' lang='grc' dir='ltr'>ἄνθρωπος</span> <span class='ocrx_word' id='word_1_786' title='bbox 2752 4048 2852 4100; x_wconf 78' lang='grc' dir='ltr'><strong>οὐκ</strong></span> <span class='ocrx_word' id='word_1_787' title='bbox 2873 4047 3115 4118; x_wconf 82' lang='grc' dir='ltr'>ἐμνήσθη</span> <span class='ocrx_word' id='word_1_788' title='bbox 3158 4046 3250 4099; x_wconf 88' lang='grc' dir='ltr'><strong>τοῦ</strong></span> <span class='ocrx_word' id='word_1_789' title='bbox 3281 4047 3471 4118; x_wconf 87' lang='grc' dir='ltr'>ἀνδρὸς</span> <span class='ocrx_word' id='word_1_790' title='bbox 3501 4045 3593 4098; x_wconf 88' lang='grc' dir='ltr'><strong>τοῦ</strong></span> <span class='ocrx_word' id='word_1_791' title='bbox 3631 4044 3726 4099; x_wconf 83' lang='grc' dir='ltr'>πέ-</span> 
     </span>
    </p>
   </div>
   <div class='ocr_carea' id='block_1_101' title="bbox 2153 4135 3727 4212">
    <p class='ocr_par' dir='ltr' id='par_1_101' title="bbox 2153 4135 3727 4212">
     <span class='ocr_line' id='line_1_101' title="bbox 2153 4135 3727 4212; baseline -0.004 -18"><span class='ocrx_word' id='word_1_792' title='bbox 2153 4158 2310 4212; x_wconf 86' lang='grc' dir='ltr'>νητος</span> <span class='ocrx_word' id='word_1_793' title='bbox 2352 4142 2582 4194; x_wconf 80' lang='grc' dir='ltr'>ἐκείνου.</span> <span class='ocrx_word' id='word_1_794' title='bbox 2633 4140 2742 4194; x_wconf 73' lang='grc' dir='ltr'>Καὶ</span> <span class='ocrx_word' id='word_1_795' title='bbox 2775 4135 2902 4193; x_wconf 76' lang='grc' dir='ltr'>εἶπα</span> <span class='ocrx_word' id='word_1_796' title='bbox 2941 4138 3070 4208; x_wconf 75' lang='grc' dir='ltr'>ἐγὼ,</span> <span class='ocrx_word' id='word_1_797' title='bbox 3130 4138 3331 4210; x_wconf 83' lang='grc' dir='ltr'>Ἀγαθὴ</span> <span class='ocrx_word' id='word_1_798' title='bbox 3378 4138 3540 4208; x_wconf 78' lang='grc' dir='ltr'>σοφία</span> <span class='ocrx_word' id='word_1_799' title='bbox 3591 4137 3727 4208; x_wconf 82' lang='grc' dir='ltr'>ὑπὲρ</span> 
     </span>
    </p>
   </div>
   <div class='ocr_carea' id='block_1_102' title="bbox 2151 4229 3726 4303">
    <p class='ocr_par' dir='ltr' id='par_1_102' title="bbox 2151 4229 3726 4303">
     <span class='ocr_line' id='line_1_102' title="bbox 2151 4229 3726 4303; baseline -0.002 -19"><span class='ocrx_word' id='word_1_800' title='bbox 2151 4231 2396 4303; x_wconf 89' lang='grc' dir='ltr'>δύναμιν·</span> <span class='ocrx_word' id='word_1_801' title='bbox 2431 4235 2523 4286; x_wconf 73' lang='grc' dir='ltr'><strong>καὶ</strong></span> <span class='ocrx_word' id='word_1_802' title='bbox 2567 4232 2728 4300; x_wconf 80' lang='grc' dir='ltr'>σοφία</span> <span class='ocrx_word' id='word_1_803' title='bbox 2767 4231 2862 4285; x_wconf 82' lang='grc' dir='ltr'><strong>τοῦ</strong></span> <span class='ocrx_word' id='word_1_804' title='bbox 2912 4232 3140 4300; x_wconf 87' lang='grc' dir='ltr'>πένητος</span> <span class='ocrx_word' id='word_1_805' title='bbox 3179 4231 3599 4301; x_wconf 79' lang='grc' dir='ltr'>ὲξουδενωμένη,</span> <span class='ocrx_word' id='word_1_806' title='bbox 3636 4229 3726 4281; x_wconf 77' lang='grc' dir='ltr'>καὶ</span> 
     </span>
    </p>
   </div>
   <div class='ocr_carea' id='block_1_103' title="bbox 2152 4321 3726 4394">
    <p class='ocr_par' dir='ltr' id='par_1_103' title="bbox 2152 4321 3726 4394">
     <span class='ocr_line' id='line_1_103' title="bbox 2152 4321 3726 4394; baseline -0.004 -16"><span class='ocrx_word' id='word_1_807' title='bbox 2152 4325 2297 4394; x_wconf 87' lang='grc' dir='ltr'>λόγοι</span> <span class='ocrx_word' id='word_1_808' title='bbox 2343 4323 2506 4378; x_wconf 81' lang='grc' dir='ltr'>αὐτοῦ</span> <span class='ocrx_word' id='word_1_809' title='bbox 2551 4324 2650 4377; x_wconf 84' lang='grc' dir='ltr'>οὐκ</span> <span class='ocrx_word' id='word_1_810' title='bbox 2694 4323 2831 4376; x_wconf 72' lang='grc' dir='ltr'>εἰσὶν</span> <span class='ocrx_word' id='word_1_811' title='bbox 2859 4324 3195 4394; x_wconf 83' lang='grc' dir='ltr'>ἀκουόμενοι.</span> <span class='ocrx_word' id='word_1_812' title='bbox 3238 4343 3256 4376; x_wconf 75' lang='grc' dir='ltr'><strong>ι</strong></span> <span class='ocrx_word' id='word_1_813' title='bbox 3303 4323 3454 4376; x_wconf 61' lang='grc' dir='ltr'><strong>Ἐπεὶ⁵</strong></span> <span class='ocrx_word' id='word_1_814' title='bbox 3498 4322 3591 4374; x_wconf 70' lang='grc' dir='ltr'>καὶ</span> <span class='ocrx_word' id='word_1_815' title='bbox 3642 4321 3726 4373; x_wconf 81' lang='grc' dir='ltr'><strong>ὲν-</strong></span> 
     </span>
    </p>
   </div>
   <div class='ocr_carea' id='block_1_104' title="bbox 2155 4405 3728 4484">
    <p class='ocr_par' dir='ltr' id='par_1_104' title="bbox 2155 4405 3728 4484">
     <span class='ocr_line' id='line_1_104' title="bbox 2155 4405 3728 4484; baseline -0.002 -16"><span class='ocrx_word' id='word_1_816' title='bbox 2155 4414 2326 4468; x_wconf 86' lang='grc' dir='ltr'>ταῦθα</span> <span class='ocrx_word' id='word_1_817' title='bbox 2363 4415 2392 4467; x_wconf 86' lang='grc' dir='ltr'><strong>ό</strong></span> <span class='ocrx_word' id='word_1_818' title='bbox 2423 4414 2519 4484; x_wconf 81' lang='grc' dir='ltr'><strong>μὲν</strong></span> <span class='ocrx_word' id='word_1_819' title='bbox 2546 4415 2615 4469; x_wconf 79' lang='grc' dir='ltr'>τὰ</span> <span class='ocrx_word' id='word_1_820' title='bbox 2639 4414 2732 4466; x_wconf 90' lang='grc' dir='ltr'><strong>τοῦ</strong></span> <span class='ocrx_word' id='word_1_821' title='bbox 2768 4414 3004 4484; x_wconf 85' lang='grc' dir='ltr'>πολέμου</span> <span class='ocrx_word' id='word_1_822' title='bbox 3039 4412 3274 4484; x_wconf 82' lang='grc' dir='ltr'>ἐνεργῶν</span> <span class='ocrx_word' id='word_1_823' title='bbox 3310 4411 3560 4483; x_wconf 83' lang='grc' dir='ltr'>βασιλεὺς</span> <span class='ocrx_word' id='word_1_824' title='bbox 3588 4405 3728 4465; x_wconf 78' lang='grc' dir='ltr'>εἶναι</span> 
     </span>
    </p>
   </div>
   <div class='ocr_carea' id='block_1_105' title="bbox 2156 4504 3729 4578">
    <p class='ocr_par' dir='ltr' id='par_1_105' title="bbox 2156 4504 3729 4578">
     <span class='ocr_line' id='line_1_105' title="bbox 2156 4504 3729 4578; baseline -0.004 -16"><span class='ocrx_word' id='word_1_825' title='bbox 2156 4509 2390 4578; x_wconf 88' lang='grc' dir='ltr'>λέγεται,</span> <span class='ocrx_word' id='word_1_826' title='bbox 2418 4509 2446 4560; x_wconf 90' lang='grc' dir='ltr'>ὁ</span> <span class='ocrx_word' id='word_1_827' title='bbox 2473 4508 2528 4560; x_wconf 81' lang='grc' dir='ltr'><strong>δὲ</strong></span> <span class='ocrx_word' id='word_1_828' title='bbox 2572 4507 2846 4571; x_wconf 81' lang='grc' dir='ltr'>διασώζων</span> <span class='ocrx_word' id='word_1_829' title='bbox 2881 4507 2978 4576; x_wconf 79' lang='grc' dir='ltr'><strong>τὴν</strong></span> <span class='ocrx_word' id='word_1_830' title='bbox 3021 4505 3126 4559; x_wconf 81' lang='grc' dir='ltr'><strong>ὑπὸ</strong></span> <span class='ocrx_word' id='word_1_831' title='bbox 3173 4505 3363 4558; x_wconf 87' lang='grc' dir='ltr'>τούτου</span> <span class='ocrx_word' id='word_1_832' title='bbox 3413 4504 3729 4574; x_wconf 86' lang='grc' dir='ltr'>πολιορκου-</span> 
     </span>
    </p>
   </div>
   <div class='ocr_carea' id='block_1_106' title="bbox 2162 4595 3729 4671">
    <p class='ocr_par' dir='ltr' id='par_1_106' title="bbox 2162 4595 3729 4671">
     <span class='ocr_line' id='line_1_106' title="bbox 2162 4595 3729 4671; baseline -0.004 -18"><span class='ocrx_word' id='word_1_833' title='bbox 2162 4601 2328 4671; x_wconf 85' lang='grc' dir='ltr'>μένην</span> <span class='ocrx_word' id='word_1_834' title='bbox 2353 4600 2505 4653; x_wconf 87' lang='grc' dir='ltr'>πόλιν</span> <span class='ocrx_word' id='word_1_835' title='bbox 2533 4599 2672 4670; x_wconf 78' lang='grc' dir='ltr'>ἀνὴρ</span> <span class='ocrx_word' id='word_1_836' title='bbox 2697 4599 2863 4670; x_wconf 87' lang='grc' dir='ltr'>πένης</span> <span class='ocrx_word' id='word_1_837' title='bbox 2900 4599 2994 4651; x_wconf 75' lang='grc' dir='ltr'><strong>καὶ</strong></span> <span class='ocrx_word' id='word_1_838' title='bbox 3023 4598 3203 4668; x_wconf 86' lang='grc' dir='ltr'>σοφός·</span> <span class='ocrx_word' id='word_1_839' title='bbox 3238 4596 3526 4668; x_wconf 86' lang='grc' dir='ltr'>λεγομένου</span> <span class='ocrx_word' id='word_1_840' title='bbox 3557 4595 3729 4648; x_wconf 80' lang='grc' dir='ltr'>δὲκαὶ</span> 
     </span>
    </p>
   </div>
   <div class='ocr_carea' id='block_1_107' title="bbox 2159 4683 3730 4763">
    <p class='ocr_par' dir='ltr' id='par_1_107' title="bbox 2159 4683 3730 4763">
     <span class='ocr_line' id='line_1_107' title="bbox 2159 4683 3730 4763; baseline -0.004 -20"><span class='ocrx_word' id='word_1_841' title='bbox 2159 4693 2216 4744; x_wconf 83' lang='grc' dir='ltr'>ὲν</span> <span class='ocrx_word' id='word_1_842' title='bbox 2250 4690 2329 4761; x_wconf 75' lang='grc' dir='ltr'>τῷ</span> <span class='ocrx_word' id='word_1_843' title='bbox 2359 4691 2465 4762; x_wconf 83' lang='grc' dir='ltr'><strong>πρὸ</strong></span> <span class='ocrx_word' id='word_1_844' title='bbox 2493 4691 2680 4744; x_wconf 90' lang='grc' dir='ltr'>τούτου</span> <span class='ocrx_word' id='word_1_845' title='bbox 2713 4688 2990 4758; x_wconf 81' lang='grc' dir='ltr'>κεφαλαίῳ</span> <span class='ocrx_word' id='word_1_846' title='bbox 3025 4689 3141 4753; x_wconf 93' lang='grc' dir='ltr'>τοῦ,</span> <span class='ocrx_word' id='word_1_847' title='bbox 3186 4687 3410 4756; x_wconf 74' lang='grc' dir='ltr'>Ἀγαθός</span> <span class='ocrx_word' id='word_1_848' title='bbox 3437 4686 3605 4756; x_wconf 83' lang='grc' dir='ltr'>πένης</span> <span class='ocrx_word' id='word_1_849' title='bbox 3638 4683 3730 4763; x_wconf 68' lang='grc' dir='ltr'>καὶ</span> 
     </span>
    </p>
   </div>
   <div class='ocr_carea' id='block_1_108' title="bbox 2161 4774 3730 4852">
    <p class='ocr_par' dir='ltr' id='par_1_108' title="bbox 2161 4774 3730 4852">
     <span class='ocr_line' id='line_1_108' title="bbox 2161 4774 3730 4852; baseline -0.004 -18"><span class='ocrx_word' id='word_1_850' title='bbox 2161 4781 2473 4852; x_wconf 84' lang='grc' dir='ltr'>σοφὸςύπὲρ</span> <span class='ocrx_word' id='word_1_851' title='bbox 2486 4781 2705 4851; x_wconf 80' lang='grc' dir='ltr'>βασιλέα</span> <span class='ocrx_word' id='word_1_852' title='bbox 2732 4780 3098 4852; x_wconf 85' lang='grc' dir='ltr'>πρεσϐύτερον</span> <span class='ocrx_word' id='word_1_853' title='bbox 3123 4781 3215 4833; x_wconf 77' lang='grc' dir='ltr'>καὶ</span> <span class='ocrx_word' id='word_1_854' title='bbox 3236 4780 3462 4850; x_wconf 73' lang='grc' dir='ltr'>ἄφρονα,</span> <span class='ocrx_word' id='word_1_855' title='bbox 3485 4796 3502 4827; x_wconf 75' lang='grc' dir='ltr'><strong>ι</strong></span> <span class='ocrx_word' id='word_1_856' title='bbox 3519 4776 3609 4829; x_wconf 82' lang='grc' dir='ltr'><strong>τὸν</strong></span> <span class='ocrx_word' id='word_1_857' title='bbox 3635 4774 3730 4846; x_wconf 77' lang='grc' dir='ltr'>μὲν</span> 
     </span>
    </p>
   </div>
   <div class='ocr_carea' id='block_1_109' title="bbox 2159 4867 3730 4945">
    <p class='ocr_par' dir='ltr' id='par_1_109' title="bbox 2159 4867 3730 4945">
     <span class='ocr_line' id='line_1_109' title="bbox 2159 4867 3730 4945; baseline -0.005 -17"><span class='ocrx_word' id='word_1_858' title='bbox 2159 4875 2368 4945; x_wconf 79' lang='grc' dir='ltr'>ἄφρονα</span> <span class='ocrx_word' id='word_1_859' title='bbox 2421 4873 2643 4944; x_wconf 87' lang='grc' dir='ltr'>βασιλέα</span> <span class='ocrx_word' id='word_1_860' title='bbox 2683 4873 2773 4926; x_wconf 83' lang='grc' dir='ltr'><strong>τὸν</strong></span> <span class='ocrx_word' id='word_1_861' title='bbox 2810 4873 3053 4927; x_wconf 87' lang='grc' dir='ltr'>διάϐολον</span> <span class='ocrx_word' id='word_1_862' title='bbox 3103 4871 3483 4942; x_wconf 82' lang='grc' dir='ltr'>ὲξειλήφαμεν,</span> <span class='ocrx_word' id='word_1_863' title='bbox 3533 4868 3624 4921; x_wconf 78' lang='grc' dir='ltr'><strong>τὸν</strong></span> <span class='ocrx_word' id='word_1_864' title='bbox 3675 4867 3730 4920; x_wconf 80' lang='grc' dir='ltr'>δὲ</span> 
     </span>
    </p>
   </div>
   <div class='ocr_carea' id='block_1_110' title="bbox 2161 4961 3729 5037">
    <p class='ocr_par' dir='ltr' id='par_1_110' title="bbox 2161 4961 3729 5037">
     <span class='ocr_line' id='line_1_110' title="bbox 2161 4961 3729 5037; baseline -0.003 -19"><span class='ocrx_word' id='word_1_865' title='bbox 2161 4967 2364 5037; x_wconf 82' lang='grc' dir='ltr'>πένητα</span> <span class='ocrx_word' id='word_1_866' title='bbox 2395 4968 2487 5020; x_wconf 74' lang='grc' dir='ltr'><strong>καὶ</strong></span> <span class='ocrx_word' id='word_1_867' title='bbox 2522 4966 2680 5034; x_wconf 82' lang='grc' dir='ltr'>σοφὸν</span> <span class='ocrx_word' id='word_1_868' title='bbox 2706 4965 2795 5017; x_wconf 81' lang='grc' dir='ltr'><strong>τὸν</strong></span> <span class='ocrx_word' id='word_1_869' title='bbox 2819 4965 2884 5018; x_wconf 78' lang='grc' dir='ltr'>δι’</span> <span class='ocrx_word' id='word_1_870' title='bbox 2907 4966 3052 5036; x_wconf 79' lang='grc' dir='ltr'>ἡμᾶς</span> <span class='ocrx_word' id='word_1_871' title='bbox 3082 4964 3271 5016; x_wconf 76' lang='grc' dir='ltr'>ἑαυτὸν</span> <span class='ocrx_word' id='word_1_872' title='bbox 3300 4961 3613 5016; x_wconf 86' lang='grc' dir='ltr'>κενώσαντα</span> <span class='ocrx_word' id='word_1_873' title='bbox 3640 4961 3729 5016; x_wconf 55' lang='grc' dir='ltr'>καὶ</span> 
     </span>
    </p>
   </div>
   <div class='ocr_carea' id='block_1_111' title="bbox 2161 5054 3724 5129">
    <p class='ocr_par' dir='ltr' id='par_1_111' title="bbox 2161 5054 3724 5129">
     <span class='ocr_line' id='line_1_111' title="bbox 2161 5054 3724 5129; baseline -0.004 -17"><span class='ocrx_word' id='word_1_874' title='bbox 2161 5057 2552 5129; x_wconf 85' lang='grc' dir='ltr'>πτωχεύσαντα</span> <span class='ocrx_word' id='word_1_875' title='bbox 2596 5057 2689 5111; x_wconf 90' lang='grc' dir='ltr'><strong>τοῦ</strong></span> <span class='ocrx_word' id='word_1_876' title='bbox 2724 5058 2856 5112; x_wconf 86' lang='grc' dir='ltr'>Θεοῦ</span> <span class='ocrx_word' id='word_1_877' title='bbox 2903 5058 3100 5125; x_wconf 85' lang='grc' dir='ltr'>Λόγον·</span> <span class='ocrx_word' id='word_1_878' title='bbox 3133 5056 3321 5109; x_wconf 88' lang='grc' dir='ltr'>τούτου</span> <span class='ocrx_word' id='word_1_879' title='bbox 3347 5055 3410 5124; x_wconf 81' lang='grc' dir='ltr'>δὴ</span> <span class='ocrx_word' id='word_1_880' title='bbox 3441 5055 3601 5127; x_wconf 89' lang='grc' dir='ltr'>χάριν</span> <span class='ocrx_word' id='word_1_881' title='bbox 3638 5054 3724 5110; x_wconf 80' lang='grc' dir='ltr'>καὶ</span> 
     </span>
    </p>
   </div>
   <div class='ocr_carea' id='block_1_112' title="bbox 2161 5141 3720 5222">
    <p class='ocr_par' dir='ltr' id='par_1_112' title="bbox 2161 5141 3720 5222">
     <span class='ocr_line' id='line_1_112' title="bbox 2161 5141 3720 5222; baseline -0.004 -18"><span class='ocrx_word' id='word_1_882' title='bbox 2161 5151 2228 5205; x_wconf 79' lang='grc' dir='ltr'>τὰ</span> <span class='ocrx_word' id='word_1_883' title='bbox 2264 5151 2598 5222; x_wconf 85' lang='grc' dir='ltr'>προκείμενα</span> <span class='ocrx_word' id='word_1_884' title='bbox 2636 5147 3109 5221; x_wconf 82' lang='grc' dir='ltr'>ὲσημειωσάμεθα,</span> <span class='ocrx_word' id='word_1_885' title='bbox 3142 5147 3240 5200; x_wconf 89' lang='grc' dir='ltr'><strong>ούκ</strong></span> <span class='ocrx_word' id='word_1_886' title='bbox 3279 5145 3436 5200; x_wconf 86' lang='grc' dir='ltr'>ἄλλον</span> <span class='ocrx_word' id='word_1_887' title='bbox 3478 5141 3618 5200; x_wconf 78' lang='grc' dir='ltr'>εἶναι</span> <span class='ocrx_word' id='word_1_888' title='bbox 3653 5161 3720 5197; x_wconf 86' lang='grc' dir='ltr'>νο·</span> 
     </span>
    </p>
   </div>
   <div class='ocr_carea' id='block_1_113' title="bbox 2165 5235 3718 5313">
    <p class='ocr_par' dir='ltr' id='par_1_113' title="bbox 2165 5235 3718 5313">
     <span class='ocr_line' id='line_1_113' title="bbox 2165 5235 3718 5313; baseline -0.006 -19"><span class='ocrx_word' id='word_1_889' title='bbox 2165 5241 2408 5313; x_wconf 77' lang='grc' dir='ltr'>μίζοντες</span> <span class='ocrx_word' id='word_1_890' title='bbox 2440 5241 2529 5294; x_wconf 83' lang='grc' dir='ltr'><strong>τὸν</strong></span> <span class='ocrx_word' id='word_1_891' title='bbox 2569 5240 2751 5294; x_wconf 76' lang='grc' dir='ltr'>ἐνθάδε</span> <span class='ocrx_word' id='word_1_892' title='bbox 2784 5239 3210 5310; x_wconf 82' lang='grc' dir='ltr'>διαγραφόμενον</span> <span class='ocrx_word' id='word_1_893' title='bbox 3261 5235 3552 5306; x_wconf 85' lang='grc' dir='ltr'>πολεμικὸν</span> <span class='ocrx_word' id='word_1_894' title='bbox 3582 5235 3718 5305; x_wconf 84' lang='grc' dir='ltr'>βασι-</span> 
     </span>
    </p>
   </div>
   <div class='ocr_carea' id='block_1_114' title="bbox 2163 5328 3755 5403">
    <p class='ocr_par' dir='ltr' id='par_1_114' title="bbox 2163 5328 3755 5403">
     <span class='ocr_line' id='line_1_114' title="bbox 2163 5328 3755 5403; baseline -0.004 -17"><span class='ocrx_word' id='word_1_895' title='bbox 2163 5333 2257 5386; x_wconf 85' lang='grc' dir='ltr'><strong>λέα</strong></span> <span class='ocrx_word' id='word_1_896' title='bbox 2289 5335 2349 5403; x_wconf 82' lang='lat' dir='ltr'><strong>(f.</strong></span> <span class='ocrx_word' id='word_1_897' title='bbox 2383 5333 2450 5386; x_wconf 75' lang='grc'><strong>27</strong></span> <span class='ocrx_word' id='word_1_898' title='bbox 2485 5334 2560 5403; x_wconf 80' lang='grc' dir='ltr'><strong>νο)</strong></span> <span class='ocrx_word' id='word_1_899' title='bbox 2594 5333 2686 5386; x_wconf 91' lang='grc' dir='ltr'><strong>τοῦ</strong></span> <span class='ocrx_word' id='word_1_900' title='bbox 2718 5335 2834 5384; x_wconf 76' lang='grc' dir='ltr'>ἐκεῖ</span> <span class='ocrx_word' id='word_1_901' title='bbox 2858 5331 3147 5402; x_wconf 65' lang='grc' dir='ltr'>λεγομένου</span> <span class='ocrx_word' id='word_1_902' title='bbox 3177 5328 3438 5400; x_wconf 88' lang='grc' dir='ltr'>βασιλέως</span> <span class='ocrx_word' id='word_1_903' title='bbox 3477 5329 3720 5400; x_wconf 67' lang='grc' dir='ltr'>ἄφρονος</span> <span class='ocrx_word' id='word_1_904' title='bbox 3753 5346 3755 5348; x_wconf 89' lang='grc'>·</span> 
     </span>
    </p>
   </div>
   <div class='ocr_carea' id='block_1_115' title="bbox 2161 5416 3729 5491">
    <p class='ocr_par' dir='ltr' id='par_1_115' title="bbox 2161 5416 3729 5491">
     <span class='ocr_line' id='line_1_115' title="bbox 2161 5416 3729 5491; baseline -0.004 -15"><span class='ocrx_word' id='word_1_905' title='bbox 2161 5422 2420 5486; x_wconf 81' lang='grc' dir='ltr'>ὡσαύτως</span> <span class='ocrx_word' id='word_1_906' title='bbox 2441 5424 2498 5476; x_wconf 86' lang='grc' dir='ltr'>δὲ</span> <span class='ocrx_word' id='word_1_907' title='bbox 2529 5423 2617 5476; x_wconf 86' lang='grc' dir='ltr'><strong>τὸν</strong></span> <span class='ocrx_word' id='word_1_908' title='bbox 2647 5423 2878 5476; x_wconf 77' lang='grc' dir='ltr'>ἐνταῦθα</span> <span class='ocrx_word' id='word_1_909' title='bbox 2906 5419 3236 5484; x_wconf 79' lang='grc' dir='ltr'>διασώζοντα</span> <span class='ocrx_word' id='word_1_910' title='bbox 3265 5423 3329 5491; x_wconf 86' lang='grc' dir='ltr'>τῇ</span> <span class='ocrx_word' id='word_1_911' title='bbox 3361 5419 3552 5472; x_wconf 78' lang='grc' dir='ltr'>ἑαυτοῦ</span> <span class='ocrx_word' id='word_1_912' title='bbox 3574 5416 3729 5488; x_wconf 65' lang='grc' dir='ltr'>σοφίᾳ</span> 
     </span>
    </p>
   </div>
   <div class='ocr_carea' id='block_1_116' title="bbox 2163 5512 3731 5588">
    <p class='ocr_par' dir='ltr' id='par_1_116' title="bbox 2163 5512 3731 5588">
     <span class='ocr_line' id='line_1_116' title="bbox 2163 5512 3731 5588; baseline -0.004 -21"><span class='ocrx_word' id='word_1_913' title='bbox 2163 5514 2259 5585; x_wconf 80' lang='grc' dir='ltr'>τὴν</span> <span class='ocrx_word' id='word_1_914' title='bbox 2287 5515 2750 5588; x_wconf 85' lang='grc' dir='ltr'>πολιορκουμένην</span> <span class='ocrx_word' id='word_1_915' title='bbox 2779 5514 2932 5568; x_wconf 87' lang='grc' dir='ltr'>πόλιν</span> <span class='ocrx_word' id='word_1_916' title='bbox 2965 5514 3056 5568; x_wconf 86' lang='grc' dir='ltr'><strong>τοῦ</strong></span> <span class='ocrx_word' id='word_1_917' title='bbox 3093 5517 3208 5568; x_wconf 81' lang='grc' dir='ltr'>ἐκεῖ</span> <span class='ocrx_word' id='word_1_918' title='bbox 3242 5515 3468 5583; x_wconf 84' lang='grc' dir='ltr'>πένητος</span> <span class='ocrx_word' id='word_1_919' title='bbox 3508 5512 3600 5565; x_wconf 79' lang='grc' dir='ltr'>καὶ</span> <span class='ocrx_word' id='word_1_920' title='bbox 3643 5523 3731 5562; x_wconf 83' lang='grc' dir='ltr'>σο-</span> 
     </span>
    </p>
   </div>
   <div class='ocr_carea' id='block_1_117' title="bbox 2165 5595 3733 5682">
    <p class='ocr_par' dir='ltr' id='par_1_117' title="bbox 2165 5595 3733 5682">
     <span class='ocr_line' id='line_1_117' title="bbox 2165 5595 3733 5682; baseline -0.004 -24"><span class='ocrx_word' id='word_1_921' title='bbox 2165 5604 2287 5675; x_wconf 87' lang='grc' dir='ltr'>φοῦ,</span> <span class='ocrx_word' id='word_1_922' title='bbox 2316 5603 2374 5657; x_wconf 87' lang='grc' dir='ltr'>ὃν</span> <span class='ocrx_word' id='word_1_923' title='bbox 2404 5604 2658 5676; x_wconf 68' lang='grc' dir='ltr'>ὄλέγομεν</span> <span class='ocrx_word' id='word_1_924' title='bbox 2704 5601 2839 5659; x_wconf 75' lang='grc' dir='ltr'>εἶναι</span> <span class='ocrx_word' id='word_1_925' title='bbox 2883 5606 2973 5659; x_wconf 83' lang='grc' dir='ltr'><strong>τὸν</strong></span> <span class='ocrx_word' id='word_1_926' title='bbox 3011 5605 3269 5682; x_wconf 80' lang='grc' dir='ltr'>Χριστόν·</span> <span class='ocrx_word' id='word_1_927' title='bbox 3304 5603 3362 5668; x_wconf 85' lang='grc' dir='ltr'>ὃς</span> <span class='ocrx_word' id='word_1_928' title='bbox 3389 5603 3487 5675; x_wconf 83' lang='grc' dir='ltr'><strong>τὴν</strong></span> <span class='ocrx_word' id='word_1_929' title='bbox 3534 5595 3733 5675; x_wconf 77' lang='grc' dir='ltr'>μικρὰν</span> 
     </span>
    </p>
   </div>
   <div class='ocr_carea' id='block_1_118' title="bbox 2905 5758 3570 5818">
    <p class='ocr_par' dir='ltr' id='par_1_118' title="bbox 2905 5758 3570 5818">
     <span class='ocr_line' id='line_1_118' title="bbox 2905 5758 3570 5818; baseline -0.006 -3"><span class='ocrx_word' id='word_1_930' title='bbox 2905 5760 2950 5793; x_wconf 83' lang='grc'><strong>³⁸</strong></span> <span class='ocrx_word' id='word_1_931' title='bbox 2977 5759 3156 5817; x_wconf 84' lang='lat' dir='ltr'><strong>Eccie.</strong></span> <span class='ocrx_word' id='word_1_932' title='bbox 3191 5773 3265 5818; x_wconf 78' lang='lat' dir='ltr'><strong>Ix.</strong></span> <span class='ocrx_word' id='word_1_933' title='bbox 3297 5758 3479 5815; x_wconf 69' lang='lat'><strong>13—16.</strong></span> <span class='ocrx_word' id='word_1_934' title='bbox 3559 5765 3570 5774; x_wconf 86' lang='lat'><strong><em>°</em></strong></span> 
     </span>
    </p>
   </div>
  </div>
