4106 6434
412 361 553 417 “‘29

1429 361 1725 419 ECLOGA}
1765 361 2248 419 PROPIIETICE.
2290 393 2360 404 —
2396 361 2524 416 LIB.
2566 360 2656 417 III.

3532 368 3667 422 “30

412 477 587 540 πόλιν,
633 474 879 530 τουτέστι
918 473 1008 528 τὸν
1049 473 1321 545 περίγειον
1363 475 1525 528 τόπον
1580 476 1858 547 συγκρίσει
1898 475 1983 530 τοῐ

2098 473 2422 539 incolentes,
2471 490 2582 545 prae
2625 475 2869 529 omnium
2906 475 3264 531 animantium
3296 478 3644 535 multitudine

412 566 615 630 παντὸς
656 567 862 638 κόσμου
898 566 1230 639 βραχύτατον
1271 568 1417 631 ὄντα,
1450 569 1543 621 καί¹
1583 571 1710 632 τοὺς
1745 570 1802 621 ὲν
1833 570 1993 640 αὐτῇ,

412 659 489 723 ὼς
512 660 569 716 ὲν
618 660 916 730 παραθέσει
946 663 1046 732 τῆς
1076 660 1184 715 τῶν
1215 660 1448 729 λογικῶν
1475 660 1729 713 ἁπάντων
1755 659 1995 730 πληθύος

412 751 629 820 ὀλίγους
666 751 826 817 ὄντας
857 753 950 806 ἐπὶ
986 754 1164 809 πάντα
1195 752 1262 807 τὰ
1300 752 1448 823 ἔθνη,
1478 754 1554 816 ὼς
1595 751 1808 821 σταγών
1848 755 1995 806 ἐστιν

412 842 521 897 ἀπὸ
548 843 733 907 κάδου,
758 842 1101 917 ὲλυτρὼσατο
1127 845 1611 917 πολιορκουμένους
1638 846 1746 899 ἀπὸ
1779 848 1878 918 τῆς
1898 846 1993 899 τοῦ

406 934 657 988 διαϐόλου
682 934 975 1005 βασιλείας,
1005 936 1267 990 πάντοθεν
1288 936 1378 990 τὸν
1403 936 1679 1007 περίγειον
1702 935 1876 1007 χῶρον
1902 936 1996 989 καὶ

411 1025 541 1090 τοὺς
571 1028 629 1079 ὲν
660 1023 808 1094 αὐτῷ
831 1022 1176 1092 κυκλούντος,
1198 1023 1604 1095 οίκοδομοῦντός
1634 1040 1693 1076 τε
1725 1023 1810 1077 ἐπ’
1832 1024 1992 1077 αὐτὸν

411 1116 662 1187 χάρακας
686 1115 973 1188 μεγάλους,
999 1134 1017 1167 ι
1035 1116 1133 1180 τὰς
1152 1099 1349 1188 ἀρχὰς,
1368 1115 1583 1179 καὶτὰς
1611 1113 1878 1182 ἐξουσίας,
1896 1116 1991 1170 καὶ

409 1209 536 1271 τοὺς
556 1207 1002 1279 κοσμοκράτορας
1024 1206 1118 1261 τοῦ
1145 1208 1368 1272 σκότους
1390 1206 1602 1270 τούτου,
1630 1208 1723 1261 καὶ
1741 1208 1809 1260 τὰ
1831 1225 1996 1262 πνευ-

414 1296 618 1367 ματικὰ
642 1299 741 1369 τῆς
772 1297 1056 1370 πονηρίας.
1098 1316 1115 1349 ι
1150 1296 1349 1351 Τοῦτον
1392 1291 1484 1350 οὖν
1513 1296 1614 1349 οὐκ
1651 1294 1809 1358 ἄλλος
1844 1311 1928 1358 τις
1957 1294 1991 1365 ἢ

413 1388 572 1458 μόνος
596 1389 844 1443 καθεῖλεν
867 1391 896 1444 ὁ
929 1388 1097 1459 πένης
1123 1388 1218 1443 καὶ
1248 1387 1411 1457 σοφὸς
1439 1388 1540 1458 ἀνὴ
1549 1406 1601 1459 ρ,
1628 1388 1657 1439 ὁ
1678 1385 1870 1456 Σωτὴρ
1899 1386 1992 1439 καὶ

409 1478 613 1551 Κύριος
636 1481 812 1551 ἡμῶν,
844 1480 1088 1544 κενώσας
1118 1479 1312 1534 ἑαυτὸν
1342 1479 1437 1533 καὶ
1467 1480 1532 1533 δι’
1563 1481 1712 1550 ἡμᾶς
1740 1476 1989 1548 πτωχεύ-

409 1587 510 1634 σας
540 1573 599 1626 ὲν
630 1570 708 1642 τῷ
752 1571 969 1643 πλούτῳ
1011 1570 1105 1624 τοῦ
1151 1569 1344 1624 ἑαυτοῦ
1384 1569 1587 1633 ἐλέους,
1625 1568 1721 1625 καὶ
1748 1565 1994 1621 καθελὼν

407 1661 661 1717 διέσωσεν
704 1665 762 1718 ὲν
807 1666 874 1735 τῇ
928 1664 1089 1736 σοφίᾳ
1117 1661 1280 1717 αὐτοῦ
1316 1661 1413 1732 τὴν
1463 1658 1666 1733 μικρὰν
1699 1659 1872 1723 πόλιν,
1915 1658 1990 1721 ὼς

407 1755 556 1818 είκὸς
583 1754 680 1825 τὴν
724 1755 1047 1825 Ἐκκλησίαν
1078 1755 1199 1809 καθ’
1234 1753 1426 1825 ἑτέραν
1463 1751 1711 1823 ἐκδοχὴν,
1743 1750 1837 1805 καί⁵
1866 1749 1993 1812 τοὺς

406 1846 466 1898 ὲν
485 1846 621 1919 αὐτῇ
652 1846 865 1916 ὀλίγους
880 1847 1038 1911 ὄντας
1056 1864 1070 1877 ο
1097 1847 1283 1919 ἐπειδὴ
1307 1867 1324 1898 ι
1361 1848 1519 1919 στενὴ
1543 1848 1635 1900 καὶ
1655 1845 1986 1916 τεθλιμμένη

403 1937 440 2004 ἡ
468 1936 586 2001 ὁδὸς
633 1939 666 2009 ἡ
694 1938 982 2008 ἀπάγουσα
1014 1941 1094 2002 είς
1118 1938 1219 2009 τὴν
1237 1937 1408 2010 ζωὴν,
1434 1937 1531 1991 καί¹
1562 1936 1731 2005 ὀλίγοι
1777 1938 1915 1990 εἰσὶν
1939 1937 1990 1989 οἱ

400 2029 630 2094 διιόντες
658 2031 849 2101 αὐτήν.
886 2050 906 2083 ›
928 2031 1065 2083 Φασὶ
1094 2030 1139 2084 δ’
1172 2032 1221 2084 οἱ
1259 2031 1361 2101 τὴν
1400 2029 1733 2101 τηλικαύτην
1757 2028 1992 2101 ὁρῶντες

398 2122 718 2193 νοίκονομίαν
733 2122 815 2185 τὸ,
840 2141 858 2174 ι
883 2122 1084 2194 Ἀγαθὴ
1121 2121 1283 2190 σοφία
1299 2122 1438 2191 ὑπὲρ
1452 2121 1700 2192 δύναμιν⁸
1722 2141 1740 2173 ι
1764 2121 1990 2192 δύναμιν

394 2210 459 2265 δὲ
477 2210 635 2281 δῆλον
658 2213 740 2266 ὅτι
758 2212 858 2285 τὴν
873 2210 980 2265 τῶν
1007 2211 1280 2281 πολεμίων
1295 2228 1309 2241 ·
1328 2209 1464 2264 ἀλλὰ
1477 2210 1591 2273 καὶ,
1615 2230 1633 2261 ι
1650 2208 1986 2280 Ἀνθρωπος,

403 2303 588 2376 φησὶν,
613 2305 715 2358 οὐκ
743 2301 986 2377 ἐμνήσθη
1005 2301 1097 2357 τοῦ
1115 2302 1305 2374 ἀνδρὸς
1332 2301 1426 2356 τοῦ
1450 2301 1677 2372 πένητος
1698 2300 1906 2355 ἐκείνου
1924 2318 1938 2333 ·
1966 2318 1984 2352 ι

402 2393 537 2459 Θεὸς
577 2395 676 2466 μὲν
715 2395 825 2468 γὰρ
850 2395 919 2467 ἦν
958 2397 988 2448 ὁ
1028 2394 1115 2449 διὰ
1144 2395 1254 2449 τῶν
1290 2393 1588 2469 προφητῶν
1636 2392 1990 2463 μνημονεύων

404 2486 594 2551 αὑτοῦ,
626 2488 722 2542 καὶ
746 2487 1140 2560 προκηρύττων
1164 2486 1233 2540 τὰ
1266 2487 1395 2559 περὶ
1429 2486 1532 2557 τῆς
1561 2487 1641 2549 εἰς
1669 2483 1989 2556 ἀνθρώπους

398 2578 698 2650 ἐπιδημίας
727 2578 915 2633 αὐτοῦ⁹
942 2579 1051 2632 τῶν
1081 2578 1126 2632 δ’
1160 2576 1265 2631 ὑπὸ
1292 2578 1390 2648 τῆς
1423 2575 1615 2646 σοφίας
1655 2575 1763 2629 τῶν
1789 2576 1988 2648 ἀρχόν-

401 2686 514 2724 των
532 2670 722 2724 τούτου
744 2670 838 2724 τοῦ
862 2670 1059 2737 αἰῶνος
1085 2671 1172 2724 ὲνε
1181 2668 1489 2741 ργηθέντων
1520 2668 1642 2723 οὐδὲ
1663 2663 1744 2732 εἷς
1767 2667 1989 2723 πώποτε

398 2762 672 2835 ἐμνήσθη,
704 2764 826 2817 ἐπεὶ
857 2764 977 2836 μηδ’
998 2758 1101 2817 οἷοί
1139 2780 1201 2817 τε
1221 2758 1362 2834 ἦσαν
1383 2762 1583 2816 εἰδέναι
1606 2762 1666 2815 τὸ
1688 2762 1987 2832 μυστήριον

398 2851 462 2906 τὸ
491 2854 981 2926 ἀποκεκρυμμένον
1009 2854 1116 2923 πρὸ
1159 2853 1270 2907 τῶν
1315 2853 1526 2907 αἰώνων
1576 2853 1676 2925 τῆς
1717 2850 1859 2907 κατὰ
1886 2853 1988 2924 τὴν

399 2944 812 3017 ὲνανθρώπησιν
855 2946 1165 3017 οἰκονομίας
1199 2945 1293 3000 τοῦ
1320 2947 1496 3015 Λόγου
1527 2946 1622 2999 τοῦ
1656 2944 1810 2999 Θεοῦ.
1842 2944 1987 3017 Πρὸς

398 3036 609 3103 τούτοις
630 3037 849 3108 λέγεται
877 3039 960 3092 ὅτι
991 3057 1010 3089 ι
1049 3039 1145 3093 καὶ
1188 3039 1348 3107 σοφία
1388 3038 1484 3092 τοῦ
1516 3038 1745 3109 πένητος
1771 3038 1985 3103 ἐξουδε-

397 3126 639 3199 νωμένη·
674 3148 697 3180 ι
733 3129 827 3182 καὶ
868 3129 976 3201 γὰρ
1011 3128 1300 3199 εὐδόκησεν
1325 3132 1353 3183 ὁ
1397 3128 1527 3193 Θεὸς
1565 3147 1585 3180 ι
1622 3127 1709 3182 διὰ
1741 3128 1843 3199 τῆς
1873 3147 1986 3200 μω-

2097 580 2400 636 perpaucos
2432 575 2599 638 atque
2622 567 2765 623 inter
2799 582 2992 624 omnes
3017 578 3207 638 gentes
3232 570 3390 641 quasi
3422 580 3572 643 gutta
3597 575 3665 627 -i-n

2095 673 2291 728 magna
2323 660 2609 729 amphora,
2633 669 2975 731 expugnatas
3006 660 3258 717 liberavit
3300 676 3331 716 a
3359 661 3562 717 diaboli
3586 664 3671 719 di-

2097 749 2263 815 tione,
2289 750 2383 820 qui
2416 751 2563 804 hunc
2591 758 2907 806 terrestrem
2949 752 3133 806 locum
3182 752 3414 823 ejusque
3460 754 3668 810 incolas

2094 841 2244 895 omni
2291 856 2359 897 ex
2410 849 2564 912 parte
2609 842 2931 908 vallaverat,
2964 843 3411 916 munitionesque
3444 861 3669 918 magnas

2094 948 2193 1003 per
2232 948 2426 1004 gyrum
2469 932 2839 1000 exstruxerat,
2879 954 2899 986 ι
2938 935 3216 1006 principes
3257 955 3276 987 ι
3319 937 3531 993 scilicet
3556 958 3575 991 ι
3615 948 3669 995 et

2095 1031 2415 1095 potestates,
2448 1023 2638 1078 mundi
2693 1035 2935 1081 rectores
2982 1029 3335 1082 tenebrarum
3365 1022 3585 1096 barum,
3615 1039 3670 1086 et

2096 1116 2405 1186 spiritualia
2420 1117 2680 1187 nequitiae
2709 1118 2776 1174 “.
2814 1137 2833 1170 ι
2869 1117 3028 1174 Hunc
3062 1120 3229 1187 igitur
3251 1135 3360 1176 non
3381 1122 3522 1178 alius
3548 1125 3671 1193 qui-

2093 1207 2176 1261 vis
2210 1206 2318 1263 nisi
2374 1206 2529 1262 solus
2559 1207 2786 1263 sustulit
2814 1224 3022 1279 pauper
3047 1216 3102 1264 et
3151 1211 3370 1281 sapiens
3408 1211 3515 1275 vir,
3548 1210 3671 1267 Sal-

2091 1302 2269 1359 vatur,
2311 1295 2679 1366 Dominusque
2707 1306 2916 1363 noster,
2937 1300 3261 1357 exinaniens
3289 1302 3665 1372 semetipsum,

2092 1394 2150 1440 et
2189 1395 2414 1457 propter
2440 1402 2544 1442 nos
2578 1387 2741 1459 inops
2785 1387 2967 1444 factus
3011 1389 3069 1443 in
3120 1392 3513 1449 misericordia
3556 1409 3669 1450 suae

2092 1478 2323 1542 divitiis,
2359 1485 2416 1532 et
2457 1479 2551 1534 illo
2587 1480 2825 1545 sublato,
2864 1482 3129 1552 sapientia
3165 1499 3263 1539 sua
3283 1500 3506 1555 parvam
3535 1487 3671 1541 civi—

2093 1577 2258 1623 tatem
2293 1568 2500 1623 salvam
2538 1568 2690 1638 fecit,
2716 1571 2833 1626 sive
2869 1570 3171 1627 Ecclesiam
3207 1573 3312 1626 alia
3343 1574 3668 1646 interpreta-

2092 1662 2266 1723 tione,
2300 1674 2619 1730 paucosque
2648 1662 2742 1731 qui
2765 1669 2895 1716 sunt
2941 1664 2997 1717 in
3032 1678 3114 1718 ea.
3145 1662 3359 1718 Etenim
3387 1683 3408 1715 ι
3440 1676 3670 1736 angusta

2096 1757 2253 1819 porta
2280 1756 2334 1804 et
2365 1758 2518 1804 arcta
2550 1751 2635 1805 via
2662 1758 2747 1806 est
2783 1753 3083 1829 quaeducit
3117 1754 3183 1809 ad
3234 1756 3425 1821 vitam,
3456 1765 3509 1810 et
3536 1771 3671 1827 pan-

2025 1841 2064 1894 B
2094 1843 2145 1896 ci
2200 1851 2348 1907 sunt,
2378 1843 2470 1913 qui
2522 1845 2811 1900 inveniunt
2844 1861 2959 1900 eam
2990 1847 3056 1901 ’⁵.
3094 1866 3112 1899 ι
3168 1845 3293 1903 Hec
3346 1849 3670 1905 mirabiliter

2096 1934 2236 1991 facta
2280 1936 2539 1992 videnles-
2562 1936 2873 1991 exclamant
2908 1956 2921 1991 :
2962 1955 2981 1988 ι
3032 1937 3223 1993 Melior
3266 1946 3352 1993 est
3405 1941 3671 2010 sapientia

2096 2026 2439 2092 fortitudine,
2480 2047 2498 2080 ι
2537 2026 2860 2083 fortitudine
2910 2030 3122 2085 scilicet
3174 2029 3432 2085 hostium.
3475 2026 3582 2087 Sed
3616 2041 3669 2086 et

2098 2137 2117 2170 ι
2148 2120 2356 2186 nullus,
2389 2120 2486 2186 ait,
2523 2121 2845 2177 recordatus
2893 2130 2977 2178 est
3025 2122 3265 2178 hominis
3299 2124 3446 2178 illius
3468 2140 3671 2196 paupe-

2093 2212 2193 2268 ris.
2235 2229 2255 2263 ι
2289 2209 2435 2268 Deus
2464 2211 2610 2268 enim
2638 2220 2759 2267 erat
2786 2213 2879 2285 qui
2921 2217 3008 2270 sui
3033 2230 3130 2285 per
3155 2215 3449 2285 prophetas
3481 2215 3671 2270 admo-

2094 2302 2281 2365 nebat,
2317 2316 2590 2372 suumque
2625 2301 2768 2357 inter
2814 2302 3063 2358 homines
3092 2302 3384 2356 adventum
3414 2302 3672 2373 praedica-

2090 2393 2206 2447 bat.
2233 2392 2329 2448 Isti
2358 2409 2512 2459 vero,
2543 2394 2708 2465 hujus
2731 2394 2918 2450 saeculi
2944 2394 3253 2465 principum
3295 2395 3562 2464 sapientia
3589 2395 3670 2447 af-

2091 2484 2225 2552 ﬂati,
2251 2502 2601 2558 nequaquam
2650 2487 2771 2558 ejus
2808 2488 3078 2542 recordati
3132 2495 3284 2552 sunt,
3316 2487 3408 2558 qui
3461 2497 3665 2558 myste-

2090 2579 2234 2634 rium
2266 2589 2391 2635 ante
2420 2580 2618 2635 saecula
2654 2580 3039 2635 absconditum
3089 2578 3183 2635 Dei
3215 2578 3377 2634 Verbi
3420 2580 3670 2634 incarna-

2091 2670 2259 2726 tionis
2293 2670 2516 2727 minime
2544 2671 2855 2741 perspicere
2887 2671 3159 2727 valebant.
3189 2669 3265 2725 De
3301 2670 3502 2741 quibus
3530 2670 3668 2724 dici-

2089 2769 2232 2818 tur:
2288 2780 2309 2814 ι
2354 2762 2634 2833 Sapientia
2693 2764 2950 2833 pauperis
2987 2768 3320 2830 contempta.
3384 2781 3403 2813 ι
3452 2759 3664 2815 Etenim

2094 2875 2114 2907 ι
2157 2854 2267 2910 Deo
2291 2855 2499 2925 placuit
2532 2854 2941 2926 praedicationis
2978 2854 3210 2910 stultitia
3238 2853 3527 2908 credentes
3557 2853 3668 2907 sal-

2088 2961 2189 3003 vos
2223 2946 2407 3003 facere
2439 2948 2509 2979 "‘
2534 2966 2549 3009 ;
2591 2967 2609 2999 ι
2637 2947 2733 3002 sed
2760 2965 2779 2998 ι
2811 2947 2975 3002 verba
3004 2944 3147 3015 ejus,
3170 2946 3266 3009 ait,
3290 2960 3402 3000 non
3427 2951 3548 3000 sunt
3575 2958 3669 2999 au-

2089 3039 2220 3094 dita.
2267 3059 2286 3092 »
2321 3038 2431 3094 Nec
2454 3040 2599 3093 enim
2633 3039 2876 3095 omnium
2915 3049 2999 3094 est
3033 3037 3334 3093 Sa‘lvatoris
3366 3038 3533 3092 verba
3569 3052 3669 3089 au-

2088 3130 2229 3195 dire,
2267 3131 2375 3186 nisi
2403 3130 2751 3187 solummodo
2776 3121 2965 3185 eorum
2992 3128 3087 3200 qui
3108 3144 3270 3184 aures
3296 3128 3549 3184 audiendi
3576 3127 3668 3180 ha-

397 3216 522 3290 ρίας
545 3217 641 3271 τοῦ
671 3219 1027 3291 κηρύγματος
1050 3221 1220 3273 σῶσαι
1245 3222 1369 3283 τοὺς
1390 3219 1762 3284 πιστεύοντας·
1798 3239 1816 3270 ι
1847 3219 1982 3274 ἀλλὰ

2087 3185 2237 3279 bent.
2262 3185 2508 3294 Namque
2537 3185 2741 3279 Christi
2771 3185 3122 3292 Evangelium
3149 3220 3532 3276 absconditum
3557 3229 3667 3284 est,

392 3324 421 3358 4
456 3308 552 3362 καὶ
571 3311 619 3362 οί
649 3309 795 3378 λόγοι
825 3309 1011 3376 αὐτοῦ,
1044 3311 1230 3383 φησὶν,
1264 3312 1363 3377 οὐκ
1406 3310 1545 3365 εἰσὶν
1576 3311 1917 3382 ἀκουόμενου
1957 3331 1976 3364 ι

393 3403 454 3456 ού
493 3402 712 3457 πάντων
749 3404 856 3475 γάρ
890 3408 1036 3458 ἐστιν
1072 3405 1305 3458 ἀκοῦσαι
1338 3404 1445 3459 τῶν
1473 3404 1568 3458 τοῦ
1611 3405 1863 3475 Σωτῆρος
1894 3403 1981 3458 λό-

2090 3315 2160 3370 iis
2190 3315 2404 3371 scilicet
2433 3315 2527 3385 qui
2556 3331 2665 3369 non
2701 3322 2830 3369 sunt
2862 3314 2983 3384 ejus
3010 3313 3300 3383 discipuli;
3332 3330 3351 3365 ι
3379 3313 3435 3367 in
3474 3312 3543 3369 iis
3574 3312 3665 3384 qui

2088 3415 2320 3474 pereunt
2353 3412 2438 3460 est
2466 3414 2716 3474 opertum
2739 3405 2804 3459 ³⁸.
2835 3424 2856 3455 ›

386 3512 528 3565 γων,
574 3500 625 3551 εί
654 3498 729 3571 μὴ
762 3500 921 3570 μόνον
959 3499 1066 3554 τῶν
1106 3500 1337 3571 ἐχόντων
1368 3495 1484 3553 ὦτα
1522 3502 1603 3563 είς
1646 3500 1709 3552 τὸ
1763 3500 2001 3553 ἀκούειν·
2056 3500 2149 3587 καὶ
2208 3499 2317 3570 γὰρ
2363 3498 2426 3551 τὸ
2469 3499 2796 3568 Εὐαγγέλιον
2833 3497 2929 3551 τοῦ
2973 3494 3212 3579 Χριστοῦ
3259 3493 3667 3567 κεκαλυμμένον

327 3615 341 3641 ι
394 3594 563 3662 ἐστὶν,
591 3595 729 3666 πλὴν
756 3596 816 3648 ού
837 3598 951 3660 τοῖς
977 3596 1143 3651 αὐτοῦ
1169 3595 1456 3668 μαθηταῖς,
1491 3612 1511 3647 ι
1538 3597 1651 3658 τοῖς
1672 3594 1781 3666 γὰρ
1806 3594 2206 3665 ἀπολλυμένοις
2234 3595 2383 3647 ἑστῖν
2411 3592 2844 3665 κεκαλυμμένον.
2884 3613 2903 3644 ι

921 3717 1317 3771 ΚΕΦΑΛΑΙΟΝ
1361 3718 1451 3783 q'.

718 3810 827 3864 Τοῦ
861 3810 1165 3881 ’ᾼσματος
1199 3808 1322 3865 τῶν
1352 3810 1655 3881 ᾀσμάτων.

461 3900 625 3957 Ὀλον
649 3904 710 3956 τὸ
740 3904 941 3974 βιϐλίον
967 3904 1221 3958 ὑπόθεσιν
1250 3903 1363 3974 ἔχει
1394 3903 1611 3975 νύμφης
1634 3903 1812 3977 ἔρωτα
1845 3904 1980 3977 πρὸς

389 3998 642 4068 νυμφίον,
661 3998 1029 4071 ὁμολογούσης
1059 3998 1364 4070 τετρῶσθαι
1393 4001 1459 4071 τῇ
1489 3999 1626 4071 πρὸς
1639 4000 1802 4055 αὑτὸν
1840 4000 1979 4069 ἀγά-

390 4106 491 4163 πῃ,
523 4091 620 4145 καὶ
646 4091 811 4147 αὐτοῦ
836 4092 999 4146 πάλιν
1027 4091 1416 4162 ὁμολογοῦντος
1456 4092 1628 4164 αὐτὴν
1672 4094 1841 4165 μόνην
1869 4094 1979 4146 ἀπὸ

396 4182 658 4238 πλειόνων
692 4184 960 4255 ὑπάρχειν
1007 4183 1156 4254 αὐτῷ
1192 4183 1405 4237 τελείαν
1457 4184 1786 4256 περιστερὰν
1829 4185 1983 4258 παρὰ

381 4275 489 4339 τὰς
509 4275 805 4347 λεγομένας
828 4274 1104 4345 βασιλίδας
1119 4276 1214 4329 καὶ
1234 4275 1568 4341 παλλακίδας
1591 4279 1684 4331 καὶ
1710 4277 1977 4340 νεάνιδας.

381 4369 454 4420 σοι
487 4369 586 4439 μὲν
615 4364 708 4423 οὖν
742 4369 807 4422 ὲκ
854 4368 1159 4439 περιτομῆς
1190 4368 1316 4440 μίαν
1344 4365 1484 4424 εἶναι
1529 4369 1637 4423 τῶν
1686 4386 1973 4423 πεπιστευ-

393 4457 573 4526 μένων
604 4459 734 4530 παρ’
767 4458 951 4524 αὐτοῖς
980 4457 1074 4512 δύο
1102 4457 1196 4512 καὶ
1227 4456 1401 4512 εἴκοσι
1442 4456 1814 4513 θεοπνεύστων
1841 4476 1979 4531 γραα

2696 3711 2927 3770 CAPUT
2955 3711 3045 3767 VI.
3117 3770 3121 3777 .

2521 3806 2572 3861 E
2599 3805 2822 3863 Cantica
2853 3806 3201 3860 canticorum.

2157 3899 2463 3972 Exponitur
2519 3900 2575 3954 in
2629 3906 2745 3953 toto
2790 3898 2931 3952 libro
2961 3911 3176 3968 sponsa:
3223 3908 3351 3967 erga
3399 3909 3661 3966 sponsum

2085 4011 2260 4061 amor,
2293 4009 2414 4066 quae
2440 3995 2794 4063 semetipsum
2835 4005 3021 4045 amore
3063 3988 3209 4044 illius
3257 3988 3499 4043 sauciam
3528 3986 3662 4041 fate-

2082 4099 2197 4154 tur,
2238 4089 2368 4144 dum
2416 4087 2510 4143 ille
2563 4083 2807 4141 vicissim
2853 4097 2981 4141 eam,
3014 4097 3046 4136 e
3096 4080 3286 4137 multis
3319 4081 3491 4138 solam
3538 4095 3662 4135 esse

2086 4180 2193 4239 sibi
2239 4177 2535 4251 perfectam
2575 4175 2883 4230 columbam
2931 4173 3003 4237 ’⁷,
3052 4172 3197 4227 inter
3248 4173 3484 4244 reginas,
3522 4184 3658 4226 con-

2084 4274 2318 4329 cubinas
2349 4278 2405 4326 et
2453 4266 2891 4324 adulescentulas
2916 4265 2963 4298 ⁸⁸
3008 4264 3287 4336 praedicat.
3335 4263 3508 4320 Judaei
3537 4265 3661 4335 qui-

2082 4366 2208 4423 dem
2231 4378 2397 4421 unam
2426 4376 2552 4418 esse
2581 4375 2649 4414 ex
2678 4358 2895 4414 duabus
2923 4364 2979 4413 et
3007 4356 3200 4428 viginti
3232 4371 3372 4427 quas
3398 4354 3657 4412 divinitus

2079 4460 2378 4530 inspiratas
2435 4453 2706 4517 credunt,
2754 4451 2899 4509 hanc
2948 4450 3291 4520 Scripturam
3356 4456 3656 4519 reputant;

388 4545 509 4614 φῶν
540 4538 893 4621 πεπεισμένοι
927 4549 1022 4603 καὶ
1046 4546 1249 4620 ταύτην
1283 4547 1380 4620 τὴν
1405 4547 1649 4621 Γραφὴν,
1679 4548 1779 4602 οὐκ
1806 4542 1898 4601 οἷδ’
1926 4551 1976 4602 εί

2086 4550 2270 4606 nescio
2334 4562 2405 4603 an
2453 4543 2756 4616 quidquam
2824 4540 2881 4595 in
2934 4540 3018 4596 eis
3065 4539 3252 4595 divina
3302 4539 3657 4609 inspiratione

386 4637 560 4710 ἔχοιεν
595 4640 743 4707 ἄξιόν
787 4658 841 4695 τι
871 4641 1020 4705 θείας
1064 4638 1352 4704 ἐπιπνοίας
1393 4639 1684 4712 λεγόμενον
1734 4642 1792 4693 ὲν
1836 4641 1969 4711 αὐτῇ

2086 4641 2306 4712 dignum
2351 4635 2641 4694 ostendere
2683 4641 2910 4704 queant,
2944 4632 2991 4687 si
3038 4630 3178 4686 nihil
3225 4631 3449 4687 litterali
3495 4644 3656 4686 acce-

388 4731 756 4802 παραστῆσαι,
780 4732 856 4804 μὴ
883 4733 1044 4786 πλέον
1071 4750 1123 4786 τι
1141 4733 1239 4804 τῆς
1268 4732 1562 4806 προχείρου
1584 4732 1811 4805 ὲκδοχῆς
1829 4734 1973 4789 κατὰ

386 4817 515 4882 τοὺς
560 4817 753 4889 τόπους
806 4824 1229 4895 φανταζόμενοι·
1273 4825 1303 4878 ὁ
1337 4824 1396 4878 δὲ
1436 4824 1658 4889 δυνατὸς
1702 4823 1765 4896 (f.
1790 4824 1882 4895 28)
1911 4826 1974 4879 τὸ

393 4910 494 4982 μὲν
527 4909 869 4982 ἐπικείμενον
913 4917 1007 4971 καί
1040 4916 1215 4992 ταύτῃ
1242 4920 1308 4989 τῇ
1341 4918 1535 4989 Γραφῇ
1576 4916 1839 4988 κάλυμμα
1871 4935 1971 4971 πε..

385 5001 608 5073 ριελεῐν,
659 5004 984 5075 ἐπιπρέψαι
1037 5009 1092 5061 δὲ
1134 5011 1270 5082 πρὸς
1313 5009 1519 5081 Κύριον
1567 5011 1704 5082 ὅπερ
1752 5011 1867 5063 ἐστὶ
1910 5009 1973 5063 τὸ

382 5093 627 5167 πνεῦμα,
668 5097 763 5149 καί
797 5097 1299 5173 ἀνακεκαλυμμένῳ
1343 5101 1621 5175 προσώπῳ
1652 5102 1752 5173 τὴν
1786 5102 1881 5156 καὶ
1912 5102 1972 5156 ὲν

380 5186 596 5251 τούτοις
623 5187 778 5253 δόξαν
819 5189 913 5243 τοῦ
943 5191 1148 5265 Κυρίου
1177 5193 1652 5267 κατοπτρίζεσθαι,
1699 5194 1969 5267 θεωρήσει

380 5281 447 5333 ὲν
476 5278 615 5351 αὐτῇ
645 5277 717 5333 τὰ
746 5279 889 5334 κατὰ
908 5281 1005 5352 τὴν
1045 5285 1421 5356 πνευματικὴν
1460 5285 1699 5355 νύμφην,
1734 5283 1891 5356 δῆλον
1917 5283 1966 5337 δ’

382 5370 469 5425 ὅτι
508 5371 608 5443 τὴν
646 5370 969 5441 Ἐκκλησίαν
1011 5372 1106 5426 τοῦ
1140 5374 1398 5447 Χριστοῦ,
1449 5377 1742 5448 μυστήρια,
1778 5376 1870 5428 καὶ
1897 5373 1967 5431 τὰ

385 5462 653 5535 λεγόμενα
680 5463 809 5533 περὶ
846 5465 941 5516 τοῦ
981 5465 1187 5518 τελείου
1210 5467 1309 5535 τῆς
1334 5466 1541 5520 τοιασδὶ
1579 5466 1797 5537 νύμφης
1828 5483 1966 5537 νυμ-

387 5556 512 5625 φίου
565 5555 659 5609 καὶ
706 5554 808 5626 τῆς
857 5552 968 5607 τῶν
1021 5554 1304 5626 βασιλίδων
1343 5556 1504 5610 αὑτοῦ
1567 5558 1662 5611 καὶ
1701 5556 1965 5611 παλλακί-

2081 4731 2269 4803 ptione
2291 4728 2473 4798 majus
2504 4726 2597 4780 hic
2628 4725 2958 4793 excogitent.
2991 4722 3095 4789 Qui
3145 4731 3326 4777 autem
3356 4721 3654 4777 obductum

2078 4825 2222 4881 valet
2244 4806 2395 4878 'huic
2444 4818 2747 4888 Scripturae
2793 4817 2974 4874 velum
3020 4820 3284 4886 relegere,
3337 4822 3657 4869 convertere

2079 4912 2147 4971 ad
2198 4914 2490 4970 Dominum
2548 4914 2693 4986 quod
2732 4922 2818 4971 est
2868 4912 3116 4983 spiritus,
3154 4919 3211 4967 et
3266 4921 3454 4982 aperto
3500 4911 3654 4967 vultu

2080 5007 2300 5063 Domini
2350 5007 2579 5079 gloriam
2619 5006 2723 5064 sub
2767 5005 2856 5060 his
2895 5003 3084 5074 ﬁguris
3131 5003 3387 5058 latentem
3438 5004 3654 5074 perspi-

2080 5114 2227 5164 cere.
2258 5097 2549 5154 manifeste
2577 5097 2833 5169 dispiciet
2865 5098 2923 5149 in
2954 5109 3019 5149 ea
3046 5093 3253 5149 Christi
3284 5092 3582 5150 Ecclesiam
3616 5110 3653 5149 α

2078 5190 2353 5260 spirituali
2408 5204 2606 5259 sponsa
2642 5188 2874 5259 mystice
2923 5184 3222 5255 designari,
3255 5191 3310 5240 et
3343 5199 3465 5255 quae
3505 5185 3651 5253 dicta

2074 5290 2206 5339 sunt
2240 5282 2310 5338 de
2348 5282 2590 5354 perfecto
2628 5281 2753 5337 talis
2800 5292 3017 5349 sponsa
3049 5292 3276 5349 sponso,
3312 5286 3369 5333 et
3415 5277 3485 5334 de
3509 5293 3651 5349 reg:-

2074 5391 2271 5430 narum
2323 5377 2471 5445 ejus,
2523 5372 2957 5430 concubinarum
3014 5376 3071 5425 et
3121 5369 3648 5426 adolescentularum

2074 5467 2412 5533 discrimine,
2442 5483 2545 5523 nec
2590 5482 2701 5522 non
2728 5476 3068 5535 quaecunque
3104 5477 3306 5516 arcana
3340 5463 3392 5517 in
3427 5462 3533 5518 hoc
3577 5463 3648 5517 li—

2074 5558 2176 5614 bro
2219 5559 2539 5616 abscondita
2577 5565 2707 5614 sunt
2756 5556 3106 5623 documenta,
3145 5561 3295 5611 recte
3339 5554 3646 5626 intelliget;

455 5715 510 5791 ¹ξ
540 5715 740 5788 Ephes.
793 5734 901 5791 τι,
926 5715 1011 5771 12.
1090 5718 1136 5749 ³⁸
1162 5717 1352 5773 Matth.
1389 5737 1496 5787 vn,
1537 5720 1624 5777 l4.
1705 5720 1809 5775 "‘I
1852 5721 1977 5777 Cor.
2014 5738 2058 5790 I,
2095 5722 2183 5779 2|.
2264 5724 2310 5757 "
2353 5720 2396 5778 II
2420 5722 2549 5781 Cor.
2586 5737 2661 5791 tv,
2699 5720 2754 5775 5.
2830 5719 2873 5752 ’⁷
2914 5717 3074 5773 Cant.
3115 5732 3191 5785 ιι,
3232 5717 3330 5785 1ο,
3368 5718 3472 5783 14,
3502 5734 3556 5787 v,
3587 5716 3644 5776 2.

388 5784 435 5817 ”
473 5784 631 5842 Cant.
670 5805 755 5856 vr,
792 5789 845 5852 7,
877 5789 912 5842 8
996 5832 1005 5839 .

828 5910 1095 5971 ΡΑτιιοι..
1140 5910 1254 5970 Gn.
1304 5909 1510 5971 XXII.

3299 5901 3376 5960 36
