4100 6452
404 409 547 462 Ηῦὗ

409 630 503 676 καὶ
553 623 633 685 εἰς
677 621 773 691 τὴν
804 619 1098 689 λεγομένην
1148 618 1373 689 καρδίαν
1422 618 1610 687 αὐτῆς,
1647 619 1836 687 ἥντινα
1885 619 1978 672 νῦν

408 708 776 781 ὑπολαμϐάνω
803 708 981 779 πηγὴν
1019 706 1295 777 Θαλάσσης
1322 707 1664 778 ὠνομάσθαι-
1700 707 1779 760 ἔτι
1809 707 1864 760 δὲ
1888 710 1981 761 καὶ

407 806 438 858 6
481 807 538 858 ὲν
569 803 769 875 ἴχνεσιν
815 801 1089 872 θαλάσσης
1136 802 1534 872 περιπατήσας,
1576 794 1621 869 ᾧ
1665 801 1812 871 μόνῳ
1844 802 1982 872 μετὰ

411 896 574 965 φόϐου
596 895 942 966 ἠνεῴχθησαν
968 894 1022 946 αἱ
1047 892 1139 945 τοῦ
1163 891 1392 948 θανάτου
1427 892 1611 956 πύλαι,
1639 892 1760 946 καθ’
1787 893 1867 945 ὃτι
1886 893 1981 945 οὐκ

409 983 478 1057 ἦν
498 987 718 1040 δυνατὸν
747 983 1064 1056 κρατεῖσθαι
1089 983 1248 1036 αὑτὸν
1275 984 1366 1035 ὑπ’
1393 982 1578 1046 αὐτοῦ,
1601 983 1778 1047 ὃνκαὶ
1809 985 1858 1037 οἱ
1882 1001 1983 1036 πυ-

409 1079 574 1150 λωροὶ
613 1078 704 1131 τοῦ
748 1076 908 1148 ᾍδου
950 1075 1148 1138 ἰδόντες
1179 1074 1437 1145 ἔπτηξαν,
1470 1073 1703 1147 ὁρῶντες
1746 1075 1805 1128 τὸ
1837 1078 1983 1138 νῖκος

410 1168 505 1221 καλ⁵
535 1167 594 1220 τὸ
617 1168 858 1238 κέντρον,
884 1168 976 1219 καὶ
998 1165 1098 1229 τὰς
1126 1164 1318 1229 ὠδῖνας
1343 1164 1435 1218 τοῦ
1464 1164 1695 1219 Θανάτου
1713 1166 1779 1218 δι’
1818 1166 1981 1220 αὑτοῦ

408 1256 866 1329 καθαιρουμένας·
898 1257 1036 1327 τάχα
1083 1256 1139 1309 δὲ
1168 1256 1378 1318 τούτοις
1415 1259 1526 1320 τοῖς
1572 1256 1841 1329 πυλωροῖς
1875 1257 1984 1311 τῶν

408 1349 591 1403 ἐνθάδε
616 1348 923 1420 λεγομένων
944 1347 1124 1402 πυλῶν
1149 1348 1240 1402 τοῦ
1259 1347 1489 1402 Θανάτου
1513 1348 1618 1402 ὑπό
1638 1366 1799 1402 τινων
1821 1349 1981 1404 Θείων

404 1442 685 1512 δυνάμεων
722 1441 941 1510 ἐλέγετο
978 1441 1122 1495 κατὰ
1159 1441 1251 1495 τὸν
1296 1440 1488 1512 καιρὸν
1525 1440 1619 1493 τοῦ
1654 1440 1857 1504 πάθους
1893 1443 1985 1495 καὶ

405 1533 505 1605 τῆς
536 1535 615 1596 εἰς
658 1532 749 1587 τὸν
796 1533 968 1604 ’ᾍδην
1007 1532 1099 1586 τοῦ
1136 1532 1386 1603 Σωτῆρος
1425 1530 1582 1603 ἡμῶν
1633 1531 1984 1596 καταϐάσεως

405 1622 486 1687 τὸ,
527 1641 545 1673 ι
587 1622 789 1693 Ἀρατε
842 1620 1034 1688 πύλας,
1074 1625 1123 1676 οἱ
1165 1621 1442 1693 ἄρχοντες,
1475 1620 1627 1692 ὑμῶν
1670 1623 1761 1675 καὶ⁵
1810 1622 1982 1692 ἐπάρ-

406 1710 557 1782 θητε,
592 1712 757 1767 πύλαι
787 1712 1014 1778 αἰώνιοι,
1046 1712 1140 1766 καὶ
1163 1711 1524 1765 εἰσελεύσεται
1548 1714 1577 1766 6
1611 1712 1861 1782 βασιλεὺς
1887 1714 1983 1785 τῆς

403 1805 590 1876 δόξηςο
633 1824 653 1857 ι
689 1804 893 1859 αἰώνιοι
914 1805 970 1860 δὲ
990 1804 1233 1879 εἴρηνται
1265 1806 1448 1870 πύλαι,
1479 1805 1555 1868 ὡς
1595 1790 1980 1875 ὑπολαμϐάνω,

402 1897 490 1952 διὰ
519 1898 580 1951 τὸ
608 1897 667 1964 ἐξ
686 1897 880 1961 αἰῶνος
916 1898 1105 1969 μηδενὶ
1142 1897 1285 1969 ἄλλῳ
1319 1897 1489 1961 αὑτὰς
1522 1896 1767 1951 ἀνεῖσθαι
1799 1898 1832 1970 ἦ
1870 1898 1991 1951 τού-

402 2004 481 2058 τῳ
510 1989 656 2059 μόνῳ
686 1987 765 2059 τῷ
793 1987 886 2042 καὶ
913 1988 1039 2051 τοὺς
1071 1987 1238 2042 πάλαι
1280 1988 1410 2041 ποτὲ
1446 1986 1855 2051 καταποθέντας
1883 1987 1988 2041 ὑπὸ

402 2079 496 2133 τοῦ
538 2079 767 2133 θανάτου
809 2081 1099 2152 ῥυσαμένῳ
1131 2081 1225 2133 καὶ
1276 2078 1701 2150 ζωοποιήσαντιο
1749 2081 1880 2151 περὶ
1928 2073 1988 2132 οὗ

403 2170 588 2227 ἐνθάδε
618 2173 716 2244 μὲν
742 2173 957 2246 εἴρηται
990 2173 1069 2238 τὸ,
1092 2192 1110 2223 ι
1154 2173 1481 2241 Ἀνοίγονται
1512 2172 1570 2225 δέ
1607 2190 1687 2227 σοι
1714 2172 1863 2243 φόϐῳ
1890 2173 1990 2225 πύ-

401 2261 490 2316 λαι
522 2263 774 2330 θανάτου,
798 2265 1036 2338 πυλωροὶ
1061 2264 1117 2318 δὲ
1149 2263 1312 2334 ᾍδου
1370 2263 1568 2328 ἰδόντες
1591 2281 1649 2316 σε
1675 2263 1930 2335 ἔπτηξαν·
1966 2284 1983 2314 ι

402 2359 460 2408 ὲν
489 2355 545 2410 δὲ
572 2355 650 2427 τῷ
682 2355 771 2428 pg’
792 2355 993 2427 ψαλμῷ
1011 2357 1091 2422 τὸ,
1129 2376 1147 2406 ‹
1190 2356 1313 2409 Ὅτι
1335 2355 1621 2428 συνέτριψε
1656 2356 1830 2420 πύλας
1858 2356 1986 2426 χαλ-

403 2448 527 2512 κᾶς,
570 2468 590 2501 ι
623 2449 723 2501 οὐκ
748 2448 913 2512 ἄλλας
952 2448 1138 2514 οὔσας,
1180 2451 1254 2515 ὡς
1286 2448 1460 2520 οἶμαι,
1504 2450 1536 2522 ἢ
1572 2449 1671 2514 τὰς
1701 2470 1719 2501 ι
1757 2451 1851 2504 τοῦ
1888 2450 1987 2505 θα-

402 2541 586 2605 νάτου,
615 2540 711 2595 καὶ
761 2541 988 2612 μοχλοὺς
1023 2541 1275 2614 σιδηροῦς
1310 2542 1648 2615 συνέτριψεν,
1695 2564 1713 2595 ι
1744 2544 1900 2616 δῆλον
1941 2545 1986 2598 δ’

401 2633 484 2686 ὅτι
520 2634 646 2697 τοὺς
689 2633 797 2687 τῶν
825 2634 1239 2706 προειρημένων
1280 2635 1483 2689 πυλῶν.
1526 2636 1712 2691 Ταῦτα
1754 2638 1852 2708 μὲν
1893 2633 1986 2691 οὖν

403 2727 533 2795 ἡμῖν
562 2726 637 2788 ώς
663 2725 730 2778 ἂν
757 2726 944 2798 μηδενὶ
969 2727 1141 2798 ἑτέρῳ
1170 2726 1300 2798 ῆτῷ
1327 2727 1546 2800 Χριστῷ
1577 2728 1884 2800 ἁρμόζοντα
1906 2731 1986 2795 εἰς

401 2816 563 2871 αὑτὸν
589 2815 901 2889 ὲξείληπται
924 2835 938 2849 ·
964 2818 1126 2882 αὐτὸς
1149 2818 1257 2889 γάρ
1288 2819 1433 2873 ἐστιν
1469 2812 1513 2886 ᾧ
1542 2821 1718 2874 πᾶσαν
1746 2820 1845 2891 τὴν
1866 2818 1987 2891 κρίέ

403 2924 487 2961 σιν
533 2907 730 2961 ἔδωκεν
758 2909 787 2960 6
818 2909 1028 2980 Πατὴρ,
1064 2908 1204 2963 ὥστε
1238 2910 1398 2963 αὑτὸν
1443 2913 1695 2983 ἀφαιρεῖν
1739 2912 1838 2983 μὲν
1878 2913 1986 2966 άπὸ

401 2999 612 3052 ἀσεϐῶν
644 3000 705 3053 τὸ
751 2998 885 3070 φῶς,
928 2999 1218 3072 βραχίονας
1255 3001 1310 3054 δὲ
1354 3003 1717 3073 ὑπερηφάνων
1765 3005 1982 3076 συντρί-

402 3090 518 3144 ϐειν
537 3109 550 3121 ·
576 3093 624 3144 εἰ
651 3091 708 3144 δέ
738 3108 821 3155 τις
849 3092 976 3162 περὶ
1001 3089 1097 3144 τοῦ
1119 3091 1227 3145 τῶν
1254 3092 1390 3145 ὅλων
1415 3090 1549 3144 Θεοῦ
1579 3092 1786 3163 οἰηθείη
1810 3092 1982 3146 ταῦτα

400 3181 672 3249 λέγεσθαι,
695 3181 1044 3251 ἐπιστησάτω
1062 3183 1109 3233 εἰ
1138 3180 1358 3244 εὐσεϐές
1381 3181 1529 3233 ἐστιν
1557 3181 1648 3234 τὸν
1683 3181 1979 3249 φάσκοντα,

1415 403 1719 458 "ECLOGA?
1759 402 2232 459 PROPHETICA‘I.
2277 436 2344 443 —
2369 403 2495 459 LIB.
2534 403 2619 458 ι-Η.

318 580 321 582 .
404 529 572 592 αὑτός
605 529 750 581 ἐστιν
778 530 806 580 6
830 528 926 581 καὶ
959 527 1038 590 εὶς
1062 525 1128 579 τὰ
1154 524 1433 598 κατώτερα
1459 526 1558 596 τῆς
1583 526 1684 595 γῆς
1719 526 1980 590 καταϐὰς,

2090 523 2294 589 cordia,
2323 540 2446 595 quae
2471 525 2640 579 maris
2670 522 2941 595 profunda
2967 524 3097 579 mihi
3134 524 3443 595 signiﬁcare
3472 524 3661 577 viden-

3515 405 3656 461 “Si

2088 628 2197 680 tur,
2244 617 2569 686 penetravit.
2617 615 2674 670 ιιι
2706 618 3024 675 novissimis
3063 633 3280 688 quoque
3336 618 3516 686 abyssi
3566 617 3660 669 de-

2088 708 2408 772 ambulavit,
2455 709 2543 762 cui
2601 709 2703 763 soli
2756 720 2954 779 aperta:
3016 718 3147 765 sunt
3196 717 3366 779 portae
3421 710 3657 772 mortis;

2089 797 2244 854 nefas
2270 801 2470 870 quippe
2507 808 2624 854 erat
2659 816 2781 854 ριιιιι
2822 816 2852 854 a
2900 809 3076 856 morte
3111 801 3349 865 devinci,
3379 815 3540 870 quem
3577 802 3662 852 in-

2091 891 2229 946 ferni
2263 891 2476 945 ostiarii
2502 892 2750 946 videntes
2784 893 3202 962 pertimuerunt,
3238 890 3520 945 victoriam
3554 891 3663 944 sci-

2091 983 2238 1046 licet,
2269 992 2322 1037 et
2355 983 2659 1047 stimulum,
2694 992 2748 1038 et
2783 984 3001 1039 vincula
3034 985 3226 1049 mortis
3260 986 3330 1039 ab
3356 1000 3421 1039 co
3452 984 3661 1037 sublata

2091 1089 2217 1128 cum
2250 1075 2690 1144 conspexissent.
2722 1075 2820 1131 His
2850 1089 3028 1132 autem
3066 1078 3310 1132 ostiariis
3341 1076 3538 1131 inferni
3575 1076 3655 1145 ja-

2092 1180 2323 1219 nuarum
2353 1179 2383 1218 a
2432 1166 2758 1235 quibusdam
2804 1167 3004 1224 divinis
3046 1168 3406 1239 potestatibus
3458 1167 3664 1222 dictum

2091 1265 2176 1312 est
2209 1266 2454 1327 tempore
2486 1259 2760 1329 passionis
2790 1267 2844 1313 et
2872 1260 3178 1315 Salvatoris
3211 1260 3384 1315 nostri
3429 1258 3496 1312 ad
3526 1257 3665 1312 infe-

2094 1362 2184 1403 ros
2212 1349 2542 1405 descensus:
2574 1368 2592 1400 ι
2626 1348 2872 1404 Attollite
2896 1358 3103 1420 portas.
3128 1351 3427 1421 principes,
3453 1359 3665 1404 vestras

2091 1449 2144 1495 et
2169 1441 2479 1505 elevamini,
2518 1448 2688 1511 portae
2716 1442 3021 1509 :etcrnales,
3050 1448 3104 1497 et
3131 1442 3378 1496 introibit
3407 1442 3519 1496 Rex
3549 1441 3665 1511 glo-

2092 1533 2185 1587 riae
2209 1533 2306 1588 ³⁷.»
2340 1531 2651 1589 ,λΕιει-ιιιιιεε
2680 1542 2849 1603 porta:
2883 1533 3161 1596 dicuntur,
3196 1542 3252 1587 ut
3282 1533 3497 1602 opinor,
3534 1546 3667 1598 quo-

2092 1627 2237 1680 niam
2279 1625 2348 1680 ab
2375 1633 2580 1681 aeterno
2610 1626 2748 1679 nulli
2782 1642 3017 1697 unquam
3055 1632 3280 1695 patuere
3306 1624 3411 1678 nisi
3467 1624 3538 1676 illi
3572 1623 3667 1692 qui

2093 1726 2265 1772 morte
2294 1718 2569 1788 quondam
2608 1719 2856 1773 sublatos
2887 1719 3142 1773 liberavit
3180 1723 3233 1772 et
3265 1716 3349 1769 ad.
3376 1715 3541 1770 vitam
3576 1731 3667 1769 re-

2095 1809 2345 1874 vocavit;
2398 1808 2464 1864 de
2497 1824 2606 1880 quo
2654 1809 2741 1864 hic
2790 1809 3034 1863 dicitur:
3081 1827 3099 1859 ι
3140 1807 3353 1876 Aperta:
3398 1814 3527 1863 sunt
3570 1804 3663 1859 tibi

2025 1903 2063 1956 Β
2094 1915 2217 1954 cum
2247 1901 2443 1955 timore
2470 1908 2639 1970 portae
2665 1904 2878 1964 mortis,
2912 1907 2966 1955 et
3000 1900 3198 1953 inferni
3238 1899 3447 1956 ostiarii
3474 1897 3667 1953 viden-

2094 2001 2174 2048 tes
2207 2000 2260 2048 te
2288 1994 2708 2064 pertimuerunt.
2760 2013 2778 2045 ι
2806 1992 2871 2047 Ει
2912 1993 2965 2046 in
3001 1994 3302 2048 centesimo
3331 2002 3488 2047 sexto
3524 1994 3672 2061 psal-

2093 2099 2217 2139 mo:
2260 2104 2279 2134 ι
2319 2084 2594 2140 Contrivit
2627 2092 2814 2155 portas
2859 2099 3028 2140 aereas
3055 2085 3121 2147 ³⁸,
3162 2103 3180 2135 ι
3215 2084 3406 2137 mortis
3439 2082 3668 2142 scilicet.

2092 2183 2152 2228 ut
2177 2175 2309 2229 mihi
2342 2175 2579 2240 videtur,
2611 2195 2629 2227 ‹
2658 2184 2711 2230 et
2745 2184 2925 2230 vectes
2962 2175 3168 2230 ferreos
3202 2173 3489 2243 confregit,
3526 2191 3545 2224 ι
3573 2173 3671 2227 lia-

2092 2282 2210 2321 rum
2251 2283 2447 2337 nempe
2475 2275 2775 2338 portarunt.
2814 2268 2944 2333 Quae
2977 2267 3197 2337 quidem
3231 2266 3392 2321 nobis
3419 2266 3487 2320 de
3518 2266 3672 2318 null)

2091 2355 2220 2423 alio,
2268 2356 2373 2411 nisi
2433 2357 2498 2411 de
2559 2356 2780 2412 Christo
2810 2356 3161 2428 intelligenda
3220 2356 3496 2411 videntur.
3553 2352 3673 2424 Ipse

2090 2448 2233 2503 enim
2269 2456 2375 2515 est,
2405 2448 2494 2502 cui
2539 2463 2701 2504 omne
2731 2446 3003 2517 judicium
3042 2447 3192 2503 dedit
3215 2446 3402 2509 Pater,
3444 2444 3513 2499 ad
3568 2461 3670 2499 au—

2091 2537 2370 2593 ferendam
2406 2540 2475 2594 ab
2506 2540 2689 2610 impiis
2723 2540 2918 2604 lucem,
2950 2548 3003 2593 et
3053 2539 3280 2594 brachia
3329 2538 3669 2593 excelsorum

2091 2632 2509 2707 confringenda.
2548 2632 2679 2700 Quae
2708 2633 2753 2689 si
2792 2634 2915 2704 quis
2953 2633 3294 2689 existimaret
3320 2631 3388 2687 de
3428 2631 3670 2685 onmium

2092 2723 2204 2780 Deo
2230 2724 2361 2790 dici,
2392 2733 2609 2794 reputet
2644 2741 2711 2780 an
2738 2727 2886 2796 pium
2916 2732 3061 2781 esset
3091 2725 3245 2791 illud,
3289 2744 3307 2775 ι
3330 2723 3448 2779 Νοιι
3470 2708 3667 2778 cmlum

2090 2826 2144 2871 et
2197 2824 2401 2871 terram
2452 2832 2552 2886 ego
2607 2818 2817 2887 ‘repleo,
2878 2816 3009 2872 dicit
3063 2816 3326 2873 Dominus
3354 2817 3422 2884 ",
3454 2836 3472 2868 ι
3509 2815 3671 2884 cujus

2096 2928 2114 2959 ι
2143 2909 2341 2963 coelum
2382 2906 2635 2973 thronus,
2673 2919 2927 2980 terraque
2941 2911 3234 2966 scabellum
3267 2910 3520 2981 pedum“
3549 2930 3568 2962 ι
3603 2910 3672 2962 ab

2092 3002 2185 3055 illo
2216 3001 2325 3057 Deo
2371 3000 2480 3057 dici
2529 3003 2623 3072 qui
2661 3003 2845 3057 omnia
2891 3004 3288 3072 complectitur,
3324 3004 3409 3058 vel
3451 3003 3668 3072 opinari

2089 3107 2213 3147 eum
2261 3108 2428 3163 super
2473 3108 2625 3149 mare
2675 3094 3067 3151 ambulavisse.
3116 3093 3327 3161 Quidve
3378 3094 3578 3149 mirum
3613 3105 3672 3151 et

2093 3184 2338 3238 increata
2397 3192 2595 3239 natura
2650 3185 2910 3257 dignum,
2960 3186 3118 3257 quasi
3170 3186 3403 3242 sublime
3454 3184 3671 3242 facinus

407 3291 423 3321 ¢
451 3273 584 3344 Οὐχὶ
604 3272 693 3327 τὸν
708 3272 934 3343 οὐρανὸν
964 3273 1057 3326 καὶ
1077 3272 1172 3342 τὴν
1202 3273 1304 3344 γῆν
1335 3271 1446 3340 ἐγὼ
1470 3271 1688 3343 πληρῶ,
1708 3272 1857 3340 λέγει
1876 3272 1985 3324 Κύ-

2097 3277 2280 3331 dicere
2306 3277 2549 3346 patuisse
2575 3279 2624 3333 ei
2656 3278 2850 3334 mortis
2890 3279 3125 3348 portas?
3164 3277 3421 3350 Nunquid
3452 3279 3673 3336 deceret

400 3380 538 3437 ριος,
574 3383 593 3415 ι
624 3359 683 3419 οὗ
718 3384 735 3415 ι
772 3367 801 3417 6
823 3363 1052 3434 οὐρανὸς
1074 3362 1280 3433 θρόνος,
1316 3363 1350 3432 ἡ
1383 3362 1440 3415 δὲ
1470 3361 1541 3433 γῆ
1564 3361 1852 3415 ὑποπόδιον
1873 3362 1981 3415 τῶν

401 3455 597 3520 ποδῶν,
642 3474 661 3506 ι
690 3456 780 3509 τὸν
826 3455 1221 3527 ἐμπεριέχοντα
1268 3453 1337 3507 τὰ
1386 3455 1562 3507 πάντα
1613 3454 1747 3506 Θεὸν
1797 3454 1985 3507 τοῦτον

400 3548 651 3617 φάσκειν,
680 3547 713 3619 ἢ
744 3548 848 3601 κᾶν
872 3548 1071 3602 ἐννοεῖν
1095 3548 1152 3598 ὲν
1182 3545 1350 3615 ἴχνεσι
1379 3544 1654 3616 θαλάσσης
1680 3561 1987 3616 περιπεπα-

400 3640 657 3714 τηκέναι·
690 3641 743 3694 τί
788 3641 846 3695 δὲ
877 3641 971 3694 καὶ
1012 3634 1342 3710 θαυμαστὸν,
1378 3637 1410 3708 ἢ
1460 3636 1607 3701 ἄξιον
1637 3637 1739 3708 τῆς
1790 3638 1987 3708 ἀγενή-

399 3752 494 3788 του
529 3734 761 3805 φύσεως,
797 3733 985 3804 ὥσπερ
1022 3732 1165 3803 μέγα
1196 3748 1249 3784 τι
1279 3729 1508 3800 φάσκειν
1541 3728 1813 3799 ὴνεῴχθαι
1840 3729 1988 3800 αὐτῷ

397 3826 499 3891 τὰς
525 3826 620 3880 τοῦ
664 3826 895 3881 θανάτου
937 3824 1143 3889 πύλας;
1187 3818 1297 3894 ἆρα
1328 3820 1386 3873 δὲ
1429 3820 1630 3892 πρέποι
1675 3820 1743 3874 ἂν
1767 3820 1844 3892 τῷ
1877 3820 1986 3874 τῶν

400 3916 535 3970 ὅλων
563 3916 682 3988 Θεῷ
708 3917 782 3980 ὡς
816 3916 959 3987 μέγα
986 3933 1038 3968 τι
1065 3915 1160 3968 καὶ
1194 3912 1495 3984 παράδοξον
1529 3911 1657 3977 περὶ
1689 3911 1881 3966 ἑαυτοῦ
1903 3912 1983 3964 δι-

401 4006 718 4079 εξέρχεσθαι
742 4007 804 4059 τὸ
818 4008 945 4070 τοὺς
973 4007 1257 4079 πυλωροὺς
1279 4005 1371 4060 τοῦ
1390 4005 1558 4058 ’Ἃδου
1589 4004 1795 4067 ἰδόντας
1821 4003 1982 4057 αὐτὸν

2093 3368 2340 3422 omnium
2375 3367 2569 3433 Deum,
2600 3371 2760 3439 quasi
2793 3385 3049 3441 magnum
3081 3371 3356 3440 quoddam
3385 3378 3551 3442 atque
3582 3372 3672 3424 vix

2093 3457 2428 3513 credendum
2468 3459 2538 3515 de
2578 3475 2637 3514 se
2672 3459 2791 3528 ipso
2829 3460 3128 3529 praedicare
3177 3459 3381 3515 inferni
3415 3461 3673 3515 ostiarios

2096 3550 2215 3619 ipso
2248 3551 2365 3605 viso
2404 3551 2808 3606 contremuisse
2836 3551 2859 3604 ’ἓ
2887 3550 3149 3620 Equidem
3182 3566 3292 3605 non
3329 3551 3527 3621 opinor
3558 3551 3673 3606 haec

2095 3639 2163 3693 de
2196 3655 2262 3695 eo
2290 3641 2422 3705 dici,
2456 3641 2553 3696 sed
2584 3641 2672 3710 pie
2698 3656 2761 3694 ac
2786 3641 2838 3693 vi
2868 3643 3017 3694 nulla
3040 3642 3290 3712 adoptari
3312 3651 3544 3712 possunt
3574 3641 3669 3696 Dei

2098 3726 2299 3796 Verbo,
2336 3728 2608 3784 Salvatori
2640 3727 2982 3798 Dominoque
3029 3737 3219 3783 nostro
3260 3728 3390 3786 Jesu
3427 3729 3667 3795 Christo,

2094 3821 2189 3890 qui
2222 3822 2385 3874 homo
2434 3820 2609 3876 factus
2655 3831 2758 3883 est,
2796 3829 3027 3874 mortem
3075 3821 3218 3885 tulit,
3260 3822 3611 3891 surrexitque
3642 3842 3669 3875 a

2093 3915 2345 3985 mortuis
2386 3911 2568 3968 divina
2638 3920 2957 3984 potestate,
3022 3922 3355 3984 acceptaque
3419 3929 3446 3966 ιι
3510 3912 3671 3968 Patre

2092 4006 2316 4061 virtute.

399 4093 732 4169 ἒπτηκέναι;
773 4097 910 4151 Ἀλλ’
944 4097 1083 4169 (οὐκ)
1113 4093 1267 4170 οἶμαι
1323 4097 1493 4152 ταῦτα
1522 4097 1653 4169 περὶ
1686 4095 1853 4150 αὐτοῦ
1914 4096 2190 4167 λέγεσθαι,
2223 4099 2445 4155 δύναταί
2477 4117 2540 4168 γε
2613 4099 2719 4170 μὴν
2755 4098 3086 4170 ἐφαρμόζειν
3119 4098 3355 4163 εὐσεϐῶς
3380 4099 3472 4152 καὶ
3509 4097 3669 4152 ἀδιά-

404 4207 542 4254 στως
565 4190 658 4242 ἐπὶ
685 4189 775 4243 τὸν
820 4189 915 4243 τοῦ
945 4190 1080 4244 Θεοῦ
1115 4192 1306 4257 Λόγον,
1340 4191 1431 4245 τὸν
1472 4190 1701 4260 Σωτῆρα
1748 4189 1842 4241 καὶ
1874 4188 2077 4261 Κύριον
2099 4191 2258 4263 ἡμῶν
2293 4190 2500 4262 Ἰησοῦν
2563 4190 2815 4262 Χριστὸν,
2867 4190 2959 4243 τὸν
3007 4190 3522 4262 ἐνανθρωπήσαντα,
3577 4192 3670 4247 καὶ

403 4282 630 4338 θάνατον
667 4285 1054 4357 ὑπομείναντα,
1086 4286 1394 4340 ἀναστάντα
1426 4303 1484 4340 τε
1519 4287 1582 4339 ἐκ
1615 4284 1822 4355 νεκρῶν
1852 4285 1988 4355 μετὰ
2028 4286 2177 4352 θείας
2204 4288 2484 4359 δυνάμεως
2513 4288 2606 4341 καὶ
2648 4285 2747 4355 τῆς
2775 4285 3020 4354 δοθείσης
3049 4284 3196 4356 αὐτῷ
3239 4283 3387 4356 παρὰ
3423 4283 3515 4337 τοῦ
3565 4282 3672 4337 Πα-

402 4374 529 4447 τρδς
559 4375 823 4442 ἐξουσίας.

946 4495 1339 4547 ΚΕΦΑΛΑῘΟΝ
1366 4494 1442 4545 Θ’.

1049 4609 1160 4663 Τοῦ
1204 4609 1347 4664 Ἰὼϐ.

477 4715 645 4770 Πάλιν
678 4720 707 4772 6
738 4718 941 4792 Κύριος
971 4724 1027 4775 ὲν
1066 4720 1144 4791 τῷ
1178 4721 1315 4794 πρὸς
1340 4722 1434 4774 τὸν
1474 4720 1590 4774 ’1ὼὸ
1621 4722 1990 4791 χρηματισμῷ

402 4803 472 4873 ~(l'.
493 4802 585 4874 29)
619 4811 746 4881 περὶ
780 4810 875 4864 τοῦ
905 4811 1196 4883 δράκοντος
1242 4813 1622 4883 διαλεγόμενός
1648 4829 1832 4882 φησιν,
1862 4831 1881 4862 ι
1916 4813 1990 4865 Οὐ

2716 4485 2944 4540 CAPUT
2988 4485 3074 4539 IX.

2777 4598 2826 4653 E
2867 4598 2991 4653 Job.

2162 4717 2399 4773 Rursum
2428 4715 2692 4769 Dominus
2738 4715 2792 4769 in
2825 4729 2923 4770 sua
2966 4713 3034 4767 ad
3076 4711 3179 4768 Job
3220 4712 3558 4783 apparitione
3599 4714 3670 4768 de

2092 4812 2328 4865 dracone
2367 4808 2671 4863 collocutus
2701 4807 2841 4862 dixit
2875 4821 2889 4857 :
2928 4824 2946 4856 ι
2982 4803 3174 4859 Nonne
3204 4805 3364 4858 times
3392 4804 3536 4873 quod
3567 4816 3664 4874 pa-

409 4895 674 4962 δέδοικας,
705 4903 785 4951 δτι
821 4904 1144 4975 ἡτοίμασται
1180 4922 1301 4976 μοι;
1341 4926 1359 4957 ι
1394 4907 1557 4975 φησιν
1599 4905 1680 4958 ὅτι
1717 4907 1746 4957 6
1779 4904 1985 4976 δράκων

2093 4910 2272 4956 ratum
2291 4909 2375 4957 est
2398 4899 2529 4954 mihi
2549 4898 2594 4931 “
2618 4899 2642 4952 ’ἓ
2673 4917 2692 4950 ι
2719 4897 3013 4954 ostendens
3037 4897 3330 4952 draconem
3350 4910 3461 4949 non
3496 4895 3662 4950 alium

408 4986 510 5039 οὐκ
536 4985 692 5052 ἄλλος
726 4988 802 5043 ὢν
825 4994 919 5042 τοῦ
950 4994 1216 5049 διαϐόλου.
1234 4995 1377 5067 Ὅρα
1389 4993 1482 5050 οὖν
1507 4998 1556 5049 εἰ
1573 4995 1721 5062 ἄξιον
1743 4996 1989 5066 ὑπολαμ-

411 5079 593 5133 ϐάνειν
616 5080 707 5135 τὸν
721 5081 830 5136 τῶν
853 5084 989 5138 ὅλων
1014 5088 1146 5142 Θεὸν
1165 5090 1321 5144 τοῦτο
1346 5091 1597 5158 φάσκειν·
1615 5088 1841 5162 ἁρμόζοι
1852 5091 1898 5142 δ’
1922 5089 1987 5142 ἂν

414 5171 613 5241 μᾶλλον
648 5172 726 5245 τῷ
757 5175 948 5248 Κυρίῳ
981 5180 1077 5231 καὶ
1107 5181 1317 5252 Σωτῆρι
1361 5181 1539 5252 ἡμῶν,
1573 5175 1617 5250 ᾧ
1662 5183 1806 5252 μόνῳ
1845 5180 1989 5251 ἡτοί-

415 5281 615 5333 μασται
640 5267 669 5319 6
699 5266 802 5318 ὑπὸ
832 5268 1056 5339 μηδενὸς
1090 5273 1275 5343 ἑτέρου
1297 5273 1556 5344 νικηθεὶς,
1583 5272 1764 5344 σχεδὸν
1788 5271 1845 5325 δὲ
1878 5270 1988 5325 τῶν

413 5356 626 5409 πάντων
679 5357 1048 5428 ὑπερισχύσας
1084 5359 1345 5425 διάῦολος,
1388 5364 1570 5417 ὅντινα
1623 5363 1782 5434 μόνος
1827 5362 1989 5425 αὐτὸς

410 5450 440 5500 6
473 5449 687 5501 πάντων
746 5449 1088 5522 ἰσχυρότερος
1127 5451 1220 5504 τοῦ
1254 5452 1388 5509 Θεοῦ
1441 5455 1611 5522 Λόγος
1658 5451 1990 5524 ἐχειρώσατο

356 5584 365 5593 ,
413 5541 557 5593 κατά
587 5541 666 5604 τὶ),
701 5560 718 5590 ι
768 5542 825 5594 Ὀ
859 5541 1066 5612 μέλλων
1093 5543 1154 5595 τὸ
1190 5544 1330 5614 μέγα
1363 5544 1527 5614 κῆτος
1550 5542 1937 5615 χειρώσασθαι·
1966 5562 1984 5594 ι

411 5630 441 5683 6
476 5634 569 5685 καὶ
604 5635 1003 5705 χειρωσάμενος
1058 5633 1278 5705 θαρσεῖν
1324 5638 1437 5699 τοῖς
1477 5634 1671 5690 ἑαυτοῦ
1723 5635 1991 5706 μαθηταῖς
2025 5679 2031 5687 .

573 5789 713 5849 Psal.
750 5810 880 5848 mu
905 5834 919 5859 ,
954 5795 1005 5848 7.

1112 5794 1154 5826 ³⁸
1190 5791 1336 5848 Psal.
1373 5809 1457 5848 cvi
1482 5834 1496 5859 ,
1536 5794 1616 5849 i6.

416 5871 515 5922 ιιι,
550 5859 601 5914 8.
699 5921 709 5930 υ

1730 5795 1772 5827 ³³
1813 5790 1923 5848 Jer.
1961 5804 2131 5857 XXII],
2161 5787 2252 5842 2i.

2088 5011 2209 5051 esse
2238 5011 2301 5051 ac
2326 4995 2627 5052 diabolum.
2662 4992 2800 5049 Vide
2830 4992 2993 5063 igitur
3019 5006 3090 5046 an
3122 4991 3344 5061 dignum
3369 4996 3517 5045 esset
3545 4989 3664 5044 exi-

2089 5089 2314 5143 stimare
2367 5088 2612 5142 omnium
2645 5085 2817 5141 Deum
2848 5086 2952 5139 hoc
2982 5083 3199 5148 dicere;
3229 5081 3426 5137 melius
3458 5095 3660 5137 conve-

2089 5179 2234 5234 niret
2262 5179 2395 5233 illud
2428 5177 2660 5233 Domino
2688 5184 2742 5233 et
2773 5175 3041 5231 Salvatori
3073 5182 3282 5237 nostro,
3312 5173 3400 5227 cui
3426 5172 3528 5228 soli
3559 5187 3659 5242 pa-

2087 5276 2241 5323 ratus
2269 5275 2354 5323 est
2377 5267 2469 5322 ille
2510 5281 2671 5337 quem
2722 5276 2884 5320 nemo
2924 5275 3166 5333 unquam
3195 5259 3422 5325 vicerat,
3461 5257 3665 5328 quiquo

2090 5359 2335 5414 omnium
2359 5359 2473 5413 fere
2500 5357 2786 5413 exstiterat
2803 5354 3000 5423 victor,
3026 5352 3297 5417 diabolus,
3322 5366 3484 5420 quem
3509 5351 3662 5408 solus

2091 5452 2210 5523 ipse
2241 5452 2484 5507 omnium
2515 5447 2869 5514 fortissimus,
2903 5444 3000 5501 Dei
3034 5442 3270 5501 Verbum
3314 5444 3535 5508 devicit,
3573 5458 3660 5499 se-

2091 5547 2327 5598 cundum
2366 5541 2498 5596 illud
2548 5558 2563 5595 :
2630 5556 2652 5592 ‹
2705 5537 2808 5604 Qui
2856 5551 3114 5609 magnum
3174 5543 3295 5593 cete
3345 5536 3661 5593 devicturus

2092 5640 2178 5687 est
2204 5631 2269 5686 δ’.
2314 5650 2331 5683 ι
2359 5629 2479 5696 Quo
2515 5629 2659 5682 enim
2701 5628 2999 5691 substrata,
3041 5626 3341 5697 discipulos
3369 5641 3499 5682 suos
3528 5643 3659 5682 con-

2365 5784 2410 5818 ”
2449 5783 2553 5841 lsa.
2591 5797 2715 5838 m1
2742 5825 2756 5851 ,
2792 5781 2843 5835 ι.
2958 5781 3001 5813 ⁸⁸
3043 5778 3144 5837 Job
3178 5795 3287 5848 xu,
3326 5780 3377 5836 1.
3473 5781 3515 5811 δ’
3550 5776 3655 5837 Joh
