4100 6464
433 395 580 451 MSS

1144 399 1413 456 EUS‘EBII
1452 401 1925 456 CAESABIENSIS
1967 400 2116 457 OPP.
2161 401 2344 456 PARS
2378 401 2461 458 III.
2507 434 2575 443 —
2613 402 3026 461 EXEGETICA.

3570 410 3709 465 H56

441 513 607 570 ﬁdere
654 515 830 585 jubet,
854 515 1044 574 dicens
1082 538 1095 573 :
1135 540 1153 572 ι
1203 519 1493 592 Conﬁdite,
1546 540 1648 597 ego
1699 526 1805 582 vici
1853 540 1997 580 mun-

2117 525 2552 596 παρακελεύεται
2591 526 2782 596 λέγων,
2823 547 2840 578 ι
2870 528 3151 599 Θαρσεῖτε,
3188 528 3300 599 ἐγὼ
3328 532 3585 605 νενίκηκα
3612 536 3705 587 τὸν

438 607 570 663 dum
602 609 667 665 ”.
705 631 724 665 ο

508 704 634 759 Hzec
682 713 814 761 sunt
864 707 933 778 de
976 710 1204 780 poeticis
1250 726 1373 782 quae
1423 711 1674 768 Psalmos
1709 722 2015 783 sequuntur

436 796 621 862 libris;
668 808 921 869 superest
948 813 1007 857 ut
1039 803 1093 858 in
1139 804 1488 875 propheticas
1527 803 1866 876 Scripturas,
1910 808 2018 877 pri-

433 904 693 961 mumque
730 895 785 946 in
815 893 1105 950 duodecim
1134 898 1559 954 commentarios
1593 899 1939 970 colligamus.

1043 1007 1278 1064 CAPUT
1319 977 1425 1064 x.'

1068 1123 1154 1178 Ea:
1192 1123 1345 1180 Osee.

507 1231 527 1263 ι
555 1212 744 1284 Itaque
772 1231 871 1286 ego
900 1232 1020 1271 sum
1052 1218 1208 1287 quasi
1244 1219 1448 1288 pardus
1474 1219 1733 1291 Ephraim
1772 1228 1827 1277 et
1854 1222 2008 1293 quasi

429 1300 515 1355 leo
542 1302 724 1358 domui
757 1303 895 1359 Juda
926 1306 993 1360 “.
1033 1326 1052 1359 ι
1090 1306 1155 1361 Et
1195 1308 1249 1361 in
1291 1308 1399 1363 alio
1442 1310 1567 1366 loco
1599 1312 1844 1382 ejusdem
1885 1327 2014 1382 pro-

429 1394 605 1463 pheta}
636 1394 902 1454 Dominus
930 1397 996 1453 de
1020 1414 1080 1454 se
1106 1398 1229 1469 ipso
1246 1399 1379 1454 dicit
1408 1419 1421 1455 ε
1451 1420 1470 1453 ι
1505 1401 1572 1455 Ει
1598 1419 1692 1459 ero
1713 1404 1855 1458 sicut
1879 1420 2012 1473 par-

427 1485 530 1541 dus
561 1489 626 1542 η.
661 1508 679 1540 ι
706 1487 944 1545 Necesse
969 1496 1053 1544 est
1083 1490 1248 1560 igitur
1276 1507 1399 1561 quae
1426 1492 1493 1548 de
1516 1493 1617 1548 hac
1650 1494 1761 1549 fera
1788 1503 2011 1548 narrata

424 1588 558 1633 sunt
586 1579 801 1646 videre;
843 1581 1191 1654 primumque
1238 1583 1351 1638 htec
1391 1584 1447 1638 in
1490 1583 1704 1656 Didymi
1760 1585 2009 1657 Physicis

426 1672 763 1727 invenimus.

495 1762 707 1819 Pardus
732 1764 932 1818 animal
973 1780 1079 1820 non
1112 1765 1289 1821 solum
1327 1774 1415 1821 est
1447 1767 1733 1837 pulchrum
1777 1784 2009 1841 corpore

2120 635 2342 671 κοσμον.
2376 638 2393 669 ι

2190 636 2221 670 σ
2266 636 2342 671 ον.
2376 638 2393 669 ι

2188 636 2371 762 Tifata
2402 710 2497 765 καὶ
2525 710 2593 763 τὰ
2620 711 2729 764 ἀπὸ
2758 714 2868 765 τῶν
2906 712 3044 783 μετὰ
3078 715 3202 779 τοὺς
3230 714 3479 788 ψαλμοὺς
3513 735 3703 790 στιχη-

2121 801 2246 870 ρῶν·
2273 800 2449 853 λείπει
2491 800 2558 853 τὰ
2583 801 2689 854 ἀπὸ
2728 802 2834 854 τῶν
2874 804 3228 875 προφητικῶν
3256 802 3490 877 Γραφῶν
3521 807 3704 863 ἀναλέ-

2118 892 2329 957 ξασθαι,
2367 894 2459 946 καὶ
2491 894 2683 965 πρῶτά
2711 911 2774 964 γε
2803 895 2871 949 τά
2894 898 3002 950 ἀπὸ
3026 897 3136 952 τῶν
3168 897 3397 954 δώδεκα.

2646 1009 3048 1064 ΚΕΦΑΛἈΙΟΝ
3109 1012 3167 1064 I’.

2652 1120 2785 1173 Ἀπὸ
2819 1120 2928 1174 τοῦ
2972 1121 3167 1189 Ὠσηέ.

2192 1228 2211 1259 ‹
2248 1210 2393 1263 Διότι
2427 1208 2540 1278 ἐγώ
2566 1211 2681 1281 εἰμι
2716 1210 2791 1273 ὡς
2829 1209 3048 1281 πάνθηρ
3093 1199 3171 1283 τῷ
3213 1210 3471 1284 Ἐφραῒμ,
3505 1214 3598 1268 καὶ
3626 1214 3704 1278 ὡς

2113 1303 2249 1358 λέων
2277 1302 2355 1374 τῷ
2382 1302 2518 1375 οἴκῳ
2560 1302 2749 1357 Ἰούδα.
2791 1322 2809 1354 ι
2853 1305 3005 1358 Ἐπεὶ
3035 1306 3129 1359 καὶ
3157 1308 3215 1359 ἐν
3239 1305 3408 1376 ἑτέρῳ
3436 1306 3586 1376 τόπῳ
3606 1304 3702 1358 τοῦ

2114 1394 2280 1449 αὐτοῦ
2303 1396 2583 1467 προφήτου
2601 1396 2630 1448 6
2655 1392 2859 1465 Κύριος
2890 1395 3018 1466 περὶ
3034 1392 3225 1448 ἑαυτοῦ
3254 1412 3418 1467 φησιν
3438 1395 3520 1458 τὸ,
3551 1414 3568 1444 ι
3590 1395 3704 1447 Καὶ

2114 1472 2305 1558 ἔσομαι
2328 1487 2403 1550 ὡς
2435 1486 2672 1557 πάνθηρ,
2703 1504 2720 1538 ι
2754 1487 3049 1555 ἀναγκαῖον
3090 1487 3217 1539 ίδεῖν
3244 1486 3311 1540 τὰ
3344 1484 3701 1557 ἱστορούμενα

2116 1576 2196 1650 [ἃ]
2228 1578 2357 1650 περὶ
2385 1576 2477 1631 τοῦ
2510 1576 2670 1642 ζώου·
2695 1578 2790 1631 καὶ
2822 1578 2885 1649 δὴ
2912 1577 3021 1631 άπδ
3038 1577 3132 1632 τοῦ
3164 1577 3382 1651 πρώτου
3412 1578 3523 1632 τῶν
3552 1577 3702 1631 Διδύ-

2115 1687 2217 1741 μου
2246 1667 2494 1722 Φυσικῶν
2522 1667 2695 1721 ταῦτα
2726 1667 3080 1740 παραθετέον.

2185 1760 2409 1831 Πάνθηρ
2435 1759 2495 1812 τὸ
2520 1758 2659 1824 ζῶον
2702 1760 2762 1813 οὐ
2807 1760 2967 1831 μόνον
2998 1761 3115 1815 ἐστὶ
3152 1761 3294 1815 κατὰ
3324 1761 3385 1814 τὸ
3425 1760 3585 1832 σῶμα
3610 1760 3701 1813 εῦ-

423 1856 663 1921 stellato,
690 1857 786 1911 sed
813 1867 1007 1912 natura
1038 1872 1204 1914 suave
1226 1858 1402 1923 olens,
1425 1859 1628 1915 Indicis
1661 1862 1997 1917 aromatibus

2117 1869 2342 1926 μορφον,
2377 1851 2630 1923 καθάπερ
2663 1852 3002 1923 ἀστερωπὸς,
3035 1853 3148 1907 ἀλλ’
3178 1854 3302 1906 ἐπεὶ
3333 1855 3574 1921 πέφυκεν
3608 1852 3698 1906 εῦ-

425 1949 695 2003 suavitate
725 1950 1000 2018 praecellit.
1031 1949 1090 2005 In
1112 1959 1292 2016 antro,
1330 1950 1435 2005 nisi
1470 1966 1594 2006 cum
1629 1950 1771 2008 fame
1800 1955 2003 2023 premi-

422 2049 535 2104 tur,
566 2048 749 2093 manet
790 2040 1150 2098 umbraticus.
1182 2041 1412 2108 Quando
1460 2052 1640 2097 autem
1678 2043 1873 2113 praedae
1917 2062 2008 2099 ne-

421 2130 680 2187 cessitate
702 2134 996 2199 excitatur,
1026 2135 1179 2190 solus
1207 2143 1473 2204 pererrat.
1508 2135 1642 2191 Alia:
1673 2135 1818 2205 ferae,
1849 2138 2003 2191 suavi

418 2225 667 2296 corporis
692 2226 812 2294 ejus
841 2226 1137 2297 fragrantia
1170 2236 1361 2298 captae,
1390 2235 1585 2297 sponte
1611 2244 1735 2283 eum
1761 2245 2006 2301 sequun-

419 2323 529 2369 tur.
564 2314 663 2370 Hic
698 2331 828 2370 vero
862 2316 1103 2387 obliquis
1134 2318 1310 2373 oculis
1342 2327 1591 2388 paratam
1621 2319 1728 2374 sibi
1761 2322 2001 2391 praedam

418 2406 755 2476 speculatur,
785 2416 948 2477 atque
981 2407 1242 2479 ingruens
1264 2408 1463 2465 aufert.

485 2666 614 2725 Hmc
644 2669 864 2741 quidem
888 2669 956 2726 de
987 2671 1149 2742 hujus
1182 2671 1308 2728 ferte
1339 2682 1560 2732 natura.
1591 2677 1877 2743 Quomodo
1905 2694 2002 2734 au-

416 2766 523 2813 tem
555 2760 623 2814 ad
662 2760 835 2816 divini
883 2759 1046 2817 Verbi
1098 2763 1380 2833 virtutem,
1432 2782 1769 2840 suavemque
1819 2770 1891 2825 ab
1934 2786 2001 2826 eo

413 2851 725 2906 exhalatum
774 2855 997 2910 odorem
1026 2854 1141 2911 hmc
1199 2855 1487 2915 referenda
1520 2861 1652 2924 sint,
1711 2861 2002 2918 ostendere

415 2960 562 2999 nunc
593 2946 882 3016 prolixius.
921 2948 1035 3004 Iloc
1082 2950 1453 3020 objiciendum
1485 2962 1645 3013 esset,
1674 2952 1876 3011 Judaais
1907 2958 2000 3027 qui

413 3035 650 3105 maligne
702 3050 767 3090 ac
806 3037 1073 3108 probrose
1101 3055 1131 3094 e
1175 3039 1346 3110 pardo
1398 3050 1590 3096 natum
1643 3059 1766 3100 esse
1810 3045 2000 3101 dicunt

414 3121 753 3182 Salvatorem
783 3126 1183 3201 Dominumque
1220 3140 1468 3189 nostrum
1486 3132 1673 3191 Jesum
1695 3136 1997 3196 Christum.

412 3216 571 3283 Quod
595 3235 743 3283 vero,
767 3221 813 3275 si
832 3224 1005 3293 magis
1023 3226 1251 3295 mystico
1267 3242 1432 3281 sensu
1456 3228 1785 3298 acciperent,
1803 3247 1913 3286 non
1933 3232 2000 3289 de

2110 1963 2272 2009 πνους
2299 1942 2627 2015 ὑπερϐάλλει
2656 1944 2749 1997 καὶ
2777 1943 2884 1997 τῶν
2923 1945 3053 2015 παρ’
3092 1943 3273 2007 Ἰνδοῖς
3304 1944 3612 2017 ἀρωμάτων
3643 1946 3700 1998 ἐν

2107 2032 2324 2105 εὐωδία·
2358 2026 2512 2098 οὗτος
2540 2034 2645 2097 ἕως
2672 2028 2733 2088 οῦ
2774 2033 2834 2086 οὺ
2859 2033 3192 2104 πεπείνηκεν
3222 2035 3281 2086 ὲν
3311 2035 3377 2104 τῇ
3408 2031 3699 2087 καταδύσει

2109 2124 2279 2193 μένει,
2329 2123 2498 2178 θέλων
2553 2126 2801 2195 οἰκουρός
2853 2142 2938 2189 τις
2979 2121 3137 2179 εἶναι·
3201 2123 3343 2178 ὲπὰν
3391 2124 3449 2177 δὲ
3493 2125 3700 2193 τροφῆς

2106 2213 2420 2287 ἐπιθυμήσῃ
2462 2213 2809 2285 μεταλαϐεῖν,
2851 2213 3129 2286 προελθὼν
3170 2214 3371 2285 βαδίζει
3413 2214 3592 2285 μόνον·
3628 2214 3698 2267 τὰ

2103 2303 2147 2356 δ’
2176 2303 2311 2358 ἄλλα
2343 2305 2508 2376 θηρία
2537 2304 2871 2375 ἁλισκόμενα
2893 2305 2998 2358 ὑπὸ
3022 2304 3122 2375 τῆς
3146 2305 3376 2367 εὐωδίας
3408 2303 3574 2357 αὐτοῦ
3599 2304 3696 2374 τῆς

2105 2396 2233 2467 περὶ
2261 2395 2323 2448 τὸ
2361 2395 2519 2466 σῶμα
2548 2396 2832 2449 ἀκολουθεῖ
2854 2395 3165 2467 κηλούμενα
3183 2413 3195 2427 “
3211 2398 3239 2450 6
3260 2396 3317 2450 δὲ
3338 2396 3565 2465 πλάγιος
3586 2400 3696 2458 τοῖς

2105 2486 2405 2558 ὀφθαλμοῖς
2442 2487 2503 2540 τὸ
2536 2488 2838 2559 ἐπιτήδειον
2872 2488 3021 2559 αὐτῷ
3060 2488 3247 2561 θηρίον
3278 2489 3561 2560 αἱρεθῆναι
3598 2505 3696 2541 πε-
3728 2495 3736 2501 ’

2106 2576 2349 2647 ριϐλέπει
2381 2577 2474 2630 καὶ
2505 2578 2851 2648 ἐπιπηδήσας
2881 2576 3016 2647 ἔχει.

2176 2668 2257 2720 Ti
2304 2669 2402 2739 μὲν
2446 2667 2510 2740 δὴ
2546 2669 2676 2740 περὶ
2716 2668 2817 2739 τῆς
2870 2668 3086 2738 φύσεως
3134 2668 3228 2721 τοῦ
3276 2667 3417 2734 ζὼου
3448 2668 3692 2721 τοιαῦτω

2103 2759 2251 2822 ὅπως
2287 2758 2331 2811 δ’
2362 2758 2455 2813 ἐπὶ
2482 2758 2580 2829 τὴν
2609 2756 2702 2811 τοῦ
2741 2759 2884 2811 θείου
2915 2759 3090 2827 Λόγου
3123 2758 3352 2829 δύναμιν
3382 2758 3476 2811 καὶ
3508 2757 3605 2828 τὴν
3637 2756 3694 2822 ἐξ

2104 2852 2273 2922 αὐτῆς
2302 2852 2681 2905 ἀποπνέουσαν
2708 2852 2935 2904 εὐωδίαν
2963 2851 3135 2905 ταῦτα
3163 2852 3540 2922 μεταφέροιτο,
3585 2868 3690 2920 μα-

2103 2943 2241 3015 κρὸν
2280 2942 2346 2997 ἂν
2392 2936 2477 3013 εἴη
2526 2942 2621 2996 νῦν
2663 2943 2988 3015 διηγεῖσθαι.
3034 2941 3377 3015 Παραθετέον
3422 2942 3483 2995 τὸ
3533 2942 3696 3016 ῥητὸν

2103 3033 2240 3105 πρὸς
2259 3034 2385 3098 τοὺς
2415 3037 2478 3088 ἐκ
2501 3039 2802 3107 περιτομῆς
2819 3036 2962 3089 κατά
2982 3053 3102 3088 τινα
3123 3035 3186 3105 δὴ
3203 3032 3453 3105 διαϐολὴν
3470 3035 3558 3086 καὶ
3583 3034 3696 3086 δοι-

2102 3126 2288 3199 δορίαν
2325 3127 2635 3197 φάσκοντας
2680 3130 2743 3180 ὲκ
2788 3128 3065 3201 πάνθηρος
3105 3127 3431 3197 γεγενῆσθαι
3461 3126 3554 3179 cev
3582 3126 3696 3180 3w.

2102 3218 2244 3292 τῆρα
2284 3220 2379 3274 καὶ
2404 3220 2609 3293 Κύριον
2636 3220 2794 3291 ἡμῶν
2843 3221 3049 3293 Ἰησοῦν
3080 3221 3334 3292 Χριστόν·
3371 3221 3399 3272 ὃ
3431 3220 3526 3275 καὶ
3552 3221 3695 3291 τάχα

411 3313 989 3383 scnsuamhigerent,
1045 3332 1110 3372 eo
1161 3318 1307 3388 quod
1364 3335 1475 3375 non
1528 3328 1716 3392 aptum
1750 3324 1997 3379 videatur

2104 3312 2243 3366 κατά
2270 3329 2391 3366 τινα
2415 3312 2712 3384 παράδοσιν
2740 3311 3142 3384 μυστικώτερόν
3176 3330 3229 3366 τι
3259 3311 3524 3384 δηλοῦσαν
3554 3329 3696 3381 παρ-

414 3407 711 3478 prophetia:
731 3411 933 3480 verbis,
967 3413 1020 3466 in
1047 3428 1151 3483 qua
1181 3429 1240 3470 se
1270 3415 1451 3486 ipsum
1473 3415 1739 3473 Dominus
1762 3419 1996 3489 pardum

414 3500 683 3557 nominat.

1017 3684 1249 3740 CAPUT
1300 3687 1392 3745 XI.

1031 3819 1116 3873 Ea:
1146 3821 1349 3878 eodem.

491 3947 507 3981 ι
543 3928 847 4003 Consurgel
884 3935 1150 3990 tumultus
1196 3935 1253 3990 in
1303 3939 1506 4009 popqu
1535 3948 1669 4011 tuo;
1702 3949 1758 3999 et
1801 3959 1996 4002 omnes

406 4023 741 4082 munitiones
774 4034 879 4082 tua:
908 4029 1303 4095 vastabuntur;
1340 4033 1485 4089 sicut
1535 4036 1789 4107 princeps
1833 4034 1995 4092 Sala-

405 4128 533 4168 mon
564 4131 595 4170 e
621 4115 785 4172 domo
808 4115 1122 4185 Jeroboam,
1148 4122 1203 4176 in
1243 4123 1330 4179 dic
1359 4126 1554 4194 praelii,
1602 4132 1778 4183 matre
1825 4145 1994 4199 super

404 4204 549 4263 ﬁlios
577 4208 755 4271 allisa,
798 4210 879 4264 sic
909 4210 1081 4279 .faciet
1109 4213 1264 4268 vobis
1295 4214 1491 4271 domus
1545 4217 1732 4283 Israel,
1777 4235 1807 4274 a
1858 4218 1995 4275 facie.

404 4299 625 4355 malitiae
657 4302 1024 4372 nequitiarum
1051 4313 1373 4373 vestrarum,
1404 4310 1531 4380 quia
1563 4326 1699 4381 puer
1723 4312 1913 4375 Israel,
1940 4320 1993 4368 et

405 4388 573 4445 dilexi
603 4408 728 4447 eum
759 4408 772 4443 :
806 4401 860 4448 et
889 4410 955 4449 ex
982 4394 1216 4467 Egypto
1247 4400 1437 4453 vocavi
1480 4398 1620 4454 ﬁlios
1658 4400 1797 4470 ejus.
1838 4401 1992 4455 Sicut

404 4482 598 4536 vocavi
622 4499 737 4551 eos,
770 4486 851 4540 sic
878 4487 1131 4543 abierunt
1180 4506 1210 4545 a
1261 4491 1400 4547 facie
1431 4507 1550 4547 mea
1582 4493 1646 4547 η.
1684 4511 1703 4544 ι
1758 4492 1865 4547 Pro
1905 4493 1991 4547 his

403 4574 620 4630 verbis:
649 4593 667 4626 ι
700 4572 768 4627 Ει
789 4590 855 4631 ex
885 4574 1121 4650 Egypto
1147 4581 1340 4635 vocavi
1370 4580 1512 4636 ﬁlios
1533 4581 1674 4650 ejus,
1708 4600 1727 4632 ι
1756 4580 1987 4637 Hebrai-

403 4681 529 4723 cum
560 4677 786 4725 secutus
807 4670 1005 4742 Aquila
1046 4674 1330 4730 transtulit
1354 4693 1366 4727 :
1392 4693 1410 4726 ι
1433 4672 1514 4729 Ex
1529 4674 1766 4748 Egypto
1795 4679 1985 4732 vocavi
2021 4656 2064 4711 θ

404 4755 575 4814 ﬁlium
610 4776 811 4817 meum.
840 4782 860 4814 ι
892 4760 1216 4821 Necessario
1248 4764 1383 4819 illud
1409 4766 1617 4820 dictum
1649 4769 1984 4835 notavimus,

403 4861 529 4902 cum
557 4850 776 4921 quidem
804 4850 1093 4909 Matthaeus
1118 4852 1188 4908 ad
1217 4855 1454 4911 litteram
1480 4855 1720 4912 ostendit
1746 4860 1986 4932 prophe-

404 4938 538 4994 tiam
578 4942 994 5000 accuratissime
1050 4944 1331 5015 impletam
1384 4945 1556 5004 fuisse
1615 4965 1646 5005 a
1704 4948 1986 5008 Salvatore

403 5040 595 5091 nostro
626 5053 639 5089 :
664 5053 683 5089 ι
723 5037 1074 5108 Consurgens
1107 5037 1310 5110 Joseph
1338 5042 1550 5113 accepit
1580 5042 1808 5100 Mariam
1839 5054 1893 5101 et
1926 5050 1984 5101 li-

403 5124 537 5205 lium
565 5127 707 5199 ejus,
728 5136 784 5184 et
800 5128 1016 5186 reduxit
1034 5146 1100 5186 ex
1121 5129 1356 5204 Egypto
1376 5134 1430 5188 in
1453 5142 1654 5191 terram
1675 5134 1847 5193 Israel
1868 5138 1932 5193 ".
1958 5158 1975 5189 ι

404 5213 541 5272 Vide
579 5217 744 5288 igitur
782 5233 967 5275 annon
1015 5223 1318 5279 secundum
1356 5225 1613 5297 Aquilam
1653 5230 1928 5285 dicentem
1965 5249 1979 5283 :

408 5328 429 5364 ι
464 5309 621 5368 Mane
653 5314 975 5384 pertransiit
1016 5331 1114 5372 rex
1155 5316 1345 5386 Israel,
1370 5321 1498 5391 quia
1534 5338 1672 5393 puer
1707 5322 1897 5388 Israel,
1928 5332 1983 5379 et

403 5399 737 5471 dilexieum,
761 5414 815 5461 et
841 5420 905 5462 ex
935 5404 1170 5483 [Egypto
1197 5411 1387 5466 vocavi
1439 5410 1638 5467 Filium
1706 5428 1908 5468 meum.
1957 5434 1977 5467 ι

403 5491 690 5554 llanil‘esle
740 5499 885 5554 enim
935 5500 1246 5558 ostenditur
1300 5503 1455 5576 regni
1508 5504 1675 5561 Israel
1728 5504 1977 5575 rejectio,

403 5586 548 5656 quod
581 5603 706 5645 cum
727 5606 903 5663 usque
932 5593 1001 5648 ad
1034 5592 1337 5653 Salvatoris
1369 5597 1547 5654 nostri
1573 5596 1977 5655 manifestatio-

405 5694 529 5736 nem
560 5687 972 5753 permansisset,
996 5698 1126 5744 tunc
1149 5690 1499 5761 reprobatum
1518 5698 1602 5747 est
1621 5700 1674 5748 et
1696 5702 2000 5765 pertrans-l

478 5863 524 5895 ⁸³
560 5860 718 5920 Joan.
753 5880 877 5933 xvr,
916 5865 1005 5922 '53.
1081 5866 1126 5900 “
1166 5868 1290 5925 Ose.
1325 5888 1379 5940 γ,
1421 5871 1505 5927 ﬂ.
1585 5870 1796 5929 “.Ose.
1831 5889 1966 5939 xm,

2136 5873 2181 5905 ⁵⁸
2219 5871 2346 5930 Ose.
2390 5889 2455 5940 ι,
2506 5872 2605 5941 14,
2642 5872 2743 5939 ιδς
2782 5887 2877 5942 ιι,
2912 5870 2976 5939 1,
3029 5870 3086 5926 2.

2101 3402 2383 3474 ειληφότες
2432 3403 2531 3456 οὐκ
2577 3402 2923 3456 ἐπιϐάλλουσι
2973 3405 3039 3475 τῇ
3085 3402 3328 3474 διανοίᾳ,
3373 3401 3464 3455 διὰ
3505 3402 3568 3454 τὸ
3617 3400 3693 3472 νὴ

2101 3494 2387 3561 ἐφιστάναι
2415 3496 2483 3565 τῇ
2509 3494 2852 3568 προκειμένῃ
2876 3495 2977 3565 τῆς
3007 3496 3348 3566 προφητείας
3374 3493 3540 3558 λέξει,
3565 3494 3622 3546 ἐν

2101 3585 2264 3648 αὐτὸς
2287 3588 2316 3639 6
2350 3584 2553 3656 Κύριος
2582 3587 2837 3659 πάνθηρα
2867 3585 3056 3638 ἑαυτὸν
3078 3586 3332 3656 ὀνομάζει
3596 3582 3599 3587 ’

2613 3688 3006 3752 ΚΕΦΑΛΜΟΝ
3063 3699 3171 3752 IA'.

2641 3835 2773 3889 Ἀπὸ
2808 3835 2916 3890 τοῦ
2945 3835 3155 3889 αὐτοῦ.

2175 3969 2193 4001 ι
2231 3951 2339 4004 Καὶ
2379 3949 2804 4021 ἐξαναστήσεται
2841 3947 3089 4002 ἀπώλεια
3118 3949 3177 4002 ὲν
3208 3947 3284 4018 τῷ
3305 3946 3418 4018 λαῷ
3446 3964 3560 4010 σου,
3595 3946 3690 4000 καὶ

2098 4044 2277 4097 πάντα
2306 4041 2375 4095 τὰ
2404 4040 2914 4112 περιτετειχισμὲνα
2942 4040 3073 4093 ναοῦ
3106 4057 3200 4093 σου
3223 4041 3523 4110 οἰχήσεται·
3559 4039 3635 4101 ὡς
3660 4040 3690 4094 ὁ

2097 4136 2279 4207 ἄρχων
2307 4132 2572 4204 Σαλαμὼν
2595 4135 2658 4185 εκ
2685 4132 2780 4186 τοῦ
2815 4132 2964 4186 οἴκου
2997 4132 3091 4185 τοῦ
3132 4131 3436 4203 Ἱεροϐοὰμ,
3462 4133 3520 4184 ὲν
3549 4132 3686 4202 ἠμέ-

2098 4243 2218 4297 ραις
2266 4226 2500 4297 πολέμου
2549 4225 2761 4298 μητέρα
2807 4226 2900 4278 ἐπὶ
2940 4226 3154 4288 τέκνοις
3185 4223 3476 4295 ἠὸάφισαν,
3515 4222 3689 4288 οὕτως

2096 4318 2412 4389 ποιήσουσιν
2464 4318 2593 4389 ύμῖν
2629 4312 2775 4379 οἶκος
2817 4316 2912 4369 τοῦ
2978 4315 3195 4387 Ἰσραὴλ
3240 4314 3347 4369 ἀπὸ
3393 4312 3686 4387 προσώπου

2094 4409 2302 4462 κακιῶν
2331 4408 2501 4479 ὑμῶν.
2544 4410 2686 4463 Διότι
2732 4410 2924 4479 νήπιος
2978 4408 3214 4479 Ἰσραὴλ,
3260 4408 3354 4461 καὶ
3393 4406 3505 4475 ἐγὼ
3543 4406 3679 4474 ἠγά-

2095 4516 2244 4570 πησα
2282 4500 2464 4563 αὑτὸν,
2506 4502 2601 4553 καὶ
2639 4499 2701 4565 ἐξ
2736 4498 3015 4567 Αἰγύπτου
3060 4497 3398 4570 μετεκάλεσα
3428 4496 3495 4551 τὰ
3518 4498 3688 4551 τέκνα

2094 4592 2279 4645 αὐτοῦ.
2318 4591 2519 4655 Καθὼς
2554 4591 2894 4663 μετεκάλεσα
2934 4591 3156 4655 αὐτοὺς,
3198 4590 3371 4654 οὕτως
3404 4588 3690 4661 άπῴχοντο

2094 4685 2159 4736 ὲκ
2186 4681 2477 4753 προσώπου
2501 4700 2622 4754 μου.
2647 4701 2666 4734 ι
2687 4681 2835 4735 Ἀντὶ
2860 4680 3006 4747 τοῦ,‹
3032 4681 3129 4734 καὶ
3155 4678 3214 4745 ἐξ
3242 4679 3519 4749 Αἰγύπτου
3559 4697 3693 4751 μετ·
3788 4686 3796 4693 ’

2094 4774 2253 4828 εκάλε
2261 4791 2329 4828 σα
2343 4774 2409 4829 τὰ
2425 4776 2591 4828 τέκνα
2609 4773 2794 4838 αὑτοῦ,
2809 4793 2827 4825 ι
2842 4773 3131 4838 δουλεύσας
3147 4773 3223 4844 τῷ
3238 4774 3525 4846 Ἐϐραῖκῷ,
3550 4792 3570 4822 ‹
3597 4770 3687 4837 Ἐξ

2092 4863 2370 4933 Αἰγύπτου
2396 4864 2732 4935 μετεκάλεσα
2746 4864 2836 4917 τὸν
2854 4864 2970 4917 υἱόν
2985 4881 3108 4935 μου,
3132 4883 3150 4915 ι
3173 4863 3433 4931 ἐξέδωκεν
3460 4858 3488 4911 ὁ
3522 4859 3683 4912 Ἀκύ-

2095 4957 2212 5020 λας.
2248 4955 2585 5024 Ἀναγκαίως
2608 4954 2664 5008 δὲ
2689 4954 2749 5008 τὸ
2773 4955 2933 5025 ῥητὸν
2955 4958 3052 5026 ὲση
3063 4948 3434 5026 μειωσάμεθα,
3466 4949 3685 5020 ἐπειδή-

2090 5052 2241 5122 περὸ
2266 5050 2540 5113 Ματθαῖος
2564 5050 2707 5104 κατὰ
2735 5050 2881 5115 λέξιν
2911 5048 3185 5101 ἐκτίθεται
3215 5043 3314 5115 τὴν
3342 5045 3679 5115 προφητείαν

2092 5142 2294 5214 σφόδρα
2315 5142 2376 5213 (ι.
2395 5142 2466 5196 29
2486 5142 2560 5211 v°)
2586 5141 3063 5213 ἀπηκριϐωμένως
3089 5134 3481 5209 πεπληρῶσθαι
3503 5135 3677 5208 φήσας

2092 5232 2258 5304 αὐτὴν
2286 5234 2377 5286 ἐπὶ
2406 5232 2499 5286 τοῦ
2526 5233 2774 5301 Σωτῆρος
2797 5231 2971 5302 ἡμῶν·
3005 5248 3022 5279 ι
3054 5224 3463 5299 Χρηματισθεὶς
3490 5226 3519 5278 6
3564 5225 3670 5277 Ἰω-

2095 5326 2203 5400 σὴφ
2238 5326 2512 5399 παρέλαϐε
2554 5325 2650 5396 τὴν
2689 5322 2923 5395 Μαριὰμ
2969 5324 3063 5376 καὶ
3104 5322 3192 5373 τὸν
3226 5320 3341 5372 υἱὸν
3366 5319 3555 5391 αὐτῆς·
3580 5318 3671 5370 καὶ

2089 5420 2430 5493 ὑπέστρεψεν
2480 5419 2540 5484 εξ
2587 5416 2863 5483 Αῒγύπτοιλ
2917 5418 2995 5478 εἰς
3045 5414 3150 5486 γῆν
3206 5412 3423 5485 Ἰσραήλ
3477 5433 3497 5465 ι
3537 5411 3678 5481 Ὅρα

2085 5512 2217 5582 γοῦν
2264 5515 2313 5566 εἰ
2359 5511 2433 5583 μὴ
2468 5511 2560 5565 καὶ
2608 5508 2750 5563 κατὰ
2787 5507 2880 5561 τὸν
2939 5506 3169 5559 Ἀκύλαν
3203 5505 3475 5576 φήσαντα,
3519 5521 3547 5557 .‹
3592 5502 3680 5554 Ἐν

2083 5604 2266 5675 ὄρθρῳ
2316 5602 2704 5673 κατεσιωπήθη
2760 5599 3014 5672 βασιλεὺς
3084 5598 3335 5671 Ἰσραὴλ,
3399 5597 3481 5651 ὅτι
3548 5599 3681 5657 παῖς

2096 5695 2332 5767 Ἰσραὴλ,
2353 5697 2445 5749 καὶ
2475 5696 2739 5766 ἠγάπησα
2767 5692 2952 5757 αὐτὸν,
2984 5692 3081 5746 καὶ
3106 5691 3214 5746 ἀπὸ
3237 5689 3515 5760 Αἰγύπτου
3545 5688 3681 5743 ἑκά·

3152 5868 3208 5927 ."
3248 5866 3442 5925 Matth.
3480 5882 3539 5932 ll,
3579 5864 3682 5924 2|.
