4100 6430
418 424 556 480 “37

1437 419 1738 477 ECLOGE
1779 420 2263 476 PROPIIETICE.
2299 452 2367 463 —
2407 419 2537 476 LIB.
2578 419 2666 476 III.

3514 420 3547 472 vl
3562 420 3669 475 I58

415 540 547 593 λεσα
573 538 663 592 τὸν
690 538 804 592 υίόν
832 554 952 609 μου’
991 557 1010 589 ι
1053 537 1236 606 σαφῶς
1256 536 1365 608 γὰρ
1396 537 1650 608 δηλοῦται
1687 540 1721 610 ἡ
1755 539 1994 612 ἀποϐολὴ

2098 539 2191 606 iit;
2216 540 2287 593 ita
2311 546 2370 593 ut
2389 539 2698 594 diceretur:
2726 556 2743 590 ι
2770 536 2926 593 Mane
2960 537 3276 609 pertransiit
3302 554 3393 595 rex
3424 537 3611 594 Israel.
3641 559 3660 591 ι

417 628 517 698 τῆς
543 626 640 681 τοῦ
689 625 901 698 Ἰσραὴλ
933 625 1225 697 βασιλείας,
1260 627 1383 696 ⁷ὶξτις
1416 628 1577 699 μέχρι
1620 629 1717 698 τῆς
1752 628 1848 681 τοῦ
1879 630 1992 682 Σω-

417 720 584 789 τῆρος
609 717 767 790 ήμῶν
796 718 1116 787 ἐπιφανείας
1145 721 1386 773 συστᾶσα
1415 720 1474 785 ἐξ
1502 721 1671 791 αὐτῆς
1690 721 1993 791 ἀπερρίφην

419 811 513 863 καὶ
538 808 942 880 κατεσιωπήθη·
971 809 1047 873 ὡς
1071 808 1160 863 διά
1190 809 1350 863 τοῦτο
1372 811 1619 883 εἰρῆσθαι
1640 811 1719 874 τὸ,
1746 831 1763 862 ε
1787 812 1875 864 Ἐν
1903 812 1995 884 ὅρ-

421 902 535 973 θρῳ
559 900 943 972 κατεσιωπήθη
971 900 1219 971 βασιλεὺς
1246 902 1480 974 Ἰσραήλο
1507 922 1523 953 ι
1548 903 1741 975 ὄρθρον
1763 905 1860 974 τὴν
1876 906 1997 958 ἐπι-

423 995 647 1062 φάνειαν
677 994 770 1046 καὶ
798 994 898 1064 τὴν
926 995 1046 1046 τότε
1077 994 1298 1067 πρώτην
1326 998 1405 1059 εἰς
1444 997 1650 1061 πάντας
1680 996 1998 1069 ἀνθρώπους

421 1086 680 1158 ἀνατολὴν
707 1085 799 1138 τοῦ
830 1084 974 1139 θείου
997 1086 1170 1154 Λόγου
1201 1088 1301 1158 τῆς
1341 1089 1677 1158 προφητείας
1705 1087 1998 1159 ὀνομαζούι

423 1194 522 1247 σης
575 1195 593 1227 ι
635 1177 693 1229 ὲν
732 1174 932 1247 ὄρθρῳ·
986 1195 1003 1227 ι
1062 1175 1281 1229 δύναται
1335 1178 1429 1229 καὶ
1476 1177 1605 1247 περὶ
1656 1176 1753 1229 τοῦ
1821 1176 1997 1248 Ἡρώ-

416 1267 507 1319 δου
566 1264 1023 1336 προθεσπίζεσθαι
1074 1266 1165 1329 τὸ,
1220 1284 1238 1316 ι
1298 1266 1687 1337 κατεσιωπήθη
1744 1265 1996 1335 βασιλεὺς

432 1356 667 1428 Ἰσραήλ·
706 1375 725 1409 ›
771 1356 846 1420 ὡς
887 1356 975 1410 διὰ
1015 1356 1106 1410 τὸν
1155 1356 1590 1429 παραλογισμὺν,
1632 1357 1690 1410 ὃν
1730 1355 1997 1410 πέπονθεν

419 1449 526 1503 ὑπὸ
557 1449 663 1502 τῶν
692 1448 880 1521 μάγων
907 1450 998 1502 ἐπὶ
1023 1452 1088 1521 τῇ
1118 1449 1212 1503 τοῦ
1240 1450 1493 1522 Σωτῆρος
1523 1450 1678 1520 ἡμῶν
1708 1449 1938 1519 γενέσει,
1960 1448 1996 1502 ἀ

418 1541 514 1594 καὶ
542 1540 888 1612 συμϐέϐηκεν
927 1540 1015 1595 διά
1052 1542 1151 1613 τὴν
1183 1542 1278 1596 τοῦ
1320 1542 1536 1613 Πατρὸς
1573 1541 1703 1613 περὶ
1738 1540 1828 1593 τὸν
1867 1539 1995 1593 ίδιον

417 1632 585 1686 παῖδα
603 1633 693 1685 τὸν
717 1631 922 1703 Κύριον
956 1631 1112 1701 ἡμῶν
1151 1632 1355 1705 Ἰησοῦν
1385 1632 1619 1705 Χριστὸν
1648 1631 1890 1702 ἀγάπην,
1921 1631 1995 1694 ὡς

416 1727 511 1781 καὶ
536 1728 593 1779 ἐν
614 1725 801 1787 ἄλλαις
817 1724 1177 1796 προφητείαις
1206 1726 1421 1797 Ἰσραὴλ
1447 1726 1541 1779 καὶ
1568 1724 1805 1779 ἐνταῦθα
1830 1741 1996 1795 προσ-

416 1816 830 1888 αγορευόμενον·
875 1817 936 1871 ὃν
975 1816 1117 1871 κατὰ
1142 1816 1330 1888 καιρὸν
1361 1817 1456 1887 μὲν
1484 1816 1873 1887 ᾠκονομήσατο
1901 1814 1992 1866 ἐπὶ

2103 631 2256 686 Mane
2286 630 2780 685 manifestationem
2812 629 3103 700 signiﬁcat,
3137 630 3476 700 primamque
3496 630 3667 689 divini

2101 719 2263 774 Verbi
2294 720 2360 774 ad
2391 719 2643 775 homines
2699 719 3106 774 revelationem.
3139 717 3441 775 Possumus
3491 730 3545 774 et
3599 719 3675 774 de

2098 809 2313 864 Herode
2342 809 2456 864 haec
2481 808 2827 879 interpretari
2851 828 2864 862 :
2893 827 2910 860 ι
2938 806 3263 862 Pertransiit
3296 824 3389 864 rex
3427 806 3620 872 Israel;
3642 824 3663 857 ι

2098 900 2258 968 quasi
2292 907 2512 969 propter
2540 911 2782 954 errorem
2815 912 2974 967 quem
3007 913 3203 968 passus
3234 905 3317 953 est
3350 912 3381 952 a
3410 897 3583 967 magis
3611 897 3675 951 in.

2107 987 2406 1043 Salvatoris
2458 989 2628 1043 nostri
2677 989 2985 1055 nativitate;
3042 988 3186 1059 quod
3233 990 3432 1046 accidit
3487 988 3677 1044 Patris

2100 1096 2285 1135 amore
2315 1082 2366 1134 in
2402 1081 2679 1151 pr0prium
2705 1096 2932 1151 puerum
2970 1080 3261 1138 Dominum
3306 1091 3555 1138 nostrum
3583 1082 3677 1138 εἰει

2099 1190 2218 1229 sum
2248 1173 2549 1235 Christum,
2579 1172 2722 1227 sicut
2751 1172 2805 1226 in
2830 1173 2951 1228 aliis
2981 1173 3279 1243 prophetiis
3301 1172 3466 1230 Israel
3497 1182 3549 1231 et
3578 1163 3668 1231 hic

2099 1264 2438 1318 nominatum
2465 1282 2480 1329 ;
2516 1278 2625 1333 quo
2652 1262 2869 1333 quidem
2901 1271 3145 1333 tempore
3171 1264 3312 1334 jussi
3343 1275 3471 1321 sunt
3501 1265 3667 1321 simul

2098 1354 2300 1426 Joseph
2325 1368 2377 1410 et
2402 1366 2570 1411 mater
2592 1356 2647 1409 in
2670 1355 2963 1427 Egyptum
2986 1356 3281 1427 proﬁcisci,
3318 1373 3442 1412 cum
3471 1372 3666 1414 neces-

2099 1449 2232 1502 sitas
2262 1448 2586 1517 requireret,
2616 1447 2932 1503 insidiatum
2972 1449 3019 1503 ei
3054 1463 3256 1519 regem.
3288 1446 3556 1504 Herodem
3586 1450 3670 1504 vi-

2097 1538 2314 1603 delicet,
2339 1547 2550 1593 constat
2575 1540 3002 1609 praetermissum
3035 1538 3224 1594 fuisse.
3254 1538 3467 1595 Rursus
3488 1540 3668 1612 ipsum

2101 1629 2313 1685 Herode
2344 1638 2560 1684 mortuo
2614 1637 2832 1686 revocat
2884 1640 3248 1701 congruenter
3297 1646 3418 1685 cum
3448 1646 3512 1687 ea
3548 1644 3670 1701 quae

2097 1725 2257 1780 nobis
2291 1725 2345 1778 in
2378 1724 2629 1778 manibus
2656 1731 2741 1779 est
2770 1723 3072 1793 prophetia.
3114 1722 3169 1778 Si
3200 1724 3324 1795 quis
3353 1723 3419 1780 ad
3452 1722 3668 1779 Iudaeo-

2098 1831 2216 1869 rum
2249 1815 2506 1884 pepulum
2540 1813 2653 1868 haec
2682 1812 2881 1868 referat
2912 1813 3102 1869 dicens
3134 1812 3202 1868 de
3248 1813 3450 1887 populo
3479 1814 3672 1878 Israel,

416 1908 515 1979 τὴν
547 1908 817 1976 Αἴγυπτον
850 1910 966 1980 ἅμα
994 1908 1072 1979 τῷ
1118 1909 1315 1979 Ἰωσὴφ
1340 1908 1434 1962 καὶ
1463 1909 1531 1978 τῇ
1570 1908 1738 1978 μητρὶ
1765 1906 1995 1977 ἀπᾶραι,

2104 1910 2304 1980 populo
2358 1907 2797 1962 circumcisionis
2834 1906 2950 1960 haec
3000 1906 3233 1970 narrari,
3284 1905 3526 1962 attendat
3560 1922 3671 1962 ser-

415 2003 505 2053 ὅτε
524 2002 615 2054 καὶ
637 2001 794 2072 χρεία
816 2001 1002 2055 ἐκάλει
1023 2001 1114 2054 τὸν
1141 2000 1561 2054 ἐπιδουλεύοντα
1580 1999 1729 2070 αὐτῷ
1751 1999 1993 2069 βασιλέα,

414 2092 573 2162 δῆλον
612 2093 694 2146 ὅτι
738 2094 829 2147 τὸν
886 2092 1157 2165 Ἡρώδην,
1211 2092 1713 2163 κατασιωπηθῆναι·
1761 2088 1915 2155 αὖθις
1951 2092 1996 2144 δ’

419 2183 579 2236 αὑτὸν
624 2183 816 2237 τούτου
850 2183 1275 2255 τελευτήσαντος
1307 2185 1659 2238 ἀνακαλεῖται
1693 2183 1998 2247 ἀκολούθως

421 2277 485 2346 τῇ
524 2274 661 2345 μετὰ
707 2278 896 2346 χεῖρας
938 2276 1266 2347 προφητείᾳ.
1304 2276 1369 2329 Εί
1405 2276 1449 2329 δ’
1480 2276 1572 2328 ἐπὶ
1605 2276 1699 2328 τὸν
1735 2274 1997 2328 Ἰουδαίων

416 2366 543 2420 λαὸν
595 2366 770 2420 ταῦτά
818 2384 903 2431 τις
955 2367 1217 2440 ἀναφέροι
1271 2367 1494 2438 φάσκων
1544 2368 1670 2437 περὶ
1720 2365 1813 2419 τοῦ
1867 2365 1995 2419 λαοῦ

433 2459 647 2530 Ἰσραὴλ
674 2460 768 2511 τοῦ
813 2460 876 2512 ἐκ
921 2460 1223 2531 περιτομῆς
1261 2458 1435 2512 ταῦτα
1472 2459 1741 2530 εἰρῆσθαι,
1776 2459 2000 2529 ἐπιστη-

422 2552 572 2605 σάτω
602 2554 670 2622 τῇ
696 2551 792 2604 τοῦ
819 2550 979 2619 λόγου
1012 2550 1323 2622 ἀκολουθίᾳ·
1346 2550 1518 2604 ταῦτα
1544 2549 1654 2621 γὰρ
1685 2550 1832 2619 λέγει
1862 2568 1996 2623 προ-

418 2641 610 2707 ειπὼν,
630 2643 705 2706 ὡς
726 2642 827 2695 ’καὶ
854 2640 991 2714 πρὸς
1024 2641 1193 2712 αὐτὴν
1214 2640 1313 2712 τὴν
1348 2640 1698 2712 Ἰερουσαλὴμ
1730 2641 1810 2705 τὸ,
1840 2658 1859 2692 ι
1889 2640 1999 2694 Καὶ

419 2736 843 2806 ἐξαναστήσεται
870 2732 1115 2787 ἀπώλεια
1138 2734 1196 2786 ἐν
1221 2730 1299 2803 τῷ
1319 2732 1433 2803 λαῷ
1464 2749 1578 2785 σου·
1614 2732 1710 2786 καὶ
1731 2732 1908 2786 πάντα
1931 2733 1999 2787 τά

418 2825 931 2900 περιτετειχισμένα
979 2842 1071 2878 σου
1112 2826 1412 2895 οἰχήσεται·
1455 2844 1475 2877 ι
1524 2824 1619 2877 καὶ
1661 2823 1803 2895 ἀπερ
1833 2825 1997 2895 φησιν

415 2920 446 2972 ὁ
475 2919 680 2972 τοιόσδε
708 2918 894 2989 ἅρχων
922 2915 1160 2971 πέπονθε
1206 2915 1351 2970 κατά
1394 2915 1487 2970 τὸν
1519 2915 1818 2970 ἐπελθόντα
1849 2916 1999 2986 αὐτῷ

419 3013 677 3085 πόλεμον,
717 3014 775 3066 ἐν
802 3006 847 3080 ᾧ
882 3010 1092 3084 μητέρα
1126 3012 1220 3065 ἐπὶ
1247 3012 1459 3075 τέκνοις
1484 3009 1772 3080 ὴδάφισαν,
1800 3009 1870 3062 τὰ
1890 3025 1996 3061 πα-

422 3106 697 3178 ραπλήσια
740 3106 834 3158 καὶ
876 3105 1006 3174 ὑμῖν
1049 3102 1237 3167 αὐτοῖς
1285 3104 1495 3173 ποιήσω
1537 3102 1626 3156 διὰ
1671 3101 1771 3164 τὰς
1804 3100 2000 3165 κακίας

417 3199 594 3271 ὑμῶν,
629 3193 674 3252 ὦ
707 3192 852 3262 οἶκος
881 3195 976 3250 τοῦ
1015 3194 1250 3267 Ἰσραὴλ,
1280 3195 1330 3248 οἳ
1356 3194 1451 3248 καὶ
1483 3194 1864 3267 ἀπερρίφησαν
1901 3194 1999 3247 σὺν

2099 2003 2277 2057 monis
2311 1999 2734 2057 concordantiaa.
2771 1998 2894 2055 Haec
2928 1999 3073 2055 enim
3109 1999 3243 2054 dicit
3272 2000 3669 2068 praenuntians.

2097 2093 2254 2165 quasi
2291 2093 2355 2148 ad
2386 2093 2559 2162 ipsam
2589 2107 2805 2162 quoque
2833 2090 3135 2147 Jerusalem
3164 2109 3178 2145 :
3209 2109 3226 2141 ι
3260 2088 3562 2162 Consurget
3589 2097 3676 2147 tu-

2098 2186 2302 2241 multus
2344 2184 2400 2239 in
2429 2184 2629 2255 populo
2658 2190 2772 2247 tuo,
2802 2191 2856 2239 et
2881 2198 3070 2240 omnes
3090 2181 3425 2239 munitiones
3450 2190 3556 2240 tua:
3569 2197 3668 2237 va-

2099 2277 2408 2331 stabuntur.
2452 2297 2470 2330 ι
2502 2275 2635 2343 Quae
2661 2276 2879 2345 quidem
2914 2274 3068 2340 dicit,
3115 2274 3371 2344 princeps
3424 2275 3515 2330 ille
3552 2290 3671 2345 per-

2097 2384 2293 2439 pessus
2345 2374 2429 2423 est
2484 2368 2539 2422 in
2585 2368 2726 2423 bello
2775 2368 3040 2423 adversus
3086 2382 3211 2422 eum
3242 2367 3528 2432 suscitato,
3561 2383 3681 2438 quo

2097 2468 2325 2514 matrem
2358 2475 2521 2530 super
2548 2459 2688 2514 ﬁlios
2721 2460 3023 2525 alliserunt,
3057 2467 3111 2515 et
3138 2459 3335 2515 similia
3353 2459 3506 2515 vobis
3536 2460 3678 2529 ipsis

2098 2550 2291 2606 faciam
2322 2559 2541 2622 propter
2562 2551 2831 2622 nequitias
2845 2559 3077 2614 vestras,
3095 2567 3128 2607 ο
3154 2552 3346 2609 domus
3362 2551 3547 2620 Israel,
3577 2554 3670 2623 qui

2049 2710 2066 2727 '
2097 2652 2151 2700 et
2178 2643 2365 2714 reiecti
2390 2652 2671 2699 suntcum
2703 2660 2831 2714 rege
2865 2659 2985 2711 suo,
3024 2652 3079 2700 et
3132 2645 3247 2701 haec
3296 2646 3478 2701 omnia
3521 2645 3671 2715 passi

2098 2744 2264 2793 sunt:
2300 2756 2318 2789 ι
2358 2738 2497 2804 Quia
2536 2754 2693 2809 puer,
2749 2739 2944 2811 inquit,
3004 2739 3191 2805 Israel,
3258 2748 3312 2798 et
3352 2757 3454 2812 ego
3503 2740 3672 2796 diiexi

2097 2844 2244 2892 eum,
2277 2836 2331 2883 et
2358 2843 2424 2884 ex
2452 2829 2689 2901 Egypto
2710 2833 2902 2887 vocavi
2929 2832 3126 2888 Filium
3154 2848 3356 2889 meum.
3392 2853 3410 2886 ι
3444 2833 3671 2900 Qualem

2097 2920 2243 2981 enim
2284 2920 2483 2979 habeat
2513 2922 2961 2980 concordantiam
3000 2941 3202 2990 sermo,
3233 2927 3414 2997 quivis
3444 2927 3665 2980 demon-

2098 3012 2314 3066 strabit.
2360 3011 2467 3069 Sed
2504 3015 2648 3069 sicut
2699 3014 2754 3069 in
2794 3016 3069 3072 sexcentis
3105 3016 3227 3072 aliis
3260 3016 3563 3087 prophetiis
3586 3012 3673 3068 Ja-

2097 3102 2203 3159 cob
2236 3110 2291 3159 et
2341 3104 2511 3159 Israel
2557 3105 2811 3163 Christus
2845 3108 3183 3171 nominatur,
3223 3107 3390 3163 simili
3430 3114 3485 3163 et
3524 3120 3677 3162 nunc

2099 3187 2332 3250 ratione.
2367 3194 2503 3250 Cum
2539 3195 2729 3268 igitur,
2765 3199 2862 3262 ait,
2897 3197 2988 3252 ille
3020 3198 3151 3253 mihi
3186 3197 3447 3255 obediens
3494 3195 3672 3254 factus

421 3290 620 3362 καὶτῷ
648 3290 856 3361 βασιλεῖ
881 3286 1081 3353 αὐτῶν,
1121 3287 1218 3342 καὶ
1255 3286 1430 3340 ταῦτά
1466 3303 1531 3355 γε
1576 3286 1755 3340 πάντα
1796 3285 1995 3339 πεπόν-

2099 3282 2325 3339 formam
2358 3288 2501 3341 servi
2539 3290 2770 3359 accepit,
2801 3295 2856 3343 et
2891 3304 3026 3359 puer
3052 3289 3232 3346 factus
3269 3299 3355 3347 est
3386 3290 3518 3346 mihi
3543 3289 3678 3345 dile-

418 3382 562 3437 θασι·
588 3401 607 3434 ι
637 3382 780 3436 Διὸτι
809 3383 960 3445 παῖς,
992 3380 1178 3451 φησιν,
1224 3378 1443 3452 Ἰσραὴλ
1471 3379 1563 3432 καὶ
1589 3377 1699 3447 ἐγὼ
1727 3378 1991 3449 ἠγάπησα

418 3474 598 3528 αὐτόν’
648 3474 742 3527 καὶ
785 3474 881 3527 ἀπ’
920 3470 1197 3541 Αἰγύπτου
1223 3471 1478 3525 ἐκάλεσα
1517 3471 1610 3525 τὸν
1647 3470 1776 3523 Υἱόν
1806 3486 1929 3542 μου.
1969 3488 1989 3521 ›

417 3564 584 3619 Ποίαν
621 3563 731 3635 γάρ
760 3562 872 3634 ἔχει
903 3561 1223 3615 ἀκολουθίαν
1250 3563 1284 3632 ἡ
1317 3561 1463 3625 λέξις
1486 3563 1515 3613 ὁ
1545 3559 1867 3630 βουλόμενος
1891 3576 1996 3612 πα-

422 3655 764 3729 ραπησάτω·
810 3652 923 3706 ἀλλ’
946 3649 1135 3723 ὥσπερ
1167 3650 1308 3704 κατά
1341 3649 1740 3733 μιαρίαςάλλας
1779 3666 1994 3721 προφη-

415 3748 566 3810 τείας
600 3743 794 3799 Ἰακὼϐ
826 3742 920 3797 καὶ
955 3741 1209 3814 Ἰσραὴλό
1237 3740 1471 3812 Χριστὸς
1505 3738 1991 3811 προσαγορεύεται,

419 3839 511 3892 τὸν
546 3836 708 3891 αὑτὸν
741 3835 805 3907 δὴ
832 3834 1033 3908 τρόπον
1073 3833 1168 3888 καὶ
1201 3830 1316 3886 νῦν’
1354 3833 1474 3885 ἐπεὶ
1492 3825 1605 3897 οὖν,
1631 3832 1814 3903 φησὶν,
1840 3823 1994 3895 οὗτος

422 3931 658 4004 ὑπήκοος
687 3945 778 4002 μοι
812 3925 1174 3998 γεγενημένος
1207 3923 1421 3998 μορφὴν
1448 3922 1633 3977 δούλου
1657 3923 1876 3994 εἴληφεν
1900 3921 1996 3976 καὶ

417 4025 641 4093 γέγονεν
691 4021 903 4075 παιδίον
956 4017 1241 4088 ἀγαπητὸν
1295 4015 1437 4087 ἐμοὶ,
1492 4015 1670 4068 πᾶσαν
1715 4013 1812 4084 τὴν
1858 4013 1996 4084 ἐμὴν

417 4115 706 4178 ἐκτελέσας
741 4113 954 4185 βουλὴν,
986 4109 1077 4165 διά
1103 4107 1263 4163 τοῦτο
1287 4107 1450 4161 αὐτὸν
1489 4107 1586 4179 μέν
1612 4105 1722 4159 ἀπὸ
1751 4106 1848 4177 τῆς
1873 4121 1997 4176 νοη-

414 4209 514 4280 τῆς
563 4206 860 4276 Αἰγύπτου,
906 4206 986 4268 εἰς
1030 4204 1096 4275 ἣν
1144 4200 1570 4273 ἐνανθρωπήσας
1612 4196 1993 4269 κατελήλυθεν,

2097 3385 2241 3444 ctus,
2271 3392 2486 3432 omnem
2511 3380 2846 3435 voluntatem
2867 3396 3041 3435 meam
3074 3381 3383 3452 perliciens,
3408 3381 3529 3438 ideo
3548 3397 3674 3439 eum

2097 3464 2317 3533 quidem
2349 3466 2417 3520 ab
2439 3465 2677 3540 Egypto
2707 3470 3003 3540 Spirituali,
3029 3471 3079 3524 in
3105 3487 3264 3541 quam
3291 3471 3472 3529 factus
3509 3473 3675 3528 homo

2096 3554 2400 3621 descendit,
2429 3565 2488 3611 ut
2519 3573 2706 3614 verum
2747 3560 3116 3631 dilectumque
3147 3561 3343 3617 Filium
3400 3566 3671 3633 revocavi,

2097 3660 2196 3700 vos
2229 3653 2431 3711 autem,
2459 3648 2526 3702 ad
2558 3665 2697 3719 quos
2725 3666 2906 3707 sermo
2941 3659 3170 3722 spectat,
3203 3668 3327 3708 cum
3376 3669 3543 3726 regno
3577 3671 3675 3710 ve-

2102 3744 2217 3791 stro
2238 3737 2409 3793 ruinae
2423 3748 2477 3795 et
2498 3741 2712 3797 excidio
2727 3741 2958 3798 tradam.
2980 3732 3113 3798 Ilaec.
3127 3745 3343 3815 quidem
3367 3747 3693 3817 pr0phetia.

2103 3829 2451 3885 Manifestum
2480 3843 2566 3888 est
2595 3842 2776 3889 autem
2806 3835 2951 3904 quod
2984 3836 3118 3905 ipsis
3151 3835 3452 3892 Salvatoris
3498 3840 3674 3895 nostri

2102 3924 2462 3993 temporibus,
2492 3923 2795 3982 Jerusalem
2819 3936 3129 3998 oppugnata
3163 3936 3217 3985 et
3242 3938 3400 3999 capta
3434 3929 3554 3996 fuit,
3589 3940 3674 3985 at-

2104 4031 2211 4085 que
2242 4016 2461 4085 penitus
2492 4019 2754 4079 deletum,
2787 4019 2931 4090 quod
2961 4036 3133 4091 usque
3178 4022 3243 4075 ad
3278 4023 3382 4078 hoc
3415 4023 3674 4093 temporis

2104 4113 2329 4161 steterat
2375 4106 2684 4163 Iudaeorum
2722 4125 2973 4181 regnum,
3014 4117 3076 4165 ut
3126 4112 3330 4183 pariter
3372 4129 3436 4168 ac
3473 4114 3593 4169 alia:
3620 4120 3675 4171 et

2102 4198 2194 4253 illa
2230 4201 2550 4271 impleretur
2573 4204 2878 4272 prophetia.

414 4296 504 4354 οἷα
532 4301 751 4372 γνήσιον
790 4297 884 4351 καὶ
907 4294 1189 4366 ἀγαπητὸν
1217 4294 1345 4347 Υἱὺν
1378 4291 1813 4361 ἀνεκαλεσάμην,
1845 4291 1991 4362 ὑμᾶς
2019 4291 2077 4346 δὲ
2110 4295 2237 4357 τοὺς
2267 4294 2403 4365 πρὸς
2426 4294 2520 4359 οὓς
2556 4296 2584 4348 ὁ
2619 4295 2775 4366 λόγος
2815 4299 2911 4351 σὺν
2976 4300 3071 4352 καὶ.
3130 4302 3195 4372 τῇ
3235 4300 3483 4374 βασιλεία
3520 4300 3676 4372 ὑμῶν

416 4393 621 4466 ὀλέθρῳ
650 4392 743 4447 καὶ
772 4388 1016 4460 ἀπωλείᾳ
1057 4385 1384 4461 παραδώσω.
1426 4385 1613 4441 Ταῦτα
1653 4386 1814 4456 μὲνὴ
1856 4387 2180 4458 προφητεία*
2211 4388 2471 4460 πρόδηλον
2510 4389 2554 4442 δ’
2585 4390 2734 4453 ὅπως
2757 4389 2864 4443 ἀπὸ
2901 4389 3009 4443 τῶν
3066 4392 3160 4444 τοῦ
3217 4393 3469 4466 Σωτῆρος
3522 4393 3676 4465 ἡμῶν

418 4486 623 4557 χρόνων
649 4483 1100 4557 πολιορκηθείσης
1135 4483 1232 4554 τῆς
1278 4479 1630 4554 Ἰερουσαλὴμ
1659 4479 1934 4552 καθῃρέθη
1975 4498 2037 4534 τε
2076 4483 2169 4536 καὶ
2194 4485 2274 4547 είς
2320 4483 2381 4536 τὸ
2421 4484 2679 4548 παντελὲς
2717 4485 3055 4559 ἀπερῤίφηὴ
3095 4487 3254 4560 μέχρι
3273 4488 3395 4543 τότε
3441 4491 3680 4544 συστᾶσα

420 4580 530 4635 τῶν
572 4581 838 4635 Ἰουδαίων
861 4579 1126 4651 βασιλεία,
1157 4578 1233 4642 ὼς
1260 4577 1399 4650 μετά
1419 4576 1529 4629 τῶν
1552 4576 1728 4632 ἀλλων
1760 4578 1854 4630 καὶ
1874 4576 2077 4649 ταύτην
2110 4578 2502 4651 πεπληρῶσθαι
2529 4578 2625 4651 τὴν
2658 4580 3017 4652 προφητείαν.

958 4698 1362 4753 ΚΕΦΑΛᾹΙΟΝ
1393 4698 1497 4754 IB'.

729 4811 792 4885 (ι.
827 4811 916 4883 30)
959 4810 1094 4867 Ἀπὸ
1126 4810 1234 4864 τοῦ
1264 4809 1450 4864 αὑτοῦ
1491 4809 1684 4877 Ὡσηέ.

496 4939 516 4976 ι
567 4922 642 4977 Ού
701 4924 776 4997 μὴ
843 4923 1221 4994 ἐγκαταλείποι
1285 4920 1381 4975 τοῦ
1451 4919 1833 4990 ἐξαλειφθῆναι
1904 4919 1996 4975 τὸν

435 5019 704 5091 Ἐφραῖμ·
747 5019 883 5074 διότι
916 5018 1055 5083 ,Θεὸς
1095 5015 1206 5087 ἐγώ
1247 5018 1384 5087 εἰμι,
1424 5016 1518 5069 καὶ
1558 5016 1659 5069 οὐκ
1690 5014 1992 5086 ἄνθρωπος,

421 5111 481 5173 ἐν
514 5112 597 5165 σοὶ
623 5110 795 5181 ἅγιος,
820 5111 914 5166 καλ⁵
935 5112 1036 5164 οὐκ
1065 5108 1441 5178 εἰσελεύσομαι
1466 5108 1544 5171 είς
1571 5107 1745 5160 πόλιν.
1790 5105 1996 5160 Ὀπίσω

421 5200 629 5274 Κυρίου
672 5201 1030 5274 πορεύσομαι.
1061 5221 1079 5254 ι
1125 5202 1184 5255 '0
1210 5202 1373 5264 αὐτὸς
1400 5197 1589 5262 εἰπὼν,
1637 5216 1656 5248 ι
1687 5198 1830 5251 Διὸτι
1859 5198 1990 5260 Θεὸς

423 5292 535 5363 ἐγώ
562 5295 698 5365 εἰμι,
730 5313 748 5345 ι
782 5293 1035 5366 ἐπιφέρει
1060 5293 1255 5362 λέγων,
1287 5311 1319 5343 ι.
1351 5290 1553 5346 Ὀπίσω
1569 5290 1776 5361 Κυρίου
1800 5289 1995 5361 πορεύ-

425 5400 611 5456 σομαι.
642 5404 662 5438 ι
693 5384 791 5448 Τίς
816 5384 861 5438 δ’
889 5384 955 5440 ἂν
984 5384 1143 5449 ἄλλος
1182 5383 1266 5455 εἴη
1293 5383 1424 5445 Θεὸς
1446 5382 1621 5436 ὀπίσω
1651 5382 1857 5453 Κυρίου
1894 5397 1995 5433 πο-

428 5475 736 5546 ρευόμενος,
763 5474 848 5545 ἢὸ
872 5474 968 5529 τοῦ
989 5474 1124 5529 Θεοῦ
1147 5473 1316 5543 Λόγος
1336 5474 1423 5544 ,τῷ
1441 5473 1536 5527 τοῦ
1561 5472 1774 5543 Πατρὸς
1797 5471 1995 5544 ἑπόμε-

424 5583 515 5630 νος
544 5565 872 5638 βουλήματι;
910 5568 1005 5633 Ὃς
1035 5568 1131 5625 καὶ
1156 5566 1396 5621 διδάσκει
1426 5566 1499 5637 μὴ
1524 5566 1700 5620 δοκεῖν
1728 5564 1887 5619 αὐτὸν
1907 5564 1995 5618 διὰ

424 5658 527 5731 τὴν
560 5657 972 5731 ἐνανθρώπησιν
1007 5658 1160 5749 ψιλόν
1200 5677 1320 5716 τινα
1359 5659 1525 5729 ἄνδρα
1568 5658 1673 5713 τῶν
1712 5659 1876 5712 πάλαι
1919 5657 1996 5711 δι-

499 5839 546 5871 ⁵⁸
582 5840 711 5898 Ose.
745 5860 829 5912 xl,
859 5845 912 5900 9.

2702 4697 2932 4757 CAPUT
2961 4696 3077 4765 xu.

2649 4810 2737 4866 Ea:
2755 4812 2935 4868 eodem
2969 4811 3118 4867 Osee.

2177 4922 2343 4980 (Non
2372 4931 2666 4979 convertar
2715 4933 2775 4979 ut
2820 4922 3043 4995 perdam
3076 4920 3335 4992 Ephraim
3369 4935 3385 4974 :
3413 4920 3673 4992 quoniam

2097 5015 2243 5072 Deus
2290 5031 2390 5087 ego
2418 5022 2472 5071 et
2521 5031 2631 5071 non
2664 5015 2828 5071 homo
2864 5032 2879 5067 :
2922 5014 2976 5068 in
3006 5014 3188 5069 medio
3224 5013 3304 5069 tui
3335 5020 3580 5078 sanctus,
3619 5022 3675 5067 et

2097 5124 2209 5164 non
2261 5108 2541 5179 ingrediar
2592 5109 2894 5163 civitatem.
2954 5105 3087 5161 Post
3146 5105 3435 5162 Dominum
3482 5106 3675 5161 ambu-

2097 5200 2222 5255 labo
2253 5198 2321 5253 ‘3.
2382 5218 2401 5251 ι
2466 5198 2611 5255 Idem
2663 5213 2786 5253 cum
2835 5195 3118 5251 dixisset:
3156 5215 3176 5248 ι
3228 5195 3495 5262 Quoniam
3526 5194 3673 5251 Deus

2097 5307 2219 5363 ego,
2243 5312 2262 5345 ι
2317 5292 2527 5363 adjicit,
2582 5312 2603 5343 ‹
2639 5298 2764 5361 post
2801 5288 3087 5345 Dominum
3123 5288 3433 5344 ambulabo.
3471 5308 3491 5342 ι
3538 5287 3674 5355 Quis

2100 5393 2283 5440 autem
2315 5385 2457 5440 alius
2484 5391 2632 5439 esset
2692 5382 2839 5439 Deus
2894 5391 3018 5453 post
3040 5381 3329 5437 Dominum
3363 5382 3671 5449 ambulans,

2101 5492 2165 5533 ac
2195 5476 2290 5533 Dei
2316 5475 2572 5541 Verbum,
2610 5475 2788 5531 Patris
2838 5475 3171 5530 voluntatem
3212 5475 3543 5533 obsecutus?
3568 5476 3672 5543 Qui

2100 5575 2154 5622 et
2205 5567 2368 5624 docet
2409 5583 2521 5622 non
2569 5566 2745 5623 videri
2766 5582 2890 5623 eum
2957 5574 3191 5638 propter
3238 5567 3672 5626 incarnationem

2105 5658 2410 5731 simplicem
2432 5658 2723 5728 quemdam
2762 5657 2940 5712 virum
2990 5657 3420 5729 antiquisjustis
3435 5658 3671 5728 sanctiq-
