4100 6448
467 403 527 461 I'I
536 405 607 464 39

1145 415 1411 474 EUSEBII
1447 417 1924 475 CL‘ESARIENSIS
1961 418 2111 475 OPP.
2149 420 2329 476 PARS
2363 422 2448 480 III.
2487 456 2555 465 —-—
2592 424 3005 481 EXEGETICA.

3571 404 3715 474 mo

464 540 573 595 que
599 539 704 580 non
734 526 1043 583 absimilem
1068 544 1191 587 esse
1216 540 1445 603 natum.
1467 533 1607 588 Dicit
1639 543 1819 591 autem
1853 553 1912 591 se
1928 551 2022 591 nor

2138 539 2308 593 καίων
2343 542 2437 594 καὶ
2477 543 2645 612 ἁγίων
2686 546 2792 597 τινὶ
2833 544 3207 616 παραπλήσιον
3246 539 3541 611 γεγονέναι.
3572 540 3711 612 οησὶ

466 616 522 669 in
549 616 823 670 civitatem
852 620 1249 691 ingressurum,
1279 628 1577 683 ostendens
1609 643 1721 683 non
1758 630 2035 684 communi

460 711 517 758 et
553 705 786 760 humana
816 709 1025 766 ratione
1073 727 1133 767 se
1164 722 1323 769 usum
1357 731 1502 779 esse.
1520 719 1665 788 quod
1700 719 1918 790 quidem
1956 719 2038 774 fa-

465 811 590 851 cere
621 807 673 851 et
697 799 997 871 discipulos
1040 820 1171 861 suos
1215 806 1490 873 admonet,
1517 810 1741 867 dicens:
1775 830 1794 863 ι
1816 811 1874 867 In
1895 813 2037 868 viam

460 888 699 955 gentium
731 907 798 946 ne
815 893 1079 961 abieritis,
1111 904 1166 952 ot
1203 899 1255 953 in
1282 900 1533 959 civitates
1565 902 2034 962 Samaritanorum

460 995 530 1034 ne
551 982 691 1037 intra
701 986 887 1042 veritis
919 987 982 1040 ".
1024 1007 1041 1038 ι

778 1099 875 1169 (De
891 1100 1003 1158 Jocl
1024 1104 1157 1158 nihil
1186 1107 1321 1162 satis
1348 1110 1738 1184 compertum.)

1051 1216 1279 1273 CAPUT
1314 1219 1449 1275 XIII.

1092 1331 1178 1386 Ex
1222 1336 1403 1391 Amos.

534 1461 550 1491 ι
588 1441 842 1500 Subverti
865 1462 984 1513 vos,
1014 1446 1155 1502 sicut
1183 1450 1454 1505 subvertit
1492 1450 1636 1508 Deus
1660 1452 1951 1509 Sodomam
1979 1461 2032 1509 et

454 1534 836 1603 Gomorrham,
881 1547 936 1593 et
982 1540 1109 1593 facti
1167 1542 1302 1597 estis
1354 1544 1513 1613 quasi
1545 1546 1711 1601 torris
1737 1555 1924 1616 raptus
1963 1548 2031 1602 ab

454 1625 726 1694 incendio,
763 1635 818 1684 cl
844 1645 954 1683 non
981 1630 1204 1687 redistis
1230 1634 1299 1689 ad
1336 1649 1442 1699 me,
1467 1635 1603 1692 dicit
1635 1638 1977 1698 Dominus”.
2006 1662 2023 1694 ι

449 1718 524 1772 Et
544 1719 634 1774 hic
664 1721 782 1791 ipse
823 1721 1088 1779 Dominus
1113 1724 1245 1780 dicit
1305 1728 1464 1796 quasi
1508 1729 1577 1784 de
1618 1731 1765 1785 alio:
1816 1752 1834 1785 ί
1877 1732 2031 1789 Sicut

450 1811 719 1866 subvertit
766 1811 910 1870 Deus
968 1814 1264 1871 Sodomam
1296 1827 1349 1874 et
1379 1819 1765 1876 Gomorrham.
1796 1845 1814 1876 ι
1865 1825 1931 1880 Ει
1972 1829 2025 1882 in

2137 632 2192 687 δὲ
2220 635 2294 705 μὴ
2318 634 2719 689 εἰσελεύσεσθαι
2748 639 2827 699 εἰς
2859 636 3034 699 πόλιν,
3064 634 3236 706 δηλῶν
3261 633 3322 687 τὸ
3347 633 3421 705 μὴ
3439 634 3593 702 κοινῇ
3615 631 3711 684 καὶ

2137 725 2448 799 ἀνθρωπίνῃ
2474 728 2771 799 κεχρῆσθαι
2796 727 3059 800 πολιτείᾳ,
3089 728 3225 798 ὅπερ
3252 728 3425 780 ποιεῖν
3459 724 3554 778 καὶ
3583 724 3709 785 τοὺς

2118 816 2388 888 μαθητὰς
2422 819 2588 872 αὐτοῦ
2620 819 2862 873 παιδεύει
2890 820 3088 887 λέγων,
3122 837 3141 869 ι
3170 820 3264 889 Εἰς
3285 817 3405 872 ὁδὸν
3433 815 3601 869 ἐθνῶν
3633 814 3708 884 μὴ

2137 909 2428 980 ἀπέλθητε,
2461 910 2553 964 καὶ
2581 913 2660 974 είς
2694 910 2846 964 πόλιν
2877 909 3227 983 Σαμαρειτῶν
3259 909 3333 981 μὴ
3357 906 3653 978 εἰσέλθητε.
3682 925 3703 957 ι

2560 1112 2690 1184 (Τοῦ
2733 1113 2884 1184 Ἰωήλ
2903 1114 3068 1182 σαφὲς
3086 1110 3285 1180 οὐδέν.)

2653 1223 3055 1290 ΚΕΦΔΛΑΙΟΝ,
3083 1222 3182 1276 II".

2671 1334 2804 1388 Ἀπὸ
2832 1334 2942 1389 τοῦ
2984 1331 3176 1405 Ἀμώς.

2208 1470 2225 1502 ι
2250 1450 2607 1522 Κατέστρεψα
2634 1451 2663 1504 ύ
2671 1452 2797 1522 μᾶς,
2816 1449 2997 1513 καθὼς
3023 1448 3388 1521 κατέστρεψεν
3410 1447 3591 1512 όΘεὸς
3606 1448 3706 1501 ..ό-

2131 1544 2272 1613 δομα
2296 1543 2389 1597 καὶ
2411 1544 2684 1614 Γόμορρα,
2713 1543 2808 1596 καὶ
2830 1540 3080 1610 ἐγένεσθε
3103 1541 3178 1603 ὡς
3197 1539 3352 1603 δαλὸς
3374 1538 3707 1611 ὲξεσπασμέ-

2132 1653 2221 1699 νος
2241 1637 2305 1688 ὲκ
2327 1634 2517 1705 πυρὸς,
2542 1633 2637 1687 καὶ
2665 1632 2772 1686 οὐδ’
2794 1634 2869 1697 ὣς
2890 1630 3260 1704 ἐπεστρέψατε
3284 1631 3419 1703 πρὸς
3444 1630 3534 1700 μὲ,
3558 1628 3706 1697 λέγει
3734 1646 3739 1651 ’

2132 1724 2355 1796 Κύριος.
2395 1744 2413 1776 ι
2440 1726 2547 1778 Καὶ
2586 1723 2772 1781 ἐνθάδε
2803 1724 2962 1788 αὐτὸς
2986 1724 3016 1776 ὁ
3050 1722 3257 1796 Κύριός
3282 1738 3445 1794 φησιν
3474 1721 3550 1785 ὠς
3577 1721 3707 1791 περὶ

2133 1818 2322 1891 ἐτέρου
2368 1818 2448 1880 τὸ,
2481 1838 2499 1870 ι
2527 1816 2727 1882 Καθὼς
2757 1815 3122 1890 κατέστρεψεν
3146 1818 3175 1870 ὁ
3201 1814 3334 1878 Θεδς
3370 1814 3578 1885 Σόδομα
3609 1812 3706 1866 καί⁹

447 1900 645 1957 Genesi
681 1905 892 1959 notavit
938 1905 1122 1961 divina
1173 1906 1462 1980 Scriptura
1497 1919 1789 1985 utramque
1837 1933 2022 1988 persoa

2133 1908 2401 1981 Γόμορρα·
2435 1928 2454 1961 ›
2481 1909 2574 1963 καὶ
2618 1911 2677 1962 έν
2698 1911 2765 1980 τῇ
2810 1908 3028 1962 Γενέσει
3055 1907 3110 1961 δὲ
3159 1906 3461 1978 τετήρηκεν
3506 1906 3540 1975 ή
3584 1904 3705 1957 θεία

447 2009 573 2047 nam
599 1994 684 2052 his
731 1998 951 2054 verbis:
994 2018 1014 2052 ι
1055 1999 1120 2053 Et
1169 2004 1308 2072 pluit
1351 2002 1616 2063 Dominus
1646 2023 1812 2079 super
1853 2008 2025 2066 Sodo-

447 2100 588 2138 mam
613 2094 667 2141 et
694 2086 1055 2145 Gomorrham
1101 2094 1335 2164 sulphur
1375 2103 1431 2150 et
1454 2099 1633 2168 ignem
1657 2113 1688 2152 a
1708 2098 1942 2156 Domino
1959 2102 2027 2157 de

446 2178 587 2233 cmlo
622 2180 686 2236 ".
720 2201 738 2233 ›
777 2181 855 2239 Ex
899 2184 985 2240 his
1013 2186 1305 2243 manifesta
1362 2192 1420 2243 Iit
1450 2190 1519 2246 de
1577 2191 1740 2248 Patre
1790 2203 1845 2250 et
1886 2194 2024 2252 Filio

445 2272 831 2330 ecclesiastica:
865 2275 985 2332 Iidei
1018 2279 1363 2336 ortliodoxia.
1496 2264 1505 2275 ἱ

1028 2390 1257 2446 CAPUT
1284 2393 1426 2450 XIV.

1078 2504 1162 2559 Ex
1188 2507 1387 2563 eodem.

515 2634 539 2664 ο
571 2613 884 2686 Prmpnrarc
936 2620 991 2674 in
1044 2636 1337 2677 occursum
1398 2621 1494 2679 Dei
1550 2623 1629 2678 tui
1663 2624 1850 2680 Israel.
1883 2625 2046 2699 Quia.

439 2721 567 2761 ecce
600 2707 842 2767 formans
891 2721 1130 2778 montes,
1167 2721 1221 2769 et
1270 2729 1470 2771 creans
1528 2727 1786 2779 ventum,
1836 2725 1891 2772 et
1924 2733 2022 2771 an-

437 2803 700 2858 nuntians
720 2804 1224 2862 bominiCbristum
1255 2825 1437 2871 suum.
1467 2808 1676 2866 faciens
1696 2812 2020 2867 matutinam

439 2893 713 2964 nebulam,
741 2904 796 2952 et
823 2899 1077 2969 gradiens
1100 2889 1265 2971 supc'r
1289 2902 1506 2957 excelsa
1533 2909 1723 2968 terrm;
1755 2901 2020 2960 Dominus

441 2986 584 3042 Deus
610 2990 961 3060 omnipotens
990 3008 1192 3048 nomen
1216 2994 1336 3064 ejus
1374 2996 1442 3051 ".
1473 3014 1494 3049 ι
1528 2994 1627 3051 His
1658 3012 1875 3068 quoque
1901 3013 2020 3054 ver-

440 3078 524 3135 bis
550 3089 735 3150 aperte
762 3082 965 3139 Christi
986 3086 1052 3140 ad
1074 3085 1325 3144 homines
1348 3089 1639 3144 adventum
1658 3090 2016 3161 prophetizat.

444 3171 672 3243 Singula
707 3190 839 3231 vero
876 3176 1054 3235 fusius
1099 3186 1274 3250 atque
1324 3182 1635 3238 accuratius
1680 3191 1809 3239 sunt
1838 3184 2021 3255 expla-

438 3265 615 3320 nanda
639 3281 741 3322 suo
781 3277 884 3324 tem
891 3284 1041 3340 pore.

1040 3384 1268 3441 CAPUT
1300 3387 1413 3443 XV.

1068 3500 1153 3553 Ea:
1189 3501 1383 3557 Abdia.

511 3626 530 3659 ι
562 3606 935 3667 YisioAbdiaa.
960 3611 1233 3671 Hmcdicit
1265 3615 1530 3674 Dominus
1553 3617 1696 3674 Deus
1722 3618 1789 3673 ad
1815 3616 2011 3674 Edom:

432 3697 694 3755 Auditum
752 3701 1063 3778 audivimus
1113 3720 1143 3759 a
1202 3688 1436 3763 Domino
1474 3749 1489 3772 ,
1540 3719 1603 3764 et
1659 3709 1895 3778 legatum
1948 3707 2018 3762 ad

432 3798 619 3860 gentes
635 3776 862 3847 misit'”.
887 3814 905 3845 ι
932 3793 1068 3850 Cum
1088 3795 1177 3851 hic
1190 3812 1408 3868 quoque
1429 3796 1688 3855 Dominus
1707 3776 1848 3854 Deus
1862 3798 2017 3853 audi-

433 3892 545 3937 tum
572 3885 829 3939 audivita
857 3885 1109 3954 Domino,
1168 3889 1316 3944 hunc
1347 3891 1526 3945 locum
1563 3890 1675 3960 jam
1702 3891 1849 3947 satis.
1877 3908 2016 3947 cnu-

431 3976 753 4033 cleavimus..

1018 4092 1247 4149 CAPUT
1281 4093 1419 4149 XVI.

1093 4207 1175 4263 Ea:
1196 4209 1359 4266 Iona.

497 4313 753 4374 Partilcm
806 4320 1026 4391 proprie
1076 4321 1145 4377 de
1215 4322 1434 4380 Christo
1496 4325 1835 4396 prophetiam
1903 4343 2012 4383 non

2132 2000 2323 2073 Γραφὴ
2356 2001 2424 2055 τὰ
2463 2002 2557 2055 δύο
2589 2001 2857 2073 πρόσωπα
2886 2001 3126 2072 φήσασα,
3166 2016 3184 2049 ι
3218 1998 3329 2053 Καὶ
3366 1997 3553 2071 ἔϐρεξε
3588 1996 3704 2050 Κύ.

2133 2110 2248 2163 ριος
2298 2093 2389 2146 ἐπὶ
2431 2092 2639 2163 Σόδομα
2684 2092 2779 2147 καὶ
2818 2092 3071 2163 Γόμορρα
3114 2089 3254 2143 θεῖον
3297 2088 3528 2160 καὶπῦρ
3553 2087 3703 2158 παρὰ

2130 2188 2355 2259 Κυρίου·
2391 2207 2409 2239 ι
2449 2186 2507 2251 ἐξ
2532 2180 2607 2241 ὧν
2635 2184 2947 2256 καταφανὴς
2974 2185 3008 2255 ἠ
3048 2183 3175 2252 περὶ
3212 2182 3424 2255 Πατρὺς
3456 2181 3550 2235 καὶ
3572 2179 3705 2234 nos

2129 2281 2384 2352 τυγχάνει
2415 2280 2514 2350 τῆς
2544 2279 2999 2349 ἐκκλησιαστικῆς
3028 2276 3261 2340 πίστεως
3288 2273 3581 2347 ὀρθοδοξία.

2648 2390 3043 2445 ΚΕΦᾹΛΔΙΟΝ
3084 2388 3178 2443 1Δ’.

2726 2503 2836 2557 Τοῦ
2886 2503 3091 2557 αὑτοῦ.

2207 2638 2226 2669 ‹
2281 2616 2597 2689 Ἐτοιμάζου
2642 2617 3020 2671 ἐπικαλεῖσθαι
3052 2617 3143 2669 τὸν
3166 2616 3298 2669 Θεόν
3335 2633 3425 2669 σου
3464 2614 3697 2686 Ἰσραήλ.
3762 2684 3769 2691 κ

2123 2712 2289 2776 Διότι,
2345 2711 2476 2774 ἰδοὺ,
2521 2710 2754 2782 στερεῶν
2792 2708 3051 2781 βροντὴν,
3089 2708 3185 2763 καὶ
3223 2708 3421 2773 κτίζων
3464 2706 3702 2776 πνεῦμα,

2124 2806 2221 2859 καὶ⁵
2249 2804 2608 2874 ἀπαγγέλλων
2649 2805 2727 2867 εἰς
2770 2801 3089 2875 ἀνθρώπους
3129 2802 3220 2856 τὸν
3254 2802 3486 2872 Χριστὸν
3512 2799 3703 2863 αὐτοῦ,

2125 2894 2294 2949 ποιῶν
2334 2894 2528 2967 ὄρθρον
2573 2894 2667 2948 καὶ
2714 2892 2966 2964 ὁμίχλην,
3017 2893 3112 2946 καὶ
3152 2892 3447 2946 ἐπιϐαίνων
3496 2892 3589 2944 ἐπὶ
3632 2890 3704 2943 τὰ

2125 2987 2304 3060 ὑψηλὰ
2327 2988 2428 3058 τῆς
2457 2988 2583 3058 γῆς,
2619 2987 2822 3058 Κύριος
2851 2990 2880 3041 ὁ
2903 2987 3036 3050 Est;
3058 2987 3090 3039 ὁ
3111 2984 3504 3057 παντοκράτωρ
3530 2984 3703 3054 ὄνομα

2122 3079 2290 3150 αὐτῷ.
2322 3098 2340 3131 ι
2371 3078 2484 3134 Καὶ
2508 3080 2597 3134 διὰ
2625 3080 2827 3133 τούτων
2856 3078 3040 3149 σαφῶς
3064 3080 3134 3131 τὰ
3161 3078 3260 3149 τῆς
3283 3079 3362 3142 εἰς
3384 3075 3701 3148 ἀνθρώπους

2123 3173 2415 3244 ἐπιδημίας
2440 3171 2534 3226 τοῦ
2569 3172 2805 3244 Χριστοῦ
2846 3171 3263 3242 προφητεύεται·
3307 3170 3400 3223 ἐπὶ
3435 3169 3699 3240 σχολῆςδ

2046 3257 2090 3316 C
2122 3265 2189 3320 ἂν
2221 3266 2423 3336 ἑκάστη
2453 3265 2602 3331 λέξις
2625 3264 3019 3336 ἀκριϐεστέρας
3047 3264 3199 3335 τύχοι
3229 3263 3547 3334 σαφηνείας,

2636 3380 3029 3435 ΚΕΦΑΔΑΙΟΝ
3079 3378 3180 3433 IE'.

2741 3496 2848 3550 Τοῦ
2885 3495 3131 3549 Ἁϐδίου.

2197 3631 2215 3663 ι
2249 3614 2480 3684 Ὄρασις
2537 3611 2766 3664 Ἀϐδίου·
2820 3608 2956 3662 Τάδε
3007 3608 3154 3677 λέγει
3186 3607 3388 3679 Κύριος
3414 3609 3442 3660 ό
3480 3605 3611 3669 Θεὸς
3631 3607 3699 3675 τῇ

2135 3704 2427 3775 Ἰδουμαίᾳ·
2478 3703 2672 3774 ’Λκοὴν
2705 3702 2916 3772 ήκουσα
2960 3699 3114 3770 παρὰ
3148 3698 3376 3769 Κυρίου,
3420 3697 3511 3751 καὶ
3546 3713 3703 3766 περι-

2119 3803 2250 3870 οχὴν
2287 3800 2366 3862 εἰς
2395 3798 2462 3851 τά
2500 3795 2626 3867 ἔθνη
2668 3793 3063 3862 ἐξαπέστειλεν.
3094 3813 3112 3845 ι
3170 3792 3321 3846 Ἐπεὶ
3346 3791 3441 3846 κα)⁸
3468 3790 3701 3844 ἐνταῦθα

2120 3890 2323 3961 Κύριος
2358 3891 2387 3942 ό
2423 3888 2557 3951 Θεὸς
2591 3886 2762 3957 ἀκοὴν
2791 3888 2988 3957 ἤκουσε
3024 3883 3175 3955 παρὰ
3212 3882 3441 3955 Κυρίου,
3470 3880 3701 3945 εἰκότως

2118 3986 2215 4054 ἑση
2225 3982 2579 4053 μειωσάμεθα
2599 3981 2690 4034 τὸν
2711 3980 2895 4035 τόπον.

2626 4093 3025 4149 ΚΕΦΑΛΑΙΟΝ
3070 4093 3193 4159 ιςις

2663 4206 2797 4264 Ἀπὸ
2837 4206 2944 4261 τοῦ
2986 4204 3165 4262 Ἰωνᾶ.

2188 4328 2432 4400 Μερικὴν
2476 4327 2574 4398 μὲν
2620 4325 2763 4389 ἰδίως
2793 4326 2921 4396 περὶ
2962 4320 3055 4377 τοῦ
3090 4315 3328 4392 Χριστοῦ
3359 4315 3717 4388 προφητείαν

425 4408 737 4468 invenimus
769 4412 824 4467 in
851 4413 957 4470 hoc
977 4415 1119 4471 loco.
1170 4415 1305 4472 Cum
1340 4426 1518 4473 autem
1549 4417 1616 4471 ad
1644 4419 2010 4489 postulantem

2127 4424 2213 4493 δύχ
2246 4422 2482 4495 εὕρομεν
2506 4423 2563 4474 ἐν
2590 4418 2668 4490 τῷ
2698 4416 3061 4488 προκειμένῳ·
3096 4411 3220 4465 ιὲπεῖί¹
3244 4410 3303 4465 δὲ
3330 4408 3467 4481 πρὸς
3490 4408 3592 4480 τὴν
3621 4408 3699 4460 αἱ·

427 4514 458 4554 a
508 4498 742 4556 Domino
803 4505 1016 4574 signum
1072 4507 1673 4577 generationem,.nihil
1703 4509 1857 4564 aliud
1890 4510 2011 4566 dix~

2114 4509 2314 4563 τοῦσαν
2338 4507 2427 4561 τὸν
2458 4507 2690 4578 Σωτῆρα
2732 4507 2955 4576 σημεῖον
2996 4500 3191 4571 γενεὰν
3217 4499 3318 4553 ούκ
3343 4498 3470 4553 ἄλλο
3494 4497 3701 4568 ἔφησεν

2161 4600 2173 4615 9
2221 4600 2246 4615 υ
2296 4598 2319 4615 δ

429 4594 469 4645 it
507 4592 747 4647 dandum
796 4610 938 4655 esse,
988 4595 1093 4651 nisi
1152 4595 1304 4652 Iona:
1347 4596 1625 4667 prophetae
1648 4597 1887 4670 signum,
1918 4603 2012 4657 ad-

2127 4600 2251 4669 κύτῇ
2292 4596 2610 4666 δοθήσεσθαι
2651 4595 2684 4665 ἢ
2723 4593 2783 4647 τὸ
2821 4595 3043 4665 σημεῖον
3086 4591 3241 4644 Ἰωνᾶ
3268 4588 3361 4643 τοῦ
3391 4588 3696 4661 προφήτου,

422 4685 654 4755 jiciens:
690 4705 708 4736 ε
737 4684 889 4742 Sicut
910 4688 1053 4742 enim
1074 4688 1361 4747 fuitJonas
1414 4692 1471 4747 in
1486 4705 1674 4750 ventre
1697 4696 1803 4751 ceti
1830 4697 2006 4753 tribus

2127 4689 2412 4758 ἐπαγαγὼν
2447 4689 2528 4751 τὸ,
2566 4706 2585 4739 ι
2623 4687 2836 4756 ’Ὠσπερ
2861 4684 2969 4755 γὰρ
2992 4680 3063 4756 ἦν
3107 4683 3290 4745 Ἰωνᾶς
3327 4683 3384 4734 ὲν
3417 4683 3484 4752 τῇ
3518 4677 3699 4748 κοιλίᾳ

423 4776 622 4833 diebus
668 4786 722 4832 et
753 4780 930 4835 tribus
985 4782 1262 4847 noctibus,
1303 4784 1385 4838 sic
1429 4785 1533 4839 erit
1565 4783 1737 4843 Filius
1770 4788 2005 4844 hominis

2114 4783 2208 4837 τοῦ
2242 4784 2437 4854 κήτους
2480 4784 2629 4853 τρεῖς
2662 4779 2877 4850 ἡμέρας
2922 4778 3016 4832 καὶ
3057 4778 3206 4848 τρεῖς
3255 4775 3475 4837 νύκτας,
3523 4771 3696 4831 οὕτως

425 4868 478 4921 in
503 4870 667 4925 corde
699 4878 863 4924 terra:
893 4871 1070 4928 tribus
1092 4873 1284 4929 diebus
1312 4884 1367 4929 et.
1399 4875 1855 4935 tribusnoctibus
1872 4879 1953 4944 ";
1982 4899 2000 4931 ι

2127 4875 2267 4930 ἔσται
2302 4875 2396 4928 καὶ
2422 4877 2450 4928 ὁ
2476 4873 2606 4937 Υἱὸς
2624 4870 2717 4925 τοῦ
2752 4868 3041 4941 ἀνθρώπου
3076 4872 3133 4922 ὲν
3153 4870 3220 4938 τῇ
3249 4865 3443 4938 καρδίᾳ
3470 4864 3567 4933 τῆς
3586 4860 3693 4932 γῆς

425 4959 506 5013 sic
548 4968 604 5015 ct
641 4975 741 5016 nos
775 4977 873 5030 pro
923 4964 1251 5035 necessitate
1303 4965 1446 5020 hanc
1485 4983 1703 5039 quoque
1737 4971 1793 5026 in
1848 4970 2003 5028 testi~

425 5054 626 5109 moniis
655 5055 722 5109 de
745 5054 964 5113 Christo
997 5058 1748 5128 prophetiam,indicavimus.

992 5253 1222 5310 CAPUT
1247 5255 1410 5313 XVII.

1020 5369 1103 5425 Ex
1136 5370 1395 5430 Micha'a.

504 5499 523 5531 σ
555 5482 691 5547 Quia
726 5496 853 5537 ecce
892 5482 1158 5541 Dominus
1189 5489 1499 5559 egredietur
1527 5493 1594 5547 de
1620 5493 1741 5547 loco
1775 5507 1906 5549 suo:
1948 5501 2003 5547 ct

422 5572 736 5640 descendet,
754 5587 803 5631 et
827 5578 1060 5633 calcabit
1084 5596 1248 5650 super
1269 5584 1484 5640 excelsa
1514 5593 1692 5653 terrae,
1726 5593 1781 5641 et
1805 5600 2005 5641 consu-

2112 4971 2262 5041 τρεῖς
2300 4966 2517 5039 ἡμέρας
2565 4966 2659 5019 καὶ
2687 4966 2836 5036 τρεῖς
2870 4961 3088 5025 νύκτας·
3122 4981 3143 5013 ι
3187 4959 3377 5014 τούτου
3422 4956 3487 5029 δὴ
3534 4955 3691 5026 χάριν

2112 5061 2424 5130 ἀναγκαίως
2456 5059 2551 5113 καὶ
2579 5057 2781 5128 ταύτην
2815 5057 2873 5108 ὲν
2905 5057 3020 5119 ταῖς
3052 5054 3189 5125 περὶ,
3214 5048 3448 5109 Χριστοῦ
3480 5064 3686 5119 μαρτυ-

2122 5155 2260 5226 ρίαις
2286 5149 2740 5225 ἐσημειωσάμεθα
2782 5147 2879 5219 τὴν
2913 5147 3156 5218 Γραφήν.

2577 5300 2581 5305 ι
2623 5260 3020 5317 ΚΕΦΑΛΑῙΟΝ
3071 5260 3167 5313 IZ'.

2441 5379 2500 5449 (Γ.
2535 5377 2603 5433 30
2631 5375 2717 5447 v°)
2762 5373 2896 5429 Ἀπὸ
2942 5372 3051 5427 τοῦ
3081 5370 3356 5439 Μειχαία.

2188 5516 2205 5547 ι
2249 5496 2413 5557 Διότι,
2462 5495 2592 5555 ἰδοὺ,
2634 5490 2841 5560 Κύριος
2860 5490 3067 5560 Κύριος
3099 5484 3460 5557 ἐκπορεύεται
3494 5484 3559 5535 ἐκ
3592 5478 3685 5532 τοῦ

2108 5590 2279 5642 τόπου
2324 5586 2510 5650 αὑτοῦ,
2555 5586 2649 5640 καὶ
2679 5584 3069 5657 καταϐήσεται,
3100 5580 3197 5635 καὶ
3229 5578 3551 5649 ἐπιϐήσεται
3596 5573 3691 5625 ἐπὶ

429 5673 646 5720 meutur
674 5676 888 5724 montes
944 5672 1141 5729 subtus
1175 5689 1299 5729 eum
1335 5696 1341 5731 :
1395 5686 1447 5732 ct
1481 5679 1649 5735 valles
1686 5678 2005 5735 scindentur

2127 5680 2177 5732 τὰ
2207 5680 2313 5750 ῦψη
2353 5680 2451 5748 τῆς
2486 5680 2606 5749 γῆς,
2638 5679 2731 5732 καὶ
2760 5675 3150 5745 σαλευθήσεται
3175 5671 3243 5726 τὰ
3270 5671 3371 5742 ὅρη
3404 5667 3693 5723 ὑποκάτω-

492 5841 535 5875 δ’
566 5842 755 5897 Matth.
797 5862 825 5899 κ
850 5884 864 5910 ,
899 5846 948 5899 5.
1028 5847 1071 5880 ’θ
1089 5850 1256 5906 Amos
1290 5867 1362 5917 ιν,
1400 5852 1485 5907 II.
1565 5854 1608 5887 ⁵¹
1636 5854 1766 5911 Gen.
1808 5872 1917 5923 vix,
1950 5856 2039 5912 24.

2119 5855 2352 5914 "Amos
2396 5872 2468 5923 tr,
2508 5855 2688 5925 12,13.
2768 5856 2964 5913 “Ahd.
3002 5873 3040 5926 ι,
3072 5857 3125 5915 I.
3204 5857 3248 5889 "
3268 5852 3453 5909 Matth.
3479 5867 3570 5908 xu.
3593 5850 3687 5907 ID.
