  <div class='ocr_page' id='page_1' title='image "/cluster/home/n/w/nwhite01/storage/ocr_20150623/22:no.4/coo.31924054873025/584.png"; bbox 0 0 4100 6424; ppageno 0'>
   <div class='ocr_carea' id='block_1_1' title="bbox 433 394 562 454">
    <p class='ocr_par' dir='ltr' id='par_1_1' title="bbox 433 394 562 454">
     <span class='ocr_line' id='line_1_1' title="bbox 433 394 562 454; baseline 0 -2"><span class='ocrx_word' id='word_1_1' title='bbox 433 394 562 454; x_wconf 72' lang='lat' dir='ltr'><strong>Mil</strong></span> 
     </span>
    </p>
   </div>
   <div class='ocr_carea' id='block_1_2' title="bbox 1453 393 2634 452">
    <p class='ocr_par' dir='ltr' id='par_1_2' title="bbox 1453 393 2634 452">
     <span class='ocr_line' id='line_1_2' title="bbox 1453 393 2634 452; baseline 0 -2"><span class='ocrx_word' id='word_1_2' title='bbox 1453 396 1750 451; x_wconf 73' lang='lat' dir='ltr'><strong>ECLOGA-3&#39;</strong></span> <span class='ocrx_word' id='word_1_3' title='bbox 1788 393 2267 452; x_wconf 64' lang='lat' dir='ltr'><strong>PROPIIETICIE.</strong></span> <span class='ocrx_word' id='word_1_4' title='bbox 2289 426 2356 436; x_wconf 89' lang='lat'><strong>-—-</strong></span> <span class='ocrx_word' id='word_1_5' title='bbox 2375 395 2504 450; x_wconf 85' lang='lat' dir='ltr'><strong>LIB.</strong></span> <span class='ocrx_word' id='word_1_6' title='bbox 2547 394 2634 450; x_wconf 76' lang='lat' dir='ltr'><strong>ill;</strong></span> 
     </span>
    </p>
   </div>
   <div class='ocr_carea' id='block_1_3' title="bbox 3556 397 3691 453">
    <p class='ocr_par' dir='ltr' id='par_1_3' title="bbox 3556 397 3691 453">
     <span class='ocr_line' id='line_1_3' title="bbox 3556 397 3691 453; baseline 0.037 -5"><span class='ocrx_word' id='word_1_7' title='bbox 3556 397 3691 453; x_wconf 63' lang='grc' dir='ltr'><strong>ιιιτ</strong></span> 
     </span>
    </p>
   </div>
   <div class='ocr_carea' id='block_1_4' title="bbox 432 514 2014 590">
    <p class='ocr_par' dir='ltr' id='par_1_4' title="bbox 432 514 2014 590">
     <span class='ocr_line' id='line_1_4' title="bbox 432 514 2014 590; baseline 0.003 -20"><span class='ocrx_word' id='word_1_8' title='bbox 432 516 522 570; x_wconf 82' lang='grc' dir='ltr'><strong>Οεν</strong></span> <span class='ocrx_word' id='word_1_9' title='bbox 556 515 739 579; x_wconf 84' lang='grc' dir='ltr'><strong>αὑτοῦ,</strong></span> <span class='ocrx_word' id='word_1_10' title='bbox 760 516 869 575; x_wconf 75' lang='grc' dir='ltr'><strong>,καὶ</strong></span> <span class='ocrx_word' id='word_1_11' title='bbox 900 518 955 571; x_wconf 88' lang='grc' dir='ltr'><strong>αἱ</strong></span> <span class='ocrx_word' id='word_1_12' title='bbox 983 514 1222 578; x_wconf 63' lang='grc' dir='ltr'><strong>κοιλάδες</strong></span> <span class='ocrx_word' id='word_1_13' title='bbox 1246 516 1573 587; x_wconf 81' lang='grc' dir='ltr'><strong>τακὴσονται</strong></span> <span class='ocrx_word' id='word_1_14' title='bbox 1605 517 1680 581; x_wconf 85' lang='grc' dir='ltr'><strong>ὼς</strong></span> <span class='ocrx_word' id='word_1_15' title='bbox 1707 520 1876 590; x_wconf 79' lang='grc' dir='ltr'><strong>κηρὸς</strong></span> <span class='ocrx_word' id='word_1_16' title='bbox 1907 522 2014 575; x_wconf 77' lang='grc' dir='ltr'><strong>ἀπὸ</strong></span> 
     </span>
    </p>
   </div>
   <div class='ocr_carea' id='block_1_5' title="bbox 2116 514 3690 590">
    <p class='ocr_par' dir='ltr' id='par_1_5' title="bbox 2117 515 3690 589">
     <span class='ocr_line' id='line_1_5' title="bbox 2117 515 3690 589; baseline -0.001 -14"><span class='ocrx_word' id='word_1_17' title='bbox 2117 521 2261 576; x_wconf 91' lang='lat' dir='ltr'><strong>sicut</strong></span> <span class='ocrx_word' id='word_1_18' title='bbox 2304 537 2431 575; x_wconf 88' lang='lat' dir='ltr'><strong>cera</strong></span> <span class='ocrx_word' id='word_1_19' title='bbox 2461 537 2490 575; x_wconf 90' lang='lat' dir='ltr'><strong>a</strong></span> <span class='ocrx_word' id='word_1_20' title='bbox 2525 519 2666 575; x_wconf 81' lang='lat' dir='ltr'><strong>facie</strong></span> <span class='ocrx_word' id='word_1_21' title='bbox 2720 518 2865 589; x_wconf 85' lang='lat' dir='ltr'><strong>ignis</strong></span> <span class='ocrx_word' id='word_1_22' title='bbox 2895 520 3015 574; x_wconf 56' lang='grc'><strong>⁸⁸.)</strong></span> <span class='ocrx_word' id='word_1_23' title='bbox 3071 515 3149 572; x_wconf 88' lang='lat' dir='ltr'><strong>De</strong></span> <span class='ocrx_word' id='word_1_24' title='bbox 3191 516 3434 573; x_wconf 82' lang='lat' dir='ltr'><strong>secunda</strong></span> <span class='ocrx_word' id='word_1_25' title='bbox 3485 515 3690 573; x_wconf 82' lang='lat' dir='ltr'><strong>Christi</strong></span> 
     </span>
    </p>
   </div>
   <div class='ocr_carea' id='block_1_6' title="bbox 432 608 2014 683">
    <p class='ocr_par' dir='ltr' id='par_1_6' title="bbox 432 608 2014 683">
     <span class='ocr_line' id='line_1_6' title="bbox 432 608 2014 683; baseline 0.002 -21"><span class='ocrx_word' id='word_1_26' title='bbox 432 608 723 681; x_wconf 84' lang='grc' dir='ltr'><strong>προσώπου</strong></span> <span class='ocrx_word' id='word_1_27' title='bbox 764 610 954 679; x_wconf 88' lang='grc' dir='ltr'><strong>πυρός.</strong></span> <span class='ocrx_word' id='word_1_28' title='bbox 992 628 1010 660; x_wconf 73' lang='grc' dir='ltr'><strong>ι</strong></span> <span class='ocrx_word' id='word_1_29' title='bbox 1048 609 1184 679; x_wconf 69' lang='grc' dir='ltr'><strong>Περὶ</strong></span> <span class='ocrx_word' id='word_1_30' title='bbox 1216 609 1314 678; x_wconf 82' lang='grc' dir='ltr'><strong>τῆς</strong></span> <span class='ocrx_word' id='word_1_31' title='bbox 1358 608 1616 680; x_wconf 77' lang='grc' dir='ltr'><strong>δευτέρας</strong></span> <span class='ocrx_word' id='word_1_32' title='bbox 1657 610 1747 663; x_wconf 87' lang='grc' dir='ltr'><strong>τοῦ</strong></span> <span class='ocrx_word' id='word_1_33' title='bbox 1782 613 2014 683; x_wconf 79' lang='grc' dir='ltr'><strong>Χριστοῦ</strong></span> 
     </span>
    </p>
   </div>
   <div class='ocr_carea' id='block_1_7' title="bbox 433 697 1640 771">
    <p class='ocr_par' dir='ltr' id='par_1_7' title="bbox 433 697 1640 771">
     <span class='ocr_line' id='line_1_7' title="bbox 433 697 1640 771; baseline -0.001 -18"><span class='ocrx_word' id='word_1_34' title='bbox 433 700 732 771; x_wconf 71' lang='grc' dir='ltr'><strong>παρουσίας</strong></span> <span class='ocrx_word' id='word_1_35' title='bbox 768 700 938 753; x_wconf 83' lang='grc' dir='ltr'><strong>ταῦτα</strong></span> <span class='ocrx_word' id='word_1_36' title='bbox 964 697 1215 768; x_wconf 86' lang='grc' dir='ltr'><strong>λέγεσθαι</strong></span> <span class='ocrx_word' id='word_1_37' title='bbox 1244 698 1640 771; x_wconf 75' lang='grc' dir='ltr'><strong>ὑπειλήφαμεν.</strong></span> 
     </span>
    </p>
   </div>
   <div class='ocr_carea' id='block_1_8' title="bbox 950 813 1500 867">
    <p class='ocr_par' dir='ltr' id='par_1_8' title="bbox 950 813 1500 867">
     <span class='ocr_line' id='line_1_8' title="bbox 950 813 1500 867; baseline 0.002 -1"><span class='ocrx_word' id='word_1_38' title='bbox 950 813 1347 867; x_wconf 73' lang='grc' dir='ltr'><strong>ΚΕΦΑΛΔΙΟΝ</strong></span> <span class='ocrx_word' id='word_1_39' title='bbox 1390 814 1500 867; x_wconf 75' lang='grc' dir='ltr'><strong>ιη’.</strong></span> 
     </span>
    </p>
   </div>
   <div class='ocr_carea' id='block_1_9' title="bbox 1046 926 1399 981">
    <p class='ocr_par' dir='ltr' id='par_1_9' title="bbox 1046 926 1399 981">
     <span class='ocr_line' id='line_1_9' title="bbox 1046 926 1399 981; baseline 0.006 -2"><span class='ocrx_word' id='word_1_40' title='bbox 1046 926 1156 981; x_wconf 83' lang='grc' dir='ltr'><strong>Τοῦ</strong></span> <span class='ocrx_word' id='word_1_41' title='bbox 1192 927 1399 981; x_wconf 76' lang='grc' dir='ltr'><strong>αὐτοῦ.</strong></span> 
     </span>
    </p>
   </div>
   <div class='ocr_carea' id='block_1_10' title="bbox 511 1041 2013 1115">
    <p class='ocr_par' dir='ltr' id='par_1_10' title="bbox 511 1041 2013 1115">
     <span class='ocr_line' id='line_1_10' title="bbox 511 1041 2013 1115; baseline 0.001 -20"><span class='ocrx_word' id='word_1_42' title='bbox 511 1063 528 1095; x_wconf 79' lang='grc' dir='ltr'><strong>ι</strong></span> <span class='ocrx_word' id='word_1_43' title='bbox 578 1041 866 1096; x_wconf 82' lang='grc' dir='ltr'><strong>Ἀκούσατε</strong></span> <span class='ocrx_word' id='word_1_44' title='bbox 893 1042 957 1114; x_wconf 78' lang='grc' dir='ltr'><strong>δὴ</strong></span> <span class='ocrx_word' id='word_1_45' title='bbox 988 1043 1179 1115; x_wconf 85' lang='grc' dir='ltr'><strong>ταῦτα,</strong></span> <span class='ocrx_word' id='word_1_46' title='bbox 1201 1045 1251 1097; x_wconf 86' lang='grc' dir='ltr'><strong>οἱ</strong></span> <span class='ocrx_word' id='word_1_47' title='bbox 1280 1044 1593 1114; x_wconf 80' lang='grc' dir='ltr'><strong>ἡγούμενοι,</strong></span> <span class='ocrx_word' id='word_1_48' title='bbox 1614 1046 1762 1098; x_wconf 85' lang='grc' dir='ltr'><strong>οίκου</strong></span> <span class='ocrx_word' id='word_1_49' title='bbox 1798 1044 2013 1107; x_wconf 76' lang='grc' dir='ltr'><strong>Ἰακὼϐ,</strong></span> 
     </span>
    </p>
   </div>
   <div class='ocr_carea' id='block_1_11' title="bbox 434 1134 2015 1208">
    <p class='ocr_par' dir='ltr' id='par_1_11' title="bbox 434 1134 2015 1208">
     <span class='ocr_line' id='line_1_11' title="bbox 434 1134 2015 1208; baseline -0.001 -17"><span class='ocrx_word' id='word_1_50' title='bbox 434 1137 529 1191; x_wconf 75' lang='grc' dir='ltr'><strong>καὶ</strong></span> <span class='ocrx_word' id='word_1_51' title='bbox 568 1137 616 1188; x_wconf 79' lang='grc' dir='ltr'><strong>οἱ</strong></span> <span class='ocrx_word' id='word_1_52' title='bbox 658 1134 975 1189; x_wconf 82' lang='grc' dir='ltr'><strong>κατάλοιποι</strong></span> <span class='ocrx_word' id='word_1_53' title='bbox 1016 1135 1165 1190; x_wconf 71' lang='grc' dir='ltr'><strong>οἴκου</strong></span> <span class='ocrx_word' id='word_1_54' title='bbox 1216 1135 1463 1208; x_wconf 83' lang='grc' dir='ltr'><strong>Ἰσραὴλ,</strong></span> <span class='ocrx_word' id='word_1_55' title='bbox 1506 1138 1554 1189; x_wconf 85' lang='grc' dir='ltr'><strong>οἱ</strong></span> <span class='ocrx_word' id='word_1_56' title='bbox 1603 1135 2015 1207; x_wconf 84' lang='grc' dir='ltr'><strong>βδελυσσόμενοι</strong></span> 
     </span>
    </p>
   </div>
   <div class='ocr_carea' id='block_1_12' title="bbox 435 1226 2016 1300">
    <p class='ocr_par' dir='ltr' id='par_1_12' title="bbox 435 1226 2016 1300">
     <span class='ocr_line' id='line_1_12' title="bbox 435 1226 2016 1300; baseline 0.001 -20"><span class='ocrx_word' id='word_1_57' title='bbox 435 1229 630 1299; x_wconf 85' lang='grc' dir='ltr'><strong>κρῖμα,</strong></span> <span class='ocrx_word' id='word_1_58' title='bbox 662 1226 756 1280; x_wconf 78' lang='grc' dir='ltr'><strong>καὶ</strong></span> <span class='ocrx_word' id='word_1_59' title='bbox 792 1227 972 1282; x_wconf 90' lang='grc' dir='ltr'><strong>πάντα</strong></span> <span class='ocrx_word' id='word_1_60' title='bbox 998 1228 1068 1282; x_wconf 79' lang='grc' dir='ltr'><strong>τά</strong></span> <span class='ocrx_word' id='word_1_61' title='bbox 1105 1226 1240 1300; x_wconf 86' lang='grc' dir='ltr'><strong>ὀρθὰ</strong></span> <span class='ocrx_word' id='word_1_62' title='bbox 1266 1226 1703 1300; x_wconf 80' lang='grc' dir='ltr'><strong>διαστρέφοντες,</strong></span> <span class='ocrx_word' id='word_1_63' title='bbox 1733 1229 1781 1281; x_wconf 81' lang='grc' dir='ltr'><strong>οἱ</strong></span> <span class='ocrx_word' id='word_1_64' title='bbox 1816 1227 2016 1281; x_wconf 73' lang='grc' dir='ltr'><strong>οἰκοδο-</strong></span> 
     </span>
    </p>
   </div>
   <div class='ocr_carea' id='block_1_13' title="bbox 436 1317 2011 1392">
    <p class='ocr_par' dir='ltr' id='par_1_13' title="bbox 436 1317 2011 1392">
     <span class='ocr_line' id='line_1_13' title="bbox 436 1317 2011 1392; baseline 0.001 -20"><span class='ocrx_word' id='word_1_65' title='bbox 436 1317 663 1388; x_wconf 89' lang='grc' dir='ltr'><strong>μοῦντες</strong></span> <span class='ocrx_word' id='word_1_66' title='bbox 682 1317 821 1372; x_wconf 88' lang='grc' dir='ltr'><strong>Σιὼν</strong></span> <span class='ocrx_word' id='word_1_67' title='bbox 844 1320 902 1372; x_wconf 83' lang='grc' dir='ltr'><strong>ὲν</strong></span> <span class='ocrx_word' id='word_1_68' title='bbox 916 1319 1163 1391; x_wconf 78' lang='grc' dir='ltr'><strong>αἴμασιν,</strong></span> <span class='ocrx_word' id='word_1_69' title='bbox 1181 1319 1269 1373; x_wconf 70' lang='grc' dir='ltr'><strong>καὶ</strong></span> <span class='ocrx_word' id='word_1_70' title='bbox 1304 1318 1656 1392; x_wconf 82' lang='grc' dir='ltr'><strong>Ἰερουσαλὴμ</strong></span> <span class='ocrx_word' id='word_1_71' title='bbox 1668 1323 1726 1374; x_wconf 79' lang='grc' dir='ltr'><strong>ἐν</strong></span> <span class='ocrx_word' id='word_1_72' title='bbox 1755 1320 2011 1387; x_wconf 79' lang='grc' dir='ltr'><strong>ἀδικίαις,</strong></span> 
     </span>
    </p>
   </div>
   <div class='ocr_carea' id='block_1_14' title="bbox 439 1408 2015 1485">
    <p class='ocr_par' dir='ltr' id='par_1_14' title="bbox 439 1408 2015 1485">
     <span class='ocr_line' id='line_1_14' title="bbox 439 1408 2015 1485; baseline 0.001 -20"><span class='ocrx_word' id='word_1_73' title='bbox 439 1413 486 1466; x_wconf 92' lang='grc' dir='ltr'><strong>οί</strong></span> <span class='ocrx_word' id='word_1_74' title='bbox 504 1410 793 1483; x_wconf 78' lang='grc' dir='ltr'><strong>ἡγούμενοι</strong></span> <span class='ocrx_word' id='word_1_75' title='bbox 826 1412 995 1480; x_wconf 78' lang='grc' dir='ltr'><strong>αὐτῆς</strong></span> <span class='ocrx_word' id='word_1_76' title='bbox 1032 1411 1169 1483; x_wconf 84' lang='grc' dir='ltr'><strong>μετὰ</strong></span> <span class='ocrx_word' id='word_1_77' title='bbox 1195 1408 1381 1484; x_wconf 83' lang='grc' dir='ltr'><strong>δώρων</strong></span> <span class='ocrx_word' id='word_1_78' title='bbox 1400 1409 1630 1482; x_wconf 74' lang='grc' dir='ltr'><strong>ἔκρινον,</strong></span> <span class='ocrx_word' id='word_1_79' title='bbox 1649 1412 1744 1466; x_wconf 74' lang='grc' dir='ltr'><strong>καὶ</strong></span> <span class='ocrx_word' id='word_1_80' title='bbox 1770 1413 1817 1464; x_wconf 79' lang='lat' dir='ltr'><strong>oi</strong></span> <span class='ocrx_word' id='word_1_81' title='bbox 1852 1414 2015 1485; x_wconf 82' lang='grc' dir='ltr'>ἱερεῖς</span> 
     </span>
    </p>
   </div>
   <div class='ocr_carea' id='block_1_15' title="bbox 431 1496 2015 1576">
    <p class='ocr_par' dir='ltr' id='par_1_15' title="bbox 431 1496 2015 1576">
     <span class='ocr_line' id='line_1_15' title="bbox 431 1496 2015 1576; baseline 0 -19"><span class='ocrx_word' id='word_1_82' title='bbox 431 1502 603 1574; x_wconf 73' lang='grc' dir='ltr'><strong>αὐτῆς</strong></span> <span class='ocrx_word' id='word_1_83' title='bbox 643 1501 782 1574; x_wconf 82' lang='grc' dir='ltr'><strong>μετὰ</strong></span> <span class='ocrx_word' id='word_1_84' title='bbox 838 1496 1031 1575; x_wconf 81' lang='grc' dir='ltr'><strong>μισθοῦ</strong></span> <span class='ocrx_word' id='word_1_85' title='bbox 1087 1503 1463 1575; x_wconf 82' lang='grc' dir='ltr'><strong>ἀπεκρίνοντο,</strong></span> <span class='ocrx_word' id='word_1_86' title='bbox 1502 1505 1596 1557; x_wconf 80' lang='grc' dir='ltr'><strong>καὶ</strong></span> <span class='ocrx_word' id='word_1_87' title='bbox 1646 1504 1694 1557; x_wconf 87' lang='grc' dir='ltr'><strong>οἱ</strong></span> <span class='ocrx_word' id='word_1_88' title='bbox 1743 1507 2015 1576; x_wconf 77' lang='grc' dir='ltr'><strong>προφῆται</strong></span> 
     </span>
    </p>
   </div>
   <div class='ocr_carea' id='block_1_16' title="bbox 430 1594 2015 1668">
    <p class='ocr_par' dir='ltr' id='par_1_16' title="bbox 430 1594 2015 1668">
     <span class='ocr_line' id='line_1_16' title="bbox 430 1594 2015 1668; baseline 0.001 -18"><span class='ocrx_word' id='word_1_89' title='bbox 430 1596 601 1667; x_wconf 84' lang='grc' dir='ltr'><strong>αὐτῆς</strong></span> <span class='ocrx_word' id='word_1_90' title='bbox 631 1594 771 1667; x_wconf 82' lang='grc' dir='ltr'><strong>μετὰ</strong></span> <span class='ocrx_word' id='word_1_91' title='bbox 801 1595 1063 1668; x_wconf 80' lang='grc' dir='ltr'><strong>ἀργυρίου</strong></span> <span class='ocrx_word' id='word_1_92' title='bbox 1090 1595 1472 1667; x_wconf 76' lang='grc' dir='ltr'><strong>ἐμαντεύοντο,</strong></span> <span class='ocrx_word' id='word_1_93' title='bbox 1510 1598 1606 1650; x_wconf 76' lang='grc' dir='ltr'><strong>καὶ</strong></span> <span class='ocrx_word' id='word_1_94' title='bbox 1649 1597 1741 1650; x_wconf 77' lang='grc' dir='ltr'><strong>ἐπὶ</strong></span> <span class='ocrx_word' id='word_1_95' title='bbox 1780 1597 1870 1650; x_wconf 79' lang='grc' dir='ltr'><strong>τὸν</strong></span> <span class='ocrx_word' id='word_1_96' title='bbox 1902 1598 2015 1652; x_wconf 82' lang='grc' dir='ltr'><strong>Κύ-</strong></span> 
     </span>
    </p>
   </div>
   <div class='ocr_carea' id='block_1_17' title="bbox 433 1686 2014 1760">
    <p class='ocr_par' dir='ltr' id='par_1_17' title="bbox 433 1686 2014 1760">
     <span class='ocr_line' id='line_1_17' title="bbox 433 1686 2014 1760; baseline 0.001 -20"><span class='ocrx_word' id='word_1_97' title='bbox 433 1704 547 1760; x_wconf 89' lang='grc' dir='ltr'><strong>ριον</strong></span> <span class='ocrx_word' id='word_1_98' title='bbox 587 1687 1012 1755; x_wconf 80' lang='grc' dir='ltr'><strong>ὲπανεπαύοντο,</strong></span> <span class='ocrx_word' id='word_1_99' title='bbox 1055 1686 1321 1757; x_wconf 75' lang='grc' dir='ltr'><strong>λέγοντεςο</strong></span> <span class='ocrx_word' id='word_1_100' title='bbox 1366 1688 1500 1758; x_wconf 76' lang='grc' dir='ltr'><strong>ϋὺχὶ</strong></span> <span class='ocrx_word' id='word_1_101' title='bbox 1547 1687 1753 1759; x_wconf 85' lang='grc' dir='ltr'><strong>Κύριος</strong></span> <span class='ocrx_word' id='word_1_102' title='bbox 1790 1689 1849 1742; x_wconf 82' lang='grc' dir='ltr'><strong>ὲν</strong></span> <span class='ocrx_word' id='word_1_103' title='bbox 1884 1689 2014 1760; x_wconf 81' lang='grc' dir='ltr'><strong>ἡμῖν</strong></span> 
     </span>
    </p>
   </div>
   <div class='ocr_carea' id='block_1_18' title="bbox 429 1778 2013 1855">
    <p class='ocr_par' dir='ltr' id='par_1_18' title="bbox 429 1778 2013 1855">
     <span class='ocr_line' id='line_1_18' title="bbox 429 1778 2013 1855; baseline 0.001 -23"><span class='ocrx_word' id='word_1_104' title='bbox 429 1780 610 1846; x_wconf 71' lang='grc' dir='ltr'><strong>ἐστινς</strong></span> <span class='ocrx_word' id='word_1_105' title='bbox 654 1779 717 1833; x_wconf 83' lang='grc' dir='ltr'>οὐ</span> <span class='ocrx_word' id='word_1_106' title='bbox 764 1781 838 1851; x_wconf 84' lang='grc' dir='ltr'><strong>μὴ</strong></span> <span class='ocrx_word' id='word_1_107' title='bbox 885 1778 1087 1855; x_wconf 70' lang='grc' dir='ltr'><strong>ἐπέλθῃ</strong></span> <span class='ocrx_word' id='word_1_108' title='bbox 1129 1779 1217 1849; x_wconf 77' lang='grc' dir='ltr'><strong>ἐφ’</strong></span> <span class='ocrx_word' id='word_1_109' title='bbox 1261 1782 1410 1851; x_wconf 71' lang='grc' dir='ltr'><strong>ἡμᾶς</strong></span> <span class='ocrx_word' id='word_1_110' title='bbox 1452 1780 1616 1833; x_wconf 83' lang='grc' dir='ltr'><strong>κακά·</strong></span> <span class='ocrx_word' id='word_1_111' title='bbox 1651 1780 1736 1833; x_wconf 80' lang='grc' dir='ltr'><strong>διὰ</strong></span> <span class='ocrx_word' id='word_1_112' title='bbox 1768 1779 1925 1833; x_wconf 87' lang='grc' dir='ltr'><strong>τοῦτο</strong></span> <span class='ocrx_word' id='word_1_113' title='bbox 1945 1780 2013 1834; x_wconf 86' lang='grc' dir='ltr'><strong>δι’</strong></span> 
     </span>
    </p>
   </div>
   <div class='ocr_carea' id='block_1_19' title="bbox 2122 608 3337 668">
    <p class='ocr_par' dir='ltr' id='par_1_19' title="bbox 2122 608 3337 668">
     <span class='ocr_line' id='line_1_19' title="bbox 2122 608 3337 668; baseline -0.002 -4"><span class='ocrx_word' id='word_1_114' title='bbox 2122 610 2567 668; x_wconf 80' lang='lat' dir='ltr'><strong>manifestatione</strong></span> <span class='ocrx_word' id='word_1_115' title='bbox 2592 612 2708 665; x_wconf 71' lang='lat' dir='ltr'><strong>haec</strong></span> <span class='ocrx_word' id='word_1_116' title='bbox 2749 608 2858 665; x_wconf 90' lang='lat' dir='ltr'><strong>dici</strong></span> <span class='ocrx_word' id='word_1_117' title='bbox 2888 608 3337 665; x_wconf 73' lang='lat' dir='ltr'><strong>existimavimus.</strong></span> 
     </span>
    </p>
   </div>
   <div class='ocr_carea' id='block_1_20' title="bbox 2669 809 3138 866">
    <p class='ocr_par' dir='ltr' id='par_1_20' title="bbox 2669 809 3138 866">
     <span class='ocr_line' id='line_1_20' title="bbox 2669 809 3138 866; baseline 0 0"><span class='ocrx_word' id='word_1_118' title='bbox 2669 810 2899 866; x_wconf 81' lang='lat' dir='ltr'><strong>CAPUT</strong></span> <span class='ocrx_word' id='word_1_119' title='bbox 2950 809 3138 866; x_wconf 75' lang='lat' dir='ltr'>XVIII.</span> 
     </span>
    </p>
   </div>
   <div class='ocr_carea' id='block_1_21' title="bbox 2750 920 3064 978">
    <p class='ocr_par' dir='ltr' id='par_1_21' title="bbox 2750 920 3064 978">
     <span class='ocr_line' id='line_1_21' title="bbox 2750 920 3064 978; baseline 0.01 -3"><span class='ocrx_word' id='word_1_120' title='bbox 2750 920 2832 975; x_wconf 78' lang='lat' dir='ltr'><strong>Ea:</strong></span> <span class='ocrx_word' id='word_1_121' title='bbox 2863 926 3064 978; x_wconf 86' lang='lat' dir='ltr'><strong>eodem.</strong></span> 
     </span>
    </p>
   </div>
   <div class='ocr_carea' id='block_1_22' title="bbox 2196 1033 3694 1107">
    <p class='ocr_par' dir='ltr' id='par_1_22' title="bbox 2196 1033 3694 1107">
     <span class='ocr_line' id='line_1_22' title="bbox 2196 1033 3694 1107; baseline 0.001 -20"><span class='ocrx_word' id='word_1_122' title='bbox 2196 1055 2213 1087; x_wconf 79' lang='grc' dir='ltr'><strong>ι</strong></span> <span class='ocrx_word' id='word_1_123' title='bbox 2237 1036 2434 1091; x_wconf 80' lang='lat' dir='ltr'><strong>Audite</strong></span> <span class='ocrx_word' id='word_1_124' title='bbox 2469 1036 2594 1100; x_wconf 87' lang='lat' dir='ltr'><strong>hoc,</strong></span> <span class='ocrx_word' id='word_1_125' title='bbox 2628 1037 2901 1107; x_wconf 80' lang='lat' dir='ltr'><strong>principes</strong></span> <span class='ocrx_word' id='word_1_126' title='bbox 2948 1036 3143 1091; x_wconf 82' lang='lat' dir='ltr'><strong>domus</strong></span> <span class='ocrx_word' id='word_1_127' title='bbox 3169 1034 3369 1098; x_wconf 87' lang='lat' dir='ltr'><strong>Jacob,</strong></span> <span class='ocrx_word' id='word_1_128' title='bbox 3402 1045 3454 1089; x_wconf 89' lang='lat' dir='ltr'><strong>et</strong></span> <span class='ocrx_word' id='word_1_129' title='bbox 3478 1033 3694 1103; x_wconf 81' lang='lat' dir='ltr'><strong>judices</strong></span> 
     </span>
    </p>
   </div>
   <div class='ocr_carea' id='block_1_23' title="bbox 2117 1124 3691 1197">
    <p class='ocr_par' dir='ltr' id='par_1_23' title="bbox 2117 1124 3691 1197">
     <span class='ocr_line' id='line_1_23' title="bbox 2117 1124 3691 1197; baseline -0.003 -15"><span class='ocrx_word' id='word_1_130' title='bbox 2117 1128 2311 1182; x_wconf 90' lang='lat' dir='ltr'><strong>domus</strong></span> <span class='ocrx_word' id='word_1_131' title='bbox 2362 1125 2550 1189; x_wconf 87' lang='lat' dir='ltr'><strong>Israel,</strong></span> <span class='ocrx_word' id='word_1_132' title='bbox 2583 1127 2677 1197; x_wconf 89' lang='lat' dir='ltr'><strong>qui</strong></span> <span class='ocrx_word' id='word_1_133' title='bbox 2726 1126 3111 1181; x_wconf 87' lang='lat' dir='ltr'><strong>abominamini</strong></span> <span class='ocrx_word' id='word_1_134' title='bbox 3137 1126 3491 1196; x_wconf 89' lang='lat' dir='ltr'><strong>judicium,et</strong></span> <span class='ocrx_word' id='word_1_135' title='bbox 3511 1124 3691 1179; x_wconf 82' lang='lat' dir='ltr'><strong>omnia</strong></span> 
     </span>
    </p>
   </div>
   <div class='ocr_carea' id='block_1_24' title="bbox 2118 1217 3694 1290">
    <p class='ocr_par' dir='ltr' id='par_1_24' title="bbox 2118 1217 3694 1290">
     <span class='ocr_line' id='line_1_24' title="bbox 2118 1217 3694 1290; baseline -0.004 -15"><span class='ocrx_word' id='word_1_136' title='bbox 2118 1228 2267 1275; x_wconf 89' lang='lat' dir='ltr'><strong>recta</strong></span> <span class='ocrx_word' id='word_1_137' title='bbox 2308 1218 2650 1290; x_wconf 84' lang='lat' dir='ltr'><strong>pervertitis.</strong></span> <span class='ocrx_word' id='word_1_138' title='bbox 2679 1218 2783 1285; x_wconf 83' lang='lat' dir='ltr'><strong>Qui</strong></span> <span class='ocrx_word' id='word_1_139' title='bbox 2815 1218 3096 1274; x_wconf 69' lang='lat' dir='ltr'><strong>aediﬁcatis</strong></span> <span class='ocrx_word' id='word_1_140' title='bbox 3153 1218 3284 1274; x_wconf 89' lang='lat' dir='ltr'><strong>Sion</strong></span> <span class='ocrx_word' id='word_1_141' title='bbox 3324 1219 3379 1273; x_wconf 94' lang='lat' dir='ltr'><strong>in</strong></span> <span class='ocrx_word' id='word_1_142' title='bbox 3413 1217 3694 1288; x_wconf 85' lang='lat' dir='ltr'><strong>sanguini-</strong></span> 
     </span>
    </p>
   </div>
   <div class='ocr_carea' id='block_1_25' title="bbox 2116 1311 3690 1384">
    <p class='ocr_par' dir='ltr' id='par_1_25' title="bbox 2116 1311 3690 1384">
     <span class='ocr_line' id='line_1_25' title="bbox 2116 1311 3690 1384; baseline -0.001 -16"><span class='ocrx_word' id='word_1_143' title='bbox 2116 1316 2241 1378; x_wconf 82' lang='lat' dir='ltr'><strong>bus,</strong></span> <span class='ocrx_word' id='word_1_144' title='bbox 2282 1322 2336 1378; x_wconf 82' lang='lat' dir='ltr'><strong>et</strong></span> <span class='ocrx_word' id='word_1_145' title='bbox 2357 1311 2662 1369; x_wconf 89' lang='lat' dir='ltr'><strong>Jerusalem</strong></span> <span class='ocrx_word' id='word_1_146' title='bbox 2719 1313 2775 1366; x_wconf 92' lang='lat' dir='ltr'><strong>in</strong></span> <span class='ocrx_word' id='word_1_147' title='bbox 2829 1312 3140 1384; x_wconf 83' lang='lat' dir='ltr'><strong>iniquitate.</strong></span> <span class='ocrx_word' id='word_1_148' title='bbox 3178 1313 3461 1384; x_wconf 83' lang='lat' dir='ltr'><strong>Principes</strong></span> <span class='ocrx_word' id='word_1_149' title='bbox 3490 1312 3608 1383; x_wconf 88' lang='lat' dir='ltr'><strong>ejus</strong></span> <span class='ocrx_word' id='word_1_150' title='bbox 3635 1311 3690 1367; x_wconf 89' lang='lat' dir='ltr'><strong>in</strong></span> 
     </span>
    </p>
   </div>
   <div class='ocr_carea' id='block_1_26' title="bbox 2117 1404 3690 1477">
    <p class='ocr_par' dir='ltr' id='par_1_26' title="bbox 2117 1404 3690 1477">
     <span class='ocr_line' id='line_1_26' title="bbox 2117 1404 3690 1477; baseline 0.001 -19"><span class='ocrx_word' id='word_1_151' title='bbox 2117 1404 2441 1461; x_wconf 86' lang='lat' dir='ltr'><strong>muneribus</strong></span> <span class='ocrx_word' id='word_1_152' title='bbox 2458 1405 2807 1476; x_wconf 86' lang='lat' dir='ltr'><strong>judicabant,</strong></span> <span class='ocrx_word' id='word_1_153' title='bbox 2856 1414 2911 1462; x_wconf 91' lang='lat' dir='ltr'><strong>et</strong></span> <span class='ocrx_word' id='word_1_154' title='bbox 2957 1404 3270 1463; x_wconf 76' lang='lat' dir='ltr'><strong>sacerdotes</strong></span> <span class='ocrx_word' id='word_1_155' title='bbox 3302 1407 3423 1477; x_wconf 90' lang='lat' dir='ltr'><strong>ejus</strong></span> <span class='ocrx_word' id='word_1_156' title='bbox 3459 1406 3513 1462; x_wconf 92' lang='lat' dir='ltr'><strong>in</strong></span> <span class='ocrx_word' id='word_1_157' title='bbox 3547 1421 3690 1462; x_wconf 89' lang='lat' dir='ltr'><strong>mer-</strong></span> 
     </span>
    </p>
   </div>
   <div class='ocr_carea' id='block_1_27' title="bbox 2116 1495 3690 1569">
    <p class='ocr_par' dir='ltr' id='par_1_27' title="bbox 2116 1495 3690 1569">
     <span class='ocr_line' id='line_1_27' title="bbox 2116 1495 3690 1569; baseline 0 -17"><span class='ocrx_word' id='word_1_158' title='bbox 2116 1495 2250 1552; x_wconf 84' lang='lat' dir='ltr'><strong>cede</strong></span> <span class='ocrx_word' id='word_1_159' title='bbox 2276 1496 2567 1562; x_wconf 86' lang='lat' dir='ltr'><strong>docebant,</strong></span> <span class='ocrx_word' id='word_1_160' title='bbox 2592 1506 2645 1553; x_wconf 92' lang='lat' dir='ltr'><strong>et</strong></span> <span class='ocrx_word' id='word_1_161' title='bbox 2674 1497 2953 1568; x_wconf 71' lang='lat' dir='ltr'><strong>propheta:</strong></span> <span class='ocrx_word' id='word_1_162' title='bbox 2975 1497 3096 1568; x_wconf 87' lang='lat' dir='ltr'><strong>ejus</strong></span> <span class='ocrx_word' id='word_1_163' title='bbox 3127 1499 3180 1552; x_wconf 93' lang='lat' dir='ltr'><strong>in</strong></span> <span class='ocrx_word' id='word_1_164' title='bbox 3214 1499 3446 1569; x_wconf 87' lang='lat' dir='ltr'><strong>pecunia</strong></span> <span class='ocrx_word' id='word_1_165' title='bbox 3476 1498 3690 1552; x_wconf 72' lang='lat' dir='ltr'><strong>divina—</strong></span> 
     </span>
    </p>
   </div>
   <div class='ocr_carea' id='block_1_28' title="bbox 2116 1589 3688 1661">
    <p class='ocr_par' dir='ltr' id='par_1_28' title="bbox 2116 1589 3688 1661">
     <span class='ocr_line' id='line_1_28' title="bbox 2116 1589 3688 1661; baseline -0.003 -16"><span class='ocrx_word' id='word_1_166' title='bbox 2116 1589 2250 1645; x_wconf 90' lang='lat' dir='ltr'><strong>bant</strong></span> <span class='ocrx_word' id='word_1_167' title='bbox 2282 1608 2296 1645; x_wconf 89' lang='lat'><strong>:</strong></span> <span class='ocrx_word' id='word_1_168' title='bbox 2324 1597 2379 1644; x_wconf 92' lang='lat' dir='ltr'><strong>et</strong></span> <span class='ocrx_word' id='word_1_169' title='bbox 2408 1605 2576 1660; x_wconf 85' lang='lat' dir='ltr'><strong>super</strong></span> <span class='ocrx_word' id='word_1_170' title='bbox 2606 1590 2898 1646; x_wconf 90' lang='lat' dir='ltr'><strong>Dominum</strong></span> <span class='ocrx_word' id='word_1_171' title='bbox 2950 1591 3387 1661; x_wconf 88' lang='lat' dir='ltr'><strong>requiescebant,</strong></span> <span class='ocrx_word' id='word_1_172' title='bbox 3418 1590 3688 1646; x_wconf 82' lang='lat' dir='ltr'><strong>dicentes:</strong></span> 
     </span>
    </p>
   </div>
   <div class='ocr_carea' id='block_1_29' title="bbox 2113 1677 3693 1750">
    <p class='ocr_par' dir='ltr' id='par_1_29' title="bbox 2113 1677 3693 1750">
     <span class='ocr_line' id='line_1_29' title="bbox 2113 1677 3693 1750; baseline 0.001 -18"><span class='ocrx_word' id='word_1_173' title='bbox 2113 1677 2370 1750; x_wconf 83' lang='lat' dir='ltr'><strong>Nunquid</strong></span> <span class='ocrx_word' id='word_1_174' title='bbox 2396 1695 2507 1734; x_wconf 94' lang='lat' dir='ltr'><strong>non</strong></span> <span class='ocrx_word' id='word_1_175' title='bbox 2533 1678 2801 1735; x_wconf 86' lang='lat' dir='ltr'><strong>Dominus</strong></span> <span class='ocrx_word' id='word_1_176' title='bbox 2836 1677 2892 1733; x_wconf 91' lang='lat' dir='ltr'><strong>in</strong></span> <span class='ocrx_word' id='word_1_177' title='bbox 2918 1679 3097 1735; x_wconf 89' lang='lat' dir='ltr'><strong>medio</strong></span> <span class='ocrx_word' id='word_1_178' title='bbox 3137 1679 3426 1734; x_wconf 88' lang='lat' dir='ltr'><strong>nostrum?</strong></span> <span class='ocrx_word' id='word_1_179' title='bbox 3455 1677 3575 1734; x_wconf 88' lang='lat' dir='ltr'><strong>Non</strong></span> <span class='ocrx_word' id='word_1_180' title='bbox 3599 1693 3693 1733; x_wconf 85' lang='lat' dir='ltr'><strong>ve-</strong></span> 
     </span>
    </p>
   </div>
   <div class='ocr_carea' id='block_1_30' title="bbox 2114 1769 3690 1842">
    <p class='ocr_par' dir='ltr' id='par_1_30' title="bbox 2114 1769 3690 1842">
     <span class='ocr_line' id='line_1_30' title="bbox 2114 1769 3690 1842; baseline 0 -19"><span class='ocrx_word' id='word_1_181' title='bbox 2114 1770 2268 1825; x_wconf 88' lang='lat' dir='ltr'><strong>nient</strong></span> <span class='ocrx_word' id='word_1_182' title='bbox 2319 1785 2484 1840; x_wconf 86' lang='lat' dir='ltr'><strong>super</strong></span> <span class='ocrx_word' id='word_1_183' title='bbox 2533 1784 2636 1824; x_wconf 88' lang='lat' dir='ltr'><strong>nos</strong></span> <span class='ocrx_word' id='word_1_184' title='bbox 2667 1770 2829 1824; x_wconf 87' lang='lat' dir='ltr'><strong>mala.</strong></span> <span class='ocrx_word' id='word_1_185' title='bbox 2865 1769 3099 1842; x_wconf 86' lang='lat' dir='ltr'><strong>Pr0pter</strong></span> <span class='ocrx_word' id='word_1_186' title='bbox 3142 1771 3267 1835; x_wconf 88' lang='lat' dir='ltr'><strong>hoc,</strong></span> <span class='ocrx_word' id='word_1_187' title='bbox 3299 1785 3468 1826; x_wconf 89' lang='lat' dir='ltr'><strong>causa</strong></span> <span class='ocrx_word' id='word_1_188' title='bbox 3502 1769 3690 1834; x_wconf 80' lang='lat' dir='ltr'><strong>vestri,</strong></span> 
     </span>
    </p>
   </div>
   <div class='ocr_carea' id='block_1_31' title="bbox 430 1860 2014 1945">
    <p class='ocr_par' dir='ltr' id='par_1_31' title="bbox 430 1870 2012 1945">
     <span class='ocr_line' id='line_1_31' title="bbox 430 1870 2012 1945; baseline 0.001 -21"><span class='ocrx_word' id='word_1_189' title='bbox 430 1870 576 1941; x_wconf 83' lang='grc' dir='ltr'><strong>ὑμᾶς</strong></span> <span class='ocrx_word' id='word_1_190' title='bbox 611 1870 751 1925; x_wconf 88' lang='grc' dir='ltr'><strong>Σιὼν</strong></span> <span class='ocrx_word' id='word_1_191' title='bbox 786 1872 862 1935; x_wconf 87' lang='grc' dir='ltr'><strong>ὠς</strong></span> <span class='ocrx_word' id='word_1_192' title='bbox 901 1870 1069 1943; x_wconf 78' lang='grc' dir='ltr'><strong>ἀγρὸς</strong></span> <span class='ocrx_word' id='word_1_193' title='bbox 1097 1872 1577 1945; x_wconf 80' lang='grc' dir='ltr'><strong>ἀροτριαθήσεται,</strong></span> <span class='ocrx_word' id='word_1_194' title='bbox 1611 1872 1707 1925; x_wconf 76' lang='grc' dir='ltr'><strong>καὶ</strong></span> <span class='ocrx_word' id='word_1_195' title='bbox 1736 1873 2012 1944; x_wconf 82' lang='grc' dir='ltr'><strong>Ἰερουσα-</strong></span> 
     </span>
    </p>
   </div>
   <div class='ocr_carea' id='block_1_32' title="bbox 2116 1860 3694 1945">
    <p class='ocr_par' dir='ltr' id='par_1_32' title="bbox 2116 1860 3694 1936">
     <span class='ocr_line' id='line_1_32' title="bbox 2116 1860 3694 1936; baseline 0.001 -19"><span class='ocrx_word' id='word_1_196' title='bbox 2116 1860 2247 1919; x_wconf 88' lang='lat' dir='ltr'><strong>Sion</strong></span> <span class='ocrx_word' id='word_1_197' title='bbox 2265 1864 2423 1934; x_wconf 86' lang='lat' dir='ltr'><strong>quasi</strong></span> <span class='ocrx_word' id='word_1_198' title='bbox 2453 1879 2583 1935; x_wconf 87' lang='lat' dir='ltr'><strong>ager</strong></span> <span class='ocrx_word' id='word_1_199' title='bbox 2609 1863 2872 1934; x_wconf 86' lang='lat' dir='ltr'><strong>arabitur,</strong></span> <span class='ocrx_word' id='word_1_200' title='bbox 2887 1871 2942 1920; x_wconf 90' lang='lat' dir='ltr'><strong>et</strong></span> <span class='ocrx_word' id='word_1_201' title='bbox 2963 1862 3266 1920; x_wconf 82' lang='lat' dir='ltr'><strong>Jerusalem</strong></span> <span class='ocrx_word' id='word_1_202' title='bbox 3283 1863 3442 1936; x_wconf 89' lang='lat' dir='ltr'><strong>quasi</strong></span> <span class='ocrx_word' id='word_1_203' title='bbox 3463 1878 3694 1919; x_wconf 74' lang='lat' dir='ltr'><strong>acervus</strong></span> 
     </span>
    </p>
   </div>
   <div class='ocr_carea' id='block_1_33' title="bbox 430 1962 2014 2036">
    <p class='ocr_par' dir='ltr' id='par_1_33' title="bbox 430 1962 2014 2036">
     <span class='ocr_line' id='line_1_33' title="bbox 430 1962 2014 2036; baseline 0.001 -19"><span class='ocrx_word' id='word_1_204' title='bbox 430 1963 541 2035; x_wconf 80' lang='grc' dir='ltr'><strong>λὴμ</strong></span> <span class='ocrx_word' id='word_1_205' title='bbox 574 1963 650 2028; x_wconf 86' lang='grc' dir='ltr'><strong>ὡς</strong></span> <span class='ocrx_word' id='word_1_206' title='bbox 677 1962 1129 2036; x_wconf 84' lang='grc' dir='ltr'><strong>όπωροφυλάκιον</strong></span> <span class='ocrx_word' id='word_1_207' title='bbox 1158 1963 1335 2030; x_wconf 76' lang='grc' dir='ltr'><strong>ἔσται,</strong></span> <span class='ocrx_word' id='word_1_208' title='bbox 1366 1964 1461 2018; x_wconf 72' lang='grc' dir='ltr'><strong>καὶ</strong></span> <span class='ocrx_word' id='word_1_209' title='bbox 1493 1962 1554 2017; x_wconf 81' lang='grc' dir='ltr'><strong>τὸ</strong></span> <span class='ocrx_word' id='word_1_210' title='bbox 1582 1962 1707 2035; x_wconf 79' lang='grc' dir='ltr'><strong>ὅρος</strong></span> <span class='ocrx_word' id='word_1_211' title='bbox 1739 1962 1832 2017; x_wconf 83' lang='grc' dir='ltr'><strong>τοῦ</strong></span> <span class='ocrx_word' id='word_1_212' title='bbox 1868 1964 2014 2018; x_wconf 79' lang='grc' dir='ltr'><strong>οἴκου</strong></span> 
     </span>
    </p>
   </div>
   <div class='ocr_carea' id='block_1_34' title="bbox 430 2040 2016 2129">
    <p class='ocr_par' dir='ltr' id='par_1_34' title="bbox 430 2040 2016 2129">
     <span class='ocr_line' id='line_1_34' title="bbox 430 2040 2016 2129; baseline 0.002 -21"><span class='ocrx_word' id='word_1_213' title='bbox 430 2058 510 2121; x_wconf 85' lang='grc' dir='ltr'><strong>είς</strong></span> <span class='ocrx_word' id='word_1_214' title='bbox 534 2056 693 2121; x_wconf 80' lang='grc' dir='ltr'>ἄλσος</span> <span class='ocrx_word' id='word_1_215' title='bbox 715 2040 943 2128; x_wconf 79' lang='grc' dir='ltr'>δρυμοῦ.</span> <span class='ocrx_word' id='word_1_216' title='bbox 970 2057 1081 2110; x_wconf 85' lang='lat' dir='ltr'><strong>Kal.</strong></span> <span class='ocrx_word' id='word_1_217' title='bbox 1107 2057 1258 2111; x_wconf 78' lang='grc' dir='ltr'><strong>ἔσται</strong></span> <span class='ocrx_word' id='word_1_218' title='bbox 1288 2060 1375 2111; x_wconf 77' lang='grc' dir='ltr'><strong>ἐπ’</strong></span> <span class='ocrx_word' id='word_1_219' title='bbox 1403 2057 1633 2128; x_wconf 82' lang='grc' dir='ltr'><strong>ἐσχάτου</strong></span> <span class='ocrx_word' id='word_1_220' title='bbox 1663 2046 1772 2110; x_wconf 81' lang='grc' dir='ltr'><strong>τῶν</strong></span> <span class='ocrx_word' id='word_1_221' title='bbox 1796 2058 2016 2129; x_wconf 73' lang='grc' dir='ltr'><strong>ἡμερῶν</strong></span> 
     </span>
    </p>
   </div>
   <div class='ocr_carea' id='block_1_35' title="bbox 431 2149 2015 2223">
    <p class='ocr_par' dir='ltr' id='par_1_35' title="bbox 431 2149 2015 2223">
     <span class='ocr_line' id='line_1_35' title="bbox 431 2149 2015 2223; baseline 0.001 -22"><span class='ocrx_word' id='word_1_222' title='bbox 431 2150 668 2219; x_wconf 67' lang='grc' dir='ltr'><strong>ἐμφανὲς</strong></span> <span class='ocrx_word' id='word_1_223' title='bbox 707 2150 767 2204; x_wconf 78' lang='grc' dir='ltr'><strong>τὸ</strong></span> <span class='ocrx_word' id='word_1_224' title='bbox 797 2151 923 2222; x_wconf 79' lang='grc' dir='ltr'><strong>ὅρος</strong></span> <span class='ocrx_word' id='word_1_225' title='bbox 970 2150 1199 2222; x_wconf 79' lang='grc' dir='ltr'><strong>Κυρίου,</strong></span> <span class='ocrx_word' id='word_1_226' title='bbox 1241 2150 1458 2223; x_wconf 74' lang='grc' dir='ltr'><strong>ἕτοιμον</strong></span> <span class='ocrx_word' id='word_1_227' title='bbox 1498 2150 1590 2204; x_wconf 74' lang='grc' dir='ltr'><strong>ἐπὶ</strong></span> <span class='ocrx_word' id='word_1_228' title='bbox 1632 2149 1732 2213; x_wconf 83' lang='grc' dir='ltr'><strong>τὰς</strong></span> <span class='ocrx_word' id='word_1_229' title='bbox 1771 2150 2015 2222; x_wconf 77' lang='grc' dir='ltr'><strong>κορυφὰς</strong></span> 
     </span>
    </p>
   </div>
   <div class='ocr_carea' id='block_1_36' title="bbox 431 2239 2016 2314">
    <p class='ocr_par' dir='ltr' id='par_1_36' title="bbox 431 2239 2016 2314">
     <span class='ocr_line' id='line_1_36' title="bbox 431 2239 2016 2314; baseline 0.002 -23"><span class='ocrx_word' id='word_1_230' title='bbox 431 2239 536 2292; x_wconf 83' lang='grc' dir='ltr'><strong>τῶν</strong></span> <span class='ocrx_word' id='word_1_231' title='bbox 569 2240 761 2312; x_wconf 83' lang='grc' dir='ltr'><strong>ὀρέων,</strong></span> <span class='ocrx_word' id='word_1_232' title='bbox 794 2242 887 2295; x_wconf 77' lang='grc' dir='ltr'><strong>καὶ</strong></span> <span class='ocrx_word' id='word_1_233' title='bbox 921 2239 1425 2313; x_wconf 82' lang='grc' dir='ltr'><strong>μετεωρισθήσεται</strong></span> <span class='ocrx_word' id='word_1_234' title='bbox 1448 2241 1712 2314; x_wconf 80' lang='grc' dir='ltr'>ὑπεράνω</span> <span class='ocrx_word' id='word_1_235' title='bbox 1748 2240 1855 2295; x_wconf 80' lang='grc' dir='ltr'><strong>τῶν</strong></span> <span class='ocrx_word' id='word_1_236' title='bbox 1893 2241 2016 2312; x_wconf 88' lang='grc' dir='ltr'><strong>βου-</strong></span> 
     </span>
    </p>
   </div>
   <div class='ocr_carea' id='block_1_37' title="bbox 431 2330 2014 2407">
    <p class='ocr_par' dir='ltr' id='par_1_37' title="bbox 431 2330 2014 2407">
     <span class='ocr_line' id='line_1_37' title="bbox 431 2330 2014 2407; baseline 0.001 -23"><span class='ocrx_word' id='word_1_237' title='bbox 431 2330 555 2384; x_wconf 81' lang='grc' dir='ltr'><strong>νῶν·</strong></span> <span class='ocrx_word' id='word_1_238' title='bbox 584 2332 678 2385; x_wconf 72' lang='grc' dir='ltr'><strong>καὶ</strong></span> <span class='ocrx_word' id='word_1_239' title='bbox 707 2331 926 2403; x_wconf 73' lang='grc' dir='ltr'><strong>ἥξουσιν</strong></span> <span class='ocrx_word' id='word_1_240' title='bbox 954 2335 1040 2385; x_wconf 78' lang='grc' dir='ltr'><strong>ἐπ’</strong></span> <span class='ocrx_word' id='word_1_241' title='bbox 1072 2333 1206 2388; x_wconf 83' lang='grc' dir='ltr'><strong>αὑτὸ</strong></span> <span class='ocrx_word' id='word_1_242' title='bbox 1238 2334 1378 2398; x_wconf 75' lang='grc' dir='ltr'><strong>λαοὶ,</strong></span> <span class='ocrx_word' id='word_1_243' title='bbox 1410 2334 1504 2386; x_wconf 80' lang='grc' dir='ltr'><strong>καὶ</strong></span> <span class='ocrx_word' id='word_1_244' title='bbox 1537 2333 1893 2407; x_wconf 86' lang='grc' dir='ltr'><strong>πορεύσονται</strong></span> <span class='ocrx_word' id='word_1_245' title='bbox 1927 2334 2014 2386; x_wconf 75' lang='grc' dir='ltr'><strong>ἐπ’</strong></span> 
     </span>
    </p>
   </div>
   <div class='ocr_carea' id='block_1_38' title="bbox 431 2421 2017 2495">
    <p class='ocr_par' dir='ltr' id='par_1_38' title="bbox 431 2421 2017 2495">
     <span class='ocr_line' id='line_1_38' title="bbox 431 2421 2017 2495; baseline 0.003 -22"><span class='ocrx_word' id='word_1_246' title='bbox 431 2421 560 2474; x_wconf 84' lang='grc' dir='ltr'><strong>αὑτὸ</strong></span> <span class='ocrx_word' id='word_1_247' title='bbox 586 2421 713 2493; x_wconf 75' lang='grc' dir='ltr'><strong>ἔθνη</strong></span> <span class='ocrx_word' id='word_1_248' title='bbox 738 2422 905 2477; x_wconf 81' lang='grc' dir='ltr'><strong>πολλά</strong></span> <span class='ocrx_word' id='word_1_249' title='bbox 935 2424 1029 2477; x_wconf 73' lang='grc' dir='ltr'><strong>καὶ</strong></span> <span class='ocrx_word' id='word_1_250' title='bbox 1058 2421 1296 2495; x_wconf 74' lang='grc' dir='ltr'><strong>ἐροῦσιν·</strong></span> <span class='ocrx_word' id='word_1_251' title='bbox 1333 2423 1501 2476; x_wconf 80' lang='grc' dir='ltr'><strong>Δεῦτε</strong></span> <span class='ocrx_word' id='word_1_252' title='bbox 1527 2422 1821 2495; x_wconf 77' lang='grc' dir='ltr'><strong>ἀναδῶμεν</strong></span> <span class='ocrx_word' id='word_1_253' title='bbox 1851 2424 1931 2488; x_wconf 87' lang='grc' dir='ltr'><strong>εἰς</strong></span> <span class='ocrx_word' id='word_1_254' title='bbox 1954 2423 2017 2477; x_wconf 82' lang='grc' dir='ltr'><strong>τὸ</strong></span> 
     </span>
    </p>
   </div>
   <div class='ocr_carea' id='block_1_39' title="bbox 431 2506 2014 2583">
    <p class='ocr_par' dir='ltr' id='par_1_39' title="bbox 431 2506 2014 2583">
     <span class='ocr_line' id='line_1_39' title="bbox 431 2506 2014 2583; baseline 0.001 -21"><span class='ocrx_word' id='word_1_255' title='bbox 431 2509 555 2582; x_wconf 81' lang='grc' dir='ltr'><strong>δρος</strong></span> <span class='ocrx_word' id='word_1_256' title='bbox 589 2512 818 2583; x_wconf 85' lang='grc' dir='ltr'>Κυρίου,</span> <span class='ocrx_word' id='word_1_257' title='bbox 853 2513 947 2566; x_wconf 76' lang='grc' dir='ltr'><strong>καὶ</strong></span> <span class='ocrx_word' id='word_1_258' title='bbox 984 2514 1063 2576; x_wconf 84' lang='grc' dir='ltr'><strong>είς</strong></span> <span class='ocrx_word' id='word_1_259' title='bbox 1101 2512 1191 2566; x_wconf 82' lang='grc' dir='ltr'><strong>τὸν</strong></span> <span class='ocrx_word' id='word_1_260' title='bbox 1214 2506 1361 2566; x_wconf 78' lang='grc' dir='ltr'><strong>οἶκον</strong></span> <span class='ocrx_word' id='word_1_261' title='bbox 1382 2512 1476 2565; x_wconf 89' lang='grc' dir='ltr'><strong>τοῦ</strong></span> <span class='ocrx_word' id='word_1_262' title='bbox 1499 2511 1634 2566; x_wconf 88' lang='grc' dir='ltr'><strong>Θεοῦ</strong></span> <span class='ocrx_word' id='word_1_263' title='bbox 1675 2510 1887 2566; x_wconf 82' lang='grc' dir='ltr'><strong>’Ῑακώ6’</strong></span> <span class='ocrx_word' id='word_1_264' title='bbox 1921 2513 2014 2567; x_wconf 76' lang='grc' dir='ltr'><strong>καὶ</strong></span> 
     </span>
    </p>
   </div>
   <div class='ocr_carea' id='block_1_40' title="bbox 431 2601 2013 2677">
    <p class='ocr_par' dir='ltr' id='par_1_40' title="bbox 431 2601 2013 2677">
     <span class='ocr_line' id='line_1_40' title="bbox 431 2601 2013 2677; baseline 0.003 -24"><span class='ocrx_word' id='word_1_265' title='bbox 431 2601 695 2669; x_wconf 78' lang='grc' dir='ltr'><strong>δείξουσιν</strong></span> <span class='ocrx_word' id='word_1_266' title='bbox 725 2605 856 2675; x_wconf 85' lang='grc' dir='ltr'><strong>ἡμῖν</strong></span> <span class='ocrx_word' id='word_1_267' title='bbox 898 2604 997 2677; x_wconf 74' lang='grc' dir='ltr'><strong>τὴν</strong></span> <span class='ocrx_word' id='word_1_268' title='bbox 1030 2604 1148 2659; x_wconf 79' lang='grc' dir='ltr'><strong>ὁδὸν</strong></span> <span class='ocrx_word' id='word_1_269' title='bbox 1180 2602 1369 2669; x_wconf 92' lang='grc' dir='ltr'><strong>αὑτοῦ,</strong></span> <span class='ocrx_word' id='word_1_270' title='bbox 1415 2603 1511 2658; x_wconf 78' lang='grc' dir='ltr'><strong>καὶ</strong></span> <span class='ocrx_word' id='word_1_271' title='bbox 1550 2602 1931 2677; x_wconf 82' lang='grc' dir='ltr'><strong>πορευσόμεθα</strong></span> <span class='ocrx_word' id='word_1_272' title='bbox 1955 2606 2013 2658; x_wconf 83' lang='grc' dir='ltr'><strong>ὲν</strong></span> 
     </span>
    </p>
   </div>
   <div class='ocr_carea' id='block_1_41' title="bbox 431 2692 2011 2773">
    <p class='ocr_par' dir='ltr' id='par_1_41' title="bbox 431 2692 2011 2773">
     <span class='ocr_line' id='line_1_41' title="bbox 431 2692 2011 2773; baseline 0.008 -28"><span class='ocrx_word' id='word_1_273' title='bbox 431 2692 545 2757; x_wconf 81' lang='grc' dir='ltr'><strong>ταῖς</strong></span> <span class='ocrx_word' id='word_1_274' title='bbox 585 2694 791 2766; x_wconf 81' lang='grc' dir='ltr'><strong>τρίϐοις</strong></span> <span class='ocrx_word' id='word_1_275' title='bbox 832 2697 1015 2751; x_wconf 75' lang='grc' dir='ltr'><strong>αὐτοῦ’</strong></span> <span class='ocrx_word' id='word_1_276' title='bbox 1052 2700 1133 2753; x_wconf 84' lang='grc' dir='ltr'><strong>ὅτι</strong></span> <span class='ocrx_word' id='word_1_277' title='bbox 1176 2701 1242 2753; x_wconf 75' lang='grc' dir='ltr'><strong>ἐκ</strong></span> <span class='ocrx_word' id='word_1_278' title='bbox 1275 2698 1412 2755; x_wconf 88' lang='grc' dir='ltr'><strong>Σιὼν</strong></span> <span class='ocrx_word' id='word_1_279' title='bbox 1446 2700 1788 2769; x_wconf 75' lang='grc' dir='ltr'><strong>ἐξελεύσεται</strong></span> <span class='ocrx_word' id='word_1_280' title='bbox 1827 2702 2011 2773; x_wconf 85' lang='grc' dir='ltr'><strong>νόμος,</strong></span> 
     </span>
    </p>
   </div>
   <div class='ocr_carea' id='block_1_42' title="bbox 432 2786 2015 2867">
    <p class='ocr_par' dir='ltr' id='par_1_42' title="bbox 432 2786 2015 2867">
     <span class='ocr_line' id='line_1_42' title="bbox 432 2786 2015 2867; baseline 0.008 -29"><span class='ocrx_word' id='word_1_281' title='bbox 432 2786 524 2839; x_wconf 77' lang='grc' dir='ltr'><strong>καὶ</strong></span> <span class='ocrx_word' id='word_1_282' title='bbox 556 2786 712 2856; x_wconf 82' lang='grc' dir='ltr'><strong>λόγος</strong></span> <span class='ocrx_word' id='word_1_283' title='bbox 746 2789 954 2860; x_wconf 77' lang='grc' dir='ltr'>Κυρίου</span> <span class='ocrx_word' id='word_1_284' title='bbox 989 2790 1047 2857; x_wconf 76' lang='grc' dir='ltr'><strong>ἐξ</strong></span> <span class='ocrx_word' id='word_1_285' title='bbox 1088 2793 1465 2865; x_wconf 68' lang='grc' dir='ltr'><strong>Ἰερουσαλὴμ,</strong></span> <span class='ocrx_word' id='word_1_286' title='bbox 1501 2792 1594 2847; x_wconf 83' lang='grc' dir='ltr'><strong>καὶ</strong></span> <span class='ocrx_word' id='word_1_287' title='bbox 1616 2797 1794 2867; x_wconf 86' lang='grc' dir='ltr'><strong>κρινεῖ</strong></span> <span class='ocrx_word' id='word_1_288' title='bbox 1811 2794 2015 2866; x_wconf 84' lang='grc' dir='ltr'><strong>ἀναμέ-</strong></span> 
     </span>
    </p>
   </div>
   <div class='ocr_carea' id='block_1_43' title="bbox 432 2878 2014 2959">
    <p class='ocr_par' dir='ltr' id='par_1_43' title="bbox 432 2878 2014 2959">
     <span class='ocr_line' id='line_1_43' title="bbox 432 2878 2014 2959; baseline 0.008 -29"><span class='ocrx_word' id='word_1_289' title='bbox 432 2895 522 2931; x_wconf 90' lang='grc' dir='ltr'><strong>σον</strong></span> <span class='ocrx_word' id='word_1_290' title='bbox 553 2878 698 2934; x_wconf 84' lang='grc' dir='ltr'><strong>λαῶν</strong></span> <span class='ocrx_word' id='word_1_291' title='bbox 734 2880 966 2946; x_wconf 81' lang='grc' dir='ltr'><strong>πολλῶν,</strong></span> <span class='ocrx_word' id='word_1_292' title='bbox 1013 2884 1108 2937; x_wconf 75' lang='grc' dir='ltr'><strong>καὶ</strong></span> <span class='ocrx_word' id='word_1_293' title='bbox 1138 2884 1346 2955; x_wconf 79' lang='grc' dir='ltr'><strong>ἐλέγξει</strong></span> <span class='ocrx_word' id='word_1_294' title='bbox 1386 2886 1514 2940; x_wconf 85' lang='grc' dir='ltr'><strong>λαὸν</strong></span> <span class='ocrx_word' id='word_1_295' title='bbox 1550 2888 1767 2959; x_wconf 81' lang='grc' dir='ltr'><strong>ίσχυρὸν</strong></span> <span class='ocrx_word' id='word_1_296' title='bbox 1795 2887 1900 2953; x_wconf 75' lang='grc' dir='ltr'><strong>ἕως</strong></span> <span class='ocrx_word' id='word_1_297' title='bbox 1934 2889 2014 2953; x_wconf 84' lang='grc' dir='ltr'><strong>είς</strong></span> 
     </span>
    </p>
   </div>
   <div class='ocr_carea' id='block_1_44' title="bbox 432 2971 2014 3051">
    <p class='ocr_par' dir='ltr' id='par_1_44' title="bbox 432 2971 2014 3051">
     <span class='ocr_line' id='line_1_44' title="bbox 432 2971 2014 3051; baseline 0.006 -28"><span class='ocrx_word' id='word_1_298' title='bbox 432 2971 669 3041; x_wconf 70' lang='grc' dir='ltr'><strong>μακράψ</strong></span> <span class='ocrx_word' id='word_1_299' title='bbox 706 2973 797 3025; x_wconf 79' lang='grc' dir='ltr'><strong>καὶ</strong></span> <span class='ocrx_word' id='word_1_300' title='bbox 838 2973 1240 3044; x_wconf 73' lang='grc' dir='ltr'><strong>κατακόψουσιν</strong></span> <span class='ocrx_word' id='word_1_301' title='bbox 1270 2977 1370 3041; x_wconf 81' lang='grc' dir='ltr'><strong>τὰς</strong></span> <span class='ocrx_word' id='word_1_302' title='bbox 1411 2978 1686 3051; x_wconf 88' lang='grc' dir='ltr'><strong>μαχαίρας</strong></span> <span class='ocrx_word' id='word_1_303' title='bbox 1718 2977 1898 3032; x_wconf 86' lang='grc' dir='ltr'><strong>αὑτῶν</strong></span> <span class='ocrx_word' id='word_1_304' title='bbox 1933 2980 2014 3044; x_wconf 84' lang='grc' dir='ltr'><strong>είς</strong></span> 
     </span>
    </p>
   </div>
   <div class='ocr_carea' id='block_1_45' title="bbox 429 3061 2014 3142">
    <p class='ocr_par' dir='ltr' id='par_1_45' title="bbox 429 3061 2014 3142">
     <span class='ocr_line' id='line_1_45' title="bbox 429 3061 2014 3142; baseline 0.006 -28"><span class='ocrx_word' id='word_1_305' title='bbox 429 3061 654 3134; x_wconf 82' lang='grc' dir='ltr'><strong>ἄροτρα,</strong></span> <span class='ocrx_word' id='word_1_306' title='bbox 702 3063 797 3117; x_wconf 73' lang='grc' dir='ltr'><strong>καὶ</strong></span> <span class='ocrx_word' id='word_1_307' title='bbox 836 3064 934 3129; x_wconf 84' lang='grc' dir='ltr'><strong>τὰς</strong></span> <span class='ocrx_word' id='word_1_308' title='bbox 984 3064 1206 3131; x_wconf 79' lang='grc' dir='ltr'><strong>ζιὸύνας</strong></span> <span class='ocrx_word' id='word_1_309' title='bbox 1252 3068 1547 3134; x_wconf 83' lang='grc' dir='ltr'><strong>αὑτῶνέίς</strong></span> <span class='ocrx_word' id='word_1_310' title='bbox 1592 3069 1870 3142; x_wconf 72' lang='grc' dir='ltr'><strong>δρέπανα*</strong></span> <span class='ocrx_word' id='word_1_311' title='bbox 1917 3069 2014 3124; x_wconf 84' lang='grc' dir='ltr'><strong>καὶ</strong></span> 
     </span>
    </p>
   </div>
   <div class='ocr_carea' id='block_1_46' title="bbox 429 3152 2019 3238">
    <p class='ocr_par' dir='ltr' id='par_1_46' title="bbox 429 3152 2019 3238">
     <span class='ocr_line' id='line_1_46' title="bbox 429 3152 2019 3238; baseline 0.008 -34"><span class='ocrx_word' id='word_1_312' title='bbox 429 3152 612 3207; x_wconf 84' lang='grc' dir='ltr'><strong>οὐκέτι</strong></span> <span class='ocrx_word' id='word_1_313' title='bbox 643 3152 753 3228; x_wconf 83' lang='grc' dir='ltr'><strong>ἄρῃ</strong></span> <span class='ocrx_word' id='word_1_314' title='bbox 784 3154 935 3221; x_wconf 77' lang='grc' dir='ltr'><strong>ἔθνος</strong></span> <span class='ocrx_word' id='word_1_315' title='bbox 968 3157 1053 3209; x_wconf 77' lang='grc' dir='ltr'><strong>ἐπ’</strong></span> <span class='ocrx_word' id='word_1_316' title='bbox 1082 3158 1236 3224; x_wconf 77' lang='grc' dir='ltr'><strong>ἔθνος</strong></span> <span class='ocrx_word' id='word_1_317' title='bbox 1269 3161 1565 3233; x_wconf 86' lang='grc' dir='ltr'><strong>μάχαιραν,</strong></span> <span class='ocrx_word' id='word_1_318' title='bbox 1597 3161 1692 3216; x_wconf 75' lang='grc' dir='ltr'><strong>καὶ</strong></span> <span class='ocrx_word' id='word_1_319' title='bbox 1719 3162 1905 3216; x_wconf 87' lang='grc' dir='ltr'><strong>οὑκέτι</strong></span> <span class='ocrx_word' id='word_1_320' title='bbox 1934 3163 2019 3238; x_wconf 78' lang='grc' dir='ltr'><strong>μὴ</strong></span> 
     </span>
    </p>
   </div>
   <div class='ocr_carea' id='block_1_47' title="bbox 2114 1955 3689 2027">
    <p class='ocr_par' dir='ltr' id='par_1_47' title="bbox 2114 1955 3689 2027">
     <span class='ocr_line' id='line_1_47' title="bbox 2114 1955 3689 2027; baseline 0.001 -18"><span class='ocrx_word' id='word_1_321' title='bbox 2114 1955 2356 2025; x_wconf 78' lang='lat' dir='ltr'><strong>lapidum</strong></span> <span class='ocrx_word' id='word_1_322' title='bbox 2386 1956 2513 2022; x_wconf 89' lang='lat' dir='ltr'><strong>erit,</strong></span> <span class='ocrx_word' id='word_1_323' title='bbox 2547 1964 2602 2011; x_wconf 91' lang='lat' dir='ltr'><strong>et</strong></span> <span class='ocrx_word' id='word_1_324' title='bbox 2624 1971 2783 2012; x_wconf 87' lang='lat' dir='ltr'><strong>mons</strong></span> <span class='ocrx_word' id='word_1_325' title='bbox 2814 1956 3002 2027; x_wconf 87' lang='lat' dir='ltr'><strong>templi</strong></span> <span class='ocrx_word' id='word_1_326' title='bbox 3056 1958 3111 2012; x_wconf 90' lang='lat' dir='ltr'><strong>in</strong></span> <span class='ocrx_word' id='word_1_327' title='bbox 3158 1958 3376 2014; x_wconf 76' lang='lat' dir='ltr'><strong>excelsa</strong></span> <span class='ocrx_word' id='word_1_328' title='bbox 3408 1957 3689 2014; x_wconf 79' lang='lat' dir='ltr'><strong>silvarum.</strong></span> 
     </span>
    </p>
   </div>
   <div class='ocr_carea' id='block_1_48' title="bbox 2116 2043 3691 2105">
    <p class='ocr_par' dir='ltr' id='par_1_48' title="bbox 2116 2043 3691 2105">
     <span class='ocr_line' id='line_1_48' title="bbox 2116 2043 3691 2105; baseline 0.001 -5"><span class='ocrx_word' id='word_1_329' title='bbox 2116 2043 2183 2101; x_wconf 85' lang='grc' dir='ltr'><strong>Ει</strong></span> <span class='ocrx_word' id='word_1_330' title='bbox 2209 2046 2356 2103; x_wconf 89' lang='lat' dir='ltr'><strong>erit:</strong></span> <span class='ocrx_word' id='word_1_331' title='bbox 2398 2048 2459 2100; x_wconf 88' lang='lat' dir='ltr'><strong>In</strong></span> <span class='ocrx_word' id='word_1_332' title='bbox 2525 2046 2825 2103; x_wconf 86' lang='lat' dir='ltr'><strong>novissimo</strong></span> <span class='ocrx_word' id='word_1_333' title='bbox 2870 2047 3083 2104; x_wconf 90' lang='lat' dir='ltr'><strong>dierum</strong></span> <span class='ocrx_word' id='word_1_334' title='bbox 3137 2049 3241 2103; x_wconf 89' lang='lat' dir='ltr'><strong>erit</strong></span> <span class='ocrx_word' id='word_1_335' title='bbox 3290 2063 3452 2105; x_wconf 91' lang='lat' dir='ltr'><strong>mons</strong></span> <span class='ocrx_word' id='word_1_336' title='bbox 3497 2046 3691 2103; x_wconf 71' lang='lat' dir='ltr'><strong>domus</strong></span> 
     </span>
    </p>
   </div>
   <div class='ocr_carea' id='block_1_49' title="bbox 2117 2134 3693 2210">
    <p class='ocr_par' dir='ltr' id='par_1_49' title="bbox 2117 2134 3693 2210">
     <span class='ocr_line' id='line_1_49' title="bbox 2117 2134 3693 2210; baseline 0.003 -21"><span class='ocrx_word' id='word_1_337' title='bbox 2117 2134 2329 2191; x_wconf 91' lang='lat' dir='ltr'><strong>Domini</strong></span> <span class='ocrx_word' id='word_1_338' title='bbox 2382 2143 2721 2206; x_wconf 67' lang='lat' dir='ltr'><strong>praeparatus</strong></span> <span class='ocrx_word' id='word_1_339' title='bbox 2767 2137 2824 2191; x_wconf 92' lang='lat' dir='ltr'><strong>in</strong></span> <span class='ocrx_word' id='word_1_340' title='bbox 2857 2137 3061 2193; x_wconf 81' lang='lat' dir='ltr'><strong>vertice</strong></span> <span class='ocrx_word' id='word_1_341' title='bbox 3115 2138 3407 2210; x_wconf 83' lang='lat' dir='ltr'><strong>montium,</strong></span> <span class='ocrx_word' id='word_1_342' title='bbox 3435 2148 3489 2193; x_wconf 90' lang='lat' dir='ltr'><strong>et</strong></span> <span class='ocrx_word' id='word_1_343' title='bbox 3518 2138 3693 2194; x_wconf 78' lang='lat' dir='ltr'><strong>subli-</strong></span> 
     </span>
    </p>
   </div>
   <div class='ocr_carea' id='block_1_50' title="bbox 2116 2227 3688 2302">
    <p class='ocr_par' dir='ltr' id='par_1_50' title="bbox 2116 2227 3688 2302">
     <span class='ocr_line' id='line_1_50' title="bbox 2116 2227 3688 2302; baseline 0.001 -19"><span class='ocrx_word' id='word_1_344' title='bbox 2116 2230 2221 2284; x_wconf 88' lang='lat' dir='ltr'><strong>mis</strong></span> <span class='ocrx_word' id='word_1_345' title='bbox 2252 2243 2417 2299; x_wconf 88' lang='lat' dir='ltr'><strong>super</strong></span> <span class='ocrx_word' id='word_1_346' title='bbox 2439 2230 2608 2284; x_wconf 90' lang='lat' dir='ltr'><strong>colles</strong></span> <span class='ocrx_word' id='word_1_347' title='bbox 2635 2245 2647 2280; x_wconf 93' lang='lat'><strong>:</strong></span> <span class='ocrx_word' id='word_1_348' title='bbox 2676 2240 2732 2284; x_wconf 89' lang='lat' dir='ltr'><strong>et</strong></span> <span class='ocrx_word' id='word_1_349' title='bbox 2757 2227 2925 2285; x_wconf 84' lang='lat' dir='ltr'><strong>ﬂuent</strong></span> <span class='ocrx_word' id='word_1_350' title='bbox 2965 2228 3034 2285; x_wconf 78' lang='lat' dir='ltr'><strong>ad</strong></span> <span class='ocrx_word' id='word_1_351' title='bbox 3066 2245 3189 2285; x_wconf 90' lang='lat' dir='ltr'><strong>eum</strong></span> <span class='ocrx_word' id='word_1_352' title='bbox 3213 2230 3421 2302; x_wconf 90' lang='lat' dir='ltr'><strong>populi.</strong></span> <span class='ocrx_word' id='word_1_353' title='bbox 3447 2228 3514 2283; x_wconf 87' lang='lat' dir='ltr'><strong>Et</strong></span> <span class='ocrx_word' id='word_1_354' title='bbox 3560 2244 3688 2299; x_wconf 90' lang='lat' dir='ltr'><strong>pro-</strong></span> 
     </span>
    </p>
   </div>
   <div class='ocr_carea' id='block_1_51' title="bbox 2117 2321 3695 2395">
    <p class='ocr_par' dir='ltr' id='par_1_51' title="bbox 2117 2321 3695 2395">
     <span class='ocr_line' id='line_1_51' title="bbox 2117 2321 3695 2395; baseline 0 -19"><span class='ocrx_word' id='word_1_355' title='bbox 2117 2321 2387 2395; x_wconf 87' lang='lat' dir='ltr'><strong>perabunt</strong></span> <span class='ocrx_word' id='word_1_356' title='bbox 2415 2330 2604 2393; x_wconf 80' lang='lat' dir='ltr'><strong>gentes</strong></span> <span class='ocrx_word' id='word_1_357' title='bbox 2630 2323 2834 2385; x_wconf 66' lang='lat' dir='ltr'><strong>multae,</strong></span> <span class='ocrx_word' id='word_1_358' title='bbox 2875 2329 2931 2378; x_wconf 90' lang='lat' dir='ltr'><strong>et</strong></span> <span class='ocrx_word' id='word_1_359' title='bbox 2974 2322 3158 2378; x_wconf 87' lang='lat' dir='ltr'><strong>dicent</strong></span> <span class='ocrx_word' id='word_1_360' title='bbox 3191 2337 3209 2376; x_wconf 85' lang='lat'><strong>:</strong></span> <span class='ocrx_word' id='word_1_361' title='bbox 3259 2321 3473 2387; x_wconf 82' lang='lat' dir='ltr'><strong>Venite,</strong></span> <span class='ocrx_word' id='word_1_362' title='bbox 3504 2336 3695 2378; x_wconf 83' lang='lat' dir='ltr'><strong>ascen-</strong></span> 
     </span>
    </p>
   </div>
   <div class='ocr_carea' id='block_1_52' title="bbox 2116 2411 3693 2480">
    <p class='ocr_par' dir='ltr' id='par_1_52' title="bbox 2116 2411 3693 2480">
     <span class='ocr_line' id='line_1_52' title="bbox 2116 2411 3693 2480; baseline 0 -12"><span class='ocrx_word' id='word_1_363' title='bbox 2116 2414 2314 2469; x_wconf 91' lang='lat' dir='ltr'><strong>damus</strong></span> <span class='ocrx_word' id='word_1_364' title='bbox 2344 2412 2412 2467; x_wconf 85' lang='lat' dir='ltr'><strong>ad</strong></span> <span class='ocrx_word' id='word_1_365' title='bbox 2442 2420 2683 2469; x_wconf 80' lang='lat' dir='ltr'><strong>montem</strong></span> <span class='ocrx_word' id='word_1_366' title='bbox 2716 2413 2931 2469; x_wconf 90' lang='lat' dir='ltr'><strong>Domini</strong></span> <span class='ocrx_word' id='word_1_367' title='bbox 2961 2453 2978 2480; x_wconf 90' lang='lat'><strong>,</strong></span> <span class='ocrx_word' id='word_1_368' title='bbox 3009 2424 3065 2470; x_wconf 91' lang='lat' dir='ltr'><strong>et</strong></span> <span class='ocrx_word' id='word_1_369' title='bbox 3089 2414 3156 2469; x_wconf 92' lang='lat' dir='ltr'><strong>ad</strong></span> <span class='ocrx_word' id='word_1_370' title='bbox 3184 2413 3406 2470; x_wconf 89' lang='lat' dir='ltr'><strong>domum</strong></span> <span class='ocrx_word' id='word_1_371' title='bbox 3460 2412 3555 2470; x_wconf 88' lang='lat' dir='ltr'><strong>Dei</strong></span> <span class='ocrx_word' id='word_1_372' title='bbox 3600 2411 3693 2469; x_wconf 78' lang='lat' dir='ltr'><strong>Ja—</strong></span> 
     </span>
    </p>
   </div>
   <div class='ocr_carea' id='block_1_53' title="bbox 2116 2506 3798 2575">
    <p class='ocr_par' dir='ltr' id='par_1_53' title="bbox 2116 2506 3798 2575">
     <span class='ocr_line' id='line_1_53' title="bbox 2116 2506 3798 2575; baseline -0.002 -13"><span class='ocrx_word' id='word_1_373' title='bbox 2116 2507 2260 2575; x_wconf 88' lang='lat' dir='ltr'><strong>cob;</strong></span> <span class='ocrx_word' id='word_1_374' title='bbox 2293 2514 2349 2562; x_wconf 88' lang='lat' dir='ltr'><strong>et</strong></span> <span class='ocrx_word' id='word_1_375' title='bbox 2376 2506 2594 2563; x_wconf 82' lang='lat' dir='ltr'><strong>docebit</strong></span> <span class='ocrx_word' id='word_1_376' title='bbox 2644 2521 2748 2561; x_wconf 88' lang='lat' dir='ltr'><strong>nos</strong></span> <span class='ocrx_word' id='word_1_377' title='bbox 2798 2507 2866 2563; x_wconf 90' lang='lat' dir='ltr'><strong>de</strong></span> <span class='ocrx_word' id='word_1_378' title='bbox 2901 2507 3007 2563; x_wconf 88' lang='lat' dir='ltr'><strong>viis</strong></span> <span class='ocrx_word' id='word_1_379' title='bbox 3036 2508 3172 2573; x_wconf 86' lang='lat' dir='ltr'><strong>suis,</strong></span> <span class='ocrx_word' id='word_1_380' title='bbox 3205 2515 3261 2563; x_wconf 90' lang='lat' dir='ltr'><strong>et</strong></span> <span class='ocrx_word' id='word_1_381' title='bbox 3290 2507 3492 2564; x_wconf 90' lang='lat' dir='ltr'><strong>ibimus</strong></span> <span class='ocrx_word' id='word_1_382' title='bbox 3523 2508 3577 2561; x_wconf 92' lang='lat' dir='ltr'><strong>in</strong></span> <span class='ocrx_word' id='word_1_383' title='bbox 3605 2522 3695 2563; x_wconf 86' lang='lat' dir='ltr'><strong>se-</strong></span> <span class='ocrx_word' id='word_1_384' title='bbox 3786 2540 3798 2559; x_wconf 68' lang='grc' dir='ltr'><strong><em>ο</em></strong></span> 
     </span>
    </p>
   </div>
   <div class='ocr_carea' id='block_1_54' title="bbox 2125 2597 3692 2671">
    <p class='ocr_par' dir='ltr' id='par_1_54' title="bbox 2125 2597 3692 2671">
     <span class='ocr_line' id='line_1_54' title="bbox 2125 2597 3692 2671; baseline 0.001 -15"><span class='ocrx_word' id='word_1_385' title='bbox 2125 2600 2277 2656; x_wconf 85' lang='lat' dir='ltr'><strong>mitis</strong></span> <span class='ocrx_word' id='word_1_386' title='bbox 2302 2599 2445 2670; x_wconf 89' lang='lat' dir='ltr'><strong>ejus,</strong></span> <span class='ocrx_word' id='word_1_387' title='bbox 2474 2600 2604 2670; x_wconf 90' lang='lat' dir='ltr'><strong>quia</strong></span> <span class='ocrx_word' id='word_1_388' title='bbox 2631 2600 2699 2656; x_wconf 93' lang='lat' dir='ltr'><strong>de</strong></span> <span class='ocrx_word' id='word_1_389' title='bbox 2722 2597 2853 2655; x_wconf 91' lang='lat' dir='ltr'><strong>Sion</strong></span> <span class='ocrx_word' id='word_1_390' title='bbox 2898 2600 3212 2671; x_wconf 81' lang='lat' dir='ltr'><strong>egredietur</strong></span> <span class='ocrx_word' id='word_1_391' title='bbox 3234 2601 3344 2668; x_wconf 79' lang='lat' dir='ltr'><strong>lex,</strong></span> <span class='ocrx_word' id='word_1_392' title='bbox 3380 2608 3435 2657; x_wconf 92' lang='lat' dir='ltr'><strong>et</strong></span> <span class='ocrx_word' id='word_1_393' title='bbox 3465 2601 3692 2658; x_wconf 86' lang='lat' dir='ltr'><strong>verbum</strong></span> 
     </span>
    </p>
   </div>
   <div class='ocr_carea' id='block_1_55' title="bbox 2116 2693 3695 2768">
    <p class='ocr_par' dir='ltr' id='par_1_55' title="bbox 2116 2693 3695 2768">
     <span class='ocr_line' id='line_1_55' title="bbox 2116 2693 3695 2768; baseline 0.003 -19"><span class='ocrx_word' id='word_1_394' title='bbox 2116 2695 2334 2752; x_wconf 92' lang='lat' dir='ltr'><strong>Domini</strong></span> <span class='ocrx_word' id='word_1_395' title='bbox 2372 2694 2440 2751; x_wconf 91' lang='lat' dir='ltr'><strong>de</strong></span> <span class='ocrx_word' id='word_1_396' title='bbox 2491 2693 2820 2754; x_wconf 88' lang='lat' dir='ltr'><strong>Jerusalem.</strong></span> <span class='ocrx_word' id='word_1_397' title='bbox 2878 2694 2945 2749; x_wconf 88' lang='lat' dir='ltr'><strong>Et</strong></span> <span class='ocrx_word' id='word_1_398' title='bbox 2992 2694 3262 2766; x_wconf 88' lang='lat' dir='ltr'><strong>judicabit</strong></span> <span class='ocrx_word' id='word_1_399' title='bbox 3296 2695 3437 2752; x_wconf 89' lang='lat' dir='ltr'><strong>inter</strong></span> <span class='ocrx_word' id='word_1_400' title='bbox 3462 2696 3695 2768; x_wconf 85' lang='lat' dir='ltr'><strong>populos</strong></span> 
     </span>
    </p>
   </div>
   <div class='ocr_carea' id='block_1_56' title="bbox 2117 2785 3697 2861">
    <p class='ocr_par' dir='ltr' id='par_1_56' title="bbox 2117 2785 3697 2861">
     <span class='ocr_line' id='line_1_56' title="bbox 2117 2785 3697 2861; baseline 0.003 -21"><span class='ocrx_word' id='word_1_401' title='bbox 2117 2787 2340 2851; x_wconf 90' lang='lat' dir='ltr'><strong>multos,</strong></span> <span class='ocrx_word' id='word_1_402' title='bbox 2364 2792 2420 2841; x_wconf 89' lang='lat' dir='ltr'><strong>et</strong></span> <span class='ocrx_word' id='word_1_403' title='bbox 2459 2786 2722 2856; x_wconf 87' lang='lat' dir='ltr'><strong>corripiet</strong></span> <span class='ocrx_word' id='word_1_404' title='bbox 2757 2795 2949 2859; x_wconf 84' lang='lat' dir='ltr'><strong>gentes</strong></span> <span class='ocrx_word' id='word_1_405' title='bbox 3001 2785 3172 2844; x_wconf 78' lang='lat' dir='ltr'><strong>fortes</strong></span> <span class='ocrx_word' id='word_1_406' title='bbox 3205 2804 3381 2861; x_wconf 88' lang='lat' dir='ltr'><strong>usque</strong></span> <span class='ocrx_word' id='word_1_407' title='bbox 3402 2789 3457 2845; x_wconf 92' lang='lat' dir='ltr'><strong>in</strong></span> <span class='ocrx_word' id='word_1_408' title='bbox 3486 2789 3697 2861; x_wconf 87' lang='lat' dir='ltr'><strong>longin-</strong></span> 
     </span>
    </p>
   </div>
   <div class='ocr_carea' id='block_1_57' title="bbox 2115 2878 3694 2950">
    <p class='ocr_par' dir='ltr' id='par_1_57' title="bbox 2115 2878 3694 2950">
     <span class='ocr_line' id='line_1_57' title="bbox 2115 2878 3694 2950; baseline 0.001 -18"><span class='ocrx_word' id='word_1_409' title='bbox 2115 2894 2284 2950; x_wconf 89' lang='lat' dir='ltr'><strong>quum</strong></span> <span class='ocrx_word' id='word_1_410' title='bbox 2318 2897 2331 2933; x_wconf 88' lang='lat'><strong>:</strong></span> <span class='ocrx_word' id='word_1_411' title='bbox 2366 2884 2422 2933; x_wconf 90' lang='lat' dir='ltr'><strong>et</strong></span> <span class='ocrx_word' id='word_1_412' title='bbox 2453 2878 2746 2934; x_wconf 87' lang='lat' dir='ltr'><strong>concident</strong></span> <span class='ocrx_word' id='word_1_413' title='bbox 2803 2878 3014 2949; x_wconf 85' lang='lat' dir='ltr'><strong>gladios</strong></span> <span class='ocrx_word' id='word_1_414' title='bbox 3062 2894 3194 2935; x_wconf 85' lang='lat' dir='ltr'><strong>suos</strong></span> <span class='ocrx_word' id='word_1_415' title='bbox 3228 2880 3284 2934; x_wconf 92' lang='lat' dir='ltr'><strong>in</strong></span> <span class='ocrx_word' id='word_1_416' title='bbox 3314 2895 3586 2946; x_wconf 87' lang='lat' dir='ltr'><strong>vomeres,</strong></span> <span class='ocrx_word' id='word_1_417' title='bbox 3639 2890 3694 2936; x_wconf 92' lang='lat' dir='ltr'><strong>et</strong></span> 
     </span>
    </p>
   </div>
   <div class='ocr_carea' id='block_1_58' title="bbox 2118 2968 3694 3042">
    <p class='ocr_par' dir='ltr' id='par_1_58' title="bbox 2118 2968 3694 3042">
     <span class='ocr_line' id='line_1_58' title="bbox 2118 2968 3694 3042; baseline 0.004 -21"><span class='ocrx_word' id='word_1_418' title='bbox 2118 2968 2312 3024; x_wconf 84' lang='lat' dir='ltr'><strong>hastas</strong></span> <span class='ocrx_word' id='word_1_419' title='bbox 2370 2984 2503 3025; x_wconf 87' lang='lat' dir='ltr'><strong>suas</strong></span> <span class='ocrx_word' id='word_1_420' title='bbox 2535 2969 2589 3023; x_wconf 92' lang='lat' dir='ltr'><strong>in</strong></span> <span class='ocrx_word' id='word_1_421' title='bbox 2639 2969 2854 3040; x_wconf 89' lang='lat' dir='ltr'><strong>ligones</strong></span> <span class='ocrx_word' id='word_1_422' title='bbox 2881 2989 2895 3024; x_wconf 89' lang='lat'><strong>:</strong></span> <span class='ocrx_word' id='word_1_423' title='bbox 2928 2986 3040 3026; x_wconf 93' lang='lat' dir='ltr'><strong>non</strong></span> <span class='ocrx_word' id='word_1_424' title='bbox 3070 2980 3251 3027; x_wconf 85' lang='lat' dir='ltr'><strong>sumet</strong></span> <span class='ocrx_word' id='word_1_425' title='bbox 3273 2986 3406 3042; x_wconf 88' lang='lat' dir='ltr'><strong>gens</strong></span> <span class='ocrx_word' id='word_1_426' title='bbox 3430 2970 3694 3027; x_wconf 78' lang='lat' dir='ltr'><strong>adversus</strong></span> 
     </span>
    </p>
   </div>
   <div class='ocr_carea' id='block_1_59' title="bbox 2115 3060 3688 3135">
    <p class='ocr_par' dir='ltr' id='par_1_59' title="bbox 2115 3060 3688 3135">
     <span class='ocr_line' id='line_1_59' title="bbox 2115 3060 3688 3135; baseline 0 -18"><span class='ocrx_word' id='word_1_427' title='bbox 2115 3069 2330 3133; x_wconf 82' lang='lat' dir='ltr'><strong>gentem</strong></span> <span class='ocrx_word' id='word_1_428' title='bbox 2349 3060 2591 3133; x_wconf 75' lang='lat' dir='ltr'><strong>gladium</strong></span> <span class='ocrx_word' id='word_1_429' title='bbox 2614 3078 2629 3113; x_wconf 89' lang='lat'><strong>:</strong></span> <span class='ocrx_word' id='word_1_430' title='bbox 2653 3069 2707 3117; x_wconf 92' lang='lat' dir='ltr'><strong>et</strong></span> <span class='ocrx_word' id='word_1_431' title='bbox 2723 3078 2834 3118; x_wconf 90' lang='lat' dir='ltr'><strong>non</strong></span> <span class='ocrx_word' id='word_1_432' title='bbox 2851 3062 3066 3118; x_wconf 91' lang='lat' dir='ltr'><strong>discent</strong></span> <span class='ocrx_word' id='word_1_433' title='bbox 3088 3063 3230 3118; x_wconf 88' lang='lat' dir='ltr'><strong>ultra</strong></span> <span class='ocrx_word' id='word_1_434' title='bbox 3250 3063 3573 3135; x_wconf 76' lang='lat' dir='ltr'><strong>belligerare</strong></span> <span class='ocrx_word' id='word_1_435' title='bbox 3588 3063 3654 3118; x_wconf 83' lang='lat'><strong>&quot;.</strong></span> <span class='ocrx_word' id='word_1_436' title='bbox 3669 3083 3688 3117; x_wconf 75' lang='grc' dir='ltr'><strong>ι</strong></span> 
     </span>
    </p>
   </div>
   <div class='ocr_carea' id='block_1_60' title="bbox 2114 3150 3712 3228">
    <p class='ocr_par' dir='ltr' id='par_1_60' title="bbox 2114 3150 3712 3228">
     <span class='ocr_line' id='line_1_60' title="bbox 2114 3150 3712 3228; baseline 0.001 -21"><span class='ocrx_word' id='word_1_437' title='bbox 2114 3150 2412 3224; x_wconf 89' lang='lat' dir='ltr'><strong>Postquam</strong></span> <span class='ocrx_word' id='word_1_438' title='bbox 2439 3168 2596 3211; x_wconf 87' lang='lat' dir='ltr'><strong>sacer</strong></span> <span class='ocrx_word' id='word_1_439' title='bbox 2618 3168 2799 3209; x_wconf 88' lang='lat' dir='ltr'><strong>sermo</strong></span> <span class='ocrx_word' id='word_1_440' title='bbox 2827 3153 2961 3209; x_wconf 81' lang='lat' dir='ltr'><strong>dixit</strong></span> <span class='ocrx_word' id='word_1_441' title='bbox 2980 3155 3127 3225; x_wconf 90' lang='lat' dir='ltr'><strong>quod</strong></span> <span class='ocrx_word' id='word_1_442' title='bbox 3145 3162 3370 3226; x_wconf 86' lang='lat' dir='ltr'><strong>propter</strong></span> <span class='ocrx_word' id='word_1_443' title='bbox 3384 3153 3712 3228; x_wconf 65' lang='lat' dir='ltr'><strong>Judaeorum,</strong></span> 
     </span>
    </p>
   </div>
   <div class='ocr_carea' id='block_1_61' title="bbox 431 3241 2014 3326">
    <p class='ocr_par' dir='ltr' id='par_1_61' title="bbox 431 3241 2014 3326">
     <span class='ocr_line' id='line_1_61' title="bbox 431 3241 2014 3326; baseline 0.008 -30"><span class='ocrx_word' id='word_1_444' title='bbox 431 3241 642 3313; x_wconf 82' lang='grc' dir='ltr'><strong>μάθωσι</strong></span> <span class='ocrx_word' id='word_1_445' title='bbox 677 3245 952 3316; x_wconf 84' lang='grc' dir='ltr'><strong>πολεμεῖν.</strong></span> <span class='ocrx_word' id='word_1_446' title='bbox 991 3266 1009 3299; x_wconf 75' lang='grc' dir='ltr'><strong>ι</strong></span> <span class='ocrx_word' id='word_1_447' title='bbox 1061 3249 1247 3303; x_wconf 88' lang='grc' dir='ltr'><strong>Είπὼν</strong></span> <span class='ocrx_word' id='word_1_448' title='bbox 1291 3253 1319 3305; x_wconf 86' lang='grc' dir='ltr'>ὁ</span> <span class='ocrx_word' id='word_1_449' title='bbox 1360 3251 1515 3322; x_wconf 82' lang='grc' dir='ltr'><strong>λόγος</strong></span> <span class='ocrx_word' id='word_1_450' title='bbox 1548 3253 1626 3318; x_wconf 89' lang='grc' dir='ltr'><strong>ὼς</strong></span> <span class='ocrx_word' id='word_1_451' title='bbox 1658 3252 1767 3326; x_wconf 84' lang='grc' dir='ltr'><strong>ἄρα</strong></span> <span class='ocrx_word' id='word_1_452' title='bbox 1797 3253 1883 3308; x_wconf 84' lang='grc' dir='ltr'><strong>διὰ</strong></span> <span class='ocrx_word' id='word_1_453' title='bbox 1914 3254 2014 3320; x_wconf 70' lang='grc' dir='ltr'><strong>τὰς</strong></span> 
     </span>
    </p>
   </div>
   <div class='ocr_carea' id='block_1_62' title="bbox 2116 3241 3693 3326">
    <p class='ocr_par' dir='ltr' id='par_1_62' title="bbox 2116 3243 3693 3318">
     <span class='ocr_line' id='line_1_62' title="bbox 2116 3243 3693 3318; baseline 0.003 -20"><span class='ocrx_word' id='word_1_454' title='bbox 2116 3244 2305 3316; x_wconf 85' lang='lat' dir='ltr'><strong>populi</strong></span> <span class='ocrx_word' id='word_1_455' title='bbox 2330 3244 2653 3316; x_wconf 87' lang='lat' dir='ltr'><strong>iniquitates</strong></span> <span class='ocrx_word' id='word_1_456' title='bbox 2690 3264 2710 3298; x_wconf 79' lang='grc' dir='ltr'><strong>ι</strong></span> <span class='ocrx_word' id='word_1_457' title='bbox 2740 3260 2899 3302; x_wconf 89' lang='lat' dir='ltr'><strong>mons</strong></span> <span class='ocrx_word' id='word_1_458' title='bbox 2924 3243 3056 3302; x_wconf 90' lang='lat' dir='ltr'><strong>Sion</strong></span> <span class='ocrx_word' id='word_1_459' title='bbox 3084 3246 3245 3317; x_wconf 87' lang='lat' dir='ltr'><strong>quasi</strong></span> <span class='ocrx_word' id='word_1_460' title='bbox 3270 3262 3398 3318; x_wconf 87' lang='lat' dir='ltr'><strong>ager</strong></span> <span class='ocrx_word' id='word_1_461' title='bbox 3426 3247 3693 3314; x_wconf 87' lang='lat' dir='ltr'><strong>arabitur,</strong></span> 
     </span>
    </p>
   </div>
   <div class='ocr_carea' id='block_1_63' title="bbox 428 3335 2014 3417">
    <p class='ocr_par' dir='ltr' id='par_1_63' title="bbox 428 3335 2014 3417">
     <span class='ocr_line' id='line_1_63' title="bbox 428 3335 2014 3417; baseline 0.008 -30"><span class='ocrx_word' id='word_1_462' title='bbox 428 3335 741 3402; x_wconf 78' lang='grc' dir='ltr'><strong>δυσσεϐείας</strong></span> <span class='ocrx_word' id='word_1_463' title='bbox 764 3338 858 3392; x_wconf 91' lang='grc' dir='ltr'><strong>τοῦ</strong></span> <span class='ocrx_word' id='word_1_464' title='bbox 901 3341 1169 3395; x_wconf 83' lang='grc' dir='ltr'><strong>Ἰουδαίων</strong></span> <span class='ocrx_word' id='word_1_465' title='bbox 1193 3342 1322 3397; x_wconf 89' lang='grc' dir='ltr'><strong>λαοῦ</strong></span> <span class='ocrx_word' id='word_1_466' title='bbox 1354 3344 1414 3398; x_wconf 82' lang='grc' dir='ltr'><strong>τὸ</strong></span> <span class='ocrx_word' id='word_1_467' title='bbox 1450 3346 1549 3416; x_wconf 82' lang='grc' dir='ltr'><strong>μὲν</strong></span> <span class='ocrx_word' id='word_1_468' title='bbox 1577 3364 1596 3397; x_wconf 78' lang='grc' dir='ltr'><strong>ι</strong></span> <span class='ocrx_word' id='word_1_469' title='bbox 1629 3344 1768 3399; x_wconf 87' lang='grc' dir='ltr'><strong>Σιὼν</strong></span> <span class='ocrx_word' id='word_1_470' title='bbox 1789 3345 1914 3417; x_wconf 76' lang='grc' dir='ltr'><strong>ὅρος</strong></span> <span class='ocrx_word' id='word_1_471' title='bbox 1938 3346 2014 3409; x_wconf 86' lang='grc' dir='ltr'><strong>ὼς</strong></span> 
     </span>
    </p>
   </div>
   <div class='ocr_carea' id='block_1_64' title="bbox 429 3428 2014 3509">
    <p class='ocr_par' dir='ltr' id='par_1_64' title="bbox 429 3428 2014 3509">
     <span class='ocr_line' id='line_1_64' title="bbox 429 3428 2014 3509; baseline 0.006 -29"><span class='ocrx_word' id='word_1_472' title='bbox 429 3428 598 3497; x_wconf 77' lang='grc' dir='ltr'><strong>ἀγρὸς</strong></span> <span class='ocrx_word' id='word_1_473' title='bbox 638 3430 1117 3503; x_wconf 83' lang='grc' dir='ltr'><strong>ἁροτριαθήσεται,</strong></span> <span class='ocrx_word' id='word_1_474' title='bbox 1163 3453 1182 3486; x_wconf 75' lang='grc' dir='ltr'><strong>ι</strong></span> <span class='ocrx_word' id='word_1_475' title='bbox 1208 3437 1242 3508; x_wconf 76' lang='grc' dir='ltr'><strong>ἡ</strong></span> <span class='ocrx_word' id='word_1_476' title='bbox 1270 3434 1326 3490; x_wconf 78' lang='grc' dir='ltr'><strong>δὲ</strong></span> <span class='ocrx_word' id='word_1_477' title='bbox 1360 3437 1625 3509; x_wconf 89' lang='grc' dir='ltr'><strong>πρότερον</strong></span> <span class='ocrx_word' id='word_1_478' title='bbox 1651 3436 2014 3509; x_wconf 80' lang='grc' dir='ltr'><strong>νενομισμένη</strong></span> 
     </span>
    </p>
   </div>
   <div class='ocr_carea' id='block_1_65' title="bbox 430 3520 2008 3600">
    <p class='ocr_par' dir='ltr' id='par_1_65' title="bbox 430 3520 2008 3600">
     <span class='ocr_line' id='line_1_65' title="bbox 430 3520 2008 3600; baseline 0.006 -28"><span class='ocrx_word' id='word_1_479' title='bbox 430 3520 585 3584; x_wconf 83' lang='grc' dir='ltr'><strong>πόλις</strong></span> <span class='ocrx_word' id='word_1_480' title='bbox 610 3521 739 3591; x_wconf 87' lang='grc' dir='ltr'><strong>ἁγία</strong></span> <span class='ocrx_word' id='word_1_481' title='bbox 768 3540 786 3575; x_wconf 78' lang='grc' dir='ltr'><strong>ι</strong></span> <span class='ocrx_word' id='word_1_482' title='bbox 833 3524 1190 3598; x_wconf 82' lang='grc' dir='ltr'><strong>Ἰερουσαλὴμ</strong></span> <span class='ocrx_word' id='word_1_483' title='bbox 1219 3526 1295 3591; x_wconf 85' lang='grc' dir='ltr'><strong>ὼς</strong></span> <span class='ocrx_word' id='word_1_484' title='bbox 1316 3529 1764 3600; x_wconf 80' lang='grc' dir='ltr'><strong>όπωροφυλάκιον</strong></span> <span class='ocrx_word' id='word_1_485' title='bbox 1786 3529 1960 3596; x_wconf 77' lang='grc' dir='ltr'><strong>ἔσται,</strong></span> <span class='ocrx_word' id='word_1_486' title='bbox 1990 3549 2008 3582; x_wconf 77' lang='grc' dir='ltr'><strong>ι</strong></span> 
     </span>
    </p>
   </div>
   <div class='ocr_carea' id='block_1_66' title="bbox 430 3611 2015 3693">
    <p class='ocr_par' dir='ltr' id='par_1_66' title="bbox 430 3611 2015 3693">
     <span class='ocr_line' id='line_1_66' title="bbox 430 3611 2015 3693; baseline 0.007 -28"><span class='ocrx_word' id='word_1_487' title='bbox 430 3611 556 3684; x_wconf 75' lang='grc' dir='ltr'><strong>ἑξῆς</strong></span> <span class='ocrx_word' id='word_1_488' title='bbox 586 3616 919 3687; x_wconf 79' lang='grc' dir='ltr'><strong>προφητεύει</strong></span> <span class='ocrx_word' id='word_1_489' title='bbox 946 3620 1073 3689; x_wconf 75' lang='grc' dir='ltr'><strong>περὶ</strong></span> <span class='ocrx_word' id='word_1_490' title='bbox 1101 3619 1290 3690; x_wconf 81' lang='grc' dir='ltr'><strong>ἑτέρου</strong></span> <span class='ocrx_word' id='word_1_491' title='bbox 1314 3620 1475 3691; x_wconf 74' lang='grc' dir='ltr'><strong>ὅρους</strong></span> <span class='ocrx_word' id='word_1_492' title='bbox 1503 3622 1731 3692; x_wconf 83' lang='grc' dir='ltr'><strong>Κυρίου,</strong></span> <span class='ocrx_word' id='word_1_493' title='bbox 1759 3623 1898 3693; x_wconf 85' lang='grc' dir='ltr'><strong>ὅπερ</strong></span> <span class='ocrx_word' id='word_1_494' title='bbox 1923 3622 2015 3676; x_wconf 76' lang='grc' dir='ltr'><strong>ἐπὶ</strong></span> 
     </span>
    </p>
   </div>
   <div class='ocr_carea' id='block_1_67' title="bbox 427 3706 2014 3788">
    <p class='ocr_par' dir='ltr' id='par_1_67' title="bbox 427 3706 2014 3788">
     <span class='ocr_line' id='line_1_67' title="bbox 427 3706 2014 3788; baseline 0.008 -30"><span class='ocrx_word' id='word_1_495' title='bbox 427 3706 523 3760; x_wconf 85' lang='grc' dir='ltr'><strong>τοῦ</strong></span> <span class='ocrx_word' id='word_1_496' title='bbox 556 3708 653 3779; x_wconf 80' lang='grc' dir='ltr'><strong>τῆς</strong></span> <span class='ocrx_word' id='word_1_497' title='bbox 694 3710 1028 3780; x_wconf 81' lang='grc' dir='ltr'><strong>προφητείας</strong></span> <span class='ocrx_word' id='word_1_498' title='bbox 1059 3711 1251 3783; x_wconf 82' lang='grc' dir='ltr'><strong>καιροῦ</strong></span> <span class='ocrx_word' id='word_1_499' title='bbox 1292 3713 1612 3784; x_wconf 82' lang='grc' dir='ltr'><strong>ὑφειστήκει</strong></span> <span class='ocrx_word' id='word_1_500' title='bbox 1657 3716 1782 3787; x_wconf 82' lang='grc' dir='ltr'><strong>μὲν,</strong></span> <span class='ocrx_word' id='word_1_501' title='bbox 1814 3717 1875 3770; x_wconf 86' lang='grc' dir='ltr'><strong>οὑ</strong></span> <span class='ocrx_word' id='word_1_502' title='bbox 1909 3718 2014 3788; x_wconf 74' lang='grc' dir='ltr'><strong>μὴν</strong></span> 
     </span>
    </p>
   </div>
   <div class='ocr_carea' id='block_1_68' title="bbox 428 3801 2015 3880">
    <p class='ocr_par' dir='ltr' id='par_1_68' title="bbox 428 3801 2015 3880">
     <span class='ocr_line' id='line_1_68' title="bbox 428 3801 2015 3880; baseline 0.005 -27"><span class='ocrx_word' id='word_1_503' title='bbox 428 3801 522 3855; x_wconf 75' lang='grc' dir='ltr'><strong>καὶ</strong></span> <span class='ocrx_word' id='word_1_504' title='bbox 548 3801 791 3872; x_wconf 76' lang='grc' dir='ltr'><strong>ἐμφανὲς</strong></span> <span class='ocrx_word' id='word_1_505' title='bbox 817 3804 929 3868; x_wconf 87' lang='grc' dir='ltr'><strong>τοῖς</strong></span> <span class='ocrx_word' id='word_1_506' title='bbox 966 3802 1216 3874; x_wconf 86' lang='grc' dir='ltr'><strong>τυχοῦσιν</strong></span> <span class='ocrx_word' id='word_1_507' title='bbox 1257 3804 1527 3878; x_wconf 83' lang='grc' dir='ltr'><strong>ὑπῆρχεν,</strong></span> <span class='ocrx_word' id='word_1_508' title='bbox 1566 3806 1642 3871; x_wconf 86' lang='grc' dir='ltr'><strong>ὼς</strong></span> <span class='ocrx_word' id='word_1_509' title='bbox 1679 3810 1766 3862; x_wconf 78' lang='grc' dir='ltr'><strong>ἐπ’</strong></span> <span class='ocrx_word' id='word_1_510' title='bbox 1801 3809 2015 3880; x_wconf 75' lang='grc' dir='ltr'><strong>ἐσχάτῳ</strong></span> 
     </span>
    </p>
   </div>
   <div class='ocr_carea' id='block_1_69' title="bbox 427 3891 2015 3971">
    <p class='ocr_par' dir='ltr' id='par_1_69' title="bbox 427 3891 2015 3971">
     <span class='ocr_line' id='line_1_69' title="bbox 427 3891 2015 3971; baseline 0.006 -27"><span class='ocrx_word' id='word_1_511' title='bbox 427 3891 535 3946; x_wconf 84' lang='grc' dir='ltr'><strong>τῶν</strong></span> <span class='ocrx_word' id='word_1_512' title='bbox 576 3894 802 3967; x_wconf 78' lang='grc' dir='ltr'><strong>ἡμερῶν</strong></span> <span class='ocrx_word' id='word_1_513' title='bbox 850 3896 1334 3968; x_wconf 84' lang='grc' dir='ltr'><strong>ἀναφανησομένου</strong></span> <span class='ocrx_word' id='word_1_514' title='bbox 1377 3898 1632 3971; x_wconf 86' lang='grc' dir='ltr'><strong>ὑπεράνω</strong></span> <span class='ocrx_word' id='word_1_515' title='bbox 1661 3917 1721 3953; x_wconf 87' lang='grc' dir='ltr'><strong>τε</strong></span> <span class='ocrx_word' id='word_1_516' title='bbox 1751 3900 1859 3955; x_wconf 81' lang='grc' dir='ltr'><strong>τῶν</strong></span> <span class='ocrx_word' id='word_1_517' title='bbox 1895 3900 2015 3971; x_wconf 87' lang='grc' dir='ltr'><strong>βου-</strong></span> 
     </span>
    </p>
   </div>
   <div class='ocr_carea' id='block_1_70' title="bbox 428 3983 2013 4061">
    <p class='ocr_par' dir='ltr' id='par_1_70' title="bbox 428 3983 2013 4061">
     <span class='ocr_line' id='line_1_70' title="bbox 428 3983 2013 4061; baseline 0.006 -25"><span class='ocrx_word' id='word_1_518' title='bbox 428 3983 535 4036; x_wconf 83' lang='grc' dir='ltr'><strong>νῶν</strong></span> <span class='ocrx_word' id='word_1_519' title='bbox 570 3986 664 4039; x_wconf 80' lang='grc' dir='ltr'><strong>καὶ</strong></span> <span class='ocrx_word' id='word_1_520' title='bbox 689 3986 798 4039; x_wconf 85' lang='grc' dir='ltr'><strong>τῶν</strong></span> <span class='ocrx_word' id='word_1_521' title='bbox 827 3986 999 4059; x_wconf 87' lang='grc' dir='ltr'><strong>ὀρέων</strong></span> <span class='ocrx_word' id='word_1_522' title='bbox 1030 3988 1626 4061; x_wconf 85' lang='grc' dir='ltr'><strong>μετεωρισθησομένου·</strong></span> <span class='ocrx_word' id='word_1_523' title='bbox 1654 3993 1746 4044; x_wconf 77' lang='grc' dir='ltr'><strong>ἐπὶ</strong></span> <span class='ocrx_word' id='word_1_524' title='bbox 1774 3991 1933 4046; x_wconf 82' lang='grc' dir='ltr'><strong>τοῦτο</strong></span> <span class='ocrx_word' id='word_1_525' title='bbox 1956 3993 2013 4046; x_wconf 84' lang='grc' dir='ltr'><strong>δὲ</strong></span> 
     </span>
    </p>
   </div>
   <div class='ocr_carea' id='block_1_71' title="bbox 427 4074 2014 4153">
    <p class='ocr_par' dir='ltr' id='par_1_71' title="bbox 427 4074 2014 4153">
     <span class='ocr_line' id='line_1_71' title="bbox 427 4074 2014 4153; baseline 0.006 -24"><span class='ocrx_word' id='word_1_526' title='bbox 427 4074 490 4130; x_wconf 82' lang='grc' dir='ltr'><strong>τὸ</strong></span> <span class='ocrx_word' id='word_1_527' title='bbox 513 4078 695 4131; x_wconf 86' lang='grc' dir='ltr'><strong>καινὸν</strong></span> <span class='ocrx_word' id='word_1_528' title='bbox 721 4077 846 4149; x_wconf 75' lang='grc' dir='ltr'><strong>ὅρος</strong></span> <span class='ocrx_word' id='word_1_529' title='bbox 879 4078 1031 4150; x_wconf 76' lang='grc' dir='ltr'><strong>ἥξειν</strong></span> <span class='ocrx_word' id='word_1_530' title='bbox 1064 4079 1093 4132; x_wconf 84' lang='grc' dir='ltr'><strong>ό</strong></span> <span class='ocrx_word' id='word_1_531' title='bbox 1120 4079 1276 4148; x_wconf 85' lang='grc' dir='ltr'><strong>λόγος</strong></span> <span class='ocrx_word' id='word_1_532' title='bbox 1306 4082 1688 4153; x_wconf 84' lang='grc' dir='ltr'><strong>προαγορεύει,</strong></span> <span class='ocrx_word' id='word_1_533' title='bbox 1715 4084 1898 4137; x_wconf 89' lang='grc' dir='ltr'><strong>οὑκέτι</strong></span> <span class='ocrx_word' id='word_1_534' title='bbox 1922 4085 2014 4138; x_wconf 84' lang='grc' dir='ltr'><strong>τὸν</strong></span> 
     </span>
    </p>
   </div>
   <div class='ocr_carea' id='block_1_72' title="bbox 441 4168 2014 4245">
    <p class='ocr_par' dir='ltr' id='par_1_72' title="bbox 441 4168 2014 4245">
     <span class='ocr_line' id='line_1_72' title="bbox 441 4168 2014 4245; baseline 0.006 -24"><span class='ocrx_word' id='word_1_535' title='bbox 441 4168 659 4240; x_wconf 81' lang='grc' dir='ltr'><strong>Ἰσραὴλ</strong></span> <span class='ocrx_word' id='word_1_536' title='bbox 686 4172 912 4234; x_wconf 75' lang='grc' dir='ltr'><strong>ἐκεῖνον,</strong></span> <span class='ocrx_word' id='word_1_537' title='bbox 943 4170 1105 4236; x_wconf 81' lang='grc' dir='ltr'><strong>λαοὺς</strong></span> <span class='ocrx_word' id='word_1_538' title='bbox 1132 4171 1188 4225; x_wconf 80' lang='grc' dir='ltr'><strong>δὲ</strong></span> <span class='ocrx_word' id='word_1_539' title='bbox 1221 4174 1317 4226; x_wconf 76' lang='grc' dir='ltr'><strong>καὶ</strong></span> <span class='ocrx_word' id='word_1_540' title='bbox 1349 4172 1476 4244; x_wconf 77' lang='grc' dir='ltr'><strong>ἔθνη</strong></span> <span class='ocrx_word' id='word_1_541' title='bbox 1511 4174 1684 4228; x_wconf 85' lang='grc' dir='ltr'><strong>πολλὰ</strong></span> <span class='ocrx_word' id='word_1_542' title='bbox 1715 4176 2014 4245; x_wconf 79' lang='grc' dir='ltr'><strong>φάσκοντα,</strong></span> 
     </span>
    </p>
   </div>
   <div class='ocr_carea' id='block_1_73' title="bbox 433 4258 2015 4337">
    <p class='ocr_par' dir='ltr' id='par_1_73' title="bbox 433 4258 2015 4337">
     <span class='ocr_line' id='line_1_73' title="bbox 433 4258 2015 4337; baseline 0.009 -29"><span class='ocrx_word' id='word_1_543' title='bbox 433 4274 453 4308; x_wconf 71' lang='grc' dir='ltr'><strong>ι</strong></span> <span class='ocrx_word' id='word_1_544' title='bbox 485 4258 649 4312; x_wconf 88' lang='grc' dir='ltr'><strong>Δεῦτε</strong></span> <span class='ocrx_word' id='word_1_545' title='bbox 686 4260 780 4313; x_wconf 74' lang='grc' dir='ltr'><strong>καὶ</strong></span> <span class='ocrx_word' id='word_1_546' title='bbox 818 4260 1109 4333; x_wconf 79' lang='grc' dir='ltr'><strong>άναὸῶμεν</strong></span> <span class='ocrx_word' id='word_1_547' title='bbox 1139 4264 1220 4326; x_wconf 85' lang='grc' dir='ltr'><strong>είς</strong></span> <span class='ocrx_word' id='word_1_548' title='bbox 1254 4263 1316 4315; x_wconf 80' lang='grc' dir='ltr'><strong>τὸ</strong></span> <span class='ocrx_word' id='word_1_549' title='bbox 1344 4263 1468 4335; x_wconf 80' lang='grc' dir='ltr'><strong>ὅρος</strong></span> <span class='ocrx_word' id='word_1_550' title='bbox 1507 4265 1734 4337; x_wconf 83' lang='grc' dir='ltr'><strong>Κυρίου·</strong></span> <span class='ocrx_word' id='word_1_551' title='bbox 1779 4288 1797 4319; x_wconf 74' lang='grc' dir='ltr'><strong>ι</strong></span> <span class='ocrx_word' id='word_1_552' title='bbox 1832 4269 1926 4322; x_wconf 73' lang='grc' dir='ltr'><strong>καὶ</strong></span> <span class='ocrx_word' id='word_1_553' title='bbox 1952 4269 2015 4322; x_wconf 88' lang='grc' dir='ltr'><strong>οὑ</strong></span> 
     </span>
    </p>
   </div>
   <div class='ocr_carea' id='block_1_74' title="bbox 431 4346 2013 4426">
    <p class='ocr_par' dir='ltr' id='par_1_74' title="bbox 431 4346 2013 4426">
     <span class='ocr_line' id='line_1_74' title="bbox 431 4346 2013 4426; baseline 0.008 -23"><span class='ocrx_word' id='word_1_554' title='bbox 431 4350 592 4421; x_wconf 87' lang='grc' dir='ltr'><strong>μόνον</strong></span> <span class='ocrx_word' id='word_1_555' title='bbox 621 4353 702 4415; x_wconf 87' lang='grc' dir='ltr'><strong>είς</strong></span> <span class='ocrx_word' id='word_1_556' title='bbox 733 4352 794 4406; x_wconf 84' lang='grc' dir='ltr'><strong>τὸ</strong></span> <span class='ocrx_word' id='word_1_557' title='bbox 818 4353 941 4424; x_wconf 78' lang='grc' dir='ltr'><strong>ὅρος</strong></span> <span class='ocrx_word' id='word_1_558' title='bbox 966 4354 1192 4426; x_wconf 85' lang='grc' dir='ltr'><strong>Κυρίου,</strong></span> <span class='ocrx_word' id='word_1_559' title='bbox 1225 4354 1360 4409; x_wconf 78' lang='grc' dir='ltr'><strong>ἀλλὰ</strong></span> <span class='ocrx_word' id='word_1_560' title='bbox 1394 4346 1488 4410; x_wconf 72' lang='grc' dir='ltr'><strong>καὶ</strong></span> <span class='ocrx_word' id='word_1_561' title='bbox 1522 4358 1615 4421; x_wconf 86' lang='grc' dir='ltr'><strong>εἰς·</strong></span> <span class='ocrx_word' id='word_1_562' title='bbox 1630 4358 1722 4413; x_wconf 81' lang='grc' dir='ltr'><strong>τὸν</strong></span> <span class='ocrx_word' id='word_1_563' title='bbox 1746 4356 1893 4414; x_wconf 76' lang='grc' dir='ltr'><strong>οἷκον</strong></span> <span class='ocrx_word' id='word_1_564' title='bbox 1920 4361 2013 4414; x_wconf 87' lang='grc' dir='ltr'><strong>τοῦ</strong></span> 
     </span>
    </p>
   </div>
   <div class='ocr_carea' id='block_1_75' title="bbox 429 4441 2015 4522">
    <p class='ocr_par' dir='ltr' id='par_1_75' title="bbox 429 4441 2015 4522">
     <span class='ocr_line' id='line_1_75' title="bbox 429 4441 2015 4522; baseline 0.008 -27"><span class='ocrx_word' id='word_1_565' title='bbox 429 4441 565 4497; x_wconf 87' lang='grc' dir='ltr'><strong>Θεοῦ</strong></span> <span class='ocrx_word' id='word_1_566' title='bbox 612 4443 824 4511; x_wconf 77' lang='grc' dir='ltr'><strong>Ἰακὼϐ,</strong></span> <span class='ocrx_word' id='word_1_567' title='bbox 852 4445 1038 4518; x_wconf 77' lang='grc' dir='ltr'><strong>ἕτερον</strong></span> <span class='ocrx_word' id='word_1_568' title='bbox 1061 4448 1191 4503; x_wconf 81' lang='grc' dir='ltr'><strong>ὅντα</strong></span> <span class='ocrx_word' id='word_1_569' title='bbox 1226 4449 1383 4521; x_wconf 84' lang='grc' dir='ltr'><strong>δῆλον</strong></span> <span class='ocrx_word' id='word_1_570' title='bbox 1411 4450 1492 4502; x_wconf 82' lang='grc' dir='ltr'><strong>ὅτι</strong></span> <span class='ocrx_word' id='word_1_571' title='bbox 1523 4450 1677 4522; x_wconf 86' lang='grc' dir='ltr'><strong>παρὰ</strong></span> <span class='ocrx_word' id='word_1_572' title='bbox 1708 4451 1798 4507; x_wconf 75' lang='grc' dir='ltr'><strong>τὸν</strong></span> <span class='ocrx_word' id='word_1_573' title='bbox 1832 4454 1889 4506; x_wconf 82' lang='grc' dir='ltr'><strong>ὲν</strong></span> <span class='ocrx_word' id='word_1_574' title='bbox 1920 4454 2015 4507; x_wconf 88' lang='grc' dir='ltr'><strong>Ἰε-</strong></span> 
     </span>
    </p>
   </div>
   <div class='ocr_carea' id='block_1_76' title="bbox 433 4528 2013 4616">
    <p class='ocr_par' dir='ltr' id='par_1_76' title="bbox 433 4528 2013 4616">
     <span class='ocr_line' id='line_1_76' title="bbox 433 4528 2013 4616; baseline 0.008 -30"><span class='ocrx_word' id='word_1_575' title='bbox 433 4535 731 4608; x_wconf 85' lang='grc' dir='ltr'><strong>ρουσαλήμ·</strong></span> <span class='ocrx_word' id='word_1_576' title='bbox 764 4528 971 4608; x_wconf 79' lang='grc' dir='ltr'><strong>ταύτην</strong></span> <span class='ocrx_word' id='word_1_577' title='bbox 1002 4539 1111 4612; x_wconf 85' lang='grc' dir='ltr'><strong>γάρ</strong></span> <span class='ocrx_word' id='word_1_578' title='bbox 1143 4541 1522 4612; x_wconf 82' lang='grc' dir='ltr'><strong>ἐρημωθεῖσαν</strong></span> <span class='ocrx_word' id='word_1_579' title='bbox 1554 4542 1630 4606; x_wconf 85' lang='grc' dir='ltr'><strong>ὡς</strong></span> <span class='ocrx_word' id='word_1_580' title='bbox 1661 4542 2013 4616; x_wconf 81' lang='grc' dir='ltr'><strong>ὀπωροφυλά-</strong></span> 
     </span>
    </p>
   </div>
   <div class='ocr_carea' id='block_1_77' title="bbox 429 4625 2014 4706">
    <p class='ocr_par' dir='ltr' id='par_1_77' title="bbox 429 4625 2014 4706">
     <span class='ocr_line' id='line_1_77' title="bbox 429 4625 2014 4706; baseline 0.008 -28"><span class='ocrx_word' id='word_1_581' title='bbox 429 4642 547 4680; x_wconf 87' lang='grc' dir='ltr'><strong>κιον</strong></span> <span class='ocrx_word' id='word_1_582' title='bbox 577 4625 797 4682; x_wconf 71' lang='grc' dir='ltr'><strong>ἔσεσθαι</strong></span> <span class='ocrx_word' id='word_1_583' title='bbox 835 4630 1015 4703; x_wconf 85' lang='grc' dir='ltr'><strong>μικρῷ</strong></span> <span class='ocrx_word' id='word_1_584' title='bbox 1058 4631 1298 4704; x_wconf 84' lang='grc' dir='ltr'><strong>πρόσθεν</strong></span> <span class='ocrx_word' id='word_1_585' title='bbox 1341 4635 1574 4706; x_wconf 78' lang='grc' dir='ltr'><strong>εἰρήκειο</strong></span> <span class='ocrx_word' id='word_1_586' title='bbox 1612 4635 1921 4700; x_wconf 85' lang='grc' dir='ltr'><strong>ἀκολούθως</strong></span> <span class='ocrx_word' id='word_1_587' title='bbox 1957 4635 2014 4689; x_wconf 82' lang='grc' dir='ltr'><strong>δὲ</strong></span> 
     </span>
    </p>
   </div>
   <div class='ocr_carea' id='block_1_78' title="bbox 428 4716 2016 4800">
    <p class='ocr_par' dir='ltr' id='par_1_78' title="bbox 428 4716 2016 4800">
     <span class='ocr_line' id='line_1_78' title="bbox 428 4716 2016 4800; baseline 0.008 -30"><span class='ocrx_word' id='word_1_588' title='bbox 428 4716 507 4789; x_wconf 80' lang='grc' dir='ltr'><strong>τῷ</strong></span> <span class='ocrx_word' id='word_1_589' title='bbox 537 4719 600 4772; x_wconf 85' lang='grc' dir='ltr'><strong>τὸ</strong></span> <span class='ocrx_word' id='word_1_590' title='bbox 626 4719 767 4773; x_wconf 90' lang='grc' dir='ltr'><strong>Σιὼν</strong></span> <span class='ocrx_word' id='word_1_591' title='bbox 802 4720 941 4792; x_wconf 78' lang='grc' dir='ltr'><strong>ὅρος</strong></span> <span class='ocrx_word' id='word_1_592' title='bbox 969 4722 1064 4776; x_wconf 81' lang='grc' dir='ltr'><strong>καὶ</strong></span> <span class='ocrx_word' id='word_1_593' title='bbox 1103 4722 1203 4795; x_wconf 83' lang='grc' dir='ltr'><strong>τὴν</strong></span> <span class='ocrx_word' id='word_1_594' title='bbox 1265 4720 1619 4798; x_wconf 81' lang='grc' dir='ltr'><strong>Ἰερουσαλὴμ</strong></span> <span class='ocrx_word' id='word_1_595' title='bbox 1655 4727 2016 4800; x_wconf 74' lang='grc' dir='ltr'><strong>ἐρημωθήσε-</strong></span> 
     </span>
    </p>
   </div>
   <div class='ocr_carea' id='block_1_79' title="bbox 430 4811 2018 4891">
    <p class='ocr_par' dir='ltr' id='par_1_79' title="bbox 430 4811 2018 4891">
     <span class='ocr_line' id='line_1_79' title="bbox 430 4811 2018 4891; baseline 0.007 -27"><span class='ocrx_word' id='word_1_596' title='bbox 430 4811 574 4877; x_wconf 88' lang='grc' dir='ltr'><strong>σθαι,</strong></span> <span class='ocrx_word' id='word_1_597' title='bbox 622 4812 787 4886; x_wconf 74' lang='grc' dir='ltr'><strong>ἕτερα</strong></span> <span class='ocrx_word' id='word_1_598' title='bbox 830 4814 875 4867; x_wconf 78' lang='grc' dir='ltr'><strong>δ’</strong></span> <span class='ocrx_word' id='word_1_599' title='bbox 916 4815 1037 4868; x_wconf 75' lang='grc' dir='ltr'><strong>ἀντὶ</strong></span> <span class='ocrx_word' id='word_1_600' title='bbox 1077 4815 1281 4870; x_wconf 89' lang='grc' dir='ltr'><strong>τούτων</strong></span> <span class='ocrx_word' id='word_1_601' title='bbox 1325 4814 1680 4889; x_wconf 84' lang='grc' dir='ltr'><strong>ὀφθήσεσθαι,</strong></span> <span class='ocrx_word' id='word_1_602' title='bbox 1724 4820 1819 4873; x_wconf 74' lang='grc' dir='ltr'><strong>καὶ</strong></span> <span class='ocrx_word' id='word_1_603' title='bbox 1853 4819 2018 4891; x_wconf 90' lang='grc' dir='ltr'><strong>νόμος</strong></span> 
     </span>
    </p>
   </div>
   <div class='ocr_carea' id='block_1_80' title="bbox 427 4902 2018 4983">
    <p class='ocr_par' dir='ltr' id='par_1_80' title="bbox 427 4902 2018 4983">
     <span class='ocr_line' id='line_1_80' title="bbox 427 4902 2018 4983; baseline 0.006 -26"><span class='ocrx_word' id='word_1_604' title='bbox 427 4902 612 4976; x_wconf 72' lang='grc' dir='ltr'><strong>ἔτερος</strong></span> <span class='ocrx_word' id='word_1_605' title='bbox 631 4905 781 4978; x_wconf 85' lang='grc' dir='ltr'><strong>παρὰ</strong></span> <span class='ocrx_word' id='word_1_606' title='bbox 808 4905 902 4959; x_wconf 90' lang='grc' dir='ltr'><strong>τοῦ</strong></span> <span class='ocrx_word' id='word_1_607' title='bbox 928 4907 1208 4971; x_wconf 79' lang='grc' dir='ltr'><strong>Μωῦσέως</strong></span> <span class='ocrx_word' id='word_1_608' title='bbox 1227 4906 1285 4974; x_wconf 77' lang='grc' dir='ltr'>ἐξ</span> <span class='ocrx_word' id='word_1_609' title='bbox 1312 4908 1473 4979; x_wconf 75' lang='grc' dir='ltr'><strong>ὅρους</strong></span> <span class='ocrx_word' id='word_1_610' title='bbox 1506 4910 1707 4983; x_wconf 77' lang='grc' dir='ltr'><strong>Χωρὴὸ</strong></span> <span class='ocrx_word' id='word_1_611' title='bbox 1737 4911 2018 4983; x_wconf 83' lang='grc' dir='ltr'><strong>δεδομένος</strong></span> 
     </span>
    </p>
   </div>
   <div class='ocr_carea' id='block_1_81' title="bbox 427 4991 2016 5074">
    <p class='ocr_par' dir='ltr' id='par_1_81' title="bbox 427 4991 2016 5074">
     <span class='ocr_line' id='line_1_81' title="bbox 427 4991 2016 5074; baseline 0.006 -27"><span class='ocrx_word' id='word_1_612' title='bbox 427 4991 807 5059; x_wconf 72' lang='grc' dir='ltr'><strong>ἐξελεύσεσθαι</strong></span> <span class='ocrx_word' id='word_1_613' title='bbox 857 4999 923 5050; x_wconf 82' lang='grc' dir='ltr'><strong>ὲκ</strong></span> <span class='ocrx_word' id='word_1_614' title='bbox 971 4996 1067 5051; x_wconf 82' lang='grc' dir='ltr'><strong>τοῦ</strong></span> <span class='ocrx_word' id='word_1_615' title='bbox 1114 4998 1302 5052; x_wconf 85' lang='grc' dir='ltr'><strong>καινοῦ</strong></span> <span class='ocrx_word' id='word_1_616' title='bbox 1350 4999 1533 5069; x_wconf 73' lang='grc' dir='ltr'><strong>ὅρους,</strong></span> <span class='ocrx_word' id='word_1_617' title='bbox 1581 5000 1888 5072; x_wconf 85' lang='grc' dir='ltr'><strong>ὁμωνύμως</strong></span> <span class='ocrx_word' id='word_1_618' title='bbox 1937 5003 2016 5074; x_wconf 87' lang='grc' dir='ltr'><strong>τῷ</strong></span> 
     </span>
    </p>
   </div>
   <div class='ocr_carea' id='block_1_82' title="bbox 320 5087 2016 5171">
    <p class='ocr_par' dir='ltr' id='par_1_82' title="bbox 320 5087 2016 5171">
     <span class='ocr_line' id='line_1_82' title="bbox 320 5087 2016 5171; baseline 0.004 -30"><span class='ocrx_word' id='word_1_619' title='bbox 320 5164 325 5171; x_wconf 72' lang='lat'>_</span> <span class='ocrx_word' id='word_1_620' title='bbox 428 5088 681 5160; x_wconf 83' lang='grc' dir='ltr'><strong>προτέρῳ</strong></span> <span class='ocrx_word' id='word_1_621' title='bbox 714 5087 854 5144; x_wconf 86' lang='grc' dir='ltr'><strong>Σιὼν</strong></span> <span class='ocrx_word' id='word_1_622' title='bbox 883 5088 978 5143; x_wconf 77' lang='grc' dir='ltr'><strong>καὶ</strong></span> <span class='ocrx_word' id='word_1_623' title='bbox 1008 5088 1176 5143; x_wconf 88' lang='grc' dir='ltr'><strong>αὑτοῦ</strong></span> <span class='ocrx_word' id='word_1_624' title='bbox 1211 5089 1637 5162; x_wconf 80' lang='grc' dir='ltr'><strong>ὀνομαζομένου,</strong></span> <span class='ocrx_word' id='word_1_625' title='bbox 1672 5090 1907 5160; x_wconf 74' lang='grc' dir='ltr'><strong>λέγεται’</strong></span> <span class='ocrx_word' id='word_1_626' title='bbox 1937 5094 2016 5147; x_wconf 79' lang='grc' dir='ltr'><strong>ἔτι</strong></span> 
     </span>
    </p>
   </div>
   <div class='ocr_carea' id='block_1_83' title="bbox 427 5179 2016 5258">
    <p class='ocr_par' dir='ltr' id='par_1_83' title="bbox 427 5179 2016 5258">
     <span class='ocr_line' id='line_1_83' title="bbox 427 5179 2016 5258; baseline 0.003 -25"><span class='ocrx_word' id='word_1_627' title='bbox 427 5179 483 5233; x_wconf 81' lang='grc' dir='ltr'><strong>δὲ</strong></span> <span class='ocrx_word' id='word_1_628' title='bbox 519 5179 611 5234; x_wconf 71' lang='grc' dir='ltr'><strong>καὶ</strong></span> <span class='ocrx_word' id='word_1_629' title='bbox 635 5180 791 5249; x_wconf 87' lang='grc' dir='ltr'><strong>λόγος</strong></span> <span class='ocrx_word' id='word_1_630' title='bbox 823 5181 1029 5253; x_wconf 84' lang='grc' dir='ltr'><strong>Κυρίου</strong></span> <span class='ocrx_word' id='word_1_631' title='bbox 1067 5181 1203 5253; x_wconf 78' lang='grc' dir='ltr'><strong>μετὰ</strong></span> <span class='ocrx_word' id='word_1_632' title='bbox 1236 5179 1330 5234; x_wconf 87' lang='grc' dir='ltr'><strong>τοῦ</strong></span> <span class='ocrx_word' id='word_1_633' title='bbox 1372 5181 1561 5235; x_wconf 85' lang='grc' dir='ltr'><strong>καινοῦ</strong></span> <span class='ocrx_word' id='word_1_634' title='bbox 1598 5181 1765 5254; x_wconf 85' lang='grc' dir='ltr'><strong>νόμου</strong></span> <span class='ocrx_word' id='word_1_635' title='bbox 1800 5184 2016 5258; x_wconf 76' lang='grc' dir='ltr'><strong>εἴρηται</strong></span> 
     </span>
    </p>
   </div>
   <div class='ocr_carea' id='block_1_84' title="bbox 430 5270 2013 5346">
    <p class='ocr_par' dir='ltr' id='par_1_84' title="bbox 430 5270 2013 5346">
     <span class='ocr_line' id='line_1_84' title="bbox 430 5270 2013 5346; baseline 0.004 -21"><span class='ocrx_word' id='word_1_636' title='bbox 430 5273 494 5326; x_wconf 72' lang='grc' dir='ltr'><strong>ἐκ</strong></span> <span class='ocrx_word' id='word_1_637' title='bbox 522 5274 623 5343; x_wconf 82' lang='grc' dir='ltr'><strong>τῆς</strong></span> <span class='ocrx_word' id='word_1_638' title='bbox 654 5272 783 5338; x_wconf 88' lang='grc' dir='ltr'><strong>νέας</strong></span> <span class='ocrx_word' id='word_1_639' title='bbox 825 5274 1201 5345; x_wconf 76' lang='grc' dir='ltr'><strong>Ἰερουσαλὴμ,</strong></span> <span class='ocrx_word' id='word_1_640' title='bbox 1227 5273 1315 5346; x_wconf 75' lang='grc' dir='ltr'><strong>’ἢν</strong></span> <span class='ocrx_word' id='word_1_641' title='bbox 1349 5272 1411 5344; x_wconf 77' lang='lat' dir='ltr'><strong>(f.</strong></span> <span class='ocrx_word' id='word_1_642' title='bbox 1446 5275 1535 5345; x_wconf 75' lang='grc'><strong>51)</strong></span> <span class='ocrx_word' id='word_1_643' title='bbox 1572 5270 1718 5330; x_wconf 83' lang='grc' dir='ltr'><strong>οἷκον</strong></span> <span class='ocrx_word' id='word_1_644' title='bbox 1750 5276 1845 5330; x_wconf 87' lang='grc' dir='ltr'><strong>τοῦ</strong></span> <span class='ocrx_word' id='word_1_645' title='bbox 1877 5277 2013 5331; x_wconf 84' lang='grc' dir='ltr'><strong>Θεοῦ</strong></span> 
     </span>
    </p>
   </div>
   <div class='ocr_carea' id='block_1_85' title="bbox 443 5363 2015 5439">
    <p class='ocr_par' dir='ltr' id='par_1_85' title="bbox 443 5363 2015 5439">
     <span class='ocr_line' id='line_1_85' title="bbox 443 5363 2015 5439; baseline 0.003 -21"><span class='ocrx_word' id='word_1_646' title='bbox 443 5363 634 5418; x_wconf 76' lang='grc' dir='ltr'><strong>Ἰακὼϐ</strong></span> <span class='ocrx_word' id='word_1_647' title='bbox 667 5366 925 5437; x_wconf 77' lang='grc' dir='ltr'><strong>ἀνωτέρω</strong></span> <span class='ocrx_word' id='word_1_648' title='bbox 959 5369 1277 5438; x_wconf 83' lang='grc' dir='ltr'><strong>προσεῖπεν,</strong></span> <span class='ocrx_word' id='word_1_649' title='bbox 1318 5365 1764 5436; x_wconf 87' lang='grc' dir='ltr'><strong>προελεύσεσθαι·</strong></span> <span class='ocrx_word' id='word_1_650' title='bbox 1796 5371 1825 5421; x_wconf 87' lang='grc' dir='ltr'>ὁ</span> <span class='ocrx_word' id='word_1_651' title='bbox 1855 5369 2015 5439; x_wconf 83' lang='grc' dir='ltr'><strong>λόγος</strong></span> 
     </span>
    </p>
   </div>
   <div class='ocr_carea' id='block_1_86' title="bbox 427 5457 2011 5532">
    <p class='ocr_par' dir='ltr' id='par_1_86' title="bbox 427 5457 2011 5532">
     <span class='ocr_line' id='line_1_86' title="bbox 427 5457 2011 5532; baseline 0.003 -19"><span class='ocrx_word' id='word_1_652' title='bbox 427 5459 521 5513; x_wconf 79' lang='grc' dir='ltr'><strong>ἐπὶ</strong></span> <span class='ocrx_word' id='word_1_653' title='bbox 552 5457 724 5512; x_wconf 88' lang='grc' dir='ltr'><strong>πάντα</strong></span> <span class='ocrx_word' id='word_1_654' title='bbox 751 5457 818 5512; x_wconf 85' lang='grc' dir='ltr'><strong>τὰ</strong></span> <span class='ocrx_word' id='word_1_655' title='bbox 851 5458 976 5528; x_wconf 76' lang='grc' dir='ltr'><strong>ἔθνη</strong></span> <span class='ocrx_word' id='word_1_656' title='bbox 1008 5457 1286 5530; x_wconf 87' lang='grc' dir='ltr'><strong>προελθὼν</strong></span> <span class='ocrx_word' id='word_1_657' title='bbox 1317 5462 1524 5531; x_wconf 87' lang='grc' dir='ltr'><strong>κρινεῖν</strong></span> <span class='ocrx_word' id='word_1_658' title='bbox 1551 5461 1653 5515; x_wconf 83' lang='grc' dir='ltr'><strong>ἀνὰ</strong></span> <span class='ocrx_word' id='word_1_659' title='bbox 1683 5461 1846 5532; x_wconf 86' lang='grc' dir='ltr'><strong>μέσον</strong></span> <span class='ocrx_word' id='word_1_660' title='bbox 1868 5462 2011 5517; x_wconf 84' lang='grc' dir='ltr'><strong>λαῶν</strong></span> 
     </span>
    </p>
   </div>
   <div class='ocr_carea' id='block_1_87' title="bbox 428 5548 2006 5625">
    <p class='ocr_par' dir='ltr' id='par_1_87' title="bbox 428 5548 2006 5625">
     <span class='ocr_line' id='line_1_87' title="bbox 428 5548 2006 5625; baseline 0.002 -21"><span class='ocrx_word' id='word_1_661' title='bbox 428 5551 638 5605; x_wconf 83' lang='grc' dir='ltr'><strong>πολλῶν</strong></span> <span class='ocrx_word' id='word_1_662' title='bbox 689 5551 783 5605; x_wconf 75' lang='grc' dir='ltr'><strong>καὶ</strong></span> <span class='ocrx_word' id='word_1_663' title='bbox 830 5548 1070 5617; x_wconf 71' lang='grc' dir='ltr'><strong>ἐλέγξειν</strong></span> <span class='ocrx_word' id='word_1_664' title='bbox 1121 5549 1251 5603; x_wconf 81' lang='grc' dir='ltr'><strong>λαὸν</strong></span> <span class='ocrx_word' id='word_1_665' title='bbox 1307 5552 1525 5622; x_wconf 76' lang='grc' dir='ltr'><strong>ἰσχυρὸν</strong></span> <span class='ocrx_word' id='word_1_666' title='bbox 1586 5553 2006 5625; x_wconf 81' lang='grc' dir='ltr'><strong>προηγόρευται,</strong></span> 
     </span>
    </p>
   </div>
   <div class='ocr_carea' id='block_1_88' title="bbox 427 5640 2008 5716">
    <p class='ocr_par' dir='ltr' id='par_1_88' title="bbox 427 5640 2008 5716">
     <span class='ocr_line' id='line_1_88' title="bbox 427 5640 2008 5716; baseline 0.003 -21"><span class='ocrx_word' id='word_1_667' title='bbox 427 5642 678 5696; x_wconf 81' lang='grc' dir='ltr'><strong>τοσοῦτόν</strong></span> <span class='ocrx_word' id='word_1_668' title='bbox 712 5659 771 5695; x_wconf 90' lang='grc' dir='ltr'><strong>τε</strong></span> <span class='ocrx_word' id='word_1_669' title='bbox 804 5641 1106 5712; x_wconf 61' lang='grc' dir='ltr'><strong>ὠφελήσειν</strong></span> <span class='ocrx_word' id='word_1_670' title='bbox 1132 5640 1218 5695; x_wconf 85' lang='grc' dir='ltr'><strong>διὰ</strong></span> <span class='ocrx_word' id='word_1_671' title='bbox 1244 5643 1340 5714; x_wconf 78' lang='grc' dir='ltr'><strong>τῆς</strong></span> <span class='ocrx_word' id='word_1_672' title='bbox 1372 5643 1506 5707; x_wconf 79' lang='grc' dir='ltr'><strong>ἰδίας</strong></span> <span class='ocrx_word' id='word_1_673' title='bbox 1533 5644 1763 5716; x_wconf 87' lang='grc' dir='ltr'><strong>κρίσεως</strong></span> <span class='ocrx_word' id='word_1_674' title='bbox 1797 5646 1889 5702; x_wconf 71' lang='grc' dir='ltr'><strong>καὶ</strong></span> <span class='ocrx_word' id='word_1_675' title='bbox 1916 5646 2008 5700; x_wconf 90' lang='grc' dir='ltr'><strong>τοῦ</strong></span> 
     </span>
    </p>
   </div>
   <div class='ocr_carea' id='block_1_89' title="bbox 498 5818 1842 5892">
    <p class='ocr_par' dir='ltr' id='par_1_89' title="bbox 498 5818 1842 5892">
     <span class='ocr_line' id='line_1_89' title="bbox 498 5818 1842 5892; baseline 0.005 -18"><span class='ocrx_word' id='word_1_676' title='bbox 498 5819 543 5851; x_wconf 80' lang='grc'><strong><em>⁸⁵</em></strong></span> <span class='ocrx_word' id='word_1_677' title='bbox 585 5820 746 5877; x_wconf 71' lang='lat' dir='ltr'><strong>liich.</strong></span> <span class='ocrx_word' id='word_1_678' title='bbox 782 5834 821 5887; x_wconf 87' lang='grc' dir='ltr'><strong>ι,</strong></span> <span class='ocrx_word' id='word_1_679' title='bbox 862 5820 914 5877; x_wconf 78' lang='lat'><strong>5.</strong></span> <span class='ocrx_word' id='word_1_680' title='bbox 992 5822 1035 5853; x_wconf 74' lang='lat'>&quot;</span> <span class='ocrx_word' id='word_1_681' title='bbox 1078 5818 1240 5877; x_wconf 74' lang='lat' dir='ltr'><strong>Mich.</strong></span> <span class='ocrx_word' id='word_1_682' title='bbox 1276 5837 1370 5888; x_wconf 85' lang='grc' dir='ltr'><strong>ιιι,</strong></span> <span class='ocrx_word' id='word_1_683' title='bbox 1405 5822 1573 5892; x_wconf 63' lang='lat' dir='ltr'><strong>9-H;</strong></span> <span class='ocrx_word' id='word_1_684' title='bbox 1613 5840 1687 5890; x_wconf 82' lang='lat' dir='ltr'><strong>tv,</strong></span> <span class='ocrx_word' id='word_1_685' title='bbox 1725 5824 1842 5882; x_wconf 80' lang='grc'><strong>1-5.</strong></span> 
     </span>
    </p>
   </div>
   <div class='ocr_carea' id='block_1_90' title="bbox 2116 3335 3694 3410">
    <p class='ocr_par' dir='ltr' id='par_1_90' title="bbox 2116 3335 3694 3410">
     <span class='ocr_line' id='line_1_90' title="bbox 2116 3335 3694 3410; baseline 0.001 -18"><span class='ocrx_word' id='word_1_686' title='bbox 2116 3344 2172 3392; x_wconf 87' lang='lat' dir='ltr'><strong>et</strong></span> <span class='ocrx_word' id='word_1_687' title='bbox 2230 3335 2561 3400; x_wconf 82' lang='lat' dir='ltr'><strong>Jerusalem,</strong></span> <span class='ocrx_word' id='word_1_688' title='bbox 2595 3356 2616 3388; x_wconf 71' lang='grc' dir='ltr'><strong>ι</strong></span> <span class='ocrx_word' id='word_1_689' title='bbox 2676 3336 2874 3394; x_wconf 85' lang='lat' dir='ltr'><strong>civitas</strong></span> <span class='ocrx_word' id='word_1_690' title='bbox 2930 3346 3124 3394; x_wconf 89' lang='lat' dir='ltr'><strong>sancta</strong></span> <span class='ocrx_word' id='word_1_691' title='bbox 3174 3337 3329 3409; x_wconf 88' lang='lat' dir='ltr'><strong>prius</strong></span> <span class='ocrx_word' id='word_1_692' title='bbox 3379 3337 3694 3410; x_wconf 69' lang='lat' dir='ltr'><strong>praedicata,</strong></span> 
     </span>
    </p>
   </div>
   <div class='ocr_carea' id='block_1_91' title="bbox 2121 3427 3685 3503">
    <p class='ocr_par' dir='ltr' id='par_1_91' title="bbox 2121 3427 3685 3503">
     <span class='ocr_line' id='line_1_91' title="bbox 2121 3427 3685 3503; baseline 0.006 -25"><span class='ocrx_word' id='word_1_693' title='bbox 2121 3446 2141 3478; x_wconf 84' lang='grc'><strong><em>‹</em></strong></span> <span class='ocrx_word' id='word_1_694' title='bbox 2172 3428 2328 3498; x_wconf 87' lang='lat' dir='ltr'><strong>quasi</strong></span> <span class='ocrx_word' id='word_1_695' title='bbox 2367 3442 2602 3485; x_wconf 89' lang='lat' dir='ltr'><strong>acervus</strong></span> <span class='ocrx_word' id='word_1_696' title='bbox 2636 3427 2879 3498; x_wconf 84' lang='lat' dir='ltr'><strong>lapidum</strong></span> <span class='ocrx_word' id='word_1_697' title='bbox 2905 3431 3031 3495; x_wconf 91' lang='lat' dir='ltr'><strong>erit,</strong></span> <span class='ocrx_word' id='word_1_698' title='bbox 3066 3449 3086 3482; x_wconf 73' lang='grc' dir='ltr'><strong>ι</strong></span> <span class='ocrx_word' id='word_1_699' title='bbox 3121 3431 3384 3486; x_wconf 86' lang='lat' dir='ltr'><strong>continuo</strong></span> <span class='ocrx_word' id='word_1_700' title='bbox 3413 3431 3685 3503; x_wconf 89' lang='lat' dir='ltr'><strong>propheti-</strong></span> 
     </span>
    </p>
   </div>
   <div class='ocr_carea' id='block_1_92' title="bbox 2116 3518 3698 3593">
    <p class='ocr_par' dir='ltr' id='par_1_92' title="bbox 2116 3518 3698 3593">
     <span class='ocr_line' id='line_1_92' title="bbox 2116 3518 3698 3593; baseline 0.005 -20"><span class='ocrx_word' id='word_1_701' title='bbox 2116 3526 2204 3574; x_wconf 77' lang='lat' dir='ltr'><strong>zat</strong></span> <span class='ocrx_word' id='word_1_702' title='bbox 2229 3519 2297 3574; x_wconf 86' lang='lat' dir='ltr'><strong>de</strong></span> <span class='ocrx_word' id='word_1_703' title='bbox 2329 3520 2438 3574; x_wconf 92' lang='lat' dir='ltr'><strong>alio</strong></span> <span class='ocrx_word' id='word_1_704' title='bbox 2470 3518 2689 3575; x_wconf 90' lang='lat' dir='ltr'><strong>Domini</strong></span> <span class='ocrx_word' id='word_1_705' title='bbox 2715 3529 2922 3587; x_wconf 89' lang='lat' dir='ltr'><strong>monte,</strong></span> <span class='ocrx_word' id='word_1_706' title='bbox 2959 3520 3105 3592; x_wconf 88' lang='lat' dir='ltr'><strong>quod</strong></span> <span class='ocrx_word' id='word_1_707' title='bbox 3136 3522 3360 3591; x_wconf 89' lang='lat' dir='ltr'><strong>quidem</strong></span> <span class='ocrx_word' id='word_1_708' title='bbox 3395 3522 3698 3593; x_wconf 66' lang='lat' dir='ltr'><strong>prophetia</strong></span> 
     </span>
    </p>
   </div>
   <div class='ocr_carea' id='block_1_93' title="bbox 2115 3609 3697 3682">
    <p class='ocr_par' dir='ltr' id='par_1_93' title="bbox 2115 3609 3697 3682">
     <span class='ocr_line' id='line_1_93' title="bbox 2115 3609 3697 3682; baseline 0.004 -20"><span class='ocrx_word' id='word_1_709' title='bbox 2115 3609 2460 3679; x_wconf 89' lang='lat' dir='ltr'><strong>temporibus</strong></span> <span class='ocrx_word' id='word_1_710' title='bbox 2490 3609 2763 3675; x_wconf 77' lang='lat' dir='ltr'><strong>exstabat,</strong></span> <span class='ocrx_word' id='word_1_711' title='bbox 2799 3609 3043 3665; x_wconf 92' lang='lat' dir='ltr'><strong>nondum</strong></span> <span class='ocrx_word' id='word_1_712' title='bbox 3074 3626 3203 3666; x_wconf 84' lang='lat' dir='ltr'><strong>vero</strong></span> <span class='ocrx_word' id='word_1_713' title='bbox 3224 3612 3521 3682; x_wconf 64' lang='lat' dir='ltr'><strong>praaclarus</strong></span> <span class='ocrx_word' id='word_1_714' title='bbox 3548 3613 3697 3668; x_wconf 83' lang='lat' dir='ltr'><strong>vide—</strong></span> 
     </span>
    </p>
   </div>
   <div class='ocr_carea' id='block_1_94' title="bbox 2115 3701 3696 3775">
    <p class='ocr_par' dir='ltr' id='par_1_94' title="bbox 2115 3701 3696 3775">
     <span class='ocr_line' id='line_1_94' title="bbox 2115 3701 3696 3775; baseline 0.005 -20"><span class='ocrx_word' id='word_1_715' title='bbox 2115 3701 2298 3767; x_wconf 86' lang='lat' dir='ltr'><strong>batur,</strong></span> <span class='ocrx_word' id='word_1_716' title='bbox 2328 3701 2478 3762; x_wconf 88' lang='lat' dir='ltr'><strong>velut</strong></span> <span class='ocrx_word' id='word_1_717' title='bbox 2506 3702 2680 3773; x_wconf 90' lang='lat' dir='ltr'><strong>quiin</strong></span> <span class='ocrx_word' id='word_1_718' title='bbox 2728 3703 3031 3759; x_wconf 88' lang='lat' dir='ltr'><strong>novissimo</strong></span> <span class='ocrx_word' id='word_1_719' title='bbox 3073 3703 3285 3759; x_wconf 90' lang='lat' dir='ltr'><strong>dierum</strong></span> <span class='ocrx_word' id='word_1_720' title='bbox 3333 3721 3498 3775; x_wconf 89' lang='lat' dir='ltr'><strong>super</strong></span> <span class='ocrx_word' id='word_1_721' title='bbox 3526 3705 3696 3763; x_wconf 85' lang='lat' dir='ltr'><strong>colles</strong></span> 
     </span>
    </p>
   </div>
   <div class='ocr_carea' id='block_1_95' title="bbox 2116 3793 3693 3869">
    <p class='ocr_par' dir='ltr' id='par_1_95' title="bbox 2116 3793 3693 3869">
     <span class='ocr_line' id='line_1_95' title="bbox 2116 3793 3693 3869; baseline 0.005 -22"><span class='ocrx_word' id='word_1_722' title='bbox 2116 3793 2542 3865; x_wconf 86' lang='lat' dir='ltr'><strong>conspiciendus</strong></span> <span class='ocrx_word' id='word_1_723' title='bbox 2572 3802 2742 3861; x_wconf 87' lang='lat' dir='ltr'><strong>esset,</strong></span> <span class='ocrx_word' id='word_1_724' title='bbox 2785 3804 2840 3852; x_wconf 93' lang='lat' dir='ltr'><strong>et</strong></span> <span class='ocrx_word' id='word_1_725' title='bbox 2861 3795 3115 3853; x_wconf 87' lang='lat' dir='ltr'><strong>sublimis</strong></span> <span class='ocrx_word' id='word_1_726' title='bbox 3149 3812 3316 3869; x_wconf 87' lang='lat' dir='ltr'><strong>super</strong></span> <span class='ocrx_word' id='word_1_727' title='bbox 3343 3806 3580 3855; x_wconf 89' lang='lat' dir='ltr'><strong>montes.</strong></span> <span class='ocrx_word' id='word_1_728' title='bbox 3612 3800 3693 3855; x_wconf 84' lang='lat' dir='ltr'><strong>Ad</strong></span> 
     </span>
    </p>
   </div>
   <div class='ocr_carea' id='block_1_96' title="bbox 2115 3885 3696 3958">
    <p class='ocr_par' dir='ltr' id='par_1_96' title="bbox 2115 3885 3696 3958">
     <span class='ocr_line' id='line_1_96' title="bbox 2115 3885 3696 3958; baseline 0.006 -19"><span class='ocrx_word' id='word_1_729' title='bbox 2115 3885 2264 3941; x_wconf 87' lang='lat' dir='ltr'><strong>hunc</strong></span> <span class='ocrx_word' id='word_1_730' title='bbox 2289 3893 2530 3943; x_wconf 90' lang='lat' dir='ltr'><strong>montem</strong></span> <span class='ocrx_word' id='word_1_731' title='bbox 2555 3902 2780 3953; x_wconf 90' lang='lat' dir='ltr'><strong>novum,</strong></span> <span class='ocrx_word' id='word_1_732' title='bbox 2837 3902 2947 3943; x_wconf 92' lang='lat' dir='ltr'><strong>non</strong></span> <span class='ocrx_word' id='word_1_733' title='bbox 2995 3888 3107 3958; x_wconf 89' lang='lat' dir='ltr'><strong>jam</strong></span> <span class='ocrx_word' id='word_1_734' title='bbox 3139 3888 3207 3943; x_wconf 90' lang='lat' dir='ltr'><strong>ad</strong></span> <span class='ocrx_word' id='word_1_735' title='bbox 3255 3897 3495 3944; x_wconf 90' lang='lat' dir='ltr'><strong>montem</strong></span> <span class='ocrx_word' id='word_1_736' title='bbox 3526 3888 3696 3947; x_wconf 85' lang='lat' dir='ltr'><strong>Israel</strong></span> 
     </span>
    </p>
   </div>
   <div class='ocr_carea' id='block_1_97' title="bbox 2114 3978 3696 4055">
    <p class='ocr_par' dir='ltr' id='par_1_97' title="bbox 2114 3978 3696 4055">
     <span class='ocr_line' id='line_1_97' title="bbox 2114 3978 3696 4055; baseline 0.005 -22"><span class='ocrx_word' id='word_1_737' title='bbox 2114 3985 2379 4036; x_wconf 88' lang='lat' dir='ltr'><strong>venturos</strong></span> <span class='ocrx_word' id='word_1_738' title='bbox 2403 3995 2526 4036; x_wconf 86' lang='lat' dir='ltr'><strong>esse</strong></span> <span class='ocrx_word' id='word_1_739' title='bbox 2552 3978 2839 4051; x_wconf 87' lang='lat' dir='ltr'><strong>Scriptura</strong></span> <span class='ocrx_word' id='word_1_740' title='bbox 2858 3982 3077 4036; x_wconf 86' lang='lat' dir='ltr'><strong>nuntiat</strong></span> <span class='ocrx_word' id='word_1_741' title='bbox 3102 3982 3335 4053; x_wconf 90' lang='lat' dir='ltr'><strong>populos</strong></span> <span class='ocrx_word' id='word_1_742' title='bbox 3385 3983 3696 4055; x_wconf 85' lang='lat' dir='ltr'><strong>multasque</strong></span> 
     </span>
    </p>
   </div>
   <div class='ocr_carea' id='block_1_98' title="bbox 2116 4070 3703 4142">
    <p class='ocr_par' dir='ltr' id='par_1_98' title="bbox 2116 4070 3703 4142">
     <span class='ocr_line' id='line_1_98' title="bbox 2116 4070 3703 4142; baseline 0.004 -16"><span class='ocrx_word' id='word_1_743' title='bbox 2116 4078 2324 4142; x_wconf 78' lang='lat' dir='ltr'><strong>gentes,</strong></span> <span class='ocrx_word' id='word_1_744' title='bbox 2355 4072 2637 4129; x_wconf 87' lang='lat' dir='ltr'><strong>dicentes:</strong></span> <span class='ocrx_word' id='word_1_745' title='bbox 2682 4092 2700 4124; x_wconf 75' lang='grc' dir='ltr'><strong>ι</strong></span> <span class='ocrx_word' id='word_1_746' title='bbox 2740 4070 2955 4139; x_wconf 83' lang='lat' dir='ltr'><strong>Venite,</strong></span> <span class='ocrx_word' id='word_1_747' title='bbox 2981 4073 3343 4132; x_wconf 83' lang='lat' dir='ltr'><strong>ascendamus</strong></span> <span class='ocrx_word' id='word_1_748' title='bbox 3365 4074 3432 4131; x_wconf 93' lang='lat' dir='ltr'><strong>ad</strong></span> <span class='ocrx_word' id='word_1_749' title='bbox 3453 4084 3703 4133; x_wconf 80' lang='lat' dir='ltr'><strong>montem-</strong></span> 
     </span>
    </p>
   </div>
   <div class='ocr_carea' id='block_1_99' title="bbox 2116 4163 3705 4234">
    <p class='ocr_par' dir='ltr' id='par_1_99' title="bbox 2116 4163 3705 4234">
     <span class='ocr_line' id='line_1_99' title="bbox 2116 4163 3705 4234; baseline 0.003 -16"><span class='ocrx_word' id='word_1_750' title='bbox 2116 4163 2331 4220; x_wconf 89' lang='lat' dir='ltr'><strong>Domini</strong></span> <span class='ocrx_word' id='word_1_751' title='bbox 2358 4184 2407 4232; x_wconf 77' lang='grc'>;›</span> <span class='ocrx_word' id='word_1_752' title='bbox 2441 4173 2495 4221; x_wconf 91' lang='lat' dir='ltr'><strong>et</strong></span> <span class='ocrx_word' id='word_1_753' title='bbox 2527 4182 2637 4222; x_wconf 91' lang='lat' dir='ltr'><strong>non</strong></span> <span class='ocrx_word' id='word_1_754' title='bbox 2668 4166 2844 4223; x_wconf 90' lang='lat' dir='ltr'><strong>solum</strong></span> <span class='ocrx_word' id='word_1_755' title='bbox 2877 4165 2946 4221; x_wconf 88' lang='lat' dir='ltr'><strong>ad</strong></span> <span class='ocrx_word' id='word_1_756' title='bbox 2977 4174 3217 4223; x_wconf 88' lang='lat' dir='ltr'><strong>montem</strong></span> <span class='ocrx_word' id='word_1_757' title='bbox 3245 4165 3482 4234; x_wconf 89' lang='lat' dir='ltr'><strong>Domini,</strong></span> <span class='ocrx_word' id='word_1_758' title='bbox 3507 4167 3601 4225; x_wconf 88' lang='lat' dir='ltr'><strong>sed</strong></span> <span class='ocrx_word' id='word_1_759' title='bbox 3626 4167 3705 4222; x_wconf 74' lang='lat' dir='ltr'><strong>ad</strong></span> 
     </span>
    </p>
   </div>
   <div class='ocr_carea' id='block_1_100' title="bbox 2116 4248 3703 4330">
    <p class='ocr_par' dir='ltr' id='par_1_100' title="bbox 2116 4248 3703 4330">
     <span class='ocr_line' id='line_1_100' title="bbox 2116 4248 3703 4330; baseline 0.006 -19"><span class='ocrx_word' id='word_1_760' title='bbox 2116 4256 2338 4312; x_wconf 91' lang='lat' dir='ltr'><strong>domum</strong></span> <span class='ocrx_word' id='word_1_761' title='bbox 2364 4256 2459 4314; x_wconf 91' lang='lat' dir='ltr'><strong>Dei</strong></span> <span class='ocrx_word' id='word_1_762' title='bbox 2482 4256 2674 4325; x_wconf 85' lang='lat' dir='ltr'><strong>Jacob,</strong></span> <span class='ocrx_word' id='word_1_763' title='bbox 2700 4274 2821 4330; x_wconf 84' lang='lat' dir='ltr'><strong>quae</strong></span> <span class='ocrx_word' id='word_1_764' title='bbox 2850 4260 2955 4313; x_wconf 90' lang='lat' dir='ltr'><strong>alia</strong></span> <span class='ocrx_word' id='word_1_765' title='bbox 2984 4260 3273 4317; x_wconf 77' lang='lat' dir='ltr'><strong>manifeste</strong></span> <span class='ocrx_word' id='word_1_766' title='bbox 3297 4248 3382 4317; x_wconf 76' lang='lat' dir='ltr'><strong>est</strong></span> <span class='ocrx_word' id='word_1_767' title='bbox 3407 4277 3474 4317; x_wconf 86' lang='lat' dir='ltr'><strong>ac</strong></span> <span class='ocrx_word' id='word_1_768' title='bbox 3496 4262 3703 4320; x_wconf 74' lang='lat' dir='ltr'><strong>domus</strong></span> 
     </span>
    </p>
   </div>
   <div class='ocr_carea' id='block_1_101' title="bbox 2117 4347 3695 4412">
    <p class='ocr_par' dir='ltr' id='par_1_101' title="bbox 2117 4347 3695 4412">
     <span class='ocr_line' id='line_1_101' title="bbox 2117 4347 3695 4412; baseline 0.005 -9"><span class='ocrx_word' id='word_1_769' title='bbox 2117 4349 2172 4404; x_wconf 93' lang='lat' dir='ltr'><strong>in</strong></span> <span class='ocrx_word' id='word_1_770' title='bbox 2200 4347 2528 4408; x_wconf 86' lang='lat' dir='ltr'><strong>Jerusalem.</strong></span> <span class='ocrx_word' id='word_1_771' title='bbox 2566 4350 2729 4407; x_wconf 84' lang='lat' dir='ltr'><strong>Modo</strong></span> <span class='ocrx_word' id='word_1_772' title='bbox 2760 4352 2906 4408; x_wconf 90' lang='lat' dir='ltr'><strong>enim</strong></span> <span class='ocrx_word' id='word_1_773' title='bbox 2934 4368 3056 4408; x_wconf 88' lang='lat' dir='ltr'><strong>eam</strong></span> <span class='ocrx_word' id='word_1_774' title='bbox 3083 4360 3144 4407; x_wconf 90' lang='lat' dir='ltr'><strong>ut</strong></span> <span class='ocrx_word' id='word_1_775' title='bbox 3169 4359 3388 4410; x_wconf 88' lang='lat' dir='ltr'><strong>antrum</strong></span> <span class='ocrx_word' id='word_1_776' title='bbox 3420 4355 3695 4412; x_wconf 84' lang='lat' dir='ltr'><strong>desertam</strong></span> 
     </span>
    </p>
   </div>
   <div class='ocr_carea' id='block_1_102' title="bbox 2117 4440 3694 4512">
    <p class='ocr_par' dir='ltr' id='par_1_102' title="bbox 2117 4440 3694 4512">
     <span class='ocr_line' id='line_1_102' title="bbox 2117 4440 3694 4512; baseline 0.006 -17"><span class='ocrx_word' id='word_1_777' title='bbox 2117 4440 2235 4496; x_wconf 82' lang='lat' dir='ltr'><strong>fore</strong></span> <span class='ocrx_word' id='word_1_778' title='bbox 2259 4442 2532 4512; x_wconf 59' lang='lat' dir='ltr'><strong>praedixit.</strong></span> <span class='ocrx_word' id='word_1_779' title='bbox 2567 4442 2687 4499; x_wconf 89' lang='lat' dir='ltr'><strong>Non</strong></span> <span class='ocrx_word' id='word_1_780' title='bbox 2712 4444 3026 4501; x_wconf 90' lang='lat' dir='ltr'><strong>inconsulto</strong></span> <span class='ocrx_word' id='word_1_781' title='bbox 3057 4444 3262 4501; x_wconf 85' lang='lat' dir='ltr'><strong>dicitur</strong></span> <span class='ocrx_word' id='word_1_782' title='bbox 3288 4444 3422 4502; x_wconf 91' lang='lat' dir='ltr'><strong>Sion</strong></span> <span class='ocrx_word' id='word_1_783' title='bbox 3450 4455 3694 4506; x_wconf 81' lang='lat' dir='ltr'><strong>montem</strong></span> 
     </span>
    </p>
   </div>
   <div class='ocr_carea' id='block_1_103' title="bbox 2116 4533 3696 4611">
    <p class='ocr_par' dir='ltr' id='par_1_103' title="bbox 2116 4533 3696 4611">
     <span class='ocr_line' id='line_1_103' title="bbox 2116 4533 3696 4611; baseline 0.005 -21"><span class='ocrx_word' id='word_1_784' title='bbox 2116 4543 2170 4590; x_wconf 90' lang='lat' dir='ltr'><strong>et</strong></span> <span class='ocrx_word' id='word_1_785' title='bbox 2195 4533 2499 4593; x_wconf 86' lang='lat' dir='ltr'><strong>Jerusalem</strong></span> <span class='ocrx_word' id='word_1_786' title='bbox 2534 4536 2824 4604; x_wconf 85' lang='lat' dir='ltr'><strong>vastanda,</strong></span> <span class='ocrx_word' id='word_1_787' title='bbox 2851 4538 2957 4592; x_wconf 89' lang='lat' dir='ltr'><strong>alia</strong></span> <span class='ocrx_word' id='word_1_788' title='bbox 2984 4545 3165 4596; x_wconf 86' lang='lat' dir='ltr'><strong>autem</strong></span> <span class='ocrx_word' id='word_1_789' title='bbox 3218 4555 3320 4611; x_wconf 91' lang='lat' dir='ltr'><strong>pro</strong></span> <span class='ocrx_word' id='word_1_790' title='bbox 3344 4540 3412 4597; x_wconf 90' lang='lat' dir='ltr'><strong>ii&#39;s</strong></span> <span class='ocrx_word' id='word_1_791' title='bbox 3457 4556 3696 4598; x_wconf 87' lang='lat' dir='ltr'><strong>consur-</strong></span> 
     </span>
    </p>
   </div>
   <div class='ocr_carea' id='block_1_104' title="bbox 2118 4629 3692 4706">
    <p class='ocr_par' dir='ltr' id='par_1_104' title="bbox 2118 4629 3692 4706">
     <span class='ocr_line' id='line_1_104' title="bbox 2118 4629 3692 4706; baseline 0.004 -24"><span class='ocrx_word' id='word_1_792' title='bbox 2118 4636 2359 4694; x_wconf 86' lang='lat' dir='ltr'><strong>rectura,</strong></span> <span class='ocrx_word' id='word_1_793' title='bbox 2395 4637 2450 4683; x_wconf 88' lang='lat' dir='ltr'><strong>et</strong></span> <span class='ocrx_word' id='word_1_794' title='bbox 2473 4630 2644 4701; x_wconf 82' lang='lat' dir='ltr'><strong>legem</strong></span> <span class='ocrx_word' id='word_1_795' title='bbox 2671 4629 2859 4695; x_wconf 87' lang='lat' dir='ltr'><strong>aliam,</strong></span> <span class='ocrx_word' id='word_1_796' title='bbox 2899 4638 3100 4702; x_wconf 70' lang='lat' dir='ltr'><strong>praeter</strong></span> <span class='ocrx_word' id='word_1_797' title='bbox 3118 4632 3266 4687; x_wconf 81' lang='lat' dir='ltr'><strong>illam</strong></span> <span class='ocrx_word' id='word_1_798' title='bbox 3298 4648 3420 4704; x_wconf 69' lang='lat' dir='ltr'><strong>quae</strong></span> <span class='ocrx_word' id='word_1_799' title='bbox 3443 4634 3610 4706; x_wconf 80' lang='lat' dir='ltr'><strong>Moysi</strong></span> <span class='ocrx_word' id='word_1_800' title='bbox 3637 4635 3692 4689; x_wconf 91' lang='lat' dir='ltr'><strong>in</strong></span> 
     </span>
    </p>
   </div>
   <div class='ocr_carea' id='block_1_105' title="bbox 2117 4717 3694 4794">
    <p class='ocr_par' dir='ltr' id='par_1_105' title="bbox 2117 4717 3694 4794">
     <span class='ocr_line' id='line_1_105' title="bbox 2117 4717 3694 4794; baseline 0.005 -22"><span class='ocrx_word' id='word_1_801' title='bbox 2117 4717 2302 4775; x_wconf 83' lang='lat' dir='ltr'><strong>lloreb</strong></span> <span class='ocrx_word' id='word_1_802' title='bbox 2324 4720 2452 4774; x_wconf 80' lang='lat' dir='ltr'><strong>data</strong></span> <span class='ocrx_word' id='word_1_803' title='bbox 2505 4729 2611 4787; x_wconf 89' lang='lat' dir='ltr'><strong>est,</strong></span> <span class='ocrx_word' id='word_1_804' title='bbox 2647 4735 2678 4777; x_wconf 92' lang='lat' dir='ltr'><strong>e</strong></span> <span class='ocrx_word' id='word_1_805' title='bbox 2718 4735 2862 4777; x_wconf 91' lang='lat' dir='ltr'><strong>novo</strong></span> <span class='ocrx_word' id='word_1_806' title='bbox 2910 4731 3096 4779; x_wconf 89' lang='lat' dir='ltr'><strong>monte</strong></span> <span class='ocrx_word' id='word_1_807' title='bbox 3143 4723 3505 4794; x_wconf 87' lang='lat' dir='ltr'><strong>prodituram,</strong></span> <span class='ocrx_word' id='word_1_808' title='bbox 3560 4725 3694 4780; x_wconf 89' lang='lat' dir='ltr'><strong>Sion</strong></span> 
     </span>
    </p>
   </div>
   <div class='ocr_carea' id='block_1_106' title="bbox 2114 4812 3697 4887">
    <p class='ocr_par' dir='ltr' id='par_1_106' title="bbox 2114 4812 3697 4887">
     <span class='ocr_line' id='line_1_106' title="bbox 2114 4812 3697 4887; baseline 0.004 -22"><span class='ocrx_word' id='word_1_809' title='bbox 2114 4826 2334 4882; x_wconf 88' lang='lat' dir='ltr'><strong>quoque</strong></span> <span class='ocrx_word' id='word_1_810' title='bbox 2362 4812 2506 4868; x_wconf 90' lang='lat' dir='ltr'><strong>sicut</strong></span> <span class='ocrx_word' id='word_1_811' title='bbox 2540 4812 2726 4884; x_wconf 86' lang='lat' dir='ltr'><strong>priore</strong></span> <span class='ocrx_word' id='word_1_812' title='bbox 2753 4815 3059 4870; x_wconf 87' lang='lat' dir='ltr'><strong>nominato.</strong></span> <span class='ocrx_word' id='word_1_813' title='bbox 3099 4812 3337 4870; x_wconf 78' lang='lat' dir='ltr'><strong>Verbum</strong></span> <span class='ocrx_word' id='word_1_814' title='bbox 3358 4831 3576 4887; x_wconf 91' lang='lat' dir='ltr'><strong>quoque</strong></span> <span class='ocrx_word' id='word_1_815' title='bbox 3594 4814 3697 4873; x_wconf 86' lang='lat' dir='ltr'><strong>Do-</strong></span> 
     </span>
    </p>
   </div>
   <div class='ocr_carea' id='block_1_107' title="bbox 2115 4905 3694 4979">
    <p class='ocr_par' dir='ltr' id='par_1_107' title="bbox 2115 4905 3694 4979">
     <span class='ocr_line' id='line_1_107' title="bbox 2115 4905 3694 4979; baseline 0.003 -21"><span class='ocrx_word' id='word_1_816' title='bbox 2115 4905 2249 4959; x_wconf 90' lang='lat' dir='ltr'><strong>mini</strong></span> <span class='ocrx_word' id='word_1_817' title='bbox 2271 4919 2398 4960; x_wconf 92' lang='lat' dir='ltr'><strong>cum</strong></span> <span class='ocrx_word' id='word_1_818' title='bbox 2423 4920 2564 4961; x_wconf 88' lang='lat' dir='ltr'><strong>nova</strong></span> <span class='ocrx_word' id='word_1_819' title='bbox 2595 4907 2713 4977; x_wconf 88' lang='lat' dir='ltr'><strong>lege</strong></span> <span class='ocrx_word' id='word_1_820' title='bbox 2731 4906 2937 4963; x_wconf 84' lang='lat' dir='ltr'><strong>dicitur</strong></span> <span class='ocrx_word' id='word_1_821' title='bbox 2957 4923 2988 4963; x_wconf 92' lang='lat' dir='ltr'><strong>e</strong></span> <span class='ocrx_word' id='word_1_822' title='bbox 3016 4920 3157 4963; x_wconf 87' lang='lat' dir='ltr'><strong>nova</strong></span> <span class='ocrx_word' id='word_1_823' title='bbox 3176 4905 3503 4973; x_wconf 88' lang='lat' dir='ltr'><strong>Jerusalem,</strong></span> <span class='ocrx_word' id='word_1_824' title='bbox 3529 4923 3694 4979; x_wconf 88' lang='lat' dir='ltr'><strong>quam</strong></span> 
     </span>
    </p>
   </div>
   <div class='ocr_carea' id='block_1_108' title="bbox 2113 4995 3693 5071">
    <p class='ocr_par' dir='ltr' id='par_1_108' title="bbox 2113 4995 3693 5071">
     <span class='ocr_line' id='line_1_108' title="bbox 2113 4995 3693 5071; baseline 0.005 -20"><span class='ocrx_word' id='word_1_825' title='bbox 2113 4997 2335 5052; x_wconf 91' lang='lat' dir='ltr'><strong>domum</strong></span> <span class='ocrx_word' id='word_1_826' title='bbox 2384 4997 2479 5053; x_wconf 88' lang='lat' dir='ltr'><strong>Dei</strong></span> <span class='ocrx_word' id='word_1_827' title='bbox 2508 4995 2680 5054; x_wconf 88' lang='lat' dir='ltr'><strong>Jacob</strong></span> <span class='ocrx_word' id='word_1_828' title='bbox 2733 5015 2898 5071; x_wconf 81' lang='lat' dir='ltr'><strong>supra</strong></span> <span class='ocrx_word' id='word_1_829' title='bbox 2957 5000 3271 5071; x_wconf 87' lang='lat' dir='ltr'><strong>appellavit,</strong></span> <span class='ocrx_word' id='word_1_830' title='bbox 3325 4999 3693 5071; x_wconf 88' lang='lat' dir='ltr'><strong>proditurum.</strong></span> 
     </span>
    </p>
   </div>
   <div class='ocr_carea' id='block_1_109' title="bbox 2117 5089 3695 5165">
    <p class='ocr_par' dir='ltr' id='par_1_109' title="bbox 2117 5089 3695 5165">
     <span class='ocr_line' id='line_1_109' title="bbox 2117 5089 3695 5165; baseline 0.003 -20"><span class='ocrx_word' id='word_1_831' title='bbox 2117 5089 2358 5147; x_wconf 82' lang='lat' dir='ltr'><strong>Verbum</strong></span> <span class='ocrx_word' id='word_1_832' title='bbox 2391 5092 2556 5164; x_wconf 88' lang='lat' dir='ltr'><strong>igitur</strong></span> <span class='ocrx_word' id='word_1_833' title='bbox 2584 5093 2650 5149; x_wconf 92' lang='lat' dir='ltr'><strong>ad</strong></span> <span class='ocrx_word' id='word_1_834' title='bbox 2677 5109 2869 5150; x_wconf 91' lang='lat' dir='ltr'><strong>omnes</strong></span> <span class='ocrx_word' id='word_1_835' title='bbox 2905 5103 3095 5164; x_wconf 87' lang='lat' dir='ltr'><strong>gentes</strong></span> <span class='ocrx_word' id='word_1_836' title='bbox 3123 5093 3387 5165; x_wconf 77' lang='lat' dir='ltr'><strong>prodiens</strong></span> <span class='ocrx_word' id='word_1_837' title='bbox 3411 5094 3695 5165; x_wconf 86' lang='lat' dir='ltr'><strong>judicatu-</strong></span> 
     </span>
    </p>
   </div>
   <div class='ocr_carea' id='block_1_110' title="bbox 2115 5183 3697 5258">
    <p class='ocr_par' dir='ltr' id='par_1_110' title="bbox 2115 5183 3697 5258">
     <span class='ocr_line' id='line_1_110' title="bbox 2115 5183 3697 5258; baseline 0.003 -20"><span class='ocrx_word' id='word_1_838' title='bbox 2115 5199 2238 5238; x_wconf 89' lang='lat' dir='ltr'><strong>rum</strong></span> <span class='ocrx_word' id='word_1_839' title='bbox 2269 5183 2414 5239; x_wconf 91' lang='lat' dir='ltr'><strong>inter</strong></span> <span class='ocrx_word' id='word_1_840' title='bbox 2443 5187 2650 5241; x_wconf 87' lang='lat' dir='ltr'><strong>multos</strong></span> <span class='ocrx_word' id='word_1_841' title='bbox 2671 5186 2903 5257; x_wconf 90' lang='lat' dir='ltr'><strong>populos</strong></span> <span class='ocrx_word' id='word_1_842' title='bbox 2926 5192 2982 5241; x_wconf 85' lang='lat' dir='ltr'><strong>et</strong></span> <span class='ocrx_word' id='word_1_843' title='bbox 3003 5194 3193 5258; x_wconf 78' lang='lat' dir='ltr'><strong>gentes</strong></span> <span class='ocrx_word' id='word_1_844' title='bbox 3216 5184 3386 5242; x_wconf 87' lang='lat' dir='ltr'><strong>fortes</strong></span> <span class='ocrx_word' id='word_1_845' title='bbox 3412 5193 3697 5257; x_wconf 87' lang='lat' dir='ltr'><strong>correptu-</strong></span> 
     </span>
    </p>
   </div>
   <div class='ocr_carea' id='block_1_111' title="bbox 2114 5278 3696 5351">
    <p class='ocr_par' dir='ltr' id='par_1_111' title="bbox 2114 5278 3696 5351">
     <span class='ocr_line' id='line_1_111' title="bbox 2114 5278 3696 5351; baseline 0.003 -20"><span class='ocrx_word' id='word_1_846' title='bbox 2114 5292 2236 5332; x_wconf 90' lang='lat' dir='ltr'><strong>rum</strong></span> <span class='ocrx_word' id='word_1_847' title='bbox 2286 5279 2613 5345; x_wconf 89' lang='lat' dir='ltr'><strong>nuntiatur,</strong></span> <span class='ocrx_word' id='word_1_848' title='bbox 2676 5287 3003 5350; x_wconf 86' lang='lat' dir='ltr'><strong>tantumque</strong></span> <span class='ocrx_word' id='word_1_849' title='bbox 3060 5278 3410 5351; x_wconf 82' lang='lat' dir='ltr'><strong>profuturum</strong></span> <span class='ocrx_word' id='word_1_850' title='bbox 3480 5280 3696 5350; x_wconf 87' lang='lat' dir='ltr'><strong>proprio</strong></span> 
     </span>
    </p>
   </div>
   <div class='ocr_carea' id='block_1_112' title="bbox 2110 5367 3698 5444">
    <p class='ocr_par' dir='ltr' id='par_1_112' title="bbox 2110 5367 3698 5444">
     <span class='ocr_line' id='line_1_112' title="bbox 2110 5367 3698 5444; baseline 0.001 -21"><span class='ocrx_word' id='word_1_851' title='bbox 2110 5369 2320 5440; x_wconf 90' lang='lat' dir='ltr'><strong>judicio</strong></span> <span class='ocrx_word' id='word_1_852' title='bbox 2354 5380 2407 5426; x_wconf 89' lang='lat' dir='ltr'><strong>et</strong></span> <span class='ocrx_word' id='word_1_853' title='bbox 2453 5370 2801 5442; x_wconf 90' lang='lat' dir='ltr'><strong>correptione</strong></span> <span class='ocrx_word' id='word_1_854' title='bbox 2831 5371 2900 5426; x_wconf 89' lang='lat' dir='ltr'><strong>iis</strong></span> <span class='ocrx_word' id='word_1_855' title='bbox 2942 5372 3036 5442; x_wconf 89' lang='lat' dir='ltr'><strong>qui</strong></span> <span class='ocrx_word' id='word_1_856' title='bbox 3065 5372 3398 5444; x_wconf 86' lang='lat' dir='ltr'><strong>corripiendi</strong></span> <span class='ocrx_word' id='word_1_857' title='bbox 3461 5367 3608 5437; x_wconf 83' lang='lat' dir='ltr'><strong>sunt,</strong></span> <span class='ocrx_word' id='word_1_858' title='bbox 3639 5378 3698 5425; x_wconf 90' lang='lat' dir='ltr'><strong>ut</strong></span> 
     </span>
    </p>
   </div>
   <div class='ocr_carea' id='block_1_113' title="bbox 2118 5460 3694 5532">
    <p class='ocr_par' dir='ltr' id='par_1_113' title="bbox 2118 5460 3694 5532">
     <span class='ocr_line' id='line_1_113' title="bbox 2118 5460 3694 5532; baseline 0.003 -17"><span class='ocrx_word' id='word_1_859' title='bbox 2118 5460 2358 5532; x_wconf 90' lang='lat' dir='ltr'><strong>priorem</strong></span> <span class='ocrx_word' id='word_1_860' title='bbox 2391 5464 2748 5518; x_wconf 89' lang='lat' dir='ltr'><strong>immutantes</strong></span> <span class='ocrx_word' id='word_1_861' title='bbox 2772 5471 3028 5519; x_wconf 88' lang='lat' dir='ltr'><strong>sanetum</strong></span> <span class='ocrx_word' id='word_1_862' title='bbox 3058 5474 3113 5520; x_wconf 90' lang='lat' dir='ltr'><strong>et</strong></span> <span class='ocrx_word' id='word_1_863' title='bbox 3158 5464 3413 5521; x_wconf 88' lang='lat' dir='ltr'><strong>hostilem</strong></span> <span class='ocrx_word' id='word_1_864' title='bbox 3445 5464 3694 5519; x_wconf 86' lang='lat' dir='ltr'><strong>habitum</strong></span> 
     </span>
    </p>
   </div>
   <div class='ocr_carea' id='block_1_114' title="bbox 2118 5553 3693 5629">
    <p class='ocr_par' dir='ltr' id='par_1_114' title="bbox 2118 5553 3693 5629">
     <span class='ocr_line' id='line_1_114' title="bbox 2118 5553 3693 5629; baseline 0.001 -20"><span class='ocrx_word' id='word_1_865' title='bbox 2118 5561 2411 5612; x_wconf 87' lang='lat' dir='ltr'><strong>mansueto</strong></span> <span class='ocrx_word' id='word_1_866' title='bbox 2439 5563 2495 5611; x_wconf 89' lang='lat' dir='ltr'><strong>et</strong></span> <span class='ocrx_word' id='word_1_867' title='bbox 2544 5553 2890 5627; x_wconf 84' lang='lat' dir='ltr'><strong>paciﬁco.....</strong></span> <span class='ocrx_word' id='word_1_868' title='bbox 2937 5553 3067 5612; x_wconf 67' lang='lat' dir='ltr'><strong>Haec</strong></span> <span class='ocrx_word' id='word_1_869' title='bbox 3116 5554 3337 5629; x_wconf 88' lang='lat' dir='ltr'><strong>quidem</strong></span> <span class='ocrx_word' id='word_1_870' title='bbox 3385 5556 3693 5629; x_wconf 77' lang='lat' dir='ltr'><strong>prepltetia.</strong></span> 
     </span>
    </p>
   </div>
   <div class='ocr_carea' id='block_1_115' title="bbox 2118 5645 3695 5719">
    <p class='ocr_par' dir='ltr' id='par_1_115' title="bbox 2118 5645 3695 5719">
     <span class='ocr_line' id='line_1_115' title="bbox 2118 5645 3695 5719; baseline 0.003 -19"><span class='ocrx_word' id='word_1_871' title='bbox 2118 5645 2275 5703; x_wconf 90' lang='lat' dir='ltr'><strong>Nunc</strong></span> <span class='ocrx_word' id='word_1_872' title='bbox 2308 5662 2439 5704; x_wconf 82' lang='lat' dir='ltr'><strong>vero</strong></span> <span class='ocrx_word' id='word_1_873' title='bbox 2472 5645 2867 5719; x_wconf 79' lang='lat' dir='ltr'><strong>speculandum</strong></span> <span class='ocrx_word' id='word_1_874' title='bbox 2920 5662 3107 5707; x_wconf 91' lang='lat' dir='ltr'><strong>an.....</strong></span> <span class='ocrx_word' id='word_1_875' title='bbox 3162 5649 3463 5707; x_wconf 78' lang='lat' dir='ltr'><strong>Salvatoris</strong></span> <span class='ocrx_word' id='word_1_876' title='bbox 3521 5652 3695 5707; x_wconf 86' lang='lat' dir='ltr'><strong>nostri</strong></span> 
     </span>
    </p>
   </div>
  </div>
