4100 6424
363 411 498 466 (145

1380 413 1670 469 ECLOGIE
1710 414 2186 474 PROMETICIE.
2223 454 2287 462 -—
2329 424 2453 479 LIB.
2488 425 2573 481 III.

3464 429 3599 486 1146

357 532 541 582 σεσθαι
568 524 987 599 προφητεύεται’
1027 528 1156 590 ἴσως
1184 527 1228 580 δ’
1251 525 1317 580 ἂν
1348 530 1440 580 καὶ
1467 546 1560 582 τετ
1603 571 1615 582 .
1660 570 1673 582 .
1719 569 1732 580 .
1776 570 1788 582 .
1831 529 1894 599 τῆ

1998 538 2154 598 ,ιυνς
2191 533 2373 590 forsan
2429 545 2621 592 et
2658 539 2896 594 secundo
2947 541 3066 609 ejus
3115 541 3370 597 adventu.
3422 548 3602 615 Atque

354 620 608 691 δωτέρας
646 619 810 673 αὐτοῦ
856 619 1177 690 παρουσίας·
1223 621 1318 673 καὶ
1365 621 1464 689 τῆς
1508 621 1736 674 καθόλου
1781 621 1920 675 πάν-

356 729 462 768 των
500 752 514 766 .
559 752 571 764 .
618 752 630 764 .
674 752 687 765 .
731 751 745 764 .
789 751 803 765 .
844 749 858 762 .
903 751 915 762 .
957 710 1222 782 κληφθείη
1249 710 1317 763 τὰ
1345 711 1486 764 κατὰ
1513 712 1604 764 τὸν
1633 711 1817 765 τόπον.

739 824 864 896 (Τοῦ
895 824 1145 892 Ἀγγαίου
1179 825 1345 893 σαφὲς
1373 824 1569 891 οὐδέν.)

854 937 1244 990 ΚΕΦΑΛΑΙΟΝ
1289 937 1416 990 KA'.

842 1053 974 1116 Ἀπὸ
1013 1055 1118 1107 τοῦ
1156 1055 1438 1122 Ζαχαρία.

431 1207 450 1238 ‹
501 1227 512 1240 .
559 1229 570 1240 .
617 1227 629 1240 .
675 1226 689 1240 .
735 1227 748 1240 .
794 1228 807 1241 .
851 1187 1266 1260 παντοκράτωρ,
1333 1188 1536 1242 ὐπίσω
1598 1189 1754 1259 δόξης
1815 1193 1923 1244 ἀπ-

2028 625 2404 682 uuiversorum
2583 630 2957 701 subriperetur
2991 633 3059 687 de
3090 634 3194 688 hoc
3229 634 3372 690 loco.

2275 831 2370 899 (Ex
2407 835 2598 903 Aggaeo
2639 834 2774 887 nihil
2818 837 2954 889 satis
2988 838 3376 909 compertum.)

2604 945 2832 1001 CAPUT
2873 949 3012 1004 XXI.

2627 1058 2672 1111 E
2700 1058 2986 1115 Zacharia.

2100 1185 2118 1216 ‹
2161 1167 2321 1237 (Quia
2362 1167 2477 1224 haec
2527 1171 2660 1225 dicit
2711 1171 2994 1232 Dominus)
3043 1177 3388 1246 omnipotens
3419 1196 3434 1232 :
3462 1177 3593 1236 Post

351 1277 576 1330 ἐσταλκὲ
609 1293 674 1346 με
709 1277 801 1329 ἐπὶ
824 1276 893 1329 τὰ
932 1316 945 1328 .
989 1315 1003 1329 .
1047 1317 1060 1330 .
1105 1319 1118 1330 .
1161 1319 1173 1331 .
1220 1318 1233 1330 .
1279 1318 1294 1332 .
1335 1277 1566 1331 εύσαντα
1595 1281 1753 1350 ὑμᾶς·
1780 1301 1798 1332 ι
1826 1276 1895 1332 ah

2026 1260 2253 1330 gloriam
2310 1261 2462 1317 misit
2512 1277 2598 1318 me
2643 1263 2708 1317 ad
2759 1263 2972 1334 (gentes
3017 1282 3162 1336 quae.
3195 1270 3592 1342 spolia)verunt

351 1367 602 1436 ἐπιφέρει
635 1367 771 1437 μετὰ
809 1367 1012 1437 βραχέα
1044 1367 1237 1436 λέγων,
1281 1386 1299 1420 ‹
1334 1368 1671 1440 (γνώσε)σθε,
1702 1373 1783 1424 ὅτι
1812 1371 1895 1425 Κύ

2025 1367 2122 1406 vos
2151 1353 2219 1406 ⁸⁸.
2269 1371 2286 1404 ι
2327 1351 2458 1406 Dein
2493 1369 2600 1406 non
2631 1355 2804 1410 multo
2842 1367 2966 1425 post
3019 1359 3207 1428 adjicit
3241 1379 3253 1415 :
3292 1380 3311 1412 ι
3347 1360 3413 1414 Et
3449 1364 3594 1420 scies

351 1475 463 1528 ριος
488 1459 882 1530 παντοκράτωρ
901 1461 1208 1516 ἀπέσταλκε
1234 1482 1318 1533 με.
1336 1484 1353 1516 ι
1375 1466 1432 1518 '0
1456 1465 1630 1533 λέγων
1653 1465 1688 1517 ἁ
1716 1507 1728 1519 .
1759 1505 1772 1518 .
1806 1505 1821 1518 .
1856 1508 1868 1520 .

2025 1443 2151 1512 quia
2189 1442 2455 1502 Dominus
2504 1447 2846 1517 omnipotens
2887 1451 3036 1504 misit
3092 1467 3177 1507 me
3230 1453 3298 1508 ad
3349 1463 3402 1510 te
3436 1453 3504 1509 ".
3564 1475 3586 1509 ι

2025 1536 2124 1558 nn:
2154 1536 2277 1558 ,πλη
2811 1540 2879 1558 ης
2912 1557 2917 1558 ί
2953 1542 2964 1554 .
3177 1553 3188 1558 ,
3354 1547 3365 1558 .
3449 1555 3458 1558 _

353 1563 419 1616 με
470 1545 673 1619 Κύριός
719 1551 832 1601 ἐστι
885 1554 1304 1623 παντοκράτωρι
1360 1553 1618 1617 ὡσαύτως
1665 1555 1722 1608 δὲ
1772 1557 1863 1608 καὶ

2024 1536 2127 1599 Qui
2149 1536 2300 1590 dicit.
2346 1577 2360 1591 .
2405 1576 2418 1590 .
2465 1580 2479 1593 .
2526 1580 2539 1594 .
2587 1578 2600 1591 .
2646 1579 2658 1592 .
2704 1580 2717 1592 .
2763 1581 2776 1594 .
2811 1540 3076 1598 Dominus
3111 1553 3193 1598 est
3223 1547 3587 1615 omnipotens.

348 1641 456 1692 ἀπο
481 1679 493 1694 .
539 1679 556 1694 .
600 1683 613 1695 .
657 1682 671 1694 .
718 1682 732 1695 .
777 1683 790 1694 .
823 1642 979 1714 θερος
1006 1644 1081 1697 ὢν
1110 1644 1202 1697 τοῦ
1229 1647 1690 1717 ἀποστελλομένου
1719 1648 1894 1718 Κύριο

2029 1626 2292 1683 Similiter
2320 1637 2373 1684 et
2403 1630 2518 1699 qui.
2563 1672 2575 1688 .
2624 1674 2638 1688 .
2679 1671 2696 1686 .
2740 1671 2755 1686 .
2795 1673 2811 1690 .
2857 1672 2872 1687 .
2915 1635 3064 1691 illius
3096 1637 3188 1706 qui
3224 1639 3456 1693 mittitur
3485 1639 3591 1695 Do-

345 1730 659 1802 ὠνόμασται
701 1751 805 1787 παν
847 1775 860 1789 .
906 1775 918 1787 .
963 1775 977 1789 .
1023 1775 1036 1787 .
1081 1777 1094 1791 .
1140 1777 1153 1791 .
1199 1779 1213 1792 .
1258 1779 1270 1792 .
1312 1738 1535 1801 εἰκότως
1572 1735 1663 1792 οὖν
1703 1742 1832 1810 ἡμῖν
1859 1742 1895 1793 ’ὲκ

2021 1720 2204 1774 minus
2233 1724 2539 1792 appellatur
2565 1725 2734 1780 omni.
2765 1766 2778 1781 .
2826 1767 2839 1781 .
2888 1769 2902 1782 .
2949 1767 2962 1782 .
3011 1769 3024 1782 .
3069 1750 3083 1783 ι
3132 1769 3145 1781 .
3174 1727 3293 1784 Νοιι
3321 1731 3592 1788 immerito

343 1827 458 1886 τοῖς
490 1827 617 1896 περὶ
643 1827 856 1898 Πατρδς
879 1829 971 1881 καὶ
1005 1829 1132 1882 Υἱοῦ
1176 1868 1188 1882 .
1234 1871 1248 1885 .
1292 1870 1308 1886 .
1353 1873 1366 1885 .
1413 1871 1425 1884 .
1471 1872 1484 1885 .
1529 1872 1542 1884 .
1590 1874 1603 1886 .
1643 1833 1704 1886 τὸ
1735 1834 1894 1904 ῥητὸν

2026 1810 2371 1881 igituruobis
2403 1815 2458 1870 in
2514 1817 2582 1872 iis
2621 1833 2741 1887 quae
2770 1817 2838 1873 de
2861 1817 3030 1899 ‘Patre
3057 1827 3110 1875 et
3134 1819 3291 1875 Filio.
3337 1863 3352 1877 .
3397 1865 3411 1878 .
3455 1865 3469 1878 .
3513 1864 3528 1877 .
3572 1864 3587 1878 .

341 1913 421 1965 ὅτι
453 1915 545 1967 καὶ
580 1917 782 1986 Κύριος
815 1920 1206 1990 παντοκράτωρ
1238 1921 1266 1972 6
1301 1921 1393 1974 τοῦ
1429 1922 1563 1975 Θεοῦ
1607 1963 1618 1975 .
1665 1965 1678 1976 .
1723 1962 1738 1976 .
1782 1963 1797 1979 .
1842 1967 1854 1980 .

2019 1905 2163 1976 quod
2218 1907 2424 1962 dictum
2479 1915 2582 1975 est,
2636 1911 2764 1980 quia
2804 1887 3072 1967 Dominus
3119 1918 3464 1986 omnipotens
3495 1916 3590 1972 De:

341 2003 528 2077 ὥσπερ
555 2009 648 2060 καὶ
677 2009 806 2072 Θεὸς
828 2010 913 2063 διὰ
940 2011 1049 2064 τῶν
1075 2014 1368 2084 προφητῶν
1397 2018 1784 2088 ἐχρημάτισεν.

850 2186 1248 2242 ΚΕΦΑΛΑΙΟΝ
1285 2192 1412 2246 KB’.

954 2280 1063 2333 Τοῦ
1117 2282 1324 2335 αὐτοῦ.

335 2423 352 2435 .
432 2422 444 2435 .
526 2427 540 2439 .
588 2405 606 2438 ι
637 2391 729 2441 καὶ
754 2390 1063 2460 εὐφραίνου,
1094 2393 1329 2468 θύγατερ
1354 2397 1510 2462 Σιὼν,
1538 2401 1619 2453 ὄτι
1646 2401 1772 2466 ἰδοὺ,
1802 2403 1914 2473 ἐγὼ

330 2474 587 2545 ἔρχομαι,
614 2481 707 2533 καὶ
784 2519 799 2534 .
877 2521 890 2535 .
970 2523 984 2537 .
1061 2486 1325 2556 σκηνώσω
1355 2490 1412 2542 ὲν
1439 2491 1588 2563 μέσῳ
1617 2509 1731 2558 σου,
1764 2494 1910 2563 λέγει

327 2564 556 2635 Κύριος.
593 2570 701 2622 Καὶ
745 2573 1171 2642 καταφεύξονται
1247 2618 1260 2631 .
1347 2627 1358 2634 ,
1439 2621 1453 2634 .
1531 2583 1658 2637 ολλὰ
1699 2587 1791 2640 ἐπὶ
1818 2588 1912 2642 τὸν

329 2657 537 2728 Κύριον
566 2661 615 2714 ὲν
658 2665 721 2733 τῇ
751 2665 931 2736 ἡμέρᾳ
960 2668 1164 2740 ἐκείνῃ,
1196 2671 1290 2723 καὶ
1318 2672 1528 2727 ἔσονται
1558 2676 1626 2728 αὐ
1703 2720 1717 2734 .
1793 2718 1809 2734 .
1889 2722 1905 2736 .

331 2746 478 2813 λαὸν,
517 2753 612 2806 καὶ
648 2757 1163 2827 κατασκηνώσουσιν
1190 2763 1250 2814 ὲν
1299 2764 1449 2836 μέσῳ
1477 2785 1590 2833 σου,
1627 2771 1720 2824 καὶ
1796 2812 1810 2827 .
1887 2813 1904 2828 .

329 2839 535 2911 γνώσῃ,
615 2883 629 2896 .
707 2885 721 2898 .
801 2886 814 2899 .
895 2887 909 2900 .
989 2889 1003 2903 .
1078 2857 1480 2929 παντοκράτωρ
1507 2859 1812 2916 ἀπέσταλκέ
1839 2881 1908 2936 με

329 2932 468 3023 πρὸς
505 2935 584 2988 σέ.
620 2956 638 2988 ι
686 2940 795 2992 Καὶ
828 2941 912 3005 τίς
986 2981 1000 2996 .
1079 2983 1096 3000 .
1177 2987 1191 3001 .
1268 2951 1296 3002 6
1327 2950 1500 3004 ταῦτα
1545 2954 1767 3023 φάσκων
1810 2932 1906 3013 καὶ

327 3021 603 3091 ὁμολογῶν
648 3030 982 3087 ἀπεστάλθαι
1032 3037 1135 3090 ὑπὸ
1169 3021 1634 3116 Παντοκράτορος,
1672 3047 1703 3119 ἢ
1740 3051 1768 3102 6
1809 3051 1904 3105 τοῦ

2027 2038 2042 2052 .
2088 2038 2101 2051 .
2150 2040 2164 2052 .
2209 2039 2224 2056 .
2271 2042 2284 2053 .
2329 2041 2342 2055 .
2389 2039 2404 2055 .
2443 2038 2458 2053 .
2526 2003 2670 2056 sicut
2714 2001 2858 2057 Deus
2903 2018 2999 2073 per
3027 2007 3322 2076 prophetas
3358 2007 3589 2064 manife-

2019 2090 2200 2146 stavit.

2574 2189 2804 2246 CAPUT
2855 2191 3021 2248 XXII.

2649 2281 2732 2335 Ea:
2754 2283 2956 2339 eodem.

2089 2415 2108 2447 ε
2143 2393 2372 2466 (Lauda)
2395 2405 2448 2453 et
2479 2399 2682 2465 laetare,
2718 2400 2825 2455 [ilia
2854 2401 3009 2464 Sion,
3041 2401 3167 2471 quia
3205 2417 3334 2456 ecce
3362 2415 3463 2473 ego
3491 2418 3586 2457 ve-

2013 2487 2127 2552 nio,
2159 2499 2211 2544 et
2240 2489 2499 2546 habitabo
2533 2493 2587 2546 in
2618 2492 2797 2547 medio
2822 2493 2924 2556 tui,
2963 2493 3037 2546 ait
3085 2492 3370 2550 Dominus.
3396 2494 3463 2547 Et
3491 2510 3586 2564 ap-

2012 2576 2362 2646 plicabuntur
2394 2579 2602 2650 (gentes
2626 2583 2835 2651 m)ultm
2868 2583 2935 2636 ad
2969 2582 3325 2638 Dominumin
3357 2584 3444 2640 die
3467 2586 3592 2649 illa,

2010 2674 2064 2722 et
2095 2676 2253 2722 erunt
2282 2670 2435 2741 (mihi
2459 2670 2535 2739 in)
2566 2675 2846 2742 populum,
2885 2682 2938 2730 et
2967 2674 3290 2729 habitabunt
3323 2675 3378 2729 in
3406 2674 3587 2731 medio

2012 2761 2112 2821 tui,
2138 2769 2191 2815 et
2216 2763 2356 2816 scies
2383 2765 2530 2834 (quia
2558 2764 2844 2836 Dominus)
2866 2767 3210 2838 omnipotens
3236 2768 3388 2822 misit
3410 2784 3495 2823 me
3515 2767 3587 2823 ad

2011 2861 2063 2907 te
2088 2853 2158 2906 ⁶⁰.
2195 2872 2214 2904 ι
2249 2853 2403 2921 Quis.
2451 2898 2464 2910 .
2512 2898 2525 2911 .
2572 2895 2586 2910 .
2631 2899 2644 2912 .
2691 2898 2705 2912 .
2747 2899 2762 2912 .
2805 2859 2922 2913 haec
2947 2859 3156 2927 dicens,
3185 2860 3585 2931 confessusque

2010 2957 2069 2996 se
2089 2944 2319 2998 missum
2355 2944 2528 3002 fuisse
2561 2947 2630 3002 ab
2659 2946 3063 3020 Omnipotente,
3091 2951 3196 3006 nisi
3218 2951 3308 3006 Dei
3341 2949 3582 3005 Verbum

2010 3049 2040 3088 a
2074 3033 2236 3091 Patre
2267 3036 2320 3091 in
2362 3038 2644 3094 hominum
2697 3043 2913 3113 generis
2947 3044 3174 3098 salutem
3207 3043 3449 3100 missus?
3476 3040 3581 3114 Qui

324 3112 461 3210 ς)εοῦ
485 3117 654 3185 Λόγος
676 3121 780 3173 ὑπὸ
807 3125 900 3176 τοῦ
925 3128 1138 3198 Πατρὸς
1166 3130 1258 3183 ἐπὶ
1292 3112 1535 3207 σωτηρία
1573 3136 1650 3210 (1)
1675 3112 1786 3196 τῶν
1811 3144 1895 3198 ἀν-

2012 3137 2071 3182 ut
2109 3128 2315 3183 dictum
2364 3138 2468 3186 est.
2515 3172 2528 3185 .
2575 3174 2587 3187 .
2634 3175 2648 3190 .
2694 3112 2716 3186 ,ί
2753 3177 2768 3191 .
2813 3176 2828 3191 .
2870 3135 3146 3190 ςαιιρεῑειι]
3199 3133 3367 3202 Sion;
3421 3112 3581 3204 cuius

326 3199 560 3275 θρώπων
589 3209 778 3276 γένους
818 3215 1142 3283 ἀποσταλείς
1167 3238 1179 3250 ·
1210 3223 1268 3286 ὃς
1297 3225 1364 3279 τὰ
1394 3199 1727 3302 προκείμενα
1770 3274 1784 3289 .
1836 3278 1850 3292 .
1891 3277 1895 3293 .

2019 3218 2405 3275 documentum
2436 3239 2593 3280 mons
2618 3241 2786 3296 super
2817 3234 3039 3281 terram.
3087 3269 3100 3281 .
3146 3266 3161 3280 .
3205 3266 3219 3280 .
3267 3269 3280 3281 .
3325 3266 3339 3280 .
3386 3268 3398 3280 .
3432 3234 3486 3280 et
3513 3223 3581 3279 ad

325 3293 648 3400 επρυράνιον
690 3301 965 3400 Σιών-’ἧς
1009 3313 1358 3387 παράδειγμα
1397 3293 1457 3372 τό
1499 3293 1604 3374 ἐπὶ.
1631 3323 1736 3395 γῆς
1778 3327 1895 3400 ὅρος

2017 3313 2261 3383 gentium
2294 3313 2596 3370 Ecclesiam
2631 3293 2968 3373 extenditur.
3018 3317 3144 3374 Pro.
3190 3359 3203 3372 .
3249 3361 3264 3374 .
3307 3358 3320 3372 .
3369 3356 3384 3372 .
3427 3356 3441 3372 .
3483 3332 3581 3372 vo-

322 3386 456 3456 ἑτύγ
497 3429 511 3443 .
556 3380 580 3446 .’
614 3432 629 3446 .
670 3395 765 3446 καὶ
798 3397 935 3468 πρὸς
975 3380 1156 3471 τὴν-ἐξ
1186 3380 1354 3461 ὲθνίῦν
1399 3380 1731 3485 Ἐκκλησίαν
1763 3380 1895 3473 ἀέτοῖ

2008 3404 2279 3458 cationem
2313 3420 2502 3460 eorum
2533 3407 2627 3478 qui
2662 3409 2730 3464 ab
2751 3424 2816 3464 eo
2846 3410 3114 3465 salvaudi.
3158 3450 3172 3462 .
3215 3449 3228 3462 .
3269 3448 3283 3462 .
3331 3451 3345 3465 .
3390 3449 3406 3465 .
3450 3447 3467 3462 .
3508 3408 3582 3464 ab

318 3479 590 3534 τείνεται·
623 3501 730 3555 προ
771 3525 786 3540 .
868 3528 882 3542 .
959 3527 974 3544 .
1029 3509 1148 3556 ενος
1178 3496 1314 3568 αὐτῇ
1349 3499 1448 3568 τὴν
1481 3501 1673 3573 κλῆσιν
1699 3505 1807 3560 τῶν
1831 3509 1900 3563 δι’

318 3571 483 3624 αὐτοῦ
516 3575 800 3648 σωθησομέ
876 3619 890 3633 .
970 3620 987 3638 .
1063 3621 1080 3637 .
1159 3626 1173 3638 .
1252 3626 1266 3639 .
1328 3591 1420 3642 ὑπ’
1450 3594 1613 3648 αὑτοῦ
1644 3596 1898 3668 βασιλευ-

319 3661 632 3735 θησομένων
665 3670 722 3722 ὲν
747 3670 904 3742 αὐτῇ.

822 3764 1219 3822 ΚΕΦΑΛΑΙΟΝ
1255 3771 1384 3827 Kl".

855 3855 986 3910 Ἀπὸ
1020 3859 1124 3913 τσῦ
1155 3864 1363 3918 αὐτοῦ.

395 3962 554 4064 ικαὶ
629 4003 830 4064 .‘._.
908 4009 923 4024 .
1003 4014 1018 4027 .
1095 4016 1109 4031 .
1188 4017 1204 4030 .
1278 3980 1369 4035 τὸν
1405 3983 1897 4064 Ἰησοῦντὸνὶερέα

319 4050 636 4152 Ιὶεδνῦμιέγαν,
663 4057 873 4114 ἑστῶτα
905 4063 1012 4134 πρὸ
1048 4083 1234 4138 προσω
1276 4110 1290 4124 .
1344 4112 1358 4127 .
1398 4050 1491 4128 του
1537 4078 1764 4152 Κυρίου,

317 4139 561 4206 διάϐολος
594 4145 811 4218 ἑστήκει
840 4152 903 4203 ὲκ
929 4153 1117 4220 δεξιῶν
1157 4160 1342 4226 αὑτοῦ,
1380 4163 1474 4217 τοῦ
1507 4139 1716 4224 ἀντικει
1755 4212 1772 4226 .
1814 4212 1830 4228 .
1873 4213 1888 4228 .

315 4229 484 4337 αυτῷ.
516 4250 534 4284 ι
568 4235 663 4337 καὶ
697 4237 812 4305 μετ’
833 4238 986 4310 ὀλίγα
1008 4259 1021 4273 ·
1058 4263 1076 4294 ι
1107 4248 1216 4301 Καὶ
1243 4245 1395 4305 εἶπεν
1422 4255 1558 4326 πρὸς
1581 4261 1706 4323 τοὺς
1734 4262 1894 4337 ἔστης

311 4322 477 4418 κότας
510 4325 615 4418 πρὸ
645 4327 746 4398 τῆς
785 4370 800 4384 .
842 4372 856 4386 .
900 4373 915 4388 .
954 4334 1048 4388 τοῦ
1090 4337 1275 4404 αὑτοῦ,
1305 4322 1510 4412 λέγων·
1546 4348 1795 4418 ’Δφέλετε
1823 4322 1892 4410 τα

312 4414 503 4483 ἱμάτια
535 4417 603 4470 τὰ
628 4421 846 4493 ῥυπαρὰ
869 4425 964 4477 ἀπ’
993 4427 1156 4482 αὐτοῦ
1180 4446 1192 4459 ·
1221 4433 1314 4484 καὶ
1337 4431 1490 4490 εἶπεν
1515 4453 1529 4467 ·
1565 4440 1713 4508 Ἰδοὺ,
1746 4444 1888 4516 ἀφῄ-

312 4519 457 4575 ρηκα
487 4507 587 4571 τὰς
614 4510 841 4581 ἀνομίας
874 4532 987 4582 σου,
1046 4521 1139 4573 καὶ
1167 4523 1443 4582 ἐνδύσατε.
1488 4567 1503 4584 .
1546 4567 1562 4584 .
1604 4571 1619 4585 .
1669 4507 1882 4606 ,δήρῆ,

2000 3510 2064 3550 eo
2083 3507 2340 3568 regentur
2360 3499 2416 3554 in
2438 3501 2578 3571 ipsa.

2554 3767 2784 3822 CAPUT
2824 3769 3014 3826 XXIII.

2636 3859 2723 3913 Ea:
2741 3860 2941 3918 eodem.

2076 3986 2096 4019 ι
2143 3967 2210 4023 Ει
2243 3968 2502 4042 (ostendit
2530 3973 2664 4028 mihi
2693 3973 2981 4047 Dominus)
3011 3975 3198 4034 Jesum
3229 3980 3572 4038 sacerdotem

1999 4073 2258 4130 magnum
2294 4070 2526 4119 stantem
2555 4079 2742 4122 coram
2778 4070 3014 4139 (angelo)
3041 4069 3256 4126 Domini
3285 4091 3299 4127 :
3324 4081 3378 4126 et
3400 4070 3575 4129 Satn

1999 4153 2175 4210 stabat
2202 4170 2231 4209 a
2261 4156 2470 4213 dextris
2523 4158 2642 4229 ejus
2681 4169 2741 4216 ut
2801 4165 3230 4237 advers(aretur)
3257 4167 3308 4222 ei
3340 4168 3408 4224 ⁸¹.
3447 4186 3467 4221 ι
3502 4166 3573 4221 Et

1995 4256 2120 4320 post
2150 4265 2324 4321 pauca
2357 4271 2369 4306 :
2413 4271 2431 4304 ‹
2480 4252 2546 4310 Ει
2586 4256 2662 4309 ait
2695 4257 2760 4311 ad
2783 4273 2877 4313 eos
2910 4259 3004 4327 qui
3036 4259 3254 4314 stabant
3275 4275 3459 4314 coram
3487 4275 3572 4325 se.

1994 4343 2189 4397 dicens
2220 4362 2233 4397 :
2265 4343 2493 4400 Auferte
2523 4347 2850 4402 vestimenta
2876 4349 3096 4405 sordida
3124 4351 3190 4404 ab
3219 4366 3304 4407 eo.
3339 4353 3406 4405 Et
3431 4350 3581 4407 dixit.

2002 4433 2067 4488 ad
2097 4449 2222 4489 eum
2248 4454 2262 4489 :
2287 4433 2438 4490 Ecce
2462 4436 2662 4491 abstuli
2691 4452 2722 4490 a
2763 4447 2817 4494 te
2843 4439 3189 4510 iniquitatem
3223 4449 3376 4497 tuam
3404 4450 3458 4499 et
3486 4444 3573 4498 in-

1991 4530 2086 4585 dui
2121 4529 2539 4603 (temutatoriis
2572 4552 2585 4588 :
2618 4544 2670 4589 et
2695 4534 2854 4608 dixit)
2892 4553 2906 4590 :
2939 4535 3132 4592 Ponite
3150 4537 3380 4592 cidarim
3408 4554 3570 4593 mun-

309 4597 405 4694 καὶ
449 4597 664 4700 ἐπίθετε
707 4603 918 4676 κίδαριν
959 4609 1202 4682 καθαρὰν
1243 4616 1335 4670 ἐπὶ
1365 4621 1464 4691 τὴν
1514 4589 1886 4697 κεφαλὴν

1998 4589 2317 4693 dam‘super
2346 4631 2511 4695 caput
2547 4625 2668 4694 ejus
2693 4627 2758 4680 θ’.
2799 4589 2938 4680 »Ἐι
2985 4643 3181 4684 rursus
3227 4629 3390 4700 paulo
3440 4636 3568 4699 post

307 4683 432 4795 τοῗΖ
467 4704 487 4737 ι
523 4688 633 4741 Καὶ
680 4691 844 4746 πάλιν
883 4700 1002 4766 μετ’
1033 4700 1187 4770 ὀλίγα
1215 4683 1465 4764 λέλεκται
1507 4683 1644 4784 πρδς
1685 4683 1884 4772 αὐτόν·

1998 4714 2187 4770 licitur
2210 4683 2276 4770 ad
2301 4683 2432 4771 eum
2465 4736 2478 4771 :
2507 4736 2524 4769 ι
2549 4683 2688 4773 δίυόὶ
2714 4717 2863 4790 (Jesu
2895 4721 3174 4795 sacer)dos
3192 4683 3406 4793 magne,
3430 4729 3489 4774 tu
3512 4728 3567 4776 et

314 4792 334 4824 ο
374 4776 574 4879 ’Ἄκουε
704 4822 719 4836 .
763 4824 776 4837 .
820 4825 837 4838 .
879 4825 893 4840 .
935 4791 1061 4860 ρεὺς
1092 4793 1120 4844 6
1146 4794 1337 4864 μέγας,
1369 4802 1432 4856 σὺ
1462 4776 1562 4857 καί
1585 4776 1633 4858 οί
1661 4808 1889 4879 πλησίον

309 4881 404 4920 σου
438 4869 486 4920 oi
534 4871 832 4974 καθήμενοι
875 4881 982 4950 πρὸ
1012 4886 1303 4954 προσώπου
1352 4909 1481 4947 σουο
1525 4897 1656 4952 διότι
1698 4869 1890 4974 ἄνδρες

307 4961 702 5053 τερατοσκόποι
735 4968 863 5033 εἰσὶ,
895 4969 1050 5037 διότι,
1099 4975 1228 5042 ἰδοὺ,
1264 4980 1375 5049 ἐγὼ
1416 4984 1534 5053 ἄγω
1571 4989 1664 5043 τὸν
1696 4961 1884 5049 δοῦλόν

313 5062 418 5116 μου
456 5047 760 5154 Ἁνατολήν.
795 5077 815 5110 ι
852 5061 962 5115 Καὶ
987 5061 1143 5130 αὖθις
1183 5047 1530 5147 μεθ’ήὲτερα·
1576 5099 1596 5132 ι
1624 5083 1734 5137 Καὶ
1761 5047 1884 5154 €76-

309 5152 432 5248 νετο
463 5136 619 5248 λόγος
643 5145 849 5217 Κυρίου
891 5153 1029 5223 πρὸς
1062 5157 1149 5227 μὲ,
1183 5136 1375 5230 λέγων’
1408 5136 1554 5223 Ᾰὰϐε
1596 5171 1663 5226 τὰ
1695 5136 1885 5248 sacri};

309 5229 697 5338 αίχμαλωνσίρις.
722 5244 873 5310 παρὰ
904 5244 1013 5300 τῶν
1045 5229 1339 5320 ἀρχόντων.
1370 5275 1390 5308 ›
1429 5260 1539 5314 Καὶ
1574 5264 1714 5333 μετὰ
1745 5229 1882 5338 βριιίΣ

310 5319 447 5429 λέαἰ
482 5340 502 5373 ι
527 5325 641 5429 ἐξα).
855 5335 1254 5411 ἀργύριονκαὶ
1283 5352 1529 5422 ποιήσεις
1561 5319 1878 5429 στεφάᾷδυνξ,

310 5413 404 5510 καὶ
430 5415 833 5513 επιθήσεις-επὶ
863 5428 962 5500 τὴν
989 5434 1230 5509 κεφαλὴν
1272 5413 1446 5513 Ἰησόῦ
1480 5413 1596 5499 υίοῦ
1639 5413 1880 5506 ’ίωάεδὲξξ

307 5498 403 5554 τοῦ
437 5504 628 5576 ἱερέως
649 5510 743 5564 τοῦ
773 5498 1028 5590 μεγάλου,
1055 5498 1148 5579 καὶ
1183 5498 1499 5604 ερείςιπρὸς
1522 5498 1718 5593 αυτόνῗ

379 5661 430 5736 ’ξ
465 5662 691 5736 zachar.
727 5687 795 5736 ιι,
827 5671 880 5726 8.
959 5677 1002 5711 ⁸ο

310 5731 354 5758 ⁸⁸
393 5729 621 5790 Zachar.
655 5753 741 5802 νι.
773 5729 842 5807 9,
874 5744 963 5801 II).

377 5846 454 5916 (l)
483 5851 643 5907 Deest
670 5855 779 5910 τοῦ.
804 5856 961 5914 Enn.

1989 4808 2150 4862 amici
2179 4807 2258 4862 tui
2289 4809 2382 4879 qui
2414 4809 2674 4865 habitant
2700 4826 2887 4867 coram
2921 4821 2994 4877 te,
3040 4813 3166 4884 quia
3209 4813 3312 4868 viri
3341 4819 3564 4883 porten-

1987 4897 2179 4954 dentes
2207 4911 2358 4964 sunt,
2393 4915 2522 4956 ecce
2549 4901 2694 4956 enim
2723 4917 2822 4973 ego
2838 4903 3101 4958 adducam
3130 4917 3350 4958 servum
3378 4917 3568 4958 meum-

1990 4988 2268 5045 Orienlem
2303 4991 2369 5046 ⁸³.
2427 5011 2447 5044 ›
2490 5009 2509 5042 ι
2542 4990 2721 5061 Atque
2751 4995 2947 5051 iterum
2982 5001 3106 5065 post
3144 4994 3288 5048 alia:
3325 5013 3344 5044 α
3383 4992 3450 5047 Et
3480 4992 3572 5048 ἰασ-

1988 5091 2137 5136 ctum
2161 5090 2246 5139 est
2267 5082 2506 5140 Verbum
2551 5085 2774 5141 Domini
2823 5084 2892 5139 ad
2943 5101 3031 5141 me
3057 5084 3248 5141 dicens
3281 5103 3295 5140 :
3332 5085 3498 5141 Sume
3529 5100 3577 5141 ει.

1986 5177 2470 5248 transmigratione
2498 5194 2530 5234 a
2551 5179 2788 5235 ducibus
2810 5177 2891 5247 “;
2923 5198 2943 5232 ι
2969 5187 3023 5234 et
3050 5179 3215 5250 paulo
3247 5185 3373 5249 post
3398 5197 3410 5234 :
3442 5196 3462 5231 ι
3487 5177 3561 5234 Et

1990 5282 2175 5324 sumes
2211 5285 2408 5326 aurum
2459 5281 2514 5328 et
2544 5281 2829 5344 argentum
2869 5281 2963 5326 :et
2999 5270 3171 5328 facies
3215 5285 3473 5335 coronas,
3504 5277 3561 5324 et

1987 5376 2157 5431 pones
2177 5363 2232 5416 in
2257 5365 2432 5434 capite
2457 5363 2608 5431 Iesu,
2635 5363 2730 5418 ﬁlii
2760 5361 2991 5420 Josedec
3017 5364 3317 5420 sacerdotis
3345 5364 3552 5436 magni,

1987 5461 2041 5511 et
2069 5456 2309 5528 loqueris
2336 5459 2405 5513 ad
2428 5472 2551 5513 cum
2583 5458 2773 5515 dicens
2797 5475 2810 5512 :
2836 5456 2963 5514 Haec
2990 5459 3067 5513 ait
3089 5457 3352 5517 Dominus
3378 5461 3565 5516 omni-

1986 5557 2218 5618 potens:
2256 5551 2399 5608 Ecce
2425 5552 2507 5606 vir
2529 5550 2726 5610 Oriens
2753 5566 2956 5608 nomen
3008 5552 3130 5625 ejus
3187 5571 3202 5610 :
3251 5560 3308 5611 et
3364 5554 3557 5615 subter

1042 5679 1176 5737 ibid.
1209 5684 1296 5740 11.
1376 5688 1420 5720 ⁶⁶
1459 5688 1686 5754 Zachar.
1720 5712 1790 5761 tt.
1829 5700 1934 5769 I0,
1970 5703 2053 5762 Η.
2133 5709 2174 5742 ﬂ
2218 5706 2444 5766 Zachar.
2479 5724 2578 5776 ut,
2613 5708 2692 5765 I.‘
2742 5709 2785 5741 “
2826 5707 2957 5764 ibid.
3018 5708 3072 5774 ά,
3121 5707 3174 5766 5.
3250 5710 3294 5745 ⁸³
3333 5707 3464 5768 ibid.
3496 5709 3570 5768 8..
