4100 6430
516 406 653 461 1147

1221 397 1485 455 EUSEBII
1526 401 2006 460 CxESARlENSIS
2042 402 2189 460 OPP.
2228 398 2408 457 PARS
2438 400 2523 456 Ill.
2550 431 2617 441 —
2639 397 3049 454 EXEGETICA.

3607 393 3749 449 “68

514 532 640 573 cum
678 515 903 580 orietur,
939 514 1003 572 ἰιι
1055 516 1352 573 eedilicabit
1399 517 1659 587 templum
1712 517 1957 574 Domino.
2020 520 2069 572 El

2185 518 2333 587 λέγει
2385 517 2586 588 Κύριος
2637 514 3048 585 παντοκράτωρ·
3090 509 3244 574 Ἰδοὺ,
3290 508 3451 580 ἀνὴρ,
3497 508 3751 579 Ἀνατολὴ

516 608 635 678 ipse
685 608 921 678 portabit
952 608 1202 677 gloriam,
1243 617 1297 664 et
1331 609 1562 674 sedebit,
1609 616 1664 665 et
1710 609 2082 666 dominabitur

515 715 680 770 super
711 699 850 753 solio
877 714 1001 763 suo,
1032 706 1090 756 et
1121 701 1225 754 erit
1258 701 1519 756 sacerdos
1550 716 1581 755 a
1611 701 1816 756 dextris
1844 702 1984 772 ejus,
2025 710 2081 757 et

512 790 803 846 consilium
853 791 1006 860 pacis
1039 792 1144 845 erit
1202 792 1345 846 inter
1390 792 1516 847 illos
1561 793 1722 848 duos.
1763 791 1831 846 Et
1863 808 2077 849 corona:

512 890 672 937 erunt
706 883 1155 952 exspectantibus
1184 883 1252 938 ".
1293 903 1312 936 ι
1347 883 1483 940 Cum
1518 881 1853 939 Salvatorem
1893 892 1947 941 et
1973 885 2077 940 Do-

510 972 718 1027 minum
748 981 997 1028 nostrum
1018 973 1205 1029 Jesum
1226 972 1503 1029 Christum
1532 975 1767 1046 inclytus
1787 976 2079 1047 Apostolus

515 1083 535 1117 ι
571 1063 918 1119 Sacerdotem
958 1065 1207 1135 Magnum
1238 1064 1603 1137 n(ominavit),
1640 1068 1734 1137 qui
1778 1069 2079 1138 penetravit

509 1156 681 1211 ccelos
714 1156 781 1220 “,
824 1174 843 1207 ι
872 1156 940 1210 ad
973 1171 1100 1211 eum
1136 1171 1247 1218 non
1283 1157 1558 1212 immerito
1590 1158 1899 1214 referenda.
1941 1202 1955 1216 .
2001 1201 2013 1213 .
2061 1205 2072 1217 .

508 1255 563 1302 et
594 1247 686 1318 qui
715 1247 1018 1303 secundum
1046 1248 1390 1318 prophetiam
1428 1248 1619 1305 eodem
1653 1253 1977 1321 cognomine
2012 1268 2077 1308 ac

507 1338 714 1395 honore
751 1340 1064 1395 decoratus.
1096 1338 1219 1394 Haec
1250 1340 1459 1396 eadem.
1504 1382 1519 1397 .
1566 1381 1581 1397 .
1626 1383 1640 1397 .
1685 1382 1699 1397 .
1743 1381 1757 1396 .
1790 1341 1947 1398 Hune
1975 1343 2075 1414 igi-

506 1439 598 1483 tur
634 1429 900 1486 Dominus
931 1430 1174 1487 ostendit
1196 1433 1493 1502 pr0pbetae.
1538 1475 1551 1488 .
1597 1475 1612 1489 .
1656 1472 1671 1487 .
1720 1475 1733 1487 .
1779 1474 1794 1489 .
1837 1474 1851 1488 .
1894 1473 1909 1487 .
1954 1432 2075 1489 Sal-

505 1521 715 1575 vatoris
763 1523 943 1576 nostri
983 1522 1048 1576 ad
1078 1530 1325 1578 nostram
1354 1525 1725 1593 captivitatem
1761 1525 2072 1581 solvendam

506 1613 829 1668 descensum
865 1614 1208 1683 signiﬁcans,
1241 1629 1372 1684 quo.
1416 1654 1431 1669 .
1474 1655 1488 1670 .
1535 1655 1548 1668 .
1602 1654 1617 1671 .
1666 1661 1683 1674 .
1735 1618 2077 1675 nuntiavisse

506 1704 738 1774 captivis
793 1704 1243 1773 redemptionem,
1275 1706 1425 1760 velut
1456 1716 1681 1762 nostras
1716 1707 1771 1762 in
1833 1709 2077 1780 seipsum-

506 1795 815 1864 suscipiens
861 1795 1182 1864 iniquitates
1224 1795 1463 1853 sordidis
1493 1796 1637 1867 apud
1671 1813 1775 1854 nos
1806 1816 1941 1857 usus
1986 1811 2072 1857 est

2179 610 2347 681 ὄνομα
2379 608 2546 679 αὐτῷ,
2577 609 2673 662 καὶ
2701 603 3050 659 ὑποκάτωθεν
3076 601 3241 656 αὑτοῦ
3267 599 3329 670 (f.
3361 600 3451 668 52)
3482 599 3748 666 ἀνατελεῖ,

2180 704 2272 757 καὶ
2297 701 2639 771 οἰκοδομήσει
2665 698 2755 751 τὸν
2783 692 2928 750 οἷκον
2956 695 3181 765 Κυρίου,
3216 693 3309 746 καί⁵
3332 691 3490 751 αὐτὸς
3521 689 3751 761 λήψεται

2179 793 2398 864 ἀρετὴν.
2430 791 2523 845 καὶ
2550 788 2837 852 καθιεῖται,
2873 787 2965 840 καὶ
3005 785 3157 857 ἄρξει
3181 785 3273 837 ἐπὶ
3314 780 3406 838 τοῦ
3433 782 3624 854 θρόνου
3648 780 3751 835 αὐ-

2176 882 2292 947 τοῦ,
2320 884 2411 936 καὶ
2450 881 2601 934 ἔσται
2630 881 2659 931 6
2686 878 2861 950 ἱερεὺς
2886 879 2951 931 ἐκ
2993 874 3178 940 δεξιῶν
3219 873 3406 939 αὐτοῦ,
3449 873 3543 927 καὶ
3586 871 3748 946 βςδλὴ

2177 972 2429 1044 εἰρηνικὴ
2462 969 2611 1023 ἔσται
2635 968 2905 1039 ἀναμέσον
2938 966 3279 1038 ἀμφοτέρων.
3322 965 3380 1019 '0
3407 965 3464 1019 δὲ
3487 965 3751 1035 στέφανος

2178 1064 2327 1118 ἔσται
2357 1064 2469 1127 τοῖς
2502 1059 2882 1132 ὑπομενοῦσιν.
2911 1076 2930 1110 ι
2967 1057 3118 1112 Ἐπεὶ
3138 1056 3230 1111 τὸν
3262 1056 3492 1129 Σωτῆρα
3519 1056 3614 1109 καί
3644 1056 3751 1108 Κύ-

2182 1172 2293 1227 ριον
2327 1153 2488 1225 ἡμῶν
2527 1151 2731 1225 Ἰησοῦν
2764 1150 2999 1222 Χριστὸν
3034 1151 3063 1203 6
3091 1148 3390 1219 θαυμάσιος
3430 1147 3748 1212 Ἀπόστολος

2190 1245 2477 1318 Ἀρχιερέσι
2506 1245 2694 1315 Μέγαν
2732 1241 3026 1316 ὼ(νόμασε)
3065 1240 3413 1313 διεληλυθότα
3435 1242 3560 1304 τοὺς
3585 1239 3752 1311 οὐρα-

2174 1338 2321 1402 νοὺς,
2350 1336 2661 1409 ἀναφέροιτ’
2688 1335 2754 1390 ἂν
2788 1335 2873 1388 ἐπ’
2903 1333 3064 1387 αὐτὸν
3097 1332 3321 1395 εἰκότως
3359 1372 3375 1387 .
3420 1372 3436 1386 .
3479 1370 3496 1386 .
3540 1371 3554 1385 .
3598 1371 3611 1384 .
3652 1328 3751 1386 καὶ

2174 1431 2202 1483 6
2228 1430 2368 1484 κατά
2395 1430 2493 1501 τὴν
2522 1428 2861 1500 προφητείαν
2893 1430 2959 1499 τῇ
2987 1443 3049 1479 τε
3090 1426 3227 1497 αὐτῇ
3259 1423 3615 1496 προσωνυμία
3655 1422 3752 1477 καὶ

2173 1521 2253 1593 τῷ
2301 1521 2450 1593 αύτῷ
2477 1520 2747 1591 ἀξιώματι
2770 1517 3161 1590 τετιμημένοςο
3194 1515 3363 1587 ταύτη
3396 1532 3456 1568 τε
3497 1554 3511 1568 .
3557 1556 3570 1570 .
3614 1555 3629 1568 .
3671 1553 3687 1567 .
3731 1552 3746 1565 .

2178 1655 2191 1667 .
2230 1654 2251 1667 .
2286 1650 2303 1669 .
2345 1653 2359 1666 .
2403 1612 2707 1684 ρηματίσας
2733 1628 2746 1642 ο
2797 1610 2986 1664 τοῦτον
3020 1608 3084 1681 δὴ
3121 1604 3213 1662 οὖν
3244 1610 3273 1662 6
3318 1607 3522 1678 Κύριος
3552 1605 3750 1671 ἔδειξεν

2172 1704 2251 1775 τῷ
2284 1706 2546 1777 προφήτω
2587 1744 2600 1756 .
2645 1744 2659 1756 .
2707 1745 2720 1757 .
2765 1743 2779 1756 .
2820 1698 3102 1772 τιρυπώση
3148 1697 3628 1771 περιϐεϐλημένον,
3651 1696 3749 1768 τὴν

2173 1799 2267 1851 τοῦ
2300 1798 2549 1869 Σωτῆρος
2579 1795 2735 1868 ήμῶν
2764 1794 2857 1847 ἐπὶ
2894 1794 2994 1865 τὴν
3037 1791 3159 1847 καθ’
3201 1792 3348 1863 ήμᾶς
3372 1788 3748 1862 αἰχμαλωσίαν

505 1887 869 1941 vestimentis.
901 1886 1027 1941 Haec
1051 1885 1215 1943 Pater
1251 1897 1539 1943 exuentem
1582 1890 1737 1959 jubet
1766 1890 2069 1948 divinitatis

2174 1889 2540 1960 αἰνιττόμενος
2588 1887 2836 1952 κάθοδον,
2880 1885 3001 1939 καθ’
3030 1885 3098 1955 ἢν
3139 1920 3155 1937 .
3200 1924 3212 1938 .
3261 1925 3275 1938 .
3317 1921 3335 1939 .
3384 1922 3398 1935 .
3441 1920 3456 1934 .
3502 1923 3516 1935 .
3560 1920 3574 1933 .
3608 1921 3636 1937 λ.
3673 1879 3749 1932 ῶν

504 1994 786 2034 assumere
826 1978 1024 2034 divinae
1053 1985 1107 2034 et
1147 1979 1345 2035 decora
1374 1981 1575 2036 summi
1607 1981 1663 2036 in
1701 1984 1858 2040 caelis
1887 2000 2077 2042 sacer-

502 2069 638 2125 dotil
660 2070 912 2139 insignia.
943 2069 1145 2125 Horum
1179 2078 1357 2126 autem
1380 2087 1448 2126 ex
1482 2072 1713 2128 historia
1742 2075 1827 2130 de.
1875 2116 1890 2131 .
1933 2116 1949 2131 .
1992 2118 2007 2132 .
2051 2117 2072 2132 .

497 2159 686 2215 Jesum
721 2163 900 2232 typice
931 2170 990 2217 ut
1012 2162 1309 2218 verisimile
1336 2172 1421 2218 est
1458 2164 1604 2220 natis
1634 2165 1703 2220 ab
1734 2166 1842 2220 alio
1865 2169 2072 2238 princi-

499 2253 589 2322 pio
624 2254 849 2308 verbum
873 2253 940 2308 ad
976 2253 1154 2325 ipsum
1179 2254 1357 2309 virum
1385 2251 1571 2311 Jesum
1596 2264 1651 2311 et
1684 2256 1809 2313 illos
1831 2258 2072 2329 quicum

500 2360 585 2400 eo.
629 2383 645 2399 .
690 2384 706 2399 .
752 2387 767 2400 .
811 2384 826 2400 .
869 2388 883 2401 .
926 2387 940 2405 .
996 2345 1251 2417 dignatos
1300 2348 1597 2413 nominari,
1651 2349 1728 2403 ait
1783 2368 1797 2405 :
1857 2371 1876 2402 ι
1930 2350 2073 2407 Ecce

499 2452 601 2508 ego
632 2437 896 2492 adducam
929 2437 1168 2513 (servum
1193 2439 1393 2512 meum)
1421 2439 1699 2496 Orientem
1722 2434 1786 2496 ⁸⁷.
1826 2462 1846 2496 ι
1877 2444 1941 2496 Et
1961 2458 2071 2498 non

499 2530 672 2583 multo
705 2538 830 2600 post
864 2551 877 2585 :
928 2550 946 2584 ι
979 2530 1227 2587 Coronas
1282 2533 1339 2587 in
1377 2533 1553 2603 ipsius
1583 2532 1714 2590 Jesu
1764 2535 1944 2606 capite
1967 2552 2070 2608 po-

498 2635 597 2675 nes
627 2621 692 2684 σε,
739 2641 758 2673 ι
813 2622 1079 2691 subjicit:
1129 2641 1149 2675 ι
1202 2621 1331 2678 Ha-c
1386 2624 1463 2678 ait
1515 2623 1779 2683 Dominus
1820 2628 2072 2698 omnipo-

499 2715 620 2762 tens
652 2724 666 2762 :
690 2707 829 2764 Ecce
854 2710 939 2764 vir
966 2709 1162 2767 Oriens
1187 2726 1389 2769 nomen
1417 2714 1538 2782 ejus
1565 2713 1634 2769 ".
1675 2734 1694 2767 ›
1728 2714 1793 2768 Ει
1821 2727 1966 2786 post.
2001 2758 2014 2773 .
2051 2760 2066 2775 .

499 2799 546 2868 (ι
572 2799 760 2855 subter
792 2803 939 2870 eum)
965 2804 1172 2858 orietur
1191 2811 1245 2859 et
1278 2803 1568 2860 aediﬁcabit
1596 2806 1855 2876 templum
1887 2807 2072 2864 Domi-

495 2905 568 2944 no
589 2891 657 2955 ⁷ο,
681 2910 700 2944 ι
726 2900 847 2949 et...
865 2894 932 2949 ad
948 2892 1224 2950 Christum
1246 2894 1535 2951 referenda
1548 2906 1766 2954 sunt....
1786 2898 1950 2969 hujus
1966 2901 2071 2957 loci

496 2979 1196 3050 sequentia.Verumtarnen
1226 2981 1449 3042 Iudaeis.
1497 3028 1509 3042 .
1546 3028 1561 3043 .
1594 3029 1606 3043 .
1644 3027 1658 3040 .
1703 3028 1718 3044 .
1749 2992 2067 3059 ostendere;

494 3085 620 3124 cum
653 3071 871 3141 quidem
901 3074 1121 3133 minime
1152 3075 1470 3145 prophetam
1499 3092 1550 3132 a.
1582 3120 1595 3134 .
1635 3119 1649 3134 .
1695 3120 1708 3137 .
1753 3122 1766 3136 .
1786 3097 1975 3153 regno.
2006 3084 2070 3138 Et

495 3161 791 3230 prophetia:
836 3165 1192 3234 temporibus.
1236 3207 1251 3222 .
1295 3206 1311 3221 .
1357 3209 1370 3222 .
1417 3209 1429 3220 .
1473 3209 1486 3223 .
1533 3209 1547 3224 .
1594 3214 1606 3225 .
1654 3213 1668 3227 .
1712 3214 1726 3228 .
1776 3176 2069 3231 excitatum

2179 1982 2417 2053 κηρύξαι
2447 1978 2807 2052 αἰχμαλώτοις
2852 1980 3064 2048 ἄφεσιν,
3095 1971 3183 2029 οἷα
3228 1975 3292 2047 δὴ
3331 1974 3431 2038 τάς
3476 1971 3765 2045 ἡμετέρας,

2177 2076 2257 2138 εἰς
2299 2072 2490 2127 ἐαυτὸν
2538 2069 2819 2126 ἀναλαϐὼν
2854 2069 3126 2141 ἁμαρτίας
3175 2069 3435 2138 ῥυπαροῖς
3485 2066 3753 2136 κέχρηται

2178 2166 2308 2236 παρ’
2353 2163 2508 2235 ήμῶν
2552 2162 2841 2233 ἐνδύμασιο
2875 2160 3048 2214 ταῦτα
3091 2159 3136 2213 δ’
3174 2161 3203 2213 6
3249 2158 3437 2229 Πατὴρ
3482 2155 3753 2210 ἀποδύντα

2178 2253 2387 2316 κελεύει
2430 2253 2498 2307 τὰ
2543 2253 2640 2324 τῆι,
2684 2252 2935 2323 θεότητος
2976 2250 3265 2306 ἀναλαϐεῖν
3310 2250 3430 2304 θεῖα
3477 2250 3569 2304 καί
3600 2246 3753 2314 ἀξιο-

2178 2348 2366 2422 πρεπῆ
2411 2350 2510 2420 τῆς
2551 2347 2670 2401 κατ’
2721 2346 2951 2418 οὐρανὸν
3002 2344 3409 2418 ἀρχιερωσύνης
3457 2342 3751 2413 ἐνδύματα.

2177 2441 2375 2495 Τούτω“
2431 2438 2486 2493 δὲ
2530 2440 2622 2493 καὶ
2664 2437 2805 2492 κατά
2832 2438 2931 2508 τὴν
2962 2436 3198 2509 ἱστορίαν
3230 2436 3358 2507 περὶ
3383 2452 3414 2487 τ
3454 2473 3470 2488 .
3514 2475 3527 2487 .
3573 2474 3588 2487 .
3630 2451 3764 2487 τοτε.

2189 2529 2393 2602 Ἰησοῦν
2432 2529 2676 2593 τυπικῶς
2711 2530 2787 2593 ὡς
2831 2530 2977 2592 εἰκὸς
3014 2526 3396 2599 γεγενημένων
3427 2527 3519 2595 ἀφ’
3554 2526 3757 2599 ἐτέρας

2176 2622 2348 2694 ἀρχῆς
2376 2623 2405 2674 6
2429 2621 2583 2691 λόγος
2627 2620 2762 2693 πρός
2784 2637 2845 2673 τε
2874 2619 3036 2674 αὑτὸν
3063 2619 3155 2673 τὸν
3194 2618 3364 2690 ἄνδρα
3406 2615 3613 2688 Ἰησοῦν
3656 2618 3761 2670 xol.

2174 2714 2300 2778 τοὺς
2365 2713 2463 2766 σὺν
2512 2711 2662 2784 αύτῷ
2702 2751 2717 2766 .
2764 2752 2780 2765 .
2824 2751 2849 2789 ,ν
2883 2708 3377 2782 (τε)ρατοσκόπους,
3422 2705 3657 2778 ήγοῦμαι
3709 2706 3757 2759 δ’

2175 2803 2348 2870 οὕτως
2374 2805 2500 2869 τοὺς
2524 2807 2623 2875 τῆς
2652 2802 3027 2876 πνευματικῆς
3069 2841 3084 2857 .
3128 2842 3143 2857 .
3183 2840 3199 2855 .
3245 2841 3261 2855 .
3308 2840 3324 2855 .
3366 2841 3380 2854 .
3418 2798 3759 2870 ἠξιωμένους

2175 2894 2504 2967 ὠνομάσθαι,
2536 2896 2718 2968 φησίν,
2755 2915 2774 2947 ι
2813 2894 2944 2948 Ἰδοὺ
2977 2891 3088 2962 ἐγὼ
3119 2892 3237 2962 άγω
3263 2892 3354 2946 τὸν
3379 2930 3396 2945 .
3436 2932 3452 2946 .
3495 2930 3510 2945 .
3553 2929 3570 2945 .
3612 2928 3628 2945 .
3672 2929 3692 2946 .
3736 2926 3759 2944 .

2188 2983 2493 3054 Ἀνατολήν.
2530 3004 2548 3036 ι
2581 2985 2689 3038 Kal.
2716 2983 3069 3047 ὑποκαταδάς
3095 2980 3260 3037 αὐτοῦ
3293 2979 3387 3034 τοῦ
3420 2976 3594 3051 Ἰησοῦ
3624 2978 3770 3043 τοὺς.

2178 3071 2515 3144 στε(φάνους)
2562 3075 2629 3143 τῇ
2679 3073 2888 3143 κεφαλῇ
2939 3071 3183 3136 ἐπιθεὶς,
3235 3069 3483 3142 ἐπιφέρει
3535 3068 3753 3138 λέγων·

2183 3181 2202 3214 ι
2230 3164 2371 3218 Τάδε
2400 3163 2547 3233 λέγει
2575 3163 2780 3235 Κύριος
2803 3163 3196 3235 παντοκράτωρ
3220 3180 3233 3192 ’
3269 3162 3378 3216 ἰδοὺ
3412 3162 3553 3234 ἀνὴρ
3598 3162 3761 3215 Ἀνα-

496 3253 758 3307 haberent
784 3256 1092 3321 ostendere,
1137 3258 1243 3314 nisi
1268 3257 1535 3314 Joannem
1568 3269 1622 3318 et
1649 3262 1937 3320 Dominum
1967 3283 2067 3322 no-

2174 3256 2296 3328 τολὴ
2333 3256 2503 3328 ὖνομα
2528 3272 2542 3286 ·
2575 3276 2593 3308 ι
2620 3255 2714 3309 ml.
2745 3256 2986 3310 ὑποκάτ.
3034 3296 3048 3309 .
3092 3294 3107 3308 .
3152 3294 3168 3308 .
3210 3293 3230 3309 .
3270 3294 3284 3312 .
3328 3271 3348 3306 ι
3382 3253 3630 3309 ἀνατελεῖ
3655 3256 3758 3309 καὶ

497 3350 672 3396 strum
697 3341 881 3399 Jesum
902 3336 1211 3403 Christum.
1259 3347 1395 3414 Quis
1445 3350 1610 3422 igitur
1662 3357 2073 3425 prophetizatus

499 3442 709 3501 tempus
734 3442 815 3490 est
842 3425 1052 3492 dicere.
1076 3475 1089 3489 .
1111 3478 1125 3492 .
1146 3479 1161 3494 .
1185 3479 1198 3493 .
1223 3481 1237 3494 .
1282 3438 1340 3495 Si
1382 3456 1514 3496 vero
1559 3443 1824 3512 dicerent,
1849 3446 1964 3502 hmo
2003 3448 2072 3502 ad

493 3522 676 3580 Jesum
705 3525 874 3581 ﬁlium
892 3525 1119 3584 Josedec
1147 3539 1424 3601 spectant,
1450 3535 1848 3591 ostendendum
1881 3546 1964 3592 est
1992 3539 2072 3594 eis

493 3614 718 3669 minime
746 3615 823 3669 illi
854 3632 976 3687 qua:
1003 3618 1148 3673 dicta
1181 3629 1308 3675 sunt
1332 3624 1643 3682 convenire.
1667 3625 1896 3692 Quando
1925 3629 2071 3683 enim

492 3717 742 3761 vocatum
770 3715 856 3763 est
895 3724 1093 3764 nomen
1122 3711 1244 3781 ejus
1273 3710 1514 3769 Oriens?
1541 3714 1714 3780 Quam
1752 3716 1823 3770 ob
1847 3732 2070 3774 causam

494 3796 598 3851 hac
622 3796 1065 3855 denominatione
1103 3801 1402 3872 dignatur?
1434 3806 1719 3870 Quomodo
1758 3824 1883 3862 eum
1911 3808 2072 3864 dece-

491 3896 593 3954 ret,
623 3908 641 3940 ι
669 3887 735 3944 Et
753 3892 958 3947 sedebit
977 3902 1031 3948 et
1059 3886 1428 3950 dominabitur
1450 3912 1614 3968 super
1645 3901 1780 3955 solio
1802 3910 1897 3956 tuo
1912 3890 1941 3955 ἰ
1962 3922 1981 3953 ι
2006 3918 2071 3957 ac

490 3983 791 4049 praesertim
832 3982 985 4046 illud,
1015 4008 1034 4035 ι
1072 3992 1127 4039 et
1160 3987 1262 4040 erit
1289 3988 1547 4043 sacerdos
1577 4004 1607 4043 a
1636 3990 1843 4047 dextris
1874 3993 2062 4063 ejus?»

494 4069 552 4124 Si
580 4072 725 4127 enim
753 4074 873 4143 ipse
910 4083 1056 4131 esset
1094 4078 1352 4134 sacerdos
1379 4093 1637 4150 magnus,
1679 4084 1802 4151 quis
1831 4082 1973 4139 foret
2002 4085 2071 4139 ad

489 4163 769 4218 dexteram
796 4165 923 4235 ejus
971 4166 1111 4221 alius
1160 4182 1225 4222 ac
1267 4167 1385 4238 ipse
1430 4171 1722 4226 sacerdos?
1784 4173 2071 4230 Manifestc

492 4265 670 4312 autem
702 4257 867 4312 alium
894 4273 958 4313 ac
990 4259 1143 4313 illum
1178 4275 1303 4315 esse
1330 4259 1491 4315 docet
1521 4261 1796 4318 Orientem
1821 4266 2070 4321 nomina-

490 4356 626 4402 tum.
661 4348 873 4404 Etenim
899 4350 963 4405 ad
992 4351 1168 4421 ipsum
1201 4351 1486 4407 Dominum
1514 4360 1568 4410 et
1608 4356 1675 4409 ad
1708 4358 2071 4415 circumstan-

491 4449 574 4495 tes
640 4455 760 4495 eum
814 4442 890 4496 ait
931 4441 1254 4513 Scriptura:
1304 4462 1323 4496 ι
1369 4445 1550 4513 Audi,
1595 4445 1764 4514 Jesu,
1812 4453 2069 4509 sacerdos

490 4547 715 4604 magne,
750 4541 811 4589 tu
840 4543 894 4589 et
931 4536 1091 4589 amici
1128 4537 1247 4592 tui:
1278 4553 1409 4593 ecce
1453 4540 1597 4594 enim
1644 4557 1745 4612 ego
1797 4542 2065 4599 adducam

2175 3348 2515 3419 οἰκοδομήσει
2547 3348 2638 3401 τὸν
2683 3343 2830 3401 οἷκον
2872 3346 3074 3419 Κυρίου
3109 3366 3130 3400 ι
3167 3346 3385 3411 καὶτὰς
3422 3386 3437 3401 .
3483 3386 3499 3401 .
3540 3387 3555 3401 .
3602 3387 3616 3401 .
3656 3348 3759 3401 καὶ

2173 3439 2244 3492 τά
2287 3440 2379 3492 ἐπὶ
2423 3440 2515 3494 τὸν
2562 3438 2797 3510 Χριστὸν
2841 3438 3148 3510 ἀναφέροιτ’
3179 3438 3266 3503 ἂν,
3297 3437 3398 3509 τῆς
3441 3435 3758 3509 προσηκού-

2176 3550 2275 3604 σης
2315 3573 2329 3589 .
2376 3572 2394 3589 .
2436 3532 2705 3605 (τυ)χόντα
2752 3532 3055 3603 διηγήσεως
3080 3547 3095 3560 ·
3129 3528 3268 3602 πλὴν
3296 3529 3391 3583 καὶ
3416 3531 3531 3593 τοῖς
3561 3532 3626 3582 ἐκ
3655 3545 3758 3583 πε-

2175 3623 2401 3695 ριτομῇς
2433 3622 2525 3676 καὶ
2568 3661 2581 3675 .
2627 3662 2640 3675 .
2688 3664 2703 3680 .
2747 3661 2762 3674 .
2807 3660 2822 3676 .
2868 3663 2883 3676 .
2926 3660 2941 3675 .
2982 3618 3108 3675 αλδν
3153 3659 3166 3673 .
3214 3661 3226 3672 .
3273 3661 3285 3672 .
3331 3659 3344 3673 .
3387 3617 3765 3690 παραθέσθαι..

2171 3716 2295 3767 ἐπεὶ
2327 3713 2447 3785 μηδ’
2476 3714 2612 3777 ὅλως
2640 3713 2924 3784 προφήτην
2972 3710 3081 3764 ἀπὸ
3110 3709 3209 3781 τῆς
3249 3752 3265 3766 .
3307 3749 3321 3763 .
3365 3748 3382 3764 .
3425 3749 3438 3762 .
3485 3749 3500 3764 .
3545 3726 3756 3781 περσου

2174 3805 2477 3876 βασιλείας’
2509 3804 2738 3858 καὶτῶν
2762 3804 2862 3875 τῆς
2893 3802 3229 3875 προφητείας
3251 3802 3459 3873 χρόνων
3496 3842 3509 3853 .
3557 3841 3569 3854 .
3616 3841 3630 3854 .
3675 3840 3692 3856 .
3739 3843 3755 3858 .

2174 3938 2191 3955 .
2235 3939 2251 3956 .
2294 3938 2308 3953 .
2348 3895 2717 3968 ἐγηγερμένον
2742 3895 2913 3967 ἔχοιεν
2942 3893 3227 3960 ἐπιδεῖξαι,
3266 3892 3340 3965 μὴ
3366 3895 3448 3948 ὅτι
3480 3911 3544 3963 γε
3573 3892 3758 3949 Ἰωάν-

2170 4008 2268 4062 νην
2303 3991 2395 4044 καὶ
2423 3991 2515 4044 τὸν
2576 3989 2781 4060 Κύριον
2837 3988 2994 4060 ήμῶν
3041 3988 3249 4060 Ἰησοῦν
3275 3988 3529 4059 Χριστόν.
3566 3988 3663 4052 Τίς
3686 3987 3755 4060 δὴ

2169 4079 2818 4155 οὗνόεπροφητευόμενος
2861 4081 2981 4153 ὥρα
3021 4082 3198 4152 λέγειν
3243 4124 3253 4134 .
3295 4122 3313 4138 .
3353 4082 3401 4134 εἰ
3428 4081 3487 4135 δε
3518 4081 3752 4151 λέγοιεν,

2168 4174 2342 4230 ταῦτα
2374 4176 2454 4238 εἰς
2482 4176 2572 4229 τὸν
2612 4173 2819 4246 Ἰησοῦν
2843 4173 2933 4228 τόν
2974 4174 3068 4228 τοῦ
3106 4174 3350 4228 Ἰωσεδὲκ
3394 4174 3750 4246 ἀναφέρεται,

2168 4266 2403 4320 δεικτέον
2427 4268 2630 4332 αὐτοῖς,
2658 4267 2739 4320 ὅτι
2760 4265 3021 4339 μηδαμῶς
3052 4268 3244 4338 ἐκείνῳ
3265 4266 3331 4320 τά
3359 4256 3624 4339 λεγόμενα
3649 4269 3755 4340 ἀρ-

2173 4357 2325 4428 μόζει
2346 4375 2358 4389 ο
2391 4358 2522 4412 πότε
2556 4359 2663 4429 γὰρ
2708 4357 2908 4430 ἐκλήθη
2936 4358 2995 4412 τὸ
3026 4357 3194 4430 ὄνομα
3236 4357 3402 4412 αὐτοῦ
3449 4357 3704 4429 Ἀνατολή
3736 4377 3751 4424 ;

2167 4449 2256 4503 διὰ
2279 4450 2332 4503 τί
2362 4450 2419 4504 δέ
2448 4451 2541 4502 καὶ
2570 4449 2775 4520 ταύτης
2805 4447 3050 4514 ἀξιοῦται
3082 4451 3182 4521 τῆς
3205 4450 3607 4522 προσηγορίας
3630 4450 3761 4514 πῶς·

2170 4541 2228 4596 δὲ
2260 4543 2488 4613 ἁρμόσει
2528 4541 2677 4613 αὐτῷ
2703 4540 2783 4607 τὸ,
2824 4559 2843 4593 t
2888 4541 2996 4595 Kal
3029 4542 3297 4595 καθιεῖται
3338 4542 3432 4594 καὶ
3468 4540 3623 4613 ἄρξει
3654 4543 3753 4594 ἐπὶ

490 4641 705 4680 servum
756 4642 936 4682 meum
963 4625 1261 4684 Orientem.
1299 4649 1318 4683 ι
1357 4629 1416 4684 Si
1454 4631 1621 4701 igitur
1643 4634 1693 4687 ei
1726 4632 1841 4688 haec
1873 4633 2069 4691 dicun-

2174 4635 2265 4688 τοῦ
2293 4635 2482 4705 θρόνου
2507 4634 2704 4701 αὐτοῦ;
2740 4653 2760 4687 ι
2799 4634 3029 4706 μάλιστα
3042 4634 3099 4687 δὲ
3125 4633 3206 4697 τό,
3241 4654 3259 4685 ι
3289 4635 3401 4688 Καὶ
3428 4634 3577 4688 ἔσται
3600 4635 3629 4687 6
3672 4637 3754 4687 ἰε-

490 4727 614 4782 tur,
685 4720 957 4788 quomodo
1019 4720 1324 4776 existimari
1379 4730 1558 4793 potest
1619 4725 1686 4781 de
1741 4727 1862 4797 ipso
1911 4729 2061 4784 dici:

495 4829 514 4860 ι
550 4809 687 4864 Ecce
713 4812 796 4864 vir
826 4808 1020 4866 Oriens
1048 4812 1291 4883 (nomen)
1324 4813 1482 4882 ejus?
1520 4834 1540 4867 ›
1584 4815 1785 4887 Aperte
1822 4819 1909 4873 his
1943 4835 2064 4874 vcr-

489 4902 574 4957 bis
598 4901 718 4957 duae
741 4903 1098 4975 designantur
1119 4918 1399 4973 personae;
1433 4906 1602 4962 altera
1634 4909 1876 4979 quidem,
1896 4925 2061 4980 quam

488 4993 785 5062 alloquitur
805 4995 1086 5061 divinitas,
1119 4996 1291 5051 altera
1321 4995 1388 5052 de
1416 5013 1523 5068 qua
1565 5001 1926 5071 prophetizat.
1960 5001 2061 5056 Cui

487 5091 541 5154 et
570 5084 689 5138 sine
729 5085 1103 5140 controversia
1132 5085 1485 5142 induceretur
1512 5088 1581 5143 ad
1604 5089 1904 5155 Christum,
1936 5105 2063 5145 vere

489 5177 680 5232 lilium.
723 5215 741 5233 .
778 5217 793 5232 .
839 5215 853 5232 .
896 5218 912 5234 .
992 5219 1006 5232 .
1060 5219 1074 5234 .
1119 5221 1135 5236 .
1181 5222 1195 5235 .
1239 5222 1254 5236 .
1309 5181 1631 5253 intelligitur
1684 5182 1918 5251 justitia.
1961 5182 2062 5238 Hic

486 5277 632 5325 esset
662 5267 840 5325 Pater.
885 5311 900 5325 .
951 5312 984 5348 ..
1008 5311 1021 5325 .
1067 5313 1082 5328 .
1127 5312 1141 5327 .
1177 5274 1422 5329 victoria:
1451 5274 1671 5330 coronis
1696 5274 1917 5331 Christo
1958 5275 2061 5329 im-

487 5362 681 5431 positis
722 5403 737 5418 .
781 5405 797 5419 .
843 5405 857 5419 .
903 5406 916 5419 .
959 5403 974 5419 .
1019 5404 1034 5421 .
1079 5407 1093 5420 .
1138 5406 1153 5420 .
1216 5373 1396 5421 vocat.
1460 5364 1692 5436 PrOptcr
1754 5366 2059 5422 doctrinam

488 5450 630 5505 inter
659 5452 927 5510 homines.
976 5496 988 5510 .
1029 5495 1044 5510 .
1086 5495 1101 5509 .
1147 5497 1159 5510 .
1205 5495 1222 5511 .
1266 5496 1280 5511 .
1324 5497 1339 5513 .
1384 5496 1398 5511 .
1443 5457 1793 5527 Primumque
1841 5468 1895 5513 et
1945 5474 2059 5512 ma-

490 5555 657 5609 gnum
689 5540 879 5596 Pontif
915 5580 932 5599 .
976 5585 990 5600 .
1035 5585 1051 5599 .
1095 5585 1108 5598 .
1148 5544 1571 5615 primogenitum
1620 5544 1739 5613 ejus
1796 5543 2053 5600 Verbum.

491 5628 634 5687 Deus
663 5633 880 5701 quidem
906 5650 1032 5691 cum
1070 5635 1141 5691 sit
1166 5642 1220 5692 et
1251 5635 1536 5692 Dominus.
1584 5677 1596 5689 .
1643 5674 1655 5686 .
1704 5679 1717 5692 .
1763 5674 1775 5685 .
1820 5674 1835 5692 .
1878 5651 2059 5692 sacer-

2175 4727 2299 4797 ρεὺς
2328 4728 2391 4779 ἐκ
2421 4726 2605 4793 δεξιῶν
2638 4725 2799 4780 αὐτοῦ
2825 4744 2839 4793 ;
2883 4745 2901 4777 ι
2944 4728 2993 4779 εἰ
3018 4725 3127 4797 γάρ
3157 4726 3318 4790 αὐτὸς
3359 4726 3651 4796 ἐτύγχανεν
3672 4723 3751 4781 ὢν

2172 4817 2200 4867 ὁ
2231 4816 2405 4887 ἱερεὺς
2440 4819 2468 4870 ὁ
2514 4817 2706 4887 μέγας,
2755 4816 2840 4880 τίς
2880 4816 2926 4870 δ’
2957 4817 3023 4870 ἂν
3061 4817 3145 4888 εἴη
3175 4819 3205 4870 6
3236 4817 3300 4870 ἐκ
3331 4816 3517 4883 δεξιῶν
3554 4816 3748 4879 αὐτοῦ,

2171 4908 2358 4979 ἔτερος
2384 4907 2458 4962 ὢν
2487 4912 2616 4981 παρ’
2646 4909 2808 4964 αὐτὸν
2842 4909 3020 4981 ἱερεύς
3044 4925 3059 4974 ;
3098 4910 3280 4978 σαφῶς
3304 4909 3360 4962 δὲ
3388 4910 3573 4980 ἕτερον
3613 4912 3749 4980 παρ’

2170 4997 2376 5051 ἐκεῖνον
2434 4993 2570 5051 εἶναι
2625 4999 2865 5052 διδάσκει
2922 4999 3013 5051 τὸν
3067 4997 3359 5069 λεγόμενον
3419 4998 3742 5070 Ἀνατολήνσ

2171 5088 2305 5159 πρὸς
2332 5088 2439 5160 γὰρ
2479 5089 2569 5141 τὸν
2608 5090 2770 5142 αὐτὸν
2801 5087 3006 5160 Κύριον
3032 5088 3129 5141 καὶ
3154 5090 3323 5159 το(ὺς)
3370 5129 3383 5142 .
3429 5132 3442 5144 .
3485 5090 3622 5161 ἀμφ’
3649 5092 3746 5144 αὖ-

2167 5180 2366 5251 τοῦ(ὸν)
2416 5182 2579 5252 φησιν
2609 5183 2637 5234 6
2669 5182 2855 5249 λόγος’
2896 5198 2915 5232 ι
2954 5182 3154 5235 ’Δκουε
3182 5182 3246 5254 δὴ
3291 5183 3463 5252 Ἰησοῦ
3503 5185 3532 5236 6
3566 5186 3737 5255 ἱερεὺς

2167 5267 2197 5318 6
2228 5267 2418 5338 μέγας,
2473 5270 2536 5322 σὺ
2579 5269 2673 5322 καὶ
2707 5270 2755 5322 οἰ
2788 5269 3012 5340 πλησίον
3043 5287 3134 5323 σου
3157 5287 3169 5301 ’
3200 5270 3310 5324 ἰδοὺ
3357 5272 3469 5340 ἐγὼ
3497 5273 3615 5343 ἄγω
3643 5274 3733 5327 τὸν

2166 5356 2351 5412 δοῦλόν
2381 5376 2480 5430 μου
2519 5360 2836 5430 Ἀνατολήν·
2880 5379 2900 5413 ι
2932 5361 2979 5414 εἰ
3012 5361 3077 5433 δὴ
3104 5357 3196 5415 οὖν
3220 5362 3368 5434 αὐτῷ
3394 5365 3570 5419 ταῦτα
3591 5365 3733 5438 εἰρη-

2164 5467 2274 5515 ται,
2308 5451 2424 5512 πῶς
2467 5450 2533 5504 ἂν
2566 5439 2645 5504 ἔτι
2681 5451 2864 5524 χώραν
2897 5454 3106 5524 ἔχει(οιὶ
3143 5454 3205 5507 τὸ
3241 5456 3368 5527 περὶ
3399 5457 3564 5511 αὐτοῦ
3589 5456 3741 5525 λέγε-

2166 5542 2290 5595 σθαι
2314 5544 2550 5613 νομίζειν
2578 5545 2689 5609 τὺ,‹
2713 5546 2843 5599 Ἰδοὺ
2875 5548 3013 5618 ἀνὴρ
3038 5546 3301 5619 ἀνατολὴν
3341 5586 3356 5601 .
3400 5588 3414 5601 .
3459 5588 3474 5602 .
3516 5547 3688 5619 «sed»;
3717 5566 3737 5598 ο

2165 5637 2356 5707 Σαφῶς
2387 5638 2449 5709 δὴ
2479 5638 2566 5691 διά
2607 5640 2809 5694 τούτων
2853 5639 2945 5693 δύο
2988 5640 3317 5712 παρίσταται
3344 5642 3610 5712 πρόσωπα
3633 5658 3646 5670 ·
3678 5640 3743 5692 ἓν

565 5784 609 5816 ⁸⁵
648 5783 876 5840 Zachar.
908 5802 983 5852 vi,
1009 5786 1227 5842 ll—M.
1306 5790 1349 5821 “
1390 5787 1533 5848 Hebr»?
1586 5809 1657 5856 μ’,
1692 5788 1778 5845 14.
1845 5792 1895 5864 ,⁸⁷
1937 5790 2069 5849 Zacl:

2203 5807 2300 5856 ιιι,
2335 5795 2387 5847 8.
2466 5793 2507 5824 ⁸⁸⁸
2554 5792 2778 5849 Zachar.
2824 5811 2894 5859 VI,
2932 5795 3017 5849 ll.
3096 5796 3139 5829 “
3177 5795 3307 5851 ibid.
3352 5797 3433 5850 12.
3510 5799 3558 5829 ⁷ο
3595 5796 3737 5852 ibid.
