4100 6422
387 410 525 467 τί49

1430 406 1721 475 ΕΕιιΟϐιιΕ
1752 406 2439 465 ΡΗΟΡΗΕΤΙΟΑΞ.-[1Η.
2482 408 2544 463 lll

3509 415 3647 470 1150

388 533 485 602 μὲν
524 523 569 599 ᾧ
607 529 664 584 τὸ
690 530 830 584 θεῖον
857 528 920 600 (f.
946 527 1032 598 ,52
1065 528 1139 599 v°)
1171 527 1498 596 διαλέγεται,
1526 528 1714 598 ἕτερον
1734 527 1807 593 ,δὲ
1834 530 1957 600 περὶ

2064 530 2163 584 dos
2195 529 2382 599 prima:
2409 537 2463 584 et
2514 529 2768 585 inereataa
2811 530 3048 587 deitatis.
3094 571 3108 585 .
3153 570 3167 586 .
3212 573 3226 587 .
3270 571 3286 586 .
3329 571 3343 587 .
3389 575 3402 588 .
3448 572 3462 586 .
3522 551 3647 593 esse

382 615 445 677 οὗ
472 621 802 693 προφητεύει
822 638 834 651 ο
869 614 913 689 ᾧ
946 620 1037 674 καὶ
1067 619 1451 690 ἀναμφιλόγως
1496 620 1735 689 ἀνάγοιτ’
1764 621 1831 675 ἂν
1869 623 1960 675 ἐπὶ

381 716 473 768 τὸν
495 715 728 786 Χριστὸν
766 713 857 766 τὸν
895 712 1110 784 ἀληθῶς
1139 711 1255 766 υἱὸν
1292 710 1386 765 τοῦ
1430 752 1443 764 .
1489 752 1503 765 .
1549 753 1561 764 .
1609 752 1623 766 .
1668 754 1681 767 .
1726 753 1740 765 .
1782 713 1954 786 ἑρμη-

382 806 594 860 νεύεται
620 805 719 860 ίαὼ
740 804 1048 874 δικαιοσύνη
1064 819 1077 833 ·
1105 795 1259 867 οὗτος
1286 802 1333 883 δξ
1359 802 1424 855 ἂν
1448 802 1533 873 εἴη
1558 805 1587 856 6
1611 803 1799 875 Πατὴρ
1825 844 1838 857 .
1884 845 1897 858 .
1943 846 1956 858 .

383 898 507 961 τοὺς
533 897 643 950 τῶν
676 896 1004 970 νικητηρίων
1046 894 1344 967 περιτιθεὶς
1387 894 1468 965 τῷ
1496 895 1715 967 Χριστῷ
1761 896 1961 967 στεφά-

2061 636 2186 675 eum
2235 621 2369 677 dicit
2399 636 2429 675 a
2462 636 2572 693 quo
2624 623 2839 693 excepit
2876 622 3113 680 homine
3138 664 3152 690 ,
3201 625 3487 687 sacerdote
3530 644 3647 682 ma-

2059 727 2186 785 gno.
2225 753 2241 769 .
2278 754 2294 769 .
2330 753 2344 766 .
2381 754 2395 768 .
2430 752 2442 765 .
2477 755 2490 768 .
2524 753 2541 770 .
2581 713 2701 784 ipso
2730 715 3077 770 manifestato
3100 732 3198 787 per
3227 718 3488 774 unitatem
3520 734 3645 776 cum

2062 804 2156 860 Dei
2187 804 2495 876 Unigenito.
2525 807 2734 874 Quibus
2765 823 2895 863 vero
2928 825 3053 864 cum
3105 808 3313 867 fusiore
3342 825 3481 882 Opus
3500 822 3649 870 esset

2063 898 2468 967 explanatione,
2499 899 2616 955 haec
2662 900 2910 956 sulﬁcere
2965 902 3251 973 proposito
3299 913 3489 959 nostro
3542 920 3647 975 pu-

383 1007 507 1053 νους
550 1030 561 1041 .
608 1031 620 1043 .
664 1028 679 1043 .
723 1029 735 1042 .
780 1030 854 1060 .,,
899 1028 912 1040 .
958 1029 970 1041 .
1016 1028 1032 1043 .
1078 1026 1091 1038 .
1137 1025 1149 1039 .
1196 1028 1209 1040 .
1256 1026 1268 1038 .
1314 1026 1329 1041 .
1375 1028 1387 1041 .
1430 986 1957 1060 καλεϊ’διάτὴνείς

2066 999 2267 1045 tamus.

384 1080 701 1153 ἀνθρώπους
742 1080 1097 1134 ἀνατείλασαν
1123 1080 1190 1133 αύ
1230 1121 1243 1135 .
1289 1121 1305 1133 .
1347 1120 1362 1135 .
1405 1121 1417 1133 .
1477 1121 1490 1133 .
1535 1121 1550 1135 .
1598 1124 1611 1137 .
1651 1122 1665 1134 .
1703 1082 2163 1137 διδασκαλίανκαὶ
2190 1083 2280 1137 τὸν
2323 1085 2540 1157 πρῶτον
2574 1088 2668 1141 καὶ
2704 1086 2875 1158 μέγαν
2911 1091 3041 1161 ἀρχι
3068 1130 3082 1144 .
3127 1133 3141 1146 .
3216 1134 3229 1147 .
3274 1132 3289 1147 .
3332 1128 3347 1146 .
3393 1132 3407 1147 .
3452 1131 3466 1145 .
3510 1130 3526 1145 .
3571 1130 3586 1145 .
3629 1153 3646 1167 ο

386 1174 724 1244 πρωτότοκον
760 1173 923 1227 αὐτοῦ
953 1173 1153 1243 Λόγονο
1184 1173 1315 1227 Θεὸν
1340 1174 1438 1245 μὲν
1463 1174 1593 1229 ὄντα
1625 1175 1720 1229 καὶ
1751 1175 1958 1249 Κύριον
1994 1177 2109 1229 τῶν
2146 1217 2159 1229 .
2204 1216 2221 1233 .
2266 1220 2280 1233 .
2330 1221 2341 1233 .
2389 1222 2401 1234 .
2447 1220 2464 1236 .
2508 1221 2522 1235 .
2563 1220 2577 1235 .
2618 1197 2694 1233 ων
2723 1181 2872 1254 ἱερέα
2914 1182 2972 1235 δὲ
3020 1184 3119 1255 τῆς
3152 1182 3375 1256 πρώτης
3403 1183 3497 1239 καὶ
3522 1186 3649 1252 ἁγε-

385 1267 545 1335 νήτου
573 1266 853 1338 θεότητος⁸
899 1308 910 1319 .
954 1305 969 1321 .
1015 1308 1030 1321 .
1073 1308 1086 1321 .

1134 1309 1146 1322 .
1187 1285 1269 1339 ωρ
1289 1268 1345 1321 δὲ
1374 1263 1513 1322 εἶναι
1539 1269 1703 1323 αὐτόν
1735 1286 1897 1339 φησιν
1921 1264 1982 1324 οὗ
2020 1270 2308 1342 ἀνείληφεν
2347 1271 2654 1344 ἀνθρώπου,
2696 1273 2884 1345 ἱερέως
2917 1275 3152 1345 μεγάλου
3193 1317 3207 1330 .
3250 1317 3265 1331 .
3308 1317 3324 1333 .
3367 1317 3383 1333 .
3426 1317 3440 1330 .
3481 1275 3648 1331 αὐτοῦ

381 1359 809 1431 χρηματίζοντος
839 1360 927 1414 διὰ
966 1360 1062 1431 τὴν
1095 1360 1287 1414 ἕνωσιν
1329 1360 1427 1429 τὴν
1474 1362 1611 1433 πρὸς
1656 1360 1744 1414 τὸν
1788 1363 2064 1434 Μονογενῆ
2128 1361 2222 1417 τοῦ
2252 1363 2411 1419 Θεοῦ.
2442 1364 2649 1436 Πολλῆς
2695 1365 2755 1419 δὲ
2807 1366 2915 1420 τῶν
2947 1367 3088 1422 κατά
3138 1367 3229 1423 τὸν
3265 1369 3427 1423 τόπον
3464 1369 3645 1441 δεομέ-

384 1472 488 1507 νων
519 1453 871 1525 ἐξ(ηγήσεως)
910 1452 1069 1507 ίκανά
1101 1453 1194 1506 καὶ
1234 1452 1408 1507 ταῦτα
1436 1453 1511 1517 ὡς
1545 1453 1681 1525 πρὸς
1709 1452 1806 1523 τὴν
1853 1454 2137 1525 παροῦσαν
2163 1455 2438 1511 ὓπόθεσιν.
3475 1450 3487 1460 ’

893 1595 1290 1650 ΚΕΦΑΛΔΙΟΝ
1327 1597 1455 1651 KA'.

2632 1592 2863 1650 CAPUT
2902 1594 3094 1651 XXIV.

978 1708 1089 1763 Τοῦ
1112 1709 1323 1764 αὑτοῦ.

2655 1707 2741 1762 Ea:
2782 1709 2984 1765 eodem.

457 1840 475 1874 ι
509 1823 716 1894 Χαῖρε.
753 1862 765 1875 .
812 1865 824 1877 .
868 1862 883 1875 .
929 1863 942 1877 .
978 1822 1216 1896 θύγατερ
1244 1822 1402 1889 Σιὼν,
1431 1826 1694 1897 κήρυσσε,
1727 1825 1957 1897 θύγατερ

2145 1840 2161 1873 ι
2201 1820 2425 1877 Exsulta
2454 1819 2657 1893 (satis),
2687 1821 2798 1877 ﬁlia
2840 1819 2997 1886 Sion.
3034 1824 3241 1894 jubila,
3275 1825 3383 1881 ﬁlia
3419 1824 3646 1885 Jerusa-

393 1915 780 1986 Ἰερουσαλήμ·
839 1914 979 1979 ίδοὺ,
1022 1916 1051 1968 6
1090 1914 1159 1985 βα
1199 1954 1213 1967 .
1257 1952 1273 1968 .
1317 1953 1333 1969 .
1376 1952 1391 1968 .
1436 1956 1451 1970 .
1491 1913 1709 1985 ἔρχεταί
1755 1932 1837 1969 σοι
1881 1916 1957 1969 δί-

2064 1918 2189 1972 lem.
2218 1914 2357 1971 Ecce
2388 1913 2498 1971 Rex
2523 1915 2697 1987 (tuus)
2723 1916 2902 1971 veniet
2918 1916 3018 1971 tibi
3042 1917 3228 1987 justus
3280 1926 3335 1974 et
3357 1917 3639 1974 Salvator:

383 2024 534 2071 καιος
562 2008 658 2061 καὶ
692 2005 879 2071 σώζων
910 2006 1082 2070 αὐτὸς
1114 2007 1295 2078 πραῢς
1326 2008 1420 2060 καὶ
1451 2008 1545 2060 ἐπι
1588 2046 1601 2059 .
1647 2048 1662 2062 .
1705 2045 1720 2060 .
1762 2046 1777 2061 .
1822 2047 1836 2062 .
1882 2048 1895 2060 .
1940 2047 1953 2061 .

382 2100 673 2169 ὑποζύγιον
704 2101 797 2154 καὶ
832 2098 1008 2154 πῶλον
1036 2100 1174 2154 νέον.
1202 2102 1313 2154 Kal.
1341 2098 1709 2172 ἐξολοθρεύσει
1740 2100 1960 2172 ἅρματα

381 2191 440 2258 ἐξ
477 2191 735 2265 Ἐφραίμ,
780 2192 876 2247 καὶ
917 2192 1082 2245 ἵππον
1123 2190 1183 2257 ἐξ
1227 2192 1601 2264 Ἰερουσαλὴμ,
1645 2192 1739 2246 καὶ
1779 2192 1959 2259 ἐξολο-

381 2283 669 2354 θρεύσεται
710 2283 861 2351 τόξον
900 2284 1213 2356 πολεμικὸν,
1258 2285 1353 2338 καὶ
1399 2283 1602 2357 πλῆθος
1636 2285 1731 2339 καὶ
1769 2286 1958 2358 εἰρήνη

381 2375 442 2441 ἐξ
474 2375 665 2440 ἐθνῶν,
696 2378 792 2431 καὶ
823 2376 1081 2448 κατάρξει
1106 2378 1214 2431 ἀπὸ
1243 2377 1539 2450 θαλάσσης,
1569 2378 1664 2432 καὶ
1697 2378 1957 2450 ποταμῶν

379 2469 447 2523 δι’
473 2468 701 2524 ἐκϐολὰς
726 2470 847 2541 γῆς.
893 2490 913 2522 ι
942 2470 1201 2543 Θυγάτηρ
1230 2467 1391 2532 Σιὼν,
1417 2488 1453 2543 ῃ
1487 2470 1821 2542 προστάσσει
1848 2471 1963 2543 χαί-

383 2577 496 2631 ρειν
527 2562 555 2614 6
598 2560 791 2630 Λόγος,
835 2562 983 2615 πᾶσα
1026 2564 1061 2632 ἡ
1106 2561 1206 2633 τῆς
1251 2563 1449 2633 νοητῆς
1494 2563 1588 2615 καὶ
1637 2562 1958 2634 ἐπουρανίου

381 2652 518 2706 Σιὼν
539 2654 588 2706 οἱ
616 2670 1014 2723 κατατυγχανει
1058 2651 1178 2724 (sic)
1210 2640 1391 2724 ψυχή·
1419 2652 1453 2724 ἦ
1499 2653 1576 2725 (ἡ)
1608 2653 1702 2706 καὶ
1731 2654 1823 2708 ἐπὶ
1857 2654 1960 2726 γῆς

381 2742 467 2797 διὰ
490 2741 726 2815 Χριστοῦ
756 2744 996 2797 συστᾶσα
1029 2740 1089 2807 ἐξ
1126 2740 1295 2795 ἐθνῶν
1331 2741 1609 2813 ῆκκλησία
1638 2740 1730 2812 (ς)’
1759 2741 1960 2813 ὁμοίως

380 2837 425 2890 δ’
457 2831 523 2890 αὖ
561 2836 720 2890 πάλιν
758 2836 1005 2907 θυγάτηρ
1043 2834 1416 2906 Ἰερουσαλὴμ,
1443 2837 1476 2906 ἠ
1508 2835 1826 2904 συγγένειαν
1862 2834 1960 2905 φέ-

385 2945 551 3001 ρουσα
593 2929 693 2999 τῆς
748 2928 1069 3001 ἐπουρανίου
1117 2927 1498 3000 Ἱερουσαλήμ’
1534 2922 1622 2982 οἷά
1668 2945 1755 2992 τις
1803 2923 1871 3000 ῆν
1924 2931 1958 3000 ἡ

382 3022 595 3076 Παύλου
629 3022 898 3090 λέγοντος,
937 3040 957 3074 ι
998 3021 1063 3074 Ἥ
1091 3021 1148 3074 δὲ
1171 3022 1283 3076 ἀνω
1324 3021 1676 3093 Ἰερουσαλὴμ
1700 3020 1961 3094 ἐλευθέρα

379 3116 547 3178 ἐστὶν,
583 3115 705 3185 ἥτις
732 3113 879 3166 ἐστὶν
916 3113 1099 3183 μήτηρ
1118 3111 1298 3183 ἡμῶν.
1340 3132 1357 3163 ι
1386 3112 1518 3177 Ταῖς
1552 3112 1615 3183 δὴ
1642 3106 1737 3165 οὖν
1774 3111 1959 3165 τοιαύ-

2061 2011 2177 2080 ipse
2206 2024 2415 2081 pauper
2463 2007 2792 2081 (ascendens
2837 2013 3032 2081 super)
3077 2010 3288 2069 asinam
3316 2050 3331 2077 ,
3386 2018 3441 2067 et
3480 2029 3647 2084 super

2062 2099 2268 2170 pullum
2304 2098 2473 2153 ﬁlium
2504 2097 2691 2153 asinae.
2741 2097 2809 2153 Et
2863 2099 3176 2170 disperdam
3224 2100 3542 2173 quadrigam
3576 2118 3645 2158 ex

2061 2193 2340 2263 Ephraim,
2373 2199 2428 2247 et
2451 2208 2662 2264 equum
2682 2193 2751 2250 de
2786 2192 3126 2258 Jerusalem,
3179 2202 3233 2249 et
3283 2192 3645 2263 dissipabitur

2060 2298 2222 2338 arcus
2260 2283 2389 2340 belli
2419 2301 2432 2338 :
2468 2290 2522 2339 et
2545 2284 2799 2355 loquetur
2820 2298 3006 2355 pacem
3030 2283 3308 2355 gentilem,
3327 2294 3381 2340 et
3403 2293 3644 2355 potestas

2060 2373 2180 2444 ejus
2205 2388 2235 2427 a
2263 2373 2401 2427 mari
2425 2388 2601 2443 usque
2632 2372 2697 2427 ad
2734 2389 2911 2439 mare,
2965 2381 3019 2429 et
3052 2388 3085 2428 a
3124 2372 3437 2431 ﬂuminibus
3470 2391 3646 2446 usque

2061 2464 2128 2518 ad
2175 2462 2313 2518 ﬁnes
2343 2470 2504 2518 terra:
2535 2464 2602 2516 τί.
2641 2482 2660 2515 ι
2703 2461 2849 2517 Filia
2881 2463 3045 2528 Sion,
3077 2479 3241 2535 quam
3296 2464 3446 2534 jubet
3474 2465 3645 2520 lctari

2063 2553 2389 2625 Scriptura,
2442 2556 2622 2611 omnis
2673 2562 2755 2611 est
2804 2556 3070 2627 spiritalis
3124 2556 3475 2627 cmlestisque
3511 2554 3645 2613 Sion

2062 2647 2274 2711 anima,
2326 2646 2410 2702 vel
2444 2646 2499 2701 in
2550 2653 2695 2702 terra
2730 2663 2826 2717 per
2871 2647 3151 2704 Christum
3199 2655 3353 2704 stans
3402 2648 3645 2720 gentium

2061 2738 2327 2793 Ecclesia.
2362 2735 2629 2792 Similiter
2657 2755 2850 2795 rursus
2883 2739 2991 2795 ﬁlia
3023 2738 3327 2805 Jerusalem
3349 2780 3364 2805 ,
3406 2755 3529 2809 quae
3562 2738 3645 2794 af-

2063 2832 2185 2886 ﬁnis
2214 2839 2298 2886 est
2332 2831 2543 2891 cmlesti
2573 2828 2913 2898 Jerusalem;
2968 2833 3037 2889 de
3072 2849 3178 2904 qua
3231 2834 3376 2905 apud
3416 2832 3645 2890 Paulum

2060 2931 2395 2978 memoratur
2422 2924 2726 2980 dicentem:
2771 2944 2790 2977 ι
2829 2924 2924 2981 Illa
2953 2935 3135 2982 autem
3166 2942 3287 2998 qua:
3311 2942 3531 2984 sursum
3558 2935 3645 2984 est

2059 3014 2382 3080 Jerusalem,
2410 3016 2581 3072 libera
2625 3026 2744 3081 est,
2776 3033 2899 3088 qua:
2930 3026 3016 3075 est
3064 3029 3239 3074 mater
3284 3029 3469 3076 nostra
3511 3020 3578 3076 ".
3618 3041 3638 3074 ο

2062 3106 2288 3163 Talibus
2318 3108 2483 3178 igitur
2519 3109 2718 3165 animis
2758 3107 3046 3180 Scriptura
3111 3110 3427 3167 adfuturum
3484 3111 3642 3168 Chri-

377 3223 499 3270 ταις
523 3204 723 3277 ψυχαῖς
748 3207 777 3259 6
814 3204 985 3273 Λόγος
1015 3203 1417 3276 (ἐπι)δημήσειν
1456 3203 1549 3257 τὸν
1597 3204 1833 3274 Χριστὸν
1863 3202 1957 3258 τοῦ

2062 3209 2207 3254 stum
2236 3199 2331 3256 Dei
2384 3201 2753 3271 praenuntiat,
2799 3201 3078 3259 sedentem
3115 3220 3280 3276 super
3318 3207 3529 3263 asinam
3589 3215 3644 3263 et

378 3269 515 3355 Θεού
539 3269 550 3277 ν
576 3269 1043 3372 προανακηρύττει
1102 3269 1469 3371 ἐπιθεέηκότα
1527 3269 1805 3373 ύποίξυγίῳ
1865 3303 1957 3357 καὶ

2063 3309 2227 3365 super
2271 3269 2477 3364 pullum
2534 3294 2702 3348 ﬁlium
2733 3293 2937 3361 asinae;
2966 3296 3069 3349 sic
3103 3269 3250 3350 enim
3282 3296 3646 3368 interpretan-

380 3392 543 3464 πώλῳ
570 3392 674 3464 νέῳ
693 3409 706 3424 ο
732 3391 876 3445 οὕτω
901 3392 1001 3462 τῆς
1030 3391 1374 3463 ἀνθρωπείας
1414 3392 1648 3462 φύσεως,
1675 3393 1742 3463 ἢν
1775 3394 1961 3467 ἐπιδη-

380 3486 560 3555 μήσας
588 3482 937 3555 (ἀνεί)ληφεν,
992 3481 1286 3552 νοουμένης
1307 3499 1320 3513 ·
1362 3482 1479 3553 μεθ’
1505 3478 1573 3555 ἦς
1600 3482 1959 3556 ἐξωλόθρευσε

377 3577 558 3629 πᾶσαν
584 3574 883 3646 πολεμικὴν
915 3573 1143 3644 δύναμιν
1170 3574 1277 3627 ἀπὸ
1301 3574 1480 3645 πάσης
1501 3574 1961 3647 ἐκκλησιαστικῆς

379 3670 472 3724 καὶ
517 3669 702 3740 φέρειν
750 3668 996 3740 καρποὺς
1040 3666 1227 3737 ἁγίους
1280 3665 1579 3738 δυναμένης
1622 3668 1822 3738 ψυχῆς,
1864 3668 1957 3723 τοῦ

392 3760 631 3834 Ἐφραίμ
676 3762 755 3825 είς
813 3759 1188 3833 καρποφορίαν
1242 3759 1815 3831 μεταλαμϐανομένου,
1865 3760 1961 3814 καὶ

376 3854 456 3916 είς
502 3852 691 3923 ὅρασιν
729 3853 953 3923 εἰρήνης
996 3849 1139 3904 κατά
1183 3849 1282 3921 τὴν
1322 3849 1546 3905 Ἐλλάδα
1586 3849 1831 3919 γλῶτταν
1860 3852 1959 3921 τῆς

390 3942 772 4013 ’ῐερουσαλήμ’
798 3942 891 3996 καὶ
920 3941 989 4011 δὴ·
1005 3940 1389 4012 ἐξολοθρεύσας
1414 3942 1541 4004 τοὺς
1569 3940 1833 4013 πρότερον
1857 3940 1958 4013 τῆς

376 4033 793 4106 ἀνθρωπὸτητος
818 4034 1217 4105 ἐπικρατούσας
1239 4032 1356 4102 (sic)
1381 4031 1637 4103 δαίμονας
1666 4033 1956 4104 πονηροὺς,

378 4128 436 4193 ἐξ
492 4125 748 4180 ἀπάντων
795 4125 901 4179 τῶν
956 4126 1124 4179 πάλαι
1166 4124 1380 4190 τούτοις
1421 4125 1750 4196 ὑποχειρίων
1789 4125 1958 4180 ἐθνῶν

381 4218 609 4291 μυρίους
656 4218 814 4281 ὅσους
851 4216 957 4270 ὑπὸ
985 4217 1074 4271 τὸν
1105 4216 1302 4288 εὐσεϐῆ
1334 4219 1434 4289 τῆς
1470 4216 1818 4280 διδασκαλίας
1864 4218 1960 4271 αὐ-

374 4309 469 4363 τοῦ
495 4307 656 4379 ζυγὸν
689 4310 1024 4379 ὑπηγάγετο.
1055 4308 1241 4363 Ταῦτα
1265 4309 1362 4380 μὲν
1392 4308 1534 4363 κατά
1563 4309 1798 4363 διάνοιαν
1821 4326 1834 4340 ·
1866 4310 1959 4363 καὶ

378 4399 555 4471 ῥητῶς
599 4400 654 4454 δέ
684 4403 712 4455 6
759 4401 991 4470 Χριστὸς
1033 4399 1460 4474 ἐνανθρωπήσας
1489 4402 1585 4455 καὶ
1630 4400 1959 4471 σωματικῶς

374 4491 475 4556 τὰς
501 4494 628 4562 περὶ
653 4492 818 4546 αὐτοῦ
860 4493 1195 4565 προφητείας
1221 4492 1503 4556 ἐπιτελῶν,
1537 4493 1632 4547 καὶ
1658 4493 1832 4565 ταύτῃ
1858 4492 1957 4546 πέ-

2060 3394 2153 3440 tur
2206 3396 2458 3441 naturam
2504 3387 2821 3451 humanam,
2876 3388 2930 3440 in
2980 3402 3089 3457 qua
3123 3395 3493 3445 commoratus
3538 3397 3642 3445 est.

2058 3477 2264 3533 Deinde
2289 3478 2660 3547 pessumdedit
2691 3492 2910 3532 omnem
2938 3477 3193 3534 hostilem
3226 3486 3548 3549 potestatem
3574 3497 3644 3537 ex

2057 3570 2204 3625 omni
2239 3571 2633 3636 ecclesiastica,
2657 3579 2713 3626 et
2754 3579 2975 3625 sanctos
3005 3569 3147 3626 ferre
3195 3570 3407 3627 fruetus
3430 3573 3645 3628 valente

2058 3663 2277 3727 anima,
2332 3663 2589 3735 Ephraim
2647 3663 2927 3719 fructuum
2959 3665 3170 3734 copiam
3231 3661 3644 3737 Jerusalemque

2055 3755 2240 3826 lingua
2270 3754 2457 3811 Graeca
2509 3756 2777 3811 visionem
2830 3756 2982 3826 pacis
3023 3755 3386 3827 signiﬁcante.
3443 3756 3643 3814 Deletis

2056 3863 2187 3919 ergo
2212 3849 2303 3917 qui
2329 3849 2485 3918 prius
2510 3849 2793 3903 hominum
2841 3863 3015 3918 genus
3042 3857 3433 3920 oppresserunt
3460 3850 3643 3919 pravis

2056 3938 2414 4005 daemonibus,
2445 3956 2512 3995 ex
2548 3940 2805 3996 omnibus
2839 3941 2932 4011 qui
2968 3940 3244 4011 quondam
3280 3940 3509 3995 istorum
3538 3942 3643 3997 sub

2057 4031 2263 4087 ditione
2287 4039 2445 4087 erant
2474 4030 2641 4085 millia
2688 4032 2859 4085 multa
2907 4031 3011 4087 sub
3052 4032 3198 4103 pium
3229 4031 3493 4087 doctrina:
3530 4049 3644 4089 sua:

2053 4125 2241 4195 jugum
2276 4124 2523 4180 deduxit.
2561 4123 2684 4181 Haec
2712 4124 2931 4196 quidem
2978 4124 3046 4181 de
3062 4125 3642 4198 hujusiloeisigniﬁca-

2057 4219 2225 4273 tione.
2261 4219 2325 4273 Et
2350 4218 2565 4289 proprie
2595 4217 2853 4275 Christus
2884 4218 3062 4274 factus
3098 4218 3262 4274 homo
3301 4227 3353 4275 et
3384 4235 3643 4291 corpora-

2046 4311 2185 4379 liter
2212 4311 2280 4368 dc
2305 4327 2364 4368 se
2392 4312 2510 4383 ipso
2543 4310 2844 4382 prophetiis
2875 4311 3145 4381 impletis,
3176 4312 3303 4368 huic
3345 4311 3504 4369 ﬁnem
3534 4314 3640 4368 im-

2058 4404 2263 4475 posuit,
2289 4419 2415 4459 eum
2446 4404 2748 4459 secundum
2780 4404 3174 4474 evangelistam
3214 4405 3498 4477 discipulis
3525 4407 3641 4464 suis

2058 4496 2235 4553 dixit:
2277 4516 2297 4548 σ
2332 4495 2409 4552 Ite
2446 4498 2499 4552 in
2533 4497 2823 4553 castellum
2869 4497 3017 4567 quod
3041 4505 3234 4553 contra
3272 4514 3372 4556 vos
3402 4508 3529 4565 est,
3588 4508 3642 4556 et

379 4600 478 4653 ρας
518 4582 870 4648 ἐπιτέθεικεν,
907 4585 996 4637 ὅτε
1040 4584 1180 4638 κατά
1223 4584 1315 4638 τὸν
1362 4586 1752 4658 εὐαγγελιστὴν
1803 4582 1956 4640 εἶπεν

2062 4588 2242 4643 statim
2263 4589 2552 4645 invenietis
2576 4588 2789 4645 asinam
2820 4589 3094 4661 alligatam
3116 4630 3131 4653 ,
3175 4599 3231 4646 et
3262 4592 3470 4661 pullum
3514 4607 3638 4646 cum

374 4680 489 4741 τοῖς
531 4675 723 4731 ἑαυτοῦ
761 4677 1047 4748 μαθηταῖς,
1091 4695 1110 4728 ι
1156 4678 1519 4750 Πορευθέντες
1546 4681 1627 4742 εἰς
1668 4680 1768 4750 τὴν
1811 4679 1954 4734 ἀπέ-

376 4784 527 4822 ναντι
575 4768 791 4838 κώμην,
833 4769 1093 4840 εὑρήσετε
1125 4769 1246 4825 ὖνον
1290 4771 1386 4824 καὶ
1418 4771 1596 4827 πῶλον
1630 4773 1919 4847 δεδεμένην
1939 4794 1953 4807 ο

376 4860 639 4924 λύσαντες
667 4855 760 4914 οὖν
797 4860 965 4932 αὐτὴν
998 4861 1235 4931 ἀγάγετε
1253 4879 1267 4893 ·
1302 4864 1397 4917 καὶ
1426 4864 1521 4918 ἐάν
1551 4883 1635 4930 τις
1667 4867 1796 4937 ὑμῖν
1826 4868 1957 4941 εἴπῃ

374 4950 428 5003 τί
454 4955 679 5015 ποιεῖτε,
707 4953 901 5023 ἐρεῖτε,
928 4954 957 5005 6
980 4952 1185 5025 Κύριος
1210 4954 1318 5007 ἀπο
1341 4954 1564 5028 (αὐτῶν)
1591 4957 1777 5028 χρείαν
1805 4958 1917 5030 ἔχει
1936 4978 1950 4991 ·

377 5040 471 5094 καὶ
513 5040 841 5105 ἀπελθόντες
871 5043 1066 5097 ἐκεῖνοι
1112 5043 1374 5114 ἐποίησαν
1399 5044 1582 5110 καθὼς
1622 5049 1954 5119 προσέταξεν

378 5130 581 5197 αὐτοῖς.
620 5148 639 5180 ι
671 5130 889 5184 Τούτων
913 5130 959 5183 δ’
1009 5129 1182 5196 οὕτως
1224 5133 1478 5202 ἐχόντων,
1522 5134 1856 5205 παραθετέον
1883 5135 1955 5191 τὰ

380 5220 520 5293 ῥητά
542 5224 657 5286 τοῖς
683 5210 857 5293 μόνως
884 5224 1211 5295 σωματικῶς
1243 5227 1336 5279 καὶ
1368 5225 1671 5291 Ἰουδαϊκῶς
1710 5226 1783 5282 τὰ
1826 5244 1957 5300 προ-

381 5308 606 5379 κείμενα
649 5309 743 5362 ἐπὶ
785 5313 853 5382 τῇ
886 5310 981 5364 τοῦ
1026 5312 1266 5383 Χριστοῦ
1309 5315 1580 5387 παρουσίᾳ
1627 5317 1955 5389 γενήσεσθαι

379 5400 803 5472 φανταζομένοις
824 5420 839 5435 ·
868 5404 1105 5458 δεικτέον
1130 5422 1189 5458 τε
1219 5406 1351 5460 αὐτο
1372 5406 1430 5461 δὲ
1456 5406 1574 5480 (sic)
1596 5409 1743 5474 ὅπως
1767 5411 1860 5464 ἐπὶ
1887 5414 1953 5483 τῇ

348 5490 472 5546 στοῦ
515 5493 766 5566 Σωτῆρος
808 5494 966 5566 ἡμῶν
1013 5498 1287 5570 παρουσίᾳ
1331 5498 1426 5552 καὶ
1473 5501 1799 5571 σωματικῶς
1848 5520 1954 5574 περ

376 5599 482 5637 αυτ
519 5623 532 5637 .
577 5626 589 5637 .
634 5625 647 5639 .
691 5603 789 5655 φεν
822 5586 960 5656 μετά
981 5588 1090 5641 τῶν
1109 5587 1283 5643 ἀλλων
1313 5591 1407 5644 καὶ
1432 5593 1465 5661 ἡ
1500 5592 1781 5661 φάσκουσα
1816 5612 1953 5666 προ-

381 5674 598 5739 φητεία,
642 5695 659 5728 ‹
690 5678 801 5731 Καὶ
844 5676 1209 5750 ὲξολοθρεύσει
1235 5679 1459 5752 ἅρματα
1485 5684 1544 5748 ἐξ
1590 5683 1829 5756 Ἐφραῒμ
1860 5687 1953 5742 καὶ

451 5851 492 5882 τι
536 5849 764 5908 Zacltar.
798 5870 847 5910 ιι
873 5894 887 5921 ,
921 5856 974 5923 9,
1051 5858 1132 5914 l0.

2060 4693 2162 4745 ea;
2195 4680 2389 4735 solvite
2419 4686 2473 4734 et
2523 4679 2778 4735 adducite
2820 4678 2976 4733 mihi.
3011 4676 3083 4733 Et
3121 4681 3166 4736 si
3197 4681 3322 4751 quis
3359 4682 3513 4736 vobis
3541 4681 3641 4734 ali-

2059 4770 2191 4843 quid
2225 4771 2446 4837 dixerit,
2474 4772 2644 4828 dicite
2673 4776 2802 4843 quia
2829 4771 3092 4829 Dominus
3115 4788 3255 4844 opus
3301 4773 3388 4827 bis
3438 4771 3635 4839 habet;

2059 4871 2113 4919 et
2147 4862 2434 4919 confestim
2470 4864 2708 4921 dimittet
2731 4880 2847 4921 eos.
2891 4864 2959 4920 Et
2990 4865 3251 4921 abeuntes
3291 4864 3366 4918 illi
3395 4863 3641 4919 fecerunt

2058 4958 2199 5013 sicut
2226 4966 2560 5029 praeceperat
2592 4958 2674 5015 eis
2697 4960 2764 5013 ".
2800 4978 2819 5012 ι
2858 4956 2983 5013 Haec
3014 4957 3089 5010 ita
3131 4971 3255 5011 cum
3287 4971 3346 5011 se
3372 4955 3637 5018 habeant,

2058 5050 2377 5116 exponenda
2423 5058 2552 5106 sunt
2592 5050 2709 5107 hac
2755 5050 2917 5106 verba
2969 5049 3079 5103 illis
3125 5047 3219 5119 qui
3264 5047 3641 5103 tantummodo

2058 5139 2352 5195 carnaliter
2377 5146 2432 5196 et
2453 5140 2681 5197 Judaiee
2708 5155 2773 5196 ea
2806 5141 2875 5196 de
2899 5138 3105 5194 Christi
3133 5138 3368 5194 adventu
3395 5138 3510 5194 ﬁeri
3527 5140 3639 5210 opi-

2059 5237 2292 5293 nantur;
2321 5230 2809 5288 demonstrandum
2861 5238 2947 5286 est
2993 5232 3076 5287 eis
3108 5229 3384 5300 quomodo
3414 5230 3482 5285 de
3518 5229 3639 5284 Sal-

2059 5324 2269 5379 vatoris
2283 5323 2456 5380 nostri
2479 5324 2941 5388 manifestatione,
2962 5324 3047 5380 vel
3072 5323 3388 5382 carnaliter.
3422 5363 3439 5379 .
3475 5363 3489 5378 .
3520 5363 3536 5378 .
3567 5365 3581 5377 .
3620 5366 3633 5379 .

2062 5431 2187 5471 cum
2213 5415 2337 5471 aliis
2359 5422 2413 5471 et
2444 5415 2729 5487 prophetia
2759 5414 2948 5471 dicens
2978 5434 2994 5470 :
3042 5433 3062 5466 ι
3098 5413 3383 5485 Disperdet
3414 5413 3638 5485 quadri-

2062 5520 2159 5576 gas
2207 5520 2275 5561 ex
2299 5505 2558 5576 Ephraim
2597 5511 2653 5561 et
2681 5520 2880 5576 equum
2913 5504 2981 5560 de
3009 5502 3330 5560 Jerusalem.
3373 5522 3393 5558 ι
3444 5502 3637 5561 Divina

2060 5596 2227 5667 igitur
2265 5597 2614 5668 cmlestisque
2660 5596 2866 5654 Christi
2913 5597 3167 5668 potentia
3223 5594 3481 5653 ineﬁabili
3528 5596 3637 5651 vir-

2061 5695 2175 5744 tute
2214 5697 2358 5760 post.
2398 5732 2411 5746 .
2454 5731 2466 5744 .
2507 5729 2518 5741 .
2557 5731 2568 5746 .
2604 5729 2617 5744 .
2656 5730 2670 5744 .
2721 5690 2885 5762 hujus
2912 5690 3210 5764 minsidias;
3243 5691 3523 5762 ipsamque
3548 5688 3635 5745 Ic:

1209 5860 1254 5890 "
1295 5859 1468 5915 Galat.
1502 5878 1576 5930 tv,
1611 5862 1699 5919 26.
1779 5862 1825 5897 ⁷³
1865 5864 2056 5922 Matth.
2089 5883 2179 5921 xxi
2201 5905 2216 5931 ,
2245 5866 2419 5934 %,5,6.
