4100 6438
507 375 641 432 1151
1215 373 1486 429 EUSEBII
1524 373 2008 432 CESARIENSIS
2044 374 2194 433 OPP.
2234 372 2415 433 PARS
2440 376 2535 430 lli.
2574 406 2639 415 —
2682 371 3091 430 EXEGETICA.
3624 376 3765 435 H52

503 487 744 543 rusalem
779 499 925 540 cum.
956 525 971 539 .
1011 524 1025 539 .
1059 522 1075 537 .
1110 523 1126 538 .
1158 523 1174 540 .
1209 524 1225 538 .
1267 484 1323 538 in
1361 483 1564 553 quibus
1592 484 1780 541 hostili
1814 493 2122 556 potestate,

2146 532 2160 551 ,
2187 488 2351 541 ἵππον
2399 484 2461 557 (Γ.
2502 485 2592 558 '53)
2642 484 2703 551 ἐξ
2747 486 3119 559 Ἰερουσαλήμ.
3153 504 3172 537 ι
3227 484 3291 540 Ἦ
3335 485 3465 556 γοῦν
3502 487 3596 541 τοῦ
3635 490 3765 560 Χρι-

504 578 901 649 pessumdedit.
960 575 1135 635 Tunc.
1184 620 1198 632 .
1242 618 1257 631 .
1295 619 1309 632 .
1343 618 1357 631 .
1394 616 1408 632 .
1443 616 1457 631 .
1494 616 1509 631 .
1547 617 1561 634 .
1596 621 1609 635 .
1642 617 1658 633 .
1706 579 1968 650 populum
2021 580 2079 636 in

2187 578 2314 635 στοῦ
2349 578 2470 633 θεία
2501 580 2598 633 καὶ
2641 578 2890 650 οὐράνιος
2932 578 3161 649 δύναμις
3189 578 3485 651 ἀπορρήτῳ
3514 580 3764 652 ἐνεργείᾳ

501 668 619 740 ipsa
654 668 909 739 Ephraim
941 669 1140 738 saepius
1155 668 1515 724 nominatum.
1553 708 1566 722 .
1600 706 1617 721 .
1648 710 1665 726 .
1703 710 1716 726 .
1752 711 1766 724 .
1801 710 1818 726 .
1856 709 1872 726 .
1907 710 1923 725 .
1960 710 1976 725 .
2012 709 2028 724 .
2062 711 2077 727 .

2187 671 2325 743 μετὰ
2361 670 2459 742 τὴν
2503 708 2517 723 .
2564 711 2578 725 .
2623 709 2638 721 .
2681 708 2696 722 .
2735 668 2922 722 τούτου
2971 667 3289 740 ἐπιϐουλήνο
3338 669 3509 741 αὑτήν
3548 686 3610 723 τε
3661 671 3763 742 τὴν

503 770 878 833 praeceptum;
922 759 1261 832 frequentem
1320 776 1522 830 equum
1560 761 1616 817 in
1668 760 1974 819 Jerusalem
2020 770 2079 819 et

2196 759 2552 833 Ἰερουσαλὴμ
2583 760 2680 812 σὺν
2709 758 2804 814 καὶ
2842 762 2908 831 τῇ
2941 776 3085 830 προγ
3126 802 3139 815 .
3183 799 3199 813 .
3242 799 3256 815 .
3304 799 3318 812 .
3362 799 3377 815 .
3420 799 3436 812 .
3476 762 3534 813 ὲν
3563 755 3650 825 αἶς
3689 765 3758 834 τῇ

500 855 841 925 quadrigam.
868 895 885 912 .
914 894 929 910 .
958 894 975 909 .
1003 892 1042 908 ..
1087 892 1101 907 .
1134 870 1231 925 per
1255 855 1521 911 bellorum
1555 856 1721 912 acies.
1753 896 1768 913 .
1808 896 1823 912 .
1859 896 1874 912 .
1906 894 1920 911 .
1955 897 1972 911 .
2007 895 2022 910 .
2059 895 2073 908 .

2183 865 2524 924 τυγχανουσῃ
2559 849 2828 921 πολεμικῇ
2856 849 3080 922 δυνάμει
3111 850 3507 923 ἐξωλόθρευσε’
3550 851 3641 904 τότ
3682 891 3697 907 .
3740 890 3756 905 .

500 948 673 1002 factos
690 962 885 1017 equos,
903 947 1194 1017 pecoribus
1209 948 1596 1019 insipientibus
1616 949 1903 1005 assimilat.
1926 990 1939 1003 .
1962 991 1975 1004 .
2016 990 2029 1004 .
2060 991 2075 1003 .

2185 985 2199 999 .
2244 983 2257 994 .
2302 984 2315 997 .
2356 941 2481 994 λαὸν
2504 939 2595 993 τὸν
2631 943 2689 996 ὲν
2719 941 2858 1013 αὐτῇ
2894 939 3132 1012 Ἐφραῒμ
3154 940 3411 1004 πολλάκις
3436 939 3760 1011 ὠνομασμέ-

497 1053 636 1108 quos
671 1038 886 1109 penitus
911 1053 1101 1103 omnes
1121 1039 1387 1094 adventus
1418 1036 1718 1095 Salvatoris
1746 1038 1922 1094 nostri
1951 1053 2075 1107 pes-

2180 1032 3758 1106 νον......,.........ὲντολήν·πληθύ-

497 1129 789 1186 sumdedit.
834 1170 850 1186 .
893 1172 908 1188 .
953 1172 967 1186 .
1014 1171 1029 1186 .
1077 1172 1090 1185 .
1135 1170 1152 1185 .
1192 1131 1487 1185 salutarem
1515 1128 1857 1200 praesentiam
1893 1127 2075 1201 perdi-

2179 1144 2338 1195 νοντα
2365 1128 2528 1181 ἵππον
2560 1128 2618 1179 ὲν
2650 1129 2716 1197 τῇ
2737 1125 3089 1197 Ἰερουσαλὴμ
3120 1125 3210 1180 καὶ
3239 1127 3419 1198 ἁρματ
3446 1165 3461 1180 .
3504 1165 3520 1182 .
3564 1168 3578 1183 .
3620 1165 3639 1183 .
3678 1165 3695 1180 .
3737 1166 3756 1183 .

494 1219 567 1273 tis
599 1218 727 1274 illis.
768 1260 782 1272 .
831 1261 845 1275 .
889 1259 904 1275 .
947 1258 962 1275 .
1007 1260 1022 1275 .
1068 1259 1085 1274 .
1130 1260 1143 1273 .
1185 1220 1341 1274 multi
1385 1236 1453 1275 ex
1510 1219 1766 1275 omnibus
1817 1220 2072 1290 gentibus

2016 1236 2072 1275 us
2177 1214 2342 1279 τικῶς
2365 1213 2453 1268 διὰ
2480 1213 2578 1279 τὰς
2608 1216 2666 1267 ὲν
2702 1216 2815 1277 τοῖς
2845 1214 3101 1286 πολέμοις
3125 1216 3460 1288 παρατάξεις
3491 1234 3522 1269 τ
3563 1256 3577 1270 .
3620 1254 3635 1270 .

492 1309 549 1363 in
611 1310 832 1369 animis.
877 1352 893 1367 .
931 1351 949 1367 .
995 1353 1009 1366 .
1054 1350 1069 1365 .
1113 1348 1129 1365 .
1169 1318 1519 1380 acceperunt.
1586 1310 1695 1367 Deo
1747 1317 1968 1381 regente
2017 1317 2072 1363 ct

2177 1326 2280 1363 κατ
2318 1349 2330 1360 .
2377 1347 2392 1360 .
2435 1348 2449 1361 .
2494 1348 2508 1362 .
2553 1346 2567 1359 .
2615 1348 2628 1360 .
2674 1346 2689 1362 .
2730 1307 3056 1379 γενομένους
3088 1309 3315 1373 ίππους’
3364 1310 3756 1381 κτήνεσιντοῖς

490 1400 812 1471 imperante.
858 1445 872 1459 .
917 1443 932 1459 .
978 1444 995 1461 .
1041 1445 1054 1457 .
1098 1443 1111 1457 .
1152 1443 1165 1456 .
1208 1403 1440 1472 angelici
1482 1402 1635 1457 verbi
1681 1403 1862 1457 omnis
1913 1408 2071 1456 terrae

2174 1402 2419 1473 ἀνοήτοις
2443 1401 2571 1471 παρ’
2597 1398 2757 1472 ὁμοια
2787 1442 2802 1456 .
2838 1439 2852 1453 .
2880 1438 2896 1454 .
2940 1441 2954 1456 .
2998 1440 3012 1453 .
3056 1438 3073 1454 .
3116 1441 3131 1456 .
3174 1442 3190 1457 .
3235 1442 3250 1455 .
3293 1439 3309 1455 .
3353 1400 3477 1464 .οὒς
3509 1401 3755 1472 ἐναργῶς

488 1494 814 1550 secundum.
858 1534 874 1551 .
917 1533 934 1550 .
981 1537 994 1550 .
1040 1539 1054 1550 .
1096 1535 1111 1553 .
1160 1537 1174 1550 .
1214 1494 1386 1549 divini
1421 1495 1571 1550 verbi
1595 1494 1956 1564 prophetiam.

2177 1494 2386 1557 πάντας
2419 1495 2452 1565 ἡ
2494 1492 2766 1566 παρουσία
2802 1490 2897 1546 τοῦ
2931 1492 3184 1565 Σωτῆρος
3220 1495 3250 1563 ἡ
3261 1493 3376 1564 μῶν
3418 1493 3753 1565 ἐξωλόθρευσ

489 1624 505 1640 .
549 1628 564 1640 .
605 1628 622 1643 .
667 1630 683 1646 .
721 1590 852 1658 γοῦν
884 1590 982 1662 τὴν
1010 1593 1276 1662 σωτήριον
1320 1590 1622 1662 παρουσίαν
1664 1587 2151 1659 ὲξολοθρευθέντων
2183 1590 2407 1643 ἐκείνων
2449 1629 2461 1641 .
2507 1629 2521 1643 .
2566 1627 2579 1642 .
2625 1627 2639 1642 .
2685 1627 2699 1640 .
2739 1587 2902 1658 τυχὸν
2944 1587 3150 1657 πλῆθος
3203 1586 3267 1653 ἐξ
3326 1588 3581 1641 ἁπάντων
3640 1584 3753 1642 τῶν

483 1679 654 1737 ἐθνῶν
680 1683 780 1753 τὴν
809 1684 867 1736 ἐν
891 1687 1012 1748 ταῖς
1036 1684 1234 1755 ψυχαῖς
1273 1722 1289 1736 .
1334 1724 1347 1737 .
1392 1720 1407 1735 .
1451 1723 1466 1738 .
1509 1723 1522 1735 .
1574 1720 1590 1735 .
1634 1721 1648 1733 .
1689 1679 2042 1745 κατεδέξαντο
2070 1698 2083 1711 ·
2124 1682 2215 1735 τοῦ
2270 1680 2405 1734 Θεοῦ
2441 1680 2816 1751 κατάρξαντος
2862 1666 3447 1754 καῖ’κατακρατήσεως
3490 1718 3505 1733 .
3549 1718 3622 1767 ν.
3665 1719 3681 1733 .
3727 1716 3746 1733 .

484 1770 776 1839 ἀγγολικοῦ
808 1770 973 1844 ῥητοῦ
1018 1772 1119 1843 τῆς
1155 1770 1482 1841 οἰκουμένης
1524 1769 1743 1841 ἁπάσης
1789 1769 1929 1823 κατά
1972 1771 2071 1843 τὴν
2113 1813 2124 1825 .
2174 1811 2185 1822 .
2229 1812 2242 1826 .
2288 1811 2302 1824 .
2348 1812 2362 1826 .
2408 1813 2421 1825 .
2461 1788 2529 1841 ην
2562 1769 2658 1823 τοῦ
2694 1768 2837 1824 θείου
2864 1771 3036 1840 Λόγου
3068 1771 3420 1844 προφητείαν.

1076 1883 1306 1941 CAPUT
1347 1881 1524 1943 xxv.
2095 1893 2144 1952 υ
2667 1888 2695 1939 r1

2095 1893 2144 1952 Β
2667 1888 3065 1949 ΚΕΦΑΛΑΙΟΝ
3119 1888 3250 1942 KE'.

964 1995 1050 2051 Ea:
1080 1994 1264 2052 eodem
1301 1993 1345 2049 Ζ
1348 1995 1589 2051 cellaria.

2632 2000 2746 2055 Τοῦ
2776 2000 2965 2055 αὐτοῦ
3004 2003 3285 2072 Ζαχαρία.

553 2127 574 2161 ι
609 2107 675 2161 Et
717 2105 1040 2164 confortabo
1073 2119 1170 2160 eos
1222 2104 1277 2158 in
1327 2103 1560 2159 Domino
1586 2143 1602 2170 ,
1657 2113 1711 2159 et
1760 2104 1816 2157 in
1846 2103 2069 2158 nomine

2245 2129 2264 2161 ι
2308 2113 2419 2166 Καὶ
2457 2113 2774 2187 κατισχύσω
2825 2116 3021 2180 αὐτοὺς
3065 2118 3122 2169 ὲν
3160 2117 3353 2188 Κυρίῳ
3393 2116 3511 2189 θεῷ
3544 2117 3749 2183 αὐτῶν,

476 2201 639 2274 (ejuS)
670 2199 1066 2263 ambulabunt,
1103 2197 1236 2253 dicit
1267 2194 1624 2263 Dominus".
1660 2217 1677 2249 ι
1718 2195 1933 2251 Rursus
1962 2194 2067 2250 Do-

2167 2204 2258 2256 καὶ
2290 2206 2348 2257 ὲν
2400 2205 2478 2277 τῷ
2505 2206 2730 2278 ὀνόματι
2770 2248 2784 2261 .
2829 2248 2844 2262 .
2889 2250 2902 2263 .
2948 2249 2962 2262 .
3006 2250 3021 2264 .
3066 2248 3079 2261 .
3125 2248 3139 2264 .
3180 2211 3563 2281 καυχήσονται,
3593 2211 3744 2280 λέγει

473 2296 655 2349 minus
675 2293 766 2349 Dei
786 2292 1023 2349 Verbum
1044 2306 1104 2346 se
1122 2288 1555 2344 confortaturum
1580 2289 1866 2360 pollicetur
1883 2290 2064 2358 justas

2165 2294 2387 2367 Κύριος.
2431 2317 2450 2350 ι
2491 2297 2659 2352 Πάλιν
2692 2298 2897 2372 Κύριος
2930 2303 2958 2355 ό
2994 2301 3088 2354 τοῦ
3117 2301 3253 2354 Θεοῦ
3289 2302 3459 2370 Λόγος
3488 2302 3743 2373 κατισχύ-

470 2388 527 2442 in
562 2384 794 2440 Domino
852 2383 962 2439 Deo
1023 2398 1250 2447 eorum,
1309 2379 1481 2436 Deum
1514 2388 1569 2437 et
1628 2380 1843 2437 Patrem
1901 2397 2063 2436 suum

2164 2390 2300 2460 (σειν
2329 2391 2688 2462 ὑπι)σχνεῖται
2716 2394 2843 2457 τοὺς
2870 2393 3052 2458 ἀξίους
3079 2394 3137 2447 ὲν
3165 2394 3355 2466 Κυρίῳ
3383 2394 3503 2466 Θεῷ
3542 2395 3742 2461 αὐτῶν,

467 2478 783 2537 ostendens.
811 2476 937 2533 Ideo
967 2476 1022 2530 in
1056 2476 1386 2533 testimoniis
1425 2476 1492 2531 de
1521 2474 1684 2529 Patre
1716 2481 1771 2530 et
1797 2472 1936 2529 Filio
1957 2474 2063 2531 hoc

2160 2481 2252 2534 τὸν
2283 2482 2417 2537 Θεὸν
2440 2484 2535 2537 καὶ
2562 2484 2784 2558 Πατέρα
2809 2487 3003 2541 ἑαυτοῦ
3033 2486 3227 2560 δηλῶν.
3258 2487 3348 2541 Διὸ
3378 2490 3433 2542 ὲν
3462 2491 3576 2552 τοῖς
3612 2487 3744 2562 περὶ

473 2586 691 2642 quoque
716 2570 921 2626 dictum
946 2570 1392 2625 memoravimus.

2160 2575 2373 2648 Πατρὸς
2397 2577 2492 2631 καὶ
2520 2577 2650 2631 Υίοῦ
2676 2579 2770 2632 καὶ
2794 2566 2952 2632 τοῦτο
2984 2578 3376 2651 σεσημειώσθω
3398 2578 3460 2634 τὺ
3486 2579 3667 2652 ῥητόν.

1029 2681 1258 2738 CAPUT
1290 2681 1485 2738 XXVI.

2668 2690 3068 2746 ΚΕΦΑΛΔΙΟΝ
3101 2694 3246 2762 κεῖν.

1103 2795 1189 2850 Ea:
1225 2795 1428 2852 eodem.
2014 2796 2141 2810 ’““”

2014 2796 2141 2810 ’““”
2758 2804 2871 2860 Τοῦ
2925 2805 3135 2869 αὐτοῦ.

545 2932 564 2964 ι
604 2911 672 2965 Et
703 2920 1040 2983 cognoscent
1070 2908 1371 2963 Chananaei
1426 2922 1627 2979 pecora
1689 2907 1825 2962 mihi
1873 2916 2059 2964 custo-

2230 2934 2251 2967 ι
2296 2916 2408 2976 Καὶ
2431 2916 2730 2987 γνώσονται
2758 2919 2808 2972 οί
2837 2920 3130 2973 Χαναναῖοι
3163 2919 3232 2974 τὰ
3262 2920 3511 2991 πρόϐατα
3536 2919 3605 2976 τὰ
3637 2938 3739 2991 φυι

459 3005 680 3068 dienda,
713 3004 842 3074 quia
881 3002 1112 3057 verbum
1144 3000 1357 3058 Domini
1387 3007 1491 3056 est.
1524 2998 1592 3053 Et
1612 2999 1791 3055 dicam
1820 3001 1888 3055 ad
1919 3015 2053 3056 eos:

2155 3009 2467 3081 λασσόμενά
2497 3028 2609 3082 μοι,
2643 3010 2778 3064 διότι
2821 3010 2978 3080 λόγος
3020 3014 3228 3083 Κυρίου
3273 3014 3441 3067 ἐστίν.
3484 3014 3595 3068 Καὶ
3626 3014 3737 3086 ἐρῶ

459 3096 521 3155 Si
552 3098 755 3153 bonum
784 3103 870 3150 est
916 3094 975 3148 in
1005 3093 1182 3149 oculis
1217 3093 1415 3148 vestris
1441 3131 1457 3152 .
1500 3091 1689 3146 all‘erte
1740 3092 2053 3148 mercedem

2154 3101 2291 3173 πρὸς
2316 3101 2531 3167 αὐτούς’
2565 3104 2629 3157 Εἰ
2654 3103 2817 3157 καλὸν
2846 3103 3078 3159 ἐνώπιον
3110 3104 3264 3175 ὑμῶν
3288 3109 3457 3171 ἐστιν,
3488 3106 3611 3162 δότε
3641 3106 3734 3162 τὸν

456 3203 674 3255 meam;
705 3194 760 3244 et
806 3187 855 3242 si
915 3201 1047 3249 non,
1074 3185 1365 3256 quiescite.
1401 3183 1467 3238 Et
1496 3183 1877 3255 appenderunt
1908 3199 2051 3239 mer-

2157 3192 2343 3264 μισθόν
2377 3210 2501 3265 μου,
2535 3195 2568 3267 ἢ
2605 3195 2940 3250 ἀπείπασθε·
2988 3197 3082 3250 καὶ
3129 3196 3365 3270 ἔστησαν
3410 3199 3501 3252 τὸν
3546 3200 3736 3271 μισθόν

458 3282 646 3339 cedem
680 3295 857 3334 meam
885 3279 1107 3350 triginta
1141 3286 1454 3349 argenteos.
1511 3276 1577 3330 Et
1607 3277 1809 3347 projeci
1842 3277 1964 3331 illos
1993 3276 2049 3331 in

2116 3291 2119 3343 ι
2157 3300 2257 3354 μου
2282 3284 2577 3354 τριάκοντα
2614 3286 2944 3357 ἀργυρίουςο
2997 3286 3093 3341 καὶ
3135 3285 3386 3340 ἐνέϐαλον
3427 3287 3624 3352 αὐτοὺς
3654 3289 3735 3351 εἰς

458 3375 682 3432 domum
730 3372 943 3429 Domini
981 3371 1052 3426 ad
1089 3371 1437 3427 statuarium.
1485 3371 1553 3425 Et
1588 3369 1809 3441 praecidi
1842 3371 2051 3441 virgam

2151 3372 2430 3431 τδνόἷκον
2458 3378 2663 3450 Κυρίου
2690 3379 2769 3443 είς
2793 3378 2855 3431 τὸ
2887 3380 3128 3451 χωνευτή
3140 3396 3272 3449 ριον.
3318 3380 3428 3435 Καὶ
3454 3379 3733 3453 autem»:

457 3483 635 3525 meam
667 3466 988 3523 secundam.
1034 3504 1047 3519 .
1089 3505 1103 3519 .
1150 3503 1165 3516 .
1212 3504 1226 3520 .
1269 3504 1284 3517 .
1329 3504 1345 3519 .
1390 3502 1404 3516 .
1446 3470 1506 3517 ut
1538 3462 1893 3519 dissolverem
1921 3479 2046 3535 ger-

2149 3462 2248 3535 τὴν
2281 3464 2474 3536 ῥάϐδον
2517 3465 2615 3537 τὴν
2651 3465 2912 3539 δευτέραν
2954 3507 2968 3521 .
3014 3508 3027 3523 .
3073 3511 3088 3526 .
3134 3506 3147 3523 .
3194 3511 3206 3523 .
3251 3507 3266 3524 .
3310 3508 3325 3523 .
3371 3511 3385 3523 .
3424 3511 3439 3525 .
3479 3469 3573 3523 τοῦ
3613 3469 3732 3524 δια-

454 3564 774 3618 mauitatem
818 3560 961 3615 inter
992 3558 1187 3614 Judam
1221 3565 1276 3612 et
1310 3558 1478 3616 Israel
1506 3557 1575 3610 ⁷⁵.
1636 3575 1655 3608 ι
1706 3557 1849 3624 Quid
1899 3557 2046 3612 enim

2152 3554 2408 3610 σκεδάσαι
2433 3555 2532 3628 τὴν
2558 3555 2823 3628 διαθήκην
2846 3558 3120 3629 ὰναμέσον
3163 3558 3357 3624 Ἰούδα,
3398 3561 3493 3614 καὶ
3521 3559 3728 3631 ἀναμέ-

454 3670 563 3711 non
591 3655 658 3711 de
692 3653 922 3708 Domino
966 3660 1020 3708 et
1054 3652 1336 3706 Salvatore
1369 3658 1559 3705 nostro
1581 3648 1711 3706 Jesu
1741 3648 1980 3705 Christo.
2029 3689 2045 3703 .

2150 3661 2241 3699 σον
2286 3645 2524 3717 Ἰσραήλ.
2563 3667 2582 3699 ι
2614 3648 2724 3702 Καὶ
2756 3650 2808 3702 τί
2839 3648 2949 3721 γὰρ
2979 3650 3100 3724 οὐχὶ
3138 3650 3246 3703 τῶν
3272 3651 3366 3704 ἐπὶ
3395 3650 3491 3705 τοῦ
3521 3651 3726 3725 Κυρίου

456 3789 470 3803 .
516 3788 531 3803 .
577 3787 593 3803 .
634 3785 650 3801 .
695 3787 710 3802 .
788 3746 1080 3817 praevisum
1147 3750 1311 3814 atque
1378 3742 1701 3814 praedictum
1783 3741 1950 3797 fuerit
2009 3756 2047 3797 a

2147 3735 2242 3789 καὶ
2286 3735 2538 3807 Σωτῆρος
2586 3737 2743 3810 ἡμῶν
2800 3738 2974 3809 Ἰησοῦ
3025 3737 3262 3811 Χριστοῦ
3313 3757 3409 3794 συν
3449 3780 3462 3794 .
3508 3778 3523 3793 .
3566 3778 3580 3794 .
3619 3757 3730 3796 των

453 3840 660 3898 sanctis
690 3839 786 3895 Dei
821 3838 1123 3911 prophetis.
1173 3877 1186 3888 .
1233 3878 1246 3890 .
1292 3877 1304 3889 .
1347 3874 1361 3889 .
1409 3874 1423 3886 .
1470 3874 1484 3889 .
1527 3834 1673 3890 enim
1732 3850 1768 3891 ,ο
1818 3833 2046 3905 Virgine

2147 3825 2494 3896 προέγνωστο
2531 3842 2591 3879 τε
2637 3828 2732 3881 καὶ
2769 3829 3064 3901 προείρητο
3105 3832 3218 3894 τοῖς
3258 3830 3423 3901 ἱεροῖς
3449 3829 3543 3884 τοῦ
3590 3829 3727 3884 Θεοῦ

450 3934 709 3988 nativitas
733 3932 854 4001 ejus
875 3938 929 3985 et
962 3928 1284 3984 nativitatis.
1324 3970 1341 3986 .
1384 3970 1399 3985 .
1453 3970 1464 3982 .
1513 3968 1527 3982 .
1572 3967 1586 3980 .
1635 3967 1650 3983 .
1689 3934 1747 3982 et
1782 3926 1941 3981 radix
1970 3941 2038 3982 e-x

2146 3917 2452 3990 προφήταις
2500 3959 2512 3970 .
2558 3959 2572 3972 .
2619 3958 2632 3971 .
2676 3961 2691 3974 .
2733 3958 2749 3973 .
2797 3960 2811 3973 .
2856 3962 2869 3974 .
2911 3921 3020 3991 γὰρ
3074 3923 3140 3974 ὲκ
3191 3921 3463 3994 παρθένου
3514 3922 3728 3993 γένεσις

449 4040 556 4096 qua
595 4022 899 4081 secundum
930 4037 1153 4078 carnem
1198 4021 1420 4092 genitus
1448 4028 1554 4076 est.
1601 4061 1617 4076 .
1661 4060 1675 4075 .
1724 4059 1739 4072 .
1783 4059 1798 4074 .
1844 4060 1859 4074 .
1901 4058 1913 4074 .
1957 4057 1973 4073 .
2024 4057 2040 4073 .

2144 4006 3726 4080 αὐτοῦκαὶὸτῆςγενέσεως.............

455 4116 597 4171 Huic
634 4117 925 4171 incarnato
958 4114 1048 4168 vix
1095 4113 1365 4168 credenda
1394 4127 1491 4185 per
1518 4112 1831 4184 prophetas.
1872 4155 1887 4168 .
1920 4152 1937 4168 .
1969 4152 1984 4166 .
2023 4154 2038 4168 .

2142 4098 2208 4169 λῆ
2244 4100 2339 4152 καὶ
2383 4102 2417 4171 ἡ
2459 4098 2587 4171 ῥίζα
2611 4100 2672 4164 ἐξ
2694 4096 2768 4174 ἦς
2795 4099 2857 4154 τὸ
2899 4100 3042 4155 κατὰ
3069 4101 3244 4173 σάρκα
3272 4100 3624 4171 γεγέννηται·
3656 4099 3727 4154 τά

452 4206 754 4278 Scriptura:
797 4219 827 4257 a
868 4215 1059 4260 sancto
1106 4203 1314 4275 Spiritu
1369 4204 1626 4275 dignatus
1659 4211 1763 4259 est.
1813 4202 1872 4257 In
1920 4219 2042 4258 om-

2141 4206 2201 4244 τε
2243 4231 2257 4245 .
2302 4232 2315 4244 .
2355 4230 2369 4245 .
2414 4231 2429 4245 .
2474 4231 2487 4246 .
2531 4231 2545 4246 .
2590 4233 2604 4246 .
2645 4233 2659 4245 .
2702 4232 2716 4246 .
2763 4233 2777 4247 .
2817 4191 2965 4264 αὐτῷ
3006 4193 3404 4265 ἐπιδημήσαντι
3447 4190 3725 4265 παράδοξα

450 4298 614 4353 nibus
645 4305 701 4352 et
728 4305 980 4361 mortem,
1014 4304 1067 4351 et
1101 4294 1294 4350 mortis
1329 4295 1620 4366 imaginem
1646 4293 2036 4354 ostenderunt,

2138 4283 2228 4339 διὰ
2274 4283 2385 4341 τῶν
2439 4285 2702 4339 ἀνέκαθεν
2751 4286 3048 4358 προφητῶν
3090 4328 3103 4341 .
3147 4327 3162 4340 .
3206 4326 3220 4341 .
3266 4325 3281 4340 .
3320 4286 3421 4356 τῆς
3470 4285 3577 4340 ὑπὸ
3625 4282 3723 4339 τοῦ

450 4402 563 4444 non
617 4386 955 4442 amittentes.
997 4426 1014 4442 .
1060 4427 1074 4440 .
1120 4425 1134 4439 .
1182 4427 1195 4439 .
1234 4399 1416 4456 neque
1475 4399 1596 4455 qua:
1655 4384 1885 4452 pertulit
1937 4380 2035 4437 lla-

2140 4376 2287 4433 θείου
2326 4379 2648 4450 -Πνεύματος
2690 4377 2900 4449 ἠξιώθη
2948 4380 2991 4431 Γ
2996 4379 3205 4451 ραφῆς·
3252 4380 3344 4432 ἐπὶ
3370 4381 3505 4433 πᾶσι
3543 4378 3602 4432 δὲ
3628 4378 3725 4433 καὶ

446 4477 606 4549 gella,
640 4482 695 4532 et
722 4475 1212 4549 sputa,l'tistesqtte
1261 4486 1315 4531 et
1353 4474 1675 4546 approbria.
1724 4471 1836 4528 Sed
1889 4474 2036 4528 hunc

2136 4468 2229 4523 τὸν
2277 4468 2504 4525 θάνατον
2552 4470 2645 4531 καὶ
2686 4470 2748 4522 τὸ
2790 4469 2982 4522 τούτου
3029 4466 3167 4532 εἶδος
3209 4470 3615 4542 προεδήλωσαν,
3658 4469 3724 4523 οὐ

445 4568 540 4640 qui
569 4568 795 4623 tradidit
822 4583 946 4623 eum
994 4565 1385 4622 insidiantibus
1407 4566 1809 4637 discipulorum
1864 4584 2031 4622 unum

2137 4562 2505 4633 παραλιπόντε
2546 4601 2561 4615 .
2602 4600 2617 4616 .
2664 4603 2679 4618 .
2722 4600 2737 4615 .
2781 4600 2797 4616 .
2837 4602 2852 4616 .
2890 4562 3000 4615 οὐδ’
3046 4563 3113 4627 ἃς
3143 4550 3404 4635 ὑπέμεινε
3452 4564 3725 4635 μάστιγας

446 4660 773 4716 indicantes.
816 4658 1150 4714 Nominatim
1189 4660 1357 4731 igitur
1378 4674 1510 4713 eum
1572 4668 1892 4716 exsecratus
1940 4670 2032 4717 est

2106 4657 2229 4711 ’καὶ
2254 4658 2611 4728 ὲμπτυσμοὺς
2648 4657 2969 4729 ῥαπίσματα
3009 4675 3069 4711 τε
3098 4658 3195 4713 καὶ
3221 4658 3436 4731 ὕϐρειςσ
3466 4657 3600 4713 ἀλλὰ
3627 4657 3725 4712 τὸν

421 4769 542 4824 per
600 4751 890 4810 Jeremiam
954 4751 1193 4825 Spiritus
1253 4762 1480 4807 sanctus
1524 4751 1765 4808 dicens:
1832 4773 1853 4803 ‹
1892 4752 2031 4811 Pec-

2139 4750 2493 4823 προδώσαντα
2518 4751 2680 4805 αὐτὸν
2706 4754 2818 4815 τοῖς
2840 4751 3279 4808 ἐπιϐουλεύουσιν
3308 4755 3366 4806 ἐν
3397 4751 3576 4806 αὐτῶν
3601 4750 3724 4821 (ἕνα

443 4850 625 4896 catum
688 4839 830 4897 Iuda
895 4844 1159 4913 scriptum
1199 4851 1284 4896 est
1335 4840 1478 4912 stylo
1520 4842 1703 4898 krreo
1754 4843 1810 4900 in
1847 4860 2029 4916 ungue

2133 4844 2264 4912 τῶν)
2324 4842 2581 4915 μαθητῶν
2628 4845 2966 4915 μηνύσαντες
2992 4863 3006 4877 ·
3061 4845 3321 4915 ὀνομαστὶ
3377 4844 3509 4914 γοῦν
3553 4844 3723 4898 αὐτὸν

443 4931 797 4989 adamantina
855 4934 921 4989 ⁷⁵.
990 4954 1014 4987 ν
1088 4932 1215 4987 Hinc
1293 4932 1350 4986 in
1417 4930 1688 4988 Hebraico
1756 4941 1812 4989 et
1882 4934 2027 5006 apud

2134 4939 2477 5010 ὲστηλίτευσε
2521 4939 2611 4994 διὰ
2649 4940 2913 5012 Ἱερεμίου
2961 4941 3021 4995 τὸ
3069 4941 3209 4993 θεῖον
3254 4939 3479 5011 Πνεῦμα
3514 4940 3719 5009 φῆσαν,

442 5024 582 5081 LXX
624 5026 958 5098 interpretes
1021 5026 1300 5090 invenies;
1354 5033 1522 5095 atque
1574 5027 1631 5081 in
1668 5029 1839 5084 variis
1870 5030 2021 5099 psal-

2136 5052 2156 5086 ι
2198 5033 2472 5105 Ἀμαρτία
2511 5034 2681 5089 Ἰούδα
2712 5035 3019 5105 γέγραπται
3048 5036 3106 5087 ὲν
3128 5033 3377 5103 γραφείῳ
3407 5031 3634 5104 σιδηρῷ,
3655 5034 3720 5086 ὲν

438 5120 547 5177 mis
609 5136 731 5193 quae
797 5122 867 5177 de
944 5120 1038 5175 illo
1109 5119 1361 5176 feruntur
1414 5120 1620 5176 disces.
1690 5120 1848 5176 Nunc
1918 5136 2024 5178 au.

2126 5125 2281 5196 ὄνυχι
2315 5125 2675 5198 ἀδαμαντίνῳ.
2708 5146 2728 5178 ι
2768 5127 2951 5181 Ταῦτα
2972 5125 3018 5179 δ’
3058 5127 3115 5179 ὲν
3146 5124 3293 5195 αὐτῷ
3314 5125 3393 5193 τῷ
3439 5123 3713 5197 Ἐϐραῖκῷ

439 5224 546 5271 tem
583 5215 866 5286 praecitato
927 5225 1076 5272 textu
1119 5230 1379 5287 expresse
1420 5213 1773 5270 denariorum
1826 5230 2021 5269 nume-

2128 5218 2224 5275 καὶ
2247 5222 2359 5282 τοῖς
2386 5218 2592 5283 λοιποῖς
2614 5217 2795 5290 εὕροις
2812 5218 2877 5273 ἂν
2901 5218 3050 5290 παρὰ
3069 5219 3193 5280 τοὺς
3214 5222 3269 5272 0'
3307 5218 3703 5292 'Eppnvswac'

436 5323 589 5373 rum,
625 5310 827 5380 quibus
879 5312 1119 5383 acceptis
1167 5310 1339 5369 eludas
1385 5318 1707 5386 magistrum
1755 5314 2022 5370 insidian-

2130 5311 2225 5363 καὶ
2261 5313 2318 5363 ὲν
2361 5310 2595 5382 ψαλμοῖς
2620 5310 2678 5364 δὲ
2717 5310 2993 5382 διαφόροις
3026 5308 3218 5380 μάθοις
3245 5308 3312 5362 ἂν
3339 5310 3411 5362 τὰ
3458 5310 3579 5363 κατ’
3611 5309 3702 5364 αὑ-

434 5400 584 5457 tibus
604 5400 860 5467 tradidit,
897 5403 1083 5459 divina
1129 5407 1457 5475 praenuntiat
1504 5406 1804 5478 Scriptura.
1844 5405 2025 5462 Caete-

2127 5404 2218 5457 τὸν
2243 5402 2546 5475 δηλούμενα
2567 5420 2580 5434 ο
2614 5405 2709 5458 καὶ
2756 5403 2850 5457 νῦν
2878 5403 2923 5457 δ’
2952 5403 3106 5456 οὐδὲν
3132 5396 3292 5474 ἧττον
3318 5401 3411 5455 διὰ
3438 5403 3540 5472 τῆς
3575 5417 3705 5472 προ-

437 5507 559 5546 rum
590 5492 699 5548 dici
724 5505 960 5565 possunt
980 5511 1103 5567 quae
1125 5498 1414 5555 retulimus
1437 5500 1506 5555 de
1532 5498 1739 5554 Christi
1764 5512 2021 5568 persona,

2126 5496 2387 5568 κειμένης
2415 5496 2611 5564 λέξεως
2658 5497 2845 5567 σαφῶς
2894 5498 2985 5551 καὶ
3025 5496 3116 5549 τὸν
3156 5494 3388 5568 ἀριθμὸν
3411 5495 3506 5550 τοῦ
3533 5495 3709 5566 ἀργυ-

438 5583 645 5638 scilicet
665 5584 940 5653 quomodo
980 5587 1306 5645 insidiantes
1335 5590 1409 5655 ei,
1441 5604 1582 5660 quos
1614 5589 1750 5643 alias
1772 5586 2017 5659 quidem,

2129 5589 2262 5659 ρίου¹
2295 5590 2433 5661 ὅπερ
2478 5588 2659 5643 λαϐὼν
2696 5591 2726 5642 ὁ
2777 5590 2975 5653 Ἰούδας
3013 5590 3296 5663 προύδωκε
3337 5591 3447 5653 τοῖς
3478 5585 3706 5642 ἐπιϐουο

442 5691 460 5724 ι
502 5673 776 5747 principes
810 5676 1170 5737 Sodomorum
1192 5690 1246 5738 et
1279 5682 1541 5753 pupulum
1571 5679 1959 5751 Gomorrhae",
1994 5699 2013 5733 ι

2123 5679 2338 5735 λεύουσι
2362 5681 2456 5734 τὸν
2477 5680 2813 5748 διδάσκαλον,
2846 5684 2879 5754 ἡ
2910 5681 3030 5737 θεία
3064 5681 3461 5755 προθε(σπίζει)
3483 5680 3702 5754 Γραφή.

505 5828 549 5859 ⁷⁸
575 5827 738 5884 Zach.
775 5845 829 5898 χ,
867 5830 983 5897 12.,
1026 5834 1071 5865 ⁷⁵
1100 5833 1267 5889 Zacli.
1298 5850 1375 5901 ιι,
1413 5836 1599 5894 th“.
1673 5834 1849 5893 "Jcr.
1884 5853 2031 5902 xvii,
2095 5836 2121 5891 l

1029 5833 1375 5901 "laciuxr,
1413 5836 1599 5894 Η--Η,
1673 5834 1849 5893 "Jcr.
1884 5853 2031 5902 xvtt,
2095 5836 2146 5893 1.
2215 5838 2266 5911 ,⁷⁷
2309 5836 2412 5891 lsa.
2470 5854 2509 5904 ι,
2568 5839 2648 5892 ιο.
