4100 6424
346 398 485 453 Ηξὶὸ

1364 385 1657 442 ECLOCAZ
1700 382 2266 440 PBOPIIETICAZ.——
2289 382 2418 437 LIB.
2456 382 2545 438 111.

3471 384 3607 439 1154

343 516 568 585 Δέγοιτο
593 511 636 565 δ’
667 511 733 564 ἂν
760 509 830 562 τ’ἀ
862 507 1198 580 προκείμενα
1228 506 1292 558 ὲκ
1327 502 1619 577 προσώπου
1660 503 1754 556 τοῦ
1787 501 1922 573 Χρι-

2029 502 2376 570 propheticus
2405 506 2565 553 vocat
2612 512 2827 560 sermo.
2889 505 3022 552 tunc
3072 497 3334 566 temporis
3392 495 3609 553 Chana-

347 604 493 669 στοῦ,
530 603 717 672 ὥσπερ
753 602 878 664 τοὺς
922 596 1412 659 ἐπιϐουλεύσαντας
1450 593 1633 664 αὐτῷ,
1681 591 1773 656 οὒς
1810 591 1924 645 ἐτέ-

348 696 478 768 ρωθι
511 693 608 766 μὲν
642 693 709 765 (Γ.
742 693 813 746 55
839 690 913 762 νο)
946 709 964 740 ι
995 690 1265 760 ἄρχοντας
1291 686 1541 757 Σοδόμων
1567 684 1657 738 καὶ
1677 683 1804 737 λαὸν
1830 683 1925 735 Γο-

350 787 557 858 μόρρας
587 804 604 838 ι
638 785 667 835 ὁ
696 786 793 855 τῆς
821 780 1161 854 προφητείας
1201 777 1468 833 ἀποκαλεῖ
1494 776 1670 844 λόγος,
1706 774 1798 827 ἐπὶ
1828 770 1930 827 τοῦ

347 878 613 952 παρόντος
654 876 712 929 δὲ
761 873 1099 935 Χαναναίους
1138 870 1227 924 διά
1263 870 1362 941 τὴν
1405 869 1543 943 πρὸς
1583 870 1708 931 τοὺς
1740 868 1923 920 Χανα-

347 973 529 1035 ναίους
566 968 881 1040 ἐξομοίωσιν
910 964 1105 1028 αὐτοὺς
1132 963 1407 1035 ὀνομάζει.
1442 962 1665 1032 Φήσασα
1708 959 1840 1028 γοῦν
1890 959 1924 1029 ἡ

349 1063 654 1138 προφητεία
680 1062 760 1125 τὸ,
799 1078 818 1111 ι
854 1060 963 1113 Καὶ
984 1057 1284 1127 γνώσονται
1317 1057 1365 1109 οἱ
1398 1056 1712 1117 Χαναναῖοι,
1749 1074 1768 1105 ι
1803 1054 1924 1105 ἐπι-

350 1158 525 1230 φέρει,
568 1155 892 1209 διδάσκουσα
931 1152 1080 1223 ἡμᾶς
1119 1149 1271 1212 τίνας
1318 1147 1567 1219 βούλεται
1616 1146 1922 1217 σημαίνειν,

348 1246 442 1301 καί
466 1262 648 1316 φησιν,
684 1261 701 1293 ι
736 1241 805 1295 τά
828 1241 1073 1313 πρόϐατα
1092 1238 1160 1292 τά
1187 1236 1571 1309 φυλασσόμενά
1601 1252 1711 1308 μοι.
1745 1255 1765 1287 ι
1793 1235 1926 1288 Τίνα

346 1333 405 1393 δὲ
447 1333 515 1409 ἦν
566 1336 739 1390 ταῦτα
772 1334 840 1387 τὰ
874 1333 1146 1404 πρόϐατα,
1195 1330 1264 1384 τά
1313 1330 1579 1403 πρότερον
1629 1329 1707 1401 τῷ
1738 1328 1925 1401 Κυρίῳ

280 1470 287 1477 .
348 1430 752 1500 φυλασσόμενα,
792 1427 825 1497 ἢ
854 1429 883 1480 ὁ
907 1428 971 1479 ἐκ
1018 1423 1324 1497 περιτομῆς
1355 1422 1520 1487 λαός;
1561 1419 1654 1485 οὒς
1690 1420 1787 1475 νῦν
1817 1423 1929 1473 Χα-

346 1522 595 1584 ναναίους
617 1519 885 1591 ὀνομάσας
908 1519 936 1570 ὁ
954 1518 1145 1586 Λόγος,
1175 1517 1252 1579 ὡς
1273 1518 1337 1569 ἐκ
1365 1513 1654 1586 προσώπου
1677 1514 1771 1567 τοῦ
1798 1514 1929 1583 Χριο

349 1613 475 1669 στοῦ
503 1614 698 1681 ἐπάγει
726 1611 921 1680 λέγων,
957 1628 975 1660 ι
1010 1609 1103 1663 καὶ
1131 1607 1243 1681 ἐρῶ
1268 1608 1404 1681 πρὸς
1430 1607 1628 1670 αὐτοὺς
1665 1627 1684 1658 ι
1715 1606 1782 1660 τά
1806 1606 1930 1658 ἀνα-

345 1706 726 1779 γεγραμμένα,
760 1704 796 1758 ἀ
843 1703 937 1757 καὶ
973 1703 1119 1770 λέγοι
1165 1702 1232 1755 ἂν
1278 1701 1413 1773 πρὸς
1455 1701 1582 1763 τοὺς
1611 1697 1926 1752 ἐπιϐουλεύ-

349 1812 547 1858 σαντας
574 1793 744 1865 αὐτῷ,
773 1793 912 1861 ὑπὲρ
952 1785 1027 1845 ὧν
1071 1792 1271 1853 αὐτοὺς
1312 1789 1645 1859 εὐεργέτησε
1683 1789 1810 1851 τοὺς
1842 1804 1929 1857 μι-

2029 608 2176 649 meos
2203 600 2425 666 propter
2446 605 2632 647 eorum
2669 605 2792 645 cum
2816 589 3140 646 Chananaeis
3169 588 3607 655 similitudinem,

2026 694 2206 742 vocat.
2234 683 2530 756 Postquam
2557 683 2723 753 igitur
2758 683 3045 754 prophetia
3067 682 3227 750 dixit,
3257 701 3276 733 ι
3308 680 3377 735 Et
3406 695 3613 751 cogno-

2026 784 2180 834 scent
2207 776 2517 844 Chananaai,
2548 795 2563 828 ι
2602 775 2809 845 adjicit,
2833 790 2935 829 nos
2962 775 3167 831 docens
3195 788 3334 846 quos
3363 772 3614 829 indicare

2023 872 2175 937 velit,
2206 870 2466 940 dicitque,
2493 885 2514 921 ι
2553 884 2743 940 greges
2794 882 2914 939 quae
2964 866 3355 923 custodiuntur
3396 866 3552 921 mihi.
3585 884 3605 917 ι
3640 910 3641 913 η

2027 962 2159 1030 Quae
2189 970 2367 1017 autem
2390 967 2546 1017 erant
2576 962 2685 1016 illae
2729 975 2940 1032 greges,
2970 959 3125 1030 prius
3155 958 3386 1013 Domino
3419 967 3610 1012 custo-

2027 1055 2175 1119 ditaa,
2201 1054 2310 1109 nisi
2331 1052 2768 1109 circumcisionis
2813 1051 3087 1123 populus?
3113 1065 3252 1121 quos
3294 1064 3442 1103 nunc
3467 1047 3609 1104 Cha-

2027 1160 2251 1202 nanazos
2285 1159 2486 1201 vocans
2516 1142 2821 1213 Scriptura,
2847 1143 3005 1214 quasi
3040 1144 3109 1198 de
3132 1141 3338 1198 Christi
3371 1153 3608 1211 persona

2029 1238 2201 1303 addit,
2234 1256 2253 1289 ι
2296 1244 2351 1292 et
2378 1236 2556 1291 dicam
2598 1236 2667 1290 ad
2695 1250 2791 1291 eos
2828 1255 2845 1289 ν
2874 1251 2996 1307 quae.
3024 1237 3226 1306 scripta
3286 1242 3444 1298 sunt,
3489 1248 3611 1305 quae

2027 1337 2081 1387 et
2109 1330 2291 1385 dicere
2315 1335 2495 1398 potest
2518 1327 2915 1384 insidiantibus
2945 1327 3071 1392 sibi,
3095 1327 3255 1398 quasi
3311 1329 3380 1381 ab
3424 1326 3493 1382 iis
3522 1341 3609 1381 re-

2030 1431 2220 1492 petens
2252 1435 2478 1476 suorum
2512 1421 2568 1475 in
2622 1436 2720 1477 eos
2758 1419 3147 1476 beneficiorum
3177 1420 3483 1476 mercedem
3503 1459 3520 1484 ,
3549 1419 3613 1474 ii-

2027 1514 2152 1570 dem
2188 1515 2399 1571 scilicet
2432 1515 2488 1568 in
2523 1527 2586 1569 se
2609 1553 2626 1579 ,
2673 1522 3208 1584 consentaneamque
3241 1513 3365 1569 ﬁdei
3411 1514 3610 1580 vitam;

2030 1606 2111 1661 sic
2134 1605 2279 1661 enim
2321 1606 2586 1677 intelligo,
2617 1623 2637 1658 ι
2677 1604 2869 1662 aﬂ'erte
2914 1606 3220 1661 mercedem
3260 1620 3457 1662 meam.
3494 1625 3514 1658 ι
3547 1605 3615 1661 lli

2028 1714 2181 1765 vero,
2210 1699 2512 1755 secundum
2554 1713 2617 1754 ea
2641 1713 2762 1769 quae
2794 1699 2931 1754 alias
2960 1699 3029 1755 de
3073 1698 3211 1769 ipsis
3255 1699 3326 1754 ab
3356 1714 3422 1754 eo
3467 1699 3614 1755 dicta

2031 1800 2179 1859 sunt,
2217 1811 2236 1844 ι
2273 1792 2380 1849 Pro
2402 1808 2468 1849 eo
2498 1800 2560 1849 ut
2584 1807 2671 1847 me
2692 1791 3001 1863 diligerent,
3030 1792 3392 1848 detrahebant
3434 1793 3565 1847 mihi
3596 1810 3610 1848 :

348 1888 508 1951 σθοὺς
536 1886 725 1957 ὥσπερ
756 1885 922 1939 αἰτῶν
954 1884 1172 1947 αὐτοὺς,
1207 1882 1351 1935 τοῦτ’
1390 1881 1506 1934 ἐστι
1532 1881 1630 1953 τὴν
1655 1883 1732 1944 είς
1764 1880 1927 1934 αὑτὸν

2030 1900 2130 1956 ego
2158 1892 2341 1940 autem
2369 1884 2616 1941 orabam.
2650 1883 2715 1938 Et
2744 1891 3047 1955 posuerunt
3069 1884 3361 1940 adversum
3389 1899 3475 1940 me
3500 1900 3613 1939 ma-

349 1982 530 2035 πίστιν
559 1979 654 2033 καὶ
695 1978 787 2031 τὸν
824 1977 996 2049 ταύτῃ
1042 1973 1377 2044 κατάλληλον
1418 1971 1557 2043 βίον·
1605 1970 1778 2034 οὕτως
1816 1970 1925 2042 γὰρ

348 2074 531 2128 ἀκούω
563 2072 678 2135 τοῦ,
723 2090 741 2122 ι
774 2071 893 2124 δότε
923 2070 1013 2123 τὸν
1055 2067 1247 2139 μισθόν
1286 2084 1416 2138 μου·
1456 2087 1476 2119 ι
1502 2067 1551 2119 οί
1586 2066 1664 2127 δὲ,
1693 2064 1833 2119 κατὰ
1869 2066 1928 2117 τὸ

346 2163 572 2235 ἑτέρωθι
618 2163 744 2233 περὶ
785 2159 965 2215 αὐτῶν
1003 2156 1293 2229 εἰρημένον
1340 2158 1431 2211 ὑπ’
1480 2155 1669 2218 αὐτοῦ,
1714 2174 1733 2206 ι
1784 2155 1929 2207 Ἀντὶ

344 2257 440 2311 τοῦ
484 2257 707 2325 ἀγαπᾷν
750 2271 839 2326 με,
872 2251 1207 2307 ἐνδιέϐαλλόν
1240 2268 1328 2322 με,
1375 2248 1487 2318 ἐγὼ
1518 2249 1576 2302 δὲ
1618 2248 1926 2321 προσηυχό-

350 2365 485 2421 μην·
523 2348 617 2401 καὶ
656 2345 840 2400 ἔθεντο
882 2345 1003 2398 κατ’
1044 2341 1181 2413 ἐμοῦ
1223 2340 1372 2395 κακά
1405 2340 1525 2394 ἀντὶ
1554 2338 1799 2407 ἀγαθῶν,
1830 2339 1928 2391 καὶ

349 2444 505 2512 μῖσος
531 2440 651 2494 ἀντὶ¹
679 2440 777 2509 τῆς
805 2433 1137 2507 ἀγαπήσεώς
1184 2449 1315 2504 μου·
1358 2450 1378 2486 ι
1426 2431 1720 2504 τριάκοντα
1760 2431 1929 2501 ἀργυ-

350 2532 497 2605 ρίους
539 2531 832 2601 στήσαντες
864 2528 1138 2599 παρέσχον
1166 2524 1244 2596 τῷ
1294 2524 1551 2597 προδότῃ,
1581 2522 1822 2593 ὡσπερεὶ
1848 2538 1930 2575 το-

348 2624 536 2679 σούτου
580 2624 740 2677 αὑτὸν
772 2625 838 2694 τῇ
879 2621 1218 2693 ἁσεϐεστάτῃ
1246 2617 1427 2673 αὐτῶν
1469 2617 1647 2687 κρίσει
1684 2612 1929 2685 τιμώμε-

345 2732 447 2770 νοι.
495 2715 631 2768 Ἀλλ’
659 2715 782 2767 ἐπεὶ
812 2714 872 2767 τὺ
903 2712 1134 2765 ἑκάστου
1166 2710 1327 2784 ἔργον
1366 2707 1548 2763 ὁποῖόν
1580 2709 1694 2759 ἐστι
1726 2706 1786 2758 τὸ
1816 2704 1928 2776 πῦρ

344 2805 651 2876 δοκιμάσει,
693 2802 885 2856 τούτου
922 2802 1080 2873 χάριν
1130 2800 1377 2854 καθεῖναι
1430 2797 1648 2860 αὐτοὺς,
1689 2814 1707 2845 ι
1747 2796 1824 2858 εἰς
1868 2794 1929 2847 τὸ

346 2897 728 2968 χωνευτήριον,
768 2914 787 2946 ι
823 2892 967 2947 τοῦτ’
998 2891 1142 2945 ἐστιν
1167 2894 1247 2955 είς
1275 2890 1334 2944 τὸ
1361 2889 1458 2960 τῆς
1489 2887 1719 2959 κρίσεως
1749 2885 1841 2938 καὶ
1869 2885 1929 2936 τὸ

345 2991 445 3061 τῆς
473 2989 747 3053 κολάσεως
794 2988 926 3059 πῦρ,
962 2989 1013 3057 ὁ,
1040 2984 1244 3056 Κύριος
1279 2981 1612 3055 προστάσσει
1633 2996 1647 3010 ο
1684 2978 1835 3040 τίνας
1872 2976 1929 3029 δὲ

349 3084 610 3155 αὐτοί)ςῆ
649 3084 775 3145 τοὺς
818 3079 1309 3140 ἐπιϐουλεύσαντας
1343 3074 1525 3145 αὐτῷ;
1573 3073 1681 3126 Καὶ
1733 3071 1930 3141 σκέψαι

345 3180 424 3243 δὲ,
456 3177 641 3249 φησιν,
669 3178 719 3229 εί
759 3173 980 3244 δόκιμόν
1006 3174 1173 3237 ἐστιν,
1203 3169 1360 3241 δῆλον
1403 3167 1448 3221 δ’
1481 3167 1563 3219 ὅτι
1590 3164 1651 3219 τὸ
1687 3164 1805 3218 κατ’
1833 3165 1932 3217 αὑ-

346 3271 439 3324 τοῦ
464 3268 693 3343 δρασθὲν
733 3267 947 3329 αὐτοῖς·
979 3263 1126 3333 λέγει
1168 3261 1226 3315 δὲ
1258 3259 1454 3323 αὐτοὺς
1488 3258 1546 3311 ἐν
1576 3256 1654 3327 τῷ
1681 3261 1812 3328 πυρὶ
1842 3256 1927 3309 δο-

347 3359 805 3435 κιμασθήσεσθαι,
835 3358 894 3411 ὃν
945 3356 1145 3428 τρόπον
1188 3353 1286 3407 καὶ
1325 3349 1490 3415 αὐτὸς
1530 3351 1559 3403 ὁ
1602 3348 1806 3420 Κύριος
1838 3346 1927 3400 διὰ

347 3455 447 3525 τῆς
474 3456 551 3516 είς
581 3452 757 3522 σάρκα
787 3446 1079 3519 ἐπιδημίας
1107 3446 1201 3499 καὶ
1234 3442 1326 3497 τοῦ
1356 3440 1561 3504 πάθους
1594 3438 1925 3509 ἐδοκιμάσθη

349 3547 490 3617 ὑπὲρ
536 3543 744 3599 αὐτῶν·
791 3541 887 3595 καὶ
927 3539 1035 3610 γὰρ
1075 3538 1141 3607 δὴ
1185 3533 1609 3606 προηγουμένως
1651 3529 1924 3601 ἐνηνθρὼ-

2030 1980 2081 2032 la
2114 1993 2215 2048 pro
2245 1977 2426 2042 bonis,
2445 1984 2501 2033 et
2527 1978 2710 2033 odium
2743 1993 2843 2048 pro
2869 1976 3163 2035 dilectione
3190 1990 3310 2032 mea
3342 1978 3407 2031 ⁷⁸.
3440 1996 3460 2030 ι
3489 1975 3615 2030 Tri-

2027 2067 2179 2139 ginta
2206 2082 2464 2124 nummos
2519 2075 2754 2122 statutos
2808 2066 3077 2138 proditori
3125 2066 3425 2131 dederunt,
3478 2068 3617 2122 tanti

2026 2174 2149 2215 eum
2187 2159 2510 2230 impiissima
2568 2160 2929 2215 aestimatione
2980 2159 3266 2215 facientes.
3326 2157 3453 2214 Sed.
3484 2174 3613 2214 cum

2026 2253 2291 2324 cujusque
2318 2268 2457 2324 opus
2489 2254 2651 2324 quale
2683 2252 2757 2308 sit
2788 2252 2912 2323 igne
2935 2261 3022 2310 est
3055 2253 3399 2326 probandum
3421 2292 3437 2319 ,
3489 2252 3612 2307 ideo

2025 2346 2295 2417 projicere
2329 2361 2427 2402 eos
2465 2346 2533 2402 ad
2578 2343 2928 2413 st'atuarium,
2955 2346 3008 2402 id
3064 2359 3150 2403 est
3197 2346 3255 2402 in
3306 2346 3503 2417 judicii
3561 2353 3619 2402 et

2026 2438 2279 2509 supplicii
2309 2438 2520 2508 ignem,
2551 2437 2816 2495 Dominus
2849 2439 3025 2509 jubet.
3058 2438 3291 2506 Quinam
3322 2452 3457 2491 vero
3487 2448 3618 2493 sunt

2025 2530 2102 2596 ii,
2134 2532 2242 2587 nisi
2274 2531 2494 2586 sibimet
2536 2531 2639 2603 ipsi
2673 2519 3034 2587 insidiantes?
3062 2532 3388 2602 Appretiare
3436 2531 3615 2600 jubet,

2026 2621 2236 2677 scilicet
2257 2619 2313 2674 in
2335 2620 2404 2675 iis
2429 2634 2552 2689 quae
2582 2620 2846 2677 adversus
2870 2635 2930 2676 se
2952 2619 3312 2677 admiserunt.
3352 2619 3495 2675 Dicit
3519 2635 3619 2677 eos

2027 2714 2084 2768 in
2113 2712 2236 2782 igne
2257 2710 2572 2782 probandos
2599 2727 2743 2777 esse,
2774 2711 3234 2783 quemadmodum
3279 2717 3335 2765 et
3362 2711 3481 2781 ipse
3514 2710 3618 2765 Do-

2028 2804 2210 2860 minus
2236 2806 2293 2859 in
2316 2804 2716 2861 incarnationis
2751 2812 2806 2861 et
2836 2806 3110 2877 passionis
3160 2811 3406 2874 tempore
3436 2805 3505 2859 ab
3536 2804 3618 2860 eis

2031 2897 2291 2969 probatus
2325 2907 2431 2954 est.
2462 2897 2679 2955 Etenim
2710 2901 2949 2970 primum
2979 2900 3144 2955 homo
3188 2901 3371 2955 factus
3402 2908 3461 2955 et
3490 2916 3621 2970 pas-

2029 3003 2128 3045 sus
2148 2999 2234 3045 est
2257 3004 2358 3060 pro
2394 2989 2733 3059 perditarum
2767 2991 2951 3045 ovium
2989 2990 3185 3045 domus
3214 2989 3381 3046 Israel
3419 2993 3617 3049 salute.

2029 3079 2129 3137 His
2155 3080 2354 3138 deinde
2379 3088 2505 3153 post
2535 3082 2839 3138 Salvatoris
2864 3083 3041 3138 nostri
3083 3084 3389 3153 passionem
3434 3098 3620 3153 repro-

2030 3172 2306 3230 bationem
2341 3172 2532 3230 eordm
2566 3173 2819 3230 indicans
2841 3170 3126 3243 Scriptura
3153 3174 3304 3239 dicit,
3361 3192 3380 3225 ι
3410 3180 3464 3229 et
3486 3188 3623 3243 pras-

2032 3266 2143 3321 cidi
2170 3266 2379 3337 virgam
2429 3280 2606 3321 meam
2643 3266 2961 3321 secundam.
2991 3285 3014 3318 s
3047 3264 3181 3333 Quae
3213 3267 3287 3322 sit
3320 3267 3433 3322 haec
3466 3266 3624 3335 virga

2027 3356 2234 3412 docens
2265 3355 2455 3425 adjicit
2511 3373 2531 3407 ι
2570 3354 2897 3423 funiculum,
2933 3376 2952 3409 ι
2992 3358 3061 3413 de
3087 3374 3197 3429 quo
3228 3358 3452 3422 dicitur,
3474 3376 3494 3409 ι
3534 3356 3625 3413 fu-

2025 3448 2270 3502 niculum
2302 3446 2635 3503 luereditatis
2660 3450 2783 3518 ejus
2812 3448 2999 3505 Israel.
3023 3449 3100 3502 ⁷⁸»
3144 3448 3490 3506 Manifestius
3515 3451 3620 3521 igi-

2026 3547 2117 3594 tur
2139 3539 2274 3594 illud
2297 3539 2561 3605 ostendit,
2584 3541 2908 3611 subjiciens,
2942 3551 2970 3593 ί
2994 3549 3057 3596 ιιι
3076 3541 3433 3599 dissolverem
3466 3545 3623 3614 prius

349 3657 512 3711 πησε,
546 3638 637 3691 καὶ
669 3634 934 3689 πέπονθεν
960 3632 1102 3704 ὑπὲρ
1132 3628 1406 3700 σωτηρίας
1436 3625 1545 3680 τῶν
1570 3623 1926 3678 ἀπολωλότων

2029 3637 2412 3685 testamentum
2441 3629 2561 3698 Dei,
2591 3631 2733 3687 inter
2752 3630 2949 3686 Iudam
2977 3640 3033 3689 et
3066 3633 3254 3689 Israel.
3286 3654 3305 3687 ι
3343 3633 3411 3687 Et
3435 3644 3625 3704 aperte

353 3733 639 3804 προϐάτων
656 3732 803 3784 οῖκου
819 3727 1060 3798 Ἰσραήλ.
1088 3722 1311 3785 Τούτοις
1326 3719 1455 3790 ἑξῆς
1478 3719 1572 3773 καὶ
1587 3717 1685 3790 τὴν
1706 3715 1845 3787 μετά
1863 3715 1922 3769 τὸ

2029 3729 2177 3792 patet
2225 3722 2348 3791 ipso
2412 3721 2714 3779 Salvatoris
2776 3722 2953 3779 nostri
3029 3731 3276 3794 tempore
3343 3726 3625 3781 corruisse

353 3825 524 3889 πάθος
551 3824 644 3878 τοῦ
662 3823 911 3895 Σωτῆρος
939 3818 1096 3891 ἡμῶν
1123 3813 1397 3886 ἀποϐολὴν
1424 3811 1605 3868 αὐτῶν
1644 3811 1926 3882 σημαίνων

2029 3826 2220 3869 omnes
2242 3812 2432 3883 legalis
2464 3812 2648 3870 cultus
2676 3815 3077 3881 observantias,
3104 3831 3173 3871 ex
3216 3831 3325 3886 quo
3354 3831 3505 3870 nunc
3529 3833 3625 3874 us-

286 3962 293 3973 .
350 3917 563 3986 ὀΛόγος
590 3916 743 3987 φησὶ,
776 3933 794 3965 ι
825 3913 920 3968 καὶ
940 3907 1219 3983 ἀπέρριψα
1237 3906 1334 3979 τὴν
1366 3904 1559 3977 ῥάϐδον
1599 3902 1698 3975 τὴν
1739 3901 1925 3955 δευτέ-

2033 3919 2142 3973 que
2173 3905 2394 3975 penitus
2432 3904 2620 3961 deletze
2645 3917 2793 3963 sunt.
3092 3897 3099 3901 ’

355 4026 507 4083 ραν.»
540 4009 635 4072 Τίς
666 4008 724 4061 δέ
756 4008 904 4060 ἐστιν
933 4002 1072 4075 αὕτη
1122 4002 1390 4056 διδάσκων
1460 3997 1711 4069 ἐπιφέρει
1747 3995 1808 4048 τὸ
1852 4014 1869 4073 ι
1909 3997 2216 4069 σχοίνισμα,
2252 4018 2273 4051 ι
2312 3999 2440 4071 περὶ
2481 3993 2541 4054 οῦ
2603 3999 2836 4072 εἴρηται,
2879 4019 2897 4053 ι
2944 3999 3227 4073 σχοίνισμα
3262 4000 3624 4073 κληρονομίας

353 4102 517 4157 αὑτοῦ
561 4101 792 4175 Ἰσραήλ.
832 4120 851 4152 ι
889 4098 1230 4168 Σαφέστερον
1271 4092 1402 4165 γοῦν
1450 4091 1606 4146 τοῦτο
1657 4090 1986 4163 παρίστησιν
2025 4092 2311 4163 ἐπιλέγων,
2340 4112 2361 4145 ε
2410 4093 2503 4148 τοῦ
2537 4093 2884 4148 διασκεδάσαι
2912 4096 3011 4168 τὴν
3060 4095 3327 4167 προτέραν
3357 4095 3627 4170 διαθήκην

350 4195 445 4250 τοῦ
477 4167 767 4266 Θεοῦίτῆν
799 4191 1072 4263 ἀναμέσον
1113 4167 1282 4242 Ἰούδα
1318 4186 1413 4240 καῖ⁵
1448 4186 1720 4256 ἀναμέσον
1758 4186 2003 4258 Ἰσραήλ·
2054 4207 2074 4240 ι
2126 4189 2219 4242 καὶ
2256 4187 2445 4258 σαφῶς
2474 4187 2750 4243 δείκνυται
2777 4190 2886 4243 ἀπὸ
2918 4167 3027 4242 τῶν
3047 4207 3142 4242 του
3183 4189 3435 4262 Σωτῆρος
3464 4167 3623 4262 ἡμῶν
3678 4167 3687 4189 ’

352 4288 556 4358 χρόνων
605 4283 982 4359 περιῃρημένα
1034 4281 1132 4353 τῆς
1168 4279 1423 4350 λατρείας
1478 4277 1695 4347 ἁπάσης
1755 4275 1841 4349 τῆς
1875 4278 2017 4333 κατά
2065 4280 2157 4335 τὸν
2196 4281 2357 4353 νόμον
2404 4280 2463 4349 ἐξ
2498 4281 2708 4335 ἐκείνου
2747 4283 2840 4336 καί
2876 4284 2956 4346 είς
2994 4280 3155 4354 δεῦρο
3185 4281 3623 4355 καθαιρεθείσης.

859 4394 1254 4452 ΚΕΦΑΛΔῘΟΝ
1309 4395 1431 4449 ΚΖ’.

2588 4394 2819 4451 CAPUT
2855 4393 3074 4451 XXVII.

810 4493 923 4549 Τοῦ
958 4490 1145 4545 αὐτοῦ
1185 4487 1469 4557 Ζαχαρία.

2532 4488 2619 4543 Ea:
2642 4487 2823 4543 eodem
2863 4487 2907 4541 Ζ
2912 4488 3150 4543 acharia.

427 4610 447 4644 ι
502 4586 795 4660 Ῥομφαία,
836 4582 1154 4655 ἐξεγέρθητι
1178 4581 1272 4634 ἐπὶ
1297 4556 1389 4633 τδν
1420 4575 1655 4650 ποιμένα
1686 4593 1809 4646 μου,
1838 4576 1927 4630 καί

2114 4600 2134 4634 ι
2166 4580 2417 4649 Framea,
2443 4582 2736 4646 suscitare,
2781 4595 2947 4651 super
2977 4588 3257 4651 pastorem
3306 4596 3483 4637 meum
3505 4621 3521 4647 ,
3570 4589 3627 4638 et

357 4684 450 4737 ἐπὶ
482 4682 650 4754 ἄνδρα
692 4678 916 4751 πολίτην
945 4674 1133 4738 αὐτοῦ,
1182 4673 1330 4741 λέγει
1376 4670 1579 4743 Κύριος
1627 4670 1927 4741 παντοκρά-

2040 4690 2207 4745 super
2231 4674 2411 4730 virum
2440 4674 2802 4729 cohaerentem
2830 4672 2988 4737 mihi,
3014 4671 3149 4727 dicit
3198 4670 3462 4728 Dominus
3506 4687 3625 4727 om-

350 4790 486 4846 τωρ,
517 4770 756 4837 πάταξον
801 4769 892 4823 τὸν
919 4765 1177 4837 ποιμένα,
1212 4763 1308 4818 καὶ
1344 4761 1931 4833 διασκορπισθήτωσαν

352 4869 423 4923 τὰ
452 4866 729 4938 πρόϐατα·
761 4863 858 4917 καὶ⁵
882 4858 1195 4931 ἐπιστρέψω
1220 4857 1320 4928 τὴν
1352 4856 1512 4927 χεῖρά
1545 4872 1647 4927 μου
1680 4855 1773 4907 ἐπὶ
1805 4855 1933 4917 τοὺς

352 4960 636 5033 ποιμένας.
672 4979 692 5011 ι
738 4957 997 5025 Ἐπείπερ
1022 4954 1052 5005 ὁ
1078 4948 1469 5019 εὐαγγελιστὴς
1497 4948 1580 5012 τὸ,
1625 4965 1645 4998 ι
1685 4946 1930 5013 Πάταξον

350 5053 443 5108 τὸν
469 5050 723 5123 ποιμένα,
758 5048 853 5102 καὶ
877 5042 1427 5115 διασκορπισθήσεται
1454 5040 1525 5094 τά
1549 5038 1798 5111 πρόϐατα
1828 5036 1929 5107 τῆς

355 5142 606 5215 ποίμνης.
644 5160 665 5193 ι
696 5137 945 5195 ἐντεῦθεν
988 5134 1165 5191 λαϐὼν
1221 5133 1366 5188 κατὰ
1404 5131 1497 5184 τὸν
1538 5130 1613 5202 (‘2)
1661 5128 1930 5201 σωτηρίου

353 5237 558 5299 πάθους
598 5232 788 5304 καιρὸν
833 5231 1008 5300 πέρας
1038 5226 1317 5299 εἰληφέναι
1345 5221 1606 5289 ἐδίδαξεν,
1642 5222 1731 5274 ὅτε
1761 5237 1926 5274 κατα-

353 5327 635 5399 λείψαντες
672 5322 836 5377 αὐτὸν
877 5324 925 5375 ot
972 5318 1211 5391 μαθηταὶ
1239 5314 1732 5386 διεσκορπίσθησαν
1755 5329 1768 5342 ⁸
1803 5311 1929 5366 τούς

354 5438 446 5476 του
473 5420 539 5491 δὴ
568 5418 726 5489 χάριν
754 5416 849 5470 καὶ
894 5415 1054 5485 ἡμεῖς
1084 5406 1548 5481 ὲσημειωσάμεθα
1577 5404 1640 5459 τὸ
1687 5403 1870 5476 ῥητὸν,
1904 5404 1932 5457 δ

353 5517 447 5570 καὶ
476 5514 676 5583 πολλῆς
705 5511 955 5579 δεόμενον
981 5504 1279 5570 ἐξετάσεως
1310 5504 1389 5565 είς
1414 5499 1718 5571 ἐπιτήδειον
1740 5496 1934 5568 ἀναθη-

357 5607 563 5681 σόμεθα
591 5604 802 5676 καιρόν.

2038 4766 2326 4837 nipotens;
2355 4776 2579 4837 percute
2601 4773 2971 4838 pastorem,et
2991 4764 3374 4833 dispergentur
3392 4777 3541 4826 oves,
3567 4770 3622 4818 et

2037 4869 2351 4915 convertam
2373 4874 2596 4916 manum
2626 4874 2802 4916 meam
2833 4858 2901 4913 ad
2933 4867 3180 4930 pastores
3208 4858 3277 4910 ⁸ο.
3322 4874 3344 4909 ι
3379 4854 3625 4927 Evange-

2034 4950 2160 5008 lista
2189 4967 2427 5023 quoque,
2460 4970 2480 5004 ι
2513 4951 2823 5009 Percutiam
2852 4958 3217 5023 pastorem,et
3243 4948 3625 5019 dispergentur

2036 5058 2168 5098 oves
2204 5042 2386 5115 gregis
2428 5044 2497 5110 ⁸¹,
2528 5063 2548 5097 ι
2584 5043 2796 5105 dicens,
2828 5043 2942 5098 haec
2996 5043 3053 5097 in
3110 5039 3409 5095 Salvatoris
3440 5038 3615 5093 nostri

2037 5137 2313 5208 passionis
2344 5146 2588 5207 tempore
2618 5137 2838 5207 impleta
2877 5135 3050 5190 fuisse
3069 5133 3448 5196 demonstrat,
3487 5145 3614 5184 cum

2037 5230 2313 5299 discipuli,
2345 5243 2412 5285 eo
2456 5229 2668 5293 relicto,
2698 5228 2970 5300 fugerunt.
3016 5226 3226 5301 Idcirco
3261 5240 3363 5280 nos
3400 5239 3617 5294 quoque

2040 5322 2187 5377 hunc
2211 5323 2523 5377 notavimus
2554 5322 2763 5385 locum,
2805 5327 2861 5375 et
2910 5318 3115 5373 fusiore
3144 5315 3525 5387 explanatione
3549 5314 3619 5373 il-

2040 5416 2384 5471 lustrandum
2412 5424 2720 5487 opportuno
2748 5421 2992 5484 tempore
3025 5410 3404 5468 tractabimus.

426 5722 474 5757 "
507 5722 651 5779 Psal.
687 5735 839 5785 cvm,
867 5719 921 5779 4,
955 5718 1005 5772 5.
1081 5714 1128 5747 "
1178 5712 1333 5769 Deut.
1374 5727 1547 5779 anu,
1584 5709 1635 5764 9.
1713 5708 1759 5740 “
1786 5704 1950 5761 laeh.
1985 5721 2105 5775 ιιιι,
2138 5705 2188 5763 7.
2265 5705 2307 5740 "
2344 5704 2531 5760 Matth.
2566 5718 2713 5769 xxvr,
2746 5701 2841 5759 3i.

429 5836 505 5908 (9.)
541 5835 890 5893 Desideratur
915 5831 1029 5887 τοῦ.
1070 5829 1224 5885 Εοιτ.
