4100 6426
478 347 616 401 H55

1009 454 1239 509 CAPUT
1280 451 1516 507 XXVIII.

1094 545 1179 600 Ea:
1233 544 1434 600 eodem.

552 681 572 714 ι
619 660 684 715 Et
713 658 1022 731 egredietur
1063 658 1331 713 Dominus
1372 664 1429 713 et
1492 655 1826 726 praliabitur
1869 664 2061 709 contra

478 762 668 826 gentes
701 753 823 809 illas
850 793 865 816 ,
916 759 1061 807 sncut
1108 751 1386 822 praeliatus
1416 759 1503 805 est
1560 751 1617 805 in
1672 750 1761 805 die
1805 748 2063 804 certami-

480 847 586 899 nis.
619 887 632 900 .
697 885 713 900 .
754 884 768 897 .
802 885 815 899 .
859 842 922 896 Et
955 842 1134 897 veniet
1165 841 1427 896 Dominus
1466 840 1607 894 Deus
1637 854 1810 904 meus,
1840 854 2062 893 omnes-

479 953 583 1007 que
612 936 785 993 sancti
808 951 928 991 cum
958 950 1023 989 eo
1053 934 1118 988 ³³.
1146 953 1164 986 ι
1195 933 1258 986 Et
1285 934 1399 988 haec
1432 918 1535 988 rati
1560 932 1628 988 de
1649 932 1893 989 secundo
1948 932 2054 987 dici

624 1029 831 1084 Christi
858 1028 1096 1082 adventu
1130 1025 1461 1081 notavimus.

1042 1201 1271 1260 CAPUT
1313 1200 1506 1256 XXIX.

1083 1299 1132 1354 Ε
1164 1299 1459 1355 Ηαίαείιὶα.

560 1438 577 1468 ι
614 1415 736 1472 Non
762 1424 848 1472 est
874 1415 1010 1471 mihi
1042 1417 1295 1472 voluntas
1329 1414 1386 1468 in
1411 1414 1590 1480 vobis,
1613 1413 1749 1469 dicit
1790 1413 2055 1469 Dominus

482 1512 832 1582 omnipotens
862 1530 874 1564 :
904 1520 959 1565 et
1016 1525 1218 1565 munus
1263 1522 1374 1562 non
1430 1508 1729 1578 suscipiam
1780 1507 1848 1563 de
1894 1522 2057 1562 manu

479 1612 683 1662 vestra.
715 1604 797 1659 Ab
824 1610 950 1659 ortu
976 1604 1121 1658 enim
1155 1604 1288 1658 solis
1319 1618 1495 1673 usque
1523 1603 1589 1657 ad
1621 1617 1900 1665 occasum,
1939 1617 2058 1655 ma-

478 1712 646 1767 gnum
709 1703 793 1751 est
849 1708 1052 1748 nomen
1098 1707 1279 1747 meum
1320 1692 1376 1746 in
1407 1691 1663 1762 gentibus
1696 1710 1713 1746 :
1742 1696 1796 1745 et
1828 1692 1884 1745 in
1911 1689 2058 1745 omni

479 1790 601 1845 loco
652 1786 1010 1850 sacriﬁcatur,
1059 1792 1113 1840 et
1167 1786 1392 1839 oﬂ'ertur
1424 1783 1632 1838 nomini
1690 1798 1813 1838 meo
1855 1782 2059 1838 oblatio
2088 1808 2131 1863 Β

480 1882 683 1937 munda
706 1900 719 1935 :
740 1880 867 1951 quia
892 1893 1147 1949 magnum
1166 1884 1251 1933 est
1273 1891 1468 1931 nomen
1488 1890 1669 1930 meum
1691 1875 1747 1929 in
1779 1875 2054 1945 gentibus,

490 1971 899 2029 dicitDominus
919 1969 1296 2040 omnipotens:
1321 1976 1376 2024 et
1391 1983 1489 2023 vos
1506 1969 1779 2039 polluistis
1800 1968 1930 2022 illud
1943 1968 2009 2021 ⁸³.
2033 1986 2051 2019 ι

482 2068 639 2121 Sicut
666 2081 884 2129 manus,
928 2072 982 2117 et
1041 2067 1297 2127 dextera,
1328 2070 1381 2117 ct
1439 2060 1725 2116 brachium
1778 2068 1832 2115 et
1881 2062 2059 2115 virtus

480 2156 575 2237 Dei
622 2158 865 2213 omnium
927 2155 1165 2212 Verbum
1215 2155 1337 2225 ejus
1389 2155 1447 2209 in
1496 2154 1698 2209 divinis
1743 2154 2059 2208 nominatur

479 2250 806 2322 Scripturis,
831 2250 908 2304 ita
970 2257 1023 2305 et
1052 2264 1178 2303 eum
1229 2248 1483 2318 designat
1535 2262 1735 2301 nomen
1789 2245 1904 2300 Dei.
1943 2243 2057 2300 IIoc

478 2345 644 2415 igitur
671 2344 917 2399 divinum
964 2357 1161 2398 nomen
1197 2343 1355 2412 quasi
1395 2360 1414 2393 ι
1449 2340 1518 2395 ab
1564 2346 1688 2394 ortu
1723 2339 1856 2394 solis
1887 2353 2060 2409 usque

480 2437 547 2491 ad
574 2452 833 2494 occasum
865 2435 1207 2508 gloriﬁcatur
1227 2435 1282 2489 in
1318 2433 1596 2504 gentibus,
1630 2450 1651 2484 ι
1686 2432 1861 2486 cuivis
1885 2430 2063 2485 mani-

478 2528 680 2586 festum
708 2544 805 2599 per
841 2526 1261 2598 praedicationes
1313 2541 1433 2596 qua:
1474 2526 1531 2580 in
1589 2523 1795 2580 Christi
1842 2524 2063 2578 nomine

482 2620 686 2690 ubique
720 2617 878 2671 ﬁunt.
912 2615 1126 2685 Quippe
1148 2615 1204 2668 in
1238 2616 1388 2670 omni
1427 2615 1548 2669 loco
1601 2613 1845 2685 spiritale
1875 2612 2064 2667 incen-

479 2725 604 2766 sum
633 2717 688 2765 et
721 2708 978 2780 precibus
1001 2723 1200 2780 purum
1255 2708 1717 2776 incruentumque
1766 2719 1832 2760 ac
1888 2705 2061 2759 ratio-

479 2803 605 2856 nale
645 2801 980 2857 sacriiicium
1019 2814 1117 2872 per
1146 2814 1336 2855 verum
1394 2813 1782 2869 summumque
1839 2796 2062 2867 pontiﬁ-

480 2909 598 2950 cem
634 2891 744 2948 Deo
773 2891 1035 2949 oﬁ'erunt.
1061 2890 1276 2958 Quibus
1312 2906 1444 2946 vero
1469 2890 1573 2945 hoc
1616 2891 1781 2945 modo
1830 2890 2065 2944 adoran-

481 2986 651 3051 tibus,
682 2985 988 3056 corporalia
1013 2984 1218 3056 prioris
1253 2983 1443 3055 populi
1476 2982 1745 3038 sacriﬁcia
1776 2997 2063 3038 recessura

478 3080 613 3135 dicit
634 3077 800 3135 Deus.
837 3077 1187 3135 Manifestum
1235 3077 1403 3147 igitur
1450 3076 1725 3147 quomodo
1752 3083 1875 3146 post
1901 3074 2063 3130 Chri-

1164 336 1435 394 EUSEBII
1477 333 1957 392 CASSARIENSIS
1991 334 2142 384 UPI’.
2187 333 2366 389 PARS
2404 335 2493 391 Ill.
2531 370 2592 378 —
2638 339 3051 395 EXEGETICA.

3590 346 3617 403 ,1
3636 345 3731 401 I56

2656 459 3049 511 ΚΕΦΑΛΑΙΟΝ
3090 458 3203 510 KH'

2779 547 2887 600 Τοῦ
2915 548 3121 600 αὑτοῦ.

2236 676 2255 709 ι
2302 656 2362 728 (Γ.
2391 658 2480 727 54)
2519 659 2629 711 Καὶ
2660 658 2998 724 ἐξελεύσεται
3028 660 3252 729 Κύριος,
3293 660 3388 712 καὶ
3427 657 3733 727 παρατάξε-

2159 769 2248 805 ται
2281 752 2339 804 ὲν
2366 755 2480 813 τοῖς
2512 750 2720 804 ἔθνεσιν
2744 750 2991 814 ἐκείνοις,
3021 749 3204 814 καθὼς
3232 750 3414 821 ἡμέρα
3452 748 3689 822 πολέμου
3717 766 3730 779 ·

2159 842 2254 901 καὶ
2304 841 2569 912 παρέσται
2619 840 2822 915 Κύριος
2852 843 2881 894 ὁ
2926 840 3058 903 Θεός
3112 859 3236 912 μου,
3285 840 3379 894 καὶ
3418 840 3633 915 ’πάντες
3685 844 3733 893 oi

2160 933 2303 1002 ἅγιοι
2352 935 2472 1001 μετ’
2523 932 2709 988 αὐτοῦ.
2757 952 2776 984 ι
2827 934 2938 986 Kal
2984 934 3157 987 ταῦτα
3201 912 3555 998 ὑπονοοῦντες
3604 935 3735 1005 περὶ

2159 1026 2257 1094 τῆς
2292 1023 2551 1094 δευτέρας
2581 1023 2834 1086 λέγεσθαι
2869 1023 2959 1077 τοῦ
2992 1024 3229 1096 Χριστοῦ
3274 1025 3575 1097 παρουσίας
3609 1025 3738 1098 ἔση-

2162 1133 2229 1187 με
2238 1114 2535 1186 ιωσάμεθα.

2664 1207 3059 1261 ΚΕΦΑΛΑῘΟΝ
3098 1206 3224 1260 Kﬂ'.

2660 1320 2672 1334 ι
2729 1299 2840 1353 2ὀῦ
2872 1298 3151 1370 ἀγγέλου.

2237 1430 2256 1460 ι
2304 1409 2417 1463 Οὐκ
2468 1410 2583 1464 ἐστι
2633 1428 2733 1482 μου
2782 1410 2995 1481 θέλημα
3040 1413 3098 1464 ὲν
3143 1412 3293 1483 ὑμῖν,
3337 1411 3485 1481 λέγει
3532 1412 3739 1481 Κύριος

2160 1503 2572 1574 παντοκράτωρ,
2622 1504 2715 1556 καὶ
2765 1502 2955 1556 θυσίαν
2997 1504 3058 1557 οὺ
3113 1503 3477 1575 προσδέξομαι
3515 1505 3579 1555 ἐκ
3625 1501 3736 1555 τῶν

2160 1594 2359 1666 χειρῶν
2403 1595 2577 1667 ὑμῶν.
2630 1596 2775 1649 Διότι
2826 1596 2935 1649 ἀπὸ
2976 1595 3248 1649 ἀνατολῶν
3295 1595 3445 1666 ἡλίου
3495 1595 3589 1649 καὶ
3632 1596 3736 1656 ἕως

2159 1686 2378 1757 δυσμῶν
2415 1688 2475 1741 τὸ
2505 1688 2677 1759 δνομά
2709 1706 2808 1760 μου
2834 1688 3143 1756 δεδόξασται
3172 1690 3229 1742 ὲν
3272 1691 3384 1754 τοῖς
3414 1688 3612 1757 ἔθνεσι,
3642 1694 3737 1745 καὶ

2160 1782 2217 1833 ὲν
2264 1782 2430 1835 παντὶ
2475 1783 2625 1853 τόπῳ
2673 1782 2923 1854 θυμίαμα
2968 1784 3335 1855 προσφέρεται
3385 1782 3463 1853 τῷ
3513 1784 3738 1855 ὀνόματί

2163 1888 2286 1939 μου,
2323 1872 2418 1923 καὶ
2444 1870 2605 1924 θυσία
2630 1871 2878 1943 καθαρά·
2912 1871 3045 1925 διότι
3081 1871 3223 1941 μέγα
3253 1871 3314 1924 τὸ
3343 1871 3515 1941 δνομά
3553 1887 3653 1941 μου
3680 1872 3738 1922 ἐν

2158 1966 2271 2026 τοῖς
2315 1962 2511 2027 ἔθνεσι,
2555 1962 2703 2031 λέγει
2751 1963 2956 2034 Κύριος
3006 1963 3431 2034 παντοκράτωρ’
3482 1962 3638 2033 ὑμεῖς
3680 1961 3738 2014 δὲ

2163 2057 2452 2128 βεδηλοῦτε
2500 2057 2651 2110 αὑτό.
2690 2077 2709 2109 ι
2755 2058 2967 2127 Ὥσπερ
3011 2057 3133 2128 χεὶρ
3161 2057 3255 2109 καὶ
3292 2054 3439 2120 δεξιά
3478 2056 3571 2109 καὶ
3602 2054 3738 2126 βρα-

2161 2151 2293 2221 χίων
2331 2151 2425 2203 καὶ
2454 2150 2679 2220 δύναμις
2708 2148 2804 2202 τοῦ
2833 2149 2967 2202 Θεοῦ
3009 2147 3116 2201 τῶν
3144 2147 3278 2200 ὅλων
3307 2149 3335 2200 ὁ
3372 2147 3542 2213 Λόγος
3572 2143 3738 2197 αὑτοῦ

2164 2242 2222 2294 ὲν
2255 2243 2376 2305 ταῖς
2422 2240 2596 2304 θείαις
2636 2240 2951 2310 ὠνόμασται
2989 2238 3259 2310 Τραφαίς,
3302 2235 3475 2300 οὕτως
3503 2238 3533 2289 ὀ
3577 2235 3742 2297 αὐτὸς

2165 2333 2259 2386 καὶ
2294 2334 2463 2404 ὄνομα
2507 2330 2831 2404 χρηματίζει
2869 2330 2961 2384 τοῦ
2991 2330 3148 2384 Θεοῦ.
3194 2329 3363 2383 Τοῦτο
3389 2324 3481 2382 οὖν
3507 2327 3570 2381 τὸ
3598 2326 3745 2382 θεῖον

2167 2426 2336 2497 ὄνομα
2368 2426 2442 2490 ὡς
2471 2444 2490 2476 ι
2526 2426 2619 2478 ἀπ’
2663 2422 2933 2479 ἀνατολῶν
2972 2423 3125 2495 ⁴ήλίου
3159 2423 3253 2476 καὶ⁵
3276 2421 3495 2493 δυσμῶν
3530 2419 3748 2486 δεδόξα-

2170 2537 2289 2573 σται
2332 2521 2389 2572 ὲν
2417 2521 2527 2583 τοῖς
2556 2517 2784 2582 ἔθνεσιν,
2817 2535 2835 2568 ι
2879 2516 3041 2568 παντί
3081 2531 3159 2584 τῳ
3200 2512 3463 2585 πρόδηλον
3492 2511 3600 2566 ἀπὸ
3632 2509 3747 2564 τῶν

2165 2612 2472 2683 πανταχόσε
2529 2610 2976 2682 χρηματιζόντων
3028 2607 3172 2663 κατὰ
3213 2609 3310 2677 τὴν
3361 2607 3455 2659 τοῦ
3502 2603 3746 2676 Χριστοῦ

2165 2705 2537 2776 προσηγορίαν
2556 2720 2568 2732 ·
2600 2704 2648 2756 οἳ
2677 2702 2771 2756 καὶ
2793 2702 2851 2755 ὲν
2878 2700 3042 2755 παντὶ
3070 2699 3220 2769 τόπῳ
3247 2695 3617 2767 πνευματικὸν
3647 2694 3749 2747 θυ-

2170 2800 2349 2870 μίαμα
2382 2798 2477 2852 καὶ
2518 2798 2616 2870 τὴν
2658 2796 2726 2850 δι’
2761 2794 2937 2866 εὐχῶν
2979 2792 3223 2864 καθαρὰν
3263 2791 3358 2845 καί
3404 2788 3749 2859 ἀναίμακτον

2166 2897 2261 2950 καὶ
2288 2891 2511 2962 λογικὴν
2538 2890 2727 2943 θυσίαν
2754 2887 2843 2941 διὰ
2866 2884 2961 2940 τοῦ
2986 2884 3106 2939 κατ’
3142 2883 3398 2954 ἀλήθειαν
3440 2878 3747 2952 ἀρχιερέως

2167 2986 2500 3060 προσάγουσι
2527 2982 2604 3053 τῷ
2631 2980 2776 3051 Θεῷ·
2806 2979 3011 3033 τούτων
3041 2977 3098 3031 δὲ
3143 2975 3328 3030 τοῦτον
3372 2972 3748 3046 λατρευὸντων

2165 3080 2257 3134 τὸν
2288 3078 2509 3151 τρόπον,
2542 3076 2642 3139 τὰς
2679 3071 2999 3143 σωματικὰς
3039 3067 3133 3124 τοῦ
3175 3068 3438 3140 προτέρου
3484 3064 3610 3119 λαοῦ
3649 3064 3744 3119 θυ-

480 3174 552 3229 sti
577 3172 1013 3229 incarnationem
1056 3171 1314 3243 utrinque
1372 3169 1533 3225 ﬁnem
1590 3162 1875 3240 prophetia
1906 3184 2061 3225 acce-

2169 3171 2290 3235 σίας
2320 3164 2841 3238 ἀποστραφήσεσθαί
2876 3180 3040 3234 φησιν
3082 3163 3111 3214 ὁ
3138 3160 3303 3224 Θεός·
3336 3157 3431 3213 καὶ
3466 3157 3530 3229 δὴ
3575 3156 3748 3225 σαφὲς

480 3265 656 3337 perit;
728 3263 929 3319 ctenim
992 3262 1192 3334 prioris
1236 3263 1419 3334 pepuli
1470 3262 1854 3333 reprobatione
1898 3260 2062 3315 simul

2166 3259 2283 3323 πῶς
2317 3257 2456 3329 μετά
2479 3257 2576 3327 τὴν
2608 3254 2701 3308 τοῦ
2723 3251 2959 3324 Χριστοῦ
2988 3249 3288 3322 παρουσίαν
3312 3246 3430 3301 κατ’
3458 3245 3748 3316 ἀμφότερα

480 3335 735 3412 submota
791 3364 921 3411 sunt
954 3355 1024 3410 ab
1047 3355 1128 3411 eis
1153 3356 1452 3410 secundum
1480 3354 1668 3410 Daniel
1709 3353 1980 3409 sacriﬁcia
2009 3362 2061 3408 et

2164 3349 2340 3420 πέρας
2354 3346 2572 3417 εἴληφεν
2604 3348 2636 3417 ἡ
2662 3343 2987 3415 προφητεία·
3018 3342 3158 3395 κατὰ
3172 3357 3233 3393 τε
3251 3337 3351 3412 τήν
3371 3337 3445 3409 (3)
3476 3335 3748 3409 προτέρου

481 3448 799 3513 libamenta,
853 3464 953 3504 nec
1003 3464 1114 3502 non
1142 3456 1197 3503 et
1246 3448 1490 3519 gentium
1518 3447 1583 3502 ad
1620 3446 1867 3501 omnium
1890 3444 2060 3501 Deum

482 3543 767 3596 conversio
798 3542 1091 3598 subsecuta
1113 3534 1217 3597 e’st.

1046 3740 1489 3814 οΑΡυτδΧχχ,

1116 3834 1203 3889 E1:
1225 3835 1430 3890 eodem.

558 3969 579 4004 ι
622 3950 850 4006 Pactum
878 3965 1058 4006 meum
1102 3948 1206 4004 fuit
1241 3964 1371 4005 cum
1397 3963 1464 4006 eo
1507 3948 1634 4004 vitae
1681 3957 1735 4004 et
1774 3948 1926 4020 pacis
1960 3964 1973 4000 :
2009 3954 2064 4002 et

480 4045 606 4102 dedi
653 4046 705 4101 ei
763 4043 1339 4113 timorem,et.timnit
1367 4058 1476 4108 me,
1530 4050 1585 4098 et
1636 4056 1667 4095 a
1711 4040 1852 4097 facie
1886 4039 2064 4095 nomi-

484 4140 575 4192 nis
612 4136 720 4192 mel
742 4137 993 4208 pavebat.
1031 4135 1141 4192 Lex
1174 4135 1425 4192 veritatis
1464 4131 1571 4188 fuit
1618 4134 1673 4188 in
1715 4148 1814 4188 ore
1844 4132 1986 4202 ejus,
2010 4140 2064 4187 et

483 4231 750 4301 iniquitas
800 4246 910 4285 non
962 4238 1047 4285 est
1094 4230 1315 4285 inventa
1363 4229 1420 4283 in
1454 4227 1616 4283 labiis
1640 4228 1804 4297 ejus:
1846 4226 1901 4280 in
1926 4240 2061 4296 pace

481 4334 539 4379 et
567 4326 623 4378 in
646 4322 904 4394 aequitate
939 4322 1239 4377 ambulavit
1269 4336 1506 4386 mecum,
1542 4327 1598 4375 et
1628 4321 1831 4376 multos
1867 4319 2063 4373 avertit

483 4411 555 4465 ab
589 4410 898 4481 iniquitate.
948 4409 1119 4467 Labia
1182 4411 1329 4466 enim
1390 4411 1697 4468 sacerdotis
1748 4409 2064 4465 custodient

2164 3438 2294 3494 λαοῦ
2324 3438 2613 3510 ἀποϐολὴν,
2650 3437 2765 3506 ἅμα
2795 3453 2855 3489 τε
2894 3434 3151 3506 ἀρθείσης
3177 3431 3237 3498 ἐξ
3263 3431 3443 3486 αὐτῶν
3480 3429 3624 3485 κατά
3650 3430 3749 3483 τὸν

2164 3530 2364 3602 Δανιὴλ
2393 3529 2584 3592 θυσίας
2612 3528 2707 3581 καὶ
2746 3525 2998 3596 σπονδῆς,
3030 3525 3125 3579 καὶ
3148 3523 3291 3579 κατά
3313 3522 3412 3594 τὴν
3445 3522 3554 3576 τῶν
3577 3520 3750 3578 ἐθνῶν

2166 3625 2259 3679 ἐπὶ
2281 3624 2369 3676 τὸν
2397 3621 2506 3675 τῶν
2539 3619 2675 3674 ὅλων
2702 3619 2835 3672 Θεὸν
2865 3616 3220 3688 ἐπιστροφήν.

2693 3726 3088 3782 ΚΕΦΑΛΑΙΟΝ
3122 3726 3200 3779 A'.

2785 3822 2895 3876 Τοῦ
2916 3818 3124 3875 αὐτοῦ.

2240 3963 2258 3995 ι
2312 3943 2378 3995 Ἦ
2408 3940 2638 4011 διαθήκη
2672 3932 2740 4008 ἦν
2794 3937 2912 4007 μετ’
2956 3931 3121 3987 αὐτοῦ
3176 3929 3276 4002 τῆς
3323 3929 3470 4000 ζωῆς
3499 3928 3594 3982 καὶ
3642 3926 3754 3994 τῧς

2166 4038 2409 4110 εἰρήνης,
2458 4034 2554 4087 καὶ⁵
2608 4031 2784 4084 ἔδωκα
2814 4027 2962 4099 αὐτῷ
3010 4026 3160 4097 φόϐῳ
3193 4020 3474 4094 φοϐεῖσθαί
3521 4037 3610 4092 με,
3650 4019 3754 4075 καὶ

2166 4132 2274 4185 ἀπὸ
2305 4127 2597 4201 προσώπου
2627 4122 2889 4194 ὀνόματός
2939 4136 3038 4192 μου
3075 4115 3391 4171 στέλλεσθαι
3423 4113 3608 4168 αὐτόν.
3635 4110 3752 4164 Νό-

2169 4240 2267 4294 μος
2292 4219 2546 4292 ἀληθείας
2571 4214 2640 4290 ἦν
2669 4217 2727 4270 ὲν
2754 4213 2833 4285 τῷ
2859 4213 3084 4282 στόματι
3113 4206 3300 4275 αὐτοῦ,
3328 4207 3424 4262 καὶ
3446 4204 3629 4260 ἀδικία
3648 4203 3752 4275 οὐχ

2165 4312 2362 4385 εὑρέθη
2393 4314 2451 4364 ὲν
2474 4309 2708 4381 χείλεσιν
2733 4302 2920 4358 αὑτοῦ·
2945 4304 3003 4355 ὲν
3029 4300 3219 4371 εἰρήνῃ
3251 4295 3596 4351 κατευθύνων
3620 4297 3755 4385 επο-

2168 4384 2357 4478 ρεύθην
2381 4403 2496 4472 μετ’
2535 4396 2695 4470 ἐμοῦ,
2728 4397 2822 4450 καὶ
2862 4392 3089 4456 πολλοὺς
3116 4388 3451 4461 ἐπέστρεψεν
3482 4386 3592 4440 ἀπὸ
3626 4384 3752 4439 ἀδι-

483 4502 796 4565 scientiam,
829 4511 883 4559 et
904 4504 1076 4574 legem
1124 4504 1406 4574 requirent
1454 4518 1521 4558 ex
1582 4517 1680 4558 ore
1720 4502 1845 4573 ejus
1880 4518 1893 4553 :
1930 4503 2057 4581 quia

2166 4498 2309 4560 κίας.
2340 4496 2462 4548 ’Ότι
2499 4491 2652 4563 χείλη
2680 4488 2872 4561 ἱερέως
2896 4484 3190 4556 φυλάξεται
3218 4481 3439 4551 γνῶσιν,
3461 4479 3556 4534 καὶ
3583 4478 3753 4549 νόμον

482 4597 709 4668 angelus
741 4594 957 4652 Domini
983 4597 1375 4668 omnipotentis
1420 4605 1505 4652 est
1522 4596 1592 4649 ³⁸.
1629 4615 1648 4647 ι
1684 4594 1810 4651 Haec
1840 4609 2060 4666 quoque

482 4703 608 4743 cum
633 4688 967 4746 testimoniis
997 4690 1066 4745 de
1091 4688 1314 4746 Christo
1340 4703 1584 4759 congrua
1616 4695 1933 4758 reputantes
1967 4705 2057 4744 re-

483 4781 727 4838 tulimus.
765 4780 991 4837 Pactum
1033 4780 1182 4838 enim
1219 4781 1344 4836 vitae
1372 4787 1427 4835 et
1460 4778 1614 4850 pacis
1654 4793 1780 4833 cum
1810 4794 1875 4835 eo
1900 4787 2053 4845 erat;

480 4874 698 4929 timoris
727 4888 858 4928 vero
888 4872 1119 4945 spiritus
1153 4886 1279 4927 cum
1324 4870 1541 4926 caeteris
1597 4885 1763 4941 super
1807 4885 1935 4927 eum
1970 4884 2058 4925 re-

482 4966 711 5038 quievit,
732 4965 890 5035 juxta
928 4966 1047 5020 hzec
1086 4961 1245 5020 Isaiae
1271 4962 1436 5019 verba
1464 4979 1480 5015 :
1514 4980 1533 5013 ι
1570 4960 1639 5017 Ει
1671 4962 1902 5033 replebit
1925 4975 2055 5018 eum

482 5062 712 5131 spiritus
747 5059 962 5116 timoris
994 5057 1211 5113 Domini
1229 5054 1299 5111 ⁸³.
1343 5076 1362 5109 ι
1399 5054 1661 5113 Veritatis
1696 5070 1917 5127 quoque
1948 5055 2057 5121 lex,

482 5170 591 5208 non
623 5159 804 5209 autem
832 5154 1016 5225 typica
1041 5150 1101 5206 in
1140 5164 1238 5208 ore
1264 5150 1385 5221 ejus
1410 5157 1549 5216 erat,
1584 5156 1640 5206 et
1683 5163 1797 5204 non
1838 5148 2060 5203 inventa

481 5255 566 5301 est
589 5246 852 5316 iniquitas
895 5245 954 5299 in
996 5242 1158 5300 labiis
1222 5242 1365 5314 ejus.
1394 5241 1560 5297 Juxta
1606 5240 1754 5297 enim
1804 5238 2058 5295 eumdem

482 5338 699 5399 Isaiam.
753 5334 1100 5406 iniquitatem
1146 5349 1258 5390 non
1315 5332 1464 5400 fecit,
1510 5345 1615 5388 nec
1674 5331 1931 5386 inventus
1978 5337 2064 5385 est

485 5429 648 5487 dolus
671 5432 726 5485 in
758 5429 916 5485 labiis
961 5430 1100 5499 ejus.
1135 5428 1305 5496 Quasi
1340 5428 1684 5485 coexsistens
1730 5425 1913 5496 patria
1947 5425 2062 5477 vir-

484 5529 601 5578 tute
631 5542 651 5575 ι
691 5525 746 5579 in
780 5538 913 5595 pace
948 5531 1003 5579 et
1044 5523 1100 5578 in
1133 5524 1389 5595 aequitate
1424 5540 1444 5574 ›
1477 5520 1777 5575 ambulavit
1816 5532 1941 5572 cum
1971 5532 2058 5583 eo,

2164 4588 2556 4658 ἑκζητήσουσιν
2581 4584 2646 4636 ὲκ
2667 4580 2935 4651 στόματος
2961 4577 3150 4638 αὐτοῦ,
3178 4577 3260 4629 ὅτι
3288 4572 3517 4642 ἄγγελος
3537 4570 3749 4640 Κυρίου

2164 4675 2602 4748 παντοκράτορός
2630 4675 2799 4726 ἐστιν.
2834 4690 2852 4724 ι
2883 4670 2994 4725 Kal
3021 4668 3174 4723 ταῦθ’
3201 4665 3464 4738 ἁρμόζειν
3498 4662 3751 4732 ὑπολαμ-

2164 4777 2417 4838 ϐάνοντες
2438 4774 2558 4836 ταῖς
2585 4771 2713 4842 περὶ
2742 4764 2978 4839 Χριστοῦ
3013 4760 3337 4836 μαρτυρίαις
3367 4753 3748 4842 ἐκτεθείμεθα·

2162 4869 2196 4940 ἦ
2225 4885 2286 4921 τε
2314 4866 2424 4937 γὰρ
2452 4841 2684 4935 διαθήκη
2719 4863 2819 4930 τῆς
2844 4858 2992 4927 ζωῆς
3025 4855 3120 4909 καὶ
3149 4852 3248 4922 τῆς
3268 4851 3490 4940 εἰρήνης
3524 4841 3593 4940 ᾖν
3628 4846 3750 4940 μετ’

2166 4936 2354 5022 αὑτοῦ,
2388 4936 2451 5009 τό
2494 4971 2554 5007 τε
2589 4951 2682 5007 τοῦ
2731 4949 2897 5020 φόθου
2932 4944 3152 5015 πνεῦμα
3187 4941 3325 5013 μετά
3364 4938 3458 4993 καὶ
3487 4936 3596 4991 τῶν
3639 4936 3752 4990 λοι-

2166 5051 2286 5105 πῶν
2318 5050 2405 5104 ἐπ’
2438 5047 2602 5103 αὑτὸν
2633 5042 2978 5100 ἀνεπαύσατο
3009 5035 3150 5091 κατά
3173 5035 3254 5099 τὸ,
3285 5052 3303 5085 ι
3331 5032 3442 5086 Kal
3473 5028 3749 5100 ἐμπλήσει

2166 5142 2328 5198 αὑτὸν
2360 5139 2579 5210 πνεῦμα
2626 5136 2792 5206 φόϐου
2830 5131 2989 5194 Θεοῦ,
3029 5151 3047 5183 ι
3080 5128 3371 5198 λεγόμενον
3410 5125 3468 5177 ἐν
3514 5122 3741 5191 Ἦσαῖᾳο

2166 5237 2324 5291 τοῦτο
2354 5234 2411 5288 δὲ
2440 5233 2536 5286 καὶ
2563 5233 2593 5284 ὁ
2618 5231 2718 5301 τῆς
2747 5224 3002 5297 ἀληθείας
3034 5222 3217 5292 νόμος,
3243 5219 3365 5288 οὐχί
3390 5217 3447 5270 δὲ
3467 5217 3496 5268 ὁ
3518 5211 3742 5272 τυπικὺς

2161 5331 2219 5383 ὲν
2248 5328 2327 5399 τῷ
2361 5327 2589 5397 στόματι
2619 5319 2709 5394 ἦν,
2744 5322 2839 5374 καί¹
2863 5318 3043 5372 ἀδικία
3075 5315 3173 5385 οὐχ
3204 5310 3401 5384 εὑρέθη
3430 5311 3488 5362 ὲν
3512 5307 3739 5399 χείλεσιν

2161 5395 2344 5473 αὐτοῦ·
2379 5395 2522 5469 κατὰ
2559 5411 2666 5483 γὰρ
2709 5409 2800 5461 τὸν
2840 5407 3069 5460 Ἡσαΐαν
3098 5401 3372 5473 ἁμαρτίαν
3415 5399 3517 5452 οὐκ
3554 5395 3743 5465 ἐποίη-

2165 5528 2276 5574 σεν,
2302 5509 2423 5562 οὐδὲ
2450 5504 2646 5576 εὑρέθη
2668 5502 2816 5563 δόλος
2846 5502 2902 5551 ὲν
2932 5497 3165 5568 χείλεσιν
3196 5491 3381 5548 αὑτοῦ·
3414 5484 3500 5544 οἷα
3531 5489 3587 5545 δὲ
3624 5501 3750 5541 εὐν-

556 5684 601 5715 "
634 5682 802 5738 Zach.
834 5698 944 5748 xw,
971 5682 1004 5736 3
1029 5722 1045 5746 ,
1096 5682 1148 5735 5.
1223 5680 1269 5710 ⁸³
1304 5679 1534 5734 Malach.
1578 5694 1628 5744 ι,
1683 5677 1872 5734 10-12.
1948 5677 1993 5733 ει
2026 5674 2061 5730 Μ

2163 5671 2323 5736 ch.n,
2355 5668 2469 5722 5-7.
2545 5665 2591 5698 ⁸⁵
2623 5662 2728 5719 lsa.
2765 5677 2836 5725 χι,
2880 5658 2932 5714 '5.

560 5782 634 5852 (ἦ)
677 5779 1024 5835 Dcsideratur
1061 5776 1173 5831 τοῦ.
1204 5776 1362 5830 Enn.
