4100 6430
378 342 514 398 Ηέἱῗ

1385 338 1678 393 ECLOG/E
1722 339 2196 396 PIlOPlll‘L'IlCiE.
2239 375 2301 381 —
2348 343 2478 397 LIB.
2522 344 2611 398 IlI.

3500 348 3638 400 MSS

379 463 453 515 ὼν
492 464 556 532 τῇ
610 461 844 531 πατρικῇ
895 458 1120 529 δυνάμει
1160 475 1176 507 ι
1219 459 1274 509 ἐν
1317 460 1507 532 εἰρήνῃ
1555 461 1895 514 κατευθύνων
1936 482 1952 513 ›

2073 464 2250 518 multis
2280 479 2468 517 eorum
2495 465 2586 534 qui
2615 467 2767 532 prius
2813 461 2980 518 Deum
3023 463 3348 534 ignorabant
3387 461 3454 516 ad
3505 479 3636 516 con-

382 553 670 627 ἐπορεύετο
713 554 826 624 μετ’
858 550 1044 613 αὑτοῦ,
1080 549 1307 613 πολλοὺς
1345 551 1453 603 τῶν
1501 553 1664 605 πάλαι
1698 554 1788 606 τὸν
1829 554 1960 606 Θεὸν

386 647 458 717 μὴ
490 646 706 699 εἰδότων
745 646 824 708 εἰς
859 641 1192 713 ἐπιστροφὴν
1219 642 1385 711 ἄγων·
1412 646 1542 715 παρ’
1569 645 1732 697 αὑτοῦ
1755 646 1832 709 δὲ,
1867 647 1959 699 ἅτε

384 739 683 810 ἀρχιερέως
706 737 855 798 ὄντος
880 736 971 787 καὶ
992 735 1089 804 τὴν
1127 736 1248 806 περὶ
1280 736 1494 788 πάντων
1523 735 1582 801 (Γ.
1611 737 1678 791 54
1709 743 1782 808 νο)
1819 739 1960 805 γνῶ-

387 849 468 883 σιν
507 831 974 898 διαφυλάττοντος,
1018 828 1108 882 τὸν
1143 828 1285 881 θεῖον
1331 830 1492 900 νόμον
1538 828 1870 901 ἐξεζήτησαν
1904 849 1959 882 τε

383 925 476 976 καὶ
509 923 920 994 ὲκζητήσουσιν,
945 916 1024 984 οἷς
1047 921 1228 992 μέλλει
1261 921 1361 990 τῆς
1395 922 1512 974 κατ’
1545 922 1705 975 αὑτὸν
1739 924 1962 994 ἐπιστή-

387 1032 521 1087 μης·
553 1017 715 1080 αὑτὸς
745 1017 852 1085 γάρ
895 1019 1041 1068 ἐστιν
1079 1032 1097 1064 ι
1136 1018 1164 1067 6
1187 1015 1286 1083 τῆς
1323 1015 1562 1086 μεγάλης
1610 1014 1801 1086 βουλῆς
1833 1018 1964 1084 Ἀγ-

382 1106 556 1174 γελος,
596 1125 612 1158 ι
651 1105 910 1158 διακονῶν
956 1105 1047 1158 καὶ
1069 1103 1396 1173 διαγγέλλων
1443 1105 1604 1157 παντὶ
1652 1106 1862 1177 γενητῷ
1903 1106 1964 1158 τὸ

383 1195 476 1248 τοῦ
507 1197 717 1265 Πατρὸς
742 1195 1006 1266 βούλημα.

895 1310 1290 1363 ΚΕΦΑΛΑΙΟΝ
1321 1306 1447 1363 AA'.

1003 1421 1111 1475 Τοῦ
1145 1423 1351 1476 αὐτοῦ.

460 1552 478 1585 ‹
533 1533 659 1587 Ἰδοὺ
690 1533 1064 1600 ἐξαποστέλλω
1089 1536 1179 1588 τὸν
1205 1534 1434 1604 ἄγγελόν
1467 1553 1586 1607 μου,
1623 1537 1718 1590 καὶ⁸
1750 1536 1964 1589 ἐπιϐλέ-

379 1626 542 1694 ψεται
565 1626 681 1679 ὁδὸν
707 1627 813 1698 πρὸ
839 1626 1132 1698 προσώπου
1167 1645 1290 1698 μου,
1321 1628 1414 1683 καὶ
1449 1629 1712 1698 ἐξαίφνης
1738 1629 1857 1699 ἥξει
1888 1631 1967 1692 εἰς

383 1721 473 1774 τὸν
501 1723 629 1774 ναὸν
660 1722 855 1775 ἑαυτοῦ
883 1722 1104 1794 Κύριος,
1135 1725 1194 1777 ὃν
1233 1726 1390 1795 ὑμεῖς
1427 1726 1658 1796 ζητεῖτε,
1699 1728 1791 1780 καὶ
1818 1729 1846 1779 6
1871 1728 1968 1795 ἅγ-

384 1816 536 1908 γελος
558 1815 666 1908 τῆς
693 1815 978 1888 διαθήκης,
1008 1817 1066 1869 ὃν
1105 1818 1260 1887 ὑμεῖς
1297 1816 1510 1871 θέλετεο
1551 1819 1680 1883 ἰδοὺ,
1725 1819 1964 1891 ἔρχεται,
1999 1854 2038 1908 Β

383 1905 528 1973 λέγει
554 1906 757 1977 Κύριος
781 1909 1194 1980 παντοκράτωρ.
1222 1910 1332 1962 Καὶ
1362 1910 1444 1972 τίς
1472 1911 1733 1980 ὑπομενεῖ
1755 1911 1965 1982 ἡμέραν

385 1997 587 2051 εἰσόδου
615 1999 814 2064 αὑτοῦ;
851 2001 882 2070 ἢ
917 2002 1000 2064 τίς
1026 2002 1394 2074 ὑποστήσεται
1428 2004 1486 2056 ὲν
1511 2007 1575 2074 τῇ
1610 2004 1851 2076 ὀπτασίᾳ
1873 2007 1967 2058 αὑ-

382 2089 506 2154 τ.·ῦ;
536 2091 668 2144 διότι
701 2091 861 2155 αὑτὸς
901 2094 1277 2165 εἰσπορεύεται
1316 2095 1392 2159 ὡς
1425 2097 1536 2166 πῦρ
1577 2097 1964 2168 χωνευτηρίου,

385 2183 478 2236 καὶ
502 2184 577 2246 ὡς
600 2183 729 2238 ποιὰ
752 2184 1075 2239 πλυνόντων’
1099 2187 1191 2239 καὶ
1211 2185 1478 2240 καθιεῖται
1505 2188 1859 2258 ἁναχωνεύων
1875 2189 1969 2243 καὶ

383 2274 693 2346 καθαρίζων
719 2276 794 2339 ὡς
822 2277 880 2329 τὸ
909 2277 1169 2349 ἀργύριον
1198 2279 1292 2332 καὶ
1315 2279 1377 2332 τὸ
1404 2280 1644 2352 χρυσίον.
1680 2301 1698 2332 ι
1738 2280 1816 2334 Τὰ
1842 2283 1970 2353 περὶ

378 2366 480 2434 τῆς
499 2366 756 2438 δευτέρας
784 2369 876 2422 τοῦ
909 2369 1142 2441 Χριστοῦ
1184 2372 1487 2442 παρουσίας
1531 2373 1624 2425 καὶ
1653 2371 1741 2425 διὰ
1766 2371 1969 2425 τούτων

383 2459 806 2529 προφητεύεται,
837 2461 1074 2532 ὁπηνίκα
1116 2502 1128 2513 .
1175 2503 1188 2516 .
1233 2503 1246 2514 .
1291 2480 1318 2526 ς
1343 2461 1436 2516 τοῦ
1460 2463 1594 2516 Θεοῦ
1633 2464 1726 2517 καὶ
1758 2466 1970 2536 Πατρὸς

385 2549 490 2602 τῶν
523 2550 659 2605 ὅλων
700 2553 1084 2618 ὲξαποσταλεὶς
1123 2555 1285 2618 αὑτὸς
1315 2557 1343 2608 6
1375 2555 1609 2626 Χριστὸς
1639 2557 1733 2610 τοῦ
1780 2556 1912 2610 Θεοῦ
1942 2558 1970 2608 6

384 2641 524 2714 ν(ῦν)
547 2641 836 2714 λεγόμενος
871 2663 888 2696 ι
920 2646 1019 2717 τῆς
1057 2646 1323 2718 διαθήκης
1356 2646 1584 2715 ἄγγελος
1620 2647 1969 2716 ὲπιϐλέψεται

385 2735 502 2788 ὁδὸν
541 2737 648 2806 πρὸ
674 2735 965 2806 προσώπου
986 2737 1080 2792 τοῦ
1119 2740 1350 2811 Πατρὸς,
1395 2761 1412 2792 ι
1439 2739 1584 2793 τοῦτ’
1611 2739 1727 2792 ἔστι
1770 2757 1968 2810 προευ-

381 2827 628 2897 τρεπίσει
663 2831 756 2883 καὶ
800 2830 1316 2901 προπαρασκευάσει
1368 2829 1468 2894 τὰς
1515 2829 1622 2882 τῶν
1669 2828 1970 2901 ἀνθρώπων

378 2915 562 2987 ψυχὰς
594 2922 659 2992 τῇ
695 2919 788 2972 τοῦ
832 2921 1046 2992 Πατρὸς
1074 2921 1322 2993 βασιλείᾳ
1341 2937 1352 2951 ·
1383 2922 1472 2974 ὅτε
1505 2923 1570 2975 ὲκ
1600 2919 1832 2990 λογικῶν
1879 2921 1970 2974 καὶ

384 3009 642 3079 ἐμψύχων
679 3010 841 3063 λίθων
860 3011 950 3064 τὸν
974 3010 1340 3082 πνευματικὸν
1360 3011 1506 3072 ναὸν,
1532 3011 1676 3064 τοῦτ’
1707 3011 1821 3064 ἔστι
1876 3011 1970 3083 τὴν

398 3100 738 3172 Ἐκκλησίαν,
793 3103 1250 3166 ὲπισκευάσαντος
1297 3103 1495 3166 αὑτοῦ,
1548 3102 1668 3173 ἥξει
1729 3105 1892 3168 αὑτὸς
1944 3107 1972 3158 6

2065 557 2368 610 versionem
2408 557 2679 625 impulsis.
2715 558 2869 626 Apud
2923 573 3070 619 eum,
3110 563 3163 608 ut
3214 570 3489 610 summum
3549 569 3636 608 sa-

2065 646 2361 711 cerdotem,
2391 656 2445 701 et
2479 647 2545 701 de
2589 646 2846 700 omnibus
2897 645 3185 699 scientiam
3211 643 3636 706 custodientem,

2065 737 2302 789 divinum
2335 738 2506 808 legem
2571 737 2974 806 requisiverunt
3029 747 3084 792 et
3127 737 3408 806 requirent
3459 737 3636 804 ipsius

2067 828 2309 882 slsientiae
2352 830 2602 884 studiosi.
2662 828 2780 898 ipse
2823 839 2908 884 est
2930 830 3076 884 enim
3131 847 3148 878 ι
3185 828 3366 898 magni
3419 827 3637 882 consilii

2065 919 2302 989 Angelus
2331 919 2398 981 ⁸⁸,
2431 939 2448 970 ι
2485 929 2536 974 et
2569 919 2748 975 Patris
2793 922 3128 976 voluntatem
3179 920 3327 975 omni
3375 927 3641 973 creatura:

2067 1014 2418 1067 annuntians.

2618 1313 2849 1369 CAPUT
2892 1313 3063 1368 XXXI

2680 1427 2763 1482 ΕΣ
2801 1430 3000 1483 eodem.

2145 1562 2163 1594 ‹
2207 1543 2348 1598 Ecce
2393 1557 2493 1612 ego
2529 1543 2689 1598 mitto
2735 1542 2990 1613 angelum
3046 1557 3248 1608 meum,
3279 1551 3333 1596 et
3369 1557 3643 1612 praepara-

2073 1638 2152 1693 bit
2181 1637 2322 1692 viam
2392 1644 2516 1690 ante
2574 1636 2766 1690 faciem
2799 1650 2998 1690 meam.
3039 1631 3105 1687 Et
3131 1635 3313 1689 statim
3367 1636 3543 1690 veniet
3576 1635 3643 1688 ad

2071 1747 2229 1786 suum
2261 1730 2522 1798 templum
2556 1728 2898 1792 Dominator,
2929 1743 3090 1797 quem
3133 1743 3232 1782 vos
3269 1727 3514 1796 qumritis
3545 1743 3557 1776 :
3590 1734 3644 1782 et

2071 1823 2295 1893 angelus
2345 1821 2680 1884 testamenti,
2739 1834 2901 1889 quem
2943 1834 3042 1874 vos
3070 1819 3256 1872 vultis.
3291 1817 3430 1872 Ecce
3474 1817 3641 1877 venit,

2069 1913 2199 1966 dicit
2236 1912 2493 1966 Dominus
2520 1911 2888 1979 omnipotens.
2926 1906 2991 1960 Et
3021 1907 3146 1976 quis
3179 1907 3377 1975 poterit
3407 1905 3646 1976 cogitare

2073 2005 2216 2058 diem
2250 2005 2521 2057 adventus
2574 2003 2716 2071 ejus,
2765 2009 2818 2055 et
2867 1999 2992 2069 quis
3034 1999 3201 2054 stabit
3251 1998 3316 2051 ad
3349 1996 3647 2052 videndum

2070 2095 2234 2149 eum?
2259 2092 2374 2162 lpse
2408 2094 2551 2147 enim
2595 2093 2753 2161 quasi
2787 2093 2927 2162 ignis
2955 2089 3221 2152 conﬂans,
3259 2096 3312 2142 et
3341 2087 3648 2142 emundans

2072 2193 2379 2256 argentum,
2405 2195 2457 2240 et
2487 2187 2764 2256 purgabit,
2804 2193 2860 2238 et
2903 2183 3105 2238 colabit
3130 2196 3226 2235 eos
3259 2179 3419 2250 quasi
3451 2195 3646 2234 aurum

2070 2286 2124 2334 et
2156 2280 2312 2349 quasi
2343 2286 2627 2348 argentum
2680 2277 2746 2331 ⁸⁷.
2782 2297 2799 2327 ι
2840 2275 2965 2330 llazc
3017 2274 3084 2329 de
3146 2272 3389 2328 secundo
3442 2271 3648 2325 Christi

2073 2374 2308 2429 adventu
2351 2372 2719 2443 prophetizat},
2774 2370 3015 2442 quando.
3061 2410 3074 2422 .
3111 2411 3126 2425 .
3191 2368 3285 2423 Dei
3345 2374 3400 2422 et
3467 2365 3648 2418 Patris

2073 2466 2314 2519 omnium
2336 2465 2541 2518 missus
2571 2463 2687 2532 ipse
2710 2462 2983 2525 Christus,
3012 2461 3080 2515 de
3098 2474 3206 2529 quo
3231 2474 3374 2512 nunc
3403 2456 3604 2511 dicitur
3629 2469 3643 2504 :

2079 2575 2096 2606 ι
2138 2555 2448 2610 testamenti
2504 2554 2743 2623 Angelus
2769 2551 3093 2623 pra‘parabit
3125 2552 3263 2603 viam
3290 2555 3415 2602 ante
3454 2547 3649 2601 faciem

2071 2645 2273 2710 Patris,
2315 2666 2332 2698 ι
2373 2645 2425 2700 id
2485 2653 2569 2702 est
2619 2645 2898 2698 hominum
2964 2642 3177 2696 animas
3232 2639 3412 2693 Patris
3476 2652 3646 2706 regno

2073 2738 2299 2794 idoneas
2355 2748 2516 2808 atque
2569 2747 2794 2808 paratas
2846 2736 3076 2800 eiliciet;
3114 2747 3238 2786 eum
3286 2729 3647 2784 rationalibus

2075 2829 2564 2900 spiritualibusque
2632 2829 2908 2899 lapidibus
2982 2828 3266 2898 spirituale
3335 2827 3640 2896 templum,

2076 2921 2286 2975 scilicet
2308 2919 2631 2982 Ecclesium,
2656 2923 2776 2989 ipso
2799 2929 3160 2990 prmparante,
3193 2919 3374 2975 veniet
3405 2919 3518 2989 ipse
3542 2917 3650 2972 Do-

2085 3014 2268 3069 minus
2322 3013 2573 3084 Deusque
2602 3012 2842 3068 Verbum
2869 3014 3031 3067 simul
3055 3030 3180 3068 cum
3207 3014 3324 3082 ipso
3344 3011 3650 3067 testamenti

2078 3107 2286 3178 Angelo
2345 3108 2401 3162 in
2452 3107 2714 3178 templum
2746 3107 2894 3176 quod
2950 3115 3312 3161 memoratum
3367 3112 3484 3170 est;
3526 3103 3652 3159 dein

385 3192 588 3263 Κύριος
611 3196 706 3248 καὶ
752 3194 884 3259 Θεὸς
916 3196 1088 3264 Λόγος
1121 3197 1238 3266 ἅμα
1276 3195 1424 3268 αὑτῷ
1464 3195 1541 3268 τῷ
1572 3196 1674 3267 τῆς
1711 3197 1971 3269 διαθήκης

2082 3214 2205 3254 cum
2231 3197 2531 3255 secundum
2556 3197 2676 3267 ejus
2697 3197 2986 3251 adventum
3007 3196 3400 3266 prmnuntians,
3416 3191 3652 3247 Verbum

399 3283 636 3357 Ἀγγέλῳ
655 3288 735 3351 εἰς
761 3287 851 3340 τὸν
879 3287 1244 3360 δεδηλωμένον
1270 3291 1396 3343 ναόν
1413 3307 1424 3318 ·
1457 3283 1596 3355 εἶτα,
1630 3283 1717 3343 οἵα
1748 3289 1844 3361 τὴν
1859 3290 1975 3342 δευ-

383 3376 550 3447 τέραν
589 3379 752 3432 αὑτοῦ
803 3381 1104 3450 παρουσίαν
1147 3380 1553 3451 προαγγέλλων,
1601 3384 1629 3436 6
1681 3382 1851 3450 Λόγος
1901 3382 1976 3445 ὼς

387 3469 522 3538 πρὸς
553 3470 678 3533 τοὺς
706 3471 1062 3542 ἁμαρτωλούς
1097 3489 1280 3541 φησιν,
1311 3492 1328 3523 ι
1380 3474 1508 3528 Ἰδοὺ
1531 3474 1746 3545 ἔρχεται
1771 3475 1976 3547 Κύριος

387 3561 811 3633 παντοκράτωρ’
847 3564 942 3616 καὶ
985 3563 1068 3625 τίς
1103 3563 1362 3634 ὑπομενεῖ
1392 3562 1605 3634 ἡμέραν
1630 3564 1834 3616 εἰσόδου
1882 3565 1976 3617 αὑ-

385 3653 479 3706 τοῦ
504 3671 518 3719 ;
547 3654 580 3726 ἢ
615 3655 696 3720 τίς
726 3639 1086 3728 ὑποστήσεται
1127 3658 1183 3709 ὲν
1210 3659 1276 3727 τῇ
1313 3657 1548 3728 ὀπτασίᾳ
1583 3658 1784 3722 αὑτοῦ;
1831 3680 1848 3711 ι
1883 3662 1976 3714 καὶ

385 3747 454 3800 τὰ
505 3747 663 3820 ὲξῆς·
705 3743 786 3812 οἷς
824 3749 1098 3820 ἐπιμελῶς
1157 3750 1486 3821 προσεκτέον
1520 3751 1610 3802 ὑπ’
1675 3751 1839 3804 αὑτοῦ
1880 3751 1974 3804 τοῦ

387 3840 825 3910 παντοκράτορος
867 3840 1072 3913 Κυρίου
1106 3840 1179 3904 ὡς
1220 3842 1348 3911 περὶ
1393 3841 1580 3911 ἐτέρου
1631 3840 1970 3913 λεγομένοις·

387 3928 481 3980 καὶ
524 3930 785 3983 πευστέον
823 3949 881 3984 τε
926 3932 1034 3985 τῶν
1068 3933 1131 3985 ὲκ
1182 3933 1502 4004 περιτομῆς,
1543 3933 1598 3984 εἴ
1640 3951 1763 3986 τινα
1804 3934 1976 4004 ἔχοιεν

382 4020 565 4088 λέγειν
596 4023 688 4074 τὸν
737 4022 969 4077 ἐνταῦθα
1009 4024 1336 4095 δηλούμενον
1381 4025 1584 4095 Κύριον
1626 4026 1719 4079 καὶ
1755 4026 1844 4079 τὸν
1880 4028 1976 4080 σὺν

389 4113 538 4183 αὑτῷ
571 4115 833 4182 ’Ἄγγελον
861 4116 960 4184 τῆς
995 4116 1281 4188 διαθήκης,
1323 4117 1450 4188 περὶ
1470 4111 1532 4170 οῦ
1555 4118 1758 4189 Κύριος
1787 4120 1815 4171 6
1842 4135 1976 4171 παν-

390 4207 671 4278 τοκράτωρ
693 4207 891 4276 φάσκει
925 4209 1004 4272 1:6,
1041 4228 1058 4260 ι
1104 4209 1235 4263 Ἰδοὺ
1262 4208 1501 4281 ἔρχεται,
1530 4230 1547 4260 ι
1575 4210 1670 4263 καὶ
1694 4209 1763 4263 τὰ
1789 4209 1973 4263 λοιπά·

389 4297 455 4350 δι’
481 4292 556 4354 ὧν
590 4300 709 4352 καθ’
748 4302 892 4371 ἡμᾶς
927 4303 961 4372 ἡ
1004 4301 1232 4372 δευτέρα
1274 4301 1370 4355 τοῦ
1402 4302 1639 4372 Χριστοῦ
1674 4303 1975 4371 καταγγέλ-

384 4391 542 4443 λεται
582 4392 879 4463 παρουσία’
913 4393 974 4457 ὃς
1008 4393 1178 4461 Λόγος
1227 4393 1362 4448 Θεοῦ
1408 4394 1687 4464 τυγχάνων
1729 4412 1973 4465 παραγε-

389 4481 612 4552 νόμενος
657 4484 1068 4556 εἰσπορεύσεται
1110 4489 1189 4549 εἰς
1221 4487 1319 4557 τὴν
1347 4486 1578 4539 ἑκάστου
1607 4487 1804 4556 ψυχὴν,
1855 4486 1975 4555 κρί-

392 4590 498 4625 νων
526 4573 757 4627 ἓκαστον
799 4576 927 4647 περὶ
960 4576 1070 4629 τῶν
1113 4577 1261 4647 αὑτῷ
1295 4577 1436 4630 κατὰ
1467 4577 1556 4630 τὸν
1587 4577 1699 4647 βίον
1760 4594 1974 4648 πεπρα-

391 4681 424 4732 γ
434 4665 628 4734 μένων,
651 4667 930 4722 ὲκπλύνων
957 4685 1014 4720 τε
1042 4669 1138 4720 καὶ
1162 4669 1248 4722 διὰ
1277 4671 1444 4740 πυρὸς
1476 4668 1676 4740 χρυσοῦ
1701 4669 1854 4741 δίκην
1871 4687 1976 4738 χω-

393 4759 582 4826 νεύων,
617 4762 714 4814 καὶ
742 4761 1053 4831 καθαρίζων
1090 4763 1160 4816 τὰ
1188 4765 1403 4816 πάντων
1431 4764 1752 4834 ἡγεμονικά.
1787 4764 1976 4816 Πᾶσαν

393 4848 522 4918 γοῦν
577 4853 676 4924 τὴν
721 4853 898 4922 κρίσιν
926 4857 955 4908 6
982 4856 1171 4927 Πατὴρ
1201 4857 1432 4911 δέδωκεν
1459 4855 1536 4926 τῷ
1569 4856 1682 4927 Υίῷ
1715 4855 1857 4909 κατὰ
1885 4857 1976 4908 τὸν

392 4944 668 5010 φάσκοντα
695 4946 786 4999 καὶ
807 4948 864 4998 ἐν
894 4946 1141 5018 Ψαλμοῖς
1171 4947 1346 5015 λόγον,
1385 4967 1402 4998 ι
1443 4949 1501 5001 '0
1527 4948 1681 5011 Θεὸς,
1712 4947 1773 4999 τὸ
1800 4946 1975 5018 κρῖμά

386 5050 486 5087 σου
515 5035 594 5106 τῷ
622 5035 832 5105 βασιλεῖ
859 5037 968 5103 δὸς,
1008 5039 1104 5093 καὶ
1143 5039 1240 5110 τὴν
1267 5037 1612 5110 δικαιοσύνην
1651 5055 1745 5090 σου
1769 5038 1846 5108 τῷ
1871 5038 1972 5108 υἱῷ

393 5124 482 5177 τοῦ
531 5126 823 5196 βασιλέως
862 5131 1067 5202 κρίνειν
1109 5132 1198 5186 τὸν
1237 5130 1364 5183 λαόν
1415 5147 1507 5183 σου
1551 5131 1610 5182 ὲν
1637 5128 1969 5201 δικαιοσύνῃ,

2079 3291 2238 3360 quasi
2285 3290 2352 3344 ad
2402 3297 2720 3360 peccatores
2755 3287 2928 3341 dicit:
2968 3305 2986 3336 ‹
3021 3285 3163 3341 Ecce
3206 3285 3354 3340 venit
3390 3283 3654 3336 Dominus

2080 3384 2424 3452 omnipotens
2458 3399 2468 3431 :
2502 3389 2555 3436 et
2587 3379 2709 3450 quis
2750 3379 2950 3448 poterit
2983 3379 3225 3448 cogitare
3257 3378 3400 3432 diem
3447 3375 3654 3429 adven-

2079 3486 2166 3530 tus
2215 3474 2356 3542 ejus,
2388 3477 2442 3528 et
2499 3473 2623 3543 quis
2676 3474 2846 3528 stabit
2889 3473 2954 3525 ad
3002 3471 3298 3525 videndum
3339 3468 3506 3525 eum?
3535 3487 3554 3518 ›
3588 3465 3656 3519 Et

2079 3566 2288 3634 reliqua
2315 3580 2438 3635 qua:
2469 3565 2758 3635 diligenter
2819 3564 3171 3627 attendenda,
3201 3570 3259 3616 ut
3313 3561 3378 3615 ab
3405 3561 3652 3626 omnipo-

2078 3660 2243 3714 tentis
2277 3657 2395 3724 Dei,
2431 3659 2586 3728 quasi
2617 3657 2876 3720 alterius,
2929 3672 3023 3710 ore
3085 3656 3320 3729 prolata;
3375 3659 3428 3707 et
3481 3653 3550 3705 ab
3585 3651 3654 3705 iis

2079 3750 2169 3820 qui
2202 3767 2266 3806 ex
2300 3751 2726 3805 circumcisione
2761 3757 2890 3805 sunt
2933 3748 3326 3804 sciscitandum
3359 3760 3428 3800 an
3471 3741 3654 3798 Domi-

2078 3861 2211 3899 num
2251 3845 2523 3916 quemvis,
2557 3846 2646 3899 cui
2703 3846 2821 3899 haec
2853 3844 2998 3899 dicta
3050 3839 3403 3901 conveniant,
3431 3844 3486 3891 et
3525 3849 3651 3889 cum

2078 3937 2425 4006 cuAngelum
2480 3936 2778 3991 testimonii
2819 3936 3079 3990 inducere
3139 3929 3372 4001 possint,
3432 3926 3500 3982 de
3544 3940 3655 3996 quo

2079 4029 2429 4098 omnipotens
2478 4027 2618 4083 Deus
2669 4027 2786 4082 hazc
2821 4026 3006 4081 dicat:
3044 4043 3060 4073 ι
3102 4021 3239 4076 Ecce
3280 4017 3451 4083 venit,
3483 4035 3503 4068 ι
3543 4023 3651 4070 etc.

2082 4121 2176 4176 llis
2206 4121 2390 4191 igitur,
2425 4127 2485 4173 ut
2515 4121 2674 4174 nobis
2702 4118 2936 4182 videtur,
2969 4112 3244 4172 secundus
3291 4108 3654 4164 annuntiatur

2077 4212 2285 4266 Christi
2336 4212 2625 4266 adventus.
2672 4211 2811 4276 Qui,
2859 4223 2983 4262 cum
3054 4204 3294 4258 Verbum
3343 4200 3435 4255 Dei
3483 4205 3650 4260 esset,

2077 4304 2469 4374 superveniens
2520 4304 2574 4357 in
2649 4303 2917 4373 cujusque
2985 4299 3226 4352 animam
3289 4291 3652 4363 ingredietur,

2077 4413 2351 4468 quemque
2382 4397 2694 4467 dijudicans
2725 4411 2788 4450 ex
2835 4409 2954 4462 ejus
2989 4393 3112 4445 vita:
3141 4387 3424 4459 operibus,
3455 4396 3650 4453 expur-

2079 4506 2218 4560 gans
2273 4500 2328 4545 et
2382 4489 2540 4560 quasi
2609 4503 2803 4542 aurum
2870 4487 2995 4557 igne
3052 4483 3280 4544 colans,
3334 4485 3656 4544 mentesque

2009 4559 2053 4612 Β
2081 4559 2330 4634 omnium
2361 4559 2688 4634 emundans.
2727 4575 2901 4632 Omne
2959 4575 3126 4647 igitur
3176 4569 3446 4641 judicium
3492 4564 3652 4618 Pater

2079 4673 2229 4728 dedit
2293 4671 2433 4726 Filio
2490 4687 2590 4727 suo
2623 4672 2776 4741 juxta
2828 4670 2975 4724 hunc
3036 4670 3091 4722 in
3149 4663 3383 4720 Psalmis
3432 4661 3653 4712 locum:

2085 4782 2103 4815 ι
2143 4763 2308 4825 Deus,
2335 4763 2604 4831 judicium
2633 4773 2784 4817 tuum
2822 4761 2936 4832 regi
2983 4760 3071 4823 da,
3098 4766 3150 4813 et
3177 4754 3448 4826 justitiam
3495 4757 3644 4802 tuam

2085 4854 2197 4907 ﬁlio
2229 4855 2374 4926 regis
2411 4855 2700 4924 :judicare
2748 4855 3009 4924 p0pnlum
3059 4861 3211 4905 tuum
3247 4848 3299 4900 in
3329 4841 3561 4914 justitia,
3601 4847 3655 4892 et

2083 4961 2349 5016 pauperes
2408 4954 2534 5002 tuos
2585 4947 2642 5000 in
2693 4945 2903 5016 judicio
2950 4945 2994 4976 ⁸⁸
3048 4963 3066 4994 ›
3104 4941 3235 4995 lnde
3282 4936 3392 4991 Rea:
3435 4930 3654 5012 quidem

2081 5037 2340 5092 divinitas
2379 5046 2434 5093 et
2483 5038 2600 5109 ipse
2649 5036 2793 5092 Deus
2835 5035 3070 5090 Verbum
3107 5031 3410 5103 appellatur
3445 5044 3456 5079 :
3491 5036 3652 5094 quem

2081 5141 2263 5184 autem
2299 5131 2541 5200 suscepit
2573 5130 2871 5195 hominem,
2900 5147 2916 5178 ι
2953 5127 3095 5181 (ilius
3129 5127 3292 5194 regis.

392 5218 487 5269 καὶ
510 5220 636 5282 τοὺς
665 5222 914 5290 πτωχούς
939 5239 1033 5276 σου
1058 5236 1117 5276 εν
1147 5226 1325 5296 κρίσει
1349 5243 1360 5254 ·
1401 5245 1418 5276 ι
1448 5224 1577 5278 ἔνθα
1593 5222 1898 5288 βασιλεὺς
1922 5225 2020 5293 μὲν
2057 5226 2088 5296 ή
2125 5223 2313 5293 θεότης
2353 5225 2447 5278 καὶ
2472 5224 2635 5287 αὑτὸς
2659 5226 2687 5277 6
2717 5223 2849 5285 Θεὸς
2887 5223 3057 5290 Λόγος
3089 5219 3476 5289 ἀνηγόρευται’
3513 5209 3570 5262 ὃν
3599 5206 3654 5260 δὲ

392 5312 678 5384 ἀνείληφεν
711 5315 1015 5386 ἄνθρωπον,
1051 5337 1071 5368 ι
1111 5318 1224 5380 υἱὸς
1249 5318 1356 5370 τοῦ
1389 5316 1671 5387 βασιλέως.
1716 5335 1734 5366 ι

905 5433 1300 5489 ΚΕΦΛΛΑΙΟΝ
1334 5432 1454 5487 AB'.

870 5525 979 5579 Τοῦ
1010 5525 1198 5578 αὑτοῦ
1233 5521 1490 5591 ἀγγέλου

472 5640 490 5670 ο
521 5622 628 5673 Καὶ
657 5618 904 5673 ἀνατελεῖ
922 5621 1034 5682 τοῖς
1056 5617 1220 5687 φοσου
1230 5618 1407 5687 μένοις
1436 5618 1494 5669 τὸ
1511 5616 1679 5685 ὄνομά
1705 5631 1802 5684 μου
1825 5615 1974 5678 ἥλιος

499 5775 546 5806 ⁸⁸
579 5773 678 5830 lsa.
717 5791 790 5840 lx,
824 5775 876 5830 6.

958 5775 1000 5807 ⁸⁷
1043 5772 1271 5827 Malach.
1306 5788 1389 5837 ιιι,
1426 5772 1539 5826 1-5.
1617 5773 1659 5803 ⁸⁸
1694 5771 1835 5830 Psal.
1871 5788 2014 5841 mu,

2652 5425 2882 5483 CAPUT
2923 5417 3131 5477 XXXII.

2542 5520 2626 5574 Ea:
2653 5518 2833 5572 cadent
2867 5515 2916 5568 Μ
2927 5512 3160 5567 αίαεΙιὶα.

2162 5638 2177 5668 ‹
2228 5617 2290 5670 lit
2315 5617 2519 5670 orietur
2557 5610 2710 5668 vobis
2746 5605 3064 5662 timentibus
3111 5616 3312 5657 nomen
3360 5611 3540 5656 meum
3568 5605 3654 5655 so!

2058 5771 2088 5802 ι)
