4100 6426
502 315 639 372 H59

1203 312 1468 367 EUSEBIl
1499 306 1978 366 CESARIENSIS
2016 306 2169 362 OPP.
2202 303 2383 360 PARS
2424 302 2511 359 Ill.
2554 334 2622 345 —-
2650 300 3065 359 EXEGETICA.

3605 303 3742 359 “60

496 432 742 501 justitir,
773 438 825 486 et
849 430 1056 485 sanitas
1085 429 1139 482 in
1168 429 1363 497 pennis
1394 443 1516 498 ejus
1536 429 1602 483 δ’.
1644 449 1663 480 ι
1697 427 1789 482 Sol
1835 426 2041 497 justitia

2163 422 2531 496 δικαιοσύνης,
2582 421 2674 474 καὶ
2723 420 2867 483 ἴασις
2917 421 2974 471 ἐν
3024 420 3143 481 ταῖς
3188 415 3441 488 πτέρυξιν
3489 416 3672 472 αὐτοῦ.
3717 438 3737 470 ι

502 540 523 573 ι
559 522 652 576 lux
688 530 772 577 est
824 536 951 575 vera
1012 533 1132 589 qua;
1193 519 1464 574 illuminat
1515 533 1729 573 omnem
1783 518 2057 573 hominem

494 613 801 671 venientem
840 613 895 666 in
938 612 1084 664 hunc
1128 609 1394 664 mundum
1414 610 1495 676 9°;
1535 629 1554 663 ι
1591 611 1684 679 qui
1732 611 1866 666 solis
1924 611 2056 664 oriri

492 701 698 755 dicitur
713 700 1033 756 timentibus
1061 716 1261 755 nomen
1293 698 1475 756 Patris
1504 702 1656 771 ejus;
1706 703 1868 771 cujus
1906 716 2061 756 occa-

493 804 615 845 sum
652 791 758 855 his,
793 791 886 860 qui
924 806 1034 845 non
1060 791 1194 845 tales
1225 796 1408 853 erunt,
1437 791 1676 845 minatur
1702 791 1788 847 his
1831 791 2014 846 verbis
2042 808 2054 843 :

496 899 519 935 ι
548 882 845 938 Occumbet
867 883 950 937 sol
974 897 1139 952 super
1166 882 1461 953 prophetas
1500 882 1761 953 papulum
1798 890 1977 937 meum
2003 883 2058 938 in

489 989 737 1031 errorem
766 973 1090 1029 inducentes
1112 974 1180 1028 ⁸⁸.
1213 993 1233 1026 ι

558 1149 686 1207 Haec
713 1150 932 1220 quidem
961 1166 992 1206 ο
1018 1150 1308 1205 duodecim
1355 1151 1636 1222 prophetis
1664 1167 1678 1202 :
1708 1167 1832 1206 cum
1875 1158 2054 1207 autem

488 1240 642 1299 Isaiae
690 1242 1028 1308 testimonia,
1079 1258 1313 1313 quorum
1374 1260 1605 1314 magnus
1626 1254 1714 1298 est
1770 1259 2053 1309 numerus,

490 1335 754 1409 peculiari
773 1336 911 1390 libro
936 1342 1171 1390 tractare
1194 1335 1351 1389 nobis
1376 1337 1716 1406 propositum
1755 1342 1860 1401 est,
1896 1335 2054 1390 nobis

487 1429 647 1484 liceat
661 1428 852 1484 ordine
880 1428 1099 1481 inverso
1128 1434 1448 1482 caeterorum
1473 1442 1794 1499 magnorum
1818 1429 2055 1498 prophe-

488 1529 664 1576 tarum
702 1518 1026 1595 documenta
1066 1517 1347 1587 indagare.
1802 1508 1803 1511 “

1008 1627 1239 1684 CAPUT
1286 1626 1521 1683 XXXIII.

1099 1736 1428 1793 EJeremia.
1540 1715 1547 1719 .
1614 1740 1618 1744 Α

559 1871 580 1905 ι
609 1852 691 1908 Tu
717 1859 895 1907 autem
919 1891 934 1915 ,
971 1849 1219 1915 Domine,
1254 1850 1640 1906 demonstrasti
1669 1850 1823 1915 mihi,
1863 1859 1918 1907 et
1957 1867 2042 1906 co-
2087 1825 2127 1880 Β

478 1945 642 2016 ηειιονί
675 1963 689 1999 :
731 1952 863 1998 tunc
901 1942 1187 1998 ostendisti
1218 1941 1351 1995 mihi
1379 1942 1560 1997 studia
1596 1957 1807 1997 eorum.
1842 1942 1908 1997 Et
1951 1959 2051 2015 ego

480 2036 638 2108 quasi
667 2050 839 2106 agnus
870 2041 1212 2099 mansuetus,
1237 2033 1328 2105 qui
1362 2042 1614 2103 portatur
1642 2034 1710 2088 ad
1732 2035 2005 2089 victimam
2030 2054 2045 2091 :

473 2133 534 2181 et
566 2141 677 2181 non
700 2125 932 2193 cognovi
959 2125 1087 2195 quia
1108 2125 1485 2194 cogitaverunt
1516 2140 1682 2197 super
1728 2142 1813 2181 me
1859 2128 2046 2182 consi-

477 2215 551 2270 lia
577 2217 821 2272 dicentes
854 2235 867 2270 :
897 2213 1174 2272 Mittamus
1226 2216 1432 2287 lignum
1479 2216 1534 2269 in
1584 2233 1777 2288 panem
1829 2219 1950 2288 ejus
1995 2228 2047 2274 et

473 2309 769 2367 erodamus
798 2325 921 2365 cum
951 2309 1019 2364 de
1046 2316 1194 2364 terra
1223 2309 1544 2373 viventium,
1585 2318 1639 2365 et
1686 2324 1888 2366 nomen
1928 2311 2047 2379 ejus

474 2416 587 2457 non
621 2413 952 2456 memoretur
980 2401 1299 2471 amplius".
1344 2420 1363 2453 ι
1405 2398 1668 2455 Dominus
1691 2399 2048 2472 Salvatorque

473 2501 662 2548 noster
710 2490 870 2548 Jesus
930 2491 1206 2557 Christus,
1250 2492 1406 2561 juxta
1458 2491 1611 2547 Isaiae
1662 2494 2043 2563 prophetiam,

479 2602 500 2637 ι
539 2582 696 2639 Sicut
736 2584 856 2638 ovis
907 2583 977 2637 ad
1023 2584 1356 2639 occisionem
1403 2583 1605 2639 ductus
1644 2593 1750 2647 est,
1791 2593 1845 2640 et
1884 2586 2042 2656 quasi

471 2690 646 2746 agnus
688 2690 873 2730 coram
924 2674 1183 2731 tondente
1231 2691 1291 2731 se
1333 2676 1704 2745 obmutuit";
1745 2696 1762 2728 ι
1799 2684 1853 2732 et
1887 2677 2044 2747 juxta

472 2766 619 2820 illam
656 2781 774 2837 quae
814 2767 971 2821 nobis
1004 2768 1059 2821 in
1093 2782 1258 2821 manu
1287 2777 1393 2832 est,
1429 2787 1447 2819 ι
1479 2770 1638 2839 quasi
1684 2784 1859 2841 agnus
1892 2785 2045 2824 man-

470 2865 662 2914 suetus
690 2859 783 2928 qui
808 2866 1060 2930 portatur
1092 2858 1161 2913 ad
1198 2860 1476 2913 victimam
1505 2863 1749 2916 nescius.
1783 2881 1802 2914 ι
1852 2860 2044 2917 Passio
2085 2857 2091 2863 ’

466 2956 524 3004 et
551 2965 683 3005 crux
700 2952 820 3021 ejus
845 2950 1075 3005 indicari
1106 2958 1334 3020 possunt
1354 2951 1441 3006 his
1465 2953 1646 3008 verbis
1673 2972 1685 3007 :
1712 2970 1730 3002 ι
1765 2951 2043 3007 Mittamus

468 3041 677 3114 lignum
721 3044 776 3097 in
821 3027 1015 3114 panem
1046 3046 1167 3113 ejus
1196 3051 1250 3099 et
1277 3042 1569 3100 erodamus
1617 3060 1742 3100 eum
1783 3046 1851 3101 de
1899 3054 2041 3101 terra

2162 514 2348 577 ’Ἥλιος
2374 513 2719 583 δικαιοσύνης
2738 512 2797 564 τὸ
2827 531 2847 563 ι
2881 511 2995 581 φῶς
3019 513 3166 564 ἐστιν
3187 510 3248 562 τὸ
3272 508 3520 580 ἀληθινὸν
3548 508 3608 562 τὸ
3635 527 3748 581 φω-

2157 606 2304 672 τίζον
2338 610 2512 662 πάντα
2546 606 2831 677 ἄνθρωπον
2870 604 3164 676 ἐρχόμενον
3207 604 3290 666 είς
3330 603 3422 658 τὸν
3454 603 3687 673 κόσμου’
3722 623 3742 656 ι

2158 699 2217 762 ὃς
2261 699 2442 769 μόνοις
2499 696 2808 751 ἀνατέλλειν
2861 695 3074 767 εἴρηται
3114 696 3229 758 τοῖς
3256 692 3637 765 ,φοϐουμένοις
3685 694 3749 747 τὺ

2158 792 2324 863 ὄνομα
2353 790 2444 846 τοῦ
2480 790 2691 860 [ἰατρὸς
2733 787 2897 843 αὐτοῦ
2919 805 2931 817 ·
2964 790 3077 850 τοῖς
3116 786 3309 856 γάρτοι
3374 785 3447 857 μὴ
3481 784 3746 848 τοιούτοις

2158 878 2410 934 δύσεσθαι
2452 878 2686 943 ἀπειλεῖ,
2727 877 2871 931 κατὰ
2900 875 2982 929 τὸ·
3013 875 3073 947 (f.
3107 875 3199 943 '55)
3232 880 3260 925 ι’
3286 874 3397 927 Καὶ¹
3448 873 3668 927 δύσεται
3716 876 3746 926 ὁ

2158 972 2310 1041 ἥλιος
2343 972 2437 1024 ἐπὶ
2477 973 2603 1033 τοὺς
2638 971 2920 1042 προφήτας
2964 969 3088 1029 τοὺς
3138 965 3452 1028 πλανῶντας
3481 964 3575 1018 τὸν
3615 961 3744 1018 λαόν

2160 1080 2285 1133 μου,
2327 1082 2346 1114 ι
2371 1061 2427 1115 ἐν
2459 1078 2564 1114 τινι
2588 1061 2694 1114 τῶν
2726 1058 3018 1131 προφητῶν
3056 1056 3365 1129 εἰρημένον.

2228 1151 2413 1206 Ταῦτα
2457 1152 2554 1222 μὲν
2588 1151 2656 1204 τά
2701 1151 2806 1204 άπὸ
2851 1149 2961 1203 τῶν
3000 1148 3209 1202 δώδεκα
3255 1144 3579 1216 προφητῶν
3628 1143 3744 1203 ἀλλ’

2157 1241 2279 1294 ἐπεὶ
2314 1242 2383 1295 τὰ
2430 1243 2495 1295 ὲκ
2524 1242 2616 1295 τοῦ
2659 1241 2881 1295 Ἡσαΐου
2909 1241 2996 1295 διὰ
3032 1240 3093 1295 τὸ
3123 1238 3324 1309 πλῆθος
3370 1238 3429 1289 ὲν
3465 1234 3581 1307 ίδίῳ
3613 1250 3747 1302 συγ-

2156 1333 2442 1403 γράμματι
2494 1332 2805 1404 περιλαϐεῖν
2852 1334 2982 1403 ἡμῖν
3033 1332 3340 1403 πρόκειται,
3393 1329 3527 1401 φέρε
3577 1344 3746 1398 μετα-

2156 1422 2348 1487 ϐάντες
2380 1424 2447 1478 τὰ
2479 1424 2588 1477 ἀπὸ
2617 1425 2725 1477 τῶν
2767 1423 2971 1479 λοιπῶν
3005 1422 3257 1495 μεγάλων
3285 1418 3579 1494 προφητῶν
3615 1420 3743 1474 tm-

2156 1515 2503 1587 σκεψώμεθα.

2659 1628 3057 1684 ΚΕΦΑΔᾹΙΟΝ
3083 1629 3202 1682 ΛΡ.

2652 1743 2746 1796 Ἐκ
2784 1742 2890 1796 τοῦ
2936 1742 3241 1811 Ἰερεμίου.

2228 1879 2247 1912 ι
2288 1859 2483 1932 Κύριε,
2517 1853 2783 1926 γνώρισόν
2810 1869 2921 1923 μοι,
2962 1851 3056 1905 καὶ
3083 1850 3365 1922 γνώσομαι
3385 1867 3396 1880 ·
3442 1850 3563 1904 τότε
3594 1845 3739 1905 εἶδον

2150 1952 2219 2006 τὰ
2238 1947 2490 2020 ὲπιτηδεύ
2498 1962 2644 2018 ματα
2669 1943 2869 1998 αὐτῶν.
2907 1940 3047 2010 Ἐγὼ
3067 1942 3143 2006 ὡς
3166 1940 3349 2012 ἀρνίον
3377 1938 3583 1994 ἄκακον
3607 1942 3739 2010 ἀγό-

2154 2061 2313 2115 μενον
2335 2040 2429 2096 τοῦ
2452 2037 2675 2092 θύεσθαι
2705 2037 2806 2089 οὐκ
2833 2035 3004 2104 ἔγνων
3024 2051 3038 2065 ο
3067 2034 3155 2087 ἐπ’
3188 2034 3290 2105 ἐμὲ
3311 2034 3622 2103 ὲλογίσαντο
3649 2035 3739 2088 λέ-

2148 2150 2358 2204 γοντες
2399 2129 2563 2184 Δεῦτε
2593 2128 2686 2195 καὶ
2717 2127 3042 2197 ἐμϐάλωμεν
3066 2124 3222 2192 ξύλον
3245 2126 3325 2188 εἰς
3353 2124 3515 2197 ἄρτον
3542 2123 3736 2189 αὐτοῦ,

2150 2227 2244 2279 καὶ
2277 2222 2621 2295 ἐκτρίψωμεν
2654 2220 2817 2274 αὑτὸν
2842 2220 2948 2272 άπὸ
2971 2220 3073 2289 γῆς
3096 2218 3333 2283 ζώντων,
3360 2220 3455 2272 καὶ
3478 2220 3541 2273 τὸ
3565 2219 3739 2291 ὄνομα

2148 2314 2308 2369 αὑτοῦ
2341 2314 2401 2368 ού
2458 2312 2534 2383 μὴ
2579 2308 2791 2382 μνησθῇ
2841 2308 2939 2362 ἔτι.
3004 2328 3022 2360 ι
3061 2308 3118 2362 ’0
3150 2308 3340 2380 Σωτὴρ
3384 2308 3476 2361 καὶ
3528 2309 3739 2382 Κύριος

2148 2404 2303 2477 ἡμῶν
2339 2403 2542 2475 Ἰησοῦς
2573 2402 2805 2473 Χριστὸς
2833 2397 3020 2469 (κα)τὰ
3048 2398 3146 2469 τὴν
3174 2399 3231 2450 ὲν
3260 2398 3339 2468 τῷ
3373 2398 3570 2471 Ἡσαΐᾳ
3597 2416 3735 2471 προ-

2148 2497 2394 2570 φητείαν,
2430 2515 2450 2547 ι
2480 2496 2555 2561 ὡς
2609 2492 2877 2566 πρόϐατον
2920 2491 3013 2545 ἐπὶ
3063 2491 3275 2564 σφαγὴν
3321 2492 3484 2563 ἤχθη,
3523 2492 3618 2546 καὶ
3656 2492 3736 2557 ὡς

2147 2590 2315 2662 ἀμνὸς
2345 2588 2585 2644 ὲναντίον
2624 2586 2716 2641 τοῦ
2752 2585 3037 2657 κείραντος
3063 2585 3225 2639 αὐτὸν
3263 2584 3495 2655 ἄφωνος.
3542 2606 3560 2638 ι
3590 2585 3737 2639 κατὰ

2145 2684 2202 2737 δὲ
2228 2683 2326 2753 τὴν
2375 2680 2511 2753 μετὰ
2558 2682 2763 2753 χεῖρας,
2805 2697 2822 2729 ι
2862 2678 2937 2743 ὼς
2983 2677 3169 2751 ἀρνίον
3215 2676 3419 2731 ἄκακον
3465 2677 3733 2748 ἀγόμενον

2144 2775 2237 2830 τοῦ
2263 2774 2485 2828 θυέσθαι
2521 2775 2621 2827 οὐκ
2653 2772 2824 2842 ἔγνων
2850 2789 2863 2800 ·
2902 2790 2920 2822 ι
2950 2771 3043 2823 καὶ
3083 2771 3143 2824 τὸ
3186 2770 3327 2824 κατὰ
3356 2771 3447 2822 τὸν
3498 2770 3733 2841 σταυρὸν

2142 2866 2199 2919 δὲ
2212 2865 2381 2929 πάθος
2406 2864 2570 2920 αὐτοῦ
2599 2863 2822 2918 δύναται
2843 2861 3133 2934 δηλοῦσθαι
3165 2861 3253 2915 διὰ
3276 2859 3392 2915 τοῦ·
3420 2862 3612 2915 «Δεῦτε
3634 2862 3733 2915 καὶ

2128 2954 2468 3027 ’ἐμϐάλωμεν
2519 2952 2671 3018 ξύλον
2713 2955 2793 3017 είς
2826 2951 2987 3022 ἄρτον
3030 2951 3194 3006 αὐτοῦ
3243 2951 3338 3005 καὶ
3386 2951 3732 3022 ὲκτρίψωμεν

2144 3048 2304 3102 αὑτὸν
2338 3047 2444 3100 ἀπὸ
2473 3047 2576 3117 γῆς
2622 3044 2836 3110 ζώντων
2861 3061 2874 3073 ·
2911 3043 3002 3096 καὶ
3035 3042 3096 3095 τὸ
3142 3042 3312 3113 ὄνομα
3357 3041 3523 3096 αὐτοῦ
3555 3044 3617 3096 οὐ
3655 3045 3729 3115 μὴ

467 3133 810 3202 viventium;
845 3142 899 3190 et
952 3151 1150 3191 nomen
1197 3136 1316 3205 ejus
1373 3150 1483 3190 non
1530 3145 1864 3192 memoretur
1921 3154 2040 3192 am-

2147 3141 2357 3217 μνησθῇ
2404 3140 2503 3194 ἔτι·
2546 3160 2564 3192 ι
2602 3141 2744 3213 ἆπερ
2771 3142 2834 3193 ὲκ
2856 3136 3147 3210 προσώπου
3187 3137 3436 3191 λέλεκται
3463 3135 3570 3189 τῶν
3607 3138 3729 3189 ὲπιο

464 3229 634 3300 plius.
674 3246 694 3283 ι
728 3227 858 3295 Quae
886 3231 1105 3300 quidem
1136 3246 1203 3285 ex
1237 3244 1471 3300 persona
1520 3230 1666 3286 dicta
1715 3242 1844 3286 sunt
1893 3232 2033 3286 insi--

467 3321 734 3377 diantium
765 3324 837 3378 ei.
874 3322 1087 3378 Etenim
1115 3325 1159 3379 si
1192 3339 1392 3395 corpus
1413 3324 1533 3394 ejus
1572 3325 1731 3394 panis
1772 3324 1893 3387 fuit,
1925 3325 2042 3380 sic-

2144 3231 2547 3290 ϐουλευσάντων
2575 3229 2745 3300 αὐτῷ.
2779 3231 2841 3283 Εἰ
2870 3229 2979 3300 γὰρ
3001 3228 3065 3299 δὴ
3087 3228 3148 3281 τὸ
3184 3228 3341 3299 σῶμα
3368 3226 3531 3281 αὑτοῦ
3566 3227 3731 3298 ἄρτος

2141 3319 2229 3396 ἦν,
2257 3324 2333 3387 ὠς
2380 3324 2541 3386 αὐτὸς
2579 3321 2819 3375 διδάσκει
2878 3320 3015 3392 πρὸς
3058 3321 3185 3384 τοὺς
3232 3318 3481 3390 μαθητὰς
3531 3317 3728 3387 λέγων,

467 3423 529 3469 ιιι
584 3416 704 3485 ipse
750 3415 1048 3486 discipulos
1073 3432 1204 3472 suos
1253 3417 1436 3480 docet,
1467 3415 1655 3473 dicens
1686 3436 1699 3472 :
1741 3436 1760 3469 ι
1796 3417 2041 3488 Accipite

2147 3436 2165 3468 ι
2198 3415 2428 3479 Λάϐετε,
2467 3416 2690 3485 φάγετε,
2717 3412 2874 3466 τοῦτὸ
2914 3414 3034 3465 ἐστι
3066 3412 3127 3465 τὸ
3162 3411 3322 3484 σῶμά
3354 3429 3481 3483 μου,
3521 3431 3539 3464 ι
3568 3410 3729 3471 τοῦτο

465 3513 521 3561 et
550 3507 836 3571 comedite,
874 3508 977 3562 hoc
1005 3516 1090 3564 est
1121 3524 1324 3580 corpus
1347 3525 1530 3565 meum
1553 3509 1619 3575 νδ,
1664 3530 1682 3562 ι
1727 3511 1874 3580 ligno
1908 3527 2039 3566 vere

2141 3511 2183 3563 δ’
2211 3505 2280 3581 ἦν
2309 3508 2371 3562 τὸ
2401 3507 2539 3580 πρὸς
2579 3506 2658 3578 τῷ
2686 3503 2826 3577 ξύλῳ
2857 3504 2999 3559 κατὰ
3031 3505 3121 3558 τὸν
3168 3504 3402 3576 σταυρὸν
3446 3504 3730 3575 δειγματι-

461 3597 792 3667 applicatum
822 3606 906 3653 est
933 3614 1031 3669 per
1067 3613 1310 3664 crucem,
1334 3600 1478 3655 unde
1508 3615 1617 3654 non
1648 3601 1920 3656 immerito
1953 3601 2039 3655 di-

2141 3599 2284 3664 σθὲν,
2315 3600 2442 3670 περὶ
2469 3597 2635 3650 αὑτοῦ
2669 3596 2864 3664 λέγοιτ’
2906 3593 2972 3647 ἂν
3006 3592 3233 3656 εἰκότως
3257 3592 3341 3656 τὸ,
3373 3609 3392 3642 ι
3434 3590 3599 3644 Δεῦτε
3629 3590 3725 3645 καὶ

460 3687 637 3752 citur,
662 3705 681 3741 ι
713 3687 990 3745 Mittamus
1017 3689 1221 3760 lignum
1254 3690 1308 3744 in
1345 3706 1542 3760 panem
1564 3692 1703 3761 ejus.
1753 3711 1771 3743 ι
1822 3695 1953 3759 Qua:
1982 3693 2035 3746 in

2141 3691 2465 3763 ἐμϐάλωμεν
2493 3687 2646 3754 ξύλον
2675 3690 2754 3751 είς
2788 3686 2951 3757 ἄρτον
2981 3682 3148 3738 αὐτοῦ
3168 3700 3182 3715 ·
3222 3704 3241 3735 ι
3272 3685 3319 3736 εί
3350 3680 3408 3737 δὲ
3436 3683 3531 3736 καὶ
3561 3681 3726 3752 βαθυ-

461 3778 608 3834 hunc
638 3779 816 3835 locum
848 3780 1087 3836 diximus
1119 3781 1255 3835 nulli
1288 3790 1418 3837 sunt
1469 3782 1860 3853 impedimento
1900 3782 2035 3855 quin

2141 3785 2300 3854 τέρας
2323 3781 2499 3852 ἔχοιτο
2530 3777 2761 3850 θεωρίας
2790 3777 2857 3830 τὰ
2895 3775 3035 3830 κατὰ
3064 3775 3156 3828 τὸν
3191 3775 3376 3839 τόπον,
3399 3773 3553 3827 οὐδὲν
3586 3770 3724 3844 πρὸς

454 3872 772 3928 accuratius
800 3873 1222 3942 contempletur.

983 3985 1213 4042 CAPUT
1240 3985 1480 4043 XXXIV.

1089 4095 1173 4149 Ex
1195 4096 1396 4151 eodem.
1980 4094 2037 4133 \

533 4228 553 4264 ι
588 4208 805 4281 Reliqui
855 4209 1080 4267 domum
1135 4226 1356 4275 meam,
1408 4212 1593 4269 dimisi
1656 4213 2029 4269 haereditatem

450 4317 633 4359 meam
671 4321 684 4357 :
720 4300 844 4357 dedi
867 4303 1123 4358 dilectam
1153 4305 1391 4357 animam
1422 4318 1596 4359 meam
1641 4305 1697 4360 in
1735 4321 1897 4361 manu
1926 4309 2030 4361 ini-

452 4393 717 4447 micorum
746 4393 886 4464 ejus.
928 4393 1094 4450 Factu
1124 4404 1207 4450 est
1232 4396 1364 4450 mihi
1390 4397 1680 4454 haereditas
1715 4414 1836 4453 mea
1868 4400 2028 4469 quasi

2136 3876 2311 3927 ἐκεῖνο
2339 3872 2499 3925 λυπεῖ
2530 3871 2623 3923 καὶ
2643 3869 2710 3923 τὰ
2738 3868 3021 3941 εἰρημένα.

2660 3980 3056 4036 ΚΕΦΑΛΑΙΟΝ
3091 3982 3210 4034 AA'.

2752 4096 2867 4150 Τοῦ
2895 4095 3103 4149 αὐτοῦ.

2208 4231 2227 4263 ι
2279 4210 2739 4281 Ἑγκαταλὲλοιπα
2768 4208 2858 4262 τὸν
2889 4204 3035 4262 οἶκόν
3074 4223 3197 4277 μου,
3228 4206 3418 4277 ἀφῆκα
3453 4205 3552 4276 τὴν
3580 4206 3715 4275 κλη-

2134 4306 2388 4377 ρονομίαν
2417 4322 2540 4373 μου,
2575 4302 2750 4356 ἔδωκα
2781 4302 2881 4372 τὴν
2909 4298 3272 4370 ἠγαπημένην
3291 4298 3472 4369 ψυχήν
3504 4315 3603 4369 μου
3634 4303 3718 4361 είς

2130 4400 2318 4472 χεῖρας
2341 4396 2550 4467 ἐχθρῶν
2566 4394 2756 4463 αὐτῆς.
2791 4391 3051 4463 Ἐγενήθη
3076 4402 3110 4462 η
3130 4390 3461 4462 κληρονομία
3476 4408 3576 4461 μου
3592 4392 3615 4444 ἐ
3626 4391 3718 4454 μοὶ

450 4482 540 4538 leo
564 4483 618 4538 in
649 4484 784 4537 silva
822 4504 835 4539 :
869 4484 1019 4541 dedit
1064 4498 1256 4541 contra
1288 4503 1374 4543 me
1419 4504 1643 4555 vocem,
1701 4490 1824 4546 ideo
1879 4491 2024 4547 odivi

2141 4488 2207 4552 ὡς
2232 4487 2368 4541 λέων
2393 4488 2451 4539 ὲν
2474 4484 2685 4558 δρυμῷ,
2712 4483 2908 4537 ἔδωκεν
2936 4485 3023 4535 ἐπ’
3051 4483 3152 4555 ἐμὲ
3183 4483 3371 4554 φωνὴν
3411 4484 3605 4551 αὐτῆς,
3626 4482 3718 4536 διὰ

444 4589 594 4630 eam.
631 4573 888 4646 Nunquid
922 4577 1037 4632 avis
1094 4577 1333 4634 discolor
1357 4580 1645 4637 hereditas
1687 4597 1807 4637 mea
1852 4583 2028 4638 mihi?

2141 4580 2287 4636 τοῦτο
2315 4578 2552 4650 ἐμίσησα
2583 4578 2771 4648 αὐτὴν.
2813 4576 2905 4646 Μὴ
2939 4574 3201 4645 σπήλαιον
3232 4575 3422 4646 ὑαίνης
3450 4577 3482 4646 ή
3510 4580 3717 4646 κληρο-

450 4668 701 4739 nunquid
746 4669 863 4724 avis
892 4670 1063 4724 tincta
1095 4687 1192 4741 per
1216 4673 1435 4731 totum?
1467 4670 1659 4731 Venite
1681 4715 1695 4739 ,
1725 4688 2024 4748 congrega—

449 4757 581 4812 mini
625 4773 816 4814 omnes
852 4760 1044 4815 bestiae
1090 4758 1271 4824 terra,
1309 4772 1597 4831 properate
1637 4764 1709 4819 ad
1749 4766 2021 4821 devoran-

443 4848 599 4907 dum.
629 4849 884 4907 Pastores
912 4853 1070 4907 multi
1102 4852 1345 4908 demoliti
1382 4862 1511 4910 sunt
1540 4857 1753 4912 vineam
1802 4872 1979 4913 meam
2002 4897 2017 4921 ,

438 4939 906 4995 conculcaverunt
954 4949 1163 5011 partem
1222 4956 1448 4996 meam:
1491 4942 1762 4999 dederunt
1808 4947 2018 5015 portio-

447 5042 570 5082 nem
604 5043 778 5083 meam
812 5028 1328 5085 desiderabilenLin
1365 5032 1640 5088 desertum
1677 5035 2011 5091 solitudinis.

438 5117 750 5176 Posuerunt
774 5135 893 5176 eam
916 5120 971 5173 in
993 5122 1425 5191 dissipationem,
1445 5125 1691 5196 luxitque
1718 5142 1884 5197 super
1904 5143 2009 5182 me.

436 5211 787 5269 Besolatione
814 5213 1056 5269 desolata
1088 5222 1172 5269 est
1218 5216 1398 5271 omnis
1428 5225 1596 5280 terra,
1646 5219 1777 5287 quia
1825 5218 2014 5274 nullus

442 5312 526 5359 cst
571 5305 665 5373 qui
709 5304 975 5374 recogitet
1027 5306 1191 5362 corde
1218 5308 1286 5360 ⁸⁸.
1326 5327 1347 5360 ι
1384 5306 1613 5363 Videtur
1669 5310 1849 5364 audiri
1906 5310 2012 5365 Do-

442 5395 574 5449 mini
606 5392 1015 5464 Salvatorisqae
1042 5399 1213 5453 nostri
1238 5414 1363 5465 vox,
1389 5400 1456 5454 de
1479 5401 1683 5469 templo
1704 5400 2007 5457 Jerusalem

431 5485 668 5542 dicens:
707 5504 726 5537 ι
765 5484 978 5557 Reliqui
1027 5490 1249 5546 domum
1314 5509 1512 5549 meam.
1552 5514 1570 5546 ι
1609 5494 1672 5547 Et
1723 5496 1789 5550 de
1829 5497 2010 5566 priore

511 5661 555 5690 ⁸³
593 5661 823 5743 lll‘alach:
847 5681 920 5743 ty,
956 5665 1011 5719 Ξ.
1123 5669 1369 5743 ﬁdem.
1411 5691 1450 5743 ι,
1488 5675 1539 5733 9.

442 5747 587 5798 xxv',
617 5732 703 5785 εἶθ.
780 5736 824 5767 ’³
858 5733 966 5788 Jer.
996 5739 1277 5801 311,741.

1658 5678 1700 5711 ⁹¹
1733 5676 1894 5734 Micb.
1935 5695 2015 5746 Ill,
2046 5680 2096 5735 ϐ.

2129 4672 2291 4743 νομία
2326 4689 2426 4743 μου
2460 4670 2658 4741 ἐμοὶμῆ
2693 4668 2958 4740 σπήλαιον
2988 4666 3174 4737 κύκλῳ
3198 4667 3367 4738 αὐτῆς
3387 4684 3402 4731 ;
3425 4664 3714 4729 Βαδίσατε,

2129 4765 2463 4833 συναγάγετε
2492 4762 2669 4816 πάντα
2697 4761 2769 4815 τὰ
2812 4760 2977 4833 θηρία
3000 4758 3096 4813 τοῦ
3127 4759 3319 4831 ἀγροῦ,
3351 4760 3446 4812 καὶ
3480 4757 3713 4813 ἐλθέτω-

2128 4873 2228 4910 σαν
2262 4855 2358 4909 τοῦ
2402 4857 2596 4924 φαγεῖν
2640 4853 2831 4923 αὐτήν.
2866 4851 3134 4922 nuptm
3173 4850 3357 4904 πολλοὶ
3399 4850 3715 4922 διέφθειραν

2126 4946 2217 4999 τὸν
2241 4944 2543 5032 ἀμπελῶνά
2564 4961 2686 5015 μου,
2713 4942 2980 5013 ἐμόλυναν
3008 4941 3117 5032 τὴν
3139 4940 3332 5014 μερίδα
3353 4958 3474 5012 μου,
3496 4940 3713 5032 ἔδωκαν

2124 5030 2315 5109 μερίδα
2352 5035 2701 5108 ἐπιθυμητὴν
2732 5036 2812 5097 είς
2844 5033 3049 5104 ἔρημον
3091 5031 3312 5097 ἄϐατον,
3352 5030 3585 5104 ἐγενήθη
3626 5033 3711 5097 είς

2117 5128 2422 5199 ἀφανισμὸν
2466 5127 2775 5189 ἀπωλείας·
2820 5124 2888 5177 δι’
2931 5125 3034 5196 ἐμὲ
3082 5124 3381 5196 ἀφανισμῷ
3429 5123 3704 5195 ἠφανίσθη

2117 5221 2266 5273 πᾶσα
2291 5222 2325 5290 ἡ
2346 5220 2438 5289 γῆ,
2458 5220 2542 5273 ὅτι
2572 5218 2673 5271 οὐκ
2698 5216 2845 5268 ἔστιν
2878 5215 3019 5285 ἀνὴρ
3039 5214 3322 5285 τιθέμενος
3344 5219 3404 5269 ὲν
3431 5216 3651 5288 καρδίᾳ.
3678 5235 3696 5266 ι

2120 5314 2302 5367 Ἔοικε
2329 5311 2421 5366 τοῦ
2450 5311 2656 5383 Κυρίου
2679 5309 2775 5364 ml.
2795 5308 3046 5380 Σωτῆρος
3077 5307 3234 5380 ἡμῶν
3262 5305 3400 5362 εἶναι
3430 5309 3586 5381 φωνὴ
3609 5311 3699 5363 καὶ

2116 5407 2150 5475 ἡ
2184 5406 2467 5474 φάσκουσα
2520 5404 2646 5475 περὶ
2694 5403 2792 5473 μὲν
2836 5400 2932 5455 τοῦ
2974 5403 3034 5454 ἐν
3073 5400 3425 5473 Ἰερουσαλὴμ
3453 5400 3560 5454 νεὼ
3603 5402 3701 5468 τὸ,

2123 5515 2143 5549 ι
2181 5497 2613 5566 ἐγκαταλέλοιπα
2653 5495 2744 5549 τὸν
2776 5490 2927 5549 οἶκόν
2963 5510 3087 5565 μου,
3123 5513 3142 5545 ι
3180 5494 3310 5565 περὶ
3336 5494 3395 5548 δὲ
3435 5495 3535 5564 τῆς
3566 5510 3708 5568 προ-

2212 5681 2257 5712 ⁹²
2285 5678 2484 5736 Jcrem.
2519 5694 2596 5747 ιι,
2635 5678 2718 5747 l8,
2746 5679 2831 5733 l9.
2908 5677 2953 5713 °'
2983 5675 3085 5731 lsa.
3117 5690 3237 5741 Llll,
3290 5675 3339 5730 7.
3422 5676 3467 5709 ”
3501 5672 3697 5732 Matth.
