4100 6448
382 433 517 488 H6!

1411 421 1706 480 ECLOGA:
1744 415 2230 477 PROPHETICE.
2261 450 2329 458 -—
2361 416 2508 478 ΜΒ..
2531 416 2572 472 1.

3501 416 3640 472 1161

374 556 540 634 τέρας
587 551 933 621 Συναγωγῆς,
972 549 1007 620 ἡ
1057 547 1151 602 καὶ
1187 544 1343 617 μερίς
1384 560 1513 597 ποτε
1557 542 1651 596 καὶ
1685 542 1746 613 (ι’,
1777 540 1954 634 35A,...)

2069 535 2371 610 Synagoga,
2399 556 2522 611 quae
2559 556 2800 613 unquam
2828 556 2957 612 pars
2989 548 3041 596 et
3095 540 3374 597 funiculus
3404 540 3639 596 haeredi-

376 632 662 719 σγοίνισμα
704 640 1068 714 κληρονομίας
1110 638 1272 692 αὐτοῦ
1303 637 1546 706 γέγονεν,
1582 635 1660 697 τὸ,
1702 653 1719 683 ι
1744 632 1959 703 Ἀφῆκα

374 737 474 809 τὴν
507 734 869 808 κληρονομίαν
901 750 1023 803 μου,
1060 751 1077 782 ι
1112 728 1254 784 κατὰ
1279 729 1358 793 τὸ,
1395 747 1414 777 ι
1445 727 1682 789 Ποσάκις
1717 724 1958 795 ἠθέλησα

376 831 798 897 ἐπισυναγαγεῖν
818 824 884 879 τὰ
914 823 1081 877 τέκνα
1114 839 1228 885 σου,
1257 820 1315 873 ὃν
1344 819 1544 891 τρόπον
1577 816 1724 889 ὅρνις
1748 818 1962 869 ὲπισυν-

378 920 499 989 ἁγει
545 919 614 973 τὰ
655 916 840 971 νοσσία
879 914 1046 984 αὐτῆς
1097 912 1201 966 ύπὺ
1250 910 1349 974 τὰς
1400 910 1697 980 πτέρυγας,
1737 907 1830 961 καὶ
1861 905 1961 960 ούκ

375 1010 676 1082 ἠθελήσατε
695 1027 707 1041 ·
745 1007 873 1061 Ἰδοὺ
896 1006 1113 1076 ἀφίεται
1138 1005 1264 1075 ὑμῖν
1288 1003 1316 1055 ὁ
1336 998 1483 1065 οἶκος
1511 1000 1663 1072 ὑμῶν
1687 999 1908 1072 ἔρημος.
1936 1016 1955 1049 ι

375 1103 545 1165 Αὐτὸς
573 1102 617 1155 δ’
645 1101 673 1153 ὁ
721 1098 889 1153 εἰπὼν
930 1116 949 1148 ι
986 1096 1175 1159 Οὐδεὶς
1211 1095 1353 1166 αἴρει
1380 1092 1477 1162 τὴν
1524 1091 1701 1162 ψυχήν
1739 1107 1838 1162 μου
1865 1086 1959 1144 ἀπ’

374 1193 530 1267 ἐμοῦ·
574 1192 820 1259 ἐξουσίαν
869 1189 978 1261 ἔχω
1022 1188 1191 1241 θεῖναι
1243 1187 1434 1257 αὐτὴν,
1478 1204 1496 1237 ι
1539 1185 1702 1255 φησὶν
1734 1183 1826 1237 καὶ
1878 1182 1958 1248 τὸ,

379 1305 401 1341 ι
413 1286 626 1340 Ἔδωκα
641 1285 736 1356 τὴν
753 1287 861 1354 ἡγα
869 1302 939 1354 πη
950 1282 1113 1353 μένην
1129 1281 1303 1352 ψυχήν
1323 1298 1424 1351 μου
1447 1280 1527 1342 είς
1542 1281 1729 1349 χεῖρας
1753 1274 1962 1348 ἐχθρῶν

374 1380 563 1450 αὐτῆς.
602 1398 620 1431 ι
650 1377 836 1448 Τούτῳ
865 1377 922 1429 δὲ
963 1375 1055 1428 καὶ
1097 1372 1328 1444 ἐγενήθη
1363 1373 1396 1442 ἡ
1431 1370 1672 1443 προτέρα
1701 1367 1960 1439 κληρονο-

376 1473 476 1545 μία
500 1472 575 1535 ὡς
601 1472 736 1525 λέων
762 1472 819 1525 ὲν
847 1467 1039 1541 δρυμῷ
1060 1484 1073 1496 °
1105 1464 1304 1518 ἔδωκέν
1336 1479 1392 1515 τε
1418 1463 1502 1516 ἐπ’
1534 1461 1697 1514 αὑτὸν
1728 1460 1826 1530 τὴν
1853 1475 1964 1528 φω-

371 1566 470 1638 νὴν
513 1564 703 1635 αὐτῆς,
754 1560 990 1633 ὁπηνίκα
1047 1557 1380 1629 παραδόντες
1424 1554 1587 1609 αὑτὸν
1627 1551 1705 1623 τῷ
1748 1550 1964 1622 Πιλάτῳ

374 1656 697 1726 ἑστήκεισαν
718 1649 1150 1723 κατηγοροῦντες
1175 1647 1340 1702 αὑτοῦ
1371 1647 1466 1700 καὶ
1491 1644 1768 1717 μονονουχὶ
1799 1641 1964 1712 βοῶν-

371 1762 485 1810 τες,
527 1763 545 1795 ι
577 1741 728 1813 Αἶρε,
753 1739 893 1816 αἶρε,
934 1739 1166 1813 σταύρου
1199 1738 1361 1793 αὐτόν
1383 1755 1394 1770 ν
1434 1756 1452 1790 ›
1486 1735 1575 1789 διὰ
1597 1734 1756 1788 τοῦτο
1782 1732 1840 1786 δέ
1863 1749 1965 1804 φη-

375 1852 480 1900 σιν,
536 1854 554 1886 ι
578 1833 850 1904 Ἐμίσησα
881 1829 1073 1902 αὐτὴν,
1116 1848 1134 1880 ι
1174 1828 1262 1881 διὰ
1307 1827 1374 1879 τὰ
1418 1825 1607 1896 μίσους
1635 1822 1761 1890 ἄξια
1786 1820 1958 1890 αὐτῆς

2068 633 2199 688 tatis
2227 632 2346 702 ejus
2370 631 2511 688 facta
2538 640 2644 696 est,
2676 650 2695 684 ι
2739 631 2926 689 Dimisi
2962 631 3333 688 haereditatem
3364 647 3567 699 meam,
3616 653 3637 687 ι

2061 723 2218 794 juxta
2250 724 2380 779 illud
2415 744 2426 779 :
2468 743 2487 776 ι
2525 724 2751 792 Quoties
2789 725 2936 779 volui
2961 740 3294 796 congregare
3323 725 3464 782 filios
3494 733 3639 791 tuos,

2067 818 2524 888 quemadmodum
2582 820 2698 874 avis
2744 817 2933 873 nidum
2976 833 3136 873 suum
3183 818 3287 873 sub
3334 818 3550 887 pennis,
3589 828 3644 873 et

2068 909 2332 964 noluisti!
2369 910 2509 964 Ecce
2537 910 2878 980 relinquetur
2911 909 3064 965 vobis
3093 909 3290 965 domus
3333 917 3515 965 vestra
3547 909 3645 966 de-

2071 1000 2295 1057 serta”.
2334 1020 2351 1052 ι
2393 999 2512 1071 ipse
2536 1009 2717 1056 autem
2746 1001 2883 1056 dixit
2916 1020 2930 1056 :
2964 1020 2983 1053 ι
3016 1002 3185 1057 Nemo
3213 1003 3355 1058 tollit
3401 1004 3640 1057 animam

2073 1106 2281 1158 meam;
2313 1099 2637 1162 potestatem
2688 1092 2863 1147 habeo
2909 1108 3112 1163 ponere
3161 1093 3384 1162 eam”;
3421 1114 3440 1147 ι
3477 1102 3644 1166 atque

2071 1181 2244 1235 illud:
2292 1202 2310 1234 ι
2352 1181 2482 1237 Dedi
2522 1182 2773 1238 dilectam
2805 1184 3041 1239 animam
3073 1201 3247 1240 meam
3296 1186 3351 1241 in
3388 1187 3643 1243 manibus

2072 1274 2416 1329 inimicorum
2441 1275 2582 1343 ejus.
2609 1295 2628 1328 ι
2665 1275 2804 1330 Huic
2827 1292 2957 1331 vero
2984 1276 3122 1332 facta
3150 1286 3234 1333 est
3249 1280 3395 1349 prior
3411 1279 3644 1335 haeredio

2073 1375 2158 1422 tas
2186 1368 2343 1437 quasi
2372 1367 2458 1422 leo
2487 1368 2540 1422 in
2566 1368 2723 1424 silva.
2753 1368 2906 1422 Dedit
2930 1379 3117 1424 contra
3138 1388 3261 1426 eum
3280 1388 3467 1427 vocem
3498 1372 3640 1442 ejus.

2070 1471 2195 1511 cum
2246 1458 2528 1513 tradentes
2556 1474 2679 1513 eum
2706 1457 2884 1515 Pilato
2918 1458 3283 1527 adduxerunt,
3316 1471 3642 1519 accusantes

2068 1548 2544 1622 vociferantesque
2571 1532 2953 1609 tantummodo
2990 1573 3003 1609 :
3037 1573 3056 1605 ι
3086 1553 3262 1619 Tolle,
3285 1556 3435 1624 tolle,
3463 1556 3645 1612 cruci-

2072 1644 2173 1714 fige
2201 1644 2423 1712 eum”;
2458 1665 2476 1696 ι
2503 1656 2839 1717 quapropter
2861 1648 2969 1703 ait:
2997 1669 3014 1699 ι
3041 1647 3197 1703 Odivi
3218 1665 3360 1717 eam,
3392 1671 3410 1704 ι
3437 1653 3505 1707 ob
3522 1652 3643 1722 ejus

2071 1748 2236 1805 Opera
2265 1734 2390 1789 odio
2421 1735 2607 1807 digna,
2643 1747 2697 1793 et
2722 1740 2867 1808 quod
2903 1740 3041 1794 nihil
3074 1740 3129 1794 in
3170 1756 3294 1795 eum
3339 1756 3525 1797 amore
3560 1743 3644 1798 di-

2073 1841 2237 1896 gnum
2289 1828 2661 1885 ostenderant.
2707 1833 2839 1896 Quae
2873 1847 3000 1887 vero
3053 1841 3378 1903 sequuntur,
3424 1841 3478 1889 et
3526 1834 3643 1889 haec

373 1923 532 1998 ἔργα.
567 1925 661 1978 καὶ
693 1922 779 1976 διὰ
820 1922 879 1975 τὸ
914 1921 1080 1993 μηίὲν
1109 1922 1187 1983 εἰς
1228 1918 1390 1972 αὑτὸν
1416 1916 1637 1987 ἀγάπης
1669 1912 1816 1979 ἄξιον
1850 1915 1964 1965 ἐπι-

2076 1918 2376 1987 praasertim
2411 1939 2423 1975 :
2463 1939 2480 1971 ι
2522 1919 2752 1992 Propter
2792 1938 2879 1978 me
2917 1923 3256 1980 desolatione
3285 1925 3527 1981 desolata
3558 1935 3643 1982 est

374 2013 681 2081 δείξασθαι·
709 2013 770 2066 τὸ
795 2012 837 2064 δ’
868 2009 1014 2081 ἑξῆς,
1040 2010 1132 2062 καὶ
1165 2007 1400 2079 μάλιστα
1424 2004 1506 2070 τὸ,
1537 2024 1555 2056 ι
1586 2004 1664 2057 Δι’
1695 2003 1796 2073 ἐμὲ
1819 2003 1962 2071 ἁφα-

374 2103 554 2176 νισμῷ
593 2103 866 2175 ἠφανίσθη
901 2103 1049 2155 πᾶσα
1082 2100 1232 2171 ήγῆ,
1272 2118 1291 2151 ι
1324 2098 1498 2150 ἔοικεν
1523 2094 1717 2168 δηλοῦν
1744 2094 1843 2165 τὴν
1878 2093 1967 2147 διὰ

374 2197 464 2250 τὸν
503 2196 729 2267 Σωτῆρα
759 2187 895 2266 μετὰ
924 2194 985 2247 τὸ
1014 2193 1183 2257 πάθος
1214 2188 1377 2245 αύτοῦ
1424 2190 1634 2244 τελείαν
1668 2187 1966 2259 γενομένην

377 2286 578 2340 ἆλωσιν
608 2287 703 2339 καὶ
732 2284 1111 2356 αἰχμαλωσίαν
1142 2283 1236 2337 τοῦ
1271 2281 1539 2355 προτέρου
1565 2278 1721 2345 λαοῦ,
1748 2280 1841 2335 καὶ
1868 2279 1968 2350 τὴν

376 2381 455 2443 είς
488 2378 715 2449 ἔσχατον
738 2379 836 2449 τῆς
867 2375 1221 2449 Ἰερουσαλὴμ
1252 2376 1551 2447 ἐρήμωσιν.
1788 2370 1813 2387 ³

890 2491 1289 2546 ΚΕΦΑΛΑΙΟΝ
1330 2491 1453 2543 ΛΕ¹.

999 2586 1108 2640 Τοῦ
1134 2584 1342 2639 αὐτοῦ.

453 2700 474 2736 ι
508 2683 704 2754 Κύριε,
735 2682 886 2753 ἰσχύς
914 2698 1014 2752 μου
1038 2681 1132 2734 καὶ
1157 2679 1378 2751 βοηθεία
1407 2695 1531 2750 μου,
1559 2677 1654 2732 καὶ
1677 2676 1964 2747 καταφυγή

380 2788 482 2843 μου
511 2774 566 2826 ὲν
590 2773 773 2844 ἡμέρᾳ
799 2771 1007 2826 κακῶν.
1044 2771 1187 2841 Πρὸς
1203 2770 1263 2823 σὲ
1288 2769 1416 2840 ἔθνη
1435 2768 1660 2840 ἥξουσιν
1688 2769 1785 2823 ἀπ’
1813 2768 1970 2839 ἐσχά-

375 2881 470 2918 του
506 2864 605 2935 τῆς
650 2865 774 2937 γῆς,
823 2866 919 2918 καὶ
958 2861 1196 2935 ἐροῦσιν,
1240 2863 1327 2925 Ὠς
1366 2852 1539 2932 ψευδῆ
1579 2862 1879 2933 ἐκτήσαντο
1918 2861 1966 2914 οἱ

378 2955 614 3027 πατέρες
639 2956 797 3027 ήμῶν
835 2954 1051 3017 εἴδωλα,
1085 2955 1181 3009 καὶ
1222 2956 1323 3009 οὐκ
1350 2954 1495 3009 ἔστιν
1529 2954 1585 3007 ὲν
1614 2953 1796 3017 αὐτοῖς
1827 2952 1991 3022 ὠφέο,

377 3044 548 3116 λημα.
590 3047 652 3099 Ei
692 3048 905 3119 ποιήσει
934 3042 1115 3115 ἑαυτῴ
1158 3044 1442 3118 ἄνθρωπος
1481 3044 1656 3106 Θεοὺς,
1686 3043 1781 3095 καὶ
1817 3043 1969 3096 αὐτοὶ

377 3139 477 3192 ούκ
496 3139 602 3191 εἰσὶ
632 3137 742 3191 θεοί
761 3155 777 3204 ;
798 3137 896 3190 Διά
922 3137 1101 3201 τοῦτο,
1140 3137 1271 3203 ἰδοὺ,
1307 3136 1418 3209 ἐγὼ
1447 3135 1670 3207 δηλώσω
1705 3136 1887 3198 αὐτοῖς
1909 3136 1968 3188 ὲν

2066 2019 2235 2075 terra,
2272 2031 2290 2062 ι
2326 2013 2619 2070 ostendere
2643 2015 2899 2070 videntur
2926 2016 3135 2087 antiqui
3168 2017 3354 2088 populi
3383 2026 3644 2074 conSum-

2066 2112 2268 2157 matam
2324 2114 2449 2175 post
2494 2103 2797 2163 Salvatoris
2847 2108 3188 2179 passionem,
3218 2108 3433 2164 ruinam
3479 2116 3643 2181 atque

2065 2195 2457 2266 captivitatem,
2481 2194 2892 2270 Jerusalemque
2925 2200 2981 2256 in
3031 2209 3353 2272 perpetuum
3393 2199 3644 2257 solitudi-

2066 2305 2210 2344 nem.

2610 2489 2840 2547 CAPUT
2872 2488 3087 2547 XXXV.

2698 2582 2784 2638 Ex
2811 2583 3013 2640 eadem.

2144 2693 2163 2726 ι
2200 2673 2445 2739 Domine,
2481 2673 2747 2730 fortitudo
2779 2690 2897 2730 mea
2927 2682 2981 2730 et
3011 2674 3180 2730 robur
3213 2689 3415 2741 meum,
3459 2682 3513 2732 et
3554 2691 3643 2734 re-

2071 2766 2278 2837 fugium
2332 2783 2514 2823 meum
2568 2768 2623 2822 in
2666 2768 2755 2824 die
2803 2768 3196 2825 tribulationis.
3240 2768 3323 2824 Ad
3365 2778 3420 2826 te
3452 2780 3645 2845 gentes

2068 2859 2289 2915 venient
2317 2860 2386 2914 ab
2413 2861 2672 2915 extremis
2698 2870 2879 2923 terrae,
2907 2869 2961 2916 et
2986 2861 3169 2917 dicent
3198 2879 3211 2916 :
3250 2860 3386 2918 Vere
3415 2850 3644 2918 menda;-

2070 2951 2215 3005 cium
2246 2950 2608 3023 possederunt
2639 2963 2819 3023 patres
2848 2953 3048 3018 nostri,
3075 2953 3393 3017 vanitatem,
3420 2968 3542 3025 quae
3561 2953 3643 3011 eis

2071 3058 2179 3099 non
2205 3043 2435 3116 profuit.
2466 3043 2721 3116 Nunquid
2753 3044 2917 3101 faciet
2939 3045 3046 3101 sibi
3077 3047 3242 3102 homo
3270 3046 3422 3114 deos,
3453 3054 3507 3103 et
3536 3046 3641 3118 ipsi

2074 3152 2182 3191 non
2231 3146 2359 3192 sunt
2388 3137 2506 3192 dii?
2539 3135 2749 3193 Idcirco
2776 3152 2904 3194 ecce
2946 3153 3048 3210 ego
3095 3140 3375 3196 ostendam
3417 3140 3498 3195 eis
3547 3155 3646 3209 per

376 3230 457 3303 τῷ
487 3232 664 3303 καιρῷ
700 3231 872 3302 τούτῳ
902 3231 999 3303 τὴν
1030 3231 1190 3302 χεῖρά
1226 3247 1350 3301 μου,
1381 3231 1475 3285 καὶ
1519 3229 1737 3303 γνωριῶ
1781 3230 1964 3293 αὐτοῖς

2072 3228 2244 3283 vicem
2277 3228 2441 3295 hanc,
2469 3229 2756 3285 ostendam
2787 3231 2867 3285 eis
2890 3244 3111 3285 manum
3151 3245 3327 3287 meam
3375 3238 3431 3286 et
3472 3230 3649 3284 virtu-

376 3324 478 3394 τὴν
510 3323 737 3394 δύναμίν
771 3341 893 3394 μου,
930 3323 1025 3377 καὶ
1056 3321 1355 3392 γνώσονται
1389 3323 1471 3376 ὅτι
1504 3321 1615 3391 ἐγὼ
1643 3322 1868 3395 Κύριος.
1899 3324 1967 3393 Χ

388 3413 660 3485 ’Δμαρτια
696 3411 864 3466 Ἰούδα
911 3414 1221 3483 γέγραπται
1267 3414 1326 3464 ὲν
1358 3411 1606 3482 γραφείῳ
1651 3410 1878 3483 σιδηρῷ,
1910 3413 1970 3464 ὲν

377 3503 529 3574 ὄνυχι
571 3503 915 3575 ἁδαμαντίνῳ
957 3503 1410 3573 ὲκκεκολαμμένη
1457 3505 1552 3556 ἐπὶ
1598 3503 1691 3557 τοῦ
1740 3503 1968 3575 στήθους

377 3595 478 3667 τῆς
509 3593 734 3666 καρδίας
766 3594 963 3648 αὐτῶν.
1002 3614 1020 3645 ι
1056 3595 1191 3666 Περὶ
1222 3594 1328 3648 τῶν
1364 3594 1452 3649 διὰ
1477 3593 1714 3666 Χριστοῦ
1745 3595 1835 3649 τὸν
1858 3595 1967 3648 τῶν

376 3684 515 3747 ὅλων
552 3684 938 3754 ὲπεγνωκότων
972 3683 1102 3738 Θεὸν
1145 3684 1527 3756 προφητεύσας
1563 3687 1593 3738 ὁ
1627 3685 1804 3755 λόγος,
1840 3686 1969 3756 ἑξῆς

376 3777 576 3847 ἐπάγει
623 3776 878 3849 περὶτῆς
919 3776 1058 3831 κατὰ
1101 3776 1196 3831 τοῦ
1245 3778 1496 3850 Σωτῆρος
1536 3776 1634 3831 τοῦ
1701 3778 1967 3833 Ἰουδαίων

377 3867 511 3924 λαοῦ
553 3868 847 3941 ἁμαρτίας,
879 3868 1258 3934 ἀνεξάλειπτον
1303 3869 1473 3941 αὐτὴν
1511 3868 1729 3924 ἔσεσθαι
1765 3869 1967 3942 σημαί-

379 3976 487 4014 νων
512 3959 652 4014 κατὰ
676 3961 775 4025 τὰς
811 3960 1209 4032 παρατεθείσας
1236 3962 1376 4032 μετὰ
1402 3958 1740 4033 ἀστερίσκων
1766 3961 1962 4030 λέξειςσ

330 4044 335 4049 ’
378 4048 684 4114 ειςδύναταί
712 4067 796 4113 τις
832 4051 927 4104 καὶ
968 4050 1061 4104 ἐπὶ
1091 4049 1182 4105 τοῦ
1213 4050 1476 4122 προδότου
1517 4050 1687 4106 Ἰούδα
1720 4052 1965 4125 ἐφαρμό-

380 4140 516 4205 ζειν,
541 4142 616 4206 ὼς
637 4142 732 4196 καὶ⁵
752 4142 1012 4213 ὀνομαστὶ
1030 4141 1109 4214 τῷ
1133 4141 1263 4213 θείῳ
1284 4142 1564 4214 Πνεύματι
1589 4143 1967 4216 προεγνωσμέ-

381 4248 474 4286 νου
506 4248 564 4285 τε
590 4232 684 4286 καὶ
711 4249 1147 4305 προαναπεφωνη
1156 4234 1340 4305 μένου.

875 4348 1269 4403 ΚΕΦΑΛΔΙΟΝ
1323 4349 1464 4415 AG".

993 4438 1111 4494 Τοῦ
1141 4439 1353 4496 αὐτοῦ.

463 4530 618 4597 Ἰδοὺ,
652 4532 857 4605 ἡμέραι
905 4530 1177 4603 ἔρχονται,
1226 4530 1376 4600 λέγει
1417 4530 1644 4604 Κύριος,
1685 4531 1780 4587 καὶ
1826 4531 1961 4587 ἀνα·-

2073 3329 2182 3375 tem
2212 3334 2412 3383 meam,
2442 3332 2496 3376 et
2520 3323 2696 3376 scient
2720 3320 2846 3392 quia
2878 3336 3077 3378 nomen
3110 3324 3241 3377 mihi
3278 3321 3648 3391 Dominusx

2071 3412 2360 3469 Peccatum
2395 3411 2534 3468 Juda
2578 3415 2843 3485 scriptum
2873 3422 2959 3469 est
2989 3416 3128 3486 stylo
3164 3414 3342 3479 ferreo
3378 3417 3433 3471 in
3466 3431 3649 3491 ungue

2070 3507 2424 3563 adamantina
2458 3547 2473 3570 ,
2522 3514 2803 3562 exaratum
2852 3514 3017 3576 Super
3060 3505 3404 3561 latitudinem
3464 3506 3648 3564 cordis

2068 3599 2338 3656 eorum”.
2381 3618 2401 3653 ι
2436 3598 2511 3655 De
2542 3599 2608 3655 iis
2629 3598 2722 3669 qui
2753 3612 2849 3668 per
2869 3597 3151 3654 Christum
3176 3600 3418 3654 omnium
3449 3616 3649 3673 cogno-

2067 3702 2264 3748 verunt
2308 3690 2477 3747 Deum
2540 3690 2827 3763 Scriptura
2875 3689 3238 3761 prophetizat,
3278 3698 3333 3746 et
3382 3693 3648 3750 continuo

2067 3781 2381 3838 Judaaorum
2429 3782 2617 3854 p0puli
2643 3782 2906 3839 adversus
2939 3780 3279 3839 Salvatorem
3329 3782 3649 3855 iniquitates

2068 3876 2345 3942 indicans,
2377 3875 2699 3933 indelebiles
2728 3889 2822 3932 eas
2851 3874 2969 3931 fore
2997 3873 3241 3931 ostendit
3281 3882 3473 3931 notato
3501 3887 3646 3934 aste-

2070 3968 2232 4024 riscis
2258 3967 2402 4023 loco.
2434 3965 2569 4034 Quae
2599 3966 2818 4037 quidem
2840 3977 2896 4022 et
2921 3963 3172 4021 tradituri
3203 3963 3358 4021 ιυάω
3399 3966 3647 4039 adaptarl

2068 4067 2323 4133 possunt,
2360 4075 2391 4115 a
2431 4058 2640 4131 Spiritu
2669 4066 2862 4115 sancto
2904 4057 3224 4115 nominatim
3265 4069 3392 4117 ante
3432 4068 3646 4133 tempus

2067 4155 2288 4224 cognito
2321 4159 2484 4224 atque
2511 4153 2812 4207 nominato.

2598 4325 2831 4383 CAPUT
2868 4322 3109 4382 XXXVI.

2699 4417 2782 4473 Ea:
2809 4418 3007 4474 eadem.

2145 4530 2166 4564 ι
2195 4509 2339 4568 Ecce
2366 4510 2487 4568 dies
2515 4509 2765 4575 veniunt,
2796 4508 2937 4563 dicit
2958 4507 3224 4564 Dominus
3246 4527 3260 4561 :
3285 4517 3342 4564 et
3365 4506 3646 4565 suscitabo

382 4623 569 4693 στήσω
729 4594 894 4676 Δαυῒδ
937 4594 1205 4692 ανατολὴν
1246 4594 1480 4689 δικαίαν,
1662 4622 1964 4694 βασιλεύσει

2070 4604 2243 4660 David
2273 4619 2496 4676 germen
2521 4604 2732 4674 justum
2762 4621 2778 4656 :
2812 4607 2867 4656 et
2896 4600 3146 4672 regnabit
3174 4615 3272 4655 rex
3299 4640 3315 4665 ,
3347 4608 3402 4655 et
3430 4601 3646 4671 sapiens

384 4710 652 4783 βασιλεὺς,
680 4710 777 4764 καὶ
800 4711 1042 4780 συνήσει,
1075 4708 1170 4762 καὶ
1198 4711 1416 4781 ποιήσει
1442 4710 1617 4781 κρίμα
1643 4709 1736 4762 καὶ
1758 4708 1966 4762 δικαιο-

383 4800 550 4872 σύνην
571 4802 664 4855 ἐπὶ
690 4802 788 4872 τῆς
816 4803 941 4873 γῆς.
991 4801 1079 4853 Ἐν
1107 4805 1228 4866 ταῖς
1253 4801 1488 4873 ήμέραις
1515 4799 1682 4854 αὑτοῦ
1718 4799 1966 4871 σωθήσε-

379 4910 472 4947 ται
490 4895 584 4947 καὶ
616 4894 840 4960 Ἰούδας,
863 4894 958 4947 καὶ
992 4894 1208 4966 Ἰσραὴλ
1230 4894 1647 4965 κατασκηνώσει
1670 4893 1965 4959 πεποιθὼς,

382 4988 477 5040 xal.
506 4986 667 5040 τοῦτο
695 4987 756 5039 τὸ
789 4987 982 5058 ὄνομα,
1024 4986 1052 5040 ὃ
1086 4987 1306 5041 καλέσει
1339 4988 1535 5051 αὐτοὺς
1574 4985 1799 5057 Κύριος,
1851 4986 1966 5039 Ἰω-

384 5078 541 5132 σεδὲκ
568 5080 624 5132 ὲν
652 5081 763 5142 τοῖς
788 5080 1115 5151 προφήταις.
1155 5080 1243 5133 Ἐν
1266 5081 1332 5150 τῇ
1362 5077 1544 5149 ἡμέρᾳ.
1572 5078 1779 5149 ἐκείνῃ,
1815 5073 1967 5131 εἶπεν

382 5168 606 5241 Κύριος,
657 5169 932 5240 συντρίψω
984 5170 1144 5238 ζυγὸν
1175 5170 1283 5223 ἀπὸ
1319 5170 1589 5241 τραχήλου
1622 5167 1823 5233 αὐτῶν,
1873 5169 1969 5222 καὶ

377 5263 507 5324 τοὺς
532 5261 765 5331 δεσμοὺς
797 5261 976 5315 αὐτῶν
1004 5261 1302 5334 διᾳρῤήξω,
1335 5262 1431 5316 καὶ
1463 5262 1561 5315 οὐκ
1584 5260 1854 5332 ὲργῶνται
1879 5259 1968 5313 αὐ-

378 5353 463 5407 τοὶ
490 5353 570 5406 ἔτι
598 5353 917 5426 ἀλλοτρίοις,
951 5354 1045 5407 καὶ¹
1074 5353 1345 5425 ὲργῶνται
1377 5344 1457 5424 τῷ
1494 5354 1685 5425 Κυρίῳ
1715 5350 1835 5424 Θεῷ
1863 5353 1963 5406 αύ-

377 5444 509 5507 τῶν,
535 5445 630 5500 καί
651 5444 742 5498 τὸν
767 5444 931 5498 Δαυῖδ
958 5444 1180 5515 βασιλέα
1201 5445 1378 5499 αὐτῶν
1405 5446 1692 5516 ἀναστήσω
1719 5443 1954 5507 αὐτοῖς.»

379 5535 603 5600 Τούτοις
625 5535 693 5590 τὰ
715 5537 1071 5609 παραπλήσια
1101 5537 1196 5590 καὶ
1225 5539 1284 5590 ὲν
1313 5536 1487 5609 ἑτέρῳ
1512 5536 1605 5592 τοῦ
1638 5533 1803 5591 αὑτοῦ
1827 5552 1961 5606 προ-

378 5626 548 5697 φήτου
590 5627 741 5699 τόπῳ
783 5626 999 5699 εἴρηται
1039 5628 1098 5680 ὲν
1137 5625 1365 5691 τούτοις·
1397 5649 1417 5680 ι
1467 5627 1595 5681 Ἰδοὺ
1629 5625 1833 5699 ήμέραι
1872 5625 1962 5698 ξρ-

2071 4700 2218 4755 erit:
2266 4706 2322 4754 et
2371 4696 2541 4753 faciet
2574 4694 2845 4765 judicium
2884 4703 2939 4750 et
2974 4694 3243 4764 justitiam
3287 4694 3340 4747 in
3382 4699 3550 4748 terra.
3584 4690 3647 4747 In

2071 4788 2267 4845 diebus
2289 4789 2395 4843 illis
2424 4786 2726 4843 salvabitur
2749 4785 2889 4842 Iuda
2907 4827 2922 4853 ,
2955 4793 3009 4842 et
3032 4785 3199 4841 Israel
3227 4782 3492 4838 habitabit
3513 4796 3648 4837 con-

2072 4880 2342 4936 fidenter:
2391 4886 2448 4934 et
2486 4878 2592 4932 hoc
2633 4886 2718 4933 est
2757 4893 2958 4932 nomen
3001 4874 3146 4946 quod
3192 4871 3466 4927 vocabunt
3494 4886 3642 4935 eum,

2074 4971 2342 5027 Dominus
2364 5013 2380 5038 ,
2412 4968 2645 5025 Josedee
2673 4970 2729 5023 in
2762 4969 3045 5040 prophetis
3069 4966 3107 5019 ¹.
3129 5008 3142 5020 .
3166 5003 3180 5018 .
3203 4963 3262 5019 1η
3293 4963 3381 5018 die
3410 4963 3501 5017 illa
3522 5003 3537 5026 ,
3568 4962 3647 5016 ait

2068 5065 2338 5121 Dominus
2363 5104 2378 5129 ,
2404 5071 2688 5119 conteram
2711 5063 2903 5135 jugum
2931 5061 2999 5116 de
3025 5060 3165 5114 collo
3193 5058 3416 5121 eorum,
3448 5062 3504 5111 et
3530 5054 3647 5109 vin-

2068 5158 2194 5214 cula
2221 5172 2412 5213 eorum
2439 5156 2779 5226 disrumpam
2804 5195 2818 5219 ,
2847 5160 2901 5208 et
2944 5168 3055 5207 non
3093 5149 3527 5205 dominabuntur
3562 5147 3644 5203 eis

2068 5242 2305 5320 amplius
2345 5249 2547 5313 alieni,
2594 5248 2690 5304 sed
2732 5246 2972 5303 servient
3013 5243 3248 5299 Domino
3281 5240 3390 5296 Deo
3419 5252 3554 5304 suo,
3589 5250 3644 5295 et

2067 5339 2238 5396 David
2276 5339 2391 5412 regi
2450 5355 2552 5395 suo
2579 5352 2741 5411 quem
2764 5336 3045 5393 suscitabo
3072 5335 3153 5390 eis
3183 5333 3225 5389 '.
3252 5352 3271 5385 ι
3297 5331 3396 5387 His
3429 5333 3540 5386 fere
3570 5331 3645 5386 si-

2066 5435 2219 5490 milia
2250 5435 2304 5489 in
2334 5433 2444 5488 alio
2477 5432 2724 5502 ejusdem
2759 5429 3040 5501 prophetae
3083 5428 3207 5482 loco
3250 5425 3514 5480 dicuntur
3555 5423 3643 5485 his

2065 5527 2247 5583 verbis
2274 5546 2287 5581 :
2313 5543 2331 5577 ι
2358 5523 2497 5578 Ecce
2525 5510 2643 5577 dies
2668 5522 2925 5587 veniunt,
2949 5520 3085 5576 dicit
3112 5516 3378 5572 Dominus
3398 5556 3414 5582 ,
3444 5523 3500 5571 et
3525 5531 3648 5572 sus-

2065 5623 2246 5680 citabo
2294 5619 2521 5677 verbum
2574 5617 2777 5671 bonum
2819 5611 2965 5685 quod
3011 5613 3232 5667 locutus
3279 5622 3404 5666 sum
3449 5606 3517 5663 ad
3545 5607 3646 5663 do-

530 5780 663 5839 Luc.
692 5781 922 5867 κερκίδι,
956 5783 1044 5839 ’55.
1119 5782 1164 5815 "
1194 5780 1352 5838 Joan.
1387 5799 1444 5852 χ,
1481 5783 1569 5841 18.
1644 5782 1691 5818 ⁸⁸
1713 5781 1873 5839 Joan.
1909 5798 1963 5837 ιι

2069 5780 2139 5838 l5.
2216 5780 2261 5813 "
2291 5776 2400 5836 Jer.
2433 5788 2546 5841 xu,
2580 5769 2777 5840 19-21;
2830 5785 2964 5839 xvn,
2993 5767 3046 5823 ι.
3122 5766 3140 5802 ³
3174 5763 3287 5821 Jer.
3319 5778 3478 5830 nm,
3510 5759 3564 5831 5,
3585 5758 3640 5816 6.

377 5851 397 5881 ³
425 5847 535 5905 Jer.
571 5869 699 5919 xxx,
730 5852 786 5917 8,
813 5852 867 5907 9.

696 5947 964 6012 ΡΑτιιοι.
1015 5946 1135 6011 Gn.
1166 5946 1374 6010 XXII.

3217 5937 3297 5998 37
