4100 6468
473 347 613 403 “63

1057 410 1076 427 _
1172 349 1442 407 EUSEBII
1478 352 1962 411 CIESARIENSES
1997 353 2150 412 OPP.
2198 352 2384 409 PARS
2422 353 2508 407 Ill.
2551 386 2619 395 ——
2658 354 3068 413 EXEGETICA.

3611 360 3749 415 “Si

473 483 620 522 mum
649 465 816 521 lsrael
842 475 894 522 et
925 467 992 522 ad
1023 467 1245 522 domum
1270 466 1433 525 Juda.
1458 469 1521 525 in
1552 470 1750 528 diebus
1780 472 1889 528 illis
1917 478 1972 527 et
1998 472 2026 525 i1

2156 487 2363 542 χονται,
2398 469 2547 539 λέγει
2574 469 2797 541 Κύριος,
2832 472 2926 524 καὶ
2952 471 3304 543 ἐξαναστήσω
3335 488 3416 524 σοι
3446 470 3536 525 τὸν
3558 470 3622 536 (Γ.
3655 472 3747 543 56)

473 569 717 629 tempore
744 559 839 614 illo
861 594 876 622 ,
909 560 1223 630 germinare
1257 560 1455 616 faciam
1505 560 1677 618 David
1718 580 1942 635 germen
1971 565 2056 635 j‘u-

471 653 636 708 stitiae
665 652 706 707 ³.
739 671 758 704 ι
785 650 998 718 Quibus
1052 655 1318 709 continuo
1372 656 1597 726 subjicit
1628 676 1641 712 :
1705 677 1722 709 ι
1749 658 1886 725 Quia
1939 659 2053 715 haec

469 746 602 799 dicit
648 743 960 800 Dominus:
1010 744 1127 800 Non
1182 746 1432 801 interibit
1475 747 1544 802 de
1587 746 1755 801 David
1805 751 1908 813 vir,
1957 750 2051 819 qui

468 837 655 891 sedeat
699 853 864 908 super
895 838 1155 893 thronum
1206 838 1407 893 domus
1439 838 1608 895 Israel
1637 859 1649 894 :
1688 849 1742 895 et
1775 840 1843 895 de
1871 856 2055 897 sacer-

465 928 687 983 dotibus
716 937 770 983 et
798 929 865 985 de
902 929 1107 985 Levitis
1140 945 1249 985 non
1285 930 1535 986 interibit
1569 932 1653 987 vir
1684 949 1715 987 a
1752 934 1891 989 facie
1930 949 2054 989 mea

465 1018 558 1089 qui
584 1018 775 1073 oll'erat
802 1020 1278 1085 holocautomata,
1306 1029 1361 1076 et
1389 1022 1648 1077 incendat
1680 1023 2014 1077 sacriﬁcium
2032 1063 2048 1089 ,

462 1120 517 1168 et
555 1113 727 1167 caedat
763 1113 1015 1168 victimas
1045 1113 1304 1169 omnibus
1336 1114 1534 1171 diebus
1568 1115 1610 1170 ⁸.
1651 1136 1670 1168 ι
1703 1114 1766 1170 Et
1811 1131 2045 1173 rursus:

467 1223 487 1257 ι
513 1204 637 1259 llaec
664 1205 800 1260 dicit
830 1205 1142 1261 Dominus:
1178 1207 1235 1262 Si
1282 1208 1501 1264 irritum
1548 1218 1730 1281 potest
1782 1209 1900 1266 ﬁeri
1951 1227 2050 1282 pa-

460 1306 611 1353 ctum
643 1313 823 1352 meum
852 1312 977 1352 cum
1009 1298 1098 1354 die
1124 1338 1139 1362 ,
1170 1306 1225 1354 et
1254 1308 1476 1370 pactum
1497 1317 1679 1357 meum
1711 1318 1838 1358 cum
1863 1312 2043 1371 nocte,

459 1397 520 1443 ut
553 1407 661 1444 non
700 1390 772 1445 sit
815 1390 934 1446 dies
970 1398 1024 1444 et
1064 1405 1176 1445 nox
1204 1392 1261 1446 in
1292 1401 1536 1463 tempore
1566 1409 1700 1461 suo;
1734 1404 1789 1450 et
1824 1405 2042 1465 pactum

460 1498 639 1538 meum
671 1483 884 1537 irritum
916 1498 1039 1538 esse
1068 1484 1271 1553 poterit
1300 1501 1425 1540 cum
1468 1484 1639 1541 David
1680 1502 1838 1541 servo
1883 1502 2039 1555 meo,

458 1583 519 1626 ut
551 1590 656 1627 non
687 1575 759 1629 sit
787 1590 851 1630 ex
883 1589 948 1629 eo
979 1574 1122 1629 illius
1152 1576 1245 1645 qui
1276 1585 1466 1647 regnet
1495 1576 1549 1631 in
1581 1577 1781 1633 throno
1807 1578 1956 1648 ejus,
1987 1590 2042 1633 ct

458 1663 661 1721 Levita:
687 1674 743 1720 et
772 1666 1090 1723 sacerdotes
1120 1668 1360 1724 ministri
1394 1670 1519 1724 mei.
1544 1668 1701 1724 Sicut
1728 1674 2038 1735 enumerari

457 1774 567 1813 non
593 1766 823 1829 possunt
850 1760 1025 1815 stellae
1049 1759 1173 1814 coeli
1194 1800 1207 1822 ,
1237 1772 1292 1815 et
1316 1761 1499 1816 metiri
1529 1776 1698 1817 arena
1728 1764 1926 1828 maris,
1957 1765 2038 1820 sic

2157 562 2314 631 λόγον
2351 578 2452 630 μου
2482 561 2573 615 τὸν
2600 561 2826 630 ἀγαθὸν,
2865 562 2925 616 ὃν
2954 562 3194 634 ἐλάλησα
3226 562 3319 615 ἐπὶ
3344 563 3436 616 τὸν
3460 556 3609 616 οἷκον
3645 563 3747 618 Ἰε-

2160 651 2443 724 ρουσαλὴμ
2487 650 2582 704 καὶ
2625 652 2719 704 ἐπὶ
2744 653 2837 706 τὸν
2859 647 3007 706 οῖκον
3044 651 3233 706 Ἰούδα·
3270 652 3329 706 ἐν
3361 656 3481 718 ταῖς
3510 655 3748 728 ἡμέραις

2156 746 2393 807 ἐκείναις
2430 744 2525 799 καὶ
2562 746 2620 797 ἐν
2647 743 2728 815 τῷ
2757 745 2936 817 καιρῷ
2975 745 3170 817 ἐκείνῳ
3198 746 3444 800 ἀνατελῶ
3468 747 3547 819 τῷ
3580 749 3747 803 Δαυῒδ

2154 835 2419 908 ἀνατολὴν
2465 836 2700 891 δικαίαν.
2746 858 2766 889 ι
2802 833 2897 901 Οἷς
2941 837 3068 909 ἑξῆς
3108 838 3381 911 ἐπιφέρει,
3429 841 3512 894 ὅτι
3547 859 3565 891 ι
3599 842 3742 896 Τάδε

2152 927 2298 997 λέγει
2331 926 2554 998 Κύριος⁸
2600 927 2715 980 Οὐκ
2762 926 3275 1000 ἐξολοθρευθήσεται
3300 928 3380 1000 τῷ
3416 928 3578 984 Δαυῒδ
3602 931 3744 1004 ἀνὴρ

2153 1020 2462 1091 καθήμενος
2494 1020 2587 1072 ἐπὶ
2614 1018 2807 1091 θρόνου
2830 1021 2981 1074 οἴκου
3016 1022 3253 1094 Ἰσραήλ·
3283 1024 3378 1077 καὶ
3399 1025 3512 1087 τοῖς
3535 1021 3743 1094 ἱερεῦσι

2149 1116 2264 1177 τοῖς
2303 1114 2576 1176 Δευῖταις·
2608 1112 2707 1165 οὐκ
2745 1111 3256 1186 ἐξολοθρευθήσεται
3299 1115 3440 1187 ἀνὴρ
3471 1116 3538 1169 ἐκ
3571 1131 3742 1186 προσ-

2148 1204 2300 1260 ώπου
2332 1223 2434 1277 μου
2468 1206 2754 1277 ἀναφέρων
2786 1205 3215 1278 ὁλοκαυτώματα
3242 1208 3336 1260 καὶ
3364 1206 3507 1260 θύων
3524 1205 3737 1272 θυσίαν,

2148 1298 2242 1350 καὶ
2282 1296 2451 1351 ποιῶν
2493 1296 2643 1368 θῦμα
2692 1297 2874 1361 πάσας
2920 1297 3019 1362 τὰς
3063 1299 3297 1370 ἡμέρας.
3335 1317 3355 1352 ι
3398 1298 3509 1352 Καὶ
3551 1297 3736 1353 πάλιν

2151 1408 2170 1439 ι
2207 1389 2345 1443 Τάδε
2378 1388 2523 1458 λέγει
2555 1389 2779 1460 Κύριος·
2817 1390 2881 1443 El
2918 1390 3299 1444 διασκεδάσετε
3337 1390 3437 1462 τὴν
3468 1389 3740 1463 διαθήκην

2147 1497 2249 1550 μου
2290 1478 2386 1552 τὴν
2431 1480 2668 1552 ἡμέραν,
2714 1480 2810 1534 καὶ
2847 1480 2945 1552 τὴν
2974 1480 3240 1554 διαθήκην
3274 1498 3375 1552 μου
3408 1480 3509 1553 τὴν
3540 1482 3734 1546 νύκτα,

2141 1576 2235 1630 τοῦ
2269 1575 2343 1649 μὴ
2373 1572 2516 1631 εἶναι
2548 1578 2762 1649 ἡμέραν
2797 1577 2891 1631 καὶ
2925 1576 3095 1630 νύκτα
3126 1578 3184 1631 ἐν
3218 1576 3296 1649 τῷ
3321 1577 3500 1650 καιρῷ
3531 1577 3734 1632 αὐτῶν

2140 1670 2236 1725 καί
2267 1687 2332 1739 γε
2362 1670 2396 1742 ἡ
2425 1669 2670 1743 Διαθήκη
2707 1688 2808 1741 μου
2843 1670 3369 1741 διασκεδασθήσεται
3400 1670 3539 1741 μετὰ
3569 1669 3738 1724 Δαυῒδ

2140 1760 2236 1815 τοῦ
2265 1761 2453 1816 δούλου
2485 1778 2609 1833 μου,
2646 1761 2740 1815 τοῦ
2776 1761 2853 1833 μὴ
2886 1758 3025 1816 εἶναι
3059 1760 3209 1831 αὐτῷ
3233 1761 3346 1815 υἱὸν
3382 1760 3735 1832 βασιλεύοντα

456 1852 830 1923 multiplicabo
878 1867 1062 1907 semen
1111 1850 1284 1907 David
1333 1853 1478 1909 servi
1530 1853 1663 1916 mei,
1715 1861 1769 1911 et
1819 1853 2026 1912 Levita:

2139 1855 2233 1907 ἐπὶ
2270 1852 2363 1907 τοῦ
2396 1852 2587 1926 θρόνου
2618 1852 2804 1918 αὐτοῦ,
2846 1855 2941 1908 καὶ
2981 1855 3108 1918 τοὺς
3133 1854 3365 1917 Λευῒτας
3404 1855 3533 1917 τοὺς
3567 1854 3737 1925 ἱερεῖς

454 1945 739 2001 ministros
774 1960 923 2001 meos
957 1945 999 1997 ⁵.
1031 1963 1050 1996 ι
1079 1946 1260 2015 Atque
1291 1945 1491 2001 iterum
1524 1954 1651 2019 post
1693 1963 1870 2019 pauca
1912 1950 1989 2004 ait
2017 1969 2030 2005 ε

459 2056 477 2085 ι
513 2036 637 2093 llaec
665 2037 798 2092 dicit
826 2036 1091 2093 Dominus
1117 2055 1130 2092 :
1164 2037 1222 2092 Si
1254 2046 1476 2108 pactum
1508 2054 1689 2094 meum
1717 2040 1863 2095 inter
1889 2038 2033 2095 diem

451 2137 503 2182 et
535 2136 781 2193 noctem,
811 2134 867 2183 et
893 2128 1043 2200 leges
1073 2129 1215 2185 coelo
1241 2138 1295 2184 et
1330 2139 1490 2185 terrae
1520 2146 1627 2187 non
1652 2133 1810 2202 posui
1835 2151 1850 2200 ;
1878 2132 2035 2203 equi-

452 2219 575 2275 dem
602 2230 656 2275 et
683 2235 869 2277 semen
899 2218 1071 2276 Jacob
1097 2227 1152 2276 et
1181 2220 1353 2276 David
1388 2222 1533 2277 servi
1565 2223 1671 2278 mei
1704 2224 1989 2295 projiciam
2014 2264 2029 2291 ,

449 2320 511 2367 ut
538 2328 645 2368 non
678 2328 955 2370 assumam
983 2313 1051 2369 de
1080 2314 1292 2369 semine
1323 2314 1445 2382 ejus
1490 2315 1773 2386 principes
1802 2318 2032 2374 seminis

447 2402 758 2468 Abraham,
793 2401 949 2459 Isaac
980 2410 1034 2458 et
1064 2401 1237 2457 Jacob
1264 2404 1306 2459 °.
1340 2423 1359 2454 ι
1388 2401 1677 2469 Quodnam
1729 2403 1875 2458 enim
1906 2420 2025 2474 ger-

448 2510 574 2550 men
622 2493 888 2551 Dominus
944 2493 1138 2549 Davidi
1192 2494 1565 2550 suscitaturus
1594 2495 1729 2549 est?
1776 2493 2030 2550 Divinum

454 2587 712 2655 Verbum,
741 2587 810 2644 de
859 2604 969 2659 quo
1013 2588 1149 2642 alias
1197 2586 1441 2642 dicitur:
1475 2606 1493 2638 ι
1523 2585 1667 2642 Ecce
1694 2587 1800 2651 vir,
1830 2584 2030 2643 Oriens

446 2696 647 2736 nomen
689 2681 811 2750 ejus
844 2681 906 2747 7;
940 2700 958 2732 ι
989 2680 1082 2749 qui
1129 2687 1183 2735 et
1229 2686 1561 2749 regnaturus
1605 2679 2026 2749 praenuntiatum

447 2786 513 2828 ac
549 2791 567 2823 ι
594 2773 819 2844 sapiens
849 2772 954 2827 erit
986 2779 1041 2825 et
1078 2768 1243 2824 faciet
1269 2769 1541 2839 judicium
1572 2776 1627 2824 et
1664 2768 1940 2839 justitiam
1972 2769 2028 2823 in

445 2871 615 2919 terra.
645 2884 665 2916 ι
688 2864 787 2920 llic
813 2873 863 2921 el
896 2864 950 2918 in
984 2864 1230 2919 tenebris
1260 2863 1582 2919 sedentibus
1613 2862 1813 2916 animis
1843 2872 2030 2933 surget

445 2958 536 3012 lux
567 2958 621 3012 in
658 2958 872 3013 caelesti
903 2973 1075 3028 regno
1117 2973 1256 3022 suo;
1321 2957 1555 3027 quique,
1596 2955 1754 3026 juxta
1794 2955 2029 3026 Aposto-

445 3052 678 3113 stolum,
715 3071 734 3103 ι
765 3052 1048 3123 plenitudo
1091 3050 1336 3122 gentium
1369 3050 1598 3105 intrabit
1627 3051 1671 3113 ⁸,
1705 3070 1722 3102 ι
1756 3057 1811 3105 et
1845 3048 2025 3103 omnis

444 3159 609 3199 verus
634 3143 802 3199 Israel
830 3159 954 3199 cum
980 3143 1251 3212 spirituali
1277 3141 1438 3197 Juda.
1466 3140 1861 3207 Salvabuntur,
1885 3157 2022 3212 quos

434 3245 499 3292 et
526 3237 744 3293 vocabit
789 3237 943 3307 ipsos
987 3235 1255 3292 Dominus
1294 3235 1621 3291 nominatim
1645 3274 1660 3299 ,
1694 3249 1835 3304 quos
1871 3235 2025 3304 ipsos

430 3330 642 3399 .dignos
676 3328 953 3399 judicabit
997 3328 1052 3382 in
1094 3328 1357 3391 Josedec,
1400 3327 1545 3398 quod
1594 3329 2024 3399 interpretantur

444 3421 540 3476 Dei
558 3421 759 3490 justas.
794 3419 855 3475 In
881 3419 969 3476 die
999 3429 1180 3476 autem
1212 3421 1303 3475 illa
1325 3460 1341 3484 ,
1373 3436 1497 3475 cum
1530 3420 1849 3477 liberaverit
1879 3419 2022 3476 Deus

428 3527 535 3566 eos
565 3526 593 3564 a
627 3510 829 3566 diaboli
863 3510 1164 3574 servitute,
1196 3511 1333 3566 adeo
1365 3516 1424 3565 ut
1464 3525 1575 3565 non
1614 3511 1729 3582 jam
1768 3510 1850 3565 illi
1871 3551 1886 3576 ,
1917 3509 2020 3566 soli

438 3618 573 3660 vero
606 3601 842 3659 Domino
872 3600 988 3657 Deo
1019 3600 1296 3665 serviant,
1328 3601 1603 3657 oriturum
1632 3601 1716 3657 eis
1742 3601 1887 3657 Deus
1916 3600 2022 3655 Da-

438 3696 615 3753 videm
647 3711 828 3768 regem
858 3695 1171 3767 pollicetur,
1225 3693 1441 3751 scilicet
1484 3700 1674 3749 natum
1721 3709 1753 3750 e
1794 3693 2020 3751 Davidis

438 3788 646 3844 semine
698 3786 1035 3843 Salvatorem
1092 3792 1343 3841 nostrum
1375 3826 1393 3851 ,
1447 3801 1609 3857 quem
1666 3787 2021 3856 peculiariter

437 3879 740 3950 Scriptura:
769 3879 875 3935 boc
901 3878 1330 3950 designaverunt
1360 3879 1601 3934 nomine.
1630 3874 1691 3933 In
1722 3879 1827 3934 hac
1852 3879 2020 3950 igitur

434 3976 722 4048 pr0pbctia
777 3976 953 4032 David
1014 3976 1319 4032 secundum
1376 3973 1718 4030 Salvatorem
1764 3981 2017 4030 nostrum

432 4070 786 4126 existimatus
812 4069 980 4125 homo
1009 4069 1234 4125 dicitur.
1282 4067 1519 4124 Germen
1565 4077 1749 4123 autem
1786 4068 2019 4137 justitize

431 4162 606 4219 deitas
635 4170 720 4218 est
747 4178 869 4232 quae
896 4162 951 4216 in
983 4162 1103 4232 ipso
1127 4163 1291 4234 viget,
1318 4179 1336 4213 ι
1363 4161 1444 4217 sol
1460 4161 1776 4231 justitiaa":
1812 4160 1867 4214 in
1896 4161 2017 4216 aliis

432 4255 741 4325 appellata;
775 4269 900 4309 cum
952 4252 1175 4324 quidem
1204 4273 1223 4305 ι
1252 4253 1348 4308 lux
1379 4268 1540 4319 vera,
1571 4269 1696 4325 quae
1729 4254 2013 4309 illuminat

430 4362 650 4401 omnem
697 4346 973 4402 hominem
1002 4346 1310 4402 venientem
1341 4346 1397 4400 in
1428 4346 1576 4401 hunc
1617 4345 1880 4401 mundum
1915 4347 1959 4401 ’.
1991 4364 2009 4397 ι

430 4436 543 4493 Deo
595 4438 762 4509 igitur
803 4437 974 4502 dicit,
1026 4437 1172 4509 quod
1216 4453 1329 4493 non
1374 4437 1626 4492 interibit
1668 4438 1754 4493 vir
1799 4437 1909 4493 dux
1959 4445 2015 4493 et

2136 1947 2262 2010 τοὺς
2293 1945 2742 2018 λειτουργοῦντας
2778 1964 2888 2016 μοι·
2918 1945 2994 2011 ὡς
3032 1947 3133 2000 οὐκ
3169 1946 3670 2019 ἐξαριθμηθήσεται
3694 1949 3732 2020 ἡ

2134 2038 2364 2110 δύναμις
2390 2039 2484 2093 τοῦ
2512 2040 2767 2113 ούρανοῦ,
2805 2040 2927 2093 οὐδέ
2966 2040 3442 2112 ἐκμετρηθήσεται
3476 2042 3509 2111 ἡ
3540 2040 3731 2112 ἄμμος

2130 2131 2234 2201 τῆς
2265 2131 2563 2204 θαλάσσης,
2599 2132 2771 2197 οὓτως
2806 2131 3062 2204 πληθυνῶ
3092 2131 3155 2185 τὸ
3184 2132 3407 2205 σπέρμα
3439 2130 3601 2184 Δαυῒδ
3632 2131 3732 2186 τοῦ

2133 2224 2319 2278 δούλου
2369 2243 2470 2297 μου
2521 2228 2615 2279 καὶ
2659 2227 2786 2289 τοὺς
2831 2226 3063 2289 Λευῖτας
3107 2224 3233 2289 τοὺς
3276 2222 3735 2296 λειτουργοῦντάς

2136 2335 2247 2388 μοι.
2282 2337 2300 2369 ι
2326 2319 2437 2373 Καὶ
2472 2314 2629 2382 αὖθις
2664 2318 2802 2390 μετά
2834 2318 3040 2390 βραχέα
3068 2317 3303 2388 εἴρηται·
3342 2335 3361 2367 ι
3403 2317 3544 2370 Τάδε
3577 2316 3731 2386 λέγει

2132 2408 2356 2479 Κύριος·
2401 2410 2464 2463 Εἰ
2512 2407 2589 2480 μὴ
2635 2408 2942 2480 διαθήκηίν)
2989 2425 3089 2477 μου
3124 2407 3340 2479 ἡμέρας
3373 2406 3471 2461 καὶ
3509 2407 3728 2471 νυκτὸς,

2131 2500 2524 2572 ἁκριϐάσματα
2556 2499 2789 2571 οὐρανοῦ
2819 2500 2914 2553 καὶ
2942 2501 3045 2570 γῆς
3079 2499 3180 2552 οὐκ
3224 2498 3408 2566 ἔταξα,
3442 2498 3535 2552 καί
3570 2515 3635 2568 γε
3663 2501 3733 2553 τὸ

2133 2591 2357 2664 σπέρμα
2392 2590 2588 2647 Ἰακὼϐ
2614 2592 2707 2645 καὶ
2735 2590 2898 2644 Δαυῖδ
2918 2591 3009 2644 τὸν
3033 2590 3222 2644 δοῦλόν
3255 2608 3359 2662 μου
3380 2590 3727 2662 ἀποδοκιμῶ,

2130 2682 2223 2737 τοῦ
2268 2683 2344 2755 μὴ
2381 2682 2569 2737 λαϐεῖν
2610 2685 2675 2737 ἐκ
2717 2681 2808 2736 τοῦ
2858 2683 3173 2755 σπέρματος
3204 2681 3371 2735 αὐτοῦ
3405 2681 3663 2754 ἄρχοντα.
3702 2701 3722 2734 ι

2130 2776 2241 2828 Καὶ
2276 2776 2361 2839 τίς
2389 2774 2455 2828 ἂν
2498 2775 2584 2846 εἴη
2638 2774 2742 2827 ὑπὸ
2780 2773 2875 2827 τοῦ
2926 2774 3133 2845 Κυρίου
3180 2773 3596 2845 ἀναστησομένη
3645 2773 3729 2842 τῷ

2130 2866 2292 2921 Δαυῒδ
2321 2867 2588 2939 ἀνατολή;
2633 2867 2692 2919 '0
2732 2866 2875 2928 θεῖος
2904 2866 3098 2935 Λόγος,
3131 2865 3261 2937 περὶ
3287 2860 3349 2919 οὗ
3388 2865 3484 2919 καὶ
3519 2865 3578 2919 ἐν
3604 2866 3730 2918 ἐτέ-

2115 2977 2245 3033 ⁸ροις
2272 2960 2506 3032 εἴρηται,
2542 2978 2560 3009 ι
2583 2957 2713 3012 Ἰδοὺ
2747 2957 2904 3029 ἀνὴρ,
2948 2956 3207 3028 Ἀνατολὴ
3237 2956 3409 3028 ὄνομα
3434 2955 3602 3027 αὐτῷ·
3620 2974 3637 3006 ι
3661 2954 3744 3017 ὃς

2127 3053 2223 3106 καὶ
2277 3051 2614 3124 βασιλεύσειν
2669 3049 3074 3123 προφητεύεται
3118 3050 3213 3104 καὶ
3250 3069 3269 3102 ι
3325 3050 3576 3121 συνήσειν
3626 3049 3726 3103 καὶ

2127 3146 2374 3217 ποιήσειν
2399 3145 2573 3216 κρίμα
2598 3144 2692 3198 καὶ
2723 3143 3069 3215 δικαιοσύνην
3098 3143 3190 3197 ἐπὶ
3218 3145 3318 3214 τῆς
3344 3143 3468 3214 γῆς.
3500 3162 3519 3193 ι
3553 3136 3726 3205 Οὗτος

2054 3218 2095 3276 C
2127 3236 2183 3290 δὲ
2212 3238 2306 3291 καὶ
2330 3239 2452 3301 ταῖς
2488 3239 2546 3290 ἐν
2580 3235 2761 3289 σκότει
2797 3233 3137 3307 καθημέναις
3167 3233 3368 3306 ψυχαῖς
3410 3231 3728 3298 ἐξανατελεῐ

2126 3329 2240 3399 φῶς
2261 3330 2404 3384 κατά
2431 3330 2528 3400 τὴν
2551 3328 2830 3399 βασιλείαν
2858 3326 3021 3381 αὑτοῦ
3046 3326 3144 3398 τὴν
3174 3326 3521 3399 ἐπουράνιον·
3579 3325 3723 3379 ἐπάν

2121 3423 2178 3476 δὲ
2227 3422 2369 3477 κατά
2417 3423 2507 3476 τὸν
2567 3421 2889 3475 Ἀπόστολον
2941 3440 2960 3471 ι
2992 3422 3054 3475 τὸ
3096 3420 3369 3494 πλήρωμα
3399 3418 3508 3472 τῶν
3548 3415 3723 3472 ἐθνῶν

2122 3514 2359 3586 εἰσελθῇ,
2405 3534 2423 3566 ι
2472 3514 2569 3568 καὶ¹
2618 3515 2726 3578 πᾶς
2771 3515 2800 3567 6
2847 3512 3101 3583 ἀληθινὸς
3165 3510 3383 3583 Ἰσραὴλ
3433 3510 3571 3582 μετὰ
3619 3509 3720 3564 τοῦ

2123 3605 2494 3677 πνευματικοῦ
2531 3604 2705 3658 ’ἰούδα
2746 3605 3071 3679 σωθήσεται,
3109 3604 3205 3669 οὓς
3249 3606 3343 3658 καὶ
3369 3603 3587 3657 καλέσει
3615 3604 3717 3657 αὐ-

2122 3699 2247 3762 τοὺς
2275 3700 2305 3750 ὁ
2333 3696 2541 3770 Κύριος
2577 3697 2859 3768 ὀνομαστὶ,
2888 3695 2982 3762 οὒς
3011 3697 3197 3763 ἀξίους
3229 3697 3428 3760 αὐτοὺς
3450 3697 3631 3766 κρινεί
3653 3696 3718 3750 ὲν

2118 3788 2199 3859 τῷ
2242 3790 2563 3855 ’1ωσεδεκὶν,
2616 3790 2754 3864 ὅπερ
2802 3789 3170 3862 ἑρμηνεύεται
3209 3791 3264 3843 οἱ
3304 3786 3414 3841 τοῦ
3441 3786 3590 3842 Θεοῦ
3621 3786 3716 3841 δί-

2120 3897 2294 3936 καιοι.
2349 3882 2437 3935 Ἐν
2458 3881 2644 3955 ἐκείνῃ
2680 3881 2737 3934 δέ
2774 3884 2839 3953 τῇ
2869 3879 3056 3953 ήμ⁶ἑρᾳ
3091 3878 3230 3951 μετά
3252 3879 3315 3933 τὸ
3340 3876 3713 3949 ἐλευθερῶσαι

2117 3974 2212 4028 τὸν
2228 3973 2361 4028 Θεὸν
2383 3975 2507 4038 τοὺς
2535 3974 2972 4046 προειρημένους
3008 3971 3116 4025 ἀπὸ
3149 3971 3247 4043 τῆς
3278 3970 3384 4024 ὑπο
3411 3970 3505 4025 τὸν
3534 3968 3719 4024 διάϐο-

2118 4066 2209 4121 λον
2250 4066 2649 4138 αἰχμαλωσίας,
2692 4066 2769 4129 ὡς
2817 4065 3015 4137 μηκέτι
3065 4066 3162 4135 μὲν
3211 4064 3430 4135 ἐκείνῳ,
3477 4061 3625 4133 μόνῳ
3654 4059 3718 4113 δὲ

2117 4159 2310 4230 Κυρίῳ
2336 4157 2414 4229 τῷ
2439 4157 2558 4229 Θεῷ
2584 4156 2764 4210 αὐτῶν
2782 4155 3088 4228 λατρεύειν,
3116 4156 3447 4227 ἀναστήσειν
3476 4154 3660 4217 αὐτοῖς
3682 4153 3715 4204 6

2117 4249 2251 4314 Θεὸς
2292 4252 2633 4322 ὑπισχνεῖται
2666 4248 2889 4320 βασιλέα
2924 4247 3017 4302 τὸν
3043 4247 3224 4312 Δαυῖδ,
3252 4247 3352 4301 οὐκ
3388 4246 3549 4301 ἄλλον
3580 4245 3714 4299 ὄντα

2116 4340 2210 4396 τοῦ
2240 4342 2305 4396 ἐκ
2333 4342 2648 4413 σπέρματος
2674 4340 2838 4393 Δαυῖδ
2877 4341 3174 4412 γενομένου
3220 4340 3476 4410 Σωτῆρος
3520 4335 3709 4409 ήμῶν,

2114 4436 2174 4491 ὃν
2198 4435 2467 4508 διαφόρως
2505 4439 2560 4490 αἱ
2592 4437 2807 4509 Γραφαὶ
2837 4437 2932 4491 καὶ
2956 4430 3132 4507 τούτῲ
3154 4438 3460 4507 προσεῖπαν
3486 4433 3563 4505 τῷ
3587 4433 3710 4487 ὀνό-

428 4530 685 4603 princeps
727 4531 988 4588 Ecclesiae
1029 4531 1173 4602 ejus,
1222 4532 1529 4603 spiritualis
1553 4532 1766 4588 scilicet
1810 4531 2009 4587 domus

2126 4546 2271 4601 ματι.
2306 4530 2365 4582 '0
2400 4528 2500 4600 μὲν
2534 4525 2628 4582 οὖν
2662 4530 2720 4581 ἐν
2749 4531 2814 4599 τῇ
2853 4529 3163 4601 προφητείᾳ
3200 4527 3364 4582 Δαυῖδ
3391 4529 3422 4581 6
3444 4526 3589 4581 κατὰ
3613 4525 3711 4585 τὸν

427 4624 595 4680 Israel
626 4642 640 4691 ;
670 4639 770 4680 nec
801 4622 1121 4694 spirituales
1152 4621 1249 4679 Dei
1280 4624 1599 4680 sacerdotes
1635 4638 1878 4695 unquam
1911 4623 2008 4680 de-

2126 4621 2341 4693 Ξωτῆρα
2361 4621 2520 4692 ἡμῶν
2541 4620 2661 4675 νοού
2671 4638 2829 4691 μενος
2853 4621 3139 4694 ἄνθρωπος
3162 4620 3401 4690 λέγεται·
3429 4622 3462 4691 ή
3488 4619 3547 4672 δὲ
3571 4620 3715 4672 ἀνα-

428 4717 673 4774 [ιιοιυι-οε
723 4731 849 4773 esse
893 4715 1181 4787 Scriptura
1224 4717 1607 4787 prophetizat.
1662 4716 1794 4772 thus
1839 4715 2009 4786 spiri-

425 4808 571 4863 tuale
603 4807 859 4872 ferentes,
893 4822 1227 4877 suavemque
1256 4806 1528 4862 bonorum
1557 4820 1784 4878 operum
1828 4805 2009 4861 dicto-

426 4916 615 4955 rumve
644 4900 867 4955 odorem
887 4939 902 4963 ,
934 4912 1152 4953 necnon
1208 4898 1554 4955 incruentam
1587 4914 1894 4971 puramque
1923 4900 2007 4955 vi-

424 4992 671 5046 ctimam.
714 4990 848 5057 Qua:
888 4990 1035 5044 enim
1079 4991 1137 5044 ni
1167 4990 1242 5044 ita
1276 4991 1656 5062 acceperimus
1678 5031 1694 5055 ,
1726 4990 2003 5046 mendacii

424 5083 741 5154 prophetias
770 5090 1045 5153 arguunt,
1079 5097 1206 5137 cum
1249 5083 1534 5139 terrestris
1572 5081 1799 5136 Davidis
1842 5082 2002 5137 thro-

422 5191 528 5231 nus
574 5174 927 5246 typicumquc
955 5174 1344 5237 sacerdotium.
1375 5190 1485 5229 non
1528 5176 1642 5243 jam
1674 5173 1998 5229 subsistant.

424 5267 646 5324 Davidis
686 5267 908 5337 quidem
941 5282 971 5321 e
1005 5266 1216 5321 semine
1248 5281 1407 5336 reges
1434 5265 1549 5336 jam
1579 5264 1835 5319 Jeremiae
1862 5275 2000 5320 tem-

422 5358 651 5429 poribus
693 5357 904 5413 detrusi
941 5364 1136 5424 erant;
1181 5357 1437 5414 leviticus
1474 5371 1606 5412 vero
1630 5397 1644 5421 ,
1689 5357 2003 5413 sacerdota-

421 5452 595 5521 lisque
625 5450 808 5505 cultus
849 5463 958 5504 non
1000 5450 1177 5504 multo
1225 5458 1351 5521 post
1385 5447 1692 5503 Salvatoris
1738 5448 1999 5504 incarna-

420 5543 626 5598 tionem
655 5556 883 5598 eversus
913 5549 1000 5597 est
1027 5560 1045 5613 ;
1076 5557 1143 5597 ex
1169 5557 1278 5612 quo
1321 5556 1471 5596 nunc
1501 5556 1677 5613 usque
1717 5556 1830 5597 non
1874 5541 2001 5597 licet

2109 4712 2238 4784 τολὴ
2260 4715 2294 4784 ἡ
2322 4712 2529 4776 δικαία,
2557 4714 2590 4785 ἡ
2612 4715 2732 4767 κατ’
2756 4714 2918 4768 αὐτὸν
2941 4712 3242 4785 ἐνεργοῦσα
3264 4712 3478 4783 θεότης,
3507 4730 3527 4762 ι
3554 4710 3712 4782 ἥλιος

2106 4804 2449 4877 δικαιοσύνης
2480 4825 2498 4856 ι
2535 4807 2594 4859 ἐν
2637 4805 2818 4870 ἄλλοις
2847 4804 3247 4877 ὀνομαζομένηο
3297 4803 3422 4859 ἐπεὶ
3461 4803 3555 4857 καὶ
3588 4820 3608 4854 ι
3645 4802 3712 4856 τὸ

2111 4896 2229 4968 φῶς
2262 4898 2322 4952 τὸ
2348 4898 2599 4970 ἀληθινὸν
2627 4897 2656 4952 ὃ
2691 4898 2917 4969 φωτίζει
2948 4898 3127 4952 πάντα
3150 4898 3437 4969 ἄνθρωπον
3469 4895 3709 4966 ἐρχόμε-

2108 5006 2199 5044 νον
2228 4991 2308 5054 εἰς
2337 4989 2427 5045 τὸν
2457 4990 2660 5061 κόσμον
2693 5010 2711 5043 ι
2754 4991 2855 5044 οὐκ
2899 4990 3034 5060 ἄλλη
3080 5008 3166 5054 τις
3205 4988 3371 5044 αὐτοῦ
3416 4988 3704 5059 τυγχάνει.

2112 5081 2204 5152 Τῷ
2236 5080 2357 5152 Θεῷ
2393 5081 2572 5136 τοίνυν
2611 5081 2776 5153 φησὶν
2810 5083 2911 5135 οὐκ
2948 5078 3498 5152 ἐξολοθρευθήσεσθαι
3529 5078 3705 5151 ἄνδρα

2110 5173 2410 5245 ἡγούμενον
2439 5174 2532 5228 καὶ
2561 5173 2878 5245 προεστῶτα
2899 5176 2997 5246 τῆς
3021 5169 3347 5241 Ἐκκλησίας
3371 5168 3561 5235 αὑτοῦ,
3578 5170 3702 5241 ἥτις

2106 5265 2256 5319 ἐστὶν
2284 5268 2313 5320 6
2354 5265 2724 5335 πνευματικὸς
2766 5261 2914 5329 οἶκος
2970 5263 3207 5337 Ἰσραήλ·
3255 5262 3369 5316 ἀλλ’
3412 5261 3535 5316 οὐδὲ
3572 5262 3694 5324 τοὺς

2101 5357 2246 5412 κατά
2272 5359 2510 5413 διάνοιαν
2538 5361 2706 5432 ἱερεῖς
2723 5357 2819 5412 τοῦ
2845 5358 2982 5412 Θεοῦ
3006 5356 3300 5427 διαλείψειν
3325 5358 3353 5410 6
3373 5355 3534 5425 λόγος
3562 5372 3694 5427 προ-

2101 5449 2347 5522 φητεύει,
2378 5450 2439 5505 τὸ
2469 5452 2841 5521 πνευματικὸν
2879 5450 3253 5521 ἀναφέροντας
3285 5447 3559 5520 θυμίαμα,
3603 5446 3701 5500 καὶ

2100 5542 2202 5614 τὴν
2234 5542 2302 5597 δι’
2331 5542 2509 5616 ἔργων
2532 5543 2754 5613 ἀγαθῶν
2789 5543 2882 5598 καὶ
2909 5542 3086 5613 λόγων
3111 5540 3174 5613 (Γ.
3198 5539 3269 5595 36
3298 5537 3376 5611 v°)
3400 5539 3574 5611 εὐώδη
3598 5537 3704 5593 καὶ

489 5728 511 5759 ³
532 5724 644 5783 Jcr.
673 5742 872 5792 xxxnl,
906 5724 1099 5797 ΗΑΒ.
1174 5722 1197 5756 ⁸
1229 5722 1362 5797 ibid.
1398 5723 1484 5791 l7,
1517 5723 1601 5783 l8.
1678 5723 1851 5783 ’ibid.
1880 5721 2026 5781 20—25

2147 5723 2188 5756 "
2213 5722 2444 5781 Malach.
2466 5742 2538 5787 tv.
2566 5723 2620 5780 2.
2703 5724 2724 5756 ⁸
2755 5721 2994 5797 ibidﬁs,
3022 5722 3113 5780 20.
3190 5722 3210 5753 ⁷
3240 5719 3468 5776 Zacltar.
3496 5731 3579 5786 νι,
3602 5712 3700 5774 i3.

416 5799 622 5858 '.Rom.
652 5797 842 5865 31,25.
891 5797 940 5884 "
985 5795 1142 5851 Joan.
1176 5810 1227 5861 ι,
1267 5796 1300 5850 9
