4100 6434
381 384 519 459 uss

1430 368 1730 425 I-ZCLOGAS
1769 361 2252 422 PROPIIETICIE.
2294 392 2364 402 —
2400 359 2530 416 LIB.
2572 358 2615 417 I.

3505 351 3642 408 “(i6

381 469 718 575 ἀναίμακτον
760 497 857 553 καὶ
895 492 1142 564 καθαρὰν
1183 489 1396 543 θυσίαν.
1437 487 1503 540 Εἰ
1538 486 1646 558 γὰρ
1696 486 1768 558 μὴ
1812 484 1965 540 ταῦθ’

2070 495 2168 535 eos
2201 478 2356 533 adire
2386 475 2715 532 Jerusalem.
2748 472 2903 540 Quod
2948 472 2993 528 si
3035 470 3303 541 objiciant
3339 468 3511 526 Judazi
3546 486 3644 542 per

381 596 554 659 οὕτως
581 591 929 662 ἐκλάὀοιμεν,
959 586 1078 657 ῶρα
1102 582 1318 653 ψευδεῖς
1351 577 1675 648 ἀπελέγχειν
1711 578 1811 641 τὰς
1839 594 1965 649 προ-

384 686 633 759 φητείας,
657 682 736 754 τῷ
768 682 905 753 μήτε
929 677 1020 731 τὸν
1046 675 1233 747 θρόνον
1257 671 1416 726 Δαυῒδ
1448 668 1795 741 σωματικῶς,
1827 671 1963 740 μήτε

385 756 484 847 τὴν
529 772 811 846 ἱερατικὴν
852 764 1227 837 λειτουργείαν
1265 761 1360 833 τὴν
1390 760 1626 829 τυπικὴν
1665 758 1833 810 εἰσέτι
1870 756 1965 811 νῦν

389 864 729 919 συνεστάναι·
764 859 873 913 τῶν
912 858 1011 930 μὲν
1050 858 1115 908 ἐκ
1152 853 1466 925 σπέρματος
1504 849 1668 904 ama
1700 848 1965 920 βασιλέων

385 955 446 1022 ἐξ
464 956 640 1010 αὐτῶν
661 953 770 1008 τῶν
810 949 1072 1021 Ἰερεμίου
1101 946 1308 1018 χρόνων
1333 943 1763 1005 διαλελοιπότων,
1792 944 1893 1012 τῆς
1912 941 1969 995 δέ

386 1048 659 1118 λευῖτικῆς
702 1045 798 1098 καὶ⁹
841 1042 1118 1113 ἱερατικῆς
1165 1036 1508 1109 λειτουργίας
1552 1035 1669 1105 μετ’
1725 1035 1786 1087 ού
1831 1034 1965 1087 πολὺ

387 1143 486 1211 τῆς
505 1136 598 1191 τοῦ
618 1139 870 1207 Σωτῆρος
893 1131 1049 1204 ήμῶν
1076 1129 1395 1201 παρουσίας·
1422 1127 1481 1191 ἐξ
1506 1122 1686 1198 ἦς’καὶ
1712 1127 1791 1189 είς
1809 1125 1969 1196 δεῦρο

384 1230 508 1284 ούδέ
536 1227 835 1281 ἐπιϐαίνειν
858 1226 1040 1287 αὐτοῖς
1077 1221 1177 1291 τῆς
1219 1218 1572 1293 Ἰερουσαλὴμ
1594 1218 1820 1284 ἔξεστιν.
1856 1217 1968 1269 Καὶ

386 1321 435 1373 εί
469 1318 728 1389 φάσκοιέν
760 1334 825 1386 γε
857 1318 905 1369 οἱ
937 1317 1002 1368 ἐκ
1035 1312 1334 1385 περιτομῆς
1360 1311 1427 1364 δι’
1460 1310 1519 1363 ὃν
1542 1325 1671 1372 φασι
1702 1308 1968 1379 πατριάρ-

385 1429 488 1483 χην
515 1412 590 1483 μὴ
614 1408 986 1464 ἐκλελοιπέναι
1004 1406 1065 1459 τὸ
1092 1405 1311 1476 σπέρμα
1333 1402 1512 1465 Δαυῖδ,
1545 1401 1659 1455 ἀλλ’
1681 1399 1966 1469 ἐλεγκτέον

2070 585 2235 642 quem
2282 569 2476 624 dicunt
2519 567 2892 640 patriarcham
2942 581 3055 620 non
3104 564 3374 621 defecisse
3420 563 3645 621 Davidis

2072 680 2256 722 semen
2277 703 2293 726 ,
2330 660 2773 732 respondendum
2804 676 2916 715 non
2944 675 3109 730 posse
3136 674 3232 714 eos
3280 660 3425 714 hunc
3453 664 3646 715 osten-

2071 758 2202 813 dere
2245 757 2301 810 in
2351 755 2577 810 Davidis
2624 754 2766 808 solio
2808 753 3125 818 sedentem,
3180 752 3235 806 in
3279 752 3479 806 throno
3522 749 3646 820 ejus

2075 857 2422 919 regnantem,
2454 854 2619 919 atque
2647 846 2815 903 Israel
2867 846 3264 902 dominantem.
3324 843 3450 901 Haec
3497 845 3643 898 enim

2071 937 2357 1007 prophetia
2385 937 2520 991 dicit
2550 952 2831 1008 nunquam
2861 951 2987 993 esse
3025 935 3309 991 defectura
3332 974 3348 998 ,
3394 950 3516 1005 qua:
3554 941 3643 988 ta-

2070 1046 2195 1084 men
2224 1045 2254 1083 a
2294 1030 2627 1100 captivitatis
2663 1037 2910 1101 tempore
2957 1028 3247 1084 manifeste
3284 1025 3603 1082 defecerunt
3625 1065 3642 1087 .

2070 1137 2139 1176 ex
2167 1138 2276 1193 quo
2299 1122 2484 1176 nullus
2511 1137 2753 1191 unquam
2782 1120 3005 1176 Davidis
3032 1137 3063 1176 e
3095 1122 3306 1177 semine
3343 1135 3441 1174 rex
3472 1118 3645 1174 Israel

2071 1219 2366 1274 invenitur.
2420 1217 2563 1285 Quid
2609 1226 2663 1273 et
2704 1214 2773 1273 de
2817 1217 3127 1273 sacerdotio
3166 1217 3449 1278 dicerent,
3496 1228 3646 1270 nunc

2070 1308 2292 1378 penitus
2330 1306 2547 1373 deleto,
2595 1305 2745 1377 quod
2787 1314 2969 1362 tamen
3012 1321 3292 1377 nunquam
3338 1307 3646 1376 periturum

2070 1400 2359 1471 prophetia
2389 1400 2722 1471 praenuntiat
2742 1399 2767 1453 ?

383 1521 444 1556 τε
476 1501 581 1575 (γε)
615 1503 809 1565 αὐτοὺς
849 1500 925 1573 μὴ
955 1497 1286 1569 δυναμένους
1326 1494 1605 1559 ἀποδεῖξαι
1648 1490 1956 1562 καθήμενον
1994 1490 2155 1545 αὐτὸν
2180 1491 2273 1544 ἐπὶ
2294 1491 2486 1562 θρόνου
2516 1491 2704 1556 Δαυῖδ,
2734 1492 2828 1545 καὶ
2856 1490 3206 1561 βασιλεύοντα
3224 1490 3320 1544 ἐπὶ
3373 1487 3469 1543 τοῦ
3528 1488 3648 1560 θρό-

385 1615 475 1651 νου
510 1595 693 1660 αύτοῦ,
737 1594 832 1648 καὶ
874 1592 1108 1664 ἄρχοντα
1152 1589 1244 1643 τοῦ
1297 1587 1533 1659 Ἰσραήλ·
1573 1584 1745 1639 ταῦτα
1786 1584 1896 1654 γὰρ
1922 1586 1956 1654 ἡ
1994 1582 2299 1654 προφητεία
2327 1584 2462 1655 φησι
2493 1581 2852 1655 μηδεπώποτε
2880 1582 3191 1652 διαλείψειν,
3248 1582 3400 1637 ἃκαὶ
3458 1582 3647 1653 σαφῶς

388 1691 716 1762 παρίσταται
748 1686 856 1742 ἀπὸ
880 1687 988 1740 τῶν
1015 1686 1117 1758 τῆς
1174 1681 1553 1755 αἰχμαλωσίας
1584 1679 1792 1752 χρόνων
1822 1676 2217 1741 διαλελοιπὸτα,
2272 1676 2330 1745 ἐξ
2362 1672 2424 1732 οὗ
2472 1677 2608 1750 μηδέ
2640 1671 2721 1740 εἷς
2792 1675 3117 1747 βασιλεύσας
3178 1674 3272 1728 τοῦ
3313 1675 3527 1747 Ἰσραὴλ
3581 1675 3648 1727 ἐκ

385 1785 480 1839 τοῦ
514 1786 825 1857 σπέρματος
861 1781 1023 1836 Δαυῒδ
1054 1779 1454 1835 ἀποδείκνυται·
1484 1774 1538 1828 τί
1573 1774 1617 1828 δ’
1646 1773 1713 1828 ἂν
1740 1773 1969 1844 φήσαιεν
2008 1770 2103 1826 καὶ
2130 1770 2258 1843 περὶ
2294 1771 2392 1842 τῆς
2423 1770 2666 1843 ἐναργῶς
2705 1768 2849 1824 κατὰ
2880 1769 2971 1822 τὸν
3002 1768 3247 1840 παρόντα
3274 1768 3464 1839 καιρὸν
3510 1766 3649 1821 καθοι

385 1876 665 1951 ῃρημένης
706 1872 995 1947 ίερατείας,
1045 1874 1112 1943 ἣν
1142 1869 1501 1943 μηδεπώποτε
1541 1864 2088 1937 ἐξολοθρευθήσεσθαι
2115 1866 2149 1935 ή
2175 1865 2479 1938 προφητεία
2507 1861 2903 1936 προαγορεύει;

887 1986 1286 2042 ΚΕΦΑΛΑΙΟΝ
1332 1984 1456 2040 AZ'.

997 2102 1108 2156 Τοῦ
1149 2102 1361 2155 αὑτοῦ.

460 2236 483 2270 ι
522 2217 655 2272 Ἰδοὺ
684 2215 890 2288 ἡμέραι
926 2214 1200 2287 ἔρχονται,
1236 2214 1370 2286 φησὶ
1398 2213 1625 2287 Κύριος,
1658 2213 1753 2268 καὶ
1782 2212 1969 2284 διαθή-

386 2328 552 2382 σομαι
586 2309 662 2381 τῷ
685 2310 821 2380 οἴκῳ
862 2308 1078 2380 Ἰσραὴλ
1111 2309 1207 2360 καὶ
1231 2306 1310 2379 τῷ
1334 2307 1468 2377 οῐκῳ
1513 2306 1682 2359 Ἰούδα
1708 2304 1969 2377 διαθήκην

383 2406 598 2476 καινήν·
637 2403 699 2456 οὐ
735 2400 878 2455 κατὰ
904 2401 1003 2471 τὴν
1036 2399 1301 2471 διαθήκην
1337 2399 1403 2468 ἣν
1432 2397 1688 2469 διεθέμην
1720 2398 1831 2461 τοῖς
1865 2413 1970 2449 πα-

382 2496 578 2567 τράσιν
608 2492 788 2548 αὐτῶν
814 2495 873 2547 ἐν
912 2491 1095 2563 ἡμέρᾳ
1118 2489 1509 2561 ἐπιλαϐομένου
1539 2505 1641 2559 μου
1669 2487 1771 2557 τῆς
1788 2486 1969 2557 χειρὸς

385 2588 566 2641 αὐτῶν
600 2587 893 2655 ἐξαγαγεῖν
927 2585 1124 2646 αὐτοὺς
1157 2583 1222 2635 ἐκ
1248 2585 1351 2654 γῆς
1374 2581 1670 2649 Αἰγύπτου·
1706 2580 1785 2633 ὅτι
1814 2579 1969 2631 αὐτοὶ

381 2681 483 2734 οὐκ
509 2680 791 2751 ἐνέμειναν
832 2681 888 2732 ἐν
921 2681 987 2749 τῇ
1024 2674 1258 2747 διαθήκῃ
1297 2692 1420 2746 μου,
1454 2674 1549 2728 καὶ
1584 2672 1692 2741 ἐγὼ
1717 2670 1967 2742 ἠμέλησα

381 2771 580 2836 αὐτῶν,
612 2772 746 2842 φησὶ
765 2769 990 2841 Κύριος,
1021 2772 1102 2824 ὃτι
1135 2768 1271 2839 αὔτη
1297 2769 1330 2839 ἡ
1352 2766 1605 2838 διαθήκη,
1631 2764 1698 2836 ἢν
1721 2763 1968 2834 διαθήσο-
2019 2830 2028 2840 ι

385 2879 484 2933 μαι
515 2860 592 2932 τῷ
615 2859 749 2931 οἴκῳ
783 2859 1019 2932 Ἰσραήλ·
1048 2858 1185 2929 μετὰ
1207 2858 1302 2920 τὰς
1330 2854 1542 2927 ἡμέρας
1572 2852 1806 2915 ἐκείνας,
1833 2850 1967 2920 φησὶ

379 2953 607 3028 Κύριος,
642 2954 817 3017 διδοὺς
857 2953 1055 3023 νόμους
1100 2968 1198 3021 μου
1237 2951 1318 3012 είς
1350 2949 1450 3020 τὴν
1490 2947 1728 3001 διάνοιαν
1764 2944 1965 3007 αὐτῶν,

378 3047 474 3100 καὶ
521 3046 614 3099 ἐπὶ
658 3045 886 3117 καρδίας
926 3043 1109 3098 αὐτῶν
1140 3042 1342 3112 γράψω
1374 3039 1592 3103 αὐτοὺς,
1636 3039 1731 3093 καὶ
1774 3037 1977 3108 ἔσομαι-

379 3139 563 3202 αὐτοῖς
599 3139 678 3201 είς
708 3137 860 3197 Θεὸν.
895 3137 990 3190 καὶ
1027 3136 1187 3188 αὐτοὶ
1225 3133 1435 3187 ἔσονταί
1474 3149 1563 3203 μοι
1593 3132 1673 3194 εἰς
1702 3129 1847 3184 λαόν·
1875 3131 1967 3184 καὶ

377 3229 438 3282 οὒ
468 3228 541 3299 μὴ
565 3226 846 3291 διδάξωσιν
868 3226 1100 3290 ἕκαστος
1124 3225 1216 3278 τὸν
1248 3224 1475 3295 πλησίον
1500 3222 1688 3285 αὐτοῦ,
1717 3222 1813 3276 καὶ
1833 3221 1965 3275 ’ἐκα-

2584 1976 2814 2033 CAPUT
2857 1975 3119 2031 XXXVII.

2711 2091 2794 2147 Ea:
2827 2094 3026 2148 eodem.

2147 2232 2170 2268 ι
2213 2213 2357 2271 Ecce
2394 2212 2513 2270 dies
2558 2212 2823 2278 venient,
2854 2211 2987 2267 dicit
3025 2210 3329 2266 Dominus:
3364 2220 3418 2265 et
3453 2208 3646 2266 feriam

2069 2306 2256 2363 domui
2306 2306 2473 2363 Israel
2517 2313 2574 2361 et
2601 2304 2787 2360 domui
2836 2303 2974 2359 Juda
3025 2302 3204 2359 foedus
3252 2317 3454 2357 novum
3488 2320 3503 2370 ;
3535 2319 3647 2358 non

2070 2396 2370 2454 secundum
2404 2404 2647 2467 pactum,
2696 2394 2845 2466 quod
2895 2395 3076 2466 pepigi
3109 2409 3235 2449 eum
3276 2393 3528 2465 patribus
3555 2408 3651 2449 eo-

2068 2506 2213 2557 rum,
2270 2491 2323 2544 in
2371 2489 2461 2545 die
2505 2504 2613 2560 qua
2664 2486 2995 2558 apprehendi
3047 2500 3268 2541 manum
3317 2500 3530 2550 eorum,
3589 2491 3651 2539 ut

2067 2581 2355 2637 educerem
2381 2594 2479 2636 eos
2531 2579 2599 2634 de
2647 2585 2797 2632 terra
2847 2575 3064 2647 [Egypti
3093 2592 3110 2641 ;
3140 2580 3359 2645 pactum
3391 2573 3537 2645 quod
3570 2573 3649 2628 ir-

2066 2672 2232 2728 ritum
2267 2673 2536 2735 fecerunt,
2566 2678 2619 2728 et
2644 2687 2743 2743 ego
2771 2670 3088 2726 dominatus
3117 2685 3238 2725 sum
3272 2683 3484 2731 eorum,
3514 2666 3650 2723 dicit

2068 2763 2351 2820 Dominus.
2391 2764 2495 2820 Sed
2531 2763 2637 2818 hoc
2682 2762 2807 2818 erit‘
2832 2772 3072 2832 pactum,
3102 2759 3249 2830 quod
3289 2758 3478 2814 feriam
3521 2773 3646 2813 cum

2066 2856 2230 2913 domo
2267 2855 2435 2912 Israel
2464 2874 2478 2910 :
2515 2853 2648 2910 Post
2674 2854 2792 2909 dies
2834 2853 2979 2917 illos,
3017 2852 3151 2907 dicit
3182 2851 3468 2916 Dominus,
3504 2849 3649 2905 dabo

2068 2949 2237 3020 legem
2285 2962 2463 3004 meam
2500 2947 2556 3002 in
2601 2946 2911 3002 visceribus
2941 2958 3152 3007 eorum,
3182 2951 3237 2998 et
3270 2942 3328 2997 in
3361 2940 3525 2997 corde
3554 2956 3652 2996 eoo

2066 3057 2188 3097 rum
2221 3040 2457 3096 scribam
2472 3054 2625 3094 eam:
2654 3044 2709 3093 et
2740 3052 2836 3093 ero
2861 3036 2943 3092 eis
2971 3036 3026 3089 in
3049 3034 3240 3099 Deum,
3268 3042 3325 3089 et
3352 3033 3454 3104 ipsi
3488 3038 3651 3088 erunt

2067 3134 2201 3189 mihi
2236 3135 2289 3189 in
2326 3132 2606 3204 populum.
2638 3129 2705 3184 Et
2737 3143 2846 3185 non
2891 3128 3110 3184 docebit
3162 3128 3303 3181 ultra
3350 3126 3435 3181 vir
3463 3128 3652 3197 proxi-

2068 3242 2215 3283 mum
2243 3242 2424 3291 suum,
2456 3232 2512 3281 et
2546 3224 2632 3279 vir
2666 3222 2889 3279 fratrem
2938 3236 3121 3286 suum,
3166 3220 3355 3275 dicens
3384 3242 3396 3274 :
3430 3219 3651 3290 Cogno-

380 3336 505 3383 στος
540 3319 631 3372 τὸν
666 3319 896 3388 ἀδελφὺν
932 3315 1097 3371 αὐτοῦ
1145 3316 1340 3386 λέγων,
1389 3314 1565 3368 Γνῶθι
1606 3314 1696 3369 τὸν
1737 3314 1960 3385 Κύριον·

2069 3335 2162 3376 see
2206 3317 2496 3373 Dominum
2526 3335 2538 3371 :
2568 3330 2761 3371 omnes
2787 3315 2932 3371 enim
2966 3323 3300 3386 cognoscent
3325 3328 3430 3379 me,
3475 3328 3505 3366 a
3547 3312 3652 3367 mi-

375 3411 460 3464 ὅτι
489 3412 689 3475 πάντες
723 3409 998 3480 εἰδήσουσί
1031 3425 1096 3480 με
1138 3409 1246 3462 ἀπὸ
1288 3406 1485 3480 μικροῦ
1529 3406 1708 3460 αὐτῶν
1740 3405 1843 3468 ἕως
1870 3423 1966 3476 με-

377 3501 544 3570 γάλου
594 3499 793 3562 αὐτῶν,
842 3498 976 3568 φησὶ
1023 3497 1248 3568 Κύριος·
1297 3498 1379 3549 ὅτι
1425 3495 1566 3560 ἵλεος
1604 3496 1800 3566 ἔσομαι
1843 3496 1965 3558 ταῖς

378 3593 616 3657 ἀδικίαις
657 3591 868 3654 αὐτῶν,
912 3590 1008 3644 καὶ
1052 3589 1161 3642 τῶν
1214 3587 1499 3659 ἁμαρτιῶν
1548 3586 1728 3640 αὐτῶν
1777 3586 1839 3639 ού
1888 3584 1962 3656 μὴ

381 3684 607 3757 μνησθῶ
628 3684 730 3737 ἔτι.
767 3703 785 3735 ι
818 3682 1015 3752 Σαφῶς
1051 3682 1109 3734 ἐν
1133 3682 1255 3744 ταῖς
1282 3679 1564 3740 ἐπιούσαις
1593 3676 1831 3749 ἡμέραις
1851 3694 1968 3730 και·

379 3775 475 3848 νὴν
498 3776 760 3848 διαθήκην
783 3778 810 3828 ό
832 3774 1034 3847 Κύριος
1059 3770 1410 3844 διαθήσεσθαι
1442 3766 1815 3839 προθεσπίζει·
1842 3785 1965 3821 και-

380 3869 477 3941 νὴν
527 3870 585 3923 δέ
631 3870 710 3940 τῷ
747 3869 917 3941 μηδὲν
971 3868 1116 3940 ἔχειν
1164 3868 1350 3938 ὅμοιον
1392 3868 1458 3938 τῇ
1506 3864 1733 3937 παλαιᾷ,
1780 3864 1846 3936 ἣν
1877 3864 1965 3919 διὰ

379 3960 656 4024 Μωῦσέως
710 3961 770 4012 ἐν
813 3963 880 4031 τῇ
914 3961 1105 4030 ἐρήμῳ
1140 3958 1384 4012 δοθεῖσαν
1434 3955 1960 4029 προμεμαθήκαμεν.

377 4048 445 4102 Τί
472 4047 515 4100 δ’
544 4049 609 4101 ἂν
642 4049 779 4119 πρὸς
812 4048 986 4102 ταῦτα
1016 4050 1170 4117 φαῖεν
1197 4049 1244 4100 οἱ
1274 4049 1337 4099 ἐκ
1366 4048 1689 4117 περιτομῆς,
1718 4044 1964 4116 ἐναργῶς

378 4139 708 4193 ἀποϐλέπειν
731 4138 1133 4212 ἐπιχειροῦντες
1156 4142 1276 4202 ταῖς
1305 4137 1685 4209 προφητείαις,
1714 4137 1807 4190 καὶ
1836 4137 1966 4209 μᾶλ-

377 4228 469 4284 λον
501 4230 814 4301 αἱρούμενοι
851 4229 1061 4294 ἀτελεῖς
1102 4230 1272 4294 αὐτὰς
1304 4228 1669 4283 ἐπιδεικνύναι
1706 4229 1740 4300 ἢ
1777 4228 1961 4282 πείθε-

382 4321 603 4392 σθαιτῇ
650 4321 896 4394 ἀληθείᾳ,
932 4321 1021 4375 διὰ
1062 4322 1155 4375 τοῦ
1201 4320 1601 4392 παραδέχεσθαι
1630 4320 1728 4393 τὴν
1770 4320 1962 4392 καινὴν

379 4410 486 4464 τῶν
530 4411 879 4480 Εὑαγγελιῶν
924 4412 1020 4466 τοῦ
1073 4412 1324 4484 Σωτῆρος
1368 4411 1524 4483 ἡμῶν
1566 4411 1853 4483 διαθήκην,
1893 4407 1962 4484 ἧς

380 4503 832 4573 παραγενομένης
864 4502 1240 4556 πεπαλαίωται
1269 4505 1302 4574 ή
1339 4502 1552 4574 πρώτη,
1589 4503 1761 4575 πέρας
1792 4505 1962 4575 ἴσχειν

377 4591 662 4663 ἀρξαμένη
685 4593 745 4657 ἐξ
764 4595 887 4646 ὅτου
912 4595 1358 4666 παραγενόμενος
1377 4596 1406 4648 ό
1423 4595 1655 4667 Χριστὸς
1676 4595 1961 4667 ἐπλήρωσε

2069 3413 2238 3467 nimo.
2266 3427 2457 3468 eorum
2511 3425 2686 3480 usque
2735 3409 2804 3464 ad
2850 3410 3172 3475 maximum,
3223 3409 3301 3463 ait
3348 3408 3648 3469 Dominus.

2070 3503 2199 3573 quia
2229 3502 2568 3571 propitlabor
2598 3499 2874 3570 iniquitati
2904 3506 3188 3561 eorum.et
3217 3498 3430 3569 peccati
3456 3514 3646 3554 eorum

2069 3610 2179 3650 non
2209 3594 2554 3649 memorabor
2580 3591 2817 3663 amplius
2842 3590 2904 3642 '°.
2942 3608 2961 3642 ι
2998 3588 3287 3646 Manifeste
3315 3589 3370 3643 in
3409 3604 3648 3659 sequen-

2069 3686 2218 3742 tibus
2261 3685 2456 3742 diebus
2509 3699 2712 3740 novum
2768 3689 3155 3738 testamentum
3205 3678 3470 3735 Dominus
3518 3694 3548 3733 a
3588 3694 3649 3735 se

2071 3776 2372 3832 feriendum
2417 3775 2774 3847 pronuntiat;
2820 3789 3045 3836 novum,
3088 3771 3290 3843 quippe
3333 3770 3477 3841 quod
3509 3771 3649 3826 nihil
3698 3824 3703 3829 .

2067 3869 2236 3925 veteri
2255 3869 2433 3925 simile
2449 3868 2792 3939 haberet,per
2806 3865 3026 3940 Moysen
3048 3867 3106 3921 in
3125 3864 3344 3920 deserto
3362 3863 3649 3934 pervulga—

2070 3971 2205 4020 tum.
2237 3961 2376 4030 Quid
2419 3963 2486 4019 ad
2541 3963 2658 4018 hau:
2710 3961 3106 4033 responderent
3145 3958 3340 4027 Judaei,
3371 3958 3563 4013 oculos
3616 3972 3648 4011 a

2069 4055 2371 4126 prophetiis
2434 4061 2680 4110 avertere
2726 4062 2987 4109 conantes
3017 4090 3034 4117 ,
3087 4064 3288 4121 easque
3347 4048 3648 4118 inexpletas

2068 4161 2234 4216 quam
2264 4161 2422 4201 veras
2453 4144 2683 4199 inveniri
2721 4143 3011 4207 malentes,
3048 4148 3272 4211 accepto
3321 4138 3645 4211 Evangelio-

2068 4254 2191 4293 rum
2245 4235 2547 4293 Salvatoris
2585 4235 2762 4291 nostri
2818 4239 3173 4297 testamento,
3223 4245 3334 4302 quo
3381 4243 3648 4301 superve-

2068 4332 2252 4387 niente
2296 4331 2449 4403 prius
2491 4331 2851 4386 inveteratum
2885 4337 3010 4394 est;
3046 4325 3189 4400 quod
3225 4324 3443 4396 quidem
3493 4324 3647 4381 desi~

2069 4441 2199 4480 nere
2249 4424 2415 4495 empit
2462 4439 2525 4479 ex
2570 4438 2681 4493 quo
2730 4420 3123 4492 superveniens
3167 4417 3421 4474 Christus
3469 4417 3645 4489 legem

2068 4521 2233 4584 atque
2286 4513 2354 4568 de
2407 4527 2466 4567 se
2514 4512 2635 4583 ipso
2684 4509 3000 4582 prophetias
3049 4509 3313 4580 implevit.
3368 4506 3645 4564 Venturos

2069 4606 2233 4675 igitur
2259 4604 2393 4660 dicit
2421 4604 2559 4671 dies,
2608 4603 2809 4674 quibus
2856 4602 3014 4658 feriet
3056 4600 3321 4658 Dominus
3349 4608 3646 4657 testamen-

378 4683 468 4736 τὸν
498 4684 669 4754 θόμον,
692 4685 787 4738 καὶ
810 4685 909 4747 τὰς
927 4685 1054 4757 περὶ
1078 4685 1243 4740 αὐτοῦ
1269 4686 1623 4758 προφητείας.
1651 4686 1837 4762 tiliam
1863 4688 1962 4759 μὲν

2067 4706 2181 4753 tum
2213 4695 2589 4767 novum,quod
2620 4696 2674 4751 in
2705 4695 3036 4766 evangelicis
3057 4695 3323 4765 scriptum
3355 4701 3440 4749 est
3465 4694 3641 4749 libris.

378 4770 471 4827 οὖν
509 4774 721 4847 ἡμέρας
766 4776 823 4828 ἐν
862 4772 948 4840 αἶς
990 4777 1342 4849 διαθήσεσθαί
1371 4797 1535 4850 φησιν
1568 4781 1596 4832 ὀ
1626 4779 1831 4851 Κύριος
1862 4779 1961 4851 τὴν

380 4865 571 4936 καινὴν
615 4865 911 4939 διαθήκην·
946 4867 1091 4920 τοῦτ’
1134 4867 1247 4922 ἐστι
1287 4868 1386 4941 τὴν
1442 4871 1717 4944 ἔγγραφον
1758 4873 1816 4926 ἐν
1851 4877 1962 4938 τοῖς

378 4952 573 5028 (ἐντὸς)
601 4957 709 5010 τῶν
744 4958 1119 5026 εὐαγγελικῶν
1148 4958 1390 5030 βιϐλίων.
1432 4961 1592 5034 Ἑξῆς
1629 4962 1674 5015 δ’
1710 4964 1961 5037 ἐπιφέρει

377 5046 551 5116 λέγων
576 5050 604 5101 ό
637 5050 799 5114 αὐτὸς
826 5050 1053 5123 Κύριος,
1085 5051 1161 5116 ὡς
1196 5051 1336 5122 μετὰ
1358 5053 1457 5118 τὰς
1482 5056 1697 5126 ἡμέρας
1721 5057 1956 5123 ἐκείνας,

377 5138 437 5193 ἐν
475 5141 667 5205 αὐταῖς
700 5141 762 5210 (f.
798 5142 887 5212 '57)
922 5145 1042 5207 ταῖς
1075 5143 1336 5209 διανοίαις
1367 5144 1474 5198 τῶν
1507 5146 1959 5218 παραδεξομένων

376 5225 476 5299 τὴν
515 5230 707 5300 καινὴν
738 5229 1005 5303 διαθήκην
1046 5232 1338 5304 ἐγγράφων
1382 5235 1509 5299 τοὺς
1550 5236 1711 5300 ίδίους
1738 5237 1955 5309 νόμους,

376 5317 518 5373 ὥστε
542 5320 739 5384 αὐτοὺς
766 5317 905 5375 εἶναι
929 5326 1008 5387 είς
1035 5322 1163 5377 λαὸν
1192 5323 1269 5396 τῷ
1299 5324 1440 5397 Θεῷ,
1470 5327 1561 5380 καὶ
1586 5326 1747 5380 αὑτὸν
1775 5329 1958 5392 αὐτοῖς

376 5410 459 5474 είς
493 5410 645 5474 Θεὸν,
695 5413 946 5485 οὐδαμῶς
989 5415 1080 5467 ὑπ’
1108 5415 1454 5489 ἀνθρωπίνης
1482 5417 1829 5483 διδασκαλίας
1864 5418 1956 5472 ἐπὶ

373 5501 438 5557 τὸ
460 5502 746 5572 γινώσκειν
766 5504 857 5558 τὸν
881 5506 1085 5577 Κύριον
1111 5509 1599 5580 παραγινομένους,
1625 5512 1954 5584 αὐτομαθεῖς

375 5591 424 5645 δ’
449 5594 658 5668 ῶσπερ,
704 5598 902 5667 μᾶλλον
941 5599 1000 5654 δέ
1041 5600 1414 5667 θεοδιδάκτους
1455 5603 1775 5675 ἐσομένους,
1809 5606 1837 5660 ὃ
1867 5609 1960 5661 καὶ⁵

375 5685 510 5741 αὐτὸ
556 5689 859 5762 καταμάθοι
900 5691 967 5745 ἄν
1020 5711 1106 5759 τις
1150 5694 1294 5749 κατὰ
1339 5696 1432 5751 τὸν
1483 5697 1724 5770 παρόντα
1767 5699 1960 5771 καιρὸν

450 5843 497 5877 ¹⁰
540 5843 654 5902 Jer.
686 5863 837 5913 xxxi,
872 5849 1057 5905 5l-3I.

2060 4791 2199 4847 Dein
2232 4791 2459 4860 subjicit
2504 4788 2695 4845 dicens
2726 4789 2843 4861 ipse
2876 4787 3162 4850 Dominus,
3194 4786 3338 4852 quod
3375 4792 3498 4856 post
3526 4784 3645 4840 dies

2058 4884 2185 4939 illos
2235 4883 2294 4937 in
2340 4882 2653 4939 visceribus
2686 4897 2875 4939 eorum
2929 4881 3019 4953 qui
3075 4893 3275 4934 novum
3328 4877 3645 4947 acceperint

2059 4982 2468 5042 testamentum,
2500 4977 2647 5046 leges
2669 4990 2798 5032 suas
2843 4974 3067 5037 scribet,
3101 4980 3162 5027 ut
3188 4972 3299 5027 sint
3319 4970 3396 5024 illi
3440 4969 3551 5026 Deo
3586 4970 3642 5025 in

2059 5069 2343 5141 populum,
2374 5069 2599 5140 ipseque
2639 5068 2748 5125 illis
2790 5068 2842 5123 in
2901 5066 3093 5126 Deum.
3146 5064 3370 5118 minime
3401 5062 3641 5117 humana

2061 5161 2310 5217 doctrina
2337 5160 2406 5216 ad
2431 5158 2647 5216 Domini
2669 5158 2950 5216 scientiam
2981 5156 3222 5220 adducti,
3254 5155 3350 5211 sed
3375 5155 3443 5209 ab
3473 5155 3641 5228 ipsis-

2062 5252 2314 5322 metipsis
2340 5252 2424 5308 vel
2466 5252 2650 5323 potius
2680 5267 2708 5303 a
2738 5249 2852 5305 Deo
2889 5249 3089 5309 edocti.
3131 5264 3253 5318 quae
3290 5247 3506 5317 quidem
3540 5263 3641 5301 nn-

2065 5353 2180 5398 Stro
2212 5350 2461 5414 tempore
2489 5342 2711 5413 impleta
2739 5340 2919 5412 quivis
2952 5340 3109 5395 facile
3143 5339 3425 5410 percipiet.
3468 5336 3641 5408 Quip-

2062 5443 2130 5498 pe
2161 5429 2347 5486 videre
2377 5437 2463 5486 est
2494 5430 2768 5500 quomodo
2802 5429 2859 5483 in
2893 5429 3103 5484 viscera
3152 5437 3206 5484 et
3238 5428 3405 5483 corda
3446 5442 3640 5483 eorum

2060 5525 2158 5594 qui
2189 5539 2286 5595 per
2311 5522 2588 5580 Christum
2624 5524 2677 5577 in
2726 5522 2893 5577 Deum
2933 5521 3185 5587 credunt,
3236 5535 3438 5575 novum
3468 5527 3641 5574 testa-

2067 5622 2309 5668 mentum
2337 5612 2658 5683 Dominiq-ue
2692 5612 2846 5683 leges
2871 5611 3073 5680 scripta
3117 5611 3247 5673 sint,
3286 5608 3637 5680 perspicienti

2068 5703 2211 5759 inter
2236 5718 2357 5759 nos
2392 5702 2797 5758 multitudinem
2829 5703 3163 5772 privatorum
3203 5701 3485 5756 hominum
3536 5701 3639 5757 hac
