4100 6462
438 344 579 402 “37
1147 342 1419 402 EUSEBII
1456 340 1935 398 CESARIENSIS
1970 339 2121 397 OPP.
2164 340 2345 396 PARS
2382 339 2474 396 ill.
2504 371 2573 381 —
2613 335 3023 393 EXEGETlCA.
3559 331 3696 388 H68

436 458 652 529 egregia
683 463 738 511 et
766 455 1012 527 sapiente
1041 455 1394 526 praeditorum
1426 455 1650 519 virtute,
1681 469 1845 524 quam
1873 469 1995 524 aegri

2118 452 2508 526 πληρούμενον·
2560 455 2659 508 ίδοι
2704 454 2748 508 δ’
2787 453 2855 506 ἄν
2894 468 2977 515 τις
3005 451 3154 512 ὅπως
3186 447 3276 502 ἐπὶ
3315 447 3415 513 τὰς
3456 445 3694 510 διανοίας

438 548 494 601 in
536 547 840 602 litterarum
884 547 1235 617 peritissimis
1264 557 1428 617 atque
1461 547 1858 616 scripturarum
1895 552 1995 601 stu-

2119 547 2215 600 καὶ
2238 544 2338 609 τὰς
2366 545 2593 616 καρδίας
2614 544 2722 600 τῶν
2751 544 2840 598 διά
2865 539 3104 613 Χριστοῦ
3134 541 3215 603 είς
3241 538 3334 592 τὸν
3367 537 3500 591 Θεὸν
3529 554 3694 589 πεπιο

435 642 530 696 dio
559 640 1000 696 incumbentibus
1030 640 1323 695 inveneris.

2114 639 2414 692 στευκότων
2450 642 2483 708 ὴ
2520 639 2678 710 καινὴ
2708 638 2939 709 διαθήκη
2971 637 3062 691 καὶ
3088 636 3138 689 oi
3176 635 3270 688 τοῦ
3314 634 3518 707 Κυρίου
3543 633 3697 704 νόμοι

435 736 807 808 γεγραμμένοι
840 737 997 800 είσὶν,
1034 737 1082 788 εί
1111 734 1414 806 καταμάθοι
1480 735 1538 787 ἐν
1567 736 1698 806 ἡμῖν
1737 732 1939 805 πλῆθος
1991 731 2201 804 ἀνδρῶν
2248 733 2525 797 παντελῶς
2586 732 2809 787 ἰδιωτῶν
2866 730 3122 802 τοιαύτην
3178 726 3698 797 ἐνεπιδεικνυμένων

433 831 689 902 ἐνάρετον
731 832 827 886 καὶ
867 831 1232 902 ἐμφιλόσοφον
1265 831 1560 896 πολιτείαν,
1609 832 1676 903 ἣν
1744 831 1805 885 οὑ
1878 828 2088 900 ταχέως
2125 830 2272 884 ἐστὶν
2308 833 2487 902 εὑρεῖν
2533 830 2684 902 παρά
2725 832 2839 894 τοῖς
2874 828 3185 899 φιλολογίαν
3227 825 3548 897 ἠσκηκόσιν,
3601 822 3698 877 καὶ

437 924 899 999 μέγα³φρονοῦσιν
931 926 1023 979 ἐπὶ
1050 927 1114 996 τῇ
1145 926 1254 978 τῶν
1283 924 1509 995 γραφῶν
1549 925 1780 998 μελέτῃ..

941 1039 1172 1096 CAPUT
1215 1039 1506 1094 XXXVIII.

831 1115 837 1119 Π
1067 1154 1111 1208 Ε
1138 1153 1210 1208 Th
1220 1156 1377 1208 renis.

515 1288 538 1322 ι
571 1268 811 1341 Spiritus
854 1271 971 1325 oris
1014 1272 1188 1325 nostri
1218 1271 1474 1326 Christus
1525 1267 1788 1323 Dominus
1816 1274 2010 1338 captus

431 1369 515 1418 est
545 1364 598 1416 in
629 1363 873 1433 peccatis
909 1378 1122 1427 eorum,
1163 1364 1250 1418 cui
1287 1363 1527 1417 diximus
1561 1381 1573 1416 :
1617 1360 1674 1414 in
1700 1362 1889 1414 umbra
1917 1368 2010 1413 tua

430 1454 679 1511 vivemus
728 1455 783 1510 in
836 1456 1179 1525 gentibus”.
1219 1475 1236 1508 ι
1286 1455 1382 1509 Hic
1430 1453 1708 1509 Christum
1751 1466 2010 1522 expresse

429 1548 724 1605 nominans
760 1546 979 1613 divinus
1012 1545 1267 1618 Spiritus,
1317 1546 1628 1602 Iudaeorum
1668 1544 2007 1614 persecutio-

428 1656 528 1698 nes
555 1642 938 1711 praenuntiavit
967 1642 1071 1698 hoc
1102 1643 1285 1703 verbo,
1313 1662 1331 1692 ι
1353 1651 1546 1710 captus
1576 1648 1660 1693 est
1688 1639 1742 1692 in
1770 1636 2007 1708 peccatis

430 1747 692 1788 eorum.»
747 1731 918 1802 Cujus
976 1734 1078 1789 sub
1129 1734 1464 1791 munimento
1519 1736 1816 1803 umbraque
1860 1731 2010 1801 ipsos

429 1824 673 1878 victuros
717 1840 841 1880 esse
892 1825 1086 1896 spiritu
1128 1827 1495 1893 prmvidebaut
1540 1827 1853 1898 prophetae,
1928 1824 2010 1876 vi-

2620 1038 3018 1095 ΚΕΦΑΛᾹῙΟΝ
3058 1036 3189 1091 ΑΠ’.

2612 1154 2746 1208 Ἀπὸ
2782 1152 2903 1207 τῶν
2941 1153 3206 1222 Θρήνωγ.

2191 1283 2211 1317 ι
2258 1265 2483 1337 Πνεῦμα
2526 1266 2816 1339 προσώπου
2856 1265 3010 1337 ἡμῶν
3050 1264 3285 1337 Χριστὸς
3332 1262 3537 1335 Κύριος
3573 1276 3696 1316 συν-

2114 1355 2319 1429 ελήφθη
2351 1359 2409 1411 ἐν
2436 1360 2554 1422 ταῖς
2580 1357 2894 1431 διαφθοραῖς
2920 1356 3119 1422 αὑτῶν,
3152 1348 3213 1409 οὗ
3240 1355 3484 1425 εἴπομεν,
3514 1353 3603 1407 Ἐν
3626 1355 3692 1425 τῇ

2116 1448 2246 1518 σκιᾷ
2272 1447 2436 1501 αὑτοῦ
2472 1446 2749 1519 ζησόμεθα
2778 1451 2835 1502 ἐν
2864 1450 2975 1511 τοῖς
3010 1447 3233 1500 ἔθνεσιν.
3270 1464 3288 1497 ι
3319 1446 3430 1498 Καὶ
3461 1442 3695 1498 ἐνταῦθα

2113 1537 2206 1592 τὸν
2244 1538 2477 1612 Χριστὸν
2517 1540 2813 1613 διαρρήδην
2859 1538 3132 1609 ὀνομάσαν
3167 1537 3230 1591 τὸ
3272 1536 3412 1590 θεῖον
3448 1535 3691 1606 Πνεῦμα,

2112 1626 2213 1698 τὴν
2243 1627 2346 1681 ὑπὸ
2388 1629 2652 1683 Ἰουδαίων
2686 1628 2976 1700 ἐπιϐουλὴν
3024 1628 3423 1699 προυθέσπισεν
3458 1625 3546 1684 διὰ
3573 1624 3690 1687 τοῦ,

2120 1737 2138 1769 ι
2179 1719 2484 1793 συνελήφθη
2526 1722 2584 1774 ἐν
2615 1723 2735 1785 ταῖς
2775 1720 3092 1793 διαφθοραῖς
3131 1720 3329 1775 αὑτῶνο
3362 1739 3381 1772 ι
3418 1718 3607 1773 τούτου
3635 1718 3693 1773 δὲ

2114 1811 2219 1866 ὑπὸ
2256 1811 2354 1884 τὴν
2392 1811 2600 1885 σκέπην
2629 1815 2723 1867 καὶ
2755 1814 2853 1886 τὴν
2899 1814 3058 1867 σκιάν
3098 1812 3427 1885 ζησομένους
3467 1810 3691 1877 ἑαυτοὺς

428 1924 727 1986 cturosque
764 1917 818 1971 in
860 1917 1117 1987 gentibus
1150 1933 1270 1987 quae
1307 1918 1360 1972 in
1391 1919 1674 1974 Christum
1718 1916 1995 1971 creditura

2112 1903 2189 1974 τῷ
2212 1904 2481 1975 πνεύματι
2512 1906 2805 1979 προεώρων
2830 1910 2881 1961 οἱ
2913 1909 3209 1981 προφῆται,
3235 1907 3330 1960 καὶ
3362 1907 3692 1978 ζησομένους

429 2013 594 2077 atque
626 2023 723 2077 per
759 2024 882 2063 eum
931 2010 1317 2081 prophetarum
1357 2008 1671 2080 Scripturas
1702 2017 2007 2079 accepturae

427 2104 632 2153 εεεεηι.

956 2297 1184 2354 CAPUT
1223 2299 1463 2354 XXXIX.

1042 2412 1091 2467 E
1120 2414 1352 2470 Baruclz.

502 2542 524 2580 ι
558 2523 692 2592 Quis
740 2528 988 2584 ascendit
1032 2530 1085 2583 iu
1138 2530 1361 2593 coelum,
1411 2538 1464 2584 et
1513 2529 1724 2601 accepit
1774 2546 1915 2594 eam,
1949 2538 2004 2585 et

421 2615 609 2672 eduxit
642 2632 760 2673 eam
801 2618 868 2674 de
908 2620 1189 2676 nubibus?
1225 2619 1360 2688 Quis
1409 2620 1783 2677 transfretavit
1832 2636 2000 2685 mare,

422 2716 476 2765 et
522 2711 730 2766 invenit
780 2712 951 2775 illam,
1002 2722 1057 2768 et
1092 2715 1277 2768 attulit
1304 2730 1423 2769 eam
1463 2730 1628 2785 super
1660 2730 1855 2769 aurum
1900 2715 2004 2770 ele-

423 2809 574 2858 ctum
602 2803 625 2857 Τ
669 2802 790 2858 Non
843 2811 927 2861 est
958 2804 1053 2875 qui
1103 2806 1277 2875 possit
1326 2805 1470 2861 scire
1503 2806 1622 2862 vias
1648 2805 1792 2875 ejus,
1826 2821 2004 2876 neque

420 2896 514 2966 qui
561 2896 816 2966 exquirat
864 2897 1087 2953 semitas
1117 2898 1274 2966 ejus:
1319 2897 1413 2953 sed
1442 2897 1534 2967 qui
1581 2900 1683 2953 scit
1721 2898 1997 2963 universa,

421 2987 575 3043 novit
612 3002 756 3054 eam,
793 2995 848 3044 et
900 2989 1180 3044 adinveuit
1228 3004 1348 3045 eam
1384 2989 1671 3060 prudentia
1721 3006 1862 3045 sua:
1909 2991 2002 3061 qui

419 3081 752 3152 praeparavit
798 3090 1003 3135 terram
1035 3080 1091 3134 in
1122 3091 1328 3137 aeterno
1381 3090 1648 3154 tempore,
1692 3090 1746 3139 et
1775 3084 2003 3155 replevit

419 3186 539 3228 eam
580 3172 884 3243 pecudibus
912 3180 965 3226 et
1009 3174 1499 3244 quadrupedibus:
1551 3177 1643 3246 qui
1680 3177 1881 3231 emittit
1914 3178 2000 3231 lu-

2106 1999 2164 2050 ἐν
2204 2000 2317 2060 τοῖς
2355 1997 2533 2052 ἔθνεσι
2585 2001 2696 2063 τοῖς
2748 2000 3031 2081 μέλλουσιν
3066 2004 3146 2065 είς
3186 2001 3276 2054 τὸν
3320 1999 3554 2070 Χριστὸν
3598 2017 3691 2053 πιο

2106 2089 2340 2155 στεύειν,
2374 2091 2468 2145 καὶ
2496 2092 2565 2145 δι’
2590 2092 2756 2147 αὑτοῦ
2789 2094 2887 2159 τὰς
2919 2094 3027 2149 τῶν
3061 2092 3355 2166 προφητῶν
3389 2091 3691 2164 παραδέχε-

2107 2180 2230 2236 σθαι
2258 2183 2499 2254 Γραφάς.
2524 2234 2527 2239 .

2613 2302 3011 2355 ΚΕΦΑΔΑῙΟΝ
3051 2300 3172 2356 ΛΘ’.

2615 2413 2748 2467 Ἀπὸ
2785 2415 2893 2469 τοῦ
2930 2416 3125 2483 Βαρού
3130 2434 3187 2486 χ.

2180 2540 2198 2572 ι
2234 2522 2331 2586 Τίς
2359 2522 2527 2594 ἀνέϐη
2555 2526 2635 2589 είς
2661 2526 2751 2578 τὸν
2776 2526 3025 2598 οὐρανὸν,
3052 2529 3146 2582 καὶ
3166 2527 3357 2582 ἐλαϐεν
3379 2528 3570 2601 αὑτὴν,
3592 2529 3687 2584 καὶ

2105 2614 2465 2669 κατεϐίϐασεν
2495 2616 2666 2688 αὐτὴν
2695 2618 2759 2671 ἐκ
2778 2618 2887 2671 τῶν
2916 2619 3188 2689 νεφελῶν;
3216 2621 3310 2683 Τίς
3333 2620 3484 2692 διέϐη
3512 2621 3687 2694 πέραν

2105 2705 2401 2779 θαλάσσης,
2436 2708 2534 2762 καὶ
2565 2704 2724 2781 εὗρεν
2755 2710 2946 2782 αὑτὴν,
2982 2712 3078 2765 καὶ
3107 2713 3243 2766 οἴσει
3270 2713 3438 2786 αὑτὴν
3464 2715 3688 2786 χρυσίου

2104 2799 2399 2867 ἐκλεκτοῦ;
2450 2802 2562 2857 Οὑκ
2608 2802 2753 2857 ἔστιν
2801 2805 2828 2857 6
2872 2792 3155 2874 γινώσκων
3192 2806 3291 2878 τὴν
3333 2807 3452 2860 ὁδον
3494 2807 3684 2879 αὐτῆς,

2103 2891 2223 2946 ούδέ
2246 2894 2274 2945 6
2302 2893 2704 2966 ἐνθυμούμενος
2737 2896 2836 2968 τὴν
2868 2898 3051 2969 τρίϐον
3080 2898 3267 2969 αὐτῆς.
3313 2899 3450 2953 Ἀλλ’
3475 2902 3504 2955 6
3532 2901 3687 2966 εἰδὼς

2101 2978 2172 3038 τὰ
2208 2985 2385 3039 πάντα
2412 2985 2670 3055 γινώσκει
2705 2988 2894 3060 αὐτὴν,
2929 2989 3149 3060 ἐξεῦρεν
3182 2992 3351 3062 αὐτὴν
3378 2996 3442 3064 τῇ
3476 2994 3688 3048 συνέσει

2102 3074 2291 3128 αὑτοῦ·
2331 3077 2361 3129 6
2392 3077 2484 3129 καὶ
2514 3080 2930 3143 κατασκευάσας
2959 3079 3057 3152 τὴν
3098 3083 3203 3153 γῆν
3254 3068 3333 3146 είς
3381 3083 3473 3137 τὸν
3516 3084 3689 3138 αἰῶνα

2104 3166 2313 3239 χρόνον,
2365 3168 2660 3239 ἐνέπλησεν
2713 3170 2882 3242 αὐτὴν
2934 3173 3150 3242 κτηνῶν
3201 3174 3563 3244 τετραπόδων.
3629 3177 3689 3229 '0

418 3278 567 3332 men,
605 3272 659 3318 et
693 3264 887 3319 vadit:
929 3273 983 3320 et
1032 3266 1250 3320 vocavit
1294 3266 1453 3331 illud,
1503 3275 1558 3322 et
1602 3267 1786 3323 obedit
1816 3269 1893 3322 illi
1943 3269 1995 3323 in

2102 3258 2450 3313 ἀποστέλλων
2479 3259 2540 3312 τὸ
2574 3260 2689 3331 φῶς
2729 3261 2823 3315 καὶ
2869 3263 3183 3334 πορεύεται,
3232 3266 3491 3320 ἐκάλεσεν
3532 3267 3685 3333 αὐτὸ,

420 3363 682 3411 tremore.
718 3354 901 3411 Stellae
928 3367 1112 3410 autem
1147 3357 1415 3413 dederunt
1445 3359 1626 3415 lumen
1658 3360 1712 3414 in
1740 3360 2005 3417 custodiis

420 3449 560 3513 suis,
604 3457 659 3504 et
709 3449 901 3505 laetata).
938 3458 1109 3505 sunt:
1161 3452 1377 3506 vocavit
1426 3467 1541 3515 eas,
1593 3463 1647 3509 et
1698 3454 1999 3510 dixerunt:

416 3541 695 3598 Adsumus
717 3564 732 3599 :
754 3552 809 3598 et
835 3543 1091 3599 luxerunt
1115 3545 1164 3598 ei
1203 3559 1328 3599 cum
1351 3543 1715 3614 jucunditate,
1751 3546 1844 3616 qui
1876 3546 2004 3603 fecit

419 3631 566 3689 illas.
600 3631 701 3688 llic
727 3640 812 3690 est
842 3633 986 3689 Deus
1014 3643 1224 3699 noster,
1257 3643 1311 3689 et
1346 3651 1454 3691 non
1475 3636 1837 3692 aastimahitur
1859 3638 2001 3694 alius

418 3726 684 3783 adversus
716 3743 861 3784 eum.
910 3726 1011 3783 Hic
1056 3729 1338 3791 adinvenit
1375 3745 1591 3785 omnem
1643 3730 1784 3784 viam
1834 3730 1999 3785 disci-

422 3816 630 3887 plinae;
666 3826 719 3874 et
742 3819 969 3875 tradidit
995 3819 1144 3877 illam
1188 3818 1359 3874 Jacob
1392 3835 1564 3889 puero
1592 3836 1714 3884 suo,
1750 3826 1803 3876 et
1831 3817 2001 3876 lsrael

414 3906 616 3967 dilecto
668 3926 789 3967 suo.
833 3909 962 3967 Post
1004 3912 1116 3967 ί)ωο
1150 3912 1202 3966 in
1239 3911 1401 3968 terris
1435 3912 1586 3968 visus
1624 3919 1730 3976 est,
1783 3920 1839 3968 et
1875 3928 1999 3968 cum

415 3999 734 4059 hominibus
773 4012 1136 4059 conversatus
1177 4013 1261 4059 est
1288 4005 1352 4059 η.
1404 4023 1422 4056 ι
1457 4004 1592 4071 Quis
1646 4005 1896 4060 ascendit
1944 4005 1999 4059 iu

414 4092 638 4158 celum,
674 4094 773 4155 ait,
800 4102 855 4149 et
893 4095 1106 4164 accepit
1133 4096 1295 4150 eam?
1327 4103 1381 4149 et
1432 4096 1641 4164 reliqua
1670 4113 1683 4161 ;
1730 4096 2003 4166 comperi-

414 4200 540 4243 mus
563 4201 594 4241 a
622 4193 815 4243 sancto
852 4188 1113 4258 Apostolo
1141 4189 1286 4259 quod
1331 4207 1349 4239 ι
1402 4188 1496 4257 qui
1529 4187 1813 4244 descendit
1836 4187 1998 4248 Jesus

412 4277 691 4343 Christus,
721 4278 839 4348 ipse
873 4287 956 4335 est
982 4289 1036 4334 et
1066 4281 1158 4351 qui
1183 4279 1434 4335 ascendit
1465 4294 1631 4349 super
1658 4294 1849 4336 omnes
1877 4294 1994 4335 cm-

412 4368 498 4426 los
521 4369 585 4425 “.
629 4387 650 4422 ι
709 4367 815 4436 Qui
869 4379 923 4426 et
956 4378 1213 4441 suscepto
1255 4367 1494 4439 Spiritus
1533 4370 1711 4425 sancti
1744 4386 1990 4439 munere,

412 4458 623 4516 dimisit
650 4466 815 4529 atque
854 4460 1056 4516 infudit
1084 4463 1140 4514 in
1174 4474 1365 4515 eorum
1402 4459 1616 4516 animas
1649 4462 1741 4532 qui
1770 4477 1993 4532 accepe-

413 4557 542 4605 runt
575 4549 705 4605 illud
737 4566 752 4617 ;
784 4551 928 4606 unde
968 4551 1024 4605 in
1070 4548 1304 4605 Psalmis
1336 4550 1578 4609 dicitur:
1620 4571 1639 4604 ι
1680 4552 1988 4610 Ascendisti

409 4643 470 4698 in
508 4643 716 4709 altum,
764 4644 958 4715 cepisti
995 4643 1389 4714 captivitatem,
1446 4646 1705 4716 accepisti
1759 4645 1900 4701 dona
1931 4632 1989 4704 iu

408 4735 726 4794 hominibus
754 4737 819 4794 “.
852 4756 871 4789 ι
915 4735 1048 4792 Post
1073 4736 1188 4791 haec
1226 4736 1281 4790 in
1311 4737 1415 4793 hoc
1451 4739 1641 4795 eodem
1682 4740 1801 4796 loco
1834 4741 1989 4795 addi-

408 4834 539 4884 tur:
587 4846 608 4881 ι
654 4826 754 4883 llic
806 4837 891 4885 est
927 4826 1071 4883 Deus
1105 4835 1312 4894 noster,
1362 4838 1417 4885 et
1467 4846 1576 4885 non
1628 4833 1989 4888 :estimabitur

408 4918 549 4976 alius
592 4920 856 4975 adversus
900 4934 1047 4975 eum.
1091 4938 1109 4972 ι
1163 4919 1297 4986 Quis
1348 4929 1529 4976 autem
1571 4923 1681 4988 ille,
1736 4923 1842 4978 nisi
1891 4924 1986 4995 qui

407 5010 653 5065 ascendit
691 5011 745 5065 in
785 5010 1009 5074 coelum,
1041 5022 1095 5067 et
1124 5011 1446 5067 descendit?
1486 5012 1780 5084 Postquam
1838 5018 1982 5070 enim

406 5098 795 5169 interrogative
857 5097 1062 5154 dictum
1132 5110 1261 5157 est:
1325 5120 1344 5153 ι
1414 5101 1550 5169 Quis
1617 5105 1863 5160 ascendit
1930 5106 1983 5161 in

406 5188 655 5244 cadum?
692 5207 711 5240 ι
755 5190 1120 5260 respondetur
1150 5231 1164 5257 ,
1214 5211 1232 5244 ι
1280 5193 1371 5248 hic
1433 5203 1517 5250 est
1569 5194 1711 5252 Deus
1776 5206 1980 5265 noster,

402 5288 459 5335 ct
496 5296 606 5335 non
648 5282 1010 5338 :estimahitur
1047 5285 1188 5341 alius
1241 5285 1505 5344 adversus
1564 5303 1734 5356 eum;
1786 5307 1808 5342 ι
1838 5290 1984 5359 quod

403 5378 460 5425 et
526 5373 871 5442 apertissime
934 5375 1315 5432 demonstrant
1377 5379 1492 5434 haec
1558 5396 1680 5451 quae
1747 5382 1981 5439 inferius

404 5463 795 5533 subjiciuntur,
838 5485 857 5518 ι
900 5467 1033 5526 Post
1065 5470 1181 5525 hinc
1210 5472 1262 5526 in
1287 5473 1451 5527 terris
1476 5472 1630 5528 visus
1663 5482 1748 5529 est
1776 5482 1828 5527 et
1857 5489 1982 5529 eum

404 5554 718 5614 hominibus
755 5572 1114 5620 conversatus
1145 5572 1252 5621 est.
1299 5584 1316 5615 ι
1352 5564 1634 5622 Adversus
1664 5566 1794 5621 illud
1820 5567 1985 5637 igitur

404 5642 501 5701 Dei
531 5643 768 5702 Verbum
806 5651 1161 5710 manifestum
1186 5663 1271 5711 est
1299 5656 1442 5726 quod
1471 5671 1579 5711 non
1615 5658 1983 5713 aestimabitur

401 5739 546 5795 alius
588 5756 778 5796 eorum
805 5745 898 5815 qui
928 5749 1108 5803 vocati
1157 5757 1286 5803 sunt
1341 5749 1440 5805 dii.
1477 5769 1497 5802 ι
1534 5749 1662 5808 Post
1700 5751 1837 5816 btet,
1881 5752 1977 5818 ait,

2108 3353 2201 3404 καὶ
2247 3351 2557 3421 ὑπήκουσεν
2599 3353 2748 3424 αὐτῷ
2790 3354 2998 3426 τρόμῳ.
3047 3357 3111 3410 Oi
3155 3357 3209 3410 δὲ
3240 3357 3469 3431 ἀστέρες
3517 3358 3688 3430 ἐλαμ-

2103 3442 2211 3513 ψαν
2262 3445 2321 3497 ἐν
2368 3446 2489 3508 ταῖς
2536 3445 2802 3513 φυλακαῖς
2851 3447 3062 3512 αὐτῶν,
3125 3449 3221 3502 καὶ
3268 3450 3683 3522 εὑφράνθησαν’

2102 3534 2361 3588 ἐκάλεσεν
2416 3536 2634 3601 αὐτοις,
2693 3538 2785 3591 καὶ⁹
2840 3534 3015 3605 εἷπον,
3079 3541 3389 3613 Πάρεσμεν’
3441 3542 3687 3614 ἔλαμψαν

2104 3626 2223 3697 μετ’
2247 3626 2587 3698 εὐφροσύνης
2615 3628 2694 3699 τῷ
2727 3632 3012 3701 ποιήσαντι
3040 3632 3254 3698 αὑτούς.
3297 3625 3465 3698 Οὗτος
3495 3637 3523 3689 ὀ
3553 3634 3686 3699 Θεὸς

2098 3718 2280 3789 ἡμῶν,
2319 3721 2378 3772 οὐ
2409 3720 2791 3793 λογισθήσεται
2824 3723 3011 3797 ἕτερος
3044 3724 3179 3795 πρὸς
3208 3726 3389 3781 αὐτόν.
3438 3727 3685 3800 Ἐξεῦρεν

2099 3812 2278 3866 πᾶσαν
2303 3812 2420 3866 ὁδὸν
2451 3815 2782 3887 ἐπιστήμης,
2810 3817 2904 3869 καὶ
2939 3816 3140 3871 ἔδωκεν
3178 3816 3346 3889 αὑτὴν
3385 3818 3460 3871 ’Ic.
3474 3817 3579 3871 ιὼϐ
3603 3817 3682 3890 τῷ

2101 3904 2253 3960 παιδὶ
2291 3904 2477 3971 αὑτοῦ,
2512 3907 2605 3959 καὶ
2645 3907 2859 3980 Ἰσραὴλ
2882 3908 2961 3980 τῷ
2993 3911 3341 3982 ἠγαπημένῳ
3376 3911 3465 3963 ὑπ’
3492 3910 3681 3964 αὐτοῦ·

2104 3996 2244 4069 μετά
2269 3998 2430 4052 τοῦτο
2459 4000 2551 4053 ἐπὶ
2583 4000 2685 4071 τῆς
2705 4001 2808 4071 γῆς
2828 3999 3006 4072 ῶφθη,
3041 4002 3135 4055 κα)⁵
3168 4006 3226 4055 ἐν
3248 4005 3357 4066 τοῖς
3378 4001 3684 4071 ἀνθρώποις

2103 4091 2542 4164 συνανεστρὰφη.
2577 4111 2596 4144 ›
2627 4093 2723 4156 Τίς
2754 4093 2919 4163 ἀνέϐη
2943 4096 3022 4158 εἰς
3037 4094 3128 4147 τὸν
3142 4093 3388 4165 οὐρανὸν,
3414 4096 3568 4164 φησὶ,
3592 4097 3687 4148 καὶ

2097 4183 2289 4237 ἐλαϐεν
2330 4184 2526 4255 αὐτὴν,
2558 4186 2651 4239 καὶ
2688 4184 3046 4240 κατεϐίϐασεν
3079 4187 3284 4257 αὑτήν;
3310 4185 3496 4239 καὶτά
3525 4187 3676 4258 ἐξῆς’

2096 4274 2458 4347 διδασκόμεθα
2507 4278 2563 4331 δέ
2601 4278 2708 4333 ἀπὸ
2749 4278 2842 4330 τοῦ
2884 4277 3037 4349 ’ἱεροῦ
3096 4278 3417 4333 Ἀποστέλου
3449 4279 3523 4345 ὼς
3575 4279 3685 4352 ἀρα

2101 4387 2119 4418 ι
2151 4370 2179 4422 6
2208 4368 2453 4432 καταϐὰς
2489 4369 2694 4440 Ἰησοῦς
2721 4370 2987 4442 Χριστὸς,
3021 4369 3182 4433 αὑτός
3213 4371 3328 4422 ἐστι
3360 4368 3454 4421 καὶ
3485 4369 3514 4420 6
3548 4368 3683 4422 ἀνα-

2095 4458 2196 4523 ϐὰς
2225 4460 2479 4532 ὑπεράνω
2513 4463 2731 4514 πάντων
2769 4460 2877 4514 τῶν
2923 4459 3183 4532 οὐρανῶν·
3224 4479 3243 4512 ι
3294 4459 3350 4523 ὃς
3381 4459 3476 4514 καὶ
3504 4457 3684 4512 λαϐὼν

2093 4552 2192 4624 τὴν
2217 4552 2312 4606 τοῦ
2335 4553 2491 4620 ἁγίου
2537 4553 2854 4622 Πνεύματος
2901 4552 3110 4625 δωρεὰν
3144 4552 3470 4606 κατεϐίϐασέ
3504 4569 3560 4606 τε
3589 4553 3686 4605 καὶ

2097 4644 2313 4714 ἐξέχεεν
2337 4646 2430 4698 ἐπὶ
2459 4645 2556 4709 τὰς
2589 4644 2698 4721 τῶν
2732 4643 3189 4716 παραδεξαμένων
3222 4643 3400 4698 αὐτῶν
3445 4643 3553 4715 (ἦν)
3587 4642 3687 4711 ψυ-

2094 4736 2215 4807 χάς·
2248 4735 2369 4789 ὃθεν
2399 4736 2494 4789 καὶ⁸
2528 4736 2585 4789 ἐν
2615 4734 2862 4806 Ψαλμοῖς
2902 4736 3116 4808 εἴρηται
3146 4734 3226 4798 τὸ,
3280 4753 3298 4786 ι
3345 4734 3575 4798 ’Δναϐἀς
3601 4735 3682 4797 είς

2096 4826 2230 4896 ὕψος
2262 4824 2689 4899 ᾐχμαλώτευσας
2726 4827 2787 4898 (Γ.
2825 4828 2913 4890 57,
2939 4833 3016 4898 νο)
3048 4826 3447 4897 αἰχμαλωσίαν,
3491 4825 3684 4889 ἔλαϐες

2093 4919 2300 4990 δόματα
2339 4922 2396 4973 ἐν
2440 4919 2767 4991 ἀνθρώποις.
2814 4940 2832 4971 ι
2883 4920 3038 4989 Ἑξῆς
3068 4921 3122 4973 δὲ
3151 4922 3208 4973 ἐν
3245 4923 3310 4990 τῇ
3346 4919 3685 4991 προκειμένῃ

2092 5015 2277 5085 γραφῇ
2303 5015 2331 5067 6
2363 5012 2519 5082 λόγος
2547 5014 2730 5083 φησὶν,
2760 5032 2776 5062 ι
2811 5005 2979 5076 Οὗτος
3004 5015 3031 5065 6
3058 5012 3189 5076 Θεὸς
3234 5014 3265 5081 ή
3277 5011 3391 5082 μῶν
3430 5012 3490 5064 οὐ
3542 5010 3688 5080 λογιυ

2094 5106 2351 5176 σθήσεται
2372 5105 2557 5176 ἕτερος
2588 5105 2719 5176 πρὸς
2747 5105 2928 5157 αὑτόν⁸
2970 5123 2988 5154 ι
3028 5104 3109 5168 τίς
3142 5104 3199 5156 δὲ
3236 5098 3409 5167 οὗτος,
3444 5102 3527 5174 ῆὸ
3550 5103 3685 5156 ἀνα-

2092 5196 2193 5261 ϐὰς
2215 5198 2293 5261 εἰς
2313 5196 2400 5249 τὸν
2427 5196 2655 5267 οὐρανὸν
2684 5196 2775 5249 καί
2797 5192 3064 5260 καταϐάς;
3085 5193 3175 5264 Τῷ
3201 5194 3308 5263 γὰρ
3336 5212 3355 5245 ι
3389 5194 3484 5257 Τίς
3511 5194 3681 5264 ἀνέϐη

2091 5293 2172 5353 είς
2200 5290 2290 5343 τὸν
2319 5289 2580 5359 οὺρανόνς
2610 5306 2629 5340 ι
2678 5286 3107 5357 ἐρωτηματικῶς
3131 5288 3249 5356 είρη
3260 5285 3407 5355 μένῳ
3435 5284 3683 5337 ἀποδέδο-

2087 5400 2177 5436 ται
2206 5382 2292 5446 τὸ,
2332 5401 2350 5433 ι
2378 5376 2545 5445 Οὗτος
2577 5380 2605 5433 6
2634 5379 2764 5444 Θεὸς
2785 5379 2961 5450 ἡμῶν,
2988 5379 3047 5432 οὑ
3087 5377 3468 5449 λογισθήσεται
3492 5377 3681 5445 ἕτερος

2088 5473 2227 5543 πρὸς
2255 5472 2438 5527 αὐτόν’
2485 5491 2503 5524 ι
2536 5472 2867 5541 σαφέστερον
2900 5470 3056 5524 τοῦτο
3089 5470 3240 5541 δηλοῖ
3273 5469 3333 5522 τὸ
3374 5467 3500 5538 ἑξῆς
3526 5469 3682 5539 εἰρη-

2091 5564 2270 5635 μένον,
2294 5564 2383 5627 τὸ,
2422 5582 2439 5614 ι
2478 5561 2633 5616 Μετά
2674 5561 2832 5616 τοῦτο
2859 5562 2951 5614 ἐπὶ
2977 5563 3076 5633 τῆς
3116 5562 3220 5630 γῆς
3247 5557 3421 5629 ὤφθη,
3475 5557 3566 5610 καὶ
3617 5556 3681 5611 ἐν

2085 5660 2197 5721 τοῖς
2231 5654 2539 5727 ἀνθρώποις
2570 5654 3005 5725 συνανεστράφη.
3032 5674 3049 5705 ι
3084 5652 3228 5724 Πρὸς
3256 5650 3443 5704 τοῦτον
3466 5644 3558 5701 οὖν
3582 5647 3680 5716 δῆ-

2084 5749 2176 5802 λον
2204 5749 2287 5803 ὅτι
2310 5748 2401 5802 τὸν
2438 5748 2533 5802 τοῦ
2564 5747 2710 5803 Θεοῦι
2741 5747 2913 5815 Λόγον
2952 5747 3013 5799 οὑ
3054 5744 3431 5817 λογισθήσεται
3487 5741 3678 5812 ἕτερος

478 5893 518 5924 ²¹
550 5893 753 5952 Thren.
812 5913 885 5965 tv,
917 5898 1010 5956 20.
1091 5903 1133 5936 "
1165 5901 1401 5962 Baruch.
1458 5922 1519 5962 nt
1545 5947 1561 5974 ,
1617 5907 1815 5964 29-58.
1896 5908 1939 5942 “
1977 5906 2176 5971 Euhes.
2214 5906 2522 5971 1v.10.."
2563 5902 2711 5963 Psal.
2751 5919 2922 5975 ιιγιι,
2957 5902 3043 5960 19.
