4100 6458
362 473 502 530 “69

1422 479 1718 538 ΕΕιΟϐΑΞ
1757 480 2238 538 ΡΒΟΡΗΕἸΊΟᾸΕ.
2280 515 2350 524 -
2387 483 2515 540 LIB.
2552 484 2595 539 1.

3482 491 3620 546 i170

358 596 468 648 τῶν
502 594 799 665 ἐπικτητὴν
818 594 919 665 τὴν
954 594 1046 647 τοῦ
1102 594 1238 649 Θεοῦ
1295 597 1665 668 προσηγορίαν
1717 597 1934 667 ὲσχηκό·

2048 597 2103 651 in
2141 600 2305 655 terris
2342 601 2496 657 visus
2545 606 2670 668 cst;
2710 619 2727 653 ι
2783 602 3011 666 scilicet,
3065 610 3124 658 ut
3177 613 3417 672 constat,
3470 621 3617 677 post-

357 701 487 738 των.
515 703 533 735 ι
566 683 716 737 Μετὰ
743 682 898 735 τοῦτο
938 683 1016 747 δὲ,
1076 684 1258 754 φησὶν,
1301 686 1393 737 ἐπὶ
1433 685 1532 754 τῆς
1583 685 1688 755 γῆς
1720 684 1896 755 ὤφθη·
1918 705 1936 737 ι

359 777 514 846 δῆλον
544 776 627 828 ὅτι
667 774 803 846 μετὰ
832 776 891 828 τὸ
917 775 1007 828 διά
1046 778 1209 847 νόμου
1246 778 1337 829 καὶ
1377 778 1672 849 προφητῶν
1703 778 1801 850 τὴν
1838 781 1944 832 πᾶ-

361 884 461 922 σαν
505 868 619 922 ὁδὸν
663 868 762 938 τῆς
794 867 1121 936 ἐπαγγελίας
1148 868 1455 923 δεδωκέναι·
1501 888 1520 921 ι
1546 869 1762 942 ἐξεῦρεν
1794 870 1901 940 γάρ
1925 909 1940 931 ,

360 960 513 1029 φησὶ,
583 961 760 1013 πᾶσαν
825 960 943 1013 ὁδὸν
1006 964 1334 1031 ἐπιστήμης,
1378 962 1472 1014 καὶ
1499 961 1690 1015 ἔδωκεν
1773 963 1942 1033 αὐτὴν

371 1049 671 1120 Ἰακὼϐιτῷ
709 1049 856 1102 παιδὶ
894 1051 1081 1115 αὐτοῦ,
1123 1052 1217 1105 καὶ
1258 1052 1470 1123 Ἰσραὴλ
1502 1051 1580 1120 τῷ
1599 1052 1942 1122 ἠγαπημένῳ

361 1140 452 1194 ὑπ’
477 1140 661 1194 αὐτοῦ·
697 1136 817 1193 εἶτα
856 1159 875 1191 ι
921 1141 1057 1211 μετὰ
1096 1140 1255 1194 τοῦτο
1284 1141 1376 1195 ἐπὶ
1399 1142 1497 1212 τῆς
1525 1141 1630 1209 γῆς
1645 1139 1820 1212 ὤφθη,
1849 1142 1943 1194 καὶ

357 1234 474 1295 τοῖς
505 1229 808 1303 ἀνθρώποις
842 1216 1273 1304 συνανέστράφη.
1309 1252 1328 1285 ›

877 1324 1274 1377 ΚΕΦΑΛΑΙΟΝ
1328 1325 1420 1379 Μ’.

844 1417 985 1470 Ἀπὸ
1008 1417 1115 1471 τοῦ
1153 1416 1454 1483 Ἰεζεκιήλ.

439 1525 459 1558 ι
500 1507 643 1561 Ἀντὶ
662 1506 850 1562 τούτου
867 1508 992 1562 τάδε
1008 1508 1153 1577 λέγει
1178 1508 1382 1580 Κύριος
1402 1527 1416 1539 ο
1455 1510 1607 1575 Ἰδοὺ,
1638 1510 1748 1580 ἐγὼ
1773 1512 1941 1582 κρίνω

356 1596 630 1667 άναμέσον
660 1597 933 1669 προϐάτου
979 1599 1199 1669 ἰσχυροῦ
1234 1601 1328 1653 καὶ
1359 1601 1633 1672 άναμέσον
1667 1602 1939 1671 προϐάτου

357 1689 640 1753 ἀσθενοῦς.
678 1690 800 1744 Ἐπὶ
827 1693 947 1754 ταῖς
976 1691 1233 1763 πλευραῖς
1260 1693 1355 1745 καί⁵
1389 1697 1501 1756 τοῖς
1533 1692 1702 1765 ὤμοις
1729 1694 1939 1747 διωθεῖ·-

358 1775 472 1843 σθε,
494 1780 588 1832 καὶ
617 1781 729 1843 τοῖς
746 1780 971 1850 κέρασιν
990 1782 1142 1852 ὑμῶν
1163 1784 1527 1854 ὲκερατίζετε·
1552 1786 1659 1838 πᾶν
1685 1785 1746 1838 τὸ
1772 1784 1941 1838 ἐκλεῖ-

357 1887 458 1925 πον
490 1871 825 1941 ὲξεθλίψατε.
853 1874 963 1927 Καὶ
977 1872 1134 1926 σώσω
1148 1873 1215 1926 τὰ
1239 1874 1488 1945 πρόϐατά
1514 1893 1635 1946 μου,
1661 1877 1754 1929 καὶ
1775 1876 1832 1929 οὐ
1865 1875 1938 1947 μὴ

2045 704 2209 758 quam
2248 693 2424 748 omnis
2454 692 2731 763 Evangelii
2774 693 2861 749 via
2892 710 2989 765 per
3020 695 3189 766 legem
3220 704 3273 750 et
3322 700 3617 768 prophetas

2045 786 2229 848 aperta
2260 787 2364 835 est.
2403 799 2422 833 ‹
2461 781 2753 836 Adinvenit
2811 785 2988 847 enim,
3042 785 3139 849 ait,
3192 800 3406 841 omnem
3474 789 3616 843 viam

2044 871 2367 964 disciplinae,
2419 880 2475 928 et
2525 873 2750 929 tradidit
2808 876 2955 928 illam
3004 874 3173 930 Jacob
3202 892 3371 947 puero
3399 895 3521 964 suo,
3561 886 3616 934 et

2045 959 2212 1015 lsrael
2256 962 2459 1017 dilecto
2507 979 2647 1030 suo;
2684 984 2702 1015 ι
2758 964 2905 1030 dein,
2945 984 2963 1017 ι
3022 974 3144 1037 post
3202 968 3317 1023 haec
3353 970 3407 1023 in
3455 959 3618 1026 terris

2045 1052 2197 1108 visus
2229 1060 2337 1119 est,
2361 1062 2416 1108 et
2442 1070 2564 1108 cum
2594 1054 2904 1112 hominibus
2935 1067 3288 1117 conversatus
3322 1069 3426 1117 est.
3466 1080 3488 1114 ι

2637 1318 2866 1373 CAPUT
2903 1320 3016 1376 XL.

2597 1408 2680 1462 Ea:
2746 1408 3035 1463 Ezechiele.

2119 1518 2137 1550 ι
2181 1497 2308 1554 Haec
2349 1507 2544 1554 contra
2579 1500 2714 1554 dicit
2758 1499 3064 1556 Dominus:
3108 1500 3248 1557 Ecce
3299 1518 3399 1573 ego
3427 1502 3615 1572 judico

2042 1590 2185 1650 inter
2237 1607 2405 1662 pecus
2452 1594 2653 1662 pingue
2681 1601 2736 1647 et
2770 1608 2936 1662 pecus
2988 1594 3335 1648 macilentum
3371 1614 3383 1649 :
3417 1610 3515 1666 pro
3547 1609 3617 1653 eo

2039 1682 2185 1752 quod
2213 1682 2478 1736 lateribus
2503 1693 2555 1736 et
2583 1682 2826 1737 humeris
2859 1681 3260 1751 impingebatis,
3281 1692 3335 1737 et
3356 1684 3617 1742 cornibus

2040 1773 2243 1829 vestris
2267 1773 2616 1827 ventilabatis
2640 1774 2824 1828 omnia
2857 1773 3071 1829 inﬁrma
3094 1788 3314 1845 pecora,
3347 1775 3521 1831 donec
3541 1776 3619 1831 di-

2040 1873 2425 1936 spergerentur
2447 1864 2629 1921 foras:
2673 1867 2895 1921 salvabo
2932 1881 3148 1936 gregem
3192 1883 3395 1933 meum,
3426 1874 3479 1923 et
3508 1883 3616 1928 non

354 1955 490 2017 ὦσιν
521 1963 600 2016 ἔτι
653 1966 733 2028 εἰς
776 1966 1084 2037 προνομὴν,
1122 1967 1217 2018 καὶ
1257 1967 1429 2037 κρινῶ
1474 1967 1743 2038 ἀναμέσον
1786 1969 1934 2039 κριοῦ

2045 1958 2149 2012 erit
2176 1957 2317 2010 ultra
2348 1956 2404 2010 in
2432 1956 2705 2027 rapinam,
2730 1963 2785 2011 et
2801 1956 3063 2025 judicabo
3084 1956 3226 2011 inter
3258 1973 3425 2026 pecus
3449 1966 3503 2012 et
3525 1972 3620 2027 pe-

356 2055 494 2125 πρὸς
532 2056 708 2125 κριόν·
753 2058 847 2110 καὶ
892 2058 1181 2128 ἀναστήσω
1224 2059 1404 2122 αὐτοῖς
1458 2059 1688 2130 ποιμένα
1727 2059 1939 2130 ἕτερον·

355 2144 451 2198 καὶ
482 2146 814 2218 ποιμανεῖ[ς]
854 2148 1082 2212 αὐτοὺς,
1131 2148 1222 2201 τὸν
1268 2148 1453 2201 δοῦλόν
1495 2167 1596 2220 μου
1640 2149 1819 2212 Δαυῖδ,
1850 2150 1943 2203 καὶ

355 2236 507 2289 ἔσται
540 2238 718 2290 αὐτῶν
740 2238 963 2309 ποιμὴν.
998 2240 1092 2292 καὶ
1125 2239 1318 2310 ἔσομαι
1347 2242 1530 2304 αὐτοῖς
1551 2243 1630 2305 εἰς
1659 2241 1809 2307 Θεὸν,
1846 2245 1942 2297 καὶ

354 2326 519 2381 Δαυῒδ
545 2328 729 2399 ἄρχων
762 2332 820 2383 ὲν
851 2329 1002 2401 μέσῳ
1039 2330 1239 2383 αὐτῶν·
1273 2330 1384 2400 ἐγὼ
1415 2332 1621 2403 Κύριος
1643 2332 1938 2404 λελάληκα.

355 2416 465 2471 Καὶ
507 2419 828 2491 διαθήσομαι
868 2420 946 2492 τῷ
990 2421 1149 2475 Δαυῖδ
1196 2422 1462 2496 διαθήκην
1494 2426 1708 2497 καινὴν,
1753 2424 1939 2495 διαθή-

353 2525 458 2581 κην
486 2511 726 2582 εἰρήνης.
755 2532 773 2563 ι
822 2513 972 2565 Ἐπεὶ
1010 2514 1105 2566 καὶ
1157 2514 1215 2567 ἐν
1251 2514 1429 2578 ἄλλοις
1472 2516 1562 2568 τὸν
1609 2515 1942 2587 προφητευό-

356 2616 516 2668 μενον
538 2600 698 2654 Δαυῒδ
724 2603 823 2656 οὐκ
859 2602 1016 2656 ἄλλον
1051 2604 1367 2675 ἀποδίδομεν
1398 2605 1493 2659 τοῦ
1534 2606 1598 2658 ὲκ
1632 2607 1942 2678 σπέρματος

352 2690 515 2743 Δαυῗδ
547 2692 909 2763 γεγενημένου
955 2692 1207 2762 Σωτῆρος
1236 2693 1413 2764 ήμῶν,
1456 2694 1645 2747 τούτου
1684 2694 1748 2766 δὴ
1781 2695 1940 2765 χάριν

354 2778 448 2831 καὶ
472 2777 658 2832 ἐνθάδε
687 2781 783 2851 τὴν
800 2781 1105 2852 περικοπὴν
1132 2782 1615 2853 ὲπεσημηνάμεθα·
1636 2784 1719 2846 τίς
1742 2784 1850 2855 γὰρ
1872 2783 1938 2838 ἂν

351 2866 510 2931 ἄλλος
535 2870 617 2939 εἴη
641 2871 669 2920 6
696 2871 1000 2940 ποιμαίνειν
1033 2870 1240 2942 μέλλων
1271 2872 1341 2926 τὰ
1360 2872 1452 2927 τοῦ
1468 2875 1673 2945 Κυρίου
1691 2874 1941 2946 πρόϐατα

357 2961 495 3029 μετὰ
528 2961 588 3014 τδ
621 2963 874 3034 κριθῆναι
910 2967 1048 3020 αὐτὰ
1083 2969 1173 3021 ὑπ’
1215 2969 1381 3022 αὑτοῦ
1402 3008 1417 3032 ,
1452 2968 1485 3038 ἢ
1516 2972 1544 3022 6
1589 2969 1747 3040 μόνος
1776 2970 1938 3035 καλὸς

353 3051 578 3123 ποιμὴν,
604 3055 632 3107 6
674 3055 750 3125 μὴ
796 3057 1066 3128 ὑπεριδὼν
1103 3058 1439 3131 διωθούμενα
1481 3061 1574 3113 καὶ
1619 3060 1938 3132 διολλύμενα

2047 2062 2163 2102 cus.
2203 2046 2267 2100 Et
2298 2048 2579 2103 suscitabo
2623 2062 2790 2118 super
2841 2062 2937 2102 eos
2993 2055 3270 2117 pastorem
3302 2064 3491 2115 unum,
3523 2049 3618 2119 qui

2046 2146 2232 2210 pascat
2247 2154 2364 2205 eos,
2396 2154 2613 2195 servum
2645 2154 2823 2194 meum
2860 2137 3064 2193 David:
3100 2139 3216 2209 ipse
3264 2149 3452 2209 pascet
3496 2156 3613 2205 eos.

2043 2241 2098 2288 et
2146 2232 2263 2302 ipse
2291 2232 2396 2287 erit
2436 2233 2518 2287 eis
2552 2232 2605 2285 in
2646 2238 2942 2305 pastorem.
2974 2230 3088 2302 Ego
3135 2239 3314 2287 autem
3354 2231 3616 2289 Dominus

2042 2341 2138 2380 ero
2170 2326 2250 2381 eis
2290 2324 2344 2379 in
2398 2322 2611 2378 Deum:
2643 2330 2698 2378 et
2725 2338 2917 2380 servus
2950 2339 3105 2379 meus
3144 2323 3313 2378 David
3361 2326 3617 2396 princeps

2043 2419 2098 2473 in
2122 2416 2303 2472 medio
2327 2432 2515 2472 eorum
2548 2431 2685 2487 :ego
2718 2416 2982 2472 Dominus
3015 2416 3230 2472 locutus
3256 2431 3397 2474 sum.
3433 2417 3495 2470 Et
3531 2418 3616 2472 fa-

2041 2508 2180 2564 ciam
2210 2523 2334 2561 eum
2368 2506 2537 2561 David
2571 2514 2788 2578 paetum
2819 2522 3042 2570 novum,
3074 2517 3290 2579 pactum
3314 2508 3464 2578 pacis
3485 2511 3546 2563 ι’.
3590 2528 3609 2562 ›

2038 2596 2158 2651 Jam
2196 2597 2326 2651 alibi
2386 2598 2694 2651 nuntiatum
2724 2598 3022 2668 prophetiis
3069 2596 3239 2652 David
3279 2614 3391 2652 non
3447 2599 3614 2653 alium

2039 2701 2162 2743 esse
2191 2687 2534 2742 ostendimus
2568 2702 2633 2741 ac
2663 2703 2693 2742 e
2722 2688 2928 2744 semine
2959 2685 3126 2741 David
3156 2694 3336 2741 ortum
3369 2686 3616 2742 Salvato-

2040 2794 2152 2833 rem
2185 2784 2471 2844 nostrum;
2507 2777 2596 2832 hic
2625 2794 2845 2849 quoque
2874 2779 2941 2834 de
2978 2778 3168 2834 eodem
3210 2778 3356 2834 hunc
3408 2779 3615 2850 accipi-

2039 2885 2162 2925 mus
2193 2870 2392 2925 loeum.
2431 2869 2567 2935 Quis
2609 2870 2756 2925 enim
2788 2872 2930 2927 alius
2969 2879 3114 2927 esset
3157 2870 3372 2927 Domini
3419 2888 3613 2942 pecora

2031 2960 2378 3031 iudicaturus
2424 2969 2808 3032 pasturusque,
2841 2963 2949 3018 nisi
3006 2964 3159 3019 solus
3185 2965 3364 3020 bonus
3394 2963 3611 3030 Pastor,

2039 3052 2130 3121 qui
2158 3066 2267 3105 non
2300 3054 2631 3122 contempsit
2665 3053 2914 3122 dispersa
2936 3062 2990 3109 et
3020 3055 3232 3124 perdita
3255 3056 3324 3110 ab
3358 3056 3615 3112 adversa-

354 3141 461 3194 ὖπὸ
492 3143 600 3195 τῶν
633 3145 1020 3216 ἀντικειμένων
1048 3147 1330 3218 δυνάμεων
1352 3149 1419 3202 τὰ
1446 3149 1638 3217 λογικά
1670 3150 1770 3219 τῆς
1801 3152 1934 3217 ἰδίας

2037 3142 2137 3196 riis
2169 3144 2531 3212 potestatibus
2562 3144 2869 3214 spiritualia
2896 3147 3105 3215 proprii
3139 3146 3311 3217 ipsius
3339 3148 3497 3202 ovilis
3523 3163 3616 3215 pc-

353 3233 519 3287 ιιύτοῦ
553 3235 785 3306 ποίμνης
814 3238 1081 3315 πρόϐατα,
1113 3241 1247 3295 ἀλλά
1279 3242 1390 3306 θεὶς
1415 3242 1511 3313 τὴν
1545 3243 1736 3295 ἑαυτοῦ
1759 3243 1934 3315 ψυχὴν

2038 3245 2189 3296 cora,
2218 3230 2315 3286 sed
2348 3233 2583 3287 animam
2627 3249 2781 3289 suam
2824 3250 2925 3305 pro
2963 3251 3150 3291 eorum
3187 3239 3363 3293 salute
3393 3240 3613 3308 posuit;

353 3324 496 3394 ὑπὲρ
521 3329 618 3397 τῆς
651 3328 831 3383 αὐτῶν
874 3313 1170 3402 σωτηρίας,
1212 3326 1287 3386 ὧν
1331 3334 1564 3406 ἄρχοντα
1596 3336 1625 3388 6
1661 3335 1794 3397 Θεὸς
1837 3313 1933 3389 καὶ

2038 3335 2311 3392 quemque
2344 3321 2489 3379 Deus
2522 3330 2576 3379 et
2616 3322 2779 3379 Pater
2801 3325 2922 3394 ejus
2953 3326 3253 3396 principem
3283 3341 3473 3382 eorum
3492 3336 3617 3398 post

352 3414 545 3487 Πατὴρ
587 3417 752 3472 αὐτοῦ
801 3425 1167 3494 καταστήσειν
1217 3425 1611 3493 ἐπαγγέλλεται
1657 3426 1794 3496 μετὰ
1847 3426 1934 3480 τὸν

2034 3413 2228 3484 judicii
2257 3423 2471 3485 tempus
2506 3416 2822 3479 constituet,
2873 3417 3112 3473 initurus
3161 3433 3287 3472 cum
3346 3434 3412 3474 eo
3465 3421 3616 3489 pacis

352 3506 587 3578 κρίσεως
603 3511 813 3582 καιρὸν.
836 3512 1226 3585 διαθησόμενος
1243 3516 1392 3586 αὐτῷ
1413 3516 1679 3588 διαθήκην
1693 3519 1934 3588 εἰρήνης,

350 3595 461 3657 ὅτε,
487 3597 863 3667 ὑποταγέντων
900 3601 1047 3672 αὐτῷ
1080 3590 1190 3657 τῶν
1220 3604 1451 3675 ἐχθρῶν,
1474 3605 1698 3677 ἔσχατος
1719 3608 1937 3661 πάντων

353 3688 448 3741 καὶ
480 3689 641 3754 αὐτὸς
662 3692 690 3743 6
724 3691 819 3745 νῦν
850 3694 1225 3763 ἀντικείμενος
1254 3695 1331 3766 τῷ
1368 3697 1511 3767 λόγῳ
1552 3699 1646 3751 καὶ
1675 3701 1742 3770 τῇ
1779 3698 1938 3769 σοφία

351 3778 445 3831 καὶ
474 3783 543 3852 τῇ
580 3781 691 3854 ζωῇ
723 3783 955 3849 θάνατος
986 3786 1498 3858 καταργηθήσεται;

856 3893 1255 3946 ΚΕΦΑΛΑΙΟΝ
1294 3892 1430 3947 MA'.

972 3984 1081 4038 Τοῦ
1110 3984 1317 4039 αὑτοῦ.

428 4087 449 4122 ς
482 4070 620 4123 Τάδε
657 4071 802 4140 λέγει
836 4073 1072 4145 Κύριος,
1113 4075 1242 4128 Ἰδοὺ
1265 4115 1278 4139 ,
1314 4074 1425 4144 ἐγὼ
1467 4074 1727 4147 λαμϐάνω
1757 4076 1935 4132 πάντα

349 4156 497 4215 οἷκον
557 4163 771 4233 Ἰσραὴλ
801 4167 865 4217 ὲκ
908 4165 1075 4235 μέσου
1129 4166 1236 4219 τῶν
1268 4166 1456 4232 ὲθνῶν,
1509 4162 1570 4221 οῦ
1618 4168 1934 4240 εἰσήλθοσαν

348 4253 485 4316 ἐκεῖ,
519 4256 612 4308 καὶ
642 4254 856 4322 συνάξω
896 4257 1094 4321 αὐτοὺς
1141 4260 1221 4320 εἰς
1255 4257 1354 4327 τὴν
1394 4259 1499 4328 γῆν
1529 4257 1621 4311 τοῦ
1673 4260 1887 4331 Ἰσραὴλ
1915 4300 1931 4325 ,

350 4345 443 4398 καὶ
474 4343 630 4399 δώσω
656 4347 852 4410 αὐτοὺς
872 4350 952 4411 εἰς
989 4347 1114 4419 ἔθνη
1156 4352 1215 4402 ὲν
1256 4351 1321 4420 τῇ
1356 4351 1426 4420 γῇ
1458 4367 1580 4420 μου,
1615 4352 1707 4404 καὶ
1735 4354 1793 4404 ἐν
1822 4354 1934 4416 τοῖς

347 4437 531 4509 δρεσιν
564 4439 794 4510 Ἰσραήλ
825 4442 918 4493 καὶ
955 4439 1139 4511 ἄρχων
1180 4436 1260 4505 εἷς
1295 4441 1446 4495 ἔσται
1479 4442 1680 4506 αὐτῶν,
1713 4445 1805 4497 καὶ
1833 4444 1932 4498 οὐκ

347 4526 560 4582 ἔσονται
592 4531 775 4583 οὐκέτι
805 4534 885 4595 εἰς
926 4532 1020 4586 δύο
1053 4532 1202 4605 ἔθνη⁸
1238 4533 1348 4586 οὐδ’
1385 4536 1447 4588 οὐ
1483 4535 1555 4606 μὴ
1588 4536 1933 4606 διαιρεθῶσιν

346 4620 427 4683 εἰς
455 4621 549 4674 δύο
576 4620 873 4692 βασιλείας,
898 4625 985 4678 ἵνα
1013 4626 1086 4696 μὴ
1115 4626 1527 4696 μιαίνωνταιέτι
1552 4630 1609 4681 ὲν
1632 4632 1743 4693 τοῖς
1775 4629 1930 4683 εἰδώ-

344 4711 457 4777 λοις
475 4714 674 4768 αὐτῶν·
704 4716 798 4768 καὶ
833 4715 1067 4787 ῥύσομαι
1090 4720 1287 4781 αὐτοὺς
1317 4719 1425 4773 ἀπὸ
1461 4720 1648 4773 πασῶν
1675 4721 1784 4776 τῶν
1808 4723 1931 4775 ἀνο-

346 4802 487 4876 μιῶν
511 4805 711 4869 αὐτῶν,
729 4799 805 4858 ὧν
827 4807 1072 4878 ἥμαρτον
1098 4807 1158 4878 (f.
1193 4807 1283 4876 58)
1316 4811 1372 4862 ἐν
1398 4810 1607 4874 αὑταῖς,
1638 4813 1731 4865 καὶ
1762 4812 1931 4866 καθα-

347 4894 450 4966 ριῶ
488 4896 684 4961 αὐτοὺς
738 4898 850 4951 ἀπὸ
890 4899 1080 4953 πασῶν
1124 4899 1233 4953 τῶν
1281 4902 1564 4973 ἁμαρτιῶν
1610 4903 1811 4972 αὐτῶν,
1851 4900 1952 4960 ὧν·

341 4987 587 5058 ἥμαρτον
620 4991 677 5042 ὲν
711 4992 933 5058 αὐταῖς,
967 4993 1060 5046 καὶ
1091 4993 1337 5063 καθαριῶ
1382 4996 1600 5060 αὐτοὺς,
1644 4997 1738 5050 καὶ
1775 4996 1925 5052 ἔσον-

339 5079 431 5131 ταί
461 5096 550 5150 μοι
579 5072 659 5144 εἰς
690 5082 836 5147 λαὸν,
885 5085 980 5137 καὶ
1011 5083 1122 5153 ἐγὼ
1158 5084 1360 5156 Κύριος
1390 5085 1587 5158 ἔσομαι
1620 5090 1802 5153 αὐτοῖς
1844 5092 1923 5155 εἰς

339 5171 492 5225 Θεόν.
530 5174 638 5227 Καὶ
668 5177 696 5228 6
715 5174 897 5239 δοῦλός
934 5193 1035 5246 μου
1065 5177 1227 5230 Δαυῗδ
1260 5178 1442 5249 ἄρχων
1472 5181 1531 5233 ὲν
1559 5181 1708 5252 μέσῳ
1744 5182 1922 5236 αὐτῶν

339 5262 493 5317 ἔσται
525 5266 727 5336 ποιμὴν
778 5262 858 5330 εἶς
906 5269 1121 5323 πάντων
1146 5311 1161 5334 ,
1194 5271 1275 5325 ὅτι
1308 5275 1364 5325 ἐν
1399 5275 1512 5335 τοῖς
1538 5272 1921 5344 προστάγμασί

342 5373 446 5425 μου
474 5356 847 5429 πορεύσονται,
879 5361 973 5414 καὶ
994 5362 1060 5415 τά
1088 5364 1334 5434 κρίματά
1355 5382 1458 5436 μου
1481 5364 1804 5435 φυλάξουσιν
1826 5367 1919 5422 καὶ

339 5449 654 5519 ποιήσουσιν
681 5450 843 5514 αὐτὰ,
875 5453 970 5507 καὶ
998 5456 1410 5527 κατοικήσουσιν
1441 5458 1532 5510 ἐπὶ
1560 5459 1657 5529 τῆς
1680 5457 1784 5527 γῆς
1807 5498 1819 5518 ,
1851 5457 1917 5528 ῆν

339 5540 452 5609 ἐγὼ
474 5542 681 5597 δέδωκα
707 5543 785 5615 τῷ
800 5544 971 5617 δούλῳ
996 5565 1098 5619 μου
1134 5547 1347 5613 Ἰακὼϐ,
1377 5543 1436 5602 οὗ
1463 5548 1787 5619 κατῴκησαν
1802 5550 1921 5601 ἐκεῖ

338 5634 388 5688 οἰ
422 5636 657 5709 πατέρες
689 5637 891 5705 αὐτῶν,
938 5640 1033 5693 καὶ
1067 5642 1481 5712 κατοικήσουσιν
1509 5643 1596 5695 ἐπ’
1628 5642 1796 5713 αὐτῆς
1819 5641 1915 5695 αὐ-

335 5723 418 5777 τοί
445 5741 461 5756 ο
509 5727 603 5780 καὶ
644 5727 805 5782 Δαυῖδ
851 5731 879 5783 6
919 5729 1103 5794 δοῦλός
1139 5748 1238 5801 μου
1281 5731 1463 5803 ἅρχων
1499 5730 1679 5786 αὐτῶν
1711 5734 1791 5795 εἰς
1826 5731 1916 5784 τὸν

335 5812 527 5871 αἰῶνα.
558 5819 668 5874 Καὶ
698 5820 1026 5892 διαθήσομαι
1045 5823 1228 5887 αὐτοῖς
1251 5823 1516 5897 διαθήκην
1540 5823 1784 5896 εἰρήνης,
1823 5822 1916 5877 καὶ

408 5927 449 5961 ¹⁶
476 5926 672 5987 Ezech.
697 5947 885 6003 xxxw,
916 5934 1104 5992 20-25.

2039 3515 2283 3575 pactum,
2308 3521 2433 3561 cum
2480 3508 2718 3564 subditis
2750 3509 2854 3578 ipsi
2885 3509 3124 3565 inimicis
3158 3510 3296 3577 suis,
3339 3518 3614 3581 postrema

2037 3596 2279 3650 omnium
2304 3604 2469 3667 atque
2509 3598 2730 3664 rationi,
2762 3607 2815 3655 et
2859 3600 3159 3669 sapientiae,
3183 3609 3238 3655 et
3270 3601 3392 3656 vitae
3420 3601 3615 3658 adver-

2037 3700 2097 3741 sa
2130 3701 2279 3743 mors
2309 3686 2615 3744 delebitur?
2650 3693 2657 3702 '

2653 3885 2880 3943 CAPUT
2905 3886 3040 3943 XLI.

2669 3979 2755 4034 Ea:
2775 3980 2977 4035 eodem.

2112 4088 2131 4121 ι
2176 4069 2301 4126 Haec
2332 4071 2468 4126 dicit
2522 4070 2785 4128 Dominus
2814 4092 2827 4128 :
2859 4072 2999 4128 Ecce
3031 4086 3130 4143 ego
3161 4087 3435 4128 assumam
3490 4089 3611 4128 om-

2035 4180 2157 4220 nem
2204 4166 2424 4221 domum
2471 4163 2637 4221 Israel
2682 4166 2751 4222 de
2796 4167 2976 4221 medio
3026 4166 3331 4229 nationum,
3363 4163 3431 4219 ad
3471 4180 3609 4236 quas

2034 4259 2321 4315 abierunt:
2373 4266 2429 4313 et
2466 4260 2808 4331 congregabo
2864 4275 2958 4316 eos
2999 4259 3237 4329 undique
3288 4259 3344 4313 in
3406 4269 3607 4313 terram

2033 4349 2223 4418 Israel,
2248 4358 2303 4406 et
2334 4349 2527 4404 faciam
2558 4365 2656 4405 eos
2708 4351 2763 4404 in
2807 4360 3023 4421 gentem
3059 4365 3219 4405 uuam
3249 4349 3302 4404 in
3327 4359 3468 4405 terra
3491 4365 3609 4404 mea

2033 4450 2088 4497 et
2117 4443 2169 4495 in
2201 4444 2478 4498 montibus
2501 4442 2691 4506 Israel,
2727 4452 2782 4500 et
2809 4461 2900 4500 rex
2924 4461 3066 4500 unus
3095 4445 3200 4499 erit
3229 4443 3486 4499 omnibus
3509 4444 3612 4498 im-

2035 4549 2233 4603 perans
2270 4555 2283 4590 :
2319 4543 2374 4590 et
2400 4552 2511 4590 non
2556 4545 2717 4591 erunt
2757 4538 2899 4591 ultra
2954 4538 3074 4592 dua:
3122 4546 3335 4608 gentes,
3387 4552 3488 4591 nec
3526 4536 3611 4590 di-

2035 4628 2290 4681 videntur
2349 4628 2584 4697 amplius
2630 4629 2685 4683 in
2735 4629 2847 4683 duo
2893 4645 3081 4700 regna.
3121 4628 3305 4698 Neque
3363 4627 3609 4697 polluen-

1962 4700 2005 4754 ί)
2035 4725 2123 4769 tur
2153 4717 2296 4769 ultra
2343 4717 2398 4770 in
2443 4716 2605 4772 idolis
2642 4718 2798 4773 suis:
2839 4726 2893 4774 et
2926 4720 3108 4773 salvos
3155 4734 3251 4773 eos
3309 4715 3505 4771 faciam
3540 4715 3609 4770 de

2034 4806 2309 4862 universis
2333 4806 2576 4873 sedibus,
2598 4807 2653 4862 in
2687 4808 2889 4878 quibus
2928 4815 3314 4877 peccaverunt,
3331 4814 3388 4862 et
3415 4820 3608 4861 emun-

2033 4896 2174 4951 dabo
2204 4911 2300 4950 eos
2337 4915 2350 4950 :
2387 4904 2441 4951 et
2487 4903 2652 4951 erunt
2704 4899 2838 4952 mihi
2891 4898 3146 4969 populus,
3181 4903 3235 4950 et
3271 4910 3373 4965 ego
3401 4908 3496 4949 ero
3524 4893 3608 4948 eis

2033 4987 2195 5044 Deus.
2221 4988 2285 5044 Et
2313 5004 2508 5045 servus
2532 5005 2687 5046 meus
2710 4990 2876 5045 David
2895 5006 2989 5044 rex
3019 5003 3182 5058 super
3202 5002 3318 5051 eos,
3336 4995 3390 5042 et
3418 4994 3608 5056 pastor

2032 5097 2174 5137 unus
2218 5082 2323 5136 erit
2350 5082 2595 5137 omnium
2627 5099 2817 5139 eorum
2851 5101 2866 5138 :
2901 5084 2958 5137 in
2991 5081 3213 5151 judiciis
3240 5079 3378 5136 meis
3411 5078 3607 5133 ambu-

2030 5176 2241 5234 labunt.
2275 5181 2328 5229 et
2361 5176 2617 5228 mandata
2652 5190 2771 5228 mea
2814 5174 3142 5241 custodient,
3179 5181 3234 5229 et
3270 5173 3477 5229 facient
3516 5189 3603 5230 ea.

2028 5266 2094 5320 Et
2123 5267 2450 5322 babitabunt
2482 5283 2649 5338 super
2678 5276 2931 5330 terram,
2955 5281 3118 5336 quam
3142 5265 3268 5322 dedi
3293 5281 3454 5322 servo
3483 5282 3607 5322 meo

2026 5356 2216 5423 Jacob,
2247 5361 2301 5413 in
2326 5376 2431 5430 qua
2463 5361 2842 5415 habitaverunt
2874 5368 3056 5430 patres
3083 5359 3247 5415 vestri
3272 5378 3287 5415 :
3312 5368 3366 5415 et
3388 5360 3606 5414 habita-

2029 5453 2165 5507 bunt
2194 5469 2357 5524 super
2385 5470 2503 5509 eam
2536 5454 2660 5524 ipsi,
2687 5462 2737 5508 et
2783 5453 2876 5507 ﬁlii
2898 5469 3110 5517 eorum,
3152 5461 3207 5510 ct
3238 5454 3334 5508 ﬁlii
3364 5453 3603 5509 ﬁliorum

2024 5558 2237 5608 eorum,
2280 5559 2451 5614 usque
2487 5545 2541 5597 in
2589 5547 2976 5614 sempiternum
3035 5563 3047 5598 :
3097 5554 3150 5598 et
3192 5544 3361 5600 David
3411 5560 3605 5602 servus

2024 5648 2181 5690 meus
2219 5634 2473 5704 princeps
2502 5648 2691 5688 eorum
2725 5633 2778 5685 in
2826 5643 3168 5703 perpetuum.
3200 5631 3268 5686 Et
3298 5634 3601 5704 percutiam

2024 5725 2134 5782 illis
2187 5725 2369 5784 {cadus
2419 5727 2596 5798 pacis,
2628 5733 2848 5797 paetum
2891 5728 3291 5798 sempiternum
3323 5728 3427 5785 erit
3457 5731 3538 5785 eis
3581 5748 3595 5785 :

2021 5827 2077 5879 et
2109 5819 2348 5878 fundabo
2370 5835 2485 5887 eos,
2509 5826 2563 5875 et
2592 5820 2989 5893 multiplicabo,
3017 5826 3071 5875 et
3114 5819 3256 5878 dabo
3288 5822 3570 5879 sanetiﬁca
