4100 6466
483 456 616 515 “7|

1204 457 1473 513 EUSEBII
1509 458 1987 517 CIBSARIENSIS
2024 460 2177 518 OPP.
2217 461 2399 517 PARS
2436 462 2522 520 Ill.
2554 495 2623 505 —
2645 461 3055 520 EXEGETICA.

3609 466 3751 522 “72

481 575 682 628 tionem
718 588 891 628 meam
918 573 972 627 in
992 570 1173 628 medio
1197 589 1388 628 eorum
1410 576 1465 628 in
1500 586 1858 644 perpetuum;
1887 584 1940 632 et
1966 579 2054 633 erit

2170 580 2400 653 διαθήκη
2429 581 2643 644 αἰώνιος
2673 580 2826 633 ἔσται
2858 580 2974 650 μετ’
2998 576 3199 632 αύτῶψ
3231 579 3326 632 καὶ
3348 578 3497 650 θήσω
3520 578 3590 632 τὰ
3618 582 3751 649 ama

480 666 893 720 tabernaculum
955 680 1134 721 meum
1196 666 1253 720 in
1284 666 1365 721 eis
1398 686 1410 720 :
1443 676 1497 722 et
1555 683 1651 722 ero
1706 669 1787 724 eis
1815 668 1978 734 Deus,
2010 678 2065 725 et

480 759 584 828 ipsi
617 767 780 813 erunt
807 758 941 812 mihi
991 759 1247 829 populus.
1278 758 1345 813 Et
1377 760 1555 816 scient
1584 772 1771 831 gemes
1803 763 1931 832 quia
1963 778 2064 833 ego

478 850 745 907 Dominus
778 853 1155 909 sanctiﬁcator
1178 853 1367 919 Israel,
1400 872 1525 910 cum
1552 856 1716 911 fuerit
1749 857 2062 912 sanctiﬁca-

478 941 554 993 tio
586 924 704 995 mea
766 942 822 995 in
856 942 1036 997 medio
1078 959 1269 998 eorum
1321 945 1377 998 in
1429 954 1751 1016 perpetuum
1779 946 1844 1001 ³⁸.
1886 966 1905 997 ›
1934 946 2065 1002 Post

477 1031 842 1101 dispersionis
880 1035 1185 1105 spiritualis
1221 1038 1448 1107 verique
1475 1038 1643 1093 Israel
1678 1039 2060 1109 congregatio-

476 1140 625 1189 nem,
656 1135 711 1178 et
753 1134 877 1195 post
914 1129 1256 1197 perditarum
1304 1129 1501 1186 domus
1550 1129 1720 1186 Israel
1767 1133 1950 1185 ovium
1980 1132 2066 1186 in-

474 1217 810 1281 ventionem,
850 1220 1189 1289 plenitudine
1220 1223 1465 1292 gentium
1498 1234 1899 1288 consummata,
1932 1235 2064 1281 tunc

474 1307 740 1366 Dominus
792 1311 908 1382 ipse
944 1312 1129 1367 futuro
1172 1314 1295 1382 ejus
1350 1315 1552 1385 populo
1600 1330 1661 1371 se
1710 1315 1825 1371 fore
1866 1315 2060 1382 Deum,

472 1402 702 1473 ejusque
747 1418 965 1459 servum
1010 1403 1180 1459 David
1224 1406 1525 1477 principem
1556 1408 1982 1463 constituturum
2006 1409 2061 1464 in

473 1494 652 1549 medio
696 1510 909 1559 eorum,
946 1496 1039 1565 qui
1082 1508 1269 1566 pascet
1319 1487 1415 1553 eos
1462 1505 1517 1550 et
1559 1496 1930 1552 dominabitur
1979 1498 2060 1553 eis

471 1600 585 1640 non
617 1602 791 1656 parvo
822 1594 877 1641 et
924 1589 1076 1641 brevi
1117 1597 1381 1658 temporc,
1413 1587 1508 1643 sed
1552 1588 1607 1645 in
1645 1590 2057 1659 sempiternum,

473 1677 785 1744 pollicetur.
821 1675 1152 1733 Existiment
1178 1677 1366 1747 igitur,
1408 1677 1556 1739 licet,
1578 1674 1749 1730 Judazi
1782 1677 2059 1732 hominem

472 1768 624 1821 illum
667 1766 837 1820 ﬁlium
894 1765 1049 1822 Jesse
1101 1765 1388 1836 Scriptura
1435 1767 1790 1835 pratnuntiari
1846 1766 1947 1834 eis,
1980 1782 2065 1821 re-

471 1873 639 1930 gnum
666 1858 787 1928 ejus
812 1867 1073 1913 terrestre
1100 1858 1205 1914 sibi
1240 1858 1528 1928 ﬁngentes,
1562 1856 1767 1929 Deique
1788 1858 2058 1928 promissa

2174 669 2364 742 μου’ὲν
2393 673 2541 744 μέσῳ
2565 671 2744 725 αὐτῶν
2765 673 2844 734 εἰς
2868 670 2961 724 τὸν
2983 667 3173 735 αἰῶνα,
3212 669 3307 723 καὶ
3329 668 3482 724 ἔσται
3520 671 3553 740 ἠ
3583 686 3751 725 κατα-

2172 762 2439 832 σκήνωσίς
2466 779 2565 832 μου
2591 763 2647 814 ὲν
2667 762 2870 825 αὐτοῖς,
2897 761 2993 814 καὶ
3022 759 3236 813 ἔσονταί
3258 776 3348 831 μοι
3378 761 3457 823 είς
3482 759 3630 825 λαὸν,
3655 760 3755 829 καὶ,

2170 850 2280 920 ἐγὼ
2308 851 2501 922 ἔσομαι
2537 852 2719 915 αὐτοῖς
2756 853 2839 915 είς
2867 850 3021 906 Θεόν.
3066 852 3176 905 Καὶ
3199 850 3498 920 γνώσονται
3521 850 3594 905 τὰ
3619 851 3749 921 ἔθνη

2168 943 2252 996 ὅτι
2273 942 2382 1012 ἐγώ
2408 945 2522 1014 είμι
2545 942 2752 1015 Κύριος
2770 944 2799 996 6
2822 942 3061 1012 ἁγιάζων
3088 944 3307 1010 αὐτοὺς,
3341 946 3398 997 ὲν
3417 943 3496 1015 τῷ
3523 940 3752 998 εἶναιτὰ

2170 1037 2302 1106 ἅγιά
2340 1055 2441 1111 μου
2467 1039 2524 1090 ἐν
2557 1038 2706 1107 μέσῳ
2736 1035 2913 1090 αὑτῶν
2944 1038 3024 1100 εἰς
3061 1037 3153 1091 τὸν
3177 1035 3368 1090 αίῶνα.
3406 1055 3424 1087 ι
3468 1035 3624 1089 Μετά
3648 1035 3752 1107 τὴν

2167 1129 2269 1199 τῆς
2312 1129 2609 1200 διασπορᾶς
2650 1127 2745 1181 τοῦ
2800 1129 3172 1199 πνευματικοῦ
3213 1130 3307 1181 καὶ
3346 1127 3601 1200 ἀληθινοῦ
3644 1129 3752 1183 Ἰσ-

2172 1222 2309 1295 ραὴλ
2337 1222 2776 1294 ἐπισυναγωγὴν,
2819 1222 2915 1275 καὶ⁹
2945 1222 3083 1292 μετὰ
3114 1202 3212 1292 τὴν
3238 1219 3454 1291 εὕρεσιν
3477 1219 3587 1273 τῶν
3642 1221 3752 1274 ἀπ-

2166 1314 2443 1367 ολωλότων
2479 1313 2767 1387 προϐάτων
2807 1313 2956 1368 οἴκου
2998 1311 3234 1385 Ἰσραὴλ,
3251 1311 3346 1365 τοῦ
3384 1311 3753 1383 πληρώματος

2166 1402 2274 1457 τῶν
2300 1402 2469 1457 ἐθνῶν
2496 1403 3029 1475 προεισεληλυθότος,
3055 1401 3354 1474 τηνικαῦτα
3382 1403 3411 1455 ὁ
3430 1401 3634 1473 Κύριος
3659 1403 3753 1455 αύο

2167 1490 2257 1554 τὸς
2283 1491 2380 1561 μὲν
2405 1490 2622 1544 ἔσεσθαι
2649 1493 2729 1556 είς
2760 1491 2894 1546 Θεὸν
2918 1491 2995 1562 τῷ
3033 1492 3275 1563 ἐσομένῳ
3301 1490 3466 1545 αὐτοῦ
3496 1491 3632 1563 λαῷ,
3654 1490 3754 1546 τὸν

2165 1582 2223 1637 δὲ
2251 1582 2434 1636 δοῦλον
2456 1582 2619 1637 αὑτοῦ
2654 1583 2819 1638 Δαυῒδ
2862 1584 3100 1655 ἄρχοντα
3138 1582 3323 1655 θήσειν
3353 1585 3410 1636 ὲν
3448 1583 3599 1654 μέσῳ
3649 1582 3752 1637 αύ-

2164 1676 2293 1739 τῶν,
2316 1675 2695 1747 ποιμανοῢντα
2724 1676 2927 1739 αὑτοὺς
2953 1676 3047 1729 καὶ
3079 1676 3315 1748 ἄρχοντα
3339 1674 3518 1728 αὐτῶν
3542 1675 3642 1727 οὐκ
3658 1676 3748 1728 ἐπ’

2164 1767 2343 1836 ὀλίγον
2379 1768 2474 1821 καὶ
2508 1767 2716 1839 βραχύν
2763 1774 2885 1821 τινα
2926 1769 3115 1840 χρόνον
3148 1766 3262 1821 ἀλλ’
3305 1767 3401 1819 ἐπὶ
3442 1768 3533 1821 τὸν
3572 1767 3748 1821 αἰῶνα

2166 1858 2527 1928 ὑπισχνεῖται.
2559 1856 2870 1911 Οἰέσθωσαν
2905 1857 3003 1928 μὲν
3028 1854 3121 1911 οὖν
3161 1856 3252 1910 τὸν
3294 1855 3577 1928 ἄνθρωπον
3603 1857 3746 1911 ἐκεῖ-

471 1951 528 2004 in
579 1950 1026 2020 corruptibilibus
1090 1951 1554 2021 terrestribusque
1591 1957 1646 2005 et
1694 1951 1879 2005 divina
1930 1965 2054 2020 pro-

2158 1966 2246 2003 νον
2277 1950 2368 2003 τὸν
2400 1948 2514 2002 υἱὸν
2557 1949 2755 2002 Ἰεσσαὶ
2788 1947 3325 2017 κατεπαγγέλλεσθαι
3346 1948 3438 2001 τὸν
3460 1948 3615 2017 λόγον
3646 1948 3748 2002 αὑ-

472 2042 734 2098 missione
764 2042 1008 2112 indignis
1038 2032 1424 2112 exspectantes
1466 2062 1480 2097 :
1516 2058 1618 2097 nos
1659 2058 1793 2097 vero
1836 2042 2061 2098 minime

471 2148 773 2203 congruere
794 2148 920 2188 cum
943 2134 1144 2188 divinis
1167 2135 1481 2205 promissis,
1502 2150 1679 2204 neque
1701 2134 1769 2189 ad
1800 2133 2058 2190 Davidem

470 2221 651 2291 ipsum
684 2231 937 2292 spectare
967 2239 1089 2292 quae
1112 2226 1272 2294 quasi
1302 2224 1371 2279 de
1391 2239 1455 2279 eo
1475 2224 1624 2279 dicta
1656 2232 1803 2291 sunt,
1835 2240 2061 2295 persua-

468 2329 589 2368 sum
625 2314 914 2381 habentes,
942 2318 1058 2372 haec
1081 2316 1147 2372 de
1185 2316 1471 2373 Salvatore
1500 2317 1843 2390 Dominoque
1870 2330 2060 2375 nostro

466 2400 595 2459 Jcsu
623 2403 845 2460 Christo
870 2421 901 2460 e
924 2407 1133 2461 semine
1162 2407 1283 2477 ejus
1315 2408 1620 2463 secundum
1654 2424 1877 2464 carnem
1915 2417 2060 2480 geni-

468 2505 522 2549 to
541 2497 870 2567 accipimus,
908 2499 1227 2569 prophetias
1250 2500 1377 2554 huic
1394 2501 1568 2571 magis
1585 2503 1875 2558 convenire
1895 2518 2057 2574 quam

465 2590 545 2644 ἱκί
575 2588 743 2645 David
790 2599 1131 2661 reputantes,
1167 2593 1221 2646 in
1252 2593 1332 2648 eis
1382 2610 1506 2664 quae
1536 2596 1693 2665 quasi
1728 2596 1794 2651 de
1826 2611 2059 2667 persona

466 2679 635 2735 David
667 2682 720 2735 in
758 2683 933 2738 sacris
983 2682 1286 2754 Scripturis
1318 2685 1608 2755 leguntur;
1644 2685 1758 2741 haec
1795 2687 2051 2742 scilicet:

470 2790 492 2824 ι
536 2772 798 2829 Dominus
823 2775 1046 2830 dixitad
1085 2792 1173 2831 me
1201 2795 1212 2831 :
1247 2775 1421 2832 Filius
1455 2794 1607 2834 meus
1632 2794 1693 2834 es
1722 2786 1802 2843 tu,
1838 2794 1937 2850 ego
1962 2782 2060 2834 ho-

461 2864 553 2921 die
589 2867 754 2935 genui
802 2875 855 2923 te
879 2869 956 2933 ‘7;
998 2888 1017 2920 ι
1050 2869 1332 2939 atqueilla
1371 2888 1386 2924 :
1434 2888 1453 2921 ι
1496 2871 1817 2926 Constitues
1863 2887 1949 2926 me
2002 2871 2059 2926 in

460 2966 624 3027 caput
671 2960 934 3029 gentium,
961 2980 980 3011 ι
1014 2976 1136 3029 quae
1190 2961 1246 3015 in
1284 2961 1501 3016 decimo
1564 2963 1799 3032 septimo
1849 2964 2059 3033 psalmo

459 3047 722 3103 dicuntur
746 3050 822 3117 ul;
863 3050 952 3105 ubi
980 3067 1175 3107 rursus
1209 3054 1367 3123 quasi
1392 3052 1460 3109 de
1492 3054 1613 3123 ejus
1659 3069 1895 3124 persona
1928 3056 2061 3127 legi-

459 3156 615 3196 mus:
647 3160 665 3192 ι
687 3140 933 3214 Populus
962 3159 1123 3213 quem
1156 3160 1266 3199 non
1316 3147 1570 3222 cognovi,
1614 3146 1842 3202 servivit
1877 3147 2008 3200 mihi
2041 3163 2056 3214 ;

458 3232 515 3286 in
547 3234 738 3288 auditu
771 3235 921 3289 auris
937 3236 1179 3291 obedivit
1207 3237 1342 3291 mihi
1368 3239 1433 3290 ¹⁹.
1461 3256 1480 3288 ι
1504 3237 1578 3292 De
1598 3254 1708 3308 quo
1738 3238 1885 3293 enim
1911 3237 2058 3295 Deus

2159 2042 2272 2103 τοῖς
2304 2040 2353 2093 οἱ
2381 2040 2445 2093 ὲκ
2490 2040 2828 2111 περιτόμης,
2885 2038 3163 2109 βασιλείαν
3209 2038 3373 2093 αὑτοῦ
3425 2040 3746 2112 σωματικὴν

2160 2124 2317 2193 αὖθις
2345 2128 2774 2200 φανταζόμενοι,
2805 2130 2902 2183 καὶ
2929 2131 3029 2194 τὰς
3062 2131 3383 2201 ὑποσχέσεις
3411 2130 3505 2184 τοῦ
3534 2131 3669 2185 Θεοῦ
3685 2133 3748 2186 ὲν

2161 2222 2416 2293 φθαρτοῖς
2442 2223 2538 2276 καὶ
2569 2222 2775 2292 γηῖνοις
2808 2223 2903 2277 καί
2948 2222 3095 2288 θείας
3124 2224 3362 2289 ἀναξίοις
3384 2223 3748 2293 ὲπαγγελείας

2160 2316 2608 2387 καραδοκοῦντες·
2662 2318 2822 2387 ἡμεῖς
2870 2316 2928 2371 δὲ
2982 2317 3245 2388 μηδαμῶς
3292 2318 3550 2389 ἁρμόζειν
3606 2318 3747 2389 μήτε

2161 2408 2332 2473 θείαις
2357 2411 2702 2482 ὑποσχέσεσι,
2737 2414 2873 2485 μήτε
2916 2410 3020 2483 μὴν
3051 2413 3130 2475 εἰς
3172 2410 3337 2465 αὐτὸν
3378 2410 3747 2481 ἀναφέρεσθαι

2158 2498 2250 2550 τὸν
2286 2498 2480 2565 Δαυῖδ,
2527 2502 2596 2555 τὰ
2628 2502 2703 2565 ὡς
2734 2502 2863 2572 περὶ
2897 2501 3063 2556 αὑτοῦ
3112 2500 3381 2571 λεγόμενα
3433 2501 3746 2573 πειθόμενοι

2161 2592 2254 2644 ἐπὶ
2276 2593 2366 2645 τὸν
2399 2596 2464 2646 ὲκ
2494 2593 2804 2664 σπέρματος
2841 2592 3005 2647 αὑτοῦ
3031 2593 3122 2646 τὸν
3145 2592 3287 2646 κατά
3318 2593 3497 2664 σάρκα
3521 2593 3749 2664 γενόμε-

2161 2699 2249 2736 νον
2269 2683 2498 2755 Σωτῆρα
2525 2684 2619 2736 καὶ
2644 2684 2849 2755 Κύριον
2864 2683 3020 2754 ήμῶν
3059 2682 3264 2753 Ἰησοῦν
3287 2684 3522 2755 Χριστὸν
3538 2683 3748 2755 ἐκλαμ-

2161 2773 2445 2845 ϐάνωμεν,
2479 2776 2577 2838 τὰς
2628 2775 2965 2846 προφητείας
3012 2776 3187 2846 τούτῳ
3237 2774 3434 2846 μᾶλλον
3483 2776 3749 2847 ἁρμόζειν

2159 2864 2303 2936 ἥπερ
2331 2866 2523 2936 ἐκείνῳ
2548 2865 2627 2937 τῷ
2648 2862 2827 2919 ’Δαυῖδ
2858 2866 3093 2937 οἰόμενοι
3114 2908 3127 2931 ,
3155 2866 3225 2919 τὰ
3250 2867 3325 2930 ὡς
3366 2866 3431 2920 ἂν
3475 2870 3537 2920 ὲκ
3572 2885 3747 2941 προσ-

2159 2956 2310 3011 ώπου
2333 2956 2493 3012 Δαυῒδ
2524 2959 2580 3012 ὲν
2606 2961 2727 3022 ταῖς
2751 2961 2924 3030 ἱεραῖς
2949 2960 3195 3028 Γραφαῖς
3226 2960 3579 3031 ὲμφερόμενα
3598 2977 3611 2991 ·
3633 2955 3747 3014 οἷόν

2160 3051 2305 3104 ἐστιν
2337 3049 2429 3115 τὸ,
2471 3071 2489 3101 ‹
2527 3052 2733 3122 Κύριος
2766 3048 2919 3105 εἶπεν
2956 3052 3093 3124 πρὸς
3122 3052 3223 3123 μὲ,
3256 3052 3381 3116 Υἱός
3420 3069 3521 3123 μου
3562 3051 3610 3104 εἰ
3651 3053 3744 3106 σύ·

2160 3142 2270 3212 ἐγὼ
2300 3148 2538 3216 σήμερον
2562 3143 2869 3217 γεγέννηκά
2896 3161 2955 3197 σε
2974 3161 2987 3174 ·
3026 3164 3046 3196 ι
3080 3144 3176 3198 καὶ
3200 3144 3283 3208 τὸ,
3314 3163 3333 3197 ι
3364 3146 3747 3216 Καταστήσεις

2164 3251 2232 3305 με
2265 3238 2343 3299 εἰς
2390 3237 2633 3308 κεφαλὴν
2676 3236 2864 3303 ἐθνῶν,
2902 3257 2921 3289 ι
2971 3236 3264 3308 λεγόμενον
3309 3240 3367 3291 ὲν
3411 3235 3475 3301 ιζ’
3517 3236 3743 3307 ψαλμῷσ

457 3323 666 3382 dixisse
690 3326 1093 3385 existimandus
1127 3337 1211 3385 est
1238 3347 1250 3383 :
1278 3348 1297 3381 ι
1327 3328 1746 3400 1ρεθ,ἰιινοοιιι)ίι
1767 3330 2052 3397 me,Pater

2158 3324 2281 3377 ἔνθα
2334 3324 2494 3378 πάλιν
2541 3329 2616 3390 ὡς
2662 3328 2726 3379 ὲκ
2780 3326 3070 3397 προσώπου
3126 3327 3289 3380 αὑτοῦ
3342 3326 3589 3381 λέλεκται
3645 3327 3744 3393 τὸ,

458 3432 614 3472 meus
634 3432 694 3472 es
726 3424 784 3472 tu
806 3419 874 3483 ³ο,
908 3438 926 3471 ι
963 3427 1127 3490 atque
1157 3438 1169 3473 :
1211 3438 1229 3470 ι
1260 3419 1326 3473 Et
1354 3437 1453 3491 ego
1489 3422 1909 3491 primogenitum
1940 3436 2051 3494 po-

456 3523 584 3563 nam
632 3523 755 3564 eum
790 3510 859 3572 ἰ,
899 3529 918 3561 ι
959 3511 1069 3565 nisi
1102 3509 1171 3565 de
1196 3508 1482 3565 Salvatore
1521 3519 1735 3576 nostro,
1766 3510 2053 3582 unigenito

455 3600 578 3669 ejus
610 3599 791 3658 Filio?
820 3601 965 3669 Quid
1004 3605 1151 3659 enim
1187 3605 1466 3676 singulare
1507 3620 1620 3677 pra:
1665 3605 1879 3661 caateris
1920 3621 2049 3676 pro-

454 3692 637 3763 phetis
678 3694 1136 3766 justisque-viris
1182 3698 1364 3752 evenit
1418 3696 1627 3761 Davidi,
1676 3706 1734 3752 ut
1766 3700 1926 3769 quasi
1983 3701 2052 3756 de

458 3785 581 3854 ipso
610 3786 731 3841 solo
760 3786 1038 3843 diceretur
1082 3789 1664 3860 prophetizareturque
1706 3805 1830 3845 eum
1865 3806 2049 3861 regem

455 3886 839 3935 surrecturum
891 3897 1016 3937 esse
1067 3890 1457 3953 pastoremque
1509 3881 1607 3938 Dei
1660 3885 1881 3939 ovium?
1923 3883 2049 3940 ﬂare

455 3970 629 4041 igitur
658 3973 842 4026 omnia
870 3973 1143 4037 videntes,
1177 3982 1342 4045 atque
1390 3974 1542 4031 Isaia:
1581 3977 1925 4047 prophetiam
1975 3987 2052 4031 at-

452 4061 761 4127 tendentes,
807 4071 932 4134 post
962 4063 1186 4121 Davidis
1227 4074 1460 4121 mortem
1506 4068 1621 4122 haec
1655 4067 1761 4122 alia
1799 4083 2051 4138 praenun-

449 4154 678 4210 tiantem
707 4154 776 4210 de
822 4156 1049 4212 Christo
1084 4175 1098 4210 :
1140 4175 1159 4208 ι
1205 4156 1539 4228 Egredietur
1578 4159 1733 4229 virga
1763 4159 1833 4215 de
1861 4159 2047 4215 radice

447 4244 623 4308 Iesse,
640 4254 695 4301 et
726 4245 827 4302 ﬂos
855 4247 924 4302 de
952 4248 1139 4304 radice
1169 4249 1290 4318 ejus
1322 4250 1617 4306 ascendet:
1646 4260 1703 4306 et
1732 4252 2045 4322 requiescet

448 4350 616 4405 super
640 4352 766 4391 eum
790 4335 1030 4406 Spiritus
1063 4337 1279 4393 Domini
1309 4342 1389 4407 ²¹;
1429 4360 1449 4392 ι
1491 4347 1545 4396 et
1572 4355 1694 4410 qua:
1718 4348 2044 4410 sequuntur,

449 4423 595 4479 sicut
636 4440 701 4479 ea
733 4440 1051 4496 quae~nunc
1102 4438 1439 4497 scrutamur,
1474 4429 1542 4485 de
1600 4430 1722 4500 ipso
1772 4431 1933 4500 quasi
1977 4431 2047 4487 de

448 4512 657 4568 Davide
690 4514 838 4573 dicta
865 4517 1224 4575 credidimus.
1261 4518 1427 4577 Solus
1456 4522 1605 4576 enim
1637 4521 1891 4578 Christus
1926 4520 2042 4589 Dei,

447 4609 826 4678 metaphorice
854 4611 1024 4667 David
1054 4609 1380 4684 appellatus,
1410 4616 1589 4671 bonus
1619 4624 1807 4685 pastor
1830 4616 2040 4672 iuveni-

445 4708 557 4765 tur,
591 4701 701 4756 dux
735 4712 790 4757 et
821 4703 1062 4758 salvator
1095 4703 1187 4757 Dei
1219 4704 1398 4775 gregis
1436 4712 1491 4759 et
1520 4703 1777 4758 Ecclesia:
1813 4703 1990 4759 factus
2017 4723 2031 4772 ;

443 4795 538 4866 qui
575 4810 670 4850 rex
702 4810 870 4867 super
901 4812 1115 4852 omnem
1159 4796 1502 4867 spiritualem
1554 4794 1721 4851 Israel
1770 4813 1801 4851 a
1870 4796 2035 4853 Patre

444 4888 889 4953 constituendus,
915 4890 1095 4945 soluta
1118 4904 1149 4943 a
1168 4888 1398 4945 Domino
1429 4888 1616 4960 populi
1645 4888 1767 4959 ejus
1796 4889 2035 4960 captivi-

444 4987 556 5033 tate
593 4980 1031 5050 prophetizatur.

2161 3434 2179 3467 ι
2220 3417 2362 3481 Aab;
2393 3417 2452 3471 ὃν
2481 3419 2581 3471 ούκ
2613 3417 2784 3487 ἔγνων
2814 3419 3094 3472 ἐδούλευσε
3120 3436 3230 3489 μοι·
3270 3422 3350 3483 εις
3375 3420 3546 3491 ἀκοὴν
3577 3418 3745 3472 ὠτίου

2155 3508 2434 3581 ὑπήκουσέ
2480 3528 2603 3581 μου.
2645 3530 2663 3562 ι
2704 3511 2841 3581 Περὶ
2877 3511 3020 3576 τίνος
3059 3511 3117 3565 δὲ
3154 3510 3314 3566 ἄλλου
3360 3512 3628 3582 προσήκει
3663 3509 3744 3584 [ν]

2153 3603 2243 3657 τὸν
2270 3601 2402 3655 Θεὸν
2429 3603 2658 3672 φάσκειν
2693 3605 2940 3656 ὑπονοεῖν
2967 3603 3049 3668 τὸ,
3090 3623 3109 3655 ι
3151 3603 3323 3667 Αὐτὸς
3354 3601 3747 3666 ὲπικαλέσεταί

2156 3713 2245 3767 με,
2274 3696 2467 3767 Πατήρ
2499 3713 2599 3767 μου
2628 3690 2678 3748 εἷ
2707 3695 2793 3749 σύ·
2828 3716 2847 3749 ι
2889 3696 2985 3749 καὶ
3012 3697 3093 3760 τὸ,
3136 3716 3154 3747 ‹
3199 3695 3371 3764 Κάγὼ
3398 3695 3746 3767 πρωτότοκον

2153 3787 2394 3861 θήσομαι
2418 3788 2604 3851 αὑτὸν,
2638 3807 2657 3840 ι
2693 3787 2726 3859 ἢ
2755 3789 2885 3860 περὶ
2914 3787 3007 3841 τοῦ
3040 3787 3291 3859 Σωτῆρος
3323 3787 3480 3858 ήμῶν
3513 3786 3608 3839 τοῦ
3639 3804 3743 3859 μο-

2151 3879 2401 3947 νογενοῦς
2431 3877 2622 3941 παιδὸς
2660 3876 2860 3943 αὑτοῦ;
2895 3877 2960 3930 Τί
2978 3875 3091 3949 γάρ
3128 3875 3402 3947 ἐξαίρετον
3430 3876 3587 3946 παρά
3610 3874 3743 3938 τοὺς

2151 3970 2373 4034 λοιποὺς
2397 3972 2682 4042 προφήτας
2709 3987 2769 4023 τε
2794 3970 2888 4024 καὶ
2918 3968 3160 4032 δικαίους
3187 3967 3386 4037 ἄνδρας
3411 3965 3745 4039 κατωρθῶτο

2148 4062 2228 4134 τῷ
2257 4063 2437 4129 Δαυῒδ,
2463 4063 2539 4126 ώς
2564 4064 2693 4136 περὶ
2722 4062 2882 4133 μόνου
2918 4061 3085 4115 αὑτοῦ
3118 4059 3291 4114 ταῦτα
3322 4058 3607 4129 λέγεσθαι,
3645 4058 3745 4113 καὶ

2151 4155 2314 4210 αὑτὸν
2334 4153 2777 4227 προφητεύεσθαι
2812 4149 2969 4216 αὖθις
2997 4150 3398 4223 ἀναστήσεσθαι
3427 4149 3650 4220 βασιλέα
3675 4165 3741 4201 τε

2150 4249 2244 4300 καὶ
2270 4245 2503 4316 ποιμένα
2516 4245 2626 4299 τῶν
2655 4244 2751 4299 τοῦ
2770 4242 2906 4297 Θεοῦ
2926 4242 3215 4314 προϐάτων
3233 4258 3247 4305 ;
3266 4240 3453 4294 Ταῦτα
3477 4240 3542 4312 δὴ
3559 4239 3742 4293 πάντα

2149 4335 2514 4406 συνορῶντες,
2557 4333 2876 4403 ἐφιστάντες
2911 4336 2979 4405 τῇ
3016 4332 3109 4387 τοῦ
3163 4332 3383 4386 Ἡσαΐου
3430 4329 3742 4402 προφητείᾳ

2149 4429 2288 4501 μετὰ
2322 4429 2422 4501 τὴν
2451 4428 2548 4483 τοῦ
2591 4428 2755 4482 Δαυῖδ
2793 4428 3049 4499 τελευτὴν
3092 4424 3545 4498 ἀνακηρυττούσῃ
3571 4423 3643 4477 τά
3672 4440 3739 4476 τε

2146 4519 2280 4576 ἄλλα
2309 4522 2439 4593 περὶ
2469 4520 2564 4573 τοῦ
2596 4519 2859 4589 Χριστοῦ,
2883 4521 2976 4573 καὶ
3005 4519 3102 4595 τό,
3144 4538 3162 4571 ι
3213 4516 3584 4582 Ἐξελεύσεται
3639 4514 3743 4586 ρά-

2145 4612 2267 4675 ϐδος
2290 4613 2355 4664 ὲκ
2380 4612 2481 4682 τῆς
2498 4611 2655 4682 ῥίζης
2682 4610 2899 4676 Ἰεσσαὶ,
2923 4609 3016 4664 καὶ
3040 4609 3199 4674 ἄνθος
3222 4611 3287 4662 ὲκ
3311 4607 3412 4677 τῆς
3434 4607 3591 4679 ῥίζης
3606 4608 3744 4660 ἀνα-

2143 4706 2400 4775 ϐήσεται,
2443 4706 2537 4757 καὶ
2568 4703 3009 4758 ὲπαναπαύσεται
3042 4704 3127 4756 ἐπ’
3162 4702 3322 4756 αὑτὸν
3367 4689 3593 4770 Πνεῦμα
3639 4697 3741 4753 τοῦ

2144 4794 2206 4865 (l'.
2244 4795 2335 4858 '58,
2369 4794 2444 4867 v°)
2477 4794 2635 4848 Θεοῦο
2676 4815 2695 4846 ο
2729 4794 2914 4848 καὶτὰ
2945 4794 3155 4857 τούτοις
3189 4792 3316 4863 ἑξῆς
3348 4790 3573 4853 εἰκότως
3604 4790 3744 4862 περὶ

2138 4886 2235 4940 τοῦ
2266 4887 2430 4940 αὑτοῦ
2463 4888 2559 4941 καὶ
2585 4887 2654 4942 τὰ
2687 4885 2895 4952 ἐνθάδε,
2937 4885 3013 4948 ώς
3045 4884 3174 4955 περὶ
3204 4880 3365 4937 sum
3398 4879 3744 4952 προφητευό-

2144 4998 2298 5051 μενα,
2328 4980 2582 5050 λέγεσθαι
2607 4978 2971 5050 πεπείσμεθα.
2995 4977 3172 5040 Μόνος
3193 4976 3302 5047 γὰρ
3316 4977 3344 5028 6
3366 4974 3602 5046 Χριστὸς
3638 4971 3741 5027 τοῦ

441 5069 600 5136 Θεοῦ,
634 5075 775 5127 κατά
796 5074 896 5147 τὴν
933 5075 1243 5146 μεταφορὰν
1268 5075 1366 5147 τῆς
1393 5076 1764 5149 προσηγορίας
1792 5076 1887 5130 καὶ
1914 5074 2079 5130 Δαυῒδ
2100 5077 2471 5150 χρηματίσας,
2534 5075 2739 5148 ποιμὴν
2807 5077 2836 5128 6
2890 5073 3054 5138 καλὸς
3091 5071 3486 5135 ἀναδέδεικται,
3553 5070 3735 5141 ἀρχη-

441 5165 537 5234 γὸς
564 5165 658 5219 καὶ
684 5166 875 5240 Σωτήρ
894 5169 996 5238 τῆς
1010 5166 1103 5221 τοῦ
1119 5168 1254 5222 Θεοῦ
1276 5169 1509 5241 ποίμνης
1532 5187 1595 5222 τε
1624 5170 1719 5224 καὶ
1767 5168 2093 5239 Ἐκκλησίας
2129 5171 2514 5242 γεγενημένοςο
2545 5170 2605 5235 ὃς
2640 5168 2890 5240 βασιλεὺς
2915 5168 3009 5221 ἐπὶ
3047 5167 3222 5221 πάντα
3256 5165 3349 5219 τὸν
3379 5163 3572 5236 νοητὸν
3617 5163 3720 5218 Ἱσ-

442 5258 583 5330 ραὴλ
609 5258 714 5312 ὑπὸ
750 5258 845 5312 τοῦ
878 5260 1089 5331 Πατρὸς
1155 5261 1660 5334 κατασταθήσεσθαι
1695 5259 1834 5333 μετά
1896 5260 1959 5315 τὸ
2021 5262 2349 5336 ἐπιστρέψαι
2383 5262 2589 5338 Κύριον
2634 5263 2735 5333 τὴν
2786 5259 3162 5332 αἰχμαλωσίαν
3207 5257 3303 5312 τοῦ
3362 5256 3495 5312 λαοῦ
3559 5255 3727 5312 αὑτοῦ

444 5349 869 5423 προφητεύεταισ

1017 5475 1247 5534 CAPUT
1301 5476 1459 5533 XLII.

1061 5569 1148 5625 Ea:
1180 5569 1425 5626 Daniele.

525 5651 652 5711 IIa:c
680 5655 868 5714 Daniel
898 5660 1033 5716 dicit
1071 5683 1084 5717 :
1123 5681 1141 5714 ι
1184 5663 1245 5717 In
1275 5663 1469 5719 diebus
1515 5670 1697 5719 autem
1740 5678 2035 5735 regnorum

2651 5472 3047 5529 ΚΕΦΑΛΑΙΟΝ
3083 5472 3216 5527 ΜΒ⁸.

2665 5562 2798 5622 Ἀπὸ
2828 5566 2935 5623 τοῦ
2960 5564 3200 5631 Δανιὴλ.

2216 5663 2410 5735 Δανιήλ
2438 5665 2584 5718 ἐστιν
2608 5661 2636 5712 ὁ
2674 5659 2918 5728 φάσκων·
2963 5679 2981 5709 ι
3014 5657 3126 5711 Καὶ
3157 5659 3213 5709 ὲν
3239 5656 3349 5719 τοῖς
3379 5653 3590 5726 χρόνοις
3609 5649 3727 5707 τῶν

531 5809 575 5888 f‘
600 5808 797 5888 Eiech.
821 5830 1031 5878 xxxvii,
1061 5814 1253 5888 @138.
1330 5818 1371 5850 "
1404 5816 1545 5873 Psal.
1596 5834 1653 5882 ιι,
1690 5820 1740 5877 7.
1823 5820 1865 5854 ’⁸
1894 5820 2036 5877 Psal.

2159 5837 2195 5888 ι,
2224 5778 2322 5877 ιιξ
2393 5821 2436 5854 ι·
2468 5820 2599 5877 ibid.
2638 5821 2725 5879 45.
2803 5818 3434 5885 '°Psal.uxxvnt,27.
3511 5814 3555 5847 ιι
3587 5812 3732 5872 ibid.

466 5875 562 5933 28.
639 5881 684 5911 “
713 5880 819 5935 lsa.
853 5898 932 5947 xl,
971 5875 1032 5948 1,
1070 5884 1121 5938 '2.
