4100 6432
351 455 488 510 H73

1413 448 1705 506 ECLOG/E
1747 448 2234 511 PROPIIETICAS.
2275 488 2345 497 —
2381 454 2509 510 LIB.
2552 454 2595 510 Ῑ.

3489 461 3637 516 ιιῖι

353 569 619 641 βασιλέων
672 570 967 641 ἀγαπήσει
1003 570 1032 621 6
1072 566 1206 631 Θεὸς
1249 564 1343 619 τοῦ
1376 565 1608 638 ούρανοῦ
1664 564 1939 636 βασιλείαν

2047 569 2263 624 illorum
2303 571 2594 627 suscitabit
2628 569 2772 629 Deus
2794 572 2918 628 θαιὶί
2950 573 3181 629 alterum
3223 591 3471 647 regnum,
3498 577 3644 647 quod

352 663 540 734 ἄλλην,
564 663 791 734 ἦτιςέίς
823 663 949 726 τοὺς
964 660 1166 725 αἰῶνας
1189 659 1341 713 ἔσται
1371 661 1466 714 καί
1492 660 1552 713 ού
1577 658 1941 730 φθαρήσεται,

354 756 449 808 καὶ
486 754 626 827 α’ύτη
658 756 692 827 ἡ
720 754 963 825 βασιλεία
980 753 1107 809 ἄλλο
1137 753 1288 817 ἔθνος
1322 753 1382 805 οὐ
1423 751 1498 822 μὴ
1526 752 1686 824 ἐάσῃ,
1712 748 1944 816 πατάξει

352 846 409 899 δὲ
442 847 536 900 καὶ
566 847 818 916 άφανίσει
846 845 943 909 τὰς
969 844 1263 916 βασιλείας,
1296 844 1392 896 καὶ
1419 840 1558 914 αὑτὴ
1595 843 1851 913 στήσεται
1868 845 1948 906 εἰς

352 936 443 991 τδν
468 937 660 1002 αἰῶνα,
684 937 936 1009 καθάπερ
963 936 1211 1008 ἑώρακας
1233 936 1294 1000 ἐξ
1319 935 1478 1007 ὅρους
1499 934 1777 1006 τμηθέντα
1803 932 1950 986 λίθον

354 1030 482 1084 ἄνευ
500 1031 716 1102 χειρῶν,
745 1030 839 1083 καὶ
867 1029 1162 1101 συνηλόησε
1188 1029 1248 1081 τὸ
1271 1028 1557 1099 ὄστρακον,
1582 1026 1674 1080 τὸν
1698 1025 1938 1098 σίδηρον,

356 1123 448 1177 καὶ
478 1123 569 1176 τὸν
603 1121 831 1193 χαλκὸν,
862 1121 1072 1175 καὶτὸν
1102 1122 1362 1193 ἄργυρον,
1400 1119 1493 1173 καὶ
1529 1119 1619 1172 τὸν
1659 1117 1880 1189 χρυσόν.
1927 1135 1945 1168 ι

358 1216 470 1269 Καὶ
487 1215 661 1270 ταῦτα
683 1217 811 1287 περὶ
843 1215 943 1285 τῆς
981 1214 1074 1268 ἐπὶ
1108 1213 1389 1283 συντελείᾳ
1420 1212 1529 1265 τῶν
1550 1210 1761 1266 αἰώνων
1794 1229 1949 1283 γενη-

360 1308 593 1379 σομένης
623 1306 719 1362 τοῦ
751 1307 989 1379 Χριστοῦ
1036 1305 1315 1377 βασιλείας
1356 1303 1628 1377 δηλοῦται·
1666 1305 1695 1356 6
1728 1302 1837 1374 γάρ
1867 1318 1952 1356 τοι

358 1399 525 1464 λίθος,
555 1402 585 1454 6
607 1399 665 1466 ἐξ
705 1400 862 1472 ὅρους
886 1398 1118 1470 τμηθεὶς
1153 1399 1281 1453 ἄνευ
1318 1396 1539 1469 χειρῶν,
1570 1394 1838 1465 σύμϐολον
1873 1393 1942 1448 ἂν

356 1492 442 1563 εἴη
475 1491 569 1545 τοῦ
597 1491 772 1560 Λόγου
802 1490 897 1544 τοῦ
937 1490 1073 1544 Θεοῦ
1096 1530 1111 1555 ,
1142 1490 1237 1543 καὶ
1262 1492 1320 1542 ἐν
1358 1487 1543 1550 ἄλλαις
1588 1484 1950 1557 προφητείαις

355 1582 507 1638 λίθου
539 1582 1070 1654 προσαγορευθέντος
1090 1623 1105 1648 ,
1145 1582 1220 1645 ὡς
1255 1582 1347 1634 ἐπὶ
1378 1577 1497 1643 τοῦ,
1533 1598 1552 1630 ι
1593 1577 1725 1630 Ἰδοὺ
1757 1575 1951 1646 τίθημι

352 1678 415 1731 ὲν
448 1676 586 1730 Σιὼν
618 1675 762 1729 λίθον
792 1676 1185 1747 άκρογωνιαῖον
1222 1672 1477 1728 ἐκλεκτὸν
1513 1671 1750 1743 ἔντιμον·
1786 1688 1804 1721 ι
1836 1667 1951 1733 καὶ,

359 1789 379 1821 ι
411 1769 570 1824 Λίθον
590 1768 649 1822 ὃν
673 1768 1084 1840 ἀπεδοκίμασαν
1116 1770 1168 1821 οἱ
1197 1765 1628 1838 οἰκοδομοῦντες,
1648 1756 1802 1826 οὗτος
1828 1763 1953 1829 ἐγε-

352 1856 489 1929 νήθη
516 1859 594 1921 είς
626 1857 868 1929 κεφαλὴν
898 1858 1122 1927 γωνίας.
1158 1877 1177 1910 ι
1204 1856 1405 1911 Τοῦτον
1433 1854 1526 1910 οὖν
1550 1872 1716 1926 φησιν
1748 1856 1777 1908 6
1810 1870 1954 1925 παρ-

2051 657 2105 711 in
2155 667 2420 714 aeternum
2469 661 2576 716 erit
2625 667 2681 716 et
2728 677 2839 717 non
2882 663 3263 735 dissipabitur,
3311 676 3366 723 et
3415 684 3645 740 regnum

2047 749 2169 812 eius
2200 751 2355 806 alteri
2385 753 2589 824 popqu
2630 768 2739 809 non
2767 740 3016 811 tradetur
3042 777 3053 811 :
3085 759 3420 815 comminuet
3461 771 3644 816 autem

2050 850 2104 897 et
2153 854 2442 897 consumet
2480 845 2738 900 universa
2779 862 2947 918 regna
2996 848 3113 904 haec
3149 870 3162 905 :
3195 855 3249 906 et
3298 852 3478 923 ipsum
3525 861 3644 910 sta-

2050 933 2129 989 bit
2178 933 2233 988 in
2279 942 2543 991 aeternum
2583 955 2596 991 :
2635 940 2935 993 secundum
2967 941 3113 1011 quod
3144 941 3350 1009 vidisti,
3384 944 3531 1015 quod
3574 946 3644 1002 de

2053 1034 2238 1081 monte
2290 1027 2572 1084 abscissus
2605 1036 2688 1084 est
2738 1031 2876 1101 lapis
2925 1033 3046 1089 sine
3095 1034 3377 1101 manibus,
3411 1046 3465 1092 et
3494 1053 3646 1094 com-

2053 1117 2253 1172 minuit
2301 1125 2522 1182 testam,
2559 1130 2612 1175 et
2647 1120 2873 1188 ferrum,
2906 1132 2960 1179 et
3007 1140 3105 1190 aes,
3133 1133 3188 1181 et
3237 1136 3549 1200 argentum,
3588 1137 3645 1185 et

2055 1221 2250 1262 aurum
2284 1207 2350 1261 ³³.
2378 1229 2397 1262 ι
2434 1208 2500 1264 Et
2539 1209 2653 1266 haec
2687 1212 2754 1268 de
2777 1212 2983 1270 Christi
3017 1217 3072 1271 in
3109 1221 3643 1277 consummationem

2056 1302 2239 1358 saeculi
2270 1317 2438 1374 regno
2476 1303 2810 1361 referuntur.
2840 1304 3006 1378 Lapis
3028 1311 3173 1364 enim
3199 1311 3267 1367 de
3297 1322 3485 1369 monte
3520 1314 3642 1370 sine

2055 1394 2310 1449 manibus
2354 1395 2660 1464 abscissus,
2696 1397 3005 1470 symbolum
3040 1410 3187 1457 esset
3226 1401 3387 1459 Verbi
3423 1404 3539 1466 Dei,
3582 1412 3642 1460 ut

2056 1485 2112 1539 in
2161 1485 2284 1541 aliis
2324 1486 2634 1542 ostenditur
2683 1488 2987 1559 prophetiis
3031 1489 3119 1546 his
3173 1494 3355 1550 verbis
3388 1514 3402 1549 :
3436 1513 3455 1546 ι
3501 1493 3643 1552 Ecce

2054 1591 2156 1648 ego
2184 1578 2399 1632 mittam
2452 1578 2509 1633 in
2554 1579 2927 1637 fundamentis
2985 1580 3117 1637 Sion
3166 1583 3397 1654 lapidem
3437 1586 3641 1656 proba»

2055 1674 2212 1733 tum,
2271 1670 2585 1741 angularem
2627 1672 2705 1740 “;
2749 1692 2768 1724 ι
2821 1683 2988 1745 atque
3034 1693 3049 1731 :
3103 1695 3122 1728 ι
3168 1674 3424 1748 Lapidem
3476 1696 3641 1750 quem

2056 1761 2490 1832 reprobaveruut
2534 1764 2890 1834 aediﬁcantes,
2925 1766 3017 1822 hic
3064 1766 3240 1825 factus
3271 1778 3357 1827 est
3392 1770 3448 1824 in
3476 1781 3642 1842 caput

2060 1855 2245 1926 anguli
2279 1857 2346 1909 ".
2387 1875 2406 1908 ι
2459 1855 2616 1913 llunc
2654 1858 2800 1913 enim
2854 1859 2931 1914 ait
2982 1875 3224 1930 praesens
3268 1863 3423 1919 locus
3474 1879 3642 1935 regna

353 1946 432 2003 ὼν
462 1949 618 2017 λόγος
676 1949 777 2012 τὰς
837 1948 1113 2019 βασιλείας
1152 1948 1247 2002 τοῦ
1275 1948 1482 2019 κόσμου
1513 1948 1609 2001 καὶ
1640 1947 1740 2011 τὰς
1775 1944 1941 2018 ἀρχὰς

2053 1947 2266 2014 mundi,
2314 1948 2679 2020 principatus,
2724 1956 3026 2021 potestates
3064 1960 3119 2007 et
3165 1953 3355 2008 mundi
3400 1934 3643 2010 recteres

355 2043 449 2096 καὶ¹
473 2042 571 2105 τάς
592 2041 839 2108 ἐξουσίας
867 2043 963 2097 καὶ
1010 2044 1138 2107 τοὺς
1168 2042 1618 2114 κοσμοκράτορας
1644 2040 1942 2095 καθελόντα

355 2137 450 2190 καὶ
479 2135 835 2209 συντρίψοντα
870 2135 1121 2203 καθέξειν
1163 2135 1264 2208 τὴν
1295 2133 1406 2189 τῶν
1449 2134 1620 2204 ἁγίων
1666 2131 1942 2205 βασιλείαν

355 2229 437 2293 είς
474 2229 564 2283 τὸν
588 2229 782 2286 αἰῶνα.

864 2340 1262 2396 ΚΕΦΑΛΑΙΟΝ
1300 2341 1435 2396 M1".

977 2454 1087 2510 Τοῦ
1114 2454 1325 2509 αὐτοῦ.

428 2561 894 2636 Ναϐουχοδονόσορ
918 2565 947 2617 6
969 2563 1219 2635 βασιλεὺς
1248 2563 1376 2627 τοὺς
1409 2561 1538 2635 περὶ
1565 2561 1657 2616 τὸν
1692 2561 1942 2615 Ἀνανίαν

356 2654 435 2715 εις
461 2651 558 2723 τὴν
591 2652 817 2723 κάμινον
853 2654 948 2707 τοῦ
982 2654 1153 2725 πυρὸς
1182 2651 1438 2724 ἐμϐαλὼν
1459 2692 1474 2717 ,
1497 2651 1572 2716 ὡς
1596 2651 1737 2720 ἔγνω
1773 2652 1941 2724 μηδὲν

355 2745 554 2808 αὐτοὺς
592 2744 697 2798 ὑπὸ
741 2745 835 2798 τοῦ
882 2747 1053 2817 πυρὸς
1090 2745 1482 2818 ἠδικημένους,
1530 2745 1807 2815 αὐτόπτης
1843 2744 1939 2799 τοῦ

356 2837 660 2909 παραδόξου
698 2840 1007 2911 γενόμενος,
1058 2842 1173 2904 τοῖς
1221 2838 1416 2893 ἑαυτοῦ
1463 2838 1639 2907 φίλοις
1702 2836 1942 2910 εἰρηκὼς

355 2929 784 3002 ἀναγέγραπταιυ
826 2951 843 2984 ι
875 2932 1008 3003 Οὐχὶ
1031 2934 1179 3004 τρεῖς
1196 2932 1394 3003 ἄνδρας
1416 2930 1684 3002 ὲὸάλομεν
1708 2932 1764 2983 ὲν
1790 2930 1942 3001 μέσῳ

354 3021 448 3075 τοῦ
473 3022 674 3094 πυρός;
710 3042 729 3075 ι
781 3024 1179 3094 συμφησάντων
1214 3022 1271 3075 δὲ
1317 3021 1517 3085 αὐτῶν,
1558 3039 1577 3073 ι
1629 3020 1759 3074 Ἰδοὺ
1809 3017 1939 3089 ἐγὼ,

354 3114 541 3183 φησὶν,
599 3115 710 3187 ὁρῶ
760 3116 958 3186 ἄνδρας
972 3115 1246 3186 τέσσαρας
1279 3113 1623 3184 λελυμένους,
1660 3112 1756 3166 καὶ
1783 3128 1941 3183 περι-

352 3205 662 3270 πατοῦντας
695 3208 752 3262 ὲν
775 3206 853 3275 τῷ
883 3207 1049 3279 πμρὶ,
1081 3206 1177 3260 καὶ
1210 3204 1388 3278 φθορὰ
1424 3204 1651 3276 οὐδεμία
1692 3204 1841 3257 ἐστὶν
1883 3205 1940 3256 ὲν

2049 2048 2382 2097 everteutem
2415 2050 2469 2098 et
2502 2042 2799 2107 delentem,
2832 2052 3148 2101 sanctorum
3173 2062 3402 2119 regnum
3432 2048 3489 2103 iu
3519 2063 3643 2120 per-

2051 2140 2278 2204 petuum
2314 2146 2712 2206 occupaturum
2744 2150 2891 2192 esse.

2621 2311 2852 2368 CAPUT
2908 2311 3088 2370 XLIII.

2681 2424 2766 2479 Ea:
2797 2427 2999 2482 eodem.

2120 2537 2629 2595 Nabuchodonosor
2661 2554 2778 2604 rex,
2809 2541 3075 2608 conjectis
3099 2542 3155 2595 in
3183 2540 3460 2599 fornacem
3497 2544 3641 2618 ignis

2048 2633 2261 2689 Anania
2299 2634 2530 2705 ejusque
2574 2634 2764 2695 sociis.
2799 2649 2926 2689 cum
2964 2639 3327 2707 comperisset
3378 2653 3474 2694 cos
3517 2639 3642 2711 igne

2048 2722 2274 2789 illaesos,
2309 2725 2535 2796 ipseque
2564 2724 2818 2780 miraculi
2843 2717 3003 2782 testis
3031 2742 3154 2782 esse
3178 2729 3467 2796 voluisset,
3502 2730 3642 2784 ami-

2049 2818 2132 2874 cis
2180 2816 2299 2873 suis
2354 2816 2565 2873 dixisse
2610 2819 2787 2873 fertur
2822 2838 2837 2875 :
2876 2839 2895 2871 ι
2930 2817 3124 2874 Nonne
3176 2830 3291 2876 tres
3343 2821 3493 2876 viros
3539 2825 3643 2878 mi—

2050 2910 2224 2965 simus
2271 2909 2329 2965 in
2362 2910 2601 2965 medium
2644 2910 2788 2983 ignis
2820 2913 3160 2984 compeditos
3193 2913 3281 2968 “‘2
3320 2934 3336 2967 ι
3375 2914 3475 2969 Cui
3514 2932 3639 2971 cum

2049 3002 2143 3058 isti
2186 3003 2617 3073 respondissent,
2666 3019 2794 3059 vere
2814 3004 2919 3060 hoc
2952 3019 3108 3072 esse,
3145 3023 3163 3056 ‹
3189 3005 3329 3063 Ecce
3356 3022 3480 3078 ego,
3540 3010 3637 3074 ait,

2056 3095 2217 3151 video
2240 3103 2477 3167 quatuor
2510 3096 2661 3153 viros
2690 3097 2898 3153 solutos
2923 3104 2977 3151 et
2998 3098 3340 3155 ambulantes
3371 3099 3424 3154 in
3460 3100 3639 3157 medio

2049 3188 2214 3261 ignis,
2234 3201 2288 3245 et
2318 3190 2453 3244 nihil
2477 3190 2849 3261 corruptionis
2867 3190 2924 3246 in
2938 3192 3018 3248 eis
3033 3202 3141 3259 est,
3154 3201 3209 3249 et
3225 3194 3437 3264 species
3457 3197 3639 3265 quarti

350 3299 559 3365 αὐτοῖς,
579 3300 723 3371 καὶὴ
745 3301 935 3372 ὅρασις
950 3300 1042 3353 τοῦ
1067 3301 1330 3371 τετάρτου
1348 3298 1602 3370 ὁμοίωμα
1615 3297 1730 3350 υἱοῦ
1746 3295 1902 3350 Θεοῖν
1918 3315 1936 3348 ι

2051 3282 2249 3338 similis
2278 3280 2418 3338 Filio
2444 3281 2539 3337 Dei
2571 3284 2639 3337 ".
2671 3302 2690 3335 ι
2728 3281 3034 3341 Hebraicus
3061 3292 3244 3343 textus
3273 3305 3293 3339 ‹
3324 3287 3640 3344 similitudi-

346 3390 610 3456 ὡσαύτως
633 3392 691 3445 δὲ
720 3392 816 3447 καὶ
845 3393 907 3446 τὸ
941 3391 1225 3464 Ἐὁραῖκὺν
1254 3409 1272 3442 ι
1296 3390 1546 3462 ὁμοίωμα
1585 3388 1730 3442 ’Υἱοῦ
1758 3387 1893 3442 Θεοῦ
1925 3407 1944 3439 ο

355 3482 635 3555 περιέχει,
688 3485 782 3537 καὶ⁵
821 3486 869 3537 οἱ
906 3483 1082 3538 λοιποὶ
1122 3485 1179 3537 δὲ
1217 3484 1422 3554 ὁμοίως
1451 3480 1812 3535 ὲκδεδώκασιν
1859 3481 1951 3551 έρ-

355 3575 640 3644 μηνευταί·
660 3574 851 3628 τούτου
874 3574 938 3646 δὴ
961 3570 1053 3628 οὖν
1084 3573 1714 3646 ἓνεκαξὲσημειωσάμεθα
1743 3572 1834 3626 τὸν
1863 3571 1953 3625 τό-

354 3683 477 3731 πον,
507 3667 584 3730 ὡς
607 3669 702 3721 καὶ
729 3666 978 3722 ἐντεῦθεν
1002 3668 1408 3739 σημαινομένης
1435 3666 1539 3740 τῆς
1568 3665 1663 3720 τοῦ
1690 3666 1823 3720 Υἱοῦ
1847 3664 1942 3719 τοῦ

351 3759 489 3815 Θεοῦ
514 3761 907 3834 προσηγορίας.

852 3878 1252 3932 ΚΕΦΑΛΑΙΟΝ
1292 3878 1422 3931 MA’.

991 3992 1102 4048 Τοῦ
1129 3989 1339 4049 αὐτοῦ.

432 4109 521 4163 Ἐν
552 4113 665 4173 τοῖς
688 4109 959 4181 δράμασιν
984 4110 1013 4162 6
1033 4108 1233 4181 Δανιὴλ
1264 4125 1449 4180 φησιν’
1485 4127 1507 4160 ‹
1556 4105 1857 4179 Ἐθεώρουν
1885 4107 1943 4160 ὲν

348 4201 698 4273 ὁράμτιτῆς
725 4201 940 4269 νυκτὸς,
966 4202 1061 4255 καὶ
1084 4200 1216 4266 ἰδοὺ,
1242 4201 1336 4255 ἐπὶ
1358 4199 1466 4255 τῶν
1491 4199 1731 4270 νεφελῶν
1745 4197 1839 4253 τοῦ
1853 4200 1944 4253 ού-

352 4293 514 4365 ρανοῦ
545 4294 619 4360 ὡς
644 4295 773 4358 Υίὸς
804 4294 1093 4367 ἀνθρώπου
1122 4294 1417 4367 ἐρχόμενος
1448 4293 1544 4347 καὶ
1573 4293 1680 4356 ἕως
1706 4292 1802 4346 τοῦ
1828 4292 1942 4345 Πα-

346 4383 500 4440 λαιοῦ
533 4385 642 4438 τῶν
672 4384 892 4457 ἡμερῶν
929 4383 1130 4455 ἔφθασε
1156 4425 1170 4449 ,
1218 4384 1314 4438 καὶ
1348 4382 1704 4455 Δπροσηνέχθη
1745 4381 1895 4453 αὐτῷ
1922 4422 1937 4447 ,

346 4478 443 4531 καὶ
471 4477 625 4549 ἐδόθη
654 4476 802 4549 αὐτῷ
830 4479 863 4549 ἡ
887 4477 1106 4542 ἐξουσία
1140 4477 1284 4548 καὶὴ
1306 4475 1440 4548 τιμὴ
1473 4476 1570 4529 καὶ
1594 4477 1628 4547 ἡ
1664 4473 1932 4545 βασιλείαν

344 4572 443 4626 καὶ
483 4571 684 4634 πάντες
732 4574 783 4624 oi
831 4571 952 4624 λαοὶ
973 4613 988 4638 ,
1023 4570 1224 4642 φυλαὶ,
1275 4570 1520 4641 γλῶσσαι
1560 4569 1936 4623 δουλεύσουσιν

2053 3390 2177 3431 nem
2202 3373 2325 3429 Filii
2357 3373 2453 3429 Dei
2477 3395 2496 3428 ι
2517 3374 2640 3441 fert,
2666 3375 2866 3446 aliique
2891 3377 3145 3434 similiter
3161 3379 3451 3436 ediderunt
3468 3381 3639 3438 inter-

2052 3473 2252 3537 proles.
2289 3467 2502 3522 Idcirco
2553 3468 2699 3523 hunc
2731 3470 3045 3526 notavimus
3075 3470 3280 3539 locum,
3312 3483 3502 3546 utpote
3546 3475 3638 3532 hic

2052 3557 2338 3631 designata
2378 3557 2503 3615 Filii
2542 3559 2639 3616 Dei
2672 3560 3137 3619 denominatione.

2605 3868 2835 3925 CAPUT
2876 3868 3061 3924 XLIV.

2648 3982 2733 4038 Ex
2763 3983 2964 4039 eodem.

2115 4096 2175 4154 In
2219 4097 2524 4156 visionibus
2579 4100 2767 4156 Daniel
2827 4099 2960 4156 dicit
3014 4117 3031 4156 :
3098 4118 3117 4151 ι
3160 4098 3508 4172 Aspiciebam
3573 4103 3632 4162 in

2041 4191 2257 4248 visione
2296 4190 2512 4260 noctis,
2551 4199 2607 4247 et
2660 4206 2792 4247 ecce
2833 4207 2957 4248 cum
3020 4192 3260 4249 nubibus
3296 4194 3421 4249 coeli
3467 4196 3630 4266 quasi

2041 4281 2215 4340 Filius
2246 4283 2483 4341 hominis
2509 4283 2782 4350 veniebat,
2810 4292 2864 4340 et
2884 4298 3060 4356 usque
3093 4285 3161 4341 ad
3187 4284 3487 4356 A’ntiquum
3515 4288 3634 4344 die-

2040 4389 2164 4430 rum
2207 4376 2456 4447 pervenit
2519 4395 2532 4431 :
2585 4385 2642 4432 et
2686 4377 2742 4431 in
2793 4384 3091 4448 conspectu
3143 4379 3265 4447 ejus
3310 4377 3634 4435 obtulerunt

2036 4485 2185 4527 eum.
2207 4470 2271 4523 Et
2291 4469 2440 4525 dedit
2461 4469 2509 4524 ei
2535 4477 2882 4541 potestatem,
2905 4482 2958 4526 et
2980 4470 3271 4534 bormrem.
3290 4478 3343 4527 et
3364 4485 3627 4542 regnum:

2037 4570 2092 4618 et
2121 4578 2313 4619 omnes
2343 4563 2549 4633 populi,
2601 4563 2802 4627 tribus,
2847 4571 2902 4619 et
2948 4563 3148 4636 linguae
3180 4565 3283 4635 ipsi
3337 4567 3579 4620 servient
3612 4583 3626 4620 :

343 4661 514 4735 αὐτῷ’
531 4666 564 4733 ὴ
596 4660 815 4729 ἐξουσία
835 4663 1025 4729 αὐτοῦ,
1045 4664 1267 4730 ἐξουσία
1290 4662 1527 4727 αἰώνιος,
1550 4662 1675 4734 ἥτις
1700 4663 1761 4716 ού
1793 4679 1937 4735 παρ-

2047 4663 2288 4726 potestas
2312 4654 2455 4724 ejus,
2490 4661 2735 4724 potestas
2763 4662 2988 4722 aeterna,
3014 4670 3137 4726 qua:
3162 4670 3270 4710 non
3301 4654 3580 4726 auferetur
3609 4672 3624 4707 :

343 4740 658 4812 ελεύσεταί·
692 4757 785 4811 καὶ
813 4759 848 4829 ἡ
889 4756 1136 4827 βασιλεία
1163 4757 1328 4811 αὐτοῦ
1354 4759 1415 4810 οὺ
1440 4757 1927 4829 διαφθαρήσεται.»

343 4848 569 4921 Συνᾴδει
599 4847 774 4902 ταῦτα
801 4851 867 4919 τῇ
903 4847 996 4902 τοῦ
1032 4847 1196 4903 αὐτοῦ
1222 4849 1419 4919 Δανιὴλ
1453 4848 1762 4921 προφητείᾳ
1801 4865 1934 4921 προ-

344 4936 678 5012 θεσπιζούση
703 4938 954 5011 περὶτῆς
975 4937 1068 4993 τοῦ
1090 4939 1328 5010 Χριστοῦ
1361 4939 1635 5010 βασιλείας
1668 4940 1811 4994 κατὰ
1838 4940 1931 4994 τὸν

341 5031 492 5086 λίθον
517 5031 609 5085 τὸν
629 5031 1021 5103 άποτμηθέντα
1046 5031 1107 5098 ἐξ
1132 5032 1292 5104 ὅρους
1314 5035 1443 5090 ἄνευ
1474 5034 1691 5106 χειρῶν·
1710 5035 1796 5098 τίς
1821 5034 1931 5106 γάρ

343 5124 413 5179 ἂν
443 5123 636 5192 ἄλλος,
677 5126 706 5177 6
754 5123 831 5187 ὡς
864 5124 993 5188 Υἱὸς
1035 5124 1322 5196 ἀνθρώπου
1360 5126 1654 5199 ἐρχόμενος
1696 5124 1789 5180 ἐπὶ
1821 5125 1930 5179 τῶν

342 5216 603 5287 νεφελῶν,
625 5217 723 5271 καὶ
753 5217 859 5283 ἓως
894 5217 990 5272 τοῦ
1021 5217 1262 5273 Παλαιοῦ
1300 5219 1409 5273 τῶν
1434 5218 1661 5291 ἡμερῶν
1688 5217 1926 5288 φθάνων,

343 5306 429 5377 εἴη
482 5304 516 5377 ἢ
563 5305 592 5359 ὁ
647 5306 819 5360 εἰπὼν
871 5305 1079 5379 Κύριος
1140 5306 1299 5379 ἡμῶν
1343 5306 1552 5379 Ἰησοῦς
1597 5305 1856 5379 Χριστὸς,
1898 5307 1931 5359 6

2040 4753 2095 4801 et
2128 4761 2357 4816 regnum
2395 4745 2517 4815 ejus
2546 4746 2692 4816 quod
2736 4754 3268 4817 non-corrumpetur
3299 4747 3390 4800 π’.
3426 4764 3446 4798 ι
3483 4744 3628 4801 Con-

2039 4837 2284 4893 sentiunt
2326 4837 2442 4893 haec
2471 4852 2596 4892 cum
2631 4837 2889 4907 ejusdem
2929 4836 3171 4892 Danielis
3222 4834 3508 4907 prophetia
3558 4834 3628 4901 de

2038 4930 2243 4985 Christi
2274 4944 2443 5000 regno
2472 4931 2876 5001 praenuntiante
2910 4945 3008 5002 per
3048 4926 3282 4999 lapidem
3325 4927 3394 4983 de
3438 4933 3627 4982 monte

2038 5023 2158 5078 sine
2212 5022 2468 5099 manibus
2523 5021 2856 5078 abscissum.
2894 5021 3030 5088 Quis
3073 5019 3219 5075 enim
3268 5018 3434 5085 alius,
3464 5016 3624 5089 quasi

2036 5113 2209 5170 Filius
2239 5114 2483 5170 hominis
2506 5128 2631 5169 cum
2661 5114 2903 5170 nubibus
2931 5111 3056 5166 caeli
3086 5109 3336 5173 veniens,
3362 5117 3418 5164 et
3446 5121 3624 5178 usque

2036 5208 2104 5263 ad
2123 5208 2420 5278 Antiquom
2441 5206 2653 5262 dierum
2680 5205 3011 5277 perveniens
3031 5211 3199 5265 esset,
3222 5200 3333 5256 nisi
3353 5198 3622 5254 Dominus

2035 5311 2224 5359 noster
2253 5301 2417 5359 Jesus
2449 5300 2727 5364 Christus,
2779 5309 3004 5370 prapter
3034 5312 3137 5353 nos
3196 5295 3426 5351 formam
3476 5293 3622 5349 servi

342 5397 409 5451 δι’
437 5397 588 5468 ἡμᾶς
628 5397 844 5469 μορφὴν
871 5396 1061 5451 δούλου
1100 5395 1315 5462 λαϐὼν,
1355 5398 1452 5451 καὶ
1483 5397 1597 5461 υίὸς
1634 5395 1924 5469 ἀνθρώπου

2047 5396 2329 5467 accipiens,
2365 5402 2421 5450 et
2462 5394 2607 5449 Illius
2653 5392 2893 5446 hominis
2927 5389 3108 5445 factus
3142 5387 3442 5459 dicensque
3471 5405 3485 5442 :
3525 5403 3544 5436 ι
3576 5386 3622 5439 Α

343 5487 652 5561 γενόμενος,
690 5507 709 5539 ι
762 5488 859 5541 Ἐκ
890 5487 985 5540 τοῦ
1018 5486 1232 5559 Πατρδς
1259 5488 1502 5565 ⁴ξιξῆλθον,
1539 5487 1634 5542 καὶ
1664 5488 1802 5560 πρὸς
1830 5488 1924 5541 τὸν

2047 5488 2145 5545 Deo
2197 5488 2341 5543 exivi
2385 5493 2440 5543 et
2476 5485 2545 5540 ad
2594 5483 2765 5537 Deum
2813 5482 2953 5537 vado
2985 5481 3119 5535 ἐῖ»
3165 5479 3271 5546 Qui
3326 5486 3383 5535 et
3433 5492 3620 5533 coram

340 5580 473 5636 θεὸν
516 5581 742 5649 ύπάγω;
773 5600 793 5633 ι
829 5578 890 5645 ὃς
923 5582 1018 5635 καὶ
1055 5581 1337 5652 παρόντων
1368 5580 1477 5636 τῶν
1509 5580 1705 5635 ἑαυτοῦ
1741 5580 1919 5652 μαθη-

2029 5579 2316 5652 discipulis
2355 5577 2472 5633 suis
2509 5594 2523 5631 :
2566 5593 2584 5625 ι
2624 5572 2954 5629 Violentibus
2991 5571 3123 5638 illis,
3154 5571 3401 5628 elevatus
3436 5580 3538 5632 est.
3566 5576 3623 5623 et

338 5670 470 5739 τῶν,
506 5692 526 5726 ι
548 5673 852 5744 βλεπόντων
877 5674 1079 5738 αὐτῶν,
1110 5673 1347 5746 ἐπήρθη,
1383 5675 1477 5727 καὶ
1499 5674 1696 5746 νεφέλη
1721 5672 1925 5727 ὑπέλα-

2047 5672 2206 5728 mbes
2255 5667 2500 5739 suscepit
2542 5680 2668 5722 eum
2701 5654 2768 5721 ⁹⁶.
2815 5683 2863 5736 »ε
2879 5663 3129 5735 Cumque
3179 5664 3525 5718 intuerentur
3563 5661 3622 5717 in

411 5829 460 5861 ⁸³
495 5829 632 5885 Dan.
673 5847 735 5893 ιι,
771 5829 863 5892 Η,
895 5829 985 5884 45.
1099 5827 1147 5859 ³⁵
1187 5825 1293 5882 Isa.
1326 5843 1522 5892 xxvm,
1564 5828 1649 5883 16.

335 5915 411 5956 vn
435 5938 455 5967 ,
505 5901 603 5968 15,
657 5901 743 5956 lt.
819 5901 865 5934 ’⁸
904 5897 1064 5956 Joan.
1090 5914 1213 5967 xm,
1238 5899 1291 5955 5.
1368 5900 1413 5931 ²⁹
1439 5897 1563 5957 Act.
1600 5917 1638 5968 ι,
1671 5905 1725 5956 9.

1761 5828 1805 5861 ”
1836 5826 1979 5885 Psal.
2014 5841 2183 5882 cxvii.
2205 5824 2297 5879 22.

2410 5823 2455 5855 ⁸⁸
2485 5821 2620 5876 Dan.
2656 5818 2864 5906 91,91.
2945 5819 2988 5851 ²⁷
3022 5817 3154 5875 ibid.
3209 5817 3299 5873 92.
3376 5818 3443 5852 ³⁷⁸
3479 5812 3621 5879 Dan.
