4100 6452
437 399 581 458 “75

1148 396 1416 455 EUSEBII
1455 371 1934 455 CESARIENSIS
1973 397 2124 461 ΟΡΡ.
2159 396 2338 453 PARS
2376 395 2552 452 Ill.—
2579 395 2993 452 EXEGETICA.

3564 396 3704 454 H76

433 519 657 581 caalum,
690 531 820 574 ecce
837 518 952 575 .viri
984 516 1092 573 duo
1131 517 1186 575 in
1213 518 1462 573 vestibus
1487 518 1626 574 albis
1656 519 1783 582 visi,
1820 534 1915 574 eos
1948 517 1995 573 de

2118 515 2211 570 ϐεν
2233 516 2414 581 αὐτὸν,
2450 534 2468 561 ι
2502 516 2589 570 ὅτε
2637 516 2732 569 καὶ
2781 514 3136 579 ἀτενιζόντων
3176 515 3255 578 είς
3311 515 3402 577 τὸν
3447 514 3698 587 οὐρανὸν,

432 605 675 663 secunda
734 607 855 677 ejus
913 604 1354 662 manifestatione
1406 608 1669 662 certiores
1726 608 2011 673 fecerunt,

432 699 684 754 eumdem
730 714 925 754 rursus
984 700 1038 754 in
1088 699 1233 754 nube
1281 707 1569 754 venturum
1629 701 2010 771 prmdicentes.

431 789 653 847 Christo
687 791 852 862 igitur
884 791 985 847 soli
1020 807 1049 845 a
1082 790 1243 846 Patre
1275 792 1401 846 data
1423 799 1508 849 est
1539 800 1803 863 potestas,
1828 801 1881 847 et
1915 793 2013 845 lio-

431 896 536 940 nor
583 890 637 938 et
683 899 932 955 regnum,
986 893 1047 938 ut
1103 898 1296 939 omnes
1349 900 1473 939 eum
1530 885 1760 939 adorent
1797 892 2008 955 gentes,

437 994 458 1027 σ
494 976 783 1047 omnisque
811 977 995 1047 lingua
1026 976 1352 1032 conﬁteatur
1383 977 1516 1044 quia
1555 975 1821 1033 Dominus
1851 975 2011 1033 Jesus

431 1065 684 1125 Christus
714 1069 769 1122 in
802 1069 976 1140 gloria
1003 1076 1087 1125 est
1120 1067 1215 1123 Dei
1244 1068 1425 1124 Patris
1453 1069 1518 1123 ³ο.
1554 1088 1573 1122 ι

990 1308 1220 1365 CAPUT
1260 1307 1425 1362 XLV.

1059 1401 1140 1455 Ea:
1168 1400 1370 1458 eodem.

497 1494 750 1550 Preeanti
784 1494 994 1550 Danieli
1030 1494 1084 1549 in
1121 1496 1304 1549 omnis
1332 1494 1518 1565 pepuli
1558 1496 1876 1566 captivitate
1905 1494 2006 1549 Ba-

426 1586 642 1658 bylonis
686 1593 850 1656 atque
883 1585 937 1640 in
967 1583 1272 1641 Jerusalem
1309 1585 1625 1653 solitudine,
1665 1586 1883 1642 Gabriel
1924 1587 2005 1642 vi-

427 1691 524 1734 sus
551 1686 638 1734 est
669 1676 1031 1747 archangelus
1070 1677 1342 1746 simulque
1374 1676 1616 1733 ostendit
1656 1679 2001 1749 septuaginta

426 1781 696 1823 annorum
740 1766 1078 1839 captivitatis
1131 1767 1315 1831 tinem,
1351 1775 1408 1823 et
1436 1765 1740 1824 Jerusalem
1786 1782 2004 1826 restau-

2118 608 2226 663 ίδοὺ
2260 606 2353 661 δῦο
2390 607 2580 679 ἀνδρες
2615 609 2673 659 ἐν
2708 606 2965 677 ἐσθήσεσι
3000 606 3282 679 λαμπραῖς
3317 606 3607 675 ὀφθέντες,
3634 609 3701 664 τὰ

2114 700 2243 772 περὶ
2268 700 2367 770 τῆς
2380 699 2637 770 δευτέρας
2659 698 2823 752 αὐτοῦ
2844 698 3143 772 παρουσίας
3168 698 3366 762 αὐτοὺς
3395 699 3697 766 ἐδίδασκον,

2113 789 2269 857 αὖθις
2302 794 2358 845 ἐν
2385 790 2580 862 νεφέλῃ
2616 790 3094 861 παραγενήσεσθαι
3122 790 3285 843 αὑτὸν
3318 790 3697 861 προλέγοντες.

2113 887 2202 959 Τῷ
2226 883 2319 941 οὖν
2352 885 2571 958 Χριστῷ
2616 886 2762 955 μόνῳ
2807 884 2911 936 ὑπὸ
2951 884 3046 938 τοῦ
3080 885 3296 957 Πατρὸς
3327 886 3480 955 ἐδόθη
3527 887 3621 939 καὶ
3662 889 3697 961 ἡ

2110 980 2245 1051 τιμὴ
2268 979 2412 1049 καὶή
2441 976 2717 1049 βασιλεία,
2751 975 2891 1029 ὥστε
2933 978 3111 1030 πάντα
3145 978 3213 1029 τὰ
3250 978 3377 1048 ἔθνη
3412 978 3697 1049 λατρεύειν

2109 1071 2278 1142 αὐτῷ,
2309 1072 2403 1124 καὶ
2444 1089 2462 1121 ι
2494 1071 2674 1123 πᾶσαν
2699 1068 2952 1137 γλῶσσαν
2980 1068 3443 1139 ἐξομολογεῖσθαι,
3473 1070 3555 1123 ὅτι
3579 1069 3695 1124 Κύ-

2110 1179 2226 1239 ριος
2272 1160 2478 1232 Ἰησοῦς
2502 1160 2734 1234 Χριστὸς
2764 1162 2844 1224 είς
2874 1157 3030 1225 δόξαν
3066 1160 3199 1214 Θεοῦ
3235 1161 3458 1234 πατρός.
3492 1180 3512 1219 ι

2617 1296 3018 1350 ΚΕΦΔΛΑΙΟΝ
3051 1295 3184 1350 ΜΕ¹.

2722 1388 2836 1443 Τοῦ
2859 1387 3069 1443 αὐτοῦ.
3312 1442 3317 1447 ,

2176 1479 2474 1551 Εὐξαμένῳ
2531 1479 2611 1550 τῷ
2672 1482 2870 1554 Δανιὴλ
2915 1481 3045 1552 περὶ
3112 1480 3213 1551 τῆς
3272 1483 3352 1546 είς
3395 1481 3694 1538 Βαϐυλῶνα

2104 1570 2481 1641 αἰχμαλωσίας
2511 1570 2606 1624 τοῦ
2637 1571 2836 1636 παντὸς
2879 1571 3031 1635 λαοῦ,
3064 1573 3192 1644 περί
3235 1589 3295 1626 τε
3329 1572 3429 1644 τῆς
3471 1573 3693 1645 ἐρημώ-

2107 1681 2242 1727 σεως
2261 1664 2358 1734 τῆς
2387 1662 2760 1735 Ἰερουσαλὴμ,
2785 1664 2824 1717 Γ
2827 1664 3026 1736 αϐριὴλ
3052 1664 3329 1733 ἐπιφανεὶς
3352 1664 3693 1735 ἀρχάγγελος

2102 1754 2239 1826 ὁμοῦ
2273 1771 2331 1808 τε
2372 1754 2522 1825 αὐτῴ
2570 1754 2821 1825 σημαίνει
2866 1755 2927 1810 τὸ
2978 1755 3350 1826 συμπέρασμα
3391 1756 3493 1826 τῆς
3542 1754 3692 1810 ἐϐδο-

425 1860 721 1927 rationem,
776 1868 1100 1929 tempusque
1139 1859 1210 1915 ab
1252 1860 1343 1912 illa
1395 1862 1795 1916 restauratione
1834 1877 1995 1933 usque

2113 1846 2513 1918 μηκονταετοῦς
2555 1847 2927 1918 αἰχμαλωσίας
2946 1886 2961 1909 ,
3002 1849 3096 1900 καὶ
3127 1847 3226 1919 τὴν
3253 1847 3551 1902 ἀνανέωσιν
3586 1847 3691 1918 τῆς

424 1948 495 2005 ad
538 1951 828 2007 adventum
877 1949 1104 2015 Christi,
1143 1965 1209 2005 ac
1255 1951 1557 2007 secundum
1609 1962 1799 2023 postea
1853 1953 2004 2009 urbis

420 2042 718 2106 excidium,
766 2041 1043 2112 totiusque
1088 2041 1267 2113 gentis
1316 2044 1661 2107 servitutem,
1714 2058 1836 2113 qua:
1880 2051 2007 2114 post

418 2132 624 2191 Christi
656 2136 1093 2192 lncarnationem
1138 2145 1521 2192 consummata
1549 2138 1676 2192 erit.
1710 2135 1837 2192 Haec
1874 2145 2005 2193 sunt

419 2227 585 2298 igitur
614 2226 847 2296 hujusce
887 2227 993 2282 loci
1026 2229 1230 2283 verba:
1267 2246 1285 2279 ι
1322 2226 1530 2296 Daniel,
1568 2244 1716 2283 nunc
1746 2244 2003 2300 egressus

419 2332 541 2374 sum
569 2326 628 2374 ut
652 2319 905 2375 docerem
937 2326 1011 2385 te,
1039 2327 1093 2375 et
1119 2320 1478 2391 intelligeres.
1514 2320 1598 2375 Ab
1625 2321 1851 2376 exordio
1877 2336 2003 2391 pre-

419 2424 545 2465 cum
582 2418 798 2465 tuarum
827 2426 1085 2483 egressus
1128 2419 1213 2468 est
1259 2427 1441 2471 sermo
1479 2432 1492 2467 :
1522 2428 1622 2483 ego
1661 2420 1845 2468 autem
1877 2412 2001 2469 veni

420 2508 483 2557 ut
534 2501 833 2559 indicarem
886 2503 1007 2567 tibi,
1050 2505 1179 2574 quia
1234 2504 1320 2559 vir
1367 2504 1769 2561 desideriorum
1808 2520 1869 2561 es
1900 2525 1912 2561 :
1941 2513 1998 2559 tu

420 2609 553 2665 ergo
586 2594 960 2651 animadverte
990 2611 1322 2658 sermonem.
1358 2607 1411 2652 et
1436 2598 1680 2669 intellige
1710 2598 1999 2655 visionem.

423 2680 778 2754 Septuaginta
802 2683 1169 2741 hebdomades
1200 2687 1533 2743 abbreviatze
1555 2696 1685 2743 sunt
1706 2704 1872 2758 super
1898 2705 1999 2760 po-

421 2774 608 2846 pulum
656 2782 831 2842 tuum,
885 2783 940 2831 et
990 2792 1156 2847 super
1188 2777 1376 2832 urbem
1424 2790 1673 2833 sanctam
1728 2789 1898 2846 tuam,
1941 2789 2002 2833 ut

418 2875 833 2922 consummatur
873 2868 1274 2937 praevaricatio.
1308 2877 1363 2925 et
1412 2868 1575 2923 linem
1609 2871 1844 2939 accipiat
1873 2885 2000 2940 pec-

418 2966 625 3024 catum,
656 2966 711 3015 et
749 2958 998 3016 deleatur
1028 2959 1315 3030 iniquitas,
1368 2968 1422 3016 et
1453 2961 1761 3016 adducatur
1783 2962 1999 3032 justitia

417 3051 772 3119 sempiterna,
807 3057 861 3104 et
894 3050 1186 3121 impleatur
1216 3050 1376 3112 VlSiO,
1402 3057 1458 3105 et
1480 3051 1786 3121 prophetia,
1812 3059 1867 3106 et
1897 3069 2001 3107 un-

417 3147 577 3213 gatur
624 3139 861 3197 Sanctus
905 3150 1243 3197 sanctorum.
1291 3140 1441 3197 Scito
1480 3158 1610 3214 ergo
1650 3151 1703 3197 et
1745 3143 1996 3197 animad-

2123 1938 2506 2010 Ἰερουσαλὴμ,
2550 1939 2641 1993 τόν
2667 1956 2726 1992 τε
2774 1939 2882 1994 ἀπὸ
2912 1940 3010 2010 τῆς
3047 1937 3395 2002 ἀνανεώσεως
3446 1939 3537 1992 ἐπὶ
3589 1937 3689 2009 τὴν

2107 2030 2199 2084 τοῦ
2238 2030 2473 2102 Χριστοῦ
2500 2032 2803 2104 παρουσίαν
2834 2032 3045 2102 χρόνον,
3080 2030 3174 2084 καὶ
3201 2030 3298 2102 τὴν
3345 2030 3482 2101 μετά
3513 2029 3689 2084 ταῦτα

2106 2123 2474 2195 γενησομένην
2517 2122 2772 2195 δευτέραν
2819 2123 3018 2177 ἆλωσιν
3047 2127 3146 2193 τῆς
3179 2124 3388 2185 πόλεως
3407 2162 3422 2185 ,
3470 2123 3564 2176 καὶ
3597 2122 3689 2176 τὸν

2104 2216 2197 2268 ἐπὶ
2237 2217 2403 2269 πᾶσιν
2462 2214 2895 2285 ἀνδραποδισμὸν
2950 2214 3044 2268 τοῦ
3090 2215 3289 2277 παντὸς
3321 2215 3547 2278 ἔθνους,
3595 2214 3688 2268 τὸν

2107 2307 2245 2379 μετά
2294 2307 2391 2380 τὴν
2438 2307 2533 2362 τοῦ
2591 2307 2827 2379 Χριστοῦ
2885 2307 3186 2377 παρουσίαν
3251 2306 3683 2361 ἐπιτελεσθέντα.

2107 2398 2329 2468 Ἔχουσι
2365 2397 2422 2451 δὲ
2457 2397 2622 2452 αὐτοῦ
2646 2399 2831 2451 τοῦτον
2855 2398 2943 2451 τὸν
2976 2399 3177 2470 τρόπον
3210 2400 3266 2452 αἱ
3296 2398 3499 2465 λέξεις·
3538 2417 3557 2450 ι
3579 2401 3686 2452 Δα-

2102 2490 2251 2560 νιὴλ,
2283 2488 2377 2543 νῦν
2423 2488 2646 2560 ἐξῆλθον
2676 2489 3010 2559 συμϐιϐάσαι
3044 2505 3102 2541 σε
3149 2488 3396 2542 σύνεσιν·
3433 2489 3491 2540 ἐν
3540 2489 3683 2561 ἀρχῇ

2100 2582 2201 2651 τῆς
2224 2580 2459 2652 δεήσεώς
2491 2598 2585 2634 σου
2630 2580 2853 2653 ἐξῆλθεν
2904 2582 3078 2650 λόγος.
3115 2582 3211 2634 καὶ
3242 2579 3352 2648 ἐγὼ
3393 2576 3556 2650 ἦλθον
3588 2577 3683 2631 τοῦ

2100 2672 2416 2743 ἀναγγεῖλαί
2448 2689 2551 2737 σοι,
2585 2673 2669 2726 δτι
2696 2674 2836 2745 ἀνὴρ
2859 2671 3165 2743 ἐπιθυμιῶν
3195 2673 3258 2724 σὺ
3286 2666 3357 2734 εἷ,
3384 2671 3477 2723 xal
3503 2670 3685 2739 ἐννοή-

2101 2766 2223 2838 θητι
2256 2767 2316 2819 ἑν
2348 2765 2426 2836 τῷ
2457 2766 2682 2837 ῥήματι.
2712 2764 2807 2819 καὶ
2839 2764 2994 2826 σύνες
3028 2766 3085 2816 ἐν
3112 2766 3178 2834 τῇ
3213 2762 3466 2833 ὀπτασίᾳ.
3499 2759 3684 2813 Ἕϐδο-

2104 2856 2347 2931 μήκοντα
2385 2857 2677 2929 ἐϐδομάδες
2717 2858 3132 2928 συνετμήθησαν
3167 2857 3260 2909 ἐπὶ
3288 2855 3379 2908 τὸν
3412 2854 3539 2907 λαόν
3564 2868 3682 2919 σου,

2099 2953 2192 3006 καὶ
2245 2953 2339 3006 ἐπὶ
2384 2952 2483 3025 τὴν
2524 2951 2676 3006 πόλιν
2708 2950 2809 3023 τὴν
2863 2950 3023 3019 ἁγίαν
3047 2988 3062 3015 ,
3121 2948 3213 3001 τοῦ
3267 2946 3681 3017 συντελεσθῆναι

2099 3045 2409 3116 ἁμαρτίαν,
2435 3046 2529 3099 καὶ
2560 3044 2655 3098 τοῦ
2712 3048 3011 3115 σφραγῖσαι
3065 3038 3371 3112 ἁμαρτίας,
3409 3038 3504 3091 καὶ
3546 3038 3682 3090 ἀπο-

2098 3137 2277 3208 λεῖψαι
2328 3136 2426 3201 τὰς
2458 3137 2719 3208 ἀνομίας,
2776 3136 2871 3190 καὶ
2903 3134 2998 3188 τοῦ
3032 3131 3382 3201 ἐξιλάσασθαι
3431 3129 3678 3195 ἀδικίας,

416 3241 569 3290 verte
600 3254 613 3290 :
640 3235 710 3289 ab
735 3236 882 3290 exitu
913 3232 1206 3301 sermonis,
1244 3245 1303 3290 ut
1332 3235 1531 3290 iterum
1567 3235 1870 3292 aediﬁcetur
1900 3236 1991 3293 Je-

2099 3231 2186 3284 xal
2217 3232 2444 3301 ἀγαγεῖν
2475 3229 2826 3302 δικαιοσύνην
2855 3228 3093 3291 αἰώνιον,
3127 3227 3220 3281 καὶ
3249 3226 3343 3279 τοῦ
3381 3225 3680 3298 σφραγῖσαι

416 3327 680 3393 rusalem,
720 3342 893 3398 usque
940 3328 1004 3382 ad
1038 3326 1321 3383 Christum
1352 3328 1571 3390 ducem,
1621 3328 1992 3386 hebdomades

415 3426 651 3489 septem,
703 3430 757 3475 et
795 3419 1163 3476 hebdomades
1210 3419 1493 3491 sexaginta
1544 3420 1668 3474 duae
1705 3429 1993 3476 erunt:et

414 3524 610 3566 rursus
661 3509 1018 3565 :edilicabitur
1059 3511 1256 3581 platea,
1296 3518 1351 3565 et
1399 3510 1580 3575 muri,
1631 3511 1685 3565 in
1740 3513 1992 3584 angustia

414 3608 742 3672 temporum.
776 3601 840 3656 Et
878 3610 1002 3673 post
1024 3602 1395 3659 hebdomadas
1427 3603 1709 3673 sexaginta
1735 3603 1874 3659 duas
1904 3620 1993 3659 oc-

413 3692 628 3747 cidetur
685 3692 943 3750 Christus
980 3702 1073 3750 :et
1118 3709 1229 3749 non
1282 3695 1388 3750 erit
1431 3694 1552 3763 ejus
1592 3697 1851 3765 populus,
1895 3697 1991 3766 qui

411 3799 537 3839 eum
571 3793 868 3855 negaturus
900 3795 1002 3842 est.
1059 3784 1122 3839 Et
1169 3788 1468 3852 civitatem,
1523 3795 1577 3844 et
1610 3789 1985 3843 sanctuarium

412 3875 702 3946 dissipabit
726 3876 958 3948 pepulus
988 3892 1110 3932 cum
1148 3877 1287 3933 duce
1315 3891 1546 3934 venturo
1581 3887 1673 3935 :et
1704 3880 1829 3935 linis
1866 3880 1988 3950 ejus

411 3966 663 4030 vastitas,
692 3974 746 4021 et
776 3975 902 4036 post
932 3968 1092 4021 tinem
1128 3968 1255 4023 belli
1290 3976 1494 4024 statuta
1529 3970 1817 4025 desolatio.
1841 3971 1986 4026 Con-

410 4059 650 4113 lirmabit
685 4068 865 4115 autem
903 4065 1125 4129 pactum
1156 4059 1344 4114 multis
1377 4060 1719 4116 hebdomada
1752 4078 1858 4116 una
1890 4080 1902 4116 :
1932 4070 1987 4117 et

410 4151 468 4207 in
509 4150 737 4206 dimidio
794 4150 1148 4206 hebdomadis
1187 4150 1404 4206 deﬁciet
1454 4153 1634 4208 hostia
1677 4165 1728 4209 et
1774 4155 1986 4210 sacrili-

410 4243 555 4301 cium
584 4260 599 4298 :
631 4250 686 4299 et
732 4243 840 4298 erit
880 4243 935 4296 in
974 4244 1176 4313 templo
1221 4244 1556 4298 abominatio
1584 4245 1981 4302 desolationis:

410 4343 466 4390 et
495 4349 673 4404 usque
704 4331 771 4387 ad
800 4333 1328 4389 consummationem
1358 4341 1412 4389 ct
1452 4333 1980 4415 (incinupersevera-

411 4425 492 4483 bit
517 4426 782 4482 desolatio
807 4426 873 4480 ³¹.
907 4444 926 4477 ι

2092 3326 2282 3395 ὅρασιν
2311 3325 2405 3377 καὶ
2439 3325 2723 3396 προφήτην
2743 3366 2757 3389 ,
2794 3324 2888 3377 καὶ
2928 3321 3022 3375 τοῦ
3056 3325 3241 3392 χρῖσαι
3296 3319 3450 3389 ἂγιον
3484 3319 3676 3387 ἀγίων.

2095 3416 2205 3468 Kal
2228 3414 2411 3487 γνώσῃ
2445 3416 2540 3468 καὶ
2568 3418 2818 3487 συνήσεις
2837 3432 2850 3445 ·
2887 3414 2993 3467 ἀπὸ
3031 3414 3211 3480 ἐξόδου
3242 3414 3415 3481 λόγων
3440 3411 3546 3483 (ου)
3581 3410 3678 3464 τοῦ

2095 3507 2459 3577 ἀποκριθῆναι
2508 3507 2603 3560 καὶ
2649 3506 2744 3559 τοῦ
2774 3506 3124 3576 οἰκοδομῆσαι
3164 3505 3520 3577 Ἰερουσαλὴμ
3573 3504 3679 3567 ἕως

2095 3597 2331 3669 Χριστοῦ
2361 3598 2666 3670 ἡγουμένου
2698 3598 2990 3669 ἑϐδομάδες
3020 3597 3082 3662 ζ’,
3114 3599 3208 3651 καὶ
3242 3596 3538 3667 ἑϐδομάδες
3567 3593 3676 3665 ξβ’⁸

2094 3693 2187 3745 καὶ
2225 3690 2570 3762 ἐπιστρέψει,
2615 3690 2711 3743 καὶ
2756 3689 3237 3761 οἰκοδομηθήσεται
3272 3688 3534 3751 πλατεία,
3584 3686 3681 3741 καὶ

2093 3787 2292 3854 τεῖχος,
2326 3783 2422 3835 καὶ
2458 3781 2858 3854 κενωθήσονται
2908 3784 2957 3835 οἱ
3006 3781 3207 3852 καιροί.
3247 3781 3357 3834 Kal
3391 3779 3529 3851 μετά
3576 3778 3679 3842 τὰς

2095 3873 2398 3947 ἑϐδομάδας
2442 3874 2543 3939 τὰς
2612 3873 2688 3946 ξβ⁹
2736 3874 3243 3946 ἐξολοθρευθήσεται
3291 3873 3535 3943 χρίσμα,
3582 3870 3677 3923 καὶ

2095 3970 2268 4043 κρίμα
2288 3971 2390 4024 οὐκ
2418 3969 2563 4024 ἔστιν
2593 3972 2650 4022 ἐν
2671 3968 2820 4041 αὑτῷ
2836 3986 2850 4000 ·
2878 3969 2971 4023 καὶ
2991 3968 3089 4039 τὴν
3118 3967 3292 4029 πόλιν,
3315 3967 3408 4021 καὶ
3428 3965 3490 4018 τὸ
3521 3965 3675 4032 ἆγιον

2092 4061 2372 4135 διαφθερεῖ
2397 4063 2493 4116 σὺν
2524 4060 2602 4132 τῷ
2629 4061 2917 4133 ἡγουμένῳ
2945 4059 3022 4130 τῷ
3054 4057 3353 4132 ἐρχομένῳ,
3382 4056 3477 4109 καὶ
3501 4058 3675 4125 κοπή-

2093 4169 2275 4207 σονται
2304 4153 2361 4206 ἐν
2390 4150 2780 4222 κατακλυσμῷ,
2799 4152 2894 4203 καὶ
2925 4150 3029 4213 ἕως
3060 4150 3247 4213 τέλους
3282 4147 3518 4218 πολέμου
3549 4162 3675 4198 συν-

2087 4247 2429 4318 τετμημένου
2482 4248 2825 4317 ἀφανισμοῖς.
2885 4246 2993 4297 Kal
3051 4241 3357 4313 δυναμώσει
3408 4239 3673 4309 διαθήκην

2089 4338 2303 4403 πολλοῖς
2337 4338 2570 4410 ἑϐδομὰς
2619 4338 2748 4410 μία’
2794 4338 2889 4391 καὶ
2938 4339 2994 4391 ἑν
3046 4334 3123 4406 τῷ
3157 4335 3344 4406 ἡμίσει
3387 4332 3485 4402 τῆς
3524 4328 3674 4383 ἑϐδο-

2092 4431 2257 4502 μάδος
2312 4432 2609 4504 ἀρθήσεται
2668 4430 2830 4483 θυσία
2890 4430 2985 4483 καὶ
3046 4427 3282 4498 σπονδὴ,
3323 4426 3419 4480 καὶ
3475 4424 3567 4478 ἐπὶ
3609 4421 3673 4475 τὸ

413 4520 557 4592 ἱερὸν
591 4518 863 4592 βδέλυγμα
910 4518 1019 4573 τῶν
1068 4519 1423 4592 ἐρημώσεων,
1457 4520 1555 4575 καὶ
1592 4522 1697 4586 ἕως
1732 4522 2042 4588 συντελείας
2096 4524 2288 4596 καιροῦ
2352 4525 2630 4579 συντέλεια
2686 4524 2970 4595 δοθήσεται
3023 4522 3116 4575 ἐπὶ
3173 4521 3271 4592 τὴν
3321 4520 3620 4591 ἐρήμωσιν.
3645 4532 3668 4568 ι

478 4635 682 4691 Eorum
709 4635 802 4704 qui
826 4635 1135 4705 prmcitatas
1159 4635 1528 4691 hebdomades
1556 4636 1798 4691 scrutati
1829 4646 1978 4701 sunt,

2156 4640 2280 4694 Τῶν
2330 4642 2411 4704 εἰς
2441 4639 2539 4704 τάς
2570 4639 2935 4711 προκειμένας
2972 4636 3275 4709 ἑϐδομάδας
3309 4633 3675 4704 ἐπιϐεϐληκό-

408 4732 581 4782 unum
608 4726 859 4781 novimus
887 4725 1203 4781 Africanum
1243 4727 1337 4796 qui
1370 4740 1465 4781 eas
1503 4728 1818 4783 accuratius
1862 4728 1983 4783 feli-

410 4820 640 4889 ciusque
685 4818 1096 4873 examinaverit.
1143 4816 1379 4872 Necesse
1414 4816 1540 4871 ideo
1588 4817 1806 4873 videtur
1846 4819 1982 4874 mihi

408 4909 531 4979 ejus
573 4908 630 4963 in
662 4909 811 4963 hunc
842 4910 1022 4964 locum
1051 4907 1472 4963 elucidationem
1522 4908 1578 4962 in
1612 4909 1852 4965 medium
1898 4909 1983 4963 af-

408 5000 572 5068 ferre,
605 4998 732 5055 dein
772 4999 1044 5070 speculari
1096 5002 1143 5054 si
1176 4998 1306 5068 quid
1358 5007 1413 5054 et
1443 4998 1548 5070 ipsi
1578 5014 1645 5054 ex
1700 5015 1767 5056 eo
1809 4999 1987 5070 possi-

407 5106 532 5147 mus
570 5091 850 5147 indueere.
896 5090 1103 5145 Scribit
1132 5090 1296 5162 igitur
1329 5090 1384 5146 in
1413 5091 1608 5163 quinto
1642 5090 1983 5164 Chr-onagru-

408 5183 656 5256 plu’arum
688 5183 830 5240 libro
857 5183 945 5240 his
978 5184 1162 5240 verbis
1190 5184 1267 5256 (4)
1297 5203 1310 5240 :

957 5425 1186 5483 CAPUT
1234 5427 1419 5486 XLVI.

990 5519 1074 5575 Ea:
1111 5519 1385 5590 Africano.

366 5602 376 5677 ἶ
485 5629 508 5666 ι
538 5609 640 5667 Hic
669 5614 968 5685 prophetia:
994 5614 1149 5669 locns
1180 5613 1347 5667 multa
1365 5613 1515 5668 etvis
1543 5610 1816 5668 credenda
1835 5626 1975 5665 nun-

476 5765 526 5804 ³⁰
552 5765 786 5839 Philipp.
812 5785 874 5831 ιι,
909 5770 993 5822 Η.
1070 5769 1111 5800 ³¹
1149 5767 1281 5822 Dan.
1327 5784 1401 5833 Ix,
1424 5766 1617 5824 22—27.

2084 4749 2192 4787 των
2229 4732 2388 4805 μόνον
2413 4730 2569 4803 ίσμεν
2597 4730 2920 4802 Ἀφρικανὸν
2946 4729 3319 4801 ἀκριϐέστατα
3350 4727 3443 4781 καὶ
3471 4725 3672 4797 μᾶλλον

2086 4827 2238 4899 παρά
2259 4827 2383 4890 τοὺς
2403 4826 2623 4888 λοιποὺς
2649 4823 3118 4895 ἐπιτετευγμένως
3143 4819 3451 4893 τεθεωρηκὸ
3462 4836 3521 4872 τα
3537 4833 3552 4849 ⁶
3576 4818 3674 4872 καὶ

2085 4920 2148 4991 δή
2184 4936 2274 4991 μοι
2301 4918 2449 4973 δοκεῖ
2477 4920 2773 4988 ἀναγκαῖον
2807 4914 2948 4970 εἶναι
2998 4915 3215 4988 πρῶτον
3249 4910 3416 4966 αὑτοῦ
3462 4911 3561 4983 τὴν
3589 4912 3672 4976 είς

2087 5013 2163 5087 (f.
2192 5014 2259 5069 59
2281 5014 2368 5083 v°)
2400 5015 2526 5077 τοὺς
2562 5013 2762 5075 τόπους
2799 5010 3051 5082 διήγησιν
3096 5009 3175 5071 εἰς
3221 5006 3386 5077 μέσον
3417 5006 3668 5073 ἀγαγεῖν,

2085 5104 2184 5161 εἷθ’
2224 5106 2397 5170 οὕτως
2439 5105 2872 5176 ἐπισκέψασθαι,
2910 5101 2963 5155 εῖ
3012 5118 3065 5154 τι
3111 5101 3220 5172 ἄρα
3254 5099 3345 5153 καὶ
3375 5096 3531 5150 αὐτοὶ
3575 5095 3667 5149 δυ-

2084 5199 2317 5271 ναίμεθα
2363 5198 2732 5269 συμϐαλέσθαι
2777 5195 2855 5267 τῷ
2903 5195 3067 5265 λόγῳ.
3116 5192 3322 5262 Γράφει
3379 5188 3444 5260 δὴ
3476 5184 3571 5242 οὖν
3608 5189 3670 5242 ἐν

2085 5290 2321 5363 πέμπτῳ
2353 5289 2463 5343 τῶν
2489 5286 2946 5360 Χρονογραεριῶν
2976 5284 3118 5339 κατά
3146 5283 3292 5349 λέξιν
3319 5282 3519 5347 οὕτως·

2575 5421 2966 5479 ΚΕΦΑΛΑΙΟΝ
3011 5424 3163 5491 MC’.

2693 5514 3061 5584 Ἀφρικανοῦ.

2158 5629 2178 5661 ι
2219 5609 2282 5663 Ἦ
2311 5609 2409 5680 μὲν
2438 5602 2532 5663 οὖν
2563 5606 2837 5679 περικοπὴ
2864 5605 3006 5660 οὕτω
3037 5620 3156 5668 πως
3185 5602 3383 5673 ἔχουσα
3405 5596 3663 5657 πολλάτα

474 5903 553 5977 μ)
592 5900 794 5963 Confer
818 5902 1018 5959 Euseb.
1045 5902 1317 5957 Demonst.
1352 5917 1466 5969 Vill,
1493 5919 1547 5974 p.
1572 5901 1706 5969 389;
1736 5902 1958 5958 Hieron.
2002 5898 2052 5952 in
2086 5894 2225 5951 Dan.
2257 5903 2297 5951 t.
2338 5892 2399 5963 V,
2425 5909 2478 5966 p.
2511 5893 2631 5951 682.
