4100 6440
439 412 578 468 11⁸19
1105 410 1378 470 EUSEBII
1416 411 1896 492 CES‘ARIENSIS
1946 412 2097 469 OPP.
2138 411 2339 468 PARS.
2379 411 2468 469 lll.
2506 411 3025 497 —.EXEGETICA.
3569 414 3711 471 “80

437 529 601 584 annis
632 527 1038 598 superaddunt;
1070 545 1308 601 namque
1322 529 1497 586 octies
1529 530 1782 585 undecim
1799 538 1854 586 et
1883 547 2014 602 qua-

2120 535 2317 606 τάρτου
2347 533 2446 605 τὴν
2474 533 2616 588 κατά
2637 533 2865 605 σελήνην
2891 531 3272 603 δωδεκάμηνον
3302 530 3709 603 παραλλάσσειν

437 623 606 678 drans
653 632 765 677 tres
801 621 1049 677 'elliciunt
1100 638 1338 678 menses.
1404 623 1547 677 Anni
1603 624 1769 694 igitur
1808 638 2014 678 couxv

2122 627 2361 698 ἡμέραις
2392 627 2585 681 ἐνδέκα
2616 627 2711 680 καὶ
2731 626 2998 697 τετάρτῳ.
3025 626 3124 679 Διά
3148 625 3308 679 τοῦτο
3334 628 3427 680 καὶ
3448 627 3711 699 Ἕλληνες

437 715 609 769 octies
661 728 751 769 LIX
795 713 1097 781 continent,
1158 721 1213 769 et
1264 723 1379 769 tres
1411 731 1628 771 menses
1694 715 2014 770 embolimaei

2124 722 2220 775 καὶ
2260 721 2498 776 Ἰουδαῖοι
2528 726 2678 796 τρεῖς
2737 723 2910 794 μῆνας
2954 722 3286 796 ἐμϐολίμους
3332 723 3509 778 ἔτεσιν
3561 724 3710 778 ὀκτὼ

437 807 636 874 cuique
665 813 859 859 octavo
885 821 1031 860 anno
1056 805 1247 870 additi,
1276 807 1448 862 ferme
1477 808 1790 878 quindecim
1816 824 2013 874 annos,

2123 813 2597 884 παρεμϐάλλουσιν
2616 831 2629 844 ·
2652 815 2841 868 ὀκτάκι
2864 815 2973 886 γὰρ
3001 816 3071 869 τά
3097 814 3287 869 ἕνδεκα
3321 817 3417 869 καὶ
3448 816 3711 887 τέταρτον

437 896 789 967 paucissimis
834 899 1077 968 exceptis
1120 899 1336 962 diebus,
1389 900 1687 969 complent.
1729 900 1820 955 Sic
1850 900 2014 973 igitur

2125 907 2269 957 ποιεῖ
2314 905 2596 976 τρίμηνον.
2667 905 2747 959 Τὰ
2797 907 2976 960 τοίνυν
3027 914 3137 960 υοε¹
3181 907 3274 978 ἔτη
3324 906 3708 979 ὀκταετηρίδες

436 1002 646 1041 cnuxv
674 988 835 1042 annis
867 1004 973 1043 Lxx
1000 997 1256 1045 constant
1297 990 1684 1045 hebdomades.

436 1082 594 1154 λίμου
621 1087 687 1155 τῇ
714 1085 992 1156 ὀκταετίᾳ,
1018 1084 1260 1154 γίνονται
1294 1085 1388 1156 ἐτη
1413 1086 1806 1140 πεντεκαίδεκα
1832 1086 2026 1157 ὀλίγων
2060 1089 2284 1161 ⁴ἡμερῶν
2314 1090 2611 1145 ἀποδέοντα
2639 1092 2877 1160 γίνεται·
2909 1092 3081 1146 ταῦτα
3099 1092 3156 1146 δὲ
3185 1095 3321 1165 πρὸς
3383 1097 3496 1158 τοῖς
3560 1094 3709 1165 (υ)οε’

2124 994 2364 1063 γίνονται
2409 995 2505 1060 νθ’,
2557 997 2651 1050 καὶ
2699 998 2865 1069 μῆνες
2899 996 2969 1066 γ’,
3018 998 3093 1062 ὡς
3136 998 3398 1069 τριμήνου
3447 997 3505 1050 δὲ
3545 996 3711 1068 ἐμϐο-
3814 998 3821 1005 ’

436 1180 613 1235 ἐτεσιν
637 1182 692 1233 αἱ
720 1186 761 1233 ο’
788 1180 1082 1252 ἐϐδομάδες
1108 1179 1507 1235 συντελοῦνται.

509 1297 635 1353 Haec
669 1296 888 1368 quidem
921 1300 978 1351 in
1008 1298 1155 1354 hunc
1187 1298 1367 1353 locum
1399 1297 1694 1353 Africanus
1731 1298 2015 1354 disseruit.

437 1386 734 1445 Videamus
763 1398 817 1445 et
850 1406 973 1456 nos,
1018 1399 1143 1461 post
1184 1391 1326 1446 lianc
1369 1391 1899 1461 interpretationem,
1946 1406 2017 1445 an

438 1481 597 1537 aliter
631 1482 932 1552 intelligere
977 1483 1275 1552 possimus,
1326 1499 1395 1538 ne
1453 1483 1752 1549 videamur,
1796 1484 2020 1541 omissis

439 1588 470 1626 a
505 1573 648 1645 Cyro
677 1575 743 1627 ad
768 1574 1122 1628 Artaxerxem
1157 1574 1515 1645 temporibus.
1546 1575 1694 1631 haud
1722 1576 2015 1646 ingenuam

438 1667 946 1735 interpretationem
968 1667 1231 1737 praebere,
1257 1683 1359 1722 nec
1389 1669 1654 1723 rationem
1681 1668 1874 1725 aﬂ‘erre
1899 1669 2015 1725 dis-

439 1759 689 1814 criminis
744 1759 890 1828 quod
936 1766 1019 1814 est
1071 1759 1215 1813 inter
1275 1766 1482 1828 septem
1536 1757 1907 1814 hebdomades
1965 1768 2020 1814 et

439 1851 722 1920 sexaginta
744 1850 900 1914 duas.
932 1851 1076 1906 sicut
1098 1850 1281 1905 divina
1304 1850 1543 1906 ostendit
1571 1850 1880 1921 Scriptura,
1909 1867 2019 1906 non

440 1941 563 1998 sine
584 1943 874 1997 verissimo
903 1957 966 1997 ac
1000 1941 1436 2011 profundissimo
1482 1944 1740 2007 consilio,
1780 1944 1867 1998 his
1899 1959 2023 1998 ver-

2190 1296 2377 1352 Ταῦτα
2420 1298 2517 1370 μὲν
2549 1300 2578 1352 6
2610 1297 2977 1370 προδηλωθεὶς
3024 1297 3163 1372 ἀνὴρ
3213 1300 3294 1364 είς
3339 1300 3465 1365 τοὺς
3504 1301 3708 1367 τόπους

2123 1390 2509 1462 ἐπιϐέϐληκεν
2544 1393 2674 1463 φέρε
2704 1392 2768 1464 δὴ
2802 1392 2897 1446 καὶ
2927 1395 3090 1463 ⁴ἡμεῖς
3118 1394 3256 1464 μετὰ
3287 1393 3386 1466 τὴν
3426 1394 3708 1448 ἀποδοθεῖ-

2125 1501 2224 1538 σαν
2253 1484 2547 1556 ἑρμηνείαν
2580 1485 2800 1555 ἴδωμεν,
2821 1486 2869 1538 εί
2901 1479 3013 1539 οἷόν
3044 1503 3104 1539 τε
3131 1486 3226 1539 καὶ
3259 1486 3460 1558 ἐτέρως
3484 1490 3597 1551 τοῖς
3617 1487 3707 1541 τό-

2123 1595 2247 1641 ποις
2292 1577 2588 1643 ἐπιϐαλεῖν,
2621 1578 2697 1642 ὡς
2738 1577 2804 1633 ἂν
2842 1579 2917 1650 μὴ
2947 1579 3199 1650 δοκοῖμεν
3231 1581 3356 1643 τοὺς
3382 1580 3492 1632 ἀπὸ
3519 1579 3706 1651 Κύρου

2121 1669 2216 1722 καὶ
2247 1669 2339 1722 ἐπὶ⁵
2374 1667 2735 1742 ’Δρταξέρξην
2766 1669 3197 1735 ὑποκλέπτοντες
3226 1672 3453 1742 χρόνους
3480 1670 3708 1742 βιαιοτέ-

2121 1778 2219 1833 ραν
2251 1761 2521 1816 ποιεῖσθαι
2549 1761 2646 1833 τὴν
2681 1753 2958 1827 ἀπόδοσιν,
2988 1763 3083 1816 καὶ
3116 1762 3292 1826 ἄλλως
3317 1764 3391 1835 μὴ
3413 1763 3471 1817 δὲ
3490 1765 3593 1834 τὴν
3620 1766 3709 1818 at-

2116 1853 2236 1908 τίαν
2266 1856 2596 1925 παριστάναι
2628 1854 2804 1907 δοκεῖν
2835 1855 2934 1924 τῆς
2962 1854 3073 1908 τῶν
3104 1854 3244 1908 ἐπτὰ
3276 1855 3586 1925 ἑϐδομάδων
3607 1859 3708 1911 καὶ

2118 1945 2228 1998 τῶν
2277 1946 2354 2016 ξβ⁹
2381 1946 2721 2019 διαιρέσεως,
2753 1946 2819 2018 ἢν
2870 1948 2899 2000 6
2947 1946 3090 2012 θεῖος
3123 1947 3296 2016 Λόγος
3342 1947 3562 2012 πάντως
3600 1965 3703 2002 που

438 2032 524 2088 bis
557 2050 570 2085 :
604 2052 621 2082 ι
647 2030 800 2087 Scito
828 2047 958 2102 ergo
999 2040 1054 2087 et
1082 2033 1455 2089 animadverte
1481 2053 1495 2090 :
1531 2036 1601 2090 ab
1631 2035 1782 2090 exitu
1812 2050 2014 2090 sermo-

2120 2037 2259 2107 μετά
2286 2055 2430 2102 τινος
2457 2037 2679 2107 εὐλόγου
2711 2038 2950 2102 διανοίας
2980 2040 3073 2092 καὶ
3100 2037 3409 2109 βαθυτάτης
3437 2040 3705 2104 συνέσεως

437 2127 547 2191 nis,
578 2135 635 2180 ut
662 2125 858 2180 iterum
887 2125 1188 2179 aedificetur
1208 2124 1537 2190 Jerusalem,
1563 2143 1742 2198 usque
1766 2128 1835 2183 ad
1857 2129 2020 2184 Chri-

439 2227 582 2273 stum
616 2215 832 2282 ducem,
874 2214 1246 2272 hebdomades
1282 2225 1511 2286 septem,
1553 2229 1607 2273 et
1646 2219 2021 2277 hebdomades

436 2308 720 2379 sexaginta
749 2308 871 2364 duae
901 2317 1062 2364 erunt
1090 2328 1103 2364 :
1133 2318 1188 2364 et
1215 2325 1407 2367 rursus
1429 2309 1792 2367 aediﬁcabitur
1817 2314 2018 2383 platea,

435 2412 490 2457 et
520 2402 684 2456 muri.
713 2421 732 2453 ι
769 2401 1034 2458 Attendas
1069 2402 1216 2457 enim
1258 2418 1329 2457 an
1375 2402 1426 2457 vi
1462 2402 1624 2458 ducta
1656 2404 1811 2459 ﬁeret
1849 2405 2021 2460 inter-

435 2494 695 2567 pretatio,
731 2502 979 2565 tempora
1028 2495 1444 2550 numerantibus
1492 2496 1561 2550 ab
1601 2497 1723 2568 ipso
1753 2495 1918 2568 Cyro,
1951 2495 2022 2552 de

435 2604 547 2660 quo
570 2586 759 2642 Daniel
783 2589 1149 2659 prophetizat.
1175 2587 1277 2642 Hie
1318 2605 1514 2659 nempe
1546 2590 1756 2659 primus
1792 2605 2021 2660 respon-

437 2694 559 2734 sum
589 2679 655 2734 de
685 2676 988 2734 Jerusalem
1020 2680 1423 2736 instauratione
1454 2681 1645 2743 edixit,
1674 2690 1813 2737 teste
1845 2681 2019 2737 Esdra

436 2771 525 2825 his
560 2770 772 2827 verbis:
805 2792 823 2822 ι
858 2772 917 2825 In
970 2787 1115 2826 anno
1144 2773 1322 2843 primo
1355 2772 1482 2844 Cyri
1518 2775 1663 2846 regis
1697 2773 2017 2839 Persarum,

436 2871 497 2918 ut
552 2864 919 2933 compleretur
967 2865 1195 2919 verbum
1246 2863 1460 2920 Domini
1510 2881 1576 2920 ex
1618 2880 1714 2921 ore
1745 2865 2015 2933 Jeremia,

434 2956 722 3012 Suscitavit
781 2955 1046 3010 Dominus
1101 2957 1356 3025 spiritum
1416 2957 1567 3029 Cyri,
1627 2958 1773 3026 regis
1822 2956 2020 3014 Persa-

434 3062 558 3101 rum
589 3067 601 3101 :
629 3056 684 3101 et
713 3047 955 3101 traduxit
986 3063 1176 3101 vocem
1209 3047 1263 3100 in
1301 3048 1451 3101 omni
1487 3063 1656 3117 regno
1690 3064 1814 3114 suo,
1849 3050 2014 3104 etiam

434 3151 534 3206 per
555 3135 895 3206 Scripturam
928 3137 1118 3191 dicens
1162 3156 1174 3191 :
1208 3136 1335 3191 Haec
1387 3137 1717 3210 dicitCyrus
1755 3157 1849 3196 rex
1890 3141 2017 3195 Per-

436 3244 672 3284 sarum:
713 3226 908 3282 Omnia
956 3244 1121 3299 regna
1158 3237 1319 3284 terra:
1369 3229 1519 3285 dedit
1566 3232 1701 3285 mihi
1750 3231 2015 3291 Dominus

434 3320 584 3377 Dens
615 3322 762 3385 coeli,
801 3332 854 3376 et
886 3322 1001 3393 ipse
1041 3326 1302 3394 praecepit
1339 3325 1468 3379 mihi
1502 3332 1562 3379 ut
1603 3326 1932 3383 aediﬁcarem
1962 3328 2013 3383 ei

433 3414 657 3469 domum
699 3415 754 3469 in
783 3414 1111 3497 Jerusalem,
1145 3434 1266 3488 quae
1301 3427 1387 3474 est
1417 3419 1471 3472 in
1508 3419 1716 3475 Judaea.
1744 3421 1881 3488 Quis
1929 3432 2015 3477 est
2042 3395 2085 3453 θ

433 3506 491 3560 in
520 3508 679 3563 vobis
717 3507 784 3563 de
828 3509 1087 3565 universo
1124 3512 1327 3581 populo
1367 3512 1521 3582 ejus?
1561 3512 1645 3568 Sit
1694 3512 1838 3570 Deus
1864 3515 2014 3570 illius

433 3613 560 3653 cum
591 3601 729 3670 ipso.
758 3601 1031 3657 Ascendat
1072 3605 1126 3658 in
1157 3604 1463 3661 Jerusalem
1500 3606 1610 3675 '1‘;
1645 3628 1663 3659 ι
1694 3615 1749 3662 et
1778 3608 2011 3678 reliqua.

435 3689 646 3758 Quibus
683 3693 874 3750 addit:
913 3713 930 3746 ι
960 3693 1073 3750 Rex
1121 3712 1339 3768 quoque
1388 3697 1567 3770 Cyrus
1612 3700 1840 3770 protulit
1882 3715 2014 3756 vasa

431 3785 621 3855 templi
650 3785 888 3851 Domini,
920 3804 1041 3859 quae
1063 3790 1262 3845 tulerat
1289 3789 1799 3848 Nabuchodonosor
1827 3793 1894 3848 de
1918 3791 2013 3850 Je-

433 3879 699 3944 rusalem,
737 3887 793 3935 et
824 3888 1087 3951 posuerat
1118 3897 1182 3937 ea
1213 3882 1267 3938 in
1302 3885 1508 3954 templo
1548 3886 1636 3941 dei
1665 3886 1774 3942 sui.
1812 3885 2014 3943 Protu—

432 3967 497 4023 lit
544 3979 726 4026 antem
774 3986 838 4026 ea
885 3970 1085 4044 Cyrus,
1141 3988 1237 4028 rex
1280 3972 1598 4040 Persarum,
1642 3992 1738 4045 per
1785 3991 2011 4030 manum

432 4059 764 4119 Mithridatis
798 4101 814 4125 ,
902 4070 955 4117 et
1045 4067 1424 4121 annumeravit
1498 4081 1562 4122 ea
1648 4067 2013 4124 Samanassar

430 4154 666 4225 principi
706 4154 847 4210 Juda
870 4156 935 4212 ³³.
969 4175 987 4208 δ
1033 4156 1240 4214 Deinde
1288 4167 1478 4214 narrat
1538 4158 1822 4230 Scriptura
1873 4176 2012 4231 quo-

430 4245 595 4299 modo
650 4247 809 4316 primi
863 4245 1156 4303 redeuntes
1207 4250 1391 4320 templi
1453 4249 1810 4307 fundamenta
1859 4253 2011 4322 jece-

428 4335 563 4404 rint,
596 4338 875 4407 quomodo
908 4337 963 4392 in
995 4338 1277 4395 laboribus
1313 4341 1559 4411 impediti
1589 4343 1702 4398 sint
1742 4342 1846 4397 hoc
1878 4350 2014 4397 tem-

428 4429 583 4499 poris
610 4430 920 4493 intervallo,
955 4447 1132 4501 usque
1160 4430 1227 4485 ad
1257 4433 1545 4503 septimam
1567 4449 1841 4489 annorum
1872 4434 2008 4490 heb-

428 4520 738 4577 domadem.
771 4521 1146 4593 Quadraginta
1181 4524 1347 4595 igitur
1369 4534 1422 4580 et
1453 4542 1550 4582 sex
1582 4542 1851 4582 annorum
1883 4542 2008 4597 spa-

429 4611 565 4665 tium
600 4625 632 4664 a
662 4610 804 4683 Cyro
836 4612 902 4666 ad
933 4620 1145 4668 sextum
1173 4612 1318 4668 Darii
1343 4630 1549 4670 annum
1573 4617 1807 4671 elabitur
1833 4617 2008 4673 donec

2119 2128 2414 2201 πεποίηται
2436 2132 2614 2201 φήσας
2639 2147 2653 2161 ο
2688 2150 2707 2181 ι
2735 2130 2846 2184 Kal
2877 2130 3063 2204 γνώσῃ
3096 2133 3191 2185 καὶ
3217 2133 3468 2204 συνήσεις
3489 2132 3597 2186 ἀπὸ
3618 2132 3706 2201 ἐξ·

2116 2222 2236 2277 ὁδου
2264 2222 2425 2291 λόγου
2442 2224 2535 2277 τοῦ
2570 2224 2933 2297 ἀποκριθῆναι
2967 2225 3061 2278 καὶ
3089 2224 3185 2278 τοῦ
3211 2226 3562 2297 οίκοδομῆσαι
3603 2227 3704 2279 Ἱε-

2122 2315 2403 2387 ρουσαλὴμ
2445 2316 2549 2380 ἕως
2586 2316 2821 2388 Χριστοῦ
2854 2319 3159 2388 ἡγουμένου
3193 2316 3486 2387 ἐϐδομάδες
3513 2316 3578 2384 ζ’,
3609 2318 3705 2371 καὶ

2119 2408 2411 2479 ἐϐδομάδες
2464 2407 2538 2478 ξβ¹
2571 2410 2663 2462 καί⁹
2711 2408 3028 2480 ἐπιστρέψει
3081 2410 3175 2463 καὶ
3215 2409 3705 2482 οἰκοδομηθήσεται

2117 2499 2349 2555 πλατεία
2381 2502 2473 2553 καὶ
2497 2504 2693 2573 τεῖχος.
2727 2521 2745 2553 ι
2781 2504 2922 2574 Ὅρα
2949 2498 3012 2574 δὴ
3045 2504 3093 2555 εί
3121 2503 3195 2574 μὴ
3226 2502 3484 2566 ἀϐίαστος
3506 2504 3705 2572 γένοιτ’

2118 2593 2185 2647 ἂν
2217 2595 2349 2664 ἡμῖν
2380 2594 2412 2663 ἡ
2436 2593 2684 2664 διήγησις
2707 2591 2766 2658 ἐξ
2794 2594 2958 2648 αὐτοῦ
2979 2594 3186 2665 Κύρου,
3214 2594 3337 2648 καθ’
3365 2594 3424 2649 δν
3451 2596 3480 2648 6
3506 2593 3707 2666 Δανιὴλ

2117 2686 2473 2759 προφητεύει,
2503 2689 2631 2751 τοὺς
2682 2688 2905 2759 χρόνους
2958 2687 3479 2760 ἀπαριθμουμένοις.
3534 2682 3704 2753 Οὗτος

2115 2779 2224 2851 γάρ
2250 2775 2344 2834 οὖν
2372 2779 2587 2851 πρῶτος
2622 2779 2719 2851 τὴν
2753 2781 2882 2853 περὶ
2916 2780 3008 2834 τοῦ
3051 2781 3329 2851 ἀνεγεῖραι
3374 2781 3473 2853 τὴν
3507 2782 3702 2855 Ἰερου-

2118 2870 2297 2943 σαλὴμ
2337 2872 2629 2944 ἀπόκρισιν
2669 2871 2949 2943 ἐξενήνοχε
2995 2872 3136 2926 κατά
3176 2873 3274 2944 τὴν
3320 2875 3379 2929 ἐν
3420 2875 3498 2946 τῷ
3527 2875 3705 2947 Ἔζρᾳ

2115 2963 2352 3036 γραφὴν,
2381 2962 2570 3017 τοῦτον
2620 2961 2849 3033 ἔχουσαν
2902 2963 2992 3016 τὸν
3044 2964 3272 3034 τρόπον·
3313 2983 3332 3017 ι
3368 2965 3480 3019 Kal.
3522 2965 3581 3017 ἐν
3623 2966 3701 3036 τῷ

2118 3056 2318 3130 πρώτῳ
2353 3057 2462 3111 ἔτει
2508 3057 2690 3129 Κύρου
2736 3056 3001 3127 βασιλέως
3044 3058 3290 3129 Περσῶν,
3325 3057 3419 3112 τοῦ
3449 3057 3701 3130 τελεσθῆ-

2115 3166 2201 3203 ναι
2230 3148 2387 3217 λόγον
2426 3150 2632 3221 Κυρίου
2670 3147 2778 3202 ἀπὸ
2826 3148 3093 3219 στόματος
3137 3150 3420 3221 Ἱερεμίου,
3449 3148 3701 3221 ἐξήγειρε

2114 3240 2319 3313 Κύριος
2354 3241 2414 3295 τὸ
2441 3240 2657 3311 πνεῦμα
2683 3241 2868 3313 Κύρου
2901 3241 3161 3310 βασιλέως
3187 3241 3532 3313 Περσῶν,καὶ
3566 3259 3700 3313 παρ’

2115 3332 2336 3404 ἤγγειλε
2368 3332 2551 3403 φωνὴν
2575 3333 2631 3386 ἐν
2666 3332 2816 3406 πάσῃ
2851 3332 3098 3405 βασιλείᾳ
3124 3332 3312 3397 αὑτοῦ,
3344 3333 3438 3387 καί
3498 3350 3562 3403 γε
3607 3335 3700 3401 ἐγ-

2120 3427 2398 3498 γράπτως,
2425 3425 2617 3495 λέγων’
2644 3426 2829 3490 Οῦτως
2849 3420 2999 3480 εἶπεν
3025 3427 3207 3499 Κύρος
3231 3430 3259 3480 6
3291 3425 3543 3496 βασιλεὺς
3560 3427 3702 3497 Περ-

2119 3518 2256 3572 σῶν·
2291 3519 2480 3582 Πάσας
2523 3518 2624 3582 τὰς
2676 3517 2952 3588 βασιλείας
2990 3520 3088 3591 τῆς
3132 3519 3237 3590 γῆς
3278 3518 3565 3590 παρέδωκέ
3609 3535 3701 3589 μοι

2115 3610 2319 3683 Κύριος
2349 3615 2377 3666 6
2420 3612 2552 3676 Θεὸς
2594 3611 2687 3667 τοῦ
2732 3612 2985 3683 ούρανοῦ,
3017 3613 3111 3666 καὶ
3156 3612 3320 3677 αὐτὸς
3360 3611 3702 3691 ἐπεσκέψατο

2115 3704 2201 3757 ἐπ’
2235 3705 2337 3775 ἐμὲ
2378 3704 2473 3759 τοῦ
2499 3704 2848 3776 οἰκοδομῆσαι
2882 3704 3030 3776 αύτῷ
3057 3700 3204 3760 οἶκον
3243 3706 3302 3759 ἐν
3344 3704 3703 3777 Ἰερουσαλὴμ

2113 3799 2179 3868 τῇ
2218 3798 2278 3849 ἐν
2317 3794 2568 3868 Ἰουδαίᾳ.
2607 3794 2702 3861 Τίς
2724 3798 2782 3851 ἐν
2805 3798 2933 3869 ύμῖν
2967 3796 3077 3851 ἀπὸ
3101 3796 3302 3861 παντὸς
3327 3795 3421 3849 τοῦ
3448 3794 3578 3852 λαοῦ
3602 3796 3701 3849 αὐ-

2113 3889 2237 3957 τοῦ;
2266 3890 2377 3943 Kal.
2405 3888 2556 3944 ἔσται
2588 3891 2617 3943 6
2651 3889 2783 3956 Θεὸς
2809 3888 2971 3943 αὑτοῦ
2998 3891 3116 3961 μετ’
3146 3887 3332 3957 αὐτοῦ,
3366 3889 3462 3943 καὶ
3491 3887 3699 3960 ἀναϐή-

2115 3998 2265 4036 σεται
2284 3983 2363 4045 είς
2397 3981 2702 4055 Ἱερουσαλή
2712 4000 2750 4055 μ
2766 4001 2779 4012 ·
2804 4003 2825 4034 ι
2848 3983 2941 4036 καὶ
2968 3981 3037 4036 τά
3054 3981 3203 4053 ἑξῆς.
3228 3976 3322 4046 Οἷς
3343 3981 3693 4052 ἐπιφέρεταιο

2118 4094 2137 4126 ι
2166 4075 2275 4128 Καὶ
2315 4076 2344 4129 6
2399 4074 2652 4146 βασιλεὺς
2681 4074 2863 4146 Κύρος
2903 4072 3165 4146 ἐξήνεγκε
3214 4072 3285 4127 τὰ
3331 4071 3501 4145 σκεύη
3546 4071 3694 4126 οἴκου

2111 4167 2339 4239 Κυρίου,
2365 4166 2401 4222 ἃ
2447 4167 2639 4221 ἐλαϐεν
2681 4166 3150 4238 Ναϐουχοδονόσορ
3174 4165 3281 4219 ἀπὸ
3321 4161 3696 4236 Ἰερουσαλὴμ,

2111 4263 2205 4317 καὶ
2230 4262 2428 4317 ἔδωκεν
2458 4262 2598 4316 αὐτά
2624 4264 2681 4316 ἐν
2713 4262 2848 4333 οίκιρ
2887 4261 3011 4316 θεοῦ
3042 4259 3230 4315 αὐτοῦ.
3262 4259 3373 4314 Kal
3403 4258 3694 4329 ἐξήνεγκεν

2110 4353 2251 4409 αύτά
2278 4354 2481 4426 Κύρος,
2503 4356 2532 4407 6
2567 4354 2821 4426 βασιλεὺς
2846 4352 3096 4425 Περσῶν,
3128 4353 3222 4406 ἐπὶ
3249 4355 3406 4425 χεῖρα
3438 4352 3699 4425 Μιθριδά-

2108 4466 2202 4503 του
2233 4451 2326 4504 καὶ
2352 4450 2657 4523 ἠρίθμησεν
2683 4448 2821 4504 αύτά
2848 4448 2927 4519 τῷ
2956 4447 3576 4521 Σαμανασσάρ,ἀρχοντι
3599 4446 3695 4500 τοῦ

2122 4541 2310 4595 Ἰούδα.
2337 4560 2354 4592 ι
2376 4541 2497 4594 Ἐπὶ
2525 4540 2733 4604 τούτοις
2759 4542 2962 4613 ίστορεῖ
2987 4542 3021 4612 ἡ
3053 4540 3244 4611 Γραφὴ
3276 4539 3352 4602 ὼς
3381 4538 3697 4603 ἀνελθόντες

2107 4636 2157 4688 οἱ
2203 4636 2411 4707 πρῶτοι
2461 4634 2888 4689 καταϐάλλονται
2931 4635 3056 4698 τοὺς
3079 4634 3173 4688 τοῦ
3208 4633 3352 4705 ἱεροῦ
3387 4632 3694 4705 θεμελίους,

428 4704 615 4774 templi
644 4706 984 4775 compleatur
1017 4706 1330 4761 aediﬁcatio.
1375 4706 1502 4763 ideo
1538 4708 1606 4762 ab
1641 4708 1766 4765 aliis
1796 4710 2005 4781 primas

2115 4729 2203 4782 καὶ
2239 4704 2314 4791 dx;
2347 4726 2623 4799 εἴργονταί
2654 4743 2717 4795 γε
2747 4728 2806 4781 ἐν
2834 4724 2912 4797 τῷ
2949 4725 3151 4797 μεταξὺ
3182 4727 3361 4800 χρόνῳ
3390 4725 3493 4795 τῆς
3527 4742 3699 4779 σπου-

425 4803 635 4866 septem
678 4796 1048 4854 hebdomades
1094 4799 1383 4869 Scriptura
1434 4800 1698 4869 seiunxit,
1742 4802 2004 4858 interval-

426 4887 541 4941 lum
610 4889 929 4959 signiﬁcans
993 4890 1138 4946 inter
1195 4892 1433 4960 primum
1495 4892 1745 4963 conjecta
1817 4894 2004 4965 templi

423 4979 822 5046 fundamenta,
902 4983 1312 5054 perfectamque
1390 4984 1559 5041 totius
1619 4986 1838 5041 aedilicii
1902 5003 2002 5043 ex-

421 5078 801 5131 structionem.
869 5076 1046 5147 Cyrus
1102 5077 1249 5131 enim
1281 5116 1295 5140 ,
1359 5092 1532 5134 annos
1582 5096 1751 5135 unum
1793 5087 1848 5135 et
1907 5079 2006 5133 tri-

421 5165 573 5235 ginta
631 5180 757 5221 cum
820 5166 1195 5236 regnavisset,
1245 5167 1496 5240 Cambysi
1544 5169 1653 5226 [ilio
1711 5171 2002 5241 imperium

421 5258 685 5325 tradidit;
753 5260 862 5322 cui,
928 5267 1054 5329 post
1126 5276 1318 5316 novem
1388 5277 1659 5318 annorum
1727 5280 2000 5335 regnum,

419 5348 621 5407 Darius
692 5352 996 5417 successit,
1076 5352 1425 5424 iterumque,

418 5440 614 5513 Cyrus,
635 5442 938 5500 Jerusalem
969 5444 1341 5505 aedificandam
1373 5448 1554 5503 edicto
1577 5449 1766 5518 jussit.
1821 5449 2001 5520 Atque

419 5540 574 5586 sexto
603 5534 723 5604 ejus
748 5535 960 5607 imperii
993 5550 1158 5601 anno,
1182 5536 1275 5606 qui
1321 5538 1774 5609 quadragesimus
1811 5547 2001 5597 sextus

423 5640 453 5679 a
496 5622 642 5697 Cyro
661 5639 798 5692 erat,
821 5626 1108 5684 aediﬁcatio
1140 5626 1443 5699 perﬁcitur.
1472 5628 1632 5687 Unde
1664 5630 1720 5685 in
1753 5628 1999 5688 Salvato-

491 5804 559 5837 δι·
598 5801 616 5857 ι
650 5802 809 5861 Esdr.
836 5822 876 5876 ι,
915 5807 1029 5864 1-5.
1106 5811 1150 5842 υ
1191 5808 1321 5865 ibid.
1356 5809 1407 5875 7.
1443 5808 1498 5865 8-

1505 5355 1651 5412 sicut
1722 5356 2001 5426 quondam
2032 5361 2042 5370 '

2109 4822 2227 4893 δῆς,
2255 4822 2360 4885 ἕως
2402 4820 2492 4874 ἐπὶ
2523 4818 2756 4889 ἑϐδόμην
2791 4817 2927 4871 ἐτῶν
2957 4818 3248 4889 ἑϐδομάδα.
3269 4817 3697 4889 Τεσσαράκοντα

2110 4915 2172 4986 (1⁸.
2203 4914 2273 4969 40
2304 4915 2377 4987 v°)
2404 4914 2533 4983 γοῦν
2557 4915 2650 4967 καὶ
2678 4912 2738 4979 ἒξ
2764 4912 2856 4985 ἐτη
2890 4914 2997 4968 ἀπὸ
3033 4911 3216 4984 Κύρου
3252 4912 3348 4966 καὶ
3384 4912 3477 4965 ἐπὶ
3500 4910 3563 4964 τὸ
3592 4912 3700 4964 Δα-

2112 5008 2254 5081 ρείου
2286 5008 2445 5061 ἕκτον
2466 5006 2586 5070 ἔτος
2609 5007 3029 5078 περιγράφεται,
3066 5006 3123 5057 ἐν
3155 4998 3199 5072 ᾧ
3233 5003 3406 5076 πέρας
3451 5002 3593 5075 ῑσχει
3623 5003 3698 5057 τά

2107 5101 2206 5171 τῆς
2235 5098 2328 5152 τοῦ
2362 5098 2491 5152 ναοῦ
2519 5098 2807 5170 οἰκοδομῆς
2825 5116 2837 5127 ·
2869 5097 2990 5152 ὅθεν
3020 5097 3243 5161 είκότως
3272 5096 3381 5149 ἀπὸ
3426 5094 3535 5149 τῶν
3580 5094 3698 5149 λοι-

2111 5193 2228 5247 πῶν
2251 5192 2551 5265 ἑϐδομάδας
2577 5193 2619 5258 ζ’
2641 5192 2740 5255 τὰς
2766 5190 3030 5262 πρώταςὸ
3060 5190 3215 5256 λόγος
3235 5187 3574 5260 ἀφωρίσατο,
3596 5187 3696 5242 τὸν

2111 5284 2314 5358 μεταξὺ
2346 5286 2535 5356 χρόνον
2569 5286 2670 5356 τῆς
2701 5284 2926 5356 πρώτης
2955 5285 3260 5355 καταϐολῆς
3296 5283 3405 5337 τῶν
3438 5283 3532 5337 τοῦ
3560 5284 3694 5339 ναοῦ

2111 5376 2376 5448 θεμελίων
2402 5377 2497 5431 καὶ
2520 5376 2619 5446 τῆς
2643 5377 2723 5439 εἰς
2744 5375 2911 5448 ἀκρον
2939 5375 3105 5429 αὐτοῦ
3131 5373 3571 5447 ἀναπληρώσεως
3594 5377 3697 5446 ἐμ-

2108 5470 2273 5541 φῆναι
2308 5468 2646 5541 βουλόμενος.
2671 5469 2853 5542 Κύρος
2885 5469 2981 5540 μὲν
3009 5468 3116 5540 γάρ
3151 5468 3245 5539 ἐτη
3271 5468 3566 5540 τριάκοντα
3595 5468 3697 5523 καὶ

2107 5561 2165 5614 ἓν
2208 5561 2554 5632 βασιλεύσας,
2584 5561 2859 5637 Καμϐύσῃ
2909 5562 2987 5635 τῷ
3037 5561 3187 5617 παιδὶ
3225 5562 3561 5635 παραδίδωσι
3586 5562 3691 5635 τὴν

2107 5654 2307 5726 ἀρχήνο
2338 5647 2398 5709 οὗ
2434 5656 2525 5710 ἐπὶ
2552 5653 2711 5711 ἐννέα
2734 5653 3115 5726 διαγενομένου
3143 5653 3308 5719 ἔτεσι,
3338 5655 3561 5726 Δαρεῖος
3586 5650 3691 5725 τὴν
