4100 6468
421 453 552 511 1181
1401 452 1695 512 Εειοοιιε
1728 453 2040 511 PROPHE’I

2054 451 2213 510 ΙΟιΕ.
2230 450 2347 493 ’--”
2360 451 2490 508 LIB.
2530 444 2623 506 ill.
3538 442 3673 495 1182

421 570 697 642 βασιλείαν
750 572 1104 646 παραλαϐὼν,
1153 568 1307 636 αὖθις
1367 571 1507 643 μετά
1561 573 1745 644 Κύρον
1787 571 1875 625 διὰ
1899 571 1995 625 τοῦ
2022 606 2040 646 Α

2054 584 2216 647 {rem
2269 578 2516 625 nostrum
2565 565 2765 623 invecti
2818 564 3111 621 dicebant:
3145 581 3165 614 ι
3211 558 3582 631 Quadraginta
3618 565 3673 613 et

420 665 853 736 προγράμματος
883 667 981 738 τὴν
1007 665 1359 738 Ἰερουσαλὴμ
1381 664 1795 736 οἰκοδομηθῆναι
1827 681 1998 737 προσ-

2099 677 2195 718 sex
2238 662 2398 717 annis
2447 660 2772 716 aedificatum
2821 666 2907 713 est
2938 654 3198 725 templum
3249 654 3394 717 hoc,
3446 661 3501 707 et
3531 651 3672 738 tuin

416 755 621 809 τάττει.
650 758 760 809 Καὶ
791 757 855 829 δὴ
887 737 1029 811 κατά
1055 737 1116 811 τὸ
1154 758 1310 811 ἕκτον
1334 756 1500 810 αὐτοῦ
1536 756 1636 825 τῆς
1656 755 1832 827 ἀρχῆς
1854 755 1995 821 ἔτος,

2097 752 2275 806 tribus
2297 752 2488 807 diebus
2509 750 2776 806 excitabis
2813 749 2943 802 illud
2974 747 3076 800 “'1'
3114 766 3133 799 ι
3158 744 3322 799 Juxta
3353 750 3536 797 autem
3576 737 3674 796 Jo-

421 849 558 918 ὅπερ
585 843 653 919 ἦν
678 849 785 903 άπὸ
807 849 990 919 Κύρου
1011 849 1448 921 τεσσαρακοστὸν
1476 849 1571 902 καὶ
1601 849 1779 914 ἕκτον,
1801 848 1871 902 τὰ
1898 840 2005 919 τῆξ

2107 841 2335 911 sephum
2362 857 2557 896 novem
2581 849 2636 894 et
2667 838 3028 909 quadraginta
3058 835 3187 891 anni
3216 842 3344 890 sunt
3377 848 3408 887 a
3441 831 3583 903 Cyro
3601 830 3672 886 ad

419 943 709 1015 οἰκοδομῆς
741 942 1176 1015 ἀποπληροῦται·
1211 943 1333 997 ὅθεν
1352 941 1659 1012 ὁρμώμενοι
1688 940 1765 1010 τῷ
1788 942 1997 1012 Σωτῆρι

2098 948 2302 987 nonum
2338 932 2486 987 Darii
2541 948 2767 995 annum,
2800 946 2927 1000 gquo
2984 928 3278 1000 perfectam
3344 926 3479 980 dicit
3532 931 3672 978 tem-

420 1035 576 1105 ήμῶν
620 1036 802 1104 ἔλεγον
822 1051 836 1063 ·
872 1054 889 1087 ι
931 1037 1002 1089 Μ’
1035 1036 1127 1089 καὶ
1163 1034 1221 1100 ἒξ
1253 1034 1428 1087 ἐτεσιν
1458 1031 1784 1103 ᾠκοδομήθη
1816 1035 1845 1085 ὁ
1870 1032 1999 1094 ναὸς

2100 1024 2641 1094 pliazdiﬁcationem,
2697 1024 2753 1077 in
2790 1023 3078 1077 undecimo
3124 1018 3498 1088 Archwologim
3530 1016 3674 1070 libro

419 1122 595 1196 οὗτος,
629 1131 723 1185 καὶ
776 1132 839 1184 σὺ
883 1131 941 1182 ὲν
987 1131 1163 1201 τρισὶν
1206 1128 1440 1198 ἡμέραις
1487 1127 1700 1196 ἐγερεῖς
1746 1123 1940 1187 adadv;
1971 1142 1992 1175 ι

2098 1116 2285 1185 templi
2316 1115 2767 1171 instaurationem
2794 1130 3025 1168 narrans
3058 1113 3290 1182 septimo
3332 1109 3476 1163 Darii
3518 1107 3671 1179 regni

418 1221 576 1274 Κατά
598 1221 654 1274 δὲ
685 1221 777 1274 τὸν
813 1198 1075 1292 Ἰώσηπον
1119 1227 1161 1274 ο’
1194 1220 1281 1292 (θ’)
1313 1220 1409 1272 καὶ
1445 1224 1495 1288 μ’
1522 1217 1614 1288 ἐτη
1642 1215 1885 1288 ἀκριϐῶς
1928 1214 1998 1268 τά

2096 1206 2226 1259 ιιοοί
2252 1205 2383 1258 anni
2412 1219 2597 1258 mense
2637 1204 2960 1258 absolutam.
3008 1203 3318 1271 Additque:
3362 1220 3382 1251 ι
3435 1198 3673 1269 Eratque

417 1314 525 1366 ἀπὸ
550 1315 734 1387 Κύρου
766 1317 858 1370 ἐπὶ
886 1290 1212 1387 τὸ-Δαρείουή
1238 1313 1424 1366 ἔνατον
1455 1311 1573 1373 ἔτος
1600 1310 1909 1377 συνάγεται,
1938 1309 1997 1361 ὲν

2098 1304 2229 1350 tunc
2257 1294 2765 1366 Hierosolymitanis
2793 1294 3135 1349 aristocratia
3167 1291 3462 1363 oligarchia
3486 1290 3668 1355 mista;

414 1397 459 1472 ᾧ
496 1380 649 1471 τέλος
686 1407 950 1461 ἐπιθεῖναι
992 1380 1069 1479 τῇ·
1095 1405 1187 1460 τοῦ
1218 1404 1348 1459 ναοῦ
1379 1404 1633 1474 οἰκοδομῇ
1661 1405 1718 1455 ὲν
1749 1400 1827 1472 τῷ
1850 1399 1996 1454 ἑνδε-

2096 1387 2565 1443 sacerdotesenim
2585 1387 2748 1441 rebus
2778 1386 3132 1455 praefuerunt,
3164 1385 3337 1438 donec
3361 1380 3671 1438 Asamonaei

413 1459 565 1569 attiqu
591 1459 705 1568 τῗής⁷
724 1459 1172 1568 ρχαιο.ἶο;⁶ίας
1191 1499 1352 1568 φησὶν
1370 1459 1641 1562 αύτολεξεί
1656 1459 1828 1566 δηλῶν
1853 1495 1998 1546 οἰκο-

2094 1482 2298 1551 posteri
2330 1482 2661 1536 sortirentur
2693 1495 2918 1549 regnum
2952 1479 3049 1547 tl).
3088 1497 3107 1530 ι
3142 1476 3234 1531 Hae
3263 1477 3427 1547 igitur
3457 1476 3511 1530 in
3541 1489 3670 1546 pro-

412 1589 817 1663 δομηθήσεσθαι
865 1594 957 1646 τὸν
1009 1592 1136 1645 ναὸν
1171 1591 1214 1657 ζ’
1246 1592 1371 1662 (sic)
1412 1590 1540 1663 μηνὶ
1560 1589 1653 1642 τοῦ
1685 1589 1872 1641 ἐνάτου
1897 1588 1995 1657 τῆς

2096 1572 2276 1643 phetia
2300 1573 2483 1627 relata;
2516 1581 2721 1642 septem
2750 1569 3142 1632 hebdomades,
3185 1584 3306 1638 qua:
3354 1569 3422 1623 ad
3464 1582 3670 1622 nonum

412 1680 506 1733 ἐπὶ
534 1681 756 1752 Δαρείου
787 1681 1062 1752 βασιλείας
1084 1681 1236 1744 ἔτους
1253 1697 1267 1710 '
1303 1674 1383 1743 οἷς
1405 1680 1498 1732 καὶ
1524 1676 1771 1747 ἐπιφέρει
1792 1675 1991 1743 λέγων·

2095 1666 2242 1720 Darii
2273 1680 2478 1719 annum
2512 1664 2794 1729 desinunt,
2834 1664 2992 1719 istam
3027 1663 3101 1718 ob
3129 1677 3350 1717 causam
3381 1678 3412 1715 a
3455 1663 3670 1716 czeteris

417 1788 437 1820 ι
468 1769 794 1841 Κατῲκισαν
834 1772 891 1825 δὲ
923 1773 979 1824 ὲν
1012 1774 1124 1834 τοῖς
1157 1769 1545 1841 Ἰεροσολύμοις
1578 1765 1821 1836 πολιτείᾳ
1847 1762 1993 1836 χρώ-

2093 1757 2484 1812 discriminata:
2513 1764 2660 1811 sunt.
2692 1753 2991 1810 Videamus
3024 1770 3171 1809 nunc
3216 1754 3285 1807 ad
3335 1768 3455 1823 qua:
3500 1752 3671 1821 perti-

414 1877 565 1930 μενοι
605 1825 1149 1934 ἀριστοκρατίορῂιίῇ
1202 1825 1341 1933 μετά
1384 1825 1729 1931 ὀλιγαρχίαςο
1781 1825 1993 1926 όὶηγὰρ

2093 1841 2264 1904 ιιειιιιί
2292 1857 2539 1918 tempora
2567 1848 2787 1917 reliquae
2814 1846 3183 1902 hebdomades
3216 1846 3499 1916 sexaginta
3527 1842 3667 1900 dum.

411 1918 579 2023 ίερεϊς
629 1918 1055 2026 ἰνίτροεστ-ίλκεσσίν³
1087 1918 1745 2025 τῶνιπραγμάτωνῖᾶχρι
1779 1943 1839 2004 οὗ
2025 1988 2030 2041 1

2053 1989 2065 2041 ι
2093 1937 2282 1993 Nonus
2310 1936 2457 1990 Darii
2489 1951 2668 1991 annus
2704 1937 2861 2006 juxta
2897 1935 3209 1990 Graecorum
3246 1935 3489 1989 historiae
3509 1932 3672 1987 chro-

421 2044 794 2115 Ἀσαμωναίου
825 2047 1020 2118 συνέϐη
1054 2046 1354 2116 βασιλεύειν
1382 2044 1660 2115 ἐγγόνους.
1686 2062 1704 2093 ι
1732 2041 1856 2094 Αἵδε
1893 2040 2005 2127 μὲν⁸
2025 2026 2040 2042 ’

2053 2026 2065 2041 ’
2093 2031 2366 2101 nologiam
2389 2030 2632 2100 septimae
2659 2037 2713 2083 et
2733 2028 3085 2098 sexagesima:
3107 2026 3411 2098 Olympiadi
3445 2040 3672 2096 respon—

407 2150 502 2186 ουν
530 2113 585 2187 αἱ
619 2137 677 2189 ἐν
698 2138 764 2207 τῇ
788 2113 1093 2207 προφητεία
1124 2113 1491 2208 φερόμεναιζ¹
1519 2132 1810 2203 ὲϐδομάδες
1832 2132 1912 2193 είς
1930 2113 2005 2182 τὸ’

2091 2123 2209 2190 det;
2228 2123 2297 2176 ab
2319 2121 2421 2175 hac
2436 2120 2502 2173 ad
2521 2120 2871 2174 centesimam
2889 2126 3098 2175 sextam
3114 2119 3382 2173 decimam
3396 2117 3673 2187 Olympia-

409 2222 887 2296 προδεδηλωμένον
939 2225 1057 2290 ἔτος
1104 2226 1331 2298 Δαρείου
1364 2223 1826 2297 περιοριζόμεναι,
1859 2221 1996 2293 πρό-

2092 2216 2238 2280 dem,
2269 2230 2373 2285 qua
2414 2214 2698 2279 Seleucus,
2730 2211 3042 2266 Alexandro
3090 2219 3329 2273 mortuo,
3366 2209 3523 2280 Syria
3557 2216 3670 2262 tota

406 2313 565 2385 δηλον
592 2333 684 2369 ουν
704 2316 771 2369 δι’
790 2317 858 2388 ῆν
884 2318 1063 2371 αἰτίαν
1091 2318 1199 2372 τῶν
1222 2318 1355 2385 (τὸν)
1384 2317 1491 2371 ἀπὸ
1510 2316 1615 2370 τῶν
1637 2313 1839 2368 λοιπῶν
1861 2315 1996 2383 ἀφο-

2092 2322 2156 2362 ac
2192 2306 2489 2378 Babylonia
2521 2306 2728 2376 potitus
2764 2311 2880 2367 est,
2932 2302 3062 2355 anni
3093 2309 3223 2356 sunt
3251 2300 3505 2366 ducenti;
3542 2300 3670 2353 hinc

410 2404 602 2474 ρισμδν
643 2404 1190 2477 είλήφασιν.Ἵδωμεν
1217 2406 1273 2459 δὲ
1304 2407 1397 2459 καὶ
1433 2405 1534 2469 τὰς
1566 2405 1761 2466 λοιπὰς
1793 2403 1868 2474 ξβ¹
1899 2403 1993 2456 ἐπὶ

2091 2400 2159 2454 ad
2193 2408 2420 2456 mortem
2457 2397 2722 2462 Simonis,
2751 2394 3066 2451 Judaaorum
3098 2394 3297 2450 summi
3341 2392 3666 2457 sacerdotis,

408 2490 597 2559 ποίους
627 2497 1026 2569 περιορίζονται
1072 2498 1317 2568 χρόνους.
1345 2498 1418 2551 Τὸ
1448 2498 1547 2569 μὲν
1574 2496 1638 2569 δὴ
1664 2496 1847 2550 ἔνατον
1875 2495 1992 2560 ἔτος

2091 2491 2194 2547 sub
2225 2490 2505 2562 Syriarum
2533 2491 2739 2545 ditione
2767 2498 2972 2559 septem
3001 2497 3055 2544 et
3092 2488 3432 2557 septuaginta
3463 2495 3517 2541 et
3540 2501 3671 2540 ceri-

408 2588 633 2657 Δαρείου
657 2589 795 2642 κατά
820 2589 917 2661 τὴν
944 2590 1179 2661 ἑϐδόμην
1206 2590 1300 2643 καὶ
1322 2588 1620 2661 ἑξηκοστὴν
1653 2587 1991 2657 Ὀλυμπιάδα

2091 2591 2207 2638 ιυιιι
2235 2583 2510 2638 ellluxisse
2542 2599 2718 2639 annos
2764 2583 2975 2654 primus
3005 2581 3440 2636 Machabaeormn
3491 2581 3631 2635 liber
3652 2624 3665 2647 ,

408 2679 475 2731 ὲκ
507 2679 608 2749 τῆς
643 2679 751 2732 τῶν
799 2682 929 2751 παρ’
967 2681 1192 2752 Ἕλλησι
1237 2682 1626 2753 χρονογράφων
1658 2680 1990 2750 παρίσταται

2091 2679 2183 2749 qui
2210 2678 2498 2734 historiam
2550 2680 2618 2734 ad
2669 2677 2944 2732 Simonem
2985 2693 3160 2748 usque
3199 2686 3423 2741 narrat,
3478 2679 3671 2731 memi-

412 2768 678 2840 ἱστορίας·
704 2770 811 2824 ἀπὸ
850 2771 914 2843 δὴ
950 2768 1042 2826 οὖν
1075 2772 1281 2844 ταύτης
1308 2774 1401 2826 ἐπὶ
1433 2773 1534 2844 τὴν
1567 2774 1866 2846 ἑκατοστὴν
1899 2776 1992 2827 ὲκ·-

2089 2774 2173 2828 nit
2215 2773 2282 2826 ³³.
2314 2771 2525 2828 Rursus
2560 2772 2756 2827 exinde
2809 2771 3154 2828 sacerdotum
3207 2772 3401 2827 seriem
3444 2786 3672 2826 accura-

407 2862 736 2934 καιδεκάτην
781 2865 1138 2936 Ὀλυμπιάδα,
1172 2865 1295 2919 καθ’
1321 2867 1388 2936 ἣν
1433 2865 1694 2933 Σέλευκος
1730 2866 1867 2937 μετά
1891 2865 1990 2936 τὴν

2090 2866 2302 2922 tissime
2329 2866 2573 2923 referens
2593 2866 2863 2938 Josephus
2894 2867 2993 2939 (Ξ),
3018 2879 3139 2936 post
3171 2865 3448 2921 Simonem
3485 2874 3671 2920 narrat

418 2953 767 3027 Ἀλεξάνδρου
791 2957 1046 3030 τελευτὴν
1071 2958 1271 3030 Συρίας
1294 2958 1512 3027 ἀπάσης
1531 2959 1626 3011 καὶ
1644 2958 1991 3024 Βαϐυλωνίας

2080 2957 2377 3027 "praefuisse
2403 2960 2601 3028 populo
2640 2958 2903 3015 Joannem
2935 2968 2987 3015 et
3029 2959 3336 3031 Hyrcanum
3364 2975 3537 3015 annos
3574 2974 3671 3013 no-

406 3044 729 3118 ὲκράτησεν,
766 3048 858 3119 ἔτη
885 3050 1093 3117 γίνεται
1122 3057 1165 3102 σ¹
1182 3067 1195 3080 ·
1226 3050 1477 3104 ἐντεῦθεν
1498 3049 1542 3102 δ’
1567 3050 1657 3103 ἐπὶ
1681 3049 1780 3121 τὴν
1804 3049 1988 3102 τελευ-

2092 3064 2209 3103 rem
2260 3054 2316 3103 et
2385 3049 2620 3118 viginti;
2669 3050 2797 3104 huic
2861 3064 3237 3106 successorem
3297 3050 3668 3107 Aristobulum

405 3137 504 3209 τὴν
526 3138 767 3210 Σίμωνος
787 3180 801 3204 ,
838 3141 1105 3195 Ἰουδαίων
1140 3142 1441 3213 ἀρχιερέως
1457 3182 1472 3206 ,
1494 3141 1597 3211 τῆς
1624 3141 1767 3195 κατά
1791 3142 1993 3212 Συρίαν

2091 3156 2261 3195 unum
2297 3141 2613 3212 regnavisse
2642 3156 2879 3211 annum;
2922 3158 3031 3214 quo
3061 3155 3273 3198 mortuo
3302 3144 3669 3199 Alexandrum

406 3228 581 3300 ἀρχῆς
613 3229 657 3293 ζ’
684 3231 779 3283 καὶ
807 3237 848 3284 0'
882 3233 978 3284 καὶ
1014 3238 1059 3302 ρ’
1082 3231 1422 3301 διαγενέσθαι
1453 3234 1487 3303 ἡ
1519 3232 1712 3303 πρώτη
1751 3232 1865 3286 τῶν
1892 3250 1991 3286 κα-

2093 3239 2298 3303 septem
2343 3243 2397 3288 et
2425 3233 2616 3304 viginti
2663 3250 2877 3300 annos,
2934 3243 2988 3291 et
3040 3247 3165 3307 post
3213 3251 3335 3291 eum
3384 3236 3669 3307 coniugem

404 3319 682 3392 λουμένων
715 3323 1126 3378 Μακκαϐαῖκῶν
1157 3326 1410 3396 σημαίνει
1442 3324 1648 3397 γραφὴ,
1686 3326 1845 3397 μέχρι
1867 3325 1989 3380 τού·
2017 3334 2023 3376 4

2052 3326 2060 3386 ι
2091 3324 2478 3392 Alexandrum,
2510 3328 2577 3382 ad
2616 3343 2779 3397 quam
2828 3343 3019 3383 omnes
3056 3329 3124 3383 ab
3157 3343 3301 3382 anno
3334 3326 3481 3382 Darii
3526 3344 3671 3383 nono

403 3425 497 3464 του
545 3417 959 3484 περιγράφουσα
1001 3415 1102 3485 τὴν
1155 3416 1416 3488 ἱστορίαν.
1467 3415 1634 3469 Πάλιν
1665 3416 1711 3470 δ’
1739 3416 1987 3470 ἐντεῦθεν

2090 3417 2219 3470 anni
2249 3427 2483 3486 quatuor
2506 3424 2560 3471 et
2593 3418 2812 3487 triginta
2850 3425 2904 3471 et
2953 3418 3336 3488 quadringenti
3378 3418 3633 3473 eliluxere
3653 3459 3667 3483 ,

404 3501 504 3566 τὰς
533 3502 642 3556 τῶν
669 3504 862 3576 ἱερέων
892 3505 1141 3576 διαδοχὰς
1167 3498 1989 3580 ἀκριϐέσταταεπισημαινόμε-

2091 3508 2185 3577 qui
2224 3517 2353 3563 sunt
2384 3508 2669 3579 sexaginta
2702 3509 2824 3563 dua:
2854 3507 3256 3573 hebdomades,
3303 3511 3504 3579 quibus
3535 3524 3671 3580 prae-

403 3610 494 3657 νος
541 3597 569 3648 ό
611 3594 871 3665 Ἰώσηπος
929 3598 1066 3668 μετὰ
1112 3598 1331 3669 Σίμωνα
1378 3599 1470 3656 τὸν
1513 3600 1988 3672 προδεδηλωμένον

2090 3598 2312 3655 fuerunt
2355 3600 2576 3663 christi,
2631 3603 2830 3655 summi
2887 3602 3095 3657 scilicet
3132 3603 3465 3665 sacerdotes,
3501 3602 3593 3671 qui
3638 3618 3669 3656 a

403 3687 537 3758 φησὶ
566 3687 980 3762 καθηγήσασθαι
1018 3690 1112 3744 τοῦ
1157 3691 1287 3745 λαοῦ
1322 3692 1574 3764 Ἰωάννην
1603 3693 1694 3747 τὸν
1724 3695 1818 3749 καὶ
1858 3695 1984 3765 ’Υρ-

2088 3689 2230 3762 Cyro
2248 3690 2433 3761 poliuli
2450 3690 2613 3745 rebus
2630 3691 2977 3761 praefuerunt.
3010 3690 3238 3747 Constat
3251 3693 3394 3747 enim
3426 3708 3491 3747 ex
3511 3707 3669 3747 sacra

404 3777 571 3831 κανὸν
598 3777 777 3831 ἔτεσιν
822 3777 865 3831 θ’
899 3779 994 3833 καὶ
1036 3786 1086 3833 κ’
1106 3796 1120 3810 ’
1152 3779 1342 3833 τοῦτον
1373 3780 1429 3834 δὲ
1460 3782 1800 3846 διαδέξασθαι
1842 3782 1989 3855 Ἀρι-

2093 3779 2396 3856 Scriptura,
2453 3796 2667 3836 necnon
2711 3798 2742 3837 e
2793 3783 2980 3838 citatis
3025 3781 3248 3852 Josephi
3304 3785 3474 3846 locis,
3523 3785 3669 3854 quod

404 3867 712 3933 στόϐουλον,
742 3870 801 3922 ὃν
825 3874 919 3923 καὶ
951 3870 1261 3941 βασιλεῦσαι
1297 3874 1542 3928 ἐνιαυτόν
1561 3891 1575 3904 ·
1612 3875 1750 3946 μετά
1782 3874 1838 3930 δὲ
1865 3874 1989 3928 τοῦ-

2089 3881 2213 3944 post
2250 3873 2486 3928 reditum
2521 3872 2882 3944 eBahylone,
2927 3875 2996 3929 ab
3041 3875 3160 3944 ipso
3207 3875 3335 3931 Jesu
3387 3876 3668 3933 sacerdote

400 3975 493 4012 τον
528 3960 877 4034 Ἀλέξανδρος
903 3962 1048 4017 ἔτεσι
1076 3964 1178 4030 κζ’,
1213 3964 1331 4035 μεθ’
1355 3964 1414 4018 ὃν
1440 3965 1539 4036 τὴν
1564 3970 1797 4036 γυναῖκα
1835 3966 1988 4020 Ἀλε-

2089 3979 2288 4036 magno
2317 3964 2550 4020 ducibus
2578 3972 2632 4019 et
2666 3964 3009 4035 principibus
3034 3968 3297 4021 continua
3330 3968 3469 4022 serie
3493 3967 3667 4024 Judaei

402 4048 654 4123 ξάνδραν,
689 4054 773 4123 ἐφ’
797 4054 863 4125 ῆν
903 4054 970 4109 τά
1017 4057 1194 4110 πάντα
1220 4059 1328 4111 ἀπὸ
1358 4058 1549 4112 ἐνάτου
1573 4058 1728 4122 ἔτους
1760 4063 1985 4132 Δαρείου

2089 4057 2177 4111 usi
2208 4064 2357 4121 sunt,
2378 4072 2550 4127 usque
2571 4057 2638 4112 ad
2659 4058 2780 4112 illos
2807 4073 2945 4127 quos
2971 4057 3242 4128 Iosephus
3275 4058 3669 4115 Asamonaeiii-

402 4140 495 4212 ἔτη
533 4143 824 4213 συνάγεται
851 4146 978 4212 υλδ’,
1016 4150 1188 4203 ὁπόσα
1232 4150 1275 4203 δ’
1303 4151 1368 4204 ἂν
1413 4151 1626 4221 γένοιτο
1672 4153 1736 4206 ὲκ
1777 4153 1886 4207 τῶν
1909 4153 1987 4224 ξβ¹

2089 4149 2192 4204 lios
2220 4156 2401 4215 vocat,
2435 4147 2720 4220 Scriptura
2766 4165 2896 4205 vero
2945 4150 3282 4207 Machabzeos
3327 4152 3665 4216 nominavit,

402 4234 709 4305 ἑϐδομάδων
749 4240 807 4291 ὲν
853 4234 941 4303 αἷς
971 4242 1019 4293 οἱ
1054 4242 1284 4311 χριστοὶ
1322 4243 1634 4314 ἡγούμενοι,
1668 4239 1811 4300 οὗτοι
1844 4246 1887 4299 δ’
1920 4245 1987 4300 ἂν

2088 4256 2320 4311 quorum
2351 4241 2563 4311 primus
2604 4257 2877 4297 summum
2912 4242 3145 4297 obtinuit
3178 4244 3550 4313 pontificatum
3576 4245 3663 4300 Ju-

402 4320 512 4378 εἶεν
533 4327 582 4380 οἰ
602 4327 896 4401 ἀρχιερεῖς,
911 4332 1204 4404 ἀρξάμενοι
1228 4335 1335 4387 ἀπὸ
1355 4334 1536 4406 Κύρου
1564 4335 1673 4389 τῶν
1686 4336 1781 4390 τοῦ
1803 4336 1988 4402 ἔθνους

2088 4331 2188 4386 das
2227 4330 2572 4387 Machabaaus
2630 4333 2992 4402 cognomine,
3054 4334 3359 4405 fugatisque
3414 4337 3666 4392 Antiochi

404 4417 749 4488 προέστησαν
791 4424 1149 4494 πραγμάτων.
1181 4425 1460 4498 Πρόδηλον
1499 4426 1613 4498 γὰρ
1655 4428 1763 4482 ἀπό
1800 4446 1859 4483 τε
1884 4430 1987 4500 τῆς

2089 4420 2321 4477 ducibus
2354 4423 2554 4492 pupulo
2574 4422 2807 4492 prtefnit.
2840 4422 2973 4480 Post
2996 4441 3120 4480 eum
3152 4427 3317 4481 frater
3354 4427 3473 4497 ejus
3501 4427 3668 4485 Jona-

406 4509 556 4581 ἱερᾶς
585 4505 828 4584 Γραιρῆς,
860 4517 921 4568 ού
961 4516 1060 4586 μὲν
1096 4516 1248 4590 (μὴν)
1280 4519 1415 4574 ἀλλὰ
1449 4520 1543 4573 καὶ
1568 4520 1675 4574 ἀπὸ
1702 4521 1812 4574 τῶν
1855 4540 1988 4595 προ-

2088 4513 2213 4568 thas
2242 4528 2517 4567 summum
2569 4514 2733 4567 simul
2780 4517 3153 4585 pontiﬁcatum
3187 4526 3240 4572 et
3272 4521 3458 4589 populi
3497 4520 3669 4592 impe-

401 4600 658 4657 τεθεισῶν
681 4604 775 4656 τοῦ
816 4607 1079 4679 Ἰωσήπου
1112 4609 1324 4680 φωνῶν,
1347 4611 1422 4675 ὡς
1447 4613 1530 4666 ὅτι
1578 4613 1715 4684 μετὰ
1744 4614 1842 4685 τὴν
1877 4615 1985 4668 ἀπὸ
2019 4668 2020 4677 γ

2048 4667 2062 4685 _
2090 4606 2231 4659 rium
2271 4605 2514 4675 accepit;
2564 4621 2892 4677 rursumque
2924 4610 3044 4678 ejus
3076 4608 3244 4665 frater
3277 4609 3466 4668 Simon
3516 4630 3667 4669 sum-

958 4662 969 4679 ι
1123 4662 1186 4680 ιν
1258 4662 1527 4675 ν-ιίίσνη
1578 4662 1714 4684 ιν-ἠ-
1756 4662 1833 4685 "t'
1878 4662 1982 4668 ""'

403 4691 722 4758 Βαϐυλῶνος
752 4696 1030 4764 ἐπάνοδον,
1085 4701 1145 4764 ἐξ
1193 4701 1358 4755 αὐτοῦ
1418 4703 1591 4775 Ἰησοῦ
1647 4705 1741 4759 τοῦ
1791 4665 2022 4778 ἱερέως1

2046 4666 2063 4718 ⁵
2091 4711 2212 4750 mus
2244 4694 2345 4749 fuit
2374 4662 2653 4761 sacerdos,
2689 4662 2818 4766 post
2836 4662 2997 4768 quem
3028 4697 3334 4769 Hyrcanus,
3361 4707 3485 4770 post
3506 4717 3665 4771 quem

400 4780 495 4834 τοῦ
556 4783 789 4853 μεγάλου
847 4788 1076 4858 ἡγεμόσι
1125 4790 1220 4843 καὶ
1265 4791 1490 4862 ἄρχουσι
1526 4795 1638 4858 τοῖς
1675 4794 1816 4849 κατὰ
1862 4795 1979 4849 δια-

2085 4783 2276 4851 Judas,
2315 4789 2409 4856 qui
2440 4797 2494 4841 et
2521 4789 2871 4845 Aristobulus
2902 4791 3103 4856 dictus,
3136 4802 3520 4847 successerunt
3542 4793 3665 4862 :qui

401 4869 560 4942 δοχὴν
573 4873 830 4943 ἐχρῶντο,
852 4878 1011 4948 μέχρι
1025 4874 1099 4933 ὧν
1116 4881 1144 4933 ὁ
1167 4880 1425 4954 Ἰώσηπος
1439 4885 1692 4955 ὀνομάζει
1722 4886 1778 4937 Ἀ
1790 4903 1979 4958 σαμω-

2089 4878 2300 4949 primus
2346 4895 2561 4934 summo
2592 4883 2901 4937 sacerdotio
2930 4898 3204 4953 regnoque
3234 4883 3483 4938 diadema
3518 4885 3667 4954 adje—

401 4961 807 5050 va£0u_mi8wv,
824 4967 964 5040 οὒςὴ
983 4970 1022 5022 Γ
1026 4971 1170 5042 ραφὴ
1185 4972 1576 5040 Μακκαϐαίους
1594 4975 1655 5045 (ι.
1669 4978 1758 5047 41)
1776 4979 1984 5050 ὠνόμα-

2088 4971 2184 5025 cit.
2215 4965 2346 5028 Post
2378 4987 2502 5027 eum
2530 4989 2748 5028 summo
2772 4973 3081 5029 sacerdotio
3111 4975 3272 5030 simul
3304 4982 3357 5029 et
3388 4974 3535 5045 regia
3569 4990 3662 5045 po.

403 5066 515 5116 σεν,
544 5045 848 5126 ὧνπρῶτος
880 5059 1302 5130 ἀρχιεράτευσεν
1344 5065 1542 5129 Ἰούδας
1562 5068 1591 5120 ὁ
1619 5045 1980 5133 Μακκαϐαῖος

2089 5069 2286 5117 testate
2335 5073 2580 5142 accepta,
2620 5066 2946 5128 Alexander,
2977 5066 3301 5122 succedente
3324 5068 3374 5120 ei
3408 5067 3660 5138 conjuge,

399 5142 737 5216 ἐπικληθεὶς,
753 5149 813 5213 ὃς
832 5150 926 5203 xui.
942 5151 1293 5225 καθηγήσατο
1306 5156 1399 5210 τοῦ
1415 5158 1544 5212 λαοῦ
1569 5159 1693 5223 τοὺς
1708 5161 1977 5232 Ἀντιόχου

2089 5164 2340 5211 mortuus
2367 5165 2472 5213 est.
2504 5156 2659 5213 Tunc
2684 5159 2967 5227 completis
3007 5174 3127 5229 qum
3154 5157 3357 5214 Danieli
3392 5159 3666 5229 praedicta:

399 5239 826 5310 τροπωσάμενος
875 5249 1233 5318 στρατηγούς.
1270 5250 1406 5306 Μεθ’
1431 5250 1490 5304 ὃν
1531 5252 1782 5325 Ἰωνάθης
1824 5252 1977 5306 ἁδελ-

2089 5247 2308 5303 fuerunt
2341 5248 2793 5314 hebdomadibus,
2821 5250 3087 5319 imperare
3109 5250 3366 5304 desinunt
3390 5249 3665 5320 principes

401 5326 501 5394 φὺς
532 5329 697 5384 αὐτοῦ
723 5331 858 5403 ὁμοῦ
886 5334 984 5403 τὴν
1008 5336 1418 5413 ἀρχιερωσύνην
1464 5343 1556 5395 καὶ
1601 5342 1700 5414 τὴν
1724 5341 1822 5396 τοῦ
1845 5343 1976 5396 λαοῦ

2087 5356 2117 5396 c
2166 5342 2544 5399 sacerdotibus
2583 5344 2951 5414 cognominati
3008 5343 3230 5410 christi;
3294 5350 3353 5396 ut
3410 5342 3665 5398 ostende-

399 5418 753 5492 διαλαμϐάνει
796 5428 1168 5496 προστασίαν·
1211 5431 1304 5484 καὶ
1336 5428 1493 5498 αὖθις
1528 5434 1717 5488 τούτου
1753 5434 1980 5505 ἀδελφὸς

2086 5449 2238 5492 retur
2261 5438 2377 5494 haec
2403 5439 2568 5495 verba
2595 5456 2614 5489 ‹
2639 5453 2812 5508 usque
2837 5437 2903 5491 ad
2919 5438 3191 5494 christum
3210 5436 3437 5492 ducem»
3458 5435 3524 5491 ad
3542 5436 3663 5491 illas

399 5512 583 5585 Σίμων
611 5515 922 5589 ἀρχιερεὺς,
953 5520 1070 5590 μεθ’
1101 5521 1160 5574 ὃν
1201 5523 1484 5596 Ὑρκανὸς,
1521 5526 1639 5598 μεθ’
1665 5526 1725 5583 όν
1754 5529 1974 5600 Ἰούδας,

2086 5529 2461 5588 hebdomades
2487 5536 2769 5601 spectare;
2796 5528 2955 5601 quasi
2984 5528 3331 5586 manifestius
3352 5527 3660 5585 diceretur:

470 5668 536 5703 ιιι
578 5668 739 5731 Joan.
770 5689 833 5741 ιι,
860 5673 946 5728 20.
1027 5676 1073 5707 ³³
1111 5674 1130 5729 l
1165 5676 1411 5735 Machab.
1437 5698 1471 5737 ι.

468 5823 550 5896 (1)
577 5825 800 5903 Ioseph.
829 5833 986 5892 Arch.
1016 5853 1093 5903 ιι,
1124 5837 1178 5902 ι,
1211 5837 1263 5894 8.
2172 5844 2248 5917 (θλ)
2282 5841 2502 5915 Ioseph.
2533 5843 2713 5915 Antiq.
2751 5860 2845 5912 xx,
2876 5845 2962 5914 lt),
2990 5847 3046 5902 ‘5.
