4100 6476
389 452 529 508 1183

1077 447 1347 505 susse"
1382 446 1860 504 cmsanrmsxs
1896 444 2046 503 ore.
2087 444 2287 505 esas.
2327 446 2414 506 tu.
2454 479 2525 490 -
2560 420 2969 502 exessum.

3502 446 3638 501 “Si

384 564 593 619 Novem
638 570 693 620 et
733 562 1010 634 sexaginta
1055 563 1271 618 etnuent
1302 562 1702 629 hebdomades,
1759 562 1962 618 scilicet

2068 565 2097 617 6
2129 565 2222 618 καὶ
2266 562 2690 635 Ἀριστόϐουλος,
2725 562 3056 632 διαδέχεταυ
3087 560 3180 614 καὶ
3207 559 3421 631 πρῶτος
3445 559 3538 612 ἐπὶ
3571 561 3640 630 τῇ

388 657 552 710 trium
594 663 647 710 et
694 654 970 724 octoginta
1009 661 1063 706 et
1119 653 1640 723 quadringentorum
1693 668 1962 708 annorum

386 751 658 818 spatium,
717 746 771 801 in
826 762 940 817 quo
991 746 1231 802 christus
1281 760 1639 815 summusque
1706 743 1966 800 sacerdos

386 841 505 893 vice
552 837 811 892 continua
871 836 978 890 dux
1041 836 1226 905 populi
1279 836 1440 890 rebus
1489 836 1725 905 praeerit.
1787 834 1967 904 Atque

386 929 552 999 igitur
581 930 804 984 cuilibet
834 927 1182 983 manifestum
1211 928 1425 982 videtur
1461 928 1529 983 iis
1578 942 1700 996 quae
1737 926 1965 980 demon-

385 1021 678 1077 stravimus
708 1029 786 1073 tot
812 1020 1028 1089 elapsos
1061 1018 1232 1074 fuisse
1259 1034 1434 1072 annos
1461 1034 1490 1072 a
1536 1019 1679 1091 Cyro
1724 1019 1790 1072 ad
1831 1019 1963 1073 Ale-

386 1111 576 1166 xandri
615 1119 864 1172 mortem,
902 1108 1076 1164 ultimi
1099 1125 1129 1164 e
1150 1109 1382 1164 summis
1406 1109 1785 1164 sacerdotibus
1814 1109 1967 1179 prin-

386 1204 542 1273 cipis.
578 1204 696 1257 Hoc
727 1202 874 1256 enim
904 1210 1120 1255 mortuo
1151 1203 1267 1256 sola
1290 1202 1531 1254 omnium
1573 1216 1745 1270 usque
1772 1201 1965 1255 adhoc

384 1294 648 1364 temporis
698 1295 892 1347 mulier
938 1293 1117 1363 gentis
1170 1292 1407 1346 obtinuit
1448 1306 1696 1361 regnum.
1745 1290 1818 1344 Ex
1855 1305 1964 1361 quo

383 1385 694 1441 Judzeorum
729 1384 1067 1454 principatus
1097 1383 1261 1438 simul
1303 1390 1356 1437 et
1401 1398 1675 1437 summum
1708 1383 1965 1436 sacerdo-

384 1479 552 1538 tium,
598 1475 749 1545 prius
799 1475 1093 1543 copulata.
1143 1480 1486 1541 separantur.
1535 1473 1774 1542 Accepto
1817 1472 1961 1526 enim

384 1568 691 1623 Alexandra
749 1567 1006 1636 imperio,
1064 1580 1337 1620 summum
1395 1566 1506 1619 tilio
1561 1580 1662 1620 suo
1709 1564 1962 1635 Hyrcano

383 1656 749 1710 sacerdotium
803 1653 1070 1716 tradidit,
1127 1662 1183 1709 et
1244 1663 1366 1723 post
1433 1669 1626 1709 novem
1686 1670 1957 1709 annorum

384 1764 611 1817 regnum
655 1748 807 1801 obiit.
847 1746 1050 1802 Deinde
1094 1746 1474 1810 Aristobulus,
1511 1748 1651 1804 alius
1686 1748 1802 1818 ipse
1848 1748 1962 1818 ple-

383 1852 616 1905 rumque
644 1851 766 1890 cum
802 1835 968 1891 fratre
994 1836 1231 1907 litigans,
1268 1838 1417 1892 illum
1458 1854 1672 1893 summo
1704 1838 1961 1892 sacerdo-

2065 654 2437 726 ἀρχιερωσύνῃ
2483 657 2577 709 καὶ
2613 653 2857 725 βασιλείᾳ
2901 651 3182 724 περιέθετο
3218 651 3474 722 διάδημα.
3503 649 3640 704 Μεθ’

2063 745 2121 799 ὃν
2154 746 2251 817 τὴν
2276 746 2686 820 ἀρχιερωσύνην
2717 744 2853 815 ὁμοῦ
2888 747 2981 798 καὶ
3016 744 3117 815 τὴν
3152 742 3426 813 βασιλείαν
3461 758 3642 815 παρα-

2065 837 2242 893 λαδὼν
2280 840 2622 911 Ἀλέξανδρος
2649 840 2741 892 ἐπὶ
2766 838 2993 908 διαδόχῳ
3024 837 3243 905 γυναικὶ
3279 835 3536 904 τελευτᾷ·
3583 836 3643 887 ἐν

2063 924 2107 998 ᾧ
2139 931 2247 984 τῶν
2288 934 2345 984 ὲν
2386 930 2463 1001 τῷ
2503 932 2701 1001 Δανιὴλ
2729 927 3216 1001 συμπερασθεισῶν
3253 926 3562 996 ἑϐδομάδων
3591 926 3641 978 οί

2065 1024 2125 1088 ἐξ
2149 1022 2335 1093 ίερέων
2364 1022 2620 1092 ἄρχοντες
2648 1021 2858 1093 χριστοὶ
2892 1018 3419 1090 προσαγορευόμενοι
3446 1016 3645 1070 διαλεί-

2065 1132 2257 1167 πουσιν
2277 1130 2290 1143 ·
2319 1112 2460 1166 ὥστε
2481 1112 2673 1184 δηλοῦν
2700 1112 2761 1164 τὸ
2791 1113 3000 1180 φάσκον
3029 1110 3225 1178 λόγιον,
3250 1128 3269 1159 ι
3293 1110 3395 1173 ἕως
3421 1108 3640 1180 χριστοῦ

2066 1205 2392 1277 ἡγουμένου,
2425 1224 2443 1256 ι
2478 1205 2702 1258 τοσάσδε
2749 1201 2968 1256 ἔσεσθαι
3014 1200 3342 1271 ὲ6δομάδας’
3373 1200 3505 1253 ὡσεὶ
3546 1217 3644 1255 σα-

2066 1299 2325 1368 φέστερον
2374 1298 2606 1367 εἰρήκει,
2638 1295 2682 1348 θ’
2709 1295 2803 1347 καὶ
2837 1293 2878 1360 ξ’
2907 1292 3272 1346 διελεύσεσθαι
3314 1292 3449 1345 ἐτῶν
3490 1292 3642 1346 ἑϐδο-

2066 1389 2260 1459 μάδας,
2289 1387 2435 1440 τοῦτ’
2461 1386 2576 1439 ἐστι
2610 1387 2833 1456 χρόνων.
2843 1383 2921 1454 ον)
2946 1392 2993 1453 γ’
3013 1385 3105 1438 καὶ
3134 1391 3185 1436 π’
3217 1385 3309 1437 καὶ
3334 1389 3378 1435 υ¹
3404 1384 3559 1450 ὲτῶν,
3583 1386 3643 1437 ὲν

2062 1474 2106 1548 ᾧ
2133 1480 2355 1551 χριστός
2387 1496 2470 1543 τις
2502 1479 2596 1531 καὶ
2619 1479 2908 1548 ἀρχιερεὺς
2954 1474 3095 1530 κατὰ
3126 1475 3371 1546 διαδοχὴν
3405 1474 3643 1545 ἡγούμε-

2062 1590 2151 1637 νος
2190 1571 2298 1624 τῶν
2335 1570 2429 1624 τοῦ
2459 1569 2589 1623 λαοῦ
2632 1570 2994 1641 προστήσεται
3042 1566 3402 1638 πραγμάτων.
3436 1566 3546 1619 Καὶ
3576 1565 3640 1637 δὴ

2064 1663 2226 1715 παντί
2273 1680 2349 1733 τῳ
2394 1661 2561 1730 σαφὲς
2591 1662 2655 1713 ὲκ
2672 1659 2780 1712 τῶν
2812 1657 3338 1730 προπαρατεθέντων
3370 1658 3520 1728 ἡμῖν,
3565 1654 3641 1719 ὼς

2061 1752 2315 1815 τοσοῦτος
2352 1751 2488 1805 ὲτῶν
2528 1751 2759 1822 ἀριθμὸς
2796 1749 2904 1802 τῶν
2935 1749 3043 1801 ἀπὸ
3076 1748 3257 1819 Κύρου
3286 1748 3380 1801 καὶ
3421 1748 3513 1800 ἐπὶ
3542 1748 3641 1819 τὴν

2060 1843 2315 1915 τελευτὴν
2361 1840 2707 1912 Ἀλεξάνδρου
2741 1839 2835 1893 τοῦ
2876 1838 3107 1891 ὑστάτου
3151 1837 3328 1891 αὐτῶν
3368 1837 3646 1908 ήγησαμέ⁴⁵

384 1927 463 1982 tio
492 1928 711 1996 spoliat,
739 1939 792 1982 et
819 1929 936 1996 ipse
965 1938 1089 1997 post
1128 1938 1236 1983 tres
1267 1945 1440 1983 annos
1482 1945 1650 1999 regno
1692 1930 1960 2000 dejicitur.

2066 1953 2158 1989 νου
2185 1934 2487 2005 ἀρχιερέως
2515 1933 2866 2004 παρίσταται.
2893 1929 3026 1984 Μεθ’
3049 1930 3106 1982 ὃν
3134 1930 3269 2001 μόνη
3292 1928 3398 1982 τῶν
3423 1928 3642 1982 πώποτε

382 2016 657 2073 Continuo
687 2018 1051 2073 Romanorum
1084 2018 1193 2074 dux
1228 2019 1518 2091 Pompeius
1547 2022 1958 2091 superveniens,

384 2106 689 2164 Jerusalem
713 2110 764 2163 vi
798 2118 1097 2181 oppugnat,
1131 2119 1431 2181 sanctaque
1459 2113 1670 2182 polluit,
1703 2129 1874 2183 usque
1895 2113 1963 2167 ad

384 2199 545 2270 adyta
604 2200 787 2270 templi
826 2216 1187 2270 progressus,
1233 2202 1616 2272 captivumque
1670 2219 1792 2256 cum
1837 2204 1963 2259 ﬁliis

381 2292 757 2347 Aristobulum
802 2292 1030 2347 Romam
1077 2293 1320 2347 abducit.
1371 2292 1504 2348 Dein
1558 2301 1611 2347 et
1648 2293 1898 2365 Hyrcano
1931 2310 1962 2348 a

382 2381 601 2439 Parthis
640 2385 695 2439 in
726 2385 1096 2455 captivitatem
1154 2384 1351 2447 ducto,
1380 2383 1694 2439 Jinlreorum
1736 2401 1960 2456 regnum

383 2479 595 2546 primus
641 2491 671 2531 e
708 2477 961 2546 gentibus
994 2476 1233 2531 Herodes
1281 2491 1311 2529 a
1349 2475 1721 2530 Romanorum
1770 2488 1960 2532 senatu

384 2566 613 2634 accepit.
658 2565 727 2621 Ut
756 2567 924 2621 refert
949 2566 1218 2637 Josephus
1252 2566 1327 2638 (ι)
1351 2607 1366 2631 ,
1426 2566 1694 2624 lduinazus
1737 2580 1962 2639 palemo

381 2667 499 2713 erat
527 2672 757 2726 genere,
797 2658 971 2713 Arabs
1005 2674 1134 2713 vero
1165 2670 1429 2713 materno.
1464 2660 1540 2728 (δὲ)
1582 2659 1777 2715 Narrat
1815 2662 1963 2715 Mri-

383 2763 556 2805 canus
579 2766 688 2804 non
730 2751 898 2805 multo
928 2765 1086 2821 post:
1136 2772 1155 2802 ε
1194 2749 1436 2815 Ferunt,
1483 2752 1575 2822 qui
1627 2753 1749 2822 ejus
1795 2753 1962 2824 Origi-

382 2857 508 2897 nem
533 2854 786 2897 accurate
818 2844 1254 2912 inquisiverunt,
1290 2844 1631 2914 Antipatrcm
1658 2845 1771 2915 {qui
1811 2854 1964 2915 pater

382 2934 501 3003 ejus
519 2934 687 2991 fuisse
706 2936 1060 3006 perhibetur).
1080 2936 1362 3004 cujusdam
1386 2936 1615 2993 Herodis
1642 2937 1996 2992 Ascaloniae.

384 3027 577 3092 tilium,
609 3028 776 3082 unius
800 3043 864 3082 ex
901 3028 1170 3098 Apollinis
1193 3029 1380 3098 templi
1400 3028 1625 3083 servis.»
1655 3028 1777 3094 Quo
1800 3029 1962 3099 igitur

380 3116 689 3174 Judaeorum
723 3135 948 3189 regnum
992 3128 1285 3175 consecuto
1310 3162 1324 3186 ,
1357 3119 1575 3189 impleta
1603 3127 1687 3174 est
1714 3127 1825 3174 tum
1859 3135 1964 3175 cae-

381 3220 620 3264 terorum
683 3211 1105 3280 prephelarum,
1166 3220 1277 3265 tum
1331 3212 1602 3280 praecipue
1653 3212 1767 3266 hinc
1817 3212 1961 3282 apud

2062 2028 2123 2080 τὸ
2154 2025 2453 2095 τηνικαῦτα
2475 2024 2611 2095 γυνὴ
2649 2023 2747 2094 τὴν
2772 2022 2865 2075 τοῦ
2894 2020 3076 2084 ἔθνους
3110 2019 3381 2091 βασιλείαν
3410 2020 3641 2092 διαλαμ-

2063 2118 2233 2182 6άνει,
2264 2116 2321 2183 ἐξ
2348 2113 2414 2190 ἧς
2439 2115 2572 2187 ὁμοῦ
2604 2116 2675 2170 τά
2705 2132 2763 2168 τε
2787 2115 2887 2184 τῆς
2914 2114 3180 2167 Ἰουδαίων
3208 2113 3523 2183 ἡγεμονίας,
3549 2112 3643 2165 καὶ

2062 2209 2132 2263 τὰ
2154 2212 2251 2278 τῆς
2283 2210 2346 2261 ἐκ
2375 2208 2655 2279 προγόνων
2690 2205 2967 2269 εὐσταθῶς
2994 2204 3289 2275 προϊούσης
3310 2203 3644 2275 ἀρχιερωσύ-

2062 2319 2159 2372 νης
2218 2304 2512 2370 συγχεῖται.
2550 2298 2890 2352 Διαλαϐοῦσα
2933 2297 3063 2367 γοῦν
3117 2297 3149 2369 ὴ
3194 2297 3641 2367 προδεδηλωμένη

2060 2392 2158 2465 τὴν
2190 2392 2384 2463 ἀρχὴν,
2416 2393 2514 2463 τὴν
2543 2392 2638 2462 μὲν
2669 2390 3080 2464 ἀρχιερωσύνην
3106 2388 3353 2462 ’Υρκανῷ
3385 2387 3461 2458 τῷ
3492 2387 3643 2441 παιδὶ

2061 2484 2296 2549 δίδωσιν,
2328 2484 2465 2555 αὐτὴ
2495 2483 2552 2536 δὲ
2580 2482 2676 2554 τὴν
2700 2481 2975 2552 βασιλείαν
3002 2482 3095 2553 ἔτη
3124 2481 3167 2535 θ’
3193 2483 3537 2551 κατασχοῦσα
3564 2496 3645 2535 τεο

2060 2573 2244 2645 λευτᾷ.
2280 2573 2415 2626 Μεθ’
2441 2575 2507 2643 ἢν
2550 2571 2975 2644 Ἀριστόϐουλος,
3007 2573 3192 2643 ἔτερος
3221 2571 3382 2635 αὐτὸς
3416 2570 3642 2624 πλεῖστα

2064 2666 2360 2730 στασιάσας
2400 2666 2534 2736 πρὸς
2560 2665 2648 2718 τὸν
2679 2664 2925 2733 ἀδελφὸν,
2960 2666 3165 2717 ἐκεῖνον
3198 2664 3294 2734 μὲν
3321 2662 3420 2733 τὴν
3457 2664 3644 2733 ἀρχιε-

2067 2758 2310 2831 ρωσύνην
2360 2758 2694 2828 ἀφαιρεῖται,
2722 2755 2883 2819 αὐτὸς
2929 2755 2985 2808 δὲ
3032 2755 3168 2827 πρὸς
3209 2755 3381 2828 ταύτῃ
3411 2755 3505 2807 καὶ
3542 2754 3643 2824 τῆς

2065 2850 2340 2922 βασιλείας
2409 2850 2546 2921 μετά
2604 2849 2784 2920 τρίτον
2819 2846 2943 2910 τέτος
2989 2847 3307 2901 ἀποπίπτει.
3356 2844 3641 2917 Ῥωμαίων

2062 2937 2170 3010 γὰρ
2212 2937 2406 2990 αὐτίκα
2459 2937 2761 3009 στρατηγὸς
2797 2937 3078 3008 Πομπήϊος
3127 2936 3376 3000 ἐπιστὰς,
3403 2935 3499 3007 τὴν
3541 2934 3641 3006 μὲν

2075 3027 2427 3099 Ἰερουσαλὴμ
2458 3028 2599 3081 κοιτά
2653 3028 2851 3099 κράτος
2904 3026 3200 3098 πολιορκεῖ,
3230 3026 3430 3098 μιαίνει
3467 3043 3525 3079 τε
3570 3025 3639 3081 τὰ

2064 3117 2194 3186 am
2241 3118 2403 3189 μέχρι
2433 3118 2541 3171 τῶν
2570 3117 2778 3171 ἀδύτων
2815 3118 2907 3170 τοῦ
2955 3117 3101 3189 ἱεροῦ
3132 3116 3427 3189 προελθὼν,
3461 3116 3552 3170 τὸν
3583 3116 3641 3170 δὲ

2076 3209 2478 3282 Ἀριστόϐουλον
2510 3209 2726 3280 δέσμιον
2754 3210 2846 3262 ἐπὶ
2891 3210 3107 3281 Ῥώμης
3128 3210 3245 3281 ἅμα
3266 3211 3475 3274 τέκνοις
3512 3212 3644 3263 ἀνα-

384 3300 620 3373 Moysem
644 3300 828 3366 Jacobi
856 3301 1166 3371 praedictio:
1196 3322 1214 3353 ι
1245 3302 1361 3356 Non
1385 3302 1661 3358 auferetur
1683 3310 1955 3373 sceptrum

2063 3304 2297 3374 πέμπειο
2326 3301 2518 3373 μεθ’ὃν
2548 3302 2746 3355 καὶτοῦ
2776 3302 3040 3373 Ὑρκανοῦ
3059 3302 3163 3355 ὑπὸ
3182 3300 3412 3374 Πάρθων
3439 3304 3641 3373 αἰχμαο-

383 3389 452 3447 de
482 3390 642 3455 Juda,
674 3400 728 3447 et
777 3393 882 3448 dux
918 3393 985 3449 de
1034 3393 1236 3449 feruore
1270 3394 1410 3462 ejus,
1442 3393 1614 3450 donec
1651 3397 1834 3450 veniat
1865 3394 1959 3463 qui

382 3483 682 3538 mittendus
709 3492 825 3552 est;
856 3494 907 3539 et
938 3487 1052 3555 ipse
1069 3488 1170 3540 erit
1188 3487 1525 3556 exspectatio
1547 3487 1787 3557 gentium
1821 3487 1885 3540 ”.
1934 3504 1953 3539 ι

383 3573 545 3644 Atqui
577 3575 922 3630 manifestum
966 3585 1049 3632 est
1097 3578 1212 3633 sive
1243 3579 1522 3645 historiis,
1569 3579 1685 3634 sive
1732 3578 1798 3633 iis
1840 3592 1960 3649 quae

382 3666 691 3731 retuiimus,
716 3682 888 3737 usque
922 3667 990 3721 ad
1019 3667 1306 3731 Herodem,
1340 3684 1450 3739 quo
1495 3679 1757 3740 regnante
1796 3678 1959 3725 natus

382 3763 468 3811 est
515 3757 805 3821 Christus,
838 3760 1005 3814 totius
1038 3759 1216 3829 gentis
1251 3770 1524 3830 sceptrum
1566 3775 1675 3813 non
1717 3761 1958 3815 ablatum

386 3847 557 3904 fuisse
583 3849 649 3904 de
674 3848 932 3904 Hebraeis.
961 3849 1142 3903 Primo
1174 3849 1338 3921 igitur
1369 3864 1436 3905 ex
1462 3851 1637 3905 aliena
1668 3860 1828 3921 gente
1873 3868 1959 3907 re-

384 3949 585 4011 gnante
611 3938 842 4003 Herode,
878 3941 1136 3996 continuo
1164 3939 1367 3994 Christi
1402 3939 1708 3994 incarnatio
1738 3941 1959 4011 impleta

382 4036 487 4093 est,
532 4030 880 4100 gentiumque
928 4030 1288 4100 praenuntiata
1331 4032 1705 4099 exspectatio,
1762 4031 1960 4085 diffusa

383 4134 481 4190 per
531 4135 745 4175 omnem
812 4129 1025 4191 gentem
1083 4119 1382 4176 Salvator-is
1436 4122 1608 4176 nostri
1678 4122 1958 4188 doctrina,

385 4225 572 4266 revera
606 4215 974 4267 consummari
1007 4215 1188 4284 coepit.
1243 4213 1395 4268 Tunc
1424 4224 1477 4268 et
1531 4212 1790 4272 Danielis.
1837 4220 1960 4282 post

388 4303 751 4359 hebdomades
783 4304 850 4357 de
876 4304 1075 4373 quibus
1106 4306 1493 4370 disseruimus,
1542 4307 1745 4360 exitum
1770 4305 1962 4361 habuit

2063 3393 2232 3447 λὼτου
2262 3392 2537 3463 ἀχθέντος,
2565 3392 2660 3463 τὴν
2695 3392 2836 3445 κατὰ
2884 3391 3147 3445 Ἰουδαίων
3185 3392 3461 3462 βασιλείαν
3489 3391 3643 3463 πρῶ-

2060 3501 2152 3547 τος
2181 3481 2240 3546 ὲξ
2270 3481 2436 3535 ὲθνῶν
2464 3479 2708 3553 Ἡρώδης
2737 3480 2886 3552 παρὰ
2905 3480 3004 3551 τῆς
3031 3480 3331 3551 συγκλήτου
3359 3481 3642 3551 Ῥωμαίων

2061 3574 2423 3645 ἐγχειρίζεται
2445 3591 2457 3603 ·
2493 3574 2568 3637 ὡς
2606 3574 2702 3645 μὲν
2731 3575 2758 3625 6
2794 3573 3054 3645 Ἰώσηπος
3083 3573 3464 3644 παραδίδωσιν.
3484 3573 3644 3627 Ἰδου-

2037 3725 2042 3731 ,
2065 3670 2222 3737 μαῖος
2270 3666 2413 3719 κατὰ
2465 3666 2677 3737 πατέρα
2718 3665 2779 3718 τὸ
2820 3665 2974 3734 γένος
3022 3665 3386 3737 ὣν,Ἀρά6ιος
3416 3665 3473 3718 δὲ
3500 3667 3641 3719 κατὰ

2064 3757 2294 3829 μητέρα*
2315 3757 2389 3820 ὡς
2418 3756 2460 3808 δ’
2484 3759 2513 3809 6
2541 3757 2882 3827 Ἀφρικανὸς,
2905 3751 2964 3809 οῦ
3000 3755 3181 3828 μικρῷ
3209 3755 3442 3826 πρόσθεν
3474 3755 3642 3826 ἐμνή-

2063 3849 2289 3920 σθημεν·
2333 3868 2350 3899 ι
2381 3848 2549 3900 Φασὶν
2592 3848 2640 3899 οἱ
2673 3846 2741 3899 τὰ
2794 3848 2912 3899 κατ’
2940 3846 3101 3901 αὐτὸν
3139 3846 3487 3919 ἀκριὸοῦντες
3523 3847 3643 3898 Ἀν-

2059 3939 2321 4010 τίπατρον
2367 3938 2587 4009 (τοῦτον
2634 3938 2679 3991 δ’
2711 3934 2849 3992 εἶναι
2895 3938 3041 4010 αὐτῷ
3088 3937 3329 4009 πατέρα)
3396 3936 3638 4009 Ἡρώδου

2059 4032 2203 4094 τινὸς
2241 4030 2631 4084 Ἀσκαλωνίτου
2658 4029 2765 4083 τῶν
2803 4032 2929 4103 περὶ
2958 4030 3046 4086 τὺν
3076 4031 3211 4083 νεὼν
3244 4030 3337 4084 τοῦ
3375 4030 3643 4083 Ἀπόλλω·

2060 4140 2149 4186 νος
2178 4121 2489 4194 ἱεροδούλων
2517 4122 2820 4191 γεγονέναι.
2853 4142 2871 4173 ι
2918 4123 3012 4185 Εἰς
3054 4122 3117 4194 δὴ
3159 4119 3249 4176 οὖν
3277 4123 3367 4178 τὸν
3401 4122 3641 4176 τοιοῦτον

2062 4214 2161 4284 τῆς
2203 4214 2467 4267 Ἰουδαίων
2496 4213 2881 4286 περιελθούσης
2911 4215 3103 4285 ἀρχῆς,
3132 4216 3189 4266 ὲν
3231 4232 3298 4267 τα
3333 4215 3453 4285 (sic)
3490 4215 3640 4285 αύτῷ

2064 4305 2200 4376 μετὰ
2234 4305 2340 4357 τῶν
2371 4305 2542 4359 ἄλλων
2573 4304 2865 4375 προφητῶν
2893 4306 2985 4358 καὶ
3014 4307 3047 4375 ἡ
3077 4305 3225 4376 παρά
3239 4307 3462 4359 Μωῦσεῖ
3485 4322 3644 4377 φερο-

384 4393 688 4465 prrcdictio,
719 4394 906 4450 dicens
932 4414 944 4450 :
987 4413 1005 4446 ι
1036 4397 1101 4450 Et
1132 4404 1255 4467 post
1288 4396 1653 4451 hebdomades
1679 4398 1960 4464 sexaginta

382 4487 523 4541 duas
551 4486 832 4539 occidetur
857 4487 1132 4551 Christus,
1158 4497 1211 4543 et
1232 4487 1499 4556 judicium
1532 4502 1639 4541 non
1669 4496 1752 4541 est
1784 4488 1837 4541 in
1870 4502 1956 4542 eo.

386 4576 452 4630 Et
480 4575 752 4631 civitatem
780 4586 830 4632 et
859 4580 1228 4633 sanctuarium
1256 4580 1543 4649 dissipabit
1573 4578 1805 4648 populus
1834 4594 1957 4631 cum

2068 4574 2258 4647 μηρῶν
2294 4575 2482 4637 αὑτοῦ,
2514 4575 2617 4640 ἕως
2650 4576 2715 4629 ἂν
2749 4576 2877 4649 ἔλθῃ
2916 4570 2959 4643 ᾧ
3003 4576 3319 4630 ἀπόκειται·
3350 4579 3444 4631 καὶ
3478 4577 3638 4640 αὐτὸς

383 4666 524 4723 duce
556 4677 820 4722 venturo:
855 4674 908 4722 et
948 4668 1069 4725 linis
1103 4670 1223 4740 ejus
1250 4643 1496 4731 vastitas.
1531 4643 1590 4724 et
1633 4643 1757 4739 post
1800 4670 1960 4723 linem

2069 4643 2361 4737 προσδοκία
2394 4665 2580 4720 ἐθνῶν.
2613 4684 2631 4717 ι
2670 4665 2780 4719 Καὶ
2814 4643 3076 4738 πρόδηλόν
3101 4682 3165 4735 γε
3193 4666 3255 4719 ἐκ
3282 4683 3341 4720 τε
3371 4666 3478 4719 τῶν
3509 4667 3642 4720 ίστο-

385 4760 510 4816 belli
541 4769 745 4816 statuta
777 4762 1064 4818 desolatio.
1102 4782 1120 4814 ι

2072 4758 2222 4829 ριῶν,
2255 4759 2350 4810 καὶ
2398 4758 2506 4810 τῶν
2554 4759 2685 4829 ἡμῖν
2739 4758 3171 4830 παρατεθέντων,
3210 4759 3290 4812 ὅτι
3333 4758 3396 4829 δὴ
3447 4758 3640 4830 μέχρις

396 4854 657 4927 Ἡρώδου,
691 4856 811 4910 καθ’
838 4855 897 4909 ὃν
925 4860 953 4911 6
985 4857 1219 4930 Χριστὸς
1242 4857 1582 4927 γεγέννηται,
1609 4857 1669 4909 ού
1696 4856 1958 4910 διέλειπεν
1994 4858 2027 4926 ή
2073 4853 2132 4919 ἐξ
2174 4853 2352 4908 αὐτῶν
2425 4853 2689 4925 Ἐϐραίων
2743 4853 2884 4907 κατά
2934 4853 2994 4922 (f.
3022 4854 3083 4907 41
3118 4853 3192 4924 v°)
3235 4853 3479 4924 διαδοχὴν
3543 4851 3638 4906 τοῦ

386 4949 586 5011 παντὸς
616 4949 802 5012 ἔθνους
846 4951 1206 5021 ἡγησαμένων
1242 4951 1409 5022 ἀρχή.
1448 4950 1672 5020 Πρώτου
1703 4949 1758 5002 δὲ
1788 4949 1848 5002 τὸ
1875 4949 2031 5016 γένος
2057 4945 2358 5015 ἀλλοφύλου
2392 4945 2808 5015 βασιλεύσαντος
2872 4946 3049 5000 αὐτῶν
3115 4944 3374 5016 Ἡρώδου,
3439 4943 3641 4998 αὐτίκα

389 5040 488 5110 μὲν
536 5042 631 5094 καί⁵
657 5042 690 5111 ἡ
722 5041 816 5093 τοῦ
846 5042 1083 5115 Χριστοῦ
1130 5042 1402 5115 παρουσία
1452 5040 1772 5112 πληροῦται,
1810 5041 1902 5093 καὶ
1931 5041 1964 5111 ή
2004 5037 2113 5091 τῶν
2136 5036 2305 5091 ἐθνῶν
2334 5036 2792 5108 προθεσπισθεῖσα
2818 5036 3110 5108 προσδοκία
3172 5036 3258 5090 διὰ
3281 5039 3378 5107 τῆς
3406 5038 3485 5099 εἰς
3529 5036 3642 5089 πᾶν

384 5128 535 5195 ἔθνος
576 5131 976 5204 διαδραμούσης
1017 5134 1110 5186 τοῦ
1156 5134 1406 5206 Σωτῆρος
1433 5134 1587 5205 ἡμῶν
1614 5134 1959 5196 διδασκαλίας
1995 5131 2140 5204 ἔργῳ
2170 5130 2534 5185 συντελεῖσθαι
2575 5130 2806 5202 ἤρξατο·
2868 5131 2989 5183 τότε
3028 5130 3182 5199 καὶὴ
3218 5133 3274 5183 ὲν
3309 5128 3383 5199 τῷ
3444 5127 3644 5199 Δανιὴλ

389 5221 527 5290 μετὰ
572 5223 671 5288 τὰς
721 5224 1106 5297 διαληφθείσας
1144 5228 1272 5297 ἡμῖν
1314 5227 1609 5298 ἑϐδομάδας
1657 5228 1960 5298 πρόρρησις
1999 5224 2448 5296 ὲπεσφραγίζετο,
2478 5225 2778 5293 φάσκουσα·
2821 5241 2839 5273 ι
2874 5224 2984 5276 Καὶ
3010 5223 3146 5293 μετά
3206 5223 3304 5286 τὰς
3343 5220 3642 5292 ἑϐδομάδας

383 5311 481 5376 τὰς
506 5312 582 5384 ξβ¹
607 5314 1113 5389 ὲξολοθρευθήσεται
1135 5319 1362 5389 χρίσμα,
1386 5322 1477 5373 καὶ
1505 5323 1678 5390 κρίμα
1698 5319 1798 5371 οὐκ
1822 5317 1967 5370 ἐστιν
2005 5318 2063 5368 ὲν
2097 5315 2272 5386 αὐτῷ·
2310 5317 2404 5369 καὶ
2438 5316 2534 5386 τὴν
2567 5315 2720 5367 πόλιν
2754 5315 2849 5367 καὶ
2899 5313 2960 5366 τὸ
3002 5314 3154 5383 ἅγιον
3196 5312 3477 5385 διαφθερεῖ
3543 5313 3641 5364 σὺν

384 5402 463 5473 τῷ
487 5405 772 5477 ἡγουμένῳ
802 5406 880 5479 τῷ
921 5410 1230 5482 ὲρχομένῳ’
1302 5413 1396 5467 καὶ
1441 5413 1770 5483 κοπήσονται
1809 5413 1868 5464 ἐν
1926 5410 2293 5482 κατακλυσμῴ
2315 5452 2330 5477 ,
2371 5410 2466 5464 καὶ
2511 5411 2616 5473 ἕως
2662 5408 2849 5472 τέλους
2896 5408 3131 5480 πολέμου
3196 5405 3637 5478 συντετμημένου

386 5494 732 5565 ἀφανισμοῖς.
765 5517 786 5551 ι

462 5599 483 5633 ι
521 5582 768 5648 Quodam
804 5587 972 5659 igitur
1003 5591 1184 5656 modo,
1217 5593 1460 5663 priorum
1502 5593 1568 5648 de
1598 5591 1795 5663 quibus
1818 5605 1962 5646 men-

458 5696 505 5730 “
528 5695 666 5755 Gen.
695 5714 844 5769 XLIX,
883 5704 969 5760 10.

2065 4393 2199 4463 μένη
2240 4392 2333 4446 τοῦ
2374 4393 2563 4446 Ἰακὼϐ
2594 4393 2889 4465 πληροῦται
2919 4396 3219 4467 πρόρρησις
3239 4408 3254 4424 ⁸
3288 4416 3306 4447 ‹
3336 4398 3448 4450 Οὐκ
3468 4396 3644 4449 ἐκλεί-

2059 4485 2148 4554 ψει
2175 4483 2431 4557 ἆρχωνέξ
2471 4486 2638 4539 Ἰούδα
2661 4506 2679 4536 ι
2707 4486 2945 4556 φήσασα.
2970 4504 2989 4537 ι
3015 4487 3106 4538 καὶ
3130 4485 3427 4557 ἡγούμενος
3457 4487 3643 4540 ἐκτῶν

2146 5604 2164 5637 ι
2198 5584 2328 5637 Τίνα
2366 5584 2461 5653 μὲν
2493 5579 2585 5636 οὖν
2624 5583 2821 5653 τρόπον
2842 5585 2875 5653 ἡ
2896 5582 3001 5636 τῶν
3034 5584 3440 5657 προρρηθεισῶν
3485 5585 3638 5644 ἑϐδο.

460 5836 534 5909 (ι)
560 5836 785 5907 Ioseph.
818 5840 999 5907 Antiq.
1030 5857 1140 5908 xiv,
1175 5843 1227 5908 7,
1256 5843 1308 5898 3.

2136 5841 2214 5906 (2)
2248 5839 2447 5896 Euseb.
2484 5839 2625 5895 Hist.
2667 5838 2794 5895 eccl.
2830 5854 2868 5904 ι,
2902 5839 2953 5903 7,
2984 5839 3036 5895 8.
