4100 6420
376 346 517 405 1185

1362 346 1656 403 ΕςιοϐιΕ
1697 346 2174 405 ΡΙὶΟΡΗΕΤΙΟΑΞ.
2214 381 2284 391 -
2320 352 2573 445 1ι113..111.

3485 357 3625 414 1186

381 464 561 533 μάδων
584 459 691 513 τῶν
708 476 766 514 τε
783 458 1064 530 προτέρων
1103 456 1249 530 [ν]ζ’,
1268 459 1360 512 καὶ
1377 460 1484 514 τῶν
1500 461 1592 514 ἐπὶ
1608 460 1832 525 ταύταις
1849 462 1945 532 ξβ’,

2054 466 2257 520 tionem
2305 467 2469 522 modo
2506 448 2755 532 fecimus,
2783 466 3182 524 hebdomadam
3237 468 3418 543 [1.]vu,
3462 485 3628 527 caete-

374 553 681 629 προφητεία
713 553 810 623 (1),
846 555 904 606 ἐν
941 546 1030 615 αἶς
1062 552 1203 605 κατά
1232 552 1330 623 τὴν
1362 552 1456 606 τοῦ
1490 552 1679 621 γένους
1701 554 1948 626 διαδοχὴν

375 648 640 720 προσήκει
682 643 1086 714 διαλαμϐάνειν,
1127 644 1219 697 καὶ
1252 646 1316 716 τῇ
1362 644 1522 715 μέχρι
1568 645 1673 698 τῶν
1713 646 1949 718 Ἡρώδου

373 735 579 808 χρόνων
604 733 812 805 ἱστορίᾳ
837 731 1067 804 δηλούσῃ
1091 733 1214 796 τοὺς
1234 733 1373 786 κατά
1402 734 1647 805 διαδοχὴν
1675 738 1948 808 ἀρχιερεῖς

369 826 459 879 διὰ
487 827 668 895 πάσης
695 823 910 895 χριστός
931 840 1013 886 τις
1035 823 1128 876 καὶ
1160 824 1446 896 ἀρχιερεὺς
1469 828 1652 895 ἡγεῖτο
1678 826 1772 879 τοῦ
1794 826 1942 891 λαοῦ,

370 916 448 981 ὡς
477 917 564 970 διὰ
590 917 736 970 τουτὶ
772 913 1021 986 είρῆσθαι
1052 914 1129 986 τῷ
1154 916 1384 986 χρησμῷ
1416 916 1495 980 τὸ,
1534 936 1552 967 ι
1588 919 1691 982 ἓως
1723 919 1942 989 χριστοῦ

370 1006 696 1076 ἡγουμένου,
735 1024 752 1057 ι
790 1004 959 1075 πέρας
988 1004 1205 1075 εἴληφεν
1250 1007 1489 1070 εῐςητοὺς
1530 1007 1669 1060 κατά
1701 1008 1945 1080 Ἡρώδην

372 1097 613 1168 χρόνους,
657 1096 733 1159 ὡς
780 1095 1007 1166 δύναμις
1055 1098 1206 1166 ἡμῖν,
1238 1096 1553 1167 δεδήλωται.
1605 1098 1730 1163 Πῶς
1777 1100 1821 1151 δ’
1855 1102 1946 1153 ἐπὶ

369 1189 579 1251 τούτοις
627 1188 763 1259 μετά
795 1190 892 1260 τὴν
939 1190 1329 1260 συμπλήρωσιν
1372 1188 1463 1243 τοῦ
1511 1191 1946 1262 προδηλωθέντος

369 1279 477 1332 τῶν
498 1277 803 1348 ἑϐδομάδων
832 1278 1023 1349 χρόνου
1060 1297 1078 1328 ι
1113 1278 1479 1352 ἐξωλοθρεύθη
1511 1280 1738 1351 χρίσμα,
1767 1282 1847 1335 ὅτι
1872 1282 1946 1354 μὴ

369 1372 545 1443 κρίμα
569 1366 637 1442 ἦν
664 1373 721 1423 ὲν
754 1371 921 1441 αύτῷ,
959 1391 976 1422 ι
1011 1371 1201 1442 ὥσπερ
1229 1373 1273 1424 δ’
1305 1368 1398 1426 οὖν
1429 1373 1491 1425 τὸ
1524 1373 1701 1443 λόγιον
1732 1376 1945 1447 μηνύει,

369 1467 632 1535 σημαῖνον
684 1466 766 1519 ὄτι
814 1463 952 1534 μετά
995 1465 1231 1534 κρίσεως
1277 1466 1496 1535 εὐλόγου
1540 1468 1601 1520 τὸ
1639 1469 1846 1540 χρίσμα
1888 1470 1948 1523 τὸ

367 1556 509 1609 κατά
555 1557 652 1626 τὴν
682 1556 1090 1626 ἀρχιερωσύνην
1124 1558 1216 1609 ἐπὶ
1252 1557 1346 1610 τοῦ
1381 1559 1706 1630 δηλουμένου
1755 1560 1947 1632 καιροῦ

369 1644 869 1715 συντελεσθήσεται,
917 1646 1084 1711 σαφὲς
1126 1645 1192 1699 ἂν
1223 1647 1431 1714 γένοιτο
1478 1650 1589 1711 τοῖς
1624 1650 1949 1721 ἐπιστήσασι

367 1736 434 1806 τῇ
474 1752 532 1788 τε
557 1734 652 1787 τοῦ
684 1736 849 1803 νόμου
869 1734 1128 1798 διατάξει,
1151 1734 1228 1805 (ἐν
1256 1730 1394 1808 ﬂata
1421 1736 1537 1806 βίου
1566 1737 1759 1809 μέχρις
1781 1738 1949 1808 αὐτῆς

366 1826 618 1897 τελευτῆς
669 1826 1065 1897 προστέτακται
1096 1828 1195 1897 τὴν
1242 1828 1650 1900 ἀρχιερωσύνην
1698 1830 1823 1892 τοὺς
1868 1823 1948 1893 οἷς

370 1917 510 1971 κατά
532 1916 631 1987 τὴν
650 1915 743 1968 τοῦ
765 1915 955 1984 γένους
976 1916 1222 1988 διαδοχὴν
1239 1920 1504 1989 προσήκει
1519 1917 1946 1988 διαλαμϐάνειν),

371 2009 464 2061 καὶ
489 2010 552 2078 τῇ
601 2006 761 2077 μέχρι
795 2006 901 2059 τῶν
946 2005 1184 2078 Ἡρώδου
1212 2008 1418 2078 χρόνων
1446 2008 1677 2079 ἱστορίᾳ,
1717 2007 1950 2080 δηλούσῃ

365 2101 493 2162 τοὺς
520 2097 661 2153 κατά
708 2096 958 2169 διαδοχὴν
997 2099 1270 2171 ἀρχιερεῖς
1297 2098 1385 2152 διὰ
1428 2099 1607 2170 πάσης
1638 2079 1734 2169 τῆς
1771 2079 1949 2155 αὐτῶν

367 2191 514 2263 ζωῆς
532 2191 840 2255 ἀκολούθως
868 2195 935 2263 τῇ
966 2193 1094 2263 περὶ
1134 2191 1312 2245 αὐτῶν
1343 2192 1636 2263 νομοθεσίᾳ
1664 2192 1759 2263 τῆς
1785 2191 1950 2262 τιμῆς

366 2280 648 2350 ἠξιῶσθαι.
694 2284 839 2345 ὅπως
869 2298 928 2333 τε
966 2282 1085 2334 κατ’
1118 2281 1279 2334 αὑτὸν
1315 2279 1558 2353 Ἡρώδην
1588 2281 1648 2333 ού
1685 2280 1843 2351 μόνον
1882 2281 1950 2335 τά

366 2372 467 2441 τῆς
501 2371 756 2441 τοιαύτης
788 2372 914 2442 περὶ
957 2370 1081 2434 τοὺς
1114 2371 1389 2442 ἀρχιερεῖς
1435 2372 1695 2441 διαταγῆς
1729 2372 1947 2440 συγχεῖ-

364 2461 456 2515 ταί
484 2479 545 2515 τε
579 2463 672 2516 καὶ
709 2462 1098 2534 διαφθείρεται,
1126 2462 1261 2516 ἀλλά
1284 2464 1379 2518 καὶ
1409 2462 1509 2534 τῆς
1549 2464 1708 2530 ἁγίας
1735 2462 1945 2533 στολῆς,

365 2553 435 2624 ἥν
459 2554 726 2625 ὑπομόνον
752 2554 870 2625 (sic)
899 2552 1027 2624 ἐξῆν
1061 2549 1200 2607 εἶναι
1236 2555 1327 2608 τὸν
1367 2555 1649 2626 ἀρχιερέα,
1683 2555 1764 2608 ὅτι
1797 2554 1871 2625 μὴ
1902 2555 1946 2608 δ’

366 2643 537 2716 ἑτέρῳ
569 2644 601 2715 ἢ
635 2643 784 2715 αὐτῷ
823 2644 967 2714 μόνῳ
1012 2646 1070 2698 ὲν
1119 2644 1292 2718 ταύτῃ
1335 2644 1667 2716 λειτουργεῖν
1701 2643 1819 2709 ἐξὸν
1856 2640 1946 2715 ἦν,

365 2737 465 2808 τὴν
495 2736 741 2801 ἐξουσίαν
767 2738 962 2801 αὐτοὺς
994 2736 1238 2806 Ἡρώδης
1260 2736 1588 2807 ἀφελόμενος
1618 2737 1706 2805 ὑφ’
1731 2736 1944 2801 ἑαυτὸν,

364 2829 460 2883 καὶ
490 2829 661 2883 ταῦτα
691 2829 985 2900 ἀλλόφυλος
1012 2829 1110 2892 ὢν,
1145 2831 1395 2882 ποιεῖται.
1420 2829 1482 2881 Et
1503 2827 1560 2880 δὲ
1592 2828 1696 2899 χρὴ
1720 2827 1813 2880 καὶ
1833 2826 1948 2879 τού-

364 2942 472 2978 των
499 2925 838 2996 παραθέσθαι
858 2925 1135 2995 ἐλέγχους,
1161 2924 1315 2994 δέχου
1337 2924 1400 2994 δὴ
1426 2923 1520 2976 τοῦ
1552 2924 1826 2995 μάρτυρος
1847 2924 1947 2988 τὰς

366 3016 549 3083 φωνὰς
576 3016 681 3085 (ἃς)
709 3018 739 3070 ό
772 3014 830 3081 ἐξ
870 3016 1049 3069 αὐτῶν
1085 3016 1352 3087 Ἐϐραίων
1392 3015 1674 3086 Ἰώσηπος,
1708 3019 1804 3086 τῆς
1837 3015 1945 3069 τῶν

2058 571 2352 627 rarumque
2412 564 2535 628 post
2584 558 2705 613 illas
2759 573 2895 625 un,
2948 560 3255 631 prophetia,
3315 592 3387 603 —
3428 564 3628 632 quibus

2059 663 2332 703 summum
2391 650 2759 705 sacerdotium
2813 652 3030 722 generis
3073 652 3198 721 jure
3243 653 3456 723 obtigit,
3499 669 3626 708 eum

2064 754 2237 810 usque
2272 742 2337 796 ad
2371 740 2598 796 Herodis
2638 750 2883 812 tempora
2916 759 3109 798 omnes
3139 745 3378 799 ostendit
3400 744 3626 799 historia

2065 834 2376 888 sacerdotes
2430 847 2658 903 magnos
2717 835 3089 891 successionis
3134 837 3256 889 vice
3298 851 3395 905 per
3454 845 3624 891 totam

2059 940 2246 980 eorum
2264 928 2450 990 vitam,
2482 927 2702 994 quando
2728 926 2969 982 christus
2988 928 3167 996 quivis
3199 936 3253 981 et
3272 943 3521 983 summus
3545 943 3627 982 sae

2058 1014 2252 1070 cerdos
2284 1017 2482 1085 popqu
2517 1023 2764 1084 praeerat,
2799 1027 2858 1070 ut
2901 1032 3019 1071 eam
3049 1018 3119 1072 ob
3149 1032 3371 1073 causam
3402 1021 3626 1073 oraculo

2056 1105 2351 1171 diceretur,
2381 1125 2399 1157 ‹
2427 1123 2599 1177 usque
2642 1109 2732 1162 ad
2778 1107 3044 1163 christum
3106 1109 3334 1175 ducem,
3365 1129 3384 1162 ι
3420 1112 3624 1166 exitum

2055 1196 2286 1253 Herodis
2319 1205 2563 1268 tempore
2579 1199 2786 1262 habuit,
2832 1202 2996 1261 sicut,
3030 1199 3319 1271 quantum'
3346 1204 3501 1259 licuit
3530 1206 3625 1260 de-

2053 1291 2500 1345 monstravimus.
2546 1291 2833 1358 Quomodo
2887 1303 3064 1347 autem
3097 1303 3219 1364 post
3274 1311 3624 1351 consumma-

2048 1392 2162 1437 tum
2196 1384 2580 1453 praedictarum
2616 1384 3014 1438 hebdomadum
3044 1395 3282 1456 tempus,
3310 1406 3330 1438 ι
3361 1389 3621 1443 abolitum

2046 1483 2131 1530 est
2159 1476 2415 1542 chrisma,
2462 1476 2592 1546 quia
2629 1492 2738 1530 non
2769 1476 3038 1547 judicium
3090 1487 3207 1533 erat
3232 1479 3285 1532 in
3315 1495 3401 1545 eo,
3429 1499 3448 1533 ι
3479 1484 3624 1535 sicut

2049 1567 2153 1621 fert
2207 1566 2504 1638 Scriptura:
2535 1577 2738 1635 textus,
2786 1571 3100 1640 significans
3129 1571 3296 1640 quod.
3331 1581 3454 1642 post
3477 1573 3624 1644 judi-

2047 1660 2190 1714 cium
2252 1660 2512 1729 prudens.
2567 1661 2827 1727 chrisma,
2871 1664 3173 1718 secundum
3212 1680 3484 1721 summum
3533 1681 3624 1725 sa-

2049 1751 2374 1814 cerdotium,
2409 1753 2720 1807 absolutum
2767 1755 2895 1820 erit,
2927 1766 3179 1825 apertum
3222 1766 3370 1814 esset
3402 1759 3489 1815 his
3530 1763 3626 1832 qui

2054 1843 2187 1914 legis
2217 1844 2566 1914 praeceptioni
2618 1845 2884 1901 inhaerent
2933 1849 3061 1917 (qua
3114 1864 3211 1918 per
3257 1859 3424 1905 totam
3457 1853 3628 1909 vitam

2050 1949 2224 2003 usque
2249 1934 2316 1988 ad
2350 1946 2577 1991 mortem
2602 1952 2875 1991 summum
2895 1940 3204 1995 sortiuntur
3233 1944 3625 2013 sacerdotium,

2049 2025 2253 2095 quibus
2319 2026 2421 2080 hoc
2481 2043 2682 2082 munus
2747 2029 2963 2097 generis
3017 2031 3141 2099 jure
3201 2031 3439 2105 obtigit),
3464 2042 3628 2106 atque

2050 2133 2226 2188 usque
2289 2118 2356 2171 ad
2412 2117 2641 2175 Herodis
2695 2132 2908 2190 tempus
2948 2123 3199 2190 historia,
3228 2141 3350 2194 quae
3386 2126 3627 2182 ostendit

2045 2208 2171 2279 jure
2205 2210 2575 2266 successionis
2595 2212 2908 2268 sacerdotes
2937 2230 3181 2270 summos
3213 2216 3317 2269 hac
3359 2217 3626 2288 dignitate

2048 2309 2327 2371 pertotam
2366 2303 2530 2358 vitam
2558 2305 2861 2359 secundum
2914 2308 3059 2361 illam
3102 2308 3499 2379 legislationem
3524 2326 3626 2381 po-

2050 2393 2201 2457 titos,
2237 2393 2381 2463 quod
2441 2394 2654 2450 Herode
2708 2410 2971 2468 regnante
3017 2417 3126 2455 non
3162 2402 3331 2458 modo
3356 2403 3472 2458 haec
3504 2403 3622 2475 ipsa

2049 2485 2116 2539 de
2148 2485 2378 2540 smnmis
2401 2487 2776 2542 sacerdotibus
2809 2489 2893 2543 lex
2925 2490 3183 2560 abrogata
3232 2499 3286 2547 et
3311 2493 3485 2549 deleta
3515 2502 3620 2563 est,

2050 2575 2144 2631 sed
2166 2584 2219 2629 et
2251 2584 2443 2630 sancta
2473 2579 2665 2641 vestis,
2699 2594 2805 2649 qua
2831 2581 3007 2635 solum
3035 2582 3187 2636 indui
3217 2584 3300 2640 [18
3329 2593 3447 2640 erat
3470 2601 3624 2642 sum-

2050 2683 2199 2721 mum
2253 2670 2614 2734 sacerdotem,
2648 2687 2923 2742 quamque
2973 2674 3108 2728 nulli
3162 2676 3269 2731 nisi
3303 2677 3406 2747 ipsi
3435 2677 3539 2732 soli
3564 2678 3621 2733 in

2048 2761 2387 2816 solemnibus
2417 2763 2614 2818 ritibus
2646 2764 2788 2819 ferre
2820 2766 3029 2820 licitum
3056 2776 3194 2833 erat,
3219 2779 3510 2840 postquam
3552 2766 3622 2827 ab

2048 2848 2116 2904 iis
2139 2848 2436 2905 detractam
2493 2854 2620 2917 sibi,
2656 2869 2780 2909 cum
2807 2866 2953 2912 esset
3002 2858 3324 2930 alienigena.
3380 2859 3622 2919 Herodes

2048 2940 2366 3009 assumpsit.
2399 2940 2646 3007 Quorum
2685 2945 2731 2998 si
2750 2945 3075 3001 documenta
3131 2960 3259 3004 sunt
3308 2951 3620 3021 pnubenda,

2049 3030 2205 3084 testis
2231 3032 2558 3088 adhibeatur
2597 3033 2896 3089 Hebraicus
2924 3037 3041 3106 ipse
3069 3035 3359 3109 Iosephus,
3408 3057 3622 3099 necnon

367 3108 556 3178 ἱερέων
597 3110 689 3161 καὶ
725 3108 886 3171 αὐτὸς
917 3106 1218 3176 ἠξιωμένος
1256 3107 1443 3176 τιμῆς,
1487 3107 1581 3160 καὶ
1633 3107 1821 3176 γένους
1850 3105 1945 3161 τοῦ

2049 3122 2343 3176 sacerdotii
2375 3122 2640 3195 dignitate
2686 3105 3010 3193 honoratus,
3058 3139 3113 3184 et
3142 3105 3338 3199 genere
3352 3134 3495 3202 apud
3527 3149 3624 3190 eos

363 3204 493 3272 παρ’
521 3202 704 3265 αὐτοῖς
734 3201 1180 3270 διαφανεστάτου,
1211 3204 1267 3255 ὲν
1290 3202 1519 3272 εἰκοστῷ
1545 3205 1643 3273 τῆς
1685 3204 1945 3272 Ἀρχαιο-

2052 3215 2502 3283 praeclarissimo,
2565 3223 2657 3287 qui
2712 3219 2767 3274 in
2817 3222 3078 3278 vicesimo
3118 3201 3499 3296 Arclzwologia:
3560 3227 3626 3281 li-

361 3294 573 3361 λογίας
596 3293 970 3347 κατατέθειται
991 3293 1404 3363 συγγράμματι.
1437 3294 1572 3364 Περὶ
1602 3294 1698 3363 μὲν
1723 3291 1815 3348 οὖν
1846 3295 1945 3365 τῆς

360 3380 470 3435 τῶν
480 3382 780 3452 ἀρχιερέων
793 3382 1151 3451 παρατροπῆς
1167 3375 1269 3435 ὧδέ
1284 3399 1399 3445 πως
1409 3382 1548 3434 κατά
1563 3382 1703 3448 λέξιν
1719 3383 1943 3453 τράφεν

439 3491 459 3524 r
497 3474 610 3542 Τὴν
643 3471 699 3524 δὲ
734 3471 1009 3541 βασιλείαν
1045 3471 1288 3542 Ἡρώδης
1314 3473 1463 3543 παρά
1492 3473 1831 3543 (Ῥω)μαίων
1853 3476 1947 3541 ὲγ-

362 3561 675 3633 χειρισθεὶς,
689 3561 869 3614 οὐκέτι
881 3561 1005 3623 τοὺς
1022 3561 1083 3611 ἐκ
1099 3560 1192 3613 τοῦ
1208 3561 1579 3631 Ἀσαμωναίου
1591 3561 1780 3627 γένους
1800 3562 1900 3614 καθ
1909 3562 1946 3615 ί-

364 3670 552 3725 στησιν
578 3655 870 3724 ἀρχιερεῖς,
890 3652 1026 3707 ἀλλά
1039 3669 1180 3706 τισιν
1195 3653 1299 3720 ἀσή
1310 3669 1429 3722 μοις
1448 3653 1543 3705 καί⁵
1557 3654 1656 3705 οὐκ
1677 3652 1736 3718 ἐξ
1754 3654 1942 3723 ἱερέων

361 3739 531 3803 οῦσιν.
555 3744 693 3815 πλὴν
716 3744 831 3806 ἐνὸς
870 3741 1299 3814 Ἀριστοϐούλου,
1330 3740 1429 3812 τὴν
1457 3742 1623 3813 τιμὴν
1647 3742 1940 3812 ἀπένεμεν·

360 3837 454 3889 τδν
504 3836 562 3890 δὲ
618 3836 1043 3909 Ἀριστόϐουλον,
1084 3834 1351 3907 Ὑρκανοῦ
1394 3833 1489 3886 τοῦ
1548 3834 1656 3887 ἀπὸ
1711 3833 1942 3905 Παρθῶν

363 3927 926 3998 αἱχμαλωσιασθέντος
956 3928 1070 3981 υἱὸν
1120 3927 1249 3979 ὄντα
1281 3926 1626 3997 καταστήσας
1661 3926 1942 3997 ἀρχιερέα.

362 4021 431 4090 τῇ
454 4017 652 4088 ἀδελφῇ
693 4018 857 4071 αὐτοῦ
882 4018 1165 4088 συνῴκησε
1199 4017 1533 4090 Μαριάμμῃ,
1561 4018 1660 4088 τὴν
1686 4017 1780 4071 τοῦ
1813 4017 1945 4090 πλή-

362 4110 487 4175 θους
518 4111 653 4182 πρὸς
699 4111 889 4164 ἑαυτὸν
916 4109 976 4181 (f.
1011 4109 1100 4180 42)
1133 4107 1448 4179 θηρώμενος
1478 4106 1688 4161 εὔνοιαν
1725 4109 1814 4162 διὰ
1842 4108 1942 4180 τὴν

373 4200 642 4273 Ὑρκανοῦ
671 4203 916 4274 μνήμην·
948 4198 1069 4255 εἶτα
1103 4199 1361 4272 φοϐηθεὶς
1390 4200 1464 4271 μὴ
1493 4201 1631 4272 πρὸς
1661 4202 1752 4255 τὸν
1792 4202 1941 4273 Ἀρι-

363 4292 649 4347 στόϐουλον
685 4295 885 4357 πάντες
906 4292 1289 4356 ἀποκλίνωσιν,
1315 4284 1522 4346 ἀνεῖλεν
1553 4294 1717 4348 αὐτὸν
1748 4297 1807 4348 ὲν
1842 4295 1942 4348 Ἱε-

365 4383 521 4457 ριχῷ,
563 4389 820 4458 πνιγῆναι
854 4390 1304 4461 μηχανησάμενος
1350 4389 1726 4462 κολυμϐῶντα,
1760 4389 1942 4456 καθὼς

2046 3307 2148 3359 bro
2194 3306 2311 3361 haec
2366 3308 2608 3366 disserit.
2665 3308 2780 3366 Hoc
2833 3312 3001 3383 igitur
3061 3314 3222 3370 modo
3284 3315 3624 3373 immutatam

2047 3399 2248 3453 summi
2266 3400 2557 3455 sacerdotii
2585 3405 2994 3459 successionem
3026 3405 3291 3463 describit
3317 3428 3332 3464 :

2123 3508 2141 3540 ι
2182 3489 2446 3560 Herodes,
2474 3509 2597 3548 cum
2633 3511 2663 3550 a
2694 3497 2956 3554 Romanis
2992 3515 3219 3571 regnum
3267 3503 3620 3571 obtinuisset,

2047 3597 2156 3636 non
2174 3583 2288 3653 jam
2314 3585 2668 3644 Asamomeos
2696 3606 2941 3646 summos
2970 3595 3256 3648 constituit
3282 3597 3622 3664 sacerdotes,

2046 3674 2141 3729 sed
2181 3676 2321 3732 hanc
2343 3679 2663 3748 dignitatem
2697 3683 3025 3752 quibusdam
3056 3687 3317 3758 indignis,
3372 3704 3473 3745 nec
3520 3706 3614 3745 sa-

2044 3765 2305 3820 cerdotali
2330 3784 2529 3836 genere
2576 3773 2741 3836 natis,
2774 3785 2968 3843 prteter
3011 3792 3181 3831 unum
3222 3779 3620 3848 Aristobulum,

2049 3858 2368 3929 assignavit.
2402 3861 2780 3919 Aristobulum
2820 3882 2968 3933 vero,
2998 3866 3234 3940 Hyrcani
3259 3873 3534 3940 quondam
3565 3876 3621 3930 in

2045 3951 2414 4019 captivitatem
2444 3968 2474 4007 a
2509 3953 2725 4011 Parthis
2754 3957 2975 4012 abducti
3006 3960 3194 4025 tilium,
3220 3977 3493 4018 summum
3533 3980 3624 4021 sa-

2044 4043 2319 4097 cerdotem
2353 4045 2638 4100 constituit
2688 4063 3043 4121 sororemque
3078 4052 3199 4121 ejus
3250 4052 3473 4109 Mariam
3512 4056 3618 4112 sibi

2044 4132 2397 4189 matrimonio
2450 4136 2716 4202 devinxit,
2753 4140 3119 4198 multitudinis
3148 4147 3379 4214 gratiam
3417 4148 3523 4203 sibi
3551 4150 3621 4204 oh

2051 4223 2288 4296 Hyrcani
2313 4230 2630 4284 memoriam
2661 4239 2920 4301 captans;
2976 4240 3169 4302 postea
3204 4235 3402 4290 timens
3444 4253 3512 4293 ne
3549 4240 3619 4295 ad

2043 4315 2419 4372 Aristobulum
2463 4336 2656 4377 omnes
2710 4321 3059 4390 inclinarent,
3111 4329 3336 4383 sustulit
3382 4345 3505 4384 eum
3563 4331 3621 4386 in

2041 4404 2280 4475 Iericho,
2314 4419 2593 4470 natantem
2629 4415 2788 4485 aquis
2813 4431 3050 4471 mersum
3067 4434 3191 4475 esse
3220 4422 3452 4493 ttngens,
3478 4423 3622 4480 sicut

360 4474 462 4546 ῆδη
495 4474 892 4547 δεδηλώκαμεν.
924 4478 1076 4532 Μετά
1113 4478 1302 4532 τοῦτον
1338 4479 1518 4533 οὐκέτι
1560 4481 1675 4543 τοῖς
1699 4481 1943 4549 ἐγγόνοις

2049 4497 2154 4567 iam
2183 4503 2545 4559 ostendimus.
2581 4503 2701 4571 Quo
2725 4504 3050 4577 interempto
3085 4474 3365 4581 nunquaum
3388 4510 3620 4567 Asamo—

360 4563 470 4619 τῶν
500 4567 875 4638 Ἀσαμωναίου
897 4570 1103 4624 παίδων
1134 4572 1233 4642 τὴν
1255 4572 1662 4645 ἀρχιερωσύνην
1693 4573 1944 4627 ἐπίστευ-

364 4675 475 4713 σεν.
502 4661 747 4731 Ἔπραξε
771 4662 828 4715 δὲ
851 4663 1012 4734 ὅμοια
1036 4664 1116 4735 τῷ
1148 4664 1362 4738 Ἡρώδῃ
1394 4667 1520 4739 περὶ
1548 4667 1645 4736 τῆς
1671 4667 1944 4720 καταστά-

362 4764 503 4813 σεως
530 4750 639 4803 τῶν
672 4752 971 4824 ἀρχιερέων
1020 4753 1308 4824 Ἀρχέλαός
1335 4772 1396 4808 τε
1429 4758 1459 4808 ό
1485 4759 1613 4820 παῖς
1641 4755 1826 4818 αὑτοῦ,
1850 4756 1944 4809 καὶ

364 4841 503 4911 μετά
529 4842 715 4896 τοῦτον
757 4845 857 4915 τὴν
887 4845 1062 4917 ἀρχὴν
1097 4846 1354 4916 Ῥωμαῖοι
1390 4847 1500 4900 τῶν
1538 4848 1806 4901 Ἰουδαίων
1840 4865 1945 4901 πα-

365 4933 709 5005 ραλαϐόντες.
743 4954 761 4988 ι

430 5048 615 5102 Ταῦτα
664 5049 762 5119 μὲν
788 5050 914 5121 περὶ¹
950 5049 1155 5103 τούτων
1195 5051 1223 5102 ό
1255 5049 1546 5122 Ἰώσηποςο
1592 5051 1721 5123 περὶ
1757 5051 1813 5105 δὲ
1844 5052 1942 5123 τῆς

360 5142 751 5214 ἀρχιερατικῆς
786 5141 978 5211 στολῆς
1009 5143 1068 5194 ὲν
1095 5142 1173 5214 τῷ
1211 5143 1660 5215 ὀκτωκαιδεκάτῳ
1685 5145 1783 5214 τῆς
1817 5146 1943 5212 Ἀρ-

361 5231 709 5302 χαιολογίας
734 5230 907 5284 ταῦτα
944 5234 1162 5305 ἱστορεῖο

441 5360 460 5394 ι
494 5340 738 5413 Ἡρώδης
771 5342 828 5396 δὲ
868 5343 1192 5413 βασιλεύσας
1224 5345 1320 5417 τήν
1344 5360 1401 5397 τε
1433 5343 1590 5417 βάριν
1633 5345 1838 5419 ταύτην
1881 5346 1939 5399 ὲν

432 5478 510 5599 Ἃ)
539 5477 664 5547 Seq.
695 5479 775 5532 sic
803 5480 1104 5549 supplenda
1146 5490 1200 5536 et
1238 5482 1463 5552 legenda
1497 5497 1583 5536 me
1621 5483 1833 5538 monuit
1864 5483 1937 5540 Μ.

489 5549 711 5599 outhius
740 5551 865 5599 coll.
923 5551 1100 5599 Mam]-
1144 5567 1345 5599 nrmses
1379 5568 1391 5599 :
1431 5554 1756 5599 ποοίοπτεία-
1788 5584 1858 5595 .-
1880 5555 1937 5599 ἐν

357 5544 409 5601 I.
441 5544 711 5603 Beothius
740 5544 890 5604 collf
911 5544 1100 5621 'Magd.
1144 5544 1345 5620 pra‘ses
1379 5568 1391 5603 :
1431 5554 1757 5624 προφητεία,
1788 5584 1858 5595 —-
1880 5555 1939 5607 ὲν

360 5611 451 5681 ατς
477 5618 1017 5711 ῖὶπὲέιριςεεξφεδξηγ-
1030 5622 1180 5711 ,κεῖέε
1463 5622 1659 5711 γένυες
1691 5623 1939 5711 ἐδεξιδτξξὴν

361 5689 1058 5775 προσῄκειδιαλαμϐάνειν,
1090 5692 1183 5745 καὶ
1223 5689 1323 5762 τῆς
1367 5692 1527 5818 μέχρι
1554 5691 1662 5745 τῶν
1697 5689 1937 5818 ἰἰὲώῶυ

359 5756 568 5828 χρόνων
597 5761 837 5834 ἱστορίας
862 5759 1128 5834 δηλουσης
1156 5764 1280 5828 τοὺς
1306 5763 1449 5819 κατά
1507 5762 1721 5837 ιαδοχὴν
1794 5781 1939 5837 ρχιε-

2045 4592 2147 4646 nati
2185 4594 2310 4649 tiliis
2339 4609 2611 4648 summum
2637 4595 2872 4649 credidit
2895 4599 3284 4656 sacerdotium.
3320 4599 3442 4671 Egit
3470 4602 3623 4658 simiv

2051 4684 2176 4739 liter
2233 4687 2290 4739 in
2343 4686 2609 4756 eligendis
2677 4689 2910 4744 summis
2954 4691 3337 4747 sacerdotibus
3385 4692 3617 4748 Herodis

2044 4779 2189 4835 ﬁlius
2234 4780 2557 4844 Archelaus,
2608 4789 2770 4851 atque
2813 4790 2938 4851 post
2972 4799 3095 4838 eum
3137 4781 3366 4839 Romani
3401 4781 3619 4840 Iudaeo-

2043 4888 2163 4926 rum
2193 4872 2482 4943 imperium
2513 4875 2793 4929 consecuti
2824 4873 2922 4947 (2).
2966 4892 2987 4927 ι

2113 5077 2238 5134 Haec
2266 5078 2484 5149 quidem
2525 5078 2593 5134 de
2632 5078 2718 5133 bis
2755 5078 3024 5150 Iosephus
3056 5098 3070 5134 :
3098 5093 3284 5133 verum
3327 5076 3395 5132 de
3433 5091 3619 5132 sacer-

2042 5174 2208 5228 dotali
2236 5181 2385 5228 veste
2425 5173 2478 5227 in
2507 5181 2701 5228 octavo
2733 5182 2787 5228 et
2819 5172 3031 5229 decimo
3066 5170 3441 5243 Archwologite
3475 5171 3618 5227 libro

2041 5265 2157 5320 haec
2192 5275 2377 5320 narrat
2401 5282 2415 5317 :

2118 5375 2137 5408 ί
2177 5354 2421 5412 Herodes
2451 5372 2547 5412 rex
2581 5355 2686 5411 hoc
2712 5356 3142 5412 calceamentum
3174 5355 3615 5412 commodissime

2105 5490 2155 5552 ῖς
2182 5488 2270 5542 διὰ
2302 5490 2484 5561 πάσης
2514 5490 2614 5560 τῆς
2644 5490 2821 5544 αὐτῶν
2845 5490 3011 5560 ζωῆς,
3034 5491 3122 5561 ὅτε
3160 5490 3379 5561 χριστός
3401 5506 3488 5561 τις
3518 5492 3615 5561 καὶ

2080 5562 2540 5639 ρχιερεὺςιήγεῖτο
2570 5561 2662 5613 τοῦ
2695 5561 2847 5639 λαοῦ,
2870 5561 2944 5625 ὡς
2972 5560 3059 5639 διὰ
3082 5560 3229 5616 τουτὶ
3262 5560 3513 5639 είρῆσθαι
3535 5560 3616 5632 τῷ

2040 5632 2274 5705 κρηεμςι)
2297 5630 2386 5695 ab;
2407 5630 2510 5705 ἕως
2535 5631 2757 5705 χριστοῦ
2787 5631 3122 5705 ἠγρυμένου,
3146 5661 3217 5673 —-
3241 5630 3436 5705 πέρᾰς,

2113 5699 2199 5777 (2)
2225 5699 2447 5771 Ioseph.
2476 5699 2657 5773 Artiiq.
2686 5718 2777 5769 xx,
2809 5699 2903 5768 ll,
2931 5699 3003 5757 ’5.
3313 5699 3328 5705 ⁷
3539 5728 3550 5739 ο
