4100 6450
479 363 618 420 1187

1181 360 1448 418 EUSEBll
1487 360 1964 418 ΟΔΕΞΑΗΙΕΝΞΙΞ
2003 361 2036 416 0

2143 405 2153 415 .
2195 359 2400 417 PARS.
2444 361 2532 416 111.
2575 392 2644 402 -
2675 357 3087 414 EXEGETICA.

3597 355 3733 409 “88

476 468 532 512 et
559 455 844 526 magniﬁce
877 461 1192 524 apparatum
1233 457 1521 509 Antoniam
1553 459 1769 510 vocavit
1814 457 2030 511 nomine

2155 456 2442 526 ἐπιτηδείῳ
2484 456 2738 525 κειμένην
2783 451 3196 513 κατασκευάσας
3241 449 3566 513 πολυτελῶς,
3615 451 3735 502 Ἀν-

474 558 531 626 et
570 549 748 610 magni
778 547 1076 603 sacerdotis
1109 547 1371 612 tunicam,
1417 558 1475 601 ut
1518 565 1639 604 sese
1681 551 1934 611 habebat,
1964 563 2051 603 as-

476 642 730 710 sumpsit,
784 640 918 692 nihil
974 640 1236 694 adversus
1289 655 1349 693 se
1402 655 1430 692 a
1475 640 1674 709 populo
1699 639 2052 694 .moliendum

478 740 698 801 prapter
739 746 858 786 eam
905 737 1076 784 ratus.
1135 729 1256 798 Egit
1305 731 1557 784 similiter
1604 728 1832 784 Herodis
1885 727 2050 789 filius,

477 824 733 892 regnique
767 837 1054 876 successor
1095 822 1416 887 Archelaus,
1452 837 1481 875 a
1531 838 1640 891 quo
1676 821 1906 876 Romani
1947 820 2052 872 im-

476 917 684 984 perium
732 916 1082 985 accipientes,
1129 916 1309 986 magni
1359 916 1659 970 sacerdotis
1708 917 1945 970 tunicam
1995 914 2050 969 in

474 1008 637 1064 domo
677 1009 825 1062 saxis
871 1007 1136 1063 aediﬁcata
1173 1009 1276 1064 sub
1310 1009 1847 1079 sigilloincluserunt
1877 1010 1974 1081 (l).
2026 1027 2046 1060 ι

542 1275 750 1342 Quibus
797 1277 959 1342 igitur
987 1276 1291 1331 certissime
1321 1285 1488 1345 patet,
1520 1278 1794 1347 praedictis
1822 1287 2046 1352 ,tempo-

472 1368 624 1423 ribus
672 1369 983 1437 prophetias
1028 1368 1279 1437 impletas
1326 1367 1517 1422 fuisse.
1567 1369 1722 1434 Quod
1758 1371 1801 1424 si
1839 1387 1944 1426 non
1978 1373 2044 1429 iis

471 1460 846 1513 consentirent
892 1458 1223 1519 circumcisi,
1271 1459 1592 1526 postulanda
1641 1468 1786 1514 esset
1849 1463 1918 1516 ab
1978 1464 2044 1518 iis

474 1549 578 1603 alia
634 1563 697 1602 ac
734 1557 920 1602 nostra
961 1549 1124 1616 hujus
1170 1547 1464 1617 Scriptura:
1503 1550 1604 1604 loci
1646 1552 2041 1622 interpretatio,

474 1648 637 1708 atque
670 1640 736 1693 iis
764 1640 1244 1693 demonstrandum
1285 1640 1439 1708 juxta
1465 1641 1608 1710 ipsos
1647 1644 1930 1700 mendacio
1957 1661 2045 1700 ar-

469 1741 705 1800 guantur
743 1745 966 1784 necesse
994 1737 1076 1785 est
1114 1730 1379 1784 Gabrielis
1415 1733 1812 1800 praedictiones,
1845 1736 1889 1790 si
1923 1739 2046 1790 nul-

473 1821 558 1874 lus
595 1834 864 1872 annorum
917 1819 984 1873 ab
1027 1834 1091 1873 eo
1152 1834 1324 1888 usque
1364 1819 1432 1872 ad
1477 1820 1579 1874 hoc
1618 1823 1882 1891 temporis
1935 1824 2044 1879 fere

472 1910 728 1974 millium,
780 1924 917 1978 quos
965 1910 1371 1979 praznuntiavit,
1417 1909 1594 1964 adhuc
1648 1914 1908 1968 evenerit.
1943 1912 2047 1966 Ve-

471 2016 593 2054 rum
640 2001 797 2055 nobis
849 2009 1032 2071 aperte
1078 2016 1240 2055 verus
1285 2017 1466 2057 sermo
1521 2003 1851 2068 ostenditur,
1891 2006 2043 2074 juxta

471 2095 715 2149 sinceras
748 2109 885 2162 quas
920 2094 1248 2162 protulimus
1287 2095 1796 2165 interpretationes:
1830 2105 1884 2152 et
1918 2112 2042 2151 cum

471 2185 538 2240 iis
603 2193 964 2254 congruenter
1020 2184 1262 2239 indicare
1301 2185 1456 2240 facile
1496 2190 1599 2241 erit
1639 2188 1909 2256 quomodo
1945 2203 2044 2257 po-

466 2291 669 2332 Strema
708 2287 831 2346 post
882 2277 1017 2330 alias
1057 2277 1393 2332 hebdomada
1442 2293 1548 2331 una
1584 2280 1920 2332 conﬁrmavit
1951 2296 2046 2349 pa-

466 2379 615 2423 ctum
675 2369 894 2432 multis,
944 2368 1151 2423 Novum
1192 2369 1445 2426 salutaris
1499 2371 1898 2440 praedicationis
1941 2373 2046 2428 Te-

467 2468 828 2522 stamentum,
869 2459 1231 2530 diﬂusumque
1292 2477 1388 2532 per
1455 2465 1762 2519 universam
1805 2475 2039 2528 terram,

465 2566 568 2605 nec
593 2551 718 2628 jam
757 2553 848 2605 uni
894 2552 994 2606 soli
1038 2551 1347 2606 Judaeorum
1398 2555 1578 2623 genti,
1634 2556 1727 2610 sed
1775 2568 1829 2612 et
1872 2559 2042 2628 pluri-

464 2643 567 2697 bus
621 2643 1022 2706 annuntiatum,
1054 2645 1127 2696 ita
1176 2653 1233 2698 ut
1270 2645 1389 2699 ideo
1442 2647 1747 2702 diceretur:
1787 2669 1804 2700 ι
1834 2649 2043 2704 Conﬁr-

462 2734 633 2787 mabit
654 2742 870 2803 pactum
895 2735 1076 2788 multis
1101 2735 1436 2792 hebdomada
1461 2755 1586 2792 una.
1631 2759 1648 2791 ι
1686 2741 2040 2797 Animadver-

461 2823 687 2876 tendum
709 2831 793 2878 est
815 2825 957 2894 quod
978 2840 1084 2878 non
1099 2825 1360 2880 continuo
1377 2828 1599 2898 reliquis
1617 2831 2042 2888 hebdomadibus

463 2923 738 2984 postrema
769 2916 1106 2970 hebdomade
1138 2933 1243 2970 una
1257 2919 1520 2984 succedit,
1540 2937 1700 2990 quam
1721 2922 1885 2978 refert
1903 2923 2043 2979 Seri-

463 3015 623 3076 ptura
655 3008 1095 3062 conﬁrmaturam
1126 3026 1247 3064 esse
1277 3019 1492 3079 pactum
1523 3015 1727 3070 multis.
1759 3016 1875 3071 Non
1895 3021 2040 3074 enim

464 3099 717 3154 similiter
755 3100 812 3153 in
855 3109 1058 3168 septem
1093 3110 1145 3154 et
1186 3104 1466 3172 sexaginta
1501 3104 1714 3162 duabus
1756 3109 2040 3164 hebdoma-

2157 548 2354 601 τωνίαν
2382 547 2537 602 καλεῖ
2555 547 2744 616 ὄνομα,
2773 546 2864 598 καὶ
2889 543 2986 615 τὴν
3009 542 3197 612 στολὴν
3221 541 3316 612 τὴν
3342 543 3730 612 ἀρχιερατικὴν

2159 640 2348 710 ῶσπερ
2397 639 2492 692 καὶ
2539 637 2804 707 λαμϐάνει
2834 636 2959 706 τῇδε
3016 633 3273 704 κειμένην
3323 635 3590 701 κατεῖχεν,
3643 650 3734 684 πι-

2161 732 2365 784 στεύων
2383 732 2531 784 οὑδὲν
2561 734 2865 800 νεωτεριεῖν
2892 729 2980 782 ἐπ’
3001 726 3148 796 αὑτῴ
3173 725 3264 778 τὸν
3293 724 3418 778 λαὸν
3439 726 3504 779 δι’
3534 726 3727 796 αὐτήν.

2162 825 2440 895 Ἐπρασσε
2468 822 2525 874 δέ
2545 822 2614 874 τά
2647 823 2806 891 ὃμοια
2832 820 2910 890 τῷ
2952 820 3166 891 Ἡρώδῃ
3187 819 3282 872 καὶ
3307 819 3335 869 6
3366 818 3732 870 ἐπικαταστα-

2157 912 2270 976 θεὶς
2301 913 2448 982 αὐτῷ
2471 912 2719 982 βασιλεὺς
2756 911 3062 980 Ἀρχέλαος,
3094 909 3206 971 υἱὸς
3232 907 3326 970 ὢν,
3359 907 3484 976 παρ’
3513 903 3573 960 οὗ
3605 906 3733 960 Ῥω-

2163 1009 2311 1076 μαῖοι
2345 1004 2715 1074 διαδεξάμενοι
2761 1003 2859 1072 τὴν
2891 1003 3064 1072 ἀρχὴν
3095 1000 3357 1070 ἐκράτουν
3390 999 3488 1067 τῆς
3537 999 3649 1050 στο)
3662 998 3731 1066 ῆς

2149 1091 2244 1144 τοῦ
2275 1091 2574 1162 ἀρχιερέως
2598 1089 2964 1160 ἀποκειμένης
2998 1091 3054 1141 ἐν
3099 1088 3231 1158 οἴκῳ
3255 1087 3401 1138 λίθου
3444 1086 3729 1157 οἰκοδομη-

2149 1182 2299 1235 θέντι
2321 1183 2424 1235 ὑπὸ
2450 1182 2724 1252 σφραγῖδι.
2753 1201 2771 1233 θ

2233 1276 2327 1327 Ἐκ
2359 1274 2422 1345 δὴ
2454 1273 2657 1326 τούτων
2690 1272 3087 1342 ἀναμφίλεκτος
3121 1270 3314 1339 γένοιτ’
3365 1269 3430 1322 ἂν
3459 1267 3732 1332 ἀπόδειξις

2148 1368 2230 1422 ὅτι
2260 1366 2323 1437 δὴ
2367 1365 2507 1418 κατὰ
2535 1367 2660 1427 τοὺς
2697 1364 3058 1436 δηλουμένους
3102 1363 3323 1432 χρόνους
3365 1361 3434 1414 τὰ
3466 1362 3564 1432 τῆς
3593 1378 3730 1432 προ-

2151 1459 2376 1527 φητείας
2410 1455 2758 1527 περιγραφῆς
2791 1455 2995 1525 ἔτυχεν·
3031 1459 3080 1508 εἰ
3125 1456 3182 1507 δέ
3215 1455 3288 1525 μὴ
3326 1454 3735 1523 συνομολογοίεν

2150 1550 2358 1612 τούτοις
2383 1551 2430 1600 oi.
2471 1550 2534 1599 ἐκ
2563 1547 2881 1618 περιτομῆς,
2913 1546 3160 1615 αἰτητέον
3185 1546 3380 1607 αὐτοὺς
3407 1545 3596 1615 ἑτέραν
3623 1565 3732 1600 πα-

2155 1641 2224 1712 ρὰ
2255 1641 2353 1710 τὴν
2383 1640 2655 1710 ἡμετέραν
2686 1637 2784 1705 τῆς
2815 1638 3035 1709 Γραφῆς
3066 1638 3333 1708 διήγησιν,
3368 1637 3463 1690 καὶ
3494 1637 3730 1690 δεικτέον

2151 1731 2226 1792 ὡς
2250 1729 2354 1800 ἀρα
2383 1730 2500 1782 κατ’
2534 1729 2729 1791 αὐτοὺς
2757 1728 2968 1797 ψευδεῖς
3001 1731 3212 1796 ἀνάγκη
3239 1728 3336 1790 τάς
3363 1728 3456 1780 τοῦ
3482 1728 3731 1796 τηλικού-

2148 1836 2240 1872 του
2269 1817 2507 1888 Γαϐριῆλ
2538 1819 2932 1889 ἀπελέγχεσθαι
2963 1820 3314 1890 προρρήσεις,
3349 1821 3396 1870 εἰ
3427 1819 3588 1888 μηδὲν
3615 1818 3729 1871 τῶν

2152 1912 2770 1982 προαναπεφωνημένων
2801 1912 2858 1978 ἐξ
2889 1913 3097 1965 ἐκείνου
3128 1913 3220 1963 καὶ
3245 1913 3321 1974 εἰς
3346 1910 3503 1981 δεῦρο
3541 1911 3729 1980 χιλίων

2151 2002 2247 2072 ἤδη
2298 2001 2700 2071 πλησιαζόντων
2742 2001 2878 2054 ἐτῶν
2927 2003 3233 2072 γεγένηται.
3305 2003 3441 2054 Ἀλλ’
3490 2003 3620 2072 ἡμῖν
3661 2019 3729 2070 γε

2152 2094 2336 2163 σαφῶς
2375 2085 2584 2165 ἀληθὴς
2611 2096 2638 2146 6
2666 2094 2822 2162 λόγος
2865 2095 3243 2148 ἀποδείκνυται
3269 2094 3410 2146 κατὰ
3439 2094 3534 2157 τὰς
3565 2094 3730 2148 ἀϐιάο

2152 2202 2288 2248 στως
2337 2186 2732 2256 παρατεθείσας
2765 2188 2897 2256 ἡμῖν
2942 2186 3237 2256 διηγήσεις,
3288 2181 3375 2249 αἷς
3421 2186 3730 2251 ἀκολούθως

2149 2277 2371 2347 εὐχερὲς
2416 2277 2704 2330 ἀποδοῦναι
2743 2277 2866 2333 τίνα
2917 2277 3114 2348 τρόπον
3149 2278 3242 2329 καλ⁵
3285 2280 3316 2348 ἡ
3369 2276 3504 2347 μετά
3549 2278 3728 2340 πάσας

2150 2370 2352 2440 ὑστάτη
2381 2370 2747 2440 ἐπιφερομένη
2775 2369 3010 2440 ἑϐδομὰς
3055 2370 3151 2439 μία
3181 2369 3579 2440 ἐνεδυνάμωσεν
3605 2371 3728 2424 δια-

2150 2460 2321 2532 θήκην
2373 2461 2583 2524 πολλοῖς
2607 2501 2622 2525 ,
2665 2461 2762 2532 τὴν
2796 2462 3000 2530 Καινὴν
3038 2459 3306 2530 Διαθήκην
3330 2462 3420 2513 τοῦ
3456 2461 3727 2532 σωτηρίου

2149 2553 2520 2624 κηρύγματος,
2551 2555 2649 2623 τὴν
2697 2553 2790 2605 ἐπὶ
2836 2554 3015 2605 πᾶσαν
3047 2553 3376 2605 διαδοθείσαν
3418 2554 3514 2622 τὴν
3549 2553 3729 2605 οἰκου-

2151 2645 2335 2715 μένην,
2371 2645 2463 2698 καὶ
2493 2644 2674 2697 οὐκέτι
2703 2645 2800 2714 μὲν
2833 2644 2911 2696 ἑνὶ
2948 2644 3091 2713 μόνῳ
3121 2642 3198 2712 τῷ
3251 2642 3516 2696 Ἰουδαίων
3559 2643 3726 2706 ἔθνει,

2147 2735 2260 2788 ἀλλ’
2287 2735 2387 2805 ἥδη
2415 2736 2509 2787 καὶ
2539 2735 2746 2787 πλείοσι
2775 2734 3158 2804 κηρυχθεῖσαν,
3183 2732 3309 2785 ὥστ’
3356 2733 3421 2786 ἂν
3454 2732 3542 2786 διά
3570 2733 3729 2786 τοῦτο

2147 2828 2395 2898 εἰρῆσθαι
2453 2827 2546 2879 καὶ
2604 2827 2685 2888 τὸ,
2748 2845 2766 2876 ι
2807 2825 3124 2896 Δυναμώσει
3185 2825 3457 2896 Διαθὴκην
3511 2825 3727 2890 πολλοῖς

2147 2919 2377 2988 ἑϐδομὰς
2409 2918 2526 2988 μία.
2566 2937 2583 2968 ι
2623 2917 2943 2986 Ἐπιστῆσαι
2981 2917 3036 2969 δὲ
3071 2916 3307 2983 εὔλογον,
3343 2917 3425 2970 ὅτι
3473 2917 3547 2986 μὴ
3598 2917 3726 2985 ἑξῆς

2145 3014 2262 3074 ταῖς
2286 3010 2497 3073 λοιπαῖς
2525 3009 2812 3080 ἑϐδομάσιν
2840 3009 3174 3079 ήτελευταία
3205 3009 3437 3078 ἑϐδομὰς
3473 3009 3571 3078 μία
3601 3025 3729 3061 συν-

2145 3103 2333 3174 ῆπται,
2368 3103 2436 3172 ἦν
2469 3120 2628 3174 φησιν
2673 3105 2701 3156 6
2742 3102 2897 3170 λόγος
2927 3101 3266 3172 δυναμὼσειν
3307 3103 3580 3172 Διαθηκην
3612 3103 3728 3163 τοῖς

463 3189 645 3255 dibus,
684 3199 849 3261 atque
875 3192 926 3244 in
961 3207 1066 3245 una
1097 3191 1243 3248 fecit.
1283 3192 1340 3248 In
1381 3196 1658 3266 prioribus
1694 3201 1838 3253 enim
1873 3183 2036 3260 totius

2145 3196 2377 3258 πολλοῖς·
2410 3197 2469 3248 οὐ
2505 3196 2612 3266 γὰρ
2635 3195 2710 3258 ὼς
2738 3196 2830 3248 ἐπὶ
2855 3194 2962 3247 τῶν
2989 3195 3032 3258 ζ’
3059 3195 3151 3248 καὶ
3181 3194 3256 3264 ξβ’
3291 3194 3599 3264 ἑϐδομάδων
3627 3195 3724 3246 καὶ

461 3281 726 3351 temporis
745 3298 1031 3336 numerum
1061 3285 1317 3353 partitus,
1358 3288 1500 3342 inter
1527 3297 1731 3359 septem
1751 3294 2040 3364 statimque

462 3372 744 3442 sexaginta
765 3372 900 3427 duas
933 3373 1299 3431 hebdomades
1328 3387 1472 3434 recte
1502 3390 1719 3450 tempus
1740 3385 2034 3452 ordinavit,

461 3471 669 3532 septem
712 3474 906 3535 aptans
941 3468 1218 3536 sexaginta
1259 3467 1495 3534 duabus,
1528 3473 1678 3526 nullo
1713 3474 2038 3544 interposito

460 3557 722 3624 temporis
741 3560 937 3626 spatio,
965 3557 1038 3610 ita
1067 3566 1124 3612 ut
1151 3560 1340 3614 harum
1362 3561 1765 3619 hebdomadum
1793 3567 2037 3624 historiae

459 3647 848 3703 concordantia
882 3651 1029 3704 nullo
1061 3652 1322 3717 temporis
1345 3655 1638 3709 intervallo
1670 3655 2034 3728 frangeretur,

459 3735 545 3790 vel
602 3735 1029 3808 disjungeretur.
1067 3739 1265 3794 Verum
1307 3742 1364 3795 in
1401 3742 1502 3797 hac
1534 3760 1640 3798 una
1699 3747 2034 3805 hebdomade

459 3842 720 3896 magnum
755 3829 1028 3899 quoddam
1066 3831 1212 3886 subit
1241 3832 1559 3900 discrimen,
1598 3853 1794 3908 magna
1823 3841 2031 3897 dilatio.

463 3916 677 3971 Etenim
713 3926 837 3988 post
872 3919 1244 3976 hebdomades
1276 3925 1560 3992 sexaginta
1601 3925 1758 3989 duas,
1795 3927 2031 3997 primum

458 4007 628 4063 dicit:
669 4027 686 4059 ι
721 4009 1010 4064 Occidetur
1032 4012 1275 4068 christus
1305 4024 1359 4070 et
1385 4016 1654 4085 judicium
1693 4033 1803 4071 non
1851 4029 1936 4075 est
1977 4021 2031 4074 in

455 4112 522 4151 eo
563 4098 644 4161 ³⁵;
675 4117 694 4148 ι
729 4099 873 4168 quod
907 4100 1194 4156 manifeste
1226 4101 1458 4159 Herodis
1491 4106 1830 4176 temporibus
1882 4109 2031 4162 exitu

456 4191 744 4260 probatum
768 4199 880 4256 est;
907 4192 1031 4245 dein
1057 4194 1276 4262 subjicit
1311 4213 1325 4250 :
1373 4213 1390 4245 ι
1416 4194 1477 4248 Et
1501 4197 1781 4253 civitatem
1805 4206 1859 4253 et
1901 4215 2032 4254 san-

454 4269 729 4334 ctua'rium
754 4280 1040 4352 dissipabit
1076 4286 1308 4353 populus
1345 4302 1467 4340 cum
1485 4288 1622 4344 duce
1650 4298 1900 4344 venturo.
1935 4292 1979 4322 ³⁸
2004 4311 2022 4344 ι

455 4370 591 4436 Quis
626 4380 803 4427 autem
834 4375 1145 4444 dissipabit,
1175 4378 1280 4433 nisi
1315 4378 1621 4434 animarum
1646 4383 1816 4450 pestis
1839 4382 2030 4437 diabo-

455 4463 577 4518 lus?
607 4463 741 4529 Quis
774 4463 884 4518 dux
915 4475 1001 4521 est
1030 4476 1316 4530 venturus,
1345 4471 1449 4524 nisi
1483 4475 1575 4541 qui
1610 4474 1821 4542 primus
1845 4490 1873 4529 e
1896 4491 2026 4544 gen-

2143 3289 2236 3340 ἐπὶ
2262 3287 2360 3356 τῆς
2393 3289 2520 3357 μιᾶς
2554 3289 2868 3358 πεποίηκεν·
2902 3289 2988 3340 ἐπ’
3016 3289 3237 3340 ἐκείνων
3252 3288 3350 3356 μὲν
3377 3287 3504 3357 γὰρ,
3536 3286 3724 3339 διελὼν

2139 3378 2234 3432 τοῦ
2269 3381 2469 3444 παντὸς
2492 3380 2682 3452 χρόνου
2712 3381 2804 3433 τὸν
2828 3379 3058 3452 ἀριθμὸν
3082 3381 3161 3443 εῖς
3187 3396 3246 3432 τε
3274 3379 3373 3442 τὰς
3405 3379 3450 3443 ζ’
3479 3380 3573 3433 καὶ
3593 3377 3724 3448 ἑξῆς

2137 3471 2235 3536 τὰς
2285 3471 2364 3543 ξβ⁹
2400 3472 2717 3542 ἑϐδομάδας,
2750 3472 3098 3542 συνημμένην
3146 3473 3436 3540 πεποίηται
3462 3470 3558 3541 τὴν
3587 3471 3724 3523 διαί-

2139 3578 2308 3631 ρεσιν,
2339 3565 2457 3624 ταῖς
2483 3561 2525 3625 ζ’
2544 3560 2642 3623 τὰς
2667 3559 2745 3630 ξβ¹
2771 3561 3026 3629 συνάψας,
3053 3560 3146 3612 καὶ
3175 3559 3374 3628 μηδένα
3396 3559 3583 3629 χρόνον
3613 3576 3722 3628 μη-

2134 3653 2191 3705 δὲ
2224 3653 2419 3723 πρᾶξιν
2451 3652 2651 3723 μεταξὺ
2681 3651 2996 3706 καταλιπὼν
3014 3692 3029 3715 ,
3076 3653 3157 3704 ὅτι
3195 3651 3314 3721 μηδ’
3342 3650 3640 3722 ἑμφέρεταί
3669 3668 3722 3704 τι.

2134 3743 2425 3814 διάλειμμα
2453 3744 2644 3814 χρόνον
2673 3742 2915 3814 διαιροῦν
2945 3744 3038 3796 καὶ
3059 3742 3405 3810 διαζευγνύον
3430 3742 3490 3794 τὸ
3517 3759 3734 3811 συνημο,

2137 3835 2295 3906 μένον
2327 3835 2424 3904 τῆς
2456 3837 2576 3888 κατ’
2610 3835 2825 3898 ἐκείνας
2852 3834 2950 3898 τὰς
2979 3835 3278 3904 ἑϐδομάδας
3302 3833 3564 3904 ἱστορίας.
3594 3834 3721 3886 Ἐπὶ

2131 3927 2189 3980 δὲ
2230 3929 2329 3997 τῆς
2359 3929 2762 3999 ἐπιφερομένης
2793 3927 3084 3998 ἑϐδομάδος
3113 3928 3241 3997 μιᾶς
3273 3927 3458 3996 μακρά
3499 3943 3584 3988 τις
3625 3928 3721 3978 καὶ

2132 4019 2592 4091 ἀπεσχοινισμένη
2650 4020 2904 4088 τυγχάνει
2957 4019 3228 4088 διαστολή.
3284 4016 3438 4071 Μετά
3482 4016 3589 4087 γὰρ
3616 4018 3720 4080 τάς

2131 4111 2426 4181 ἑϐδομάδας
2454 4111 2552 4174 τὰς
2583 4111 2656 4180 ξβ¹
2685 4111 2899 4182 πρῶτόν
2935 4127 3116 4180 φησιν’
3169 4129 3187 4160 ι
3242 4108 3716 4178 Ἐξολοθρευθήσε-

2129 4221 2219 4256 ται
2263 4204 2463 4275 χρίσμα
2486 4243 2501 4268 ,
2532 4205 2622 4257 καί
2667 4209 2838 4276 κρῖμα
2874 4205 2972 4256 οὐκ
2997 4203 3141 4258 ἔστιν
3175 4204 3232 4254 ἑν
3266 4200 3430 4272 αὐτῷ,
3469 4221 3486 4252 ›
3544 4201 3572 4252 ὃ
3623 4200 3719 4254 καὶ

2132 4297 2394 4366 πρόδηλον
2421 4297 2543 4350 τίνα
2575 4299 2776 4368 τρόπον
2810 4295 2983 4367 πέρας
3013 4295 3235 4365 εἴληφεν
3277 4296 3369 4347 ἐπὶ
3397 4293 3505 4346 τῶν
3539 4291 3717 4363 Ἡρώ-

2129 4386 2219 4438 δου
2249 4389 2474 4458 χρόνωνσ
2512 4385 2631 4442 εἶτά
2657 4405 2806 4457 φησιο
2852 4407 2870 4438 ι
2913 4389 3022 4441 Καὶ
3056 4388 3153 4458 τὴν
3181 4387 3332 4439 πόλιν
3360 4387 3453 4438 καὶ
3479 4385 3540 4437 τὸ
3563 4385 3716 4452 ἀγιον

2128 4478 2410 4550 διαφθερεῖ
2443 4481 2536 4533 σὺν
2569 4480 2646 4550 τῷ
2683 4480 2746 4550 (f.
2791 4479 2879 4543 42,
2917 4481 2996 4537 νο)
3043 4479 3333 4549 ἡγουμένῳ
3369 4476 3444 4547 τῷ
3482 4475 3713 4548 ἐρχομέ-

454 4555 604 4610 tibus
653 4557 734 4610 eis
781 4558 1066 4626 praefectus
1114 4569 1201 4615 est
1252 4559 1517 4626 Herodes,
1564 4579 2022 4636 successoresque

2142 4585 2248 4635 up.»
2311 4569 2487 4631 Τίςδέ
2551 4570 2890 4642 διαφθερεῖῆ
2927 4569 3034 4622 τῶν
3064 4569 3249 4639 ψυχῶν
3308 4570 3336 4620 6
3393 4567 3715 4638 διαφθορεὺς

454 4649 575 4718 ejus
604 4650 697 4720 qui
736 4667 880 4706 nunc
931 4668 1104 4721 usque
1136 4651 1448 4710 Iudaeorum
1483 4663 1762 4724 sceptrum
1797 4674 2025 4730 accepe-

452 4740 624 4793 runt?
654 4739 806 4794 Sicut
844 4744 1008 4812 igitur
1035 4744 1296 4812 pristinos
1330 4747 1514 4816 populi
1554 4747 1740 4812 duces,
1797 4765 2022 4821 magnos

455 4832 665 4886 scilicet
705 4835 1019 4889 sacerdotes
1058 4855 1076 4887 ι
1116 4837 1389 4892 christuni
1416 4838 1606 4893 ducem
1669 4859 1686 4892 ι
1735 4842 2022 4912 allegorice

453 4923 671 4977 vocavit
701 4925 1008 4995 prephetia,
1047 4927 1122 4981 ita
1157 4929 1281 4982 illos
1313 4927 1427 4998 qui,
1459 4930 1735 4998 prioribus
1767 4936 2018 4998 sublatis,

453 5026 484 5065 e
512 5013 700 5082 gentili
731 5031 926 5084 genere
960 5019 1125 5073 rebus
1157 5019 1511 5088 praefuerunt,
1547 5038 1566 5070 ‹
1605 5021 1798 5078 ducem
1825 5033 2023 5079 ventu-

453 5116 575 5157 rum
609 5122 628 5156 ι
659 5107 978 5173 nominavit,
1008 5109 1198 5165 dicens
1231 5128 1243 5162 :
1286 5128 1304 5161 ι
1363 5113 1428 5165 Et
1487 5113 1762 5168 civitatem
1808 5125 1861 5170 et
1892 5131 2022 5170 san-

451 5192 722 5246 ctuarium
756 5195 1045 5266 dissipabit
1100 5200 1333 5268 populus
1371 5217 1491 5256 cum
1527 5204 1664 5260 duce
1705 5215 1966 5273 venturo;
1999 5227 2017 5259 ι

450 5281 595 5351 quod
634 5282 849 5353 quidem
882 5287 1127 5356 apertius
1166 5290 1361 5358 Aquila
1392 5293 1720 5362 signiﬁcavit
1753 5296 1854 5351 hoc
1903 5311 2020 5351 mo-

451 5369 543 5435 do,
575 5388 594 5422 ι
637 5369 703 5424 Et
737 5373 1012 5429 civitatem
1069 5388 1122 5431 et
1170 5383 1546 5436 sanctuarium
1592 5383 1882 5455 dissipabit
1925 5401 2023 5456 po-

451 5459 613 5528 pulus
645 5461 802 5518 ducis
847 5466 1082 5521 venturi.
1122 5487 1141 5518 ›
1175 5470 1525 5540 Compertum
1559 5483 1644 5528 est
1692 5475 1837 5530 enim
1885 5491 2023 5546 quo-

530 5572 573 5604 ⁸³
614 5574 749 5630 Dan.
785 5593 864 5640 Ix,
890 5578 980 5634 26.
1056 5581 1104 5613 ³⁸
1145 5582 1276 5640 ibid.

533 5684 609 5746 (Ι)
643 5684 864 5748 Ioseph.
892 5692 1066 5754 Antio.
1100 5712 1255 5760 xvm,
1287 5700 1342 5759 4,
1369 5701 1448 5765 5.,

2133 4661 2414 4726 διάϐολος;
2484 4664 2579 4725 Τίς
2627 4663 2684 4716 δὲ
2755 4663 3046 4734 ἐρχόμενος
3112 4661 3414 4730 ἡγούμενος
3482 4659 3515 4730 ἢ
3568 4662 3595 4712 ὁ
3653 4658 3715 4724 ἐξ

2131 4751 2298 4804 ἐθνῶν
2352 4752 2564 4824 πρῶτος
2612 4753 2790 4805 αὐτῶν
2821 4753 3168 4823 ἡγησάμενος
3201 4751 3469 4822 Ἡρώδης,
3518 4749 3612 4802 καὶ
3662 4751 3712 4801 oi

2133 4845 2248 4912 μετ’
2282 4844 2444 4896 αὐτὸν
2476 4845 2554 4906 εἰς
2584 4843 2744 4915 δεῦρο
2785 4845 2881 4913 τὴν
2929 4845 3070 4897 κατὰ
3118 4843 3382 4897 Ἰουδαίων
3416 4842 3713 4911 ἠγεμονίαν

2128 4932 2491 5004 διειληφότες;
2531 4934 2737 5004 Ὥσπερ
2780 4935 2910 5003 γοῦν
2943 4935 3068 4996 τοὺς
3120 4933 3286 4986 πάλαι
3334 4932 3512 4984 αὐτῶν
3545 4933 3706 5001 ἡγου-

2134 5025 2323 5094 μένους
2352 5026 2624 5097 ἀρχιερεῖς
2655 5045 2673 5076 ι
2696 5027 2915 5096 χριστὸν
2931 5026 3227 5096 ἡγούμενον
3254 5045 3271 5074 ι
3295 5021 3712 5093 αἰνιγματωδῶς

2131 5121 2422 5188 προσεῖπεν
2453 5121 2486 5189 ἡ
2511 5119 2834 5191 προφητεία,
2875 5119 2964 5171 τὸν
2996 5117 3156 5170 αὑτὶν
3181 5118 3376 5188 τρόπον
3407 5116 3532 5178 τοὺς
3571 5114 3714 5184 μετὰ

2127 5209 2226 5279 τὴν
2259 5210 2480 5262 ἐκείνων
2516 5211 2858 5263 κατάπαυσιν
2896 5208 2956 5274 ἐξ
3007 5209 3174 5262 ἐθνῶν
3203 5208 3382 5261 αὐτῶν
3436 5208 3712 5278 ἄρξαντας

2133 5317 2150 5348 ι
2174 5299 2462 5369 ἐρχόμενον
2487 5301 2815 5372 ἡγούμενον»
2841 5300 3264 5372 προσηγόρευσε,
3291 5299 3524 5370 φήσασα”
3553 5316 3571 5346 ι
3600 5297 3712 5349 Καὶ

2129 5388 2226 5459 τὴν
2291 5389 2443 5443 πόλιν
2499 5392 2594 5444 καὶ
2639 5391 2699 5444 τὸ
2757 5390 2909 5458 ἅγιον
2959 5389 3236 5460 διαφθερεῖ
3279 5389 3375 5441 σὺν
3424 5385 3504 5457 τῷ
3540 5387 3708 5458 ἡγου-

2134 5480 2283 5552 μένῳ
2337 5481 2412 5554 τῷ
2457 5482 2754 5555 ἐρχομένῳ·
2789 5503 2808 5536 ›
2849 5484 2984 5556 ὅπερ
3018 5481 3347 5554 σαφέστερον
3390 5481 3418 5533 6
3475 5476 3710 5540 Ἀκύλας
