4100 6424
378 339 516 397 “89

1358 339 1651 395 ECLOGIE
1692 341 2411 401 PROPHETICE.—LIB.
2451 342 2546 398 ῙΠ.

3504 351 3643 409 1190

378 458 640 514 ἐκδέδωκε
694 458 960 529 ποιήσας,
999 475 1017 508 ι
1051 457 1161 510 Kui
1207 456 1307 528 τὴν
1358 458 1512 511 πόλιν
1562 461 1655 514 xui
1699 461 1760 514 τὸ
1810 462 1955 530 ἅγιοι

2069 460 2230 515 modo
2301 461 2537 531 populus
2603 458 2991 529 exercitusque
3060 459 3292 516 istorum
3356 463 3453 534 qui
3517 476 3649 535 post

374 551 651 622 διαφθερεῖ
707 551 835 614 λαὸς
881 550 1185 621 ἡγουμένου
1237 550 1555 622 ἐρχομένου.
1584 572 1601 604 ι
1651 554 1759 606 Καὶ
1820 556 1956 627 πρό-

375 645 533 716 δηλον
581 646 730 709 ὅπως
777 646 806 697 6
850 643 976 707 λαὸς
1027 645 1122 697 xui
1166 644 1194 696 6
1242 645 1470 714 στρατὸς
1509 644 1616 697 τῶν
1650 645 1786 716 μετὰ
1831 648 1959 710 τοὺς

376 738 628 808 χριστοὺς
677 736 1015 808 ἡγουμένους
1076 735 1173 806 τὴν
1241 736 1382 790 κατὰ
1460 736 1724 790 Ἰουδαίων
1783 738 1958 810 ἀρχὴν

374 828 769 901 διαδεξαμένων
828 828 886 896 ἐξ
939 829 1107 882 ἐθνῶν
1151 830 1470 900 ἡγουμένων
1497 872 1512 893 ,
1562 830 1744 902 νόμοις
1789 831 1957 886 ἐθνῶν

376 918 677 992 χρώμενος,
730 920 823 972 xui
872 920 971 989 τὴν
1011 919 1160 973 πόλιν
1209 922 1302 975 καὶ
1350 921 1410 973 τὸ
1453 920 1606 989 ἅγιον
1663 922 1955 994 διέφθειρε,

376 1011 472 1065 καὶ
502 1014 530 1064 6
560 1011 699 1064 κατὰ
739 1010 973 1065 διάνοιαν
1013 1011 1068 1064 δὲ
1111 1011 1217 1064 τῶν
1261 1011 1446 1083 ψυχῶν
1493 1012 1794 1085 ἡγούμενος
1830 1016 1958 1084 φθο-

378 1104 507 1174 ρεὺς
551 1104 646 1156 σὺν
696 1101 776 1172 τῷ
821 1102 1107 1173 ἡγουμένῳ
1156 1102 1233 1173 τῷ
1277 1104 1420 1157 κατὰ
1464 1104 1563 1175 τὴν
1619 1106 1957 1177 προφητείαν

376 1193 655 1263 ἐληλυθότι
700 1194 880 1247 πᾶσαν
913 1192 1116 1265 φθορὰν
1154 1195 1497 1266 ἐνηργήσατο
1528 1196 1677 1267 αὐτῷ
1725 1214 1784 1250 τε
1823 1198 1957 1269 πρό-

374 1303 530 1359 τερον
577 1287 656 1358 τῷ
701 1287 838 1359 λαῷ,
881 1290 1115 1352 καὶτοῖς
1160 1289 1259 1358 τὴν
1294 1289 1446 1344 πόλιν
1490 1290 1756 1344 ἐνοικοῦσι
1808 1292 1957 1345 πολί-

372 1393 512 1440 ταις,
552 1376 740 1431 ἔπειτα
784 1378 840 1430 δὲ
881 1380 978 1433 xui
1026 1380 1105 1450 τῷ
1147 1379 1264 1450 ναῷ
1304 1381 1398 1434 καὶ
1439 1385 1505 1453 τῇ
1554 1382 1718 1436 πάλαι
1768 1400 1954 1437 συντε-

373 1467 608 1541 λουμένῃ
634 1471 690 1522 ἐν
724 1468 872 1540 αύτῷ
902 1469 1144 1542 λατρεία.
1170 1471 1280 1524 Kui
1307 1471 1511 1544 ταύτην
1544 1490 1608 1542 γε
1647 1474 1827 1528 αἰτίαν
1857 1479 1954 1547 τῆς

375 1560 690 1629 παραυτίκα
761 1561 1136 1631 γεγενημένης
1198 1561 1292 1614 τοῦ
1356 1563 1593 1633 Χριστοῦ
1652 1565 1954 1636 παρουσίας

374 1648 747 1718 προσημαῖνόν
780 1666 880 1702 που
903 1648 1043 1703 θεῖον
1063 1649 1243 1719 λόγιόν
1284 1668 1466 1722 φησιν’
1498 1671 1516 1703 ι
1542 1653 1745 1724 Κύριος
1767 1655 1832 1707 ὲκ
1857 1654 1951 1708 τοῦ

373 1735 602 1809 οὐρανοῦ
627 1737 875 1808 διέκυψεν
908 1739 1001 1792 ἐπὶ
1039 1740 1164 1803 τοὺς
1191 1740 1340 1802 υἱοὺς
1369 1739 1477 1793 τῶν
1510 1740 1607 1793 ἀνθ
1618 1741 1835 1813 ρώπων,
1859 1740 1952 1796 τοῦ

378 1806 505 1882 ἰδεῖν
530 1828 579 1881 εἰ
618 1827 732 1881 ἔστι
782 1806 995 1890 συνιὼν,
1027 1829 1058 1900 ἢ
1088 1828 1334 1901 ἐκζητῶν
1387 1830 1479 1883 τὸν
1531 1806 1684 1884 Θεόν.
1741 1831 1951 1896 Πάντες
1986 1806 2026 1860 Β

374 1918 669 1986 ἐξέκλιναν,
703 1920 819 1991 ἅμα
841 1920 1248 1993 ἡχρειώθησαν,
1265 1923 1364 1976 οὐκ
1397 1922 1511 1977 ἔστι
1529 1922 1697 1977 ποιῶν
1720 1925 1954 1997 χρηστό-

372 2029 532 2083 τητα,
561 2014 660 2067 ούκ
692 2013 840 2067 ἔστιν
862 2015 967 2078 ἕως
993 2014 1128 2078 ἐνός.
1155 2034 1173 2066 ι
1211 2011 1326 2068 Εἴθ’
1350 2015 1424 2079 ὡς
1463 2015 1819 2088 διεφθορότων
1845 2019 1953 2070 τῶν

374 2104 866 2175 προδεδηλωμένων
882 2105 951 2158 τὰ
970 2105 1343 2177 διαληψόμενα
1363 2107 1559 2172 αὐτοὺς
1583 2109 1953 2181 προδιδάσκων

372 2198 402 2249 6
433 2195 589 2264 λόγος
612 2197 770 2268 φησί·
809 2217 827 2248 ‹
862 2197 973 2251 Καὶ
1009 2199 1339 2269 κοπήσονται
1364 2201 1423 2252 ἐν
1456 2199 1533 2270 τῷ
1561 2200 1950 2273 κατακλυσμῷ,

374 2286 469 2340 καὶ
499 2289 592 2341 ἐπὶ
619 2289 872 2350 τοσοῦτόν
902 2305 964 2357 γε
991 2290 1345 2360 κοπήσονται,
1367 2289 1471 2354 ἓως
1493 2290 1682 2355 τέλους
1715 2291 1952 2364 πολέμου

376 2380 814 2451 συντετμημένου
846 2382 1206 2451 ἀφανισμοῖς*
1231 2400 1249 2432 ι
1293 2381 1375 2434 ἔτι
1430 2382 1485 2434 δέ
1519 2383 1721 2437 τούτων
1770 2402 1955 2438 συντε-

373 2465 648 2538 λουμένων
675 2486 735 2521 τε
761 2469 855 2522 xui
877 2470 1304 2540 ἐνεργουμένων,
1332 2489 1349 2520 ι
1372 2472 1481 2524 Καὶ
1513 2472 1817 2543 δυναμώσει
1838 2474 1953 2527 δια-

375 2557 552 2629 θήκην
578 2559 793 2622 πολλοῖς
832 2559 1064 2630 έϐδομὰς
1119 2561 1237 2631 μία.
1264 2580 1282 2611 ι
1327 2560 1475 2632 Αῦτη
1508 2563 1552 2616 δ’
1583 2562 1649 2617 ἂν
1682 2565 1765 2636 εἴη
1800 2565 1952 2635 ἡτοῦ

376 2651 645 2722 σωτηρίου
681 2652 1056 2723 κηρύγματος,
1089 2653 1155 2706 δι’
1184 2648 1245 2708 οὗ
1272 2653 1373 2723 τῆς
1406 2655 1615 2725 Καινῆς
1646 2657 1746 2727 τὴν
1773 2657 1954 2728 παρά-

370 2742 516 2796 δοσιν
544 2743 818 2815 Διαθήκης
858 2744 887 2795 6
927 2745 1118 2818 Σωτὴρ
1148 2746 1242 2798 καὶ
1292 2745 1497 2818 Κύριος
1536 2747 1695 2817 ἡμῶν
1747 2747 1954 2818 Ἰησοῦς

372 2832 607 2904 Χριστὸς
656 2835 713 2885 ἐν
771 2833 984 2897 πολλοῖς
1034 2833 1449 2904 μαθητευθεῖσιν
1511 2836 1658 2908 αὐτῷ
1704 2837 1953 2892 ἐνεδυνά-

375 2938 558 2992 μωσεο
598 2924 720 2976 τοτὲ
755 2924 851 2993 μὲν
887 2924 994 2995 πρὸ
1036 2923 1131 2977 τοῦ
1175 2923 1379 2988 πάθους
1416 2923 1588 2978 συνὼν
1634 2927 1815 2988 αὐτοῖς
1861 2928 1954 2980 καὶ

374 3013 921 3085 συμπολιτευόμενος,
965 3018 1085 3068 τοτὲ
1110 3016 1167 3068 δὲ
1206 3017 1299 3069 xui
1335 3035 1352 3066 ‹
1385 3015 1524 3086 μετὰ
1552 3016 1651 3087 τὴν
1690 3018 1953 3089 ἀνάληψιν

368 3103 435 3156 δι’
457 3105 682 3176 ἡμερῶν
703 3112 752 3177 μ’
774 3107 1138 3177 ὀπτανόμενος
1160 3108 1342 3170 αύτοῖς
1360 3108 1453 3161 καὶ
1474 3107 1760 3172 συναυλιζό
1768 3126 1949 3179 μενος,
1979 3139 2020 3195 C

371 3194 467 3247 xui
487 3196 658 3265 λέγων
691 3197 760 3250 τὰ
796 3199 923 3269 περὶ
947 3201 1045 3269 τῆς
1069 3198 1346 3268 βασιλείας
1372 3200 1465 3252 τοῦ
1487 3199 1621 3253 Θεοῦ
1643 3218 1656 3231 ’
1684 3219 1702 3252 ι
1738 3200 1819 3254 διὸ
1852 3203 1947 3255 xui

377 3306 397 3338 ι
424 3291 803 3361 παρήγγελλεν
847 3293 1030 3357 αὐτοῖς
1065 3293 1171 3346 ἀπὸ
1214 3292 1601 3365 Ἱεροσολύμων
1656 3292 1730 3365 μὴ
1777 3294 1944 3366 χωρί-

372 3378 574 3442 ζεσθαι.
605 3400 623 3431 ι
670 3382 887 3452 Ταύτης
933 3383 990 3435 δὲ
1037 3387 1135 3454 τῆς
1183 3383 1475 3453 ἑϐδομάδος
1533 3385 1591 3439 ἐν
1635 3384 1713 3455 τῷ
1759 3385 1946 3456 ἡμίσει

370 3468 437 3523 δι’
458 3470 526 3542 ἢν
553 3472 818 3525 πέπονθεν
853 3474 958 3526 ὑπὸ
987 3474 1255 3528 Ἰουδαίων
1284 3475 1574 3546 ἐπιϐουλὴν
1607 3476 1702 3530 xui
1734 3476 1800 3530 τὰ
1820 3476 1949 3529 ἀκό-

369 3562 533 3617 λουθα
560 3567 658 3635 τῆς
700 3564 851 3629 θείας
883 3564 1174 3637 ἐπληρώθη
1205 3566 1593 3637 προρρήσεως·
1642 3569 1785 3638 ἀμφὶ
1818 3564 1948 3635 γεῦν

371 3653 440 3707 τὰ
462 3656 590 3725 τρία
618 3656 789 3727 ἥμισυ
831 3656 923 3728 ἐτη
965 3657 1209 3729 κηρύξας
1237 3657 1332 3711 xui
1366 3656 1473 3710 ἀπὸ
1509 3657 1748 3728 τῆςτῶν
1773 3659 1952 3727 Εὐαγ-

372 3742 566 3811 γελξων
598 3745 928 3816 παρίσταται
950 3746 1170 3818 γραφῆς
1189 3763 1202 3776 ·
1230 3745 1309 3799 διὸ
1338 3747 1581 3818 εἴρηται·
1614 3765 1633 3797 ι
1661 3747 1772 3799 Kui
1793 3748 1850 3799 ἐν
1874 3745 1951 3817 τῷ

2059 550 2299 607 christos
2356 551 2528 606 duces
2584 551 2639 605 in
2699 550 2919 606 Judaaos
2979 552 3270 623 imperium
3328 556 3641 634 obtinuere,

2057 641 2298 712 gentium
2359 657 2494 697 usus
2549 643 2783 713 legibus,
2833 644 3226 716 civitatemque
3278 654 3334 703 et
3380 659 3644 706 sanctua—

2058 732 2212 813 rium,
2262 733 2659 803 pessumdedit,
2702 743 2758 789 et
2804 737 3077 808 spirituali
3114 754 3279 794 sensu
3330 740 3641 798 animarum

2057 826 2217 895 quasi
2267 828 2437 895 pestis
2471 826 2671 893 factus,
2710 844 2834 882 cum
2883 830 3023 886 duce
3052 832 3170 901 qui,
3198 832 3358 902 juxta
3399 836 3641 906 prophe—

2056 911 2212 975 tiam,
2235 913 2626 981 jam-venerat,
2671 931 2886 971 omnem
2918 920 3219 987 perniciem
3254 921 3308 976 in
3341 926 3639 994 pristinum

2057 1005 2317 1074 pOpulum
2338 1014 2500 1075 atque
2530 1007 2585 1060 in
2601 1007 2837 1063 civitatis
2858 1009 3094 1073 incolas,
3123 1012 3249 1067 dein
3272 1015 3325 1068 in
3351 1017 3636 1086 templum,

2057 1102 2407 1165 veteremque
2467 1099 2674 1151 cultum
2726 1098 2781 1152 in
2834 1115 2899 1154 eo
2957 1102 3224 1157 usitatum
3278 1108 3635 1177 excogitavit.

2056 1183 2211 1240 Hauc
2236 1201 2366 1241 vero
2394 1201 2621 1241 causam
2650 1185 2855 1242 Christi
2913 1190 3311 1249 incarnationis
3355 1210 3477 1265 quae
3505 1213 3637 1267 pro-

2056 1277 2208 1333 tinus
2235 1278 2378 1332 facta
2408 1286 2514 1343 est,
2566 1279 2969 1349 quodammodo
3001 1287 3242 1341 ostendit
3269 1288 3456 1343 divina
3485 1289 3639 1345 Seri-

2059 1378 2217 1441 ptura
2240 1370 2435 1428 dicens
2476 1389 2491 1428 :
2545 1390 2564 1422 ι
2610 1371 2877 1429 Dominus
2905 1375 2971 1430 de
2999 1377 3141 1431 caelo
3166 1382 3449 1451 prospexit
3471 1399 3639 1455 super

2055 1462 2198 1518 ﬁlios
2228 1464 2538 1529 hominum,
2573 1472 2636 1519 ut
2657 1465 2839 1520 videat
2865 1465 2910 1521 si
2937 1475 3021 1521 est
3050 1468 3383 1542 intelligens,
3420 1482 3516 1533 aut
3545 1491 3635 1530 re-

2053 1555 2281 1625 quirens
2310 1554 2505 1610 Deum.
2538 1556 2742 1612 Omnes
2762 1557 3194 1626 declinaverunt,
3213 1564 3376 1618 simul
3406 1566 3634 1624 inutiles

2054 1645 2183 1702 facti
2215 1656 2345 1702 sunt
2374 1666 2392 1702 :
2435 1663 2546 1703 non
2589 1656 2675 1705 est
2709 1649 2804 1718 qui
2839 1650 3005 1706 faciat
3031 1653 3256 1720 bonum,
3292 1671 3403 1711 non
3427 1668 3511 1714 est
3535 1674 3632 1714 us-

2055 1754 2160 1807 que
2190 1740 2257 1793 ad
2286 1757 2457 1796 unum
2488 1742 2557 1797 ".
2591 1762 2610 1796 ι
2641 1742 2773 1799 Dein
2808 1746 2862 1800 in
2890 1746 3027 1801 istos
3054 1746 3121 1800 ad
3142 1747 3246 1801 hoc
3271 1749 3637 1820 corruptionis

2055 1832 2375 1901 provolutos
2404 1850 2527 1903 qua:
2556 1835 2816 1906 ingruant
2850 1838 3193 1894 calamitates
3217 1839 3456 1896 edocens
3484 1840 3637 1897 Scri-

2054 1930 2217 1990 ptura
2247 1922 2321 1976 ait
2353 1942 2364 1977 :
2398 1941 2416 1974 (
2455 1923 2521 1978 Ει
2555 1926 2678 1982 ﬁnis
2723 1926 2843 1996 ejus
2883 1928 3136 1993 vastitas,
3195 1939 3249 1984 et
3304 1943 3429 2000 post
3471 1931 3635 1989 ﬁnem

2054 2012 2184 2067 belli
2238 2022 2443 2069 statuta
2475 2016 2746 2071 desolatio
2778 2018 2844 2072 ³⁸.
2894 2038 2913 2072 ι
2954 2017 3087 2085 Qum
3134 2035 3258 2075 cum
3306 2023 3634 2089 acciderint,

2060 2122 2079 2155 ι
2113 2106 2456 2161 conﬁrmabit
2504 2122 2726 2179 pactum
2778 2112 2964 2166 multis
3032 2112 3373 2167 hebdomada
3440 2130 3569 2171 una.
3609 2133 3631 2167 ι

2055 2194 2170 2251 Hoc
2238 2213 2368 2252 vero
2432 2209 2649 2269 pactum
2724 2203 2859 2257 nihil
2912 2203 3058 2258 aliud
3111 2211 3195 2258 est
3259 2218 3323 2258 ac
3372 2205 3635 2263 salutaris

2056 2286 2371 2356 praedicatio
2404 2305 2511 2359 qua
2556 2289 2811 2347 Salvator
2850 2291 3225 2363 Dominusque
3252 2300 3442 2347 noster
3468 2292 3633 2351 Jesus

2056 2376 2309 2433 Christus
2338 2378 2750 2436 Testamentum
2788 2381 2997 2437 Novum
3029 2384 3083 2437 in
3121 2384 3308 2439 multis
3339 2384 3632 2455 discipulis

2057 2469 2172 2523 suis
2203 2468 2546 2523 conﬁrmavit
2579 2480 2732 2526 :tum
2769 2474 2987 2543 quidem
3021 2483 3148 2528 ante
3173 2477 3483 2544 passionem
3503 2491 3631 2531 cum

2055 2557 2137 2612 eis
2170 2557 2357 2616 vivens
2384 2576 2449 2614 ac
2479 2571 2864 2629 conversatus,
2904 2574 3020 2618 tum
3046 2580 3178 2619 vero
3210 2584 3228 2615 ι
3262 2574 3386 2635 post
3417 2566 3633 2636 passio-

2056 2665 2179 2703 nem
2213 2666 2368 2704 suam
2403 2668 2500 2722 per
2538 2653 2654 2709 dies
2684 2654 3043 2727 quadraginta
3074 2672 3346 2727 apparens
3390 2658 3472 2712 eis
3502 2673 3636 2713 con-

2054 2742 2314 2811 gregatis,
2373 2750 2426 2797 et
2476 2744 2705 2815 loquens
2755 2747 2822 2801 de
2872 2762 3041 2817 regno
3088 2746 3273 2803 Dei”.
3328 2766 3347 2799 ι
3399 2747 3636 2821 ideoque

2062 2850 2080 2882 ι
2120 2834 2378 2903 praecepit
2428 2836 2509 2891 eis
2555 2838 2623 2891 ab
2676 2836 3033 2909 Jerosolymis
3083 2855 3155 2896 ne
3184 2840 3554 2901 discederent.
3604 2861 3625 2894 ι

2054 2923 2231 2993 Hujus
2260 2941 2389 2979 vero
2411 2927 2770 2983 hebdomadis
2800 2930 2855 2983 in
2888 2930 3135 2995 dimidio,
3166 2938 3342 2987 morte
3372 2947 3535 3002 quam
3563 2933 3634 2988 ab

2054 3012 2261 3069 Iudaeis
2285 3031 2577 3086 perpessus
2613 3026 2717 3080 est,
2754 3020 2973 3088 impleta
2998 3029 3126 3075 sunt
3157 3022 3355 3076 divina:
3393 3022 3634 3092 prophe-

2056 3106 2145 3161 tiae
2170 3107 2379 3177 reliqua
2401 3126 2415 3175 ;
2446 3124 2568 3162 cum
2585 3110 2804 3178 quidem
2826 3128 2921 3181 per
2939 3121 3051 3167 tres
3066 3127 3239 3168 annos
3261 3121 3316 3167 et
3337 3114 3630 3168 dimidium

2056 3197 2407 3270 Evangelium
2434 3201 2810 3269 praedicatum,
2831 3217 2894 3255 ac
2918 3202 3115 3257 deinde
3134 3205 3509 3272 conscriptum
3526 3211 3634 3267 est,

2054 3305 2225 3358 quare
2259 3291 2462 3344 dicitur
2487 3310 2500 3346 :
2528 3310 2546 3341 ‹
2573 3293 2630 3346 1η
2651 3294 2830 3346 medio
2850 3292 3207 3348 hebdomadis
3225 3293 3440 3349 deﬁciet
3452 3294 3636 3353 hostia

2054 3388 2107 3434 et
2120 3380 2450 3434 sacriﬁcium
2472 3382 2536 3433 ⁸ο.
2553 3401 2571 3431 ι
2595 3382 2822 3438 Constat
2849 3382 2993 3438 enim
3025 3398 3123 3453 per
3146 3384 3639 3454 passionem‘del‘e-

2055 3473 2198 3526 cisse
2227 3473 2462 3526 hostiam
2493 3474 2658 3529 simul
2693 3485 2746 3529 et
2782 3473 3153 3539 sacriﬁcium;
3200 3477 3440 3546 quando,
3471 3476 3637 3545 juxta

2056 3562 2476 3634 Evangeliorum
2519 3567 2918 3630 narrationem,
2959 3584 2978 3616 ι
3023 3567 3200 3622 velum
3249 3568 3438 3637 templi
3488 3569 3637 3624 scis.

2058 3670 2179 3708 sum
2197 3662 2280 3710 est
2302 3657 2355 3710 in
2382 3656 2518 3711 duas
2537 3667 2719 3726 partes
2746 3673 2773 3709 a
2799 3672 3014 3712 summo
3042 3673 3217 3728 usque
3233 3659 3491 3715 deorsum
3511 3658 3556 3694 “
3580 3679 3632 3729 ;ι

2054 3746 2321 3817 juxtaque
2347 3747 2570 3818 Josephi
2605 3749 2890 3804 historiam
2925 3768 2939 3803 :

371 3834 561 3905 ἡμίσει
594 3837 691 3906 τῆς
715 3835 1008 3906 ἑϐδομάδος
1030 3837 1331 3910 ἀρθήσεται
1366 3838 1526 3891 θυσία
1561 3838 1657 3891 καὶ
1689 3837 1890 3909 σπονδή
1914 3855 1926 3867 ·
1962 3856 1981 3888 ι
2024 3840 2120 3891 xui
2150 3838 2319 3907 σαφές
2344 3856 2408 3908 γε
2458 3840 2604 3905 ὅπως
2641 3840 2757 3911 ἆμα
2803 3841 2881 3912 τῷ
2927 3841 3088 3895 πάθει
3126 3841 3353 3914 δυνάμει
3400 3842 3543 3915 ήρθη
3575 3842 3640 3914 ἐξ

373 3924 552 3979 αὐτῶν
581 3926 740 3979 θυσία
782 3926 877 3977 xui
910 3927 1148 3999 σπονδή·
1180 3927 1270 3980 ὅτε
1313 3928 1455 3982 κατὰ
1490 3928 1586 3998 μὲν
1614 3927 1711 3999 τὴν
1743 3926 1853 3981 τῶν
1880 3927 2227 3996 Εὐαγγελίων
2268 3930 2489 4002 γραφὴν
2539 3951 2558 3983 ι
2602 3931 2662 3984 τὸ
2683 3932 3081 4004 καταπέτασμα
3121 3933 3216 3987 τοῦ
3255 3933 3385 3989 ναοῦ
3414 3934 3636 4007 ἐσχίσθη

378 4015 488 4069 ἀπὸ
517 4014 724 4068 ἄνωθεν
759 4014 865 4077 ἕως
896 4015 1075 4068 κάτω“
1105 4035 1123 4067 ι
1162 4016 1306 4070 κατὰ
1332 4016 1388 4070 δὲ
1435 4017 1532 4088 τὴν
1566 4017 1658 4071 τοῦ
1698 4018 1962 4089 Ἰωσήπου
2006 4019 2267 4090 ἱστορίαν·

450 4126 468 4159 ι
490 4108 578 4163 Ἐν
606 4109 741 4178 αὐτῇ
773 4109 839 4178 τῇ
858 4109 1203 4179 Πεντηκοστῇ
1233 4108 1448 4180 νύκτωρ
1464 4111 1512 4162 οἱ
1549 4110 1712 4180 ἱερεῖς
1744 4108 1948 4181 παρελ-

374 4197 557 4260 θόντες
585 4198 665 4260 είς
686 4196 748 4249 τὸ
789 4197 952 4267 ἱερὸν,
984 4195 1172 4269 ὥσπερ
1206 4199 1389 4262 αὐτοῖς
1423 4198 1543 4263 ἔθος
1563 4194 1650 4270 ἦν,
1688 4199 1825 4271 πρὸς
1851 4200 1950 4264 τὰς

374 4290 734 4362 λειτουργίας,
777 4289 992 4363 πρῶτον
1025 4289 1123 4359 μὲν
1168 4291 1435 4361 κινήσεως
1455 4289 1664 4360 ἔφασαν
1692 4290 1954 4362 ἀντιλαμ-

2133 4127 2152 4160 ι
2195 4110 2252 4163 In
2298 4108 2415 4180 ipsa
2461 4108 2783 4167 Pentecoste
2823 4119 2988 4166 noctu
3036 4111 3349 4168 sacerdotes
3398 4114 3454 4167 in
3499 4122 3641 4170 tem-

2055 4200 2203 4269 plum
2250 4186 2546 4271 progressi,
2598 4202 2742 4256 sicut
2785 4210 3206 4266 consueverant,
3243 4203 3310 4257 ad
3345 4218 3502 4260 sacra
3556 4207 3640 4260 fa-

2052 4293 2329 4356 ciendum,
2364 4296 2542 4366 primo
2590 4302 2796 4349 motum
2822 4280 3216 4350 ’vehementem
3261 4311 3386 4350 cum
3420 4295 3642 4368 fragore

375 4384 635 4439 δάνεσθαι
662 4384 758 4439 xui
789 4385 1017 4447 κτύπου,
1056 4384 1193 4455 μετὰ
1225 4385 1281 4438 δὲ
1312 4384 1483 4438 ταῦτα
1513 4385 1695 4455 φωνῆς
1723 4385 1943 4457 ἁθρόας

2055 4383 2257 4438 factum
2288 4400 2411 4440 esse
2439 4387 2715 4446 dixerunt.
2747 4385 2872 4441 dein
2904 4401 3154 4456 magnam
3185 4386 3364 4441 audiri
3404 4403 3590 4444 vocem
3619 4406 3636 4444 :

381 4498 399 4530 ι
428 4479 1033 4550 Μεταόαίνομεν(ωμεν)
1059 4476 1326 4531 ἐντεῦθεν.
1356 4496 1374 4529 ι

446 4569 630 4625 Ταῦτα
649 4570 704 4622 δὲ
731 4569 872 4623 κατὰ
896 4568 1039 4633 λέξιν
1063 4571 1156 4623 καὶ
1176 4570 1336 4642 ἕτερα
1358 4569 1567 4633 τούτοις
1596 4569 1948 4641 παραπλήσια

376 4664 494 4725 ταῖς
538 4661 800 4732 ἱστορίαις
836 4661 1109 4732 παραδοὺς
1147 4664 1175 4715 6
1218 4660 1478 4731 Ἰώσηπος
1527 4660 1838 4732 συμϐάλοιτ’
1883 4661 1949 4715 ἂν

376 4753 506 4823 ἡμῖν
530 4754 609 4815 είς
640 4751 909 4817 ἀπόδειξιν
924 4751 1017 4803 τοῦ
1045 4750 1268 4822 δυνάμει
1288 4751 1540 4806 λελύσθαι
1575 4770 1633 4805 τε
1660 4753 1755 4806 xui
1779 4754 1950 4826 καθη-

379 4840 573 4912 ρῆσθαι
605 4840 739 4911 μετὰ
763 4840 825 4892 τὸ
851 4843 1114 4910 σωτήριον
1144 4839 1312 4904 πάθος
1338 4842 1407 4894 τὰ
1438 4842 1539 4908 τῆς
1562 4841 1654 4896 τοῦ
1680 4841 1810 4895 λαοῦ
1844 4861 1950 4895 σω-

379 4932 618 5001 ματικῆς
649 4932 922 5003 λατρείας.
960 4929 1090 4985 Οἶδα
1121 4932 1177 4984 δὲ
1208 4933 1302 4985 καὶ
1348 4933 1512 5002 ἄλλην
1551 4935 1631 4997 εἰς
1670 4933 1767 5005 τὴν
1801 4933 1951 4987 ἐϐδο-

379 5021 521 5092 μάδα
548 5024 646 5094 τὴν
674 5044 692 5075 ι
728 5023 1124 5094 δυναμώσασαν
1168 5023 1431 5094 διαθήκην
1465 5024 1677 5089 πολλοῖς
1700 5045 1716 5075 ι
1756 5024 1949 5077 ἀποδο-

376 5114 561 5169 θεῖσαν
605 5117 933 5187 ἐρμηνείανο
981 5116 1186 5188 ταύτην
1218 5115 1328 5186 γὰρ
1360 5118 1439 5179 εἰς
1476 5116 1575 5187 τὴν
1621 5120 1679 5170 ὲν
1728 5117 1950 5171 δεκάσιν

377 5206 646 5278 ἑϐδομάδα
676 5208 992 5278 μεταλαϐὼν
1017 5213 1046 5264 ὁ
1076 5210 1232 5279 λόγος
1261 5210 1498 5281 παρίστη
1534 5210 1625 5262 τὸν
1656 5210 1948 5281 σύμπαντα

377 5296 485 5351 τῶν
512 5298 824 5352 ἀποστόλων
851 5299 1041 5371 χρόνον
1068 5302 1149 5365 εἰς
1181 5300 1698 5371 ἐϐδομηκονταετίαν
1738 5300 1947 5354 συντεί-

380 5404 512 5453 νειν,
544 5388 604 5442 ἐν
681 5389 742 5442 τὸ
771 5392 1036 5461 κήρυγμα
1078 5390 1180 5462 τῆς
1207 5392 1416 5463 Καινῆς
1449 5390 1723 5462 Διαθήκης
1764 5392 1945 5446 οὐκέτι

382 5479 483 5547 ἑνὶ,
510 5478 644 5532 ἀλλὰ
679 5479 891 5545 πολλοῖς
922 5479 1098 5534 ἔθνεσι
1137 5481 1406 5553 κηρυχθὲν
1438 5481 1518 5546 είς
1558 5482 1738 5535 πᾶσαν
1771 5482 1951 5535 ἐνεδυ-

454 5636 497 5669 ³⁷
537 5636 683 5696 Psal.
720 5654 858 5703 xm,
896 5638 965 5702 2,
997 5639 1050 5694 5.

457 5775 533 5844 (i)
565 5776 785 5848 Ioseph.
820 5778 896 5834 De
923 5778 1055 5833 bello
1083 5777 1239 5844 Jud.,
1275 5793 1349 5843 vt,
1384 5778 1437 5845 5,
1475 5778 1527 5831 5.

2061 4495 2079 4527 ι
2116 4476 2256 4531 Hinc
2280 4477 2633 4548 egrediamur
2660 4477 2760 4551 (ι).
2802 4498 2821 4530 ι

2126 4567 2250 4623 Haec
2280 4585 2556 4639 expresse,
2594 4570 2810 4640 aliaque
2854 4570 2941 4626 his
2967 4571 3167 4626 similia
3206 4569 3477 4641 Iosephus
3510 4585 3636 4624 cum

2057 4658 2110 4712 in
2145 4659 2392 4713 historiis
2436 4657 2642 4722 refert,
2689 4660 2975 4714 nobiscum
3041 4660 3256 4714 videtur
3303 4657 3635 4718 consentire,

2056 4751 2557 4805 demonstrantibus
2598 4752 2774 4820 reipsa
2809 4752 3048 4806 solutum
3085 4765 3149 4804 ac
3188 4748 3423 4802 deletum
3467 4746 3639 4801 fuisse

2056 4849 2180 4910 post
2214 4838 2516 4894 Salvatoris
2558 4842 2868 4910 passionem
2918 4854 3242 4910 corporeum
3290 4837 3475 4907 populi
3519 4840 3640 4891 cul-

2055 4939 2189 4987 tum.
2219 4931 2479 4987 Novimus
2504 4933 2665 4986 aliam
2701 4946 2916 5002 quoque
2964 4932 3033 4986 de
3074 4928 3414 4985 hebdomade
3449 4946 3468 4981 ι
3504 4942 3638 4982 con-

2057 5025 2337 5078 ﬁrmatura
2372 5034 2588 5093 pactum
2615 5024 2803 5080 multis
2839 5043 2856 5075 ι
2891 5022 3075 5078 datam
3109 5018 3632 5088 interpretationem.

2056 5113 2183 5169 Ilaec
2212 5117 2357 5170 enim
2388 5115 2749 5176 hebdomada,
2778 5113 2935 5185 quasi
2965 5121 3170 5182 septem
3200 5110 3480 5167 decenniis
3501 5125 3638 5164 con-

2056 5215 2232 5270 stans,
2272 5221 2434 5263 omne
2468 5207 2837 5277 apostolorum
2883 5212 3121 5274 tempus,
3162 5203 3376 5258 scilicet
3416 5208 3638 5272 septua-

2054 5301 2203 5372 ginta
2236 5316 2411 5358 annos
2439 5303 2680 5358 indicare
2715 5301 3013 5365 videretur,
3045 5300 3245 5371 quibus
3274 5297 3408 5355 Novi
3437 5298 3634 5355 Testa-

2053 5393 2220 5447 menti
2267 5393 2582 5464 praedicatio
2632 5392 2817 5447 habita
2866 5398 2971 5456 est,
3022 5391 3169 5462 quod
3215 5405 3322 5445 non
3373 5390 3486 5453 uni,
3538 5392 3633 5446 sed

2055 5484 2244 5540 multis
2275 5485 2655 5540 annuntiatum
2683 5483 2936 5555 gentibus
2965 5499 3063 5554 per
3085 5483 3399 5537 universam
3429 5489 3631 5537 terram

1127 5637 1170 5669 ³⁸
1212 5636 1344 5693 Dan.
1379 5654 1469 5701 Ix,
1498 5637 1589 5694 26.
1667 5637 1710 5671 ³³
1749 5638 1869 5693 Act.
1907 5652 1955 5703 t,

2118 5638 2163 5671 ⁸⁸
2204 5637 2341 5695 Dan.
2372 5654 2426 5694 ιχ
2449 5677 2463 5704 ,
2498 5636 2589 5693 27.
2664 5637 2707 5670 ⁵¹
2757 5636 2944 5692 Matth.
2981 5650 3165 5700 xxvii,
3198 5636 3286 5692 51.
