4100 6434
452 365 587 425 1191

1160 364 1429 422 EUSEBII
1462 363 1945 424 CESABIENSIS
1983 365 2135 423 OPP.
2176 367 2380 424 PARS.
2420 369 2510 426 lll.
2552 401 2623 413 ——
2662 369 3073 428 EXEGETICA.

3577 370 3721 429 “92

449 488 831 544 conﬁrmatum
863 491 967 540 est.
1017 482 1229 540 Etenim
1275 484 1526 542 historiis
1562 494 1710 557 patet
1745 484 2025 554 Joannem,

2144 488 2370 562 ναμώθη
2402 491 2501 562 τὴν
2525 491 2865 562 οἰκουμένην.
2903 492 3013 545 Καὶ
3048 490 3157 563 γὰρ
3204 486 3299 545 οὖν
3329 492 3395 546 ὲκ
3438 491 3548 547 τῶν
3576 493 3720 548 ἱστο-

447 580 656 637 Gbristi
700 579 1051 649 discipulum,
1087 586 1211 649 post
1254 587 1488 635 mortem
1542 578 1777 645 Domini,
1812 592 2037 652 septua—

449 672 601 744 ginta
646 672 803 727 annis
842 673 1193 742 superstitem
1229 672 1455 739 vixisse,
1504 672 1716 727 scilicet
1751 689 1929 743 usque
1969 673 2038 727 ad

448 766 670 838 'l‘rajani
696 783 958 840 regnum;
987 768 1253 839 juxtaque
1296 768 1439 822 hanc
1485 768 1814 823 sententiam
1861 769 2039 823 mani-

448 858 647 916 festum
673 868 759 915 est
792 863 969 916 media
1000 860 1103 914 hac
1136 859 1526 915 decenniorum
1576 860 1918 919 hebdomade
1943 865 2034 919 deo

446 950 645 1008 fecisse
668 952 903 1006 hostiam
944 960 998 1006 et
1030 952 1383 1018 sacriﬁcium,
1414 960 1577 1022 atque
1612 970 1632 1004 ‹
1672 953 2039 1009 abominatio-

445 1058 569 1101 nem
596 1044 956 1101 desolationis
992 1064 1011 1097 ι
1048 1045 1103 1099 in
1147 1044 1268 1098 loco
1299 1053 1495 1101 sancto
1529 1045 1828 1101 exstitisse.
1871 1045 2038 1101 Nam-

443 1154 551 1210 que
590 1153 620 1191 a
667 1136 970 1193 Salvatoris
1016 1138 1197 1193 nostri
1229 1137 1637 1192 resurrectione
1680 1136 1749 1191 ad
1791 1139 2037 1193 ultimam

446 1232 550 1285 sub
590 1229 925 1301 Vespasiano
980 1232 1440 1302 Oppugnationem
1494 1231 1668 1301 elapsi
1725 1240 1853 1285 sunt
1907 1232 2034 1284 anni

446 1322 688 1394 quinque
750 1332 802 1377 et
854 1323 1120 1394 triginta;
1176 1324 1376 1393 quibus
1429 1329 1708 1378 constaret
1766 1322 2036 1392 praedictae

446 1414 804 1469 hebdomadis
851 1414 1156 1469 dimidium.
1200 1416 1415 1469 Etenim
1463 1415 1698 1471 ﬂammis
1746 1422 1801 1469 et
1848 1423 2033 1469 vasta-

443 1503 592 1560 tione
638 1506 859 1575 penitus
910 1505 1088 1561 deleto
1138 1516 1320 1562 vetere
1367 1524 1526 1562 sacro
1561 1519 1859 1578 sanctoque
1900 1516 2035 1562 tem-

442 1595 533 1665 plo
574 1596 686 1651 htec
736 1598 1074 1652 hebdomada
1121 1608 1500 1654 consummata
1530 1608 1635 1657 est.
1670 1600 1847 1670 Atque
1876 1600 2027 1664 illud,

449 1704 469 1738 ι
506 1685 730 1743 Deliciet
775 1688 955 1743 hostia
995 1697 1048 1744 et
1097 1691 1449 1754 sacriﬁcium,
1481 1701 1535 1747 et
1567 1692 1671 1747 erit
1720 1693 1775 1748 in
1828 1693 2030 1762 templo

443 1778 778 1833 abominatio
834 1770 1190 1837 desolationis
1221 1783 1294 1834 δ’»
1333 1800 1507 1853 usque
1557 1785 1623 1840 ad
1683 1801 2032 1841 consumma-

2143 582 2274 655 ριῶν
2299 582 2572 639 δείκνυται
2604 583 2853 654 Ἰωάννης
2879 585 2907 637 ό
2929 582 3023 637 τοῦ
3067 584 3273 656 Κυρίου
3306 583 3555 656 μαθητὴς
3580 585 3723 656 μετά

2136 675 2236 747 τὴν
2257 675 2519 746 ἀνάληψιν
2543 673 2708 728 αὐτοῦ
2737 674 2910 728 ἔτεσιν
2942 675 3185 738 ὲπιδιοὺς
3202 682 3244 728 o'
3260 691 3273 704 ·
3302 674 3463 746 μέχρι
3490 675 3599 748 γὰρ
3620 675 3720 748 τῆς

2138 766 2409 839 Τραϊανοῦ
2458 766 2613 836 λόγος
2646 767 2758 837 ἔχει
2812 770 3146 839 παραμεῖναι
3192 766 3353 819 αὐτὸν
3403 766 3716 838 βασιλείαςο

2138 861 2280 915 κατά
2309 878 2368 912 τε
2394 859 2597 931 ταύτην
2630 860 2726 931 τὴν
2778 860 3029 931 διήγησιν
3062 859 3325 931 πρόδηλον
3351 860 3500 923 ὅπως
3550 862 3609 914 ὲν
3640 859 3721 931 τῷ

2136 951 2325 1023 ἡμίσει
2350 950 2554 1022 ταύτης
2583 950 2683 1020 τῆς
2716 952 2774 1002 ὲν
2810 950 3028 1004 δεκάσιν
3067 950 3357 1019 ὲϐἰομάδος
3379 949 3519 1025 ήρθη
3554 951 3719 1005 θυσία

2137 1046 2232 1098 καὶ
2258 1043 2490 1114 σπονδὴ,
2527 1044 2620 1095 καὶ
2665 1042 2726 1094 τὸ
2764 1041 3052 1112 λεγόμενον
3081 1062 3099 1094 ι
3139 1042 3414 1113 βδέλυγμα
3450 1046 3550 1114 τῆς
3585 1045 3717 1115 ὲρη-

2140 1133 2365 1206 μώσεως
2388 1154 2406 1185 ι
2443 1134 2570 1205 ἔστη
2598 1136 2656 1187 ὲν
2689 1134 2839 1204 τόπῳ
2866 1134 3025 1205 ἁγίῳ.
3058 1134 3138 1187 Τά
3175 1134 3305 1203 γοῦν
3343 1134 3451 1187 ἀπὸ
3488 1136 3588 1206 τῆς
3619 1133 3717 1189 τοῦ

2135 1226 2390 1297 Σωτῆρος
2423 1226 2579 1299 ἡμῶν
2622 1228 2972 1290 ἀναστάσεως
3026 1227 3119 1280 ἐπὶ
3150 1231 3250 1298 τὴν
3291 1228 3528 1302 ὑστάτην
3570 1228 3719 1284 κατά

2135 1318 2544 1372 υύεσπασιανδν
2574 1318 2885 1391 πολιορκίαν
2906 1323 2983 1384 εἰς
3007 1322 3101 1395 ἔτη
3126 1324 3285 1376 πέντε
3303 1326 3396 1377 καὶ
3418 1325 3715 1396 τριάκοντα

2136 1410 2401 1463 συντείνει
2415 1428 2427 1440 ·
2453 1411 2596 1483 ἀπερ
2617 1410 2682 1463 ἂν
2700 1410 2907 1481 γένοιτο
2925 1412 3024 1482 τῆς
3045 1413 3396 1486 ἀποδοθείσης
3420 1416 3718 1486 ὲὸδομάδος

2134 1503 2196 1556 τὸ
2223 1505 2424 1574 ἥμισυ·
2471 1504 2560 1557 ὅτε
2595 1505 2690 1558 καὶ
2734 1504 2969 1576 παντελῆ
3008 1505 3107 1577 τήν
3147 1505 3233 1559 διὰ
3288 1507 3459 1577 πυρὸς
3506 1507 3714 1578 φθοράν

2134 1595 2228 1647 καὶ
2261 1595 2620 1666 κατασκαφὴν
2650 1595 2742 1649 τοῦ
2784 1595 2949 1649 πάλαι
2983 1594 3126 1668 ἱεροῦ
3163 1598 3257 1651 καὶ
3289 1599 3445 1666 ἁγίου
3480 1598 3586 1652 νεὼ
3615 1617 3717 1654 πε-

2134 1686 2392 1750 πονθότος
2406 1687 3047 1759 ἑπισφράγισμαείληφε
3067 1704 3080 1718 ·
3118 1690 3211 1742 καὶ
3237 1688 3319 1752 τὸ,
3345 1710 3363 1739 ι
3388 1688 3712 1762 Ἀρθήσεται

2134 1778 2295 1833 θυσία
2334 1779 2430 1832 καί
2471 1779 2670 1851 σπονδὴ
2695 1822 2709 1845 ,
2751 1784 2846 1833 καὶ
2894 1783 2985 1834 ἐπὶ
3011 1783 3071 1834 τὸ
3122 1782 3261 1854 ἱερὸν
3285 1783 3557 1854 βδέλυγμα
3600 1782 3713 1836 τῶν

442 1872 648 1927 tionem
677 1874 801 1929 vitze
840 1891 1257 1945 permansurum
1310 1876 1548 1931 ostendit
1603 1877 1909 1949 Scriptura,
1945 1878 2025 1934 his

2136 1870 2468 1942 ὲρημώσεων
2492 1889 2504 1901 ·
2538 1892 2557 1924 ι
2605 1844 2741 1944 ὅπερ
2772 1891 2791 1923 ι
2817 1872 3089 1943 βδέλυγμα
3133 1844 3514 1944 ὲέγημῶσεωξι
3548 1874 3712 1946 μέχρι

442 1964 642 2020 additis
677 1984 691 2020 :
724 1986 743 2018 ι
780 1967 844 2021 Et
879 1982 1051 2035 usque
1097 1966 1165 2021 ad
1190 1970 1718 2024 consummationem
1765 1981 1821 2024 et
1867 1969 2028 2024 ﬁnem

442 2060 809 2129 perseverabit
839 2060 1127 2116 desolatio.
1155 2079 1175 2113 ι

516 2147 629 2203 Hoc
666 2149 904 2205 breviter
926 2150 1200 2222 exposito,
1237 2160 1488 2221 superest
1515 2157 1573 2204 ut
1607 2148 1764 2205 Isaiae
1795 2150 2029 2220 prOphe-

440 2235 546 2292 tias
578 2239 985 2308 aggrediamur,
1019 2241 1110 2311 qui
1143 2242 1294 2296 solus
1332 2256 1398 2296 ex
1445 2241 1595 2294 omni
1641 2250 1823 2296 vetere
1877 2239 2027 2295 Scri-

439 2336 600 2399 ptura
633 2332 790 2386 nobis
811 2333 1172 2387 elucidayndus
1202 2332 1553 2403 relinquitur.

2137 1964 2446 2027 συντελείας
2480 1963 2596 2034 βίου
2624 1968 2958 2036 παραμεῖναι
2982 1965 3130 2037 δηλοῖ
3153 1965 3213 2017 τὸ
3235 1965 3433 2033 λόγιον,
3464 1966 3671 2036 φάσκον
3691 1983 3710 1999 ο

2138 2075 2156 2107 ι
2196 2057 2306 2108 Καὶ
2359 2056 2464 2120 ἕως
2511 2056 2821 2119 συντελείας
2870 2057 3061 2128 καιροῦ
3108 2056 3388 2111 συντέλεια
3422 2057 3711 2130 δοθήσεται

2132 2146 2227 2199 ἐπὶ
2259 2144 2357 2217 τὴν
2388 2147 2687 2220 ἐρήμωσιν.
2714 2166 2733 2199 ι

2210 2235 2371 2291 Ἀλλά
2385 2238 2555 2292 ταῦτα
2582 2240 2681 2309 μὲν
2705 2241 3103 2312 ὲπιτεμόμενοι,
3134 2241 3233 2311 τὴν
3253 2240 3502 2312 διήγησιν
3525 2256 3713 2313 παρα-

2128 2328 2451 2400 τεθείμεθα·
2522 2328 2641 2401 ῶρα
2705 2329 2761 2383 δὲ
2815 2331 2917 2401 ἠδη
2982 2331 3257 2402 μετελθεῖν
3309 2332 3397 2386 καὶ
3455 2334 3549 2385 ἐπὶ
3609 2330 3708 2386 τὸν

454 2419 715 2476 Ἡσαΐαν·
754 2421 813 2485 ὃς
846 2422 1004 2493 μόνος
1044 2422 1152 2475 ἀπὸ
1184 2423 1368 2493 πάσης
1412 2422 1513 2492 τῆς
1560 2420 1795 2485 παλαιᾶς
1844 2421 1974 2492 ἡμῖν
2004 2420 2411 2494 περιλέλειπται
2440 2419 2682 2492 Γραφῆς.

696 2784 1059 2876 LIBER
1147 2782 1745 2887 QUARTUS.

1059 3045 1153 3101 EX
1192 3041 1398 3099 lSAlA.

506 3163 865 3236 Propheticas
886 3161 951 3217 de
968 3160 1108 3215 Isaia
1128 3158 1381 3227 Eclogas,
1397 3169 1519 3225 quae
1536 3152 1665 3209 solae
1685 3151 1847 3208 nobis
1862 3166 2020 3224 expo-
2045 3195 2088 3253 ο

435 3262 633 3320 mendae
661 3271 977 3332 supersunt,
1002 3255 1310 3317 tractaturi,
1350 3268 1542 3308 eorum
1576 3250 1752 3322 gratia
1779 3249 1873 3320 qui
1891 3265 2020 3320 pro-

442 3355 648 3426 phetiis
684 3353 843 3409 ﬁdem
876 3366 983 3405 non
1014 3348 1293 3411 adhibent,
1330 3359 1506 3417 pauca
1532 3345 1600 3398 ad
1625 3343 2017 3414 pr0phetarum

436 3448 792 3505 veracitatem
830 3440 1314 3500 demonstrandam
1364 3437 1738 3508 praefabimur.
1774 3433 2017 3488 Primum

437 3538 658 3610 quidem
682 3538 751 3592 iis
774 3535 868 3607 qui
902 3542 1028 3588 ante
1065 3548 1167 3587 nos
1195 3529 1440 3592 fuerunt,
1474 3538 1683 3583 rectum
1722 3533 2020 3596 aptumque

435 3631 794 3689 instituemus
855 3633 1262 3697 argumentum.
1318 3622 1552 3677 Pulchre
1610 3621 1755 3675 enim
1813 3617 2018 3673 dixisse

436 3724 571 3781 mihi
621 3723 891 3784 videntur,
935 3719 1213 3791 quomodo
1261 3717 1467 3789 Moysis
1501 3716 1603 3786 legi
1651 3712 1888 3770 subditis
1932 3711 2018 3765 lex

434 3814 555 3885 ipsa
598 3820 848 3878 testetur,
896 3809 1043 3881 quod
1079 3816 1293 3880 gentes,
1338 3821 1571 3876 quarum
1622 3803 1678 3859 in
1719 3802 1899 3857 medio
1935 3801 2018 3854 vi-

431 3914 584 3970 vent,
608 3924 628 3958 ι
650 3918 888 3976 augures
906 3911 960 3958 et
994 3901 1211 3956 divinos
1246 3898 1487 3952 audient.
1535 3894 1619 3949 Tu
1668 3905 1874 3960 autem,
1918 3893 2015 3959 ait,

434 4013 463 4052 ο
517 3996 750 4051 Domino
808 3992 917 4048 Deo
950 4000 1044 4045 tuo
1078 3991 1365 4046 institutus
1398 4003 1458 4043 es
1475 3986 1576 4040 ⁵³.)
1601 3984 1673 4041 lis
1699 3987 1865 4040 etiam
1889 3999 2017 4039 cum

434 4087 722 4146 interdixit
753 4085 976 4141 divinus
1010 4097 1194 4138 sermo
1227 4079 1471 4151 auguriis
1502 4078 1760 4148 omnique
1783 4092 1881 4147 per
1907 4076 2017 4131 da:-

432 4194 658 4236 monum
698 4174 992 4231 artiﬁcium
1022 4171 1383 4235 divinatione,
1423 4169 1559 4225 dixit
1587 4186 1600 4222 :
1629 4186 1647 4218 ι
1685 4166 2014 4237 Prophetam

432 4270 502 4325 de
528 4279 690 4340 gente
719 4275 813 4322 tua
838 4278 893 4322 et
920 4268 986 4322 de
1020 4264 1282 4319 fratribus
1315 4262 1424 4316 tuis
1454 4260 1747 4316 suscitabit
1777 4258 1873 4312 tibi
1910 4257 2016 4312 Do-

433 4361 620 4415 minus
651 4358 798 4416 Deus
823 4366 953 4413 tuus
975 4356 1044 4411 “.
1080 4376 1099 4410 ›
1121 4355 1252 4422 Qua:
1285 4355 1454 4425 igitur
1484 4355 1553 4410 iis
1586 4351 1931 4416 annuntiata,
1967 4350 2014 4404 si

433 4468 552 4508 non
597 4458 792 4507 eventu
839 4451 1065 4522 probata
1113 4447 1368 4515 fuissent,
1410 4463 1512 4502 nec
1555 4445 1701 4516 apud
1747 4459 1841 4499 eos
1891 4458 2015 4499 sur-

2657 2784 3022 2871 ΛΟΓΟΣ
3064 2782 3174 2869 Δί.

2777 3028 3054 3097 amtor.

2192 3156 2305 3221 Τὰς
2332 3157 2441 3211 ἀπὸ
2473 3157 2581 3211 τῶν
2616 3157 2836 3235 Ἡσαΐου
2866 3155 3209 3228 πῳφητικάς
3255 3152 3514 3222 Ἐκλογάς
3538 3151 3708 3223 μόνας

2119 3250 2254 3322 ἡμῖν
2287 3249 2577 3313 λειπούσας
2608 3248 3007 3302 ἀπανθίσασθαι
3039 3245 3394 3319 πειρώμενοι,
3415 3249 3547 3313 πρὸς
3578 3243 3708 3307 τοὺς

2120 3341 2367 3404 ἀπίστως
2386 3340 2516 3411 περὶ
2539 3341 2636 3406 τὰς
2658 3341 2995 3413 προφητείας
3014 3338 3387 3409 διακειμένους
3400 3336 3558 3404 ὀλίγα
3577 3351 3708 3409 προ-

2118 3433 2495 3505 διαληψόμεθα
2522 3434 2603 3497 είς
2630 3432 2972 3504 παράστασιν
2997 3432 3097 3501 τῆς
3126 3431 3237 3484 τῶν
3259 3427 3553 3500 προφητῶν
3581 3425 3708 3499 ἀλη-

2120 3518 2292 3583 θείας.
2332 3521 2442 3574 Καὶ
2470 3519 2535 3592 δὴ
2565 3519 2780 3591 πρῶτον
2810 3518 2991 3584 καλῶς
3021 3520 3115 3573 καὶ
3143 3521 3256 3582 τοῖς
3287 3518 3394 3589 πρὸ
3426 3517 3584 3589 ήμῶν
3613 3533 3707 3571 τε-

2118 3627 2259 3682 τηρη
2268 3610 2425 3681 μένον
2449 3611 2839 3683 παραθήσομαι
2857 3610 3136 3682 λογισμόν.
3180 3606 3254 3665 Εῦ
3275 3610 3405 3679 γοῦν
3426 3608 3707 3682 εἰρηκέναι

2122 3719 2213 3773 μοι
2235 3703 2499 3769 δοκοῦσιν,
2525 3705 2600 3767 ὡς
2620 3703 2729 3777 ἄρα
2751 3706 2862 3769 τοῖς
2885 3704 2991 3758 ὑπὸ
3010 3703 3102 3757 τὸν
3118 3703 3402 3768 Μωῡσέως
3425 3704 3588 3773 νόμον
3609 3701 3703 3756 αὑ·

2118 3795 2209 3859 τὸς
2239 3797 2269 3849 ὁ
2293 3796 2457 3867 νόμος
2477 3797 2931 3869 διαμαρτύρεται,
2964 3797 3046 3850 ὅτι
3070 3795 3135 3868 δὴ
3160 3798 3229 3851 τὰ
3253 3796 3380 3866 ἔθνη
3402 3788 3477 3849 ὧν
3499 3795 3705 3866 μεταξὺ

2119 3888 2526 3944 πολιτεύσονται
2560 3909 2578 3941 ι
2607 3889 2882 3960 κληδόνων
2917 3890 3013 3943 xa'l.
3045 3887 3315 3959 μαντειῶν
3341 3887 3667 3942 ἀκούσονται
3686 3902 3701 3920 ο

2119 3982 2204 4034 σοὶ
2220 3982 2299 4046 δὲ,
2326 4001 2345 4033 ι
2369 3983 2555 4054 φησὶν,
2585 4002 2603 4032 ι
2624 3982 2722 4052 οὐχ
2736 3980 2910 4046 οὕτως
2930 3981 3100 4034 ἔδωκε
3114 3979 3319 4052 Κύριος
3337 3983 3365 4034 ὁ
3379 3979 3513 4043 Θεός
3536 3994 3650 4033 σου.
3676 3998 3697 4032 ι

2117 4076 2229 4129 Καὶ
2255 4073 2335 4129 ἔτι
2364 4092 2427 4144 γε
2460 4074 2662 4146 εἴργων
2686 4075 2886 4137 αὐτοὺς
2912 4076 2941 4128 ὁ
2975 4073 3119 4138 θεῖος
3158 4073 3316 4143 λόγος
3342 4073 3407 4129 ἐκ
3434 4089 3495 4126 τε
3523 4074 3703 4126 οἰωνι-

2119 4167 2307 4238 στικῆς
2325 4167 2417 4220 καὶ
2439 4167 2618 4237 πάσης
2632 4165 2731 4238 τῆς
2748 4164 2837 4218 διὰ
2849 4165 3116 4235 δαιμόνων
3132 4165 3423 4237 περιέργου
3445 4164 3702 4237 μαντείας

2116 4258 2367 4330 ἐπιφέρει
2386 4297 2400 4321 ,
2456 4256 2630 4326 λέγων
2650 4272 2665 4286 °
2705 4275 2724 4308 ι
2750 4256 3045 4328 Προφήτην
3079 4256 3145 4311 ὲκ
3175 4255 3283 4310 τῶν
3314 4254 3560 4326 ἀδελφῶν
3605 4271 3702 4309 σου

2114 4350 2410 4422 ἀναστήσει
2443 4365 2526 4404 σοι
2554 4349 2756 4422 Κύριος
2784 4350 2814 4402 ό
2843 4349 2976 4412 Θεός
3020 4364 3169 4403 σου.»
3204 4344 3333 4420 τΑρ’
3363 4342 3458 4402 οῦν
3496 4345 3702 4401 τούτων

2115 4441 2298 4505 αὐτοῖς
2325 4441 2855 4514 ἀναγεγραμμένων,
2883 4440 2958 4512 μὴ
2983 4439 3129 4511 ἔργῳ
3152 4438 3209 4493 δὲ
3238 4439 3566 4510 γενομένων,
3599 4455 3703 4510 μη-

435 4545 712 4601 rexissent
740 4544 1020 4615 prephetae
1067 4543 1192 4607 viri,
1219 4540 1487 4613 numquid
1518 4540 1622 4610 legi
1657 4536 1816 4592 fidem
1861 4537 2019 4592 adbi-

2125 4533 2176 4587 δὲ
2204 4534 2485 4605 παρόντων
2507 4534 2691 4597 αὐτοῖς
2711 4531 3004 4605 προφητῶν
3026 4530 3255 4602 ἀνδρῶν,
3275 4531 3500 4586 δύνατον
3523 4527 3589 4604 ἦν
3611 4532 3703 4586 αὐ-

434 4637 562 4694 bere
585 4638 910 4709 potuissent,
944 4637 1026 4691 vel
1048 4637 1375 4691 annuntiato
1397 4636 1585 4699 verbo,
1618 4646 1724 4688 tam
1756 4646 2015 4704 expresse

435 4737 490 4783 et
518 4729 806 4784 manifeste
838 4729 1130 4784 mendaci?
1156 4727 1371 4793 Nonne,
1404 4732 1525 4797 ipsa
1557 4727 1741 4782 indole
1772 4727 1838 4780 ad
1874 4726 2016 4779 futu-

434 4833 621 4874 rarum
653 4821 936 4876 scientiam
967 4834 1260 4891 propensa.
1303 4821 1359 4874 in
1392 4820 1737 4889 propriorum
1769 4820 2016 4873 oraculo-

435 4930 559 4969 rum
610 4923 979 4984 contemptum
1031 4911 1321 4983 perducti,
1373 4911 1573 4981 quibus
1610 4911 1756 4964 nihil
1801 4927 2009 4973 verum,

428 5004 573 5062 nihil
605 5004 853 5058 divinum
896 5005 1122 5067 inesset,
1160 5003 1327 5056 nullis
1377 5001 1739 5057 subeuntibus
1786 5000 2015 5071 prophe-

438 5098 527 5159 tis,
561 5105 757 5167 sponte
791 5095 858 5151 ad
893 5095 1136 5167 gentium
1169 5104 1223 5148 et
1258 5092 1509 5148 vaticinia
1540 5104 1593 5148 et
1624 5094 1845 5147 oracula
1876 5107 2012 5146 con-

436 5188 748 5259 fugissent?
785 5186 989 5242 Verum
1027 5186 1284 5241 videntur
1307 5201 1415 5241 non
1449 5184 1828 5240 tantummodo
1864 5182 2013 5254 Moy-

436 5295 576 5346 sem,
621 5280 716 5336 sed
754 5288 809 5336 et
845 5282 1049 5335 multos
1083 5278 1177 5349 qui
1229 5284 1352 5348 post
1397 5293 1523 5334 eum
1578 5276 1828 5332 suscitati
1862 5281 2011 5338 sunt,

2116 4626 2243 4690 τοὺς
2277 4625 2553 4678 πιστεύειν
2585 4623 2664 4696 τῷ
2698 4625 2881 4695 νόμῳ,
2917 4623 3014 4677 καὶ
3052 4622 3131 4695 τῷ
3164 4622 3335 4677 ταῦτα
3366 4623 3702 4692 ἐπαγγειλα-

2120 4719 2266 4791 μένῳ
2290 4718 2433 4789 λόγῳ
2463 4716 2604 4771 οὕτω
2635 4715 2926 4789 προφανῶς
2967 4717 3060 4769 καὶ
3091 4716 3338 4787 ἐναργῶς
3363 4714 3700 4786 ψευδομένῳ

2115 4811 2149 4882 ἦ
2182 4812 2338 4883 δῆλον
2379 4813 2463 4864 ὅτι
2507 4811 2599 4864 ὑπ’
2629 4810 2796 4881 αὐτῆς
2826 4810 2926 4880 τῆς
2960 4811 3086 4880 περὶ
3112 4811 3213 4880 τὴν
3252 4809 3560 4881 πρόγνωσιν
3590 4808 3702 4860 τῶν

2114 4902 2388 4974 ἐσομένων
2420 4901 2657 4973 λιχνείας
2686 4901 2941 4972 ἀγόμενοι
2963 4902 3372 4971 κατεφρόνησαν
3394 4900 3501 4953 τῶν
3530 4900 3700 4962 ἰδίων,

2116 4997 2192 5059 ὡς
2225 4996 2376 5049 οὐδὲν
2407 4993 2607 5066 ἀληθὲς
2635 4995 2865 5065 ἐχόντων
2893 4996 3014 5049 οὐδὲ
3042 4995 3210 5057 θεῖον,
3244 4993 3331 5046 διὰ
3362 4992 3423 5045 τὸ
3455 4991 3529 5063 μὴ
3562 4986 3703 5043 εἶναι

2120 5089 2248 5162 παρ’
2274 5088 2455 5152 αὐτοῖς
2481 5090 2783 5160 προφήτας,
2805 5088 3091 5158 αὐτόμολοι
3112 5087 3168 5139 δὲ
3190 5087 3284 5138 ἐπὶ
3307 5085 3375 5138 τά
3400 5085 3509 5138 τῶν
3529 5082 3704 5137 ἐθνῶν

2123 5180 2348 5251 μαντεῖά
2373 5196 2433 5232 τε
2464 5179 2557 5233 καὶ
2582 5178 2890 5249 χρηστήρια
2917 5176 3221 5248 μετῄεσανς
3263 5173 3421 5227 Ἀλλά
3447 5173 3556 5246 γὰρ
3586 5173 3703 5243 φαί-

2110 5288 2291 5325 νονται
2320 5270 2381 5324 οὐ
2403 5270 2560 5340 μόνον
2581 5270 2713 5323 Μωῦ
2723 5268 2839 5330 σέα,
2864 5266 2998 5319 ἀλλά
3029 5258 3139 5320 καῖ
3154 5264 3367 5327 πλείους
3396 5263 3514 5333 μετ’
3539 5262 3702 5316 αὐτὸν

436 5372 596 5443 quasi
641 5369 732 5425 Dei
764 5369 1057 5441 prephetas
1086 5369 1397 5438 agnovisse,
1432 5366 1657 5421 nonnisi
1680 5364 1902 5419 insitam
1933 5361 2014 5417 eis

2125 5362 2186 5426 ὣς
2212 5361 2346 5416 Θεοῦ
2378 5361 2663 5433 προφήτας
2697 5354 3074 5431 προσιέμενοι,
3115 5357 3216 5410 οὐκ
3239 5355 3412 5418 ἄλλως
3433 5355 3592 5426 δῆλον
3616 5355 3703 5408 ὅτι

438 5446 779 5520 divinitatem
815 5460 1045 5533 experti.
1087 5460 1189 5525 Qui
1212 5459 1431 5531 quidem
1463 5462 1543 5515 eis
1574 5473 1684 5512 non
1703 5465 1919 5510 tantum
1949 5453 2018 5508 de

2125 5454 2148 5526 ἣ
2182 5453 2260 5525 τῷ
2289 5455 2482 5525 πεῖραν
2510 5452 2610 5524 τῆς
2639 5453 2698 5505 ὲν
2723 5452 2906 5514 αὐτοῖς
2933 5448 3208 5520 θειότητος
3247 5446 3559 5519 εἰληφέναι·
3589 5446 3700 5499 οἵδε

440 5553 607 5608 rebus
659 5568 782 5624 qua:
843 5551 1227 5607 remotissimis
1288 5551 1606 5620 ultimisque
1675 5546 2018 5617 temporibus

2125 5545 2225 5618 γὰρ
2258 5545 2441 5609 αὐτοῖς
2474 5545 2535 5598 οὐ
2570 5543 2731 5616 μόνον
2762 5542 2890 5613 περὶ
2921 5540 3029 5594 τῶν
3061 5541 3287 5612 μακροῖς
3320 5539 3545 5610 ὕστερον
3573 5536 3702 5610 χρό-

439 5643 656 5711 ﬁerent,
687 5643 1167 5714 prophetaverunt,
1209 5643 1306 5700 sed
1352 5643 1519 5700 etiam
1548 5640 1616 5698 de
1656 5638 2017 5712 praesentibus

2125 5653 2229 5703 νοις
2259 5636 2558 5708 μελλόντων
2589 5632 2806 5688 ἔσεσθαι
2838 5631 3257 5705 προύθέσπιζον,
3283 5629 3420 5686 ἀλλὰ
3443 5629 3539 5686 καὶ
3568 5624 3702 5701 περί

511 5796 559 5834 ⁸³
599 5796 736 5856 Dan.
768 5816 858 5867 ix,
889 5798 978 5853 27.
1055 5802 1100 5835 δ’
1137 5798 1297 5855 Deut.
1329 5812 1501 5865 xvnt,
1535 5796 1623 5853 ιι.
1704 5792 1751 5827 ⁸⁸
1792 5792 1924 5851 ibid.
1960 5791 2047 5850 l5.
