  <div class='ocr_page' id='page_1' title='image "/cluster/home/n/w/nwhite01/storage/ocr_20150623/22:no.4/coo.31924054873025/610.png"; bbox 0 0 4100 6430; ppageno 0'>
   <div class='ocr_carea' id='block_1_1' title="bbox 398 387 531 442">
    <p class='ocr_par' dir='ltr' id='par_1_1' title="bbox 398 387 531 442">
     <span class='ocr_line' id='line_1_1' title="bbox 398 387 531 442; baseline 0.008 -2"><span class='ocrx_word' id='word_1_1' title='bbox 398 387 531 442; x_wconf 78' lang='lat'><strong>“9&#39;5</strong></span> 
     </span>
    </p>
   </div>
   <div class='ocr_carea' id='block_1_2' title="bbox 1417 385 2615 448">
    <p class='ocr_par' dir='ltr' id='par_1_2' title="bbox 1417 385 2615 448">
     <span class='ocr_line' id='line_1_2' title="bbox 1417 385 2615 448; baseline 0.006 -8"><span class='ocrx_word' id='word_1_2' title='bbox 1417 385 1708 442; x_wconf 66' lang='lat' dir='ltr'><strong>ECLOG/E</strong></span> <span class='ocrx_word' id='word_1_3' title='bbox 1747 389 2228 445; x_wconf 69' lang='lat' dir='ltr'><strong>PROPHETICA&#39;J.</strong></span> <span class='ocrx_word' id='word_1_4' title='bbox 2260 422 2329 431; x_wconf 91' lang='lat'><strong>—</strong></span> <span class='ocrx_word' id='word_1_5' title='bbox 2367 395 2494 446; x_wconf 81' lang='lat' dir='ltr'><strong>LIB.</strong></span> <span class='ocrx_word' id='word_1_6' title='bbox 2526 395 2615 448; x_wconf 85' lang='lat' dir='ltr'><strong>IV.</strong></span> 
     </span>
    </p>
   </div>
   <div class='ocr_carea' id='block_1_3' title="bbox 3497 390 3630 448">
    <p class='ocr_par' dir='ltr' id='par_1_3' title="bbox 3497 390 3630 448">
     <span class='ocr_line' id='line_1_3' title="bbox 3497 390 3630 448; baseline 0.023 -5"><span class='ocrx_word' id='word_1_7' title='bbox 3497 390 3630 448; x_wconf 73' lang='lat' dir='ltr'><strong>H94</strong></span> 
     </span>
    </p>
   </div>
   <div class='ocr_carea' id='block_1_4' title="bbox 393 501 1961 583">
    <p class='ocr_par' dir='ltr' id='par_1_4' title="bbox 393 501 1961 580">
     <span class='ocr_line' id='line_1_4' title="bbox 393 501 1961 580; baseline 0.001 -21"><span class='ocrx_word' id='word_1_8' title='bbox 393 523 551 559; x_wconf 86' lang='grc' dir='ltr'>τινων</span> <span class='ocrx_word' id='word_1_9' title='bbox 577 506 880 579; x_wconf 83' lang='grc' dir='ltr'>προχείρων</span> <span class='ocrx_word' id='word_1_10' title='bbox 906 507 1000 560; x_wconf 79' lang='grc' dir='ltr'>καὶ</span> <span class='ocrx_word' id='word_1_11' title='bbox 1029 504 1298 575; x_wconf 81' lang='grc' dir='ltr'><strong>βιωτικῶν</strong></span> <span class='ocrx_word' id='word_1_12' title='bbox 1328 504 1626 577; x_wconf 78' lang='grc' dir='ltr'>προύλεγον</span> <span class='ocrx_word' id='word_1_13' title='bbox 1647 522 1662 536; x_wconf 88' lang='grc'><strong>·</strong></span> <span class='ocrx_word' id='word_1_14' title='bbox 1701 501 1810 559; x_wconf 74' lang='grc' dir='ltr'>οἷον</span> <span class='ocrx_word' id='word_1_15' title='bbox 1839 508 1961 580; x_wconf 65' lang='grc' dir='ltr'>περὶ</span> 
     </span>
    </p>
   </div>
   <div class='ocr_carea' id='block_1_5' title="bbox 2063 501 3636 583">
    <p class='ocr_par' dir='ltr' id='par_1_5' title="bbox 2069 508 3636 583">
     <span class='ocr_line' id='line_1_5' title="bbox 2069 508 3636 583; baseline 0.001 -21"><span class='ocrx_word' id='word_1_16' title='bbox 2069 515 2122 562; x_wconf 89' lang='lat' dir='ltr'><strong>et</strong></span> <span class='ocrx_word' id='word_1_17' title='bbox 2181 508 2376 564; x_wconf 81' lang='lat' dir='ltr'><strong>coaevis</strong></span> <span class='ocrx_word' id='word_1_18' title='bbox 2431 509 2829 580; x_wconf 74' lang='lat' dir='ltr'><strong>praedixerunt;</strong></span> <span class='ocrx_word' id='word_1_19' title='bbox 2879 511 3023 568; x_wconf 89' lang='lat' dir='ltr'><strong>sicut</strong></span> <span class='ocrx_word' id='word_1_20' title='bbox 3069 511 3136 567; x_wconf 93' lang='lat' dir='ltr'><strong>de</strong></span> <span class='ocrx_word' id='word_1_21' title='bbox 3174 511 3401 583; x_wconf 81' lang='lat' dir='ltr'><strong>perditis</strong></span> <span class='ocrx_word' id='word_1_22' title='bbox 3439 511 3636 570; x_wconf 85' lang='lat' dir='ltr'><strong>asinis.</strong></span> 
     </span>
    </p>
   </div>
   <div class='ocr_carea' id='block_1_6' title="bbox 392 596 1966 669">
    <p class='ocr_par' dir='ltr' id='par_1_6' title="bbox 392 596 1966 669">
     <span class='ocr_line' id='line_1_6' title="bbox 392 596 1966 669; baseline 0 -17"><span class='ocrx_word' id='word_1_23' title='bbox 392 597 527 652; x_wconf 85' lang='grc' dir='ltr'>δνων</span> <span class='ocrx_word' id='word_1_24' title='bbox 552 597 920 664; x_wconf 83' lang='grc' dir='ltr'><strong>ἀπολωλυιῶν,</strong></span> <span class='ocrx_word' id='word_1_25' title='bbox 953 600 1046 651; x_wconf 77' lang='grc' dir='ltr'>καὶ</span> <span class='ocrx_word' id='word_1_26' title='bbox 1073 599 1198 669; x_wconf 74' lang='grc' dir='ltr'>περὶ</span> <span class='ocrx_word' id='word_1_27' title='bbox 1229 596 1524 651; x_wconf 84' lang='grc' dir='ltr'>νοσούντων</span> <span class='ocrx_word' id='word_1_28' title='bbox 1551 598 1882 666; x_wconf 80' lang='grc' dir='ltr'><strong>ἐπισφαλῶς,</strong></span> <span class='ocrx_word' id='word_1_29' title='bbox 1919 601 1966 652; x_wconf 84' lang='grc' dir='ltr'><strong>εἰ</strong></span> 
     </span>
    </p>
   </div>
   <div class='ocr_carea' id='block_1_7' title="bbox 395 689 1968 762">
    <p class='ocr_par' dir='ltr' id='par_1_7' title="bbox 395 689 1968 762">
     <span class='ocr_line' id='line_1_7' title="bbox 395 689 1968 762; baseline 0.001 -20"><span class='ocrx_word' id='word_1_30' title='bbox 395 690 733 761; x_wconf 78' lang='grc' dir='ltr'>βιώσονταιῆ</span> <span class='ocrx_word' id='word_1_31' title='bbox 774 691 869 761; x_wconf 81' lang='grc' dir='ltr'>μὴ,</span> <span class='ocrx_word' id='word_1_32' title='bbox 901 691 994 744; x_wconf 80' lang='grc' dir='ltr'>καὶ</span> <span class='ocrx_word' id='word_1_33' title='bbox 1023 691 1151 762; x_wconf 77' lang='grc' dir='ltr'>περὶ</span> <span class='ocrx_word' id='word_1_34' title='bbox 1180 689 1479 760; x_wconf 82' lang='grc' dir='ltr'><strong>μελλούσης</strong></span> <span class='ocrx_word' id='word_1_35' title='bbox 1511 690 1729 744; x_wconf 79' lang='grc' dir='ltr'>ἔσεσθαι</span> <span class='ocrx_word' id='word_1_36' title='bbox 1759 690 1837 760; x_wconf 81' lang='grc' dir='ltr'>τῷ</span> <span class='ocrx_word' id='word_1_37' title='bbox 1856 690 1968 761; x_wconf 88' lang='grc' dir='ltr'>λαῷ</span> 
     </span>
    </p>
   </div>
   <div class='ocr_carea' id='block_1_8' title="bbox 394 783 1969 856">
    <p class='ocr_par' dir='ltr' id='par_1_8' title="bbox 394 783 1969 856">
     <span class='ocr_line' id='line_1_8' title="bbox 394 783 1969 856; baseline 0 -19"><span class='ocrx_word' id='word_1_38' title='bbox 394 783 665 854; x_wconf 80' lang='grc' dir='ltr'><strong>εὐθηνίας,</strong></span> <span class='ocrx_word' id='word_1_39' title='bbox 699 786 792 837; x_wconf 78' lang='grc' dir='ltr'><strong>καὶ</strong></span> <span class='ocrx_word' id='word_1_40' title='bbox 820 785 941 856; x_wconf 82' lang='grc' dir='ltr'>περὶ</span> <span class='ocrx_word' id='word_1_41' title='bbox 970 785 1142 839; x_wconf 80' lang='grc' dir='ltr'>ἄλλων</span> <span class='ocrx_word' id='word_1_42' title='bbox 1177 785 1402 856; x_wconf 81' lang='grc' dir='ltr'>μυρίων,</span> <span class='ocrx_word' id='word_1_43' title='bbox 1433 783 1469 837; x_wconf 80' lang='grc' dir='ltr'><strong>ἃ.</strong></span> <span class='ocrx_word' id='word_1_44' title='bbox 1491 785 1610 846; x_wconf 88' lang='grc' dir='ltr'>ταῖς</span> <span class='ocrx_word' id='word_1_45' title='bbox 1631 784 1747 836; x_wconf 85' lang='grc' dir='ltr'>κατ’</span> <span class='ocrx_word' id='word_1_46' title='bbox 1774 783 1969 846; x_wconf 79' lang='grc' dir='ltr'>αὐτοὺς</span> 
     </span>
    </p>
   </div>
   <div class='ocr_carea' id='block_1_9' title="bbox 396 872 1968 948">
    <p class='ocr_par' dir='ltr' id='par_1_9' title="bbox 396 872 1968 948">
     <span class='ocr_line' id='line_1_9' title="bbox 396 872 1968 948; baseline 0.001 -20"><span class='ocrx_word' id='word_1_47' title='bbox 396 876 658 946; x_wconf 81' lang='grc' dir='ltr'><strong>ἱστορίαις</strong></span> <span class='ocrx_word' id='word_1_48' title='bbox 698 877 1026 947; x_wconf 76' lang='grc' dir='ltr'>ἐμφέρεται·</span> <span class='ocrx_word' id='word_1_49' title='bbox 1065 877 1207 948; x_wconf 78' lang='grc' dir='ltr'>ἅπερ</span> <span class='ocrx_word' id='word_1_50' title='bbox 1232 878 1278 928; x_wconf 87' lang='grc' dir='ltr'><strong>εί</strong></span> <span class='ocrx_word' id='word_1_51' title='bbox 1315 877 1388 947; x_wconf 82' lang='grc' dir='ltr'>μὴ</span> <span class='ocrx_word' id='word_1_52' title='bbox 1421 876 1608 929; x_wconf 88' lang='grc' dir='ltr'>τοῦτον</span> <span class='ocrx_word' id='word_1_53' title='bbox 1640 872 1852 944; x_wconf 84' lang='grc' dir='ltr'>γεγόνει</span> <span class='ocrx_word' id='word_1_54' title='bbox 1879 874 1968 930; x_wconf 85' lang='grc' dir='ltr'>τὸν</span> 
     </span>
    </p>
   </div>
   <div class='ocr_carea' id='block_1_10' title="bbox 393 963 1968 1040">
    <p class='ocr_par' dir='ltr' id='par_1_10' title="bbox 393 963 1968 1040">
     <span class='ocr_line' id='line_1_10' title="bbox 393 963 1968 1040; baseline -0.001 -21"><span class='ocrx_word' id='word_1_55' title='bbox 393 967 611 1038; x_wconf 85' lang='grc' dir='ltr'><strong>τρόπον,</strong></span> <span class='ocrx_word' id='word_1_56' title='bbox 641 967 1019 1040; x_wconf 80' lang='grc' dir='ltr'>ἀποκρινέσθω</span> <span class='ocrx_word' id='word_1_57' title='bbox 1049 987 1152 1030; x_wconf 88' lang='grc' dir='ltr'>τις,</span> <span class='ocrx_word' id='word_1_58' title='bbox 1184 968 1288 1020; x_wconf 89' lang='grc' dir='ltr'>τίνι</span> <span class='ocrx_word' id='word_1_59' title='bbox 1320 968 1518 1037; x_wconf 87' lang='grc' dir='ltr'>δήποτε</span> <span class='ocrx_word' id='word_1_60' title='bbox 1546 963 1638 1020; x_wconf 64' lang='grc' dir='ltr'><strong>οῦν</strong></span> <span class='ocrx_word' id='word_1_61' title='bbox 1665 967 1806 1036; x_wconf 83' lang='grc' dir='ltr'>λόγῳ</span> <span class='ocrx_word' id='word_1_62' title='bbox 1836 985 1968 1038; x_wconf 86' lang='grc' dir='ltr'>προ-</span> 
     </span>
    </p>
   </div>
   <div class='ocr_carea' id='block_1_11' title="bbox 393 1059 1968 1130">
    <p class='ocr_par' dir='ltr' id='par_1_11' title="bbox 393 1059 1968 1130">
     <span class='ocr_line' id='line_1_11' title="bbox 393 1059 1968 1130; baseline 0 -18"><span class='ocrx_word' id='word_1_63' title='bbox 393 1060 564 1130; x_wconf 84' lang='grc' dir='ltr'>φήτας</span> <span class='ocrx_word' id='word_1_64' title='bbox 600 1059 829 1130; x_wconf 85' lang='grc' dir='ltr'>ήγοῦντό</span> <span class='ocrx_word' id='word_1_65' title='bbox 872 1077 930 1112; x_wconf 89' lang='grc' dir='ltr'><strong>τε</strong></span> <span class='ocrx_word' id='word_1_66' title='bbox 967 1060 1061 1112; x_wconf 74' lang='grc' dir='ltr'>καὶ</span> <span class='ocrx_word' id='word_1_67' title='bbox 1090 1060 1394 1112; x_wconf 78' lang='grc' dir='ltr'>ἀπεκάλουν</span> <span class='ocrx_word' id='word_1_68' title='bbox 1420 1099 1434 1122; x_wconf 94' lang='grc'><strong>,</strong></span> <span class='ocrx_word' id='word_1_69' title='bbox 1484 1059 1516 1129; x_wconf 86' lang='grc' dir='ltr'>ἢ</span> <span class='ocrx_word' id='word_1_70' title='bbox 1548 1059 1634 1112; x_wconf 87' lang='grc' dir='ltr'><strong>διά</strong></span> <span class='ocrx_word' id='word_1_71' title='bbox 1669 1060 1720 1112; x_wconf 88' lang='grc' dir='ltr'><strong>τί</strong></span> <span class='ocrx_word' id='word_1_72' title='bbox 1750 1061 1968 1130; x_wconf 79' lang='grc' dir='ltr'>γραφῆς</span> 
     </span>
    </p>
   </div>
   <div class='ocr_carea' id='block_1_12' title="bbox 391 1151 1968 1222">
    <p class='ocr_par' dir='ltr' id='par_1_12' title="bbox 391 1151 1968 1222">
     <span class='ocr_line' id='line_1_12' title="bbox 391 1151 1968 1222; baseline 0.002 -21"><span class='ocrx_word' id='word_1_73' title='bbox 391 1151 515 1214; x_wconf 85' lang='grc' dir='ltr'>τοὺς</span> <span class='ocrx_word' id='word_1_74' title='bbox 544 1151 733 1218; x_wconf 87' lang='grc' dir='ltr'>λόγους</span> <span class='ocrx_word' id='word_1_75' title='bbox 769 1151 946 1205; x_wconf 74' lang='grc' dir='ltr'>αὐτῶν</span> <span class='ocrx_word' id='word_1_76' title='bbox 981 1151 1200 1220; x_wconf 82' lang='grc' dir='ltr'>ήξίουν;</span> <span class='ocrx_word' id='word_1_77' title='bbox 1234 1152 1329 1214; x_wconf 90' lang='grc' dir='ltr'>Τίς</span> <span class='ocrx_word' id='word_1_78' title='bbox 1354 1151 1396 1203; x_wconf 84' lang='grc' dir='ltr'>δ’</span> <span class='ocrx_word' id='word_1_79' title='bbox 1427 1153 1458 1222; x_wconf 85' lang='grc' dir='ltr'><strong>ὴ</strong></span> <span class='ocrx_word' id='word_1_80' title='bbox 1499 1153 1648 1206; x_wconf 84' lang='grc' dir='ltr'>αἰτία</span> <span class='ocrx_word' id='word_1_81' title='bbox 1687 1152 1752 1205; x_wconf 81' lang='grc' dir='ltr'><strong>δι’</strong></span> <span class='ocrx_word' id='word_1_82' title='bbox 1779 1153 1844 1222; x_wconf 78' lang='grc' dir='ltr'>ἢν</span> <span class='ocrx_word' id='word_1_83' title='bbox 1874 1153 1968 1206; x_wconf 76' lang='grc' dir='ltr'>καὶ</span> 
     </span>
    </p>
   </div>
   <div class='ocr_carea' id='block_1_13' title="bbox 391 1240 1966 1313">
    <p class='ocr_par' dir='ltr' id='par_1_13' title="bbox 391 1240 1966 1313">
     <span class='ocr_line' id='line_1_13' title="bbox 391 1240 1966 1313; baseline 0.003 -22"><span class='ocrx_word' id='word_1_84' title='bbox 391 1244 504 1303; x_wconf 85' lang='grc' dir='ltr'>τοῖς</span> <span class='ocrx_word' id='word_1_85' title='bbox 530 1242 822 1312; x_wconf 85' lang='grc' dir='ltr'>μετέπειτα</span> <span class='ocrx_word' id='word_1_86' title='bbox 854 1243 1038 1296; x_wconf 77' lang='grc' dir='ltr'>παισὶν</span> <span class='ocrx_word' id='word_1_87' title='bbox 1065 1240 1293 1304; x_wconf 80' lang='grc' dir='ltr'>ἑαυτῶν,</span> <span class='ocrx_word' id='word_1_88' title='bbox 1319 1241 1394 1304; x_wconf 84' lang='grc' dir='ltr'>ὼς</span> <span class='ocrx_word' id='word_1_89' title='bbox 1419 1242 1484 1294; x_wconf 86' lang='grc' dir='ltr'>ἂν</span> <span class='ocrx_word' id='word_1_90' title='bbox 1507 1243 1570 1313; x_wconf 79' lang='grc' dir='ltr'>δὴ</span> <span class='ocrx_word' id='word_1_91' title='bbox 1597 1242 1762 1306; x_wconf 87' lang='grc' dir='ltr'>θείας,</span> <span class='ocrx_word' id='word_1_92' title='bbox 1788 1243 1966 1297; x_wconf 84' lang='grc' dir='ltr'>αὐτῶν</span> 
     </span>
    </p>
   </div>
   <div class='ocr_carea' id='block_1_14' title="bbox 389 1333 1966 1408">
    <p class='ocr_par' dir='ltr' id='par_1_14' title="bbox 389 1333 1966 1408">
     <span class='ocr_line' id='line_1_14' title="bbox 389 1333 1966 1408; baseline 0.002 -22"><span class='ocrx_word' id='word_1_93' title='bbox 389 1333 485 1397; x_wconf 74' lang='grc' dir='ltr'><strong>τὰς</strong></span> <span class='ocrx_word' id='word_1_94' title='bbox 516 1335 732 1406; x_wconf 72' lang='grc' dir='ltr'>γραφὰς</span> <span class='ocrx_word' id='word_1_95' title='bbox 764 1336 1152 1405; x_wconf 79' lang='grc' dir='ltr'>παρεδίδοσαν;</span> <span class='ocrx_word' id='word_1_96' title='bbox 1184 1337 1364 1408; x_wconf 77' lang='grc' dir='ltr'>Μηδὲν</span> <span class='ocrx_word' id='word_1_97' title='bbox 1391 1336 1501 1408; x_wconf 87' lang='grc' dir='ltr'><strong>γάρ</strong></span> <span class='ocrx_word' id='word_1_98' title='bbox 1542 1353 1593 1388; x_wconf 91' lang='grc' dir='ltr'><strong>τι</strong></span> <span class='ocrx_word' id='word_1_99' title='bbox 1641 1335 1781 1388; x_wconf 83' lang='grc' dir='ltr'>θεῖον</span> <span class='ocrx_word' id='word_1_100' title='bbox 1833 1336 1966 1406; x_wconf 87' lang='grc' dir='ltr'><strong>μηδέ</strong></span> 
     </span>
    </p>
   </div>
   <div class='ocr_carea' id='block_1_15' title="bbox 390 1424 1962 1496">
    <p class='ocr_par' dir='ltr' id='par_1_15' title="bbox 390 1424 1962 1496">
     <span class='ocr_line' id='line_1_15' title="bbox 390 1424 1962 1496; baseline 0.002 -21"><span class='ocrx_word' id='word_1_101' title='bbox 390 1424 690 1495; x_wconf 76' lang='grc' dir='ltr'>παράδοξον</span> <span class='ocrx_word' id='word_1_102' title='bbox 721 1426 778 1477; x_wconf 84' lang='grc' dir='ltr'><strong>ἐν</strong></span> <span class='ocrx_word' id='word_1_103' title='bbox 810 1428 924 1486; x_wconf 86' lang='grc' dir='ltr'>τοῖς</span> <span class='ocrx_word' id='word_1_104' title='bbox 951 1426 1206 1496; x_wconf 71' lang='grc' dir='ltr'>ἀνδράσιν</span> <span class='ocrx_word' id='word_1_105' title='bbox 1240 1425 1553 1496; x_wconf 80' lang='grc' dir='ltr'>ἑωρακότας</span> <span class='ocrx_word' id='word_1_106' title='bbox 1583 1425 1706 1494; x_wconf 74' lang='grc' dir='ltr'>εἰκῆ</span> <span class='ocrx_word' id='word_1_107' title='bbox 1736 1427 1827 1479; x_wconf 76' lang='grc' dir='ltr'>καὶ</span> <span class='ocrx_word' id='word_1_108' title='bbox 1858 1426 1962 1495; x_wconf 87' lang='grc' dir='ltr'>μά-</span> 
     </span>
    </p>
   </div>
   <div class='ocr_carea' id='block_1_16' title="bbox 387 1517 1964 1588">
    <p class='ocr_par' dir='ltr' id='par_1_16' title="bbox 387 1517 1964 1588">
     <span class='ocr_line' id='line_1_16' title="bbox 387 1517 1964 1588; baseline 0 -19"><span class='ocrx_word' id='word_1_109' title='bbox 387 1532 487 1588; x_wconf 88' lang='grc' dir='ltr'><strong>την</strong></span> <span class='ocrx_word' id='word_1_110' title='bbox 513 1517 720 1572; x_wconf 70' lang='grc' dir='ltr'>οἴεσθαι</span> <span class='ocrx_word' id='word_1_111' title='bbox 750 1518 878 1586; x_wconf 75' lang='grc' dir='ltr'>περὶ</span> <span class='ocrx_word' id='word_1_112' title='bbox 916 1517 1092 1571; x_wconf 78' lang='grc' dir='ltr'>αὐτῶν</span> <span class='ocrx_word' id='word_1_113' title='bbox 1133 1517 1355 1570; x_wconf 86' lang='grc' dir='ltr'>τοιαῦτα</span> <span class='ocrx_word' id='word_1_114' title='bbox 1378 1517 1728 1588; x_wconf 62' lang='grc' dir='ltr'>διειληνξέναι,</span> <span class='ocrx_word' id='word_1_115' title='bbox 1750 1517 1964 1570; x_wconf 87' lang='grc' dir='ltr'>πάντων</span> 
     </span>
    </p>
   </div>
   <div class='ocr_carea' id='block_1_17' title="bbox 387 1609 1962 1680">
    <p class='ocr_par' dir='ltr' id='par_1_17' title="bbox 387 1609 1962 1680">
     <span class='ocr_line' id='line_1_17' title="bbox 387 1609 1962 1680; baseline -0.002 -16"><span class='ocrx_word' id='word_1_116' title='bbox 387 1611 536 1664; x_wconf 65' lang='grc' dir='ltr'>ἐστὶν</span> <span class='ocrx_word' id='word_1_117' title='bbox 561 1609 986 1663; x_wconf 76' lang='grc' dir='ltr'>ἀπιθανώτατον.</span> <span class='ocrx_word' id='word_1_118' title='bbox 1011 1611 1073 1661; x_wconf 85' lang='grc' dir='ltr'><strong>Εἰ</strong></span> <span class='ocrx_word' id='word_1_119' title='bbox 1093 1611 1136 1662; x_wconf 80' lang='grc' dir='ltr'>δ’</span> <span class='ocrx_word' id='word_1_120' title='bbox 1158 1611 1457 1680; x_wconf 85' lang='grc' dir='ltr'>ἀναδράμοι</span> <span class='ocrx_word' id='word_1_121' title='bbox 1479 1627 1562 1672; x_wconf 89' lang='grc' dir='ltr'><strong>τις</strong></span> <span class='ocrx_word' id='word_1_122' title='bbox 1587 1612 1678 1662; x_wconf 83' lang='grc' dir='ltr'>ἐπὶ</span> <span class='ocrx_word' id='word_1_123' title='bbox 1700 1610 1825 1672; x_wconf 80' lang='grc' dir='ltr'>τοὺς</span> <span class='ocrx_word' id='word_1_124' title='bbox 1843 1609 1962 1662; x_wconf 89' lang='grc' dir='ltr'>τότε</span> 
     </span>
    </p>
   </div>
   <div class='ocr_carea' id='block_1_18' title="bbox 388 1701 1960 1776">
    <p class='ocr_par' dir='ltr' id='par_1_18' title="bbox 388 1701 1960 1776">
     <span class='ocr_line' id='line_1_18' title="bbox 388 1701 1960 1776; baseline -0.002 -19"><span class='ocrx_word' id='word_1_125' title='bbox 388 1705 610 1776; x_wconf 76' lang='grc' dir='ltr'>χρόνους</span> <span class='ocrx_word' id='word_1_126' title='bbox 641 1705 705 1773; x_wconf 78' lang='grc' dir='ltr'>τῇ</span> <span class='ocrx_word' id='word_1_127' title='bbox 728 1702 952 1772; x_wconf 79' lang='grc' dir='ltr'>διανοίᾳ,</span> <span class='ocrx_word' id='word_1_128' title='bbox 990 1701 1040 1754; x_wconf 92' lang='grc' dir='ltr'><strong>τί</strong></span> <span class='ocrx_word' id='word_1_129' title='bbox 1073 1703 1181 1774; x_wconf 80' lang='grc' dir='ltr'>ἄρα</span> <span class='ocrx_word' id='word_1_130' title='bbox 1209 1705 1563 1774; x_wconf 81' lang='grc' dir='ltr'>ἐπινοήσειεν,</span> <span class='ocrx_word' id='word_1_131' title='bbox 1599 1703 1739 1773; x_wconf 84' lang='grc' dir='ltr'>ὁρῶν</span> <span class='ocrx_word' id='word_1_132' title='bbox 1765 1702 1960 1773; x_wconf 76' lang='grc' dir='ltr'>ἄνδρας</span> 
     </span>
    </p>
   </div>
   <div class='ocr_carea' id='block_1_19' title="bbox 387 1782 1962 1864">
    <p class='ocr_par' dir='ltr' id='par_1_19' title="bbox 387 1782 1962 1864">
     <span class='ocr_line' id='line_1_19' title="bbox 387 1782 1962 1864; baseline -0.001 -18"><span class='ocrx_word' id='word_1_133' title='bbox 387 1793 674 1864; x_wconf 83' lang='grc' dir='ltr'>ἀγροίκους</span> <span class='ocrx_word' id='word_1_134' title='bbox 704 1793 796 1845; x_wconf 80' lang='grc' dir='ltr'>καὶ</span> <span class='ocrx_word' id='word_1_135' title='bbox 836 1782 896 1842; x_wconf 75' lang='grc' dir='ltr'><strong>τὸ</strong></span> <span class='ocrx_word' id='word_1_136' title='bbox 935 1793 1117 1862; x_wconf 83' lang='grc' dir='ltr'>σχῆμα</span> <span class='ocrx_word' id='word_1_137' title='bbox 1147 1792 1358 1854; x_wconf 78' lang='grc' dir='ltr'>λιτοὺς,</span> <span class='ocrx_word' id='word_1_138' title='bbox 1392 1793 1644 1855; x_wconf 83' lang='grc' dir='ltr'>αἰπόλους</span> <span class='ocrx_word' id='word_1_139' title='bbox 1684 1791 1834 1854; x_wconf 80' lang='grc' dir='ltr'>τινὰς</span> <span class='ocrx_word' id='word_1_140' title='bbox 1871 1792 1962 1844; x_wconf 80' lang='grc' dir='ltr'>καὶ</span> 
     </span>
    </p>
   </div>
   <div class='ocr_carea' id='block_1_20' title="bbox 2070 598 3635 673">
    <p class='ocr_par' dir='ltr' id='par_1_20' title="bbox 2070 598 3635 673">
     <span class='ocr_line' id='line_1_20' title="bbox 2070 598 3635 673; baseline 0.003 -20"><span class='ocrx_word' id='word_1_141' title='bbox 2070 598 2138 654; x_wconf 88' lang='lat' dir='ltr'><strong>de</strong></span> <span class='ocrx_word' id='word_1_142' title='bbox 2185 601 2424 670; x_wconf 76' lang='lat' dir='ltr'><strong>graviter</strong></span> <span class='ocrx_word' id='word_1_143' title='bbox 2467 603 2880 673; x_wconf 68' lang='lat' dir='ltr'><strong>aegrotantibus,</strong></span> <span class='ocrx_word' id='word_1_144' title='bbox 2938 610 3123 658; x_wconf 88' lang='lat' dir='ltr'><strong>utrum</strong></span> <span class='ocrx_word' id='word_1_145' title='bbox 3165 604 3635 665; x_wconf 83' lang='lat' dir='ltr'><strong>convalescerent.</strong></span> 
     </span>
    </p>
   </div>
   <div class='ocr_carea' id='block_1_21' title="bbox 2068 691 3628 768">
    <p class='ocr_par' dir='ltr' id='par_1_21' title="bbox 2068 691 3628 768">
     <span class='ocr_line' id='line_1_21' title="bbox 2068 691 3628 768; baseline 0.005 -24"><span class='ocrx_word' id='word_1_146' title='bbox 2068 705 2260 755; x_wconf 86' lang='lat' dir='ltr'><strong>necne,</strong></span> <span class='ocrx_word' id='word_1_147' title='bbox 2293 691 2359 746; x_wconf 90' lang='lat' dir='ltr'><strong>de</strong></span> <span class='ocrx_word' id='word_1_148' title='bbox 2375 693 2544 748; x_wconf 84' lang='lat' dir='ltr'><strong>rebus</strong></span> <span class='ocrx_word' id='word_1_149' title='bbox 2571 695 2772 764; x_wconf 91' lang='lat' dir='ltr'><strong>populo</strong></span> <span class='ocrx_word' id='word_1_150' title='bbox 2792 694 3024 750; x_wconf 78' lang='lat' dir='ltr'><strong>feliciter</strong></span> <span class='ocrx_word' id='word_1_151' title='bbox 3049 696 3311 761; x_wconf 89' lang='lat' dir='ltr'><strong>cessuris,</strong></span> <span class='ocrx_word' id='word_1_152' title='bbox 3334 697 3628 768; x_wconf 79' lang='lat' dir='ltr'><strong>multisque</strong></span> 
     </span>
    </p>
   </div>
   <div class='ocr_carea' id='block_1_22' title="bbox 2069 783 3629 860">
    <p class='ocr_par' dir='ltr' id='par_1_22' title="bbox 2069 783 3629 860">
     <span class='ocr_line' id='line_1_22' title="bbox 2069 783 3629 860; baseline 0.006 -26"><span class='ocrx_word' id='word_1_153' title='bbox 2069 783 2209 845; x_wconf 86' lang='lat' dir='ltr'><strong>aliis,</strong></span> <span class='ocrx_word' id='word_1_154' title='bbox 2235 799 2356 854; x_wconf 64' lang='lat' dir='ltr'><strong>qua:</strong></span> <span class='ocrx_word' id='word_1_155' title='bbox 2385 785 2439 838; x_wconf 93' lang='lat' dir='ltr'><strong>in</strong></span> <span class='ocrx_word' id='word_1_156' title='bbox 2481 801 2670 840; x_wconf 91' lang='lat' dir='ltr'><strong>eorum</strong></span> <span class='ocrx_word' id='word_1_157' title='bbox 2703 788 2948 843; x_wconf 77' lang='lat' dir='ltr'><strong>historiis</strong></span> <span class='ocrx_word' id='word_1_158' title='bbox 2989 791 3229 859; x_wconf 88' lang='lat' dir='ltr'><strong>reperire</strong></span> <span class='ocrx_word' id='word_1_159' title='bbox 3260 798 3344 845; x_wconf 89' lang='lat' dir='ltr'><strong>est</strong></span> <span class='ocrx_word' id='word_1_160' title='bbox 3371 812 3382 847; x_wconf 90' lang='lat'><strong>:</strong></span> <span class='ocrx_word' id='word_1_161' title='bbox 3407 790 3552 860; x_wconf 92' lang='lat' dir='ltr'><strong>quod</strong></span> <span class='ocrx_word' id='word_1_162' title='bbox 3585 791 3629 843; x_wconf 92' lang='lat' dir='ltr'><strong>si</strong></span> 
     </span>
    </p>
   </div>
   <div class='ocr_carea' id='block_1_23' title="bbox 2067 875 3631 951">
    <p class='ocr_par' dir='ltr' id='par_1_23' title="bbox 2067 875 3631 951">
     <span class='ocr_line' id='line_1_23' title="bbox 2067 875 3631 951; baseline 0.004 -24"><span class='ocrx_word' id='word_1_163' title='bbox 2067 889 2175 928; x_wconf 93' lang='lat' dir='ltr'><strong>non</strong></span> <span class='ocrx_word' id='word_1_164' title='bbox 2196 875 2267 928; x_wconf 94' lang='lat' dir='ltr'><strong>ita</strong></span> <span class='ocrx_word' id='word_1_165' title='bbox 2286 891 2344 930; x_wconf 92' lang='lat' dir='ltr'><strong>se</strong></span> <span class='ocrx_word' id='word_1_166' title='bbox 2365 877 2701 945; x_wconf 86' lang='lat' dir='ltr'><strong>habuissent,</strong></span> <span class='ocrx_word' id='word_1_167' title='bbox 2732 880 2862 934; x_wconf 92' lang='lat' dir='ltr'><strong>mihi</strong></span> <span class='ocrx_word' id='word_1_168' title='bbox 2880 881 3263 950; x_wconf 84' lang='lat' dir='ltr'><strong>respondeant,</strong></span> <span class='ocrx_word' id='word_1_169' title='bbox 3287 882 3373 937; x_wconf 88' lang='lat' dir='ltr'><strong>cui</strong></span> <span class='ocrx_word' id='word_1_170' title='bbox 3391 896 3631 951; x_wconf 81' lang='lat' dir='ltr'><strong>unquam</strong></span> 
     </span>
    </p>
   </div>
   <div class='ocr_carea' id='block_1_24' title="bbox 2069 965 3626 1042">
    <p class='ocr_par' dir='ltr' id='par_1_24' title="bbox 2069 965 3626 1042">
     <span class='ocr_line' id='line_1_24' title="bbox 2069 965 3626 1042; baseline 0.005 -26"><span class='ocrx_word' id='word_1_171' title='bbox 2069 965 2238 1034; x_wconf 81' lang='lat' dir='ltr'><strong>igitur</strong></span> <span class='ocrx_word' id='word_1_172' title='bbox 2295 968 2464 1022; x_wconf 90' lang='lat' dir='ltr'><strong>verbo</strong></span> <span class='ocrx_word' id='word_1_173' title='bbox 2524 970 2815 1038; x_wconf 83' lang='lat' dir='ltr'><strong>prophetas</strong></span> <span class='ocrx_word' id='word_1_174' title='bbox 2861 972 3212 1042; x_wconf 82' lang='lat' dir='ltr'><strong>agnovissent</strong></span> <span class='ocrx_word' id='word_1_175' title='bbox 3260 973 3626 1030; x_wconf 86' lang='lat' dir='ltr'><strong>vocavissent-</strong></span> 
     </span>
    </p>
   </div>
   <div class='ocr_carea' id='block_1_25' title="bbox 2068 1059 3632 1133">
    <p class='ocr_par' dir='ltr' id='par_1_25' title="bbox 2068 1059 3632 1133">
     <span class='ocr_line' id='line_1_25' title="bbox 2068 1059 3632 1133; baseline 0.005 -23"><span class='ocrx_word' id='word_1_176' title='bbox 2068 1073 2194 1126; x_wconf 91' lang='lat' dir='ltr'><strong>que.</strong></span> <span class='ocrx_word' id='word_1_177' title='bbox 2231 1059 2316 1112; x_wconf 94' lang='lat' dir='ltr'><strong>vel</strong></span> <span class='ocrx_word' id='word_1_178' title='bbox 2350 1075 2449 1112; x_wconf 85' lang='lat' dir='ltr'><strong>cur</strong></span> <span class='ocrx_word' id='word_1_179' title='bbox 2475 1075 2666 1114; x_wconf 88' lang='lat' dir='ltr'><strong>eorum</strong></span> <span class='ocrx_word' id='word_1_180' title='bbox 2697 1064 2861 1116; x_wconf 87' lang='lat' dir='ltr'><strong>verba</strong></span> <span class='ocrx_word' id='word_1_181' title='bbox 2896 1065 3116 1133; x_wconf 87' lang='lat' dir='ltr'><strong>scriptis</strong></span> <span class='ocrx_word' id='word_1_182' title='bbox 3146 1066 3412 1120; x_wconf 88' lang='lat' dir='ltr'><strong>servanda</strong></span> <span class='ocrx_word' id='word_1_183' title='bbox 3442 1080 3632 1120; x_wconf 91' lang='lat' dir='ltr'><strong>curas-</strong></span> 
     </span>
    </p>
   </div>
   <div class='ocr_carea' id='block_1_26' title="bbox 2068 1149 3630 1226">
    <p class='ocr_par' dir='ltr' id='par_1_26' title="bbox 2068 1149 3630 1226">
     <span class='ocr_line' id='line_1_26' title="bbox 2068 1149 3630 1226; baseline 0.007 -25"><span class='ocrx_word' id='word_1_184' title='bbox 2068 1149 2224 1202; x_wconf 85' lang='lat' dir='ltr'><strong>sent?</strong></span> <span class='ocrx_word' id='word_1_185' title='bbox 2266 1149 2630 1214; x_wconf 84' lang='lat' dir='ltr'><strong>Quamobrem</strong></span> <span class='ocrx_word' id='word_1_186' title='bbox 2671 1154 2973 1220; x_wconf 77' lang='lat' dir='ltr'><strong>posteritati</strong></span> <span class='ocrx_word' id='word_1_187' title='bbox 3025 1171 3137 1210; x_wconf 75' lang='lat' dir='ltr'><strong>suze</strong></span> <span class='ocrx_word' id='word_1_188' title='bbox 3180 1157 3379 1226; x_wconf 85' lang='lat' dir='ltr'><strong>scripta</strong></span> <span class='ocrx_word' id='word_1_189' title='bbox 3415 1172 3630 1222; x_wconf 88' lang='lat' dir='ltr'><strong>eorum,</strong></span> 
     </span>
    </p>
   </div>
   <div class='ocr_carea' id='block_1_27' title="bbox 2067 1238 3633 1318">
    <p class='ocr_par' dir='ltr' id='par_1_27' title="bbox 2067 1238 3633 1318">
     <span class='ocr_line' id='line_1_27' title="bbox 2067 1238 3633 1318; baseline 0.006 -28"><span class='ocrx_word' id='word_1_190' title='bbox 2067 1238 2222 1307; x_wconf 90' lang='lat' dir='ltr'><strong>quasi</strong></span> <span class='ocrx_word' id='word_1_191' title='bbox 2269 1239 2452 1293; x_wconf 83' lang='lat' dir='ltr'><strong>divina</strong></span> <span class='ocrx_word' id='word_1_192' title='bbox 2511 1242 2899 1298; x_wconf 82' lang='lat' dir='ltr'><strong>tradidissent?</strong></span> <span class='ocrx_word' id='word_1_193' title='bbox 2939 1244 3092 1299; x_wconf 87' lang='lat' dir='ltr'><strong>Haud</strong></span> <span class='ocrx_word' id='word_1_194' title='bbox 3135 1248 3432 1318; x_wconf 86' lang='lat' dir='ltr'><strong>quidquam</strong></span> <span class='ocrx_word' id='word_1_195' title='bbox 3485 1247 3633 1300; x_wconf 90' lang='lat' dir='ltr'><strong>enim</strong></span> 
     </span>
    </p>
   </div>
   <div class='ocr_carea' id='block_1_28' title="bbox 2066 1331 3632 1408">
    <p class='ocr_par' dir='ltr' id='par_1_28' title="bbox 2066 1331 3632 1408">
     <span class='ocr_line' id='line_1_28' title="bbox 2066 1331 3632 1408; baseline 0.005 -25"><span class='ocrx_word' id='word_1_196' title='bbox 2066 1331 2258 1396; x_wconf 79' lang='lat' dir='ltr'><strong>divini,</strong></span> <span class='ocrx_word' id='word_1_197' title='bbox 2286 1334 2371 1386; x_wconf 88' lang='lat' dir='ltr'><strong>vel</strong></span> <span class='ocrx_word' id='word_1_198' title='bbox 2404 1335 2648 1402; x_wconf 61' lang='lat' dir='ltr'><strong>praeclari</strong></span> <span class='ocrx_word' id='word_1_199' title='bbox 2698 1334 2752 1389; x_wconf 92' lang='lat' dir='ltr'><strong>in</strong></span> <span class='ocrx_word' id='word_1_200' title='bbox 2797 1335 2917 1390; x_wconf 90' lang='lat' dir='ltr'><strong>istis</strong></span> <span class='ocrx_word' id='word_1_201' title='bbox 2951 1338 3082 1392; x_wconf 90' lang='lat' dir='ltr'><strong>viris</strong></span> <span class='ocrx_word' id='word_1_202' title='bbox 3128 1339 3519 1408; x_wconf 87' lang='lat' dir='ltr'><strong>perspicientes</strong></span> <span class='ocrx_word' id='word_1_203' title='bbox 3553 1345 3632 1391; x_wconf 89' lang='lat' dir='ltr'><strong>te-</strong></span> 
     </span>
    </p>
   </div>
   <div class='ocr_carea' id='block_1_29' title="bbox 2066 1424 3633 1499">
    <p class='ocr_par' dir='ltr' id='par_1_29' title="bbox 2066 1424 3633 1499">
     <span class='ocr_line' id='line_1_29' title="bbox 2066 1424 3633 1499; baseline 0.003 -23"><span class='ocrx_word' id='word_1_204' title='bbox 2066 1438 2214 1477; x_wconf 89' lang='lat' dir='ltr'><strong>mere</strong></span> <span class='ocrx_word' id='word_1_205' title='bbox 2245 1438 2309 1476; x_wconf 91' lang='lat' dir='ltr'><strong>ac</strong></span> <span class='ocrx_word' id='word_1_206' title='bbox 2340 1424 2744 1480; x_wconf 87' lang='lat' dir='ltr'><strong>inconsiderate</strong></span> <span class='ocrx_word' id='word_1_207' title='bbox 2785 1427 2852 1480; x_wconf 91' lang='lat' dir='ltr'><strong>de</strong></span> <span class='ocrx_word' id='word_1_208' title='bbox 2882 1427 3016 1496; x_wconf 90' lang='lat' dir='ltr'><strong>ipsis</strong></span> <span class='ocrx_word' id='word_1_209' title='bbox 3049 1429 3175 1482; x_wconf 90' lang='lat' dir='ltr'><strong>talia</strong></span> <span class='ocrx_word' id='word_1_210' title='bbox 3209 1430 3484 1499; x_wconf 89' lang='lat' dir='ltr'><strong>accepisse</strong></span> <span class='ocrx_word' id='word_1_211' title='bbox 3521 1429 3633 1497; x_wconf 38' lang='lat' dir='ltr'><strong>opis</strong></span> 
     </span>
    </p>
   </div>
   <div class='ocr_carea' id='block_1_30' title="bbox 2065 1512 3632 1588">
    <p class='ocr_par' dir='ltr' id='par_1_30' title="bbox 2065 1512 3632 1588">
     <span class='ocr_line' id='line_1_30' title="bbox 2065 1512 3632 1588; baseline 0.003 -23"><span class='ocrx_word' id='word_1_212' title='bbox 2065 1512 2207 1571; x_wconf 88' lang='lat' dir='ltr'><strong>nari.</strong></span> <span class='ocrx_word' id='word_1_213' title='bbox 2248 1513 2663 1570; x_wconf 86' lang='lat' dir='ltr'><strong>stolidissimum</strong></span> <span class='ocrx_word' id='word_1_214' title='bbox 2717 1523 2883 1572; x_wconf 84' lang='lat' dir='ltr'><strong>esset.</strong></span> <span class='ocrx_word' id='word_1_215' title='bbox 2954 1515 3009 1572; x_wconf 88' lang='lat' dir='ltr'><strong>Si</strong></span> <span class='ocrx_word' id='word_1_216' title='bbox 3071 1519 3196 1588; x_wconf 88' lang='lat' dir='ltr'><strong>quis</strong></span> <span class='ocrx_word' id='word_1_217' title='bbox 3251 1520 3364 1573; x_wconf 60' lang='lat' dir='ltr'><strong>hate</strong></span> <span class='ocrx_word' id='word_1_218' title='bbox 3409 1520 3632 1587; x_wconf 91' lang='lat' dir='ltr'><strong>antiqua</strong></span> 
     </span>
    </p>
   </div>
   <div class='ocr_carea' id='block_1_31' title="bbox 2064 1603 3632 1674">
    <p class='ocr_par' dir='ltr' id='par_1_31' title="bbox 2064 1603 3632 1674">
     <span class='ocr_line' id='line_1_31' title="bbox 2064 1603 3632 1674; baseline 0.003 -20"><span class='ocrx_word' id='word_1_219' title='bbox 2064 1610 2246 1656; x_wconf 87' lang='lat' dir='ltr'><strong>mente</strong></span> <span class='ocrx_word' id='word_1_220' title='bbox 2271 1610 2593 1672; x_wconf 87' lang='lat' dir='ltr'><strong>percenseat</strong></span> <span class='ocrx_word' id='word_1_221' title='bbox 2629 1613 2895 1673; x_wconf 89' lang='lat' dir='ltr'><strong>tempora,</strong></span> <span class='ocrx_word' id='word_1_222' title='bbox 2925 1603 3055 1674; x_wconf 91' lang='lat' dir='ltr'><strong>quid</strong></span> <span class='ocrx_word' id='word_1_223' title='bbox 3086 1606 3436 1669; x_wconf 77' lang='lat' dir='ltr'><strong>existimabit,</strong></span> <span class='ocrx_word' id='word_1_224' title='bbox 3464 1604 3632 1659; x_wconf 87' lang='lat' dir='ltr'><strong>rusti-</strong></span> 
     </span>
    </p>
   </div>
   <div class='ocr_carea' id='block_1_32' title="bbox 2065 1693 3632 1764">
    <p class='ocr_par' dir='ltr' id='par_1_32' title="bbox 2065 1693 3632 1764">
     <span class='ocr_line' id='line_1_32' title="bbox 2065 1693 3632 1764; baseline 0.002 -19"><span class='ocrx_word' id='word_1_225' title='bbox 2065 1708 2160 1746; x_wconf 78' lang='lat' dir='ltr'><strong>cos</strong></span> <span class='ocrx_word' id='word_1_226' title='bbox 2183 1693 2377 1748; x_wconf 89' lang='lat' dir='ltr'><strong>videns</strong></span> <span class='ocrx_word' id='word_1_227' title='bbox 2421 1693 2692 1757; x_wconf 87' lang='lat' dir='ltr'><strong>homines,</strong></span> <span class='ocrx_word' id='word_1_228' title='bbox 2733 1695 2956 1764; x_wconf 75' lang='lat' dir='ltr'><strong>ignobili</strong></span> <span class='ocrx_word' id='word_1_229' title='bbox 2985 1696 3198 1760; x_wconf 88' lang='lat' dir='ltr'><strong>habitu,</strong></span> <span class='ocrx_word' id='word_1_230' title='bbox 3230 1696 3494 1750; x_wconf 90' lang='lat' dir='ltr'><strong>bubuleos</strong></span> <span class='ocrx_word' id='word_1_231' title='bbox 3525 1697 3632 1749; x_wconf 89' lang='lat' dir='ltr'><strong>sci-</strong></span> 
     </span>
    </p>
   </div>
   <div class='ocr_carea' id='block_1_33' title="bbox 2065 1785 3633 1858">
    <p class='ocr_par' dir='ltr' id='par_1_33' title="bbox 2065 1785 3633 1858">
     <span class='ocr_line' id='line_1_33' title="bbox 2065 1785 3633 1858; baseline 0.002 -21"><span class='ocrx_word' id='word_1_232' title='bbox 2065 1785 2189 1840; x_wconf 88' lang='lat' dir='ltr'><strong>licet</strong></span> <span class='ocrx_word' id='word_1_233' title='bbox 2235 1794 2617 1856; x_wconf 86' lang='lat' dir='ltr'><strong>pastoresque,</strong></span> <span class='ocrx_word' id='word_1_234' title='bbox 2658 1786 2711 1840; x_wconf 90' lang='lat' dir='ltr'><strong>in</strong></span> <span class='ocrx_word' id='word_1_235' title='bbox 2753 1788 2932 1842; x_wconf 88' lang='lat' dir='ltr'><strong>medio</strong></span> <span class='ocrx_word' id='word_1_236' title='bbox 2957 1789 3126 1843; x_wconf 86' lang='lat' dir='ltr'><strong>totius</strong></span> <span class='ocrx_word' id='word_1_237' title='bbox 3159 1789 3335 1858; x_wconf 85' lang='lat' dir='ltr'><strong>gentis</strong></span> <span class='ocrx_word' id='word_1_238' title='bbox 3361 1788 3633 1857; x_wconf 85' lang='lat' dir='ltr'><strong>prodeun-</strong></span> 
     </span>
    </p>
   </div>
   <div class='ocr_carea' id='block_1_34' title="bbox 387 1865 1961 1956">
    <p class='ocr_par' dir='ltr' id='par_1_34' title="bbox 387 1884 1961 1956">
     <span class='ocr_line' id='line_1_34' title="bbox 387 1884 1961 1956; baseline -0.001 -18"><span class='ocrx_word' id='word_1_239' title='bbox 387 1886 667 1956; x_wconf 83' lang='grc' dir='ltr'>ποιμένας,</span> <span class='ocrx_word' id='word_1_240' title='bbox 695 1888 774 1948; x_wconf 81' lang='grc' dir='ltr'>εἰς</span> <span class='ocrx_word' id='word_1_241' title='bbox 798 1886 959 1956; x_wconf 83' lang='grc' dir='ltr'>μέσον</span> <span class='ocrx_word' id='word_1_242' title='bbox 990 1885 1188 1949; x_wconf 76' lang='grc' dir='ltr'>παντὸς</span> <span class='ocrx_word' id='word_1_243' title='bbox 1207 1884 1299 1937; x_wconf 88' lang='grc' dir='ltr'><strong>τοῦ</strong></span> <span class='ocrx_word' id='word_1_244' title='bbox 1323 1885 1505 1948; x_wconf 76' lang='grc' dir='ltr'>ἔθνους</span> <span class='ocrx_word' id='word_1_245' title='bbox 1534 1886 1846 1954; x_wconf 78' lang='grc' dir='ltr'>παριόντας,</span> <span class='ocrx_word' id='word_1_246' title='bbox 1869 1884 1961 1938; x_wconf 77' lang='grc' dir='ltr'><strong>καὶ</strong></span> 
     </span>
    </p>
   </div>
   <div class='ocr_carea' id='block_1_35' title="bbox 2063 1865 3632 1956">
    <p class='ocr_par' dir='ltr' id='par_1_35' title="bbox 2065 1878 3632 1949">
     <span class='ocr_line' id='line_1_35' title="bbox 2065 1878 3632 1949; baseline 0.001 -19"><span class='ocrx_word' id='word_1_247' title='bbox 2065 1887 2169 1943; x_wconf 90' lang='lat' dir='ltr'><strong>tes,</strong></span> <span class='ocrx_word' id='word_1_248' title='bbox 2217 1880 2377 1948; x_wconf 90' lang='lat' dir='ltr'><strong>quasi</strong></span> <span class='ocrx_word' id='word_1_249' title='bbox 2430 1878 2523 1934; x_wconf 88' lang='lat' dir='ltr'><strong>Dei</strong></span> <span class='ocrx_word' id='word_1_250' title='bbox 2571 1878 2792 1934; x_wconf 89' lang='lat' dir='ltr'><strong>nomine</strong></span> <span class='ocrx_word' id='word_1_251' title='bbox 2822 1879 3072 1949; x_wconf 75' lang='lat' dir='ltr'><strong>qumdam</strong></span> <span class='ocrx_word' id='word_1_252' title='bbox 3122 1881 3399 1944; x_wconf 87' lang='lat' dir='ltr'><strong>docentes,</strong></span> <span class='ocrx_word' id='word_1_253' title='bbox 3453 1881 3632 1935; x_wconf 44' lang='lat' dir='ltr'><strong>exclaé</strong></span> 
     </span>
    </p>
   </div>
   <div class='ocr_carea' id='block_1_36' title="bbox 385 1976 1964 2047">
    <p class='ocr_par' dir='ltr' id='par_1_36' title="bbox 385 1976 1964 2047">
     <span class='ocr_line' id='line_1_36' title="bbox 385 1976 1964 2047; baseline 0.001 -18"><span class='ocrx_word' id='word_1_254' title='bbox 385 1978 460 2040; x_wconf 86' lang='grc' dir='ltr'><strong>ῶς</strong></span> <span class='ocrx_word' id='word_1_255' title='bbox 478 1981 542 2031; x_wconf 84' lang='grc' dir='ltr'><strong>ἐκ</strong></span> <span class='ocrx_word' id='word_1_256' title='bbox 567 1977 856 2047; x_wconf 86' lang='grc' dir='ltr'>προσώπου</span> <span class='ocrx_word' id='word_1_257' title='bbox 887 1976 979 2030; x_wconf 90' lang='grc' dir='ltr'><strong>τοῦ</strong></span> <span class='ocrx_word' id='word_1_258' title='bbox 1012 1977 1146 2030; x_wconf 87' lang='grc' dir='ltr'>Θεοῦ</span> <span class='ocrx_word' id='word_1_259' title='bbox 1181 1995 1302 2030; x_wconf 84' lang='grc' dir='ltr'>τινα</span> <span class='ocrx_word' id='word_1_260' title='bbox 1334 1977 1608 2045; x_wconf 85' lang='grc' dir='ltr'>λέγοντας.</span> <span class='ocrx_word' id='word_1_261' title='bbox 1651 1977 1742 2030; x_wconf 74' lang='grc' dir='ltr'>καὶ</span> <span class='ocrx_word' id='word_1_262' title='bbox 1773 1996 1791 2027; x_wconf 76' lang='grc' dir='ltr'><strong>ι</strong></span> <span class='ocrx_word' id='word_1_263' title='bbox 1827 1977 1964 2030; x_wconf 84' lang='grc' dir='ltr'>Τάδε</span> 
     </span>
    </p>
   </div>
   <div class='ocr_carea' id='block_1_37' title="bbox 385 2065 1964 2138">
    <p class='ocr_par' dir='ltr' id='par_1_37' title="bbox 385 2065 1964 2138">
     <span class='ocr_line' id='line_1_37' title="bbox 385 2065 1964 2138; baseline 0.001 -20"><span class='ocrx_word' id='word_1_264' title='bbox 385 2067 529 2136; x_wconf 79' lang='grc' dir='ltr'>λέγει</span> <span class='ocrx_word' id='word_1_265' title='bbox 561 2065 783 2138; x_wconf 83' lang='grc' dir='ltr'>Κύριος,</span> <span class='ocrx_word' id='word_1_266' title='bbox 816 2087 833 2118; x_wconf 76' lang='grc' dir='ltr'><strong>ι</strong></span> <span class='ocrx_word' id='word_1_267' title='bbox 873 2067 1315 2137; x_wconf 77' lang='grc' dir='ltr'>ἀναῦοωμένους,</span> <span class='ocrx_word' id='word_1_268' title='bbox 1365 2068 1456 2120; x_wconf 84' lang='grc' dir='ltr'><strong>ἐπί</strong></span> <span class='ocrx_word' id='word_1_269' title='bbox 1490 2085 1548 2120; x_wconf 85' lang='grc' dir='ltr'><strong>τε</strong></span> <span class='ocrx_word' id='word_1_270' title='bbox 1583 2068 1842 2138; x_wconf 83' lang='grc' dir='ltr'>βασιλέων</span> <span class='ocrx_word' id='word_1_271' title='bbox 1873 2070 1964 2122; x_wconf 78' lang='grc' dir='ltr'>καὶ</span> 
     </span>
    </p>
   </div>
   <div class='ocr_carea' id='block_1_38' title="bbox 385 2157 1962 2230">
    <p class='ocr_par' dir='ltr' id='par_1_38' title="bbox 385 2157 1962 2230">
     <span class='ocr_line' id='line_1_38' title="bbox 385 2157 1962 2230; baseline 0.001 -20"><span class='ocrx_word' id='word_1_272' title='bbox 385 2157 587 2222; x_wconf 80' lang='grc' dir='ltr'>παντὸς</span> <span class='ocrx_word' id='word_1_273' title='bbox 629 2159 722 2210; x_wconf 89' lang='grc' dir='ltr'><strong>τοῦ</strong></span> <span class='ocrx_word' id='word_1_274' title='bbox 751 2157 880 2211; x_wconf 87' lang='grc' dir='ltr'>λαοῦ</span> <span class='ocrx_word' id='word_1_275' title='bbox 916 2158 1052 2228; x_wconf 73' lang='grc' dir='ltr'>μετά</span> <span class='ocrx_word' id='word_1_276' title='bbox 1088 2160 1510 2230; x_wconf 81' lang='grc' dir='ltr'>παραστήματος</span> <span class='ocrx_word' id='word_1_277' title='bbox 1541 2159 1962 2230; x_wconf 84' lang='grc' dir='ltr'>ἀκαταπλήκτου</span> 
     </span>
    </p>
   </div>
   <div class='ocr_carea' id='block_1_39' title="bbox 384 2249 1966 2323">
    <p class='ocr_par' dir='ltr' id='par_1_39' title="bbox 384 2249 1966 2323">
     <span class='ocr_line' id='line_1_39' title="bbox 384 2249 1966 2323; baseline 0.003 -23"><span class='ocrx_word' id='word_1_278' title='bbox 384 2249 849 2320; x_wconf 78' lang='grc' dir='ltr'>δημηγοροῦντας,</span> <span class='ocrx_word' id='word_1_279' title='bbox 883 2251 974 2302; x_wconf 75' lang='grc' dir='ltr'>καὶ</span> <span class='ocrx_word' id='word_1_280' title='bbox 1005 2249 1196 2316; x_wconf 75' lang='grc' dir='ltr'>σοφίαν</span> <span class='ocrx_word' id='word_1_281' title='bbox 1226 2249 1366 2320; x_wconf 85' lang='grc' dir='ltr'>ὑπὲρ</span> <span class='ocrx_word' id='word_1_282' title='bbox 1395 2249 1675 2323; x_wconf 72' lang='grc' dir='ltr'>ἄνθρωπον</span> <span class='ocrx_word' id='word_1_283' title='bbox 1705 2251 1966 2305; x_wconf 61' lang='grc' dir='ltr'>ἐνδεικνυδ</span> 
     </span>
    </p>
   </div>
   <div class='ocr_carea' id='block_1_40' title="bbox 388 2343 1962 2418">
    <p class='ocr_par' dir='ltr' id='par_1_40' title="bbox 388 2343 1962 2418">
     <span class='ocr_line' id='line_1_40' title="bbox 388 2343 1962 2418; baseline -0.003 -18"><span class='ocrx_word' id='word_1_284' title='bbox 388 2347 597 2417; x_wconf 79' lang='grc' dir='ltr'>μένους,</span> <span class='ocrx_word' id='word_1_285' title='bbox 629 2349 728 2418; x_wconf 85' lang='grc' dir='ltr'>τὴν</span> <span class='ocrx_word' id='word_1_286' title='bbox 756 2350 848 2401; x_wconf 72' lang='grc' dir='ltr'>καὶ</span> <span class='ocrx_word' id='word_1_287' title='bbox 877 2348 1044 2401; x_wconf 79' lang='grc' dir='ltr'>εἰσέτι</span> <span class='ocrx_word' id='word_1_288' title='bbox 1065 2348 1160 2400; x_wconf 92' lang='grc' dir='ltr'><strong>νῦν</strong></span> <span class='ocrx_word' id='word_1_289' title='bbox 1182 2350 1239 2400; x_wconf 85' lang='grc' dir='ltr'><strong>ἐν</strong></span> <span class='ocrx_word' id='word_1_290' title='bbox 1258 2349 1378 2410; x_wconf 87' lang='grc' dir='ltr'>ταῖς</span> <span class='ocrx_word' id='word_1_291' title='bbox 1406 2345 1759 2417; x_wconf 74' lang='grc' dir='ltr'>προφητείαις</span> <span class='ocrx_word' id='word_1_292' title='bbox 1785 2343 1962 2398; x_wconf 85' lang='grc' dir='ltr'>αὐτῶν</span> 
     </span>
    </p>
   </div>
   <div class='ocr_carea' id='block_1_41' title="bbox 385 2436 1965 2512">
    <p class='ocr_par' dir='ltr' id='par_1_41' title="bbox 385 2436 1965 2512">
     <span class='ocr_line' id='line_1_41' title="bbox 385 2436 1965 2512; baseline -0.003 -21"><span class='ocrx_word' id='word_1_293' title='bbox 385 2439 711 2510; x_wconf 81' lang='grc' dir='ltr'>φερομένην,</span> <span class='ocrx_word' id='word_1_294' title='bbox 751 2441 916 2512; x_wconf 85' lang='grc' dir='ltr'>μυρία</span> <span class='ocrx_word' id='word_1_295' title='bbox 948 2458 1006 2494; x_wconf 88' lang='grc' dir='ltr'><strong>τε</strong></span> <span class='ocrx_word' id='word_1_296' title='bbox 1040 2441 1176 2494; x_wconf 76' lang='grc' dir='ltr'>ἄλλα</span> <span class='ocrx_word' id='word_1_297' title='bbox 1200 2439 1267 2492; x_wconf 89' lang='grc' dir='ltr'><strong>δι’</strong></span> <span class='ocrx_word' id='word_1_298' title='bbox 1294 2438 1631 2508; x_wconf 77' lang='grc' dir='ltr'>αἰνιγμάτων</span> <span class='ocrx_word' id='word_1_299' title='bbox 1664 2436 1759 2489; x_wconf 73' lang='grc' dir='ltr'>καὶ</span> <span class='ocrx_word' id='word_1_300' title='bbox 1790 2451 1965 2506; x_wconf 87' lang='grc' dir='ltr'>παρα-</span> 
     </span>
    </p>
   </div>
   <div class='ocr_carea' id='block_1_42' title="bbox 385 2527 1963 2602">
    <p class='ocr_par' dir='ltr' id='par_1_42' title="bbox 385 2527 1963 2602">
     <span class='ocr_line' id='line_1_42' title="bbox 385 2527 1963 2602; baseline -0.002 -20"><span class='ocrx_word' id='word_1_301' title='bbox 385 2529 555 2583; x_wconf 79' lang='grc' dir='ltr'>ϐολῶν</span> <span class='ocrx_word' id='word_1_302' title='bbox 580 2532 863 2602; x_wconf 72' lang='grc' dir='ltr'>ἀπόρρητα</span> <span class='ocrx_word' id='word_1_303' title='bbox 886 2532 1325 2602; x_wconf 76' lang='grc' dir='ltr'>φιλοσοφοῦντας,</span> <span class='ocrx_word' id='word_1_304' title='bbox 1351 2529 1548 2600; x_wconf 76' lang='grc' dir='ltr'>ἠθικήν</span> <span class='ocrx_word' id='word_1_305' title='bbox 1572 2545 1630 2581; x_wconf 92' lang='grc' dir='ltr'><strong>τε</strong></span> <span class='ocrx_word' id='word_1_306' title='bbox 1655 2528 1748 2580; x_wconf 90' lang='grc' dir='ltr'><strong>καί</strong></span> <span class='ocrx_word' id='word_1_307' title='bbox 1768 2527 1963 2598; x_wconf 76' lang='grc' dir='ltr'>δογμαο</span> 
     </span>
    </p>
   </div>
   <div class='ocr_carea' id='block_1_43' title="bbox 384 2621 1960 2697">
    <p class='ocr_par' dir='ltr' id='par_1_43' title="bbox 384 2621 1960 2697">
     <span class='ocr_line' id='line_1_43' title="bbox 384 2621 1960 2697; baseline -0.001 -22"><span class='ocrx_word' id='word_1_308' title='bbox 384 2623 539 2695; x_wconf 81' lang='grc' dir='ltr'>τικὴν</span> <span class='ocrx_word' id='word_1_309' title='bbox 561 2628 626 2695; x_wconf 84' lang='grc' dir='ltr'>τῇ</span> <span class='ocrx_word' id='word_1_310' title='bbox 667 2626 932 2697; x_wconf 79' lang='grc' dir='ltr'>Ἑϐραίων</span> <span class='ocrx_word' id='word_1_311' title='bbox 966 2629 1114 2697; x_wconf 85' lang='grc' dir='ltr'><strong>φωνῇ</strong></span> <span class='ocrx_word' id='word_1_312' title='bbox 1149 2623 1496 2680; x_wconf 83' lang='grc' dir='ltr'>διδασκαλίαν</span> <span class='ocrx_word' id='word_1_313' title='bbox 1528 2621 1608 2693; x_wconf 84' lang='grc' dir='ltr'><strong>τῷ</strong></span> <span class='ocrx_word' id='word_1_314' title='bbox 1636 2621 1750 2692; x_wconf 87' lang='grc' dir='ltr'><strong>λαῷ</strong></span> <span class='ocrx_word' id='word_1_315' title='bbox 1783 2638 1960 2692; x_wconf 89' lang='grc' dir='ltr'>παρα-</span> 
     </span>
    </p>
   </div>
   <div class='ocr_carea' id='block_1_44' title="bbox 383 2713 1962 2788">
    <p class='ocr_par' dir='ltr' id='par_1_44' title="bbox 383 2713 1962 2788">
     <span class='ocr_line' id='line_1_44' title="bbox 383 2713 1962 2788; baseline -0.002 -20"><span class='ocrx_word' id='word_1_316' title='bbox 383 2715 620 2779; x_wconf 87' lang='grc' dir='ltr'>διδόντας</span> <span class='ocrx_word' id='word_1_317' title='bbox 639 2755 653 2778; x_wconf 93' lang='grc'><strong>,</strong></span> <span class='ocrx_word' id='word_1_318' title='bbox 702 2717 796 2770; x_wconf 72' lang='grc' dir='ltr'>καὶ</span> <span class='ocrx_word' id='word_1_319' title='bbox 832 2717 968 2788; x_wconf 81' lang='grc' dir='ltr'>πρὸς</span> <span class='ocrx_word' id='word_1_320' title='bbox 1009 2719 1100 2770; x_wconf 70' lang='grc' dir='ltr'>ἐπὶ</span> <span class='ocrx_word' id='word_1_321' title='bbox 1139 2717 1350 2778; x_wconf 83' lang='grc' dir='ltr'>τούτοις</span> <span class='ocrx_word' id='word_1_322' title='bbox 1381 2714 1470 2768; x_wconf 81' lang='grc' dir='ltr'><strong>τὸν</strong></span> <span class='ocrx_word' id='word_1_323' title='bbox 1503 2713 1617 2784; x_wconf 91' lang='grc' dir='ltr'>βίον</span> <span class='ocrx_word' id='word_1_324' title='bbox 1646 2717 1758 2777; x_wconf 81' lang='grc' dir='ltr'>τοῖς</span> <span class='ocrx_word' id='word_1_325' title='bbox 1783 2713 1962 2782; x_wconf 85' lang='grc' dir='ltr'>λόγοις</span> 
     </span>
    </p>
   </div>
   <div class='ocr_carea' id='block_1_45' title="bbox 384 2805 1963 2879">
    <p class='ocr_par' dir='ltr' id='par_1_45' title="bbox 384 2805 1963 2879">
     <span class='ocr_line' id='line_1_45' title="bbox 384 2805 1963 2879; baseline 0 -22"><span class='ocrx_word' id='word_1_326' title='bbox 384 2805 560 2859; x_wconf 83' lang='grc' dir='ltr'>αὐτῶν</span> <span class='ocrx_word' id='word_1_327' title='bbox 579 2808 910 2879; x_wconf 78' lang='grc' dir='ltr'>κατάλληλον</span> <span class='ocrx_word' id='word_1_328' title='bbox 933 2807 1389 2878; x_wconf 82' lang='grc' dir='ltr'>ἐνδεικνυμένους,</span> <span class='ocrx_word' id='word_1_329' title='bbox 1408 2806 1625 2869; x_wconf 73' lang='grc' dir='ltr'>καὶτοῖς</span> <span class='ocrx_word' id='word_1_330' title='bbox 1648 2806 1812 2858; x_wconf 75' lang='grc' dir='ltr'>πᾶσιν</span> <span class='ocrx_word' id='word_1_331' title='bbox 1836 2806 1963 2858; x_wconf 81' lang='grc' dir='ltr'>ἀκο-</span> 
     </span>
    </p>
   </div>
   <div class='ocr_carea' id='block_1_46' title="bbox 384 2897 1962 2972">
    <p class='ocr_par' dir='ltr' id='par_1_46' title="bbox 384 2897 1962 2972">
     <span class='ocr_line' id='line_1_46' title="bbox 384 2897 1962 2972; baseline -0.001 -22"><span class='ocrx_word' id='word_1_332' title='bbox 384 2897 659 2963; x_wconf 90' lang='grc' dir='ltr'>λακεύτως</span> <span class='ocrx_word' id='word_1_333' title='bbox 687 2901 1009 2971; x_wconf 82' lang='grc' dir='ltr'>ὁμιλοῦντας</span> <span class='ocrx_word' id='word_1_334' title='bbox 1028 2941 1041 2962; x_wconf 92' lang='grc'><strong>,</strong></span> <span class='ocrx_word' id='word_1_335' title='bbox 1073 2902 1150 2964; x_wconf 84' lang='grc' dir='ltr'><strong>είς</strong></span> <span class='ocrx_word' id='word_1_336' title='bbox 1184 2900 1472 2972; x_wconf 89' lang='grc' dir='ltr'>πρόσωπόν</span> <span class='ocrx_word' id='word_1_337' title='bbox 1503 2915 1563 2951; x_wconf 87' lang='grc' dir='ltr'><strong>τε</strong></span> <span class='ocrx_word' id='word_1_338' title='bbox 1596 2899 1720 2960; x_wconf 85' lang='grc' dir='ltr'>τοὺς</span> <span class='ocrx_word' id='word_1_339' title='bbox 1747 2897 1962 2960; x_wconf 74' lang='grc' dir='ltr'>ἀσεϐεῖς</span> 
     </span>
    </p>
   </div>
   <div class='ocr_carea' id='block_1_47' title="bbox 383 2987 1963 3061">
    <p class='ocr_par' dir='ltr' id='par_1_47' title="bbox 383 2987 1963 3061">
     <span class='ocr_line' id='line_1_47' title="bbox 383 2987 1963 3061; baseline 0.001 -21"><span class='ocrx_word' id='word_1_340' title='bbox 383 2987 773 3060; x_wconf 85' lang='grc' dir='ltr'>διελέγχοντας,</span> <span class='ocrx_word' id='word_1_341' title='bbox 799 2991 873 3055; x_wconf 82' lang='grc' dir='ltr'>ὡς</span> <span class='ocrx_word' id='word_1_342' title='bbox 905 2992 997 3045; x_wconf 72' lang='grc' dir='ltr'>καὶ</span> <span class='ocrx_word' id='word_1_343' title='bbox 1026 2990 1468 3044; x_wconf 85' lang='grc' dir='ltr'>ἐπιϐουλεύεσθαι</span> <span class='ocrx_word' id='word_1_344' title='bbox 1504 2989 1638 3061; x_wconf 85' lang='grc' dir='ltr'>πρὸς</span> <span class='ocrx_word' id='word_1_345' title='bbox 1664 2989 1840 3042; x_wconf 85' lang='grc' dir='ltr'>αὐτῶν</span> <span class='ocrx_word' id='word_1_346' title='bbox 1868 2988 1963 3059; x_wconf 87' lang='grc' dir='ltr'>μέ-</span> 
     </span>
    </p>
   </div>
   <div class='ocr_carea' id='block_1_48' title="bbox 384 3072 1961 3154">
    <p class='ocr_par' dir='ltr' id='par_1_48' title="bbox 384 3072 1961 3154">
     <span class='ocr_line' id='line_1_48' title="bbox 384 3072 1961 3154; baseline -0.002 -19"><span class='ocrx_word' id='word_1_347' title='bbox 384 3099 475 3150; x_wconf 86' lang='grc' dir='ltr'><strong>χρι</strong></span> <span class='ocrx_word' id='word_1_348' title='bbox 502 3080 748 3146; x_wconf 89' lang='grc' dir='ltr'>θάνατον,</span> <span class='ocrx_word' id='word_1_349' title='bbox 783 3083 1050 3154; x_wconf 78' lang='grc' dir='ltr'>ῥωμαλέῳ</span> <span class='ocrx_word' id='word_1_350' title='bbox 1083 3072 1177 3138; x_wconf 62' lang='grc' dir='ltr'><strong>καὶ</strong></span> <span class='ocrx_word' id='word_1_351' title='bbox 1208 3081 1440 3152; x_wconf 87' lang='grc' dir='ltr'>γεννικῷ</span> <span class='ocrx_word' id='word_1_352' title='bbox 1469 3082 1857 3153; x_wconf 78' lang='grc' dir='ltr'>παραστήματι</span> <span class='ocrx_word' id='word_1_353' title='bbox 1883 3079 1961 3150; x_wconf 82' lang='grc' dir='ltr'>τῷ</span> 
     </span>
    </p>
   </div>
   <div class='ocr_carea' id='block_1_49' title="bbox 383 3170 1962 3244">
    <p class='ocr_par' dir='ltr' id='par_1_49' title="bbox 383 3170 1962 3244">
     <span class='ocr_line' id='line_1_49' title="bbox 383 3170 1962 3244; baseline -0.001 -20"><span class='ocrx_word' id='word_1_354' title='bbox 383 3170 572 3242; x_wconf 79' lang='grc' dir='ltr'>ἀληθεῖ</span> <span class='ocrx_word' id='word_1_355' title='bbox 585 3172 726 3243; x_wconf 85' lang='grc' dir='ltr'>λόγῳ</span> <span class='ocrx_word' id='word_1_356' title='bbox 745 3173 1180 3244; x_wconf 88' lang='grc' dir='ltr'>παρισταμένους</span> <span class='ocrx_word' id='word_1_357' title='bbox 1201 3191 1213 3203; x_wconf 93' lang='grc'><strong>·</strong></span> <span class='ocrx_word' id='word_1_358' title='bbox 1233 3171 1504 3235; x_wconf 80' lang='grc' dir='ltr'>ταῦτάτις</span> <span class='ocrx_word' id='word_1_359' title='bbox 1520 3173 1598 3236; x_wconf 89' lang='grc' dir='ltr'><strong>είς</strong></span> <span class='ocrx_word' id='word_1_360' title='bbox 1616 3171 1739 3224; x_wconf 88' lang='grc' dir='ltr'>νοῦν</span> <span class='ocrx_word' id='word_1_361' title='bbox 1761 3170 1962 3238; x_wconf 82' lang='grc' dir='ltr'>εὐγνω-</span> 
     </span>
    </p>
   </div>
   <div class='ocr_carea' id='block_1_50' title="bbox 387 3261 1964 3336">
    <p class='ocr_par' dir='ltr' id='par_1_50' title="bbox 387 3261 1964 3336">
     <span class='ocr_line' id='line_1_50' title="bbox 387 3261 1964 3336; baseline -0.001 -20"><span class='ocrx_word' id='word_1_362' title='bbox 387 3263 562 3333; x_wconf 87' lang='grc' dir='ltr'>μόνως</span> <span class='ocrx_word' id='word_1_363' title='bbox 594 3264 839 3336; x_wconf 85' lang='grc' dir='ltr'>θέμενος,</span> <span class='ocrx_word' id='word_1_364' title='bbox 887 3265 1005 3329; x_wconf 89' lang='grc' dir='ltr'><strong>πῶς</strong></span> <span class='ocrx_word' id='word_1_365' title='bbox 1035 3266 1135 3319; x_wconf 89' lang='grc' dir='ltr'><strong>ούκ</strong></span> <span class='ocrx_word' id='word_1_366' title='bbox 1163 3263 1227 3319; x_wconf 83' lang='grc' dir='ltr'>ἂν</span> <span class='ocrx_word' id='word_1_367' title='bbox 1259 3265 1610 3336; x_wconf 87' lang='grc' dir='ltr'>ὁμολογήσειε</span> <span class='ocrx_word' id='word_1_368' title='bbox 1643 3263 1783 3316; x_wconf 86' lang='grc' dir='ltr'><strong>κατά</strong></span> <span class='ocrx_word' id='word_1_369' title='bbox 1815 3261 1964 3316; x_wconf 88' lang='grc' dir='ltr'>θείαν</span> 
     </span>
    </p>
   </div>
   <div class='ocr_carea' id='block_1_51' title="bbox 385 3354 1964 3426">
    <p class='ocr_par' dir='ltr' id='par_1_51' title="bbox 385 3354 1964 3426">
     <span class='ocr_line' id='line_1_51' title="bbox 385 3354 1964 3426; baseline -0.003 -18"><span class='ocrx_word' id='word_1_370' title='bbox 385 3354 460 3418; x_wconf 84' lang='grc' dir='ltr'>ὡς</span> <span class='ocrx_word' id='word_1_371' title='bbox 485 3355 698 3424; x_wconf 85' lang='grc' dir='ltr'>ἀληθῶς</span> <span class='ocrx_word' id='word_1_372' title='bbox 727 3355 1009 3410; x_wconf 85' lang='grc' dir='ltr'>ἐπίπνοιαν</span> <span class='ocrx_word' id='word_1_373' title='bbox 1039 3356 1212 3412; x_wconf 86' lang='grc' dir='ltr'>ταῦτα</span> <span class='ocrx_word' id='word_1_374' title='bbox 1234 3356 1410 3409; x_wconf 87' lang='grc' dir='ltr'>πάντα</span> <span class='ocrx_word' id='word_1_375' title='bbox 1434 3355 1562 3426; x_wconf 72' lang='grc' dir='ltr'>περὶ</span> <span class='ocrx_word' id='word_1_376' title='bbox 1589 3355 1782 3415; x_wconf 76' lang='grc' dir='ltr'>αὐτοὺς</span> <span class='ocrx_word' id='word_1_377' title='bbox 1806 3369 1964 3421; x_wconf 80' lang='grc' dir='ltr'>γεγο·</span> 
     </span>
    </p>
   </div>
   <div class='ocr_carea' id='block_1_52' title="bbox 385 3438 1966 3516">
    <p class='ocr_par' dir='ltr' id='par_1_52' title="bbox 385 3438 1966 3516">
     <span class='ocr_line' id='line_1_52' title="bbox 385 3438 1966 3516; baseline -0.001 -22"><span class='ocrx_word' id='word_1_378' title='bbox 385 3441 531 3496; x_wconf 83' lang='grc' dir='ltr'>νέναι</span> <span class='ocrx_word' id='word_1_379' title='bbox 551 3459 566 3508; x_wconf 85' lang='grc'>;</span> <span class='ocrx_word' id='word_1_380' title='bbox 588 3444 679 3496; x_wconf 84' lang='grc' dir='ltr'><strong>Διὸ</strong></span> <span class='ocrx_word' id='word_1_381' title='bbox 698 3445 792 3497; x_wconf 75' lang='grc' dir='ltr'>καὶ</span> <span class='ocrx_word' id='word_1_382' title='bbox 807 3443 927 3497; x_wconf 82' lang='grc' dir='ltr'>τότε</span> <span class='ocrx_word' id='word_1_383' title='bbox 949 3445 1323 3516; x_wconf 77' lang='grc' dir='ltr'>θαυμάζεσθαι</span> <span class='ocrx_word' id='word_1_384' title='bbox 1343 3445 1540 3507; x_wconf 80' lang='grc' dir='ltr'>αὐτοὺς</span> <span class='ocrx_word' id='word_1_385' title='bbox 1561 3441 1705 3505; x_wconf 82' lang='grc' dir='ltr'>εἰκὸς</span> <span class='ocrx_word' id='word_1_386' title='bbox 1722 3438 1790 3512; x_wconf 80' lang='grc' dir='ltr'>ἦν</span> <span class='ocrx_word' id='word_1_387' title='bbox 1815 3440 1966 3512; x_wconf 87' lang='grc' dir='ltr'><strong>παρά</strong></span> 
     </span>
    </p>
   </div>
   <div class='ocr_carea' id='block_1_53' title="bbox 384 3533 1963 3608">
    <p class='ocr_par' dir='ltr' id='par_1_53' title="bbox 384 3533 1963 3608">
     <span class='ocr_line' id='line_1_53' title="bbox 384 3533 1963 3608; baseline -0.001 -22"><span class='ocrx_word' id='word_1_388' title='bbox 384 3537 496 3599; x_wconf 85' lang='grc' dir='ltr'>τοῖς</span> <span class='ocrx_word' id='word_1_389' title='bbox 545 3536 812 3608; x_wconf 77' lang='grc' dir='ltr'>ἕμιρροσι,</span> <span class='ocrx_word' id='word_1_390' title='bbox 863 3538 956 3590; x_wconf 73' lang='grc' dir='ltr'>καὶ</span> <span class='ocrx_word' id='word_1_391' title='bbox 998 3538 1124 3601; x_wconf 84' lang='grc' dir='ltr'>τοὺς</span> <span class='ocrx_word' id='word_1_392' title='bbox 1153 3537 1343 3605; x_wconf 84' lang='grc' dir='ltr'>λόγους</span> <span class='ocrx_word' id='word_1_393' title='bbox 1375 3535 1554 3589; x_wconf 69' lang='grc' dir='ltr'>αὐτῶν</span> <span class='ocrx_word' id='word_1_394' title='bbox 1584 3533 1963 3605; x_wconf 83' lang='grc' dir='ltr'>ἀναγράπτους</span> 
     </span>
    </p>
   </div>
   <div class='ocr_carea' id='block_1_54' title="bbox 386 3623 1962 3700">
    <p class='ocr_par' dir='ltr' id='par_1_54' title="bbox 386 3623 1962 3700">
     <span class='ocr_line' id='line_1_54' title="bbox 386 3623 1962 3700; baseline -0.002 -21"><span class='ocrx_word' id='word_1_395' title='bbox 386 3627 537 3698; x_wconf 87' lang='grc' dir='ltr'><strong>παρά</strong></span> <span class='ocrx_word' id='word_1_396' title='bbox 575 3630 686 3690; x_wconf 87' lang='grc' dir='ltr'>τοῖς</span> <span class='ocrx_word' id='word_1_397' title='bbox 732 3627 1236 3700; x_wconf 80' lang='grc' dir='ltr'>ἱερογραμματεῦσι</span> <span class='ocrx_word' id='word_1_398' title='bbox 1271 3625 1673 3697; x_wconf 85' lang='grc' dir='ltr'>φυλάττεσθαι,</span> <span class='ocrx_word' id='word_1_399' title='bbox 1702 3623 1870 3677; x_wconf 84' lang='grc' dir='ltr'>εἰσέτι</span> <span class='ocrx_word' id='word_1_400' title='bbox 1905 3641 1962 3676; x_wconf 84' lang='grc' dir='ltr'><strong>τε</strong></span> 
     </span>
    </p>
   </div>
   <div class='ocr_carea' id='block_1_55' title="bbox 385 3713 1962 3789">
    <p class='ocr_par' dir='ltr' id='par_1_55' title="bbox 385 3713 1962 3789">
     <span class='ocr_line' id='line_1_55' title="bbox 385 3713 1962 3789; baseline -0.001 -21"><span class='ocrx_word' id='word_1_401' title='bbox 385 3714 481 3768; x_wconf 88' lang='grc' dir='ltr'><strong>νῦν</strong></span> <span class='ocrx_word' id='word_1_402' title='bbox 515 3717 644 3788; x_wconf 87' lang='grc' dir='ltr'>παρ’</span> <span class='ocrx_word' id='word_1_403' title='bbox 677 3717 782 3786; x_wconf 85' lang='grc' dir='ltr'>ὅλῳ</span> <span class='ocrx_word' id='word_1_404' title='bbox 811 3716 888 3787; x_wconf 80' lang='grc' dir='ltr'><strong>τῷ</strong></span> <span class='ocrx_word' id='word_1_405' title='bbox 917 3716 1058 3770; x_wconf 77' lang='grc' dir='ltr'>ἔθνει</span> <span class='ocrx_word' id='word_1_406' title='bbox 1095 3718 1378 3789; x_wconf 74' lang='grc' dir='ltr'>προφήτας</span> <span class='ocrx_word' id='word_1_407' title='bbox 1405 3715 1684 3784; x_wconf 80' lang='grc' dir='ltr'>γεγονέναι</span> <span class='ocrx_word' id='word_1_408' title='bbox 1705 3714 1796 3768; x_wconf 91' lang='grc' dir='ltr'><strong>τοῦ</strong></span> <span class='ocrx_word' id='word_1_409' title='bbox 1827 3713 1962 3767; x_wconf 90' lang='grc' dir='ltr'>Θεοῦ</span> 
     </span>
    </p>
   </div>
   <div class='ocr_carea' id='block_1_56' title="bbox 386 3805 1962 3880">
    <p class='ocr_par' dir='ltr' id='par_1_56' title="bbox 386 3805 1962 3880">
     <span class='ocr_line' id='line_1_56' title="bbox 386 3805 1962 3880; baseline -0.002 -20"><span class='ocrx_word' id='word_1_410' title='bbox 386 3807 753 3862; x_wconf 70' lang='grc' dir='ltr'>πιστεύεσθαιο</span> <span class='ocrx_word' id='word_1_411' title='bbox 774 3807 802 3861; x_wconf 82' lang='grc' dir='ltr'><strong>δ</strong></span> <span class='ocrx_word' id='word_1_412' title='bbox 829 3809 924 3862; x_wconf 78' lang='grc' dir='ltr'>καὶ</span> <span class='ocrx_word' id='word_1_413' title='bbox 944 3807 1312 3879; x_wconf 75' lang='grc' dir='ltr'>ἐναργέστατα</span> <span class='ocrx_word' id='word_1_414' title='bbox 1331 3808 1562 3880; x_wconf 84' lang='grc' dir='ltr'>μάλιστα</span> <span class='ocrx_word' id='word_1_415' title='bbox 1583 3805 1903 3876; x_wconf 87' lang='grc' dir='ltr'>παρίστησιν</span> <span class='ocrx_word' id='word_1_416' title='bbox 1929 3807 1962 3876; x_wconf 84' lang='grc' dir='ltr'><strong>ή</strong></span> 
     </span>
    </p>
   </div>
   <div class='ocr_carea' id='block_1_57' title="bbox 386 3891 1968 3970">
    <p class='ocr_par' dir='ltr' id='par_1_57' title="bbox 386 3891 1968 3970">
     <span class='ocr_line' id='line_1_57' title="bbox 386 3891 1968 3970; baseline -0.008 -15"><span class='ocrx_word' id='word_1_417' title='bbox 386 3897 627 3968; x_wconf 76' lang='grc' dir='ltr'>ἡμετέρα</span> <span class='ocrx_word' id='word_1_418' title='bbox 653 3899 780 3970; x_wconf 73' lang='grc' dir='ltr'>περὶ</span> <span class='ocrx_word' id='word_1_419' title='bbox 807 3897 900 3951; x_wconf 83' lang='grc' dir='ltr'><strong>τοῦ</strong></span> <span class='ocrx_word' id='word_1_420' title='bbox 927 3897 1161 3970; x_wconf 85' lang='grc' dir='ltr'>Χριστοῦ</span> <span class='ocrx_word' id='word_1_421' title='bbox 1178 3898 1458 3968; x_wconf 70' lang='grc' dir='ltr'>διάληψις,</span> <span class='ocrx_word' id='word_1_422' title='bbox 1487 3896 1606 3950; x_wconf 88' lang='grc' dir='ltr'>καθ’</span> <span class='ocrx_word' id='word_1_423' title='bbox 1633 3895 1698 3966; x_wconf 82' lang='grc' dir='ltr'>ἢν</span> <span class='ocrx_word' id='word_1_424' title='bbox 1753 3891 1968 3946; x_wconf 86' lang='grc' dir='ltr'>ἀποδεί-</span> 
     </span>
    </p>
   </div>
   <div class='ocr_carea' id='block_1_58' title="bbox 387 3985 1970 4062">
    <p class='ocr_par' dir='ltr' id='par_1_58' title="bbox 387 3985 1970 4062">
     <span class='ocr_line' id='line_1_58' title="bbox 387 3985 1970 4062; baseline -0.004 -20"><span class='ocrx_word' id='word_1_425' title='bbox 387 4006 589 4060; x_wconf 84' lang='grc' dir='ltr'>κνυμεν</span> <span class='ocrx_word' id='word_1_426' title='bbox 625 3993 804 4045; x_wconf 83' lang='grc' dir='ltr'>πᾶσαν</span> <span class='ocrx_word' id='word_1_427' title='bbox 835 3991 934 4062; x_wconf 85' lang='grc' dir='ltr'>τὴν</span> <span class='ocrx_word' id='word_1_428' title='bbox 971 3994 1090 4045; x_wconf 84' lang='grc' dir='ltr'>κατ’</span> <span class='ocrx_word' id='word_1_429' title='bbox 1124 3991 1284 4046; x_wconf 83' lang='grc' dir='ltr'>αὑτὸν</span> <span class='ocrx_word' id='word_1_430' title='bbox 1321 3989 1630 4060; x_wconf 87' lang='grc' dir='ltr'>οἰκονομίαν</span> <span class='ocrx_word' id='word_1_431' title='bbox 1675 3985 1970 4056; x_wconf 82' lang='grc' dir='ltr'>γεγενημέ-</span> 
     </span>
    </p>
   </div>
   <div class='ocr_carea' id='block_1_59' title="bbox 387 4075 1958 4154">
    <p class='ocr_par' dir='ltr' id='par_1_59' title="bbox 387 4075 1958 4154">
     <span class='ocr_line' id='line_1_59' title="bbox 387 4075 1958 4154; baseline -0.002 -23"><span class='ocrx_word' id='word_1_432' title='bbox 387 4096 514 4150; x_wconf 86' lang='grc' dir='ltr'>νην,</span> <span class='ocrx_word' id='word_1_433' title='bbox 548 4082 617 4135; x_wconf 88' lang='grc' dir='ltr'><strong>τά</strong></span> <span class='ocrx_word' id='word_1_434' title='bbox 639 4099 698 4134; x_wconf 86' lang='grc' dir='ltr'><strong>τε</strong></span> <span class='ocrx_word' id='word_1_435' title='bbox 732 4083 982 4154; x_wconf 73' lang='grc' dir='ltr'>περὶτῆς</span> <span class='ocrx_word' id='word_1_436' title='bbox 1010 4082 1358 4146; x_wconf 86' lang='grc' dir='ltr'>διδασκαλίας</span> <span class='ocrx_word' id='word_1_437' title='bbox 1389 4079 1554 4134; x_wconf 78' lang='grc' dir='ltr'>αὐτοῦ</span> <span class='ocrx_word' id='word_1_438' title='bbox 1578 4121 1592 4143; x_wconf 96' lang='grc'><strong>,</strong></span> <span class='ocrx_word' id='word_1_439' title='bbox 1643 4079 1732 4132; x_wconf 75' lang='grc' dir='ltr'>καὶ</span> <span class='ocrx_word' id='word_1_440' title='bbox 1763 4078 1861 4147; x_wconf 82' lang='grc' dir='ltr'>τῆς</span> <span class='ocrx_word' id='word_1_441' title='bbox 1901 4075 1958 4142; x_wconf 81' lang='grc' dir='ltr'>ἐξ</span> 
     </span>
    </p>
   </div>
   <div class='ocr_carea' id='block_1_60' title="bbox 388 4169 1960 4247">
    <p class='ocr_par' dir='ltr' id='par_1_60' title="bbox 388 4169 1960 4247">
     <span class='ocr_line' id='line_1_60' title="bbox 388 4169 1960 4247; baseline -0.003 -22"><span class='ocrx_word' id='word_1_442' title='bbox 388 4173 642 4228; x_wconf 73' lang='grc' dir='ltr'>ἁπάντων</span> <span class='ocrx_word' id='word_1_443' title='bbox 661 4173 828 4228; x_wconf 84' lang='grc' dir='ltr'>ἐθνῶν</span> <span class='ocrx_word' id='word_1_444' title='bbox 850 4175 1146 4247; x_wconf 82' lang='grc' dir='ltr'>γενομένης</span> <span class='ocrx_word' id='word_1_445' title='bbox 1167 4177 1233 4229; x_wconf 76' lang='grc' dir='ltr'><strong>δι’</strong></span> <span class='ocrx_word' id='word_1_446' title='bbox 1261 4172 1425 4228; x_wconf 78' lang='grc' dir='ltr'>αὑτοῦ</span> <span class='ocrx_word' id='word_1_447' title='bbox 1451 4169 1960 4244; x_wconf 81' lang='grc' dir='ltr'>κλήσεως,ἀκρι6ῶς</span> 
     </span>
    </p>
   </div>
   <div class='ocr_carea' id='block_1_61' title="bbox 389 4260 1963 4339">
    <p class='ocr_par' dir='ltr' id='par_1_61' title="bbox 389 4260 1963 4339">
     <span class='ocr_line' id='line_1_61' title="bbox 389 4260 1963 4339; baseline -0.015 -4"><span class='ocrx_word' id='word_1_448' title='bbox 389 4264 762 4334; x_wconf 81' lang='grc' dir='ltr'>προεγνῶσθαί</span> <span class='ocrx_word' id='word_1_449' title='bbox 794 4283 853 4318; x_wconf 78' lang='grc' dir='ltr'><strong>τε</strong></span> <span class='ocrx_word' id='word_1_450' title='bbox 882 4268 975 4320; x_wconf 70' lang='grc' dir='ltr'>καὶ</span> <span class='ocrx_word' id='word_1_451' title='bbox 1003 4266 1108 4339; x_wconf 83' lang='grc' dir='ltr'><strong>πρὸ</strong></span> <span class='ocrx_word' id='word_1_452' title='bbox 1140 4266 1347 4338; x_wconf 75' lang='grc' dir='ltr'>μυρίων</span> <span class='ocrx_word' id='word_1_453' title='bbox 1377 4267 1515 4320; x_wconf 85' lang='grc' dir='ltr'>ὅσων</span> <span class='ocrx_word' id='word_1_454' title='bbox 1554 4262 1691 4316; x_wconf 87' lang='grc' dir='ltr'>ἐτῶν</span> <span class='ocrx_word' id='word_1_455' title='bbox 1730 4263 1841 4323; x_wconf 87' lang='grc' dir='ltr'>τοῖς</span> <span class='ocrx_word' id='word_1_456' title='bbox 1875 4260 1963 4312; x_wconf 84' lang='grc' dir='ltr'>θε-</span> 
     </span>
    </p>
   </div>
   <div class='ocr_carea' id='block_1_62' title="bbox 388 4349 1962 4431">
    <p class='ocr_par' dir='ltr' id='par_1_62' title="bbox 388 4349 1962 4431">
     <span class='ocr_line' id='line_1_62' title="bbox 388 4349 1962 4431; baseline -0.003 -22"><span class='ocrx_word' id='word_1_457' title='bbox 388 4357 629 4421; x_wconf 83' lang='grc' dir='ltr'>σπεσίοις</span> <span class='ocrx_word' id='word_1_458' title='bbox 662 4358 890 4423; x_wconf 84' lang='grc' dir='ltr'>ἐκείνοις</span> <span class='ocrx_word' id='word_1_459' title='bbox 913 4359 1136 4431; x_wconf 85' lang='grc' dir='ltr'>ἀνδράσι</span> <span class='ocrx_word' id='word_1_460' title='bbox 1163 4358 1516 4431; x_wconf 84' lang='grc' dir='ltr'>προειρῆσθαι</span> <span class='ocrx_word' id='word_1_461' title='bbox 1536 4374 1560 4422; x_wconf 73' lang='grc' dir='ltr'><strong>ο,</strong></span> <span class='ocrx_word' id='word_1_462' title='bbox 1581 4349 1654 4408; x_wconf 83' lang='grc' dir='ltr'>ὧν</span> <span class='ocrx_word' id='word_1_463' title='bbox 1687 4353 1785 4418; x_wconf 78' lang='grc' dir='ltr'><strong>τὰς</strong></span> <span class='ocrx_word' id='word_1_464' title='bbox 1812 4352 1962 4424; x_wconf 78' lang='grc' dir='ltr'>ἱερὰς</span> 
     </span>
    </p>
   </div>
   <div class='ocr_carea' id='block_1_63' title="bbox 2065 1971 3632 2041">
    <p class='ocr_par' dir='ltr' id='par_1_63' title="bbox 2065 1971 3632 2041">
     <span class='ocr_line' id='line_1_63' title="bbox 2065 1971 3632 2041; baseline 0.001 -17"><span class='ocrx_word' id='word_1_465' title='bbox 2065 1975 2404 2040; x_wconf 88' lang='lat' dir='ltr'><strong>mantesque,</strong></span> <span class='ocrx_word' id='word_1_466' title='bbox 2436 1989 2453 2021; x_wconf 79' lang='grc' dir='ltr'><strong>ι</strong></span> <span class='ocrx_word' id='word_1_467' title='bbox 2498 1971 2617 2024; x_wconf 67' lang='lat' dir='ltr'><strong>llaec</strong></span> <span class='ocrx_word' id='word_1_468' title='bbox 2651 1972 2784 2026; x_wconf 88' lang='lat' dir='ltr'><strong>dicit</strong></span> <span class='ocrx_word' id='word_1_469' title='bbox 2829 1971 3107 2034; x_wconf 91' lang='lat' dir='ltr'><strong>Dominus,</strong></span> <span class='ocrx_word' id='word_1_470' title='bbox 3140 1991 3159 2024; x_wconf 75' lang='grc' dir='ltr'><strong>ι</strong></span> <span class='ocrx_word' id='word_1_471' title='bbox 3191 1988 3374 2026; x_wconf 86' lang='lat' dir='ltr'><strong>coram</strong></span> <span class='ocrx_word' id='word_1_472' title='bbox 3415 1972 3632 2041; x_wconf 81' lang='lat' dir='ltr'><strong>regibus</strong></span> 
     </span>
    </p>
   </div>
   <div class='ocr_carea' id='block_1_64' title="bbox 2066 2063 3630 2133">
    <p class='ocr_par' dir='ltr' id='par_1_64' title="bbox 2066 2063 3630 2133">
     <span class='ocr_line' id='line_1_64' title="bbox 2066 2063 3630 2133; baseline 0.002 -18"><span class='ocrx_word' id='word_1_473' title='bbox 2066 2078 2129 2116; x_wconf 92' lang='lat' dir='ltr'><strong>ac</strong></span> <span class='ocrx_word' id='word_1_474' title='bbox 2167 2063 2316 2117; x_wconf 91' lang='lat' dir='ltr'><strong>omni</strong></span> <span class='ocrx_word' id='word_1_475' title='bbox 2347 2063 2546 2133; x_wconf 89' lang='lat' dir='ltr'><strong>populo</strong></span> <span class='ocrx_word' id='word_1_476' title='bbox 2581 2063 2839 2119; x_wconf 88' lang='lat' dir='ltr'><strong>audacter</strong></span> <span class='ocrx_word' id='word_1_477' title='bbox 2862 2073 2925 2118; x_wconf 85' lang='lat' dir='ltr'><strong>ac</strong></span> <span class='ocrx_word' id='word_1_478' title='bbox 2954 2065 3122 2118; x_wconf 89' lang='lat' dir='ltr'><strong>libere</strong></span> <span class='ocrx_word' id='word_1_479' title='bbox 3149 2065 3314 2119; x_wconf 88' lang='lat' dir='ltr'><strong>verba</strong></span> <span class='ocrx_word' id='word_1_480' title='bbox 3348 2064 3630 2127; x_wconf 79' lang='lat' dir='ltr'><strong>facientes,</strong></span> 
     </span>
    </p>
   </div>
   <div class='ocr_carea' id='block_1_65' title="bbox 2065 2155 3632 2226">
    <p class='ocr_par' dir='ltr' id='par_1_65' title="bbox 2065 2155 3632 2226">
     <span class='ocr_line' id='line_1_65' title="bbox 2065 2155 3632 2226; baseline -0.001 -16"><span class='ocrx_word' id='word_1_481' title='bbox 2065 2155 2388 2223; x_wconf 85' lang='lat' dir='ltr'><strong>sapientiam</strong></span> <span class='ocrx_word' id='word_1_482' title='bbox 2449 2155 2685 2210; x_wconf 87' lang='lat' dir='ltr'><strong>humana</strong></span> <span class='ocrx_word' id='word_1_483' title='bbox 2739 2155 3004 2226; x_wconf 89' lang='lat' dir='ltr'><strong>majorem</strong></span> <span class='ocrx_word' id='word_1_484' title='bbox 3064 2157 3452 2218; x_wconf 72' lang='lat' dir='ltr'><strong>ostendentes,</strong></span> <span class='ocrx_word' id='word_1_485' title='bbox 3512 2171 3632 2224; x_wconf 73' lang='lat' dir='ltr'><strong>qum</strong></span> 
     </span>
    </p>
   </div>
   <div class='ocr_carea' id='block_1_66' title="bbox 2064 2247 3630 2319">
    <p class='ocr_par' dir='ltr' id='par_1_66' title="bbox 2064 2247 3630 2319">
     <span class='ocr_line' id='line_1_66' title="bbox 2064 2247 3630 2319; baseline 0.001 -19"><span class='ocrx_word' id='word_1_486' title='bbox 2064 2262 2212 2301; x_wconf 88' lang='lat' dir='ltr'><strong>nunc</strong></span> <span class='ocrx_word' id='word_1_487' title='bbox 2258 2247 2436 2301; x_wconf 87' lang='lat' dir='ltr'><strong>adhuc</strong></span> <span class='ocrx_word' id='word_1_488' title='bbox 2475 2248 2532 2302; x_wconf 89' lang='lat' dir='ltr'><strong>in</strong></span> <span class='ocrx_word' id='word_1_489' title='bbox 2571 2263 2763 2303; x_wconf 91' lang='lat' dir='ltr'><strong>eorum</strong></span> <span class='ocrx_word' id='word_1_490' title='bbox 2806 2249 3108 2318; x_wconf 85' lang='lat' dir='ltr'><strong>prophetiis</strong></span> <span class='ocrx_word' id='word_1_491' title='bbox 3141 2251 3302 2319; x_wconf 86' lang='lat' dir='ltr'><strong>viget,</strong></span> <span class='ocrx_word' id='word_1_492' title='bbox 3351 2250 3630 2302; x_wconf 71' lang='lat' dir='ltr'><strong>innumera</strong></span> 
     </span>
    </p>
   </div>
   <div class='ocr_carea' id='block_1_67' title="bbox 2063 2340 3626 2412">
    <p class='ocr_par' dir='ltr' id='par_1_67' title="bbox 2063 2340 3626 2412">
     <span class='ocr_line' id='line_1_67' title="bbox 2063 2340 3626 2412; baseline 0.003 -21"><span class='ocrx_word' id='word_1_493' title='bbox 2063 2355 2160 2410; x_wconf 90' lang='lat' dir='ltr'><strong>per</strong></span> <span class='ocrx_word' id='word_1_494' title='bbox 2196 2340 2484 2410; x_wconf 85' lang='lat' dir='ltr'><strong>parabolas</strong></span> <span class='ocrx_word' id='word_1_495' title='bbox 2516 2347 2678 2410; x_wconf 80' lang='lat' dir='ltr'><strong>atque</strong></span> <span class='ocrx_word' id='word_1_496' title='bbox 2711 2341 2998 2410; x_wconf 64' lang='lat' dir='ltr'><strong>aenigmata</strong></span> <span class='ocrx_word' id='word_1_497' title='bbox 3029 2343 3286 2412; x_wconf 82' lang='lat' dir='ltr'><strong>mysteria</strong></span> <span class='ocrx_word' id='word_1_498' title='bbox 3315 2341 3626 2404; x_wconf 82' lang='lat' dir='ltr'><strong>edocentes,</strong></span> 
     </span>
    </p>
   </div>
   <div class='ocr_carea' id='block_1_68' title="bbox 2064 2429 3632 2500">
    <p class='ocr_par' dir='ltr' id='par_1_68' title="bbox 2064 2429 3632 2500">
     <span class='ocr_line' id='line_1_68' title="bbox 2064 2429 3632 2500; baseline 0.001 -18"><span class='ocrx_word' id='word_1_499' title='bbox 2064 2430 2328 2483; x_wconf 88' lang='lat' dir='ltr'><strong>moralem</strong></span> <span class='ocrx_word' id='word_1_500' title='bbox 2359 2438 2412 2484; x_wconf 93' lang='lat' dir='ltr'><strong>et</strong></span> <span class='ocrx_word' id='word_1_501' title='bbox 2450 2430 2818 2500; x_wconf 87' lang='lat' dir='ltr'><strong>dogmaticam</strong></span> <span class='ocrx_word' id='word_1_502' title='bbox 2863 2429 3212 2486; x_wconf 60' lang='lat' dir='ltr'><strong>Hebraeorum</strong></span> <span class='ocrx_word' id='word_1_503' title='bbox 3255 2431 3436 2500; x_wconf 77' lang='lat' dir='ltr'><strong>lingua</strong></span> <span class='ocrx_word' id='word_1_504' title='bbox 3467 2430 3632 2484; x_wconf 55' lang='lat' dir='ltr'><strong>disci-</strong></span> 
     </span>
    </p>
   </div>
   <div class='ocr_carea' id='block_1_69' title="bbox 2065 2520 3630 2590">
    <p class='ocr_par' dir='ltr' id='par_1_69' title="bbox 2065 2520 3630 2590">
     <span class='ocr_line' id='line_1_69' title="bbox 2065 2520 3630 2590; baseline 0.002 -17"><span class='ocrx_word' id='word_1_505' title='bbox 2065 2521 2268 2589; x_wconf 90' lang='lat' dir='ltr'><strong>plinam</strong></span> <span class='ocrx_word' id='word_1_506' title='bbox 2320 2521 2521 2590; x_wconf 84' lang='lat' dir='ltr'><strong>populo</strong></span> <span class='ocrx_word' id='word_1_507' title='bbox 2575 2520 2885 2586; x_wconf 89' lang='lat' dir='ltr'><strong>tradentes,</strong></span> <span class='ocrx_word' id='word_1_508' title='bbox 2942 2521 3107 2575; x_wconf 86' lang='lat' dir='ltr'><strong>vitam</strong></span> <span class='ocrx_word' id='word_1_509' title='bbox 3165 2536 3289 2575; x_wconf 90' lang='lat' dir='ltr'><strong>cum</strong></span> <span class='ocrx_word' id='word_1_510' title='bbox 3347 2521 3630 2590; x_wconf 68' lang='lat' dir='ltr'><strong>praaceptis</strong></span> 
     </span>
    </p>
   </div>
   <div class='ocr_carea' id='block_1_70' title="bbox 2065 2609 3630 2682">
    <p class='ocr_par' dir='ltr' id='par_1_70' title="bbox 2065 2609 3630 2682">
     <span class='ocr_line' id='line_1_70' title="bbox 2065 2609 3630 2682; baseline -0.001 -17"><span class='ocrx_word' id='word_1_511' title='bbox 2065 2613 2180 2667; x_wconf 89' lang='lat' dir='ltr'><strong>suis</strong></span> <span class='ocrx_word' id='word_1_512' title='bbox 2204 2627 2500 2682; x_wconf 80' lang='lat' dir='ltr'><strong>congruam</strong></span> <span class='ocrx_word' id='word_1_513' title='bbox 2529 2609 2808 2679; x_wconf 81' lang='lat' dir='ltr'><strong>degentes,</strong></span> <span class='ocrx_word' id='word_1_514' title='bbox 2842 2626 3028 2665; x_wconf 90' lang='lat' dir='ltr'><strong>coram</strong></span> <span class='ocrx_word' id='word_1_515' title='bbox 3053 2611 3304 2665; x_wconf 89' lang='lat' dir='ltr'><strong>omnibus</strong></span> <span class='ocrx_word' id='word_1_516' title='bbox 3346 2611 3465 2666; x_wconf 89' lang='lat' dir='ltr'><strong>sine</strong></span> <span class='ocrx_word' id='word_1_517' title='bbox 3495 2611 3630 2664; x_wconf 39' lang='lat' dir='ltr'><strong>adu;</strong></span> 
     </span>
    </p>
   </div>
   <div class='ocr_carea' id='block_1_71' title="bbox 2065 2704 3628 2774">
    <p class='ocr_par' dir='ltr' id='par_1_71' title="bbox 2065 2704 3628 2774">
     <span class='ocr_line' id='line_1_71' title="bbox 2065 2704 3628 2774; baseline -0.001 -15"><span class='ocrx_word' id='word_1_518' title='bbox 2065 2705 2264 2759; x_wconf 88' lang='lat' dir='ltr'><strong>latione</strong></span> <span class='ocrx_word' id='word_1_519' title='bbox 2285 2715 2659 2766; x_wconf 88' lang='lat' dir='ltr'><strong>conversatos,</strong></span> <span class='ocrx_word' id='word_1_520' title='bbox 2682 2704 2878 2774; x_wconf 90' lang='lat' dir='ltr'><strong>impios</strong></span> <span class='ocrx_word' id='word_1_521' title='bbox 2896 2705 3073 2773; x_wconf 87' lang='lat' dir='ltr'><strong>palam</strong></span> <span class='ocrx_word' id='word_1_522' title='bbox 3100 2704 3476 2774; x_wconf 85' lang='lat' dir='ltr'><strong>objurgantes,</strong></span> <span class='ocrx_word' id='word_1_523' title='bbox 3508 2704 3628 2772; x_wconf 88' lang='lat' dir='ltr'><strong>ipso</strong></span> 
     </span>
    </p>
   </div>
   <div class='ocr_carea' id='block_1_72' title="bbox 2062 2793 3630 2863">
    <p class='ocr_par' dir='ltr' id='par_1_72' title="bbox 2062 2793 3630 2863">
     <span class='ocr_line' id='line_1_72' title="bbox 2062 2793 3630 2863; baseline -0.001 -15"><span class='ocrx_word' id='word_1_524' title='bbox 2062 2794 2256 2848; x_wconf 90' lang='lat' dir='ltr'><strong>mortis</strong></span> <span class='ocrx_word' id='word_1_525' title='bbox 2304 2793 2546 2863; x_wconf 90' lang='lat' dir='ltr'><strong>periculo</strong></span> <span class='ocrx_word' id='word_1_526' title='bbox 2592 2801 2923 2862; x_wconf 79' lang='lat' dir='ltr'><strong>contempto,</strong></span> <span class='ocrx_word' id='word_1_527' title='bbox 2971 2808 3036 2848; x_wconf 88' lang='lat' dir='ltr'><strong>ac</strong></span> <span class='ocrx_word' id='word_1_528' title='bbox 3081 2794 3316 2862; x_wconf 88' lang='lat' dir='ltr'><strong>denique</strong></span> <span class='ocrx_word' id='word_1_529' title='bbox 3349 2794 3630 2847; x_wconf 85' lang='lat' dir='ltr'><strong>veritatem</strong></span> 
     </span>
    </p>
   </div>
   <div class='ocr_carea' id='block_1_73' title="bbox 2062 2882 3630 2955">
    <p class='ocr_par' dir='ltr' id='par_1_73' title="bbox 2062 2882 3630 2955">
     <span class='ocr_line' id='line_1_73' title="bbox 2062 2882 3630 2955; baseline 0.001 -19"><span class='ocrx_word' id='word_1_530' title='bbox 2062 2885 2206 2938; x_wconf 86' lang='lat' dir='ltr'><strong>virili</strong></span> <span class='ocrx_word' id='word_1_531' title='bbox 2256 2898 2632 2955; x_wconf 82' lang='lat' dir='ltr'><strong>generosaque</strong></span> <span class='ocrx_word' id='word_1_532' title='bbox 2680 2882 3033 2938; x_wconf 89' lang='lat' dir='ltr'><strong>defendentes</strong></span> <span class='ocrx_word' id='word_1_533' title='bbox 3090 2885 3337 2938; x_wconf 85' lang='lat' dir='ltr'><strong>audacia.</strong></span> <span class='ocrx_word' id='word_1_534' title='bbox 3391 2882 3523 2950; x_wconf 70' lang='lat' dir='ltr'><strong>Quae</strong></span> <span class='ocrx_word' id='word_1_535' title='bbox 3583 2885 3630 2939; x_wconf 90' lang='lat' dir='ltr'><strong>si</strong></span> 
     </span>
    </p>
   </div>
   <div class='ocr_carea' id='block_1_74' title="bbox 2064 2976 3631 3048">
    <p class='ocr_par' dir='ltr' id='par_1_74' title="bbox 2064 2976 3631 3048">
     <span class='ocr_line' id='line_1_74' title="bbox 2064 2976 3631 3048; baseline 0 -18"><span class='ocrx_word' id='word_1_536' title='bbox 2064 2977 2187 3048; x_wconf 84' lang='lat' dir='ltr'><strong>quis</strong></span> <span class='ocrx_word' id='word_1_537' title='bbox 2211 2977 2392 3031; x_wconf 90' lang='lat' dir='ltr'><strong>animo</strong></span> <span class='ocrx_word' id='word_1_538' title='bbox 2420 2976 2708 3046; x_wconf 84' lang='lat' dir='ltr'><strong>diligenter</strong></span> <span class='ocrx_word' id='word_1_539' title='bbox 2732 2983 2965 3046; x_wconf 85' lang='lat' dir='ltr'><strong>reputet,</strong></span> <span class='ocrx_word' id='word_1_540' title='bbox 2993 2992 3102 3030; x_wconf 91' lang='lat' dir='ltr'><strong>non</strong></span> <span class='ocrx_word' id='word_1_541' title='bbox 3133 2977 3332 3046; x_wconf 87' lang='lat' dir='ltr'><strong>poterit</strong></span> <span class='ocrx_word' id='word_1_542' title='bbox 3361 2992 3468 3030; x_wconf 91' lang='lat' dir='ltr'><strong>non</strong></span> <span class='ocrx_word' id='word_1_543' title='bbox 3496 2989 3631 3030; x_wconf 91' lang='lat' dir='ltr'><strong>con-</strong></span> 
     </span>
    </p>
   </div>
   <div class='ocr_carea' id='block_1_75' title="bbox 2064 3067 3627 3138">
    <p class='ocr_par' dir='ltr' id='par_1_75' title="bbox 2064 3067 3627 3138">
     <span class='ocr_line' id='line_1_75' title="bbox 2064 3067 3627 3138; baseline -0.001 -15"><span class='ocrx_word' id='word_1_544' title='bbox 2064 3069 2205 3125; x_wconf 73' lang='lat' dir='ltr'><strong>fiteri</strong></span> <span class='ocrx_word' id='word_1_545' title='bbox 2251 3086 2318 3124; x_wconf 75' lang='lat' dir='ltr'><strong>ex</strong></span> <span class='ocrx_word' id='word_1_546' title='bbox 2371 3068 2457 3124; x_wconf 88' lang='lat' dir='ltr'><strong>his</strong></span> <span class='ocrx_word' id='word_1_547' title='bbox 2496 3068 2751 3123; x_wconf 91' lang='lat' dir='ltr'><strong>omnibus</strong></span> <span class='ocrx_word' id='word_1_548' title='bbox 2799 3067 2936 3122; x_wconf 87' lang='lat' dir='ltr'><strong>tales</strong></span> <span class='ocrx_word' id='word_1_549' title='bbox 2982 3069 3128 3123; x_wconf 88' lang='lat' dir='ltr'><strong>viros</strong></span> <span class='ocrx_word' id='word_1_550' title='bbox 3175 3069 3356 3123; x_wconf 89' lang='lat' dir='ltr'><strong>divina</strong></span> <span class='ocrx_word' id='word_1_551' title='bbox 3395 3069 3627 3138; x_wconf 83' lang='lat' dir='ltr'><strong>quadam</strong></span> 
     </span>
    </p>
   </div>
   <div class='ocr_carea' id='block_1_76' title="bbox 2065 3159 3631 3234">
    <p class='ocr_par' dir='ltr' id='par_1_76' title="bbox 2065 3159 3631 3234">
     <span class='ocr_line' id='line_1_76' title="bbox 2065 3159 3631 3234; baseline -0.002 -18"><span class='ocrx_word' id='word_1_552' title='bbox 2065 3161 2424 3234; x_wconf 86' lang='lat' dir='ltr'><strong>inspiratione</strong></span> <span class='ocrx_word' id='word_1_553' title='bbox 2467 3175 2587 3216; x_wconf 89' lang='lat' dir='ltr'><strong>esse</strong></span> <span class='ocrx_word' id='word_1_554' title='bbox 2628 3159 2857 3216; x_wconf 89' lang='lat' dir='ltr'><strong>alllatos.</strong></span> <span class='ocrx_word' id='word_1_555' title='bbox 2912 3159 3142 3230; x_wconf 89' lang='lat' dir='ltr'><strong>Ideoque</strong></span> <span class='ocrx_word' id='word_1_556' title='bbox 3188 3171 3317 3214; x_wconf 91' lang='lat' dir='ltr'><strong>tunc</strong></span> <span class='ocrx_word' id='word_1_557' title='bbox 3354 3176 3449 3215; x_wconf 87' lang='lat' dir='ltr'><strong>eos</strong></span> <span class='ocrx_word' id='word_1_558' title='bbox 3491 3161 3631 3214; x_wconf 90' lang='lat' dir='ltr'><strong>inter</strong></span> 
     </span>
    </p>
   </div>
   <div class='ocr_carea' id='block_1_77' title="bbox 2065 3252 3632 3323">
    <p class='ocr_par' dir='ltr' id='par_1_77' title="bbox 2065 3252 3632 3323">
     <span class='ocr_line' id='line_1_77' title="bbox 2065 3252 3632 3323; baseline -0.003 -14"><span class='ocrx_word' id='word_1_559' title='bbox 2065 3253 2500 3323; x_wconf 85' lang='lat' dir='ltr'><strong>sapientissimos</strong></span> <span class='ocrx_word' id='word_1_560' title='bbox 2560 3267 2773 3320; x_wconf 69' lang='lat' dir='ltr'><strong>mquum</strong></span> <span class='ocrx_word' id='word_1_561' title='bbox 2815 3261 2932 3304; x_wconf 86' lang='lat' dir='ltr'><strong>erat</strong></span> <span class='ocrx_word' id='word_1_562' title='bbox 2988 3252 3285 3312; x_wconf 87' lang='lat' dir='ltr'><strong>admirari,</strong></span> <span class='ocrx_word' id='word_1_563' title='bbox 3337 3267 3632 3322; x_wconf 88' lang='lat' dir='ltr'><strong>eorumque</strong></span> 
     </span>
    </p>
   </div>
   <div class='ocr_carea' id='block_1_78' title="bbox 2061 3341 3632 3412">
    <p class='ocr_par' dir='ltr' id='par_1_78' title="bbox 2061 3341 3632 3412">
     <span class='ocr_line' id='line_1_78' title="bbox 2061 3341 3632 3412; baseline -0.003 -11"><span class='ocrx_word' id='word_1_564' title='bbox 2061 3347 2227 3401; x_wconf 86' lang='lat' dir='ltr'><strong>verba</strong></span> <span class='ocrx_word' id='word_1_565' title='bbox 2274 3345 2445 3399; x_wconf 78' lang='lat' dir='ltr'><strong>sacris</strong></span> <span class='ocrx_word' id='word_1_566' title='bbox 2492 3358 2820 3398; x_wconf 84' lang='lat' dir='ltr'><strong>conservare</strong></span> <span class='ocrx_word' id='word_1_567' title='bbox 2863 3341 3183 3412; x_wconf 88' lang='lat' dir='ltr'><strong>Scripturis,</strong></span> <span class='ocrx_word' id='word_1_568' title='bbox 3246 3359 3341 3399; x_wconf 90' lang='lat' dir='ltr'><strong>eos</strong></span> <span class='ocrx_word' id='word_1_569' title='bbox 3399 3343 3632 3412; x_wconf 86' lang='lat' dir='ltr'><strong>denique</strong></span> 
     </span>
    </p>
   </div>
   <div class='ocr_carea' id='block_1_79' title="bbox 2062 3436 3632 3508">
    <p class='ocr_par' dir='ltr' id='par_1_79' title="bbox 2062 3436 3632 3508">
     <span class='ocr_line' id='line_1_79' title="bbox 2062 3436 3632 3508; baseline -0.001 -16"><span class='ocrx_word' id='word_1_570' title='bbox 2062 3449 2237 3506; x_wconf 82' lang='lat' dir='ltr'><strong>usque</strong></span> <span class='ocrx_word' id='word_1_571' title='bbox 2266 3452 2412 3490; x_wconf 88' lang='lat' dir='ltr'><strong>nunc</strong></span> <span class='ocrx_word' id='word_1_572' title='bbox 2453 3436 2596 3506; x_wconf 89' lang='lat' dir='ltr'><strong>apud</strong></span> <span class='ocrx_word' id='word_1_573' title='bbox 2628 3451 2817 3491; x_wconf 87' lang='lat' dir='ltr'><strong>omnes</strong></span> <span class='ocrx_word' id='word_1_574' title='bbox 2855 3444 3043 3506; x_wconf 87' lang='lat' dir='ltr'><strong>gentes</strong></span> <span class='ocrx_word' id='word_1_575' title='bbox 3087 3438 3235 3490; x_wconf 80' lang='lat' dir='ltr'><strong>velut</strong></span> <span class='ocrx_word' id='word_1_576' title='bbox 3273 3437 3367 3490; x_wconf 87' lang='lat' dir='ltr'><strong>Dei</strong></span> <span class='ocrx_word' id='word_1_577' title='bbox 3399 3438 3632 3508; x_wconf 85' lang='lat' dir='ltr'><strong>prophe-</strong></span> 
     </span>
    </p>
   </div>
   <div class='ocr_carea' id='block_1_80' title="bbox 2061 3526 3630 3593">
    <p class='ocr_par' dir='ltr' id='par_1_80' title="bbox 2061 3526 3630 3593">
     <span class='ocr_line' id='line_1_80' title="bbox 2061 3526 3630 3593; baseline 0.001 -13"><span class='ocrx_word' id='word_1_578' title='bbox 2061 3534 2148 3582; x_wconf 90' lang='lat' dir='ltr'><strong>tas</strong></span> <span class='ocrx_word' id='word_1_579' title='bbox 2179 3527 2348 3582; x_wconf 92' lang='lat' dir='ltr'><strong>credi.</strong></span> <span class='ocrx_word' id='word_1_580' title='bbox 2384 3526 2538 3593; x_wconf 82' lang='lat' dir='ltr'><strong>Quod</strong></span> <span class='ocrx_word' id='word_1_581' title='bbox 2568 3535 2621 3582; x_wconf 87' lang='lat' dir='ltr'><strong>et</strong></span> <span class='ocrx_word' id='word_1_582' title='bbox 2650 3528 3099 3583; x_wconf 80' lang='lat' dir='ltr'><strong>manifestissime</strong></span> <span class='ocrx_word' id='word_1_583' title='bbox 3132 3529 3415 3582; x_wconf 84' lang='lat' dir='ltr'><strong>confirmat</strong></span> <span class='ocrx_word' id='word_1_584' title='bbox 3442 3538 3630 3583; x_wconf 85' lang='lat' dir='ltr'><strong>nostra</strong></span> 
     </span>
    </p>
   </div>
   <div class='ocr_carea' id='block_1_81' title="bbox 2062 3618 3627 3688">
    <p class='ocr_par' dir='ltr' id='par_1_81' title="bbox 2062 3618 3627 3688">
     <span class='ocr_line' id='line_1_81' title="bbox 2062 3618 3627 3688; baseline 0 -14"><span class='ocrx_word' id='word_1_585' title='bbox 2062 3619 2130 3674; x_wconf 89' lang='lat' dir='ltr'><strong>de</strong></span> <span class='ocrx_word' id='word_1_586' title='bbox 2151 3618 2375 3674; x_wconf 86' lang='lat' dir='ltr'><strong>Christo</strong></span> <span class='ocrx_word' id='word_1_587' title='bbox 2408 3618 2730 3688; x_wconf 86' lang='lat' dir='ltr'><strong>disputatio.</strong></span> <span class='ocrx_word' id='word_1_588' title='bbox 2765 3634 2872 3688; x_wconf 84' lang='lat' dir='ltr'><strong>qua</strong></span> <span class='ocrx_word' id='word_1_589' title='bbox 2916 3619 3413 3674; x_wconf 84' lang='lat' dir='ltr'><strong>demonstravimus</strong></span> <span class='ocrx_word' id='word_1_590' title='bbox 3444 3621 3627 3674; x_wconf 83' lang='lat' dir='ltr'><strong>omnia</strong></span> 
     </span>
    </p>
   </div>
   <div class='ocr_carea' id='block_1_82' title="bbox 2063 3707 3619 3780">
    <p class='ocr_par' dir='ltr' id='par_1_82' title="bbox 2063 3707 3619 3780">
     <span class='ocr_line' id='line_1_82' title="bbox 2063 3707 3619 3780; baseline 0 -16"><span class='ocrx_word' id='word_1_591' title='bbox 2063 3725 2183 3780; x_wconf 70' lang='lat' dir='ltr'><strong>qua:</strong></span> <span class='ocrx_word' id='word_1_592' title='bbox 2215 3709 2536 3764; x_wconf 89' lang='lat' dir='ltr'><strong>acciderunt</strong></span> <span class='ocrx_word' id='word_1_593' title='bbox 2583 3708 2656 3771; x_wconf 92' lang='lat' dir='ltr'><strong>ei,</strong></span> <span class='ocrx_word' id='word_1_594' title='bbox 2687 3722 2899 3762; x_wconf 90' lang='lat' dir='ltr'><strong>omnem</strong></span> <span class='ocrx_word' id='word_1_595' title='bbox 2941 3707 3059 3776; x_wconf 87' lang='lat' dir='ltr'><strong>ejus</strong></span> <span class='ocrx_word' id='word_1_596' title='bbox 3104 3709 3470 3778; x_wconf 89' lang='lat' dir='ltr'><strong>disciplinam,</strong></span> <span class='ocrx_word' id='word_1_597' title='bbox 3503 3727 3619 3780; x_wconf 91' lang='lat' dir='ltr'><strong>gen-</strong></span> 
     </span>
    </p>
   </div>
   <div class='ocr_carea' id='block_1_83' title="bbox 2062 3799 3631 3870">
    <p class='ocr_par' dir='ltr' id='par_1_83' title="bbox 2062 3799 3631 3870">
     <span class='ocr_line' id='line_1_83' title="bbox 2062 3799 3631 3870; baseline -0.001 -14"><span class='ocrx_word' id='word_1_598' title='bbox 2062 3804 2307 3870; x_wconf 90' lang='lat' dir='ltr'><strong>tiumque</strong></span> <span class='ocrx_word' id='word_1_599' title='bbox 2347 3801 2419 3855; x_wconf 91' lang='lat' dir='ltr'><strong>ab</strong></span> <span class='ocrx_word' id='word_1_600' title='bbox 2461 3814 2527 3854; x_wconf 87' lang='lat' dir='ltr'><strong>eo</strong></span> <span class='ocrx_word' id='word_1_601' title='bbox 2562 3799 2757 3852; x_wconf 91' lang='lat' dir='ltr'><strong>factam</strong></span> <span class='ocrx_word' id='word_1_602' title='bbox 2802 3800 3165 3859; x_wconf 85' lang='lat' dir='ltr'><strong>vocationem,</strong></span> <span class='ocrx_word' id='word_1_603' title='bbox 3194 3815 3453 3869; x_wconf 73' lang='lat' dir='ltr'><strong>expresse</strong></span> <span class='ocrx_word' id='word_1_604' title='bbox 3490 3813 3631 3868; x_wconf 65' lang='lat' dir='ltr'><strong>prte-</strong></span> 
     </span>
    </p>
   </div>
   <div class='ocr_carea' id='block_1_84' title="bbox 2064 3888 3627 3958">
    <p class='ocr_par' dir='ltr' id='par_1_84' title="bbox 2064 3888 3627 3958">
     <span class='ocr_line' id='line_1_84' title="bbox 2064 3888 3627 3958; baseline -0.002 -12"><span class='ocrx_word' id='word_1_605' title='bbox 2064 3891 2335 3950; x_wconf 88' lang='lat' dir='ltr'><strong>nuntiata,</strong></span> <span class='ocrx_word' id='word_1_606' title='bbox 2383 3889 2678 3958; x_wconf 81' lang='lat' dir='ltr'><strong>multisque</strong></span> <span class='ocrx_word' id='word_1_607' title='bbox 2714 3895 2840 3942; x_wconf 86' lang='lat' dir='ltr'><strong>ante</strong></span> <span class='ocrx_word' id='word_1_608' title='bbox 2890 3889 3049 3942; x_wconf 87' lang='lat' dir='ltr'><strong>annis</strong></span> <span class='ocrx_word' id='word_1_609' title='bbox 3091 3888 3157 3941; x_wconf 91' lang='lat' dir='ltr'><strong>ab</strong></span> <span class='ocrx_word' id='word_1_610' title='bbox 3202 3889 3322 3943; x_wconf 91' lang='lat' dir='ltr'><strong>istis</strong></span> <span class='ocrx_word' id='word_1_611' title='bbox 3369 3888 3627 3944; x_wconf 82' lang='lat' dir='ltr'><strong>divinitus</strong></span> 
     </span>
    </p>
   </div>
   <div class='ocr_carea' id='block_1_85' title="bbox 2065 3977 3630 4048">
    <p class='ocr_par' dir='ltr' id='par_1_85' title="bbox 2065 3977 3630 4048">
     <span class='ocr_line' id='line_1_85' title="bbox 2065 3977 3630 4048; baseline -0.001 -13"><span class='ocrx_word' id='word_1_612' title='bbox 2065 3981 2259 4036; x_wconf 80' lang='lat' dir='ltr'><strong>alllatis</strong></span> <span class='ocrx_word' id='word_1_613' title='bbox 2287 3981 2419 4034; x_wconf 90' lang='lat' dir='ltr'><strong>vir-is</strong></span> <span class='ocrx_word' id='word_1_614' title='bbox 2447 3978 2706 4048; x_wconf 68' lang='lat' dir='ltr'><strong>praedicta</strong></span> <span class='ocrx_word' id='word_1_615' title='bbox 2753 3977 2942 4032; x_wconf 92' lang='lat' dir='ltr'><strong>fuisse.</strong></span> <span class='ocrx_word' id='word_1_616' title='bbox 2971 3977 3212 4044; x_wconf 84' lang='lat' dir='ltr'><strong>Quorum</strong></span> <span class='ocrx_word' id='word_1_617' title='bbox 3244 3995 3430 4034; x_wconf 90' lang='lat' dir='ltr'><strong>sacros</strong></span> <span class='ocrx_word' id='word_1_618' title='bbox 3462 3980 3630 4033; x_wconf 86' lang='lat' dir='ltr'><strong>libros</strong></span> 
     </span>
    </p>
   </div>
   <div class='ocr_carea' id='block_1_86' title="bbox 2055 4071 3630 4141">
    <p class='ocr_par' dir='ltr' id='par_1_86' title="bbox 2055 4071 3630 4141">
     <span class='ocr_line' id='line_1_86' title="bbox 2055 4071 3630 4141; baseline -0.003 -13"><span class='ocrx_word' id='word_1_619' title='bbox 2055 4073 2227 4128; x_wconf 67' lang='lat' dir='ltr'><strong>Judaei</strong></span> <span class='ocrx_word' id='word_1_620' title='bbox 2275 4072 2484 4141; x_wconf 85' lang='lat' dir='ltr'><strong>majore</strong></span> <span class='ocrx_word' id='word_1_621' title='bbox 2531 4071 2676 4140; x_wconf 89' lang='lat' dir='ltr'><strong>digni</strong></span> <span class='ocrx_word' id='word_1_622' title='bbox 2732 4071 2836 4126; x_wconf 84' lang='lat' dir='ltr'><strong>fide</strong></span> <span class='ocrx_word' id='word_1_623' title='bbox 2884 4085 3047 4140; x_wconf 88' lang='lat' dir='ltr'><strong>quam</strong></span> <span class='ocrx_word' id='word_1_624' title='bbox 3097 4087 3198 4125; x_wconf 90' lang='lat' dir='ltr'><strong>nos</strong></span> <span class='ocrx_word' id='word_1_625' title='bbox 3239 4079 3445 4135; x_wconf 91' lang='lat' dir='ltr'><strong>essent,</strong></span> <span class='ocrx_word' id='word_1_626' title='bbox 3477 4074 3630 4139; x_wconf 89' lang='lat' dir='ltr'><strong>justo</strong></span> 
     </span>
    </p>
   </div>
   <div class='ocr_carea' id='block_1_87' title="bbox 2057 4163 3628 4234">
    <p class='ocr_par' dir='ltr' id='par_1_87' title="bbox 2057 4163 3628 4234">
     <span class='ocr_line' id='line_1_87' title="bbox 2057 4163 3628 4234; baseline -0.003 -13"><span class='ocrx_word' id='word_1_627' title='bbox 2057 4182 2122 4221; x_wconf 90' lang='lat' dir='ltr'><strong>ac</strong></span> <span class='ocrx_word' id='word_1_628' title='bbox 2173 4164 2472 4220; x_wconf 88' lang='lat' dir='ltr'><strong>venerabili</strong></span> <span class='ocrx_word' id='word_1_629' title='bbox 2517 4163 2724 4216; x_wconf 86' lang='lat' dir='ltr'><strong>honore</strong></span> <span class='ocrx_word' id='word_1_630' title='bbox 2765 4171 3174 4232; x_wconf 83' lang='lat' dir='ltr'><strong>prosequentes.</strong></span> <span class='ocrx_word' id='word_1_631' title='bbox 3236 4163 3331 4218; x_wconf 87' lang='lat' dir='ltr'><strong>llis</strong></span> <span class='ocrx_word' id='word_1_632' title='bbox 3377 4164 3543 4234; x_wconf 89' lang='lat' dir='ltr'><strong>igitur</strong></span> <span class='ocrx_word' id='word_1_633' title='bbox 3598 4179 3628 4216; x_wconf 87' lang='lat' dir='ltr'><strong>a</strong></span> 
     </span>
    </p>
   </div>
   <div class='ocr_carea' id='block_1_88' title="bbox 2057 4254 3629 4325">
    <p class='ocr_par' dir='ltr' id='par_1_88' title="bbox 2057 4254 3629 4325">
     <span class='ocr_line' id='line_1_88' title="bbox 2057 4254 3629 4325; baseline -0.003 -13"><span class='ocrx_word' id='word_1_634' title='bbox 2057 4257 2219 4313; x_wconf 90' lang='lat' dir='ltr'><strong>nobis</strong></span> <span class='ocrx_word' id='word_1_635' title='bbox 2271 4270 2378 4309; x_wconf 92' lang='lat' dir='ltr'><strong>non</strong></span> <span class='ocrx_word' id='word_1_636' title='bbox 2420 4254 2536 4309; x_wconf 91' lang='lat' dir='ltr'><strong>sine</strong></span> <span class='ocrx_word' id='word_1_637' title='bbox 2583 4254 2817 4308; x_wconf 86' lang='lat' dir='ltr'><strong>utilitate</strong></span> <span class='ocrx_word' id='word_1_638' title='bbox 2849 4255 3132 4324; x_wconf 76' lang='lat' dir='ltr'><strong>expositis,</strong></span> <span class='ocrx_word' id='word_1_639' title='bbox 3185 4255 3252 4309; x_wconf 90' lang='lat' dir='ltr'><strong>ad</strong></span> <span class='ocrx_word' id='word_1_640' title='bbox 3291 4257 3629 4325; x_wconf 84' lang='lat' dir='ltr'><strong>propositum</strong></span> 
     </span>
    </p>
   </div>
   <div class='ocr_carea' id='block_1_89' title="bbox 2058 4345 2568 4400">
    <p class='ocr_par' dir='ltr' id='par_1_89' title="bbox 2058 4345 2568 4400">
     <span class='ocr_line' id='line_1_89' title="bbox 2058 4345 2568 4400; baseline -0.01 0"><span class='ocrx_word' id='word_1_641' title='bbox 2058 4345 2439 4400; x_wconf 87' lang='lat' dir='ltr'><strong>revertendum</strong></span> <span class='ocrx_word' id='word_1_642' title='bbox 2465 4351 2568 4397; x_wconf 90' lang='lat' dir='ltr'><strong>est.</strong></span> 
     </span>
    </p>
   </div>
   <div class='ocr_carea' id='block_1_90' title="bbox 389 4433 3635 4523">
    <p class='ocr_par' dir='ltr' id='par_1_90' title="bbox 389 4433 3635 4523">
     <span class='ocr_line' id='line_1_90' title="bbox 389 4433 3635 4523; baseline -0.003 -21"><span class='ocrx_word' id='word_1_643' title='bbox 389 4448 601 4518; x_wconf 75' lang='grc' dir='ltr'>βίϐλους</span> <span class='ocrx_word' id='word_1_644' title='bbox 642 4452 882 4505; x_wconf 80' lang='grc' dir='ltr'>Ἰουδαῖοι</span> <span class='ocrx_word' id='word_1_645' title='bbox 911 4452 1108 4523; x_wconf 77' lang='grc' dir='ltr'>μᾶλλον</span> <span class='ocrx_word' id='word_1_646' title='bbox 1135 4452 1200 4508; x_wconf 83' lang='grc' dir='ltr'>ἂν</span> <span class='ocrx_word' id='word_1_647' title='bbox 1225 4450 1380 4523; x_wconf 83' lang='grc' dir='ltr'>ἡμῶν</span> <span class='ocrx_word' id='word_1_648' title='bbox 1436 4444 1544 4504; x_wconf 78' lang='grc' dir='ltr'>εἷεν</span> <span class='ocrx_word' id='word_1_649' title='bbox 1602 4446 2028 4514; x_wconf 78' lang='grc' dir='ltr'>ἀξιοπιστότεροι</span> <span class='ocrx_word' id='word_1_650' title='bbox 2070 4437 2207 4510; x_wconf 90' lang='grc' dir='ltr'><strong>μετά</strong></span> <span class='ocrx_word' id='word_1_651' title='bbox 2250 4436 2428 4504; x_wconf 82' lang='grc' dir='ltr'>πάσης</span> <span class='ocrx_word' id='word_1_652' title='bbox 2488 4433 2783 4504; x_wconf 80' lang='grc' dir='ltr'>σεϐασμίου</span> <span class='ocrx_word' id='word_1_653' title='bbox 2828 4435 2992 4504; x_wconf 76' lang='grc' dir='ltr'>τιμῆς</span> <span class='ocrx_word' id='word_1_654' title='bbox 3042 4434 3388 4506; x_wconf 48' lang='grc' dir='ltr'>περιέποντπ</span> <span class='ocrx_word' id='word_1_655' title='bbox 3433 4453 3490 4487; x_wconf 87' lang='grc' dir='ltr'><strong>τε</strong></span> <span class='ocrx_word' id='word_1_656' title='bbox 3539 4435 3635 4493; x_wconf 74' lang='grc' dir='ltr'>καὶ</span> 
     </span>
    </p>
   </div>
   <div class='ocr_carea' id='block_1_91' title="bbox 389 4528 2858 4621">
    <p class='ocr_par' dir='ltr' id='par_1_91' title="bbox 389 4528 2858 4621">
     <span class='ocr_line' id='line_1_91' title="bbox 389 4528 2858 4621; baseline -0.008 -22"><span class='ocrx_word' id='word_1_657' title='bbox 389 4548 768 4620; x_wconf 80' lang='grc' dir='ltr'>προφέροντες.</span> <span class='ocrx_word' id='word_1_658' title='bbox 822 4549 1036 4603; x_wconf 81' lang='grc' dir='ltr'>Τούτων</span> <span class='ocrx_word' id='word_1_659' title='bbox 1065 4550 1195 4621; x_wconf 76' lang='grc' dir='ltr'>ἡμῖν</span> <span class='ocrx_word' id='word_1_660' title='bbox 1225 4545 1508 4620; x_wconf 87' lang='grc' dir='ltr'>χρησίμως</span> <span class='ocrx_word' id='word_1_661' title='bbox 1535 4533 2056 4618; x_wconf 77' lang='grc' dir='ltr'>προδιαληφθέντων,</span> <span class='ocrx_word' id='word_1_662' title='bbox 2077 4535 2166 4587; x_wconf 70' lang='grc' dir='ltr'>ἐπὶ</span> <span class='ocrx_word' id='word_1_663' title='bbox 2192 4532 2290 4603; x_wconf 73' lang='grc' dir='ltr'>τὴν</span> <span class='ocrx_word' id='word_1_664' title='bbox 2319 4528 2572 4583; x_wconf 73' lang='grc' dir='ltr'>ὑπόθεσιν</span> <span class='ocrx_word' id='word_1_665' title='bbox 2597 4528 2858 4581; x_wconf 81' lang='grc' dir='ltr'>ὁδευτέον.</span> 
     </span>
    </p>
   </div>
   <div class='ocr_carea' id='block_1_92' title="bbox 913 4671 1424 4724">
    <p class='ocr_par' dir='ltr' id='par_1_92' title="bbox 913 4671 1424 4724">
     <span class='ocr_line' id='line_1_92' title="bbox 913 4671 1424 4724; baseline -0.002 0"><span class='ocrx_word' id='word_1_666' title='bbox 913 4672 1308 4724; x_wconf 79' lang='grc' dir='ltr'><strong>ΚΕΦΑΛΑῘΟΝ</strong></span> <span class='ocrx_word' id='word_1_667' title='bbox 1346 4671 1424 4723; x_wconf 80' lang='grc' dir='ltr'><strong>Α¹.</strong></span> 
     </span>
    </p>
   </div>
   <div class='ocr_carea' id='block_1_93' title="bbox 909 4761 1443 4817">
    <p class='ocr_par' dir='ltr' id='par_1_93' title="bbox 909 4761 1443 4817">
     <span class='ocr_line' id='line_1_93' title="bbox 909 4761 1443 4817; baseline 0.006 -3"><span class='ocrx_word' id='word_1_668' title='bbox 909 4761 1002 4815; x_wconf 83' lang='grc' dir='ltr'><strong>Ἐκ</strong></span> <span class='ocrx_word' id='word_1_669' title='bbox 1034 4763 1140 4816; x_wconf 85' lang='grc' dir='ltr'>τοῦ</span> <span class='ocrx_word' id='word_1_670' title='bbox 1179 4763 1443 4817; x_wconf 81' lang='grc' dir='ltr'>Ἡσαΐου.</span> 
     </span>
    </p>
   </div>
   <div class='ocr_carea' id='block_1_94' title="bbox 471 4846 1956 4925">
    <p class='ocr_par' dir='ltr' id='par_1_94' title="bbox 471 4846 1956 4925">
     <span class='ocr_line' id='line_1_94' title="bbox 471 4846 1956 4925; baseline -0.006 -18"><span class='ocrx_word' id='word_1_671' title='bbox 471 4871 492 4907; x_wconf 74' lang='grc' dir='ltr'><strong>ι</strong></span> <span class='ocrx_word' id='word_1_672' title='bbox 531 4855 589 4907; x_wconf 81' lang='lat'><strong>&#39;0</strong></span> <span class='ocrx_word' id='word_1_673' title='bbox 622 4855 777 4923; x_wconf 88' lang='grc' dir='ltr'>λόγος</span> <span class='ocrx_word' id='word_1_674' title='bbox 813 4855 842 4906; x_wconf 87' lang='grc' dir='ltr'><strong>ό</strong></span> <span class='ocrx_word' id='word_1_675' title='bbox 874 4855 1163 4924; x_wconf 87' lang='grc' dir='ltr'>γενόμενος</span> <span class='ocrx_word' id='word_1_676' title='bbox 1184 4853 1320 4925; x_wconf 84' lang='grc' dir='ltr'>πρὸς</span> <span class='ocrx_word' id='word_1_677' title='bbox 1358 4853 1582 4906; x_wconf 71' lang='grc' dir='ltr'>Ἡσαΐαν</span> <span class='ocrx_word' id='word_1_678' title='bbox 1625 4849 1740 4904; x_wconf 84' lang='grc' dir='ltr'>υίὸν</span> <span class='ocrx_word' id='word_1_679' title='bbox 1777 4846 1956 4918; x_wconf 83' lang='grc' dir='ltr'>Ἀμὼς</span> 
     </span>
    </p>
   </div>
   <div class='ocr_carea' id='block_1_95' title="bbox 391 4940 1956 5018">
    <p class='ocr_par' dir='ltr' id='par_1_95' title="bbox 391 4940 1956 5018">
     <span class='ocr_line' id='line_1_95' title="bbox 391 4940 1956 5018; baseline -0.005 -20"><span class='ocrx_word' id='word_1_680' title='bbox 391 4945 518 5017; x_wconf 71' lang='grc' dir='ltr'>περὶ</span> <span class='ocrx_word' id='word_1_681' title='bbox 552 4947 650 5018; x_wconf 85' lang='grc' dir='ltr'>τῆς</span> <span class='ocrx_word' id='word_1_682' title='bbox 690 4945 946 5010; x_wconf 85' lang='grc' dir='ltr'>Ἰουδαίας</span> <span class='ocrx_word' id='word_1_683' title='bbox 978 4947 1070 5000; x_wconf 71' lang='grc' dir='ltr'>καὶ</span> <span class='ocrx_word' id='word_1_684' title='bbox 1097 4946 1222 5016; x_wconf 78' lang='grc' dir='ltr'>περὶ</span> <span class='ocrx_word' id='word_1_685' title='bbox 1254 4944 1624 5015; x_wconf 82' lang='grc' dir='ltr'>Ἰερουσαλήμ.</span> <span class='ocrx_word' id='word_1_686' title='bbox 1649 4944 1770 4996; x_wconf 72' lang='grc' dir='ltr'><strong>Ὀτι</strong></span> <span class='ocrx_word' id='word_1_687' title='bbox 1801 4940 1956 4993; x_wconf 77' lang='grc' dir='ltr'>ἔσται</span> 
     </span>
    </p>
   </div>
   <div class='ocr_carea' id='block_1_96' title="bbox 392 5034 1951 5109">
    <p class='ocr_par' dir='ltr' id='par_1_96' title="bbox 392 5034 1951 5109">
     <span class='ocr_line' id='line_1_96' title="bbox 392 5034 1951 5109; baseline -0.003 -19"><span class='ocrx_word' id='word_1_688' title='bbox 392 5040 450 5092; x_wconf 81' lang='grc' dir='ltr'><strong>ἐν</strong></span> <span class='ocrx_word' id='word_1_689' title='bbox 472 5041 591 5102; x_wconf 80' lang='grc' dir='ltr'>ταῖς</span> <span class='ocrx_word' id='word_1_690' title='bbox 634 5039 889 5109; x_wconf 82' lang='grc' dir='ltr'>ἐσχάταις</span> <span class='ocrx_word' id='word_1_691' title='bbox 917 5039 1150 5109; x_wconf 80' lang='grc' dir='ltr'>ἡμέραις</span> <span class='ocrx_word' id='word_1_692' title='bbox 1180 5039 1420 5108; x_wconf 76' lang='grc' dir='ltr'>ἐμφανὲς</span> <span class='ocrx_word' id='word_1_693' title='bbox 1458 5037 1519 5091; x_wconf 79' lang='grc' dir='ltr'><strong>τὸ</strong></span> <span class='ocrx_word' id='word_1_694' title='bbox 1549 5037 1675 5108; x_wconf 78' lang='grc' dir='ltr'>ὅρος</span> <span class='ocrx_word' id='word_1_695' title='bbox 1712 5034 1917 5106; x_wconf 84' lang='grc' dir='ltr'>Κυρίου</span> <span class='ocrx_word' id='word_1_696' title='bbox 1938 5071 1951 5097; x_wconf 87' lang='grc'><strong>,</strong></span> 
     </span>
    </p>
   </div>
   <div class='ocr_carea' id='block_1_97' title="bbox 393 5125 1952 5202">
    <p class='ocr_par' dir='ltr' id='par_1_97' title="bbox 393 5125 1952 5202">
     <span class='ocr_line' id='line_1_97' title="bbox 393 5125 1952 5202; baseline -0.004 -18"><span class='ocrx_word' id='word_1_697' title='bbox 393 5129 486 5184; x_wconf 69' lang='grc' dir='ltr'>καὶ</span> <span class='ocrx_word' id='word_1_698' title='bbox 507 5131 538 5183; x_wconf 84' lang='grc' dir='ltr'><strong>ὁ</strong></span> <span class='ocrx_word' id='word_1_699' title='bbox 565 5125 712 5192; x_wconf 76' lang='grc' dir='ltr'>οἶκος</span> <span class='ocrx_word' id='word_1_700' title='bbox 731 5128 825 5181; x_wconf 89' lang='grc' dir='ltr'><strong>τοῦ</strong></span> <span class='ocrx_word' id='word_1_701' title='bbox 848 5129 982 5181; x_wconf 76' lang='grc' dir='ltr'>Θεοῦ</span> <span class='ocrx_word' id='word_1_702' title='bbox 1013 5132 1099 5182; x_wconf 83' lang='grc' dir='ltr'><strong>ἐπ’</strong></span> <span class='ocrx_word' id='word_1_703' title='bbox 1131 5131 1314 5202; x_wconf 84' lang='grc' dir='ltr'>ἄκρων</span> <span class='ocrx_word' id='word_1_704' title='bbox 1345 5129 1452 5182; x_wconf 89' lang='grc' dir='ltr'><strong>τῶν</strong></span> <span class='ocrx_word' id='word_1_705' title='bbox 1477 5126 1669 5200; x_wconf 83' lang='grc' dir='ltr'>ὁρέων,</span> <span class='ocrx_word' id='word_1_706' title='bbox 1688 5127 1783 5181; x_wconf 78' lang='grc' dir='ltr'>καὶ</span> <span class='ocrx_word' id='word_1_707' title='bbox 1805 5125 1952 5194; x_wconf 79' lang='grc' dir='ltr'>ὑψω-</span> 
     </span>
    </p>
   </div>
   <div class='ocr_carea' id='block_1_98' title="bbox 395 5212 1956 5290">
    <p class='ocr_par' dir='ltr' id='par_1_98' title="bbox 395 5212 1956 5290">
     <span class='ocr_line' id='line_1_98' title="bbox 395 5212 1956 5290; baseline -0.005 -18"><span class='ocrx_word' id='word_1_708' title='bbox 395 5218 611 5290; x_wconf 85' lang='grc' dir='ltr'>θήσεται</span> <span class='ocrx_word' id='word_1_709' title='bbox 638 5219 892 5290; x_wconf 83' lang='grc' dir='ltr'>ὑπεράνω</span> <span class='ocrx_word' id='word_1_710' title='bbox 923 5219 1030 5271; x_wconf 88' lang='grc' dir='ltr'><strong>τῶν</strong></span> <span class='ocrx_word' id='word_1_711' title='bbox 1065 5218 1288 5289; x_wconf 87' lang='grc' dir='ltr'>βουνῶν,</span> <span class='ocrx_word' id='word_1_712' title='bbox 1315 5219 1408 5271; x_wconf 68' lang='grc' dir='ltr'>καὶ</span> <span class='ocrx_word' id='word_1_713' title='bbox 1433 5217 1651 5287; x_wconf 74' lang='grc' dir='ltr'>ἥξουσιν</span> <span class='ocrx_word' id='word_1_714' title='bbox 1687 5216 1775 5267; x_wconf 76' lang='grc' dir='ltr'>ἐπ’</span> <span class='ocrx_word' id='word_1_715' title='bbox 1807 5212 1956 5281; x_wconf 75' lang='grc' dir='ltr'>αὐτῷ</span> 
     </span>
    </p>
   </div>
   <div class='ocr_carea' id='block_1_99' title="bbox 397 5305 1958 5382">
    <p class='ocr_par' dir='ltr' id='par_1_99' title="bbox 397 5305 1958 5382">
     <span class='ocr_line' id='line_1_99' title="bbox 397 5305 1958 5382; baseline -0.006 -17"><span class='ocrx_word' id='word_1_716' title='bbox 397 5313 566 5367; x_wconf 79' lang='grc' dir='ltr'>πάντα</span> <span class='ocrx_word' id='word_1_717' title='bbox 597 5312 668 5364; x_wconf 82' lang='grc' dir='ltr'>τὰ</span> <span class='ocrx_word' id='word_1_718' title='bbox 695 5311 842 5382; x_wconf 69' lang='grc' dir='ltr'>ἔθνη.</span> <span class='ocrx_word' id='word_1_719' title='bbox 890 5311 998 5366; x_wconf 72' lang='grc' dir='ltr'><strong>Καὶ</strong></span> <span class='ocrx_word' id='word_1_720' title='bbox 1043 5310 1396 5382; x_wconf 86' lang='grc' dir='ltr'>πορεύσονται</span> <span class='ocrx_word' id='word_1_721' title='bbox 1449 5308 1577 5377; x_wconf 77' lang='grc' dir='ltr'>ἔθνη</span> <span class='ocrx_word' id='word_1_722' title='bbox 1626 5305 1814 5368; x_wconf 80' lang='grc' dir='ltr'>πολλὰ,</span> <span class='ocrx_word' id='word_1_723' title='bbox 1866 5306 1958 5358; x_wconf 77' lang='grc' dir='ltr'>καὶ</span> 
     </span>
    </p>
   </div>
   <div class='ocr_carea' id='block_1_100' title="bbox 398 5397 1957 5476">
    <p class='ocr_par' dir='ltr' id='par_1_100' title="bbox 398 5397 1957 5476">
     <span class='ocr_line' id='line_1_100' title="bbox 398 5397 1957 5476; baseline -0.006 -18"><span class='ocrx_word' id='word_1_724' title='bbox 398 5405 596 5476; x_wconf 63' lang='grc' dir='ltr'>ἐροῦσι·</span> <span class='ocrx_word' id='word_1_725' title='bbox 630 5403 814 5468; x_wconf 86' lang='grc' dir='ltr'>Δεῦτε,</span> <span class='ocrx_word' id='word_1_726' title='bbox 835 5404 928 5457; x_wconf 72' lang='grc' dir='ltr'>καὶ</span> <span class='ocrx_word' id='word_1_727' title='bbox 951 5403 1238 5474; x_wconf 79' lang='grc' dir='ltr'>ἀναδῶμεν</span> <span class='ocrx_word' id='word_1_728' title='bbox 1271 5405 1350 5466; x_wconf 88' lang='grc' dir='ltr'><strong>εἰς</strong></span> <span class='ocrx_word' id='word_1_729' title='bbox 1370 5403 1432 5454; x_wconf 82' lang='grc' dir='ltr'>τὸ</span> <span class='ocrx_word' id='word_1_730' title='bbox 1457 5401 1579 5472; x_wconf 78' lang='grc' dir='ltr'>ὅρος</span> <span class='ocrx_word' id='word_1_731' title='bbox 1606 5398 1833 5468; x_wconf 84' lang='grc' dir='ltr'>Κυρίου,</span> <span class='ocrx_word' id='word_1_732' title='bbox 1861 5397 1957 5450; x_wconf 76' lang='grc' dir='ltr'><strong>καὶ</strong></span> 
     </span>
    </p>
   </div>
   <div class='ocr_carea' id='block_1_101' title="bbox 399 5488 1956 5560">
    <p class='ocr_par' dir='ltr' id='par_1_101' title="bbox 399 5488 1956 5560">
     <span class='ocr_line' id='line_1_101' title="bbox 399 5488 1956 5560; baseline -0.007 -11"><span class='ocrx_word' id='word_1_733' title='bbox 399 5497 470 5560; x_wconf 82' lang='grc' dir='ltr'><strong>είς</strong></span> <span class='ocrx_word' id='word_1_734' title='bbox 494 5497 584 5549; x_wconf 84' lang='grc' dir='ltr'>τὸν</span> <span class='ocrx_word' id='word_1_735' title='bbox 626 5490 772 5547; x_wconf 76' lang='grc' dir='ltr'>οἶκον</span> <span class='ocrx_word' id='word_1_736' title='bbox 796 5493 891 5547; x_wconf 84' lang='grc' dir='ltr'><strong>τοῦ</strong></span> <span class='ocrx_word' id='word_1_737' title='bbox 938 5492 1071 5547; x_wconf 86' lang='grc' dir='ltr'>Θεοῦ</span> <span class='ocrx_word' id='word_1_738' title='bbox 1112 5493 1322 5557; x_wconf 54' lang='lat' dir='ltr'><strong>anno,</strong></span> <span class='ocrx_word' id='word_1_739' title='bbox 1369 5492 1462 5545; x_wconf 78' lang='grc' dir='ltr'>καὶ</span> <span class='ocrx_word' id='word_1_740' title='bbox 1493 5489 1776 5559; x_wconf 82' lang='grc' dir='ltr'>ἀναγγελεῖ</span> <span class='ocrx_word' id='word_1_741' title='bbox 1825 5488 1956 5558; x_wconf 81' lang='grc' dir='ltr'>ἡμῖν</span> 
     </span>
    </p>
   </div>
   <div class='ocr_carea' id='block_1_102' title="bbox 400 5581 1953 5657">
    <p class='ocr_par' dir='ltr' id='par_1_102' title="bbox 400 5581 1953 5657">
     <span class='ocr_line' id='line_1_102' title="bbox 400 5581 1953 5657; baseline -0.003 -19"><span class='ocrx_word' id='word_1_742' title='bbox 400 5588 490 5657; x_wconf 77' lang='grc' dir='ltr'>τὴν</span> <span class='ocrx_word' id='word_1_743' title='bbox 520 5589 634 5642; x_wconf 83' lang='grc' dir='ltr'>όδὸν</span> <span class='ocrx_word' id='word_1_744' title='bbox 661 5586 844 5651; x_wconf 76' lang='grc' dir='ltr'>αὑτοῦ,</span> <span class='ocrx_word' id='word_1_745' title='bbox 886 5588 980 5640; x_wconf 70' lang='grc' dir='ltr'>καὶ</span> <span class='ocrx_word' id='word_1_746' title='bbox 1021 5582 1394 5656; x_wconf 82' lang='grc' dir='ltr'>πορευσόμεθα</span> <span class='ocrx_word' id='word_1_747' title='bbox 1441 5584 1498 5636; x_wconf 84' lang='grc' dir='ltr'><strong>ἐν</strong></span> <span class='ocrx_word' id='word_1_748' title='bbox 1540 5585 1674 5653; x_wconf 80' lang='grc' dir='ltr'>αὐτῇ</span> <span class='ocrx_word' id='word_1_749' title='bbox 1700 5600 1713 5613; x_wconf 75' lang='grc' dir='ltr'><strong>ο</strong></span> <span class='ocrx_word' id='word_1_750' title='bbox 1750 5582 1814 5633; x_wconf 84' lang='grc' dir='ltr'><strong>ἐκ</strong></span> <span class='ocrx_word' id='word_1_751' title='bbox 1845 5581 1953 5652; x_wconf 81' lang='grc' dir='ltr'><strong>γὰρ</strong></span> 
     </span>
    </p>
   </div>
   <div class='ocr_carea' id='block_1_103' title="bbox 403 5671 1953 5747">
    <p class='ocr_par' dir='ltr' id='par_1_103' title="bbox 403 5671 1953 5747">
     <span class='ocr_line' id='line_1_103' title="bbox 403 5671 1953 5747; baseline -0.004 -19"><span class='ocrx_word' id='word_1_752' title='bbox 403 5677 529 5731; x_wconf 77' lang='grc' dir='ltr'>Σιὼν</span> <span class='ocrx_word' id='word_1_753' title='bbox 557 5677 892 5745; x_wconf 80' lang='grc' dir='ltr'>ἐξελεύσεται</span> <span class='ocrx_word' id='word_1_754' title='bbox 925 5678 1106 5747; x_wconf 87' lang='grc' dir='ltr'>νόμος,</span> <span class='ocrx_word' id='word_1_755' title='bbox 1139 5677 1232 5729; x_wconf 71' lang='grc' dir='ltr'>καὶ</span> <span class='ocrx_word' id='word_1_756' title='bbox 1251 5676 1406 5744; x_wconf 88' lang='grc' dir='ltr'>λόγος</span> <span class='ocrx_word' id='word_1_757' title='bbox 1437 5673 1640 5744; x_wconf 86' lang='grc' dir='ltr'>Κυρίου</span> <span class='ocrx_word' id='word_1_758' title='bbox 1671 5671 1729 5736; x_wconf 83' lang='grc' dir='ltr'>ἐξ</span> <span class='ocrx_word' id='word_1_759' title='bbox 1752 5671 1953 5741; x_wconf 85' lang='grc' dir='ltr'>Ἰερου-</span> 
     </span>
    </p>
   </div>
   <div class='ocr_carea' id='block_1_104' title="bbox 405 5763 1948 5841">
    <p class='ocr_par' dir='ltr' id='par_1_104' title="bbox 405 5763 1948 5841">
     <span class='ocr_line' id='line_1_104' title="bbox 405 5763 1948 5841; baseline -0.003 -21"><span class='ocrx_word' id='word_1_760' title='bbox 405 5770 574 5840; x_wconf 73' lang='grc' dir='ltr'>ταλήμ</span> <span class='ocrx_word' id='word_1_761' title='bbox 593 5789 606 5801; x_wconf 77' lang='grc' dir='ltr'><strong>ο</strong></span> <span class='ocrx_word' id='word_1_762' title='bbox 638 5771 732 5823; x_wconf 74' lang='grc' dir='ltr'>καὶ</span> <span class='ocrx_word' id='word_1_763' title='bbox 760 5773 933 5841; x_wconf 81' lang='grc' dir='ltr'>κρινεῖ</span> <span class='ocrx_word' id='word_1_764' title='bbox 961 5768 1065 5822; x_wconf 86' lang='grc' dir='ltr'>ὰνά</span> <span class='ocrx_word' id='word_1_765' title='bbox 1099 5768 1260 5839; x_wconf 87' lang='grc' dir='ltr'>μέσον</span> <span class='ocrx_word' id='word_1_766' title='bbox 1280 5767 1385 5820; x_wconf 90' lang='grc' dir='ltr'><strong>τῶν</strong></span> <span class='ocrx_word' id='word_1_767' title='bbox 1414 5765 1602 5828; x_wconf 87' lang='grc' dir='ltr'>ἐθνῶν,</span> <span class='ocrx_word' id='word_1_768' title='bbox 1625 5765 1719 5818; x_wconf 74' lang='grc' dir='ltr'>καὶ</span> <span class='ocrx_word' id='word_1_769' title='bbox 1743 5763 1948 5832; x_wconf 78' lang='grc' dir='ltr'>ἐλέγξει</span> 
     </span>
    </p>
   </div>
   <div class='ocr_carea' id='block_1_105' title="bbox 405 5857 1948 5929">
    <p class='ocr_par' dir='ltr' id='par_1_105' title="bbox 405 5857 1948 5929">
     <span class='ocr_line' id='line_1_105' title="bbox 405 5857 1948 5929; baseline -0.003 -15"><span class='ocrx_word' id='word_1_770' title='bbox 405 5861 518 5914; x_wconf 55' lang='grc' dir='ltr'>λαὸν</span> <span class='ocrx_word' id='word_1_771' title='bbox 556 5861 751 5915; x_wconf 75' lang='grc' dir='ltr'>πολύν·</span> <span class='ocrx_word' id='word_1_772' title='bbox 802 5862 896 5914; x_wconf 74' lang='grc' dir='ltr'><strong>καὶ</strong></span> <span class='ocrx_word' id='word_1_773' title='bbox 944 5860 1272 5929; x_wconf 73' lang='grc' dir='ltr'>συγκόψουσι</span> <span class='ocrx_word' id='word_1_774' title='bbox 1319 5858 1416 5922; x_wconf 79' lang='grc' dir='ltr'>τὰς</span> <span class='ocrx_word' id='word_1_775' title='bbox 1457 5858 1729 5928; x_wconf 79' lang='grc' dir='ltr'>μαχαίρας</span> <span class='ocrx_word' id='word_1_776' title='bbox 1772 5857 1948 5910; x_wconf 78' lang='grc' dir='ltr'>αὐτῶν</span> 
     </span>
    </p>
   </div>
   <div class='ocr_carea' id='block_1_106' title="bbox 693 5949 1279 6011">
    <p class='ocr_par' dir='ltr' id='par_1_106' title="bbox 693 5949 1279 6011">
     <span class='ocr_line' id='line_1_106' title="bbox 693 5949 1279 6011; baseline -0.002 0"><span class='ocrx_word' id='word_1_777' title='bbox 693 5954 884 6011; x_wconf 72' lang='lat' dir='ltr'><strong>[’ATR.</strong></span> <span class='ocrx_word' id='word_1_778' title='bbox 918 5951 1034 6010; x_wconf 83' lang='lat' dir='ltr'><strong>Gtt.</strong></span> <span class='ocrx_word' id='word_1_779' title='bbox 1077 5949 1279 6010; x_wconf 73' lang='lat' dir='ltr'><strong>XXII.</strong></span> 
     </span>
    </p>
   </div>
   <div class='ocr_carea' id='block_1_107' title="bbox 1991 4669 2038 4726">
    <p class='ocr_par' dir='ltr' id='par_1_107' title="bbox 1991 4669 2038 4726">
     <span class='ocr_line' id='line_1_107' title="bbox 1991 4669 2038 4726; baseline 0 0"><span class='ocrx_word' id='word_1_780' title='bbox 1991 4669 2038 4726; x_wconf 89' lang='lat' dir='ltr'><strong>D</strong></span> 
     </span>
    </p>
   </div>
   <div class='ocr_carea' id='block_1_108' title="bbox 2689 4647 2997 4703">
    <p class='ocr_par' dir='ltr' id='par_1_108' title="bbox 2689 4647 2997 4703">
     <span class='ocr_line' id='line_1_108' title="bbox 2689 4647 2997 4703; baseline 0 -1"><span class='ocrx_word' id='word_1_781' title='bbox 2689 4647 2917 4703; x_wconf 81' lang='lat' dir='ltr'><strong>CAPUT</strong></span> <span class='ocrx_word' id='word_1_782' title='bbox 2957 4648 2997 4702; x_wconf 87' lang='lat' dir='ltr'><strong>l.</strong></span> 
     </span>
    </p>
   </div>
   <div class='ocr_carea' id='block_1_109' title="bbox 2704 4739 2968 4795">
    <p class='ocr_par' dir='ltr' id='par_1_109' title="bbox 2704 4739 2968 4795">
     <span class='ocr_line' id='line_1_109' title="bbox 2704 4739 2968 4795; baseline 0 -1"><span class='ocrx_word' id='word_1_783' title='bbox 2704 4739 2788 4794; x_wconf 70' lang='lat' dir='ltr'><strong>Ex</strong></span> <span class='ocrx_word' id='word_1_784' title='bbox 2816 4739 2968 4795; x_wconf 80' lang='lat' dir='ltr'><strong>Isaia</strong></span> 
     </span>
    </p>
   </div>
   <div class='ocr_carea' id='block_1_110' title="bbox 2137 4831 3632 4906">
    <p class='ocr_par' dir='ltr' id='par_1_110' title="bbox 2137 4831 3632 4906">
     <span class='ocr_line' id='line_1_110' title="bbox 2137 4831 3632 4906; baseline -0.004 -14"><span class='ocrx_word' id='word_1_785' title='bbox 2137 4859 2156 4892; x_wconf 80' lang='grc' dir='ltr'><strong>ι</strong></span> <span class='ocrx_word' id='word_1_786' title='bbox 2195 4837 2432 4894; x_wconf 82' lang='lat' dir='ltr'><strong>Verbum</strong></span> <span class='ocrx_word' id='word_1_787' title='bbox 2463 4837 2609 4906; x_wconf 89' lang='lat' dir='ltr'><strong>quod</strong></span> <span class='ocrx_word' id='word_1_788' title='bbox 2654 4835 2791 4890; x_wconf 87' lang='lat' dir='ltr'><strong>vidit</strong></span> <span class='ocrx_word' id='word_1_789' title='bbox 2841 4836 3035 4902; x_wconf 87' lang='lat' dir='ltr'><strong>Isaias,</strong></span> <span class='ocrx_word' id='word_1_790' title='bbox 3073 4834 3215 4889; x_wconf 78' lang='lat' dir='ltr'><strong>ﬁlius</strong></span> <span class='ocrx_word' id='word_1_791' title='bbox 3246 4831 3434 4896; x_wconf 84' lang='lat' dir='ltr'><strong>Amos,</strong></span> <span class='ocrx_word' id='word_1_792' title='bbox 3466 4842 3632 4902; x_wconf 82' lang='lat' dir='ltr'><strong>super</strong></span> 
     </span>
    </p>
   </div>
   <div class='ocr_carea' id='block_1_111' title="bbox 2060 4925 3630 4988">
    <p class='ocr_par' dir='ltr' id='par_1_111' title="bbox 2060 4925 3630 4988">
     <span class='ocr_line' id='line_1_111' title="bbox 2060 4925 3630 4988; baseline -0.005 0"><span class='ocrx_word' id='word_1_793' title='bbox 2060 4933 2198 4988; x_wconf 86' lang='lat' dir='ltr'><strong>Juda</strong></span> <span class='ocrx_word' id='word_1_794' title='bbox 2243 4938 2296 4986; x_wconf 89' lang='lat' dir='ltr'><strong>et</strong></span> <span class='ocrx_word' id='word_1_795' title='bbox 2334 4929 2660 4984; x_wconf 87' lang='lat' dir='ltr'><strong>Jerusalem.</strong></span> <span class='ocrx_word' id='word_1_796' title='bbox 2695 4929 2760 4982; x_wconf 85' lang='lat' dir='ltr'><strong>Et</strong></span> <span class='ocrx_word' id='word_1_797' title='bbox 2803 4928 2907 4982; x_wconf 91' lang='lat' dir='ltr'><strong>erit</strong></span> <span class='ocrx_word' id='word_1_798' title='bbox 2965 4929 3021 4980; x_wconf 91' lang='lat' dir='ltr'><strong>in</strong></span> <span class='ocrx_word' id='word_1_799' title='bbox 3071 4925 3388 4981; x_wconf 86' lang='lat' dir='ltr'><strong>novissimis</strong></span> <span class='ocrx_word' id='word_1_800' title='bbox 3437 4925 3630 4980; x_wconf 83' lang='lat' dir='ltr'><strong>diebus</strong></span> 
     </span>
    </p>
   </div>
   <div class='ocr_carea' id='block_1_112' title="bbox 2063 5017 3626 5100">
    <p class='ocr_par' dir='ltr' id='par_1_112' title="bbox 2063 5017 3626 5100">
     <span class='ocr_line' id='line_1_112' title="bbox 2063 5017 3626 5100; baseline -0.01 -16"><span class='ocrx_word' id='word_1_801' title='bbox 2063 5034 2404 5100; x_wconf 68' lang='lat' dir='ltr'><strong>praeparatus</strong></span> <span class='ocrx_word' id='word_1_802' title='bbox 2421 5039 2578 5080; x_wconf 91' lang='lat' dir='ltr'><strong>mons</strong></span> <span class='ocrx_word' id='word_1_803' title='bbox 2590 5023 2785 5080; x_wconf 85' lang='lat' dir='ltr'><strong>domus</strong></span> <span class='ocrx_word' id='word_1_804' title='bbox 2800 5020 3015 5076; x_wconf 90' lang='lat' dir='ltr'><strong>Domini</strong></span> <span class='ocrx_word' id='word_1_805' title='bbox 3039 5020 3094 5074; x_wconf 92' lang='lat' dir='ltr'><strong>in</strong></span> <span class='ocrx_word' id='word_1_806' title='bbox 3106 5019 3308 5076; x_wconf 77' lang='lat' dir='ltr'><strong>vertice</strong></span> <span class='ocrx_word' id='word_1_807' title='bbox 3336 5017 3626 5078; x_wconf 89' lang='lat' dir='ltr'><strong>montium,</strong></span> 
     </span>
    </p>
   </div>
   <div class='ocr_carea' id='block_1_113' title="bbox 2061 5111 3628 5187">
    <p class='ocr_par' dir='ltr' id='par_1_113' title="bbox 2061 5111 3628 5187">
     <span class='ocr_line' id='line_1_113' title="bbox 2061 5111 3628 5187; baseline -0.008 -12"><span class='ocrx_word' id='word_1_808' title='bbox 2061 5129 2116 5176; x_wconf 87' lang='lat' dir='ltr'><strong>et</strong></span> <span class='ocrx_word' id='word_1_809' title='bbox 2141 5119 2450 5177; x_wconf 88' lang='lat' dir='ltr'><strong>elevabitur</strong></span> <span class='ocrx_word' id='word_1_810' title='bbox 2478 5133 2644 5187; x_wconf 89' lang='lat' dir='ltr'><strong>super</strong></span> <span class='ocrx_word' id='word_1_811' title='bbox 2669 5116 2861 5176; x_wconf 89' lang='lat' dir='ltr'><strong>colles,</strong></span> <span class='ocrx_word' id='word_1_812' title='bbox 2897 5120 2951 5170; x_wconf 88' lang='lat' dir='ltr'><strong>et</strong></span> <span class='ocrx_word' id='word_1_813' title='bbox 2990 5111 3160 5167; x_wconf 79' lang='lat' dir='ltr'><strong>ﬂuent</strong></span> <span class='ocrx_word' id='word_1_814' title='bbox 3185 5111 3251 5165; x_wconf 88' lang='lat' dir='ltr'><strong>ad</strong></span> <span class='ocrx_word' id='word_1_815' title='bbox 3284 5126 3408 5165; x_wconf 90' lang='lat' dir='ltr'><strong>eum</strong></span> <span class='ocrx_word' id='word_1_816' title='bbox 3435 5123 3628 5164; x_wconf 89' lang='lat' dir='ltr'><strong>omnes</strong></span> 
     </span>
    </p>
   </div>
   <div class='ocr_carea' id='block_1_114' title="bbox 2062 5201 3625 5285">
    <p class='ocr_par' dir='ltr' id='par_1_114' title="bbox 2062 5201 3625 5285">
     <span class='ocr_line' id='line_1_114' title="bbox 2062 5201 3625 5285; baseline -0.01 -16"><span class='ocrx_word' id='word_1_817' title='bbox 2062 5221 2270 5285; x_wconf 87' lang='lat' dir='ltr'><strong>gentes.</strong></span> <span class='ocrx_word' id='word_1_818' title='bbox 2307 5211 2373 5266; x_wconf 87' lang='lat' dir='ltr'><strong>Et</strong></span> <span class='ocrx_word' id='word_1_819' title='bbox 2403 5211 2563 5273; x_wconf 86' lang='lat' dir='ltr'><strong>ibunt</strong></span> <span class='ocrx_word' id='word_1_820' title='bbox 2589 5209 2774 5280; x_wconf 89' lang='lat' dir='ltr'><strong>populi</strong></span> <span class='ocrx_word' id='word_1_821' title='bbox 2800 5207 2978 5268; x_wconf 90' lang='lat' dir='ltr'><strong>multi,</strong></span> <span class='ocrx_word' id='word_1_822' title='bbox 3005 5212 3059 5260; x_wconf 91' lang='lat' dir='ltr'><strong>et</strong></span> <span class='ocrx_word' id='word_1_823' title='bbox 3079 5205 3299 5259; x_wconf 83' lang='lat' dir='ltr'><strong>dicent:</strong></span> <span class='ocrx_word' id='word_1_824' title='bbox 3336 5201 3547 5260; x_wconf 85' lang='lat' dir='ltr'><strong>Venite,</strong></span> <span class='ocrx_word' id='word_1_825' title='bbox 3576 5210 3625 5253; x_wconf 89' lang='lat' dir='ltr'><strong>et</strong></span> 
     </span>
    </p>
   </div>
   <div class='ocr_carea' id='block_1_115' title="bbox 2062 5294 3626 5363">
    <p class='ocr_par' dir='ltr' id='par_1_115' title="bbox 2062 5294 3626 5363">
     <span class='ocr_line' id='line_1_115' title="bbox 2062 5294 3626 5363; baseline -0.01 -3"><span class='ocrx_word' id='word_1_826' title='bbox 2062 5305 2426 5362; x_wconf 89' lang='lat' dir='ltr'><strong>ascendamus</strong></span> <span class='ocrx_word' id='word_1_827' title='bbox 2450 5303 2516 5357; x_wconf 87' lang='lat' dir='ltr'><strong>ad</strong></span> <span class='ocrx_word' id='word_1_828' title='bbox 2561 5309 2799 5356; x_wconf 91' lang='lat' dir='ltr'><strong>montem</strong></span> <span class='ocrx_word' id='word_1_829' title='bbox 2829 5299 3064 5363; x_wconf 90' lang='lat' dir='ltr'><strong>Domini,</strong></span> <span class='ocrx_word' id='word_1_830' title='bbox 3097 5306 3152 5352; x_wconf 91' lang='lat' dir='ltr'><strong>et</strong></span> <span class='ocrx_word' id='word_1_831' title='bbox 3180 5297 3247 5351; x_wconf 93' lang='lat' dir='ltr'><strong>ad</strong></span> <span class='ocrx_word' id='word_1_832' title='bbox 3284 5300 3506 5350; x_wconf 91' lang='lat' dir='ltr'><strong>domum</strong></span> <span class='ocrx_word' id='word_1_833' title='bbox 3537 5294 3626 5346; x_wconf 87' lang='lat' dir='ltr'><strong>Dei</strong></span> 
     </span>
    </p>
   </div>
   <div class='ocr_carea' id='block_1_116' title="bbox 2057 5387 3627 5462">
    <p class='ocr_par' dir='ltr' id='par_1_116' title="bbox 2057 5387 3627 5462">
     <span class='ocr_line' id='line_1_116' title="bbox 2057 5387 3627 5462; baseline -0.009 -9"><span class='ocrx_word' id='word_1_834' title='bbox 2057 5397 2249 5462; x_wconf 81' lang='lat' dir='ltr'><strong>Jacob,</strong></span> <span class='ocrx_word' id='word_1_835' title='bbox 2271 5404 2325 5453; x_wconf 91' lang='lat' dir='ltr'><strong>et</strong></span> <span class='ocrx_word' id='word_1_836' title='bbox 2355 5395 2576 5451; x_wconf 86' lang='lat' dir='ltr'><strong>docebit</strong></span> <span class='ocrx_word' id='word_1_837' title='bbox 2601 5409 2705 5448; x_wconf 87' lang='lat' dir='ltr'><strong>nos</strong></span> <span class='ocrx_word' id='word_1_838' title='bbox 2727 5393 2845 5448; x_wconf 87' lang='lat' dir='ltr'><strong>vias</strong></span> <span class='ocrx_word' id='word_1_839' title='bbox 2874 5405 3026 5454; x_wconf 88' lang='lat' dir='ltr'><strong>suas,</strong></span> <span class='ocrx_word' id='word_1_840' title='bbox 3057 5397 3110 5445; x_wconf 89' lang='lat' dir='ltr'><strong>et</strong></span> <span class='ocrx_word' id='word_1_841' title='bbox 3144 5389 3546 5444; x_wconf 85' lang='lat' dir='ltr'><strong>ambulabimus</strong></span> <span class='ocrx_word' id='word_1_842' title='bbox 3572 5387 3627 5439; x_wconf 90' lang='lat' dir='ltr'><strong>in</strong></span> 
     </span>
    </p>
   </div>
   <div class='ocr_carea' id='block_1_117' title="bbox 2058 5480 3626 5558">
    <p class='ocr_par' dir='ltr' id='par_1_117' title="bbox 2058 5480 3626 5558">
     <span class='ocr_line' id='line_1_117' title="bbox 2058 5480 3626 5558; baseline -0.008 -13"><span class='ocrx_word' id='word_1_843' title='bbox 2058 5489 2272 5547; x_wconf 87' lang='lat' dir='ltr'><strong>semitis</strong></span> <span class='ocrx_word' id='word_1_844' title='bbox 2321 5489 2464 5558; x_wconf 89' lang='lat' dir='ltr'><strong>ejus.</strong></span> <span class='ocrx_word' id='word_1_845' title='bbox 2509 5487 2648 5552; x_wconf 84' lang='lat' dir='ltr'><strong>Quia</strong></span> <span class='ocrx_word' id='word_1_846' title='bbox 2671 5486 2740 5541; x_wconf 89' lang='lat' dir='ltr'><strong>de</strong></span> <span class='ocrx_word' id='word_1_847' title='bbox 2767 5485 2898 5540; x_wconf 88' lang='lat' dir='ltr'><strong>Sion</strong></span> <span class='ocrx_word' id='word_1_848' title='bbox 2938 5485 3107 5546; x_wconf 79' lang='lat' dir='ltr'><strong>exibit</strong></span> <span class='ocrx_word' id='word_1_849' title='bbox 3141 5485 3248 5547; x_wconf 77' lang='lat' dir='ltr'><strong>lex,</strong></span> <span class='ocrx_word' id='word_1_850' title='bbox 3297 5491 3351 5537; x_wconf 88' lang='lat' dir='ltr'><strong>et</strong></span> <span class='ocrx_word' id='word_1_851' title='bbox 3399 5480 3626 5535; x_wconf 84' lang='lat' dir='ltr'><strong>verbum</strong></span> 
     </span>
    </p>
   </div>
   <div class='ocr_carea' id='block_1_118' title="bbox 2059 5577 3620 5646">
    <p class='ocr_par' dir='ltr' id='par_1_118' title="bbox 2059 5577 3620 5646">
     <span class='ocr_line' id='line_1_118' title="bbox 2059 5577 3620 5646; baseline -0.005 -11"><span class='ocrx_word' id='word_1_852' title='bbox 2059 5581 2275 5637; x_wconf 91' lang='lat' dir='ltr'><strong>Domini</strong></span> <span class='ocrx_word' id='word_1_853' title='bbox 2315 5581 2384 5635; x_wconf 90' lang='lat' dir='ltr'><strong>de</strong></span> <span class='ocrx_word' id='word_1_854' title='bbox 2421 5579 2746 5635; x_wconf 79' lang='lat' dir='ltr'><strong>Jerusalem.</strong></span> <span class='ocrx_word' id='word_1_855' title='bbox 2780 5577 2846 5632; x_wconf 87' lang='lat' dir='ltr'><strong>Et</strong></span> <span class='ocrx_word' id='word_1_856' title='bbox 2902 5577 3174 5646; x_wconf 87' lang='lat' dir='ltr'><strong>judicabit</strong></span> <span class='ocrx_word' id='word_1_857' title='bbox 3204 5580 3414 5646; x_wconf 90' lang='lat' dir='ltr'><strong>gentes,</strong></span> <span class='ocrx_word' id='word_1_858' title='bbox 3439 5584 3494 5628; x_wconf 85' lang='lat' dir='ltr'><strong>et</strong></span> <span class='ocrx_word' id='word_1_859' title='bbox 3524 5589 3620 5628; x_wconf 89' lang='lat' dir='ltr'><strong>ar-</strong></span> 
     </span>
    </p>
   </div>
   <div class='ocr_carea' id='block_1_119' title="bbox 2054 5670 3622 5747">
    <p class='ocr_par' dir='ltr' id='par_1_119' title="bbox 2054 5670 3622 5747">
     <span class='ocr_line' id='line_1_119' title="bbox 2054 5670 3622 5747; baseline -0.008 -15"><span class='ocrx_word' id='word_1_860' title='bbox 2054 5687 2182 5747; x_wconf 84' lang='lat' dir='ltr'><strong>guet</strong></span> <span class='ocrx_word' id='word_1_861' title='bbox 2213 5677 2443 5747; x_wconf 91' lang='lat' dir='ltr'><strong>populos</strong></span> <span class='ocrx_word' id='word_1_862' title='bbox 2475 5674 2678 5728; x_wconf 87' lang='lat' dir='ltr'><strong>multos</strong></span> <span class='ocrx_word' id='word_1_863' title='bbox 2725 5693 2737 5730; x_wconf 92' lang='lat'><strong>:</strong></span> <span class='ocrx_word' id='word_1_864' title='bbox 2787 5685 2840 5729; x_wconf 89' lang='lat' dir='ltr'><strong>et</strong></span> <span class='ocrx_word' id='word_1_865' title='bbox 2888 5671 3206 5728; x_wconf 81' lang='lat' dir='ltr'><strong>conflabunt</strong></span> <span class='ocrx_word' id='word_1_866' title='bbox 3239 5670 3451 5741; x_wconf 90' lang='lat' dir='ltr'><strong>gladios</strong></span> <span class='ocrx_word' id='word_1_867' title='bbox 3495 5680 3622 5721; x_wconf 82' lang='lat' dir='ltr'><strong>suos</strong></span> 
     </span>
    </p>
   </div>
   <div class='ocr_carea' id='block_1_120' title="bbox 2057 5756 3620 5828">
    <p class='ocr_par' dir='ltr' id='par_1_120' title="bbox 2057 5756 3620 5828">
     <span class='ocr_line' id='line_1_120' title="bbox 2057 5756 3620 5828; baseline -0.008 -8"><span class='ocrx_word' id='word_1_868' title='bbox 2057 5769 2111 5820; x_wconf 93' lang='lat' dir='ltr'><strong>in</strong></span> <span class='ocrx_word' id='word_1_869' title='bbox 2140 5780 2409 5828; x_wconf 85' lang='lat' dir='ltr'><strong>vomeres,</strong></span> <span class='ocrx_word' id='word_1_870' title='bbox 2441 5772 2496 5818; x_wconf 91' lang='lat' dir='ltr'><strong>et</strong></span> <span class='ocrx_word' id='word_1_871' title='bbox 2529 5765 2752 5818; x_wconf 90' lang='lat' dir='ltr'><strong>lanceas</strong></span> <span class='ocrx_word' id='word_1_872' title='bbox 2775 5779 2904 5818; x_wconf 89' lang='lat' dir='ltr'><strong>suas</strong></span> <span class='ocrx_word' id='word_1_873' title='bbox 2939 5763 2991 5815; x_wconf 93' lang='lat' dir='ltr'><strong>in</strong></span> <span class='ocrx_word' id='word_1_874' title='bbox 3023 5763 3190 5818; x_wconf 89' lang='lat' dir='ltr'><strong>falces</strong></span> <span class='ocrx_word' id='word_1_875' title='bbox 3220 5780 3233 5816; x_wconf 91' lang='lat'>:</span> <span class='ocrx_word' id='word_1_876' title='bbox 3274 5775 3384 5813; x_wconf 92' lang='lat' dir='ltr'><strong>non</strong></span> <span class='ocrx_word' id='word_1_877' title='bbox 3427 5756 3620 5812; x_wconf 84' lang='lat' dir='ltr'><strong>levabit</strong></span> 
     </span>
    </p>
   </div>
   <div class='ocr_carea' id='block_1_121' title="bbox 2054 5851 3616 5930">
    <p class='ocr_par' dir='ltr' id='par_1_121' title="bbox 2054 5851 3616 5930">
     <span class='ocr_line' id='line_1_121' title="bbox 2054 5851 3616 5930; baseline -0.01 -15"><span class='ocrx_word' id='word_1_878' title='bbox 2054 5874 2188 5930; x_wconf 81' lang='lat' dir='ltr'><strong>gens</strong></span> <span class='ocrx_word' id='word_1_879' title='bbox 2230 5865 2423 5913; x_wconf 89' lang='lat' dir='ltr'><strong>contra</strong></span> <span class='ocrx_word' id='word_1_880' title='bbox 2470 5865 2684 5930; x_wconf 76' lang='lat' dir='ltr'><strong>gentem</strong></span> <span class='ocrx_word' id='word_1_881' title='bbox 2739 5857 3005 5928; x_wconf 85' lang='lat' dir='ltr'><strong>gladium,</strong></span> <span class='ocrx_word' id='word_1_882' title='bbox 3054 5869 3155 5910; x_wconf 88' lang='lat' dir='ltr'><strong>nec</strong></span> <span class='ocrx_word' id='word_1_883' title='bbox 3221 5851 3616 5908; x_wconf 80' lang='lat' dir='ltr'><strong>exercebuntul</strong></span> 
     </span>
    </p>
   </div>
   <div class='ocr_carea' id='block_1_122' title="bbox 3253 5944 3338 6002">
    <p class='ocr_par' dir='ltr' id='par_1_122' title="bbox 3253 5944 3338 6002">
     <span class='ocr_line' id='line_1_122' title="bbox 3253 5944 3338 6002; baseline 0.024 -2"><span class='ocrx_word' id='word_1_884' title='bbox 3253 5944 3338 6002; x_wconf 82' lang='lat'><strong>38</strong></span> 
     </span>
    </p>
   </div>
  </div>
