4100 6448
441 382 577 438 “95

1094 384 1363 440 EUSEBll
1397 384 1878 442 CAESARIENSIS
1915 387 2063 443 OPP.
2109 387 2291 444 PARS
2330 388 2500 444 llI.-—
2536 388 2947 445 EXEGETICA.

3528 391 3666 447 “96

440 504 583 558 ultra
609 504 674 557 ad
717 502 960 572 praelium
986 503 1022 555 ¹.
1064 521 1082 554 t
1131 501 1432 559 Ostendant
1459 507 1638 570 nobis,
1679 507 1771 577 qui
1801 507 1868 563 de
1897 509 1986 562 cir.

2105 511 2185 573 εἰς
2215 509 2442 581 ἀροτρα,
2475 509 2570 562 καί⁸
2603 509 2701 572 τὰς
2726 506 2947 572 ζιϐύνας
2967 506 3145 562 αὐτῶν
3169 508 3248 571 εἰς
3273 506 3514 580 δρέπανα
3533 523 3546 535 ·
3579 508 3674 560 καλ

438 595 774 650 cumeisione
802 593 1192 666 gloriﬁcantur,
1221 613 1469 667 quaenam
1504 606 1558 654 et
1589 600 1731 655 unde
1783 601 1854 656 sit
1913 602 1996 656 lex

437 691 552 755 illa,
574 698 628 743 et
658 690 857 760 quibus
885 691 1060 745 danda
1084 691 1177 756 sit,
1208 706 1331 762 quae
1360 690 1428 745 de
1462 689 1595 746 Sion
1619 693 1832 748 exitura
1862 709 2004 764 prae-

436 781 657 836 dicitur.
701 801 720 833 ι
757 780 832 838 De
885 780 1017 837 Sion
1045 782 1213 846 enim,
1252 782 1350 848 ait,
1401 783 1572 838 exibit
1615 783 1724 848 lex,
1768 803 1786 836 ι
1822 785 2002 841 diver-

435 887 551 926 sam
585 871 702 928 fore
733 873 802 929 ab
853 874 945 927 illa
990 874 1324 945 signiﬁcans,
1366 891 1487 945 quae
1529 892 1626 946 per
1673 876 1911 950 Moysem
1945 880 2000 934 in

433 965 653 1020 deserto
707 967 834 1021 data
887 975 993 1022 est.
1045 966 1317 1033 Quidnam
1359 979 1414 1024 et
1464 969 1678 1025 Domini
1733 970 1996 1038 Verbum,

433 1055 601 1125 quod,
644 1057 799 1127 juxta
850 1059 1213 1129 prophetiam,
1269 1075 1381 1115 non
1428 1060 1544 1128 jam
1594 1062 1650 1116 in
1695 1061 1998 1120 Jerusalem

433 1151 796 1216 permanebit,
834 1151 929 1206 sed
954 1152 1021 1207 de
1054 1150 1186 1206 Sion
1216 1167 1567 1222 egressurum
1593 1161 1697 1221 est,
1732 1163 1896 1227 atque
1931 1157 2000 1210 ad

432 1249 620 1312 gentes
639 1255 1133 1314 transgressurum,
1165 1253 1226 1300 ut
1247 1245 1458 1315 judicet
1497 1257 1684 1319 gentes
1711 1256 1766 1304 et
1807 1259 1999 1320 arguat

434 1334 662 1403 populos
722 1336 945 1399 multos,
999 1337 1218 1406 quando
1275 1353 1488 1393 summa
1552 1355 1686 1410 pace
1739 1343 1993 1412 gentibus

434 1425 612 1481 Verbo
657 1425 870 1482 Domini
907 1427 1218 1496 judicandis
1253 1429 1420 1496 facta,
1453 1433 1787 1503 mutatisque
1829 1433 1996 1490 abiis

432 1524 524 1592 qui
558 1521 613 1575 in
638 1528 771 1592 paCe
802 1521 1090 1578 constituti
1121 1532 1281 1579 erunt
1297 1525 1560 1580 bellorum
1590 1527 1992 1590 instrumentis,

435 1622 644 1672 mentes
667 1617 735 1670 ad
770 1617 1005 1687 propriae
1029 1614 1223 1670 animae
1253 1616 1525 1670 culturam
1563 1617 1804 1671 verterit.
1852 1616 1994 1683 Quid

430 1707 499 1761 ad
531 1708 643 1762 haec
673 1706 766 1762 isti
793 1707 1009 1776 possint
1047 1705 1378 1776 respondere
1419 1707 1629 1762 nescio.
1666 1705 1836 1762 Nobis
1863 1721 1994 1762 vero

430 1805 577 1853 recte
608 1798 664 1851 in
681 1795 864 1854 Jesum
896 1795 1174 1852 Christum
1200 1796 1293 1853 Dei
1322 1797 1697 1864 credentibus,
1729 1797 1888 1854 facile
1909 1806 1994 1854 est

428 1903 646 1944 omnem
675 1889 968 1960 explanare
1008 1889 1372 1960 praphetiam,
1417 1897 1472 1944 et
1500 1906 1627 1946 vere
1653 1890 1893 1945 divinam
1928 1905 1992 1946 ac

429 1995 656 2051 prorsus
684 1981 1063 2037 admirandam
1093 1982 1490 2047 demonstrare,
1518 1997 1645 2037 cum
1669 1989 1724 2037 et
1751 1998 1840 2038 res
1856 1998 1993 2052 prte-

428 2073 608 2130 dictas
663 2081 858 2129 eventu
916 2073 1088 2130 fuisse
1122 2075 1512 2144 comprobatas
1574 2073 1990 2142 crediderimus,

427 2181 604 2236 neque
633 2181 663 2219 a
697 2181 828 2222 vero
873 2169 1149 2230 aberrare,
1207 2166 1618 2237 prophetiarum
1675 2175 1873 2222 eventu
1935 2169 1991 2223 in

431 2261 640 2312 incerta
669 2266 976 2330 temporum
1007 2258 1184 2330 spatia
1217 2258 1505 2329 producto.
1565 2257 1809 2316 Dicimus
1844 2260 1990 2315 enim

430 2347 730 2405 Salvatoris
755 2350 929 2406 nostri
961 2347 1092 2405 Jesu
1121 2349 1327 2404 Christi
1362 2349 1760 2414 incarnatione,
1797 2364 1992 2420 corpo-

425 2441 613 2496 raliter
657 2441 724 2497 de
752 2440 882 2496 Sion
908 2441 1130 2508 exiisSe,
1160 2451 1212 2496 et
1241 2439 1370 2494 inde
1404 2440 1660 2496 omnibus
1691 2441 1988 2494 annuntia-

423 2543 536 2588 tatn
572 2549 693 2589 esse
725 2534 980 2604 gentibus
1033 2533 1169 2589 Novi
1201 2532 1536 2589 Testamenti
1596 2532 1792 2602 legem,
1843 2532 1991 2588 scili-

422 2633 509 2682 cet
533 2626 689 2697 juxta
717 2624 1092 2698 Evangelium,
1125 2641 1249 2681 cum
1275 2633 1329 2681 et
1365 2625 1543 2695 ipsum
1579 2625 1820 2680 salutare
1845 2623 1983 2680 Ver-

425 2719 577 2783 bum,
617 2715 856 2774 Verbum
902 2717 1117 2773 Domini
1157 2717 1509 2789 appellatum,
1566 2715 1635 2770 de
1684 2715 1988 2772 Jerusalem

424 2809 745 2878 procedens,
771 2810 953 2881 ibique
980 2822 1330 2865 commorans
1361 2809 1604 2875 edocuit,
1631 2807 1790 2877 juxta
1812 2807 1946 2862 illud
1972 2827 1984 2860 :

426 2921 443 2952 ι
492 2901 636 2958 Ecce
658 2903 1004 2973 relinquetur
1032 2903 1189 2957 vobis
1217 2901 1412 2957 domus
1441 2910 1624 2956 vestra
1659 2900 1877 2956 deserta
1899 2900 1940 2952 ⁸.
1964 2919 1982 2951 ι

418 3025 486 3034 —-
515 3013 535 3046 ι
579 2991 642 3050 1::
679 3009 870 3050 omnes
923 3002 1112 3065 gentes
1163 2993 1337 3050 effusa
1367 3000 1452 3049 est
1481 2993 1655 3064 ipsius
1681 2992 1856 3063 gratla
1881 2992 1922 3047 ³.
1963 3011 1981 3043 ι

419 3086 552 3154 Quae
579 3096 633 3142 et
661 3087 730 3143 ab
762 3102 827 3142 eo
850 3086 1129 3156 judicatze,
1157 3085 1504 3156 exprobratis
1538 3085 1817 3156 prioribus
1841 3084 1984 3155 ipsa-

421 3195 541 3234 rum
575 3180 838 3250 peccatis,
876 3188 930 3234 et
958 3177 1025 3233 ad
1054 3177 1458 3234 confessionem
1499 3188 1553 3233 et
1607 3177 1984 3248 paenitentiam

418 3271 822 3342 confugientes,
850 3271 1050 3325 bellum
1085 3270 1351 3326 adversus
1381 3269 1712 3340 cupiditates
1738 3284 1868 3326 suas
1901 3267 1982 3322 fa-
2011 3301 2054 3360 ε

418 3378 546 3418 cere
573 3363 844 3427 desinent,
883 3362 936 3416 in
971 3361 1402 3434 profundissima
1442 3363 1638 3417 anima:
1669 3377 1805 3432 pace
1829 3361 1983 3416 dein-

417 3468 545 3524 ceps
576 3453 781 3518 vivent,
823 3452 1026 3506 mentis
1061 3466 1174 3506 suae
1207 3451 1480 3506 culturam
1505 3457 1561 3504 et
1603 3447 1983 3503 fructiﬁcatio-

419 3560 538 3601 nem
568 3545 912 3601 solummodo
937 3551 1217 3599 curantes.
1258 3542 1390 3610 Quae
1420 3542 1466 3599 si
1495 3543 1621 3614 quis
1656 3541 1724 3596 ad
1747 3542 1982 3596 litteram

415 3637 668 3709 accipere
689 3636 838 3701 velit,
873 3637 1123 3692 sincerus
1154 3652 1350 3692 sensus
1380 3635 1526 3702 erit;
1575 3634 1664 3690 vel
1693 3633 1742 3689 si
1769 3633 1838 3688 ad
1872 3631 1985 3704 spi-

414 3727 582 3782 ritum
616 3735 850 3796 spectes,
900 3726 1071 3781 multo
1131 3725 1412 3780 intellectu
1462 3723 1697 3779 facilior.
1751 3723 1888 3777 Cum
1928 3733 1985 3776 et

415 3826 546 3873 ante
586 3817 771 3872 omnia
805 3817 1224 3887 praesertimque
1253 3815 1359 3870 hoc
1399 3815 1457 3870 in
1492 3815 1615 3869 loco
1645 3813 1984 3870 credendum

416 3909 490 3963 sit
520 3909 728 3964 exitum
757 3907 1021 3962 habuisse
1045 3922 1169 3978 quae
1194 3907 1288 3963 hic
1316 3915 1724 3975 memorantur;
1765 3923 1982 3964 verum-

415 4010 598 4056 tamen
627 4001 696 4056 iis
722 4015 844 4072 quae
893 3999 1044 4056 dicta
1075 4007 1226 4064 sunt,
1281 3999 1442 4056 facile
1481 4009 1715 4070 possunt
1756 3999 1982 4070 intelligi

413 4094 590 4163 prima
619 4092 786 4163 hujus
815 4091 922 4146 loci
952 4090 1144 4156 verba,
1189 4110 1207 4143 ι
1255 4091 1313 4145 in
1344 4091 1666 4146 novissimis
1699 4091 1924 4158 diebus;
1959 4109 1978 4142 ι

411 4186 614 4256 quippe
636 4192 888 4256 apertum
913 4191 1000 4239 est
1020 4181 1170 4254 quod
1194 4183 1251 4236 in
1277 4183 1608 4238 saeculorum
1639 4199 1987 4239 consumma-

410 4279 560 4333 tione
587 4275 912 4332 manifestus
931 4275 1107 4332 factus
1135 4288 1218 4330 est
1235 4294 1254 4327 ι
1276 4291 1434 4331 mons
1456 4296 1474 4328 ι
1495 4277 1762 4347 spiritalis
1786 4295 1804 4327 ι
1827 4275 1944 4338 Dei,
1961 4295 1978 4325 ι

410 4369 467 4425 id
497 4377 602 4433 est,
635 4369 878 4424 divinum
938 4383 1003 4423 ac
1048 4368 1277 4424 cmleste
1311 4367 1589 4438 Verbum;
1621 4371 1855 4440 ejusque
1884 4371 1983 4425 do-

411 4477 535 4517 nius
565 4460 812 4517 Ecclesia
841 4461 897 4516 in
935 4462 1304 4532 apostolorum
1336 4470 1391 4518 et
1423 4464 1812 4535 prophetarum
1855 4463 1973 4517 fun-

410 4553 668 4608 damento
712 4551 998 4618 aedificata,
1059 4561 1114 4608 et
1173 4554 1296 4610 ideo
1351 4555 1407 4608 in
1459 4556 1670 4610 vertice
1711 4555 1978 4609 montium

2102 603 2162 654 οὐ
2187 601 2415 673 λήψεται
2453 601 2603 664 ἔθνος
2633 601 2719 653 ἐπ’
2753 599 2905 663 ἔθνος
2932 600 3226 674 μάχαιραν,
3255 600 3349 653 καὶ
3371 599 3433 654 οὐ
3465 599 3539 670 μὴ
3570 597 3674 669 μά-

2104 694 2268 748 θωσιν
2295 692 2376 746 ἔτι
2407 693 2681 762 πολεμεῖν.
2708 711 2726 744 ι
2754 691 3126 745 Δεικνύτωσαν
3157 693 3289 762 ἡμῖν
3317 691 3366 743 οἰ
3396 689 3494 760 τὴν
3514 704 3672 760 περι-

2101 784 2273 857 τομὴν
2297 783 2608 854 αὐχοῦντες,
2633 784 2721 847 τίς
2757 786 2785 838 ό
2814 783 2976 853 νόμος
3003 783 3098 837 καὶ
3132 781 3394 845 ποταπὸς,
3427 780 3523 834 καὶ
3561 778 3670 833 τίσι

2100 876 2456 948 δοθησόμενος
2476 876 2504 927 6
2529 879 2592 928 ἐκ
2612 875 2749 928 Σιὼν
2771 875 3145 940 ἐξελεύσεσθαι
3166 873 3666 946 προφητευόμενος·

2106 987 2126 1018 ι
2175 968 2270 1022 Ἐκ
2296 968 2403 1040 γὰρ
2439 968 2596 1030 Σιὼν,
2637 969 2822 1040 φησὶν,
2861 967 3202 1033 ἐξελεύσεται
3228 967 3412 1038 νόμος,
3440 986 3458 1020 ι
3486 966 3672 1036 ἔτερος

2098 1058 2172 1112 ῶν
2185 1059 2338 1132 δῆλον
2363 1061 2444 1112 ὅτι
2473 1059 2566 1112 τοῦ
2593 1063 2652 1113 ἐν
2676 1062 2741 1131 τῇ
2770 1063 2962 1132 ἐρήμῳ
2982 1060 3070 1113 διὰ
3093 1059 3370 1123 Μωῦσέως
3398 1058 3566 1128 νόμου
3587 1057 3672 1110 δε-

2097 1152 2351 1224 δομένουο
2387 1152 2472 1217 τίς
2496 1152 2553 1206 δὲ
2577 1153 2828 1207 καὶότοῦ
2867 1155 3075 1223 Κυρίου
3105 1152 3283 1220 λόγος,
3315 1149 3513 1222 μηκέτι
3548 1147 3668 1220 μὲν,
3705 1181 3717 1195 -

2099 1244 2240 1298 κατά
2263 1245 2362 1315 τὴν
2390 1244 2746 1316 προφητείαν,
2773 1243 2950 1314 μένων
2979 1245 3038 1298 ἐν
3065 1240 3438 1315 Ἰερουσαλὴμ,
3471 1240 3584 1294 ἀλλ’
3607 1243 3672 1296 ἐκ

2097 1334 2235 1388 Σιὼν
2261 1337 2451 1406 αὐτῆς,
2502 1337 2598 1390 καὶ
2639 1335 3031 1407 μεθιστάμενος
3069 1335 3162 1389 ἐπὶ
3196 1335 3372 1388 πάντα
3404 1333 3474 1386 τὰ
3517 1332 3669 1404 ἔθνη,

2100 1426 2309 1498 μέλλων
2348 1445 2408 1480 τε
2443 1429 2650 1500 κρίνειν
2681 1429 2784 1482 ἀνά
2817 1429 2979 1500 μέσον
3006 1427 3233 1492 τούτων,
3256 1427 3349 1480 καὶ
3370 1415 3495 1479 λαὸν
3520 1425 3672 1494 ἐλέγ-

2095 1519 2305 1592 χει(ξει)
2341 1521 2538 1586 πολὺν,
2577 1522 2665 1575 ὅτε
2713 1521 2809 1576 καὶ
2853 1521 3076 1592 είρήνης
3113 1520 3417 1592 βαθυτάτης
3448 1520 3669 1587 ἐγγενο-

2099 1611 2266 1684 μένης
2288 1615 2402 1676 τοῖς
2430 1612 2564 1684 πρὸς
2577 1613 2672 1666 τοῦ
2702 1614 2877 1682 Λόγου
2904 1613 2999 1667 τοῦ
3026 1613 3231 1685 Κυρίου
3255 1610 3671 1682 κριθησομένοις

2095 1702 2294 1766 ἔθνεσι,
2343 1703 2737 1774 μεταϐαλόντες
2769 1706 2816 1756 οἰ
2867 1708 2965 1776 τῆς
3005 1705 3229 1776 εἰρήνης
3263 1701 3556 1772 ἠξιωμένοι
3599 1699 3671 1754 rit

2094 1794 2362 1867 πρότερον
2407 1795 2590 1850 αὐτῶν
2629 1796 2904 1868 πολεμικὰ
2931 1795 3100 1867 σκεύη
3124 1835 3141 1860 ,
3185 1797 3252 1866 τῇ
3284 1793 3494 1846 ἑαυτῶν
3526 1789 3672 1844 κατά

2093 1887 2191 1957 τὴν
2225 1885 2405 1958 ψυχὴν
2437 1888 2680 1959 γεωργία
2724 1888 3046 1961 προσέξουσι
3089 1887 3183 1942 τὸν
3229 1886 3372 1942 νοῦν.
3413 1885 3671 1949 Ἐκείνοις

2023 1963 2066 2018 Β
2096 1976 2196 2047 μὲν
2226 1973 2319 2031 οὖν
2347 1979 2448 2032 οὐκ
2479 1976 2574 2033 οἷδ’
2599 1981 2651 2034 εί
2677 1979 2758 2044 τίς
2807 1982 2924 2034 ἐστι
2963 1981 3099 2051 πρὸς
3122 1979 3294 2033 ταῦτα
3323 1981 3479 2048 λόγος
3499 1995 3515 2012 ο
3538 1980 3670 2050 ἡμῖν

2093 2085 2156 2137 γε
2194 2069 2300 2141 μὴν
2330 2069 2498 2138 ὑγιῶς
2527 2071 2607 2135 εἰς
2637 2071 2842 2142 Ἰησοῦν
2873 2073 2968 2129 τὸν
3001 2071 3237 2144 Χριστὸν
3281 2070 3374 2125 τοῦ
3403 2068 3538 2124 θεοῦ
3568 2087 3672 2124 πε-

2093 2162 2410 2216 πιστευκόσι
2433 2162 2630 2234 ῥᾳδίως
2657 2163 2832 2218 ἔνεστι
2853 2166 3033 2219 πᾶσαν
3064 2162 3379 2236 ἐξομαλίσαι
3404 2164 3503 2236 τὴν
3536 2172 3670 2235 προ-

2093 2253 2340 2324 φητείαν,
2372 2255 2520 2309 θείαν
2562 2273 2624 2310 τε
2652 2257 2729 2320 ῶς
2767 2256 2981 2328 ἀληθῶς
3024 2258 3118 2310 καὶ
3163 2257 3462 2329 παράδοξον
3499 2255 3670 2328 αὐτὴν

2092 2345 2482 2414 ἐπιδεικνύναι,
2514 2348 2592 2420 τῷ
2620 2349 2714 2403 καὶ
2755 2349 2908 2414 τέλος
2933 2350 3226 2421 ἐσχηκέναι
3255 2351 3324 2403 τὰ
3355 2365 3668 2421 προφητευ-

2091 2437 2252 2491 θέντα
2277 2437 2572 2504 πιστεύειν,
2607 2442 2701 2494 καὶ
2731 2439 2805 2512 μὴ
2837 2440 2934 2512 τῆς
2962 2439 3219 2512 ἀληθείας
3245 2441 3556 2506 ἐκπίπτειν,
3587 2441 3670 2504 εἰς

2091 2530 2522 2602 ἀτερματίστους
2550 2531 3010 2604 ὑπερτιθεμένους
3055 2533 3278 2604 χρόνους
3316 2533 3425 2586 τῶν
3457 2550 3671 2605 προφη-

2089 2620 2251 2675 τειῶν
2286 2621 2355 2674 τά
2391 2622 2825 2693 ἀποτελέσματα.
2859 2624 3043 2694 Φαμὲν
3087 2623 3196 2695 γάρ
3244 2623 3307 2696 δὴ
3345 2624 3440 2677 ἐπὶ
3478 2627 3545 2696 τῇ
3571 2623 3668 2676 τοῦ

2091 2713 2344 2784 Σωτῆρος
2367 2713 2526 2785 ήμῶν
2564 2714 2739 2785 Ἰησοῦ
2776 2714 3012 2786 Χριστοῦ
3051 2716 3323 2788 παρουσίᾳ
3353 2717 3448 2770 καὶ
3481 2733 3670 2786 σωμα-

2087 2805 2255 2869 τικῶς
2280 2807 2345 2860 ὲκ
2381 2804 2520 2860 Σιὼν
2548 2807 2948 2878 ἐξεληλυθέναι,
2985 2807 3240 2863 κάκεῖθεν
3277 2809 3442 2862 πᾶσιν
3469 2809 3667 2862 ἀνακε-

2089 2899 2359 2971 κηρύχθαι
2387 2903 2500 2964 τοῖς
2534 2900 2731 2965 ἔθνεσι,
2761 2901 2855 2955 τὸν
2883 2901 3046 2972 νόμον
3076 2901 3178 2972 τῆς
3223 2901 3432 2972 Καινῆς
3470 2900 3668 2972 Διαθή-

2089 3008 2210 3061 κης,
2235 2991 2326 3044 τὸν
2359 2991 2500 3046 κατά
2521 2993 2582 3046 τὸ
2614 2993 2965 3062 Εὐαγγέλιον,
2999 2993 3087 3046 ὅτε
3115 2995 3207 3047 καὶ
3235 2994 3398 3057 αὐτὸς
3427 2995 3456 3047 6
3495 2995 3670 3066 σωτή-

2093 3101 2203 3156 ριος
2251 3084 2442 3154 Λόγος,
2475 3082 2645 3154 Λόγος
2677 3079 2772 3139 τοῦ
2822 3086 3027 3157 Κυρίου
3066 3086 3441 3158 χρηματίζων,
3472 3088 3538 3139 ἐκ
3568 3087 3669 3157 τῆς

2100 3176 2455 3249 Ἰερουσαλὴμ
2483 3177 2761 3249 προελθὼν
2787 3217 2802 3242 ,
2860 3177 2989 3232 ἔνθα
3037 3178 3330 3251 διατρίϐων
3393 3177 3665 3242 ἐδίδασκε,

2088 3269 2228 3324 κατὰ
2248 3270 2328 3335 rb,
2351 3289 2372 3321 ι
2403 3270 2532 3326 Ἰδοὺ
2580 3271 2796 3340 ἀφίεται
2828 3271 2956 3342 ὑμῖν
2972 3272 3001 3324 6
3032 3269 3180 3335 οἶκος
3204 3271 3358 3342 ὑμῶν
3382 3269 3590 3342 ἔρημος
3611 3286 3662 3323 ο»

2095 3379 2116 3414 ι
2138 3361 2264 3415 Ἐπὶ
2291 3363 2470 3417 πάντα
2496 3364 2565 3417 τά
2591 3363 2716 3436 ἔθνη
2744 3363 2924 3434 ἐξέχεε
2942 3363 3041 3435 τὴν
3059 3363 3251 3418 ἐαυτοῦ
3280 3364 3440 3435 χάριν
3455 3381 3466 3392 ·
3483 3383 3502 3416 ›
3522 3362 3669 3417 ἃκαὶ

2086 3456 2382 3527 κρινόμενα
2415 3456 2552 3527 πρὸς
2589 3456 2755 3510 αὑτοῦ
2794 3456 2889 3509 καὶ
2939 3456 3271 3527 ἐλεγχόμενα
3314 3456 3405 3509 ἐπί
3456 3472 3516 3509 τε
3545 3456 3669 3518 ταῖς

2086 3547 2379 3621 προτέραις
2438 3547 2644 3601 ἑαυτῶν
2679 3549 3006 3620 ἁμαρτίαις,
3060 3550 3140 3612 εἰς
3183 3547 3532 3619 συναίσθησιν
3572 3547 3669 3601 καὶ

2089 3640 2374 3710 μετάνοιαν
2431 3639 2734 3712 ἐρχόμενα,
2784 3640 3057 3693 πέπαυται
3113 3639 3212 3712 μὲν
3267 3639 3360 3694 τοῦ
3407 3639 3668 3710 πολέμοις

2083 3733 2196 3797 τοῖς
2229 3731 2371 3784 κατά
2395 3732 2466 3786 τά
2506 3731 2654 3804 πάθη
2698 3731 2980 3804 σχολάζειν
3003 3772 3018 3798 ,
3059 3733 3118 3785 ἐν
3154 3733 3343 3804 εἰρήνῃ
3387 3731 3444 3785 δέ
3489 3731 3668 3803 ψυχῆς

2082 3822 2254 3892 διάγει
2285 3821 2578 3894 βαθυτάτῃ,
2613 3824 2712 3894 τῆς
2754 3823 2902 3893 σφῶν
2947 3823 3130 3878 αὐτῶν
3183 3823 3422 3888 διανοίας
3469 3825 3665 3895 ἐπιμε-

2083 3912 2321 3983 λούμενα
2383 3913 2660 3984 γεωργίας
2704 3930 2765 3966 τε
2831 3915 2927 3966 καὶ
2991 3915 3387 3985 καρποφορίας.
3433 3916 3559 3968 Εἴτε
3607 3915 3667 3970 δὲ

2085 4003 2226 4058 κατά
2254 4003 2350 4075 τὴν
2372 4003 2516 4070 λέξιν
2545 4004 2788 4075 βούλοιτό
2808 4022 2892 4068 τις
2913 4004 3063 4058 ταῦτ’
3092 4005 3474 4076 ἐκλαμϐάνειν,
3504 4007 3665 4077 ὑγιὴς

2082 4096 2112 4149 6
2141 4095 2265 4160 νοῦς
2291 4096 2632 4150 ἀποδίδοται·
2670 4096 2781 4150 εἴτε
2821 4097 2962 4152 κατὰ
2991 4096 3254 4160 διάνοιαν,
3288 4097 3466 4169 πολλῷ
3497 4100 3626 4170 ῥᾷον
3645 4115 3658 4128 ·

2084 4187 2209 4241 ἐπεὶ
2253 4189 2348 4242 καὶ
2389 4188 2816 4260 προηγουμένως
2870 4189 2965 4242 καὶ
3023 4189 3221 4261 μᾶλλον
3275 4189 3416 4242 κατά
3459 4189 3662 4261 ταύτην

2084 4279 2374 4334 πεπεῖσθαι
2407 4281 2514 4353 χρὴ
2557 4281 2626 4335 τὰ
2669 4280 2809 4335 κατά
2849 4282 2978 4344 τοὺς
3021 4282 3223 4345 τόπους
3255 4280 3364 4335 ἀπὸ
3394 4280 3504 4334 τῶν
3531 4279 3659 4351 (sic)

2084 4372 2546 4445 ἀποπληροῦσθαι·
2601 4374 2743 4446 πλὴν
2783 4374 2891 4428 ἀπὸ
2925 4373 3035 4427 τῶν
3063 4373 3368 4446 εἰρημένων
3407 4373 3662 4430 δύνανταί

2085 4483 2201 4530 πως
2227 4463 2364 4520 εἶναι
2393 4467 2538 4537 σαφῆ
2565 4467 2659 4521 καὶ
2691 4465 2760 4521 τά
2790 4466 2932 4521 κατά
2959 4467 3056 4538 τὴν
3083 4468 3260 4540 ἀρχὴν
3289 4468 3389 4540 τῆς
3417 4471 3476 4522 ἐν
3503 4469 3663 4542 χερσὶ

2085 4558 2388 4629 περικοπῆς
2404 4575 2419 4590 ο
2439 4560 2560 4612 «ἐν»
2580 4559 2690 4631 γάρ
2715 4578 2735 4611 ι
2760 4562 2881 4624 ταῖς
2909 4561 3165 4631 ἐσχάταις
3189 4561 3474 4632 ἡμέραις,ι
3503 4560 3663 4631 δῆλον

411 4645 721 4714 praedicata.
757 4643 820 4698 Et
863 4645 980 4700 haec
1025 4646 1242 4717 quidem
1299 4645 1589 4702 manifesta
1639 4646 1783 4702 facta
1825 4655 1976 4714 sunt,

2087 4649 2125 4702 δ’
2159 4651 2239 4703 ὅτι
2267 4649 2362 4704 νῦν
2395 4651 2488 4703 ἐπὶ
2516 4650 2795 4722 συντελείᾳ
2816 4651 2926 4705 τῶν
2959 4649 3191 4715 αἰώνων,
3228 4651 3469 4724 ἐμφανὲς
3499 4650 3660 4720 γεγέ-

406 4745 532 4807 post
573 4736 885 4793 circumcisi
930 4739 1115 4809 populi
1166 4739 1632 4810 reprobationem,
1665 4749 1790 4810 post
1825 4740 1978 4794 abla-

406 4839 522 4884 tum
582 4832 651 4886 ab
706 4846 772 4886 eo
831 4847 1059 4904 regnum
1117 4832 1406 4896 caelorum,
1475 4831 1696 4902 quando
1755 4832 1977 4903 impleta

407 4933 538 4979 sunt
595 4926 765 4980 relata
817 4941 984 4996 supra
1042 4927 1184 4980 hanc
1241 4923 1586 4995 prophetiam
1647 4925 1834 4989 verba,
1885 4923 1977 4978 ubi

404 5018 614 5071 dictum
660 5025 745 5074 est
797 5038 809 5072 :
869 5037 889 5070 ι
945 5016 1017 5072 Et
1067 5017 1484 5086 derelinquetur
1539 5014 1648 5070 illia
1704 5016 1862 5081 Sion,
1916 5023 1978 5070 ut

405 5111 787 5164 nmbraculum
829 5110 884 5164 in
928 5111 1107 5173 vinea,
1151 5118 1206 5164 et
1247 5108 1397 5163 sicut
1447 5109 1726 5179 tugurium
1769 5109 1824 5164 in
1874 5125 1976 5164 cu-

403 5202 736 5265 cumerario,
794 5209 850 5255 et
906 5200 1050 5256 sicut
1108 5200 1305 5255 civitas
1366 5214 1487 5270 quae
1548 5207 1795 5257 vastatur
1845 5209 1887 5255 δ.
1951 5219 1970 5251 ι

404 5293 469 5346 Et
516 5294 737 5364 quando
784 5294 1067 5366 impletum
1121 5302 1206 5349 est
1270 5294 1406 5348 illud
1455 5315 1466 5348 :
1525 5313 1544 5347 ι
1599 5294 1798 5350 Audite
1856 5309 1979 5348 vero

400 5387 529 5442 bum
604 5385 876 5450 Domini,
954 5387 1228 5457 principes
1314 5385 1712 5454 Sodomorum;
1790 5385 1969 5456 perci-

401 5480 512 5548 pite
576 5481 802 5536 auribus
878 5481 1048 5551 legem
1123 5478 1215 5533 Dei
1283 5481 1500 5545 nostri,
1575 5479 1808 5550 populus
1870 5475 1972 5531 Go-

399 5570 653 5623 morrhaa.
699 5570 818 5637 Quo
865 5571 997 5625 mihi
1051 5571 1452 5626 multitudinem
1492 5573 1838 5628 victimarum
1879 5586 1972 5625 ve-

397 5669 656 5722 strarum,
702 5663 835 5718 dicit
875 5662 1176 5721 Dominus?
1207 5685 1223 5716 ι
1251 5674 1306 5720 et
1344 5667 1590 5735 reliqua;
1638 5664 1838 5734 quibus
1870 5663 1968 5718 ad-

508 5839 523 5869 ¹
548 5839 648 5891 lett.
686 5854 750 5904 tt,
780 5839 890 5893 14.

2076 4757 2232 4812 νηται
2281 4741 2342 4794 rb
2387 4760 2408 4793 ι
2463 4741 2613 4813 ὅρος,
2641 4760 2659 4792 ι
2708 4742 2770 4794 τὸ
2821 4742 3188 4814 πνευματικὸν
3226 4761 3244 4794 ι
3291 4741 3384 4794 τοῦ
3425 4741 3594 4807 Θεοῦ,
3635 4762 3656 4795 ι

2074 4831 2351 4886 τουτέστιν
2381 4835 2411 4886 ό
2443 4831 2585 4896 θεῖος
2611 4833 2705 4886 καὶ
2743 4833 2991 4906 οὐράνιος
3021 4834 3197 4902 Λόγος
3218 4851 3231 4864 ’
3257 4834 3352 4887 καὶ
3384 4835 3413 4887 6
3438 4829 3584 4898 οἶκος
3602 4833 3661 4888 δὲ

2075 4923 2238 4977 αὐτοῦ
2277 4927 2310 4996 ἡ
2349 4925 2644 4996 Ἐκκλησία
2674 4925 3140 4998 ἐπῳκοδομημένη
3186 4928 3278 4980 ἐπὶ
3307 4926 3387 4996 τῷ
3426 4925 3662 4998 θεμελίῳ

2074 5015 2182 5070 τῶν
2201 5016 2514 5071 ἀποστόλων
2548 5017 2641 5072 καὶ
2670 5017 2986 5090 προφητῶν,
3023 5019 3118 5072 καὶ
3145 5019 3233 5073 διά
3279 5019 3440 5073 τοῦτο
3471 5019 3660 5074 ἐπάνω

2075 5107 2350 5165 εἶναιτῶν
2395 5111 2566 5184 ὀρέων
2614 5112 2902 5184 λεγομένη.
2949 5113 3060 5164 Καὶ
3107 5112 3283 5166 ταῦτά
3323 5129 3388 5182 γε
3438 5113 3660 5185 ἐμφανῆ
3704 5179 3716 5210 Ἀ

2073 5205 2261 5273 γέγονε
2297 5203 2436 5275 μετὰ
2483 5204 2582 5276 τὴν
2613 5203 2884 5275 ἀποϐολὴν
2927 5202 3020 5257 τοῦ
3057 5205 3124 5258 ἐκ
3166 5205 3471 5275 περιτομῆς
3495 5203 3657 5268 λαοῦ,

2074 5297 2170 5351 καὶ
2204 5297 2346 5367 μετά
2391 5296 2452 5348 rb
2485 5295 2718 5367 ἀρθῆναι
2753 5296 2845 5349 ἀπ’
2886 5294 3050 5348 αὑτοῦ
3089 5295 3187 5366 τὴν
3230 5294 3505 5365 βασιλείαν
3546 5293 3661 5348 τῶν

2075 5388 2340 5460 οὐρανῶν,
2373 5390 2461 5442 ὅτε
2489 5389 2663 5460 πέρας
2693 5389 2981 5458 εἰλήφασιν
3013 5389 3069 5440 αἰ
3095 5387 3350 5458 ἀνωτέρω
3373 5389 3472 5459 τῆς
3498 5390 3657 5441 ἐκτε-

2074 5481 2257 5553 θείσης
2285 5483 2618 5554 προφητείας
2648 5482 2842 5550 φωναὶ,
2873 5481 2940 5534 δι’
2969 5472 3044 5534 ὧν
3069 5479 3281 5552 εἴρηται
3299 5479 3379 5546 rb,
3409 5499 3426 5530 ι
3459 5480 3659 5550 Ἐγκα-

2074 5570 2493 5643 ταλειφθήσεται
2538 5574 2573 5643 ἠ
2617 5570 2862 5641 θυγάτηρ
2909 5567 3080 5633 Σιὼν,
3119 5568 3194 5632 ὡς
3230 5567 3403 5640 σκηνὴ
3451 5570 3510 5622 ἐν
3550 5569 3660 5639 ἀμ-

2076 5663 2312 5730 πελῶνι,
2349 5664 2444 5718 καὶ
2480 5663 2554 5727 ῶς
2581 5662 3028 5733 ὀπωροφυλάκιον
3071 5664 3129 5716 ἐν
3171 5658 3514 5732 σικυηλάτῳ,
3553 5659 3655 5713 καί

967 5843 986 5871 ³
1019 5839 1206 5894 Matth.
1248 5857 1404 5907 nm,
1431 5843 1520 5896 38.
1599 5843 1618 5875 ’
1643 5843 1761 5898 Act.
1795 5860 1848 5910 ι,
1879 5843 1968 5899 45.
2045 5844 2063 5874 ⁸
2091 5841 2194 5896 lsa.
2230 5857 2267 5907 t,
2299 5840 2352 5894 8.

3683 5757 3709 5797 |l
