4100 6426
414 392 549 450 “97

1445 391 1740 450 ECLOGA:
1778 388 2261 446 PROPHETICIE.
2296 420 2367 430 —
2399 388 2527 446 LIB.
2568 387 2659 446 IV.

3522 383 3660 450 H98

409 517 487 581 ὡς
524 516 679 581 πόλις
694 517 1154 590 πολιορκουμένη⁸
1180 535 1200 569 ι
1234 517 1329 570 καὶ
1362 517 1452 570 ὅτε
1497 515 1852 588 πεπλήρωται
1900 514 1982 580 τὸ,

2086 511 2164 566 dit
2207 531 2218 566 :
2261 530 2280 563 ι
2308 510 2659 568 Neomeniam
2718 519 2772 567 et
2847 513 3175 576 Sabbatum,
3234 519 3289 568 et
3335 511 3661 569 festivitates

414 627 437 664 ι
459 610 750 664 ’Δκούσατε
782 611 957 680 λόγων
983 609 1208 682 Κυρίου,
1238 609 1495 681 ἄρχοντες
1514 607 1781 680 Σοδόμων·
1814 623 1984 680 προσ-

409 698 562 772 έχετε
591 702 753 772 νόμον
779 701 935 765 Θεοῦ,
955 701 1080 766 λαὸς
1107 702 1408 774 Γομόρρας.
1433 701 1497 754 Τί
1521 718 1611 771 μοι
1651 699 1853 770 πλῆθος
1878 698 1987 752 τῶν

411 790 610 846 θυσιῶν
637 793 789 864 ὑμῶν
810 793 1226 866 ;λὲγειΚύριος,
1250 812 1269 844 ι
1292 793 1384 846 καὶ
1413 791 1485 846 τὰ
1505 793 1632 863 ἑξῆς
1648 808 1662 822 ο
1688 787 1769 854 οἷς
1793 790 1986 861 ἐπιφέ-

415 898 515 954 per
537 882 677 944 «Τὰς
692 884 981 956 νεομηνίας
1003 883 1175 954 ὑμῶν,
1192 883 1286 936 καὶ
1307 883 1407 946 τὰς
1435 882 1628 953 ἑορτὰς
1657 880 1810 951 ὑμῶν
1839 881 1988 951 μισεῖ

411 974 447 1046 ἡ
471 974 615 1044 ψυχή
667 992 766 1045 μου
787 993 800 1006 ·
837 976 1130 1048 ἐγενήθητε
1167 993 1256 1046 μοι
1288 977 1366 1038 είς
1415 973 1730 1045 πλησμονὴν
1753 1013 1767 1039 ,
1803 972 1986 1026 οὐκέτι

411 1068 595 1138 ἀνήσω
612 1065 711 1130 τὰς
734 1067 1006 1138 ἁμαρτίας
1035 1066 1206 1138 ὑμῶν.
1228 1065 1345 1121 Ὀτ’
1373 1065 1438 1119 ἂν
1467 1064 1565 1127 τὰς
1593 1068 1781 1135 χεῖρας
1809 1063 1986 1116 ἐκτεί-

412 1175 537 1229 νητε
569 1159 706 1229 πρὸς
737 1157 827 1228 μὲ,
867 1156 1192 1226 ἀποστρὲψω
1231 1156 1357 1219 τοὺς
1402 1153 1713 1224 ὀφθαλμούς
1757 1169 1859 1223 μου
1893 1152 1984 1220 ἀφ’

410 1250 592 1322 ὑμῶν·
617 1251 712 1304 καὶ
747 1251 841 1303 ἑὰν
885 1248 1188 1320 πληθύνητε
1216 1247 1313 1319 τὴν
1351 1247 1553 1317 δέησιν,
1601 1249 1700 1299 οὐκ
1729 1243 1983 1298 είσακού-

411 1361 572 1416 σομαι
600 1344 751 1415 ὑμῶν
772 1361 787 1377 ι
810 1345 867 1396 αἱ
892 1343 1000 1414 γὰρ
1031 1346 1210 1414 χεῖρες
1237 1341 1390 1412 ὑμῶν
1420 1341 1650 1412 αἵματος
1684 1339 1931 1410 πλήρεις.
1960 1357 1980 1390 ι

409 1437 521 1490 Καὶ
562 1437 664 1507 ὅρα
692 1435 809 1499 πῶς
847 1438 875 1489 6
921 1435 1081 1504 λόγος
1124 1435 1293 1488 ταῦτα
1342 1434 1516 1487 πάντα
1559 1432 1984 1502 ἁποτεινὰμενος

408 1528 508 1581 οὐκ
529 1528 964 1600 εἰδωλολατρείαν
988 1527 1220 1581 ἐνταῦθα
1247 1527 1353 1579 οὐδ’
1379 1527 1570 1598 ἑτέραν
1597 1526 1779 1587 αὐτοῖς
1807 1526 1986 1595 ἁμαρ-

407 1619 529 1674 τίαν
560 1620 804 1690 ἐγκαλεῖ,
833 1618 954 1672 οὐδὲ
984 1619 1090 1690 μὴν
1133 1619 1378 1690 αἱμάτων
1425 1618 1663 1681 πολλῶν,
1701 1618 1814 1671 ἀλλ’
1866 1617 1984 1681 ἑνὸς

407 1711 686 1782 ἐξαιρέτου
713 1710 856 1773 τινὸς
889 1709 1139 1780 αἵματος,
1173 1708 1330 1779 δῆλον
1375 1707 1418 1760 δ’
1451 1708 1533 1761 ὅτι
1587 1707 1681 1762 τοῦ
1722 1701 1981 1782 Χριστοῦ,

405 1803 506 1874 τὴν
553 1800 795 1872 ἔκχυσιν,
830 1801 957 1872 περὶ
989 1795 1050 1854 οὗ
1089 1799 1273 1869 σαφῶς
1305 1801 1333 1852 6
1383 1800 1538 1868 λόγος
1571 1800 1664 1852 ’τὸν
1711 1799 1839 1852 λαὸν
1874 1800 1984 1852 άπ-

407 1893 616 1964 ελέγχει
659 1892 830 1962 λέγων
844 1909 864 1934 ἠ
884 1911 901 1942 ι
935 1892 1000 1944 Al.
1028 1892 1136 1962 γὰρ
1179 1894 1357 1963 χεῖρες
1383 1892 1537 1962 ὑμῶν
1569 1892 1799 1960 αἵματος
1842 1890 1982 1961 πλή.
2014 1877 2057 1930 Β

409 2000 550 2056 ρεις·
578 2003 597 2035 ι
617 1983 681 2036 δι’
706 1984 771 2054 ἣν
794 1982 970 2036 αἰτίαν
1000 1983 1127 2053 ἑξῆς
1149 1984 1456 2051 ἐπιλέγεται
1479 1984 1560 2048 τὸ,
1584 2003 1600 2032 ι
1622 1982 1746 2046 Πῶς
1771 1981 1985 2050 ἐγένετο

407 2078 579 2147 πόρνη
610 2075 763 2138 πόλις
782 2074 944 2146 πιστὴ
965 2073 1101 2127 Σιὼν
1130 2074 1344 2146 πλήρης
1368 2075 1621 2145 κρίσεως,
1651 2076 1708 2127 ἐν
1776 2074 1984 2128 δικαιο-

408 2169 541 2240 σύνη
567 2167 629 2239 (ι.
652 2169 742 2235 45)
766 2167 1030 2240 ἐκοιμήθη
1053 2170 1108 2220 ἑν
1125 2168 1282 2238 αὐτῇ,
1302 2166 1396 2221 νῦν
1422 2167 1478 2220 δὲ
1499 2166 1751 2236 φονευταί
1766 2183 1780 2230 ;
1795 2186 1812 2218 ›
1844 2166 1963 2236 μεθ’

405 2260 443 2315 ἃ
460 2261 634 2315 πάντα
660 2259 926 2313 τελευτῶν
957 2260 984 2311 6
1007 2259 1162 2326 λόγος
1196 2256 1353 2323 αὖθις
1379 2259 1478 2331 τὴν
1503 2257 1773 2328 ἀποϐολὴν
1803 2258 1982 2312 αὐτῶν

407 2349 734 2422 προμηνύων
802 2349 996 2421 φησίν*
1043 2367 1062 2400 ι
1103 2350 1354 2403 Ἔσονται
1397 2347 1505 2419 γὰρ
1554 2347 1630 2412 ὡς
1659 2348 1982 2417 τερέϐινθος

406 2443 807 2514 ἀποϐεϐληκυῖα
829 2443 896 2496 τὰ
922 2441 1115 2513 φύλλα,
1145 2443 1240 2495 καὶ
1268 2441 1344 2505 ὡς
1373 2441 1701 2512 παράδεισος
1730 2441 1873 2512 ὕδωρ
1906 2441 1982 2513 μὴ

405 2535 563 2607 ἔχων.
599 2537 711 2590 Καὶ
749 2535 900 2590 ἔσται
946 2539 980 2608 ἡ
1025 2537 1177 2606 ἰσχὺς
1209 2535 1388 2589 αὐτῶν
1434 2535 1656 2606 καλάμη
1700 2535 1978 2602 στυπείου,

405 2633 500 2685 καὶ
531 2631 587 2684 αἱ
608 2630 860 2702 ἐργασίαι
894 2628 1073 2685 αὐτῶν
1107 2628 1183 2692 ὡς
1220 2627 1533 2699 σπινθῆρες,
1573 2629 1667 2681 καὶ
1704 2643 1981 2682 κατακαυ-

405 2723 658 2796 θήσονται
688 2727 735 2778 οἱ
778 2723 966 2794 ἄνομοι
999 2724 1094 2776 καὶ
1132 2725 1179 2777 οί
1218 2721 1534 2793 ἁμαρτωλοὶ
1576 2719 1712 2791 ἅμα,
1750 2722 1845 2774 καὶ
1881 2721 1982 2774 οὐκ

404 2815 556 2870 ἔσται
574 2818 602 2869 6
632 2814 860 2868 σϐἑσων.
890 2834 908 2866 ι
943 2813 1191 2868 Τοσαῦτα
1213 2814 1306 2867 καὶ
1326 2811 1630 2884 τηλικαῦτα
1655 2814 1775 2866 κατ’
1803 2813 1982 2866 αὐτῶν

404 2908 908 2979 προαποφηναμένη
964 2909 997 2978 ἡ
1043 2907 1382 2978 προφητεία,
1419 2894 1547 2974 ἑξῆς
1588 2906 1836 2977 ἐπιφέρει
1879 2905 1978 2976 τὴν

405 3001 606 3073 ἀρτίως
634 3003 764 3072 ἡμῖν
797 3000 1107 3055 ἐκτεθεῖσαν
1136 2999 1460 3072 περικοπὴν,
1486 2999 1552 3052 δι’
1570 2995 1639 3072 ἦς
1659 2999 1874 3070 εἴρηται
1895 2998 1977 3060 τὸ,

411 3109 430 3142 ι
457 3092 578 3145 Ὅτι
621 3092 772 3145 ἔσται
818 3092 877 3144 ἐν
907 3094 1027 3154 ταῖς
1070 3090 1328 3161 ἐσχάταις
1367 3089 1602 3161 ἡμέραις
1642 3089 1886 3161 ἐμφανὲς
1918 3089 1979 3144 τὸ

401 3184 526 3257 ὅρος
547 3184 771 3255 Κυρίου.
804 3203 821 3234 ι
843 3183 1036 3253 Σαφῶς
1063 3184 1200 3255 μετὰ
1221 3185 1320 3254 τὴν
1347 3184 1570 3237 ἐκείνων
1595 3183 1852 3254 ὁλοσχερῆ
1879 3184 1973 3236 καὶ

2083 611 2297 660 vestras
2335 619 2444 658 non
2482 603 2678 670 feram,
2726 605 2901 676 iniqui
2949 614 3078 661 sunt
3109 614 3286 662 ccetus
3329 607 3538 662 vestri:
3569 621 3664 663 so-

2084 697 2394 752 lemnitates
2431 703 2644 752 vestras
2691 697 2868 752 odivit
2909 699 3092 753 anima
3142 714 3264 753 mea
3293 717 3306 752 :
3333 697 3480 752 facta
3531 707 3664 753 sunt

2085 787 2219 843 mihi
2247 788 2495 852 molesm,
2524 788 2765 844 laboravi
2797 789 3100 845 sustinens.
3138 788 3205 843 Et
3235 805 3358 846 cum
3407 790 3666 846 extende-

2085 878 2209 934 ritis
2234 894 2428 936 manus
2460 889 2695 945 vestras,
2733 890 2975 938 avertam
3003 882 3194 937 oculos
3225 898 3376 939 meos
3405 897 3436 936 a
3467 883 3662 938 vobis:

2085 976 2141 1022 et
2169 985 2294 1024 cum
2319 971 2814 1042 multiplicaveritis
2837 975 3163 1040 orationem,
3200 989 3309 1028 non
3330 975 3620 1029 exaudiam
3649 993 3662 1027 :

2086 1074 2284 1116 manus
2321 1062 2467 1116 enim
2496 1072 2693 1117 vestrae
2738 1064 3004 1133 sanguine
3033 1065 3206 1136 plenae
3233 1073 3362 1119 sunt
3386 1065 3425 1119 ί.
3459 1084 3477 1117 ι
3532 1063 3666 1119 Ani-

2087 1153 2363 1209 madverte
2395 1155 2670 1225 quomodo
2710 1157 3011 1227 Scriptura,
3056 1158 3143 1214 his
3176 1159 3434 1213 omnibus
3465 1173 3665 1228 expro-

2086 1244 2252 1309 batis,
2289 1261 2466 1316 neque
2499 1246 2866 1302 idololatrian]
2896 1248 3005 1312 hic.
3048 1265 3229 1320 neque
3257 1250 3419 1304 aliam
3451 1251 3532 1306 eis
3563 1250 3664 1304 ini-

2087 1338 2348 1408 quitatem
2381 1339 2592 1408 objicit,
2637 1356 2815 1410 neque
2846 1342 3172 1412 sanguinum
3214 1345 3532 1408 multorum,
3566 1345 3661 1400 sed

2087 1432 2252 1485 unius
2281 1433 2566 1503 cujusdam
2594 1434 2976 1503 praecellentis,
3025 1435 3230 1490 Christi
3268 1437 3498 1499 scilicet,
3529 1437 3664 1492 etfu-

2086 1522 2294 1578 sionem
2330 1524 2399 1577 ob
2431 1538 2592 1592 quem
2647 1523 2932 1592 Scriptura
2980 1539 3239 1594 expresse
3279 1527 3539 1596 populum
3581 1527 3664 1581 in-

2085 1625 2274 1684 crepat
2325 1615 2515 1671 dicens
2559 1634 2574 1669 :
2615 1635 2633 1666 ‹
2667 1614 2861 1671 Manus
2923 1625 3118 1672 vestrae
3170 1617 3434 1688 sanguine
3490 1619 3664 1689 plena:

2087 1707 2255 1760 sunt?
2291 1725 2308 1757 ι
2345 1705 2688 1776 Quapropter
2715 1706 2978 1760 continuo
3031 1708 3220 1776 adjicit
3262 1727 3275 1762 :
3333 1727 3352 1759 ι
3382 1708 3664 1774 Quomodo

2087 1796 2231 1852 facta
2261 1806 2346 1853 est
2377 1798 2634 1853 meretrix
2665 1797 2863 1853 civitas
2899 1798 3094 1864 ﬁdelis,
3129 1799 3288 1869 plena
3313 1799 3544 1869 judicii?
3567 1798 3666 1855 Ju-

2084 1889 2233 1944 stitia
2267 1887 2534 1943 habitavit
2561 1889 2614 1942 in
2637 1903 2723 1948 ea.
2749 1903 2898 1942 nunc
2927 1895 3108 1943 autem
3139 1889 3501 1945 bomicidae'?
3529 1910 3548 1944 ι
3590 1892 3666 1946 Ac

2085 1987 2274 2051 postea
2320 1994 2541 2034 rursum
2589 1993 2780 2034 eorum
2831 1979 3274 2050 reprobationem
3315 1995 3496 2035 sermo
3545 1995 3666 2049 pro-

2084 2072 2392 2144 phetizans,
2423 2071 2511 2125 bis
2555 2070 2738 2126 verbis
2781 2069 2985 2126 desinit
3014 2089 3026 2124 :
3056 2089 3075 2121 ι
3109 2071 3282 2125 Erunt
3310 2072 3469 2141 quasi
3508 2087 3667 2142 quer-

2084 2179 2184 2220 cus
2234 2162 2602 2219 deﬂuentibus
2652 2161 2835 2227 foliis,
2891 2170 2948 2219 et
2982 2165 3157 2218 -velut
3215 2163 3408 2219 hortus
3461 2164 3668 2235 absque

2085 2269 2250 2325 aqua.
2282 2253 2349 2309 Et
2378 2255 2486 2309 erit
2518 2253 2786 2308 fortitudo
2809 2263 3016 2318 vestra,
3051 2261 3109 2308 ut
3143 2252 3325 2308 favilla
3360 2263 3588 2325 stuppae,
3611 2264 3666 2309 et

2084 2362 2225 2417 opus
2249 2355 2493 2402 vestrum
2516 2347 2676 2416 quasi
2698 2345 2940 2402 scintilla
2961 2354 3045 2401 :et
3064 2345 3431 2401 succendetur
3452 2353 3666 2401 utrum-

2085 2452 2192 2507 que
2236 2436 2422 2501 simul,
2457 2444 2513 2492 et
2559 2451 2671 2491 non
2718 2435 2823 2490 erit
2864 2436 2960 2506 qui
2990 2436 3305 2506 exstinguat
3329 2436 3371 2490 ³.
3403 2455 3422 2488 ι
3457 2429 3584 2491 Ηιεο
3612 2447 3667 2492 et

2085 2529 2282 2584 similia
2305 2529 2360 2582 in
2393 2528 2488 2584 eos
2513 2527 2888 2599 praenuntians
2913 2528 3219 2599 prophetia,
3244 2527 3506 2583 continuo
3529 2527 3663 2583 sub-

2077 2621 2202 2692 jieit
2255 2637 2320 2676 ea
2358 2636 2479 2690 qua:
2535 2620 2648 2690 jam
2712 2620 2865 2691 prius
2923 2621 3232 2683 retulimus,
3273 2619 3506 2685 scilicet,
3543 2639 3561 2671 ι
3600 2619 3666 2674 Ει

2082 2713 2186 2767 erit
2231 2712 2288 2766 in
2347 2711 2663 2767 novissimis
2701 2711 2893 2766 diebus
2949 2708 3274 2766 manifestus
3336 2725 3494 2766 mons
3562 2709 3666 2765 Ι)οι

2085 2804 2219 2860 mini
2245 2805 2286 2860 ".
2324 2824 2342 2856 ›
2377 2804 2582 2874 Aperte
2616 2811 2740 2874 post
2786 2803 3020 2859 istorum
3066 2803 3283 2873 plenam
3334 2801 3666 2872 perfectam-

2083 2910 2187 2964 que
2220 2895 2664 2965 reprobationem
2693 2901 2746 2950 et
2777 2895 3015 2962 minam,
3041 2893 3176 2950 Novi
3207 2892 3546 2951 Testamenti
3580 2895 3667 2950 ἱιιο

2084 2986 2424 3040 stitutionem
2464 2977 2724 3050 ostendit,
2756 3000 2865 3056 qua
2895 2985 3220 3041 manifestus
3249 2982 3505 3043 omnibus
3534 3000 3666 3058 gen;

2083 3076 2231 3132 tibus
2279 3091 2440 3131 mons
2478 3075 2657 3131 factus
2687 3085 2770 3131 est
2807 3076 3047 3132 Domini.
3086 3076 3276 3143 Qualis
3303 3093 3434 3135 vero
3483 3095 3662 3143 mons,

2082 3168 2191 3224 niSi
2225 3169 2320 3238 qui
2369 3168 2425 3221 in
2471 3168 2740 3238 principio
2784 3168 2928 3237 apud
2973 3167 3164 3233 Deum,
3211 3167 3350 3224 Deus
3379 3167 3667 3224 Verbum?

403 3234 622 3329 ἐὲᾇέεᾷἶ
639 3234 915 3344 astat;
934 3234 999 3325 ἶτέ
1017 3234 1130 3325 ’κὲι
1146 3234 1156 3236 “
1172 3234 1459 3343 ipsiet—t5
1475 3234 1591 3334 lat;
1602 3234 1752 3342 ’τῆξ
1763 3234 1973 3340 ista;

2084 3259 2201 3329 ipse
2245 3259 2391 3312 enim
2431 3256 2680 3312 Salvator
2703 3265 2756 3312 et
2788 3256 3052 3314 Dominus
3092 3265 3302 3326 noster,
3326 3275 3486 3329 quem
3515 3260 3667 3330 prius

403 3364 678 3436 Διαθήκης
707 3363 1077 3434 ὑποφαίνουσα
1106 3362 1436 3432 οἰκονομίας,
1475 3361 1593 3415 καθ’
1638 3361 1705 3424 ἃς
1739 3363 1978 3433 ἐμφανὲς

402 3459 515 3520 τοῖς
545 3458 713 3509 πᾶσιν
764 3455 938 3508 ἔθνεσι
966 3453 1028 3507 τὸ
1066 3455 1188 3524 ὅρος
1212 3455 1406 3522 γέγονε
1428 3453 1523 3506 τοῦ
1555 3453 1781 3522 Κυρίου.
1819 3454 1978 3506 Ποῖον

403 3549 458 3602 δὲ
501 3547 646 3620 ὅρος,
683 3546 717 3619 ἢ
752 3549 780 3599 6
815 3549 870 3599 ἐν
911 3546 1051 3616 ἀρχῇ
1108 3544 1244 3615 πρὸς
1275 3543 1368 3596 τὸν
1398 3541 1551 3608 Θεὸν,
1592 3541 1724 3608 Θεὸς
1769 3543 1975 3611 Λόγος;

404 3637 566 3700 αὐτὸς
598 3638 626 3690 6
668 3637 859 3705 Σωτὴρ
901 3638 991 3688 καὶ
1030 3633 1230 3704 Κύριος
1279 3631 1466 3703 ἡμῶν,
1503 3631 1563 3684 ὃν
1597 3630 1978 3704 προαποδεδὼ-

405 3745 603 3798 καμεν,
639 3729 768 3799 περὶ
793 3721 853 3780 οῦ
883 3725 976 3780 καὶ
1004 3727 1060 3778 ἑν
1092 3725 1341 3794 Ψαλμοῖς
1380 3723 1616 3794 εἴρηται,
1649 3740 1668 3771 ι
1694 3721 1861 3792 Ὄρος
1881 3721 1977 3776 τοῦ

404 3819 562 3886 Θεοῦ,
585 3819 711 3891 ὅρος
741 3821 890 3872 πῖονο
923 3839 941 3870 ι
973 3819 1066 3872 καὶ
1089 3817 1170 3882 τὸ,
1201 3834 1220 3867 ι
1249 3816 1457 3887 Ὅροςό
1488 3815 1821 3886 εὐδόκησενό
1845 3814 1977 3879 Θεὸς

406 3915 679 3964 κατοικεῖν
705 3913 762 3963 ἐν
792 3908 961 3979 αὐτῷ.
1005 3927 1025 3963 ›
1067 3909 1211 3980 Πρὸς
1250 3907 1423 3984 τούτῳ
1453 3907 1510 3961 δὲ
1554 3906 1632 3979 τῷ
1662 3907 1777 3978 ὄρει
1817 3908 1914 3960 καὶ
1952 3909 1980 3960 6

403 3999 550 4066 οἶκος
581 4003 674 4056 τοῦ
725 4002 860 4056 Θεοῦ
915 4000 1164 4073 ἐμφανὴς
1201 4001 1422 4070 γέγονεν
1445 4016 1459 4030 °
1500 3996 1649 4063 οἶκος
1693 4000 1738 4054 δ’
1793 4000 1859 4054 ἂν
1891 4000 1980 4070 εἴη

404 4093 540 4149 Θεοῦ
569 4097 602 4166 ἡ
646 4093 962 4165 Ἐκκλησία,
999 4094 1032 4164 ἡ
1063 4093 1149 4146 ἐπ’
1181 4091 1366 4162 ἄκρων
1392 4092 1501 4146 τῶν
1535 4091 1705 4164 ὀρέων
1741 4092 1974 4146 ἀποστο-

404 4187 570 4242 λικῶν
617 4205 678 4241 τε
727 4187 820 4240 καὶ
861 4184 1214 4258 προφητικῶν
1267 4185 1440 4255 λόγων
1491 4185 1935 4258 ἑπεστηριγμένη
1962 4203 1975 4215 ·

405 4277 609 4331 τούτων
650 4278 708 4331 δὲ
753 4275 1012 4346 ἐμφανῶν
1055 4273 1362 4347 γενομένων
1412 4277 1499 4329 ἐπ’
1541 4275 1673 4330 αὐτὸ
1705 4277 1865 4330 τοῦτο
1917 4277 1981 4331 τὸ

324 4431 326 4433 ς
403 4369 549 4442 ὅρος,
577 4368 740 4439 δῆλον
777 4368 820 4421 δ’
850 4369 932 4422 ὅτι
960 4367 1049 4422 τὸν
1086 4368 1224 4422 θεῖον
1272 4369 1446 4437 Λόγον
1489 4368 1551 4422 οὐ
1589 4370 1926 4442 κεκτημένος
1955 4373 1983 4424 ὁ

416 4459 653 4530 Ἰσραὴλ,
687 4459 795 4512 οὐδ’
826 4461 855 4512 6
892 4457 1158 4530 πολλαχοῦ
1203 4457 1526 4530 δηλούμενος
1558 4456 1706 4525 οἶκος
1751 4459 1944 4514 Ἰακὼϐ
1965 4499 1979 4524 ,

2080 3351 2643 3422 ostendimus,dequ0
2660 3359 2714 3406 et
2735 3351 2789 3405 in
2820 3350 3052 3407 Psalmis
3069 3352 3289 3418 dicitur,
3314 3371 3333 3404 ι
3365 3351 3520 3409 Mons
3547 3352 3666 3419 Dei,

2079 3459 2240 3500 mons
2273 3443 2489 3513 pinguis
2513 3462 2558 3509 ς)
2581 3451 2653 3506 et,
2681 3459 2698 3492 ι
2733 3441 2888 3498 Mons
2918 3443 2974 3497 in
3010 3459 3120 3512 quo
3161 3444 3556 3515 beneplacitum
3585 3455 3669 3503 est

2081 3536 2192 3590 Deo
2236 3535 2488 3590 habitare
2542 3534 2597 3587 in
2649 3548 2715 3589 eo
2738 3535 2782 3587 ⁵.
2819 3551 2838 3586 ›
2879 3532 3082 3588 Praeter
3120 3535 3268 3590 hunc
3320 3543 3562 3592 montem
3613 3541 3668 3592 et

2079 3629 2275 3685 domus
2335 3627 2552 3682 Domini
2592 3623 2882 3680 manifesta
2945 3623 3088 3679 facta
3129 3635 3233 3682 est.
3288 3625 3489 3683 Domus
3539 3633 3670 3684 vero

2082 3730 2229 3780 esset
2256 3722 2352 3779 Dei
2390 3721 2659 3785 Ecclesia,
2692 3735 2814 3791 quae
2845 3721 2900 3776 in
2924 3723 3126 3776 vertice
3153 3721 3422 3776 montium
3453 3729 3669 3792 aposto-

2081 3815 2315 3870 licorum
2362 3824 2415 3870 et
2461 3813 2912 3885 propheticorum
2959 3813 3251 3868 verborum
3296 3813 3506 3869 elevata
3557 3821 3664 3870 est.

2082 3907 2296 3974 Quibus
2327 3922 2457 3962 vero
2505 3905 2873 3962 manifestatis
2912 3921 3077 3976 super
3105 3906 3254 3960 hunc
3285 3907 3467 3976 ipsum
3504 3922 3666 3961 mou-

2081 4009 2214 4064 tem,
2251 4008 2499 4070 apertum
2535 4008 2620 4054 est
2665 3999 2812 4069 quod
2846 3998 3091 4054 divinum
3121 3997 3352 4054 verbum
3379 4013 3491 4053 non
3529 4012 3666 4053 con-

2084 4100 2306 4149 secutus
2354 4099 2440 4147 est
2480 4093 2674 4156 Israel,
2730 4104 2909 4162 neque
2952 4090 3144 4146 multis
3199 4091 3338 4146 locis
3380 4091 3666 4162 designata

2082 4185 2280 4240 domus
2322 4181 2516 4249 Jacob,
2566 4183 2664 4240 sed
2719 4182 2778 4239 in
2837 4183 3158 4240 universum
3204 4197 3396 4239 omnes
3451 4192 3664 4256 gentes.

2083 4277 2313 4334 Constat
2369 4277 2515 4334 enim
2567 4287 2676 4347 quo
2728 4275 2892 4331 modo
2946 4291 3125 4347 quave
3180 4276 3394 4332 ratione
3435 4278 3669 4350 etpletis

2087 4371 2392 4427 Salvatoris
2438 4370 2615 4425 nostri
2667 4368 3112 4425 manifestatione
3158 4371 3540 4441 prmnuntiatis
3582 4387 3671 4426 re-

2085 4465 2186 4520 bus
2214 4463 2634 4532 manifestisque
2656 4459 2844 4527 factis,
2871 4477 3028 4517 mons
3058 4471 3116 4518 et
3142 4463 3337 4518 domus
3363 4469 3487 4534 quia
3509 4463 3672 4517 modo

405 4549 518 4603 ἀλλ’
541 4549 874 4614 ἁπαξαπλῶς
914 4552 1092 4605 πάντα
1119 4550 1188 4605 τὰ
1230 4551 1391 4623 ἕθνη’
1427 4553 1523 4607 καὶ
1552 4552 1616 4624 δὴ
1659 4552 1829 4623 σαφὲς
1863 4551 1982 4616 πῶς

2087 4557 2435 4627 interpretati
2473 4571 2665 4610 sumus
2691 4536 2858 4619 ,‘nos
2895 4571 2925 4610 e
2973 4555 3236 4625 gentibus
3281 4571 3376 4627 per
3422 4555 3582 4611 ﬁdem
3613 4556 3670 4610 in

405 4643 500 4696 καὶ
534 4642 654 4694 τίνα
681 4642 915 4712 τρόπον,
972 4643 1442 4700 ἀποτελεσθέντων
1469 4644 1558 4699 διὰ
1593 4644 1695 4716 τῆς
1739 4642 1831 4698 τοῦ
1864 4645 1980 4696 Σω-

404 4735 570 4808 τῆρος
596 4734 753 4806 ἡμῶν
779 4736 1101 4804 ἐπιφανείας
1123 4735 1233 4790 τῶν
1260 4739 1694 4810 προειρημένων,
1721 4737 1978 4810 ἐμφανῶν

404 4843 464 4881 τε
508 4821 816 4899 γενομένων
846 4827 936 4880 τοῦ
987 4844 1046 4881 τε
1103 4829 1496 4901 ἀποδεδομένου
1544 4831 1705 4903 ὅρους
1750 4833 1842 4887 καὶ
1888 4831 1982 4886 τοῦ

402 4918 770 4990 δεδηλωμένου
817 4918 966 4974 οἴκου
993 4961 1009 4986 ,
1044 4921 1204 4992 ἡμεῖς
1240 4923 1290 4976 οἱ
1331 4923 1390 4989 ἐξ
1430 4923 1600 4977 ἐθνῶν
1633 4922 1725 4977 διὰ,
1758 4924 1858 4995 τῆς
1903 4925 1984 4987 εἰς

400 5013 636 5084 Χριστὸν
668 5015 760 5069 τὸν
789 5015 917 5068 Υἱὸν
948 5014 1058 5082 ,τοῦ
1092 5013 1228 5069 Θεοῦ
1261 5017 1497 5082 πίστεως
1524 5018 1984 5090 προσεληλυθότες

399 5103 479 5174 τῷ
511 5103 620 5158 τῶν
652 5104 786 5158 ὅλων
834 5105 973 5176 Θεῷ,
1010 5107 1178 5163 πάλαι
1224 5108 1323 5178 μὲν
1361 5108 1680 5177 ἀγνοοῦντες
1723 5111 1792 5165 τὰ
1831 5109 1980 5181 τηλι-

403 5188 599 5260 καῦτα,
622 5197 739 5251 νυνὶ
767 5197 824 5252 δὲ
861 5199 952 5253 διὰ
981 5200 1080 5273 τὴν
1105 5201 1256 5256 θείαν
1287 5203 1447 5274 χάριν
1474 5203 1786 5270 ἐπιγνόντες
1820 5202 1981 5265 αὐτὰ,

403 5287 885 5362 προσεληλύθαμεν
927 5292 1062 5346 Σιὼν
1105 5293 1219 5366 ὄρει
1261 5295 1356 5348 καὶ
1392 5294 1546 5348 πόλει
1574 5295 1708 5348 Θεοῦ
1759 5294 1979 5360 ζῶντος,

415 5379 770 5451 Ἰερουσαλὴμ
789 5383 1114 5454 ἐπουρανίῳ·
1135 5386 1230 5438 καὶ
1248 5384 1344 5439 ἆτε
1365 5385 1745 5449 παιδευθέντες
1765 5385 1872 5439 ὑπὸ
1884 5385 1982 5439 τοῦ

405 5467 782 5540 ἐξεληλυθότος
813 5473 847 5543 ἢ
876 5475 972 5527 καὶ
997 5474 1436 5546 καταϐεϐηκότος
1457 5479 1519 5530 ἐκ
1539 5477 1639 5548 τῆς
1660 5478 1984 5549 ἐπουρανίου

417 5561 768 5636 Ἰερουσαλὴμ
794 5566 967 5635 Λόγου
989 5567 1148 5632 Θεοῦ,
1171 5569 1247 5633 ὼς
1267 5569 1419 5623 ι”Οτι
1447 5573 1481 5642 ἡ
1507 5571 1618 5625 ἄνω
1633 5571 1986 5642 Ἰερουσαλὴμ

407 5655 666 5729 ἐλευθέρα
701 5659 868 5722 ἐστὶν,
893 5660 1013 5727 ἥτις
1062 5662 1180 5714 ἐστὶ
1213 5662 1394 5734 μήτηρ
1416 5663 1572 5733 ἡμῶν
1592 5681 1605 5692 ·
1635 5683 1651 5714 ι
1678 5663 1771 5715 ἐπὶ
1796 5662 1984 5716 τοῦτον

482 5859 498 5888 ⁸
527 5858 630 5914 lsa.
669 5875 706 5928 t,
735 5859 883 5918 8-15.
966 5863 986 5892 '
1028 5863 1152 5918 ibid.
1191 5861 1270 5918 :21.
1353 5862 1520 5917 3ibid.
1556 5863 1646 5917 50.

2085 4650 2363 4706 Christum
2412 4647 2503 4704 Dei
2551 4647 2752 4702 Filium
2801 4649 2870 4703 ad
2905 4648 3154 4704 omnium
3193 4649 3360 4705 Deum
3394 4649 3668 4719 perducti,

2088 4746 2284 4800 horum
2308 4743 2528 4815 quidem
2555 4742 2832 4814 quondam
2852 4742 3036 4810 inscii,
3071 4756 3220 4796 nunc
3241 4747 3371 4794 vero
3397 4754 3496 4811 per
3526 4737 3670 4793 divi-

2088 4855 2216 4894 nam
2246 4837 2476 4910 gratiam
2513 4836 2697 4907 periti,
2733 4836 2800 4891 ad
2855 4835 2987 4890 Sion
3028 4829 3269 4886 montem
3304 4835 3360 4885 et
3390 4828 3672 4883 civitatem

2089 4931 2183 4986 Dei
2227 4929 2480 4994 viventis,
2516 4929 2932 4998 Jerusalemque
2972 4926 3250 4981 caelestem
3302 4922 3669 4991 pervenimus.

2091 5021 2158 5075 Et
2185 5021 2334 5076 velut
2357 5019 2536 5076 edocti
2574 5021 2644 5074 ab
2676 5020 2771 5074 illo
2803 5021 2898 5090 qui
2933 5032 3193 5089 egressus
3220 5018 3305 5072 est
3330 5016 3414 5072 vel
3438 5015 3673 5072 descen-

2091 5113 2171 5170 dit
2193 5113 2261 5168 de
2282 5113 2495 5168 etelesti
2518 5111 2844 5176 Jerusalem,
2871 5110 3052 5167 Verbo
3081 5107 3214 5174 Duo,
3244 5109 3499 5165 novimus
3526 5109 3673 5180 quod

2097 5223 2115 5256 ι
2142 5205 2235 5259 illa
2280 5220 2400 5275 quae
2431 5221 2651 5261 sursum
2701 5212 2786 5260 est
2826 5203 3152 5268 Jerusalem,
3193 5203 3363 5258 libera
3408 5209 3516 5269 est,
3553 5217 3674 5273 qua:

2090 5306 2176 5352 est
2220 5303 2397 5353 mater
2441 5307 2633 5353 nostra
2655 5299 2695 5350 °.
2730 5317 2748 5350 ι
2798 5298 2882 5353 Ad
2923 5298 3070 5354 hanc
3119 5298 3399 5354 caelestem
3439 5298 3533 5354 Dei
3573 5298 3673 5355 do—

2090 5405 2261 5453 mum,
2293 5389 2363 5444 ad
2397 5387 2555 5454 Sion,
2597 5390 2879 5446 ecelestem
2911 5399 3152 5445 montem
3183 5380 3422 5453 Domini,
3458 5404 3560 5444 nos
3591 5389 3672 5444 in-

2087 5479 2264 5538 vicem
2307 5481 2604 5537 invitantes
2637 5481 3101 5553 adhortantesque
3148 5482 3416 5538 doctrinis
3445 5490 3499 5537 et
3529 5482 3672 5537 inci-

2085 5573 2410 5640 tationibus,
2446 5573 2805 5631 dictitamus:
2845 5593 2865 5626 ‹
2901 5573 3093 5631 Venite
3129 5583 3184 5630 et
3216 5575 3577 5631 ascendamus
3603 5573 3671 5629 ad

2087 5674 2328 5722 montem
2359 5664 2598 5733 Domini,
2642 5676 2698 5722 et.
2736 5669 2805 5724 ad
2855 5668 3078 5724 domum
3121 5667 3219 5724 Dei
3245 5665 3456 5725 Iacob:
3487 5674 3543 5724 et
3572 5664 3674 5721 du~

1754 5864 1774 5893 ⁵
1802 5863 1903 5918 lsa.
1935 5879 1991 5930 ιι,
2023 5865 2073 5919 1.
2095 5865 2172 5942 of
2203 5863 2348 5922 Psal.
2380 5881 2550 5939 vau,
2581 5865 2777 5936 15,16.
2855 5867 2876 5900 ⁸
2901 5867 3018 5923 Gal.
3053 5881 3126 5936 rv,
3150 5869 3243 5924 26.
