  <div class='ocr_page' id='page_1' title='image "/cluster/home/n/w/nwhite01/storage/ocr_20150623/22:no.4/coo.31924054873025/613.png"; bbox 0 0 4100 6444; ppageno 0'>
   <div class='ocr_carea' id='block_1_1' title="bbox 452 370 590 426">
    <p class='ocr_par' dir='ltr' id='par_1_1' title="bbox 452 370 590 426">
     <span class='ocr_line' id='line_1_1' title="bbox 452 370 590 426; baseline 0 0"><span class='ocrx_word' id='word_1_1' title='bbox 452 370 590 426; x_wconf 77' lang='lat' dir='ltr'><strong>H99</strong></span> 
     </span>
    </p>
   </div>
   <div class='ocr_carea' id='block_1_2' title="bbox 1191 371 3070 444">
    <p class='ocr_par' dir='ltr' id='par_1_2' title="bbox 1191 371 3070 444">
     <span class='ocr_line' id='line_1_2' title="bbox 1191 371 3070 444; baseline 0.011 -20"><span class='ocrx_word' id='word_1_2' title='bbox 1191 371 1456 428; x_wconf 84' lang='lat' dir='ltr'><strong>EUSEBII</strong></span> <span class='ocrx_word' id='word_1_3' title='bbox 1497 373 1982 431; x_wconf 65' lang='lat' dir='ltr'><strong>CESARIENSIS.</strong></span> <span class='ocrx_word' id='word_1_4' title='bbox 2015 378 2166 437; x_wconf 84' lang='lat' dir='ltr'><strong>OPP.</strong></span> <span class='ocrx_word' id='word_1_5' title='bbox 2210 380 2390 437; x_wconf 80' lang='lat' dir='ltr'><strong>PARS</strong></span> <span class='ocrx_word' id='word_1_6' title='bbox 2429 382 2516 439; x_wconf 82' lang='lat' dir='ltr'><strong>lll.</strong></span> <span class='ocrx_word' id='word_1_7' title='bbox 2556 416 2624 425; x_wconf 97' lang='lat'>—</span> <span class='ocrx_word' id='word_1_8' title='bbox 2661 383 3070 444; x_wconf 79' lang='lat' dir='ltr'><strong>EXEGETICA.</strong></span> 
     </span>
    </p>
   </div>
   <div class='ocr_carea' id='block_1_3' title="bbox 3545 390 3683 446">
    <p class='ocr_par' dir='ltr' id='par_1_3' title="bbox 3545 390 3683 446">
     <span class='ocr_line' id='line_1_3' title="bbox 3545 390 3683 446; baseline 0 -1"><span class='ocrx_word' id='word_1_9' title='bbox 3545 390 3683 446; x_wconf 71' lang='grc' dir='ltr'>ηοο</span> 
     </span>
    </p>
   </div>
   <div class='ocr_carea' id='block_1_4' title="bbox 448 488 1984 577">
    <p class='ocr_par' dir='ltr' id='par_1_4' title="bbox 448 488 1978 553">
     <span class='ocr_line' id='line_1_4' title="bbox 448 488 1978 553; baseline 0.007 -11"><span class='ocrx_word' id='word_1_10' title='bbox 448 488 592 543; x_wconf 82' lang='lat' dir='ltr'><strong>cebit</strong></span> <span class='ocrx_word' id='word_1_11' title='bbox 636 503 735 542; x_wconf 84' lang='lat' dir='ltr'><strong>nos</strong></span> <span class='ocrx_word' id='word_1_12' title='bbox 784 490 895 544; x_wconf 80' lang='lat' dir='ltr'><strong>vias</strong></span> <span class='ocrx_word' id='word_1_13' title='bbox 943 503 1090 553; x_wconf 86' lang='lat' dir='ltr'><strong>suas,</strong></span> <span class='ocrx_word' id='word_1_14' title='bbox 1151 498 1204 545; x_wconf 91' lang='lat' dir='ltr'><strong>et</strong></span> <span class='ocrx_word' id='word_1_15' title='bbox 1257 493 1654 550; x_wconf 90' lang='lat' dir='ltr'><strong>ambulabimus</strong></span> <span class='ocrx_word' id='word_1_16' title='bbox 1704 497 1758 550; x_wconf 93' lang='lat' dir='ltr'><strong>in</strong></span> <span class='ocrx_word' id='word_1_17' title='bbox 1802 500 1978 552; x_wconf 86' lang='lat' dir='ltr'><strong>semiti</strong></span> 
     </span>
    </p>
   </div>
   <div class='ocr_carea' id='block_1_5' title="bbox 2086 488 3682 577">
    <p class='ocr_par' dir='ltr' id='par_1_5' title="bbox 2113 503 3682 577">
     <span class='ocr_line' id='line_1_5' title="bbox 2113 503 3682 577; baseline 0.006 -23"><span class='ocrx_word' id='word_1_18' title='bbox 2113 504 2202 556; x_wconf 84' lang='grc' dir='ltr'>τὸν</span> <span class='ocrx_word' id='word_1_19' title='bbox 2235 505 2554 577; x_wconf 77' lang='grc' dir='ltr'><strong>ἐπουράνιον</strong></span> <span class='ocrx_word' id='word_1_20' title='bbox 2582 503 2728 561; x_wconf 85' lang='grc' dir='ltr'>οἷκον</span> <span class='ocrx_word' id='word_1_21' title='bbox 2754 507 2847 561; x_wconf 89' lang='grc' dir='ltr'><strong>τοῦ</strong></span> <span class='ocrx_word' id='word_1_22' title='bbox 2879 509 3034 573; x_wconf 89' lang='grc' dir='ltr'>Θεοῦ,</span> <span class='ocrx_word' id='word_1_23' title='bbox 3070 510 3163 563; x_wconf 74' lang='grc' dir='ltr'>καὶ</span> <span class='ocrx_word' id='word_1_24' title='bbox 3185 511 3276 563; x_wconf 78' lang='grc' dir='ltr'>ἐπὶ</span> <span class='ocrx_word' id='word_1_25' title='bbox 3314 510 3374 564; x_wconf 78' lang='grc' dir='ltr'>τὸ</span> <span class='ocrx_word' id='word_1_26' title='bbox 3395 510 3553 574; x_wconf 86' lang='grc' dir='ltr'>Σιὼν,</span> <span class='ocrx_word' id='word_1_27' title='bbox 3589 515 3682 565; x_wconf 75' lang='grc' dir='ltr'>καὶ</span> 
     </span>
    </p>
   </div>
   <div class='ocr_carea' id='block_1_6' title="bbox 447 580 2011 667">
    <p class='ocr_par' dir='ltr' id='par_1_6' title="bbox 447 580 2011 667">
     <span class='ocr_line' id='line_1_6' title="bbox 447 580 2011 667; baseline 0.006 -32"><span class='ocrx_word' id='word_1_28' title='bbox 447 581 568 648; x_wconf 82' lang='lat' dir='ltr'><strong>ejus</strong></span> <span class='ocrx_word' id='word_1_29' title='bbox 592 582 629 634; x_wconf 87' lang='grc'>¹.</span> <span class='ocrx_word' id='word_1_30' title='bbox 663 601 679 631; x_wconf 73' lang='grc' dir='ltr'><strong>ι</strong></span> <span class='ocrx_word' id='word_1_31' title='bbox 715 580 922 667; x_wconf 67' lang='lat' dir='ltr'><strong>Quibus</strong></span> <span class='ocrx_word' id='word_1_32' title='bbox 964 597 1094 637; x_wconf 86' lang='lat' dir='ltr'><strong>vero</strong></span> <span class='ocrx_word' id='word_1_33' title='bbox 1126 585 1376 654; x_wconf 83' lang='lat' dir='ltr'><strong>expletis.</strong></span> <span class='ocrx_word' id='word_1_34' title='bbox 1408 596 1461 641; x_wconf 91' lang='lat' dir='ltr'><strong>et</strong></span> <span class='ocrx_word' id='word_1_35' title='bbox 1505 587 1597 642; x_wconf 88' lang='lat' dir='ltr'><strong>Dei</strong></span> <span class='ocrx_word' id='word_1_36' title='bbox 1633 591 1802 658; x_wconf 83' lang='lat' dir='ltr'><strong>gratia</strong></span> <span class='ocrx_word' id='word_1_37' title='bbox 1854 591 2011 646; x_wconf 91' lang='lat' dir='ltr'><strong>nobis</strong></span> 
     </span>
    </p>
   </div>
   <div class='ocr_carea' id='block_1_7' title="bbox 445 673 2010 751">
    <p class='ocr_par' dir='ltr' id='par_1_7' title="bbox 445 673 2010 751">
     <span class='ocr_line' id='line_1_7' title="bbox 445 673 2010 751; baseline 0.008 -26"><span class='ocrx_word' id='word_1_38' title='bbox 445 675 700 727; x_wconf 90' lang='lat' dir='ltr'><strong>omnibus</strong></span> <span class='ocrx_word' id='word_1_39' title='bbox 748 673 1136 737; x_wconf 83' lang='lat' dir='ltr'><strong>manifestatis,</strong></span> <span class='ocrx_word' id='word_1_40' title='bbox 1177 676 1282 731; x_wconf 92' lang='lat' dir='ltr'><strong>alia</strong></span> <span class='ocrx_word' id='word_1_41' title='bbox 1311 693 1529 749; x_wconf 91' lang='lat' dir='ltr'><strong>quoque</strong></span> <span class='ocrx_word' id='word_1_42' title='bbox 1568 682 1852 751; x_wconf 76' lang='lat' dir='ltr'><strong>prophetia</strong></span> <span class='ocrx_word' id='word_1_43' title='bbox 1891 684 2010 737; x_wconf 82' lang='lat' dir='ltr'><strong>exi-</strong></span> 
     </span>
    </p>
   </div>
   <div class='ocr_carea' id='block_1_8' title="bbox 446 766 2009 836">
    <p class='ocr_par' dir='ltr' id='par_1_8' title="bbox 446 766 2009 836">
     <span class='ocr_line' id='line_1_8' title="bbox 446 766 2009 836; baseline 0.009 -18"><span class='ocrx_word' id='word_1_44' title='bbox 446 777 558 820; x_wconf 88' lang='lat' dir='ltr'><strong>tum</strong></span> <span class='ocrx_word' id='word_1_45' title='bbox 603 766 807 830; x_wconf 84' lang='lat' dir='ltr'><strong>habuit,</strong></span> <span class='ocrx_word' id='word_1_46' title='bbox 850 781 955 836; x_wconf 89' lang='lat' dir='ltr'><strong>qua</strong></span> <span class='ocrx_word' id='word_1_47' title='bbox 991 767 1166 836; x_wconf 89' lang='lat' dir='ltr'><strong>ipsum</strong></span> <span class='ocrx_word' id='word_1_48' title='bbox 1211 771 1447 826; x_wconf 88' lang='lat' dir='ltr'><strong>salutare</strong></span> <span class='ocrx_word' id='word_1_49' title='bbox 1490 771 1728 828; x_wconf 80' lang='lat' dir='ltr'><strong>Verbum</strong></span> <span class='ocrx_word' id='word_1_50' title='bbox 1779 776 2009 831; x_wconf 81' lang='lat' dir='ltr'><strong>manife-</strong></span> 
     </span>
    </p>
   </div>
   <div class='ocr_carea' id='block_1_9' title="bbox 444 858 2007 934">
    <p class='ocr_par' dir='ltr' id='par_1_9' title="bbox 444 858 2007 934">
     <span class='ocr_line' id='line_1_9' title="bbox 444 858 2007 934; baseline 0.006 -23"><span class='ocrx_word' id='word_1_51' title='bbox 444 859 583 912; x_wconf 89' lang='lat' dir='ltr'><strong>stius</strong></span> <span class='ocrx_word' id='word_1_52' title='bbox 613 858 705 912; x_wconf 91' lang='lat' dir='ltr'><strong>illa</strong></span> <span class='ocrx_word' id='word_1_53' title='bbox 728 873 850 928; x_wconf 76' lang='lat' dir='ltr'><strong>qua:</strong></span> <span class='ocrx_word' id='word_1_54' title='bbox 874 874 1018 913; x_wconf 93' lang='lat' dir='ltr'><strong>nunc</strong></span> <span class='ocrx_word' id='word_1_55' title='bbox 1047 860 1208 914; x_wconf 90' lang='lat' dir='ltr'><strong>nobis</strong></span> <span class='ocrx_word' id='word_1_56' title='bbox 1235 861 1557 916; x_wconf 88' lang='lat' dir='ltr'><strong>elucidanda</strong></span> <span class='ocrx_word' id='word_1_57' title='bbox 1589 872 1672 919; x_wconf 86' lang='lat' dir='ltr'><strong>est</strong></span> <span class='ocrx_word' id='word_1_58' title='bbox 1701 867 2007 934; x_wconf 78' lang='lat' dir='ltr'><strong>prophetia,</strong></span> 
     </span>
    </p>
   </div>
   <div class='ocr_carea' id='block_1_10' title="bbox 443 949 2010 1029">
    <p class='ocr_par' dir='ltr' id='par_1_10' title="bbox 443 949 2010 1029">
     <span class='ocr_line' id='line_1_10' title="bbox 443 949 2010 1029; baseline 0.008 -28"><span class='ocrx_word' id='word_1_59' title='bbox 443 956 674 1004; x_wconf 72' lang='lat' dir='ltr'><strong>testatur</strong></span> <span class='ocrx_word' id='word_1_60' title='bbox 722 949 910 1004; x_wconf 86' lang='lat' dir='ltr'><strong>dicens</strong></span> <span class='ocrx_word' id='word_1_61' title='bbox 945 969 957 1003; x_wconf 89' lang='lat'><strong>:</strong></span> <span class='ocrx_word' id='word_1_62' title='bbox 989 950 1362 1008; x_wconf 70' lang='lat' dir='ltr'><strong>«Manifestus</strong></span> <span class='ocrx_word' id='word_1_63' title='bbox 1414 954 1592 1010; x_wconf 82' lang='lat' dir='ltr'><strong>factus</strong></span> <span class='ocrx_word' id='word_1_64' title='bbox 1644 973 1766 1011; x_wconf 90' lang='lat' dir='ltr'><strong>sum</strong></span> <span class='ocrx_word' id='word_1_65' title='bbox 1813 959 1881 1013; x_wconf 93' lang='lat' dir='ltr'><strong>iis</strong></span> <span class='ocrx_word' id='word_1_66' title='bbox 1915 960 2010 1029; x_wconf 85' lang='lat' dir='ltr'><strong>qui</strong></span> 
     </span>
    </p>
   </div>
   <div class='ocr_carea' id='block_1_11' title="bbox 441 1043 2012 1122">
    <p class='ocr_par' dir='ltr' id='par_1_11' title="bbox 441 1043 2012 1122">
     <span class='ocr_line' id='line_1_11' title="bbox 441 1043 2012 1122; baseline 0.008 -28"><span class='ocrx_word' id='word_1_67' title='bbox 441 1051 568 1097; x_wconf 88' lang='lat' dir='ltr'><strong>ante</strong></span> <span class='ocrx_word' id='word_1_68' title='bbox 597 1057 705 1096; x_wconf 91' lang='lat' dir='ltr'><strong>non</strong></span> <span class='ocrx_word' id='word_1_69' title='bbox 739 1043 1186 1114; x_wconf 81' lang='lat' dir='ltr'><strong>interrogabant;</strong></span> <span class='ocrx_word' id='word_1_70' title='bbox 1219 1047 1546 1102; x_wconf 84' lang='lat' dir='ltr'><strong>invenerunt</strong></span> <span class='ocrx_word' id='word_1_71' title='bbox 1589 1052 1682 1120; x_wconf 89' lang='lat' dir='ltr'><strong>qui</strong></span> <span class='ocrx_word' id='word_1_72' title='bbox 1727 1066 1834 1105; x_wconf 89' lang='lat' dir='ltr'><strong>non</strong></span> <span class='ocrx_word' id='word_1_73' title='bbox 1865 1067 2012 1122; x_wconf 65' lang='lat' dir='ltr'><strong>qua:-</strong></span> 
     </span>
    </p>
   </div>
   <div class='ocr_carea' id='block_1_12' title="bbox 440 1136 2004 1215">
    <p class='ocr_par' dir='ltr' id='par_1_12' title="bbox 440 1136 2004 1215">
     <span class='ocr_line' id='line_1_12' title="bbox 440 1136 2004 1215; baseline 0.006 -25"><span class='ocrx_word' id='word_1_74' title='bbox 440 1136 651 1193; x_wconf 74' lang='lat' dir='ltr'><strong>sierunt</strong></span> <span class='ocrx_word' id='word_1_75' title='bbox 682 1151 768 1190; x_wconf 92' lang='lat' dir='ltr'><strong>me</strong></span> <span class='ocrx_word' id='word_1_76' title='bbox 795 1155 808 1200; x_wconf 86' lang='lat'><strong>;</strong></span> <span class='ocrx_word' id='word_1_77' title='bbox 835 1136 945 1190; x_wconf 81' lang='lat' dir='ltr'><strong>dixi</strong></span> <span class='ocrx_word' id='word_1_78' title='bbox 983 1156 994 1190; x_wconf 97' lang='lat'><strong>:</strong></span> <span class='ocrx_word' id='word_1_79' title='bbox 1026 1136 1164 1192; x_wconf 88' lang='lat' dir='ltr'><strong>Ecce</strong></span> <span class='ocrx_word' id='word_1_80' title='bbox 1216 1155 1337 1209; x_wconf 88' lang='lat' dir='ltr'><strong>ego,</strong></span> <span class='ocrx_word' id='word_1_81' title='bbox 1376 1157 1505 1196; x_wconf 90' lang='lat' dir='ltr'><strong>ecce</strong></span> <span class='ocrx_word' id='word_1_82' title='bbox 1541 1158 1642 1213; x_wconf 83' lang='lat' dir='ltr'><strong>ego</strong></span> <span class='ocrx_word' id='word_1_83' title='bbox 1676 1145 1740 1198; x_wconf 91' lang='lat' dir='ltr'><strong>ad</strong></span> <span class='ocrx_word' id='word_1_84' title='bbox 1767 1153 2004 1215; x_wconf 81' lang='lat' dir='ltr'><strong>gentem,</strong></span> 
     </span>
    </p>
   </div>
   <div class='ocr_carea' id='block_1_13' title="bbox 436 1229 2007 1306">
    <p class='ocr_par' dir='ltr' id='par_1_13' title="bbox 436 1229 2007 1306">
     <span class='ocr_line' id='line_1_13' title="bbox 436 1229 2007 1306; baseline 0.006 -24"><span class='ocrx_word' id='word_1_85' title='bbox 436 1245 558 1298; x_wconf 66' lang='lat' dir='ltr'><strong>quae</strong></span> <span class='ocrx_word' id='word_1_86' title='bbox 577 1246 684 1284; x_wconf 91' lang='lat' dir='ltr'><strong>non</strong></span> <span class='ocrx_word' id='word_1_87' title='bbox 710 1229 996 1283; x_wconf 82' lang='lat' dir='ltr'><strong>invocabat</strong></span> <span class='ocrx_word' id='word_1_88' title='bbox 1020 1245 1218 1287; x_wconf 90' lang='lat' dir='ltr'><strong>nomen</strong></span> <span class='ocrx_word' id='word_1_89' title='bbox 1251 1248 1428 1287; x_wconf 90' lang='lat' dir='ltr'><strong>meum</strong></span> <span class='ocrx_word' id='word_1_90' title='bbox 1443 1235 1484 1288; x_wconf 82' lang='lat'><strong>&#39;.</strong></span> <span class='ocrx_word' id='word_1_91' title='bbox 1511 1253 1528 1285; x_wconf 72' lang='grc' dir='ltr'><strong>ι</strong></span> <span class='ocrx_word' id='word_1_92' title='bbox 1565 1233 1621 1289; x_wconf 88' lang='lat' dir='ltr'><strong>Si</strong></span> <span class='ocrx_word' id='word_1_93' title='bbox 1654 1238 1777 1306; x_wconf 90' lang='lat' dir='ltr'><strong>quis</strong></span> <span class='ocrx_word' id='word_1_94' title='bbox 1806 1247 2007 1293; x_wconf 69' lang='lat' dir='ltr'><strong>nostra:</strong></span> 
     </span>
    </p>
   </div>
   <div class='ocr_carea' id='block_1_14' title="bbox 435 1321 2005 1396">
    <p class='ocr_par' dir='ltr' id='par_1_14' title="bbox 435 1321 2005 1396">
     <span class='ocr_line' id='line_1_14' title="bbox 435 1321 2005 1396; baseline 0.006 -21"><span class='ocrx_word' id='word_1_95' title='bbox 435 1337 542 1375; x_wconf 90' lang='lat' dir='ltr'><strong>non</strong></span> <span class='ocrx_word' id='word_1_96' title='bbox 572 1321 878 1376; x_wconf 87' lang='lat' dir='ltr'><strong>consentiat</strong></span> <span class='ocrx_word' id='word_1_97' title='bbox 917 1322 1376 1392; x_wconf 82' lang='lat' dir='ltr'><strong>interpretationi,</strong></span> <span class='ocrx_word' id='word_1_98' title='bbox 1409 1343 1570 1396; x_wconf 88' lang='lat' dir='ltr'><strong>quem</strong></span> <span class='ocrx_word' id='word_1_99' title='bbox 1611 1330 1776 1383; x_wconf 92' lang='lat' dir='ltr'><strong>alium</strong></span> <span class='ocrx_word' id='word_1_100' title='bbox 1807 1330 1874 1384; x_wconf 88' lang='lat' dir='ltr'><strong>de</strong></span> <span class='ocrx_word' id='word_1_101' title='bbox 1901 1331 2005 1384; x_wconf 93' lang='lat' dir='ltr'><strong>hoc</strong></span> 
     </span>
    </p>
   </div>
   <div class='ocr_carea' id='block_1_15' title="bbox 435 1413 2003 1490">
    <p class='ocr_par' dir='ltr' id='par_1_15' title="bbox 435 1413 2003 1490">
     <span class='ocr_line' id='line_1_15' title="bbox 435 1413 2003 1490; baseline 0.008 -25"><span class='ocrx_word' id='word_1_102' title='bbox 435 1421 618 1468; x_wconf 88' lang='lat' dir='ltr'><strong>monte</strong></span> <span class='ocrx_word' id='word_1_103' title='bbox 649 1414 734 1467; x_wconf 85' lang='lat' dir='ltr'><strong>vel</strong></span> <span class='ocrx_word' id='word_1_104' title='bbox 768 1414 931 1468; x_wconf 89' lang='lat' dir='ltr'><strong>domo</strong></span> <span class='ocrx_word' id='word_1_105' title='bbox 974 1413 1068 1468; x_wconf 89' lang='lat' dir='ltr'><strong>Dei</strong></span> <span class='ocrx_word' id='word_1_106' title='bbox 1112 1433 1334 1472; x_wconf 88' lang='lat' dir='ltr'><strong>sensum</strong></span> <span class='ocrx_word' id='word_1_107' title='bbox 1383 1420 1643 1475; x_wconf 82' lang='lat' dir='ltr'><strong>exhibere</strong></span> <span class='ocrx_word' id='word_1_108' title='bbox 1692 1423 1866 1490; x_wconf 82' lang='lat' dir='ltr'><strong>possit</strong></span> <span class='ocrx_word' id='word_1_109' title='bbox 1914 1439 2003 1477; x_wconf 81' lang='lat' dir='ltr'><strong>ne-</strong></span> 
     </span>
    </p>
   </div>
   <div class='ocr_carea' id='block_1_16' title="bbox 433 1504 2003 1584">
    <p class='ocr_par' dir='ltr' id='par_1_16' title="bbox 433 1504 2003 1584">
     <span class='ocr_line' id='line_1_16' title="bbox 433 1504 2003 1584; baseline 0.006 -26"><span class='ocrx_word' id='word_1_110' title='bbox 433 1505 568 1571; x_wconf 87' lang='lat' dir='ltr'><strong>scio,</strong></span> <span class='ocrx_word' id='word_1_111' title='bbox 605 1504 672 1560; x_wconf 89' lang='lat' dir='ltr'><strong>de</strong></span> <span class='ocrx_word' id='word_1_112' title='bbox 700 1507 902 1576; x_wconf 90' lang='lat' dir='ltr'><strong>quibus</strong></span> <span class='ocrx_word' id='word_1_113' title='bbox 936 1509 1242 1576; x_wconf 81' lang='lat' dir='ltr'><strong>prephetia,</strong></span> <span class='ocrx_word' id='word_1_114' title='bbox 1285 1511 1526 1564; x_wconf 88' lang='lat' dir='ltr'><strong>nondum</strong></span> <span class='ocrx_word' id='word_1_115' title='bbox 1557 1528 1703 1566; x_wconf 90' lang='lat' dir='ltr'><strong>nunc</strong></span> <span class='ocrx_word' id='word_1_116' title='bbox 1741 1530 2003 1584; x_wconf 74' lang='lat' dir='ltr'><strong>corpora-</strong></span> 
     </span>
    </p>
   </div>
   <div class='ocr_carea' id='block_1_17' title="bbox 433 1597 1997 1670">
    <p class='ocr_par' dir='ltr' id='par_1_17' title="bbox 433 1597 1997 1670">
     <span class='ocr_line' id='line_1_17' title="bbox 433 1597 1997 1670; baseline 0.008 -22"><span class='ocrx_word' id='word_1_117' title='bbox 433 1597 557 1650; x_wconf 86' lang='lat' dir='ltr'><strong>liter</strong></span> <span class='ocrx_word' id='word_1_118' title='bbox 602 1599 986 1664; x_wconf 82' lang='lat' dir='ltr'><strong>manifestatis,</strong></span> <span class='ocrx_word' id='word_1_119' title='bbox 1026 1616 1148 1670; x_wconf 63' lang='lat' dir='ltr'><strong>qua:</strong></span> <span class='ocrx_word' id='word_1_120' title='bbox 1193 1602 1344 1670; x_wconf 90' lang='lat' dir='ltr'><strong>prius</strong></span> <span class='ocrx_word' id='word_1_121' title='bbox 1386 1604 1555 1658; x_wconf 91' lang='lat' dir='ltr'><strong>relata</strong></span> <span class='ocrx_word' id='word_1_122' title='bbox 1603 1613 1731 1658; x_wconf 88' lang='lat' dir='ltr'><strong>sunt</strong></span> <span class='ocrx_word' id='word_1_123' title='bbox 1771 1606 1997 1660; x_wconf 85' lang='lat' dir='ltr'><strong>indicat.</strong></span> 
     </span>
    </p>
   </div>
   <div class='ocr_carea' id='block_1_18' title="bbox 430 1686 2002 1762">
    <p class='ocr_par' dir='ltr' id='par_1_18' title="bbox 430 1686 2002 1762">
     <span class='ocr_line' id='line_1_18' title="bbox 430 1686 2002 1762; baseline 0.006 -20"><span class='ocrx_word' id='word_1_124' title='bbox 430 1686 671 1744; x_wconf 85' lang='lat' dir='ltr'><strong>Possunt</strong></span> <span class='ocrx_word' id='word_1_125' title='bbox 698 1691 812 1745; x_wconf 69' lang='lat' dir='ltr'><strong>haec</strong></span> <span class='ocrx_word' id='word_1_126' title='bbox 851 1707 1069 1762; x_wconf 84' lang='lat' dir='ltr'><strong>quoque</strong></span> <span class='ocrx_word' id='word_1_127' title='bbox 1092 1695 1250 1748; x_wconf 87' lang='lat' dir='ltr'><strong>aliter</strong></span> <span class='ocrx_word' id='word_1_128' title='bbox 1275 1695 1572 1749; x_wconf 84' lang='lat' dir='ltr'><strong>secundam</strong></span> <span class='ocrx_word' id='word_1_129' title='bbox 1594 1696 1797 1752; x_wconf 86' lang='lat' dir='ltr'><strong>Christi</strong></span> <span class='ocrx_word' id='word_1_130' title='bbox 1827 1699 2002 1752; x_wconf 88' lang='lat' dir='ltr'><strong>mani-</strong></span> 
     </span>
    </p>
   </div>
   <div class='ocr_carea' id='block_1_19' title="bbox 432 1779 1999 1860">
    <p class='ocr_par' dir='ltr' id='par_1_19' title="bbox 432 1779 1999 1860">
     <span class='ocr_line' id='line_1_19' title="bbox 432 1779 1999 1860; baseline 0.008 -28"><span class='ocrx_word' id='word_1_131' title='bbox 432 1779 776 1841; x_wconf 74' lang='lat' dir='ltr'><strong>festationem</strong></span> <span class='ocrx_word' id='word_1_132' title='bbox 831 1784 1158 1855; x_wconf 81' lang='lat' dir='ltr'><strong>signiﬁcare,</strong></span> <span class='ocrx_word' id='word_1_133' title='bbox 1218 1794 1350 1842; x_wconf 91' lang='lat' dir='ltr'><strong>tunc</strong></span> <span class='ocrx_word' id='word_1_134' title='bbox 1395 1788 1580 1858; x_wconf 86' lang='lat' dir='ltr'><strong>potius</strong></span> <span class='ocrx_word' id='word_1_135' title='bbox 1637 1806 1801 1860; x_wconf 89' lang='lat' dir='ltr'><strong>quam</strong></span> <span class='ocrx_word' id='word_1_136' title='bbox 1852 1806 1999 1844; x_wconf 89' lang='lat' dir='ltr'><strong>nunc</strong></span> 
     </span>
    </p>
   </div>
   <div class='ocr_carea' id='block_1_20' title="bbox 2115 597 3681 674">
    <p class='ocr_par' dir='ltr' id='par_1_20' title="bbox 2115 597 3681 674">
     <span class='ocr_line' id='line_1_20' title="bbox 2115 597 3681 674; baseline 0.004 -24"><span class='ocrx_word' id='word_1_137' title='bbox 2115 597 2245 650; x_wconf 82' lang='grc' dir='ltr'>αὐτὸ</span> <span class='ocrx_word' id='word_1_138' title='bbox 2275 599 2594 670; x_wconf 77' lang='grc' dir='ltr'><strong>ἐπουράνιον</strong></span> <span class='ocrx_word' id='word_1_139' title='bbox 2629 599 2754 670; x_wconf 78' lang='grc' dir='ltr'>ὅρος</span> <span class='ocrx_word' id='word_1_140' title='bbox 2787 602 3010 672; x_wconf 81' lang='grc' dir='ltr'><strong>Κυρίου,</strong></span> <span class='ocrx_word' id='word_1_141' title='bbox 3042 603 3395 673; x_wconf 86' lang='grc' dir='ltr'>διεγείροντες</span> <span class='ocrx_word' id='word_1_142' title='bbox 3421 603 3681 674; x_wconf 73' lang='grc' dir='ltr'>ἀλλήλους</span> 
     </span>
    </p>
   </div>
   <div class='ocr_carea' id='block_1_21' title="bbox 2115 688 3674 764">
    <p class='ocr_par' dir='ltr' id='par_1_21' title="bbox 2115 688 3674 764">
     <span class='ocr_line' id='line_1_21' title="bbox 2115 688 3674 764; baseline 0.004 -25"><span class='ocrx_word' id='word_1_143' title='bbox 2115 688 2207 740; x_wconf 78' lang='grc' dir='ltr'>καὶ</span> <span class='ocrx_word' id='word_1_144' title='bbox 2229 689 2689 750; x_wconf 84' lang='grc' dir='ltr'>κατασπεύδοντες</span> <span class='ocrx_word' id='word_1_145' title='bbox 2715 689 2804 742; x_wconf 84' lang='grc' dir='ltr'><strong>διὰ</strong></span> <span class='ocrx_word' id='word_1_146' title='bbox 2829 690 2928 760; x_wconf 80' lang='grc' dir='ltr'>τῆς</span> <span class='ocrx_word' id='word_1_147' title='bbox 2961 690 3303 755; x_wconf 86' lang='grc' dir='ltr'>διδασκαλίας</span> <span class='ocrx_word' id='word_1_148' title='bbox 3331 692 3423 746; x_wconf 76' lang='grc' dir='ltr'>καὶ</span> <span class='ocrx_word' id='word_1_149' title='bbox 3448 709 3674 764; x_wconf 83' lang='grc' dir='ltr'>προτρο-</span> 
     </span>
    </p>
   </div>
   <div class='ocr_carea' id='block_1_22' title="bbox 2113 778 3681 853">
    <p class='ocr_par' dir='ltr' id='par_1_22' title="bbox 2113 778 3681 853">
     <span class='ocr_line' id='line_1_22' title="bbox 2113 778 3681 853; baseline 0.004 -22"><span class='ocrx_word' id='word_1_150' title='bbox 2113 780 2219 848; x_wconf 80' lang='grc' dir='ltr'>πῆς</span> <span class='ocrx_word' id='word_1_151' title='bbox 2244 796 2453 850; x_wconf 87' lang='grc' dir='ltr'>φαμεν·</span> <span class='ocrx_word' id='word_1_152' title='bbox 2490 799 2506 830; x_wconf 76' lang='grc' dir='ltr'><strong>ι</strong></span> <span class='ocrx_word' id='word_1_153' title='bbox 2543 778 2726 843; x_wconf 88' lang='grc' dir='ltr'>Δεῦτε,</span> <span class='ocrx_word' id='word_1_154' title='bbox 2762 781 2858 833; x_wconf 75' lang='grc' dir='ltr'>καὶ</span> <span class='ocrx_word' id='word_1_155' title='bbox 2906 781 3192 853; x_wconf 73' lang='grc' dir='ltr'><strong>ἀναδῶμεν</strong></span> <span class='ocrx_word' id='word_1_156' title='bbox 3219 785 3297 846; x_wconf 83' lang='grc' dir='ltr'><strong>εἰς</strong></span> <span class='ocrx_word' id='word_1_157' title='bbox 3329 782 3390 836; x_wconf 77' lang='grc' dir='ltr'>τὸ</span> <span class='ocrx_word' id='word_1_158' title='bbox 3424 783 3547 853; x_wconf 76' lang='grc' dir='ltr'>ὅρος</span> <span class='ocrx_word' id='word_1_159' title='bbox 3571 786 3681 836; x_wconf 81' lang='grc' dir='ltr'><strong>Κυ-</strong></span> 
     </span>
    </p>
   </div>
   <div class='ocr_carea' id='block_1_23' title="bbox 2113 866 3681 942">
    <p class='ocr_par' dir='ltr' id='par_1_23' title="bbox 2113 866 3681 942">
     <span class='ocr_line' id='line_1_23' title="bbox 2113 866 3681 942; baseline 0.004 -20"><span class='ocrx_word' id='word_1_160' title='bbox 2113 871 2249 940; x_wconf 90' lang='grc' dir='ltr'>ρίου,</span> <span class='ocrx_word' id='word_1_161' title='bbox 2268 873 2362 924; x_wconf 74' lang='grc' dir='ltr'>καὶ</span> <span class='ocrx_word' id='word_1_162' title='bbox 2381 874 2458 934; x_wconf 86' lang='grc' dir='ltr'><strong>εἰς</strong></span> <span class='ocrx_word' id='word_1_163' title='bbox 2472 872 2563 923; x_wconf 86' lang='grc' dir='ltr'>τὸν</span> <span class='ocrx_word' id='word_1_164' title='bbox 2585 866 2731 925; x_wconf 78' lang='grc' dir='ltr'>οἷκον</span> <span class='ocrx_word' id='word_1_165' title='bbox 2746 871 2838 924; x_wconf 88' lang='grc' dir='ltr'><strong>τοῦ</strong></span> <span class='ocrx_word' id='word_1_166' title='bbox 2862 872 2995 925; x_wconf 90' lang='grc' dir='ltr'>Θεοῦ</span> <span class='ocrx_word' id='word_1_167' title='bbox 3033 873 3224 926; x_wconf 77' lang='grc' dir='ltr'>Ἰακώό</span> <span class='ocrx_word' id='word_1_168' title='bbox 3243 890 3258 904; x_wconf 90' lang='grc'><strong>·</strong></span> <span class='ocrx_word' id='word_1_169' title='bbox 3278 875 3371 928; x_wconf 74' lang='grc' dir='ltr'>καὶ</span> <span class='ocrx_word' id='word_1_170' title='bbox 3393 875 3681 942; x_wconf 76' lang='grc' dir='ltr'>ἀναγγελεί</span> 
     </span>
    </p>
   </div>
   <div class='ocr_carea' id='block_1_24' title="bbox 2110 963 3672 1036">
    <p class='ocr_par' dir='ltr' id='par_1_24' title="bbox 2110 963 3672 1036">
     <span class='ocr_line' id='line_1_24' title="bbox 2110 963 3672 1036; baseline 0.003 -23"><span class='ocrx_word' id='word_1_171' title='bbox 2110 964 2240 1032; x_wconf 78' lang='grc' dir='ltr'>ἡμῖν</span> <span class='ocrx_word' id='word_1_172' title='bbox 2277 964 2375 1033; x_wconf 79' lang='grc' dir='ltr'>τὴν</span> <span class='ocrx_word' id='word_1_173' title='bbox 2421 963 2538 1015; x_wconf 84' lang='grc' dir='ltr'>ὁδὸν</span> <span class='ocrx_word' id='word_1_174' title='bbox 2571 963 2758 1029; x_wconf 85' lang='grc' dir='ltr'>αὐτοῦ,</span> <span class='ocrx_word' id='word_1_175' title='bbox 2804 965 2897 1017; x_wconf 79' lang='grc' dir='ltr'>καὶ</span> <span class='ocrx_word' id='word_1_176' title='bbox 2943 966 3319 1036; x_wconf 81' lang='grc' dir='ltr'><strong>πορευσόμεθα</strong></span> <span class='ocrx_word' id='word_1_177' title='bbox 3365 967 3425 1019; x_wconf 95' lang='grc' dir='ltr'><strong>ἐν</strong></span> <span class='ocrx_word' id='word_1_178' title='bbox 3463 967 3622 1036; x_wconf 81' lang='grc' dir='ltr'>αὐτῇ.</span> <span class='ocrx_word' id='word_1_179' title='bbox 3653 986 3672 1017; x_wconf 74' lang='grc' dir='ltr'><strong>ι</strong></span> 
     </span>
    </p>
   </div>
   <div class='ocr_carea' id='block_1_25' title="bbox 2109 1053 3692 1129">
    <p class='ocr_par' dir='ltr' id='par_1_25' title="bbox 2109 1053 3692 1129">
     <span class='ocr_line' id='line_1_25' title="bbox 2109 1053 3692 1129; baseline 0.005 -25"><span class='ocrx_word' id='word_1_180' title='bbox 2109 1053 2327 1106; x_wconf 89' lang='grc' dir='ltr'>Τούτων</span> <span class='ocrx_word' id='word_1_181' title='bbox 2367 1053 2410 1106; x_wconf 84' lang='grc' dir='ltr'>δ’</span> <span class='ocrx_word' id='word_1_182' title='bbox 2435 1054 2938 1116; x_wconf 80' lang='grc' dir='ltr'><strong>ἀποτελεσθέντων,</strong></span> <span class='ocrx_word' id='word_1_183' title='bbox 2976 1058 3068 1110; x_wconf 80' lang='grc' dir='ltr'>καὶ</span> <span class='ocrx_word' id='word_1_184' title='bbox 3115 1056 3248 1110; x_wconf 90' lang='grc' dir='ltr'>Θεοῦ</span> <span class='ocrx_word' id='word_1_185' title='bbox 3289 1058 3473 1129; x_wconf 85' lang='grc' dir='ltr'>χάριτι</span> <span class='ocrx_word' id='word_1_186' title='bbox 3515 1060 3692 1112; x_wconf 78' lang='grc' dir='ltr'>πᾶσιν</span> 
     </span>
    </p>
   </div>
   <div class='ocr_carea' id='block_1_26' title="bbox 2106 1145 3676 1220">
    <p class='ocr_par' dir='ltr' id='par_1_26' title="bbox 2106 1145 3676 1220">
     <span class='ocr_line' id='line_1_26' title="bbox 2106 1145 3676 1220; baseline 0.003 -23"><span class='ocrx_word' id='word_1_187' title='bbox 2106 1148 2238 1215; x_wconf 81' lang='grc' dir='ltr'>ἡμῖν</span> <span class='ocrx_word' id='word_1_188' title='bbox 2283 1145 2538 1215; x_wconf 77' lang='grc' dir='ltr'><strong>ἐμφανῶν</strong></span> <span class='ocrx_word' id='word_1_189' title='bbox 2577 1147 2904 1217; x_wconf 81' lang='grc' dir='ltr'>γενομένων,</span> <span class='ocrx_word' id='word_1_190' title='bbox 2926 1148 3019 1200; x_wconf 75' lang='grc' dir='ltr'><strong>καὶ</strong></span> <span class='ocrx_word' id='word_1_191' title='bbox 3072 1147 3202 1220; x_wconf 80' lang='grc' dir='ltr'>ἄλλη</span> <span class='ocrx_word' id='word_1_192' title='bbox 3245 1165 3328 1211; x_wconf 89' lang='grc' dir='ltr'><strong>τις</strong></span> <span class='ocrx_word' id='word_1_193' title='bbox 3375 1149 3676 1220; x_wconf 78' lang='grc' dir='ltr'>προφητεία</span> 
     </span>
    </p>
   </div>
   <div class='ocr_carea' id='block_1_27' title="bbox 2109 1233 3674 1310">
    <p class='ocr_par' dir='ltr' id='par_1_27' title="bbox 2109 1233 3674 1310">
     <span class='ocr_line' id='line_1_27' title="bbox 2109 1233 3674 1310; baseline 0.002 -19"><span class='ocrx_word' id='word_1_194' title='bbox 2109 1238 2279 1308; x_wconf 80' lang='grc' dir='ltr'>πέρας</span> <span class='ocrx_word' id='word_1_195' title='bbox 2312 1237 2521 1308; x_wconf 80' lang='grc' dir='ltr'>εἴληφε,</span> <span class='ocrx_word' id='word_1_196' title='bbox 2549 1238 2615 1291; x_wconf 80' lang='grc' dir='ltr'>δι’</span> <span class='ocrx_word' id='word_1_197' title='bbox 2660 1233 2728 1308; x_wconf 76' lang='grc' dir='ltr'><strong>ἧς</strong></span> <span class='ocrx_word' id='word_1_198' title='bbox 2757 1238 2916 1302; x_wconf 79' lang='grc' dir='ltr'>αὐτὸς</span> <span class='ocrx_word' id='word_1_199' title='bbox 2941 1240 2970 1293; x_wconf 87' lang='grc' dir='ltr'><strong>ό</strong></span> <span class='ocrx_word' id='word_1_200' title='bbox 3009 1241 3272 1310; x_wconf 82' lang='grc' dir='ltr'><strong>σωτήριος</strong></span> <span class='ocrx_word' id='word_1_201' title='bbox 3296 1240 3467 1308; x_wconf 84' lang='grc' dir='ltr'><strong>Λόγος</strong></span> <span class='ocrx_word' id='word_1_202' title='bbox 3507 1240 3674 1310; x_wconf 80' lang='grc' dir='ltr'>σαφέ-</span> 
     </span>
    </p>
   </div>
   <div class='ocr_carea' id='block_1_28' title="bbox 2107 1329 3677 1403">
    <p class='ocr_par' dir='ltr' id='par_1_28' title="bbox 2107 1329 3677 1403">
     <span class='ocr_line' id='line_1_28' title="bbox 2107 1329 3677 1403; baseline 0.003 -23"><span class='ocrx_word' id='word_1_203' title='bbox 2107 1345 2293 1398; x_wconf 87' lang='grc' dir='ltr'>στερον</span> <span class='ocrx_word' id='word_1_204' title='bbox 2335 1329 2700 1401; x_wconf 80' lang='grc' dir='ltr'>ἐπιμαρτυρεῖ</span> <span class='ocrx_word' id='word_1_205' title='bbox 2744 1331 2808 1400; x_wconf 80' lang='grc' dir='ltr'><strong>τῇ</strong></span> <span class='ocrx_word' id='word_1_206' title='bbox 2865 1330 3002 1400; x_wconf 83' lang='grc' dir='ltr'><strong>μετά</strong></span> <span class='ocrx_word' id='word_1_207' title='bbox 3046 1334 3234 1401; x_wconf 86' lang='grc' dir='ltr'>χεῖρας</span> <span class='ocrx_word' id='word_1_208' title='bbox 3278 1334 3548 1402; x_wconf 80' lang='grc' dir='ltr'>περικοπῇ</span> <span class='ocrx_word' id='word_1_209' title='bbox 3579 1332 3677 1403; x_wconf 86' lang='grc' dir='ltr'>τῆς</span> 
     </span>
    </p>
   </div>
   <div class='ocr_carea' id='block_1_29' title="bbox 2101 1420 3675 1494">
    <p class='ocr_par' dir='ltr' id='par_1_29' title="bbox 2101 1420 3675 1494">
     <span class='ocr_line' id='line_1_29' title="bbox 2101 1420 3675 1494; baseline 0.001 -21"><span class='ocrx_word' id='word_1_210' title='bbox 2101 1420 2194 1474; x_wconf 91' lang='grc' dir='ltr'><strong>τοῦ</strong></span> <span class='ocrx_word' id='word_1_211' title='bbox 2225 1422 2444 1475; x_wconf 84' lang='grc' dir='ltr'>Ἡσαῖου</span> <span class='ocrx_word' id='word_1_212' title='bbox 2476 1422 2826 1494; x_wconf 82' lang='grc' dir='ltr'>προφητείας,</span> <span class='ocrx_word' id='word_1_213' title='bbox 2843 1422 3016 1490; x_wconf 86' lang='grc' dir='ltr'>λέγων</span> <span class='ocrx_word' id='word_1_214' title='bbox 3034 1439 3047 1452; x_wconf 77' lang='grc' dir='ltr'><strong><em>ο</em></strong></span> <span class='ocrx_word' id='word_1_215' title='bbox 3074 1441 3091 1472; x_wconf 82' lang='grc' dir='ltr'><strong>ι</strong></span> <span class='ocrx_word' id='word_1_216' title='bbox 3115 1423 3389 1494; x_wconf 83' lang='grc' dir='ltr'>Ἑμφανὴς</span> <span class='ocrx_word' id='word_1_217' title='bbox 3412 1423 3675 1494; x_wconf 82' lang='grc' dir='ltr'>ἐγενήθην</span> 
     </span>
    </p>
   </div>
   <div class='ocr_carea' id='block_1_30' title="bbox 2101 1498 3674 1588">
    <p class='ocr_par' dir='ltr' id='par_1_30' title="bbox 2101 1498 3674 1588">
     <span class='ocr_line' id='line_1_30' title="bbox 2101 1498 3674 1588; baseline 0.002 -22"><span class='ocrx_word' id='word_1_218' title='bbox 2101 1517 2213 1577; x_wconf 84' lang='grc' dir='ltr'>τοῖς</span> <span class='ocrx_word' id='word_1_219' title='bbox 2234 1514 2333 1585; x_wconf 86' lang='grc' dir='ltr'>ἐμὲ</span> <span class='ocrx_word' id='word_1_220' title='bbox 2366 1513 2439 1585; x_wconf 82' lang='grc' dir='ltr'>μὴ</span> <span class='ocrx_word' id='word_1_221' title='bbox 2482 1515 2860 1586; x_wconf 74' lang='grc' dir='ltr'>ἐπερωτῶσινο</span> <span class='ocrx_word' id='word_1_222' title='bbox 2909 1515 3138 1588; x_wconf 85' lang='grc' dir='ltr'>εὑρέθην</span> <span class='ocrx_word' id='word_1_223' title='bbox 3178 1519 3290 1579; x_wconf 84' lang='grc' dir='ltr'>τοῖς</span> <span class='ocrx_word' id='word_1_224' title='bbox 3327 1498 3427 1586; x_wconf 63' lang='grc' dir='ltr'><strong>ἐμέ</strong></span> <span class='ocrx_word' id='word_1_225' title='bbox 3469 1517 3543 1587; x_wconf 79' lang='grc' dir='ltr'>μὴ</span> <span class='ocrx_word' id='word_1_226' title='bbox 3578 1514 3674 1587; x_wconf 74' lang='grc' dir='ltr'>ζη-</span> 
     </span>
    </p>
   </div>
   <div class='ocr_carea' id='block_1_31' title="bbox 2100 1600 3672 1676">
    <p class='ocr_par' dir='ltr' id='par_1_31' title="bbox 2100 1600 3672 1676">
     <span class='ocr_line' id='line_1_31' title="bbox 2100 1600 3672 1676; baseline 0.004 -20"><span class='ocrx_word' id='word_1_227' title='bbox 2100 1605 2319 1658; x_wconf 86' lang='grc' dir='ltr'>τοῦσιν·</span> <span class='ocrx_word' id='word_1_228' title='bbox 2367 1600 2517 1669; x_wconf 79' lang='grc' dir='ltr'>εἶπα,</span> <span class='ocrx_word' id='word_1_229' title='bbox 2555 1606 2684 1659; x_wconf 81' lang='grc' dir='ltr'>Ἰδοὺ</span> <span class='ocrx_word' id='word_1_230' title='bbox 2727 1605 2836 1674; x_wconf 87' lang='grc' dir='ltr'>ἐγώ</span> <span class='ocrx_word' id='word_1_231' title='bbox 2878 1608 2992 1676; x_wconf 91' lang='grc' dir='ltr'>εἰμι</span> <span class='ocrx_word' id='word_1_232' title='bbox 3035 1605 3210 1672; x_wconf 81' lang='grc' dir='ltr'>ἔθνει,</span> <span class='ocrx_word' id='word_1_233' title='bbox 3248 1608 3296 1659; x_wconf 81' lang='grc' dir='ltr'>οἳ</span> <span class='ocrx_word' id='word_1_234' title='bbox 3339 1608 3438 1660; x_wconf 82' lang='grc' dir='ltr'>οὐκ</span> <span class='ocrx_word' id='word_1_235' title='bbox 3471 1607 3672 1662; x_wconf 83' lang='grc' dir='ltr'>ἐπεκά-</span> 
     </span>
    </p>
   </div>
   <div class='ocr_carea' id='block_1_32' title="bbox 2099 1696 3672 1768">
    <p class='ocr_par' dir='ltr' id='par_1_32' title="bbox 2099 1696 3672 1768">
     <span class='ocr_line' id='line_1_32' title="bbox 2099 1696 3672 1768; baseline 0.003 -20"><span class='ocrx_word' id='word_1_236' title='bbox 2099 1696 2260 1750; x_wconf 88' lang='grc' dir='ltr'>λεσαν</span> <span class='ocrx_word' id='word_1_237' title='bbox 2281 1698 2341 1750; x_wconf 86' lang='grc' dir='ltr'>τὸ</span> <span class='ocrx_word' id='word_1_238' title='bbox 2364 1696 2535 1767; x_wconf 74' lang='grc' dir='ltr'>δνομά</span> <span class='ocrx_word' id='word_1_239' title='bbox 2568 1714 2688 1767; x_wconf 91' lang='grc' dir='ltr'>μου.</span> <span class='ocrx_word' id='word_1_240' title='bbox 2717 1717 2736 1748; x_wconf 73' lang='grc' dir='ltr'><strong>ι</strong></span> <span class='ocrx_word' id='word_1_241' title='bbox 2765 1699 2826 1750; x_wconf 89' lang='grc' dir='ltr'>Εἰ</span> <span class='ocrx_word' id='word_1_242' title='bbox 2846 1697 2902 1756; x_wconf 85' lang='grc' dir='ltr'>δὲ</span> <span class='ocrx_word' id='word_1_243' title='bbox 2928 1696 3001 1768; x_wconf 80' lang='grc' dir='ltr'>μὴ</span> <span class='ocrx_word' id='word_1_244' title='bbox 3030 1697 3202 1760; x_wconf 78' lang='grc' dir='ltr'>οὕτως</span> <span class='ocrx_word' id='word_1_245' title='bbox 3241 1699 3458 1754; x_wconf 78' lang='grc' dir='ltr'>ἐκλάὃοι</span> <span class='ocrx_word' id='word_1_246' title='bbox 3489 1717 3573 1762; x_wconf 89' lang='grc' dir='ltr'><strong>τις</strong></span> <span class='ocrx_word' id='word_1_247' title='bbox 3604 1699 3672 1753; x_wconf 80' lang='grc' dir='ltr'>τὰ</span> 
     </span>
    </p>
   </div>
   <div class='ocr_carea' id='block_1_33' title="bbox 2100 1786 3671 1859">
    <p class='ocr_par' dir='ltr' id='par_1_33' title="bbox 2100 1786 3671 1859">
     <span class='ocr_line' id='line_1_33' title="bbox 2100 1786 3671 1859; baseline 0.001 -18"><span class='ocrx_word' id='word_1_248' title='bbox 2100 1788 2240 1842; x_wconf 87' lang='grc' dir='ltr'><strong>κατά</strong></span> <span class='ocrx_word' id='word_1_249' title='bbox 2263 1788 2390 1851; x_wconf 85' lang='grc' dir='ltr'>τοὺς</span> <span class='ocrx_word' id='word_1_250' title='bbox 2413 1788 2630 1852; x_wconf 87' lang='grc' dir='ltr'>τόπους,</span> <span class='ocrx_word' id='word_1_251' title='bbox 2662 1790 2812 1840; x_wconf 86' lang='grc' dir='ltr'>ποῖον</span> <span class='ocrx_word' id='word_1_252' title='bbox 2847 1788 2912 1841; x_wconf 89' lang='grc' dir='ltr'>ἂν</span> <span class='ocrx_word' id='word_1_253' title='bbox 2937 1787 3060 1858; x_wconf 76' lang='grc' dir='ltr'>ὅρος</span> <span class='ocrx_word' id='word_1_254' title='bbox 3100 1788 3132 1859; x_wconf 81' lang='grc' dir='ltr'><strong>ἢ</strong></span> <span class='ocrx_word' id='word_1_255' title='bbox 3175 1792 3324 1842; x_wconf 85' lang='grc' dir='ltr'>ποῖον</span> <span class='ocrx_word' id='word_1_256' title='bbox 3361 1789 3494 1842; x_wconf 83' lang='grc' dir='ltr'>Θεοῦ</span> <span class='ocrx_word' id='word_1_257' title='bbox 3523 1786 3671 1844; x_wconf 75' lang='grc' dir='ltr'>οἷκον</span> 
     </span>
    </p>
   </div>
   <div class='ocr_carea' id='block_1_34' title="bbox 427 1873 1984 1953">
    <p class='ocr_par' dir='ltr' id='par_1_34' title="bbox 427 1873 1984 1952">
     <span class='ocr_line' id='line_1_34' title="bbox 427 1873 1984 1952; baseline 0.006 -25"><span class='ocrx_word' id='word_1_258' title='bbox 427 1873 724 1940; x_wconf 82' lang='lat' dir='ltr'><strong>perfectum</strong></span> <span class='ocrx_word' id='word_1_259' title='bbox 763 1877 999 1933; x_wconf 87' lang='lat' dir='ltr'><strong>oraculis</strong></span> <span class='ocrx_word' id='word_1_260' title='bbox 1025 1879 1230 1932; x_wconf 75' lang='lat' dir='ltr'><strong>exitum</strong></span> <span class='ocrx_word' id='word_1_261' title='bbox 1267 1879 1557 1936; x_wconf 87' lang='lat' dir='ltr'><strong>habituris.</strong></span> <span class='ocrx_word' id='word_1_262' title='bbox 1595 1881 1749 1938; x_wconf 90' lang='lat' dir='ltr'><strong>Scire</strong></span> <span class='ocrx_word' id='word_1_263' title='bbox 1780 1899 1984 1952; x_wconf 71' lang='lat' dir='ltr'><strong>quoque</strong></span> 
     </span>
    </p>
   </div>
   <div class='ocr_carea' id='block_1_35' title="bbox 2086 1873 3670 1953">
    <p class='ocr_par' dir='ltr' id='par_1_35' title="bbox 2097 1873 3670 1953">
     <span class='ocr_line' id='line_1_35' title="bbox 2097 1873 3670 1953; baseline 0.002 -21"><span class='ocrx_word' id='word_1_264' title='bbox 2097 1880 2269 1943; x_wconf 77' lang='grc' dir='ltr'>ἄλλως</span> <span class='ocrx_word' id='word_1_265' title='bbox 2300 1878 2413 1949; x_wconf 78' lang='grc' dir='ltr'>ἔχοι</span> <span class='ocrx_word' id='word_1_266' title='bbox 2455 1879 2521 1932; x_wconf 79' lang='grc' dir='ltr'>ἂν</span> <span class='ocrx_word' id='word_1_267' title='bbox 2551 1877 2833 1944; x_wconf 82' lang='grc' dir='ltr'>ἐπιδεῖξαι,</span> <span class='ocrx_word' id='word_1_268' title='bbox 2877 1881 3005 1953; x_wconf 78' lang='grc' dir='ltr'>περὶ</span> <span class='ocrx_word' id='word_1_269' title='bbox 3041 1873 3115 1932; x_wconf 81' lang='grc' dir='ltr'><strong>ὧν</strong></span> <span class='ocrx_word' id='word_1_270' title='bbox 3160 1881 3193 1950; x_wconf 83' lang='grc' dir='ltr'>ὴ</span> <span class='ocrx_word' id='word_1_271' title='bbox 3225 1880 3528 1951; x_wconf 78' lang='grc' dir='ltr'>προφητεία</span> <span class='ocrx_word' id='word_1_272' title='bbox 3548 1922 3562 1946; x_wconf 94' lang='grc'><strong>,</strong></span> <span class='ocrx_word' id='word_1_273' title='bbox 3594 1882 3670 1946; x_wconf 83' lang='grc' dir='ltr'><strong>ὡς</strong></span> 
     </span>
    </p>
   </div>
   <div class='ocr_carea' id='block_1_36' title="bbox 426 1969 1984 2042">
    <p class='ocr_par' dir='ltr' id='par_1_36' title="bbox 426 1969 1984 2037">
     <span class='ocr_line' id='line_1_36' title="bbox 426 1969 1984 2037; baseline 0.008 -20"><span class='ocrx_word' id='word_1_274' title='bbox 426 1981 604 2034; x_wconf 73' lang='lat' dir='ltr'><strong>operae</strong></span> <span class='ocrx_word' id='word_1_275' title='bbox 638 1969 868 2037; x_wconf 90' lang='lat' dir='ltr'><strong>pretium</strong></span> <span class='ocrx_word' id='word_1_276' title='bbox 895 1976 978 2023; x_wconf 90' lang='lat' dir='ltr'><strong>est</strong></span> <span class='ocrx_word' id='word_1_277' title='bbox 1025 1969 1140 2024; x_wconf 73' lang='lat' dir='ltr'><strong>haec</strong></span> <span class='ocrx_word' id='word_1_278' title='bbox 1169 1970 1278 2026; x_wconf 76' lang='lat' dir='ltr'><strong>fere</strong></span> <span class='ocrx_word' id='word_1_279' title='bbox 1309 1972 1374 2026; x_wconf 88' lang='lat' dir='ltr'><strong>ad</strong></span> <span class='ocrx_word' id='word_1_280' title='bbox 1407 1973 1643 2028; x_wconf 89' lang='lat' dir='ltr'><strong>litteram</strong></span> <span class='ocrx_word' id='word_1_281' title='bbox 1677 1975 1731 2028; x_wconf 92' lang='lat' dir='ltr'><strong>in</strong></span> <span class='ocrx_word' id='word_1_282' title='bbox 1761 1974 1984 2029; x_wconf 65' lang='lat' dir='ltr'><strong>Michwa</strong></span> 
     </span>
    </p>
   </div>
   <div class='ocr_carea' id='block_1_37' title="bbox 2086 1969 3671 2042">
    <p class='ocr_par' dir='ltr' id='par_1_37' title="bbox 2105 1969 3671 2042">
     <span class='ocr_line' id='line_1_37' title="bbox 2105 1969 3671 2042; baseline 0.001 -20"><span class='ocrx_word' id='word_1_283' title='bbox 2105 1970 2178 2040; x_wconf 85' lang='grc' dir='ltr'>μὴ</span> <span class='ocrx_word' id='word_1_284' title='bbox 2230 1969 2352 2022; x_wconf 88' lang='grc' dir='ltr'>τότε</span> <span class='ocrx_word' id='word_1_285' title='bbox 2390 1969 2560 2022; x_wconf 74' lang='grc' dir='ltr'>ὄντων</span> <span class='ocrx_word' id='word_1_286' title='bbox 2595 1969 2920 2039; x_wconf 85' lang='grc' dir='ltr'>σωματικῶς</span> <span class='ocrx_word' id='word_1_287' title='bbox 2966 1969 3261 2039; x_wconf 80' lang='grc' dir='ltr'>ἐμφανῶν,</span> <span class='ocrx_word' id='word_1_288' title='bbox 3305 1970 3375 2022; x_wconf 88' lang='grc' dir='ltr'>τὰ</span> <span class='ocrx_word' id='word_1_289' title='bbox 3411 1987 3671 2042; x_wconf 67' lang='grc' dir='ltr'>προεκτι-</span> 
     </span>
    </p>
   </div>
   <div class='ocr_carea' id='block_1_38' title="bbox 426 2049 1984 2134">
    <p class='ocr_par' dir='ltr' id='par_1_38' title="bbox 426 2049 983 2128">
     <span class='ocr_line' id='line_1_38' title="bbox 426 2049 983 2128; baseline 0.004 -16"><span class='ocrx_word' id='word_1_290' title='bbox 426 2059 706 2128; x_wconf 89' lang='lat' dir='ltr'><strong>prophetia</strong></span> <span class='ocrx_word' id='word_1_291' title='bbox 733 2049 983 2116; x_wconf 71' lang='lat' dir='ltr'><strong>invehiri.</strong></span> 
     </span>
    </p>
   </div>
   <div class='ocr_carea' id='block_1_39' title="bbox 2086 2049 3668 2134">
    <p class='ocr_par' dir='ltr' id='par_1_39' title="bbox 2100 2061 3668 2134">
     <span class='ocr_line' id='line_1_39' title="bbox 2100 2061 3668 2134; baseline 0 -20"><span class='ocrx_word' id='word_1_292' title='bbox 2100 2062 2260 2116; x_wconf 81' lang='grc' dir='ltr'>θέντα</span> <span class='ocrx_word' id='word_1_293' title='bbox 2293 2078 2358 2132; x_wconf 93' lang='grc' dir='ltr'><strong>ση</strong></span> <span class='ocrx_word' id='word_1_294' title='bbox 2368 2062 2565 2132; x_wconf 86' lang='grc' dir='ltr'>μαίνει.</span> <span class='ocrx_word' id='word_1_295' title='bbox 2601 2061 2831 2115; x_wconf 89' lang='grc' dir='ltr'>Δύναται</span> <span class='ocrx_word' id='word_1_296' title='bbox 2863 2061 2920 2114; x_wconf 92' lang='grc' dir='ltr'><strong>δέ</strong></span> <span class='ocrx_word' id='word_1_297' title='bbox 2947 2061 3117 2115; x_wconf 83' lang='grc' dir='ltr'>ταῦτα</span> <span class='ocrx_word' id='word_1_298' title='bbox 3145 2062 3236 2114; x_wconf 76' lang='grc' dir='ltr'>καὶ</span> <span class='ocrx_word' id='word_1_299' title='bbox 3265 2061 3438 2125; x_wconf 75' lang='grc' dir='ltr'>ἄλλως</span> <span class='ocrx_word' id='word_1_300' title='bbox 3467 2064 3546 2127; x_wconf 87' lang='grc' dir='ltr'><strong>εἰς</strong></span> <span class='ocrx_word' id='word_1_301' title='bbox 3569 2062 3668 2134; x_wconf 80' lang='grc' dir='ltr'>τὴν</span> 
     </span>
    </p>
   </div>
   <div class='ocr_carea' id='block_1_40' title="bbox 422 2151 3666 2231">
    <p class='ocr_par' dir='ltr' id='par_1_40' title="bbox 422 2151 3666 2231">
     <span class='ocr_line' id='line_1_40' title="bbox 422 2151 3666 2231; baseline 0 -25"><span class='ocrx_word' id='word_1_302' title='bbox 422 2154 678 2225; x_wconf 79' lang='grc' dir='ltr'>δευτέραν</span> <span class='ocrx_word' id='word_1_303' title='bbox 708 2155 804 2207; x_wconf 90' lang='grc' dir='ltr'><strong>τοῦ</strong></span> <span class='ocrx_word' id='word_1_304' title='bbox 825 2155 1058 2227; x_wconf 77' lang='grc' dir='ltr'>Χριστοῦ</span> <span class='ocrx_word' id='word_1_305' title='bbox 1090 2157 1390 2228; x_wconf 70' lang='grc' dir='ltr'>παρουσίαν</span> <span class='ocrx_word' id='word_1_306' title='bbox 1420 2159 1483 2230; x_wconf 87' lang='lat' dir='ltr'><strong>(l&#39;.</strong></span> <span class='ocrx_word' id='word_1_307' title='bbox 1503 2159 1572 2212; x_wconf 68' lang='grc'><strong>45</strong></span> <span class='ocrx_word' id='word_1_308' title='bbox 1596 2159 1672 2226; x_wconf 78' lang='grc' dir='ltr'><strong>νο)</strong></span> <span class='ocrx_word' id='word_1_309' title='bbox 1706 2157 2086 2231; x_wconf 73' lang='grc' dir='ltr'>ἁρμόττεσθαι,</span> <span class='ocrx_word' id='word_1_310' title='bbox 2120 2156 2194 2218; x_wconf 87' lang='grc' dir='ltr'><strong>ὡς</strong></span> <span class='ocrx_word' id='word_1_311' title='bbox 2221 2154 2342 2207; x_wconf 86' lang='grc' dir='ltr'>τότε</span> <span class='ocrx_word' id='word_1_312' title='bbox 2379 2153 2576 2224; x_wconf 83' lang='grc' dir='ltr'>μᾶλλον</span> <span class='ocrx_word' id='word_1_313' title='bbox 2603 2151 2634 2223; x_wconf 83' lang='grc' dir='ltr'>ἢ</span> <span class='ocrx_word' id='word_1_314' title='bbox 2669 2152 2760 2206; x_wconf 89' lang='grc' dir='ltr'><strong>νῦν</strong></span> <span class='ocrx_word' id='word_1_315' title='bbox 2789 2153 3295 2224; x_wconf 87' lang='grc' dir='ltr'>πληρωθησομένων</span> <span class='ocrx_word' id='word_1_316' title='bbox 3321 2153 3536 2218; x_wconf 83' lang='grc' dir='ltr'>τελείως</span> <span class='ocrx_word' id='word_1_317' title='bbox 3557 2154 3666 2208; x_wconf 88' lang='grc' dir='ltr'><strong>τῶν</strong></span> 
     </span>
    </p>
   </div>
   <div class='ocr_carea' id='block_1_41' title="bbox 423 2247 3571 2321">
    <p class='ocr_par' dir='ltr' id='par_1_41' title="bbox 423 2247 3571 2321">
     <span class='ocr_line' id='line_1_41' title="bbox 423 2247 3571 2321; baseline 0 -21"><span class='ocrx_word' id='word_1_318' title='bbox 423 2258 968 2321; x_wconf 75' lang='grc' dir='ltr'>προπεφητευμένων.</span> <span class='ocrx_word' id='word_1_319' title='bbox 1003 2251 1192 2304; x_wconf 85' lang='grc' dir='ltr'>’ἰστέον</span> <span class='ocrx_word' id='word_1_320' title='bbox 1219 2253 1296 2318; x_wconf 91' lang='grc' dir='ltr'><strong>δέ,</strong></span> <span class='ocrx_word' id='word_1_321' title='bbox 1321 2253 1395 2317; x_wconf 86' lang='grc' dir='ltr'><strong>ὡς</strong></span> <span class='ocrx_word' id='word_1_322' title='bbox 1424 2255 1489 2308; x_wconf 77' lang='grc' dir='ltr'><strong>τὰ</strong></span> <span class='ocrx_word' id='word_1_323' title='bbox 1521 2255 1657 2310; x_wconf 84' lang='grc' dir='ltr'><strong>αύτά</strong></span> <span class='ocrx_word' id='word_1_324' title='bbox 1689 2255 1830 2308; x_wconf 81' lang='grc' dir='ltr'>κατὰ</span> <span class='ocrx_word' id='word_1_325' title='bbox 1855 2253 1997 2319; x_wconf 78' lang='grc' dir='ltr'>λέξιν</span> <span class='ocrx_word' id='word_1_326' title='bbox 2030 2251 2212 2321; x_wconf 83' lang='grc' dir='ltr'>σχεδὸν</span> <span class='ocrx_word' id='word_1_327' title='bbox 2242 2249 2538 2320; x_wconf 72' lang='grc' dir='ltr'>ἐμφέρεται</span> <span class='ocrx_word' id='word_1_328' title='bbox 2576 2250 2670 2302; x_wconf 73' lang='grc' dir='ltr'>καὶ</span> <span class='ocrx_word' id='word_1_329' title='bbox 2693 2249 2750 2301; x_wconf 88' lang='grc' dir='ltr'><strong>ἐν</strong></span> <span class='ocrx_word' id='word_1_330' title='bbox 2783 2251 2849 2318; x_wconf 85' lang='grc' dir='ltr'>τῇ</span> <span class='ocrx_word' id='word_1_331' title='bbox 2876 2247 2970 2300; x_wconf 89' lang='grc' dir='ltr'><strong>τοῦ</strong></span> <span class='ocrx_word' id='word_1_332' title='bbox 2993 2247 3222 2317; x_wconf 81' lang='grc' dir='ltr'>Μιχαίου</span> <span class='ocrx_word' id='word_1_333' title='bbox 3254 2249 3571 2318; x_wconf 78' lang='grc' dir='ltr'>προφητείᾳ.</span> 
     </span>
    </p>
   </div>
   <div class='ocr_carea' id='block_1_42' title="bbox 1035 2364 1374 2420">
    <p class='ocr_par' dir='ltr' id='par_1_42' title="bbox 1035 2364 1374 2420">
     <span class='ocr_line' id='line_1_42' title="bbox 1035 2364 1374 2420; baseline 0.006 -2"><span class='ocrx_word' id='word_1_334' title='bbox 1035 2364 1265 2420; x_wconf 82' lang='lat' dir='ltr'><strong>CAPUT</strong></span> <span class='ocrx_word' id='word_1_335' title='bbox 1307 2367 1374 2420; x_wconf 91' lang='lat' dir='ltr'><strong>ll.</strong></span> 
     </span>
    </p>
   </div>
   <div class='ocr_carea' id='block_1_43' title="bbox 1045 2456 1354 2514">
    <p class='ocr_par' dir='ltr' id='par_1_43' title="bbox 1045 2456 1354 2514">
     <span class='ocr_line' id='line_1_43' title="bbox 1045 2456 1354 2514; baseline 0.013 -4"><span class='ocrx_word' id='word_1_336' title='bbox 1045 2456 1128 2510; x_wconf 76' lang='lat' dir='ltr'><strong>Ex</strong></span> <span class='ocrx_word' id='word_1_337' title='bbox 1158 2458 1354 2514; x_wconf 83' lang='lat' dir='ltr'><strong>eodem.</strong></span> 
     </span>
    </p>
   </div>
   <div class='ocr_carea' id='block_1_44' title="bbox 500 2545 1988 2608">
    <p class='ocr_par' dir='ltr' id='par_1_44' title="bbox 500 2545 1988 2608">
     <span class='ocr_line' id='line_1_44' title="bbox 500 2545 1988 2608; baseline 0.007 -10"><span class='ocrx_word' id='word_1_338' title='bbox 500 2565 518 2598; x_wconf 69' lang='grc' dir='ltr'><strong>ε</strong></span> <span class='ocrx_word' id='word_1_339' title='bbox 547 2545 686 2601; x_wconf 86' lang='lat' dir='ltr'><strong>Ecce</strong></span> <span class='ocrx_word' id='word_1_340' title='bbox 709 2547 852 2601; x_wconf 86' lang='lat' dir='ltr'><strong>enim</strong></span> <span class='ocrx_word' id='word_1_341' title='bbox 884 2548 1193 2603; x_wconf 89' lang='lat' dir='ltr'><strong>dominator</strong></span> <span class='ocrx_word' id='word_1_342' title='bbox 1233 2549 1493 2607; x_wconf 78' lang='lat' dir='ltr'><strong>Dominus</strong></span> <span class='ocrx_word' id='word_1_343' title='bbox 1516 2553 1850 2608; x_wconf 79' lang='lat' dir='ltr'><strong>exercituum</strong></span> <span class='ocrx_word' id='word_1_344' title='bbox 1889 2569 1988 2607; x_wconf 90' lang='lat' dir='ltr'><strong>au-</strong></span> 
     </span>
    </p>
   </div>
   <div class='ocr_carea' id='block_1_45' title="bbox 421 2638 1985 2709">
    <p class='ocr_par' dir='ltr' id='par_1_45' title="bbox 421 2638 1985 2709">
     <span class='ocr_line' id='line_1_45' title="bbox 421 2638 1985 2709; baseline 0.005 -17"><span class='ocrx_word' id='word_1_345' title='bbox 421 2639 556 2694; x_wconf 83' lang='lat' dir='ltr'><strong>feret</strong></span> <span class='ocrx_word' id='word_1_346' title='bbox 612 2656 642 2693; x_wconf 81' lang='lat' dir='ltr'><strong>a</strong></span> <span class='ocrx_word' id='word_1_347' title='bbox 689 2638 993 2695; x_wconf 74' lang='lat' dir='ltr'><strong>Jerusalem</strong></span> <span class='ocrx_word' id='word_1_348' title='bbox 1037 2652 1088 2697; x_wconf 89' lang='lat' dir='ltr'><strong>et</strong></span> <span class='ocrx_word' id='word_1_349' title='bbox 1138 2657 1167 2694; x_wconf 86' lang='lat' dir='ltr'><strong>a</strong></span> <span class='ocrx_word' id='word_1_350' title='bbox 1199 2641 1337 2697; x_wconf 88' lang='lat' dir='ltr'><strong>Juda</strong></span> <span class='ocrx_word' id='word_1_351' title='bbox 1387 2644 1625 2700; x_wconf 72' lang='lat' dir='ltr'><strong>validum</strong></span> <span class='ocrx_word' id='word_1_352' title='bbox 1673 2654 1727 2701; x_wconf 89' lang='lat' dir='ltr'><strong>et</strong></span> <span class='ocrx_word' id='word_1_353' title='bbox 1769 2645 1985 2709; x_wconf 82' lang='lat' dir='ltr'><strong>fortem,</strong></span> 
     </span>
    </p>
   </div>
   <div class='ocr_carea' id='block_1_46' title="bbox 417 2733 1983 2806">
    <p class='ocr_par' dir='ltr' id='par_1_46' title="bbox 417 2733 1983 2806">
     <span class='ocr_line' id='line_1_46' title="bbox 417 2733 1983 2806; baseline 0.004 -21"><span class='ocrx_word' id='word_1_354' title='bbox 417 2748 576 2787; x_wconf 80' lang='lat' dir='ltr'><strong>oiune</strong></span> <span class='ocrx_word' id='word_1_355' title='bbox 615 2734 782 2788; x_wconf 88' lang='lat' dir='ltr'><strong>robur</strong></span> <span class='ocrx_word' id='word_1_356' title='bbox 819 2733 974 2803; x_wconf 89' lang='lat' dir='ltr'><strong>panis</strong></span> <span class='ocrx_word' id='word_1_357' title='bbox 1024 2744 1076 2788; x_wconf 88' lang='lat' dir='ltr'><strong>et</strong></span> <span class='ocrx_word' id='word_1_358' title='bbox 1123 2750 1285 2789; x_wconf 87' lang='lat' dir='ltr'><strong>omne</strong></span> <span class='ocrx_word' id='word_1_359' title='bbox 1331 2735 1497 2790; x_wconf 90' lang='lat' dir='ltr'><strong>robur</strong></span> <span class='ocrx_word' id='word_1_360' title='bbox 1537 2751 1730 2806; x_wconf 85' lang='lat' dir='ltr'><strong>aquae:</strong></span> <span class='ocrx_word' id='word_1_361' title='bbox 1768 2737 1983 2798; x_wconf 77' lang='lat' dir='ltr'><strong>fortem,</strong></span> 
     </span>
    </p>
   </div>
   <div class='ocr_carea' id='block_1_47' title="bbox 415 2825 1985 2898">
    <p class='ocr_par' dir='ltr' id='par_1_47' title="bbox 415 2825 1985 2898">
     <span class='ocr_line' id='line_1_47' title="bbox 415 2825 1985 2898; baseline 0.001 -18"><span class='ocrx_word' id='word_1_362' title='bbox 415 2835 468 2880; x_wconf 81' lang='lat' dir='ltr'><strong>ct</strong></span> <span class='ocrx_word' id='word_1_363' title='bbox 495 2827 671 2879; x_wconf 87' lang='lat' dir='ltr'><strong>virum</strong></span> <span class='ocrx_word' id='word_1_364' title='bbox 707 2826 1042 2887; x_wconf 81' lang='lat' dir='ltr'><strong>bellatorem.</strong></span> <span class='ocrx_word' id='word_1_365' title='bbox 1070 2825 1336 2896; x_wconf 90' lang='lat' dir='ltr'><strong>judicem,</strong></span> <span class='ocrx_word' id='word_1_366' title='bbox 1366 2835 1419 2882; x_wconf 90' lang='lat' dir='ltr'><strong>et</strong></span> <span class='ocrx_word' id='word_1_367' title='bbox 1447 2829 1861 2898; x_wconf 84' lang='lat' dir='ltr'><strong>prophetam,et</strong></span> <span class='ocrx_word' id='word_1_368' title='bbox 1886 2829 1985 2881; x_wconf 87' lang='lat' dir='ltr'><strong>ha-</strong></span> 
     </span>
    </p>
   </div>
   <div class='ocr_carea' id='block_1_48' title="bbox 415 2921 1982 2992">
    <p class='ocr_par' dir='ltr' id='par_1_48' title="bbox 415 2921 1982 2992">
     <span class='ocr_line' id='line_1_48' title="bbox 415 2921 1982 2992; baseline -0.001 -18"><span class='ocrx_word' id='word_1_369' title='bbox 415 2921 631 2985; x_wconf 84' lang='lat' dir='ltr'><strong>riolum,</strong></span> <span class='ocrx_word' id='word_1_370' title='bbox 665 2929 719 2976; x_wconf 89' lang='lat' dir='ltr'><strong>et</strong></span> <span class='ocrx_word' id='word_1_371' title='bbox 764 2937 986 2975; x_wconf 86' lang='lat' dir='ltr'><strong>senem:</strong></span> <span class='ocrx_word' id='word_1_372' title='bbox 1020 2922 1320 2992; x_wconf 88' lang='lat' dir='ltr'><strong>principem</strong></span> <span class='ocrx_word' id='word_1_373' title='bbox 1371 2938 1537 2990; x_wconf 86' lang='lat' dir='ltr'><strong>super</strong></span> <span class='ocrx_word' id='word_1_374' title='bbox 1567 2921 1982 2992; x_wconf 81' lang='lat' dir='ltr'><strong>quinquaginta,</strong></span> 
     </span>
    </p>
   </div>
   <div class='ocr_carea' id='block_1_49' title="bbox 411 3012 1983 3082">
    <p class='ocr_par' dir='ltr' id='par_1_49' title="bbox 411 3012 1983 3082">
     <span class='ocr_line' id='line_1_49' title="bbox 411 3012 1983 3082; baseline 0.001 -18"><span class='ocrx_word' id='word_1_375' title='bbox 411 3022 464 3065; x_wconf 75' lang='lat' dir='ltr'><strong>et</strong></span> <span class='ocrx_word' id='word_1_376' title='bbox 494 3012 860 3067; x_wconf 86' lang='lat' dir='ltr'><strong>honorabilem</strong></span> <span class='ocrx_word' id='word_1_377' title='bbox 887 3015 1058 3076; x_wconf 83' lang='lat' dir='ltr'><strong>vultu,</strong></span> <span class='ocrx_word' id='word_1_378' title='bbox 1087 3020 1141 3067; x_wconf 89' lang='lat' dir='ltr'><strong>et</strong></span> <span class='ocrx_word' id='word_1_379' title='bbox 1171 3013 1568 3079; x_wconf 88' lang='lat' dir='ltr'><strong>consiliarium,</strong></span> <span class='ocrx_word' id='word_1_380' title='bbox 1602 3022 1654 3068; x_wconf 88' lang='lat' dir='ltr'><strong>et</strong></span> <span class='ocrx_word' id='word_1_381' title='bbox 1687 3014 1983 3082; x_wconf 86' lang='lat' dir='ltr'><strong>sapientem</strong></span> 
     </span>
    </p>
   </div>
   <div class='ocr_carea' id='block_1_50' title="bbox 412 3103 1983 3177">
    <p class='ocr_par' dir='ltr' id='par_1_50' title="bbox 412 3103 1983 3177">
     <span class='ocr_line' id='line_1_50' title="bbox 412 3103 1983 3177; baseline 0.003 -22"><span class='ocrx_word' id='word_1_382' title='bbox 412 3103 480 3160; x_wconf 90' lang='lat' dir='ltr'><strong>de</strong></span> <span class='ocrx_word' id='word_1_383' title='bbox 515 3105 858 3168; x_wconf 84' lang='lat' dir='ltr'><strong>architectis,</strong></span> <span class='ocrx_word' id='word_1_384' title='bbox 903 3114 955 3159; x_wconf 79' lang='lat' dir='ltr'><strong>et</strong></span> <span class='ocrx_word' id='word_1_385' title='bbox 1012 3106 1331 3173; x_wconf 88' lang='lat' dir='ltr'><strong>prudentem</strong></span> <span class='ocrx_word' id='word_1_386' title='bbox 1382 3107 1582 3176; x_wconf 90' lang='lat' dir='ltr'><strong>eloquii</strong></span> <span class='ocrx_word' id='word_1_387' title='bbox 1630 3107 1865 3177; x_wconf 87' lang='lat' dir='ltr'><strong>mystici.</strong></span> <span class='ocrx_word' id='word_1_388' title='bbox 1918 3105 1983 3159; x_wconf 86' lang='lat' dir='ltr'><strong>Et</strong></span> 
     </span>
    </p>
   </div>
   <div class='ocr_carea' id='block_1_51' title="bbox 2615 2355 3130 2415">
    <p class='ocr_par' dir='ltr' id='par_1_51' title="bbox 2615 2355 3130 2415">
     <span class='ocr_line' id='line_1_51' title="bbox 2615 2355 3130 2415; baseline 0.002 -1"><span class='ocrx_word' id='word_1_389' title='bbox 2615 2363 2658 2414; x_wconf 84' lang='lat' dir='ltr'><strong>K</strong></span> <span class='ocrx_word' id='word_1_390' title='bbox 2669 2355 3010 2414; x_wconf 81' lang='grc' dir='ltr'><strong>ΕΦΑΛΑΙΟΝ</strong></span> <span class='ocrx_word' id='word_1_391' title='bbox 3056 2361 3130 2415; x_wconf 83' lang='lat' dir='ltr'><strong>B’.</strong></span> 
     </span>
    </p>
   </div>
   <div class='ocr_carea' id='block_1_52' title="bbox 2703 2483 3048 2537">
    <p class='ocr_par' dir='ltr' id='par_1_52' title="bbox 2703 2483 3048 2537">
     <span class='ocr_line' id='line_1_52' title="bbox 2703 2483 3048 2537; baseline 0.003 -1"><span class='ocrx_word' id='word_1_392' title='bbox 2703 2483 2809 2536; x_wconf 85' lang='grc' dir='ltr'>Τοῦ</span> <span class='ocrx_word' id='word_1_393' title='bbox 2843 2483 3048 2537; x_wconf 81' lang='grc' dir='ltr'>αὑτοῦ.</span> 
     </span>
    </p>
   </div>
   <div class='ocr_carea' id='block_1_53' title="bbox 2165 2571 3662 2645">
    <p class='ocr_par' dir='ltr' id='par_1_53' title="bbox 2165 2571 3662 2645">
     <span class='ocr_line' id='line_1_53' title="bbox 2165 2571 3662 2645; baseline -0.001 -18"><span class='ocrx_word' id='word_1_394' title='bbox 2165 2596 2182 2627; x_wconf 74' lang='grc' dir='ltr'><strong>ι</strong></span> <span class='ocrx_word' id='word_1_395' title='bbox 2221 2577 2349 2630; x_wconf 77' lang='grc' dir='ltr'>’ἰδοὺ</span> <span class='ocrx_word' id='word_1_396' title='bbox 2410 2575 2495 2645; x_wconf 84' lang='grc' dir='ltr'>δὴ,</span> <span class='ocrx_word' id='word_1_397' title='bbox 2556 2577 2583 2627; x_wconf 86' lang='grc' dir='ltr'>ὁ</span> <span class='ocrx_word' id='word_1_398' title='bbox 2635 2574 2898 2643; x_wconf 79' lang='grc' dir='ltr'>δεσπότης</span> <span class='ocrx_word' id='word_1_399' title='bbox 2957 2572 3180 2626; x_wconf 75' lang='grc' dir='ltr'>Σαϐαὼθ</span> <span class='ocrx_word' id='word_1_400' title='bbox 3215 2571 3402 2642; x_wconf 78' lang='grc' dir='ltr'>ἀφελεῖ</span> <span class='ocrx_word' id='word_1_401' title='bbox 3423 2572 3534 2626; x_wconf 73' lang='grc' dir='ltr'>ἀπὸ</span> <span class='ocrx_word' id='word_1_402' title='bbox 3560 2573 3662 2644; x_wconf 83' lang='grc' dir='ltr'><strong>τῆς</strong></span> 
     </span>
    </p>
   </div>
   <div class='ocr_carea' id='block_1_54' title="bbox 2097 2665 3658 2736">
    <p class='ocr_par' dir='ltr' id='par_1_54' title="bbox 2097 2665 3658 2736">
     <span class='ocr_line' id='line_1_54' title="bbox 2097 2665 3658 2736; baseline -0.004 -14"><span class='ocrx_word' id='word_1_403' title='bbox 2097 2670 2354 2732; x_wconf 82' lang='grc' dir='ltr'>Ἰουδαίας</span> <span class='ocrx_word' id='word_1_404' title='bbox 2404 2668 2497 2721; x_wconf 70' lang='grc' dir='ltr'>καὶ</span> <span class='ocrx_word' id='word_1_405' title='bbox 2530 2665 2637 2719; x_wconf 78' lang='grc' dir='ltr'>ἀπὸ</span> <span class='ocrx_word' id='word_1_406' title='bbox 2669 2665 3018 2736; x_wconf 82' lang='grc' dir='ltr'>Ἰερουσαλὴμ</span> <span class='ocrx_word' id='word_1_407' title='bbox 3048 2665 3297 2734; x_wconf 74' lang='grc' dir='ltr'>ἰσχύοντα</span> <span class='ocrx_word' id='word_1_408' title='bbox 3329 2666 3421 2718; x_wconf 70' lang='grc' dir='ltr'>καὶ</span> <span class='ocrx_word' id='word_1_409' title='bbox 3447 2665 3658 2735; x_wconf 84' lang='grc' dir='ltr'>ἰσχύου-</span> 
     </span>
    </p>
   </div>
   <div class='ocr_carea' id='block_1_55' title="bbox 2085 2754 3657 2828">
    <p class='ocr_par' dir='ltr' id='par_1_55' title="bbox 2085 2754 3657 2828">
     <span class='ocr_line' id='line_1_55' title="bbox 2085 2754 3657 2828; baseline -0.004 -16"><span class='ocrx_word' id='word_1_410' title='bbox 2085 2777 2204 2826; x_wconf 87' lang='grc' dir='ltr'>σαν,</span> <span class='ocrx_word' id='word_1_411' title='bbox 2258 2759 2410 2828; x_wconf 83' lang='grc' dir='ltr'>ἰσχὺν</span> <span class='ocrx_word' id='word_1_412' title='bbox 2459 2758 2621 2827; x_wconf 80' lang='grc' dir='ltr'>ἄρτου</span> <span class='ocrx_word' id='word_1_413' title='bbox 2661 2756 2754 2808; x_wconf 77' lang='grc' dir='ltr'>καὶ</span> <span class='ocrx_word' id='word_1_414' title='bbox 2811 2757 2963 2824; x_wconf 85' lang='grc' dir='ltr'>ἰσχὺν</span> <span class='ocrx_word' id='word_1_415' title='bbox 3020 2754 3234 2818; x_wconf 78' lang='grc' dir='ltr'>ὓδατος,</span> <span class='ocrx_word' id='word_1_416' title='bbox 3289 2756 3518 2823; x_wconf 81' lang='grc' dir='ltr'>γίγαντα</span> <span class='ocrx_word' id='word_1_417' title='bbox 3563 2756 3657 2808; x_wconf 73' lang='grc' dir='ltr'><strong>καὶ</strong></span> 
     </span>
    </p>
   </div>
   <div class='ocr_carea' id='block_1_56' title="bbox 2085 2845 3654 2921">
    <p class='ocr_par' dir='ltr' id='par_1_56' title="bbox 2085 2845 3654 2921">
     <span class='ocr_line' id='line_1_56' title="bbox 2085 2845 3654 2921; baseline -0.004 -18"><span class='ocrx_word' id='word_1_418' title='bbox 2085 2850 2357 2921; x_wconf 90' lang='grc' dir='ltr'>ἰσχύοντα,</span> <span class='ocrx_word' id='word_1_419' title='bbox 2396 2850 2490 2902; x_wconf 76' lang='grc' dir='ltr'>καὶ</span> <span class='ocrx_word' id='word_1_420' title='bbox 2533 2847 2816 2919; x_wconf 86' lang='grc' dir='ltr'>ἄνθρωπον</span> <span class='ocrx_word' id='word_1_421' title='bbox 2864 2845 3214 2918; x_wconf 79' lang='grc' dir='ltr'>πολεμιστὴν,</span> <span class='ocrx_word' id='word_1_422' title='bbox 3248 2847 3340 2899; x_wconf 66' lang='grc' dir='ltr'><strong>καί⁴</strong></span> <span class='ocrx_word' id='word_1_423' title='bbox 3371 2847 3654 2917; x_wconf 78' lang='grc' dir='ltr'>δικαστὴν,</span> 
     </span>
    </p>
   </div>
   <div class='ocr_carea' id='block_1_57' title="bbox 2083 2937 3657 3012">
    <p class='ocr_par' dir='ltr' id='par_1_57' title="bbox 2083 2937 3657 3012">
     <span class='ocr_line' id='line_1_57' title="bbox 2083 2937 3657 3012; baseline -0.002 -18"><span class='ocrx_word' id='word_1_424' title='bbox 2083 2943 2175 2994; x_wconf 79' lang='grc' dir='ltr'>καὶ</span> <span class='ocrx_word' id='word_1_425' title='bbox 2208 2942 2512 3012; x_wconf 84' lang='grc' dir='ltr'>προφήτην,</span> <span class='ocrx_word' id='word_1_426' title='bbox 2537 2941 2628 2992; x_wconf 72' lang='grc' dir='ltr'>καὶ</span> <span class='ocrx_word' id='word_1_427' title='bbox 2657 2939 2976 3009; x_wconf 83' lang='grc' dir='ltr'>στοχαστὴν,</span> <span class='ocrx_word' id='word_1_428' title='bbox 3010 2938 3104 2992; x_wconf 72' lang='grc' dir='ltr'>καὶ</span> <span class='ocrx_word' id='word_1_429' title='bbox 3138 2937 3524 3009; x_wconf 79' lang='grc' dir='ltr'>πρεσϐύτερον,</span> <span class='ocrx_word' id='word_1_430' title='bbox 3560 2939 3657 2991; x_wconf 77' lang='grc' dir='ltr'><strong>καὶ</strong></span> 
     </span>
    </p>
   </div>
   <div class='ocr_carea' id='block_1_58' title="bbox 2082 3029 3659 3104">
    <p class='ocr_par' dir='ltr' id='par_1_58' title="bbox 2082 3029 3659 3104">
     <span class='ocr_line' id='line_1_58' title="bbox 2082 3029 3659 3104; baseline -0.003 -18"><span class='ocrx_word' id='word_1_431' title='bbox 2082 3034 2574 3104; x_wconf 78' lang='grc' dir='ltr'>πεντηκόνταρχον,</span> <span class='ocrx_word' id='word_1_432' title='bbox 2598 3031 2689 3084; x_wconf 73' lang='grc' dir='ltr'>καὶ</span> <span class='ocrx_word' id='word_1_433' title='bbox 2711 3029 3015 3100; x_wconf 76' lang='grc' dir='ltr'>θαυμαστὸν</span> <span class='ocrx_word' id='word_1_434' title='bbox 3035 3029 3097 3081; x_wconf 93' lang='grc' dir='ltr'><strong>σύ</strong></span> <span class='ocrx_word' id='word_1_435' title='bbox 3107 3029 3353 3099; x_wconf 78' lang='grc' dir='ltr'>μὸουλον,</span> <span class='ocrx_word' id='word_1_436' title='bbox 3374 3031 3467 3082; x_wconf 69' lang='grc' dir='ltr'><strong>καί⁸</strong></span> <span class='ocrx_word' id='word_1_437' title='bbox 3493 3031 3659 3098; x_wconf 71' lang='grc' dir='ltr'>σοφὶν</span> 
     </span>
    </p>
   </div>
   <div class='ocr_carea' id='block_1_59' title="bbox 2081 3121 3654 3205">
    <p class='ocr_par' dir='ltr' id='par_1_59' title="bbox 2081 3121 3654 3205">
     <span class='ocr_line' id='line_1_59' title="bbox 2081 3121 3654 3205; baseline -0.003 -28"><span class='ocrx_word' id='word_1_438' title='bbox 2081 3125 2459 3195; x_wconf 84' lang='grc' dir='ltr'>ἀρχιτέκτονα,</span> <span class='ocrx_word' id='word_1_439' title='bbox 2492 3123 2585 3175; x_wconf 75' lang='grc' dir='ltr'>καὶ</span> <span class='ocrx_word' id='word_1_440' title='bbox 2615 3123 2830 3175; x_wconf 74' lang='grc' dir='ltr'>συνετὸν</span> <span class='ocrx_word' id='word_1_441' title='bbox 2865 3121 3155 3191; x_wconf 82' lang='grc' dir='ltr'>ἀκροατήν.</span> <span class='ocrx_word' id='word_1_442' title='bbox 3219 3121 3332 3172; x_wconf 83' lang='lat' dir='ltr'><strong>Kal</strong></span> <span class='ocrx_word' id='word_1_443' title='bbox 3375 3122 3654 3205; x_wconf 64' lang='grc' dir='ltr'>ἐπιστῄσω</span> 
     </span>
    </p>
   </div>
   <div class='ocr_carea' id='block_1_60' title="bbox 410 3197 1984 3311">
    <p class='ocr_par' dir='ltr' id='par_1_60' title="bbox 410 3197 1975 3311">
     <span class='ocr_line' id='line_1_60' title="bbox 410 3197 1975 3266; baseline 0.003 -19"><span class='ocrx_word' id='word_1_444' title='bbox 410 3197 551 3250; x_wconf 83' lang='lat' dir='ltr'><strong>dabo</strong></span> <span class='ocrx_word' id='word_1_445' title='bbox 597 3212 794 3266; x_wconf 85' lang='lat' dir='ltr'><strong>pueros</strong></span> <span class='ocrx_word' id='word_1_446' title='bbox 827 3197 1101 3266; x_wconf 85' lang='lat' dir='ltr'><strong>principes</strong></span> <span class='ocrx_word' id='word_1_447' title='bbox 1139 3213 1350 3265; x_wconf 87' lang='lat' dir='ltr'><strong>eorum,</strong></span> <span class='ocrx_word' id='word_1_448' title='bbox 1375 3206 1430 3254; x_wconf 87' lang='lat' dir='ltr'><strong>et</strong></span> <span class='ocrx_word' id='word_1_449' title='bbox 1465 3199 1758 3254; x_wconf 86' lang='lat' dir='ltr'><strong>ell&#39;eminati</strong></span> <span class='ocrx_word' id='word_1_450' title='bbox 1799 3199 1975 3253; x_wconf 90' lang='lat' dir='ltr'><strong>domi-</strong></span> 
     </span>
     <span class='ocr_line' id='line_1_61' title="bbox 412 3286 1930 3311; baseline 0 0"><span class='ocrx_word' id='word_1_451' title='bbox 412 3286 686 3311; x_wconf 54' lang='grc' dir='ltr'><strong>..λιιι-...ιη-</strong></span> <span class='ocrx_word' id='word_1_452' title='bbox 727 3287 799 3311; x_wconf 73' lang='grc' dir='ltr'><strong>..ἒ-</strong></span> <span class='ocrx_word' id='word_1_453' title='bbox 824 3288 876 3311; x_wconf 64' lang='grc'><strong><em>³-</em></strong></span> <span class='ocrx_word' id='word_1_454' title='bbox 912 3307 922 3311; x_wconf 65' lang='lat'><strong><em>_</em></strong></span> <span class='ocrx_word' id='word_1_455' title='bbox 984 3295 1029 3311; x_wconf 59' lang='grc' dir='ltr'><strong>,ι</strong></span> <span class='ocrx_word' id='word_1_456' title='bbox 1072 3289 1275 3311; x_wconf 69' lang='lat' dir='ltr'><strong>_-I:-_--</strong></span> <span class='ocrx_word' id='word_1_457' title='bbox 1355 3293 1542 3311; x_wconf 79' lang='lat' dir='ltr'><strong>___-:l.___</strong></span> <span class='ocrx_word' id='word_1_458' title='bbox 1601 3291 1739 3311; x_wconf 65' lang='lat' dir='ltr'><strong>-JJS.</strong></span> <span class='ocrx_word' id='word_1_459' title='bbox 1795 3292 1930 3311; x_wconf 37' lang='grc' dir='ltr'><strong>ΠΑΑΑΑ</strong></span> 
     </span>
    </p>
   </div>
   <div class='ocr_carea' id='block_1_61' title="bbox 2086 3197 3653 3311">
    <p class='ocr_par' dir='ltr' id='par_1_61' title="bbox 2086 3197 3653 3286">
     <span class='ocr_line' id='line_1_62' title="bbox 2086 3197 3653 3286; baseline -0.003 -17"><span class='ocrx_word' id='word_1_460' title='bbox 2086 3215 2391 3279; x_wconf 83' lang='grc' dir='ltr'>νεανίσκους</span> <span class='ocrx_word' id='word_1_461' title='bbox 2424 3214 2688 3286; x_wconf 81' lang='grc' dir='ltr'>ἄρχοντας</span> <span class='ocrx_word' id='word_1_462' title='bbox 2727 3211 2935 3276; x_wconf 84' lang='grc' dir='ltr'>αὐτῶν,</span> <span class='ocrx_word' id='word_1_463' title='bbox 2973 3213 3066 3265; x_wconf 75' lang='grc' dir='ltr'>καὶ</span> <span class='ocrx_word' id='word_1_464' title='bbox 3098 3214 3394 3282; x_wconf 83' lang='grc' dir='ltr'>ἐμπαῖκται</span> <span class='ocrx_word' id='word_1_465' title='bbox 3435 3197 3653 3282; x_wconf 74' lang='grc' dir='ltr'>κυριεύ-</span> 
     </span>
    </p>
   </div>
   <div class='ocr_carea' id='block_1_62' title="bbox 411 3286 1969 3360">
    <p class='ocr_par' dir='ltr' id='par_1_62' title="bbox 411 3286 1969 3360">
     <span class='ocr_line' id='line_1_63' title="bbox 411 3286 1969 3360; baseline 0.006 -23"><span class='ocrx_word' id='word_1_466' title='bbox 411 3286 686 3340; x_wconf 83' lang='lat' dir='ltr'><strong>nabuntur</strong></span> <span class='ocrx_word' id='word_1_467' title='bbox 723 3287 878 3352; x_wconf 77' lang='lat' dir='ltr'><strong>eis’;</strong></span> <span class='ocrx_word' id='word_1_468' title='bbox 911 3307 930 3338; x_wconf 73' lang='grc' dir='ltr'><strong>ι</strong></span> <span class='ocrx_word' id='word_1_469' title='bbox 981 3295 1033 3342; x_wconf 91' lang='lat' dir='ltr'><strong>et</strong></span> <span class='ocrx_word' id='word_1_470' title='bbox 1072 3289 1302 3359; x_wconf 86' lang='lat' dir='ltr'><strong>reliqua,</strong></span> <span class='ocrx_word' id='word_1_471' title='bbox 1348 3293 1548 3360; x_wconf 84' lang='lat' dir='ltr'><strong>quibus</strong></span> <span class='ocrx_word' id='word_1_472' title='bbox 1597 3291 1744 3346; x_wconf 87' lang='lat' dir='ltr'><strong>addit</strong></span> <span class='ocrx_word' id='word_1_473' title='bbox 1791 3292 1969 3346; x_wconf 89' lang='lat' dir='ltr'><strong>Deus:</strong></span> 
     </span>
    </p>
   </div>
   <div class='ocr_carea' id='block_1_63' title="bbox 418 3375 1976 3454">
    <p class='ocr_par' dir='ltr' id='par_1_63' title="bbox 418 3375 1976 3454">
     <span class='ocr_line' id='line_1_64' title="bbox 418 3375 1976 3454; baseline 0.006 -25"><span class='ocrx_word' id='word_1_474' title='bbox 418 3396 434 3428; x_wconf 81' lang='grc' dir='ltr'><strong>ι</strong></span> <span class='ocrx_word' id='word_1_475' title='bbox 470 3375 647 3432; x_wconf 69' lang='lat' dir='ltr'><strong>Nolite</strong></span> <span class='ocrx_word' id='word_1_476' title='bbox 697 3380 1033 3435; x_wconf 86' lang='lat' dir='ltr'><strong>constituere</strong></span> <span class='ocrx_word' id='word_1_477' title='bbox 1085 3397 1170 3435; x_wconf 91' lang='lat' dir='ltr'><strong>me</strong></span> <span class='ocrx_word' id='word_1_478' title='bbox 1227 3384 1525 3452; x_wconf 85' lang='lat' dir='ltr'><strong>principem</strong></span> <span class='ocrx_word' id='word_1_479' title='bbox 1578 3386 1784 3454; x_wconf 91' lang='lat' dir='ltr'><strong>populi.</strong></span> <span class='ocrx_word' id='word_1_480' title='bbox 1845 3383 1976 3439; x_wconf 81' lang='lat' dir='ltr'><strong>Ruit</strong></span> 
     </span>
    </p>
   </div>
   <div class='ocr_carea' id='block_1_64' title="bbox 408 3469 1974 3548">
    <p class='ocr_par' dir='ltr' id='par_1_64' title="bbox 408 3469 1974 3548">
     <span class='ocr_line' id='line_1_65' title="bbox 408 3469 1974 3548; baseline 0.006 -26"><span class='ocrx_word' id='word_1_481' title='bbox 408 3471 551 3524; x_wconf 87' lang='lat' dir='ltr'><strong>enim</strong></span> <span class='ocrx_word' id='word_1_482' title='bbox 572 3469 892 3537; x_wconf 84' lang='lat' dir='ltr'><strong>Jerusalem,</strong></span> <span class='ocrx_word' id='word_1_483' title='bbox 935 3480 988 3527; x_wconf 89' lang='lat' dir='ltr'><strong>et</strong></span> <span class='ocrx_word' id='word_1_484' title='bbox 1016 3471 1154 3527; x_wconf 86' lang='lat' dir='ltr'><strong>Juda</strong></span> <span class='ocrx_word' id='word_1_485' title='bbox 1187 3476 1426 3529; x_wconf 84' lang='lat' dir='ltr'><strong>concidit</strong></span> <span class='ocrx_word' id='word_1_486' title='bbox 1454 3495 1466 3529; x_wconf 92' lang='lat'><strong>:</strong></span> <span class='ocrx_word' id='word_1_487' title='bbox 1493 3477 1618 3546; x_wconf 83' lang='lat' dir='ltr'><strong>quia</strong></span> <span class='ocrx_word' id='word_1_488' title='bbox 1656 3477 1838 3548; x_wconf 82' lang='lat' dir='ltr'><strong>lingua</strong></span> <span class='ocrx_word' id='word_1_489' title='bbox 1881 3493 1974 3532; x_wconf 83' lang='lat' dir='ltr'><strong>eo-</strong></span> 
     </span>
    </p>
   </div>
   <div class='ocr_carea' id='block_1_65' title="bbox 409 3562 1976 3633">
    <p class='ocr_par' dir='ltr' id='par_1_65' title="bbox 409 3562 1976 3633">
     <span class='ocr_line' id='line_1_66' title="bbox 409 3562 1976 3633; baseline 0.007 -21"><span class='ocrx_word' id='word_1_490' title='bbox 409 3575 528 3614; x_wconf 85' lang='lat' dir='ltr'><strong>rum</strong></span> <span class='ocrx_word' id='word_1_491' title='bbox 565 3571 618 3616; x_wconf 86' lang='lat' dir='ltr'><strong>et</strong></span> <span class='ocrx_word' id='word_1_492' title='bbox 644 3562 1058 3619; x_wconf 76' lang='lat' dir='ltr'><strong>adinventiones</strong></span> <span class='ocrx_word' id='word_1_493' title='bbox 1097 3581 1284 3619; x_wconf 91' lang='lat' dir='ltr'><strong>eorum</strong></span> <span class='ocrx_word' id='word_1_494' title='bbox 1332 3577 1520 3621; x_wconf 88' lang='lat' dir='ltr'><strong>contra</strong></span> <span class='ocrx_word' id='word_1_495' title='bbox 1561 3568 1874 3633; x_wconf 89' lang='lat' dir='ltr'><strong>Dominum,</strong></span> <span class='ocrx_word' id='word_1_496' title='bbox 1916 3578 1976 3623; x_wconf 90' lang='lat' dir='ltr'><strong>ut</strong></span> 
     </span>
    </p>
   </div>
   <div class='ocr_carea' id='block_1_66' title="bbox 405 3657 1974 3730">
    <p class='ocr_par' dir='ltr' id='par_1_66' title="bbox 405 3657 1974 3730">
     <span class='ocr_line' id='line_1_67' title="bbox 405 3657 1974 3730; baseline 0.006 -25"><span class='ocrx_word' id='word_1_497' title='bbox 405 3663 726 3722; x_wconf 84' lang='lat' dir='ltr'><strong>provocaret</strong></span> <span class='ocrx_word' id='word_1_498' title='bbox 766 3657 959 3710; x_wconf 87' lang='lat' dir='ltr'><strong>oculos</strong></span> <span class='ocrx_word' id='word_1_499' title='bbox 997 3658 1299 3728; x_wconf 84' lang='lat' dir='ltr'><strong>majestatis</strong></span> <span class='ocrx_word' id='word_1_500' title='bbox 1351 3659 1489 3728; x_wconf 87' lang='lat' dir='ltr'><strong>ejus.</strong></span> <span class='ocrx_word' id='word_1_501' title='bbox 1543 3661 1758 3730; x_wconf 85' lang='lat' dir='ltr'><strong>Agnitio</strong></span> <span class='ocrx_word' id='word_1_502' title='bbox 1792 3662 1974 3716; x_wconf 85' lang='lat' dir='ltr'><strong>vultus</strong></span> 
     </span>
    </p>
   </div>
   <div class='ocr_carea' id='block_1_67' title="bbox 404 3747 1975 3822">
    <p class='ocr_par' dir='ltr' id='par_1_67' title="bbox 404 3747 1975 3822">
     <span class='ocr_line' id='line_1_68' title="bbox 404 3747 1975 3822; baseline 0.005 -23"><span class='ocrx_word' id='word_1_503' title='bbox 404 3760 591 3800; x_wconf 78' lang='lat' dir='ltr'><strong>eorum</strong></span> <span class='ocrx_word' id='word_1_504' title='bbox 628 3747 906 3816; x_wconf 88' lang='lat' dir='ltr'><strong>respondit</strong></span> <span class='ocrx_word' id='word_1_505' title='bbox 945 3747 1025 3803; x_wconf 89' lang='lat' dir='ltr'><strong>eis</strong></span> <span class='ocrx_word' id='word_1_506' title='bbox 1057 3769 1067 3802; x_wconf 95' lang='lat'><strong>:</strong></span> <span class='ocrx_word' id='word_1_507' title='bbox 1094 3758 1148 3804; x_wconf 90' lang='lat' dir='ltr'><strong>et</strong></span> <span class='ocrx_word' id='word_1_508' title='bbox 1175 3761 1461 3819; x_wconf 86' lang='lat' dir='ltr'><strong>peceatum</strong></span> <span class='ocrx_word' id='word_1_509' title='bbox 1493 3769 1651 3807; x_wconf 92' lang='lat' dir='ltr'><strong>suum</strong></span> <span class='ocrx_word' id='word_1_510' title='bbox 1680 3755 1836 3822; x_wconf 87' lang='lat' dir='ltr'><strong>quasi</strong></span> <span class='ocrx_word' id='word_1_511' title='bbox 1873 3753 1975 3807; x_wconf 92' lang='lat' dir='ltr'><strong>So-</strong></span> 
     </span>
    </p>
   </div>
   <div class='ocr_carea' id='block_1_68' title="bbox 403 3837 1974 3910">
    <p class='ocr_par' dir='ltr' id='par_1_68' title="bbox 403 3837 1974 3910">
     <span class='ocr_line' id='line_1_69' title="bbox 403 3837 1974 3910; baseline 0.005 -20"><span class='ocrx_word' id='word_1_512' title='bbox 403 3837 562 3894; x_wconf 79' lang='lat' dir='ltr'><strong>doma</strong></span> <span class='ocrx_word' id='word_1_513' title='bbox 601 3839 1058 3910; x_wconf 64' lang='lat' dir='ltr'><strong>praedicaverunt,</strong></span> <span class='ocrx_word' id='word_1_514' title='bbox 1103 3857 1204 3896; x_wconf 91' lang='lat' dir='ltr'><strong>nec</strong></span> <span class='ocrx_word' id='word_1_515' title='bbox 1254 3842 1700 3898; x_wconf 82' lang='lat' dir='ltr'><strong>absconderunt:</strong></span> <span class='ocrx_word' id='word_1_516' title='bbox 1734 3858 1814 3898; x_wconf 63' lang='lat' dir='ltr'><strong>va:</strong></span> <span class='ocrx_word' id='word_1_517' title='bbox 1856 3845 1974 3898; x_wconf 89' lang='lat' dir='ltr'><strong>ani-</strong></span> 
     </span>
    </p>
   </div>
   <div class='ocr_carea' id='block_1_69' title="bbox 401 3934 1972 4003">
    <p class='ocr_par' dir='ltr' id='par_1_69' title="bbox 401 3934 1972 4003">
     <span class='ocr_line' id='line_1_70' title="bbox 401 3934 1972 4003; baseline 0.001 -18"><span class='ocrx_word' id='word_1_518' title='bbox 401 3945 505 3986; x_wconf 69' lang='lat' dir='ltr'><strong>ma:</strong></span> <span class='ocrx_word' id='word_1_519' title='bbox 543 3947 754 3996; x_wconf 86' lang='lat' dir='ltr'><strong>eorum,</strong></span> <span class='ocrx_word' id='word_1_520' title='bbox 799 3934 1057 4003; x_wconf 85' lang='lat' dir='ltr'><strong>quoniam</strong></span> <span class='ocrx_word' id='word_1_521' title='bbox 1091 3934 1295 3987; x_wconf 91' lang='lat' dir='ltr'><strong>malum</strong></span> <span class='ocrx_word' id='word_1_522' title='bbox 1325 3934 1567 3989; x_wconf 90' lang='lat' dir='ltr'><strong>meditati</strong></span> <span class='ocrx_word' id='word_1_523' title='bbox 1613 3942 1742 3989; x_wconf 89' lang='lat' dir='ltr'><strong>sunt</strong></span> <span class='ocrx_word' id='word_1_524' title='bbox 1789 3935 1972 3988; x_wconf 86' lang='lat' dir='ltr'><strong>consi-</strong></span> 
     </span>
    </p>
   </div>
   <div class='ocr_carea' id='block_1_70' title="bbox 401 4024 1972 4096">
    <p class='ocr_par' dir='ltr' id='par_1_70' title="bbox 401 4024 1972 4096">
     <span class='ocr_line' id='line_1_71' title="bbox 401 4024 1972 4096; baseline 0 -19"><span class='ocrx_word' id='word_1_525' title='bbox 401 4024 533 4080; x_wconf 89' lang='lat' dir='ltr'><strong>lium</strong></span> <span class='ocrx_word' id='word_1_526' title='bbox 576 4025 632 4080; x_wconf 82' lang='lat' dir='ltr'><strong>in</strong></span> <span class='ocrx_word' id='word_1_527' title='bbox 673 4027 851 4096; x_wconf 88' lang='lat' dir='ltr'><strong>seipsa</strong></span> <span class='ocrx_word' id='word_1_528' title='bbox 908 4027 1192 4081; x_wconf 87' lang='lat' dir='ltr'><strong>dicentes:</strong></span> <span class='ocrx_word' id='word_1_529' title='bbox 1224 4026 1538 4081; x_wconf 77' lang='lat' dir='ltr'><strong>Vinciemus</strong></span> <span class='ocrx_word' id='word_1_530' title='bbox 1586 4025 1798 4094; x_wconf 89' lang='lat' dir='ltr'><strong>justum</strong></span> <span class='ocrx_word' id='word_1_531' title='bbox 1837 4041 1972 4095; x_wconf 59' lang='lat' dir='ltr'><strong>quo-</strong></span> 
     </span>
    </p>
   </div>
   <div class='ocr_carea' id='block_1_71' title="bbox 397 4115 1968 4188">
    <p class='ocr_par' dir='ltr' id='par_1_71' title="bbox 397 4115 1968 4188">
     <span class='ocr_line' id='line_1_72' title="bbox 397 4115 1968 4188; baseline -0.001 -18"><span class='ocrx_word' id='word_1_532' title='bbox 397 4117 544 4172; x_wconf 91' lang='lat' dir='ltr'><strong>niam</strong></span> <span class='ocrx_word' id='word_1_533' title='bbox 580 4117 789 4173; x_wconf 88' lang='lat' dir='ltr'><strong>inutilis</strong></span> <span class='ocrx_word' id='word_1_534' title='bbox 813 4125 935 4181; x_wconf 86' lang='lat' dir='ltr'><strong>est;</strong></span> <span class='ocrx_word' id='word_1_535' title='bbox 971 4119 1223 4188; x_wconf 89' lang='lat' dir='ltr'><strong>quoniam</strong></span> <span class='ocrx_word' id='word_1_536' title='bbox 1257 4117 1491 4171; x_wconf 78' lang='lat' dir='ltr'><strong>fructum</strong></span> <span class='ocrx_word' id='word_1_537' title='bbox 1527 4115 1968 4172; x_wconf 89' lang='lat' dir='ltr'><strong>adinventionum</strong></span> 
     </span>
    </p>
   </div>
   <div class='ocr_carea' id='block_1_72' title="bbox 397 4207 1970 4280">
    <p class='ocr_par' dir='ltr' id='par_1_72' title="bbox 397 4207 1970 4280">
     <span class='ocr_line' id='line_1_73' title="bbox 397 4207 1970 4280; baseline -0.002 -16"><span class='ocrx_word' id='word_1_538' title='bbox 397 4223 622 4264; x_wconf 81' lang='lat' dir='ltr'><strong>suarum</strong></span> <span class='ocrx_word' id='word_1_539' title='bbox 651 4209 990 4265; x_wconf 65' lang='lat' dir='ltr'><strong>comedent‘.</strong></span> <span class='ocrx_word' id='word_1_540' title='bbox 1015 4229 1032 4262; x_wconf 75' lang='grc' dir='ltr'><strong>ι</strong></span> <span class='ocrx_word' id='word_1_541' title='bbox 1077 4208 1240 4264; x_wconf 86' lang='lat' dir='ltr'><strong>Liber</strong></span> <span class='ocrx_word' id='word_1_542' title='bbox 1260 4211 1353 4280; x_wconf 89' lang='lat' dir='ltr'><strong>qui</strong></span> <span class='ocrx_word' id='word_1_543' title='bbox 1399 4207 1708 4264; x_wconf 89' lang='lat' dir='ltr'><strong>Solomonis</strong></span> <span class='ocrx_word' id='word_1_544' title='bbox 1739 4207 1970 4279; x_wconf 84' lang='lat' dir='ltr'><strong>Sapien-</strong></span> 
     </span>
    </p>
   </div>
   <div class='ocr_carea' id='block_1_73' title="bbox 397 4297 1972 4370">
    <p class='ocr_par' dir='ltr' id='par_1_73' title="bbox 397 4297 1972 4370">
     <span class='ocr_line' id='line_1_74' title="bbox 397 4297 1972 4370; baseline 0 -20"><span class='ocrx_word' id='word_1_545' title='bbox 397 4298 474 4352; x_wconf 83' lang='lat' dir='ltr'><strong>tia</strong></span> <span class='ocrx_word' id='word_1_546' title='bbox 524 4298 748 4365; x_wconf 87' lang='lat' dir='ltr'><strong>dicitur,</strong></span> <span class='ocrx_word' id='word_1_547' title='bbox 776 4297 892 4354; x_wconf 81' lang='lat' dir='ltr'><strong>fere</strong></span> <span class='ocrx_word' id='word_1_548' title='bbox 922 4300 1112 4354; x_wconf 85' lang='lat' dir='ltr'><strong>eadem</strong></span> <span class='ocrx_word' id='word_1_549' title='bbox 1143 4300 1210 4354; x_wconf 92' lang='lat' dir='ltr'><strong>de</strong></span> <span class='ocrx_word' id='word_1_550' title='bbox 1252 4300 1403 4369; x_wconf 85' lang='lat' dir='ltr'><strong>justo</strong></span> <span class='ocrx_word' id='word_1_551' title='bbox 1430 4300 1707 4370; x_wconf 88' lang='lat' dir='ltr'><strong>eloquitur</strong></span> <span class='ocrx_word' id='word_1_552' title='bbox 1743 4318 1757 4352; x_wconf 87' lang='lat'><strong>:</strong></span> <span class='ocrx_word' id='word_1_553' title='bbox 1795 4317 1813 4350; x_wconf 77' lang='grc' dir='ltr'><strong>ι</strong></span> <span class='ocrx_word' id='word_1_554' title='bbox 1851 4297 1972 4352; x_wconf 87' lang='lat' dir='ltr'><strong>Cir-</strong></span> 
     </span>
    </p>
   </div>
   <div class='ocr_carea' id='block_1_74' title="bbox 2081 3295 3645 3371">
    <p class='ocr_par' dir='ltr' id='par_1_74' title="bbox 2081 3295 3645 3371">
     <span class='ocr_line' id='line_1_75' title="bbox 2081 3295 3645 3371; baseline -0.005 -11"><span class='ocrx_word' id='word_1_555' title='bbox 2081 3324 2262 3360; x_wconf 85' lang='grc' dir='ltr'>σουσιν</span> <span class='ocrx_word' id='word_1_556' title='bbox 2311 3304 2508 3367; x_wconf 82' lang='grc' dir='ltr'>αὐτῶν,</span> <span class='ocrx_word' id='word_1_557' title='bbox 2539 3324 2559 3355; x_wconf 84' lang='grc'><strong><em>›</em></strong></span> <span class='ocrx_word' id='word_1_558' title='bbox 2610 3303 2705 3356; x_wconf 74' lang='grc' dir='ltr'>καὶ</span> <span class='ocrx_word' id='word_1_559' title='bbox 2751 3302 2820 3354; x_wconf 89' lang='grc' dir='ltr'><strong>τά</strong></span> <span class='ocrx_word' id='word_1_560' title='bbox 2871 3301 3030 3371; x_wconf 80' lang='grc' dir='ltr'>ἐξῆς·</span> <span class='ocrx_word' id='word_1_561' title='bbox 3067 3295 3148 3364; x_wconf 69' lang='grc' dir='ltr'>οἷς</span> <span class='ocrx_word' id='word_1_562' title='bbox 3197 3301 3439 3368; x_wconf 82' lang='grc' dir='ltr'>ἐπιλέγει</span> <span class='ocrx_word' id='word_1_563' title='bbox 3485 3301 3645 3364; x_wconf 85' lang='grc' dir='ltr'>Θεός’</span> 
     </span>
    </p>
   </div>
   <div class='ocr_carea' id='block_1_75' title="bbox 2084 3387 3649 3465">
    <p class='ocr_par' dir='ltr' id='par_1_75' title="bbox 2084 3387 3649 3465">
     <span class='ocr_line' id='line_1_76' title="bbox 2084 3387 3649 3465; baseline -0.004 -19"><span class='ocrx_word' id='word_1_564' title='bbox 2084 3416 2100 3446; x_wconf 73' lang='grc' dir='ltr'><strong>ι</strong></span> <span class='ocrx_word' id='word_1_565' title='bbox 2128 3397 2243 3449; x_wconf 80' lang='grc' dir='ltr'><strong>Ούκ</strong></span> <span class='ocrx_word' id='word_1_566' title='bbox 2271 3394 2463 3465; x_wconf 81' lang='grc' dir='ltr'>ἔσομαι</span> <span class='ocrx_word' id='word_1_567' title='bbox 2499 3393 2738 3464; x_wconf 82' lang='grc' dir='ltr'>ἀρχηγὸς</span> <span class='ocrx_word' id='word_1_568' title='bbox 2769 3388 2861 3442; x_wconf 90' lang='grc' dir='ltr'><strong>τοῦ</strong></span> <span class='ocrx_word' id='word_1_569' title='bbox 2901 3387 3028 3442; x_wconf 91' lang='grc' dir='ltr'>λαοῦ</span> <span class='ocrx_word' id='word_1_570' title='bbox 3073 3388 3259 3442; x_wconf 88' lang='grc' dir='ltr'>τούτου</span> <span class='ocrx_word' id='word_1_571' title='bbox 3280 3429 3295 3455; x_wconf 89' lang='grc'><strong>,</strong></span> <span class='ocrx_word' id='word_1_572' title='bbox 3326 3389 3406 3442; x_wconf 82' lang='grc' dir='ltr'>ὅτι</span> <span class='ocrx_word' id='word_1_573' title='bbox 3442 3389 3649 3441; x_wconf 87' lang='grc' dir='ltr'>ἀνεῖται</span> 
     </span>
    </p>
   </div>
   <div class='ocr_carea' id='block_1_76' title="bbox 2089 3479 3648 3558">
    <p class='ocr_par' dir='ltr' id='par_1_76' title="bbox 2089 3479 3648 3558">
     <span class='ocr_line' id='line_1_77' title="bbox 2089 3479 3648 3558; baseline -0.006 -18"><span class='ocrx_word' id='word_1_574' title='bbox 2089 3484 2473 3558; x_wconf 83' lang='grc' dir='ltr'>Ἰερουσαλὴμ,</span> <span class='ocrx_word' id='word_1_575' title='bbox 2522 3485 2615 3537; x_wconf 69' lang='grc' dir='ltr'>καὶ</span> <span class='ocrx_word' id='word_1_576' title='bbox 2660 3485 2693 3553; x_wconf 86' lang='grc' dir='ltr'>ή</span> <span class='ocrx_word' id='word_1_577' title='bbox 2756 3480 2979 3534; x_wconf 88' lang='grc' dir='ltr'>Ἰουδαία</span> <span class='ocrx_word' id='word_1_578' title='bbox 3024 3481 3422 3552; x_wconf 81' lang='grc' dir='ltr'>συμπέπτωκε,</span> <span class='ocrx_word' id='word_1_579' title='bbox 3463 3479 3558 3533; x_wconf 79' lang='grc' dir='ltr'>καὶ</span> <span class='ocrx_word' id='word_1_580' title='bbox 3590 3481 3648 3531; x_wconf 93' lang='grc' dir='ltr'><strong>αἰ</strong></span> 
     </span>
    </p>
   </div>
   <div class='ocr_carea' id='block_1_77' title="bbox 2075 3568 3649 3646">
    <p class='ocr_par' dir='ltr' id='par_1_77' title="bbox 2075 3568 3649 3646">
     <span class='ocr_line' id='line_1_78' title="bbox 2075 3568 3649 3646; baseline -0.005 -15"><span class='ocrx_word' id='word_1_581' title='bbox 2075 3568 2528 3646; x_wconf 80' lang='grc' dir='ltr'>γλῶσσαιαὺτῶν</span> <span class='ocrx_word' id='word_1_582' title='bbox 2559 3573 2698 3645; x_wconf 87' lang='grc' dir='ltr'><strong>μετά</strong></span> <span class='ocrx_word' id='word_1_583' title='bbox 2731 3573 2980 3643; x_wconf 86' lang='grc' dir='ltr'>ἀνομίας,</span> <span class='ocrx_word' id='word_1_584' title='bbox 3003 3572 3070 3625; x_wconf 66' lang='grc' dir='ltr'><strong>τὰ</strong></span> <span class='ocrx_word' id='word_1_585' title='bbox 3096 3571 3232 3642; x_wconf 79' lang='grc' dir='ltr'>πρὸς</span> <span class='ocrx_word' id='word_1_586' title='bbox 3263 3571 3467 3642; x_wconf 86' lang='grc' dir='ltr'>Κύριον</span> <span class='ocrx_word' id='word_1_587' title='bbox 3490 3572 3649 3624; x_wconf 87' lang='grc' dir='ltr'>ἀπει-</span> 
     </span>
    </p>
   </div>
   <div class='ocr_carea' id='block_1_78' title="bbox 2076 3660 3648 3731">
    <p class='ocr_par' dir='ltr' id='par_1_78' title="bbox 2076 3660 3648 3731">
     <span class='ocr_line' id='line_1_79' title="bbox 2076 3660 3648 3731; baseline -0.003 -15"><span class='ocrx_word' id='word_1_588' title='bbox 2076 3664 2314 3728; x_wconf 86' lang='grc' dir='ltr'>θοῦντες.</span> <span class='ocrx_word' id='word_1_589' title='bbox 2339 3663 2484 3716; x_wconf 87' lang='grc' dir='ltr'>Διότι</span> <span class='ocrx_word' id='word_1_590' title='bbox 2525 3662 2620 3715; x_wconf 90' lang='grc' dir='ltr'><strong>νῦν</strong></span> <span class='ocrx_word' id='word_1_591' title='bbox 2651 3660 2986 3731; x_wconf 81' lang='grc' dir='ltr'>ἐταπεινώθη</span> <span class='ocrx_word' id='word_1_592' title='bbox 3022 3662 3055 3731; x_wconf 84' lang='grc' dir='ltr'><strong>ἡ</strong></span> <span class='ocrx_word' id='word_1_593' title='bbox 3098 3660 3223 3726; x_wconf 77' lang='grc' dir='ltr'>δόξα</span> <span class='ocrx_word' id='word_1_594' title='bbox 3251 3660 3452 3724; x_wconf 81' lang='grc' dir='ltr'>αὐτῶν,</span> <span class='ocrx_word' id='word_1_595' title='bbox 3485 3662 3579 3714; x_wconf 81' lang='grc' dir='ltr'>καὶ</span> <span class='ocrx_word' id='word_1_596' title='bbox 3612 3663 3648 3731; x_wconf 73' lang='grc' dir='ltr'>ἡ</span> 
     </span>
    </p>
   </div>
   <div class='ocr_carea' id='block_1_79' title="bbox 2075 3750 3648 3825">
    <p class='ocr_par' dir='ltr' id='par_1_79' title="bbox 2075 3750 3648 3825">
     <span class='ocr_line' id='line_1_80' title="bbox 2075 3750 3648 3825; baseline -0.003 -18"><span class='ocrx_word' id='word_1_597' title='bbox 2075 3754 2299 3825; x_wconf 88' lang='grc' dir='ltr'>αἰσχύνη</span> <span class='ocrx_word' id='word_1_598' title='bbox 2330 3753 2424 3806; x_wconf 87' lang='grc' dir='ltr'><strong>τοῦ</strong></span> <span class='ocrx_word' id='word_1_599' title='bbox 2474 3751 2765 3824; x_wconf 81' lang='grc' dir='ltr'>προσώπου</span> <span class='ocrx_word' id='word_1_600' title='bbox 2808 3751 2985 3805; x_wconf 79' lang='grc' dir='ltr'>αὐτῶν</span> <span class='ocrx_word' id='word_1_601' title='bbox 3023 3750 3252 3820; x_wconf 77' lang='grc' dir='ltr'>ἀντέστη</span> <span class='ocrx_word' id='word_1_602' title='bbox 3286 3752 3503 3815; x_wconf 77' lang='grc' dir='ltr'>αὐτοῖς’</span> <span class='ocrx_word' id='word_1_603' title='bbox 3547 3751 3648 3822; x_wconf 78' lang='grc' dir='ltr'><strong>τὴν</strong></span> 
     </span>
    </p>
   </div>
   <div class='ocr_carea' id='block_1_80' title="bbox 2073 3834 3647 3915">
    <p class='ocr_par' dir='ltr' id='par_1_80' title="bbox 2073 3834 3647 3915">
     <span class='ocr_line' id='line_1_81' title="bbox 2073 3834 3647 3915; baseline -0.001 -20"><span class='ocrx_word' id='word_1_604' title='bbox 2073 3844 2127 3897; x_wconf 77' lang='grc' dir='ltr'>δὲ</span> <span class='ocrx_word' id='word_1_605' title='bbox 2157 3834 2431 3915; x_wconf 82' lang='grc' dir='ltr'>ἁμαρτίαν</span> <span class='ocrx_word' id='word_1_606' title='bbox 2465 3843 2643 3895; x_wconf 82' lang='grc' dir='ltr'>αὐτῶν</span> <span class='ocrx_word' id='word_1_607' title='bbox 2690 3843 2765 3905; x_wconf 83' lang='grc' dir='ltr'><strong>ὡς</strong></span> <span class='ocrx_word' id='word_1_608' title='bbox 2793 3841 3040 3912; x_wconf 88' lang='grc' dir='ltr'>Σοδόμων</span> <span class='ocrx_word' id='word_1_609' title='bbox 3069 3841 3396 3912; x_wconf 79' lang='grc' dir='ltr'>ἀνήγγειλαν</span> <span class='ocrx_word' id='word_1_610' title='bbox 3426 3842 3520 3895; x_wconf 70' lang='grc' dir='ltr'>καὶ</span> <span class='ocrx_word' id='word_1_611' title='bbox 3561 3844 3647 3894; x_wconf 88' lang='grc' dir='ltr'>ἐν-</span> 
     </span>
    </p>
   </div>
   <div class='ocr_carea' id='block_1_81' title="bbox 2073 3933 3645 4004">
    <p class='ocr_par' dir='ltr' id='par_1_81' title="bbox 2073 3933 3645 4004">
     <span class='ocr_line' id='line_1_82' title="bbox 2073 3933 3645 4004; baseline -0.001 -17"><span class='ocrx_word' id='word_1_612' title='bbox 2073 3935 2333 4003; x_wconf 79' lang='grc' dir='ltr'>εφάνισαν</span> <span class='ocrx_word' id='word_1_613' title='bbox 2355 3952 2367 3964; x_wconf 91' lang='grc'><strong>·</strong></span> <span class='ocrx_word' id='word_1_614' title='bbox 2405 3935 2527 3986; x_wconf 75' lang='grc' dir='ltr'>οὐαὶ</span> <span class='ocrx_word' id='word_1_615' title='bbox 2559 3937 2624 4004; x_wconf 83' lang='grc' dir='ltr'>τῇ</span> <span class='ocrx_word' id='word_1_616' title='bbox 2657 3933 2802 4004; x_wconf 75' lang='grc' dir='ltr'>ψυχῇ</span> <span class='ocrx_word' id='word_1_617' title='bbox 2854 3933 3051 3995; x_wconf 82' lang='grc' dir='ltr'>αὐτῶν,</span> <span class='ocrx_word' id='word_1_618' title='bbox 3094 3933 3226 3986; x_wconf 83' lang='grc' dir='ltr'>διότι</span> <span class='ocrx_word' id='word_1_619' title='bbox 3268 3933 3645 4004; x_wconf 79' lang='grc' dir='ltr'>βεϐούλευνται</span> 
     </span>
    </p>
   </div>
   <div class='ocr_carea' id='block_1_82' title="bbox 2074 4025 3647 4097">
    <p class='ocr_par' dir='ltr' id='par_1_82' title="bbox 2074 4025 3647 4097">
     <span class='ocr_line' id='line_1_83' title="bbox 2074 4025 3647 4097; baseline -0.001 -17"><span class='ocrx_word' id='word_1_620' title='bbox 2074 4027 2268 4097; x_wconf 84' lang='grc' dir='ltr'>βουλὴν</span> <span class='ocrx_word' id='word_1_621' title='bbox 2295 4026 2558 4096; x_wconf 83' lang='grc' dir='ltr'>πονηρὰν,</span> <span class='ocrx_word' id='word_1_622' title='bbox 2590 4026 2710 4080; x_wconf 81' lang='grc' dir='ltr'>καθ’</span> <span class='ocrx_word' id='word_1_623' title='bbox 2747 4025 2951 4079; x_wconf 77' lang='grc' dir='ltr'>ἑαυτῶν</span> <span class='ocrx_word' id='word_1_624' title='bbox 2977 4026 3250 4088; x_wconf 80' lang='grc' dir='ltr'>εἰπόντες·</span> <span class='ocrx_word' id='word_1_625' title='bbox 3274 4027 3532 4097; x_wconf 81' lang='grc' dir='ltr'>Δήσωμεν</span> <span class='ocrx_word' id='word_1_626' title='bbox 3553 4027 3647 4079; x_wconf 79' lang='grc' dir='ltr'><strong>τὸν</strong></span> 
     </span>
    </p>
   </div>
   <div class='ocr_carea' id='block_1_83' title="bbox 2071 4117 3641 4188">
    <p class='ocr_par' dir='ltr' id='par_1_83' title="bbox 2071 4117 3641 4188">
     <span class='ocr_line' id='line_1_84' title="bbox 2071 4117 3641 4188; baseline -0.001 -18"><span class='ocrx_word' id='word_1_627' title='bbox 2071 4118 2294 4180; x_wconf 87' lang='grc' dir='ltr'>δίκαιον,</span> <span class='ocrx_word' id='word_1_628' title='bbox 2327 4118 2408 4170; x_wconf 83' lang='grc' dir='ltr'>ὅτι</span> <span class='ocrx_word' id='word_1_629' title='bbox 2433 4118 2766 4188; x_wconf 87' lang='grc' dir='ltr'>δύσχρηστος</span> <span class='ocrx_word' id='word_1_630' title='bbox 2792 4120 2924 4188; x_wconf 77' lang='grc' dir='ltr'>ἡμῖν</span> <span class='ocrx_word' id='word_1_631' title='bbox 2973 4119 3089 4169; x_wconf 91' lang='grc' dir='ltr'>ἐστι</span> <span class='ocrx_word' id='word_1_632' title='bbox 3111 4133 3126 4147; x_wconf 75' lang='grc'><strong><em>⁸</em></strong></span> <span class='ocrx_word' id='word_1_633' title='bbox 3161 4117 3335 4170; x_wconf 90' lang='grc' dir='ltr'>τοίνυν</span> <span class='ocrx_word' id='word_1_634' title='bbox 3353 4117 3422 4170; x_wconf 84' lang='grc' dir='ltr'>τὰ</span> <span class='ocrx_word' id='word_1_635' title='bbox 3449 4120 3641 4188; x_wconf 86' lang='grc' dir='ltr'>γεννή-</span> 
     </span>
    </p>
   </div>
   <div class='ocr_carea' id='block_1_84' title="bbox 2075 4207 3641 4279">
    <p class='ocr_par' dir='ltr' id='par_1_84' title="bbox 2075 4207 3641 4279">
     <span class='ocr_line' id='line_1_85' title="bbox 2075 4207 3641 4279; baseline 0.001 -19"><span class='ocrx_word' id='word_1_636' title='bbox 2075 4225 2217 4276; x_wconf 83' lang='grc' dir='ltr'>ματα</span> <span class='ocrx_word' id='word_1_637' title='bbox 2248 4207 2356 4261; x_wconf 92' lang='grc' dir='ltr'><strong>τῶν</strong></span> <span class='ocrx_word' id='word_1_638' title='bbox 2386 4207 2562 4279; x_wconf 82' lang='grc' dir='ltr'>ἔργων</span> <span class='ocrx_word' id='word_1_639' title='bbox 2601 4207 2781 4260; x_wconf 77' lang='grc' dir='ltr'>αὐτῶν</span> <span class='ocrx_word' id='word_1_640' title='bbox 2811 4207 3092 4278; x_wconf 80' lang='grc' dir='ltr'>φάγονται.</span> <span class='ocrx_word' id='word_1_641' title='bbox 3120 4227 3138 4259; x_wconf 66' lang='grc' dir='ltr'><strong>ν</strong></span> <span class='ocrx_word' id='word_1_642' title='bbox 3169 4208 3280 4261; x_wconf 78' lang='lat' dir='ltr'><strong>Kal</strong></span> <span class='ocrx_word' id='word_1_643' title='bbox 3315 4209 3641 4279; x_wconf 75' lang='grc' dir='ltr'>η’λεγομένη</span> 
     </span>
    </p>
   </div>
   <div class='ocr_carea' id='block_1_85' title="bbox 2071 4298 3640 4371">
    <p class='ocr_par' dir='ltr' id='par_1_85' title="bbox 2071 4298 3640 4371">
     <span class='ocr_line' id='line_1_86' title="bbox 2071 4298 3640 4371; baseline -0.001 -20"><span class='ocrx_word' id='word_1_644' title='bbox 2071 4300 2410 4370; x_wconf 85' lang='grc' dir='ltr'>Σολομῶντος</span> <span class='ocrx_word' id='word_1_645' title='bbox 2440 4300 2608 4370; x_wconf 84' lang='grc' dir='ltr'>Σοφία</span> <span class='ocrx_word' id='word_1_646' title='bbox 2647 4299 2716 4353; x_wconf 81' lang='grc' dir='ltr'>τὰ</span> <span class='ocrx_word' id='word_1_647' title='bbox 2748 4300 3102 4371; x_wconf 81' lang='grc' dir='ltr'>παραπλήσια</span> <span class='ocrx_word' id='word_1_648' title='bbox 3133 4301 3245 4361; x_wconf 85' lang='grc' dir='ltr'>τοῖς</span> <span class='ocrx_word' id='word_1_649' title='bbox 3287 4298 3474 4352; x_wconf 79' lang='grc' dir='ltr'>ἐνθάδε</span> <span class='ocrx_word' id='word_1_650' title='bbox 3514 4300 3640 4371; x_wconf 73' lang='grc' dir='ltr'>περὶ</span> 
     </span>
    </p>
   </div>
   <div class='ocr_carea' id='block_1_86' title="bbox 395 4389 1984 4462">
    <p class='ocr_par' dir='ltr' id='par_1_86' title="bbox 395 4389 1972 4461">
     <span class='ocr_line' id='line_1_87' title="bbox 395 4389 1972 4461; baseline 0.001 -20"><span class='ocrx_word' id='word_1_651' title='bbox 395 4389 810 4445; x_wconf 83' lang='lat' dir='ltr'><strong>cumveniamus</strong></span> <span class='ocrx_word' id='word_1_652' title='bbox 841 4405 970 4461; x_wconf 86' lang='lat' dir='ltr'><strong>ergo</strong></span> <span class='ocrx_word' id='word_1_653' title='bbox 999 4391 1503 4461; x_wconf 86' lang='lat' dir='ltr'><strong>justum,quoniam</strong></span> <span class='ocrx_word' id='word_1_654' title='bbox 1529 4389 1738 4445; x_wconf 85' lang='lat' dir='ltr'><strong>inutilis</strong></span> <span class='ocrx_word' id='word_1_655' title='bbox 1761 4396 1844 4444; x_wconf 87' lang='lat' dir='ltr'><strong>est</strong></span> <span class='ocrx_word' id='word_1_656' title='bbox 1873 4404 1972 4443; x_wconf 87' lang='lat' dir='ltr'><strong>no-</strong></span> 
     </span>
    </p>
   </div>
   <div class='ocr_carea' id='block_1_87' title="bbox 2086 4389 3639 4462">
    <p class='ocr_par' dir='ltr' id='par_1_87' title="bbox 2086 4389 3639 4462">
     <span class='ocr_line' id='line_1_88' title="bbox 2086 4389 3639 4462; baseline -0.001 -20"><span class='ocrx_word' id='word_1_657' title='bbox 2086 4390 2160 4443; x_wconf 74' lang='grc' dir='ltr'><strong>τοῦ</strong></span> <span class='ocrx_word' id='word_1_658' title='bbox 2188 4391 2396 4445; x_wconf 86' lang='grc' dir='ltr'>δικαίου</span> <span class='ocrx_word' id='word_1_659' title='bbox 2422 4390 2764 4461; x_wconf 85' lang='grc' dir='ltr'>λελεγμένοις</span> <span class='ocrx_word' id='word_1_660' title='bbox 2795 4389 2966 4453; x_wconf 81' lang='grc' dir='ltr'>οὕτως</span> <span class='ocrx_word' id='word_1_661' title='bbox 2989 4391 3100 4461; x_wconf 77' lang='grc' dir='ltr'>ἔχει</span> <span class='ocrx_word' id='word_1_662' title='bbox 3119 4408 3133 4420; x_wconf 90' lang='grc'><strong>·</strong></span> <span class='ocrx_word' id='word_1_663' title='bbox 3162 4408 3182 4442; x_wconf 74' lang='grc' dir='ltr'><strong>ι</strong></span> <span class='ocrx_word' id='word_1_664' title='bbox 3205 4390 3639 4462; x_wconf 76' lang='grc' dir='ltr'>Ἐνεδρεύσὶυμεν</span> 
     </span>
    </p>
   </div>
   <div class='ocr_carea' id='block_1_88' title="bbox 394 4477 1984 4552">
    <p class='ocr_par' dir='ltr' id='par_1_88' title="bbox 394 4477 1968 4546">
     <span class='ocr_line' id='line_1_89' title="bbox 394 4477 1968 4546; baseline 0.001 -15"><span class='ocrx_word' id='word_1_665' title='bbox 394 4477 481 4533; x_wconf 86' lang='lat' dir='ltr'><strong>bis</strong></span> <span class='ocrx_word' id='word_1_666' title='bbox 509 4485 566 4532; x_wconf 89' lang='lat' dir='ltr'><strong>et</strong></span> <span class='ocrx_word' id='word_1_667' title='bbox 597 4479 908 4534; x_wconf 86' lang='lat' dir='ltr'><strong>contrarius</strong></span> <span class='ocrx_word' id='word_1_668' title='bbox 951 4487 1036 4534; x_wconf 90' lang='lat' dir='ltr'><strong>est</strong></span> <span class='ocrx_word' id='word_1_669' title='bbox 1074 4479 1259 4534; x_wconf 80' lang='lat' dir='ltr'><strong>verbis</strong></span> <span class='ocrx_word' id='word_1_670' title='bbox 1289 4479 1500 4535; x_wconf 86' lang='lat' dir='ltr'><strong>nostris</strong></span> <span class='ocrx_word' id='word_1_671' title='bbox 1523 4480 1565 4534; x_wconf 83' lang='grc'><strong>⁵.</strong></span> <span class='ocrx_word' id='word_1_672' title='bbox 1611 4497 1630 4530; x_wconf 73' lang='grc' dir='ltr'><strong>ι</strong></span> <span class='ocrx_word' id='word_1_673' title='bbox 1667 4477 1843 4546; x_wconf 85' lang='lat' dir='ltr'><strong>Hujus</strong></span> <span class='ocrx_word' id='word_1_674' title='bbox 1866 4477 1968 4532; x_wconf 89' lang='lat' dir='ltr'><strong>loci</strong></span> 
     </span>
    </p>
   </div>
   <div class='ocr_carea' id='block_1_89' title="bbox 2086 4477 3637 4552">
    <p class='ocr_par' dir='ltr' id='par_1_89' title="bbox 2086 4480 3637 4552">
     <span class='ocr_line' id='line_1_90' title="bbox 2086 4480 3637 4552; baseline -0.001 -20"><span class='ocrx_word' id='word_1_675' title='bbox 2086 4480 2160 4534; x_wconf 73' lang='grc' dir='ltr'>τὸν</span> <span class='ocrx_word' id='word_1_676' title='bbox 2181 4481 2405 4544; x_wconf 86' lang='grc' dir='ltr'>δίκαιον,</span> <span class='ocrx_word' id='word_1_677' title='bbox 2419 4483 2501 4534; x_wconf 82' lang='grc' dir='ltr'>ὅτι</span> <span class='ocrx_word' id='word_1_678' title='bbox 2521 4481 2855 4552; x_wconf 86' lang='grc' dir='ltr'>δύσχρηστος</span> <span class='ocrx_word' id='word_1_679' title='bbox 2870 4483 3002 4552; x_wconf 81' lang='grc' dir='ltr'>ἡμῖν</span> <span class='ocrx_word' id='word_1_680' title='bbox 3022 4482 3158 4545; x_wconf 84' lang='grc' dir='ltr'>ἐστι,</span> <span class='ocrx_word' id='word_1_681' title='bbox 3180 4482 3274 4534; x_wconf 78' lang='grc' dir='ltr'>καὶ</span> <span class='ocrx_word' id='word_1_682' title='bbox 3301 4480 3637 4534; x_wconf 83' lang='grc' dir='ltr'>ἐναντιοῦται</span> 
     </span>
    </p>
   </div>
   <div class='ocr_carea' id='block_1_90' title="bbox 391 4569 1984 4643">
    <p class='ocr_par' dir='ltr' id='par_1_90' title="bbox 391 4569 1964 4635">
     <span class='ocr_line' id='line_1_91' title="bbox 391 4569 1964 4635; baseline 0.001 -13"><span class='ocrx_word' id='word_1_683' title='bbox 391 4569 560 4626; x_wconf 86' lang='lat' dir='ltr'><strong>verba</strong></span> <span class='ocrx_word' id='word_1_684' title='bbox 582 4570 862 4626; x_wconf 83' lang='lat' dir='ltr'><strong>evidenter</strong></span> <span class='ocrx_word' id='word_1_685' title='bbox 878 4570 945 4626; x_wconf 89' lang='lat' dir='ltr'><strong>de</strong></span> <span class='ocrx_word' id='word_1_686' title='bbox 973 4572 1196 4628; x_wconf 89' lang='lat' dir='ltr'><strong>Christo</strong></span> <span class='ocrx_word' id='word_1_687' title='bbox 1220 4571 1369 4626; x_wconf 91' lang='lat' dir='ltr'><strong>dicta</strong></span> <span class='ocrx_word' id='word_1_688' title='bbox 1391 4586 1516 4626; x_wconf 90' lang='lat' dir='ltr'><strong>esse</strong></span> <span class='ocrx_word' id='word_1_689' title='bbox 1530 4569 1824 4635; x_wconf 88' lang='lat' dir='ltr'><strong>videntur;</strong></span> <span class='ocrx_word' id='word_1_690' title='bbox 1855 4570 1964 4624; x_wconf 91' lang='lat' dir='ltr'><strong>illic</strong></span> 
     </span>
    </p>
   </div>
   <div class='ocr_carea' id='block_1_91' title="bbox 2086 4569 3636 4643">
    <p class='ocr_par' dir='ltr' id='par_1_91' title="bbox 2086 4569 3636 4643">
     <span class='ocr_line' id='line_1_92' title="bbox 2086 4569 3636 4643; baseline 0 -20"><span class='ocrx_word' id='word_1_691' title='bbox 2086 4573 2179 4634; x_wconf 74' lang='grc' dir='ltr'>τοῖς</span> <span class='ocrx_word' id='word_1_692' title='bbox 2193 4572 2368 4639; x_wconf 84' lang='grc' dir='ltr'>λόγοις</span> <span class='ocrx_word' id='word_1_693' title='bbox 2391 4575 2424 4643; x_wconf 85' lang='grc' dir='ltr'>ὴ</span> <span class='ocrx_word' id='word_1_694' title='bbox 2433 4571 2565 4642; x_wconf 91' lang='grc' dir='ltr'>μῶν.</span> <span class='ocrx_word' id='word_1_695' title='bbox 2581 4571 2794 4624; x_wconf 75' lang='grc' dir='ltr'>»Ταῦτα</span> <span class='ocrx_word' id='word_1_696' title='bbox 2819 4570 2877 4624; x_wconf 84' lang='grc' dir='ltr'>δὲ</span> <span class='ocrx_word' id='word_1_697' title='bbox 2899 4572 2956 4623; x_wconf 89' lang='grc' dir='ltr'><strong>ἐν</strong></span> <span class='ocrx_word' id='word_1_698' title='bbox 2992 4571 3219 4633; x_wconf 85' lang='grc' dir='ltr'>ἐκείνοις</span> <span class='ocrx_word' id='word_1_699' title='bbox 3241 4569 3428 4639; x_wconf 85' lang='grc' dir='ltr'>σαφῶς</span> <span class='ocrx_word' id='word_1_700' title='bbox 3461 4572 3523 4622; x_wconf 87' lang='grc' dir='ltr'><strong>ἐκ</strong></span> <span class='ocrx_word' id='word_1_701' title='bbox 3538 4571 3636 4640; x_wconf 81' lang='grc' dir='ltr'>τῆς</span> 
     </span>
    </p>
   </div>
   <div class='ocr_carea' id='block_1_92' title="bbox 391 4659 1984 4734">
    <p class='ocr_par' dir='ltr' id='par_1_92' title="bbox 391 4660 1964 4734">
     <span class='ocr_line' id='line_1_93' title="bbox 391 4660 1964 4734; baseline 0 -20"><span class='ocrx_word' id='word_1_702' title='bbox 391 4679 522 4719; x_wconf 79' lang='lat' dir='ltr'><strong>vero</strong></span> <span class='ocrx_word' id='word_1_703' title='bbox 553 4663 622 4718; x_wconf 90' lang='lat' dir='ltr'><strong>de</strong></span> <span class='ocrx_word' id='word_1_704' title='bbox 669 4663 1057 4719; x_wconf 83' lang='lat' dir='ltr'><strong>insidiantibus</strong></span> <span class='ocrx_word' id='word_1_705' title='bbox 1085 4665 1156 4728; x_wconf 89' lang='lat' dir='ltr'><strong>ei,</strong></span> <span class='ocrx_word' id='word_1_706' title='bbox 1184 4672 1345 4734; x_wconf 85' lang='lat' dir='ltr'><strong>atque</strong></span> <span class='ocrx_word' id='word_1_707' title='bbox 1374 4665 1428 4717; x_wconf 90' lang='lat' dir='ltr'><strong>in</strong></span> <span class='ocrx_word' id='word_1_708' title='bbox 1473 4662 1666 4732; x_wconf 89' lang='lat' dir='ltr'><strong>primis</strong></span> <span class='ocrx_word' id='word_1_709' title='bbox 1705 4660 1964 4715; x_wconf 82' lang='lat' dir='ltr'><strong>adversus</strong></span> 
     </span>
    </p>
   </div>
   <div class='ocr_carea' id='block_1_93' title="bbox 2086 4659 3632 4734">
    <p class='ocr_par' dir='ltr' id='par_1_93' title="bbox 2086 4659 3632 4733">
     <span class='ocr_line' id='line_1_94' title="bbox 2086 4659 3632 4733; baseline 0 -20"><span class='ocrx_word' id='word_1_710' title='bbox 2086 4662 2431 4733; x_wconf 69' lang='grc' dir='ltr'>ιυμφράσεως</span> <span class='ocrx_word' id='word_1_711' title='bbox 2460 4661 2777 4731; x_wconf 85' lang='grc' dir='ltr'>ἐμφαίνεται</span> <span class='ocrx_word' id='word_1_712' title='bbox 2800 4659 3044 4732; x_wconf 75' lang='grc' dir='ltr'>περὶτοῦ</span> <span class='ocrx_word' id='word_1_713' title='bbox 3071 4659 3306 4732; x_wconf 84' lang='grc' dir='ltr'>Χριστοῦ</span> <span class='ocrx_word' id='word_1_714' title='bbox 3337 4660 3598 4732; x_wconf 69' lang='grc' dir='ltr'>εἰρημένα</span> <span class='ocrx_word' id='word_1_715' title='bbox 3618 4678 3632 4690; x_wconf 77' lang='grc' dir='ltr'><strong>ο</strong></span> 
     </span>
    </p>
   </div>
   <div class='ocr_carea' id='block_1_94' title="bbox 389 4753 1962 4826">
    <p class='ocr_par' dir='ltr' id='par_1_94' title="bbox 389 4753 1962 4826">
     <span class='ocr_line' id='line_1_95' title="bbox 389 4753 1962 4826; baseline -0.003 -16"><span class='ocrx_word' id='word_1_716' title='bbox 389 4771 486 4811; x_wconf 88' lang='lat' dir='ltr'><strong>eos</strong></span> <span class='ocrx_word' id='word_1_717' title='bbox 509 4755 603 4826; x_wconf 91' lang='lat' dir='ltr'><strong>qui</strong></span> <span class='ocrx_word' id='word_1_718' title='bbox 636 4756 836 4809; x_wconf 88' lang='lat' dir='ltr'><strong>malum</strong></span> <span class='ocrx_word' id='word_1_719' title='bbox 866 4755 1108 4810; x_wconf 88' lang='lat' dir='ltr'><strong>meditati</strong></span> <span class='ocrx_word' id='word_1_720' title='bbox 1142 4764 1270 4810; x_wconf 90' lang='lat' dir='ltr'><strong>sunt</strong></span> <span class='ocrx_word' id='word_1_721' title='bbox 1298 4754 1589 4810; x_wconf 89' lang='lat' dir='ltr'><strong>consilium</strong></span> <span class='ocrx_word' id='word_1_722' title='bbox 1623 4753 1962 4824; x_wconf 79' lang='lat' dir='ltr'><strong>prapbetiza-</strong></span> 
     </span>
    </p>
   </div>
   <div class='ocr_carea' id='block_1_95' title="bbox 391 4843 1963 4916">
    <p class='ocr_par' dir='ltr' id='par_1_95' title="bbox 391 4843 1963 4916">
     <span class='ocr_line' id='line_1_96' title="bbox 391 4843 1963 4916; baseline 0 -19"><span class='ocrx_word' id='word_1_723' title='bbox 391 4853 498 4900; x_wconf 88' lang='lat' dir='ltr'><strong>tur.</strong></span> <span class='ocrx_word' id='word_1_724' title='bbox 525 4847 758 4915; x_wconf 82' lang='lat' dir='ltr'><strong>ideoque</strong></span> <span class='ocrx_word' id='word_1_725' title='bbox 779 4847 1227 4916; x_wconf 88' lang='lat' dir='ltr'><strong>imprecationem</strong></span> <span class='ocrx_word' id='word_1_726' title='bbox 1260 4845 1315 4898; x_wconf 93' lang='lat' dir='ltr'><strong>in</strong></span> <span class='ocrx_word' id='word_1_727' title='bbox 1346 4859 1441 4898; x_wconf 84' lang='lat' dir='ltr'><strong>eos</strong></span> <span class='ocrx_word' id='word_1_728' title='bbox 1480 4843 1759 4912; x_wconf 85' lang='lat' dir='ltr'><strong>Scriptura</strong></span> <span class='ocrx_word' id='word_1_729' title='bbox 1789 4843 1963 4913; x_wconf 82' lang='lat' dir='ltr'><strong>subji-</strong></span> 
     </span>
    </p>
   </div>
   <div class='ocr_carea' id='block_1_96' title="bbox 387 4935 1958 5003">
    <p class='ocr_par' dir='ltr' id='par_1_96' title="bbox 387 4935 1958 5003">
     <span class='ocr_line' id='line_1_97' title="bbox 387 4935 1958 5003; baseline -0.002 -13"><span class='ocrx_word' id='word_1_730' title='bbox 387 4938 460 4991; x_wconf 87' lang='lat' dir='ltr'><strong>cit</strong></span> <span class='ocrx_word' id='word_1_731' title='bbox 489 4957 501 4992; x_wconf 89' lang='lat'><strong>:</strong></span> <span class='ocrx_word' id='word_1_732' title='bbox 535 4957 553 4989; x_wconf 77' lang='grc' dir='ltr'><strong>ι</strong></span> <span class='ocrx_word' id='word_1_733' title='bbox 594 4938 688 4992; x_wconf 69' lang='grc' dir='ltr'><strong>ναι</strong></span> <span class='ocrx_word' id='word_1_734' title='bbox 715 4937 911 4991; x_wconf 67' lang='lat' dir='ltr'><strong>anima:</strong></span> <span class='ocrx_word' id='word_1_735' title='bbox 946 4953 1167 5002; x_wconf 89' lang='lat' dir='ltr'><strong>eorum;</strong></span> <span class='ocrx_word' id='word_1_736' title='bbox 1208 4955 1225 4984; x_wconf 75' lang='grc' dir='ltr'><strong>ι</strong></span> <span class='ocrx_word' id='word_1_737' title='bbox 1262 4935 1355 4990; x_wconf 89' lang='lat' dir='ltr'><strong>scd</strong></span> <span class='ocrx_word' id='word_1_738' title='bbox 1386 4941 1439 4989; x_wconf 90' lang='lat' dir='ltr'><strong>et</strong></span> <span class='ocrx_word' id='word_1_739' title='bbox 1471 4949 1685 5003; x_wconf 67' lang='lat' dir='ltr'><strong>pinnam</strong></span> <span class='ocrx_word' id='word_1_740' title='bbox 1711 4949 1831 5000; x_wconf 67' lang='lat' dir='ltr'><strong>quae</strong></span> <span class='ocrx_word' id='word_1_741' title='bbox 1863 4948 1958 4987; x_wconf 89' lang='lat' dir='ltr'><strong>eos</strong></span> 
     </span>
    </p>
   </div>
   <div class='ocr_carea' id='block_1_97' title="bbox 387 5026 1956 5094">
    <p class='ocr_par' dir='ltr' id='par_1_97' title="bbox 387 5026 1956 5094">
     <span class='ocr_line' id='line_1_98' title="bbox 387 5026 1956 5094; baseline -0.002 -13"><span class='ocrx_word' id='word_1_742' title='bbox 387 5036 572 5084; x_wconf 85' lang='lat' dir='ltr'><strong>manet</strong></span> <span class='ocrx_word' id='word_1_743' title='bbox 611 5029 783 5094; x_wconf 85' lang='lat' dir='ltr'><strong>addit,</strong></span> <span class='ocrx_word' id='word_1_744' title='bbox 816 5030 1008 5084; x_wconf 85' lang='lat' dir='ltr'><strong>dicens</strong></span> <span class='ocrx_word' id='word_1_745' title='bbox 1043 5047 1056 5084; x_wconf 91' lang='lat'><strong>:</strong></span> <span class='ocrx_word' id='word_1_746' title='bbox 1109 5046 1127 5078; x_wconf 75' lang='grc' dir='ltr'><strong>ι</strong></span> <span class='ocrx_word' id='word_1_747' title='bbox 1201 5026 1460 5081; x_wconf 78' lang='lat' dir='ltr'><strong>Fructum</strong></span> <span class='ocrx_word' id='word_1_748' title='bbox 1509 5026 1956 5081; x_wconf 83' lang='lat' dir='ltr'><strong>adinventionum</strong></span> 
     </span>
    </p>
   </div>
   <div class='ocr_carea' id='block_1_98' title="bbox 386 5114 1956 5182">
    <p class='ocr_par' dir='ltr' id='par_1_98' title="bbox 386 5114 1956 5182">
     <span class='ocr_line' id='line_1_99' title="bbox 386 5114 1956 5182; baseline -0.003 -12"><span class='ocrx_word' id='word_1_749' title='bbox 386 5133 610 5172; x_wconf 89' lang='lat' dir='ltr'><strong>suarum</strong></span> <span class='ocrx_word' id='word_1_750' title='bbox 669 5119 971 5174; x_wconf 85' lang='lat' dir='ltr'><strong>comedent.</strong></span> <span class='ocrx_word' id='word_1_751' title='bbox 1017 5137 1035 5169; x_wconf 74' lang='grc' dir='ltr'><strong>ι</strong></span> <span class='ocrx_word' id='word_1_752' title='bbox 1074 5116 1205 5182; x_wconf 68' lang='lat' dir='ltr'><strong>Quae</strong></span> <span class='ocrx_word' id='word_1_753' title='bbox 1249 5116 1393 5170; x_wconf 88' lang='lat' dir='ltr'><strong>enim</strong></span> <span class='ocrx_word' id='word_1_754' title='bbox 1448 5116 1854 5169; x_wconf 74' lang='lat' dir='ltr'><strong>seminaverunt</strong></span> <span class='ocrx_word' id='word_1_755' title='bbox 1899 5114 1956 5166; x_wconf 91' lang='lat' dir='ltr'><strong>in</strong></span> 
     </span>
    </p>
   </div>
   <div class='ocr_carea' id='block_1_99' title="bbox 381 5204 1957 5277">
    <p class='ocr_par' dir='ltr' id='par_1_99' title="bbox 381 5204 1957 5277">
     <span class='ocr_line' id='line_1_100' title="bbox 381 5204 1957 5277; baseline -0.003 -14"><span class='ocrx_word' id='word_1_756' title='bbox 381 5209 683 5273; x_wconf 84' lang='lat' dir='ltr'><strong>Christum,</strong></span> <span class='ocrx_word' id='word_1_757' title='bbox 708 5210 823 5263; x_wconf 70' lang='lat' dir='ltr'><strong>haec</strong></span> <span class='ocrx_word' id='word_1_758' title='bbox 857 5217 911 5263; x_wconf 90' lang='lat' dir='ltr'><strong>et</strong></span> <span class='ocrx_word' id='word_1_759' title='bbox 954 5215 1159 5262; x_wconf 88' lang='lat' dir='ltr'><strong>meteut</strong></span> <span class='ocrx_word' id='word_1_760' title='bbox 1199 5207 1250 5259; x_wconf 89' lang='lat' dir='ltr'><strong>in</strong></span> <span class='ocrx_word' id='word_1_761' title='bbox 1296 5205 1388 5260; x_wconf 92' lang='lat' dir='ltr'><strong>Dei</strong></span> <span class='ocrx_word' id='word_1_762' title='bbox 1429 5207 1656 5277; x_wconf 89' lang='lat' dir='ltr'><strong>judicio.</strong></span> <span class='ocrx_word' id='word_1_763' title='bbox 1685 5204 1804 5260; x_wconf 81' lang='lat' dir='ltr'><strong>Jam</strong></span> <span class='ocrx_word' id='word_1_764' title='bbox 1833 5206 1957 5274; x_wconf 89' lang='lat' dir='ltr'><strong>qui-</strong></span> 
     </span>
    </p>
   </div>
   <div class='ocr_carea' id='block_1_100' title="bbox 2064 4751 3634 4825">
    <p class='ocr_par' dir='ltr' id='par_1_100' title="bbox 2064 4751 3634 4825">
     <span class='ocr_line' id='line_1_101' title="bbox 2064 4751 3634 4825; baseline -0.004 -17"><span class='ocrx_word' id='word_1_765' title='bbox 2064 4757 2160 4809; x_wconf 64' lang='grc' dir='ltr'><strong>καὶ</strong></span> <span class='ocrx_word' id='word_1_766' title='bbox 2190 4754 2260 4807; x_wconf 76' lang='grc' dir='ltr'>τὰ</span> <span class='ocrx_word' id='word_1_767' title='bbox 2292 4754 2478 4808; x_wconf 83' lang='grc' dir='ltr'>ἐνθάδε</span> <span class='ocrx_word' id='word_1_768' title='bbox 2514 4751 2804 4824; x_wconf 86' lang='grc' dir='ltr'>τοιγαροῦν</span> <span class='ocrx_word' id='word_1_769' title='bbox 2834 4753 2963 4825; x_wconf 64' lang='grc' dir='ltr'>περὶ</span> <span class='ocrx_word' id='word_1_770' title='bbox 2992 4753 3101 4806; x_wconf 90' lang='grc' dir='ltr'><strong>τῶν</strong></span> <span class='ocrx_word' id='word_1_771' title='bbox 3131 4753 3634 4806; x_wconf 68' lang='grc' dir='ltr'>ἐπιϐουλευσάντων</span> 
     </span>
    </p>
   </div>
   <div class='ocr_carea' id='block_1_101' title="bbox 2062 4842 3635 4918">
    <p class='ocr_par' dir='ltr' id='par_1_101' title="bbox 2062 4842 3635 4918">
     <span class='ocr_line' id='line_1_102' title="bbox 2062 4842 3635 4918; baseline -0.004 -17"><span class='ocrx_word' id='word_1_772' title='bbox 2062 4847 2210 4917; x_wconf 83' lang='grc' dir='ltr'>αὐτῷ</span> <span class='ocrx_word' id='word_1_773' title='bbox 2235 4848 2329 4900; x_wconf 78' lang='grc' dir='ltr'>καὶ</span> <span class='ocrx_word' id='word_1_774' title='bbox 2369 4845 2488 4900; x_wconf 82' lang='grc' dir='ltr'>καθ’</span> <span class='ocrx_word' id='word_1_775' title='bbox 2515 4845 2720 4898; x_wconf 87' lang='grc' dir='ltr'>ἐαυτῶν</span> <span class='ocrx_word' id='word_1_776' title='bbox 2751 4844 2949 4915; x_wconf 79' lang='grc' dir='ltr'>μᾶλλον</span> <span class='ocrx_word' id='word_1_777' title='bbox 2976 4846 3118 4918; x_wconf 69' lang='grc' dir='ltr'>ἥπερ</span> <span class='ocrx_word' id='word_1_778' title='bbox 3139 4845 3259 4898; x_wconf 82' lang='grc' dir='ltr'>κατ’</span> <span class='ocrx_word' id='word_1_779' title='bbox 3283 4842 3448 4898; x_wconf 84' lang='grc' dir='ltr'>αὐτοῦ</span> <span class='ocrx_word' id='word_1_780' title='bbox 3476 4860 3635 4912; x_wconf 86' lang='grc' dir='ltr'>πονη-</span> 
     </span>
    </p>
   </div>
   <div class='ocr_carea' id='block_1_102' title="bbox 2066 4931 3635 5008">
    <p class='ocr_par' dir='ltr' id='par_1_102' title="bbox 2066 4931 3635 5008">
     <span class='ocr_line' id='line_1_103' title="bbox 2066 4931 3635 5008; baseline -0.004 -20"><span class='ocrx_word' id='word_1_781' title='bbox 2066 4934 2164 5008; x_wconf 79' lang='grc' dir='ltr'><strong>ρὰν</strong></span> <span class='ocrx_word' id='word_1_782' title='bbox 2200 4934 2389 5007; x_wconf 82' lang='grc' dir='ltr'>βουλὴν</span> <span class='ocrx_word' id='word_1_783' title='bbox 2449 4932 2886 5004; x_wconf 86' lang='grc' dir='ltr'>βουλευσαμένων</span> <span class='ocrx_word' id='word_1_784' title='bbox 2915 4932 3346 5004; x_wconf 84' lang='grc' dir='ltr'>προφητεύεται·</span> <span class='ocrx_word' id='word_1_785' title='bbox 3381 4932 3447 4984; x_wconf 77' lang='grc' dir='ltr'>δι’</span> <span class='ocrx_word' id='word_1_786' title='bbox 3487 4931 3514 4983; x_wconf 81' lang='grc' dir='ltr'><strong>δ</strong></span> <span class='ocrx_word' id='word_1_787' title='bbox 3539 4931 3635 4983; x_wconf 79' lang='grc' dir='ltr'><strong>καὶ</strong></span> 
     </span>
    </p>
   </div>
   <div class='ocr_carea' id='block_1_103' title="bbox 2061 5023 3632 5098">
    <p class='ocr_par' dir='ltr' id='par_1_103' title="bbox 2061 5023 3632 5098">
     <span class='ocr_line' id='line_1_104' title="bbox 2061 5023 3632 5098; baseline -0.005 -16"><span class='ocrx_word' id='word_1_788' title='bbox 2061 5027 2412 5098; x_wconf 86' lang='grc' dir='ltr'>καταλλήλως</span> <span class='ocrx_word' id='word_1_789' title='bbox 2444 5025 2535 5079; x_wconf 84' lang='grc' dir='ltr'>τὸν</span> <span class='ocrx_word' id='word_1_790' title='bbox 2586 5025 2911 5096; x_wconf 78' lang='grc' dir='ltr'>ταλανισμὸν</span> <span class='ocrx_word' id='word_1_791' title='bbox 2938 5026 3148 5088; x_wconf 73' lang='grc' dir='ltr'>ἑαυτοῖς</span> <span class='ocrx_word' id='word_1_792' title='bbox 3176 5027 3205 5078; x_wconf 86' lang='grc' dir='ltr'><strong>ό</strong></span> <span class='ocrx_word' id='word_1_793' title='bbox 3247 5025 3401 5092; x_wconf 84' lang='grc' dir='ltr'>λόγος</span> <span class='ocrx_word' id='word_1_794' title='bbox 3435 5023 3632 5089; x_wconf 81' lang='grc' dir='ltr'>ἐπάγει</span> 
     </span>
    </p>
   </div>
   <div class='ocr_carea' id='block_1_104' title="bbox 2057 5111 3630 5185">
    <p class='ocr_par' dir='ltr' id='par_1_104' title="bbox 2057 5111 3630 5185">
     <span class='ocr_line' id='line_1_105' title="bbox 2057 5111 3630 5185; baseline -0.001 -17"><span class='ocrx_word' id='word_1_795' title='bbox 2057 5116 2145 5169; x_wconf 77' lang='grc' dir='ltr'><strong>δοά</strong></span> <span class='ocrx_word' id='word_1_796' title='bbox 2173 5116 2290 5179; x_wconf 90' lang='grc' dir='ltr'>τοῦ,</span> <span class='ocrx_word' id='word_1_797' title='bbox 2321 5134 2340 5167; x_wconf 74' lang='grc' dir='ltr'><strong>ι</strong></span> <span class='ocrx_word' id='word_1_798' title='bbox 2377 5116 2513 5168; x_wconf 74' lang='grc' dir='ltr'>Οὐαὶ</span> <span class='ocrx_word' id='word_1_799' title='bbox 2540 5118 2605 5185; x_wconf 79' lang='grc' dir='ltr'>τῇ</span> <span class='ocrx_word' id='word_1_800' title='bbox 2649 5115 2793 5185; x_wconf 78' lang='grc' dir='ltr'>ψυχῇ</span> <span class='ocrx_word' id='word_1_801' title='bbox 2834 5113 3041 5167; x_wconf 82' lang='grc' dir='ltr'>αὐτῶν·</span> <span class='ocrx_word' id='word_1_802' title='bbox 3081 5132 3101 5165; x_wconf 84' lang='grc'><strong>›</strong></span> <span class='ocrx_word' id='word_1_803' title='bbox 3127 5112 3264 5166; x_wconf 81' lang='grc' dir='ltr'><strong>ἀλλά</strong></span> <span class='ocrx_word' id='word_1_804' title='bbox 3291 5113 3384 5166; x_wconf 74' lang='grc' dir='ltr'>καὶ</span> <span class='ocrx_word' id='word_1_805' title='bbox 3410 5112 3508 5183; x_wconf 83' lang='grc' dir='ltr'>τὴν</span> <span class='ocrx_word' id='word_1_806' title='bbox 3533 5111 3630 5166; x_wconf 84' lang='grc' dir='ltr'>κό-</span> 
     </span>
    </p>
   </div>
   <div class='ocr_carea' id='block_1_105' title="bbox 2057 5203 3626 5278">
    <p class='ocr_par' dir='ltr' id='par_1_105' title="bbox 2057 5203 3626 5278">
     <span class='ocr_line' id='line_1_106' title="bbox 2057 5203 3626 5278; baseline -0.002 -17"><span class='ocrx_word' id='word_1_807' title='bbox 2057 5207 2212 5261; x_wconf 85' lang='grc' dir='ltr'>λασιν</span> <span class='ocrx_word' id='word_1_808' title='bbox 2253 5207 2355 5277; x_wconf 81' lang='grc' dir='ltr'>τὴν</span> <span class='ocrx_word' id='word_1_809' title='bbox 2394 5207 2793 5278; x_wconf 82' lang='grc' dir='ltr'>περιμένουσαν</span> <span class='ocrx_word' id='word_1_810' title='bbox 2829 5205 3028 5269; x_wconf 83' lang='grc' dir='ltr'>αὐτοὺς</span> <span class='ocrx_word' id='word_1_811' title='bbox 3070 5204 3361 5276; x_wconf 79' lang='grc' dir='ltr'>προτίθησι</span> <span class='ocrx_word' id='word_1_812' title='bbox 3411 5203 3582 5271; x_wconf 84' lang='grc' dir='ltr'>λέγων</span> <span class='ocrx_word' id='word_1_813' title='bbox 3609 5219 3626 5234; x_wconf 68' lang='grc' dir='ltr'><strong>ο</strong></span> 
     </span>
    </p>
   </div>
   <div class='ocr_carea' id='block_1_106' title="bbox 381 5295 1984 5368">
    <p class='ocr_par' dir='ltr' id='par_1_106' title="bbox 381 5297 1954 5367">
     <span class='ocr_line' id='line_1_107' title="bbox 381 5297 1954 5367; baseline -0.003 -15"><span class='ocrx_word' id='word_1_814' title='bbox 381 5303 504 5356; x_wconf 65' lang='lat' dir='ltr'><strong>item</strong></span> <span class='ocrx_word' id='word_1_815' title='bbox 554 5303 608 5356; x_wconf 90' lang='lat' dir='ltr'><strong>in</strong></span> <span class='ocrx_word' id='word_1_816' title='bbox 654 5302 755 5355; x_wconf 90' lang='lat' dir='ltr'><strong>hac</strong></span> <span class='ocrx_word' id='word_1_817' title='bbox 796 5301 906 5355; x_wconf 84' lang='lat' dir='ltr'><strong>vita</strong></span> <span class='ocrx_word' id='word_1_818' title='bbox 948 5300 1071 5354; x_wconf 76' lang='lat' dir='ltr'><strong>vide</strong></span> <span class='ocrx_word' id='word_1_819' title='bbox 1115 5313 1297 5353; x_wconf 83' lang='lat' dir='ltr'><strong>annon</strong></span> <span class='ocrx_word' id='word_1_820' title='bbox 1328 5299 1382 5353; x_wconf 87' lang='lat' dir='ltr'><strong>in</strong></span> <span class='ocrx_word' id='word_1_821' title='bbox 1429 5315 1523 5354; x_wconf 89' lang='lat' dir='ltr'><strong>eos</strong></span> <span class='ocrx_word' id='word_1_822' title='bbox 1568 5297 1824 5367; x_wconf 90' lang='lat' dir='ltr'><strong>impletus</strong></span> <span class='ocrx_word' id='word_1_823' title='bbox 1871 5303 1954 5351; x_wconf 87' lang='lat' dir='ltr'><strong>est</strong></span> 
     </span>
    </p>
   </div>
   <div class='ocr_carea' id='block_1_107' title="bbox 2086 5295 3622 5368">
    <p class='ocr_par' dir='ltr' id='par_1_107' title="bbox 2123 5295 3622 5368">
     <span class='ocr_line' id='line_1_108' title="bbox 2123 5295 3622 5368; baseline -0.003 -18"><span class='ocrx_word' id='word_1_824' title='bbox 2123 5298 2311 5350; x_wconf 84' lang='grc' dir='ltr'>Τοίνυν</span> <span class='ocrx_word' id='word_1_825' title='bbox 2338 5296 2408 5350; x_wconf 80' lang='grc' dir='ltr'>τὰ</span> <span class='ocrx_word' id='word_1_826' title='bbox 2429 5299 2740 5368; x_wconf 84' lang='grc' dir='ltr'>γεννήματα</span> <span class='ocrx_word' id='word_1_827' title='bbox 2759 5295 2865 5350; x_wconf 89' lang='grc' dir='ltr'><strong>τῶν</strong></span> <span class='ocrx_word' id='word_1_828' title='bbox 2891 5295 3068 5366; x_wconf 74' lang='grc' dir='ltr'>ἔργων</span> <span class='ocrx_word' id='word_1_829' title='bbox 3095 5295 3276 5348; x_wconf 80' lang='grc' dir='ltr'>αὐτῶν</span> <span class='ocrx_word' id='word_1_830' title='bbox 3294 5295 3572 5364; x_wconf 84' lang='grc' dir='ltr'>φάγονται·</span> <span class='ocrx_word' id='word_1_831' title='bbox 3603 5315 3622 5346; x_wconf 73' lang='grc' dir='ltr'><strong>ι</strong></span> 
     </span>
    </p>
   </div>
   <div class='ocr_carea' id='block_1_108' title="bbox 379 5385 1984 5461">
    <p class='ocr_par' dir='ltr' id='par_1_108' title="bbox 379 5389 1948 5461">
     <span class='ocr_line' id='line_1_109' title="bbox 379 5389 1948 5461; baseline -0.003 -18"><span class='ocrx_word' id='word_1_832' title='bbox 379 5401 502 5461; x_wconf 81' lang='lat' dir='ltr'><strong>post</strong></span> <span class='ocrx_word' id='word_1_833' title='bbox 533 5408 663 5448; x_wconf 85' lang='lat' dir='ltr'><strong>suas</strong></span> <span class='ocrx_word' id='word_1_834' title='bbox 694 5392 958 5446; x_wconf 73' lang='lat' dir='ltr'><strong>adversus</strong></span> <span class='ocrx_word' id='word_1_835' title='bbox 1008 5391 1287 5446; x_wconf 82' lang='lat' dir='ltr'><strong>Christum</strong></span> <span class='ocrx_word' id='word_1_836' title='bbox 1341 5391 1574 5445; x_wconf 80' lang='lat' dir='ltr'><strong>insidias</strong></span> <span class='ocrx_word' id='word_1_837' title='bbox 1625 5389 1788 5458; x_wconf 88' lang='lat' dir='ltr'><strong>hujus</strong></span> <span class='ocrx_word' id='word_1_838' title='bbox 1818 5401 1948 5456; x_wconf 89' lang='lat' dir='ltr'><strong>pro-</strong></span> 
     </span>
    </p>
   </div>
   <div class='ocr_carea' id='block_1_109' title="bbox 2086 5385 3628 5461">
    <p class='ocr_par' dir='ltr' id='par_1_109' title="bbox 2089 5385 3628 5460">
     <span class='ocr_line' id='line_1_110' title="bbox 2089 5385 3628 5460; baseline -0.002 -18"><span class='ocrx_word' id='word_1_839' title='bbox 2089 5393 2214 5442; x_wconf 82' lang='grc' dir='ltr'>ποῖα</span> <span class='ocrx_word' id='word_1_840' title='bbox 2242 5389 2350 5460; x_wconf 83' lang='grc' dir='ltr'><strong>γὰρ</strong></span> <span class='ocrx_word' id='word_1_841' title='bbox 2381 5389 2638 5460; x_wconf 78' lang='grc' dir='ltr'>ἔσπειραν</span> <span class='ocrx_word' id='word_1_842' title='bbox 2674 5388 2813 5441; x_wconf 85' lang='grc' dir='ltr'><strong>κατά</strong></span> <span class='ocrx_word' id='word_1_843' title='bbox 2863 5387 2958 5441; x_wconf 90' lang='grc' dir='ltr'><strong>τοῦ</strong></span> <span class='ocrx_word' id='word_1_844' title='bbox 2996 5385 3256 5456; x_wconf 83' lang='grc' dir='ltr'>Χριστοῦ,</span> <span class='ocrx_word' id='word_1_845' title='bbox 3282 5385 3508 5439; x_wconf 82' lang='grc' dir='ltr'>τοιαῦτα</span> <span class='ocrx_word' id='word_1_846' title='bbox 3533 5387 3628 5439; x_wconf 76' lang='grc' dir='ltr'>καὶ</span> 
     </span>
    </p>
   </div>
   <div class='ocr_carea' id='block_1_110' title="bbox 380 5477 1984 5552">
    <p class='ocr_par' dir='ltr' id='par_1_110' title="bbox 380 5479 1947 5551">
     <span class='ocr_line' id='line_1_111' title="bbox 380 5479 1947 5551; baseline 0 -17"><span class='ocrx_word' id='word_1_847' title='bbox 380 5482 576 5551; x_wconf 74' lang='grc' dir='ltr'>ρίιειίαι</span> <span class='ocrx_word' id='word_1_848' title='bbox 609 5498 789 5538; x_wconf 88' lang='lat' dir='ltr'><strong>sermo</strong></span> <span class='ocrx_word' id='word_1_849' title='bbox 813 5484 1003 5538; x_wconf 85' lang='lat' dir='ltr'><strong>dicens</strong></span> <span class='ocrx_word' id='word_1_850' title='bbox 1036 5502 1051 5538; x_wconf 93' lang='lat'><strong>:</strong></span> <span class='ocrx_word' id='word_1_851' title='bbox 1099 5501 1120 5534; x_wconf 68' lang='grc' dir='ltr'><strong>ι</strong></span> <span class='ocrx_word' id='word_1_852' title='bbox 1157 5481 1297 5537; x_wconf 83' lang='lat' dir='ltr'><strong>Ecce</strong></span> <span class='ocrx_word' id='word_1_853' title='bbox 1336 5481 1646 5536; x_wconf 89' lang='lat' dir='ltr'><strong>dominator</strong></span> <span class='ocrx_word' id='word_1_854' title='bbox 1687 5479 1947 5534; x_wconf 91' lang='lat' dir='ltr'><strong>Dominus</strong></span> 
     </span>
    </p>
   </div>
   <div class='ocr_carea' id='block_1_111' title="bbox 2086 5477 3627 5552">
    <p class='ocr_par' dir='ltr' id='par_1_111' title="bbox 2089 5477 3627 5552">
     <span class='ocr_line' id='line_1_112' title="bbox 2089 5477 3627 5552; baseline -0.003 -20"><span class='ocrx_word' id='word_1_855' title='bbox 2089 5481 2323 5552; x_wconf 89' lang='grc' dir='ltr'>εριοῦσιν</span> <span class='ocrx_word' id='word_1_856' title='bbox 2356 5483 2412 5533; x_wconf 92' lang='grc' dir='ltr'><strong>ἐν</strong></span> <span class='ocrx_word' id='word_1_857' title='bbox 2443 5480 2519 5550; x_wconf 82' lang='grc' dir='ltr'><strong>τῷ</strong></span> <span class='ocrx_word' id='word_1_858' title='bbox 2541 5480 2634 5532; x_wconf 91' lang='grc' dir='ltr'><strong>τοῦ</strong></span> <span class='ocrx_word' id='word_1_859' title='bbox 2657 5479 2790 5533; x_wconf 83' lang='grc' dir='ltr'>Θεοῦ</span> <span class='ocrx_word' id='word_1_860' title='bbox 2817 5479 3104 5550; x_wconf 87' lang='grc' dir='ltr'>κριτηρίῳ.</span> <span class='ocrx_word' id='word_1_861' title='bbox 3127 5477 3263 5548; x_wconf 85' lang='grc' dir='ltr'>Ἤδη</span> <span class='ocrx_word' id='word_1_862' title='bbox 3280 5477 3334 5530; x_wconf 84' lang='grc' dir='ltr'>δὲ</span> <span class='ocrx_word' id='word_1_863' title='bbox 3369 5478 3461 5530; x_wconf 75' lang='grc' dir='ltr'>καὶ</span> <span class='ocrx_word' id='word_1_864' title='bbox 3484 5478 3627 5531; x_wconf 82' lang='grc' dir='ltr'>κατὰ</span> 
     </span>
    </p>
   </div>
   <div class='ocr_carea' id='block_1_112' title="bbox 379 5567 1984 5641">
    <p class='ocr_par' dir='ltr' id='par_1_112' title="bbox 379 5569 1946 5630">
     <span class='ocr_line' id='line_1_113' title="bbox 379 5569 1946 5630; baseline -0.001 -4"><span class='ocrx_word' id='word_1_865' title='bbox 379 5572 716 5627; x_wconf 81' lang='lat' dir='ltr'><strong>exercituum</strong></span> <span class='ocrx_word' id='word_1_866' title='bbox 764 5574 973 5629; x_wconf 78' lang='lat' dir='ltr'><strong>auferet</strong></span> <span class='ocrx_word' id='word_1_867' title='bbox 1003 5589 1032 5628; x_wconf 90' lang='lat' dir='ltr'><strong>a</strong></span> <span class='ocrx_word' id='word_1_868' title='bbox 1071 5573 1374 5630; x_wconf 83' lang='lat' dir='ltr'><strong>Jerusalem</strong></span> <span class='ocrx_word' id='word_1_869' title='bbox 1401 5581 1455 5628; x_wconf 88' lang='lat' dir='ltr'><strong>et</strong></span> <span class='ocrx_word' id='word_1_870' title='bbox 1478 5586 1508 5625; x_wconf 90' lang='lat' dir='ltr'><strong>a</strong></span> <span class='ocrx_word' id='word_1_871' title='bbox 1537 5570 1676 5626; x_wconf 88' lang='lat' dir='ltr'><strong>Juda</strong></span> <span class='ocrx_word' id='word_1_872' title='bbox 1708 5569 1946 5624; x_wconf 82' lang='lat' dir='ltr'><strong>validum</strong></span> 
     </span>
    </p>
   </div>
   <div class='ocr_carea' id='block_1_113' title="bbox 2086 5567 3623 5641">
    <p class='ocr_par' dir='ltr' id='par_1_113' title="bbox 2086 5567 3623 5641">
     <span class='ocr_line' id='line_1_114' title="bbox 2086 5567 3623 5641; baseline -0.003 -17"><span class='ocrx_word' id='word_1_873' title='bbox 2086 5573 2143 5627; x_wconf 77' lang='grc' dir='ltr'>ὸν</span> <span class='ocrx_word' id='word_1_874' title='bbox 2195 5571 2427 5625; x_wconf 87' lang='grc' dir='ltr'>ἐνταῦθα</span> <span class='ocrx_word' id='word_1_875' title='bbox 2480 5571 2591 5640; x_wconf 83' lang='grc' dir='ltr'>βίον</span> <span class='ocrx_word' id='word_1_876' title='bbox 2627 5572 2728 5640; x_wconf 85' lang='grc' dir='ltr'>ὅρα</span> <span class='ocrx_word' id='word_1_877' title='bbox 2771 5571 2818 5622; x_wconf 86' lang='grc' dir='ltr'><strong>εἰ</strong></span> <span class='ocrx_word' id='word_1_878' title='bbox 2877 5571 2951 5641; x_wconf 77' lang='grc' dir='ltr'>μὴ</span> <span class='ocrx_word' id='word_1_879' title='bbox 3003 5569 3138 5640; x_wconf 82' lang='grc' dir='ltr'>μετὰ</span> <span class='ocrx_word' id='word_1_880' title='bbox 3185 5567 3282 5637; x_wconf 81' lang='grc' dir='ltr'>τὴν</span> <span class='ocrx_word' id='word_1_881' title='bbox 3333 5567 3473 5622; x_wconf 87' lang='grc' dir='ltr'><strong>κατά</strong></span> <span class='ocrx_word' id='word_1_882' title='bbox 3525 5567 3623 5620; x_wconf 87' lang='grc' dir='ltr'><strong>τοῦ</strong></span> 
     </span>
    </p>
   </div>
   <div class='ocr_carea' id='block_1_114' title="bbox 377 5660 1984 5735">
    <p class='ocr_par' dir='ltr' id='par_1_114' title="bbox 377 5663 1945 5735">
     <span class='ocr_line' id='line_1_115' title="bbox 377 5663 1945 5735; baseline -0.001 -17"><span class='ocrx_word' id='word_1_883' title='bbox 377 5673 431 5718; x_wconf 87' lang='lat' dir='ltr'><strong>et</strong></span> <span class='ocrx_word' id='word_1_884' title='bbox 463 5663 677 5718; x_wconf 79' lang='lat' dir='ltr'><strong>fortem.</strong></span> <span class='ocrx_word' id='word_1_885' title='bbox 704 5685 721 5717; x_wconf 76' lang='grc' dir='ltr'><strong>ι</strong></span> <span class='ocrx_word' id='word_1_886' title='bbox 741 5665 880 5722; x_wconf 81' lang='lat' dir='ltr'><strong>Vere</strong></span> <span class='ocrx_word' id='word_1_887' title='bbox 907 5669 1052 5722; x_wconf 87' lang='lat' dir='ltr'><strong>enim</strong></span> <span class='ocrx_word' id='word_1_888' title='bbox 1085 5668 1266 5721; x_wconf 86' lang='lat' dir='ltr'><strong>ablata</strong></span> <span class='ocrx_word' id='word_1_889' title='bbox 1303 5675 1387 5722; x_wconf 77' lang='lat' dir='ltr'><strong>est</strong></span> <span class='ocrx_word' id='word_1_890' title='bbox 1417 5667 1486 5720; x_wconf 91' lang='lat' dir='ltr'><strong>ab</strong></span> <span class='ocrx_word' id='word_1_891' title='bbox 1520 5666 1612 5730; x_wconf 88' lang='lat' dir='ltr'><strong>iis,</strong></span> <span class='ocrx_word' id='word_1_892' title='bbox 1642 5680 1763 5735; x_wconf 65' lang='lat' dir='ltr'><strong>quae</strong></span> <span class='ocrx_word' id='word_1_893' title='bbox 1791 5664 1945 5734; x_wconf 87' lang='lat' dir='ltr'><strong>prius</strong></span> 
     </span>
    </p>
   </div>
   <div class='ocr_carea' id='block_1_115' title="bbox 2086 5660 3619 5735">
    <p class='ocr_par' dir='ltr' id='par_1_115' title="bbox 2086 5660 3619 5734">
     <span class='ocr_line' id='line_1_116' title="bbox 2086 5660 3619 5734; baseline -0.002 -19"><span class='ocrx_word' id='word_1_894' title='bbox 2086 5661 2286 5734; x_wconf 74' lang='grc' dir='ltr'>ἰριστοῦ</span> <span class='ocrx_word' id='word_1_895' title='bbox 2352 5662 2637 5730; x_wconf 71' lang='grc' dir='ltr'>ἐπιϐουλὴν</span> <span class='ocrx_word' id='word_1_896' title='bbox 2702 5661 2991 5732; x_wconf 83' lang='grc' dir='ltr'>ἐπληρώθη</span> <span class='ocrx_word' id='word_1_897' title='bbox 3038 5662 3117 5723; x_wconf 90' lang='grc' dir='ltr'><strong>εἰς</strong></span> <span class='ocrx_word' id='word_1_898' title='bbox 3166 5660 3362 5721; x_wconf 81' lang='grc' dir='ltr'>αὐτοὺς</span> <span class='ocrx_word' id='word_1_899' title='bbox 3405 5661 3436 5713; x_wconf 82' lang='grc' dir='ltr'>ὁ</span> <span class='ocrx_word' id='word_1_900' title='bbox 3481 5676 3619 5727; x_wconf 72' lang='grc' dir='ltr'>προο</span> 
     </span>
    </p>
   </div>
   <div class='ocr_carea' id='block_1_116' title="bbox 449 5815 2634 5886">
    <p class='ocr_par' dir='ltr' id='par_1_116' title="bbox 449 5815 2634 5886">
     <span class='ocr_line' id='line_1_117' title="bbox 449 5815 2634 5886; baseline -0.001 -17"><span class='ocrx_word' id='word_1_901' title='bbox 449 5821 464 5849; x_wconf 84' lang='grc'>¹</span> <span class='ocrx_word' id='word_1_902' title='bbox 492 5817 594 5874; x_wconf 75' lang='lat' dir='ltr'><strong>lsa.</strong></span> <span class='ocrx_word' id='word_1_903' title='bbox 636 5821 771 5882; x_wconf 75' lang='lat'><strong>&quot;,5.</strong></span> <span class='ocrx_word' id='word_1_904' title='bbox 848 5823 866 5850; x_wconf 86' lang='grc'>²</span> <span class='ocrx_word' id='word_1_905' title='bbox 903 5821 1002 5874; x_wconf 81' lang='lat' dir='ltr'><strong>lsa.</strong></span> <span class='ocrx_word' id='word_1_906' title='bbox 1041 5837 1162 5882; x_wconf 73' lang='lat' dir='ltr'><strong>va,</strong></span> <span class='ocrx_word' id='word_1_907' title='bbox 1192 5822 1243 5873; x_wconf 88' lang='lat' dir='ltr'><strong>l.</strong></span> <span class='ocrx_word' id='word_1_908' title='bbox 1323 5822 1341 5849; x_wconf 85' lang='grc'><strong>³</strong></span> <span class='ocrx_word' id='word_1_909' title='bbox 1379 5819 1481 5874; x_wconf 83' lang='lat' dir='ltr'><strong>lsa.</strong></span> <span class='ocrx_word' id='word_1_910' title='bbox 1519 5835 1598 5885; x_wconf 86' lang='lat' dir='ltr'><strong>Ill,</strong></span> <span class='ocrx_word' id='word_1_911' title='bbox 1639 5820 1689 5873; x_wconf 83' lang='lat' dir='ltr'><strong>l.</strong></span> <span class='ocrx_word' id='word_1_912' title='bbox 1766 5821 1786 5850; x_wconf 66' lang='grc'>⁸</span> <span class='ocrx_word' id='word_1_913' title='bbox 1825 5819 1926 5873; x_wconf 87' lang='lat' dir='ltr'><strong>lsa.</strong></span> <span class='ocrx_word' id='word_1_914' title='bbox 1962 5835 1999 5881; x_wconf 80' lang='grc' dir='ltr'><strong>ι,</strong></span> <span class='ocrx_word' id='word_1_915' title='bbox 2046 5819 2168 5872; x_wconf 87' lang='lat' dir='ltr'><strong>llO.</strong></span> <span class='ocrx_word' id='word_1_916' title='bbox 2246 5818 2266 5847; x_wconf 84' lang='grc'>⁸</span> <span class='ocrx_word' id='word_1_917' title='bbox 2299 5815 2634 5886; x_wconf 68' lang='lat' dir='ltr'><strong>Sap.n,12.</strong></span> 
     </span>
    </p>
   </div>
  </div>
