4100 6426
447 407 570 463 1201

1458 398 1753 454 ECLOGAE.
1793 392 2276 452 PROPHETICAE.
2317 423 2388 434 -—
2424 392 2554 447 LIB.
2597 389 2683 446 IV.

3530 385 3553 437 l
3563 383 3668 439 209.

439 529 685 596 κείμενος
710 525 806 594 τῆς
854 523 1184 593 προφητείας
1227 521 1404 588 λόγος,
1448 519 1477 570 ὁ
1524 518 1777 586 φάσκων·
1808 534 1826 565 ι
1875 514 2003 566 Ἰδοὺ

2112 509 2392 565 habitabat
2428 510 2483 563 in
2511 508 2612 570 eis,
2642 507 2825 560 divina
2853 505 3195 573 caelestisque
3214 501 3406 571 gratia.
3434 516 3534 554 nec
3557 500 3666 568 jam

436 616 498 687 δὴ
531 616 559 668 ὁ
588 615 849 687 δεσπότης
873 613 1075 686 Κύριος
1114 610 1335 665 Σαϐαὼθ
1380 609 1569 679 ἀφελεῖ
1600 605 1709 660 ἀπὸ
1728 605 1826 676 τῆς
1871 606 2003 658 ἰου-

435 708 589 771 δαίας
613 707 707 760 καὶ
726 707 834 760 ἀπὸ
874 705 1227 776 Ἰερουσαλήμ
1266 701 1515 772 ἰσχύοντα
1534 699 1627 753 καὶ
1659 696 1962 768 ἰσχύουσαν.
1979 716 1997 748 ι

451 797 691 871 Ἀληθῶς
718 799 825 870 γὰρ
856 798 1130 870 ἀφῄρηται
1159 796 1252 850 ἀπ’
1280 793 1458 849 αὐτῶν
1489 794 1522 863 ἠ
1548 789 1715 843 πάλαι
1741 788 2002 858 πρότερον

438 889 896 961 ὲμπολιτευομένη
925 891 982 943 ὲν
1026 888 1209 949 αὐτοῖς
1236 886 1354 939 θεία
1397 882 1490 937 καὶ
1527 879 1777 952 οὐράνιος
1821 878 2002 948 χάρις,

439 984 532 1036 καὶ
599 982 773 1036 οὐκέτ’
821 980 965 1034 ἔστιν
1011 982 1187 1051 εὑρεῖν
1231 981 1287 1030 ἐν
1330 977 1514 1038 αὐτοῖς
1564 970 1687 1026 οὔτε
1722 969 2003 1040 προφήτην

438 1073 560 1126 οὔτε
601 1073 929 1141 στοχαστήν·
966 1070 1071 1122 ποῦ
1111 1069 1167 1121 δὲ
1216 1069 1309 1122 καὶ
1338 1068 1367 1118 ὁ
1396 1061 1729 1134 πολεμιστὴς
1761 1056 1939 1111 αὐτῶν
1969 1056 2002 1127 ἢ

438 1166 467 1216 ὁ
510 1163 788 1234 δικαστὴς,
840 1164 868 1214 ὁ
926 1160 1237 1231 θαυμαστὸς
1269 1156 1595 1229 σύμϐουλος,
1637 1152 1732 1224 ἢὸ
1786 1149 2006 1212 συνετὸς

439 1253 710 1325 ἀκροατής
734 1270 748 1317 ;
775 1254 837 1306 El
865 1253 923 1306 δὲ
963 1253 1057 1306 καὶ
1094 1251 1340 1305 δοκοῦσιν
1371 1249 1534 1320 ἄρτου
1567 1244 1660 1298 τοῦ
1706 1256 2005 1310 πνευματι-

438 1346 537 1399 κοῦ
563 1345 811 1417 μετέχειν
835 1347 892 1398 ὲν
923 1345 1000 1416 τῷ
1026 1348 1136 1409 τοῖς
1162 1345 1324 1414 ἱεροῖς
1348 1338 1695 1409 ἐντυγχάνειν
1738 1332 1832 1387 τοῦ
1868 1330 2002 1384 Θεοῦ

437 1435 633 1505 λόγοις,
662 1435 774 1489 ἀλλ’
806 1437 907 1507 ὅρα
924 1438 972 1489 εἰ
994 1435 1118 1506 μὴή
1146 1434 1374 1504 δύναμις
1397 1432 1493 1485 καὶ
1519 1431 1552 1500 ἡ
1584 1425 1784 1497 ίσχὺςὴ
1815 1423 1872 1475 ὲν
1890 1421 2004 1481 τοῖς

438 1527 602 1590 θείοις
639 1526 964 1598 Γράμμασιν
1003 1525 1400 1595 ὲναποκειμένη
1419 1520 1478 1586 ἐξ
1504 1517 1680 1574 αὐτῶν
1703 1513 2002 1585 ἀφῄρηταιο

438 1615 675 1684 σαφῶςδ⁹
693 1617 786 1670 ἐπὶ
812 1616 1020 1680 τούτοις
1047 1617 1188 1688 καὶῆ
1215 1612 1565 1687 Ἰερουσαλὴμ
1583 1609 1806 1668 ἀνεῖται,
1827 1602 1920 1655 καὶ
1940 1599 2007 1653 τὰ

436 1708 595 1763 λοιπά
621 1709 677 1763 δὲ
702 1709 879 1764 πάντα
904 1711 983 1773 εἰς
1004 1709 1199 1773 αὐτοὺς
1224 1707 1579 1778 πεπλήρωται
1598 1701 1687 1756 διὰ
1706 1699 1835 1770 μίαν
1867 1691 2010 1747 ὲκεί-

2110 601 2253 671 apud
2281 614 2376 654 eos
2406 599 2646 668 reperire
2674 605 2759 650 est
2804 595 3119 664 prophetam
3156 592 3323 646 ullum
3358 599 3452 643 aut
3489 589 3669 642 hario-

2110 693 2242 746 lum.
2274 689 2377 745 Ubi
2405 689 2551 744 enim
2580 689 2660 741 vir
2688 687 2918 742 bellator
2945 699 3156 746 eorum,
3178 682 3369 751 jndcx,
3402 680 3669 735 mirabilis

2109 783 2477 844 consiliarius,
2512 788 2566 834 ct
2600 780 2839 849 prudens
2893 776 3094 846 eloquii
3147 773 3403 844 mystici?
3428 770 3584 839 Quod
3623 770 3669 825 si

2110 875 2364 928 videntur
2397 871 2556 941 panis
2599 869 2904 939 spiritualis
2929 882 3051 922 esse
3082 863 3394 935 participes,
3425 876 3545 915 cum
3579 875 3669 915 sa-

2109 981 2202 1018 cra
2232 963 2551 1035 possideant
2584 960 2680 1015 Dei
2718 960 2907 1023 verba,
2941 958 3062 1012 vide
3094 971 3274 1010 annon
3294 955 3468 1010 virtus
3493 960 3545 1007 et
3578 968 3670 1006 ro-

2108 1057 2234 1117 bur,
2260 1056 2315 1107 in
2347 1053 2544 1107 divinis
2578 1052 2876 1122 Scripturis
2899 1051 3128 1115 inclusa,
3147 1047 3216 1102 ab
3240 1048 3307 1102 iis
3336 1046 3515 1100 ablata
3539 1044 3666 1099 sint.

2111 1144 2396 1200 Manifeste
2430 1144 2573 1198 enim
2608 1145 2688 1199 eis
2720 1144 2829 1198 ruit
2868 1141 3185 1205 Jerusalem,
3216 1149 3517 1208 cazteraque
3547 1151 3665 1191 om-

2108 1237 2199 1291 nia
2231 1236 2495 1290 adversus
2553 1250 2650 1290 eos
2696 1234 2915 1304 impleta
2963 1240 3091 1286 sunt
3143 1247 3238 1302 per
3273 1245 3441 1284 unum
3480 1242 3667 1283 eorum

2108 1330 2372 1384 adversus
2390 1328 2668 1383 Christum
2692 1327 2891 1382 scelus.
2919 1344 2936 1377 ι
2967 1324 3057 1380 Vae
3074 1327 3242 1388 enim,
3272 1343 3290 1375 ι
3316 1323 3391 1376 ait
3419 1320 3670 1390 Scriptu-

2107 1435 2188 1481 ra,
2225 1440 2244 1470 ι
2283 1419 2477 1474 anima:
2507 1434 2716 1474 eorum.
2757 1438 2775 1471 ›
2823 1417 2995 1487 Atque
3023 1415 3424 1487 imprecationis
3451 1427 3668 1467 causam

2109 1506 2285 1569 affert,
2308 1506 2496 1561 dicens
2521 1524 2533 1558 :
2561 1505 2859 1572 (Quoniam
2892 1504 3090 1558 malum
3110 1504 3349 1557 meditati
3381 1509 3509 1557 sunt
3536 1516 3669 1554 con-

2112 1597 2298 1652 silium
2343 1597 2397 1650 in
2447 1598 2682 1666 seipsos,
2719 1596 2964 1651 dicentes
3009 1613 3023 1649 :
3083 1591 3391 1648 Vinciemus
3441 1590 3666 1661 justum,

2111 1685 2367 1757 quoniam
2394 1685 2600 1739 inutilis
2627 1684 2804 1739 nobis.
2845 1702 2865 1735 ι

435 1822 532 1875 νην
562 1805 662 1875 τὴν
694 1806 833 1860 κατὰ
878 1765 980 1859 τοῖς
994 1765 1228 1877 ΧριστᾹῦ
1257 1765 1559 1876 ἀμαρίεεαν.
1602 1818 1621 1850 ο
1646 1765 1782 1851 θέα),
1814 1790 1941 1861 γὰρ,
1970 1807 1987 1839 ι
2008 1785 2167 1877 φησὶν
2205 1785 2232 1836 ὀ
2251 1781 2428 1849 λόγος.
2457 1801 2475 1832 ι
2512 1785 2576 1853 τῇ
2619 1781 2762 1851 ψυχῇ
2794 1780 2999 1833 αὐτῶν·
3034 1797 3051 1828 ι
3079 1776 3173 1831 καὶ
3213 1774 3306 1828 τοῦ
3342 1765 3669 1855 ταλανισμοῦ

434 1895 532 1967 τὴν
596 1898 774 1952 αίτίαν
838 1899 1220 1970 προστίθησι(

435 1990 697 2060 Δήσωμεν
713 1990 805 2044 τὸν
852 1989 1080 2054 δίκαιον,
1107 1992 1188 2045 ὅτι
1212 1990 1545 2062 δύσχρηστος
1571 1986 1700 2056 ἡμῖν
1734 1983 1898 2033 ἐστιν.
1932 1993 1951 2025 ι

960 2084 1352 2137 ΚΕΦΑΛΔΙΟΝ
1410 2081 1487 2135 Γ’.

511 2189 532 2222 ι
559 2171 698 2236 Λαός
730 2190 859 2244 μου,
883 2174 937 2228 οι
954 2174 1346 2248 μακαρίζοντες
1375 2174 1521 2245 ὑμᾶς
1535 2171 1807 2226 πλανῶσιν
1840 2171 2002 2241 ὑμᾶς.

435 2263 531 2316 καὶ
562 2263 658 2334 τὴν
686 2263 871 2333 τρίϐον
892 2265 999 2319 τῶν
1032 2265 1204 2320 ποδῶν
1237 2264 1390 2336 ὑμῶν
1422 2263 1801 2336 ταράσσουσιν.
1848 2261 2006 2316 Ἀλλά

436 2350 531 2405 νῦν
555 2355 955 2424 καταστήσεται
1001 2356 1079 2417 είς
1106 2354 1284 2425 κρίσιν
1321 2353 1544 2425 Κύριος,
1579 2354 1674 2407 καὶ
1705 2354 1890 2426 στήσει
1916 2354 2006 2406 τὸν

437 2441 562 2495 λαὸν
597 2443 782 2497 αὐτοῦ.
814 2444 985 2507 Αὐτὸς
1038 2442 1240 2515 Κύριος
1277 2446 1356 2508 είς
1386 2442 1565 2513 κρίσιν
1584 2440 1702 2514 ἣξει
1739 2442 1877 2514 μετά
1898 2442 2006 2495 τῶν

437 2532 823 2605 πρεσϐυτέρων
852 2535 946 2588 τοῦ
980 2534 1133 2597 λαοῦ,
1165 2536 1257 2589 καὶ
1291 2534 1430 2605 μετά
1463 2534 1571 2588 τῶν
1614 2535 1887 2607 ἀρχόντων
1913 2534 2007 2586 αὑ-

436 2617 553 2672 τοῦ.
579 2638 601 2671 ι
624 2622 738 2674 Οὐκ
763 2620 936 2676 ἔοικεν
958 2622 1050 2677 ἐπὶ
1081 2622 1171 2676 τὸν
1201 2622 1309 2677 τῶν
1342 2623 1477 2676 ὅλων
1498 2623 1630 2677 Θεὸν
1641 2623 2006 2696 ἀναφέρεσθαι

439 2708 518 2773 τὸ,
539 2730 556 2762 ι
578 2709 694 2764 Νῦν
723 2712 1118 2785 καταστήσεται
1158 2716 1237 2776 εἰς
1263 2713 1441 2785 κρίσιν
1472 2712 1738 2783 Κύριος»
1780 2714 1873 2767 καί
1901 2713 2005 2783 μά-

438 2800 593 2855 λιστα
619 2803 701 2866 τὸ,
740 2822 758 2854 ι
786 2804 958 2866 Αὐτὸς
993 2804 1196 2876 Κύριος
1241 2807 1320 2867 είς
1365 2804 1546 2876 κρίσιν
1577 2806 1697 2876 ἥξει
1728 2804 1869 2876 μετά
1897 2804 2006 2858 τῶν

438 2893 822 2966 πρεσϐυτέρων
853 2895 948 2948 τοῦ
986 2895 1136 2959 λαοῦ,
1161 2897 1255 2950 καὶ
1305 2897 1441 2968 μετὰ
1476 2897 1584 2950 τῶν
1615 2897 1887 2968 ἀρχόντων
1913 2897 2008 2951 αὐ-

436 2986 531 3039 τοῦ
554 3003 569 3018 ’
608 3006 625 3036 ι
646 2987 871 3058 ἁρμόζοι
904 2988 947 3041 δ’
979 2988 1043 3043 ἂν
1098 2991 1225 3061 περὶ
1254 2989 1347 3043 τοῦ
1381 2989 1515 3042 Θεοῦ
1561 2989 1756 3058 Λόγου,
1799 2989 2006 3061 Κυρίου

440 3078 532 3131 καὶ
585 3078 751 3132 αὐτοῦ
796 3080 1253 3151 χρηματίζοντος,
1307 3080 1483 3135 ταῦτα
1535 3079 2003 3153 προφητεύεσθαι’

439 3170 533 3221 καὶ
572 3169 680 3240 γὰρ
721 3166 814 3225 οῦν
858 3171 1020 3235 αὐτὸς
1063 3173 1091 3224 ὁ
1122 3171 1417 3243 κηρυχθείς
1451 3173 1585 3225 πᾶσι
1634 3174 1745 3234 τοῖς
1793 3171 1896 3224 ὑπὸ
1918 3172 2009 3225 τὸν

437 3260 665 3332 οὐρανὸν
687 3261 822 3315 Θεοῦ
852 3262 1024 3331 Λόγος
1041 3264 1120 3326 είς
1140 3263 1319 3335 κρίσιν
1343 3263 1480 3335 μετὰ
1500 3264 1716 3317 πάντων
1741 3264 2010 3333 καταστή-

440 3367 619 3416 σεται,
652 3353 775 3425 μηδ’
806 3355 888 3408 ἑνὶ
915 3355 1024 3408 τῶν
1055 3356 1265 3409 ἀσεϐῶν
1293 3356 1475 3426 χώραν
1502 3356 1675 3418 διδοὺς
1693 3354 2003 3423 ἀπολογίας,

440 3439 535 3492 ἅτε
555 3442 635 3504 είς
664 3441 762 3505 τάς
784 3442 1039 3496 ἁπάντων
1074 3443 1243 3507 ἀκοὰς
1281 3442 1679 3514 διαδραμούσης
1713 3441 1876 3494 αὐτοῦ
1908 3442 2006 3512 τῆς

436 3531 812 3596 διδασκαλίας·
843 3533 962 3603 ἥξει
990 3534 1033 3586 δ’
1061 3536 1142 3597 είς
1165 3534 1342 3606 κρίσιν
1366 3534 1571 3603 Ἰησοῦς
1601 3532 1834 3605 Χριστὸς
1869 3532 2006 3604 μετὰ

438 3621 543 3677 τῶν
591 3623 974 3695 πρεσϐυτέρων
1002 3624 1234 3695 μάλιστα
1277 3623 1371 3677 τοῦ
1403 3623 1531 3678 λαοῦ
1565 3624 1659 3677 καὶ
1715 3624 1853 3693 μετὰ
1900 3624 2007 3679 τῶν

437 3714 713 3785 ἀρχόντων
738 3715 925 3781 αὐτοῦ,
958 3711 1045 3770 οἷα
1089 3716 1152 3787 δὴ
1183 3715 1359 3769 αὐτῶν
1398 3714 1863 3785 ὲπισυναχθέντων
1887 3716 2005 3769 κατ’

434 3805 625 3868 αὑτοῦ,
675 3808 768 3860 καὶ
821 3808 918 3878 τὴν
966 3807 1255 3879 ἐπιϐουλὴν
1292 3806 1441 3878 αὑτῷ
1480 3808 2002 3879 συσκευασαμένων·

437 3897 487 3949 οἳ
523 3899 614 3952 καὶ
653 3900 1042 3971 μακαρίζοντες
1071 3901 1161 3954 τὸν
1181 3900 1481 3972 ἀρχόμενον
1513 3902 1603 3954 ὑπ’
1637 3900 1816 3974 αὐτῶν
1855 3899 2002 3963 λαὸν,

437 3988 684 4055 ὲπλᾴνων
720 3992 902 4055 αὐτὸν,
932 3992 1179 4061 λέγοντες
1213 3991 1275 4044 τὸ
1309 3992 1542 4064 πονηρὸν
1564 3991 1743 4056 καλὸν,
1771 3993 2007 4056 καὶτοὺς

438 4080 635 4145 καλοὺς
664 4081 758 4136 τοῦ
810 4083 1061 4154 Σωτῆρος
1103 4083 1258 4155 ήμῶν
1302 4084 1492 4153 λόγους
1534 4085 1802 4158 πονηροὺς
1840 4084 2006 4159 ὑπάρ-

340 4244 345 4249 π
436 4188 552 4241 χειν
598 4174 1036 4244 ἀποφαινόμενοι.

476 4326 480 4333 .
966 4288 1359 4341 ΚΕΦΑΛΑΙΟΝ
1412 4290 1484 4342 Δ¹.

512 4391 532 4423 ι
553 4374 664 4427 Καὶ
696 4373 990 4444 προσέθετο
1010 4374 1214 4445 Κύριος
1233 4375 1466 4446 λαλῆσαι
1491 4376 1570 4449 τῷ
1604 4378 1790 4450 Ἀχάζ,
1811 4379 2002 4449 λέγων’

436 4461 665 4533 Αίτησαι
692 4462 901 4534 σεαυτῷ
944 4468 1167 4536 σημεῖον
1190 4466 1340 4538 παρά
1380 4468 1587 4540 Κυρίου
1631 4469 1768 4524 Θεοῦ
1805 4488 1896 4525 σου
1926 4476 2007 4536 είς

438 4551 618 4621 βάθος,
655 4553 687 4625 ἢ
721 4556 801 4617 είς
823 4554 976 4624 ὕψος.
997 4557 1107 4611 Καὶ
1136 4552 1470 4630 εἶπενἈχάζ
1488 4579 1502 4591 ο
1543 4562 1619 4615 Οὐ
1656 4562 1729 4634 μὴ
1766 4564 2002 4636 αἰτήσω,

434 4644 556 4697 οὐδὲ
591 4644 665 4716 μὴ
694 4645 937 4716 πειράσω
982 4647 1207 4718 Κύριον.
1236 4650 1346 4704 Καὶ
1386 4647 1538 4705 εἶπεν
1557 4670 1570 4683 ·
1611 4653 1897 4710 Ἀκούσατε
1916 4657 1999 4726 δὴ.

1226 1850 1673 1969 ΐῗῖξῖῠῇγωνί
1708 1908 1726 1940 ι
1769 1850 1935 1940 Διότι
1972 1850 2346 1949 βεϐούλευνται
2389 1850 2585 1945 βουλὴν
2638 1850 2880 1945 πονηρὰν
2937 1870 3056 1926 καθ’
3110 1868 3348 1930 ἑαυτῶν,
3390 1850 3668 1924 εἰπόντεςο

2719 2054 2944 2112 CAPUT
2974 2052 3064 2107 ιιι.

2181 2173 2199 2205 ι
2235 2154 2439 2225 Pepule
2470 2168 2645 2215 meus,
2682 2151 2775 2222 qui
2799 2158 2850 2205 te
2879 2150 3092 2205 beatum
3116 2146 3323 2207 dicunt,
3359 2142 3462 2213 ipsi
3493 2148 3545 2196 te
3574 2138 3670 2195 de-

2106 2248 2337 2318 cipiunt,
2368 2253 2422 2300 et
2463 2245 2606 2299 viam
2658 2256 2943 2312 gressuum
2982 2246 3200 2293 tuorum
3230 2234 3519 2304 dissipant.
3552 2229 3670 2284 Stat

2108 2339 2176 2394 ad
2223 2336 2580 2408 judicandum
2634 2333 2919 2397 Dominus,
2959 2337 3013 2385 et
3047 2335 3154 2384 stat
3200 2326 3265 2381 ad
3311 2322 3666 2397 iudicandum

2108 2429 2366 2500 populum
2395 2442 2578 2481 suum.
2619 2424 2881 2479 Dominus
2932 2422 2996 2475 ad
3043 2418 3309 2490 judicium
3337 2416 3516 2470 veniet
3543 2429 3668 2467 cum

2106 2522 2330 2579 senibus
2360 2519 2564 2590 populi,
2595 2528 2650 2572 et
2684 2513 3020 2586 principibus
3063 2510 3182 2581 ejus
3208 2509 3245 2561 ¹.
3291 2528 3309 2559 ι
3339 2506 3455 2560 Νοη
3479 2504 3669 2559 viden-

2105 2624 2194 2670 tur
2222 2615 2287 2670 de
2306 2612 2547 2669 omnium
2578 2610 2687 2664 Deo
2716 2607 2827 2663 haec
2861 2603 3076 2667 referri,
3110 2621 3129 2652 ι
3169 2597 3321 2655 Nune
3348 2605 3454 2654 stat
3486 2596 3553 2650 ad
3579 2595 3670 2665 ju-

2107 2705 2399 2762 dicandum
2434 2701 2720 2763 Dominus,
2758 2718 2777 2751 ι
2802 2706 2856 2753 et
2889 2696 3211 2767 praesertim,
3251 2712 3270 2745 ι
3308 2690 3569 2745 Dominus
3600 2687 3667 2742 ad

2102 2798 2374 2867 judicium
2401 2797 2581 2850 veniet
2612 2808 2734 2847 cum
2767 2791 2991 2847 senibus
3020 2787 3225 2859 populi,
3248 2793 3302 2840 et
3332 2781 3669 2856 principibus

2106 2891 2247 2962 ejus.
2298 2911 2316 2943 ι
2346 2890 2536 2944 Melius
2557 2888 2624 2942 ad
2652 2886 2744 2942 Dei
2770 2884 3028 2948 Verbum,
3062 2883 3354 2953 ipsumque
3381 2877 3668 2932 Dominum

2107 2991 2382 3045 vocatum,
2422 2982 2536 3036 haec
2569 2986 2780 3050 spectat
2821 2976 3123 3047 prophetia.
3160 2972 3371 3026 Etenim
3422 2970 3538 3041 ipse
3580 2981 3670 3020 an-

2106 3076 2387 3131 nuntiatus
2421 3072 2675 3128 omnibus
2698 3087 2816 3142 qua:
2853 3070 2956 3124 sub
2996 3066 3150 3122 cmlis
3181 3071 3308 3121 sunt
3345 3063 3511 3132 judcx
3549 3074 3670 3113 om-

2108 3169 2258 3222 nium
2294 3167 2387 3221 Dei
2427 3163 2663 3220 Verbum
2713 3162 3095 3223 constituetur,
3127 3173 3302 3228 neque
3336 3156 3431 3209 ulli
3473 3152 3668 3223 impio-

2108 3277 2228 3316 rum
2292 3259 2665 3315 excusationis
2728 3258 2907 3312 loeum
2956 3254 3144 3319 dabit,
3174 3251 3373 3322 quippe
3423 3262 3549 3302 cum
3602 3244 3670 3299 ad

2109 3349 2542 3418 uniuscujusque
2590 3347 2835 3400 auditum
2881 3341 3190 3415 pervenerit
3231 3341 3352 3412 ejus
3397 3335 3667 3392 doctrina.

2112 3443 2299 3498 Veniet
2342 3440 2409 3495 ad
2442 3439 2708 3509 judicium
2761 3436 2921 3493 Jesus
2962 3435 3214 3491 Christus
3264 3446 3387 3487 cum
3446 3428 3671 3485 senibus

2110 3534 2406 3605 praesertim
2437 3532 2620 3603 populi
2646 3536 2700 3585 et
2724 3544 2849 3584 cum
2877 3526 3211 3598 principibus
3239 3524 3379 3592 eius,
3405 3519 3663 3591 quoniam

2108 3624 2184 3679 illi
2229 3623 2494 3677 adversus
2520 3636 2642 3676 eum
2673 3616 2989 3689 congregati
3030 3624 3176 3678 sunt,
3226 3613 3387 3682 eique
3436 3608 3669 3664 insidias

2109 3722 2447 3773 struxerunt.
2495 3713 2598 3780 Qui
2632 3719 2687 3768 et
2737 3711 2955 3765 beatum
3005 3706 3250 3762 dicentes
3290 3702 3549 3775 populum
3578 3700 3667 3756 cui

2106 3819 2398 3884 praeerant,
2441 3824 2565 3864 eum
2617 3806 2989 3876 decipiebant,
3024 3801 3224 3856 malum
3266 3813 3370 3871 pro
3412 3798 3557 3853 bono
3583 3796 3669 3852 di-

2108 3910 2330 3967 centes,
2381 3900 2723 3970 optimosque
2796 3894 3097 3950 Salvatoris
3151 3891 3328 3947 nostri
3389 3903 3668 3945 sermones

2108 3992 2265 4065 quasi
2295 3992 2570 4064 pessimos
2589 3987 2885 4045 criminati.

2700 4280 2927 4339 CAPUT
2981 4277 3070 4333 IV.

2183 4401 2202 4434 ι
2236 4380 2301 4436 Et
2335 4377 2532 4449 adjecit
2582 4374 2844 4430 Dominus
2894 4372 3041 4441 loqui
3084 4367 3154 4422 ad
3182 4365 3380 4430 Achaz,
3422 4365 3610 4421 dicens
3650 4384 3665 4420 :

2107 4473 2235 4528 Pete
2263 4470 2361 4526 tibi
2398 4470 2610 4540 signum
2642 4481 2672 4520 a
2708 4464 2937 4519 Domino
2987 4462 3095 4516 Deo
3120 4468 3215 4516 tuo
3237 4459 3293 4514 in
3339 4457 3668 4529 profundum

2106 4561 2328 4624 inferni,
2363 4560 2478 4614 sive
2525 4558 2580 4612 in
2629 4555 2905 4610 excelsum
2939 4566 3129 4622 supra.
3173 4548 3240 4604 Et
3279 4548 3417 4604 dixit
3447 4545 3664 4601 Achaz:

2104 4654 2226 4709 Non
2270 4659 2474 4723 petam,
2515 4657 2566 4705 et
2602 4664 2710 4702 non
2759 4646 2979 4701 tentabo
3030 4643 3340 4699 Dominum.
3381 4639 3443 4693 Et
3482 4638 3617 4693 dixit
3650 4657 3662 4691 :

434 4727 579 4797 οἶκος
609 4732 787 4788 Δαυῒδ’
814 4733 904 4803 Μὴ
935 4734 1128 4806 μικρὸν
1152 4735 1280 4806 ὑμῖν
1303 4738 1488 4807 ἀγῶνα
1515 4742 1771 4815 παρέχειν
1789 4747 2001 4819 ἀνθρὼ-

2106 4743 2304 4800 Audite
2334 4758 2491 4812 ergo,
2523 4742 2724 4796 domus
2747 4738 2917 4792 David
2948 4756 2962 4793 :
2993 4734 3263 4806 Numquid
3293 4746 3483 4801 parum
3513 4729 3667 4784 vobis

434 4839 575 4888 ποις,
603 4823 695 4875 καὶ
745 4821 860 4886 πῶς
904 4824 1091 4895 Κυρίῳ
1123 4826 1391 4898 παρέχετε
1427 4831 1646 4899 ἀγῶνα;
1698 4835 1797 4890 Διά
1843 4838 2001 4892 τοῦτο

430 4912 589 4966 δώσει
616 4912 818 4985 Κύριος
845 4914 1003 4978 αὐτὸς
1030 4915 1158 4986 ὑμῖν
1191 4922 1412 4989 σημεῖον
1431 4938 1444 4951 ·
1488 4922 1638 4988 Ἰδοὺ,
1666 4928 1698 4997 ή
1732 4927 1999 4998 παρθένος

430 5004 489 5056 ὲν
518 5005 714 5075 γαστρὶ
746 5003 995 5074 λήψεται,
1019 5007 1115 5060 καὶ
1139 5006 1351 5072 τέξεται
1384 5012 1498 5064 υίόν
1517 5032 1530 5044 ·
1551 5014 1644 5068 καὶ
1670 5016 1916 5083 καλέσεις
1938 5021 1999 5074 τὸ

428 5092 598 5164 ὄνομα
646 5094 807 5148 αὐτοῦ
844 5097 1220 5170 Ἐμμανουήλ’
1266 5098 1521 5173 βούτυρον
1550 5107 1642 5159 καὶ
1674 5108 1794 5178 μέλι
1824 5110 1994 5180 φάγεα

429 5201 536 5248 ται,
560 5185 686 5255 πρὶν
712 5186 744 5256 ἢ
772 5186 970 5255 γνῶναι
996 5188 1156 5243 αὑτὸν
1188 5190 1221 5262 ἢ
1250 5193 1565 5264 προελέσθαι
1594 5200 1823 5271 πονηρὰ,
1845 5204 1998 5257 ἐκλέ-

429 5272 578 5364 gerat
605 5272 666 5326 τὸ
689 5275 916 5364 ἀγαθόν·
943 5277 1095 5344 διότι,
1120 5282 1248 5353 πρὶν
1267 5282 1299 5355 ἥ
1319 5285 1520 5353 γνῶναι
1548 5288 1608 5341 τὸ
1636 5291 1844 5346 παιδίον
1863 5294 1999 5364 ἀγάρ

429 5360 520 5454 θον
553 5362 584 5434 ἢ
615 5363 804 5428 κακὸν,
841 5367 1058 5422 ἀπειθεῖ
1097 5373 1353 5444 πονηρίᾳ,
1384 5375 1702 5442 ἐκλέξασθαι
1746 5382 1808 5436 τὸ
1856 5360 1996 5454 ἀγα-

428 5451 539 5555 θόν.
561 5474 598 5555 1
622 5458 705 5555 0i~
732 5457 805 5528 μὴ
855 5461 1285 5555 παραδεχόμενοι
1326 5465 1439 5521 τῶν
1479 5470 1544 5523 ὲκ
1574 5475 1874 5545 περιτομῆς
1897 5451 1996 5549 τὴν

428 5545 521 5597 τοῦ
561 5545 806 5619 Σωτῆρος
844 5548 1000 5620 ήμῶν
1045 5551 1215 5621 Ἰησοῦ
1253 5555 1491 5625 Χριστοῦ
1517 5562 1816 5631 παρουσίαν
1847 5545 1999 5634 λεγέ-

430 5653 606 5690 τωσαν
648 5639 732 5703 τίς
778 5641 810 5710 ή
861 5641 1146 5713 παρθένος,
1179 5646 1212 5715 ή
1247 5645 1388 5698 κατά
1424 5647 1522 5719 τὴν
1562 5656 1894 5725 προφητείαν
1939 5660 1997 5712 έν

501 5790 516 5820 ί
549 5790 653 5848 lsa.
690 5808 775 5861 Ill,
819 5794 1003 5853 l2—ll.
1079 5800 1097 5830 '
1128 5796 1233 5854 lsa.
1270 5816 1365 5868 vn,
1400 5801 1577 5859 lO-l6.

2098 4846 2204 4902 est,
2241 4836 2504 4890 molestos
2535 4848 2658 4889 esse
2692 4830 3026 4895 hominibus,
3050 4827 3176 4897 quia
3204 4824 3415 4879 molesti
3446 4820 3581 4877 estis
3613 4826 3669 4874 et

2100 4932 2211 4985 Deo
2244 4928 2408 4983 meo?
2440 4926 2670 4996 Propter
2703 4923 2807 4978 boc
2848 4921 2997 4977 dabit
3038 4918 3300 4973 Dominus
3348 4916 3465 4984 ipse
3512 4911 3667 4966 vobis

2098 5022 2338 5092 signum.
2375 5018 2518 5074 Ecce
2567 5018 2724 5087 virgo
2763 5012 3055 5084 concipiet,
3084 5018 3138 5067 et
3177 5009 3352 5080 pariet
3383 5007 3571 5068 lilium,
3611 5014 3667 5059 et

2097 5112 2383 5169 vocabitur
2410 5125 2610 5166 nomen
2642 5109 2762 5179 ejus
2786 5106 3125 5163 Emmanuel.
3165 5103 3427 5175 Butyrum
3472 5108 3527 5156 et
3559 5098 3668 5155 me!

2104 5205 2370 5269 comedet,
2399 5212 2457 5259 ut
2489 5204 2629 5261 sciat
2674 5201 2965 5271 reprobare
2993 5198 3217 5263 malum,
3249 5205 3302 5251 et
3337 5195 3539 5264 eligere
3567 5192 3666 5247 bo-

2103 5314 2256 5353 num.
2292 5294 2427 5362 Quia
2460 5305 2747 5363 antequam
2801 5292 2937 5347 sciat
2979 5305 3112 5359 puer
3143 5286 3432 5358 reprobare
3465 5283 3665 5338 malum

2102 5396 2155 5443 et
2186 5389 2386 5458 eligere
2418 5388 2640 5446 bonum,
2678 5400 2782 5436 non
2806 5391 2889 5435 est
2918 5380 3179 5436 obediens
3209 5378 3449 5440 malitiae,
3486 5384 3547 5429 ut
3579 5390 3666 5430 sc-

2103 5479 2234 5550 ligat
2262 5480 2465 5534 bonum
2484 5479 2525 5529 ².
2564 5497 2584 5529 ι
2610 5475 2726 5529 Non
2744 5472 3072 5542 accipientes
3095 5469 3189 5540 qui
3210 5485 3275 5525 ex
3301 5466 3670 5523 circumcisio-

2103 5585 2172 5624 ne
2203 5580 2353 5634 sunt,
2387 5565 2691 5622 Salvatoris
2725 5562 2896 5618 nostri
2942 5559 3072 5617 Jesu
3103 5557 3309 5615 Christi
3349 5555 3663 5615 adventuum,

2104 5662 2291 5717 dicant
2325 5673 2569 5730 quaenam
2617 5658 2690 5713 sit
2732 5658 2847 5711 haec
2880 5654 3053 5726 virgo,
3086 5665 3207 5724 quae
3234 5649 3388 5720 juxta
3429 5645 3665 5719 prophe-
