4100 6440
421 403 561 460 1205

1227 405 1494 462 EUSEBII
1535 407 2018 466 CASSARIENSIS
2050 409 2200 468 ΟΡΡ.
2241 412 2421 468 PARS
2459 413 2548 469 Ill.
2595 445 2660 455 —
2695 412 3106 474 EXEGETICA.

3526 415 3663 471 1204

416 523 545 575 tiam
577 521 632 576 in
665 527 822 576 utero
849 521 1077 592 accipiet
1104 530 1159 576 et
1190 522 1365 591 pariet
1391 513 1588 588 lilium,
1609 523 1768 594 cujus
1791 539 1981 579 nomen

2093 529 2292 598 γαστρὶ
2337 527 2616 599 ληψομένη
2668 528 2758 579 καὶ
2807 526 3035 591 τέξουσα
3079 529 3170 582 τὸν
3201 527 3666 600 ἐπονομαζόμενον

414 613 514 668 erit
553 612 1062 677 Emmanuel.Qnod
1095 613 1140 667 si
1171 613 1412 668 dixerint
1448 629 1557 667 non
1583 614 1866 685 virginem,
1891 615 1988 671 sed

414 705 650 774 puellam
682 704 826 774 apud
883 704 1223 775 Scripturam
1258 704 1520 759 llebraica
1550 720 1684 760 voce
1737 708 1988 760 nomina-

411 808 524 850 tam
565 811 710 860 esse,
744 798 1188 879 respondendum
1243 799 1390 867 quod
1422 799 1583 868 primi
1615 800 1706 868 qui
1743 799 1988 856 divinum

414 887 715 959 Scriptum
736 905 956 949 sensum
990 891 1064 944 ita
1093 897 1220 944 sunt
1245 891 1607 959 interpretati,
1630 905 1737 944 non
1761 891 1990 962 quilibet

409 991 588 1044 erant,
627 984 973 1052 septuaginta
1031 983 1245 1037 scilicet
1289 997 1319 1036 e
1350 983 1551 1051 populo
1580 985 1986 1052 prtestant'iores

409 1072 628 1134 delecti,
666 1084 720 1128 et
768 1075 1006 1128 maxima
1055 1091 1154 1145 pro
1199 1075 1308 1129 illis
1345 1077 1680 1144 temporibus
1720 1077 1986 1146 sapientia

410 1165 643 1232 probati.
685 1164 969 1231 Quodnam
992 1167 1138 1220 enim
1171 1165 1372 1220 mirum
1403 1165 1594 1221 Sermo
1625 1167 1988 1238 pollicebatur

409 1259 624 1326 signum
655 1259 722 1312 ab
764 1258 880 1328 ipso
914 1258 1163 1324 Domino,
1200 1259 1357 1329 quasi
1403 1257 1710 1328 prodigium
1761 1259 1985 1330 aliquid,

408 1349 570 1403 domo
596 1349 762 1405 David
786 1351 970 1406 datum
996 1352 1062 1406 iri
1113 1351 1508 1422 praenuntians,
1540 1352 1585 1405 si
1613 1351 1989 1406 tantummodo

409 1442 641 1512 simplex
690 1443 871 1512 puella
916 1442 1321 1511 designaretur.
1357 1441 1500 1496 Nihil
1549 1459 1681 1496 vero
1717 1444 1986 1514 prohibet,

407 1534 507 1586 etsi
559 1535 796 1603 puellam
835 1533 992 1603 juxta
1030 1549 1126 1590 eos
1158 1534 1480 1590 Hebraicnm
1532 1536 1823 1605 signiticet,
1856 1535 1987 1605 quin

407 1623 694 1692 prophetia
722 1624 988 1693 virginem
1011 1624 1243 1678 indicari
1288 1625 1689 1680 existimemus.
1714 1624 1985 1680 Caeterum

407 1714 462 1767 in
490 1713 735 1771 Levitico
767 1732 985 1786 quoque
1028 1718 1272 1778 invenies
1307 1718 1571 1788 virginem
1603 1718 1721 1773 viro
1754 1718 1990 1789 despon-

407 1815 682 1871 satam,et
717 1825 838 1878 quae
890 1808 997 1862 vim
1048 1809 1116 1862 ah
1159 1811 1266 1864 alio
1296 1811 1438 1873 tulit,
1484 1812 1719 1881 puellam
1770 1827 1987 1884 quoque

2100 618 2448 689 Ἐμμανουήλ
2492 618 2638 671 υἱόν·
2684 616 2796 670 ἀλλ’
2837 619 2885 670 εί
2931 618 3188 686 φάσκοιεν
3239 619 3312 690 μὴ
3358 615 3665 688 γεγράφθαι

2087 709 2379 780 παρθένον,
2409 710 2547 763 ἀλλά
2590 711 2768 764 νεᾶνιν
2817 709 2959 763 κατὰ
2997 709 3058 763 τὸ
3091 710 3394 780 Ἐὅραῖκδν,
3426 707 3665 771 λεκτέον,

2087 801 2164 864 ὼς
2192 803 2289 872 οὐχ
2321 805 2367 854 οί
2397 803 2648 872 τυχόντες
2671 799 2962 872 ἐτύγχανον
3001 803 3050 854 οί
3084 801 3290 873 πρῶτοι
3323 800 3418 872 τὴν
3444 797 3666 870 Γραφὴν

2088 893 2230 947 κατά
2275 893 2423 947 θείαν
2473 894 2904 965 ἐρμηνεύσαντες
2930 894 3262 964 οἰκονομίαν,
3297 892 3670 962 ἐϐδομήκοντα

2092 987 2192 1057 μὲν
2220 986 2370 1048 ὀντες
2399 986 2460 1039 τὸ
2488 986 2711 1056 πλῆθος,
2747 988 3160 1058 άναλελεγμένοι
3205 985 3513 1058 ἀριστίνδην
3559 981 3668 1037 ἀπὸ

2090 1079 2290 1144 παντὸς
2325 1079 2418 1131 τοῦ
2451 1079 2601 1142 λαοῦ,
2637 1079 2865 1152 δοκιμήν
2894 1099 2954 1133 τε
2987 1081 3048 1132 οὐ
3085 1078 3320 1151 σμικρὰν
3359 1078 3502 1131 κατὰ
3540 1077 3669 1140 τοὺς

2089 1171 2268 1224 αὐτῶν
2297 1171 2522 1242 χρόνους
2546 1172 2639 1224 ἐπὶ
2668 1174 2827 1245 σοφίᾳ
2851 1173 3144 1236 δεδωκότες
3162 1188 3176 1202 ·
3208 1172 3262 1225 τί
3306 1172 3350 1224 δ’
3386 1171 3451 1224 ἂν
3484 1170 3666 1240 παρά-

2088 1263 2236 1329 δοξον
2258 1265 2286 1316 ὀ
2315 1255 2486 1331 Λόγος
2517 1265 2826 1334 ὑπισχνεῖτο
2859 1269 3079 1335 σημεῖον
3115 1264 3206 1318 ὑπ’
3234 1263 3397 1317 αὐτοῦ
3427 1261 3521 1315 τοῦ
3551 1263 3666 1315 Κυ-

2090 1356 2207 1426 ρίου
2238 1354 2424 1426 ὥσπερ
2450 1372 2502 1408 τι
2527 1354 2834 1425 θαυμαστὸν
2873 1357 2950 1427 τῷ
2978 1357 3111 1428 οἴκῳ
3148 1355 3309 1410 Δαυῒδ
3347 1352 3670 1424 δοθήσεσθαι

2089 1430 2638 1520 προμαρτυράμενος,
2662 1451 2708 1502 εί
2735 1451 2862 1519 περὶ
2890 1450 3050 1521 ψιλῆς
3078 1448 3316 1511 νεάνιδος
3345 1450 3373 1501 ὀ
3396 1446 3553 1514 λόγος
3575 1440 3666 1517 ἦν’

2088 1539 2240 1592 οὐδὲν
2271 1539 2328 1591 δέ
2355 1541 2505 1610 ἡμᾶς
2538 1539 2759 1604 κωλύει,
2798 1543 2845 1593 εἰ
2872 1543 2966 1594 καὶ
2995 1538 3288 1611 νεάνιδα[ν]
3319 1540 3438 1592 κατ’
3472 1536 3668 1599 αὐτοὺς

2089 1630 2332 1701 περιέχει
2358 1630 2418 1682 τὸ
2461 1630 2768 1702 Ἐὀραῖκὸν,
2802 1633 2876 1694 ὡς
2905 1632 3032 1703 περὶ
3067 1631 3336 1703 παρθένου
3377 1626 3669 1700 δηλοῦσθαι

2089 1719 2328 1789 νομίζειν
2358 1719 2424 1772 τά
2463 1721 2754 1791 εἰρημέναο
2803 1722 2896 1774 καὶ
2935 1722 3043 1792 γὰρ
3081 1718 3172 1774 οὖν
3205 1722 3260 1772 ἐν
3289 1719 3366 1791 τῷ
3400 1715 3670 1786 Λευῖτικῷ

2090 1811 2268 1882 εὕροις
2311 1811 2376 1864 ἂν
2422 1812 2518 1883 τὴν
2550 1813 2996 1883 ὁμολογουμένως
3028 1812 3294 1884 παρθένον
3330 1827 3672 1882 μεμνηστευ-

406 1901 694 1970 6criptura
724 1903 740 1932 ¹
769 1901 1044 1972 appellari.
1087 1901 1152 1955 Et
1184 1902 1272 1957 hic
1302 1905 1521 1974 quidem
1553 1904 1811 1958 decorum
1839 1915 1981 1960 esset

2092 1901 2259 1972 μένην
2295 1901 2468 1972 ἀνδρὶ,
2517 1903 2604 1971 ὑφ’
2640 1902 2827 1973 ἐτέρου
2856 1904 2873 1973 (
2898 1901 2937 1958 f.
2964 1901 3033 1955 46
3063 1903 3159 1972 v°)
3192 1901 3248 1954 δὲ
3283 1899 3672 1971 βεϐιασμένην,

405 1993 570 2047 domo
597 1993 766 2047 David
801 2002 1022 2063 propter
1063 2009 1252 2049 eorum
1285 1995 1718 2051 incredulitatem
1751 2013 1779 2050 a
1808 1996 1988 2050 Domi-

404 2097 478 2137 no
506 2084 624 2139 dari
651 2085 890 2156 signum,
919 2086 1185 2155 virginem
1223 2087 1484 2142 inusitate
1507 2087 1800 2157 parturire,
1830 2088 1988 2160 cujus

402 2173 722 2228 nasciturus
754 2187 892 2244 puer
921 2172 1264 2227 admirabilis
1307 2172 1424 2228 fore
1457 2172 1862 2244 praedicaretur.
1902 2173 1989 2227 Si—

403 2263 622 2334 quidem
645 2280 675 2318 a
702 2267 961 2335 pueritia,
1002 2275 1054 2322 et
1091 2274 1150 2322 ut
1180 2268 1253 2320 ita
1294 2266 1494 2328 dicam,
1538 2265 1608 2320 ab
1637 2267 1753 2336 ipsa
1785 2267 1986 2320 nativi-

402 2364 514 2410 tate
543 2357 766 2412 malitiae
798 2373 908 2412 non
938 2359 1439 2430 obtemperaturus,
1458 2359 1771 2428 bonumque
1791 2358 1992 2413 electu-

400 2463 496 2502 rus
519 2448 950 2518 pr0phetizatur.
970 2450 1036 2504 Et
1063 2466 1265 2506 nomen
1295 2450 1415 2521 ejus
1444 2451 1641 2504 mirum
1679 2451 1732 2504 in
1768 2449 1986 2504 modum

399 2541 804 2610 praentmtiatur
867 2540 1188 2615 Emmanuel
1243 2541 1400 2609 fore,
1453 2543 1663 2598 scilicet
1713 2541 1988 2596 nobiscum

398 2625 564 2686 Deus.
596 2629 752 2699 Quod
795 2639 848 2686 et
891 2631 1200 2689 diceremus
1239 2647 1343 2689 nos
1377 2633 1504 2704 ipsi,
1540 2633 1632 2703 qui
1662 2648 1786 2688 eum
1818 2648 1986 2703 agno-

398 2721 608 2779 scimus
655 2732 709 2779 et
742 2723 1070 2782 conﬁtemur
1122 2727 1243 2796 ejus
1296 2726 1539 2782 divinam
1591 2732 1644 2780 et
1700 2726 1986 2796 mysticam

397 2813 542 2883 apud
595 2829 787 2885 omnes
837 2817 1089 2874 homines
1137 2819 1314 2889 ipsius
1369 2819 1613 2890 potentia
1661 2816 1992 2872 incarnatio-

400 2921 546 2961 nem.
602 2905 830 2979 Dicatur
878 2909 1079 2964 iterum
1137 2911 1489 2984 Emmanuel,
1517 2911 1789 2965 nobiscum
1818 2909 1984 2976 Deus,

396 3013 463 3052 eo
491 2999 638 3068 quod
670 2998 834 3055 Pater
863 3001 1106 3077 quidem,
1130 3001 1385 3074 Deusque
1413 3004 1658 3058 omnium
1685 3018 1851 3074 supra
1877 3018 1986 3058 non

397 3095 608 3143 tantum
641 3091 954 3157 mortalem,
993 3092 1089 3147 sed
1124 3099 1179 3156 et
1225 3108 1444 3148 onmem
1504 3095 1846 3165 spiritualem
1888 3109 1986 3149 na-

397 3190 579 3235 turam
611 3183 714 3251 sit;
745 3182 918 3240 Filius
963 3199 1093 3239 vero
1119 3201 1230 3240 non
1254 3186 1523 3258 immerito
1540 3187 1809 3241 nobiscum
1843 3187 1983 3242 Deus

2089 1994 2267 2046 νεᾶνιν
2299 1992 2402 2044 ὑπὸ
2425 1993 2523 2064 τῆς
2553 1994 2776 2064 Γραφῆς
2798 1991 3203 2064 ὀνομαζομένην
3223 2009 3236 2024 ·
3279 1993 3372 2044 καὶ
3403 1990 3574 2063 ταύτῃ
3605 2005 3671 2059 γι

2088 2082 2417 2154 ἁξιοπρεπές
2459 2084 2525 2137 ἂν
2561 2086 2644 2156 εἴη
2674 2085 2750 2156 τῷ
2783 2085 2917 2155 οἴκῳ
2945 2083 3106 2137 Δαυῒδ
3138 2083 3226 2138 διὰ
3269 2083 3366 2155 τὴν
3410 2080 3669 2135 ἀπιστίαν

2087 2175 2264 2228 αὐτῶν
2302 2175 2457 2246 παρὰ
2481 2175 2688 2246 Κυρίου
2722 2175 2955 2229 δίδοσθαι
2985 2179 3227 2245 σημεῖον,
3264 2175 3324 2227 τὸ
3352 2170 3671 2244 παραδόξως

2090 2268 2358 2340 παρθένον
2375 2270 2682 2332 ἀποτεκεῖν,
2714 2267 2780 2320 δι’
2807 2269 2834 2320 ὃ
2859 2269 2921 2340 δὴ
2953 2270 3047 2322 καὶ
3073 2271 3101 2322 ὀ
3126 2267 3520 2339 τεχθησόμενος
3541 2263 3675 2316 θαυ-

2093 2361 2294 2433 μαστός
2321 2378 2408 2424 τις
2431 2359 2506 2413 ὢν
2529 2360 2890 2432 ἀνηγόρευται
2912 2379 2924 2390 ·
2958 2363 3012 2415 εί
3036 2379 3098 2430 γε
3127 2361 3193 2413 ἐκ
3223 2360 3430 2423 παιδὸς,
3465 2357 3560 2412 καὶ⁸
3593 2353 3675 2419 ὡς

2089 2453 2284 2516 εἰπεῖν,
2307 2451 2365 2519 ἐξ
2400 2451 2572 2522 αὐτῆς
2605 2453 2894 2520 γενέσεως,
2931 2451 3248 2524 ἀπειθήσειν
3283 2451 3380 2522 μέν
3410 2445 3667 2518 πονηρίᾳ,

2088 2541 2410 2607 ἐκλέξασθαι
2442 2541 2500 2594 δὲ
2528 2540 2588 2592 τὸ
2613 2541 2816 2609 ἀγαθὸν
2844 2540 3266 2612 προφητεύεται.
3284 2537 3396 2592 Καὶ
3416 2537 3475 2590 τὸ
3496 2535 3672 2605 ὖνομα

2089 2634 2145 2688 δὲ
2184 2634 2349 2687 αὑτοῦ
2393 2634 2722 2705 θαυμαστῶς
2764 2632 3288 2707 προαναπεφώνηται
3319 2625 3672 2700 Ἐμμανουὴλ

2088 2726 2354 2796 τυγχάνον
2371 2743 2384 2756 ο
2421 2745 2440 2777 ι
2477 2726 2505 2779 ὀ
2528 2726 2664 2792 ἐστι,
2690 2728 2818 2795 μεθ’
2840 2724 3010 2794 ἡμῶν
3035 2729 3067 2779 ό
3091 2725 3332 2788 Θεός.Ὃ
3353 2724 3447 2776 καὶ
3473 2723 3672 2791 φῆσαι-

2092 2835 2189 2889 μεν
2221 2819 2287 2872 ἂν
2320 2821 2480 2890 ἡμεῖς
2505 2821 2554 2871 οί
2576 2817 2965 2889 ὁμολογοῦντες
2991 2817 3177 2880 αὑτὸν,
3202 2817 3296 2870 καὶ
3319 2812 3672 2882 συναισθόμε-

2089 2926 2168 2963 νοι
2202 2909 2300 2980 τῆς
2330 2909 2513 2965 ἐνθέου
2544 2910 2638 2963 καὶ
2665 2911 2978 2980 ἀπορρήτου
3004 2911 3085 2973 είς
3111 2908 3320 2970 πάντας
3346 2903 3672 2977 ἀνθρώπους

2085 2999 2175 3055 διὰ
2221 3001 2321 3069 τῆς
2375 2999 2538 3053 αὐτοῦ
2584 3000 2864 3072 δυνάμεως
2910 2998 3234 3072 ἐπιδημίαςο
3287 2997 3498 3065 λέγοιτο
3528 2995 3573 3048 δ’
3605 2993 3674 3048 ἂν

2087 3090 2250 3145 πάλιν
2292 3091 2657 3162 Ἐμμανουὴλ,
2685 3095 2716 3144 ό
2762 3093 2888 3161 μεθ’
2922 3089 3092 3160 ἡμῶν
3127 3089 3290 3154 Θεὸς,
3322 3086 3399 3159 τῷ
3446 3086 3538 3139 τὸν
3572 3085 3671 3156 μὲν

2087 3180 2306 3252 Πατέρα
2323 3181 2417 3234 καὶ
2437 3181 2570 3234 Θεὸν
2592 3181 2698 3234 τῶν
2722 3182 2858 3234 ὅλων
2882 3180 3137 3234 ἐπέκεινα
3155 3180 3216 3232 οὐ
3242 3179 3398 3250 μόνον
3420 3178 3518 3248 τῆς
3544 3176 3674 3247 θνη-

396 3274 737 3341 nominatur,
758 3291 882 3331 cum
916 3278 1061 3348 apud
1092 3294 1193 3337 nos
1222 3290 1595 3337 commoratus
1626 3281 1717 3336 sit.
1751 3279 1906 3347 Quod
1933 3279 1976 3337 si

2083 3274 2202 3346 τῆς,
2238 3272 2370 3326 ἀλλὰ
2405 3273 2499 3326 καί¹
2530 3273 2706 3343 πάσης
2736 3273 2836 3343 τῆς
2869 3271 3092 3342 λογικῆς
3118 3270 3332 3340 φύσεως
3355 3268 3665 3339 τυγχάνειν·

394 3361 568 3420 Judaei
611 3365 726 3421 hac
776 3367 955 3422 Achaz
1003 3371 1369 3439 praenuntiata
1402 3371 1468 3425 ad
1516 3371 1823 3434 Ezechiam,
1857 3371 1978 3441 ejus

2083 3370 2170 3423 τὸν
2215 3369 2272 3423 δὲ
2309 3367 2450 3430 Υίόν,
2490 3366 2597 3420 τὸν
2619 3367 2748 3434 μεθ’
2783 3365 2952 3435 ἡμῶν
2981 3366 3130 3420 Θεὸν
3162 3363 3384 3426 εἰκότως
3406 3359 3668 3431 ὀνομάζε-

397 3453 568 3510 tilium
601 3457 865 3526 regnique
896 3473 1274 3514 successorem
1296 3499 1310 3524 ,
1337 3458 1598 3525 referant,
1627 3460 1973 3515 animadver-

393 3546 619 3602 tendum
675 3549 791 3604 haec
841 3551 1092 3622 ipsojam
1127 3560 1242 3608 tum
1287 3563 1441 3624 patre
1477 3554 1658 3609 Achaz
1714 3561 1978 3625 regnante

395 3639 696 3710 praedicta;
732 3641 1020 3699 Ezechiam
1057 3661 1189 3700 vero
1226 3658 1517 3716 antequam
1553 3663 1783 3718 regnum
1815 3662 1974 3701 acce-

393 3730 537 3801 perit
559 3731 763 3796 Achaz,
802 3734 1044 3803 genitum
1080 3751 1204 3791 esse
1225 3744 1464 3792 constat.
1493 3736 1778 3794 Sexdecim
1801 3751 1974 3794 annos

393 3833 717 3892 regnaverat
745 3823 950 3889 Achaz,
982 3841 1107 3882 cum
1139 3827 1191 3881 ei
1237 3829 1507 3898 successit
1559 3827 1844 3900 Ezechias,
1881 3828 1976 3898 qui

391 3923 511 3968 tum
543 3914 720 3970 aetatis
747 3916 1000 3985 quintum
1046 3925 1101 3972 et
1143 3918 1464 3974 vicesimum
1501 3934 1706 3973 annum
1744 3917 1974 3989 agebat;

391 4005 466 4060 ita
523 4013 586 4060 ιιι
633 4022 830 4062 novem
883 4010 1044 4064 annis
1109 4019 1400 4082 antequam
1447 4019 1602 4083 pater
1668 4013 1725 4065 in
1775 4011 1974 4066 solium

391 4099 742 4166 ascenderet,
769 4111 932 4156 natus
965 4103 1057 4158 sit.
1103 4101 1206 4158 Sed
1236 4103 1348 4174 jam
1383 4104 1632 4175 regnanti
1675 4105 1791 4159 haec
1836 4118 1976 4173 prae-

391 4189 539 4244 dicta
571 4199 702 4246 sunt
732 4192 911 4247 Achaz
941 4194 1009 4248 de
1047 4195 1273 4250 miriﬁca
1316 4203 1481 4267 atque
1508 4197 1731 4252 insolita
1768 4193 1976 4251 Christi

391 4284 704 4342 nativitate.
753 4285 1106 4358 Singulorum
1147 4305 1279 4345 vero
1303 4289 1470 4359 hujus
1513 4290 1810 4361 prophetiae
1851 4303 1975 4343 ver-

390 4374 586 4430 borum
618 4392 863 4442 sensum,
895 4380 1075 4449 qualis
1120 4380 1213 4446 sit,
1245 4385 1461 4439 noverit
1487 4384 1581 4453 qui
1607 4383 1662 4436 in
1696 4383 1796 4436 hos
1824 4381 1973 4437 locos

387 4467 662 4525 mirabilis
687 4471 790 4524 viri
817 4473 1110 4542 exegeticis
1143 4474 1389 4531 studiose
1419 4474 1735 4532 attenderit.

2083 3461 2206 3515 σθαι
2241 3461 2340 3533 τῆς
2374 3461 2568 3532 μέχρις
2591 3457 2750 3529 ἡμῶν
2776 3458 3069 3528 ἐπιδημίας
3095 3455 3262 3511 αὑτοῦ
3291 3456 3496 3508 ἕνεκεν.
3517 3452 3671 3505 Ἐπεὶ

2079 3557 2137 3610 δέ
2169 3573 2312 3620 τινος
2342 3555 2450 3610 τῶν
2478 3557 2541 3608 ἐκ
2565 3550 2869 3625 περιτομῆς
2893 3549 3174 3622 εἰρηκότος
3203 3546 3441 3609 ἀκούσας
3461 3545 3670 3616 μέμνη-

2083 3666 2180 3719 μαι
2232 3648 2404 3702 ταῦτα
2448 3646 2527 3717 τῷ
2572 3645 2741 3714 Ἀχὰξ
2786 3639 3224 3715 προφητεύεσθαι
3257 3639 3387 3709 περὶ
3424 3635 3666 3701 Ἐζεκίου

2077 3739 2172 3794 τοῦ
2215 3739 2274 3804 ἐξ
2306 3737 2472 3792 αὑτοῦ
2504 3739 2793 3810 γενομένου
2831 3737 2925 3790 καὶ
2962 3735 3080 3803 μετ’
3112 3731 3272 3785 αὐτὸν
3317 3727 3653 3802 βασιλεύσαν-

2077 3849 2191 3904 τος,
2223 3830 2602 3901 ἐπιτηρητέον,
2630 3831 2710 3881 ὅτι
2752 3832 2858 3900 πρὸ
2889 3826 2982 3880 τοῦ
3014 3822 3330 3893 βασιλεῦσαι
3371 3820 3463 3873 τόν
3502 3817 3668 3890 Ἀχὰζ

2079 3926 2174 3979 καὶ
2225 3924 2330 3995 πρὸ
2369 3924 2468 3994 τῆς
2504 3923 2800 3994 εἰρημένης
2835 3919 2984 3990 αὑτῷ
3019 3917 3222 3988 ταύτης
3255 3915 3320 3988 δὴ
3370 3916 3538 3986 αὐτῆς
3567 3916 3669 3985 τῆς

2080 4015 2437 4087 προφητείας,
2469 4014 2717 4077 Ἐζεκίας
2761 4014 2863 4084 ἤδη
2907 4012 3074 4066 πάλαι
3118 4006 3480 4079 γεγενημένος
3533 4007 3668 4058 ἀπο-

2074 4105 2349 4159 δείκνυται
2375 4122 2388 4134 ⁴
2430 4104 2524 4156 ἐπὶ
2550 4103 2682 4156 δέκα
2713 4102 2842 4171 γοῦν
2873 4104 2965 4157 καὶ
2993 4102 3053 4167 ἒξ
3083 4100 3227 4153 έτεσι
3259 4098 3351 4152 τὸν
3391 4095 3556 4168 Ἀχάζ
3579 4095 3668 4166 βα-

2082 4198 2402 4252 σιλεύσαντα
2443 4197 2768 4266 διαδέχεται,
2799 4195 2947 4264 ἄγων
2979 4196 3099 4258 ἔτος
3143 4193 3242 4264 τῆς
3275 4191 3492 4262 ἡλικίας
3525 4189 3666 4259 πέμ-

2080 4308 2212 4346 πτον
2255 4290 2351 4344 καὶ
2398 4289 2660 4353 είκοστὺν,
2699 4290 2935 4360 ὁπηνίκα
2985 4289 3086 4359 τῆς
3138 4281 3416 4356 βασιλείας
3444 4281 3664 4351 ἤρχετο,

2076 4380 2152 4444 ὡς
2200 4379 2604 4454 προλαμϐάνειν
2658 4378 2822 4431 αὐτοῦ
2857 4379 2954 4450 τὴν
3010 4378 3227 4446 γένεσιν
3275 4373 3452 4427 ἐτεσιν
3506 4369 3662 4424 ἐννέα

2075 4472 2173 4544 τὴν
2217 4471 2310 4526 τοῦ
2367 4471 2570 4544 πατρὸς
2622 4471 2714 4523 ἐπὶ
2762 4469 2862 4541 τὴν
2903 4467 3182 4540 βασιλείαν
3227 4463 3492 4536 πάροδον·
3529 4458 3665 4516 ἀλλὰ

387 4560 497 4632 γὰρ
551 4562 652 4633 ἥδη
685 4561 1020 4632 βασιλεύοντι
1077 4568 1147 4623 τά
1216 4568 1553 4640 προκείμενα
1599 4569 1677 4640 τῷ
1721 4569 1886 4640 Ἀχάζ
1935 4564 2337 4638 προφητεύεται
2382 4564 2511 4635 περὶ
2561 4564 2659 4634 τῆς
2703 4560 3078 4634 δεδηλωμένης
3120 4557 3214 4614 τοῦ
3249 4555 3488 4630 Χριστοῦ
3557 4571 3664 4606 πα-

390 4657 612 4728 ραδόξου
663 4658 757 4711 καὶ
802 4659 1260 4734 θαυμασιωτάτης
1287 4664 1574 4734 γενέσεως.
1611 4664 1691 4718 Τά
1731 4665 1788 4718 δὲ
1835 4664 1973 4718 κατὰ
2003 4663 2102 4734 τὴν
2135 4661 2278 4726 λέξιν
2309 4659 2517 4712 ἕκαστα
2549 4660 2732 4712 ὁποῖον
2765 4656 2876 4728 ἔχει
2903 4653 3049 4721 νοῦν,
3098 4657 3214 4718 ⁴τοῖς
3255 4655 3335 4717 είς
3383 4652 3511 4715 τοὺς
3570 4649 3665 4703 τό·

388 4765 522 4823 πούς
565 4749 658 4803 τοῦ
705 4750 1006 4822 θαυμασίου
1059 4755 1253 4828 ἀνδρὸς
1293 4755 1639 4830 ἐξηγητικοῖς
1679 4757 1914 4829 ἐντυχὼν
1940 4759 1969 4810 ὀ
2007 4752 2308 4825 φιλομαθὴς
2339 4750 2560 4804 εἴσεται.

1013 4870 1240 4926 CAPUT
1282 4871 1347 4926 V.

462 4975 480 5009 ι
519 4958 586 5012 Et
617 4959 753 5024 dixit
785 4958 1049 5017 Dominus
1094 4960 1160 5015 ad
1213 4977 1301 5017 me
1342 4981 1355 5016 :
1393 4963 1596 5034 Accipe
1642 4964 1736 5039 tibi
1768 4965 1873 5037 ipsi
1903 4967 1970 5020 li-

384 5048 548 5102 brum
579 5064 780 5122 novum
813 5051 1097 5120 grandem,
1131 5059 1186 5108 et
1219 5054 1399 5110 scribe
1425 5057 1480 5109 in
1517 5071 1582 5112 eo
1611 5058 1752 5129 stylo
1791 5059 1968 5120 homi-

383 5139 516 5207 nis,
575 5150 635 5195 ut
683 5143 934 5198 celeriter
986 5144 1345 5216 direptionem
1408 5146 1580 5204 facias
1646 5150 1968 5221 spoliorum.

381 5233 550 5290 Adest
582 5235 751 5299 enim,
784 5244 841 5294 et
871 5242 1044 5292 testes
1087 5237 1220 5291 mihi
1260 5237 1426 5294 facito
1473 5239 1658 5297 ﬁdeles
1698 5242 1969 5304 homines,

384 5322 570 5380 Uriam
601 5326 962 5394 sacerdotem,
991 5337 1046 5383 et
1089 5327 1412 5385 Zachariam
1458 5331 1628 5387 ﬁlium
1671 5313 1968 5390 Barachiae.

383 5415 457 5469 Ει·
477 5419 689 5474 accessi
718 5418 787 5474 ad
819 5421 1240 5492 prophetissam,
1271 5431 1326 5478 et
1363 5424 1419 5478 in
1452 5432 1608 5480 utero
1638 5426 1867 5496 accepit,
1917 5432 1971 5482 et

382 5511 593 5578 peperit
623 5512 816 5573 ﬁlium.
848 5512 914 5568 Et
945 5515 1083 5571 dixit
1109 5514 1372 5572 Dominus
1421 5517 1486 5572 ad
1531 5533 1655 5572 me:
1692 5516 1840 5572 Voca
1869 5533 1968 5572 no-

383 5615 508 5654 men
560 5602 702 5670 ejus,
755 5605 1014 5661 Accelera
1071 5610 1244 5679 spolia
1320 5609 1628 5676 detrahere,
1674 5610 1787 5665 cito
1829 5626 1968 5682 prae-

382 5689 554 5754 dare,
616 5691 744 5759 quia
801 5703 1092 5764 antequam
1153 5699 1291 5752 sciat
1349 5715 1486 5768 puer
1529 5716 1724 5756 vocare
1756 5709 1963 5771 patrem

457 5849 466 5875 '
512 5845 666 5898 Deut.
695 5863 832 5908 xm,
872 5849 958 5899 27.

1999 4911 2048 4968 ἰ)

2609 4865 3006 4918 ΚΕΦΛΛΑΙΟΝ
3051 4861 3123 4916 Ε’.

2148 4982 2167 5012 ι
2205 4963 2314 5016 Καὶ
2338 4956 2458 5013 εἶπε
2501 4959 2706 5030 Κύριος
2739 4958 2872 5030 πρὸς
2919 4957 3007 5027 μὲ,
3049 4953 3193 5028 Λάϐε
3239 4951 3450 5023 σεαυτῷ
3493 4952 3660 5023 τόμον

2073 5055 2321 5130 (χάρτου)
2353 5050 2542 5106 καινοῦ
2582 5050 2838 5122 μεγάλου,
2866 5049 2960 5103 καὶ
2990 5047 3196 5118 γράψον
3217 5049 3294 5109 εἰς
3321 5046 3483 5107 αὑτὸν
3515 5060 3659 5115 γρα-

2072 5148 2184 5217 φίδι
2210 5145 2522 5218 ἀνθρώπου,
2545 5143 2638 5197 τοῦ
2665 5143 2830 5210 ὀξέως
2861 5139 3138 5212 προνομὴν
3169 5139 3390 5210 ποιῆσαι
3411 5137 3624 5200 σκύλων
3641 5156 3657 5169 ο

2071 5241 2304 5312 πάρεστι
2332 5240 2442 5310 γάρ
2461 5255 2474 5266 ·
2511 5238 2606 5290 καὶ
2633 5235 2913 5308 μάρτυράς
2942 5250 3032 5304 μοι
3052 5232 3276 5301 ποίησον
3310 5230 3536 5293 πιστοὺς
3564 5229 3659 5282 άν-

2071 5332 2344 5404 θρώπους,
2377 5331 2468 5384 τὸν
2515 5328 2716 5400 Οὐρίαν
2739 5327 2832 5380 τὸν
2879 5326 3048 5397 ἱερέα,
3087 5324 3182 5377 καὶ
3231 5323 3506 5393 Ζαχαρίαν
3539 5320 3657 5378 υίδν

2068 5424 2360 5496 Βαραχίου.
2392 5422 2503 5493 καὶ
2535 5418 2836 5494 προσῆλθον
2879 5419 3012 5490 πρὸς
3043 5417 3142 5488 τὴν
3176 5413 3654 5487 προφήτην(ἦτιν),

2069 5520 2164 5572 καὶ
2195 5519 2251 5570 ἐν
2300 5516 2498 5587 γαστρὶ
2530 5511 2711 5575 ἔλαϐε,
2746 5512 2838 5564 καὶ
2879 5509 3061 5563 ἔτεκεν
3094 5509 3235 5562 υίόν’
3273 5509 3367 5561 καὶ
3393 5504 3514 5560 εἶπε
3539 5506 3655 5560 Κύ-

2071 5610 2184 5682 ριός
2229 5625 2347 5679 μοι·
2385 5607 2627 5674 Κάλεσον
2657 5605 2716 5657 τὸ
2740 5603 2909 5675 ὄνομα
2939 5602 3123 5667 αὐτοῦ,
3163 5599 3384 5671 Ταχέως
3422 5598 3655 5652 σκύλευ-

2070 5719 2179 5767 σον,
2221 5701 2388 5767 ὀξέως
2442 5699 2841 5770 προνόμευσον·
2890 5695 3045 5770 διότι,
3103 5695 3230 5765 πρὶν
3290 5691 3558 5763 ἢγνῶναι
3591 5690 3654 5743 τὸ
