4100 6426
432 375 568 430 1205

1445 373 1737 430 ECLOGA:
1775 376 2262 436 rnormxricaz.
2304 412 2370 422 —
2418 383 2545 438 LIB.
2592 367 2698 438 Iv;

3525 390 3546 440 i
3557 385 3662 441 266

426 491 633 548 παιδίον
680 491 861 544 καλεῖν
911 491 1120 561 πατέρα
1153 490 1184 560 ἢ
1222 490 1452 562 μητέρα,
1489 489 1716 560 λήψεται
1768 493 1991 563 δύναμιν

2108 507 2189 551 ιιιι
2229 509 2479 565 matrem,
2513 501 2744 571 accipiet
2793 508 3111 572 potestatem
3148 499 3416 562 Damasci,
3449 509 3500 554 ct
3531 516 3661 570 spo--

424 583 739 658 Δαμασκοῦ,
783 586 876 638 καὶ
914 584 980 637 τὰ
1032 583 1204 637 σκῦλα
1239 583 1548 656 Σαμαρείας
1579 585 1814 638 ἐναντίον
1841 585 1993 655 βασι-

423 681 558 744 λέως
601 678 917 748 Ἀσσυρίων.
951 697 969 729 ι
1023 678 1143 729 Ἐπὶ
1179 680 1245 748 τῇ
1281 677 1375 729 τοῦ
1413 676 1692 748 μέλλοντος
1723 678 1996 732 ἀποτελεῖ-

2096 589 2166 642 lia
2215 589 2474 647 Samaria:
2518 607 2701 648 coram
2747 607 2874 663 rege
2921 591 3265 662 Assyriorum
3308 593 3347 642 ¹.
3399 613 3416 641 ι
3453 591 3533 648 Ad
3566 592 3666 644 mi-

2095 683 2296 740 randas
2327 701 2415 741 res
2443 701 2563 756 quae
2595 686 2790 740 futurae
2835 693 2990 740 erant
3019 684 3442 739 conscribendas
3470 683 3667 738 librum

424 773 548 828 σθαι
605 771 906 844 παραδόξου
957 771 1244 839 ἀναγραφῇ
1290 770 1455 840 τόμον
1516 769 1700 822 καινοῦ
1761 769 1994 840 μεγάλου

2108 788 2295 826 novum
2327 782 2382 829 et
2413 775 2671 844 grandem
2721 790 2936 829 sumere
2974 774 3197 843 jubetur
3242 773 3528 843 propheta,
3559 787 3670 842 quo

423 867 670 938 ἀγράφου
729 862 1124 934 προστάσσεται
1170 861 1350 914 λαϐεῖν
1392 864 1420 915 6
1468 863 1786 932 προφήτης·
1817 862 1884 914 δι’
1933 855 1994 914 οὗ

423 955 710 1028 δηλοῦσθαι
752 953 954 1024 νομίζω
983 954 1042 1006 τὸ
1068 955 1165 1023 τῆς
1201 954 1409 1023 Καινῆς
1443 953 1716 1026 Διαθήκης
1754 955 1998 1022 Εὐαγγέ-

424 1047 566 1101 λιον·
601 1047 735 1100 ἀλλὰ
769 1047 861 1098 καὶ
910 1045 1190 1118 μάρτυρας
1223 1045 1299 1116 τῷ
1333 1047 1521 1118 Κυρίῳ
1548 1047 1875 1116 ποιήσασθαι
1905 1064 1996 1100 πι-

427 1139 583 1204 στοὺς
613 1137 950 1210 ἀνθρώπους,
980 1133 1053 1192 ὧν
1085 1140 1114 1191 6
1145 1141 1242 1210 μὲν
1275 1143 1452 1212 ἱερεὺς
1483 1140 1698 1210 λέγεται
1727 1137 1885 1207 εἶναι,
1907 1143 1996 1196 ὁδ’

422 1230 626 1303 ἔτερος,
673 1228 848 1301 οἶμαι,
881 1233 1162 1303 προφήτης
1203 1228 1300 1303 ἦν’
1337 1233 1609 1306 μέμνηται
1653 1234 1782 1304 γοῦν
1832 1237 1997 1290 αὑτοῦ

424 1323 518 1376 καὶ
549 1325 580 1394 ἡ
607 1323 715 1376 τῶν
757 1321 1246 1394 Παραλειπομένων
1277 1327 1461 1396 γραφή
1483 1341 1497 1356 °
1543 1325 1638 1389 οὒς
1677 1326 1771 1380 καὶ
1801 1328 1998 1392 αὐτοὺς

423 1414 788 1486 ὑπολαμϐάνω
817 1414 1081 1485 σύμϐολον
1109 1411 1247 1469 εἶναι
1274 1417 1382 1470 τῶν
1409 1418 1912 1490 μεμαρτυρηκότων
1929 1423 1996 1490 τῇ

421 1504 515 1559 τοῦ
546 1506 794 1577 Σωτῆρος
827 1507 982 1578 ήμῶν
1025 1507 1200 1578 Ἰησοῦ
1231 1509 1467 1580 Χριστοῦ
1506 1512 1780 1582 παρουσίᾳ
1807 1510 1870 1582 (f.
1905 1511 1996 1581 47)

423 1598 736 1669 προφητῶν,
759 1600 852 1652 καὶ
878 1601 986 1653 τῶν
1013 1602 1092 1664 εἰς
1118 1599 1208 1653 τὸν
1239 1598 1403 1654 αὐτοῦ
1441 1600 1612 1655 τύπον
1641 1603 1807 1657 πάλαι
1827 1603 1996 1657 καθε-

424 1689 642 1744 στώτων
689 1691 897 1763 ἱερέων.
937 1692 1092 1746 Μετὰ
1131 1692 1305 1746 ταῦτα
1358 1693 1603 1763 λέγεται·
1640 1713 1661 1746 ι
1696 1697 1807 1749 Καὶ
1829 1713 1996 1768 προσο

2098 864 2389 934 signiﬁcari
2408 867 2602 935 opinor
2629 865 2764 921 Novi
2798 865 3130 921 Testamenti
3159 863 3530 935 Evangelium.
3561 863 3671 918 Sed

2097 963 2151 1011 et
2183 963 2352 1012 testes
2397 957 2623 1012 Domino
2668 966 2727 1012 ut
2773 959 2976 1012 faceret
3013 958 3198 1013 ﬁdeles
3231 957 3500 1020 homines,
3528 970 3666 1024 quo-

2099 1064 2218 1102 rum
2251 1051 2467 1121 quidem
2499 1067 2641 1106 unus
2674 1052 2928 1105 sacerdos
2952 1066 3074 1105 esse
3114 1051 3334 1112 dicitur,
3371 1049 3510 1102 alius
3540 1063 3672 1103 vero

2098 1141 2359 1212 propheta
2385 1147 2535 1206 erat;
2584 1140 2830 1194 meminit
2877 1141 3040 1205 igitur
3065 1141 3184 1204 ejus
3214 1147 3267 1193 et
3304 1137 3672 1208 Paralipome-

2097 1247 2208 1287 non
2242 1231 2522 1300 Scriptura
2549 1247 2564 1294 ;
2597 1245 2732 1300 quos
2781 1239 2832 1285 et
2861 1231 3008 1301 ipsos
3057 1231 3308 1301 suspicor
3335 1238 3520 1301 typum
3548 1245 3672 1285 esse

2097 1338 2284 1379 eorum
2317 1323 2409 1392 qui
2454 1319 2750 1376 Salvatoris
2794 1321 2970 1377 nostri
3012 1320 3142 1376 Jesu
3183 1321 3384 1376 Christi
3415 1321 3669 1374 adventui

2098 1424 2267 1472 testes
2292 1415 2420 1470 l‘acti
2467 1423 2596 1470 sunt
2648 1413 2947 1486 prophetae,
2976 1421 3031 1468 et
3067 1414 3160 1483 qui
3194 1415 3249 1468 in
3283 1414 3403 1483 ejus
3443 1413 3669 1483 ﬁguram

2098 1512 2227 1566 olim
2264 1508 2548 1564 constituti
2589 1519 2718 1563 sunt
2759 1508 3090 1564 sacerdotes.
3126 1505 3257 1561 Post
3289 1507 3403 1560 haec
3427 1506 3668 1560 dicitur:

2105 1625 2123 1658 ι
2161 1604 2227 1658 Et
2259 1603 2468 1658 accessi
2497 1601 2563 1656 ad
2599 1601 3020 1674 praphetissam,
3052 1607 3106 1653 et
3147 1600 3200 1652 ln
3251 1607 3406 1652 utero
3439 1597 3668 1666 aCt‘epil.

2097 1707 2152 1754 et
2201 1698 2409 1769 peperit
2456 1696 2646 1760 ﬁlium,
2682 1714 2701 1746 ι
2737 1702 2790 1748 et
2814 1708 2936 1763 quae
2970 1697 3294 1761 sequuntur.
3350 1688 3672 1758 Magnopete

422 1779 584 1850 ἦλθον
611 1783 746 1854 πρὸς
778 1783 877 1855 τὴν
909 1785 1198 1856 προφῆτιν,
1233 1787 1326 1840 καὶ
1351 1788 1408 1840 ὲν
1436 1790 1635 1860 γαστρὶ
1669 1788 1828 1842 ἔλαϐε
1853 1829 1868 1854 ,
1905 1791 1999 1843 καὶ

2108 1792 2317 1862 quidem
2359 1789 2640 1858 indignum
2683 1785 3000 1856 prophetica
3041 1783 3307 1854 dignitate
3345 1787 3400 1835 et
3443 1779 3674 1835 sinceri-

425 1871 608 1926 ἔτεκεν
629 1874 766 1938 υἱὸν,
792 1896 810 1928 ι
827 1877 1001 1930 καὶτὰ
1025 1877 1171 1948 ἑξῆς.
1203 1879 1417 1952 Σφόδρα
1441 1880 1497 1932 δὲ
1523 1881 1766 1952 ἀπρεπὲς
1786 1882 1881 1934 καὶ
1903 1882 2002 1953 τῆς

2108 1860 2213 1938 tate
2253 1881 2566 1936 existimare
2610 1877 2958 1949 prophetam,
3003 1874 3304 1944 praisertim
3351 1887 3477 1926 cum
3531 1871 3674 1926 inter

348 2011 350 2014 .
423 1969 763 2038 προφητικῆς
815 1969 1140 2040 σεμνότητός
1183 1989 1242 2025 τε
1293 1971 1388 2025 καὶ
1430 1971 1796 2044 καθαρότητος
1841 1972 2000 2027 ἁλλό-

419 2073 568 2129 τριον
609 2059 671 2111 τὸ
705 2061 1009 2132 προχείρως
1055 2062 1228 2127 οὕτως
1263 2063 1472 2118 οἴεσθαι
1507 2065 1596 2118 τὸν
1635 2067 1922 2137 προφήτην
1944 2067 2003 2120 ὲν

421 2153 570 2224 αὐτῷ
600 2153 678 2224 τῷ
707 2153 1078 2226 θεοφορεῖσθαι
1131 2155 1244 2211 ἐπὶ’
1269 2157 1562 2231 μαρτύρων
1591 2157 1700 2211 τῶν
1747 2157 2004 2229 προδεδη-

422 2244 680 2316 λωμένων
730 2249 1014 2314 κοινωνίας
1065 2251 1223 2322 χάριν
1275 2253 1506 2323 αἰσχρᾶς
1551 2249 2002 2322 προσεληλυθέναι

323 2367 353 2401 ο
421 2337 640 2403 γυναικὶ
671 2340 962 2412 προφήτιδι
993 2342 1088 2394 καὶ
1121 2343 1284 2414 αύτῇ”
1332 2344 1459 2396 ποία
1489 2344 1546 2397 δὲ
1577 2343 1678 2396 κᾶν
1711 2343 2004 2415 πιθανότης

422 2427 673 2498 τολμάτω
695 2432 1008 2501 προσελθεῖν
1031 2435 1192 2488 αὑτὸν
1214 2435 1590 2506 συνειληφέναι
1611 2436 1706 2488 καὶ
1725 2437 2002 2490 τετοκέναι

422 2521 592 2592 αὐτὴν
624 2523 765 2576 υἱόν·
806 2524 940 2579 ἀλλὰ
976 2527 1082 2599 γὰρ
1125 2526 1343 2596 ἔχεσθαι
1375 2527 1472 2580 καὶ
1507 2527 1712 2599 ταύτην
1743 2527 1840 2598 τὴν
1870 2545 2003 2599 προο

423 2613 649 2684 φητείαν
675 2615 914 2688 ἡγοῦμαι
948 2618 1041 2671 τοῦ
1068 2618 1158 2671 νοῦ
1181 2622 1280 2689 τῆς
1321 2618 1764 2690 προεκτεθείσης,
1789 2617 1909 2672 καθ’
1935 2619 2002 2690 ἢν

425 2703 636 2777 εἴρητοο
670 2728 687 2760 ι
743 2709 870 2764 Ἰδοὺ
921 2713 954 2782 ἡ
999 2711 1270 2783 παρθένος
1315 2710 1373 2763 ὲν
1421 2710 1621 2783 γαστρὶ
1676 2709 1936 2780 λήψεται·
1977 2727 1996 2760 ι

423 2800 602 2853 ἐκεῖσε
628 2801 726 2870 μὲν
757 2802 865 2874 γὰρ
887 2805 944 2856 έν
969 2806 1165 2876 γαστρὶ
1201 2803 1463 2876 λήψεσθαι
1495 2804 1589 2858 καὶ
1617 2801 1862 2868 τέξεσθαι
1889 2802 2001 2855 υίὸν

424 2893 752 2962 προύλέγετο
800 2895 832 2966 ἡ
881 2897 1184 2968 παρθένος·
1234 2896 1468 2950 ἐνταῦθα
1503 2897 1560 2950 δὲ
1609 2897 1702 2950 καὶ
1733 2898 1762 2950 6
1805 2895 2002 2968 τρόπος

424 2982 547 3036 καθ’
571 2984 630 3038 ὃν
658 2986 830 3056 πέρας
858 2987 1074 3058 εἴληφεν
1109 2989 1142 3056 ἡ
1183 2987 1492 3060 προφητεία
1519 2987 1770 3058 δηλοῦται
1793 3004 1806 3018 ·
1850 3006 1869 3039 ι
1914 2987 2001 3040 Ἐν

423 3075 620 3145 γαστρὶ
668 3076 795 3145 γὰρ,
840 3078 1023 3146 φησὶν,
1072 3077 1252 3142 ἔλαϐε,
1293 3078 1388 3132 καλ⁹
1459 3077 1643 3130 ἔτεκεν
1676 3078 1813 3131 υἱόν.
1858 3095 1879 3130 ι
1907 3076 2002 3140 Τίς

2104 1974 2392 2046 praedictus
2433 1979 2602 2026 testes
2649 1969 2910 2024 divinitus
2950 1966 3270 2035 inspiratur,
3293 1964 3469 2032 turpis
3507 1978 3674 2016 causa

2103 2067 2367 2122 consortii
2394 2065 2462 2119 ad
2485 2064 2786 2125 mulierem,
2815 2060 3212 2131 prophetissam
3243 2056 3370 2111 licet
3392 2055 3672 2110 accedere.

2102 2157 2357 2229 Nunquid
2405 2155 2698 2211 verisimile
2739 2163 2855 2208 erat
2889 2166 3012 2206 eum
3058 2150 3380 2213 accessisse,
3433 2155 3489 2201 et
3528 2146 3674 2198 illam

2103 2251 2425 2322 concepisse
2445 2259 2500 2304 et
2521 2248 2798 2318 peperisse
2814 2243 3020 2298 ﬁlium?
3037 2241 3206 2297 Nobis
3225 2241 3367 2296 enim
3391 2239 3532 2294 idem
3552 2253 3675 2292 esse

2102 2344 2314 2399 videtur
2340 2357 2534 2398 sensus
2551 2341 2734 2410 hujus,
2769 2353 2832 2392 ac
2845 2336 3044 2408 prioris
3065 2333 3378 2404 prOphetiaa,
3401 2347 3507 2402 qua
3538 2330 3676 2383 dici-

2104 2444 2236 2490 tur:
2271 2454 2290 2486 ‹
2332 2433 2470 2488 Ecce
2515 2434 2668 2502 virgo
2715 2431 2771 2485 in
2818 2436 2974 2484 utero
3021 2425 3295 2495 accipiet:
3337 2443 3356 2475 ι
3388 2423 3500 2478 illic
3529 2425 3674 2478 enim

2102 2531 2160 2585 in
2194 2537 2348 2582 utero
2379 2531 2723 2594 accepturam
2755 2532 2810 2577 et
2847 2521 3016 2575 ﬁlium
3056 2518 3354 2589 parituram
3397 2529 3520 2571 esse
3565 2515 3676 2568 vir-

2103 2621 2281 2694 ginem
2325 2617 2643 2690 praedictum
2677 2622 2825 2681 erat;
2873 2627 3021 2667 nunc
3066 2611 3154 2665 hic
3197 2609 3334 2664 ratio
3371 2604 3677 2662 ostenditur

2102 2725 2209 2782 qua
2234 2714 2428 2764 eventu
2459 2706 2684 2776 probata
2717 2711 2800 2758 est
2833 2702 3134 2773 prophetia.
3174 2719 3192 2752 ι
3233 2701 3293 2755 ln
3321 2707 3475 2754 utero
3506 2698 3675 2759 enim.

2103 2803 2200 2866 ait,
2250 2801 2460 2871 accepit
2491 2807 2545 2854 et
2595 2795 2805 2866 peperit
2852 2794 3043 2848 ﬁlium.
3083 2813 3102 2846 ι
3131 2790 3265 2860 Quis
3315 2792 3478 2862 igitur
3527 2797 3674 2845 esset

2102 2895 2293 2950 dicens
2322 2912 2336 2948 :
2376 2911 2394 2944 ι
2435 2891 2653 2945 Accessi
2687 2890 2754 2944 ad
2788 2888 3206 2960 prophetissam,
3243 2906 3262 2940 ι
3297 2885 3404 2940 nisi
3438 2881 3676 2953 Spiritus

2103 2998 2350 3053 sanctus,
2380 3000 2411 3040 a
2452 2999 2563 3055 quo
2612 2982 2823 3038 amatus
2845 2981 3107 3054 propheta
3153 2977 3463 3041 divinabat,
3511 2983 3565 3030 et
3610 2971 3676 3027 de

2101 3097 2214 3154 quo
2244 3081 2450 3136 dictum
2473 3087 2556 3134 est
2585 3076 2767 3132 Maria:
2796 3095 2808 3130 :
2849 3093 2867 3126 ι
2899 3074 3137 3145 Spiritus
3170 3077 3394 3127 sanctus
3420 3079 3680 3136 superve-

423 3161 491 3218 ἂν
519 3160 610 3218 οὖν
638 3165 722 3237 εἴη
753 3168 780 3219 6
819 3167 1042 3236 φάσκων
1072 3169 1151 3232 τὸ,
1187 3188 1204 3220 ι
1243 3169 1556 3242 Προσῆλθον
1582 3170 1720 3242 πρὸς
1747 3168 1843 3242 τὴν
1873 3187 2003 3242 προ-

2108 3177 2217 3230 niet
2254 3173 2311 3228 in
2361 3178 2442 3236 te,
2478 3180 2532 3225 et
2561 3169 2738 3225 virtus
2778 3166 3043 3223 Altissimi
3083 3160 3428 3219 obumbrahit
3454 3157 3552 3212 tibi
3579 3158 3620 3209 ⁸.
3655 3173 3672 3207 ι

424 3257 605 3325 φῆτιν,
641 3277 660 3309 i
694 3258 726 3329 ἢ
759 3258 818 3310 τὸ
846 3258 1067 3330 Πνεῦμα
1095 3260 1154 3312 τὸ
1194 3260 1345 3329 ἆγιον
1368 3259 1428 3313 τὸ
1467 3258 1660 3313 λαλοῦν
1689 3260 1746 3312 ὲν
1767 3259 1846 3331 τῷ
1875 3277 2004 3332 προ-

427 3347 594 3420 φὴτῃ,
628 3348 754 3420 περὶ
779 3342 840 3402 οὗ
889 3349 1135 3402 λέλεκται
1169 3353 1234 3420 τῇ
1266 3349 1482 3422 Μαρία·
1520 3369 1541 3402 ι
1582 3350 1810 3421 Πνεῦμα
1853 3351 2006 3421 ἆγιον

425 3438 772 3492 ἐπελεύσεται
800 3441 891 3493 ἐπὶ
927 3441 1004 3503 σὲ,
1033 3441 1124 3494 καὶ
1151 3441 1375 3512 δύναμις
1413 3441 1664 3511 Ὑψίστου
1698 3443 2005 3498 ἐπισκιάσει

429 3545 529 3584 σοι.
571 3550 590 3582 ι
628 3531 718 3583 Διὸ
752 3531 844 3585 καὶ
887 3533 1155 3604 προφῆτις
1193 3533 1292 3585 οὐκ
1326 3532 1627 3596 ἀπεικότως
1652 3533 1744 3591 καί
1778 3533 1915 3604 αὑτὴ
1941 3531 2006 3586 ἂν

424 3623 641 3695 λεχθείη
661 3639 674 3654 °
709 3624 816 3677 άπὸ
848 3623 978 3692 γοῦν
1009 3623 1102 3676 τοῦ
1141 3624 1295 3692 ἁγίου
1330 3623 1645 3694 Πνεύματος
1671 3623 2008 3678 συλλαϐοῦσα

425 3714 614 3769 τέτοκε
659 3716 749 3769 τὸν
791 3717 969 3769 ἐκεῖσε
1016 3715 1115 3787 μὲν
1162 3715 1590 3788 ὲπικεκλημένον
1631 3717 2006 3791 Ἐμμανουὴλ,

428 3805 660 3858 ενταῦθα
679 3805 734 3858 δὲ
751 3806 922 3870 ἄλλως
951 3808 1488 3880 προσαγορευόμενον
1505 3824 1518 3837 ·
1542 3828 1561 3861 ι
1585 3808 1829 3864 Κάλεσον
1879 3812 2008 3886 γὰρ,

430 3897 584 3970 φησὶ,
640 3898 702 3950 τὸ
763 3897 934 3968 ὖνομα
959 3899 1052 3952 τοῦ
1097 3898 1488 3970 ἀποτεχθέντος
1519 3899 1752 3966 παιδίου,
1786 3902 2012 3972 Ταχέως

432 3989 748 4055 σκύλευσον,
792 3990 959 4056 ὀξέως
993 3993 1394 4064 προνόμευσονο
1439 4012 1458 4045 ι
1497 3993 1592 4046 καὶ
1630 3993 1738 4066 γάρ
1768 3995 1844 4058 ὡς
1882 3997 2017 4072 ἀλη-

427 4080 542 4145 θῶς
591 4081 914 4137 ἐσκύλευσεν
942 4077 1096 4147 οὗτος
1141 4086 1236 4138 καὶ
1280 4085 1678 4158 προενόμευσεν
1719 4089 2017 4165 ἀπορρήτῳ

431 4176 526 4230 καὶ
552 4175 671 4248 Θείᾳ
690 4175 1028 4247 δυνάμειτὰς
1051 4179 1432 4250 ἀντικειμένας
1452 4181 1717 4252 ἀοράτους
1747 4187 1841 4239 καὶ
1864 4203 2020 4240 πνευ-

435 4269 669 4340 ματικὰς
686 4268 966 4341 δυνάμεις,
997 4269 1138 4325 ὥστε
1163 4272 1360 4338 εἰπεῖν,
1402 4292 1420 4324 ι
1471 4273 1612 4346 Ἐγὼ
1641 4278 2018 4348 νενίκηκαλτὸν

431 4361 667 4433 κόσμονο
708 4383 728 4414 ι
757 4363 850 4432 ἀφ’
880 4357 954 4417 ὧν
993 4364 1164 4418 σκῦλα
1206 4365 1300 4418 καὶ
1332 4369 1614 4442 προνομὴν
1646 4352 1882 4448 εἰληφὼς
1919 4371 2019 4435 τάς

2106 3267 2340 3338 Ideoque
2379 3264 2726 3336 prophetissa
2763 3276 2875 3316 non
2920 3257 3192 3314 immerito
3227 3254 3500 3310 diceretur
3538 3248 3678 3320 ipsa,

2107 3376 2228 3432 quae.
2265 3375 2295 3414 a
2339 3364 2531 3414 sancto
2575 3355 2783 3427 Spiritu
2811 3352 3147 3423 concipiens,
3188 3347 3398 3424 peperit
3431 3359 3555 3400 eum
3590 3344 3683 3413 qui

2108 3451 2218 3505 illic
2243 3455 2471 3505 vocatur
2512 3445 2854 3509 Emmanuel,
2885 3445 2976 3498 hic
3005 3456 3134 3496 vero
3166 3439 3321 3494 aliter
3350 3435 3683 3491 nominatur.

2112 3560 2132 3592 ι
2172 3537 2321 3596 Voca
2346 3539 2515 3603 enim,
2539 3539 2636 3605 ait,
2663 3550 2861 3594 nomen
2904 3533 3046 3609 ejus,
3093 3529 3352 3591 Accelera
3386 3524 3558 3595 spolia
3589 3520 3683 3576 de-

2110 3635 2348 3700 trahere,
2383 3633 2495 3688 cito
2533 3629 2795 3702 praedare.
2845 3645 2864 3679 ι
2896 3623 3037 3690 Vere
3093 3621 3239 3694 enim
3290 3617 3380 3672 ille
3433 3612 3686 3684 spoliavit

2111 3739 2164 3783 et
2194 3728 2468 3800 praedatus
2500 3732 2584 3780 est
2619 3719 2850 3794 mystica
2879 3723 2933 3772 et
2961 3714 3142 3770 divina
3163 3711 3364 3764 virtute
3402 3706 3682 3766 adversas,

2113 3795 2416 3874 invisibiles
2443 3806 2864 3888 spiritualesque
2902 3811 3217 3878 potestates,
3249 3800 3324 3854 ita
3354 3804 3413 3850 ut
3437 3795 3642 3848 diceret
3667 3811 3679 3845 :

2120 3935 2138 3966 ι
2177 3912 2289 3983 Ego
2329 3911 2430 3966 vici
2462 3884 2726 3963 mundum
2757 3902 2798 3955 ⁸.
2841 3921 2860 3953 ι
2887 3899 2932 3954 Α
2964 3896 3162 3968 quibus
3210 3888 3366 3961 quasi
3415 3884 3590 3955 spolia
3609 3893 3686 3983 ⁸ει

2116 3969 2353 4077 praedam
2385 3999 2592 4056 animas
2621 3989 2946 4066 jampridem
2992 3985 3060 4040 ab
3106 3983 3173 4038 iis
3212 3991 3498 4077 oppressas
3533 3969 3686 4028 aule-

2117 4065 2264 4163 rens,
2300 4115 2334 4154 ιλ
2356 4092 2652 4165 praedicare
2677 4083 2907 4157 captivis
2952 4065 3328 4136 remissionbm
3351 4071 3373 4101 ⁸
3409 4090 3428 4121 ι
3461 4065 3687 4123 conﬁte-

2119 4204 2228 4257 tur,
2251 4159 2527 4260 accipiens
2556 4198 2586 4237 a
2610 4181 2772 4235 Patre
2800 4196 2820 4229 ι
2849 4180 3036 4247 gentes
3065 4167 3429 4240 hereditatem
3453 4161 3571 4231 ejus
3593 4159 3637 4224 ³,
3663 4177 3684 4208 ι

2119 4298 2240 4356 quae
2279 4279 2454 4350 spolia
2499 4274 2658 4329 facile
2698 4269 2808 4326 dici
2839 4271 3098 4339 possent;
3134 4279 3152 4312 ‹
3189 4267 3242 4314 et
3287 4265 3689 4328 possessionem

2119 4350 2238 4446 ejus
2293 4369 2557 4427 terminos
2615 4373 2770 4420 terrae
2801 4362 2844 4428 ⁸,
2890 4379 2910 4412 ι
2947 4354 3094 4429 quod
3157 4352 3350 4407 merito
3402 4350 3690 4401 vocaretur

441 4455 611 4508 πάλαι
636 4457 1213 4530 κατατυραννουμένας
1239 4459 1330 4514 ὑπ’
1374 4461 1552 4515 αὐτῶν
1573 4461 1770 4532 ψυχάς,
1789 4446 2006 4534 κηρῦξαι

2120 4465 2619 4538 praedaJ’raeterea,
2643 4476 2662 4508 ι
2693 4455 3018 4522 Priusquam
3048 4446 3184 4503 sciat
3205 4457 3340 4514 puer
3364 4451 3562 4495 vocare
3591 4449 3688 4506 pa-

433 4547 802 4618 αἰχμαλώτοις
827 4528 1018 4619 ἄφεσιν
1053 4528 1075 4600 γι
1106 4551 1380 4622 ὁμολογεῖ,
1409 4528 1764 4624 λαϐὼν-παρὰ
1786 4528 1879 4608 τοῦ
1913 4528 2006 4609 Πα·

2121 4528 2255 4615 ιιοιιι
2281 4565 2335 4612 et
2361 4561 2610 4613 matrem,
2638 4547 2888 4617 accipiet,
2923 4543 3020 4605 ait,
3054 4544 3378 4610 potestatem
3417 4528 3686 4624 Damasci,

432 4638 566 4708 τρὸς
605 4657 621 4689 ι
659 4637 786 4710 ἔθνη
814 4641 912 4711 τὴν
960 4642 1324 4715 κληρονομίαν
1369 4647 1561 4700 αὐτοῦ’
1602 4667 1619 4699 ι
1646 4647 1681 4701 ἃ
1719 4647 1914 4717 λέγοιτ’
1950 4649 2015 4704 ἂν

435 4731 674 4794 εὐκόλως
696 4731 884 4786 σκῦλα·
911 4751 930 4783 ι
953 4729 1050 4787 καῖ
1072 4735 1168 4807 τὴν
1185 4739 1512 4810 κατάσχεσιν
1532 4738 1696 4796 αὑτοῦ
1711 4739 1781 4793 τὰ
1806 4741 2015 4812 πέρατα

436 4823 540 4894 τῆς
561 4825 687 4894 γῆς,
715 4845 733 4876 ι
754 4823 790 4878 ἃ
819 4826 913 4879 καὶ
944 4827 1082 4880 αὐτὰ
1101 4829 1324 4894 εἰκότως
1355 4833 1422 4885 ἂν
1465 4813 1680 4887 καλοῖτο
1716 4842 2010 4906 προνομήν.

439 4913 584 4984 Πρὸς
632 4915 862 4982 τούτοις,
906 4937 924 4970 ι
979 4920 1115 4991 Πρὶν
1143 4920 1186 4992 ἢ
1213 4921 1421 4998 γνῶναι,
1475 4925 1535 4978 τὸ
1562 4927 1774 4980 παιδίον
1825 4928 2012 4980 καλεῖν

441 5007 657 5079 πατέρα
694 5009 728 5080 ἢ
777 5011 1008 5082 μητέρα,
1047 5011 1294 5084 λήψεται,
1333 5017 1488 5086 φησὶ,
1554 5017 1783 5089 δύναμιν
1839 5021 2018 5090 Δαμα-

441 5098 574 5153 σκοῦ
627 5101 720 5153 καὶ
751 5101 820 5155 τὰ
849 5102 1020 5156 σκῦλα
1049 5106 1363 5182 Σαμαρείας
1386 5103 1570 5162 ’ἔναντι
1601 5109 1860 5180 βασιλέως
1898 5113 2017 5164 Ἀσ-

439 5192 671 5264 συρίων’
713 5213 732 5246 ι
765 5195 906 5275 ἅπερ
939 5198 1032 5250 καὶ
1063 5199 1202 5252 αὐτὰ
1231 5194 1372 5255 κατὰ
1421 5202 1589 5273 μόνην
1617 5202 1872 5268 διάνοιαν,
1901 5205 2019 5275 ῆτοι

438 5286 568 5356 περὶ
616 5286 895 5365 δυνάμεων
937 5292 1403 5366 τινωνζπονηρῶν,
1455 5291 1607 5365 οἶμαι
1635 5295 1909 5364 λέγεσθαι.
1951 5298 2019 5361 ἃς

442 5377 556 5448 ἅμα
581 5381 659 5450 τῇ.
695 5383 905 5448 γενέσει
937 5382 1186 5438 καθεῖλεν
1215 5389 1247 5457 ἡ
1284 5386 1402 5458 θεία
1441 5388 1535 5440 τοῦ
1569 5389 1819 5460 Σωτῆρος
1861 5389 2018 5459 ἡμῶν

439 5471 686 5561 δύναμις,
714 5475 747 5544 ἢ
774 5479 868 5528 καὶ
900 5478 1028 5548 περὶ
1058 5479 1244 5550 ψυχῶν
1277 5483 1384 5536 τῶν
1416 5485 1496 5547 εἰς
1533 5485 1696 5539 αὐτὸν
1722 5501 2014 5538 πεπιστευ-

444 5563 614 5626 κάτων
643 5565 930 5639 διαφορᾶς·
961 5563 1035 5624 ὧν
1055 5572 1152 5635 τὰς
1176 5573 1273 5644 μὲν
1305 5576 1363 5642 ἐξ
1389 5575 1828 5648 εἰδωλολατρείας
1858 5595 2021 5648 μετα-

437 5657 711 5724 ϐαλούσας
753 5662 844 5714 ἐπὶ
877 5663 968 5716 τὸν
1013 5665 1362 5733 εύαγγελικὺν
1398 5667 1511 5738 βίον
1568 5669 1714 5733 εἰκὸς
1753 5664 1890 5722 εἶναι
1921 5667 2022 5740 τὴν

2121 4661 2173 4707 et
2199 4648 2369 4719 spolia
2403 4642 2662 4699 Samaria:
2705 4650 2888 4693 coram
2930 4647 3055 4703 rege
3089 4627 3461 4699 Assyriorum.
3503 4639 3522 4670 ι
3560 4617 3691 4684 Qua

2121 4713 2338 4812 quidem
2367 4745 2420 4792 ct
2450 4736 2565 4804 ipsa
2597 4746 2704 4785 uno
2733 4743 2920 4791 sensu,
2943 4725 3058 4781 sive
3087 4720 3156 4776 de
3182 4713 3539 4788 potestatibus
3569 4713 3690 4779 qui-

2121 4802 2351 4890 husdam
2408 4802 2660 4890 nefariis,
2717 4835 2855 4893 quas
2911 4832 3016 4872 una
3058 4821 3180 4866 ortu
3235 4805 3456 4865 sustulit
3507 4802 3691 4856 divina

2117 4923 2416 4981 Salvatoris
2443 4917 2619 4974 nostri
2648 4915 2842 4976 virtus,
2889 4910 3002 4966 sive
3042 4905 3110 4960 de
3147 4903 3450 4956 animarum
3491 4895 3691 4949 discri-

2117 5019 2264 5073 mine
2304 5017 2361 5070 in
2407 5027 2533 5068 eum
2582 5006 2922 5065 credentium
2959 5021 2971 5056 :
3009 5010 3240 5070 quarum
3286 4991 3422 5045 alias
3471 4985 3690 5057 quidem

2117 5127 2184 5166 cx
2213 5104 2521 5163 idololatria
2561 5102 2630 5156 ad
2670 5089 3234 5168 evangelicam’vitam
3277 5092 3572 5139 conversas
3601 5076 3690 5129 hic

2117 5207 2441 5274 potestatem
2484 5192 2733 5250 Damasci
2763 5203 2884 5244 esse
2925 5199 3080 5250 reor;
3109 5180 3271 5258 alias
3303 5189 3455 5240 vero,
3483 5170 3693 5226 scilicet

2120 5267 2150 5351 ὲ
2185 5289 2602 5348 circumcisione
2630 5283 2833 5356 populi,
2867 5294 2990 5334 cum
3033 5275 3310 5331 Christum
3342 5267 3435 5322 Dei
3463 5277 3689 5332 accepe-

2118 5387 2252 5449 rint,
2283 5383 2455 5454 spolia
2489 5377 2748 5434 Samaria:
2773 5372 2975 5428 vocari.
3010 5366 3121 5421 Has
3157 5378 3289 5419 vero
3319 5360 3528 5415 animas
3561 5368 3691 5424 spo-

2120 5480 2197 5534 lia
2216 5485 2270 5534 et
2302 5449 2534 5547 praedam
2562 5471 2630 5526 de
2671 5465 3007 5540 spiritalibus
3039 5459 3259 5529 capiens
3297 5449 3566 5510 hostibus,
3599 5461 3692 5547 co-

2120 5584 2237 5623 ram
2291 5539 2520 5636 spiritali
2576 5575 2703 5630 rege
2748 5556 3136 5627 Assyriorum,
3186 5547 3394 5605 scilicet
3445 5539 3690 5640 diabolo,

2122 5676 2270 5718 arma
2300 5657 2442 5730 cepit
2483 5664 2536 5708 et
2566 5652 2634 5706 ad
2677 5662 2912 5721 pugnam
2955 5651 3146 5701 contra
3178 5653 3299 5694 eum
3338 5650 3394 5691 se
3436 5638 3696 5687 accinxit.

536 5841 551 5870 ³
592 5838 692 5896 lsa.
720 5858 837 5907 νιιι,
889 5843 1008 5898 ιιι.
1098 5847 1116 5876 ²
1148 5844 1282 5900 Luc.
1337 5862 1376 5914 ι,
1405 5845 1492 5901 55.
1571 5847 1592 5877 ³
1621 5845 1907 5915 Joan.xv1,
1931 5847 2006 5902 '65

2108 5843 2272 5898 *Luc.
2306 5859 2377 5907 iv,
2411 5839 2497 5895 18.
2574 5838 2593 5868 ⁵
2626 5836 2764 5892 Psal.
2797 5851 2854 5888 ιι.
2882 5833 2933 5887 8.
3011 5828 3030 5861 ⁸
3065 5825 3196 5886 ibid.
