4100 6448
448 398 582 455 1207
1114 391 1383 451 EUSEBII
1419 386 1897 447 CESARIENSlS
1933 383 2084 441 OPP.
2128 380 2332 437 PARS.
2372 377 2460 433 Ill.
2500 407 2571 417 --
2606 371 3018 430 EXEGETICA.
3548 365 3689 422 1:208

442 515 566 570 Haec
602 529 728 569 vero
778 513 1053 568 sufﬁciunt
1097 522 1286 567 sancto
1335 511 1453 564 viro
1501 507 1909 568 commentaria.
1954 506 2009 559 in

2120 501 2410 573 λεγομένην
2455 496 2684 567 δύναμιν
2722 491 3035 564 Δαμασκοῦ,
3064 490 3161 554 τὰς
3201 489 3245 543 δ’
3285 488 3351 542 ὲκ
3397 487 3698 559 περιτομῆς

441 607 585 661 hunc
632 612 805 659 locum
852 605 1171 674 dignoscere
1210 602 1429 657 volenti.
1469 600 1524 654 Si
1568 600 1692 671 quis
1737 608 1915 653 autem
1948 612 2016 651 ex

2120 595 2210 648 τὸν
2240 592 2474 666 Χριστὸν
2510 589 2605 644 τοῦ
2653 587 2789 641 θεοῦ
2817 582 3268 657 παραδεξαμένας
3313 579 3384 634 τά
3427 594 3700 674 προσαγο-

437 695 641 750 Judals
681 695 793 748 haec
846 694 1020 765 magis
1067 694 1423 762 corporaliter
1458 693 1733 763 inquirere
1764 692 1913 753 velit,
1949 691 2018 744 ab

437 804 502 842 co
547 788 927 857 postulandum
977 795 1061 842 est
1111 804 1179 842 an
1235 788 1407 859 possit
1452 787 1808 856 corporaliter
1838 793 2018 840 osten-

439 881 567 933 dere
594 894 701 948 qua
746 880 957 942 ratione
991 878 1179 945 Isaias,
1214 886 1339 949 post
1377 878 1683 948 praecitatos
1730 883 1917 939 testes,
1952 875 2017 930 ad

442 969 837 1040 prophetissam
865 970 1165 1039 corporalis
1194 968 1456 1025 consortii
1491 983 1655 1023 causa
1685 967 2015 1033 accesserit;

440 1078 686 1135 quaenam
718 1079 846 1119 vero
875 1070 929 1119 et
951 1062 1130 1133 qualis
1163 1062 1236 1117 sit
1267 1062 1381 1116 haec
1407 1061 1770 1131 prophetissa,
1800 1068 1853 1115 et
1882 1074 2020 1129 quo-

439 1157 601 1214 modo
625 1174 656 1213 e
685 1158 913 1228 vestigio
942 1158 1274 1227 conceperit,
1298 1155 1692 1226 confestimque
1726 1140 2016 1226 pepererit,

438 1258 493 1305 et
519 1251 772 1320 quisnam
808 1251 912 1306 iste
961 1265 1027 1305 ex
1078 1249 1422 1319 prophetissa
1459 1256 1618 1303 natus
1661 1248 1822 1309 ﬁlius,
1849 1262 2009 1317 quem

441 1355 636 1399 vocare
678 1341 829 1395 Isaia:
883 1341 1203 1411 praeceperit
1245 1341 1362 1410 ipse
1410 1338 1714 1394 Dominusc
1762 1339 2019 1393 Celeriter

440 1434 661 1491 detrahe
689 1434 882 1502 spolia,
905 1435 1015 1487 cito
1044 1417 1318 1502 praeclare;
1348 1452 1367 1484 ι
1388 1439 1442 1488 et
1474 1448 1720 1502 quaenam
1749 1433 1818 1487 sit
1852 1446 2017 1486 causa

440 1523 669 1595 hujusce
720 1524 1132 1596 appellationis;
1188 1532 1243 1578 et
1301 1525 1575 1595 quomodo
1624 1539 1688 1579 ex
1744 1524 2017 1577 communi

441 1632 605 1674 sensu
635 1616 995 1687 corporaliter
1022 1615 1443 1670 existimandum
1490 1617 1562 1671 sit
1608 1616 1753 1669 hunc
1792 1630 2016 1687 puerum

446 1721 465 1759 ι
505 1711 825 1775 potestatem
850 1704 1126 1774 accepisse
1177 1704 1444 1770 Damasci,
1487 1713 1541 1767 et
1563 1706 1734 1775 spolia
1760 1706 2020 1764 Samaria:

442 1810 628 1855 coram
676 1811 802 1863 rege
828 1795 1179 1866 Assyriorum
1204 1814 1219 1863 ;
1256 1815 1274 1848 ›
1303 1797 1525 1868 haecque
1577 1798 1760 1852 iacere
1787 1817 1805 1849 ι
1835 1798 2018 1873 prius-

2121 687 2390 759 ρευόμενα
2439 683 2610 738 σκῦλα
2648 679 2991 752 Σαμαρείας·
3041 676 3245 739 ταύτας
3290 674 3348 727 δὲ
3384 672 3483 735 τὰς
3522 669 3701 741 ψυχὰς

2122 780 2291 835 σκῦλα
2319 778 2413 833 καὶ
2450 774 2727 849 προνομὴν
2771 773 2921 843 παρά
2961 770 3069 825 τῶν
3108 766 3312 838 νοητῶν
3358 763 3699 836 εἰληφὸς(ὼς)

2119 873 2409 944 πολεμίων,
2447 870 2505 937 ἐξ
2551 869 2797 930 ἐναντίας
2824 866 2916 919 τοῦ
2950 862 3140 934 νοητοῦ
3198 859 3456 932 βασιλέως
3505 859 3699 911 Ἀσσυ-

2121 966 2274 1036 ρίων,
2297 963 2544 1018 τουτέστι
2584 960 2679 1014 τοῦ
2734 958 3005 1021 διαϐόλου,
3055 952 3365 1010 καθώπλισέ
3390 968 3449 1004 τε
3483 951 3576 1004 καὶ
3605 965 3703 1003 πο-

2120 1057 2304 1128 λεμεῖν
2349 1054 2498 1125 αὐτῷ
2549 1050 2948 1125 παρεσκεύασε.
2985 1051 3094 1104 Καί⁸
3136 1046 3310 1100 ταῦτα
3340 1045 3395 1098 δὲ
3435 1043 3702 1113 πάρεστιν

2120 1152 2207 1202 ἐπ’
2259 1148 2485 1220 ἀκριϐὲς
2514 1145 2594 1217 τῷ
2627 1144 2932 1216 βουλομένῳ
2960 1143 3024 1196 ἐκ
3057 1140 3164 1194 τῶν
3210 1141 3289 1203 εἰς
3331 1138 3458 1201 τοὺς
3504 1136 3703 1200 τόπους

2121 1240 2711 1311 ύπομνηματισθέντων
2748 1236 2828 1308 τῷ
2869 1234 2999 1307 ἱερῷ
3024 1233 3178 1305 ἀνδρί
3216 1230 3538 1299 διαγνῶναι··
3571 1228 3621 1281 εί
3650 1226 3701 1280 δ’

2119 1334 2167 1385 εί
2197 1332 2323 1403 (sic)
2360 1335 2642 1387 ἀπαιτοῖεν
2681 1329 2856 1383 ταῦτα
2888 1325 3339 1400 σωματικιῦτερον
3370 1324 3419 1375 οί
3450 1325 3514 1375 ὲκ
3545 1337 3704 1391 περι-

2118 1428 2313 1497 τομῆς,
2350 1427 2764 1495 ἀντεξεταστέον
2794 1424 2990 1487 αὐτοὺς
3018 1424 3067 1476 εί
3094 1420 3345 1476 δύνανται
3375 1414 3703 1489 σωματικῶς

2120 1520 2271 1591 αὐτοὶ
2326 1520 2677 1591 παραστῆσαι
2710 1520 2832 1572 τίνα
2887 1517 3085 1590 τρόπον
3127 1516 3155 1567 ὁ
3196 1512 3417 1574 Ἡσαΐας
3460 1509 3552 1562 ἐπὶ
3593 1506 3701 1569 τῶν

2121 1614 2533 1685 προειρημένων
2572 1611 2861 1684 μαρτύρων
2890 1609 2950 1679 (f.
2988 1609 3056 1664 47
3088 1606 3161 1678 v°)
3190 1609 3258 1678 τῇ
3295 1600 3582 1676 προφήτιδι
3614 1598 3704 1671 μί-

2121 1704 2257 1771 ξεως
2306 1705 2625 1777 σωματικῆς
2672 1704 2857 1765 ἕνεκεν
2891 1699 3284 1775 προσελήλυθε·
3312 1698 3397 1760 τίς
3423 1696 3481 1749 δὲ
3525 1694 3619 1763 καὶ

2121 1799 2345 1870 τοιαύτη
2397 1800 2685 1870 προφῆτις,
2733 1798 2828 1863 καὶ
2868 1796 2985 1861 πῶς
3022 1794 3362 1868 παραχρῆμα
3405 1792 3464 1843 ὲν
3502 1786 3703 1858 γαστρὶ

440 1902 604 1956 quam
638 1887 776 1941 sciat
799 1901 992 1951 vocare
1027 1896 1234 1957 patrem
1266 1897 1320 1942 et
1350 1899 1596 1947 matrem.
1635 1908 1654 1942 ι
1690 1889 1863 1972 Atque
1893 1906 2018 1961 pra:-

2123 1888 2303 1954 ἔλαϐε,
2333 1890 2429 1943 καὶ
2485 1889 2795 1961 παραυτίκα
2846 1889 3055 1957 τέτοκε,
3099 1888 3194 1940 καὶ
3240 1887 3390 1939 ποῖον
3434 1881 3591 1934 τοῦτο
3638 1878 3707 1932 τὸ

442 1989 611 2043 terea,
639 1980 684 2037 si
723 1981 790 2036 iis
817 1996 937 2050 quae
967 1994 996 2034 a
1028 1981 1201 2051 {nobis
1234 1984 1481 2052 exposita
1524 1990 1653 2038 sunt
1694 1991 2018 2054 repugnant,

2122 1982 2309 2053 τεχθὲν
2348 1984 2576 2045 παιδίον,
2602 1984 2630 2036 ὃ
2678 1983 3007 2055 προστάσσει
3056 1979 3134 2049 τῷ
3188 1977 3385 2048 Ἡσαΐᾳ
3433 1976 3461 2028 ὁ
3499 1972 3704 2044 Κύριος

441 2071 728 2133 ostendant
756 2075 858 2142 ipsi
879 2074 1154 2144 quomodo
1184 2081 1530 2145 exspectatus
1561 2076 1630 2130 ab
1668 2077 1735 2129 iis
1769 2074 2018 2133 Christus

2122 2074 2346 2145 ὀνόματι
2368 2075 2595 2129 καλέσαι
2621 2074 2718 2146 τῷ,
2749 2095 2767 2125 ι
2803 2074 3022 2144 Ταχέως
3053 2071 3363 2136 σκύλευσον,
3388 2067 3552 2134 ὀξέως
3577 2081 3709 2135 προτ

354 2224 359 2229 ,
442 2164 828 2231 superveniens
851 2163 1083 2233 accipiet
1106 2163 1465 2232 corporaliter
1496 2162 1653 2232 juxta
1681 2163 2018 2233 prophetiam

2122 2166 2381 2236 νόμευσον
2397 2184 2412 2201 ο
2451 2187 2469 2220 ι
2496 2169 2614 2222 τίνα
2635 2168 2798 2233 δὲκαὶ
2816 2167 2974 2235 λόγον
2995 2166 3106 2237 ἕχει
3126 2165 3187 2218 τὸ
3214 2160 3490 2234 τηλικόνδε
3512 2157 3706 2228 δνομα,

447 2270 466 2313 ι
508 2260 828 2323 potestatem
863 2253 1132 2322 Damasci,
1165 2274 1184 2307 ι
1215 2262 1270 2313 et
1293 2270 1540 2324 quaenam
1577 2274 1595 2306 ι
1627 2255 1799 2324 spolia
1830 2252 2018 2308 Sama-

2122 2260 2154 2331 ἢ
2185 2259 2303 2323 πῶς
2324 2260 2544 2314 δυνατόν
2571 2264 2686 2315 ἐστι
2715 2259 2855 2318 κατά
2876 2258 2973 2331 τὴν
3000 2246 3285 2330 πρόχειρον
3315 2254 3553 2309 διάνοιαν
3570 2266 3707 2303 παι-

441 2345 555 2407 riae,
588 2364 608 2396 ι
634 2346 718 2400 vel
742 2360 977 2415 quorum
1014 2364 1031 2397 ι
1069 2346 1416 2418 Assyriorum
1447 2361 1628 2403 coram
1658 2361 1802 2416 rege,
1842 2365 1861 2398 ι
1888 2359 2012 2399 cum

2122 2350 2233 2407 δίον
2259 2352 2442 2404 ὁποῖον
2480 2353 2544 2424 δὴ
2563 2349 2657 2406 οῦν
2684 2354 2915 2406 ἐπινοεῖν
2961 2348 3286 2421 σωματικῶς
3328 2340 3707 2415 ἀπολήψεσθαι

441 2437 623 2501 nullus
662 2437 877 2491 illorum
905 2439 990 2499 his
1019 2439 1353 2509 temporibus
1382 2440 1638 2510 supersit.

2120 2440 2217 2518 τὴν
2258 2441 2661 2514 ὀνομαζομένην
2711 2442 2936 2513 δύναμιν
2966 2441 3256 2516 Δαμασκοῦ
3317 2442 3409 2495 καὶ
3438 2437 3508 2492 τά
3546 2435 3707 2506 λεγός

449 2549 585 2606 μενα
617 2552 636 2585 ι
675 2534 847 2589 σκῦλα
876 2536 1185 2607 Σαμαρείας
1212 2537 1572 2608 ὲναντίων(ον)
1601 2536 1864 2608 βασιλέως
1906 2537 2223 2609 Ἀσσυρίων,
2265 2558 2284 2590 ι
2309 2539 2403 2593 καὶ
2465 2539 2638 2594 ταῦτα
2702 2543 2962 2613 πράττειν
2995 2560 3013 2601 ι
3051 2541 3181 2613 πρὶν
3233 2540 3266 2612 ἢ
3326 2537 3530 2608 γνῶναι
3575 2535 3710 2603 αὐτὸ

447 2628 628 2701 καλεῖν
648 2630 915 2702 πατέραῆ
953 2632 1192 2705 μητέραο
1226 2650 1246 2684 ι
1273 2633 1368 2686 καὶ
1412 2633 1549 2704 πρὸς
1611 2635 1823 2697 τούτοις
1889 2634 1940 2686 εἰ
2000 2633 2328 2703 ἀντιλέγοιεν
2384 2638 2496 2699 τοῖς
2552 2637 2683 2709 ἡμῖν
2731 2636 3283 2707 προαποδεδομένοις,
3340 2633 3708 2689 δεικνύτωσαν

442 2724 596 2778 αὐτοὶ
633 2725 752 2790 πῶς
782 2728 810 2779 ὁ
834 2726 1278 2801 προσδοκώμενος
1298 2728 1392 2781 ὑπ’
1413 2728 1594 2782 αὐτῶν
1613 2729 1847 2801 Χριστὸς
1883 2730 2324 2802 παραγενόμενος
2349 2730 2577 2803 λήψεται
2596 2730 2921 2803 σωματικῶς
2942 2732 3040 2803 τὴν
3067 2731 3208 2792 κατά
3238 2732 3340 2802 τὴν
3369 2729 3708 2803 προφητείαν

447 2838 465 2878 ι
494 2819 719 2894 δύναμιν
738 2822 1050 2893 Δαμασκοῦ,
1078 2843 1096 2875 ι
1118 2824 1213 2878 καὶ
1268 2826 1395 2877 ποῖα
1424 2843 1442 2876 ε
1476 2823 1647 2878 σκῦλα
1705 2824 2047 2898 Σαμαρείας,
2079 2844 2096 2876 ι
2129 2825 2162 2896 ἦ
2193 2827 2361 2883 ποίων
2397 2849 2416 2878 ι
2460 2826 2758 2899 Ἀσσυρίων
2789 2827 3050 2891 ἐναντίον,
3092 2845 3111 2878 ι
3144 2825 3369 2898 μηδενὸς
3391 2824 3470 2878 ἔτι
3500 2824 3707 2879 τούτων

440 2910 788 2983 ἐνεργοῦντος
811 2913 953 2975 κατά
981 2916 1108 2979 τοὺς
1137 2917 1436 2981 ὲνεστῶτας
1463 2917 1708 2988 χρόνους.

1037 3028 1271 3091 CAPUT
1313 3030 1402 3107 v1,

518 3142 536 3175 ι
567 3123 707 3180 Ecce
742 3140 841 3196 ego
871 3133 925 3181 et
954 3128 1110 3196 pueri
1139 3128 1277 3202 mei,
1308 3144 1448 3197 quos
1478 3129 1627 3184 dedit
1659 3130 1790 3184 mihi
1822 3129 2006 3184 Domi-

2646 3033 2870 3087 ΚΕΦΑΛ
2878 3032 3040 3086 ΑῐΟΝ
3074 3034 3162 3099 ς’.

2191 3143 2208 3176 ι
2247 3124 2400 3188 Ἰδοὺ,
2435 3123 2546 3194 ἐγὼ
2571 3125 2664 3178 καὶ
2692 3125 2762 3178 τά
2791 3125 3002 3188 παιδία,
3032 3127 3066 3178 ἀ
3097 3141 3185 3190 μοι
3213 3123 3443 3177 δέδωκεν
3475 3126 3504 3176 ὁ
3530 3123 3661 3188 Θεός
3682 3139 3701 3155 ·

444 3230 548 3270 nus
577 3215 640 3283 [in
687 3216 902 3287 signum
951 3228 1004 3271 et
1046 3216 1100 3279 in
1145 3227 1458 3287 portentum
1501 3219 1671 3275 Israel
1716 3236 1745 3274 a
1778 3220 2010 3277 Domino

2120 3216 2208 3269 καὶ
2266 3216 2418 3270 ἔσται
2454 3220 2652 3288 σημεῖα
2706 3219 2799 3271 καὶ
2841 3218 3046 3287 τέρατα
3095 3218 3152 3270 ὲν
3194 3215 3272 3287 τῷ
3320 3217 3454 3288 οἴκῳ
3491 3217 3707 3289 Ἰσραὴλ

449 3304 557 3360 Deo
602 3307 959 3369 exercituum.
988 3311 1080 3379 qui
1122 3309 1329 3381 habitat
1360 3311 1414 3364 in
1444 3319 1626 3366 monte
1669 3311 1798 3367 Sion
1830 3315 1869 3369 ¹.
1904 3334 1921 3365 ι
1949 3312 2013 3369 ιι-

446 3396 570 3462 lud,
604 3415 623 3448 ι
656 3413 783 3454 ecce
811 3415 910 3470 ego
940 3409 993 3472 et
1027 3402 1181 3472 pueri
1214 3402 1359 3469 mei,
1395 3419 1533 3473 quos
1562 3405 1710 3460 dedit
1744 3407 1874 3460 mihi
1908 3406 2014 3461 Do-

447 3488 629 3544 minus
659 3508 677 3551 ρ
710 3505 740 3544 e
782 3477 1359 3560 persona'Salvatoris
1401 3492 1468 3549 de
1505 3498 1767 3565 apostolis
1788 3538 1802 3559 ,
1835 3499 2014 3567 iisque

447 3580 540 3647 qui
571 3589 756 3649 postea
785 3582 837 3635 in
867 3598 989 3637 eum
1020 3584 1405 3650 crediderunt,
1434 3597 1558 3657 apte
1586 3588 1640 3641 in
1675 3588 1916 3658 Epistola
1944 3589 2011 3655 ad

447 3670 705 3733 Hebraeos
756 3673 1015 3739 refertur,
1044 3676 1243 3745 quibus
1269 3677 1433 3749 igitur
1457 3679 1640 3743 addit,
1669 3699 1686 3736 ι
1714 3681 1768 3733 in
1798 3683 2011 3751 sigrium

447 3771 503 3818 et
532 3763 585 3817 in
614 3771 925 3834 portentum
955 3775 1114 3823 erunt
1143 3768 1307 3823 domo
1335 3768 1532 3833 Israel,
1569 3790 1588 3823 ι
1633 3780 1881 3840 apertqu
1929 3779 2014 3835 est

449 3854 746 3912 Salvatoris
775 3857 951 3910 nostri
978 3858 1437 3919 manifestationis
1484 3872 1729 3931 tempore
1773 3864 1926 3938 signa
1955 3872 2010 3917 et

450 3953 704 4017 portenta
735 3946 880 4002 facta
936 3947 1106 4009 fuisse
1135 3951 1187 4004 iu
1215 3952 1376 4021 domo
1413 3952 1612 4019 Israel,
1667 3955 1847 4024 qualia
1874 3971 2017 4018 nun-

446 4052 609 4110 quam
636 4045 847 4107 patrata
876 4049 1024 4100 sunt.

1040 4154 1267 4211 CAPUT
1306 4156 1418 4213 VII.

524 4259 543 4303 ι
572 4239 639 4294 Ει
665 4242 885 4308 volent,
917 4244 963 4299 si
996 4244 1197 4301 fuerint
1229 4247 1355 4318 igne
1396 4248 1695 4305 combusti.
1742 4250 2013 4318 Quoniam

448 4334 706 4402 parvulus
737 4342 899 4391 natus
925 4345 1009 4392 est
1038 4339 1196 4395 nobis
1216 4379 1232 4403 ,
1260 4349 1314 4395 et
1341 4340 1486 4395 [ilius
1516 4342 1679 4397 datus
1705 4351 1789 4399 est
1822 4346 2011 4411 nobis,

450 4425 610 4494 cujus
639 4428 925 4498 imperium
954 4445 1117 4501 super
1148 4431 1435 4488 humerum
1466 4434 1642 4504 ipsius
1661 4475 1676 4499 ,
1705 4443 1759 4491 et
1789 4444 2016 4492 vocatur

447 4532 647 4585 nomen
695 4520 814 4590 ejus
862 4519 1036 4593 Magni
1089 4524 1304 4579 consilii
1342 4526 1582 4596 Angelus
1611 4566 1625 4590 ,
1679 4527 2015 4585 admirabilis

448 4609 815 4668 consiliarius.
860 4612 1140 4669 Adducam
1185 4615 1331 4671 enim
1376 4594 1563 4687 pacem
1609 4635 1773 4691 super
1817 4620 2019 4691 princi-
2048 4594 2093 4651 ί)

451 4717 583 4772 pes,
623 4712 675 4760 et
714 4706 1002 4761 sanitatem
1044 4707 1117 4761 ei.
1161 4706 1415 4777 Magnum
1459 4709 1746 4780 imperium
1777 4715 1933 4781 ejus,
1965 4720 2017 4767 et

450 4795 602 4863 pacis
634 4795 754 4864 ejus
786 4812 894 4865 non
920 4805 1006 4853 est
1038 4796 1192 4863 finis,
1228 4815 1393 4868 super
1422 4801 1620 4855 solium
1654 4801 1825 4859 David
1856 4814 1909 4859 et
1941 4821 2021 4859 re—

446 4899 614 4954 gnum
645 4887 766 4956 ejus
796 4896 857 4942 ut
883 4888 1084 4959 dirigat
1125 4890 1258 4945 illud
1278 4930 1294 4957 ,
1327 4898 1381 4946 et
1426 4893 1695 4963 suscipiat
1726 4895 1779 4949 in
1807 4895 2019 4966 judicio

447 4985 502 5039 et
536 4977 751 5048 justitia
797 4995 864 5035 ex
913 4981 1018 5038 hoc
1049 4991 1294 5057 tempore
1322 4991 1377 5057 et
1411 5000 1585 5059 usque
1629 4986 1683 5041 in
1730 4990 2017 5043 saeculum.

450 5068 611 5141 Zelus
637 5069 850 5127 Domini
880 5070 1121 5128 Sabaoth
1156 5074 1317 5131 faciet
1337 5076 1454 5132 hac
1483 5080 1525 5131 ².
1557 5098 1574 5131 ι
1607 5079 1873 5151 Existimo
1929 5082 2018 5136 hic

449 5160 789 5233 designatum
815 5165 1101 5234 puerulum
1132 5167 1382 5223 eumdem
1414 5184 1567 5238 esse,
1597 5171 1689 5240 qui
1718 5172 1785 5227 de
1811 5172 2020 5243 virgine

449 5254 766 5324 nasciturus
812 5257 1067 5327 superius
1116 5258 1529 5331 prophetizatus
1580 5270 1694 5327 est,
1748 5279 1911 5334 quem
1962 5271 2018 5318 et

448 5345 614 5417 paulo.
667 5356 795 5402 ante
845 5348 1092 5419 paritura
1146 5350 1350 5405 dicitur
1407 5338 1781 5424 prophetissa."
1833 5356 2017 5423 Primo

448 5436 670 5506 quidem
700 5439 881 5495 dictus
906 5448 989 5497 est
1025 5441 1366 5513 Emmanuel,
1398 5445 1526 5499 dein
1553 5465 1572 5497 ι
1602 5445 1865 5513 Celeriter
1890 5464 2019 5520 spo-

450 5526 520 5593 lia
573 5528 831 5597 detrahe,
881 5534 990 5589 cito
1049 5535 1368 5617 praedam.)
1405 5535 1505 5593 Hic
1549 5548 1728 5603 autem
1775 5524 2017 5617 ipse,'ut

452 5618 595 5702 apud
615 5618 965 5695 Septuaginta
988 5627 1239 5698 legimus,
1261 5648 1278 5680 ι
1304 5628 1480 5702 Magni
1502 5632 1718 5698 consilii
1734 5634 1971 5707 Angelus
1991 5657 2011 5689 ι

451 5715 716 5779 vocatur;
745 5722 800 5768 et
833 5715 988 5783 juxta
1028 5718 1277 5788 Aquilam
1319 5728 1482 5792 atque
1518 5721 1841 5780 llebraicum
1865 5766 1880 5794 ,
1924 5742 2019 5783 no-

531 5867 676 5922 t'lsa.
708 5882 829 5934 vui,
850 5870 938 5926 18.
978 5871 1149 5947 __’lsa.
1183 5875 1390 5941 tx,5-7.

2114 3306 2265 3380 παρὰ
2312 3309 2517 3379 Κυρίου
2555 3308 2690 3362 Θεοῦ
2739 3308 2987 3371 Σαϐαὼθ,
3015 3308 3072 3373 ὃς
3106 3312 3350 3363 κατοικεί
3386 3312 3444 3363 ἐν
3474 3309 3551 3380 τῷ
3589 3309 3707 3381 ὄρει

2114 3400 2273 3453 Σιών.
2316 3422 2333 3453 ι
2373 3403 2485 3454 Καὶ
2517 3401 2595 3465 τὸ,
2635 3421 2653 3452 ι
2704 3401 2856 3468 Ἰδοὺ,
2897 3399 3008 3470 ἐγὼ
3052 3401 3148 3454 καί⁵
3193 3401 3263 3453 τά
3307 3399 3514 3464 παιδία,
3545 3400 3581 3454 ἃ.
3612 3416 3705 3470 μοι

2114 3492 2312 3547 ἔδωκεν
2339 3495 2367 3546 ὁ
2399 3494 2551 3557 Θεὸς,
2587 3513 2606 3545 ι
2636 3496 2699 3548 ὲκ
2728 3493 3018 3565 προσώπου
3062 3492 3155 3546 τοῦ
3197 3494 3447 3564 Σωτῆρος
3485 3492 3613 3563 περί
3643 3509 3706 3544 τε

2115 3584 2221 3638 τῶν
2243 3586 2557 3640 ἀποστόλων
2603 3588 2696 3640 καὶ
2728 3587 2834 3639 τῶν
2868 3586 3008 3657 μετά
3040 3586 3211 3639 ταῦτα
3243 3586 3322 3648 είς
3356 3584 3514 3638 αὑτὸν
3544 3600 3706 3637 πεπι-

2118 3679 2422 3732 στευκότων
2461 3679 2641 3743 καλῶς
2668 3681 2726 3732 ὲν
2760 3682 2825 3750 τῇ
2858 3678 2993 3750 πρὸς
3034 3677 3316 3749 Ἐϐραίους
3354 3675 3702 3746 ὲξείληπται’

2115 3770 2434 3843 ἐπιφέρεται
2473 3769 2605 3839 γοῦν
2633 3769 2867 3823 ἐνταῦθα
2895 3771 2976 3833 τὸ,
3012 3790 3031 3821 ι
3062 3771 3172 3823 Καὶ
3202 3769 3351 3822 ἔσται
3377 3771 3580 3839 σημεῖα
3611 3767 3708 3821 καὶ

2114 3859 2315 3932 τέρατα
2337 3864 2394 3915 ὲν
2432 3863 2565 3933 οἴκῳ
2612 3862 2853 3934 Ἰσραήλ·
2888 3882 2906 3912 ι
2943 3862 3037 3916 καὶ
3064 3862 3230 3932 σαφὲς
3262 3862 3407 3925 ὅπως
3446 3859 3588 3915 κατά
3614 3859 3708 3912 τὸν

2117 3956 2307 4027 καιρὸν
2320 3957 2419 4027 τῆς
2440 3956 2533 4010 τοῦ
2554 3957 2805 4029 Σωτῆρος
2838 3957 3138 4028 παρουσίας
3169 3957 3369 4027 σημεῖα
3391 3955 3483 4008 καί¹
3500 3955 3706 4026 τέρατα

2117 4047 2267 4117 εἰ(ὲν)
2298 4047 2377 4119 τῷ
2404 4048 2537 4120 οἴκῳ
2575 4048 2812 4128 Ἰσραὴλ,
2846 4044 2932 4103 οἷα
2961 4046 3305 4102 οὐδεπώποτε
3334 4045 3696 4118 ἀπετελέσθη.

2650 4164 2948 4218 ΚΕΦΑΛΑΙ
2957 4164 3048 4216 ΟΝ
3085 4165 3158 4216 Z'.

2193 4269 2211 4304 ι
2249 4253 2359 4310 Καὶ
2410 4253 2744 4326 θελήσουσιν,
2787 4256 2836 4308 εἰ
2882 4254 3125 4323 ἐγένοντο
3174 4254 3553 4326 πυρίκαυστοι.
3582 4254 3703 4309 Ὅτι

2117 4345 2324 4399 παιδίον
2346 4346 2575 4419 ἐγενήθη
2596 4349 2745 4418 ήμζν,
2761 4348 2871 4410 υἱὸς
2887 4347 3041 4417 ἐδόθη
3064 4347 3212 4417 ἡμῖν,
3230 4341 3290 4400 οῦ
3311 4347 3503 4417 ἡάρχὴ
3514 4347 3706 4417 ἐγενή-

2118 4437 2184 4510 θη
2217 4439 2308 4491 ἐπὶ
2340 4438 2431 4492 τοῦ
2452 4437 2602 4510 ὤμου
2630 4437 2817 4503 αὐτοῦ,
2846 4439 2938 4492 καὶ
2963 4438 3208 4491 καλεῖται
3238 4437 3300 4490 τὸ
3321 4437 3493 4509 ὄνομα
3514 4436 3703 4501 αὐτοῦ,

2119 4530 2379 4601 Μεγάλης
2402 4530 2597 4602 βουλῆς
2626 4531 2887 4605 Ἀγγελος
2909 4546 2922 4560 °
2956 4531 3068 4596 ἄξω
3092 4530 3200 4601 γὰρ
3228 4531 3450 4602 εἰρήνην
3470 4531 3563 4584 ἐπὶ
3579 4531 3706 4594 τοὺς

2121 4624 2407 4695 ἄρχοντας,
2455 4624 2549 4677 καὶ
2596 4624 2753 4692 ὑγεία
2786 4622 2952 4693 αὐτῷ.
2986 4622 3212 4695 Μεγάλη
3248 4625 3282 4695 ή
3325 4624 3472 4695 ἀρχὴ
3511 4623 3702 4689 αὐτοῦ,

2122 4717 2216 4771 καὶ
2242 4717 2343 4787 τῆς
2373 4717 2594 4790 εἰρήνης
2622 4716 2787 4771 αὐτοῦ
2827 4717 2927 4770 οὐκ
2957 4716 3104 4771 ἐστιν
3135 4719 3282 4790 ὃριον
3301 4734 3316 4748 ·
3347 4718 3440 4772 ἐπὶ
3461 4717 3553 4771 τὸν
3579 4716 3710 4786 θρό-

2120 4826 2208 4862 νον
2243 4806 2403 4862 Δαυῖδ
2429 4808 2524 4861 καὶ
2567 4808 2666 4880 τὴν
2696 4806 2969 4878 βασιλείαν
3004 4809 3192 4873 αὑτοῦ,
3230 4809 3572 4881 κατορθῶσαι
3607 4809 3707 4861 αὐ-

2122 4897 2240 4969 τὴν,
2272 4896 2366 4950 καὶ
2395 4896 2775 4959 ἀντιλαϐέσθαι
2802 4900 2860 4950 έν
2901 4897 3127 4968 κρίματι
3156 4898 3248 4952 καὶ
3277 4900 3332 4950 ἐν
3364 4898 3705 4970 δικαιοσύνῃ,

2123 4989 2231 5041 ἀπὸ
2260 4988 2353 5041 τοῦ
2388 4987 2480 5041 νῦν
2517 4989 2612 5042 καὶ
2638 4990 2718 5052 εἰς
2754 4989 2843 5042 τὸν
2875 4988 3044 5042 αἰῶνα
3064 5006 3078 5020 ο
3108 4991 3136 5041 ὁ
3167 4989 3324 5061 ζῆλος
3361 4990 3562 5061 Κυρίου
3596 4991 3705 5043 Σα-

2125 5079 2270 5133 ϐαὼθ
2303 5081 2516 5151 ποιήσει
2538 5079 2730 5136 ταῦτα.
2776 5099 2794 5132 ι
2829 5075 2995 5152 Οἶμαι
3020 5081 3085 5153 δὴ
3113 5080 3172 5133 τὸ
3200 5082 3487 5150 λεγόμενον
3516 5079 3708 5136 ἐνθάδε

2126 5172 2335 5226 παιδίον
2368 5173 2469 5227 οὐκ
2499 5173 2625 5227 ἄλλο
2659 5168 2798 5227 εἶναι
2834 5173 2926 5227 τοῦ
2955 5176 3019 5227 ὲκ
3061 5173 3162 5243 τῆς
3191 5173 3461 5245 παρθένου
3510 5173 3707 5247 τεχθή-

2126 5265 2315 5320 σεσθαι
2335 5265 2590 5337 ἀνωτέρω
2624 5266 3164 5338 προπεφητευμένου,
3193 5265 3220 5319 ὃ
3242 5267 3334 5319 καὶ
3364 5266 3546 5339 μικρῷ
3568 5267 3705 5339 πρό-

2125 5374 2281 5429 τερον
2331 5360 2663 5430 ἡπροφῆτις
2709 5361 2993 5414 ἀποτεκεῖν
3041 5359 3282 5427 ἐλέγετο·
3313 5358 3449 5412 ἀλλὰ
3488 5359 3551 5413 τὸ
3601 5360 3704 5431 μὲν

2124 5450 2381 5522 ἀνωτέρω
2434 5452 2603 5522 ὄνομα
2655 5451 2827 5506 αὐτοῦ
2864 5451 3209 5524 Ἐμμανουὴλ
3245 5446 3334 5522 ἦν,
3372 5452 3434 5503 τὸ
3472 5449 3529 5503 δὲ
3560 5449 3704 5521 μετά

2122 5540 2314 5606 ταῦτα,
2350 5561 2370 5593 ι
2406 5542 2629 5614 Ταχέως
2680 5542 2993 5606 σκύλευσον,
3034 5542 3200 5610 ὀξέως
3246 5542 3635 5615 προνόμευσον.
3678 5563 3700 5596 ι

2133 5636 2396 5692 Ἐνταῦθα
2431 5638 2489 5693 δὲ
2519 5642 2548 5693 ὁ
2578 5640 2739 5704 αὐτὸς
2771 5633 2923 5704 οὗτος
2960 5638 3096 5694 κατά
3122 5638 3221 5710 μὲν
3247 5639 3347 5710 τὴν
3371 5637 3480 5691 τῶν
3521 5636 3700 5692 Ἑϐδο-

2121 5730 2191 5797 ὶι(
2226 5731 2463 5802 μήκοντα
2482 5733 2795 5803 ἑρμηνείαν,
2834 5752 2850 5783 ι
2886 5731 3141 5803 Μεγάλης
3159 5731 3348 5802 βουλῆς
3381 5728 3644 5798 Ἄγγελος
3676 5749 3696 5781 >
