4100 6454
405 399 540 455 120;)

1418 399 1711 457 ECLOGA;
1745 399 2231 457 PROPllETlCIE.
2259 432 2326 442 --
2363 400 2493 457 LIB.
2528 399 2619 456 1V.

3455 411 3461 419 '
3504 402 3643 461 121οη

405 519 470 586 >κ
501 516 857 586 χρηματίζει·
911 513 1052 569 κατὰ
1082 514 1156 566 δὲ
1191 515 1282 566 τὸν
1325 514 1553 568 Ἀκύλαν
1602 514 1697 568 καὶ
1741 514 1871 570 αὐτὸ
1908 514 1961 567 τὲ

2075 530 2198 570 men
2244 516 2365 585 ejus
2403 524 2488 571 est
2516 533 2535 567 ι
2566 514 2918 570 Admirabilis
2966 514 3348 579 consiliarius,
3387 514 3542 571 fortis
3587 526 3642 571 et

404 610 468 677 Χ
513 607 795 678 Ἐϐραῖκὸν
822 608 882 660 τὸ
904 608 1072 678 ὄνομα
1098 605 1258 659 αὑτοῦ
1289 607 1404 659 ἐστι
1442 625 1460 657 ι
1495 606 1814 676 Θαυμαστὸς
1834 606 1971 676 σύμ-

406 702 469 772 X
500 697 708 761 ϐουλος,
751 695 967 767 ἰσχυρὸς
985 735 999 757 ,
1027 695 1248 758 δυνατὸς
1278 694 1479 766 πατὴρ,
1505 695 1585 749 ἔτι
1605 695 1786 764 ἅρχων
1819 697 1970 766 εἰρή-

410 791 470 861 X
503 807 629 860 νης’
674 809 691 840 ι
727 789 821 841 καὶ
853 788 992 840 κατά
1023 787 1112 840 τὸν
1144 789 1435 858 Σύμμαχον
1455 787 1533 849 δὲ,
1573 807 1591 837 ι
1627 786 1970 858 κληθήσεται

406 883 462 937 ea
512 883 677 951 ὄνομα
726 881 819 934 τοῦ
874 879 1084 932 παιδίου
1118 878 1560 951 Παραδοξασμὸς,
1594 878 1967 949 βουλευτικὸς,

402 973 637 1045 ίσχυρὸς,
677 971 919 1034 δυνατὸς,
960 970 1138 1041 πατὴρ
1187 970 1399 1033 αἰῶνος,
1445 969 1630 1041 ἄρχων
1661 971 1903 1042 εἰρήνης.
1945 990 1963 1023 ι

411 1066 759 1137 Ἀπαιτητέον
819 1066 1002 1121 τοίνυν
1058 1066 1182 1127 τοὺς
1231 1067 1295 1118 ἐκ
1347 1065 1646 1136 περιτομῆς
1700 1067 1850 1118 ποῖον
1902 1064 1969 1119 ἂν

398 1158 613 1231 ἓχοι(εν)
648 1158 856 1211 παιδίον
971 1156 1039 1209 τά
1070 1157 1365 1226 τηλικαῦτα
1419 1157 1784 1227 ἐφαρμόσαιεν
1831 1173 1970 1228 παρ-

401 1252 637 1304 ιστάναι·
686 1247 807 1303 καθ’
838 1250 983 1319 ἡμᾶς
1015 1248 1123 1318 γὰρ
1149 1249 1382 1303 ἐπίνοιαί
1414 1250 1551 1301 εἰσιν
1586 1241 1745 1301 αὗται
1786 1246 1848 1319 (f.
1875 1247 1967 1320 48)

394 1341 494 1410 τῆς
520 1340 668 1403 θείας
684 1340 777 1393 τοῦ
803 1338 1035 1412 Χριστοῦ
1063 1339 1364 1409 δυνάμεως,
1387 1340 1467 1402 είς
1489 1338 1546 1392 ὃν
1574 1342 1623 1392 οἱ
1652 1340 1725 1410 μὴ
1750 1340 1970 1393 πιστεύ-

396 1449 585 1496 σαντες
622 1432 936 1502 θελήσουσιν
969 1433 1018 1483 εί
1063 1430 1396 1501 ἐγενήθησαν
1440 1430 1798 1502 πυρίκαυστοι
1835 1428 1969 1500 μᾶλ-

392 1524 543 1595 λονῆ
579 1524 660 1577 ὅτι
712 1523 810 1594 τὴν
864 1521 1074 1575 ἐαυτῶν
1123 1521 1395 1592 ἀποϐολὴν
1431 1521 1558 1573 ίδείν
1598 1522 1691 1574 καί¹
1730 1521 1828 1591 τὴν
1860 1521 1967 1573 τῶν

393 1610 560 1664 ἐθνῶν
586 1611 878 1681 σωτηρίαν,
908 1611 974 1680 ἢν
1004 1613 1033 1664 ό
1061 1609 1218 1681 ζῆλος
1250 1610 1453 1682 Κυρίου
1478 1609 1699 1664 Σαϐαὼο
1725 1611 1968 1681 ποιήσειν

390 1704 621 1775 εἴρηται·
648 1697 693 1772 ᾧ
711 1704 1048 1776 παραθήσεις
1071 1704 1132 1757 τὸ
1152 1704 1303 1776 παρὰ
1330 1705 1555 1757 Μωῦσεί
1577 1702 1719 1756 οὕτω
1740 1721 1856 1767 πως
1878 1703 1967 1756 λε-

390 1794 679 1866 λεγμένον*
711 1816 729 1847 ι
758 1797 921 1849 Αὐτοὶ
966 1795 1358 1867 παρεζήλωσάν
1401 1812 1469 1865 με
1494 1796 1552 1846 ἐν
1584 1797 1694 1859 τοῖς
1731 1793 1967 1857 εἰδώλοις

2072 614 2267 678 potens
2293 616 2467 677 pater,
2497 607 2663 662 etiam
2691 608 2947 678 princeps
2974 607 3160 678 pacis;
3182 626 3199 658 ι
3222 614 3278 661 et
3300 607 3455 678 juxta
3485 606 3643 679 Sym-

2072 698 2325 753 machum
2347 718 2360 754 :
2385 718 2402 750 ι
2424 698 2722 755 Vocabitur
2741 716 2939 754 nomen
2964 699 3175 769 pueruli
3197 698 3607 755 Admirabilitas
3622 740 3638 764 ,

2070 791 2453 858 consiliarius,
2480 792 2638 846 fortis
2660 831 2674 857 ,
2705 801 2933 862 potens,
2961 802 3114 860 pater
3139 791 3322 846 szrculi
3344 831 3359 854 ,
3388 793 3641 862 princeps

2069 880 2241 950 pacis.
2276 901 2294 933 ι
2316 880 2615 936 Petendum
2646 890 2732 936 est
2758 882 2929 951 igitur
2952 898 2981 935 a
3007 880 3210 938 Judatis
3236 898 3524 953 quemnam
3553 882 3644 935 ha-

2069 970 2271 1037 beant,
2303 972 2391 1025 cui
2426 973 2540 1026 haec
2569 973 2817 1042 adoptari
2854 975 3100 1043 possint,
3134 976 3422 1045 puerulum
3462 982 3643 1029 osten-

2070 1063 2220 1119 dere.
2273 1062 2487 1118 Etenim
2526 1066 2685 1134 juxta
2725 1080 2825 1119 nos
2866 1063 3070 1119 indicia
3116 1075 3245 1121 sunt
3290 1066 3407 1137 ipsa
3440 1066 3642 1120 divina:

2070 1153 2276 1209 Christi
2322 1156 2646 1224 potestatis,
2688 1156 2743 1210 in
2782 1173 2943 1227 quem
2980 1159 3074 1227 qui
3119 1174 3228 1213 non
3271 1159 3639 1226 crediderint,

2071 1247 2257 1307 volent
2276 1287 2290 1309 ,
2320 1246 2365 1302 si
2394 1245 2597 1302 fuerint
2626 1247 2751 1317 igne
2773 1249 3041 1305 combusti
3067 1251 3248 1319 potius
3272 1266 3434 1321 quam
3460 1267 3643 1320 repro-

2067 1340 2346 1394 hationem
2396 1355 2551 1395 suam
2584 1339 2771 1396 videre
2797 1351 2850 1395 et
2881 1342 3118 1410 gentiqu
3166 1344 3429 1408 salutem,
3475 1358 3637 1413 quam

2070 1431 2225 1485 zelus
2273 1429 2490 1486 Domini
2538 1429 2779 1486 Sabaoth
2829 1433 3076 1488 facturus
3122 1449 3244 1489 esse
3286 1434 3507 1490 dicitur.
3556 1434 3640 1489 Ad

2071 1523 2217 1593 quod
2255 1532 2509 1593 spectant
2554 1524 2672 1579 haec
2712 1524 2858 1594 apud
2900 1524 3173 1597 Moysern:
3200 1544 3218 1576 ι
3250 1527 3354 1597 Ipsi
3397 1543 3481 1582 me
3521 1543 3642 1597 pro-

2068 1621 2412 1668 vocaverunt
2445 1615 2501 1667 in
2533 1613 2695 1669 idolis
2726 1616 2873 1678 suis,
2905 1623 2958 1669 et
2983 1631 3084 1686 ego
3113 1618 3422 1686 provocabo
3455 1634 3551 1673 eos
3581 1619 3637 1673 in

2068 1719 2136 1757 eo
2167 1704 2260 1773 qui
2295 1720 2405 1757 non
2438 1711 2526 1759 est
2557 1705 2820 1774 populus,
2851 1714 2905 1760 et
2934 1706 2989 1760 in
3018 1715 3181 1778 gente
3211 1708 3377 1761 stulta
3412 1709 3639 1764 irritabo

2068 1810 2164 1850 eos
2197 1796 2237 1849 ί.
2268 1815 2287 1848 ι
2317 1795 2517 1850 Verum
2550 1812 2651 1852 nec
2683 1798 2970 1866 praesentis
3000 1798 3282 1867 temporis,
3307 1815 3409 1853 nec
3454 1816 3640 1872 prepo—

389 1888 590 1953 αύτῶν,
641 1888 795 1958 κάγὼ
842 1888 1224 1961 παραζηλώσω
1272 1887 1469 1951 αὐτοὺς
1513 1888 1598 1940 ἐπ’
1641 1887 1740 1940 ούκ
1789 1885 1961 1939 ἔθνει·

2073 1887 2165 1943 siti
2219 1895 2305 1942 est
2345 1888 2562 1957 singula
2612 1889 2911 1959 prophetiae
2953 1890 3119 1944 verba
3165 1890 3486 1960 elucidare;
3539 1909 3640 1948 nec

389 1982 477 2034 ἐπ’
507 1981 648 2035 ἔθνει
683 1983 921 2051 ἀσυνέτῳ
944 1979 1226 2053 παροργιῶ
1257 1979 1470 2043 αὐτούς.
1504 1999 1521 2031 ι
1567 1979 1725 2033 Ἀλλά
1765 1979 1874 2051 γὰρ
1904 1979 1961 2032 ού

2072 1976 2353 2048 quomodo
2383 1979 2625 2042 dicatur,
2652 1998 2670 2029 ι
2698 1994 2862 2049 super
2896 1979 3093 2034 solium
3128 1980 3295 2034 David
3327 1991 3382 2036 et
3411 1999 3637 2052 regnum

390 2073 484 2127 τοῦ
516 2074 781 2144 παρόντος
812 2073 1029 2146 καιροῦ,
1052 2073 1171 2126 οὐδὲ
1202 2073 1308 2144 μὴν
1329 2071 1424 2126 τοῦ
1446 2071 1568 2125 καθ’
1596 2073 1741 2142 ἡμᾶς
1766 2072 1961 2143 τυγχά-

2068 2069 2190 2139 ejus
2234 2079 2293 2124 ut
2336 2069 2538 2141 dirigat
2583 2070 2739 2125 illud.
2776 2091 2794 2123 ›
2823 2070 2939 2125 Hoc
2979 2073 3200 2142 quidem
3226 2072 3445 2131 Iudaeos
3474 2075 3640 2131 oll‘m-

386 2183 469 2220 νει
498 2165 722 2228 σκοποῦ,
756 2167 990 2237 ἑκάστην
1011 2165 1153 2232 λέξιν
1167 2164 1612 2236 διασαφῆσαιτῆς
1628 2165 1961 2236 προφητείας

2066 2162 2188 2225 det,
2220 2170 2511 2231 prepterea
2541 2161 2685 2233 quod
2718 2177 2828 2217 non
2860 2163 3216 2232 corporaliter
3243 2179 3408 2235 super
3440 2169 3637 2223 solium

386 2254 816 2326 παραστήσεται’
841 2254 963 2325 (sic)
980 2256 1123 2317 ὅπως
1154 2254 1367 2326 είρηται
1391 2254 1471 2318 τὸ,
1495 2272 1513 2303 ι
1546 2253 1638 2306 ἐπὶ
1658 2252 1748 2306 τὸν
1774 2252 1961 2322 θρόνον

2065 2253 2236 2310 David
2262 2255 2492 2325 ejusque
2524 2270 2750 2326 regnum
2784 2255 2925 2310 sedit
2966 2254 3214 2310 Salvator
3266 2256 3639 2332 Dominusque

384 2342 547 2399 Δαυῖδ
562 2345 652 2397 καὶ
682 2345 781 2415 τὴν
809 2343 1080 2414 βασιλείαν
1104 2342 1290 2408 αὐτοῦ,
1308 2338 1648 2411 κατορθῶσαι
1666 2340 1887 2411 αὑτήν»
1915 2333 1960 2409 ᾧ

2065 2355 2255 2402 noster
2280 2347 2442 2403 Jesus
2471 2347 2742 2402 Christus.
2767 2347 2843 2404 De
2872 2364 2981 2418 quo
3009 2350 3286 2406 studiosos
3314 2352 3545 2411 lectores
3570 2354 3635 2408 ad

385 2436 479 2490 καὶ
497 2438 643 2502 εἰκὸς
670 2437 735 2492 ἂν
764 2439 846 2509 εἴη
866 2438 1170 2509 προσκόψαι
1194 2437 1321 2500 τοὺς
1348 2438 1412 2493 ἐκ
1436 2433 1758 2507 περιτομῆς,
1785 2433 1871 2487 διὰ
1900 2434 1960 2487 τὸ

2064 2440 2460 2495 commentaria
2490 2441 2619 2494 olim
2651 2455 2681 2494 a
2711 2440 2869 2495 nobis
2908 2442 3115 2511 prolata
3147 2444 3496 2500 remittimus.

388 2528 464 2603 μὴ
489 2530 813 2600 σωματικῶς
843 2530 936 2585 ἐπὶ
964 2531 1052 2584 τὸν
1082 2529 1267 2601 θρόνον
1295 2528 1389 2583 καὶ
1424 2527 1521 2598 τὴν
1551 2525 1823 2596 βασιλείαν
1851 2525 1945 2579 τοῦ
1982 2529 2144 2584 Δαυῒδ
2172 2531 2520 2586 κεκαθικὲναι
2560 2533 2650 2585 τὸν
2681 2533 2910 2605 Σωτῆρα
2942 2534 3036 2586 καὶ
3062 2535 3264 2607 Κύριον
3314 2536 3467 2609 ἡμῶν
3536 2538 3641 2610 Ἰη-
3676 2530 3682 2536 ’

383 2624 515 2679 σοῦν
535 2627 765 2697 Χριστόν
785 2642 796 2654 ·
823 2627 888 2679 δι’
906 2626 1041 2697 ὅπερ
1056 2624 1474 2696 ἀναπέμψαντες
1496 2623 1622 2685 τοὺς
1643 2619 1959 2693 φιλομαθεῖς
1995 2625 2089 2679 ἐπὶ
2120 2625 2188 2679 τὰ
2215 2628 2295 2692 είς
2327 2628 2453 2692 τοὺς
2479 2627 2676 2691 τόπους
2721 2627 3108 2699 ὑπομνήματα,
3145 2632 3307 2701 ἡμεῖς
3338 2631 3398 2684 τὸ
3441 2648 3637 2702 προτε-

385 2718 475 2773 θὲν
507 2717 995 2791 διαπερανούμεθα.

910 2840 1305 2895 ΚΕΦΑΛΑῘΟΝ
1358 2842 1440 2893 H'.

459 2952 478 2984 ι
522 2933 651 2987 Ἰδοὺ
681 2932 745 3007 δὴ
771 2935 798 2986 ὁ
829 2933 1094 3003 δεσπότης
1136 2932 1341 3004 Κύριος
1372 2930 1598 2987 Σαϐαὼθ
1638 2930 1960 3004 συνταράξει

380 3024 506 3087 τοὺς
531 3022 772 3086 ἐνδόξους
812 3022 948 3093 μετά
984 3021 1184 3092 ἰσχύος,
1218 3022 1310 3075 καὶ
1339 3020 1531 3091 ὑψηλοὶ
1553 3023 1618 3092 τῇ
1654 3020 1809 3093 ῦϐρει
1840 3036 1963 3075 συν-

381 3115 749 3187 τριϐήσονται,
788 3115 881 3168 καὶ
915 3112 1433 3183 ταπεινωθήσονται,
1471 3112 1565 3165 καὶ⁹
1597 3111 1886 3166 πεσοῦνται
1909 3112 1960 3166 οί

381 3205 576 3276 ὑψηλοὶ
613 3205 856 3276 μαχαίρᾳ
875 3221 887 3236 ’
914 3206 942 3257 ό
966 3204 1023 3256 δὲ
1055 3202 1279 3266 Λίϐανος
1321 3204 1418 3256 σὺν
1448 3206 1560 3267 τοῖς
1601 3202 1820 3272 ὑψηλοῖς
1856 3220 1958 3256 πε-

382 3299 573 3350 σεῖται.
603 3298 712 3350 Καὶ
736 3294 1074 3362 ἐξελεύσεται
1108 3295 1303 3366 ῥάϐδος
1329 3295 1394 3348 ἐκ
1417 3294 1516 3365 τῆς
1543 3295 1700 3367 ῥίζης
1737 3295 1956 3357 Ἰεσσαὶ,

380 3389 478 3443 καὶ
507 3388 666 3452 ἄνθος
686 3391 750 3450 ἐκ
782 3390 880 3458 τῆς
905 3386 1059 3459 ῥίζης
1087 3387 1437 3460 ἀναϐήσεται,
1470 3388 1565 3440 καὶ
1586 3386 1961 3444 ἐπαναπαύσεο

380 3500 467 3537 ται
505 3482 591 3535 ἐπ’
637 3481 797 3534 αὐτὸν
828 3480 1047 3550 πνεῦμα
1068 3480 1161 3533 τοῦ
1194 3477 1350 3544 Θεοῦ,
1376 3479 1594 3550 πνεῦμα
1645 3478 1834 3547 σοφίας
1865 3480 1959 3533 καὶ

382 3574 669 3637 συνέσεως,
717 3570 932 3642 πνεῦμα
966 3572 1162 3641 βουλῆς
1191 3570 1285 3624 καί¹
1325 3570 1525 3641 ἰσχύος,
1562 3568 1777 3641 πνεῦμα
1819 3569 1960 3638 γνώ-

361 3659 521 3729 σεως
568 3666 660 3721 καὶ
695 3664 974 3728 εὐσεϐείας
1018 3662 1286 3734 ἐμπλήσει
1325 3662 1521 3715 αὐτόν⁹
1549 3661 1765 3732 πνεῦμα
1791 3663 1958 3732 φόϐου

380 3756 517 3812 Θεοῦ
538 3757 596 3808 ού
629 3755 772 3809 κατὰ
799 3755 895 3826 τὴν
916 3755 1071 3819 δόξαν
1097 3756 1291 3826 κρινεῖ,
1315 3754 1435 3806 οὐδὲ
1468 3752 1610 3807 κατά
1642 3754 1739 3825 τήν
1767 3754 1955 3810 λαλιὰν

381 3845 613 3914 ἐλέγξει,
650 3846 786 3900 ἀλλά
809 3848 985 3918 κρινεῖ
1001 3844 1239 3916 ταπεινῷ
1264 3845 1463 3918 κρίσιν,
1489 3845 1580 3898 καὶ
1600 3843 1809 3913 ἐλέγξει
1830 3846 1957 3908 τοὺς

380 3938 670 3999 ταπεινοὺς
714 3936 815 4006 τῆς
861 3937 986 4007 γῆς,
1032 3936 1127 3990 καὶ
1160 3934 1388 4000 πατάξει
1420 3936 1526 4007 γῆν
1572 3933 1651 4007 τῷ
1680 3936 1824 4009 λόγῳ
1860 3936 1955 3991 τοῦ

381 4026 649 4097 στόματος
678 4026 864 4089 αὐτοῦ,
891 4027 985 4080 καὶ
1018 4028 1075 4081 ἐν
1104 4027 1372 4097 πνεύματι
1404 4027 1493 4081 διὰ
1519 4026 1741 4096 χειλέων
1781 4027 1960 4083 ἀνελεῖ

379 4119 586 4189 ἀσεϐῆ⁸
639 4120 734 4174 καὶ
773 4119 922 4173 ἔσται
967 4119 1278 4193 δικαιοσύνῃ
1322 4121 1628 4191 ἐζωσμένος
1662 4122 1761 4193 τὴν
1788 4124 1957 4192 ὀσφὺν

382 4211 580 4275 αὑτοῦ,
623 4212 715 4264 καὶ
758 4210 982 4281 ἀληθείᾳ
1026 4211 1310 4282 είλημένος
1346 4211 1447 4274 τὰς
1488 4212 1728 4285 πλευρὰς
1770 4214 1954 4268 αὑτοῦ.

381 4303 491 4358 Καὶ
534 4301 1043 4374 συμϐοσκηθήσεται
1088 4302 1249 4367 λύκος
1285 4302 1427 4375 μετά
1462 4304 1643 4375 ἀρνὸς,
1677 4305 1773 4357 καὶ
1816 4307 1959 4378 πάρ-

379 4392 529 4457 δαλις
577 4393 1044 4448 συναναπαύσεται
1103 4394 1309 4465 ἐρίφῳ,
1357 4393 1447 4448 καὶ
1517 4394 1809 4467 μοσχάριον
1862 4397 1956 4450 καὶ

2650 2839 2879 2894 CAPUT
2924 2839 3058 2897 Vlll.

2137 2948 2157 2981 ‹
2198 2929 2338 2985 Ecce
2383 2930 2703 2986 dominator
2748 2929 3012 2987 Dominus
3062 2929 3300 2988 Sabaoth
3325 2931 3635 3004 confringet

2060 3020 2268 3076 nobiles
2310 3034 2436 3074 cum
2483 3019 2839 3084 fortitudine,
2874 3029 2929 3076 et
2956 3022 3160 3078 excelsi
3193 3032 3405 3078 statura
3441 3027 3626 3080 succi-

2062 3114 2281 3178 dentur,
2310 3119 2364 3169 et
2382 3112 2643 3168 sublimes
2675 3112 3130 3170 humiliahuntur.
3152 3114 3216 3168 Et
3247 3116 3636 3172 suhvertentur

2064 3204 2271 3279 excelsi
2313 3204 2498 3259 ferro:
2534 3211 2589 3259 et
2638 3201 2883 3260 Libanus
2930 3220 3056 3259 cum
3089 3206 3328 3262 excelsis
3356 3208 3534 3263 cadet.
3571 3208 3636 3264 Et

2064 3294 2377 3363 egredietur
2406 3293 2558 3364 virga
2586 3293 2653 3346 de
2686 3293 2870 3351 radice
2901 3293 3088 3359 Iesse,
3132 3302 3186 3350 et
3224 3295 3324 3352 llos
3357 3296 3425 3353 de
3454 3297 3638 3355 radice

2062 3387 2185 3454 ejus
2228 3385 2521 3451 ascendet,
2572 3393 2627 3441 et
2664 3387 2973 3456 requiescet
3021 3403 3186 3457 super
3229 3405 3356 3445 eum
3413 3391 3637 3461 spiritus

2063 3476 2193 3543 Dei,
2224 3477 2449 3547 spiritus
2475 3477 2757 3546 sapientiae
2779 3486 2835 3532 et
2864 3478 3203 3543 intellectus,
3232 3480 3465 3550 spiritus
3499 3498 3634 3538 con-

2062 3570 2174 3625 silii
2219 3579 2273 3623 et
2316 3569 2686 3633 fortitudinis,
2731 3570 2963 3638 spiritus
3007 3571 3251 3627 scientia:
3283 3581 3337 3628 et
3367 3573 3630 3644 pietatis:

2062 3663 2294 3733 replebit
2330 3677 2454 3716 eum
2486 3664 2713 3732 spiritus
2741 3663 2956 3718 timoris
2993 3662 3087 3718 Dei
3116 3681 3130 3730 ;
3173 3680 3282 3718 non
3330 3664 3631 3720 secundum

2061 3752 2862 3824 opinionemjudicabit,neque
2890 3753 3188 3807 secundum
3215 3754 3487 3824 loquelam
3517 3755 3634 3810 red-

2063 3852 2275 3917 arguet,
2337 3845 2433 3900 sed
2470 3844 2740 3914 judicahit
2766 3845 2956 3899 humili
2997 3844 3295 3914 judicium,
3340 3854 3394 3899 et
3439 3845 3632 3901 redar-

2060 3944 2191 4008 guet
2229 3937 2464 3992 humiles
2495 3944 2689 4002 terras,
2741 3943 2796 3992 et
2819 3936 3156 4006 eritjustitia
3182 3937 3460 4007 cingulum
3495 3936 3633 3990 lum-

2059 4030 2254 4084 borum
2287 4029 2409 4097 ejus
2435 4069 2450 4094 ,
2485 4036 2540 4085 et
2564 4030 2769 4084 veritas
2793 4028 3171 4083 indumentum
3205 4028 3435 4083 laterum
3467 4028 3587 4097 ejus
3613 4045 3630 4095 ;

2061 4130 2116 4177 et
2143 4131 2398 4194 pascetur
2418 4122 2583 4178 simul
2604 4123 2766 4193 lupus
2788 4137 2913 4178 cum
2941 4136 3082 4192 agno
3102 4160 3117 4185 ,
3150 4127 3205 4176 et
3228 4120 3435 4191 pardus
3467 4120 3632 4177 simul

2059 4210 2309 4281 quiescet
2335 4225 2460 4266 cum
2483 4210 2672 4273 haedo,
2706 4219 2762 4265 et
2791 4211 2996 4266 vitulus
3026 4219 3080 4264 et
3109 4210 3209 4266 bos
3250 4214 3305 4267 et
3345 4211 3431 4266 lco
3470 4212 3629 4265 simul

2062 4309 2355 4371 pascentur
2381 4320 2394 4356 :
2428 4300 2589 4355 simul
2628 4302 2975 4371 requiescent
3005 4301 3170 4355 catuli
3202 4317 3434 4365 eorum,
3469 4312 3519 4357 et
3548 4303 3632 4358 leo

2059 4393 2214 4463 quasi
2238 4394 2337 4449 bos
2366 4393 2614 4449 comedet
2639 4395 2843 4465 paleas.
2877 4392 2942 4447 Et
2967 4394 3329 4449 delectabitur
3351 4393 3533 4449 infans
3562 4395 3631 4451 ab

378 4485 579 4557 ταῦρος
629 4485 724 4538 καὶ
781 4485 917 4540 λέων
953 4484 1068 4557 ἃμα
1111 4485 1558 4557 βοσκηθήσονται,
1601 4488 1692 4540 καὶ
1728 4488 1845 4558 ἅμα
1885 4488 1953 4543 τά

2063 4488 2226 4542 ubere
2271 4501 2437 4557 super
2487 4485 2755 4540 foramine
2791 4486 3035 4555 aspidis,
3081 4493 3137 4541 et
3174 4487 3230 4540 in
3277 4502 3511 4542 caverna
3544 4503 3632 4543 re-

379 4576 568 4631 παιδία
614 4575 793 4628 αὐτῶν
838 4576 1071 4641 ἔσονται,
1127 4579 1222 4630 καὶ
1264 4576 1401 4630 λέων
1438 4577 1513 4648 ὡς
1552 4576 1680 4647 βοῦς
1721 4578 1952 4647 φάγεται

310 4680 311 4688 ‘
377 4669 577 4742 ἄχυρα,
610 4670 704 4722 καὶ
747 4668 959 4722 παιδίον
982 4671 1175 4740 νήπιον
1200 4671 1291 4723 ἐπὶ
1321 4669 1571 4743 τρώγλην
1599 4670 1839 4724 ἀσπίδων
1863 4672 1958 4725 καὶ

380 4763 475 4816 ἐπὶ
504 4763 691 4832 κοίτην
725 4760 961 4831 ἐγγόνων
993 4761 1234 4814 ἀσπίδων
1259 4762 1358 4833 τὴν
1388 4764 1544 4835 χεῖρα
1572 4762 1840 4828 ἐπιϐαλεῖ,
1866 4764 1958 4817 καὶ

378 4855 440 4907 uti
469 4853 542 4925 μὴ
567 4852 1163 4925 κακοποιήσωσιν,ούδέ
1191 4853 1264 4925 μὴ
1295 4853 1555 4909 δύνωνται
1576 4856 1837 4915 ἀπολέσαι
1871 4857 1960 4910 οὑ-

374 4944 502 5000 δένα
530 4946 622 4998 ἐπὶ
641 4946 703 4999 τὸ
734 4944 859 5017 δρος
885 4944 947 4997 τὸ
971 4945 1124 5013 ἅγιόν
1153 4962 1273 5015 μου,
1304 4946 1387 4999 ὅτι
1414 4947 1721 5020 ἐνεπλήσθη
1749 4951 1782 5020 ή
1815 4949 1956 5019 σύμ-

377 5056 526 5092 πασα
552 5040 624 5109 γῆ
647 5037 741 5091 τοῦ
764 5036 964 5107 γνῶναι
986 5038 1078 5091 τὸν
1100 5037 1326 5109 Κύριον,
1343 5038 1420 5102 ὡς
1452 5039 1595 5111 ὓδωρ
1625 5040 1758 5094 πολὺ
1787 5058 1956 5096 κατα-

374 5129 612 5198 καλύψαι
642 5128 935 5192 θαλάσσας⁸
977 5130 1073 5182 καὶ
1104 5128 1256 5183 ἔσται
1288 5131 1346 5184 ἐν
1382 5131 1449 5201 τῇ
1484 5130 1669 5202 ἡμέρᾳ
1699 5131 1884 5204 ἐκείνῃ
1921 5133 1954 5201 ἡ

376 5220 501 5291 ῥίζα
535 5220 627 5274 τοῦ
676 5220 894 5281 Ἰεσσαὶ,
928 5221 1022 5274 κα)⁵
1052 5222 1082 5274 ό
1127 5221 1484 5291 ἀνιστάμενος
1527 5221 1716 5292 ἄρχειν
1763 5222 1953 5286 ἐθνῶν,

373 5312 460 5365 ἐπ’
491 5311 639 5382 αὐτῷ
678 5310 806 5381 ἔθνη
839 5310 1104 5376 ἐλπιοῦσι,
1141 5312 1237 5366 καὶ
1260 5311 1413 5365 ἐσται
1446 5314 1480 5383 ή
1513 5312 1819 5378 ἀνάπαυσις
1853 5314 1954 5367 αὐ-

2058 4579 2169 4650 guli
2195 4622 2210 4645 ,
2253 4579 2346 4648 qui
2382 4579 2685 4634 ablactatus
2724 4577 2890 4634 fuerit
2915 4619 2930 4642 ,
2972 4594 3195 4633 manum
3239 4596 3395 4635 suam
3434 4581 3628 4637 mittet.

2061 4671 2179 4725 Non
2212 4671 2522 4730 nocebunt,
2559 4677 2614 4721 et
2646 4684 2754 4723 non
2787 4670 3039 4724 occident
3072 4670 3125 4724 in
3161 4672 3420 4726 universo
3446 4680 3632 4726 monte

2062 4766 2251 4817 sancto
2276 4772 2440 4812 meo:
2474 4761 2602 4827 quia
2636 4756 2841 4827 repleta
2873 4767 2960 4813 est
2992 4765 3136 4813 terra
3181 4761 3409 4814 scientia
3443 4758 3632 4814 Domi-

2060 4850 2115 4904 ni
2136 4888 2152 4912 ,
2186 4849 2329 4904 sicut
2356 4862 2512 4918 aquae
2536 4848 2706 4903 maris
2737 4848 3066 4918 operientes.
3100 4848 3166 4901 Et
3194 4849 3301 4902 erit
3330 4849 3383 4901 in
3413 4847 3502 4902 die
3535 4848 3626 4901 illa

2061 4944 2218 4999 radix
2269 4941 2459 5008 Jesse,
2504 4953 2560 4999 et
2600 4943 2694 5015 qui
2742 4944 2920 5014 surgit
2960 4954 3019 4997 ut
3068 4943 3296 5011 imperet
3341 4942 3625 5011 gentibus,

2059 5037 2240 5106 ipsum
2292 5043 2481 5106 gentes
2524 5036 2988 5107 deprecabuntur,
3050 5042 3104 5087 et
3155 5033 3259 5087 erit
3317 5032 3625 5102 sepulcrum

2059 5130 2180 5200 ejus
2208 5128 2507 5200 gloriosum
2535 5132 2576 5184 ³.
2610 5149 2629 5182 υ
2656 5128 2843 5199 Neque
2866 5129 2969 5198 ipsi
2996 5126 3164 5181 Judaei
3193 5127 3356 5180 alium
3381 5126 3629 5195 quemvis

2056 5238 2123 5277 ac
2201 5222 2485 5277 Christum
2555 5222 2627 5276 ibi
2702 5221 3131 5292 prophetizatum
3196 5219 3624 5282 intellexerunt,

2059 5313 2166 5369 nisi
2208 5313 2469 5368 nimirum
2509 5312 2878 5382 corporaliter
2894 5321 3115 5381 accepta
3143 5311 3307 5380 hujus
3329 5310 3626 5381 prophetiae

375 5403 469 5460 τοῦ
511 5406 664 5476 τιμή.
698 5424 716 5455 ι
767 5403 889 5457 Οὐδ’
934 5404 1088 5458 αὐτοὶ
1128 5404 1179 5457 οἱ
1215 5407 1280 5457 ἐκ
1308 5404 1609 5475 περιτομῆς
1638 5403 1796 5458 ἄλλον
1832 5403 1953 5459 τινὰ

2063 5406 2314 5478 simplice
2345 5406 2525 5463 littera
2546 5446 2562 5470 ,
2587 5406 2642 5459 in
2668 5405 2957 5459 Dominum
2985 5411 3230 5458 nostrum
3252 5402 3436 5459 Jesum
3459 5402 3623 5457 Chri-

325 5534 333 5548 .
374 5496 468 5550 τοῦ
512 5495 748 5569 Χριστοῦ
789 5495 881 5549 τὸν
922 5493 1156 5550 ἐνταῦθα
1208 5496 1683 5569 προφητευόμενον
1732 5497 1953 5569 ὑπειλή-

2063 5508 2200 5555 stum
2225 5498 2383 5554 fidem
2408 5497 2666 5553 adhibere
2690 5504 2941 5552 renuant.
2962 5494 3073 5550 Nos
3108 5509 3240 5550 vero
3266 5495 3449 5549 omnia
3467 5495 3627 5565 juxta

378 5604 532 5656 φασι,
564 5587 703 5657 πλὴν
729 5587 852 5640 ὅσον
882 5586 976 5638 ἐπὶ
998 5584 1127 5658 ψιλῇ
1161 5588 1230 5655 τῇ
1261 5585 1362 5655 τῆς
1394 5585 1731 5656 προφητείας
1756 5586 1949 5658 ὲκδθχῇ

2063 5590 2392 5663 prophetiam
2442 5589 2605 5659 digna
2649 5603 2772 5644 esse
2818 5587 2929 5644 Deo
2962 5602 3281 5658 persuasum
3313 5587 3577 5644 habentes
3601 5627 3618 5651 ,

382 5676 833 5748 σωματικώτερον
879 5675 1098 5731 ἔσεσθαι
1141 5675 1534 5747 φανταζόμενοι
1577 5675 1647 5729 τὰ
1685 5677 1824 5732 κατά
1861 5679 1951 5732 τὸν

2063 5684 2122 5740 de
2183 5683 2429 5738 moribus
2475 5681 2759 5735 hominum
2806 5678 3105 5735 Salvatoris
3154 5679 3328 5736 nostri
3382 5680 3616 5736 adventu

459 5834 656 5893 ‘Dcut.
685 5852 859 5901 xxxii,
887 5835 975 5890 2i.
1052 5838 1070 5867 ³
1097 5832 1203 5891 lsa.
1239 5852 1293 5899 x,
1330 5835 1417 5899 55,
1446 5835 1512 5890 54
1537 5852 1549 5901 ;
1576 5852 1651 5898 x1,
1684 5836 1829 5890 l-lO.
