4100 6440
525 405 656 461 1211

1194 401 1461 457 EUSEBII
1494 399 1977 457 CJESARIENSIS
2014 397 2165 454 OPP.
2208 395 2406 451 PARS.
2444 395 2530 451 ιιι.
2571 425 2643 436 -
2678 388 3094 447 EXEGETICA.

3629 384 3767 440 12Ιῖ

520 519 590 572 ab
639 515 944 585 iniquitatis
995 511 1268 584 profundo
1315 513 1374 568 in
1423 514 1899 568 mansuetudinem
1955 528 2067 568 con

2187 509 2352 563 τόπον
2376 509 2476 579 τὴν
2503 509 2584 571 είς
2614 506 2708 561 τὸν
2741 505 2946 576 Κύριον
2969 503 3124 576 ἡμῶν
3165 502 3371 574 Ἰησοῦν
3400 501 3634 573 Χριστὸν
3665 503 3768 574 οὐχ

519 607 696 663 versis
737 606 850 661 haec
894 605 1001 660 dici
1037 603 1415 660 credidimus:
1453 619 1596 659 nunc
1632 619 1806 674 usque
1839 603 2087 659 videntes

516 700 789 771 quomodo
831 706 884 752 et
915 711 1021 768 qua
1056 698 1270 751 ratione
1303 696 1360 750 in
1392 695 1654 752 Ecclesiis
1680 711 1802 767 quae
1833 702 1961 751 sunt
1992 711 2085 750 su-

516 804 613 858 per
643 800 882 850 terram,
941 787 1176 841 adventu
1224 785 1351 840 Jesu
1385 786 1590 840 Christi
1627 803 1657 842 e
1702 786 1888 841 radice
1931 784 2086 841 Jesse

510 879 831 949 germinati,
886 878 1131 948 plerique
1182 877 1461 932 hominum
1511 875 1884 933 transformali
1935 877 2080 943 sint,

510 978 675 1038 alque
703 978 894 1022 natura
927 985 1025 1023 sua
1055 970 1322 1024 immutati
1355 971 1507 1040 prius
1538 969 1735 1032 ferina,
1767 985 1893 1023 cum
1921 971 2082 1039 quasi

508 1061 621 1130 lupi
667 1061 849 1128 prius.
886 1068 940 1114 et
972 1060 1126 1129 pardi
1157 1069 1210 1114 et
1245 1061 1428 1116 leones
1454 1101 1468 1125 ,
1506 1070 1812 1130 caeteraque
1843 1060 2080 1115 ferarum

508 1161 563 1207 et
603 1153 940 1222 serpentium
984 1167 1184 1221 genera
1240 1153 1525 1217 viverent,
1584 1153 1726 1208 sicut
1777 1168 1872 1208 eos
1923 1153 2080 1222 juxta

495 1245 785 1313 .propriam
851 1246 1118 1313 cujusque
1174 1244 1436 1297 malitiam
1496 1252 1549 1299 et
1610 1244 1953 1314 iniquitatem
2013 1259 2079 1297 ex

508 1337 758 1407 analogia
805 1338 1088 1407 prophetia
1128 1345 1307 1390 vocat.
1341 1336 1443 1402 Qui
1473 1347 1527 1392 et
1558 1339 1810 1392 conversi
1835 1346 1888 1392 et
1919 1337 2078 1407 quasi

505 1430 879 1501 transﬁgurati
937 1432 992 1484 in
1056 1438 1270 1484 tantum
1333 1431 1773 1486 mansuetudinis
1832 1430 2076 1500 provecti

505 1529 664 1587 sunt,
720 1532 779 1576 ut
831 1523 993 1578 simul
1049 1533 1420 1593 pascerentur,
1469 1523 1712 1577 eamdem
1759 1530 2074 1578 sanctorum

505 1613 599 1670 Dei
632 1616 922 1669 verborum
969 1629 1153 1668 escam
1197 1615 1542 1670 comedentes
1578 1630 1703 1668 cum
1745 1613 2076 1668 mansuetis—

504 1705 659 1762 simis
687 1708 797 1758 vita
837 1704 925 1760 Dci
959 1707 1090 1761 viris
1121 1706 1307 1775 justis.
1337 1721 1475 1775 quos
1512 1711 1734 1775 propter
1763 1704 1926 1758 talem
1960 1705 2076 1758 ani-

502 1812 601 1852 mm
637 1799 1000 1852 innocentiam
1038 1799 1263 1868 privatis
1288 1806 1342 1852 et
1371 1797 1832 1852 niansuetissimis
1866 1796 2074 1850 anima-

2185 598 2508 672 ὁμολογοῦσι
2544 599 2745 653 πίστινο
2773 598 2934 668 ἡμεῖς
2961 595 3006 648 δ’
3036 595 3132 649 ὃλα
3155 593 3223 646 τὰ
3252 591 3394 646 κατὰ
3424 593 3523 662 τὴν
3549 609 3766 665 προφη-

2183 692 2334 746 τείαν
2375 691 2501 759 ἄξια
2539 687 2679 744 εἶναι
2723 688 2854 743 Θεοῦ
2891 687 3219 758 πειθόμενοι,
3257 685 3385 755 περὶ
3419 684 3636 755 τροπῶν
3669 685 3769 740 ἀνι

2185 783 2214 837 0
2224 783 2470 854 ρωπείων
2501 782 2610 835 τῶν
2637 779 2728 834 διὰ
2745 781 2845 851 τῆς
2865 778 3187 848 ἐπιφανείας
3211 774 3304 828 τοῦ
3329 776 3580 846 Σωτῆρος
3605 775 3637 843 ἡ
3646 774 3766 844 μῶν

2182 877 2291 930 ἀπὸ
2323 876 2414 930 τοῦ
2447 875 2638 946 βάθους
2676 872 2776 942 τῆς
2819 873 3016 936 κακίας
3054 873 3134 934 εἰς
3174 869 3488 940 ἡμερότητα
3526 867 3764 937 μεταϐε-

2183 969 2458 1038 ϐληκότων
2477 966 2648 1021 ταῦτα
2673 963 2928 1033 λέγεσθαι
2954 961 3415 1031 πεπιστεύκαμεψ
3446 958 3525 1012 ἔτι
3549 959 3643 1011 καὶ
3665 957 3765 1012 νῦν

2181 1059 2414 1132 ὁρῶντες
2442 1057 2560 1122 πῶς
2586 1057 2681 1112 καὶ
2703 1057 2826 1110 τίνα
2849 1055 3046 1126 τρόπον
3072 1055 3128 1106 ὲν
3151 1055 3272 1116 ταῐς
3293 1049 3435 1105 κατά
3452 1050 3551 1120 τὴν
3579 1051 3764 1102 οἰκου-

2185 1153 2352 1224 μένην
2385 1152 2464 1224 [ἐν
2487 1150 2629 1223 ταῖς]
2660 1149 3006 1221 Ἐκκλησίαις
3046 1153 3181 1218 μετά
3210 1145 3304 1216 τὴν
3327 1143 3628 1215 παρουσίαν
3661 1141 3760 1196 τοῦ

2182 1249 2247 1298 ἐκ
2274 1246 2371 1317 τῆς
2409 1243 2564 1317 ῥίζης
2591 1242 2650 1312 (f.
2683 1242 2752 1297 48
2775 1243 2850 1311 v°)
2897 1240 3091 1293 Ἰεσσαὶ
3129 1236 3553 1308 βεϐλαστηκότος
3582 1234 3762 1305 Ἰησοῦ

2180 1337 2509 1410 Χριστοῦ,οἱ
2547 1335 2729 1389 πολλοὶ
2773 1335 2882 1386 τῶν
2930 1329 3230 1403 ἀνθρώπων
3282 1327 3761 1400 μετεπλάσθησαν,

2178 1431 2274 1484 καὶ
2315 1429 2414 1500 τὴν
2465 1427 2625 1498 φύσιν
2663 1426 2832 1496 αὐτὴν
2860 1424 2967 1478 ἀπὸ
2997 1423 3090 1476 τοῦ
3120 1420 3418 1492 θηριώδους
3462 1417 3762 1490 μετέϐαλον

2180 1522 2318 1592 βίου,
2354 1521 2507 1575 λύκοι
2538 1521 2679 1584 τινὲς
2717 1520 2869 1582 ὄντες
2910 1517 2971 1570 τὸ
3022 1516 3307 1588 πρότερον,
3328 1513 3421 1567 καὶ
3463 1512 3763 1584 παρδάλεις

2176 1612 2267 1664 τὸν
2300 1612 2494 1665 τοιονδὶ
2529 1612 2746 1684 τρόπον,
2773 1609 2985 1671 λέοντές
3017 1624 3074 1660 τε
3104 1608 3195 1659 κα)⁵
3210 1606 3310 1658 ὅσα
3337 1603 3470 1658 ἄλλα
3501 1602 3664 1675 θηρία
3695 1620 3758 1657 τε

2177 1704 2272 1757 καὶ
2304 1705 2508 1776 ἑρπετὰ
2540 1706 2658 1758 κατ’
2690 1703 2976 1772 ἀναλογίαν
3016 1700 3115 1770 τῆς
3158 1700 3215 1751 ὲν
3254 1697 3468 1767 ἑκάστῳ
3507 1695 3759 1766 ποικίλης

2178 1795 2375 1858 κακίας
2403 1811 2463 1847 τε
2497 1797 2589 1848 καὶ
2621 1793 2881 1866 πονηρίας
2917 1797 2951 1862 ὴ
2987 1789 3290 1863 προφητεία
3334 1785 3654 1853 καταλέγει·
3701 1785 3758 1838 οἳ

505 1889 685 1952 libus,
724 1897 885 1958 atque
929 1889 1249 1944 lactentibus
1290 1889 1476 1958 pueris
1515 1888 1732 1942 divinus
1774 1888 2067 1959 aequiparal

2178 1888 2272 1939 καὶ
2323 1885 2678 1957 μεταθέμενοι
2726 1885 2820 1938 καὶ
2864 1881 3105 1951 ὡσπερεὶ
3157 1876 3645 1950 μεταπλασθέντες,
3675 1877 3760 1939 εἰς

505 1996 706 2036 sermo.
759 1981 816 2035 Si
862 1986 984 2051 quis
1035 1981 1181 2036 haud
1231 1981 1391 2036 facile
1441 1979 1557 2034 haec
1605 1979 1875 2049 accipiat,
1928 1979 2075 2036 dicat

501 2073 774 2142 quomodo
805 2075 962 2128 aliter
991 2090 1021 2129 e
1054 2089 1221 2128 sensu
1267 2072 1542 2127 communi
1585 2072 1732 2126 hunc
1773 2072 1947 2143 possit
1985 2075 2072 2127 in-

502 2165 787 2233 terpretari
829 2165 1029 2220 locum.
1076 2166 1442 2229 Quamobrem
1488 2163 1656 2233 igitur
1700 2171 1754 2219 et
1801 2163 2074 2234 quomodo

500 2250 742 2310 Libanus
776 2271 899 2310 cum
931 2255 1164 2311 excelsis
1197 2255 1396 2309 cadet?
1425 2254 1712 2321 Quomodo
1738 2269 1844 2309 non
1873 2256 2074 2326 allego-

499 2348 614 2402 rice
637 2348 869 2418 accipiet
908 2363 1085 2418 neque
1131 2348 1380 2418 virgam,
1435 2363 1614 2417 neque
1660 2347 1849 2402 ﬂorem
1893 2363 1960 2403 ex
2006 2363 2072 2402 ea

498 2440 987 2510 germinaturum?
1049 2440 1316 2495 Ostendat
1374 2439 1649 2510 quomodo
1713 2440 2073 2510 corporaliter

495 2530 647 2602 virga
692 2548 982 2603 egressura
1021 2533 1090 2588 de
1124 2534 1310 2587 radice
1351 2530 1508 2588 Jesse
1551 2531 1790 2594 dicatur,
1826 2539 1880 2585 et
1925 2530 2070 2586 unde

495 2621 604 2679 flos
625 2638 658 2679 e
686 2624 870 2679 radice
900 2625 1020 2692 ejus
1049 2638 1404 2679 ascensurus.
1443 2620 1500 2676 Si
1531 2630 1711 2677 autem
1732 2663 1748 2688 ,
1779 2623 1925 2692 quod
1957 2639 2072 2692 per-

497 2715 713 2770 diﬂicite
740 2723 824 2772 est
843 2756 857 2778 ,
887 2715 955 2770 dc
983 2716 1067 2770 his
1100 2715 1612 2785 interpretationem
1639 2714 1898 2769 exhibere
1927 2714 2070 2767 nita-

497 2818 606 2874 tur,
641 2809 857 2864 attende
890 2824 1072 2862 annon
1104 2807 1329 2877 pulchre
1363 2805 1521 2860 nobis
1548 2813 1602 2859 et
1633 2805 1840 2874 reliqua
1873 2803 2066 2857 Salva-

494 2904 632 2958 toris
680 2903 856 2958 nostri
901 2901 1137 2956 adventu
1178 2899 1394 2969 plenum
1443 2905 1699 2952 eventum
1752 2895 2063 2951 habuerint.

495 2997 628 3062 ριυω
673 3004 728 3051 et
778 3001 1146 3065 congruenter
1191 3006 1315 3045 cum
1361 2989 1647 3061 pmphetia
1697 2988 2059 3053 advenerunt,

497 3086 796 3142 confractis
831 3100 862 3138 a
893 3084 1124 3139 Domino
1153 3081 1392 3136 Sabaoth
1430 3080 1635 3151 prioris
1665 3080 1854 3150 populi
1883 3095 2060 3150 quon-

494 3176 621 3231 dam
653 3165 930 3231 nobilibus
950 3215 964 3238 ,
996 3190 1134 3244 quos
1165 3182 1219 3228 et
1248 3173 1489 3228 elevatos
1533 3170 1676 3224 facta
1719 3172 1774 3225 in
1809 3169 2062 3224 Salvato-

493 3284 610 3324 ηπ]
641 3276 888 3324 nostrum
920 3268 1119 3338 injuria
1139 3307 1154 3330 ,
1187 3266 1545 3322 conterendos
1574 3272 1627 3320 et
1658 3263 2024 3319 bumiliandos
2045 3305 2060 3329 ,

495 3369 550 3415 et
581 3359 913 3429 dejiciendos
944 3375 1065 3414 esse
1099 3360 1450 3427 pra-:nuntiat.
1487 3356 1623 3410 Cum
1676 3354 1782 3410 illis
1811 3365 1863 3410 et
1902 3354 2066 3409 Liba-

497 3469 625 3508 num
670 3453 1050 3523 prolapsnrum
1085 3450 1366 3520 Scriptura
1408 3451 1559 3505 dicit.
1606 3449 1695 3504 Sic
1741 3449 1886 3504 enim
1933 3464 2068 3503 con-

496 3554 749 3602 sueverat
779 3544 1078 3600 Jerusalem
1107 3553 1452 3614 veteremque
1503 3543 1777 3614 quondam
1819 3543 1893 3597 ibi
1933 3543 2068 3596 cele-

494 3631 708 3686 bratum
747 3631 949 3686 cultum
979 3631 1266 3701 allegorice
1295 3631 1614 3697 nominare;
1649 3639 1707 3685 ut
1743 3638 1958 3688 constat
1999 3646 2064 3684 ex

498 3722 590 3776 illo
613 3721 913 3777 Ezechielis
939 3723 1060 3776 loco
1082 3767 1095 3788 ,
1119 3723 1209 3777 ubi
1239 3722 1444 3777 dictum
1473 3732 1557 3778 est
1585 3742 1595 3775 :
1630 3741 1648 3773 ‹
1681 3723 1874 3792 Aquila
1905 3736 2066 3792 gran-

498 3813 604 3879 dis,
635 3829 954 3884 magnarum
986 3816 1196 3869 alarum
1216 3855 1229 3877 ,
1269 3814 1432 3886 longo
1460 3815 1832 3870 membrorum
1861 3813 2059 3878 ductu,

496 3907 656 3977 plena
686 3907 888 3977 plumis
915 3915 968 3962 et
997 3908 1292 3972 varietate,
1326 3923 1445 3978 qua:
1480 3908 1644 3963 habet
1678 3907 2064 3962 auctoritatem

498 3998 836 4069 ingrediendi
866 3999 919 4053 in
950 3999 1216 4054 Libanum
1239 4041 1254 4066 ,
1285 4007 1338 4054 et
1363 3999 1564 4054 evulsit
1591 4007 1781 4054 tenera
1808 3999 1955 4054 cedri
1985 4001 2058 4051 ¹.›

497 4093 564 4148 Ει
600 4095 714 4150 haec
753 4097 869 4166 ipsa
907 4096 1166 4166 deinceps
1217 4097 1517 4167 explanans
1567 4097 1709 4153 idem
1756 4098 2020 4169 propheta
2043 4137 2059 4162 ,

490 4190 680 4251 aperte
726 4181 995 4238 Libanum
1047 4200 1171 4240 esse
1221 4185 1524 4242 Jerusalem
1575 4187 1769 4242 edocet
1821 4188 2060 4244 dicens:

497 4292 520 4326 ι
541 4271 640 4327 Fili
658 4273 896 4330 hominis
915 4317 929 4340 ,
947 4276 1035 4331 dic
1062 4277 1127 4331 ad
1145 4278 1366 4332 domum
1400 4288 1812 4348 exasperantem
1836 4300 1848 4334 :
1874 4279 2065 4336 Nesci-

493 4365 568 4420 tis
609 4366 738 4435 quid
776 4369 882 4423 ista
917 4367 1254 4438 signiﬁcent?
1288 4369 1384 4424 Dic
1406 4411 1420 4433 ,
1450 4370 1585 4425 Cum
1612 4373 1821 4426 venerit
1851 4389 1944 4428 rex
1970 4374 2066 4428 Ba~

489 4457 712 4528 bylonis
736 4459 790 4512 in
819 4457 1155 4526 Jerusalem,
1178 4471 1230 4516 et
1249 4472 1494 4517 assumet
1511 4479 1692 4534 regem
1713 4474 1766 4519 et
1789 4465 2064 4535 principes

488 4550 617 4619 ejus
647 4553 688 4603 ².
716 4571 734 4604 ι
764 4551 1109 4608 Manifestum
1147 4562 1232 4610 est
1270 4556 1440 4625 igitur
1473 4556 1616 4627 quod
1655 4565 1709 4611 et
1747 4556 1864 4627 ipse
1900 4557 2062 4613 Liba-

496 4656 602 4694 nus
632 4649 756 4711 post
771 4643 1113 4698 excelsorum
1131 4645 1386 4714 iniuriam
1411 4648 1609 4703 cecidit
1631 4646 1933 4705 Salvatoris
1955 4665 2056 4704 no-

490 4732 595 4785 stri
627 4732 862 4788 adventu
891 4735 958 4789 de
975 4735 1158 4791 radice
1181 4734 1334 4792 Jesse
1349 4739 1461 4792 nati
1485 4757 1501 4805 ;
1530 4740 1588 4794 in
1630 4755 1738 4810 quo
1780 4743 2049 4811 requievit

495 4821 784 4890 plenitudo
820 4825 1090 4880 donorum
1130 4829 1304 4883 sancti
1355 4827 1621 4900 Spiritus,
1649 4832 1742 4902 qui
1780 4843 1834 4888 et
1863 4848 2061 4890 rursus

491 4913 672 4967 veniet
699 4917 938 4971 secunda
967 4925 1022 4973 et
1051 4921 1313 4989 praeclara
1337 4924 1777 4982 manifestatione
1795 4969 1810 4991 ,
1839 4943 1950 4981 non
1980 4944 2062 4984 se~

482 5003 730 5059 cundum
759 5009 1070 5077 opinionem
1094 5013 1348 5081 judicans
1368 5059 1383 5083 ,
1415 5035 1433 5068 ι
1461 5015 1758 5073 Personam
1785 5020 1931 5074 enim
1959 5020 2060 5075 ho-

489 5094 657 5150 minis
697 5095 841 5154 Deus
880 5115 989 5155 non
1031 5104 1283 5175 accipit’
1315 5127 1334 5158 ι
1367 5125 1384 5175 ;
1416 5124 1592 5180 neque
1630 5111 1931 5167 secundum
1972 5113 2056 5169 lo-

488 5186 707 5254 quelam
747 5189 1084 5260 redarguens
1113 5214 1126 5250 :
1162 5214 1182 5247 ι
1215 5196 1484 5254 Scrutans
1521 5202 1666 5255 enim
1696 5211 1781 5257 est
1810 5218 1970 5259 renes
2003 5210 2061 5258 et

483 5277 686 5341 corda,
726 5287 780 5334 et
815 5283 1132 5353 pertingens
1170 5303 1346 5358 usque
1384 5291 1451 5344 ad
1492 5292 1823 5349 divisionem
1863 5295 2061 5351 anima:

487 5381 552 5422 ac
577 5369 804 5439 spiritus
823 5373 865 5429 ⁸.
900 5393 917 5425 ι
943 5373 1216 5432 Praterea
1244 5395 1368 5434 cum
1395 5383 1508 5450 jam
1537 5381 1679 5438 facta
1708 5393 1791 5440 est
1821 5385 1942 5455 ejus
1973 5386 2060 5440 in-

485 5461 762 5527 carnatio,
793 5478 957 5532 quam
988 5466 1276 5524 verissime
1304 5473 1510 5541 repleta
1539 5483 1624 5530 est
1651 5483 1798 5530 terra
1829 5476 2058 5532 scientia

490 5545 728 5615 Domini,
762 5570 870 5608 non
897 5555 1007 5624 jam
1037 5559 1166 5613 solis
1198 5558 1401 5618 Judaeis
1425 5579 1549 5619 eum
1577 5567 2056 5636 cognoscentibus.

490 5637 535 5691 Τ
540 5656 647 5696 unc
675 5645 839 5700 etiam
869 5649 1166 5717 pleniorem
1207 5663 1462 5710 eventum
1501 5657 1693 5713 habuit
1733 5660 2056 5732 prophetia,

2175 1976 2427 2030 τοσοῦτον
2465 1976 2802 2048 ἡμερότητος
2843 1974 3070 2046 ῆλασαν,
3115 1971 3189 2034 ὼς
3223 1968 3623 2040 συμϐόσκεσθαι
3655 1969 3760 2021 αὺ-

2175 2071 2299 2132 τοὺς
2337 2068 2437 2139 τὴν
2467 2069 2636 2140 αὐτὴν
2669 2067 2922 2131 ἔσθοντας
2960 2065 3068 2118 τῶν
3101 2064 3260 2135 ἱερῶν
3288 2063 3382 2116 τοῦ
3415 2061 3548 2116 Θεοῦ
3578 2062 3758 2130 λόγων

2174 2162 2380 2232 τροφὴν
2415 2164 2529 2224 τοῖς
2568 2158 3045 2231 ἡμερωτάτοις-τὰ
3093 2156 3197 2226 ἥθη
3247 2155 3474 2217 δικαίοις
3525 2153 3758 2225 ἀνδράσι

2170 2242 2264 2307 τοῦ
2295 2251 2449 2317 Θεοῦ,
2483 2251 2574 2316 οὓς
2611 2253 2698 2305 διὰ
2729 2253 2827 2322 τὴν
2851 2251 3054 2304 τοιανδὶ
3078 2251 3176 2320 τῆς
3198 2248 3373 2319 ψυχῆς
3399 2247 3633 2300 ἀκακίαν
3667 2265 3756 2301 τι-

2173 2347 2394 2410 θασσοῖς
2430 2347 2522 2400 καὶ
2563 2347 2936 2418 ἡμερωτάτοις
2970 2342 3148 2408 ζώοις,
3178 2345 3288 2406 τοῖς
3319 2359 3378 2395 τε
3401 2344 3760 2413 ἀναγεγραμ-

2175 2439 2356 2508 μένοις
2388 2437 2625 2492 ἐνταῦθα
2655 2438 2888 2502 παιδίοις
2922 2440 2950 2490 6
2984 2437 3125 2500 θεῖος
3164 2435 3429 2490 ἀπείκασε
3462 2434 3638 2503 λόγος.
3687 2435 3758 2488 ΕΞ

2169 2532 2225 2585 δὲ
2254 2531 2394 2602 πρὸς
2425 2531 2598 2585 ταῦτά
2630 2549 2714 2594 τις
2746 2529 3050 2594 δυσπειθῶς
3077 2529 3209 2600 ἔχοι,
3241 2529 3446 2598 λεγέτω
3473 2528 3522 2580 εί
3553 2521 3664 2580 οἶόν
3691 2544 3758 2580 τε

2169 2623 2343 2686 ἄλλως
2384 2621 2526 2675 κατά
2559 2622 2657 2693 τὴν
2696 2623 2988 2694 πρόχειρον
3020 2622 3257 2676 διάνοιαν
3298 2621 3489 2686 σώζειν
3534 2621 3631 2692 τὴν
3667 2621 3758 2674 λέ-

2169 2713 2269 2779 ξιν·
2293 2714 2379 2766 διὰ
2409 2715 2460 2767 τί
2485 2713 2593 2784 γὰρ
2621 2713 2653 2784 ἦ
2685 2715 2778 2767 καὶ
2805 2715 2922 2776 πῶς
2954 2716 2983 2766 6
3005 2714 3232 2777 Λίϐανος
3267 2713 3362 2766 σὺν
3390 2715 3501 2776 τοῖς
3525 2711 3756 2783 ὑψηλοῖς

2169 2807 2450 2870 πεσεῖται;
2495 2803 2587 2874 Μὴ
2631 2803 3030 2875 τροπολογείτω
3087 2804 3144 2856 δὲ
3192 2805 3329 2874 μήτε
3380 2803 3477 2872 τὴν
3529 2801 3751 2871 ῥάϐδον,

2171 2896 2302 2968 μηδὲ
2330 2895 2390 2948 τὸ
2423 2898 2488 2948 ὲκ
2516 2897 2719 2964 ταύτης
2751 2895 2928 2958 ἄνθοςο
2959 2894 3093 2948 ἀλλά
3120 2894 3379 2948 δεικνύτω
3417 2894 3533 2957 πῶς
3563 2911 3753 2963 σωμα-

2165 2989 2291 3060 τικὴ
2325 2987 2521 3057 ῥάϐδος
2547 2985 2926 3052 ἐξελεύσεσθαι
2955 2987 3018 3039 ἐκ
3042 2987 3139 3056 τῆς
3167 2986 3320 3057 ῥίζης
3367 2984 3567 3038 Ἰεσσαὶ
3595 2984 3756 3054 λέγε-

2165 3099 2276 3146 ται,
2314 3081 2408 3134 καὶ
2439 3082 2682 3134 ποταπὸν
2717 3080 2876 3144 ἄνθος
2902 3079 3268 3151 ἀναϐήσεσθαι
3294 3078 3353 3143 ἐξ
3377 3080 3563 3150 αὐτῆς.
3596 3080 3660 3133 Εἰ
3692 3081 3753 3134 δὲ

2165 3174 2259 3226 καὶ
2297 3172 2385 3226 τὸν
2429 3172 2569 3225 πάνυ
2617 3171 2850 3243 σκληρὸν
2898 3169 3072 3225 ταῦτα
3113 3173 3204 3224 ἐπὶ
3248 3171 3486 3224 διάνοιαν
3541 3171 3755 3225 ἀνιέναι

2170 3265 2437 3335 βιάζεται,
2461 3266 2562 3338 ὅρα
2594 3266 2641 3318 εί
2671 3265 2743 3336 μὴ
2779 3264 2958 3328 καλῶς
2982 3265 3114 3336 ἡμῖν
3146 3266 3239 3319 καὶ
3267 3265 3337 3318 τὰ
3366 3265 3532 3318 λοιπά
3563 3267 3656 3320 ἐπὶ
3681 3271 3751 3339 τῇ

2165 3356 2258 3409 τοῦ
2287 3358 2537 3429 Σωτῆρος
2563 3357 2719 3428 ἡμῶν
2745 3358 3016 3428 παρουσίᾳ
3047 3356 3185 3411 κατὰ
3212 3359 3447 3413 διάνοιαν
3480 3361 3752 3431 παρίστα-

2165 3468 2256 3505 ται
2297 3450 2738 3522 πεπληρωμένα’
2767 3450 2810 3515 ,ἃ
2849 3453 2944 3505 καὶ
2979 3451 3284 3515 ἀκολούθως
3329 3456 3392 3523 τῇ
3442 3455 3754 3525 προφητείᾳ

2165 3544 2357 3613 γέγονε
2415 3544 2552 3613 μετά
2600 3543 2660 3596 τὸ
2712 3543 3041 3616 συνταράξαι
3089 3544 3292 3615 Κύριον
3348 3544 3573 3599 Σαϐαὼθ
3623 3548 3756 3610 τοὺς

2166 3636 2333 3690 πάλαι
2362 3635 2606 3701 ἐνδόξους
2634 3635 2728 3688 τοῦ
2761 3636 3028 3707 προτέρου
3067 3636 3218 3689 λαοῦ·
3255 3636 3346 3701 οὒς
3379 3639 3476 3692 καὶ
3509 3638 3756 3708 ύύ-ωθέν-

2164 3744 2264 3791 τας
2301 3730 2366 3798 τῇ
2400 3727 2541 3780 κατά
2579 3725 2672 3779 τοῦ
2714 3727 2966 3798 Σωτῆρος
3012 3726 3168 3797 ἡμῶν
3203 3726 3357 3799 ῦϐρει
3398 3728 3756 3800 συντριϐήσεο

2167 3814 2290 3869 σθαι
2316 3816 2411 3869 καὶ¹
2430 3814 2959 3887 ταπεινωθήσεσθαι,
2978 3817 3072 3870 καὶ
3086 3818 3366 3871 πεσεῖσθαι
3392 3819 3749 3891 προφητεύει⁹

2168 3911 2264 3963 σὺν
2310 3910 2493 3973 αὐτοῖς
2538 3909 2594 3962 δὲ
2640 3911 2735 3963 καὶ
2777 3909 2866 3963 τὸν
2916 3909 3146 3964 Λίϐανον
3197 3912 3478 3965 πεσεῖσθαι
3517 3916 3544 3966 ὁ
3590 3913 3753 3982 λόγος

2167 4001 2348 4072 φησίν·
2379 4001 2520 4054 οὕτω
2547 4001 2604 4054 δὲ
2633 4000 2752 4065 ἔθος
2791 4000 2938 4071 αύτῷ
2972 4003 3073 4073 τὴν
3122 4003 3478 4075 Ἰερουσαλὴμ
3516 4007 3610 4058 καὶ
3647 4007 3756 4078 τὴν

2166 4094 2336 4148 πάλαι
2386 4095 2648 4166 πρότερον
2698 4095 2756 4147 ὲν
2805 4095 2941 4166 αὐτῇ
2997 4096 3325 4165 σωματικῶς
3379 4098 3750 4170 ἀποτελουμέ-

2164 4207 2263 4258 νην
2313 4188 2568 4259 λατρείαν
2616 4186 2935 4258 ὀνομάζεινο
2979 4189 3054 4251 ὼς
3102 4189 3256 4260 δῆλόν
3304 4191 3452 4243 ἐστιν
3498 4192 3605 4244 ἀπὸ
3647 4193 3750 4245 τοῦ

2165 4279 2450 4353 Ἰεζεκιὴλ,
2499 4280 2628 4335 ἔνθα
2681 4280 2870 4334 τοῦτον
2923 4281 3336 4352 ἀναγέγραπται
3384 4285 3474 4338 τὸν
3523 4284 3746 4356 τρόπον·

2171 4393 2189 4424 ι
2243 4375 2300 4428 '0
2345 4374 2500 4438 ἀετὸς
2541 4376 2569 4428 6
2619 4375 2793 4445 μέγας
2835 4377 2863 4428 6
2911 4375 3406 4446 μεγαλοπτέρυγος,
3453 4378 3482 4428 ὁ
3534 4379 3748 4449 μακρὸς

2162 4467 2228 4536 τῇ
2283 4465 2529 4530 ἐκτάσει,
2589 4465 2804 4538 πλήρης
2858 4466 3086 4536 ὀνύχων,
3140 4467 3198 4530 ὃς
3256 4466 3367 4537 ἔχει
3431 4468 3491 4521 τὸ
3552 4471 3749 4540 ἥγημα

2164 4557 2424 4612 εἰσελθεῖν
2471 4560 2551 4622 εἰς
2593 4558 2684 4610 τὸν
2730 4560 2982 4624 Λίϐανον,
3033 4560 3126 4613 καὶ
3171 4560 3328 4614 ἔλαϐε
3372 4564 3440 4616 τὰ
3486 4563 3748 4618 ὲπίλεκτα

2165 4649 2267 4720 τῆς
2288 4650 2502 4721 κέδρου.
2527 4668 2545 4702 ι
2580 4649 2848 4704 Ἐπιλύων
2879 4651 3010 4721 γοῦν
3042 4653 3141 4724 τὴν
3179 4653 3494 4726 παραϐολὴν
3522 4655 3684 4718 αὐτὸς
3718 4658 3749 4710 6

2170 4741 2504 4812 προφητικὺς
2546 4742 2703 4810 λόγος
2735 4744 2922 4814 σαφῶς
2952 4745 3042 4798 τὸν
3075 4745 3306 4800 Λίϐανον
3343 4747 3440 4817 τὴν
3479 4749 3750 4819 Ἰερουσαο

2167 4833 2280 4905 λὴμ
2303 4834 2564 4900 διδάσκει,
2598 4835 2772 4905 λέγων
2791 4853 2804 4866 °
2833 4857 2852 4889 ι
2879 4838 2978 4891 Υἱὲ
3003 4837 3312 4909 ἀνθρώπου,
3335 4841 3489 4894 εἰπὸν
3517 4841 3579 4913 δὴ
3605 4843 3745 4914 πρὸς

2166 4925 2259 4979 τὸν
2294 4922 2442 4980 οἷκον
2494 4928 2587 4981 τὸν
2635 4929 3173 5000 παραπικραίνοντω
3205 4932 3317 4983 Ούκ
3363 4932 3655 4986 ἐπίστασθε
3687 4934 3745 4987 τί

2164 5014 2232 5090 ἦν
2260 5019 2467 5085 ταῦτα;
2515 5020 2704 5086 εἰπὸν,
2746 5023 2912 5074 Ὅταν
2955 5020 3083 5092 ἔλθῃ
3135 5021 3384 5092 βασιλεὺς
3425 5024 3746 5089 Βαϐυλῶνος

2165 5111 2260 5164 ἐπὶ
2289 5111 2663 5185 Ἰερουσαλὴμ,
2690 5113 2784 5166 καὶ
2814 5113 3042 5184 λήψεται
3074 5115 3166 5168 τὸν
3197 5114 3418 5186 βασιλέα
3451 5118 3620 5188 αὐτῆς
3647 5120 3747 5171 κα)⁵

2164 5205 2291 5266 τοὺς
2315 5203 2578 5274 ἄρχοντας
2609 5204 2802 5273 αὐτῆς.
2834 5223 2852 5254 ι
2881 5204 3152 5276 Πρόδηλον
3182 5203 3275 5259 οὖν
3299 5207 3446 5270 ὅπως
3471 5207 3566 5260 καὶ
3585 5200 3746 5271 οὗτος

2163 5297 2192 5350 ὁ
2226 5297 2457 5360 Λίϐανος
2481 5298 2620 5369 μετὰ
2643 5296 2753 5351 τῶν
2785 5297 3004 5368 ὑψηλῶν
3036 5302 3100 5370 τῇ
3133 5298 3289 5371 ῦϐρει
3319 5301 3746 5372 περιπέπτωκεν

2163 5390 2257 5442 ἐπὶ
2292 5391 2358 5460 τῇ
2413 5388 2687 5460 παρουσίᾳ
2729 5389 2822 5443 τοῦ
2879 5391 2945 5442 ὲκ
3005 5388 3160 5460 ῥίζης
3201 5391 3398 5444 Ἰεσσαὶ
3445 5390 3746 5462 γενομένου

2169 5480 2422 5552 Σωτῆρος
2452 5480 2635 5552 ἡμῶν·
2671 5483 2757 5550 ἐφ’
2785 5480 2846 5536 ὃν
2873 5483 2966 5535 καὶ
3007 5483 3350 5538 ἀνεπαύσατο
3377 5485 3410 5553 ἡ
3465 5483 3742 5554 τελειότης

2166 5571 2272 5624 τῶν
2316 5572 2412 5626 τοῦ
2441 5573 2598 5640 ἁγίου
2641 5573 2960 5642 Πνεύματος
2995 5573 3371 5646 χαρισμάτων,
3411 5575 3470 5638 ὃς
3503 5577 3594 5629 καὶ
3624 5576 3742 5628 εἰσ-

2166 5661 2324 5726 αῦθις
2351 5663 2628 5718 ἐλεύσεται
2651 5665 2790 5718 κατὰ
2817 5665 2916 5736 τὴν
2937 5667 3194 5738 δευτέραν
3222 5668 3314 5721 καὶ
3336 5667 3545 5735 ἔνδοξον
3569 5665 3746 5724 αὐτοῦ

559 5820 574 5836 ⁸
606 5816 803 5878 Ezech.
832 5840 966 5890 xvn,
993 5827 1046 5882 3.
1122 5832 1141 5860 ²
1166 5831 1302 5886 ibid.
1338 5832 1421 5886 12.
1502 5835 1522 5865 ³
1554 5835 1670 5889 Gal.
1701 5852 1758 5902 ll,
1782 5837 1833 5891 6.
1916 5837 1932 5867 ⁵
1956 5836 2067 5907 Λρο

2175 5854 2213 5903 ι,
2245 5839 2346 5906 9.3;
2383 5839 2544 5896 Hebr.
2584 5857 2657 5908 tv,
2697 5842 2776 5895 1‘2.
