4100 6406
390 393 528 447 1215

1480 393 1769 450 ΕΕΙΑΟΟᾸΕ
1803 396 2284 452 PROPHETICA‘I.
2319 396 2448 452 LIB.
2487 397 2577 453 IV.

3490 399 3625 454 12H

385 515 703 587 παρουσίαν,
733 517 794 568 ού
829 513 971 568 κατά
1011 515 1111 584 τὴν
1150 515 1311 580 δόξαν
1340 515 1653 587 κρινοῦντος
1675 536 1686 547 ·
1731 537 1749 568 ‹
1777 519 1949 590 Πρόσ-

2057 533 2179 572 cum
2215 517 2550 586 plenitudine
2583 517 2824 587 gentium
2856 515 3199 586 ingrediente
3236 527 3360 567 cum
3400 511 3625 582 reliquis

383 625 532 661 ωπον
565 607 672 676 γάρ
716 607 1001 680 ἀνθρώπου
1036 607 1167 670 Θεὸς
1193 609 1254 660 οὐ
1301 607 1569 679 λαμϐάνει
1590 627 1606 642 ο
1633 630 1652 662 ι
1681 609 1794 662 ἀλλ’
1835 612 1954 664 οὐδέ

384 699 524 752 κατά
546 698 643 768 τὴν
666 698 854 751 λαλιὰν
884 699 1120 768 ἐλέγχων
1137 717 1148 729 ·
1164 718 1180 749 ι
1205 698 1441 763 Ἑτάζων
1470 701 1578 772 γάρ
1601 701 1714 753 ἐστι
1731 701 1956 772 καρδίας

385 793 480 844 καὶ
507 793 758 863 νεφροὺς,
797 793 888 844 καὶ
921 789 1288 861 διικνούμενος
1318 791 1444 860 ἄχρι
1479 789 1744 862 μερισμοῦ
1777 792 1956 861 ψυχῆς

388 884 480 935 καὶ
507 882 838 953 πνεύματος.
865 902 882 933 ›
927 881 1037 934 Καὶ
1064 882 1154 933 ἐπὶ
1179 884 1245 952 τῇ
1292 882 1560 955 γενομένῃ
1601 883 1699 952 μὲν
1730 879 1821 936 οὖν
1852 885 1954 937 αύ-

384 973 478 1027 τοῢ
509 974 610 1045 ἢδη
637 975 899 1045 πρότερον
927 974 1200 1044 παρουσίᾳ
1236 973 1539 1044 ἐνεπλήσθη
1571 973 1648 1036 ὡς
1672 973 1886 1044 ἀληθῶς
1919 976 1953 1047 ἡ

395 1064 456 1134 γῆ
486 1062 579 1116 τοῦ
613 1062 811 1131 γνῶναι
837 1063 926 1115 τὸν
956 1062 1179 1133 Κύριον,
1219 1063 1446 1133 μηδενὸς
1498 1063 1558 1115 τὸ
1600 1064 1730 1134 πρὶν
1763 1065 1844 1117 ὅτι
1879 1064 1954 1136 μὴ

386 1155 564 1226 μόνων
598 1154 705 1208 τῶν
736 1155 800 1207 ἐκ
847 1155 1150 1225 περιτομῆς
1182 1155 1560 1222 γινωσκόντων
1585 1156 1777 1210 αὐτόν·
1830 1157 1953 1210 τότε

381 1246 440 1300 δὲ
474 1249 568 1299 καὶ
599 1247 797 1316 μᾶλλον
826 1249 904 1309 είς
936 1245 1110 1316 πέρας
1132 1246 1429 1318 ἀχθήσεται
1449 1249 1482 1317 ή
1518 1247 1841 1317 προφητεία,
1865 1248 1952 1300 ὅτε

381 1336 474 1389 τοῦ
529 1336 891 1408 πληρώματος
946 1337 1054 1388 τῶν
1109 1336 1277 1389 ἐθνῶν
1324 1336 1654 1400 εἰσελθόντος
1694 1339 1790 1390 σὺν
1839 1339 1953 1400 τοῖς

381 1429 583 1493 λοιποῖς
604 1429 779 1482 ἔθνεσι
811 1431 904 1482 καὶ
941 1434 970 1484 ὁ
1003 1433 1110 1494 πᾶς
1157 1429 1370 1500 Ἰσραὴλ
1404 1427 1726 1500 σωθήσεται,
1761 1431 1788 1480 ὁ
1821 1430 1954 1498 Χρι-

381 1523 507 1584 στὸς
535 1523 592 1574 δέ
631 1525 693 1574 ἐκ
737 1523 945 1594 νεκρῶν
987 1522 1224 1586 ἀναστὰς
1257 1523 1445 1593 ἀρχειν
1485 1521 1654 1574 ἐθνῶν
1711 1522 1814 1574 ὑπὸ
1857 1519 1950 1573 τοῦ

379 1612 516 1666 Θεοῦ
569 1614 907 1682 κατεστάθη,
947 1615 1085 1668 κατά
1113 1615 1202 1677 τὸ,
1250 1633 1267 1665 ι
1293 1613 1401 1674 Καὶ
1441 1613 1591 1664 ἔσται
1621 1615 1654 1682 ἡ
1691 1611 1814 1684 ῥίζα
1856 1611 1950 1664 τοῦ

395 1706 590 1758 Ἰεσσαὶ
619 1706 712 1757 καὶ
747 1709 774 1758 ὁ
796 1706 856 1769 (Γ.
883 1706 970 1776 49)
1001 1707 1357 1776 ἀνιστάμενος
1406 1704 1592 1776 ἄρχειν
1632 1704 1799 1757 ἐθνῶν
1824 1743 1838 1768 ,
1865 1703 1950 1756 ἐπ’

379 1796 526 1866 αὐτῷ
565 1797 690 1867 ἔθνη
741 1798 1038 1851 ἐλπιοῦσιν.
1065 1820 1082 1849 ι
1116 1799 1255 1868 Ὅρα
1314 1798 1478 1865 γοῦν,
1523 1798 1598 1860 ὡς
1649 1797 1755 1850 οὐδ’
1817 1797 1954 1859 ὅλως

2061 611 2314 681 gentibus
2336 617 2390 664 et
2409 609 2588 664 omnis
2611 606 2778 663 lsrael
2803 607 3124 669 salvabitur,
3145 604 3399 659 Christus
3425 617 3456 655 a
3477 617 3627 656 mor-

2062 705 2169 758 tuis
2200 719 2492 772 resurgens
2523 701 2792 771 imperare
2824 699 3080 770 gentibus
3104 713 3134 750 a
3158 697 3268 751 Deo
3294 695 3626 750 constitutus

2059 803 2164 857 est,
2190 795 2346 861 juxta
2376 792 2509 846 illud
2545 811 2557 845 :
2586 810 2603 842 ε
2629 790 2694 845 Ει
2718 791 2823 845 erit
2854 790 3002 844 radix
3034 789 3186 844 Jesse
3206 831 3220 854 ,
3253 797 3306 843 et
3330 787 3422 856 qui
3451 787 3626 857 surgit

2062 893 2120 936 ut
2145 885 2376 952 imperet
2408 882 2659 953 gentibus
2685 900 2699 946 ;
2735 882 2791 935 in
2825 897 2889 935 eo
2915 891 3104 950 gentes
3133 880 3447 949 sperabunt.
3479 897 3499 930 ι
3527 879 3626 931 At-

2061 974 2222 1028 tende
2260 974 2426 1040 igitur
2467 974 2740 1044 quomodo
2782 987 2890 1025 non
2931 973 3020 1026 hic
3057 971 3254 1034 Israel,
3295 978 3388 1024 aut
3423 968 3622 1034 Jacob,

2061 1073 2156 1120 aut
2189 1065 2358 1120 Judas
2388 1066 2762 1131 nominentur,
2795 1065 2891 1120 sed
2929 1072 3115 1134 aperte
3154 1070 3373 1134 gentes,
3405 1063 3458 1116 in
3497 1077 3620 1116 eum

2061 1156 2156 1225 qui
2190 1164 2377 1226 surget
2428 1156 2495 1210 de
2539 1156 2723 1209 radice
2770 1153 2952 1220 Jessc,
3007 1161 3303 1224 speratum
3349 1153 3625 1223 propheti-

2060 1256 2279 1310 zantu-r,
2314 1255 2653 1303 consonante
2685 1245 2787 1298 hoc
2815 1247 2933 1299 loco
2963 1261 3086 1300 cum
3121 1247 3187 1300 iis
3214 1248 3351 1315 apud
3386 1243 3624 1316 Moysem

2060 1340 2372 1394 dicentibus
2398 1359 2410 1394 :
2442 1358 2460 1391 ι
2494 1339 2612 1395 Non
2652 1340 2928 1395 auferetur
2962 1346 3236 1408 sceptrum
3266 1338 3332 1393 de
3362 1336 3499 1391 Juda
3520 1376 3534 1401 ,
3567 1344 3623 1390 et

2059 1431 2173 1485 dux
2213 1430 2280 1486 de
2317 1431 2521 1487 femore
2559 1432 2714 1502 ejus,
2756 1432 2930 1486 donec
2969 1431 3150 1484 veniat
3187 1431 3279 1499 qui
3325 1428 3622 1484 mittendus

2059 1532 2142 1578 est
2163 1561 2176 1587 ,
2216 1531 2270 1576 et
2301 1523 2416 1592 ipse
2447 1524 2551 1578 erit
2581 1526 2918 1594 exspectatio
2950 1524 3187 1594 gentium
3221 1523 3235 1552 ι
3259 1562 3273 1587 ,
3309 1541 3327 1573 ι
3352 1537 3460 1575 non
3491 1534 3623 1575 vero

2060 1611 2249 1667 Israel.
2290 1613 2593 1682 Cujusnam
2631 1628 2760 1668 vero
2799 1615 2942 1668 alius
2978 1614 3082 1667 erit
3120 1613 3331 1681 requies
3369 1611 3424 1664 in
3471 1611 3622 1666 altis-

2061 1708 2216 1762 simis
2255 1706 2402 1777 apud
2444 1705 2612 1761 Deum
2643 1706 2950 1770 honorata,
2986 1706 3094 1760 nisi
3126 1706 3270 1758 illius
3298 1704 3385 1772 qui
3415 1714 3623 1773 patrem

2061 1801 2272 1854 audivit
2294 1800 2563 1854 dicentem
2585 1799 2688 1854 sibi
2715 1819 2727 1852 :
2759 1817 2776 1850 ι
2811 1797 2950 1853 Sede
2973 1813 3003 1850 a
3033 1797 3239 1853 dextris
3266 1797 3435 1856 meis,
3453 1797 3623 1850 donec

377 1890 612 1943 ἐνταῦθα
646 1890 880 1960 Ἰσραὴλ,
925 1891 957 1961 ἢ
999 1889 1213 1954 Ἰακὼϐ,
1257 1890 1290 1959 ἥ
1353 1888 1548 1952 Ἰούδας
1597 1887 1949 1959 ὀνομάζεται,

2061 1907 2256 1961 ponam
2277 1891 2532 1944 inimicos
2554 1898 2678 1944 tuos
2717 1889 3010 1944 scabellum
3039 1887 3235 1956 pedum
3267 1895 3484 1940 tuorum
3510 1885 3569 1937 ’τ
3598 1902 3619 1936 ι

378 1984 563 2051 σαφῶς
600 1983 656 2035 δὲ
688 1983 757 2035 τά
806 1983 930 2054 ἔθνη
961 1985 1051 2034 ἐπὶ
1079 1984 1169 2035 τὸν
1212 1984 1276 2034 ἐκ
1311 1980 1466 2053 ῥίζης
1499 1982 1931 2053 ἀναστησόμενοι)
1963 1984 2161 2037 Ἰεσσαὶ
2199 1984 2404 2037 ὲλπιεῖν
2444 1980 2864 2054 προφητεύεται,
2903 1977 3227 2049 συνᾳδούσης
3261 1978 3360 2048 τῆς
3395 1973 3626 2031 ἐνταῦθα

375 2071 570 2138 λέξεως
596 2077 660 2144 τῇ
712 2073 861 2144 παρὰ
910 2075 1132 2126 Μωῡσεῖ
1179 2073 1479 2145 φασκούσῃ,
1511 2073 1662 2126 «Οὐκ
1696 2074 1933 2144 ἐκλείψει
1974 2075 2156 2146 ἄρχων
2190 2074 2249 2141 ἐξ
2291 2073 2482 2138 Ἰούδα,
2520 2075 2640 2127 οὐδὲ
2679 2070 2974 2144 ἡγούμενος
3025 2072 3090 2122 ἐκ
3134 2070 3241 2122 τῶν
3286 2067 3475 2139 μηρῶν
3526 2067 3625 2120 αὒ-

373 2164 490 2227 τοῦ,
529 2165 633 2228 ἐως
662 2165 726 2218 ἂν
764 2165 890 2237 ἔλθη
931 2159 974 2233 ᾧ
1021 2167 1343 2219 ἀπόκειται’
1380 2167 1474 2220 καὶ
1517 2166 1680 2231 αὐτὸς
1729 2169 2046 2240 προσδοκία,
2075 2190 2093 2222 ι
2125 2171 2244 2240 οὐχ).
2272 2168 2366 2223 τοῦ
2419 2168 2654 2240 Ἰσραὴλ,
2693 2165 2828 2221 ἀλλά
2871 2187 2888 2218 ι
2917 2164 3023 2218 τῶν
3061 2165 3246 2218 ἐθνῶν.
3278 2183 3295 2214 ι
3330 2164 3440 2216 Καὶ
3481 2161 3624 2225 τίνος

374 2257 432 2309 δέ
483 2255 644 2310 ἄλλου
702 2259 734 2327 ή
786 2259 1093 2321 ἀνάπαυσις
1140 2259 1197 2309 ἐν
1247 2260 1313 2328 τῇ
1384 2258 1644 2312 ἀνωτάτω
1698 2260 1852 2330 παρὰ
1897 2245 2014 2331 Θεῷ
2052 2262 2343 2331 γεγένηται
2393 2260 2615 2332 τιμῇ,ἢ
2671 2257 2766 2311 τοῦ
2807 2257 3139 2319 ἀκούσαντος
3183 2255 3429 2324 λέγοντος
3475 2253 3624 2324 αὑτῷ

374 2349 467 2402 τοῦ
498 2350 709 2421 Πατρός
728 2368 740 2380 ο
773 2369 792 2402 ι
815 2352 999 2405 Κάθου
1027 2355 1091 2405 ἐκ
1110 2352 1296 2419 δεξιῶν
1325 2371 1447 2422 μου,
1482 2352 1586 2416 ἕως
1622 2353 1688 2408 ἂν
1718 2353 1795 2406 θῶ
1821 2354 1947 2419 τοὺς
1987 2355 2214 2427 ἐχθρούς
2249 2372 2343 2408 σου
2379 2355 2668 2408 ὑποπόδιον
2698 2351 2809 2406 τῶν
2845 2351 3022 2404 ποδῶν
3058 2367 3172 2404 σου.
3217 2369 3234 2400 ι

903 2468 1299 2521 ΚΕΦΑΛΑῘΟΝ
1345 2466 1421 2521 Θ’.

449 2571 468 2604 r
496 2555 605 2607 Καὶ
641 2553 1060 2625 διορθωθήσεται
1097 2557 1211 2626 μετ’
1243 2556 1427 2619 ἐλέους
1459 2557 1663 2628 θρόνος,
1695 2558 1790 2610 καὶ
1817 2559 1956 2612 καθ-

376 2649 532 2700 ιεῖται
592 2649 707 2716 μετ’
759 2647 883 2718 (sic)
950 2647 1115 2700 αὐτοῦ
1169 2649 1307 2719 μετά
1357 2650 1616 2721 ἀληθείας
1675 2654 1732 2705 ἐν
1781 2655 1953 2724 σκηνῇ

2677 2465 2908 2523 CAPUT
2947 2463 3040 2517 IX.

2136 2579 2154 2611 ι
2186 2559 2252 2614 Et
2282 2559 2674 2630 praeparabitur
2701 2558 2756 2611 in
2781 2553 3159 2611 misericordia
3188 2552 3384 2607 solium
3403 2589 3418 2614 ,
3445 2557 3498 2605 et
3528 2565 3620 2606 se-

2057 2653 2205 2708 debit
2229 2669 2394 2723 super
2419 2651 2552 2706 illud
2584 2651 2637 2704 in
2665 2651 2892 2704 veritate
2912 2688 2927 2711 ,
2954 2649 3011 2700 in
3039 2645 3392 2700 tabernaculo
3416 2641 3582 2697 David
3602 2685 3617 2708 ,

374 2737 555 2802 Δαυῖδ,
593 2739 794 2809 κρίνων
827 2741 920 2793 καὶ
969 2739 1213 2809 ἐκζητῶν
1245 2744 1439 2812 κρῖμα,
1472 2743 1565 2793 καὶ
1594 2742 1837 2796 σπεύδων
1880 2743 1949 2796 δι-

2052 2744 2310 2816 judicans
2339 2751 2391 2797 et
2422 2757 2671 2813 quaarens
2703 2740 2991 2809 judicium,
3023 2746 3075 2791 et
3107 2737 3367 2789 velociter
3387 2733 3622 2788 reddens

376 2829 690 2900 καιοσύνην.
725 2849 742 2880 ι
777 2830 910 2900 Περὶ
939 2830 1037 2901 τῆς
1065 2830 1322 2901 δευτέρας
1353 2831 1446 2883 τοῦ
1481 2833 1714 2903 Χριστοῦ
1749 2850 1953 2904 παρου-

373 2921 497 2984 σίας
532 2921 627 2975 καὶ
661 2921 832 2975 ταῦτα
880 2923 1300 2994 προφητεύεται,
1351 2925 1588 2994 ὁπηνίκα
1617 2924 1712 2976 τοῦ
1762 2925 1896 2978 Θεοῦ
1923 2928 1952 2979 ὁ

375 3012 567 3079 Λόγος,
595 3011 982 3083 διορθωθείσης
1034 3012 1182 3083 αὑτῷ
1221 3016 1337 3084 μετ’
1382 3014 1563 3079 ἐλέους
1610 3017 1706 3067 καὶ
1761 3017 1950 3085 φιλαν-

374 3103 621 3173 θρωπίας
665 3106 763 3174 τῆς
796 3103 937 3156 κατὰ
977 3104 1193 3158 πάντων
1242 3105 1550 3175 βασιλείας,
1589 3108 1686 3161 σὺν
1725 3107 1951 3180 ἀληθείᾳ

2059 2836 2204 2908 quod
2232 2837 2444 2906 justum
2472 2842 2556 2889 est
2585 2835 2628 2890 ³.
2659 2853 2678 2885 ›
2705 2831 2780 2886 De
2810 2830 3047 2886 secunda
3068 2827 3277 2883 Christi
3305 2826 3622 2881 manifesta-

2058 2929 2211 2982 tione
2238 2926 2354 2980 haec
2381 2941 2598 2996 quoque
2626 2924 3094 2995 pr0pbetizantur,
3125 2921 3342 2992 quando
3373 2919 3464 2972 Dei
3486 2916 3625 2974 Ver-

2057 3019 2188 3073 bum
2210 3057 2226 3082 ,
2267 3026 2574 3088 praeparato
2613 3017 2662 3071 ei
2701 3015 2761 3069 in
2798 3014 3172 3069 misericordia
3207 3019 3260 3067 et
3289 3011 3622 3080 benignitate

2056 3114 2302 3167 omnium
2332 3111 2641 3182 principatu
2664 3151 2680 3176 ,
2715 3124 2837 3164 cum
2865 3107 3094 3162 veritate
3118 3105 3372 3175 judicans
3413 3102 3623 3159 sedebit

372 3194 572 3264 κρίνων
613 3193 1005 3266 καθεσθήσεται
1052 3197 1108 3248 ἐν
1143 3199 1316 3267 σκηνῇ
1350 3197 1540 3249 Δαυῖδ·
1579 3197 1720 3252 οὕτω
1766 3199 1823 3252 δὲ
1856 3201 1949 3272 τὴν

2056 3205 2113 3258 in
2145 3205 2500 3260 tabernaculo
2529 3202 2718 3257 David.
2760 3200 2850 3256 Sic
2883 3209 3064 3256 autem
3098 3207 3411 3256 sanctorum
3442 3205 3495 3252 et
3524 3211 3627 3250 an-

371 3287 481 3339 τῶν
511 3287 681 3354 ἁγίων
709 3289 803 3340 καὶ
835 3289 1192 3359 πρωτοτόκων
1224 3289 1331 3342 τῶν
1356 3290 1862 3362 ἀπογεγραμμένων
1892 3294 1950 3346 ἐν

373 3379 622 3449 οὐρανοῖς
671 3379 1016 3448 Ἐκκλησίαν,
1049 3382 1141 3432 καὶ
1175 3382 1384 3444 πάντας
1408 3383 1648 3454 ἠγοῦμαι
1696 3385 1822 3446 τοὺς
1847 3384 1952 3438 ὑπὸ

367 3467 468 3538 τὴν
503 3466 694 3537 μερίδα
724 3465 818 3518 τοῦ
852 3465 1010 3533 λόγου
1037 3466 1132 3518 τοῦ
1161 3466 1294 3520 Θεοῦ
1328 3469 1744 3540 γεγενημένους,
1765 3469 1951 3537 ἁγίους

371 3557 754 3632 χρηματίζειν.

921 3669 1317 3723 ΚΕΦΑΛΑΙΟΝ
1353 3671 1388 3722 [’

449 3779 466 3810 ι
509 3760 639 3830 Ἰδοὺ
676 3761 881 3832 Κύριος
914 3761 1275 3832 κάθηται-ἐπὶ
1316 3762 1544 3832 νεφέλης
1577 3762 1819 3832 κούφης,
1855 3763 1948 3816 καὶ

367 3852 487 3922 ἣξει
520 3855 601 3916 είς
652 3853 948 3922 Αἴγυπτον,
981 3855 1074 3906 καὶ
1123 3853 1467 3924 σεισθήσεται
1498 3853 1565 3906 τά
1599 3853 1948 3924 χειροποίητα

367 3943 646 4011 Αἰγύπτου
673 3945 782 3997 ἀπὸ
811 3944 1103 4016 προσώπου
1135 3946 1323 4009 αὑτοῦ,
1361 3945 1454 3998 καὶ
1483 3947 1515 4014 ή
1551 3944 1745 4016 καρδία
1771 3944 1948 3998 αὐτῶν

365 4032 735 4105 ήττηθήσεται
769 4037 827 4086 ἐν
853 4037 1056 4098 αὐτοῖς.
1091 4055 1109 4087 ι
1138 4035 1271 4106 Περὶ
1300 4034 1396 4106 τὴς
1431 4036 1694 4106 ἀγενήτου
1722 4034 1815 4088 τοῦ
1839 4034 1948 4087 τῶν

365 4125 504 4178 ὅλων
529 4123 664 4178 Θεοῦ
697 4127 910 4194 φύσεως
944 4126 1306 4197 ἐκλαμϐάνειν
1349 4127 1419 4179 τά
1464 4125 1832 4198 προκείμενα,
1871 4127 1948 4192 ὡς

364 4217 432 4288 δὴ
489 4217 771 4287 μέλλοντος
817 4217 982 4272 αὑτοῦ
1027 4217 1222 4288 νεφέλῃ
1279 4218 1386 4270 τινὶ
1429 4217 1703 4288 ὀχεῖσθαι,
1741 4218 1836 4271 καὶ
1879 4221 1945 4289 τῇ

368 4309 653 4378 σωματικῇ
676 4308 946 4378 παρεπιδη
957 4310 1073 4378 μεῖν
1096 4308 1376 4379 Αἰγύπτῳ,
1398 4307 1519 4360 οὔτε
1558 4307 1804 4375 πιθανὸν,
1832 4307 1946 4362 οὗθ’

363 4398 510 4451 ὅσιον
542 4400 807 4472 ὑπάρχειν
844 4399 1085 4470 ἡγοῦμαι
1113 4417 1126 4430 ο
1168 4401 1237 4453 δι’
1283 4402 1419 4472 ὅπερ
1453 4401 1545 4453 ἐπὶ
1574 4399 1665 4454 τὸν
1692 4399 1785 4453 τοῦ
1809 4399 1946 4453 Θεοῦ

367 4489 538 4557 Λόγον
569 4490 849 4544 ἐκδεκτέον
875 4491 972 4562 τὴν
988 4491 1344 4563 προφητείαν,
1374 4491 1469 4545 καὶ
1503 4492 1671 4562 αὐτὴν
1701 4491 1947 4564 ἐναργῶς

364 4581 466 4654 ἤδη
496 4581 637 4635 κατά
662 4582 760 4652 τὴν
792 4584 1060 4654 προτέραν
1090 4585 1254 4639 αὐτοῦ
1274 4585 1575 4656 παρουσίαν
1597 4585 1946 4656 πεπερασμέ-
1976 4567 2019 4624 D

363 4689 484 4744 νην,
513 4674 634 4727 καθ’
667 4675 735 4744 ἢν
759 4675 850 4728 ἐπὶ
869 4676 1096 4746 νεφέλης
1125 4677 1354 4748 κούφης,
1389 4677 1490 4747 τῆς
1536 4679 1600 4730 ἐκ
1631 4678 1944 4747 Πνεύματος

362 4763 522 4832 ἁγίου
558 4765 832 4836 συστάσης
877 4764 1024 4834 αὐτῷ
1067 4767 1288 4837 σαρκὸς,
1332 4770 1411 4832 εὶς
1457 4769 1549 4820 τὸν
1589 4767 1702 4838 βίον
1734 4767 1942 4833 τοῦτον,

363 4855 636 4924 Αἴγυπτον
667 4857 943 4930 τροπικῶς
992 4858 1410 4928 ὀνομαζόμενον,
1453 4848 1813 4932 παρελήλυθε,
1851 4862 1947 4916 καὶ

365 4947 445 5009 είς
483 4946 651 5018 αὐτὴν
683 4947 739 5000 δὲ
787 4948 1114 5019 σωματικῶς
1159 4948 1257 5019 τὴν
1294 4949 1582 5016 Αἴγυπτον,
1625 4953 1706 5014 είς
1757 4952 1826 5022 ἢν
1865 4952 1945 5004 ἔτι

366 5039 495 5100 παῖς
520 5037 596 5090 ὢν
613 5038 748 5109 πρὸς
769 5039 869 5109 τῆς
901 5039 1104 5110 μητρὸς
1125 5040 1219 5092 καὶ
1237 5039 1332 5092 τοῦ
1363 5041 1559 5111 Ἰωσὴφ
1586 5041 1900 5114 διεκομίσθη
1923 5059 1937 5074 ’

360 5131 658 5202 τηνικαῦτα
711 5133 769 5186 δὲ
815 5134 959 5188 κατά
991 5152 1140 5199 τινας
1190 5136 1535 5208 ἀπορρήτους
1567 5137 1756 5206 λόγους
1796 5139 1940 5193 ἐσεί-

362 5222 567 5294 σθησαν
619 5226 715 5278 καὶ
757 5226 1085 5298 ἐκινήθησαν
1140 5228 1611 5300 ὑποταραχθέντες
1661 5231 1826 5285 αὐτοῦ
1870 5235 1938 5304 τῇ

361 5315 634 5387 παρουσίᾳ
666 5318 714 5370 οἱ
748 5319 804 5373 ἐν
834 5323 947 5384 τοῖς
970 5320 1278 5391 πανταχόσε
1306 5323 1702 5395 χειροποιήτοις
1735 5322 1940 5389 ξοάνοις

359 5407 693 5471 ἐνοικοῦντές
720 5425 779 5461 τε
808 5410 900 5463 καὶ
926 5411 1272 5481 ἐνεργοῦντες
1297 5413 1359 5466 τὸ
1384 5414 1646 5486 πρότερον
1663 5415 1934 5485 δαίμονες·

357 5495 497 5566 ὅπερ
546 5494 797 5568 δηλοῦται
831 5498 918 5552 διὰ
945 5499 1048 5570 τῆς
1086 5499 1347 5572 λεγούσης
1391 5505 1746 5574 προφητείας,
1781 5523 1800 5555 ι
1826 5506 1938 5559 Καὶ

361 5583 707 5657 σεισθήσεται
760 5587 828 5642 τά
887 5591 1240 5661 χειροποίητα
1287 5591 1583 5660 Αἰγύπτου.
1623 5615 1641 5647 ο
1669 5594 1852 5649 Ταῦτα
1879 5595 1937 5649 δὲ

361 5675 457 5729 καὶ
479 5677 621 5731 κατά
656 5678 755 5750 τὴν
782 5679 1039 5752 δευτέραν
1074 5682 1236 5736 αὐτοῦ
1267 5685 1361 5738 καὶ
1398 5683 1606 5752 ἔνδοξον
1646 5686 1742 5741 ἀπ’
1773 5688 1937 5759 ούρα-

366 5828 381 5860 ‘
411 5827 544 5887 Gen.
588 5849 734 5899 xux.
762 5837 844 5892 10.
925 5841 943 5870 ¹
968 5837 1114 5895 Psal.
1147 5854 1257 5908 cn,
1289 5841 1339 5897 1.

2053 3296 2328 3366 tiquorum
2365 3296 2420 3349 in
2445 3295 2602 3349 cmlis
2631 3294 3021 3364 inscriptorum
3052 3291 3351 3347 Ecclesiam
3369 3328 3384 3354 ,
3413 3301 3622 3343 omnes-

2051 3404 2160 3458 que
2186 3388 2440 3442 existimo
2483 3385 2636 3441 verbi
2669 3385 2763 3441 Dei
2793 3385 3216 3457 participatione
3256 3390 3474 3439 sanctos
3495 3379 3622 3437 eiic-

2018 3501 2026 3506 -
2051 3485 2172 3534 ctos
2201 3476 2497 3548 designari.

2666 3669 2896 3727 CAPUT
2934 3670 3000 3725 Χ.

2125 3783 2144 3816 ι
2179 3762 2322 3818 Ecce
2345 3760 2607 3818 Dominus
2636 3761 2788 3816 sedet
2818 3776 2981 3831 super
3012 3759 3156 3814 nube
3188 3759 3326 3821 levi,
3359 3769 3411 3814 et
3444 3761 3619 3816 veniet

2049 3852 2106 3906 in
2128 3850 2422 3923 Egyptum
2446 3868 2458 3903 :
2483 3857 2536 3904 et
2557 3857 3045 3906 commovebuntur
3063 3847 3375 3903 manufacta
3398 3847 3617 3920 Egypti

2049 3957 2081 3995 a
2112 3942 2251 3997 facie
2278 3941 2398 4011 ejus
2419 3981 2434 4006 ,
2461 3949 2516 3996 et
2542 3955 2639 3994 cor
2668 3955 2856 3994 eorum
2887 3940 3140 3993 vincetur
3168 3939 3224 3992 in
3258 3938 3394 4008 ipsis
3424 3938 3467 3994 ⁸.
3499 3958 3518 3991 ι
3545 3939 3618 3995 De

2049 4033 2299 4089 increata
2320 4033 2564 4088 omnium
2585 4030 2680 4087 Dei
2700 4038 2898 4085 natura
2921 4031 3035 4084 haec
3047 4030 3478 4099 accipere,quasi
3494 4045 3619 4085 ven-

2049 4133 2177 4181 turo
2209 4126 2328 4196 ipso
2355 4141 2520 4196 super
2550 4124 2695 4179 nube
2723 4123 2934 4192 aliqua,
2969 4131 3131 4193 atque
3184 4125 3240 4177 in
3278 4123 3615 4192 corporalem

2049 4217 2314 4274 accedere
2333 4216 2652 4289 Egyptum,
2669 4232 2847 4287 neque
2870 4215 2973 4270 ﬁde
2994 4216 3252 4286 dignum,
3284 4230 3462 4284 neque
3491 4215 3617 4270 reli-

2050 4313 2264 4382 giosum
2297 4326 2420 4366 esse
2447 4311 2722 4366 existimo.
2757 4310 3100 4382 Quapropter
3142 4310 3208 4364 ad
3247 4308 3343 4365 Dei
3377 4307 3615 4364 Verbum

2048 4403 2334 4458 referenda
2365 4410 2448 4458 est
2476 4403 2758 4473 prOphetia
2785 4421 2799 4470 ;
2838 4394 3002 4472 atque
3035 4403 3152 4473 ipsa
3186 4400 3476 4456 manifeste
3501 4401 3617 4470 jam

2049 4503 2231 4569 priore
2258 4500 2379 4568 ejus
2414 4499 2648 4552 adventu
2686 4498 2906 4568 impleta
2935 4505 3053 4564 est,
3100 4512 3208 4567 quo
3265 4511 3430 4566 super
3477 4495 3619 4550 nube

2049 4594 2175 4658 levi,
2228 4606 2392 4646 carne
2411 4591 2620 4647 scilicet
2641 4591 2692 4645 ei
2729 4605 2758 4644 a
2783 4588 2988 4659 Spiritu
3028 4599 3220 4645 sancto
3258 4590 3511 4654 formata,
3559 4588 3616 4643 in

2044 4684 2188 4740 hanc
2209 4685 2399 4748 vitam,
2423 4681 2716 4753 A'ngptum
2745 4698 2841 4752 per
2870 4683 3234 4753 metaphoram
3259 4683 3612 4747 nominatam,

2046 4774 2280 4845 prodiit,
2311 4773 2445 4827 etin
2473 4774 2650 4842 ipsam
2683 4773 3040 4843 corporaliter
3069 4771 3383 4842 ngyptum,
3411 4771 3466 4824 in
3483 4785 3612 4840 qua,

2046 4880 2170 4920 cum
2201 4863 2377 4918 adhuc
2405 4871 2554 4919 esset
2576 4879 2731 4934 puer,
2755 4879 2787 4917 a
2814 4871 2986 4917 matre
3015 4871 3068 4916 et
3096 4860 3296 4932 Ioseph
3320 4859 3614 4931 perductus

2045 4965 2152 5013 est.
2176 4955 2332 5011 Tunc
2355 4964 2534 5011 autem
2555 4957 2713 5026 juxta
2737 4957 2982 5026 quaedam
3014 4954 3241 5024 mystica
3265 4953 3447 5018 verba,
3470 4966 3616 5006 com-

2041 5049 2172 5104 moti
2195 5056 2325 5104 sunt
2353 5049 2476 5118 ejus
2501 5050 2740 5105 adventu
2763 5047 3073 5104 conturbati
3113 5046 3204 5116 qui
3235 5046 3387 5116 prius
3416 5046 3614 5115 ubique

2039 5139 2096 5193 in
2131 5138 2462 5194 manufactis
2501 5139 2813 5194 simulacris
2853 5137 3231 5192 inhabitabant
3269 5144 3323 5192 et
3359 5136 3612 5206 vigebant

2039 5229 2493 5297 daemonesQuod
2510 5232 2726 5301 quidem
2742 5229 3047 5284 ostenditur
3063 5228 3278 5284 dicente
3292 5228 3572 5298 prophetia
3594 5248 3607 5283 :

2039 5319 2105 5374 Et
2134 5322 2628 5376 commovebuntur
2657 5319 2973 5384 manufacta
2995 5318 3235 5390 Egypti.
3271 5339 3291 5370 ι
3325 5316 3452 5373 Haec
3481 5333 3614 5388 quu-

2041 5428 2149 5482 que
2175 5429 2274 5484 per
2300 5413 2600 5470 secundum
2636 5412 2757 5482 ejus
2805 5420 2858 5467 et
2905 5415 3224 5483 przeclarum
3252 5415 3306 5468 in
3337 5412 3492 5466 ctelis
3522 5427 3610 5466 re-

2041 5522 2206 5576 gnum
2258 5506 2652 5576 implebuntur,
2684 5519 2794 5575 quo
2843 5513 2898 5559 et
2956 5505 3131 5575 ipsam
3161 5503 3605 5560 commovendam

2040 5613 2252 5668 aequum
2303 5605 2467 5654 esset.
2519 5595 2584 5649 Et
2613 5605 2745 5652 tunc
2794 5598 3030 5653 maxime
3081 5599 3460 5654 conturbanda
3491 5599 3606 5655 haec

2051 5688 2368 5744 manufacta
2402 5687 2642 5759 Egypti,
2674 5703 2906 5758 quorum
2933 5703 3028 5744 cor
3054 5689 3424 5760 superabitur,
3451 5695 3510 5746 ut
3529 5690 3606 5746 ait

1419 5842 1438 5874 ³
1471 5842 1576 5899 Isa.
1608 5859 1719 5910 xw,
1757 5845 1808 5900 5.
1890 5845 1908 5875 ⁵
1932 5842 2036 5900 lsa.
2064 5845 2191 5918 nx,"
2218 5862 2255 5899 ι.
