4100 6442
549 383 688 437 {ﬁl-l5

1199 381 1284 436 EU
1299 380 1471 434 SEBII
1513 381 1996 436 (TAESABIENSIS
2033 382 2085 437 Ol

2222 382 2402 437 I’AllS
2435 383 2520 440 Ill.
2561 419 2624 428 --
2660 383 3069 440 ΕᾺΕΟΕΤΙΕΑ.

3649 389 3791 441 1216

535 497 838 571 Scriptura.
875 501 928 552 in
987 516 1067 554 εις
1099 499 1272 554 \‘erbo
1324 499 1507 553 divino
1571 501 1894 568 sulijiciente
1970 502 2070 556 sibi

2210 503 2314 555 νῶν
2374 502 2650 572 βασιλείαν
2714 503 3151 574 πληρωθήσετα.,
3218 500 3338 554 καθ’
3375 502 3443 572 ἦν
3492 506 3583 555 καὶ
3615 502 3790 574 αὐτὴν

533 600 588 646 et
610 591 931 645 humiliante
966 601 1094 645 tunc
1124 607 1340 646 omnem
1371 591 1711 647 altitudinem
1743 608 1885 646 nunc
1914 603 2106 648 contra

533 684 624 738 Dei
649 686 1011 754 cognitionem
1038 687 1326 738 elevatam.
1356 683 1548 738 Omnia
1576 684 1874 754 prophetia:
1896 686 2103 756 reliqua

531 777 644 829 sola
677 777 1022 844 explicantur
1062 777 1345 845 allegoria.

2215 593 2591 664 σεισθήσεσθαι
2622 595 2768 658 εἰκὸς
2798 594 2863 647 ἂν
2888 595 2970 664 εἰη
2996 611 3008 624 ·
3054 594 3147 646 καὶ
3180 593 3301 645 τότε
3349 593 3546 663 μᾶλλον
3590 595 3790 667 κλονη-

2214 687 2472 757 θήσεσθαι
2500 687 2566 740 τὰ
2592 687 2954 757 ἀποδεδομένα
2983 685 3332 757 χειροποίητα
3363 686 3639 753 Αἰγύπτου
3663 729 3678 754 ,
3711 681 3791 742 ὧν

2210 781 2303 832 καί
2330 781 2427 848 τὴν
2455 778 2680 849 καρδίαν
2726 777 3127 849 ήττηθήσεσθαί
3171 793 3354 846 φασιν,
3383 779 3439 829 ἐν
3470 778 3650 842 αὐτοῖς
3691 779 3791 833 τοῦ

526 869 670 920 θείου
695 868 868 936 Λόγου
933 868 1404 933 καθυποτάξαντος
1465 867 1644 938 ἐαυτῷ
1677 868 1767 920 καὶ
1814 867 2234 931 ταπεινώσοντος
2274 869 2393 920 τότε
2443 871 2547 920 πᾶν
2589 867 2788 938 ὕψωμα
2850 868 2909 920 τὸ
2950 869 3042 922 νῦν
3109 868 3467 938 ἐπαιρόμενον
3512 866 3654 921 κατά
3687 869 3790 939 τῆς

525 961 778 1028 γνώσεως
843 962 936 1015 τοῦ
989 963 1152 1014 Θεοῦο
1208 962 1278 1014 τὰ
1327 962 1369 1013 δ’
1432 963 1558 1031 ἐξῆς
1605 963 1704 1030 τῆς
1760 963 2096 1032 προφητείας
2135 963 2348 1016 ἅπαντα
2375 962 2463 1014 διὰ
2487 963 2652 1032 μόνης
2674 961 3063 1030 ἀποδοθήσεται
3090 959 3464 1032 τροπολογίας.

1135 1077 1364 1132 CAPUT
1407 1079 1493 1134 ΧΙ.

604 1189 621 1220 ι
652 1171 709 1224 in
733 1170 820 1224 die
846 1172 933 1224 illa
981 1171 1085 1224 erit
1117 1171 1289 1225 altare
1327 1171 1551 1226 Domino
1581 1174 1634 1226 in
1681 1183 1824 1229 terra
1855 1174 2094 1245 Egypti,

525 1268 578 1313 et
609 1260 800 1315 titulus
842 1260 997 1329 juxta
1034 1261 1328 1315 terminum
1367 1262 1487 1330 ejus
1516 1262 1746 1317 Domino
1778 1284 1790 1319 :
1819 1276 1871 1317 et
1908 1267 2010 1318 erit
2043 1266 2095 1318 in

527 1352 742 1421 signum
777 1354 831 1405 in
861 1360 1125 1405 azternum
1161 1350 1391 1405 Domino
1423 1352 1474 1404 in
1507 1362 1648 1406 terra
1673 1353 1892 1425 Egypti
1923 1372 1937 1418 ;
1963 1369 2097 1424 quo-

526 1441 672 1494 niam
724 1441 1039 1494 clamabunt
1093 1447 1158 1493 ad
1216 1439 1502 1494 Dominum
1549 1451 1768 1512 prepter
1799 1444 2093 1513 afﬁigentes

523 1547 600 1595 se,
632 1541 686 1586 et
730 1534 908 1586 mittet
959 1533 1038 1587 eis
1094 1531 1358 1586 Dominus
1396 1533 1690 1598 hominem,
1725 1536 1816 1603 qui
1863 1537 2094 1589 salvabit

522 1639 640 1689 eos,
671 1624 927 1692 judicans
973 1625 1201 1679 salvabit
1243 1641 1359 1686 eos.
1404 1634 1454 1680 et
1491 1627 1739 1696 cognitus
1770 1627 1875 1682 erit
1922 1627 2096 1683 Domi-

521 1733 626 1770 nus
681 1715 985 1786 Egyptiis,
1038 1726 1091 1770 et
1140 1724 1469 1786 cognoscent
1505 1717 1744 1789 A‘ngptii
1804 1719 2090 1774 Dominum

524 1805 692 1859 Deum
725 1807 778 1859 in
815 1809 901 1861 die
930 1809 1044 1866 illa.
1080 1817 1133 1864 et
1165 1808 1366 1863 facient
1397 1813 1685 1876 sacriﬁcia,
1739 1822 1791 1866 et
1819 1813 2094 1867 vovebunt

523 1906 648 1950 vota
705 1897 955 1964 Domino,
1007 1908 1060 1955 et
1114 1903 1404 1959 reddent’.
1444 1925 1461 1956 ι
1504 1904 1568 1958 Ει
1619 1895 1744 1975 quis
1789 1909 1929 1961 alius
1975 1924 2096 1963 esse

524 2001 706 2056 posset
754 2005 783 2042 ιι
830 1988 1060 2046 Domino
1136 1994 1339 2049 missus
1399 1995 1604 2060 homo,
1663 1998 1755 2067 qui
1812 1997 2095 2069 Egyptios

522 2081 829 2136 salvaturus
897 2091 981 2137 est
1057 2084 1357 2153 judicans,
1454 2089 1557 2142 nisi
1635 2088 1888 2144 Christus
1959 2092 2090 2155 Dei,

523 2193 541 2222 ι
575 2174 801 2228 formam
868 2178 1013 2230 servi
1063 2179 1358 2247 accipiens,
1410 2191 1463 2234 et
1511 2181 1699 2236 habitu
1745 2183 2000 2238 inventus
2035 2195 2095 2239 ut

519 2268 680 2322 homo
703 2269 741 2323 ³.
780 2289 797 2322 ›
835 2269 1071 2341 λΕιςγριο
1104 2274 1324 2342 quidem
1369 2274 1663 2344 allegorice
1699 2277 1981 2332 hominum
2016 2281 2093 2333 vi—

515 2368 624 2413 tam
661 2359 1025 2431 significante,
1058 2363 1298 2435 Aigyptii
1344 2375 1527 2421 essent
1561 2369 1652 2437 qui
1689 2385 1718 2422 a
1749 2371 2090 2427 daemonibus

514 2461 784 2506 vexantur
831 2463 884 2508 et
934 2455 1002 2508 ad
1063 2471 1148 2510 res
1205 2465 1453 2512 terrenas
1505 2462 1889 2529 propensiores
1937 2470 2086 2526 sunt,

513 2560 653 2613 quos
677 2547 918 2599 omnium
953 2545 1096 2602 Deus
1129 2549 1421 2604 miseratus
1453 2560 1537 2605 est
1566 2553 1870 2608 daemonum
1903 2561 2089 2626 tyran-

515 2636 639 2691 nide
659 2652 977 2707 oppressos,
1015 2643 1185 2694 misso
1217 2643 1478 2710 praedicto
1511 2645 1750 2712 homine,
1781 2649 1872 2717 qui
1907 2650 2086 2704 salva-

511 2731 589 2782 vit
613 2730 844 2784 salutem
885 2729 994 2785 Deo
1023 2732 1241 2801 dignam
1271 2735 1343 2787 ita
1370 2745 1425 2789 ut
1453 2752 1643 2793 omnes
1676 2741 1951 2809 quondam
1983 2745 2089 2800 sub

513 2823 628 2893 lege
680 2823 748 2876 ab
789 2822 1031 2877 Ecclesia
1084 2824 1297 2879 Domini
1354 2829 1628 2894 exclusos,
1677 2848 1736 2887 se
1787 2835 1964 2903 ipsum
2019 2837 2085 2892 iis

513 2911 872 2969 manifestans
901 2913 1189 2974 Dominus.
1213 2917 1278 2970 ad
1311 2916 1525 2973 Domini
1556 2922 1841 2977 scientiam
1869 2926 1971 2980 hac
1993 2943 2082 2983 re-

509 3004 778 3059 velatione
810 3006 1152 3075 perduceret.
1187 3006 1343 3063 Patet
1366 3011 1511 3080 quod
1552 3014 1605 3066 in
1631 3016 1888 3084 praedicta
1915 3019 2082 3092 [Egy-

510 3096 743 3164 ptiorum
765 3107 910 3151 terra
928 3108 1265 3154 exstructum
1285 3111 1367 3157 est
1386 3102 1615 3160 Domino
1635 3109 1804 3164 altare
1829 3114 2081 3172 erunibus

2575 1077 2636 1149 (ι.
2675 1079 2743 1132 ιιι)
2774 1079 2849 1148 νο)
2883 1080 3270 1132 xeoAAAloN
3305 1081 3405 1132 lA'.

2279 1190 2297 1222 ι
2333 1171 2410 1241 Τῇ
2433 1171 2615 1242 ήμέρα
2650 1172 2833 1242 ἐκείνῃ
2873 1172 3023 1225 ἔσται
3069 1171 3450 1243 θυσιαστήριον
3487 1173 3563 1244 τῷ
3595 1175 3788 1245 Κυρίῳ

2203 1267 2260 1316 ἐν
2291 1262 2443 1334 χώρᾳ
2489 1263 2822 1332 Αἰγυπτίων,
2865 1266 2959 1318 καὶ
2991 1264 3158 1335 στήλη
3188 1264 3324 1335 πρὸς
3350 1265 3411 1318 τὸ
3437 1265 3582 1336 ὄριον
3610 1266 3788 1336 αὐτῆς

2199 1355 2278 1425 τῷ
2311 1356 2526 1428 Κυρίῳ·
2561 1357 2656 1409 καί
2705 1355 2854 1409 ἔσται
2888 1357 2966 1420 εἰς
2994 1359 3216 1426 σημεῖον
3245 1359 3324 1420 εἰς
3347 1356 3438 1410 τὸν
3466 1358 3636 1410 αἰῶνα
3671 1359 3789 1411 Κύ-

2203 1465 2316 1520 ριος
2338 1450 2394 1500 ἐν
2424 1447 2575 1518 χώρᾳ
2594 1447 2870 1517 Αἰγύπτου
2889 1465 2902 1478 ·
2933 1449 3012 1501 ὅτι
3040 1447 3393 1520 κεκράξονται
3413 1449 3549 1520 πρὸς
3579 1448 3788 1518 Κύριον

2199 1541 2287 1594 διὰ
2315 1541 2439 1602 τοὺς
2465 1539 2744 1604 θλίϐοντας
2788 1541 3006 1604 αὐτοὺς,
3035 1541 3128 1594 καὶ
3156 1541 3443 1595 ἀποστελεῖ
3468 1541 3650 1606 αύτοῖς
3684 1541 3784 1595 ἇν-

2202 1629 2416 1702 θρωπον
2455 1631 2514 1690 ὃς
2568 1629 2730 1683 σώσει
2769 1630 2983 1694 αὐτοὺς,
3006 1631 3203 1703 κρίνων
3235 1629 3396 1683 σώσει
3423 1629 3621 1694 αὐτούς
3642 1648 3655 1661 ο
3690 1632 3786 1684 καὶ

2199 1722 2435 1790 γνωστὸς
2464 1721 2614 1775 ἔσται
2645 1721 2847 1793 Κύριος
2880 1725 2992 1786 τοῖς
3037 1721 3352 1790 Αἰγυπτίοις
3374 1739 3387 1752 ο
3424 1724 3515 1775 καὶ
3548 1722 3785 1790 γνώσον-

2198 1829 2286 1864 ται
2313 1815 2362 1864 οἰ
2396 1811 2684 1880 Αἰγύπτιοι
2709 1813 2797 1865 τὸν
2829 1813 3031 1886 Κύριον
3061 1813 3118 1865 ἐν
3140 1816 3205 1883 τῇ
3232 1813 3414 1886 ήμέρᾳ
3437 1815 3618 1885 ἐκείνῃ
3639 1832 3652 1844 ·
3687 1816 3787 1868 καὶ

2199 1906 2482 1974 ποιήσουσι
2511 1904 2702 1968 θυσίας
2738 1905 2834 1958 καὶ
2875 1906 3042 1976 δῶρον
3063 1924 3076 1937 ·
3130 1908 3221 1960 καὶ
3248 1906 3491 1972 εὔξονται
3518 1908 3682 1978 εύχάς
3703 1907 3786 1978 τῷ

2196 1996 2334 2067 Θεῷ.
2376 2016 2394 2049 ι
2432 1997 2540 2050 Καὶ
2580 1997 2664 2061 τίς
2699 1998 2763 2051 ἂν
2803 1997 2957 2061 ἄλλος
3001 1999 3086 2070 εἴη
3121 2001 3148 2053 6
3173 2000 3498 2064 ἀποσταλεὶς
3535 2001 3638 2054 ὑπὸ
3663 2002 3783 2053 Κυ-

2199 2088 2310 2159 ρίου
2355 2089 2639 2158 ἄνθρωπος
2662 2130 2677 2154 ,
2715 2093 2807 2144 καὶ
2854 2091 3032 2155 σώσας
3069 2094 3195 2156 τοὺς
3227 2092 3554 2160 Αἰγυπτίους
3568 2092 3656 2145 διὰ
3683 2092 3785 2146 τοῦ

2195 2180 2423 2250 κρίνειν,
2463 2179 2495 2250 ἢ
2539 2183 2568 2234 6
2614 2181 2848 2252 Χριστὸς
2875 2181 2968 2233 τοῦ
3022 2180 3178 2245 Θεοῦ,
3203 2184 3231 2234 6
3270 2200 3288 2231 ι
3337 2183 3550 2254 μορφὴν
3587 2181 3784 2235 δούλου

2193 2272 2392 2334 λαϐὼν,
2428 2274 2521 2326 καὶ
2567 2275 2806 2345 σχήματι
2835 2273 3074 2345 εὑρεθεὶς
3103 2275 3178 2337 ῶς
3212 2273 3518 2344 ἄνθρωπος.
3568 2293 3586 2325 ι
3619 2273 3787 2342 Αἰγύ-

2193 2381 2327 2418 πτου
2349 2365 2405 2417 δὲ
2433 2365 2710 2436 τροπικῶς
2739 2365 3028 2436 νοουμένου
3058 2364 3152 2417 τοῦ
3176 2366 3284 2418 τῶν
3303 2364 3606 2434 ἀνθρώπων
3633 2364 3780 2435 βίου,

2190 2453 2298 2510 εἷεν
2331 2457 2396 2511 ἂν
2429 2460 2476 2511 οἱ
2499 2457 2892 2528 δεισιδαίμονες
2927 2458 3019 2511 καὶ
3052 2459 3164 2520 τοῖς
3209 2456 3412 2520 ύλικοῖς
3463 2472 3782 2528 προπεπον-

2191 2550 2340 2613 θότες
2399 2550 2710 2619 Αἰγύπτιοι,
2741 2549 2834 2614 οὓς
2878 2553 2905 2603 6
2944 2548 3052 2603 τῶν
3100 2549 3234 2602 ὅλων
3270 2549 3402 2612 Θεὸς
3441 2549 3784 2618 κατελεήσας

2189 2643 2534 2710 θλιϐομένους
2567 2643 2676 2695 ὑπὸ
2707 2643 2813 2695 τῶν
2852 2643 3396 2713 κατατυραννούντων
3426 2641 3622 2703 αὐτοὺς
3662 2640 3784 2693 δαι-

2190 2736 2384 2806 μόνων,
2437 2734 2762 2798 ἀποστείλας
2809 2735 2900 2788 τὸν
2950 2734 3347 2806 προειρημένον
3380 2732 3688 2804 ἄνθρωπον,
3717 2731 3782 2792 ὃς

2186 2828 2357 2880 ἔσωσε
2417 2829 2690 2898 σωτηρίαν
2723 2827 2841 2897 Θεῷ
2867 2827 3205 2899 πρέπουσαν,
3239 2825 3379 2878 ῶστε
3431 2825 3556 2887 τοὺς
3602 2823 3779 2877 παλαι

2185 2922 2326 2974 κατά
2358 2921 2448 2974 τὸν
2471 2921 2635 2991 νόμον
2665 2919 3019 2992 εἰργομένους
3056 2919 3155 2988 τῆς
3201 2915 3528 2987 Ἐκκλησίας
3568 2915 3783 2985 Κυρίου

2182 3013 2270 3071 διά
2323 3013 2421 3082 τῆς
2459 3013 2756 3083 γενομένης
2786 3013 2970 3074 αὐτοῖς
3007 3009 3324 3079 ἐπιφανείας
3355 3007 3652 3076 ἐπιγνῶναι
3684 3008 3792 3060 τὸν.

2182 3109 2408 3179 Κύριον,
2445 3106 2610 3162 αὐτοῦ
2640 3105 2734 3159 τοῦ
2761 3105 2967 3175 Κυρίου
3002 3102 3240 3172 γνωστὸν
3271 3100 3436 3154 αὑτὸν
3471 3101 3654 3162 αὐτοῖς
3677 3101 3783 3170 ἐμέ

510 3189 1025 3262 congregationibus
1054 3205 1175 3260 quae
1219 3193 1273 3246 in
1303 3196 1450 3248 omni
1481 3197 1600 3251 loco
1650 3200 1784 3255 ﬁunt
1826 3203 1893 3258 ad
1936 3207 2085 3264 invo-

2199 3201 2503 3264 ποιοῦντος⁸
2561 3199 2728 3267 σαφὲς
2780 3197 2822 3251 δ’
2865 3198 3012 3259 ὅπως
3056 3199 3111 3250 ἐν
3145 3197 3209 3264 τῇ
3249 3193 3552 3265 δηλωθείσῃ
3579 3194 3645 3262 τῇ
3667 3190 3784 3244 τῶν

507 3279 742 3372 eandum
781 3279 1231 3354 adorandumque
1276 3285 1463 3346 Deum.
1525 3290 1662 3346 Dicit
1710 3293 1851 3352 forte
1889 3300 2087 3372 aliquis

513 3371 639 3426 huic
679 3373 798 3427 loco
837 3375 1179 3443 adversatus,
1228 3380 1438 3437 scilicet
1473 3403 1489 3433 ι
1529 3393 1583 3438 et
1626 3387 1728 3440 erit
1775 3390 1945 3450 altare
1978 3371 2086 3449 Do-

510 3465 657 3519 mino
696 3466 748 3519 in
784 3475 927 3522 terra
961 3469 1361 3540 Egyptiorum,
1403 3493 1422 3526 ›
1459 3475 1504 3530 si
1547 3478 1764 3545 quidem
1801 3481 1972 3539 altare
2009 3485 2088 3540 lo-

510 3571 607 3610 cus
637 3558 814 3626 quivis
846 3560 915 3613 sit
941 3561 1359 3630 sacriﬁciorum,
1382 3567 1547 3621 verbo
1574 3566 1667 3623 Dei
1698 3570 2084 3642 insipientibus

507 3644 696 3700 bestiis
747 3647 1063 3713 immolatis,
1105 3651 1314 3721 justius
1363 3663 1508 3714 esset
1553 3658 1751 3726 majus,
1803 3656 2085 3735 ma'gisque

508 3752 692 3790 verum
717 3754 810 3806 per
837 3739 1117 3796 Christum
1154 3745 1268 3798 ﬁeri
1303 3744 1412 3805 Deo
1446 3747 1618 3804 altare
1658 3751 1713 3804 in
1737 3754 1886 3808 omni
1911 3763 2083 3812 terre-

503 3827 604 3879 stri
644 3827 786 3893 loco,
819 3829 1054 3902 Aigypto
1085 3849 1178 3903 per
1211 3837 1587 3906 metaphoram
1619 3843 1920 3910 nominato,
1959 3863 2084 3917 pro-

506 3927 622 3986 pter
665 3936 858 3977 omnes
915 3925 1115 3994 ubique
1158 3937 1446 3998 martyres,
1500 3932 1658 4000 quasi
1712 3936 1980 3992 sacriﬁcia
2028 3949 2082 3994 et

504 4011 756 4068 victimas
809 4031 906 4083 pro
957 4016 1237 4072 hominum
1278 4021 1495 4090 generis
1541 4024 1716 4079 salute
1757 4025 1889 4093 Deo,
1925 4039 1978 4086 et
2024 4032 2078 4086 in

504 4099 620 4167 ipsa
665 4104 937 4171 corporali
972 4097 1352 4176 Egyptiorum
1396 4120 1567 4175 terra,
1601 4114 1693 4169 ubi
1723 4125 1802 4170 tot
1845 4126 1900 4174 et
1945 4123 2079 4176 tanti

505 4203 769 4264 martyres
812 4199 1032 4266 proprio
1063 4199 1304 4268 ipsorum
1357 4206 1624 4273 sanguine
1672 4206 1839 4263 Deum
1871 4213 2076 4281 glorifi-

503 4298 783 4343 caverunt.
820 4289 975 4353 Quod
1025 4291 1070 4345 si
1103 4293 1233 4348 illud
1265 4295 1481 4352 diﬁicile
1509 4300 1795 4356 crederent
1833 4301 2076 4360 circum-

503 4377 625 4443 eisi,
655 4380 842 4434 dicant
881 4382 981 4452 ipsi
1017 4386 1235 4454 quando
1274 4397 1327 4442 et
1355 4389 1446 4444 ubi
1493 4399 1548 4445 et
1590 4393 1865 4463 quodnam
1907 4400 2076 4456 altare

503 4470 556 4523 in
591 4471 824 4542 {Egypto
857 4484 1096 4530 erectum
1146 4479 1216 4534 sit
1266 4479 1518 4552 Domino,
1562 4487 1686 4555 quis
1739 4505 1867 4543 vero
1913 4491 2076 4547 homo

2192 3292 2504 3361 Αἰγυπτίων
2553 3290 2705 3362 χώρᾳ
2751 3289 2980 3358 συνέστη
3029 3286 3108 3357 τῷ
3149 3285 3338 3357 Κυρίῳ
3387 3285 3784 3356 θυσιαστήριον

2189 3385 2297 3437 ἀπὸ
2322 3383 2429 3436 τῶν
2463 3385 2520 3437 ἐν
2545 3383 2710 3436 παντὶ
2727 3383 2876 3452 τόπῳ
2910 3383 2988 3444 εἰς
3017 3380 3178 3449 εύχάς
3212 3379 3303 3432 κα)⁵
3323 3378 3453 3432 Θεοῦ
3478 3378 3789 3449 θρησκείαν,

2186 3475 2617 3547 ἐπιτελουμένων
2650 3473 3052 3545 ἀθροισμάτων.
3093 3471 3250 3524 Είποι
3277 3469 3322 3523 δ’
3356 3468 3421 3522 ἄν
3451 3485 3533 3532 τις
3557 3467 3781 3520 ἐπιϐαί-

2186 3587 2292 3623 νων
2332 3572 2398 3640 τῇ
2441 3568 2585 3634 λέξει
2633 3569 2713 3630 εἰς
2759 3567 2841 3628 τὸ,
2887 3587 2903 3614 ι
2941 3565 3052 3618 Καὶ
3073 3562 3226 3615 ἔσται
3271 3560 3659 3629 θυσιαστήριον
3693 3557 3778 3628 τῷ

2187 3661 2374 3732 Κυρίῳ
2402 3661 2457 3712 ἐν
2488 3658 2641 3730 χώρᾳ
2665 3657 2773 3711 τῶν
2797 3656 3130 3725 Αἰγυπτίων,
3165 3674 3184 3706 ι
3211 3655 3260 3706 εἰ
3294 3653 3358 3724 δὴ
3381 3653 3442 3704 τὸ
3475 3652 3778 3722 θυσιαστή-

2186 3771 2300 3825 ριον
2354 3752 2517 3816 τόπος
2549 3749 2642 3814 τίς
2677 3753 2794 3804 ἐστι
2835 3750 3110 3820 θυμάτων,
3148 3748 3238 3799 ἐπί
3270 3747 3413 3816 λόγῳ
3449 3744 3583 3798 Θεοῦ
3615 3742 3777 3806 ζώων

2181 3846 2393 3914 ἀλόγων
2456 3842 2927 3914 σφαγιαζομένων,
2989 3840 3307 3894 δικαιότατα
3351 3839 3416 3892 ἂν
3461 3838 3642 3908 μεῖζον
3676 3836 3775 3888 καὶ

2182 3937 2544 4008 ἀληθέστερον
2609 3936 2698 3990 διὰ
2745 3934 2984 4007 Χριστοῦ
3041 3932 3325 4002 γεγονέναι
3375 3931 3452 4002 τῷ
3511 3928 3632 4000 Θεῷ
3676 3927 3773 3981 θυ-

2185 4035 2498 4104 σιαστήριον
2573 4035 2630 4085 ἐν
2687 4031 2794 4103 ὅλῳ
2847 4049 2906 4085 τε
2964 4029 3041 4101 τῷ
3109 4029 3372 4101 περιγείῳ
3427 4029 3620 4096 τόπῳ,
3672 4026 3774 4078 Δί-

2182 4127 2372 4193 γύπτῳ
2443 4125 2717 4196 τροπικῶς
2773 4121 3206 4196 χρηματίζοντι,
3282 4121 3370 4174 διὰ
3451 4123 3577 4182 τοὺς
3640 4136 3772 4171 παν-

2179 4221 2375 4290 ταχόσε
2438 4222 2718 4293 μάρτυρας
2780 4219 2996 4291 θύματα
3053 4218 3145 4270 καὶ
3191 4216 3356 4268 οἱονεὶ
3410 4213 3617 4282 σφάγια
3668 4210 3770 4269 τοῦ

2180 4314 2371 4382 γένους
2415 4313 2523 4367 τῶν
2553 4313 2876 4386 [ἀνθρώπων
2919 4309 3336 4381 ἀναφερομένων
3376 4307 3453 4378 τῷ
3507 4304 3625 4376 Θεῷ
3671 4305 3774 4361 καὶ¹

2178 4407 2236 4460 ἐν
2291 4407 2426 4477 αὐτῇ
2485 4407 2542 4460 δὲ
2595 4410 2660 4478 τῇ
2723 4406 3006 4476 σωματικῇ
3059 4402 3166 4455 τῶν
3215 4401 3531 4468 Αἰγυπτίων
3575 4395 3756 4468 χώρᾳ,

2179 4496 2308 4550 ἔνθα
2356 4497 2597 4552 τοσοῦτοι
2659 4496 2752 4550 καὶ
2816 4493 3123 4566 τηλικοῦτοι
3181 4493 3455 4562 μάρτυρες
3508 4488 3770 4553 ἐδόξασαν

501 4564 593 4632 qui
645 4565 929 4637 Algyptios
991 4571 1173 4627 salvos
1225 4573 1446 4640 fecerit,
1509 4579 1972 4648 quemadmodum
2020 4593 2076 4640 et

2190 4589 2273 4642 τὸν
2325 4588 2457 4641 Θεὸν
2501 4588 2579 4658 τῷ
2646 4587 2758 4658 ἰδίῳ
2797 4585 2975 4640 αὐτῶν
3015 4584 3236 4654 αἵματι·
3289 4581 3401 4634 ἀλλ’
3446 4582 3494 4632 εί
3545 4579 3769 4632 δυσπει-

499 4659 720 4724 quando
750 4662 1000 4730 cognitus
1057 4663 1217 4718 fuerit
1257 4665 1523 4725 Dominus
1567 4670 1858 4743 Egyptiis,
1909 4677 1981 4731 ita
2016 4686 2074 4731 ut

501 4749 601 4818 ipsi
631 4767 660 4804 a
688 4754 959 4821 prioribus
981 4757 1316 4815 declinantes
1341 4765 1621 4820 erroribus
1645 4765 1712 4818 ad
1745 4768 1864 4836 ejus
1889 4772 2069 4825 scien-

499 4843 630 4896 tiam
687 4850 1036 4914 pervenerint
1081 4870 1092 4905 :
1145 4851 1250 4906 hoc
1294 4861 1378 4909 est
1431 4856 1680 4913 videlicet
1736 4876 2069 4930 cognoscere

501 4933 806 4992 Dominum.
843 4939 1049 4994 Ca'tera
1093 4960 1222 4998 vero
1263 4947 1446 5001 omnia
1493 4952 1790 5020 prophetize
1820 4954 2070 5009 altiorem

499 5041 717 5082 sensum
783 5033 1088 5099 includunt,
1131 5055 1294 5107 quem
1343 5044 1630 5098 enucleare
1675 5062 1916 5113 praesens
1961 5064 2073 5102 non

499 5116 629 5172 sinit
663 5127 896 5191 tempus.

2185 4680 2292 4743 θῶς
2341 4680 2514 4750 ἔχοιεν
2562 4679 2698 4751 πρὸς
2757 4677 2827 4730 τά
2881 4675 3253 4746 ἀποδεδομένα
3313 4675 3360 4726 οἰ
3414 4675 3476 4725 ἐκ
3545 4686 3770 4740 περιτο-

2183 4771 2309 4840 μῆς,
2345 4770 2650 4838 λεγέτωσαν
2678 4769 2831 4822 αὐτοὶ
2877 4767 3004 4822 πότε
3051 4768 3144 4820 καὶ
3172 4766 3409 4827 ποῦ,καὶ
3452 4763 3586 4833 πρὸς
3622 4761 3772 4825 τίνος

2177 4863 2560 4934 θυσιαστήριον
2589 4863 2824 4932 κατέστη
2851 4861 2928 4931 τῷ
2955 4861 3143 4932 Κυρίῳ
3179 4863 3235 4914 ἐν
3283 4859 3563 4927 Αἰγύπτῳ,
3601 4859 3685 4920 τίς
3714 4858 3774 4910 δὲ

2177 4956 2206 5006 6
2253 4953 2536 5024 ἄνθρωπος
2561 4956 2588 5008 6
2621 4953 2798 5017 σώσας
2834 4956 2959 5017 τοὺς
2997 4953 3349 5020 Αἰγυπτίους,
3387 4951 3508 5004 τίνα
3538 4969 3595 5004 τε
3640 4952 3774 5020 τρό-

2182 5063 2281 5097 πον
2335 5047 2428 5098 καὶ
2477 5046 2606 5098 πότε
2661 5046 2900 5114 γνωστὸς
2947 5045 3161 5112 ἐγένετο
3211 5043 3416 5115 Κύριος
3459 5045 3570 5105 τοῖς
3599 5043 3775 5109 Αἰγυ-

2182 5139 2376 5202 πτίοις,
2414 5137 2554 5191 ὥστε
2585 5139 2780 5200 αὐτοὺς
2827 5137 3169 5200 ἀποστάντας
3196 5137 3292 5207 τῆς
3325 5135 3596 5206 προτέρας
3629 5132 3773 5186 πλάο

497 5227 614 5280 νηςν
645 5215 742 5286 τὴν
768 5221 895 5289 περὶ
936 5222 1098 5274 αὑτοῦ
1146 5225 1345 5292 γνῶσιν
1387 5229 1702 5284 ἀναλαϐεῖν·
1735 5231 1973 5284 τοιοῦτον
1997 5233 2103 5303 γάρ
2142 5233 2255 5284 ἐστι
2279 5233 2340 5286 τὸ
2363 5231 2659 5300 ἐπιγνῶναι
2705 5231 2926 5302 Κύριον.
2972 5232 3080 5284 Καὶ
3128 5229 3223 5282 ὅλα
3297 5228 3349 5279 δὲ
3392 5227 3462 5279 τά
3501 5225 3629 5295 ἑξῆς
3668 5227 3774 5296 τῆς

499 5309 828 5377 προφητείας
883 5311 1180 5385 βαθυτέρας
1224 5319 1454 5389 ἢρτηται
1497 5321 1748 5386 διανοίας,
1800 5323 1866 5392 ἢν
1909 5324 2006 5392 οὺχ
2047 5327 2074 5377 ό
2108 5322 2296 5394 παρὼν
2335 5324 2696 5377 ἀναπτύσσειν
2733 5323 2940 5392 καιρός.

1084 5431 1312 5486 CAPUT
1352 5435 1464 5488 ΧΙΙ.

577 5553 592 5584 ι
632 5539 877 5600 Domine.
932 5559 984 5595 Ill
1029 5546 1284 5614 angustia
1328 5551 1646 5605 recordatus
1698 5568 1818 5607 sum
1866 5554 1977 5621 tui;
2015 5554 2082 5615 in,

499 5628 848 5687 tribulatione
887 5651 1072 5705 parva,
1106 5639 1351 5696 doctrina
1403 5653 1493 5700 tua
1543 5647 1720 5704 nobis.
1771 5647 1922 5706 Sicut
1955 5667 2073 5722 quae

570 5781 722 5839 ‘lsa.
758 5802 872 5855 ιιλ,
916 5791 1094 5845 17-21.

2701 5438 3098 5494 ΚΕΦΑΛΑΙΟΝ
3135 5437 3232 5491 IB'.

2255 5577 2271 5609 ι
2309 5557 2502 5631 Κύριε,
2538 5559 2594 5612 ἐν
2635 5557 2809 5628 θλίψει
2840 5556 3116 5628 ἐμνήσθην
3153 5570 3266 5606 σου·
3303 5554 3360 5606 ἐν
3385 5548 3562 5619 θλίψει
3589 5551 3767 5624 μικρᾷ

2182 5655 2213 5722 ή
2251 5651 2466 5706 παιδεία
2500 5667 2593 5703 σου
2636 5651 2786 5720 ἡμῖν·
2829 5649 2921 5703 καὶ
2964 5647 3038 5711 ῶς
3070 5650 3100 5716 ή
3136 5645 3399 5699 ῶδινοῦσα
3428 5643 3636 5714 ἐγγίζει
3663 5641 3767 5696 τοῦ
