4100 6436
320 400 455 457 ιειι

1368 395 1660 451 ECLOGIE
1699 390 2178 449 ΡΒΟΡΗΕΤΙΕᾸ-Ζ.
2212 423 2281 432 -
2320 387 2446 443 LIB.
2489 385 2583 441 IV.

3436 384 3569 439 I218

312 518 510 580 τεκεῖν,
557 516 651 571 καὶ
690 516 783 569 ἐπὶ
827 518 893 587 τῇ
939 516 1086 569 ὠδῖνι
1131 514 1297 588 αὐτῆς
1341 513 1672 587 ἐκέκραξεν,
1718 511 1889 573 οὕτως

2001 505 2269 575 concepit,
2300 517 2423 559 cum
2454 496 2974 570 appmpinquaverit
3003 497 3070 550 ad
3107 504 3347 567 partum,
3378 496 3572 552 dolens

313 608 647 680 ἐγενήθημεν
692 607 768 678 τῷ
804 605 1097 678 Ἀγαπητῷ
1145 625 1259 661 σου.
1297 625 1316 659 ι
1355 607 1659 677 Ἐπιγραφή
1701 621 1785 666 τις
1830 604 1887 655 ἐν

314 704 563 774 Ψαλμοῖς
590 722 608 755 ι
647 701 819 775 ’Υπὲρ
843 699 935 755 τοῦ
972 699 1276 770 Ἀγαπητοῦ
1314 720 1332 752 ι
1370 699 1626 771 φέρεται·
1658 697 1753 751 καὶ
1789 697 1891 750 πά-

315 795 664 869 λινοεῖρηταιο
707 814 726 847 ι
768 796 825 849 ’0
856 792 1107 865 βασιλεὺς
1150 793 1258 846 τῶν
1289 790 1569 862 δυνάμεων
1595 788 1687 843 τοῦ
1727 789 1891 857 Ἀγα-

317 888 518 960 πητοῦ·
561 909 579 940 ι
610 889 880 942 δείκνυται
916 887 960 940 δ’
994 888 1052 941 ἐν
1090 889 1202 950 τοῖς
1240 885 1424 950 τόποις
1450 883 1509 958 (f.
1547 883 1635 956 50)
1668 885 1767 938 οὐκ
1800 883 1891 938 ἄλο

317 980 407 1045 λος
444 978 519 1033 ὢν
546 978 638 1033 τοῦ
681 979 916 1051 Χριστοῦ
957 978 1248 1050 λεγόμενος
1264 974 1569 1050 Ἀγαπητδς
1606 975 1699 1029 τοῦ
1732 973 1891 1028 Θεοῦ.

320 1071 519 1126 Τούτου
573 1071 734 1141 χάριν
785 1067 1251 1142 ἐπεσημηνάμεθα
1314 1068 1407 1120 καὶ
1459 1066 1551 1120 τὸν
1593 1069 1652 1121 ἐν
1707 1066 1895 1137 χερσὶν

320 1162 627 1233 ἀγαπητόν·
677 1162 840 1216 αὑτὸν
891 1164 1094 1216 ἐκεῖνον
1133 1158 1603 1230 ὑπολαμϐάνοντες
1645 1153 1803 1222 εἶναι,
1836 1157 1895 1212 ὃν

321 1254 412 1306 καὶ
455 1252 513 1316 ἐξ
557 1252 785 1323 οὐρανοῦ
829 1252 978 1322 φωνὴ
1043 1249 1230 1318 σαφῶς
1288 1245 1589 1318 ἀνεκήρυξε
1647 1246 1892 1316 φήσασα·

327 1361 345 1394 ι
386 1336 552 1408 Οὗτός
594 1346 741 1397 ἐστιν
785 1344 813 1395 6
854 1343 979 1405 Υίός
1027 1359 1127 1413 μου
1176 1342 1204 1393 6
1250 1339 1552 1410 ἀγαπητὸς,
1578 1326 1638 1391 ἐν
1669 1326 1714 1405 ᾧ
1745 1335 1897 1389 εὑδό-

321 1452 486 1507 κησα.
527 1454 546 1487 ι

837 1524 1230 1578 ΚΕΦΑΛΑΙΟΝ
1277 1522 1373 1575 II".

397 1637 416 1669 ‹
453 1615 743 1672 Ἀκούσατε
763 1615 933 1685 λόγων
954 1614 1181 1686 Κυρίου,
1204 1613 1393 1685 ἄνδρες
1413 1608 1778 1683 τεθλιμμένοι,
1805 1611 1897 1664 καὶ

322 1710 578 1782 ἄρχοντες
605 1706 848 1778 τοῦξλαοῦ
874 1706 1084 1772 τούτου,
1106 1709 1153 1759 οἱ
1180 1709 1236 1759 ἐν
1265 1696 1616 1777 Ἱερουσαλή
1632 1721 1645 1735 ·
1679 1703 1799 1758 ’Ότι
1831 1704 1902 1756 εῐ-

323 1816 482 1856 πατε·
499 1801 862 1871 Ἐποιήσαμεν
878 1799 1139 1869 διαθήκην
1161 1795 1298 1869 μετὰ
1331 1795 1424 1849 τοῦ
1467 1794 1620 1867 ᾅδου,
1645 1796 1738 1850 καὶ
1757 1796 1893 1866 μετὰ

320 1889 413 1944 τοῦ
436 1866 959 1961 θανάτουνσυνθήκας
976 1905 989 1920 '
1013 1866 1267 1956 καταιγὶς
1283 1866 1554 1960 φερομένη
1576 1885 1673 1941 ἐὰν
1698 1886 1900 1959 παρέλ-
1930 1866 1970 1921 Β

321 1980 409 2057 θη,
434 1983 494 2037 οὐ
515 1982 587 2055 μὴ
613 1982 739 2056 ἔλθῃ
767 1984 850 2051 ἐφ’
878 1983 1051 2053 ἡμᾶς’
1076 1981 1355 2052 ἐθήκαμεν
1379 1978 1572 2050 ψεῦδος
1591 1980 1690 2050 τὴν
1712 1980 1904 2035 ἐλπίδα

320 2072 496 2145 ἡμῶν,
512 2073 604 2127 καὶ
621 2072 900 2145 τῷψεύδει
922 2072 1430 2144 σκεπασθησόμεθα·
1452 2071 1539 2125 διὰ
1552 2071 1713 2125 τοῦτο
1733 2070 1905 2135 οὕτως

320 2152 464 2235 λέγει
490 2165 692 2237 Κύριος
724 2164 927 2237 Κύριος
954 2182 968 2198 ο
990 2165 1119 2219 Ἰδοὺ
1165 2163 1276 2234 ἐγὼ
1323 2162 1574 2236 ἐμϐάλλω
1602 2166 1682 2229 εἰς
1713 2164 1780 2219 τὰ
1814 2165 1902 2218 θε-

325 2258 488 2329 μέλια
516 2257 652 2310 Σιὼν
683 2256 827 2310 λίθον
870 2257 1154 2328 πολυτελῆ,
1185 2256 1460 2319 ἐκλεκτὸν,
1490 2257 1901 2329 ἀκρογωνιαῖον,

322 2347 535 2419 ἔντιμον
583 2349 664 2410 είς
710 2346 778 2399 τὰ
820 2345 1044 2417 θεμέλια
1086 2349 1277 2419 αὐτῆς,
1322 2345 1416 2401 καὶ
1446 2349 1474 2399 6
1504 2348 1772 2402 πιστεύων
1815 2349 1901 2402 ἐπ’

319 2437 466 2511 αὐτῷ
502 2438 563 2519 ού
611 2438 684 2511 μὴ
725 2438 1118 2510 καταισχυνθῇ·
1154 2440 1249 2493 καὶ
1283 2439 1437 2511 θήσω
1475 2440 1658 2509 κρίσιν
1705 2441 1786 2504 είς
1828 2440 1906 2494 ἐλο

323 2532 469 2595 πίδα,
498 2534 532 2604 ή
560 2532 617 2585 δὲ
645 2530 980 2603 ἐλεημοσύνη
1018 2548 1119 2602 μου
1151 2532 1233 2595 εἰς
1263 2531 1557 2602 σταθμούς.
1596 2550 1614 2584 ι
1647 2532 1757 2585 Καὶ
1787 2532 1904 2597 πῶς

319 2625 420 2679 οὐκ
452 2625 667 2698 ἀληθῶς
696 2624 901 2697 ήλίθιος
938 2625 1034 2678 καὶ
1071 2624 1266 2696 κομιδῆ
1301 2624 1702 2694 καταγέλαστος
1729 2626 1763 2696 ἡ
1796 2625 1904 2679 τῶν

323 2716 649 2789 σωματικῶς
699 2715 1144 2788 καραδοκούντων
1186 2715 1332 2769 λίθον
1400 2715 1523 2769 τινὰ
1572 2716 1777 2770 τούτων
1837 2717 1900 2789 δὴ

319 2808 429 2862 τῶν
473 2808 776 2862 πολυτελῶν
823 2809 917 2861 καὶ
969 2808 1281 2879 πολυτίμων
1338 2802 1476 2862 εἶναι
1531 2807 1904 2879 νομιζομένων

319 2900 402 2965 εἰς
434 2900 504 2955 τὰ
541 2899 764 2971 θεμέλια
811 2903 911 2972 τῆς
955 2901 1270 2972 σωματικῆς
1298 2898 1436 2954 Σιὼν
1469 2899 1903 2971 ἐμϐληθήσεσθαι

321 2990 458 3063 πρὸς
486 2990 648 3046 αὑτοῦ
675 2989 770 3045 τοῦ
802 2991 1007 3062 Κυρίου
1046 2991 1336 3064 ὑπόληψις,
1371 2991 1456 3060 ἐφ’
1484 2989 1545 3046 δν
1576 2990 1722 3046 λίθον
1748 2994 1778 3046 6
1809 3009 1901 3045 πι-

324 3079 556 3144 στεύσας
582 3078 833 3151 οὐδαμῶς
870 3081 1435 3153 καταισχυνθήσεσθαι
1472 3081 1899 3152 προφητεύεται;

1992 604 2190 654 clamat
2228 596 2283 650 in
2326 595 2608 650 doloribus
2657 592 2773 647 suis
2802 610 2816 648 :
2852 592 2933 647 sic
2968 588 3095 644 facti
3142 604 3333 643 sumus
3364 587 3572 644 Dilecto

1991 701 2085 747 tuo
2108 693 2124 722 ¹
2151 711 2170 743 ι
2209 688 2426 743 Titulus
2468 685 2690 757 quidam
2727 684 2782 738 in
2820 681 3055 737 Psalmis
3105 680 3209 735 fert
3235 698 3254 731 ι
3288 677 3396 734 Pro
3430 679 3572 735 Dile—

1992 779 2159 844 cto’;
2198 797 2216 828 ι
2250 785 2303 831 et
2338 790 2534 830 rursus
2571 772 2777 827 dictum
2811 778 2895 825 est
2924 791 2937 824 :
2971 788 2990 821 ι
3027 769 3140 825 Rex
3171 772 3435 824 virtutum
3482 768 3571 823 Di-

1992 869 2118 923 lecti
2141 868 2184 922 ³.
2215 886 2233 918 ι
2272 864 2594 921 Ostenditur
2622 866 2676 917 in
2713 863 2799 917 his
2835 861 2973 917 locis
3009 876 3119 914 non
3166 860 3310 917 alius
3353 875 3478 915 esse
3509 874 3568 915 ac

1993 960 2268 1022 Christus,
2318 959 2367 1015 is
2405 959 2499 1029 qui
2569 955 2662 1012 Dei
2715 955 2957 1011 Dilectus
3008 954 3333 1024 appellatur.
3398 952 3575 1022 Hujus

1995 1054 2169 1126 gratia
2206 1051 2585 1107 adnotavimus
2633 1064 2850 1120 quoque
2897 1048 3044 1102 hunc
3093 1047 3377 1111 dilectum,
3409 1060 3572 1115 quem

1995 1161 2120 1201 esse
2150 1145 2463 1217 putavimus
2504 1142 2753 1197 eumdem
2801 1142 2869 1196 de
2903 1154 3013 1211 quo
3061 1156 3166 1195 vox
3219 1138 3507 1195 manifeste
3541 1153 3574 1191 a

1996 1238 2152 1293 cmlis
2180 1237 2367 1293 audita
2415 1242 2500 1292 est
2533 1235 2723 1290 dicens
2750 1252 2762 1287 :
2795 1250 2814 1285 ι
2849 1232 2949 1287 Hic
2982 1241 3068 1287 est
3104 1232 3276 1287 Filius
3304 1246 3462 1286 meus
3495 1229 3572 1285 di-

1996 1332 2195 1401 lectus,
2230 1333 2286 1386 in
2311 1345 2424 1402 quo
2451 1326 2759 1399 complacui
2782 1326 2825 1380 δ.
2863 1345 2882 1378 ι

2581 1502 2812 1561 CAPUT
2850 1501 2997 1557 XIII.

2073 1622 2091 1655 ι
2125 1601 2325 1658 Audite
2353 1599 2583 1655 verbum
2620 1597 2861 1660 Domini,
2894 1597 2996 1651 viri
3039 1596 3318 1657 illusores,
3344 1597 3439 1666 qui
3473 1597 3574 1652 do-

1998 1695 2283 1752 minamini
2313 1708 2480 1764 super
2517 1691 2777 1761 pepulum
2816 1704 2997 1744 meum
3031 1687 3125 1757 qui
3163 1695 3249 1742 est
3285 1686 3577 1743 iuJerusa-

1999 1797 2124 1848 lem.
2157 1789 2381 1846 Dixistis
2409 1786 2554 1842 enim
2588 1778 3007 1838 :Percussimus
3030 1780 3209 1836 foedus
3234 1796 3358 1835 cum
3383 1790 3576 1844 morte,

2002 1890 2056 1940 et
2085 1898 2209 1937 cum
2243 1879 2462 1934 inferno
2504 1877 2733 1932 fecimus
2779 1884 3022 1946 pactum.
3071 1873 3371 1945 Flagellum
3423 1874 3581 1928 inun-

2004 1976 2142 2031 dans
2177 1989 2302 2027 cum
2340 1971 2639 2033 transierit,
2688 1984 2799 2023 non
2843 1967 3024 2022 veniet
3061 1981 3227 2036 super
3273 1982 3418 2022 nos:
3452 1967 3578 2037 quia

2006 2068 2289 2140 posuimus
2326 2063 2666 2119 mendacium
2702 2076 2852 2131 spem
2888 2066 3158 2125 nostram,
3192 2067 3247 2115 et
3295 2059 3583 2114 mendacio

2004 2161 2237 2233 protecti
2285 2173 2498 2215 sumus.
2533 2154 2742 2210 Idcirco
2782 2155 2898 2209 ha>c
2940 2154 3073 2208 dicit
3104 2152 3411 2207 Dominus:
3442 2152 3585 2206 Ecce

2004 2268 2105 2322 ego
2136 2251 2349 2305 mittam
2388 2250 2442 2303 in
2471 2248 2839 2303 fundamentis
2871 2246 3003 2301 Sion
3053 2245 3289 2317 lapidem
3319 2247 3576 2310 electum,

2007 2346 2342 2417 angularem,
2385 2342 2706 2413 pretiosum,
2762 2340 3078 2411 probatum,
3131 2337 3185 2391 in
3226 2336 3583 2392 fundamento

2008 2438 2314 2501 fundatum,
2346 2446 2399 2491 et
2436 2434 2527 2506 qui
2562 2434 2737 2488 credit
2776 2434 2829 2487 in
2877 2448 2999 2487 eum
3047 2445 3155 2485 non
3188 2430 3577 2485 confundetur.

2006 2530 2073 2585 Et
2122 2544 2321 2603 ponam
2368 2529 2423 2583 in
2466 2527 2706 2599 pondere
2752 2525 3055 2595 judicium,
3112 2529 3168 2578 et
3203 2522 3472 2592 justitiam
3522 2522 3581 2576 in

2006 2639 2264 2680 mensura
2288 2624 2334 2678 ⁸.
2367 2642 2387 2675 ι
2425 2619 2710 2688 Quomodo
2752 2618 2899 2673 enim
2932 2632 3043 2670 non
3086 2630 3213 2670 vere
3249 2613 3477 2684 puerilis
3523 2622 3579 2667 et

2004 2719 2227 2774 omnino
2255 2714 2588 2771 deridendus
2634 2713 2852 2766 illorum
2877 2707 3184 2778 error,-qui
3218 2705 3580 2778 corporaliter

2004 2814 2319 2869 existimant
2348 2809 2578 2881 lapidem
2603 2805 2894 2876 quemdam
2939 2818 2969 2857 e
3014 2800 3271 2873 pretiosis
3306 2799 3581 2869 probatis-

2004 2920 2112 2976 que
2144 2905 2199 2959 in
2224 2901 2594 2957 fundamentis
2614 2897 2921 2967 corporalis
2950 2893 3081 2950 Sion
3109 2892 3435 2948 mittendum
3457 2906 3583 2946 esse

2005 2997 2073 3051 ab
2095 2997 2213 3066 ipso
2245 2994 2497 3055 Domino,
2525 3006 2729 3060 eosque
2757 2992 2847 3059 qui
2878 2990 2932 3042 in
2961 2990 3107 3041 hunc
3136 2986 3369 3057 lapidein
3398 2984 3578 3038 credi—

2005 3086 2184 3142 derint
2229 3102 2341 3141 non
2386 3100 2511 3141 esse
2536 3082 2974 3145 confundendos,
2998 3080 3155 3149 juxta
3185 3077 3527 3148 prophetiam
3553 3076 3578 3128 ?

324 3172 434 3233 Τὰς
465 3173 652 3244 μωρὰς
678 3172 966 3245 τοιγαροῦν
994 3174 1087 3227 καὶ
1126 3174 1422 3239 Ἰουδαῖκὰς
1444 3174 1741 3247 διηγήσεις,
1774 3176 1900 3239 τούς

2008 3177 2216 3234 Stultas
2266 3178 2432 3249 igitur
2478 3183 2533 3231 et
2580 3174 2843 3231 Judaicas
2885 3171 3385 3242 interpretationes,
3441 3183 3580 3239 quas

320 3281 381 3318 τε
421 3262 703 3334 γραώδεις
750 3263 841 3332 οὓς
896 3265 1178 3337 ὠνόμασεν
1221 3266 1250 3319 6
1303 3266 1622 3331 Ἀπόστολος
1665 3268 1897 3336 μύθους

2006 3274 2176 3327 aniles
2226 3270 2439 3340 fabulas
2490 3270 2789 3339 Apostolus
2852 3265 3047 3323 vocat“
3105 3262 3451 3334 abjicientes,
3500 3260 3555 3315 di

322 3355 764 3427 ἀποσεισάμενοι,
794 3356 928 3410 Θεοῦ
965 3357 1130 3423 ἀξίως
1164 3357 1264 3422 τὰς
1291 3357 1681 3423 θεοπνεύστους
1728 3375 1905 3431 παρα-

322 3445 608 3519 δεχώμεθα
637 3448 1001 3520 προφητείας·
1034 3451 1199 3520 φησὶν
1245 3445 1363 3504 οὖν·
1404 3469 1423 3501 ι
1464 3449 1564 3504 Διὰ
1606 3449 1764 3503 τοῦτο
1792 3449 1901 3502 ἰδοὺ

323 3539 435 3612 ἐγὼ
463 3540 717 3611 ἐμϐάλλω
743 3543 824 3605 είς
844 3540 913 3596 τὰ
955 3540 1178 3612 θεμέλια
1222 3540 1360 3595 Σιὼν
1380 3536 1546 3596 λίθον.
1584 3562 1604 3595 ι
1631 3542 1729 3596 Διὰ
1752 3545 1902 3596 ποῖον

323 3633 381 3687 δὲ
408 3630 587 3698 τοῦτο,
617 3630 650 3705 ἦ
674 3632 761 3686 διὰ
786 3631 847 3686 τὸ
878 3634 1005 3697 τοὺς
1036 3631 1303 3704 ἄρχοντας
1330 3631 1424 3686 τοῦ
1468 3633 1734 3705 προτέρου
1770 3632 1900 3687 λαοῦ

324 3723 681 3796 πεποιηκέναι
733 3724 1004 3796 συνθήκας
1064 3724 1200 3796 μετὰ
1254 3723 1346 3778 τοῦ
1389 3723 1640 3787 θανάτου,
1682 3725 1777 3779 καὶ
1814 3725 1904 3780 διὰ

325 3815 388 3870 τὸ
421 3815 740 3887 καταλεῖψαι
776 3817 874 3888 μὲν
919 3817 1116 3881 αὐτοὺς
1159 3815 1258 3888 τὴν
1300 3815 1394 3869 τοῦ
1442 3815 1576 3870 Θεοῦ
1614 3816 1899 3889 διαθήκην,

325 3907 447 3964 ἀντὶ
480 3908 538 3962 δὲ
562 3908 767 3979 ταύτης
817 3907 1080 3979 διαθήκην
1125 3907 1260 3980 πρὸς
1292 3907 1384 3962 τὸν
1421 3908 1554 3981 ᾅδην
1615 3910 1903 3981 πεποιηκέ-

327 4015 436 4064 ναι,
487 3998 888 4070 ὑπολαμϐάνειν
933 3998 990 4052 δὲ
1025 3998 1113 4053 διὰ
1148 3997 1324 4052 ταῦτα
1368 3999 1532 4069 μηδὲν
1569 3998 1738 4052 κακὸν
1771 4000 1899 4052 ἐαυο

325 4091 453 4155 τοὺς
519 4089 801 4146 πείσεσθαι
823 4108 837 4122 ο
888 4090 1025 4146 ἀλλὰ
1078 4091 1174 4144 καὶ
1234 4089 1325 4145 διὰ
1384 4089 1541 4143 τοῦτο
1600 4090 1903 4145 τεθεικέναι

331 4183 431 4253 μὲν
482 4183 574 4237 ἐπὶ
613 4181 806 4253 ψεῦδος
841 4182 942 4255 τήν
985 4182 1175 4236 ἐλπίδα
1219 4181 1398 4237 αὐτῶν
1448 4181 1542 4235 καὶ¹
1573 4182 1781 4236 οἴεσθαι
1826 4183 1904 4254 τῷ

327 4274 514 4344 ψεύδει
542 4275 1049 4346 σκεπασθήσεσθαιο
1085 4274 1175 4329 διὰ
1215 4275 1324 4347 γάρ
1359 4292 1442 4329 τοι
1487 4274 1680 4339 ταῦτα,
1715 4276 1791 4341 ὡς
1837 4277 1904 4331 ἂν

329 4367 809 4422 ὰποπεπτωκότων
832 4366 1055 4421 ἐκείνων
1092 4364 1200 4420 ἀπὸ
1231 4367 1329 4438 τῆς
1360 4369 1439 4430 εἰς
1462 4368 1550 4421 τὸν
1586 4366 1718 4422 Θεὸν
1755 4367 1905 4420 ἐλπί-

329 4459 439 4524 δος,
460 4459 552 4514 τὸν
579 4458 944 4531 πολυτίμητον
965 4457 1110 4513 λίθον
1134 4461 1246 4523 τοῖς
1271 4458 1617 4541 πιστεύουσιν
1642 4460 1904 4529 ἐπαγγέλ-

2002 3380 2109 3437 gna
2162 3363 2273 3419 Deo
2317 3363 2637 3431 acceptione
2698 3358 2968 3445 divinitus
3030 3357 3152 3426 insp
3178 3367 3323 3410 ratas
3379 3354 3582 3431 intelli-

2000 3472 2196 3529 gamus
2221 3453 2557 3526 prophetiae.
2589 3450 2730 3505 Dicit
2763 3444 2971 3521 igitur:
3005 3466 3025 3498 ι
3057 3446 3198 3502 Ecce
3229 3460 3330 3515 ego
3362 3444 3578 3499 mittam

2002 3551 2058 3604 in
2088 3545 2458 3602 fundamentis
2483 3544 2615 3599 Sion
2646 3543 2902 3613 lapidem.
2940 3559 2958 3591 ι
2989 3538 3102 3594 Cur
3126 3539 3284 3601 illud,
3311 3538 3418 3592 nisi
3438 3552 3549 3607 quo

2002 3641 2146 3693 niam
2196 3636 2399 3708 prioris
2444 3635 2628 3706 populi
2672 3633 2949 3704 principes
2994 3646 3119 3685 cum
3175 3638 3349 3686 morte
3397 3628 3579 3684 foedus

2003 3737 2433 3801 percusserunt,
2500 3728 2585 3783 vel
2632 3726 2892 3798 quoniam
2950 3724 3145 3780 relicto
3188 3721 3285 3777 Dei
3331 3721 3576 3785 foedere,

2001 3830 2193 3878 contra
2225 3833 2445 3892 pactum
2480 3836 2607 3875 cum
2643 3819 2858 3874 inferno
2890 3816 3158 3882 fecerunt,
3195 3815 3583 3870 existimantes

2003 3923 2225 3987 propter
2245 3912 2379 3970 illud
2409 3929 2469 3969 se
2492 3914 2628 3967 nihil
2655 3911 2782 3965 mali
2814 3925 2937 3966 esse
2962 3922 3258 3979 passuras;
3289 3905 3383 3962 sed
3411 3905 3575 3959 ctiam

2001 4009 2261 4079 quoniam
2302 4007 2358 4061 in
2408 4005 2694 4060 mendacio
2751 4019 2903 4074 spem
2950 4007 3253 4072 posuerunt
3300 4013 3479 4061 suam,
3524 4007 3581 4051 et

2003 4100 2291 4156 mendacio
2319 4114 2378 4156 se
2405 4105 2680 4170 protectos
2701 4095 3073 4153 crediderunt.
3100 4091 3443 4163 Quapropter
3466 4090 3579 4146 illis

2006 4205 2036 4245 a
2060 4206 2157 4262 spe
2185 4192 2240 4245 in
2272 4190 2442 4247 Deum
2473 4188 2743 4259 disjectis,
2773 4187 3073 4258 pretiosum
3106 4185 3340 4256 lapidem
3358 4183 3583 4238 creden-

2003 4283 2149 4337 tibus
2180 4282 2394 4337 mittere
2423 4282 2731 4351 pollicetur.
2768 4280 2852 4334 Ad
2891 4279 3027 4335 istos
3072 4285 3254 4333 autem
3283 4276 3528 4331 dicentes
3558 4291 3572 4327 :

2007 4370 2439 4428 cPercussimus
2478 4371 2658 4425 foedus
2687 4386 2811 4425 eum
2847 4377 3044 4434 morte,
3091 4377 3146 4423 et
3185 4383 3311 4422 cum
3360 4367 3581 4421 inferno

2005 4463 2233 4518 fecimus
2264 4470 2518 4534 pactum;
2561 4460 2830 4531 flagellum
2872 4459 3149 4514 inundans
3183 4475 3308 4517 eum
3343 4458 3578 4512 transie-

329 4550 481 4605 λεται
541 4550 749 4623 θήσειν.
804 4552 948 4622 Πρὸς
1006 4551 1247 4616 ἐκείνους
1297 4551 1354 4605 δὲ
1408 4552 1534 4616 τοὺς
1588 4553 1894 4624 εἰρηκότας,

2001 4555 2091 4621 rit,
2121 4571 2231 4609 non
2261 4556 2439 4611 veniet
2483 4570 2646 4623 super
2678 4569 2810 4621 nos;
2858 4554 2986 4624 quia
3029 4553 3312 4622 posuimus
3352 4550 3575 4604 menda-

335 4662 359 4696 σ
401 4643 763 4715 Ἐποιήσαμεν
791 4642 1055 4715 διαθήκην
1099 4643 1241 4714 μετὰ
1267 4643 1358 4696 τοῦ
1406 4643 1554 4715 ᾅδου,
1602 4645 1695 4697 καὶ
1762 4643 1899 4714 μετὰ

330 4735 426 4791 τοῦ
447 4734 677 4790 θανάτου
703 4733 993 4807 συνθήκας
1020 4735 1276 4803 καταιγὶς
1307 4735 1602 4807 φερομένη,
1638 4734 1733 4789 ἐὰν
1758 4752 1899 4806 παρ-

331 4826 482 4901 έλθῃ,
519 4828 582 4882 οὐ
625 4827 702 4900 μὴ
747 4825 879 4901 ἔλθῃ
909 4826 994 4896 ἐφ’
1039 4826 1220 4898 ήμᾶς·
1268 4825 1544 4897 ἐθήκαμεν
1575 4825 1766 4896 ψεῦδος
1799 4826 1898 4899 τὴν

330 4920 522 4975 ἐλπίδα
563 4919 743 4992 ήμῶν,
799 4920 895 4973 καὶ
952 4916 1031 4990 τῷ
1082 4916 1269 4988 ψεύδει
1313 4918 1824 4990 σκεπασθησόμεθα,
1875 4938 1894 4971 ι

332 5010 683 5077 ὑποκαταϐὰς
715 5013 745 5066 6
791 5010 949 5080 λόγος
988 5009 1179 5082 φησίν·
1217 5028 1236 5061 ι
1281 5010 1346 5064 Oi
1374 5009 1692 5075 πεποιθότες
1722 5010 1899 5082 μάτην

327 5103 532 5174 ψεύδει,
557 5105 620 5157 οὐ
653 5103 727 5175 μὴ
760 5101 1006 5177 παρέλθῃ
1028 5102 1171 5173 ὑμᾶς
1196 5103 1471 5171 καταιγὶς,
1494 5101 1569 5174 μὴ
1601 5103 1694 5156 καὶ
1723 5102 1898 5175 ἀφέλῃ

329 5195 483 5269 ὑμῶν
504 5194 603 5267 τὴν
628 5195 890 5267 διαθήκην
918 5193 1014 5249 τοῦ
1045 5192 1296 5257 θανάτου,
1312 5193 1405 5247 καὶ
1431 5195 1464 5264 ἡ
1500 5192 1649 5256 ἐλπὶς
1676 5193 1829 5263 ὑμῶν
1862 5196 1895 5266 ή

331 5288 468 5360 πρὸς
507 5288 600 5341 τὸν
641 5287 774 5359 ᾅδην
802 5288 863 5342 οὐ
899 5286 973 5359 μὴ
1014 5286 1277 5358 ἐμμείνῃ·
1310 5285 1563 5354 καταιγὶς
1617 5285 1891 5357 φερομένη

330 5379 426 5434 ἐὰν
449 5379 674 5452 ἐπέλθῃ,
717 5379 905 5433 ἔσεσθε
945 5380 1081 5451 αὐτῇ
1109 5380 1191 5443 εἰς
1223 5379 1589 5449 καταπάτημα
1612 5394 1627 5408 ·
1663 5398 1682 5431 ι
1733 5377 1769 5432 ἃ
1800 5378 1897 5439 καὶ

328 5470 594 5545 πρόδηλον
621 5472 770 5535 ὅπως
800 5472 892 5525 ἐπὶ
920 5473 985 5543 τῇ
1028 5471 1300 5543 παρουσίᾳ
1326 5471 1419 5524 τοῦ
1450 5473 1697 5542 Σωτῆρος
1736 5471 1894 5543 ήμῶν

329 5569 409 5632 είς
459 5570 665 5623 ἐκεῖνον
708 5567 1065 5641 πεπλήρωται
1102 5569 1193 5622 τὸν
1231 5568 1380 5622 λαόν.
1422 5566 1752 5631 Ἀκολούθως
1788 5567 1897 5641 ἄρα

329 5656 493 5728 ἡμεῖς
529 5659 630 5713 οὐκ
660 5659 817 5714 ἄλλον
854 5657 1136 5732 ἡγούμεθα
1167 5655 1304 5712 εἶναι
1330 5661 1421 5714 τὸν
1454 5657 1778 5731 δηλούμενον
1804 5662 1894 5715 ἐν·

2001 4647 2152 4702 cium
2178 4662 2327 4718 spem
2353 4654 2624 4711 nostram,
2643 4654 2697 4702 et
2722 4647 3006 4701 mendacio
3044 4645 3274 4714 protecti
3310 4655 3522 4698 sumus.
3551 4657 3576 4689 ι

2000 4740 2165 4810 paulo
2194 4749 2317 4812 post
2356 4740 2578 4810 subjicit
2613 4738 2897 4809 Scriptura
2931 4758 2947 4792 :
2978 4757 2997 4790 ι
3028 4736 3139 4792 Vos
3165 4735 3258 4806 qui
3290 4732 3581 4792 mendacio

2002 4832 2207 4888 frustra
2230 4831 2423 4887 confisi
2443 4833 2601 4897 estis,
2646 4846 2758 4886 non
2792 4831 3047 4886 transibit
3071 4827 3356 4883 inundatio
3396 4836 3570 4892 aqua),

2002 4933 2057 4980 et
2097 4924 2367 4979 delebitur
2398 4922 2579 4979 fwdus
2612 4931 2858 4979 vestrum
2901 4937 3027 4977 cum
3054 4926 3230 4975 morte
3263 4925 3318 4972 et
3353 4920 3581 4985 pactum

2004 5026 2249 5073 vestrum
2289 5032 2413 5073 cum
2446 5016 2661 5073 inferno
2711 5032 2822 5072 non
2871 5015 3035 5072 stabit
3060 5032 3073 5068 :
3098 5009 3368 5081 ﬂagellum
3412 5008 3574 5062 inun-

2005 5114 2144 5169 dans
2163 5127 2288 5167 cum
2311 5105 2617 5177 transierit,
2651 5113 2807 5169 eritis
2829 5112 2879 5167 ei
2902 5111 2959 5165 in
2987 5101 3515 5164 conculcationem'.
3547 5116 3579 5150 »τ

2004 5205 2138 5273 Quae
2180 5203 2460 5260 evidenter
2494 5205 2795 5261 Salvatoris
2840 5201 3015 5258 nostri
3047 5200 3281 5255 adventu
3326 5196 3383 5251 in
3424 5192 3581 5247 hunc

2003 5296 2263 5366 populum
2295 5296 2515 5366 impleta
2538 5301 2688 5353 sunt.
2720 5292 2907 5362 Itaque
2930 5307 3030 5348 nos
3059 5306 3169 5346 non
3192 5288 3360 5342 alium
3381 5282 3571 5339 existi-

2001 5406 2215 5446 mamus
2247 5405 2392 5453 esse,
2427 5390 2520 5459 qui
2556 5389 2645 5443 hic
2681 5386 3009 5451 ostenditur,
3048 5382 3284 5455 lapidem
3312 5379 3577 5438 electumr

2001 5482 2291 5553 probatum
2343 5488 2398 5536 et
2441 5479 2764 5542 mirabilem,
2816 5479 2870 5532 in
2905 5492 3067 5548 quem
3109 5473 3202 5545 qui
3236 5470 3575 5527 crediderint

2000 5586 2112 5627 non
2165 5568 2592 5632 confundentur,
2650 5581 2715 5621 ac
2762 5575 3014 5622 sanctum
3064 5562 3160 5619 Dei
3206 5560 3473 5623 Verbum,
3511 5556 3577 5611 in

2000 5675 2133 5733 quo,
2176 5661 2324 5715 velut
2370 5657 2586 5729 lapideo
2631 5655 3008 5723 fundamento,
3056 5651 3360 5726 spiritualis
3392 5648 3571 5705 coale-

397 5770 416 5840 ξ
449 5768 730 5840 ιριιινι,
757 5768 843 5827 16.
876 5768 1060 5825 ’Psal.
1092 5786 1236 5827 xuv.
1313 5772 1334 5802 ³
1356 5770 1501 5827 Psal.
1524 5788 1693 5840 van,
1738 5773 1807 5829 12
1883 5774 1900 5805 ⁸

2001 5775 2118 5830 ιιῑὶι.
2184 5790 2264 5838 ιιι,
2323 5771 2406 5824 l7.
2485 5770 2863 5835 'lsa.xxvui,
2922 5769 3105 5823 Ii-l7.
3183 5763 3378 5820 'Phil.
3417 5778 3478 5832 ιι,
3504 5762 3566 5815 8.

334 5840 352 5871 τ
388 5837 410 5891 ι
455 5837 596 5895 Tim.
646 5855 721 5906 iv,
751 5840 801 5896 7.
856 5841 898 5916 ,⁸
924 5841 1023 5897 lsa.
1058 5856 1251 5909 xxviii,
1282 5840 1485 5908 17,18.
