4100 6468
513 385 650 440 1219

1155 379 1426 438 EUSEBll
1463 376 1939 435 CESARIENSIS
1971 374 2121 432 OPP.
2161 373 2342 430 PARS
2375 372 2461 427 111.
2499 403 2571 414 --
2610 370 3020 428 EXEGETICA.

3605 376 3746 432 1220

511 501 724 568 stisque
775 493 905 550 Sion
957 491 1336 556 ardilicabitur,
1395 491 1491 546 Dei
1548 490 1760 546 scilicet
1804 487 2066 543 Ecclesia.

2179 487 2341 541 ταῦθα
2384 486 2528 540 λίθον
2561 485 2815 540 ἐκλεκτὸν
2874 485 3180 558 θαυμαστόν
3210 505 3328 542 τινα
3363 488 3489 542 ὄντα
3518 489 3611 543 καὶ
3642 509 3747 546 πα-

512 605 533 638 ι
566 585 997 640 Fundamentum
1037 581 1180 634 enim
1223 580 1372 635 aliud
1422 593 1583 634 nemo
1629 585 1808 649 potest
1849 591 2071 648 ponere,

509 684 708 748 prater
740 673 793 728 id
832 673 974 744 quod
1000 673 1233 742 positum
1265 680 1370 736 est,
1401 671 1544 741 quod
1579 679 1661 726 est
1691 670 1948 725 Christus
1979 668 2072 723 Jc-

511 785 608 825 sus
631 779 669 822 ί.
704 787 722 819 ι
760 767 834 821 De
865 781 975 834 quo
1011 778 1064 819 et
1099 765 1152 818 in
1200 763 1433 819 Psalmis
1465 762 1670 817 dictum
1707 771 1792 817 est
1820 781 1832 814 :
1865 781 1882 812 ι
1916 760 2076 831 Lapi-

509 861 631 917 dem
663 874 822 928 quem
856 857 1286 927 reprobaverunt
1308 853 1657 916 aediﬁcantes,
1684 853 1772 907 hic
1797 852 1970 906 factus
1990 859 2075 907 est

511 954 567 1007 in
604 960 766 1021 caput
797 951 1038 1011 anguli’.
1075 970 1092 1000 ι
1137 956 1190 1003 et
1219 966 1238 998 ι
1268 947 1546 1017 angularis
1579 965 1596 995 ι
1626 953 1873 1000 vocatur.
1902 945 2071 1010 Quem

508 1058 638 1096 vero
669 1041 857 1094 Daniel
891 1054 1106 1109 quoque
1142 1037 1375 1107 lapidem
1409 1037 1798 1106 interpretatur
1817 1035 1883 1090 de
1915 1035 2076 1089 Chri-

511 1135 579 1190 sti
609 1148 800 1202 regno,
827 1149 949 1186 cum
999 1131 1133 1184 dicit
1159 1148 1170 1182 :
1200 1149 1217 1180 ι
1247 1127 1412 1197 Lapis
1438 1138 1637 1191 autem,
1667 1130 1757 1198 qui
1784 1142 2070 1196 percusse-

508 1237 592 1280 rat
629 1234 886 1289 statuam,
925 1223 1100 1276 l‘actus
1149 1229 1231 1276 est
1272 1235 1428 1274 mons
1454 1235 1704 1289 magnus,
1751 1226 1805 1274 et
1833 1219 2073 1289 implevit

515 1319 822 1372 universam
862 1315 1119 1369 terram’.
1152 1332 1169 1363 ι
1205 1313 1561 1367 Ᾱῑόίίὶςοηιθε
1594 1313 1761 1382 igitur
1797 1311 1952 1379 juxta
1995 1312 2072 1363 le-

509 1409 592 1479 gis
640 1409 875 1461 litteram
927 1405 1239 1470 aedilicium,
1276 1404 1422 1456 hunc
1473 1403 1902 1469 reprobaverunt
1936 1399 2072 1468 lapi—

508 1499 670 1554 dem:
703 1497 796 1567 qui
854 1495 1243 1558 nihilominus,
1285 1495 1354 1547 ab
1411 1494 1477 1548 iis
1520 1493 1864 1562 reprobatus,
1908 1498 2071 1559 caput

507 1590 712 1659 anguli,
735 1587 976 1658 gentium
1004 1587 1261 1641 videlicet
1291 1584 1542 1639 Ecclesiae
1569 1583 1897 1645 ostenditur,
1916 1582 2069 1651 juxta

507 1679 640 1734 illud
675 1696 693 1734 :
738 1699 756 1730 ι
785 1677 1102 1732 Constitues
1157 1692 1242 1730 me
1287 1677 1340 1728 in
1392 1681 1555 1744 caput
1594 1675 1837 1745 gentium
1863 1675 1902 1728 ⁸.
1939 1694 1956 1727 ι
2011 1672 2069 1728 ln

507 1774 655 1828 hunc
691 1772 858 1840 igitur
885 1772 1114 1840 lapidem
1149 1771 1240 1838 qui
1283 1767 1600 1831 crediderit,
1665 1782 1775 1822 non
1843 1767 2070 1822 confun-

2179 577 2417 651 ράδοξον,
2443 579 2520 642 ὡς
2551 578 2675 641 τοὺς
2713 577 3107 642 πιστεύσαντας
3145 581 3223 642 είς
3249 580 3409 634 αὐτὸν
3447 578 3522 652 μή
3559 599 3748 637 καται-

2177 669 2568 742 σχυνθήσεσθαι
2596 669 2690 723 τοῦ
2726 668 2872 740 ἱεροῦ
2915 670 3008 722 τοῦ
3045 670 3180 724 Θεοῦ
3224 671 3419 739 Λόγου,
3451 673 3534 740 ἐφ’
3569 672 3628 726 δν
3670 673 3747 737 ὡς

2174 765 2267 816 ἐπὶ
2308 763 2552 834 θεμέλιον
2585 763 2797 834 ἑδραῖον
2839 763 2872 832 ἡ
2923 761 3265 832 πνευματικὴ
3297 762 3390 832 καὶ
3430 763 3752 832 ἐπουράνιος

2173 853 2309 906 Σιὼν
2339 853 2698 925 ᾠκοδόμηται,
2743 854 2845 908 οὐκ
2885 854 3017 926 άλλη
3057 873 3140 918 τις
3172 851 3303 909 οῦσα
3332 855 3433 925 τῆς
3477 856 3570 910 τοῦ
3611 857 3748 912 Θεοῦ

2189 946 2541 1016 Ἐκκλησίαςο
2596 966 2614 998 ι
2659 947 2918 1018 Θεμέλιον
2957 947 3068 1019 γὰρ
3111 947 3267 1002 ἄλλον
3314 947 3486 1011 οὐδεὶς
3527 949 3748 1003 δύναται

2177 1034 2239 1105 (f.
2265 1037 2333 1090 50
2360 1038 2433 1106 v°)
2469 1037 2638 1090 θεῖναι
2673 1037 2822 1108 παρά
2842 1039 2932 1092 τὸν
2965 1039 3234 1109 κείμενον,
3269 1040 3326 1102 ὃς
3356 1041 3505 1092 ἐστιν
3543 1039 3751 1111 Ἰησοῦς

2175 1125 2436 1224 Χριστός·
2475 1147 2494 1180 ι
2533 1130 2660 1198 περὶ
2695 1129 2882 1184 τούτου
2921 1130 2978 1182 δὲ
3022 1132 3117 1184 καὶ
3143 1133 3199 1183 ὲν
3225 1131 3470 1201 Ψαλμοῖς
3500 1132 3770 1224 είρηταιη

2179 1235 2196 1265 ι
2239 1217 2416 1282 Λίθον,
2463 1219 2522 1272 ὃν
2568 1221 2978 1292 ἀπεδοκίμασαν
3027 1223 3076 1274 οί
3123 1222 3547 1292 οἰκοδομοῦντες,
3591 1216 3751 1285 οὗτος

2172 1308 2402 1378 ἐγενήθη
2435 1312 2511 1373 είς
2556 1311 2794 1382 κεφαλὴν
2833 1313 3053 1382 γωνίας,
3081 1333 3098 1364 ι
3134 1315 3227 1367 καὶ
3257 1333 3274 1365 ι
3300 1317 3690 1383 ἀκρογωνιαῖπ
3724 1335 3744 1366 ι

2170 1398 2516 1469 ὠνόμασται·
2564 1403 2752 1456 τοῦτον
2790 1404 2846 1457 δὲ
2891 1407 2983 1458 καὶ
3020 1405 3216 1476 Δανιὴλ
3258 1405 3346 1458 τὸν
3390 1405 3535 1457 λίθον
3575 1407 3753 1476 ἑρμη-

2169 1490 2312 1543 νεύει
2358 1493 2449 1544 ἐπὶ
2490 1494 2588 1564 τὴν
2635 1494 2732 1548 τοῦ
2775 1497 3008 1567 Χριστοῦ
3053 1497 3348 1568 βασιλείαν,
3392 1497 3520 1550 ἔνθα
3561 1497 3746 1566 λέγει·

2175 1601 2194 1633 ι
2236 1585 2345 1636 Καὶ
2387 1587 2414 1637 6
2445 1584 2589 1649 λίθος
2629 1590 2657 1640 6
2700 1588 2944 1652 πατάξας
2988 1589 3084 1659 τὴν
3133 1589 3338 1654 εἰκόνα,
3365 1590 3582 1656 ἐγένετο
3623 1589 3750 1661 ὄρος

2173 1674 2332 1744 μέγα,
2359 1677 2452 1728 καὶ
2470 1679 2760 1743 ἐπάταξεν,
2794 1679 2826 1750 ἢ
2850 1681 2943 1732 καὶ
2963 1681 3243 1752 ἐπλήρωσε
3272 1682 3449 1733 πᾶσαν
3464 1680 3561 1750 τὴν
3583 1681 3743 1750 γῆν.»

2171 1768 2234 1818 Ol
2280 1768 2376 1838 μὲν
2422 1765 2516 1822 οὖν
2556 1771 2958 1840 οἰκοδομοῦντες
2984 1771 3082 1842 τὴν
3127 1772 3268 1826 κατά
3296 1772 3354 1825 τὸ
3391 1773 3624 1843 γράμμα
3653 1769 3748 1823 τοῦ

506 1865 686 1928 detur,
741 1873 801 1919 ut
834 1879 958 1918 vere
989 1861 1314 1932 przenuntiat
1370 1874 1611 1930 praesens
1659 1858 1726 1912 de
1776 1859 1895 1927 ipso
1947 1875 2071 1929 pro-

2179 1858 2334 1928 νόμου
2364 1861 2671 1933 οἰκοδομὴν,
2695 1862 2881 1916 τοῦτον
2903 1863 3308 1930 ἀπεδοκίμασαν
3338 1861 3427 1915 τὸν
3450 1861 3594 1915 λίθον
3613 1879 3626 1891 ·
3650 1862 3752 1914 αὕ-

506 1957 706 2026 plietia.

2175 1951 2266 2014 τὸς
2293 1953 2349 2005 δὲ
2377 1955 2526 2008 οὐδὲν
2563 1951 2723 2027 ἦττον
2758 1957 2846 2010 ὑπ’
2883 1957 3104 2009 ἐκείνων
3148 1955 3620 2024 ἀποδοκιμασθεὶς,
3651 1971 3748 2008 κε-

507 2049 649 2119 φαλὴ
687 2048 884 2117 γωνίας
921 2049 1016 2117 τῆς
1059 2046 1164 2098 τῶν
1215 2045 1274 2111 ἐξ
1319 2044 1486 2098 ἐθνῶν
1571 2043 1892 2113 Ἐκκλησίας
1973 2045 2336 2101 ἀναδέδεικται
2379 2050 2518 2104 κατά
2564 2052 2624 2104 τὸ
2674 2052 2961 2122 εἰρημένον
3000 2069 3122 2116 που,
3173 2069 3191 2100 ‹
3254 2052 3626 2120 Καταστήσεις
3680 2067 3750 2121 με

507 2144 586 2205 είς
619 2140 855 2211 κεφαλὴν
889 2139 1075 2193 ἐθνῶν.
1115 2158 1133 2190 ι
1178 2137 1301 2192 Ἐπὶ
1336 2137 1520 2191 τοῦτον
1559 2135 1846 2207 τοιγαροῦν
1874 2136 1964 2191 τὸν
2014 2136 2158 2192 λίθον
2221 2144 2247 2195 6
2276 2143 2540 2196 πιστεύων
2589 2146 2650 2198 ού
2704 2143 3258 2215 καταισχυνθήσεται,
3311 2141 3752 2213 ὲπαληθευούσης

508 2237 599 2289 καὶ
635 2235 836 2306 ταύτης
867 2238 964 2307 τῆς
991 2235 1116 2304 περὶ
1144 2232 1306 2287 αὑτοῦ
1333 2232 1683 2304 προφητείας.

1145 2345 1374 2401 CAPUT
1407 2344 1548 2399 XIV.

587 2457 605 2491 ι
646 2439 785 2494 Ecce
806 2454 1005 2493 nomen
1035 2437 1247 2492 Domini
1277 2439 1424 2492 venit
1447 2437 1513 2490 de
1537 2437 1850 2506 longinquo,
1877 2437 2074 2493 ardens

507 2531 662 2588 furor
698 2533 818 2601 ejus
843 2539 896 2586 et
925 2531 1108 2600 gravis
1147 2530 1212 2584 ad
1257 2528 1586 2600 portandum
1629 2548 1640 2582 :
1669 2529 1810 2582 labia
1842 2528 1961 2597 ejus
1987 2543 2075 2582 re-

510 2626 654 2694 pleta
697 2633 824 2678 sunt
855 2621 1249 2691 indignatione,
1281 2629 1335 2676 et
1369 2621 1555 2691 lingua
1600 2622 1719 2691 ejus
1749 2622 1904 2689 quasi
1935 2619 2074 2690 ignis

509 2717 779 2772 devorans
807 2716 848 2768 ³.
873 2734 891 2766 ›
925 2713 1063 2780 Quid
1089 2722 1233 2768 esset
1263 2713 1468 2768 dictum
1500 2713 1588 2766 hic
1611 2727 1808 2766 nomen
1839 2709 2073 2775 Domini,

509 2807 618 2862 nisi
665 2805 810 2860 Deus
841 2803 1102 2867 Verbum,
1147 2820 1176 2858 a
1215 2819 1324 2873 quo
1358 2802 1544 2856 omnia
1589 2809 1773 2856 creata
1807 2802 1975 2855 sunt?
2003 2799 2076 2855 De

510 2898 748 2954 secunda
780 2898 944 2968 igitur
976 2905 1029 2952 et
1051 2897 1310 2966 praeclara
1361 2894 1484 2964 ejus
1518 2892 1963 2947 manifestatione
1987 2907 2078 2946 ac-

511 2990 760 3060 cipienda
794 2997 900 3055 est,
935 2997 992 3042 ut
1021 2989 1237 3058 opinor,
1269 2987 1384 3041 hac
1415 2985 1726 3057 prophetia.

1100 3189 1328 3244 CAPUT
1357 3187 1476 3244 XV.

595 3301 612 3335 ι
644 3282 768 3337 “me
791 3283 922 3336 dicit
955 3281 1215 3336 Dominus
1248 3301 1261 3339 :
1296 3281 1493 3337 Beatus
1522 3280 1615 3352 qui
1654 3279 1817 3334 habet
1847 3279 1902 3333 in
1943 3275 2077 3332 Sion

2103 3164 2152 3229 C

2697 2348 3093 2400 ΚΕΦΑΛΑΙΟΝ
3123 2349 3219 2400 IA'.

2251 2454 2272 2487 ι
2329 2437 2457 2491 Ἰδοὺ
2485 2437 2544 2490 τὸ
2575 2436 2743 2508 ὄνομα
2776 2438 2978 2509 Κυρίου
3020 2438 3234 2508 ἔρχεται
3271 2436 3358 2490 διὰ
3392 2438 3586 2492 πολλοῦ
3624 2441 3754 2510 χρό-

2176 2545 2289 2590 νου,
2318 2529 2604 2599 καιόμενος
2637 2529 2830 2600 θυμδς,
2863 2528 3002 2600 μετά
3021 2529 3176 2600 δόξης
3207 2530 3266 2581 τὸ
3296 2529 3473 2598 λόγιον
3497 2531 3605 2584 τῶν
3633 2549 3753 2602 χει-

2177 2618 2313 2673 λέων
2343 2621 2527 2685 αὑτοῦ,
2558 2621 2619 2675 τὸ
2658 2622 2836 2690 λόγιον
2873 2622 3046 2692 ὀργῆς
3080 2623 3304 2694 πλῆρες,
3347 2623 3440 2675 καὶ⁸
3475 2623 3612 2694 ὀργὴ
3652 2624 3754 2678 τοῦ

2177 2711 2350 2782 θυμοῦ
2390 2713 2464 2772 ὡς
2508 2713 2619 2786 πῦρ
2646 2714 2839 2766 ἔδεται.
2879 2733 2898 2766 ι
2935 2715 3043 2767 Καὶ
3071 2714 3122 2766 τί
3152 2712 3216 2766 ἂν
3240 2714 3322 2784 εζη
3367 2714 3427 2766 τὸ
3457 2713 3754 2785 λεγόμενον

2175 2803 2347 2874 ὄνομα
2375 2805 2579 2875 Κυρίου
2613 2806 2645 2876 ἦ
2679 2807 2708 2857 6
2735 2805 2866 2870 Θεὸς
2917 2806 3108 2873 Λόγος,
3154 2805 3220 2858 δι’
3250 2801 3310 2860 οὗ
3344 2808 3413 2859 τά
3458 2807 3754 2877 σύμπαντα

2177 2895 2504 2966 γεγένηται;
2535 2895 2617 2950 Τὰ
2650 2898 2899 2969 περὶτῆς
2927 2898 3182 2968 δευτέρας
3211 2898 3388 2950 τοίνυν
3417 2898 3511 2951 καὶ
3536 2896 3752 2963 ἐνδόξου

2179 2988 2344 3041 αὐτοῦ
2385 2989 2685 3061 παρουσίας
2716 2989 2922 3062 νομίζω
2948 2990 3041 3042 καὶ
3064 2990 3267 3062 ταύτην
3302 2989 3627 3044 αἰνίττεσθαι
3649 2991 3754 3060 τὴν

2178 3079 2532 3150 προφητείαν.

2697 3195 3091 3249 ΚΕΦΑΛΑΙΟΝ
3129 3196 3228 3248 ῙΕ’.

2253 3284 2392 3338 Τάδε
2419 3285 2568 3353 λέγει
2607 3285 2842 3357 Κύριος’
2884 3306 2902 3338 ι
2933 3287 3240 3358 Μακάριος,
3265 3285 3323 3349 ὃς
3365 3285 3476 3357 ἔχει
3525 3288 3581 3338 ἐν
3613 3285 3757 3339 Σιὼν

511 3390 720 3438 semen,
751 3381 806 3428 et
859 3374 1069 3428 incolas
1125 3374 1178 3429 in
1233 3372 1557 3428 Jerusalem.
1593 3371 1735 3426 Ecce
1783 3371 1930 3426 enim
1980 3385 2076 3425 rex

2185 3376 2425 3447 σπέρμα,
2461 3378 2556 3430 καὶ
2598 3379 2828 3442 οἰκείους
2858 3381 2914 3431 ἐν
2956 3379 3343 3449 Ἰερουσαλήμο
3379 3378 3486 3431 ἰδοὺ
3516 3378 3625 3450 γάρ
3658 3377 3757 3448 βα-

507 3466 690 3536 justus
707 3466 974 3535 regnabit,
998 3477 1050 3519 et
1074 3465 1349 3535 principes
1375 3465 1429 3518 in
1458 3463 1668 3534 judicio
1695 3473 1968 3533 praeerunt
1995 3462 2071 3515 ⁸.»

2184 3467 2362 3530 σιλεὺς
2406 3468 2612 3532 δίκαιος
2659 3469 2984 3539 βασιλεύσει,
3026 3473 3121 3524 καὶ
3165 3470 3422 3541 ἄρχοντες
3465 3471 3601 3540 μετά
3628 3471 3756 3540 κρί-

509 3557 762 3613 Christus
791 3557 886 3612 Dei
923 3556 1146 3612 dicens:
1186 3576 1204 3608 ‹
1240 3556 1351 3628 Ego
1409 3556 1746 3612 constitutus
1801 3569 1922 3609 sum
1978 3569 2072 3609 rex

2183 3575 2320 3622 σεως
2372 3560 2645 3630 ἄρξουσιν.
2685 3581 2703 3613 ι
2765 3563 2823 3616 ’0
2879 3563 3111 3634 Χριστὸς
3154 3562 3246 3614 τοῦ
3297 3561 3432 3614 Θεοῦ
3481 3563 3510 3612 6
3562 3558 3756 3625 εἰπὼν,

511 3664 674 3718 super
693 3664 788 3704 eos
825 3668 842 3700 ι
868 3649 921 3702 in
955 3649 1058 3702 hac
1079 3649 1364 3719 prophetia
1392 3647 1731 3718 designatur.
1757 3644 1862 3712 Qui
1895 3651 2075 3699 autem

510 3742 614 3797 sub
641 3756 706 3795 eo
727 3748 854 3796 sunt
882 3741 1177 3811 principes,
1204 3741 1437 3809 apostoli
1471 3739 1702 3800 scilicet,
1723 3745 1776 3792 et
1804 3737 2075 3791 Ecclesias

511 3833 566 3886 in
586 3832 795 3900 judicio
821 3830 916 3885 Dei
951 3832 1271 3900 dirigentes,
1307 3831 1420 3884 sive
1452 3829 1622 3882 divini
1668 3827 1866 3897 angeli,
1899 3827 2077 3880 homi-

509 3941 642 3979 num
689 3924 880 3979 salutis
934 3922 1269 3978 defensores.
1297 3919 1528 3989 Propter
1572 3921 1724 3973 illum
1759 3919 1946 3988 igitur,
1982 3919 2075 3987 qui

509 4017 651 4086 regit
683 4014 812 4069 Sion
837 4022 891 4069 et
927 4012 1249 4076 Ierusalem,
1269 4030 1288 4062 ι
1317 4011 1517 4066 Beatus
1547 4011 1638 4080 qui
1669 4010 1829 4064 habet
1857 4009 1911 4062 in
1946 4008 2078 4064 Sion

514 4122 698 4163 semen
714 4116 769 4161 et
788 4106 997 4160 incolas
1020 4106 1072 4158 in
1094 4103 1399 4158 Jerusalem
1421 4121 1435 4168 ;
1463 4122 1481 4154 ι
1505 4116 1626 4172 quae
1643 4110 1696 4154 et
1712 4109 2076 4170 congruenter

514 4199 582 4252 de
608 4195 909 4266 apostolico
935 4195 1131 4264 spiritu
1175 4193 1348 4263 accipi
1396 4200 1649 4261 possunt,
1685 4191 1948 4244 edocente
1977 4206 2079 4246 nos

515 4288 582 4342 dc
607 4301 841 4358 superna
862 4285 1164 4340 Jerusalem
1196 4294 1250 4339 et
1279 4284 1346 4338 de
1371 4283 1581 4336 caelesti
1612 4289 1795 4336 monte
1827 4279 1979 4336 Sion.

2187 3666 2206 3698 ι
2253 3648 2392 3717 Ἐγὼ
2424 3651 2481 3704 δέ
2517 3654 2856 3726 κατεστάθην
2895 3654 3146 3725 βασιλεὺς
3171 3655 3260 3707 ὑπ’
3281 3654 3468 3718 αὑτοῦ,
3494 3672 3514 3706 ι
3546 3652 3642 3707 καὶ
3665 3652 3762 3707 διὰ

2179 3739 2382 3793 τούτων
2410 3741 2696 3812 δηλοῦται·
2730 3743 2838 3798 εἷεν
2867 3747 2910 3799 δ’
2955 3745 3022 3799 ἂν
3049 3747 3097 3799 οί
3131 3747 3221 3798 ὑπ’
3267 3745 3428 3798 αὑτὸν
3473 3745 3756 3816 ἄρχοντες,

2178 3830 2298 3901 ἦτοι
2329 3833 2633 3900 ἀπόστολοι,
2667 3837 2760 3890 καί
2801 3839 2850 3890 οἱ
2883 3838 3018 3908 μετὰ
3058 3837 3190 3890 Θεοῦ
3227 3838 3460 3907 κρίσεως
3492 3837 3601 3890 τῶν
3641 3838 3762 3892 Ἐκ·

2179 3922 2417 3994 κλησιῶν
2441 3926 2696 3996 ἄρχοντες
2716 3929 2748 3997 ἢ
2779 3929 2998 3998 ἀγγελοι
3024 3929 3176 3992 θεῖοι,
3207 3929 3304 3998 τῆς
3325 3928 3432 3981 τῶν
3453 3926 3549 3981 ἀνθ
3559 3926 3759 3999 ρώπων

2181 4011 2364 4084 ἔφοροι
2397 4018 2700 4088 σωτηρίας·
2735 4018 2821 4072 διὰ
2854 4021 3042 4074 τοῦτον
3073 4021 3131 4074 δὲ
3157 4020 3247 4073 τὸν
3280 4019 3632 4090 βασιλεύοντα
3657 4018 3762 4087 τῆς

2183 4105 2321 4159 Σιὼν
2353 4108 2447 4160 καὶ
2478 4109 2579 4178 τῆς
2630 4111 3002 4184 Ἰερουσαλὴμ,
3027 4131 3044 4163 ι
3081 4113 3400 4179 Μακάριος,
3435 4111 3495 4174 ὃς
3540 4109 3652 4180 ἔχει
3701 4109 3762 4161 ἐν

2183 4195 2322 4250 Σιὼν
2352 4199 2594 4270 σπέρμα,
2632 4203 2726 4256 καὶ
2752 4204 2984 4267 οίκείους
3014 4205 3071 4256 ἐν
3108 4202 3484 4274 Ἰερουσαλήμ·
3529 4220 3547 4254 ι
3585 4199 3626 4256 ἃ
3661 4198 3763 4263 κμὶ

2183 4286 2349 4354 ἀξίως
2374 4291 2467 4344 τοῦ
2502 4293 2860 4348 ἀποστολικοῦ
2895 4296 3202 4368 πνεύματος
3233 4293 3645 4366 ἐκλη[μ]πτέον,
3672 4290 3726 4343 δι
3744 4319 3760 4334 -

514 4382 799 4443 δάσκοντος
837 4381 982 4451 ἡμᾶς
1010 4379 1082 4433 τὰ
1117 4380 1245 4451 περὶ
1288 4379 1386 4449 τῆς
1416 4378 1527 4432 ἀνω
1561 4375 1934 4448 Ἰερουσαλὴμ,
1982 4378 2076 4431 καὶ
2103 4381 2194 4433 τοῦ
2223 4383 2364 4439 Σιὼν
2395 4387 2720 4460 ἐπουρανίου
2760 4391 2941 4463 ὅρους.

1045 4607 1050 4613 -
1095 4579 1326 4637 CAPUT
1355 4579 1499 4636 XVI.

592 4696 611 4727 ι
650 4676 879 4740 Laetare,
929 4673 1169 4730 solitudo
1217 4676 1431 4737 sitiens,
1467 4673 1707 4736 exsulta,
1735 4672 1994 4736 solitudo,
2029 4681 2084 4726 et

516 4768 743 4824 ﬂoribus
765 4783 1018 4839 spargere
1050 4777 1108 4822 ut
1140 4767 1332 4821 lilium.
1364 4765 1692 4820 Germinans
1729 4763 2080 4835 germinabit,

517 4868 571 4914 et
595 4860 892 4916 exsultabit
930 4858 1238 4913 laetabunda
1287 4864 1341 4912 et
1387 4857 1616 4912 laudans
1646 4875 1662 4912 :
1691 4856 1862 4926 gloria
1888 4853 2084 4908 Libani

517 4950 644 5004 data
666 4959 750 5006 est
777 4951 825 5005 ei
835 4957 889 5005 et
908 4951 1073 5005 decor
1087 4949 1325 5004 Carmeli
1347 4967 1360 5012 ;
1378 4955 1431 5003 et
1443 4949 1680 5019 populus
1707 4962 1862 5002 meus
1881 4943 2086 4999 videbit

518 5043 745 5114 gloriam
772 5041 986 5096 Domini
1023 5050 1078 5097 et
1101 5040 1445 5095 altitudinem
1469 5040 1582 5096 Dei.
1610 5037 1930 5094 Confortate
1961 5051 2078 5090 ma-

516 5150 624 5189 nus
669 5133 988 5196 dissolutas,
1023 5139 1076 5186 et
1125 5147 1304 5203 genua
1352 5132 1550 5186 debilia
1579 5131 1858 5185 roborate.
1910 5126 2084 5183 Dicite

517 5223 881 5293 pusillanimis
919 5243 931 5276 :
964 5221 1360 5277 Confortamini
1400 5231 1454 5277 et
1497 5222 1666 5276 nolite
1694 5221 1921 5276 timere:
1957 5235 2085 5276 ecce

519 5310 662 5368 Deus
688 5320 868 5367 vester
894 5312 1156 5366 ultionem
1200 5313 1437 5367 adducet
1485 5310 1861 5366 retributionis
1890 5327 1908 5364 :
1938 5308 2082 5366 Deus

518 5403 633 5474 ipse
658 5403 838 5458 veniet
860 5410 915 5458 et
940 5403 1170 5459 salvabit
1206 5418 1328 5457 nos.
1375 5402 1531 5456 Tunc
1577 5404 1891 5472 aperientur
1937 5403 2082 5457 oculi

520 5507 812 5558 caecorum,
845 5503 898 5549 et
927 5508 1088 5550 aures
1116 5494 1409 5550 surdorum
1436 5493 1718 5562 patebunt.
1751 5491 1906 5548 Tunc
1927 5495 2084 5548 saliet

523 5583 663 5638 sicut
695 5600 892 5640 cervus
927 5586 1174 5649 claudus,
1208 5596 1260 5640 et
1290 5593 1476 5656 aperta
1519 5585 1622 5639 erit
1666 5585 1850 5656 lingua
1901 5595 2081 5641 muto-

598 5741 614 5771 ¹
646 5741 820 5795 lCor.
859 5757 940 5808 tu,
973 5743 1057 5796 ll.
1137 5745 1156 5774 ²
1187 5742 1328 5796 Psal.
1351 5757 1517 5806 cxvn,
1544 5741 1633 5795 ἓξ.

525 5824 696 5874 mm,
724 5812 773 5864 l.

1733 5743 1752 5774 ³
1791 5740 1922 5796 Dan.
1947 5758 2008 5806 tt,
2035 5742 2124 5796 '53.

2113 4550 2158 4605 D

2707 4584 3098 4641 ΚΕΦΑΛΑΙΟΝ
3129 4585 3244 4654 ις’.

2239 4689 2258 4723 ι
2282 4669 2645 4744 Εὐφράνθητι,
2672 4674 2874 4746 ἔρημος
2901 4675 3129 4745 διψῶσα.
3147 4675 3511 4745 ἀγαλλιάσθω,
3531 4675 3771 4746 ἔρημος,

2184 4765 2280 4817 καὶ
2307 4765 2536 4819 ἀνθείτω
2584 4765 2660 4829 ὡς
2706 4767 2888 4840 κρίνον
2907 4785 2922 4799 ·
2953 4768 3046 4822 καὶ
3072 4767 3354 4838 ὲξανθήσει
3381 4768 3474 4821 καὶ
3499 4765 3766 4834 ἀγαλλιάέ

2187 4874 2337 4911 σεται
2378 4857 2558 4930 ἔρημα
2599 4858 2694 4912 τοῦ
2737 4859 2996 4930 Ἰορδάνου
3016 4877 3030 4889 ·
3063 4859 3157 4913 καὶ
3184 4862 3218 4929 ἡ
3251 4859 3379 4924 δόξα
3406 4858 3500 4912 τοῦ
3527 4857 3767 4911 Λιϐάνου

2185 4947 2526 5021 ἐδόθημύτῇ,
2545 4950 2639 5003 καὶ
2661 4952 2694 5021 ἠ
2718 4950 2849 5022 τιμὴ
2869 4951 2962 5004 τοῦ
2990 4950 3285 5023 Καρμήλου
3305 4967 3319 4980 ο
3346 4950 3439 5002 καὶ
3457 4950 3487 5002 ὁ
3504 4949 3630 5012 λαός
3656 4966 3766 5020 μου

2183 5039 2372 5109 ἅψεται
2392 5041 2489 5112 τὴν
2509 5040 2666 5108 δόξαν
2685 5042 2889 5113 Κυρίου
2925 5042 3018 5095 καὶ
3060 5043 3121 5096 τὸ
3143 5041 3274 5112 ὕψος
3291 5041 3386 5094 τοῦ
3412 5040 3566 5093 Θεοῦ.
3585 5040 3765 5110 Ἰσχύο

2188 5151 2337 5199 σατε,
2371 5137 2550 5207 χεῖρες
2592 5135 2892 5206 ἀνειμέναι,
2926 5138 3020 5188 καὶ
3063 5136 3262 5203 γόνατα
3305 5131 3724 5201 παραλελυμένα
3746 5149 3763 5162 ⁸

2189 5225 2629 5296 παρακαλέσατε,
2655 5225 2962 5295 ὀλιγόψυχοι
3002 5227 3068 5296 τῇ
3095 5223 3300 5294 διανοίᾳ
3319 5242 3333 5256 ο
3371 5222 3646 5291 ἰσχύσατε,
3687 5222 3766 5291 μὴ

2189 5315 2468 5385 φοϐεῖσθε·
2507 5315 2615 5370 ίδοὺ
2648 5316 2677 5368 6
2709 5315 2841 5378 Θεὸς
2862 5318 2894 5386 ἡ
2905 5315 3020 5386 μῶν
3043 5315 3222 5385 κρίσιν
3251 5312 3644 5367 ἀνταποδίδωσι
3667 5311 3766 5377 καὶ

2188 5403 2554 5458 ἀνταποδώσει
2579 5421 2592 5436 °
2623 5405 2784 5469 αὐτὸς
2799 5405 2938 5476 ἥξει,
2959 5407 3052 5459 καὶ
3081 5405 3243 5458 σώσει
3269 5405 3444 5474 ἡμᾶς’
3473 5403 3597 5455 τότε
3626 5401 3768 5455 ἀνοι-

2189 5497 2475 5569 χθήσονται
2505 5497 2772 5569 ὀφθαλμοὶ
2812 5496 3051 5567 τυφλῶν,
3082 5499 3175 5550 καὶ
3214 5490 3329 5550 ὦτα
3369 5495 3568 5564 κωφῶν
3599 5492 3768 5547 ἀκού-

2191 5601 2372 5641 σονται
2387 5605 2399 5617 ·
2425 5586 2544 5639 τότε
2564 5588 2772 5642 ἀλεῖται
2795 5587 2871 5652 ὡς
2886 5588 3081 5657 ἔλαφος
3103 5586 3290 5658 χωλὸς,
3307 5587 3400 5640 καὶ
3418 5585 3589 5657 τρανὴ
3612 5584 3767 5637 ἔσται

2233 5740 2579 5808 ⁸Ρεςι1.ινιι,
2618 5743 2703 5797 45.
2806 5745 2825 5776 ⁵
2853 5743 2954 5798 lsa.
2991 5760 3118 5798 xxx.
3148 5743 3216 5797 27
3299 5745 3320 5774 ⁶
3353 5741 3460 5797 lsa.
3497 5756 3650 5807 sui,
3687 5739 3760 5807 9;
