4100 6428
224 453 225 456 γ
320 381 448 438 tm

1338 368 1634 428 ECLOGA}
1674 367 1900 426 PROPH

2010 368 2155 426 [ΟΕ.
2195 399 2267 409 —-
2300 367 2427 424 LIB.
2457 369 2548 428 IV.
3437 375 3576 430 ηεξ).

319 495 536 566 γλῶσσα
581 496 903 568 μογιλάλων,
937 493 1018 547 δτι
1060 489 1270 562 ἐρράγη
1309 489 1368 542 ἐν
1406 491 1472 559 τῇ
1515 489 1707 560 ἐρήμῳ
1735 489 1900 560 ὕδωρ,

2010 504 2125 543 rum
2151 507 2170 544 V:
2204 490 2330 560 quia
2361 490 2549 546 scissae
2577 498 2704 546 sunt
2738 492 2793 547 in
2817 492 3035 548 deserto
3066 507 3242 564 aquae,
3275 501 3330 550 et
3363 501 3576 550 torren-

322 590 417 644 καὶ
447 588 660 660 φάραγξ
709 592 767 642 ἐν
812 590 883 657 γῇ
922 581 1129 654 διψώσῃ
1149 598 1163 612 ’
1195 582 1344 651 καὶὴ
1380 579 1604 651 ἄνυδρος
1639 579 1788 632 ἔσται
1818 583 1897 645 εἰς

2010 587 2082 632 Lcs
2112 577 2167 631 in
2198 579 2510 635 solitudine.
2555 577 2622 633 Et
2669 596 2791 650 quae
2838 588 2954 636 erat
2998 581 3152 636 arida
3203 583 3308 636 erit
3352 583 3406 637 in
3463 591 3578 639 sta-

322 681 440 753 ἒλη.
467 683 561 735 καὶ
597 683 675 745 εἰς
697 679 794 752 τὴν
821 677 1060 748 διψῶσαν
1085 673 1190 744 γῆν
1222 673 1370 742 πηγὴ
1416 672 1622 724 ὑδάτων
1666 670 1836 728 ἔσται.
1872 692 1892 725 ι

335 773 459 828 Ἐπὶ
499 777 565 846 τῇ
607 773 702 828 τοῦ
753 770 887 827 Θεοῦ
931 768 1202 840 παρουσίᾳ
1230 765 1328 830 τὰς
1361 765 1698 836 παραδόξους
1730 766 1900 830 ἰάσεις

325 863 538 918 ἔσεσθαι
586 860 960 935 προαγορεύει.
987 857 1180 926 Σαφῶς
1225 851 1316 908 οῦν
1357 855 1451 907 καὶ
1494 853 1679 906 ἐνθάδε
1708 855 1772 924 τῇ
1805 852 1898 906 τοῦ

325 955 460 1012 Θεοῦ
495 955 834 1029 προσηγορίᾳ
875 953 902 1004 ὁ
933 950 1166 1022 Χριστὸς
1202 947 1294 1001 τοῦ
1329 946 1464 1000 Θεοῦ
1491 942 1899 1018 τετίμηται·.οῦ

327 1049 419 1104 ἐπὶ
441 1051 506 1120 τῇ
541 1046 808 1118 παρουσίᾳ
835 1043 928 1098 καὶ
953 1039 1279 1112 σωματικῶς
1305 1039 1402 1109 μὲν
1431 1038 1486 1091 αἱ
1510 1039 1900 1110 προειρημέναι

328 1143 610 1216 θεραπεῖαι
641 1135 863 1191 ἐπὶτῶν
895 1133 1210 1204 πασχόντων
1238 1127 1701 1198 ἀπετελέσθησαν,
1725 1129 1785 1197 (1⁸.
1810 1129 1901 1200 51)

328 1231 768 1306 θαυμασιώτερον
798 1231 841 1282 δ’
862 1228 940 1282 ἐτι
973 1226 1066 1280 καὶ
1099 1223 1194 1278 νῦν
1225 1220 1572 1293 ἐνεργοῦνται
1593 1221 1680 1274 διὰ
1701 1222 1800 1292 τῆς
1823 1224 1904 1285 εἰς

327 1324 489 1380 αὐτὸν
537 1322 791 1384 πίστεως,
822 1319 1023 1381 παντὸς
1074 1313 1408 1379 ἁπαξαπλῶς
1435 1312 1529 1364 τοῦ
1559 1313 1665 1366 τῶν
1696 1311 1904 1384 ἀνθρὼ-

328 1433 444 1470 πων
463 1415 650 1484 γένους
678 1412 782 1466 τῶν
812 1411 950 1465 κατὰ
976 1407 1153 1479 ψυχὴν
1184 1406 1374 1461 παθῶν
1408 1405 1898 1475 άπαλλαττομένου.

339 1508 576 1581 Ἐρῤάγη
603 1507 658 1559 δέ
685 1507 742 1557 ἐν
757 1507 822 1574 τῇ
857 1503 1047 1574 ἐρήμῳ
1066 1499 1210 1571 ὓδωρ
1244 1498 1411 1569 ἐπἰξτῇ
1442 1495 1676 1568 Χριστοῦ
1701 1514 1905 1567 παρου-

331 1599 420 1670 σίᾳ
445 1599 541 1652 καὶ
580 1595 796 1668 φάραγξ
827 1597 884 1647 ἐν
932 1595 1000 1664 γῇ
1043 1590 1274 1662 διψώσῃ,
1304 1589 1398 1643 τοῦ
1426 1589 1654 1659 ποτίμου
1682 1589 1774 1641 καὶ
1798 1587 1904 1652 ζω-

327 1689 478 1744 τικοῦ
526 1689 684 1756 λόγου
729 1685 1129 1754 ἀναϐλύσαντος
1181 1684 1239 1734 ἐν
1285 1686 1350 1752 τῇ
1383 1681 1552 1734 πάλαι
1583 1681 1775 1753 ἐρήμῳ
1807 1679 1902 1733 καὶ

326 1779 531 1851 διψώσῃ
581 1781 674 1850 γῇ,
707 1780 774 1848 τῇ
806 1776 864 1844 ἐξ
890 1774 1057 1828 ἐθνῶν
1103 1773 1416 1843 Ἐκκλησία,
1455 1773 1513 1825 ἐν
1641 1772 1905 1842 πρότερον

327 1871 462 1943 οὔσῃ
492 1872 704 1941 ἀνύδρῳ
737 1870 831 1922 καὶ
857 1867 1085 1938 διψαλέα
1116 1865 1326 1936 ἁθρόως
1360 1865 1509 1936 πηγὴ
1534 1863 1630 1917 τοῦ
1659 1863 1767 1917 τῶν
1803 1865 1908 1934 Ἰη-

330 1962 422 2016 σοῦ
451 1963 622 2031 λόγων
653 1982 668 2008 ε
699 1960 888 2023 ὓδατος
922 1958 1123 2023 ζῶντος
1163 1957 1456 2027 ἁλλομένου
1498 1957 1576 2019 εἰς
1607 1956 1748 2028 ζωὴν
1779 1954 1906 2009 ait!»

329 2071 440 2110 νιον
470 2074 488 2106 ι
522 2052 880 2123 ἀνώμόρησεν
903 2068 916 2081 ·
946 2053 1034 2121 ὑφ’
1065 2047 1133 2123 ἧς
1164 2049 1345 2120 πηγῆς
1375 2047 1702 2119 ποτιζομένῃ
1742 2048 1908 2121 ἀνθή-

330 2159 442 2198 σειν
468 2143 543 2206 ὡς
575 2141 758 2213 κρίνον
794 2140 1010 2209 λέγεται
1039 2140 1073 2210 ή
1101 2139 1232 2192 ποτέ
1274 2138 1498 2210 ἔρημος,
1525 2138 1909 2209 εὐφραίνεσθαι

327 2251 388 2288 τε
419 2233 514 2286 καὶ
541 2232 804 2302 ἁγαλλιᾷν
854 2231 1279 2302 προστάττεται’
1314 2230 1410 2283 καὶ
1461 2232 1493 2302 ἡ
1538 2229 1686 2284 αἰτία
1719 2230 1776 2284 δὲ
1808 2229 1908 2302 τῆς

328 2323 663 2396 εὐφροσύνης
685 2324 778 2377 καὶ
806 2323 906 2393 τῆς
929 2323 1296 2392 ἀγαλλιάσεως
1318 2321 1903 2394 ἐπιλέγεται,ἐπείπερ,

330 2419 492 2489 φησὶν
529 2436 547 2468 t
577 2416 732 2486 ἐδόθη
775 2417 910 2486 αὐτῇ
941 2417 973 2486 ή
1009 2415 1135 2480 δόξα
1176 2412 1270 2468 τοῦ
1330 2413 1586 2478 Λιϐάνου,
1612 2433 1630 2464 ι
1661 2414 1906 2469 τουτέστι

328 2509 427 2580 τῆς
462 2507 762 2579 Ἱερουσαλή
773 2522 840 2578 μ·
869 2506 999 2576 περὶ
1027 2500 1094 2578 ἧς
1129 2507 1186 2558 ἐν
1215 2507 1334 2568 ταῖς
1361 2503 1664 2576 άνωτέραις
1691 2522 1906 2577 προφη-

329 2602 500 2665 τείαις
533 2600 766 2669 ἐλέγετο,
787 2599 862 2662 ὡς
887 2599 1020 2663 ὃτι,‹
1045 2597 1153 2651 Καὶ
1182 2598 1212 2650 ὁ
1242 2597 1472 2660 Λίϐανος
1501 2598 1596 2650 σὺν
1620 2599 1734 2659 τοῖς
1766 2597 1904 2668 ὑψη-

328 2694 440 2757 λοῖς
474 2695 735 2746 πεσεῖται.
764 2709 782 2743 ι
836 2683 910 2744 Ob
943 2689 1255 2760 πεσόντοςὴ
1290 2688 1552 2760 πρότερον
1586 2689 1907 2760 ὑπάρχουσα

330 2787 386 2838 ἐν
417 2784 567 2856 αὐτῷ
597 2782 722 2848 δόξα
765 2786 832 2855 τῇ
883 2780 978 2835 νῦν
1023 2780 1482 2851 εὐαγγελιζομένῃ
1513 2779 1725 2850 ἐρήμῳ,
1753 2797 1902 2833 τουτ-

330 2876 445 2930 έστι
491 2879 556 2948 τῇ
607 2875 666 2940 ἐξ
704 2875 872 2928 ἐθνῶν
907 2873 1220 2943 Ἐκκλησίᾳ,
1261 2871 1414 2943 ἐδόθη
1451 2873 1546 2925 σὺν
1577 2875 1644 2941 τῇ
1674 2875 1804 2944 τιμῇ
1838 2875 1904 2944 τῇ

331 2966 570 3038 προτέρᾳ
603 2965 697 3019 τοῦ
737 2965 1028 3036 λεγομένου
1059 2964 1380 3034 Καρμήλου,
1410 2963 1568 3032 δῆλον
1609 2965 1653 3016 δ’
1688 2967 1770 3018 ὅτι
1810 2964 1905 3018 τοῦ

331 3057 594 3128 προτέρου
624 3055 774 3109 λαοῦ.
807 3056 994 3110 Ταῦτα
1034 3054 1090 3108 δέ
1126 3055 1314 3123 σαφῶς
1351 3053 1490 3124 μετὰ
1520 3054 1617 3126 τὴν
1645 3054 1741 3107 τοῦ
1769 3057 1905 3128 Χρι-

1999 684 2186 740 gnum,
2221 677 2276 724 et
2307 670 2501 724 sitiens
2548 671 2603 724 in
2655 670 2836 727 fontes
2863 687 3128 741 aquarum
3156 674 3194 728 ¹.
3238 693 3256 725 ›
3297 673 3390 729 Dei
3439 690 3579 744 prat-

2001 762 2177 816 sentia
2233 763 2586 818 admirabiles
2659 763 2774 820 fore
2828 767 3141 820 sanationes
3214 768 3594 860 praenuntiaL'?

1999 848 2200 920 Aperte
2235 851 2516 922 igiturhic
2551 869 2769 924 quoque
2812 853 2906 909 Dei
2939 855 3291 924 praedictione
3320 857 3576 914 Christus

2006 940 2100 997 Dei
2131 943 2474 1013 gloriﬁcatus
2504 955 2608 1002 est.
2631 947 2802 1016 Cujus
2829 950 3115 1018 praesentia
3143 959 3195 1004 et
3220 953 3579 1020 corporaliter

2003 1035 2220 1104 quidem
2247 1037 2514 1106 praedictae
2537 1041 2848 1095 sanationes
2880 1043 2932 1094 in
2963 1042 3338 1100 laborantibus
3386 1046 3579 1114 imple-

2004 1136 2072 1182 tte
2092 1136 2243 1191 sunt,
2281 1130 2589 1187 mirabilius
2624 1148 2753 1186 vero
2785 1150 2929 1187 nunc
2958 1134 3142 1190 adhuc
3165 1148 3491 1192 exercentur
3522 1137 3575 1192 in

2004 1234 2126 1274 eum
2160 1221 2284 1285 (ide,
2312 1223 2460 1277 omni
2490 1223 2770 1278 hominum
2797 1242 2992 1296 genere
3013 1229 3227 1284 cunctis
3251 1231 3444 1286 anima:
3469 1245 3580 1285 tua-

2007 1313 2076 1367 lis
2107 1313 2332 1380 penitus
2360 1314 2632 1368 exsoluto.
2672 1313 2872 1370 Scissa:
2915 1326 3041 1373 sunt
3073 1318 3125 1371 in
3168 1320 3386 1375 deserto
3424 1336 3580 1392 aqua;

2005 1400 2211 1457 Christi
2249 1405 2560 1471 praesentia.
2605 1411 2659 1460 et
2714 1414 2983 1462 torrentes
3036 1409 3090 1462 in
3146 1419 3290 1465 terra
3336 1407 3576 1478 sitiente,

2007 1495 2240 1549 salutari
2294 1504 2349 1548 et
2401 1496 2715 1553 viviﬁcante
2747 1501 2914 1554 verbo
2944 1517 3258 1576 emergente
3302 1505 3355 1558 in
3398 1521 3579 1575 quou-

2007 1589 2130 1642 dam
2173 1588 2392 1643 deserta
2429 1598 2481 1644 et
2513 1591 2734 1646 sitiente
2763 1601 2931 1660 terra,
2959 1599 3199 1666 gentium
3243 1601 3446 1654 scilicet
3477 1597 3582 1653 Ec—

2009 1679 2196 1741 cle‘sia,
2224 1679 2279 1733 in
2333 1696 2464 1750 qua,
2494 1698 2616 1735 cum
2655 1685 2787 1738 olim
2819 1687 2966 1742 sicca
3009 1695 3062 1742 et
3105 1689 3380 1743 sitibuuda
3409 1697 3578 1754 esset,

2011 1768 2298 1825 afﬂuenter
2323 1771 2452 1828 Jesu
2485 1775 2770 1829 verborum
2805 1777 2925 1833 fons
2965 1797 2983 1830 ι
3025 1795 3181 1850 aqua:
3227 1781 3473 1838 salientis
3525 1783 3583 1838 in

2011 1862 2178 1916 vitam
2203 1871 2460 1919 aeternam
2487 1869 2507 1898 ³
2547 1887 2564 1919 ι
2593 1868 2841 1938 proﬂuet.
2873 1870 2994 1938 Quo
3029 1872 3178 1930 fonte
3221 1876 3464 1946 irrigata,
3487 1874 3586 1930 llo-

2012 1964 2194 2011 rescet
2218 1965 2277 2010 ut
2301 1957 2497 2022 lilium,
2534 1962 2688 2031 prius
2718 1963 2929 2020 deserta
2953 1973 3124 2029 terra,
3153 1967 3384 2039 ideoque
3413 1970 3586 2026 laetari

2012 2054 2066 2100 et
2085 2047 2362 2103 exsultare
2386 2048 2628 2118 iubetur.
2659 2052 2837 2111 Causa
2870 2073 2998 2111 vero
3029 2059 3230 2114 laetitiae
3255 2068 3306 2114 et
3335 2063 3586 2117 exsulta—

2013 2136 2178 2191 tionis
2211 2138 2524 2208 subjicitur,
2559 2145 2840 2213 quoniam,
2877 2149 2974 2212 ait,
3000 2167 3018 2198 ι
3046 2149 3173 2204 data
3212 2158 3294 2206 est
3333 2152 3381 2207 ei
3413 2153 3586 2223 gloria

2013 2225 2229 2293 Libani,
2267 2248 2285 2280 ι
2319 2231 2372 2285 id
2407 2241 2490 2288 est
2518 2233 2856 2305 Jerusalem;
2891 2240 2957 2294 de.
2989 2257 3092 2309 qua
3125 2241 3178 2296 in
3207 2245 3587 2313 superioribus

2012 2321 2316 2390 prophetiis
2347 2324 2554 2379 dictum
2611 2337 2715 2392 est,
2760 2349 2777 2380 ι
2815 2332 2881 2386 Ει
2919 2331 3158 2388 Libanus
3187 2343 3311 2388 eum
3352 2338 3585 2393 excelsis

2015 2412 2192 2468 cadet.
2237 2433 2255 2464 ›
2295 2414 2414 2481 Quo
2447 2417 2730 2475 decidente
2779 2437 2900 2492 quae
2950 2425 3102 2494 prius
3151 2426 3204 2480 ei
3251 2434 3368 2481 erat
3411 2429 3586 2497 gloria

2012 2517 2160 2556 nunc
2193 2507 2580 2576 evangelizatae
2619 2511 2923 2576 solitudini.
2958 2517 3198 2586 gentium
3245 2518 3455 2572 scilicet
3484 2517 3588 2574 Ec-

2012 2597 2229 2664 clesiae,
2277 2601 2403 2655 data
2459 2613 2544 2660 est
2599 2621 2721 2660 cum
2773 2609 3008 2678 pristino
3072 2614 3306 2668 (.‘armeli
3363 2616 3582 2680 decore,

2011 2691 2232 2760 prioris,
2266 2700 2326 2746 ut
2359 2695 2545 2766 liquet,
2581 2701 2788 2770 populi.
2821 2700 2947 2757 Haec
2997 2712 3180 2760 autem
3230 2714 3414 2776 aperte
3462 2716 3588 2777 post

2014 2784 2221 2842 Christi
2248 2789 2540 2846 adventum
2573 2795 2750 2865 reipsa
2775 2799 2981 2851 exitum
3011 2798 3254 2855 habuere
3281 2816 3586 2872 congruen-

2015 2885 2121 2931 tem
2157 2893 2280 2933 cum
2317 2891 2586 2950 praesente
2613 2888 2920 2956 prophetia,
2963 2906 3086 2960 qua:
3124 2891 3307 2960 ipsius
3337 2891 3589 2947 Salvato-

2013 2968 2090 3024 ris
2123 2985 2257 3025 voce
2285 2973 2420 3027 dicit
2453 2994 2466 3029 :
2507 2994 2525 3026 (
2566 2975 2885 3033 Elevabitur
2917 2996 3145 3052 regnum
3181 2981 3303 3050 Dei,
3332 2993 3386 3038 et
3433 2983 3589 3038 dabi-

2013 3069 2104 3115 tur
2130 3065 2277 3132 geuti
2311 3065 2532 3121 facienti
2565 3067 2779 3124 fructus
2803 3071 2923 3140 ejus
2952 3073 2993 3126 ³.
3037 3093 3054 3125 ι

333 3152 457 3207 ατοῦ
503 3152 803 3224 παρουσίαν
849 3149 1028 3222 ἔργοις
1056 3148 1208 3213 τέλος
1241 3148 1463 3220 εἴληφεν
1493 3149 1800 3215 ἀκολούθως
1829 3155 1897 3224 τῇ
1937 3170 1998 3206 τε
2045 3156 2184 3226 μετὰ
2222 3163 2410 3233 χεῖρας
2458 3164 2793 3236 προφητείᾳ,
2843 3166 2938 3220 καὶ
2979 3169 3046 3238 τῇ
3107 3168 3389 3242 φασκούσῃ
3427 3169 3590 3224 αὐτοῦ

330 3245 422 3300 τοῦ
450 3247 700 3317 Σωτῆρος
727 3243 882 3316 ἡμῶν
913 3246 1086 3315 φωνῇ,
1111 3243 1187 3306 ὡς
1244 3243 1351 3314 ἄρα
1383 3262 1402 3295 ‹
1447 3243 1769 3314 Ἀρθήσεται
1799 3247 1833 3318 ή
1863 3246 2110 3316 βασιλεία
2142 3253 2236 3307 τοῦ
2280 3255 2437 3322 Θεοῦ,
2497 3260 2592 3312 καὶ
2637 3259 2925 3332 δοθήσεται
2965 3261 3109 3317 ἔθνει
3172 3265 3414 3318 ποιοῦντι
3467 3265 3593 3328 τοὺς

329 3341 575 3411 καρποὺς
605 3339 796 3410 αὐτῆς.
830 3358 852 3390 ι

848 3455 1146 3507 ΚΕΦΑΛΑΙ
1154 3455 1244 3506 0N
1277 3457 1374 3508 IZ'.

409 3568 427 3600 ι
445 3549 599 3621 Φωνὴ
625 3549 852 3619 βοῶντος
873 3553 930 3603 ἐν
949 3553 1015 3621 τῇ
1041 3551 1231 3620 ἐρήμῳ
1247 3567 1260 3579 ’
1295 3550 1650 3621 Ἑτοιμάσατε
1671 3551 1770 3622 τήν
1790 3552 1908 3606 ὁδὸν

334 3642 572 3713 Κυρίουο
609 3641 825 3707 εὐθείας
871 3645 1073 3696 ποιεῖτε
1107 3640 1206 3706 τὰς
1247 3642 1466 3714 τρίϐους
1512 3642 1714 3696 αὐτοῦ’
1759 3645 1911 3697 πᾶσα

334 3736 550 3810 φάραγξ
582 3738 1020 3810 πληρωθήσεται,
1049 3740 1142 3793 καὶ
1177 3740 1284 3792 πᾶν
1310 3738 1436 3811 ὅρος
1471 3738 1565 3791 καὶ
1599 3738 1786 3810 βουνὸς
1815 3755 1914 3793 τα-

333 3828 729 3899 πεινωθήσεται
749 3847 761 3860 ο
779 3831 874 3883 καὶ
897 3829 1049 3884 ἐσται
1079 3829 1257 3882 πάντα
1276 3827 1346 3882 τά
1377 3829 1562 3883 σκολιὰ
1590 3830 1670 3893 είς
1699 3829 1912 3884 εὐθεῖαν

333 3917 426 3972 καὶ
454 3921 488 3990 ἡ
523 3923 746 3990 τραχεῖα
779 3922 859 3985 εἰς
885 3921 1069 3975 πεδίον
1105 3922 1200 3974 καὶ
1231 3920 1526 3992 ὀφθήσεται
1576 3923 1609 3994 ή
1654 3921 1779 3989 δόξα
1803 3924 1915 3975 Κυ-

336 4007 471 4078 ρίου,
501 4010 594 4063 καὶ
636 4009 824 4080 ὄψεται
872 4013 1023 4065 πᾶσα
1055 4011 1190 4084 σὰρξ
1218 4013 1278 4066 τὸ
1312 4013 1719 4084 Σωτήριοντοῦ
1753 4013 1912 4079 Θεοῦ,

333 4097 416 4150 ὅτι
448 4097 651 4168 Κύριος
693 4097 970 4171 ἐλάλησεν.
1000 4120 1018 4152 ›
1040 4101 1097 4153 '0
1144 4100 1237 4154 τοῦ
1282 4101 1534 4171 Σωτῆρος
1586 4100 1742 4172 ἡμῶν
1776 4103 1914 4175 πρό-

333 4185 530 4260 δρομος
569 4188 815 4260 Ἰωάννης
854 4192 967 4254 τοῖς
1010 4190 1364 4262 ἐπερωτῶσιν
1412 4189 1574 4244 αὑτὸν
1609 4191 1759 4255 ὅστις
1799 4191 1909 4264 εἴη,

336 4278 529 4348 φησίνο
569 4297 587 4328 r
612 4277 751 4348 Ἐγὼ
777 4279 926 4352 φωνή
955 4280 1184 4351 βοῶντος
1211 4283 1268 4334 ἐν
1295 4284 1359 4352 τῇ
1395 4282 1608 4353 ἐρήμῳ,
1639 4301 1658 4333 ι
1703 4283 1796 4337 καὶ
1845 4284 1917 4336 τὰ

335 4368 480 4440 ἑξῆς.
515 4368 718 4424 Τούτου
763 4371 828 4443 δὴ
874 4367 966 4425 οὖν
1007 4371 1165 4445 χάριν
1201 4371 1498 4443 ἐξεθέμεθα
1527 4373 1586 4425 τὸ
1620 4372 1918 4442 κεφάλαιον

336 4463 393 4513 ἐν
421 4463 534 4525 τοῖς
557 4461 685 4532 περὶ
712 4460 949 4533 Χριστοῦ
985 4463 1326 4535 μαρτυρίοις,
1356 4461 1623 4534 σύμϐολον
1655 4459 1792 4517 εἶναι
1824 4481 1914 4517 νο-

338 4549 586 4622 μίζοντες
637 4551 889 4625 Ἰωάννην
953 4552 1046 4607 τοῦ
1100 4552 1456 4608 ἀποστολικοῦ
1517 4553 1873 4626 κηρύγματος
1896 4573 1912 4586 ο

334 4643 553 4714 τοιαύτη
583 4645 690 4717 γάρ
729 4645 812 4698 τοί
850 4647 998 4700 ἐστιν
1028 4649 1062 4719 ή
1097 4649 1154 4701 ἐν
1178 4649 1244 4718 τῇ
1289 4648 1484 4720 ἐρήμῳ
1519 4646 1698 4718 βοῶσα
1740 4649 1913 4720 φωνὴ,

333 4737 546 4808 ἄσημός
579 4753 664 4800 τις
689 4731 844 4803 οὖσα,
865 4738 960 4792 καὶ
985 4737 1356 4810 άδιάρθρωτος
1385 4741 1498 4803 τοῖς
1522 4739 1648 4811 ἄρτι
1683 4756 1914 4811 στοιχει-

2575 3467 2807 3525 CAPUT
2847 3469 3012 3526 XVII.

2086 3575 2105 3609 ι
2141 3556 2258 3612 Vox
2291 3560 2580 3616 clamantis
2619 3563 2673 3616 in
2708 3562 2929 3617 deserto
2963 3583 2976 3617 :
3009 3563 3210 3621 Parate
3237 3567 3381 3622 viam
3407 3567 3593 3625 Domi-

2010 3647 2185 3716 mini;
2213 3657 2393 3706 rectas
2436 3651 2602 3707 facite
2629 3654 2857 3710 semitas
2885 3653 3028 3724 ejus.
3073 3654 3266 3713 Omnis
3305 3660 3464 3715 vallis
3488 3661 3591 3716 im-

2011 3739 2270 3808 piebitur,
2297 3752 2350 3798 et
2381 3746 2563 3800 omnis
2593 3760 2752 3801 mons
2784 3755 2837 3800 et
2880 3749 3038 3804 collis
3072 3749 3454 3807 humiliabitur
3491 3773 3505 3808 :
3537 3762 3593 3810 et

2012 3840 2173 3886 erunt
2205 3849 2371 3903 prava
2403 3836 2459 3890 in
2491 3846 2696 3892 rectam
2721 3849 2773 3895 et
2801 3857 2995 3911 aspera
3020 3841 3074 3895 in
3119 3843 3236 3898 vias
3266 3845 3458 3912 planas
3491 3865 3504 3900 :
3535 3855 3590 3901 et

2011 3923 2287 3980 videbitur
2324 3928 2497 3998 gloria
2525 3929 2758 3986 Domini.
2800 3933 2866 3986 Et
2891 3934 3092 3988 videbit
3127 3937 3306 3991 omnis
3336 3952 3465 3991 caro
3490 3936 3591 3992 Sa-

2014 4015 2188 4071 lutare
2220 4016 2335 4080 Dei,
2373 4020 2630 4089 quoniam
2680 4020 2945 4079 Dominus
2985 4025 3202 4081 locutus
3233 4026 3378 4083 est‘.
3419 4049 3438 4080 ι
3475 4027 3591 4082 Sal-

2013 4111 2220 4165 vatoris
2261 4113 2435 4167 nostri
2485 4129 2793 4184 prtecursor
2846 4116 3086 4174 Joannes
3125 4119 3590 4190 interrogantibus

2014 4213 2138 4254 eum
2161 4201 2286 4272 quis
2321 4211 2486 4270 esset,
2517 4207 2592 4258 ait
2618 4225 2630 4259 :
2669 4225 2687 4258 ‹
2717 4205 2825 4277 Ego
2857 4223 2960 4262 vox
2995 4209 3286 4266 clamantis
3315 4212 3368 4265 in
3397 4211 3591 4269 deser-

2015 4302 2092 4354 to,
2127 4310 2146 4344 ›
2186 4301 2239 4347 et
2281 4309 2404 4364 quae
2445 4306 2772 4364 sequuntur.
2807 4295 2982 4367 Hujus
3010 4313 3140 4354 vero
3175 4301 3346 4371 gratia
3391 4304 3591 4372 praeci-

2015 4398 2181 4453 puum
2213 4384 2501 4440 retulimus
2533 4387 2589 4440 in
2620 4389 2949 4443 testimoniis
2975 4388 3043 4445 de
3085 4389 3330 4455 Christo,
3369 4394 3592 4464 symbo—-

2017 4475 2127 4528 lum
2164 4491 2289 4531 esse
2320 4485 2633 4547 reputantes
2652 4477 2917 4535 Joannem
2961 4484 3275 4553 apostolicae
3328 4488 3584 4557 praedica-

2015 4566 2203 4622 tionis.
2238 4568 2386 4624 Talis
2411 4569 2556 4624 enim
2581 4577 2666 4625 est
2695 4570 2750 4624 in
2782 4571 3003 4627 deserto
3031 4573 3277 4631 clamans
3296 4592 3422 4641 vox,
3441 4577 3590 4649 igno-

2016 4661 2143 4718 bilis
2185 4663 2406 4733 quidem
2437 4659 2514 4717 et’
2538 4664 2891 4720 inarticulata
2932 4665 3041 4723 illis
3080 4668 3174 4738 qui
3217 4669 3394 4724 adhuc
3423 4672 3590 4726 rudes

2015 4766 2192 4814 erant.
2224 4755 2283 4810 ln
2315 4763 2463 4810 terra
2511 4757 2641 4810 olim
2689 4759 2928 4823 deserta,
2963 4763 3203 4831 gentium
3233 4763 3485 4818 videlicet
3531 4765 3589 4819 in

333 4827 580 4899 ουμένοις
599 4846 614 4859 ο
652 4831 708 4883 ἐν
752 4832 818 4901 τῇ
870 4828 1035 4884 πάλαι
1067 4830 1124 4883 δὲ
1156 4831 1371 4901 ἐρήμῳ,
1401 4833 1468 4902 τῇ
1498 4830 1558 4896 ἐξ
1585 4829 1754 4885 ἐθνῶν
1791 4831 1907 4886 Ἐκ-

2019 4849 2286 4913 Ecclesia,
2309 4845 2436 4904 talis
2463 4865 2570 4906 vox
2598 4849 2740 4904 edita
2766 4827 3210 4922 pararevjubebat
3237 4853 3378 4907 viam
3409 4852 3586 4909 Domi-

336 4919 552 4992 πλησία,
588 4922 626 4992 ή
651 4921 871 4992 τοιαύτη
899 4921 1164 5004 γενομένη
1205 4923 1354 4994 φωνὴ
1397 4924 1708 5000 ἐτοιμάζειν
1730 4943 1912 4998 παρα-

337 5009 614 5065 κελεύεται
658 5011 755 5084 τὴν
799 5011 914 5066 ὁδὸν
961 5011 1189 5084 Κυρίου,
1224 5015 1319 5066 καὶ
1359 5014 1429 5068 τὰ
1449 5013 1610 5086 ἑξῆς·
1640 5016 1785 5090 ἅπερ
1819 5018 1910 5072 ἐπὶ

338 5102 530 5174 σχολῆς
562 5097 607 5172 ᾧ
638 5104 787 5176 μέλει
821 5105 921 5177 τῆς
981 5105 1184 5160 τούτων
1212 5105 1466 5176 γνώσεως
1497 5108 1796 5180 ἐρευνήσας
1825 5109 1904 5163 εῐ-

338 5212 508 5252 σεται.

856 5315 1252 5370 ΚΕΦΔΛΑΙΟΝ
1284 5316 1391 5370 IH'.

418 5423 435 5455 I
456 5405 570 5458 Ἐπ’
604 5404 728 5475 ὅρος
791 5405 990 5478 ὑψηλὸν
1051 5405 1303 5477 ἀνάϐηθι,
1353 5409 1382 5461 ὁ
1430 5407 1913 5479 εὐαγγελιζόμενος

339 5497 495 5562 Σιὼν,
515 5497 727 5568 ὓψωσον
757 5501 824 5570 τῇ
862 5499 1005 5570 ἰσχύι
1029 5499 1128 5572 τὴν
1155 5503 1341 5573 φωνήν
1377 5502 1538 5566 σου,ὁ
1564 5499 1912 5570 εὐαγγελιζό-

342 5605 498 5657 μενος
535 5587 913 5659 Ίερουσαλήμο
969 5587 1242 5657 ὑψὼσατε,
1289 5589 1364 5662 μὴ
1413 5589 1665 5660 φοϐεῖσθε
1682 5607 1697 5622 ο
1756 5585 1909 5644 εἷπον

340 5682 458 5742 ταῖς
493 5679 707 5733 πόλεσιν
740 5679 940 5734 Ἰούδα’
983 5680 1112 5733 Ἰδοὺ
1145 5682 1174 5732 ὁ
1205 5680 1338 5745 Θεὸς
1363 5680 1539 5753 ὑμῶν,
1575 5682 1780 5754 Κύριος
1799 5683 1911 5736 Κύ-

2018 4942 2094 5006 ni,
2150 4951 2206 4998 et
2249 4943 2458 5014 reliqua
2514 4963 2527 4997 :
2582 4944 2727 5014 quod
2783 4943 2946 5015 hujus
3003 4945 3248 5011 scientia:
3305 4946 3584 5003 studiosus

2015 5035 2194 5090 otiose
2221 5043 2478 5091 scrutans
2497 5036 2821 5106 comperiet.

2577 5311 2807 5368 CAPUT
2839 5311 3026 5367 Χνιῐι.

2099 5425 2117 5458 ι
2153 5405 2329 5479 Super
2360 5416 2600 5463 montem
2634 5408 2914 5463 excelsum
2947 5407 3182 5461 ascende
3212 5414 3293 5470 tu,
3319 5406 3592 5478 quievan-

2015 5499 2218 5570 gelizas
2259 5499 2435 5555 Sion:
2476 5499 2656 5555 exalta
2691 5499 2747 5553 in
2795 5497 3120 5554 fortitudine
3176 5514 3364 5554 vocem
3413 5509 3586 5564 tuam,

2013 5590 2109 5661 qui
2157 5591 2499 5661 evangelizas
2542 5589 2894 5646 Jerusalem:
2938 5591 3143 5654 exalta,
3201 5591 3311 5646 noli
3367 5591 3585 5650 timere.

2015 5681 2138 5737 Dixi
2167 5683 2480 5738 civitatibus
2508 5681 2648 5738 Juda
2677 5703 2688 5737 :
2731 5681 2870 5739 Ecce
2899 5681 3042 5740 Deus
3067 5693 3252 5740 vester
3289 5705 3302 5738 :
3327 5701 3456 5742 ecce
3482 5685 3589 5741 Do-

425 5832 564 5890 ‘lsa.
598 5851 740 5891 xxxv
788 5836 894 5890 1-7.
971 5833 1168 5890 'Joan.
1200 5851 1272 5902 tv,
1302 5836 1390 5891 Η.
1469 5837 1490 5867 ⁸
1520 5835 1706 5892 Matth.
1752 5853 1866 5904 ιιι,
1905 5873 1907 5881 ι

2071 5839 2210 5895 διετι.
2255 5855 2340 5904 ιι,
2369 5840 2475 5895 3-5.
