4100 6442
506 363 638 422 129.3

1210 367 1477 423 EUSEBII
1512 360 1993 423 CAESARIENSIS
2022 362 2177 423 OPP.
2198 362 2381 422 PARS
2412 362 2501 425 Ill.
2524 400 2595 410 —
2621 366 3033 427 EXEGETICA.

3605 376 3744 433 1294

513 484 691 538 minus
745 484 890 541 Deus
938 485 996 540 in
1055 484 1378 543 fortitudine
1435 487 1634 549 veniet,
1697 494 1751 540 et
1797 484 2063 539 brachi|m

2185 501 2297 555 ριος
2333 484 2473 556 μετὰ
2505 485 2684 556 ἰσχύος
2720 485 2936 559 ἔρχεται
2957 505 2970 517 ·
3002 487 3094 539 καὶ
3125 488 3155 539 6
3187 485 3423 559 βραχίων
3456 488 3620 543 αὑτοῦ
3650 509 3751 560 με·

502 576 629 646 ejus
678 577 1051 632 dominabitur
1088 598 1101 633 :
1145 593 1274 633 ecce
1308 593 1518 633 merces
1555 578 1674 645 ejus
1722 592 1844 638 cum
1898 592 1983 639 eo,
2022 583 2076 630 et

504 684 642 738 opus
674 668 820 723 illius
875 684 1058 723 coram
1083 669 1195 723 illo.
1233 669 1386 724 Sicut
1426 678 1610 739 pastor
1646 684 1858 743 gregem
1915 683 2075 722 suum

513 767 725 829 pascet:
760 761 816 815 in
876 761 1101 816 brachio
1135 777 1236 816 suo
1279 761 1631 831 congregahit
1670 774 1860 828 agnos,
1920 766 1976 811 et
2020 758 2075 811 in

510 852 628 907 sinu
656 868 757 907 suo
791 854 1016 916 levabit,
1048 853 1187 908 fetas
1219 854 1336 924 ipse
1374 854 1616 924 portabit
1638 853 1679 905 ί.
1724 870 1742 903 ι
1788 850 1912 905 Haec
1938 866 2075 921 quo-

511 959 612 1014 que
650 946 1033 1001 existimamus
1079 946 1146 1001 de
1196 945 1360 1001 Verbi
1408 944 1503 1000 Dei
1560 945 1796 999 adventu
1850 944 1980 1005 dici,
2022 950 2076 998 et

508 1036 805 1103 praesertim
847 1035 913 1089 de
957 1035 1218 1097 secundo,
1256 1036 1310 1089 in
1359 1050 1467 1105 quo
1503 1036 1649 1088 velut
1682 1034 1867 1103 justus
1907 1035 2075 1101 judex

508 1134 768 1179 venturus
802 1126 1214 1195 prophetizatur
1258 1124 1562 1179 mercedem
1613 1124 1821 1179 habens
1870 1122 2074 1193 justam

507 1216 803 1286 unicuique
836 1217 1135 1271 secundum
1169 1232 1335 1287 opera
1360 1232 1479 1271 sua.
1515 1215 1745 1287 Reliqua
1777 1230 1905 1271 vero
1929 1230 2074 1270 nunc

505 1322 773 1377 eXponere
808 1324 915 1360 non
953 1317 1168 1377 tempus
1211 1314 1326 1373 est;
1358 1321 1529 1377 quare
1582 1307 1745 1360 aliam
1791 1305 2072 1377 aggredia-

504 1411 626 1450 mur
651 1397 998 1467 particulam.

1077 1586 1306 1642 CAPUT
1340 1585 1484 1639 XIX.

580 1697 601 1730 ι
648 1677 785 1767 Quis
848 1677 1132 1734 suscitavit
1182 1674 1517 1767 abOriente
1561 1674 1795 1745 justum,
1827 1673 2071 1767 vocavit

504 1784 629 1824 eum
653 1777 1047 1839 utsequeretur
1077 1766 1166 1822 se?
1191 1765 1343 1820 dabit
1375 1767 1431 1819 in
1461 1774 1759 1839 conspectu
1789 1766 1910 1835 ejus
1938 1782 2069 1836 gen-

2176 576 2244 628 τά
2279 577 2497 647 κυρίας’
2527 578 2635 631 ίδοὺ
2685 580 2714 631 6
2756 566 2944 649 ptcO6¢
2975 577 3138 631 αὐτοῦ
3185 581 3302 649 μετ’
3335 580 3531 634 αὐτοῦ’
3564 581 3659 636 καὶ
3689 582 3753 637 τὸ

2176 666 2335 737 ἔργον
2381 667 2621 721 ἐναντίον
2669 668 2834 722 αὑτοῦ
2855 684 2869 699 ο
2901 670 2975 732 ὡς
3004 669 3207 741 ποιμήν
3253 674 3504 743 ποιμανεῖ
3541 673 3602 727 τὸ
3628 674 3752 729 ποί-

2179 773 2330 827 μνιον
2363 756 2549 822 αὐτοῦ,
2574 749 2665 810 καὶ
2692 756 2770 827 τῷ
2804 757 3047 829 βραχίονι
3088 757 3251 811 αὑτοῦ
3295 760 3509 825 συνάξει
3559 762 3749 833 ἄρνας,

2177 849 2267 902 καὶ
2291 850 2348 901 ἐν
2383 849 2581 921 γαστρὶ
2604 850 2829 918 ἐχούσας
2865 850 3248 923 παρακαλέσει.
3283 869 3302 902 ι
3334 852 3445 905 Καὶ
3474 852 3645 906 ταῦτα
3677 872 3754 908 νο-

2178 942 2405 1014 μίζομεν
2434 943 2560 1014 περὶ
2593 943 2692 1013 τῆς
2715 942 2810 995 τοῦ
2849 944 3020 1013 Λόγου
3049 944 3143 998 τοῦ
3181 944 3314 998 Θεοῦ
3342 945 3644 1015 παρουσίας
3670 943 3754 998 λέ-

2175 1034 2385 1103 γεσθαι,
2411 1034 2505 1086 καὶ
2535 1034 2678 1103 τάχα
2709 1050 2772 1102 γε
2804 1033 3000 1104 μᾶλλον
3029 1032 3158 1105 περὶ
3186 1033 3288 1103 τῆς
3316 1033 3596 1104 δευτέρας,
3619 1031 3744 1088 καθ’

2172 1125 2238 1196 ἢν
2267 1122 2353 1178 οἷα
2380 1124 2445 1196 δὴ
2474 1122 2679 1187 δίκαιος
2713 1121 2904 1194 κριτὴς
2932 1120 3082 1192 ἥξειν
3112 1115 3530 1193 προφητεύεται.
3551 1122 3640 1177 τὸν
3663 1140 3752 1194 μι-

2174 1211 2298 1264 σθὸν
2325 1211 2461 1281 ἔχων
2489 1212 2597 1263 τῶν
2619 1213 2739 1264 κατ’
2768 1210 2924 1275 ἀξίαν
2957 1211 3169 1281 ἑκάστῳ
3204 1211 3222 1282 (
3240 1211 3279 1265 f.
3311 1212 3373 1266 51
3412 1216 3499 1279 v°)
3544 1229 3752 1286 πεπρα-

2171 1301 2387 1372 γμένων
2436 1303 2873 1374 ἁπονεμητικόν·
2923 1303 2991 1356 τὰ
3044 1300 3296 1373 μέντοιγε
3349 1303 3509 1358 λοιπά
3540 1304 3641 1358 οὐκ
3667 1305 3751 1359 ἐτι

2171 1389 2265 1445 νῦν
2291 1390 2482 1464 καιρὸς
2512 1392 2734 1445 ἁπαιτεῖ
2772 1390 3074 1463 διηγεῖσθαι
3093 1407 3107 1423 ·
3133 1392 3254 1446 ὅθεν
3281 1395 3367 1462 ἐφ’
3393 1385 3585 1467 ἑτέραν
3617 1412 3751 1467 τρα-

2172 1482 2460 1552 πησόμεθα
2489 1484 2816 1555 περικοπήν.

2658 1594 3053 1649 ΚΕΦΑΛΑῙΟΝ
3087 1590 3186 1649 ῐθν.

2246 1703 2266 1736 ι
2298 1685 2394 1748 Τίς
2416 1684 2696 1757 ἐξήγειρεν
2725 1682 2833 1741 ἀπὸ
2857 1682 3122 1761 ἀνατολῆς
3149 1688 3514 1760 δικαιοσύνην,
3554 1688 3747 1745 ἐκάλει-

2172 1791 2264 1829 σεν
2295 1776 2464 1848 αὐτὴν
2491 1777 2632 1830 κατὰ
2666 1777 2833 1842 πόδας
2854 1778 3039 1844 αὑτοῦ,
3066 1780 3159 1832 καὶ
3179 1780 3505 1852 πορεύσεται
3527 1798 3542 1847 ;
3571 1782 3745 1837 Δώσει

506 1869 611 1927 tes,
643 1868 695 1915 et
717 1876 869 1930 reges
895 1859 1161 1915 obtinebit
1194 1877 1209 1912 :
1244 1858 1397 1913 dabit
1435 1859 1591 1929 quasi
1640 1859 1921 1930 pulverem
1954 1858 2063 1926 gla-

2172 1844 2625 1930 ἐναντίον-ἐθνῶν,
2659 1870 2753 1922 καὶ
2785 1869 3019 1940 βασιλεῖς
3046 1844 3300 1944 ἐκστήσει
3320 1889 3333 1902 ·
3356 1874 3449 1926 καὶ
3476 1844 3635 1929 δῶσει
3662 1877 3747 1940 είς

500 1953 593 2007 dio
631 1953 771 2021 ejus,
808 1953 953 2007 sicut
983 1952 1239 2022 stipulam
1275 1959 1436 2007 vento
1466 1963 1677 2021 raptam
1731 1952 1882 2003 arcui
1924 1950 2066 2019 ejus.

499 2038 863 2112 Persequetur
889 2057 1006 2106 eos,
1038 2043 1297 2098 transibit
1330 2043 1387 2096 in
1415 2058 1568 2113 pace,
1605 2041 1800 2097 semita
1828 2041 1885 2095 in
1916 2040 2070 2110 pedi-

498 2134 601 2191 bus
635 2135 756 2205 ejus
785 2150 894 2189 non
926 2136 1232 2205 apparebit.
1262 2133 1398 2202 Quis
1421 2135 1536 2190 haec
1581 2142 1843 2205 Operatus
1875 2139 1981 2195 est,
2015 2141 2069 2189 et

498 2226 647 2290 fecit,
679 2241 887 2282 vocans
914 2228 1296 2297 generationes
1329 2227 1399 2280 ab
1433 2224 1696 2281 exordio?
1734 2223 1844 2295 Ego
1881 2223 2067 2279 Domi-

496 2335 622 2382 nus,
653 2320 863 2389 primus
896 2329 949 2374 et
972 2320 1307 2374 novissimus
1331 2333 1433 2390 ego
1458 2332 1600 2372 sum.
1626 2316 1893 2372 Viderunt
1923 2317 2065 2373 insu-

497 2410 562 2464 lae
597 2420 650 2465 et
681 2412 1002 2474 timuerunt,
1033 2417 1275 2465 extrema
1305 2417 1465 2465 terrae
1514 2409 1934 2479 obstupuerunt,
1966 2422 2068 2477 ap-

494 2502 1020 2570 propinquaverunt,
1086 2508 1143 2555 et
1217 2509 1593 2555 accesserunt.
1680 2498 2066 2569 Unusquisque

494 2594 744 2662 proximo
795 2608 898 2648 suo
966 2593 1364 2654 auxiliabitur,
1415 2603 1474 2647 et
1505 2592 1663 2647 fratri
1712 2606 1814 2646 suo
1864 2592 2062 2646 dicet:

492 2682 836 2741 Confortare.
873 2684 1218 2739 Confortavit
1263 2683 1418 2738 faber
1464 2685 1692 2738 aerarius
1750 2681 2066 2751 percutiens

493 2773 690 2829 malleo
750 2789 915 2837 eum,
975 2776 1069 2843 qui
1130 2774 1365 2829 cudebat
1437 2782 1569 2828 tunc
1633 2773 1933 2842 temporis,
1977 2773 2059 2827 di-

490 2878 658 2919 cens:
683 2863 907 2920 Glutino
928 2866 1133 2920 bonum
1158 2878 1241 2921 est
1267 2883 1283 2929 ;
1317 2864 1723 2921 eteonl‘ortavit
1753 2879 1876 2919 eum
1895 2865 2064 2920 clavis

491 2961 550 3007 ut
597 2970 707 3008 non
757 2963 1068 3009 moveretur
1090 2956 1131 3008 '.
1169 2974 1187 3008 ι
1231 2952 1453 3008 Iustitia
1500 2954 1569 3007 ab
1621 2953 1839 3006 Oriente
1876 2962 2064 3007 exorta

489 3061 738 3117 qcmtam
781 3054 928 3102 esset
962 3048 1263 3101 secundum
1301 3045 1555 3101 essentiae
1591 3043 2061 3113 circumscriptio-

489 3153 614 3192 nem
648 3137 922 3208 prapriam
965 3138 1329 3192 substantiam
1382 3136 1610 3200 habens,
1662 3135 1770 3189 nisi
1810 3133 2063 3190 Christus
2090 3175 2132 3233 ϐ

398 3232 405 3238 ’
491 3228 608 3294 Dei,
639 3229 706 3285 de
737 3244 848 3300 quo
876 3228 1008 3283 dicit
1038 3229 1332 3298 Apostolus
1358 3247 1371 3283 :
1401 3247 1419 3279 ι
1453 3228 1558 3295 Qui
1589 3227 1765 3283 factus
1791 3235 1876 3283 est
1907 3227 2064 3284 nobis

491 3321 760 3391 sapientia
795 3336 826 3374 a
856 3320 990 3387 Deo,
1019 3321 1349 3390 et‘justitia,
1384 3328 1438 3375 et
1470 3318 1858 3383 sanctificatio,
1890 3327 1943 3374 et
1973 3335 2065 3375 re-

487 3415 729 3486 demptio
753 3416 813 3470 "l
841 3436 859 3467 ι
893 3414 1050 3470 Hunc
1072 3423 1256 3470 autem
1287 3430 1317 3470 e
1347 3414 1527 3485 patrio
1548 3416 1697 3477 sinu,
1724 3428 1848 3467 cum
1879 3414 2065 3468 oriens

491 3508 565 3562 sit
603 3524 765 3563 omne
808 3508 1097 3579 spirituale
1132 3508 1338 3570 lumen,
1401 3507 1515 3561 sive
1576 3521 1672 3575 per
1727 3504 2062 3559 incarnatio-

488 3613 612 3654 nem
660 3599 941 3664 excitavit,
988 3599 1349 3669 providentia,
1401 3600 1517 3654 sive
1567 3600 1685 3670 ipse
1731 3597 1915 3663 Pater;
1969 3596 2062 3667 qui

489 3690 637 3744 dedit
672 3704 795 3747 eum
843 3690 899 3744 in
945 3698 1243 3759 conspectu
1277 3688 1559 3759 gentium;
1611 3696 1671 3742 ut
1709 3687 1923 3758 pristini
1969 3702 2064 3741 eo-

488 3797 610 3838 rum
646 3797 801 3854 reges
829 3782 1152 3846 invisibiles,
1194 3789 1492 3851 potestates
1538 3780 1749 3835 scilicet
1788 3779 2062 3851 nequissi-

489 3890 612 3941 mae,
644 3877 712 3930 ad
743 3875 994 3930 miraculi
1028 3874 1337 3944 prodigium
1369 3874 1841 3944 obstupescerent,
1874 3872 2062 3928 viden-

486 3975 570 4022 tes
595 3969 756 4022 talem
793 3967 884 4022 Dei
918 3966 1113 4021 lt‘ilium
1147 3983 1323 4036 neque
1353 3965 1582 4021 formam
1613 3981 1789 4035 neque
1817 3965 2060 4035 pulchri-

486 4060 728 4116 tudinem
775 4060 1105 4127 habentem;
1136 4068 1303 4131 utque
1325 4067 1548 4130 stupore
1570 4059 1663 4113 illo
1688 4059 1742 4112 in
1780 4058 2059 4128 pulverem

485 4158 769 4206 vertantur
800 4167 991 4207 eorum
1032 4152 1221 4223 gladii,
1261 4160 1316 4208 et
1345 4153 1488 4208 sicut
1531 4153 1745 4221 stipulae
1779 4158 1941 4205 vento
1971 4166 2059 4205 ra-

488 4251 593 4312 pta
631 4243 764 4296 fiant
815 4258 978 4297 arcus
1007 4259 1219 4307 eorum,
1276 4258 1379 4297 nec
1414 4242 1527 4313 jam
1566 4242 1788 4297 hostilia
1834 4243 1943 4297 sint
1978 4240 2059 4297 eis

486 4349 657 4397 arma,
692 4335 931 4405 ignitave
960 4335 1088 4398 tela,
1117 4336 1319 4407 quibus
1345 4335 1475 4389 olim
1513 4334 1619 4391 sibi
1653 4335 1919 4390 obnoxias
1946 4333 2061 4387 ani-

486 4443 603 4484 mas
650 4428 1011 4484 lacessebant.
1066 4427 1197 4483 Post
1240 4427 1355 4483 hac
1383 4426 1496 4491 ait,
1547 4445 1564 4479 ι
1598 4427 1663 4481 Et
1696 4434 2057 4497 persequetur

2170 1948 2275 2028 γῆν
2295 1957 2393 2020 τὰς
2419 1958 2691 2030 μαχαίρας
2711 1961 2910 2023 αὐτῶν,
2933 1963 3029 2016 καὶ
3047 1962 3179 2015 ὡσεὶ
3195 1964 3443 2034 φρύγανα
3463 1964 3745 2037 ἐξωσμένα

2169 2046 2238 2099 τὰ
2263 2046 2393 2113 τόξα
2417 2047 2627 2101 αὐτῶν·
2663 2050 2755 2103 καὶ
2786 2050 3032 2115 διώξεται
3063 2053 3262 2116 αὐτούς
3280 2070 3294 2083 ·
3332 2053 3657 2109 διελεύσεται
3683 2059 3746 2110 ἐν

2169 2138 2360 2211 εἰρήνῃ
2391 2142 2423 2211 ὴ
2453 2140 2569 2204 όδδς
2600 2142 2707 2194 τῶν
2731 2142 2904 2195 ποδῶν
2936 2139 3127 2197 αὐτοῦ’
3156 2146 3254 2216 οὐχ
3281 2144 3401 2216 ἥξει
3424 2163 3439 2177 ο
3468 2147 3553 2212 τίς
3579 2150 3747 2222 ἐνήρ-

2169 2245 2306 2300 γησε
2353 2232 2447 2285 καὶ
2475 2231 2699 2304 ἐποίησε
2724 2231 2932 2298 ταῦτα;
2972 2233 3257 2288 Ἐκάλεσεν
3299 2235 3470 2309 αὐτὴν
3499 2239 3528 2291 6
3558 2239 3745 2293 καλῶν

2168 2320 2336 2393 αὐτὴν
2367 2317 2474 2377 ἀπὸ
2502 2323 2702 2391 γενεῶν
2728 2324 2921 2395 ἀρχῆς.
2953 2323 3094 2393 Ἐγὼ
3122 2325 3253 2390 Θεὸς
3279 2327 3512 2399 πρῶτος,
3537 2331 3631 2382 καὶ
3660 2332 3746 2395 είς

2168 2414 2236 2467 τὰ
2264 2414 2605 2485 ἐπερχόμενα
2638 2415 2750 2485 ἐγώ
2778 2418 2914 2487 εἰμι.
2942 2415 3169 2471 Εἰδοσαν
3205 2418 3332 2490 ἔθνη
3366 2420 3460 2474 καὶ
3479 2420 3748 2493 ἐφοϐήθηέ

2170 2523 2269 2560 σαν
2288 2524 2302 2537 ο
2337 2506 2404 2560 τὰ
2431 2507 2574 2579 ἄκρα
2600 2507 2701 2578 τῆς
2738 2508 2840 2580 γῆς
2867 2509 3270 2582 ἐξεπλάγησαν·
3298 2509 3552 2582 ήγγισαν.
3576 2509 3744 2585 ἦλθον

2169 2597 2283 2668 ἅμα
2304 2598 2503 2669 κρίνων
2522 2600 2750 2663 ἰκαστος
2781 2600 2858 2671 τῷ
2883 2602 3129 2672 πλησίον,
3152 2605 3244 2657 καὶ
3272 2604 3350 2675 τῷ
3371 2605 3582 2676 ἀδελφῷ
3608 2606 3740 2678 βοή-ο

2167 2687 2329 2759 θῆσαι
2348 2707 2361 2721 ·
2380 2690 2472 2742 καὶ
2498 2692 2888 2762 ἐρεῖ,’1σχυσεν
2914 2694 3052 2765 ἀνὴρ
3069 2695 3273 2748 τέκτων
3296 2712 3309 2725 ·
3335 2696 3429 2749 καὶ
3453 2698 3591 2769 ἀνὴρ
3610 2699 3743 2769 χαλέ

2166 2782 2295 2844 κεὺς
2323 2781 2542 2835 τύπτων
2582 2784 2813 2855 σφύραν,
2833 2785 2948 2856 ἅμα
2990 2786 3227 2841 ἐλαύνων
3247 2802 3261 2817 ⁸
3294 2789 3425 2841 ποτέ
3456 2790 3557 2860 μὲν
3586 2792 3741 2863 ἐρείο

2166 2873 2238 2926 Σύ
2247 2872 2469 2946 μὸλημα
2498 2874 2656 2929 καλόν
2680 2878 2846 2941 ἐστιν,
2875 2877 3177 2948 ίσχύρωσαν
3199 2878 3338 2933 αὐτὰ
3359 2881 3417 2933 ἐν
3446 2879 3614 2951 ἥλοις,
3638 2881 3743 2954 θή-

2168 2981 2348 3019 σουσιν
2376 2965 2536 3033 αὐτὰ,
2587 2967 2683 3020 καὶ
2708 2968 2769 3021 οὐ
2815 2967 3186 3039 κινηθήσεται.
3214 2989 3234 3021 ι
3267 2969 3585 3042 Δικαιοσύνη
3624 2968 3740 3025 ἀπὸ

2166 3057 2435 3111 ἀνατολῶν
2464 3057 2845 3131 ἐξεγειρομένη
2877 3060 2961 3124 τίς
3003 3059 3068 3114 ἂν
3101 3061 3186 3132 εἴη
3226 3062 3365 3116 κατὰ
3391 3064 3740 3136 περιγραφὴν

2165 3148 2370 3215 οὐσίας,
2413 3149 2549 3203 ίδίαν
2598 3150 2893 3205 ὑπόστασιν
2943 3151 3160 3222 ἔχουσα,
3204 3150 3237 3225 ἢ
3288 3155 3317 3207 6
3360 3154 3595 3226 Χριστὸς
3642 3155 3740 3210 τοῦ

2166 3240 2321 3306 Θεοῦ,
2352 3259 2419 3295 πε
2428 3242 2480 3314 pi.
2500 3236 2560 3296 οὗ
2584 3260 2747 3315 φησιν
2766 3246 2796 3297 ό
2819 3243 3137 3309 Ἀπόστολος
3151 3261 3163 3273 ·
3193 3264 3212 3296 ι
3230 3247 3326 3310 ’ος
3347 3246 3575 3321 ἐγενήθη
3602 3243 3740 3320 ἡμῖν

2167 3334 2327 3403 σοφία
2352 3334 2458 3388 ἀπὸ
2485 3334 2642 3401 Θεοῦ,
2661 3335 2971 3409 δικαιοσύνη
2994 3354 3053 3390 τε
3069 3338 3477 3410 καὶάγιασμός,
3495 3341 3589 3394 καὶ
3606 3341 3740 3396 ἀπο-

2163 3421 2462 3494 λύτρωσις
2501 3441 2520 3473 ι
2559 3421 2756 3476 Τοῦτον
2806 3425 2863 3478 δὲ
2914 3427 2979 3478 ἐκ
3022 3426 3131 3481 τῶν
3165 3428 3447 3499 πατρικῶν
3494 3430 3732 3495 κόλπων,

2164 3514 2364 3577 παντὸς
2393 3514 2583 3585 νοητοῦ
2614 3515 2789 3584 φωτὸς
2818 3516 3089 3571 ἀνατολῶν
3123 3520 3492 3591 ὑπαρχόντων,
3528 3523 3562 3592 ή
3594 3522 3739 3577 κατὰ

2161 3603 2260 3675 τὴν
2286 3603 2691 3677 ἐνανθρώπησιν
2719 3605 2999 3679 ἐξήγειρεν
3018 3608 3315 3679 οἰκονομία,
3342 3610 3375 3680 ἢ
3400 3610 3494 3663 καὶ
3520 3611 3683 3674 αὐτὸς
3706 3613 3738 3665 6

2164 3694 2374 3766 Πατήρ,
2414 3697 2442 3748 6
2479 3694 2603 3758 δοὺς
2632 3695 2794 3749 αὐτὸν
2823 3696 3062 3751 ἐναντίον
3094 3698 3199 3751 τῶν
3226 3698 3424 3753 ἐθνῶνο
3462 3700 3528 3754 ἵν’
3557 3702 3604 3755 oi
3633 3701 3737 3772 μὲν

2162 3782 2415 3855 πρότεροι
2434 3782 2669 3853 βασιλεῖς
2684 3784 2861 3839 αὐτῶν
2881 3786 3116 3859 ἀόρατοι,
3133 3786 3386 3858 δυνάμεις
3396 3785 3548 3843 οὖσαι
3560 3807 3737 3863 πονη-

2165 3876 2273 3944 ραι,
2293 3874 2573 3940 ἐξιστῶσιν
2590 3876 2698 3929 ἀπὸ
2712 3875 2806 3929 τοῦ
2823 3876 3124 3948 παραδόξου
3138 3878 3237 3948 τῆς
3247 3881 3581 3951 οἰκονομίας,
3594 3882 3737 3951 ὁρῶ-

2162 3983 2251 4020 σαι
2279 3967 2369 4019 τὺν
2398 3965 2713 4038 τηλικοῦτον
2727 3967 2855 4022 Υίὸν
2880 3968 2972 4022 τοῦ
2984 3969 3117 4023 Θεοῦ
3142 3971 3215 4042 μὴ
3235 3970 3424 4042 ἔχοντα
3440 3967 3578 4036 εῐδος
3596 3973 3733 4044 μηδὲ

2160 4053 2381 4119 κάλλος·
2401 4057 2495 4129 καὶ
2511 4057 2597 4111 ἵνα
2618 4058 2754 4129 μετὰ
2775 4058 2981 4111 τοιάνδε
3004 4057 3259 4113 ἔκστασιν
3280 4059 3504 4115 δοθῶσιν
3526 4063 3606 4124 είς
3627 4062 3731 4131 γῆν

2158 4149 2214 4200 αἱ
2239 4149 2501 4219 ῥομφαῖαι
2526 4148 2724 4215 αὐτῶν,
2740 4150 2833 4203 καὶ⁵
2850 4150 2925 4214 ὼς
2941 4149 3488 4222 φρύγαναξὲξωσμένα
3515 4151 3584 4206 τὰ
3600 4152 3734 4219 τόξα

2158 4239 2357 4306 αὐτῶν,
2390 4241 2526 4313 πρὸς
2552 4241 2613 4295 τὸ
2641 4243 2715 4314 μὴ
2762 4243 3008 4312 κατέχειν
3043 4243 3240 4307 αὐτοὺς
3281 4242 3420 4297 ὅπλα
3460 4243 3731 4315 πολεμικὰ

2158 4333 2252 4387 καὶ
2291 4334 2661 4406 πεπυρωμένα
2705 4333 2857 4406 βέλη,
2902 4333 2968 4386 δι’
3000 4327 3074 4389 ὧν
3116 4334 3381 4407 πρότερον
3430 4336 3729 4389 κατεπολέ-

2162 4443 2295 4497 μουν
2342 4425 2441 4490 τάς
2496 4426 2841 4497 ὑποχειρίους
2881 4426 3062 4489 αὐτοῖς
3108 4425 3306 4497 ψυχάς.
3353 4425 3507 4481 Μετὰ
3555 4426 3733 4482 ταῦτά.

485 4534 599 4584 eos,
627 4539 646 4572 ι
681 4531 740 4574 ut
770 4520 917 4575 omni
958 4521 1187 4574 telorum
1221 4535 1420 4589 genere
1459 4519 1531 4573 ita
1572 4524 1897 4587 persecutus
1933 4533 2049 4583 eos,

2163 4534 2310 4587 φησι,
2350 4536 2371 4570 ι
2408 4518 2517 4571 Καὶ
2559 4516 2806 4581 διώξεται
2834 4518 3056 4581 αὐτούς·
3099 4537 3116 4568 ι
3167 4519 3230 4572 ἵν’
3259 4516 3453 4583 οὕτως,
3488 4519 3627 4573 κατὰ
3665 4518 3730 4572 τὸ

485 4612 741 4681 procedat
776 4612 830 4665 in
859 4626 991 4682 pace
1019 4611 1160 4664 viam
1197 4610 1392 4681 pedum
1423 4626 1666 4665 suorum.
1719 4627 1737 4659 ι
1771 4608 1906 4675 Quis
1938 4609 2052 4664 haec

484 4713 741 4774 operatus
766 4712 851 4758 est
886 4712 941 4758 et
973 4702 1139 4757 fecit?
1164 4721 1183 4753 ι
1218 4702 1314 4757 ait.
1351 4701 1740 4757 Existimamus
1777 4702 1922 4772 quod
1952 4717 2051 4756 ex-

485 4795 733 4850 cellentia
767 4802 823 4849 et
866 4793 1172 4864 benignitas
1213 4792 1455 4846 omnium
1505 4791 1597 4847 Dei
1627 4794 1876 4848 vocantis
1908 4807 2051 4858 eam,

485 4885 743 4951 iustitiam
775 4885 1045 4951 videlicet,
1091 4900 1201 4940 non
1254 4885 1414 4938 aliam
1454 4899 1518 4939 ac
1550 4885 1874 4955 sapientiam
1907 4883 2048 4953 ejus,

486 4990 649 5044 quam
697 4982 753 5029 et
799 4975 1233 5045 contemplantes
1284 4974 1471 5028 veritae
1527 4982 1655 5029 sunt
1710 4973 1879 5028 Deum
1930 4988 2052 5042 quae

486 5066 636 5135 prius
686 5066 743 5120 in
788 5063 886 5122 Dei
933 5067 1341 5136 contemptione
1380 5066 1633 5121 vivebant
1687 5074 1898 5138 gentes.
1944 5064 2050 5132 Qui

484 5156 756 5228 quondam
796 5156 1150 5213 remotissimi
1196 5164 1375 5221 erant,
1414 5156 1650 5227 proximi
1689 5156 1841 5226 regni
1881 5157 2051 5210 caslo-

486 5264 601 5302 rum
627 5246 757 5302 facti
785 5258 930 5302 sunt.
958 5247 1193 5319 Ideoque
1222 5248 1445 5306 fuerunt
1474 5248 1690 5303 attoniti
1723 5248 1920 5303 salutis
1945 5248 2049 5301 mi-

486 5341 691 5404 raculo,
728 5356 788 5396 se
823 5340 1058 5396 invicem
1096 5342 1379 5404 docentes,
1419 5348 1474 5396 et
1507 5340 1674 5395 frater
1707 5338 1860 5394 fratri
1891 5340 2051 5394 auxi-

488 5428 644 5495 lians,
682 5429 1081 5503 pristinumque
1122 5432 1455 5487 confitentur
1482 5429 1549 5485 de
1578 5430 1739 5485 idolis
1780 5445 2046 5496 errorem,

489 5519 598 5574 inec
622 5522 811 5577 eadem
843 5522 1107 5579 dicentes.
1138 5522 1314 5579 Faber
1341 5524 1543 5594 quippe
1571 5533 1688 5579 erat
1716 5531 1770 5579 et
1798 5525 2046 5589 aerarius,

485 5607 823 5679 qni'malleo,
870 5620 925 5666 et
954 5613 1148 5679 clavis,
1196 5624 1248 5668 et
1280 5615 1515 5669 humana
1570 5614 1823 5669 machina
1870 5615 2050 5670 susci-

562 5786 578 5815 ¹
612 5783 716 5840 lsa.
738 5787 886 5855 xt,9,
921 5790 1008 5844 tl.
1085 5792 1105 5823 ¹
1128 5791 1231 5848 lsa.
1258 5808 1371 5859 xu,
1405 5792 1523 5849 2-7.
1601 5794 1619 5826 ’
1651 5792 1820 5850 lCor.
1852 5809 1890 5860 ι,
1923 5794 2047 5851 50.ε

2155 4608 2370 4662 πάντων
2413 4606 2562 4672 τέλος
2589 4607 2983 4679 ἐκδιωχθέντων
3008 4607 3207 4674 αὐτῶν,
3242 4608 3423 4682 διέλθῃ
3451 4612 3507 4662 ἐν
3534 4610 3726 4681 εἰρήνῃ

2152 4703 2186 4773 ή
2214 4701 2333 4764 ὁδὸς
2360 4700 2466 4753 τῶν
2497 4698 2670 4753 ποδῶν
2697 4698 2884 4753 αὐτοῦ.
2920 4718 2938 4752 t
2979 4700 3074 4765 Τίς
3104 4700 3161 4755 δὲ
3217 4702 3511 4773 ἐνήργησε,
3567 4703 3725 4773 φησὶ,

2151 4794 2244 4847 καὶ
2299 4793 2521 4864 ἐποίησε
2575 4791 2786 4858 ταῦτα;
2830 4812 2849 4844 ι
2915 4792 3409 4865 Προσυπακούομεν
3452 4794 3529 4857 δέ,
3574 4795 3657 4848 ὅτι
3690 4798 3730 4866 ἡ

2152 4882 2454 4954 χρηστότης
2482 4881 2575 4934 καὶ
2611 4881 2990 4954 φιλανθρωπία
3020 4882 3115 4935 τοῦ
3150 4881 3259 4936 τῶν
3290 4882 3427 4937 ὅλων
3455 4881 3590 4937 Θεοῦ
3623 4881 3723 4936 τοῦ

2151 4969 2440 5034 καλοῦντος
2470 4968 2658 5041 αὐτὴν,
2697 4969 2856 5041 δῆλον
2886 4969 2930 5022 δ’
2969 4970 3061 5024 ὅτι·
3095 4969 3193 5042 τήν
3224 4971 3587 5043 δικαιοσύνην,
3619 4972 3725 5027 οὐκ

2150 5061 2316 5134 ἄλλην
2358 5055 2523 5115 οὖσαν
2567 5060 2668 5132 τῆς
2705 5064 2897 5132 σοφίας
2928 5062 3112 5128 αὑτοῦ,
3157 5062 3223 5134 ἢν
3265 5062 3358 5116 καὶ
3405 5061 3724 5134 θεασάμενα

2150 5151 2388 5223 ἐφοϐήθη
2414 5148 2504 5206 τὸν
2532 5152 2664 5207 Θεὸν
2689 5153 2757 5206 τὰ
2775 5155 2832 5207 ἐν
2854 5153 3052 5225 ἀφοὸίᾳ
3075 5152 3210 5206 Θεοῦ
3234 5153 3497 5225 πρότερον
3522 5156 3724 5226 τυγχά-

2149 5260 2306 5297 νοντα
2338 5243 2495 5317 ἔθνη·
2529 5244 2566 5299 ἃ
2603 5244 2697 5299 καὶ
2729 5244 2788 5310 ἐξ
2831 5244 3014 5317 ἄκρων
3058 5246 3153 5299 καὶ
3181 5246 3290 5299 άπὸ
3320 5250 3572 5318 περάτων
3619 5246 3723 5317 τῆς

2149 5336 2473 5407 οἰκουμένης
2503 5336 2770 5409 κληθέντα
2805 5339 2996 5409 ἦγγισε
3027 5339 3106 5411 τῷ
3151 5337 3300 5408 Θεῷ·
3335 5341 3383 5393 οί
3411 5340 3541 5393 ποτὲ
3567 5339 3721 5403 ὄντες

2153 5427 2574 5498 μακρὰνοὲγγὺς
2621 5429 2900 5500 γενόμενοι
2941 5428 3039 5501 τῆς
3083 5428 3357 5500 βασιλείας
3402 5429 3511 5483 τῶν
3551 5432 3721 5501 οὐρα-

2148 5518 2291 5573 νῶν·
2339 5519 2419 5573 διὸ
2462 5522 2554 5574 καὶ
2595 5519 2968 5592 ἐξεπλάγησαν
3010 5522 3105 5575 ἐπὶ
3151 5520 3230 5593 τῷ
3280 5522 3568 5594 παραδόξῳ
3614 5521 3721 5592 τῆς

2152 5610 2443 5683 σωτηρίας,
2496 5611 2837 5677 διδάσκοντές
2888 5629 2948 5665 τε
3004 5611 3280 5685 ἀλλήλους,
3341 5613 3447 5666 καὶ·
3491 5611 3724 5681 ἁδελφὸς
