4100 6484
479 345 617 401 1225
1490 348 1778 405 ECLOGle
1805 349 2284 406 PROPHETICJE.
2327 385 2392 393 —
2433 353 2561 410 LIB.
2604 353 2692 410 IV.
3576 360 3712 414 129.6

476 464 691 537 ἀδελφῷ
724 468 951 539 βοηθῶν,
992 472 1091 541 τὴν
1118 470 1384 541 προτέραν
1427 470 1866 540 ἐξομολογοῦνται
1911 472 2021 542 περ

2140 479 2265 525 tans
2305 479 2359 525 et
2404 471 2721 526 confortans
2790 486 2925 543 quos
2973 474 3125 544 prius
3169 474 3300 529 deos
3356 473 3689 530 ducebamus

474 558 543 613 τὰ
574 559 766 615 εἴδωλα
797 562 1023 634 πλάνην,
1054 562 1192 616 αὐτά
1217 561 1281 633 δὴ
1313 561 1483 616 ταῦτα
1509 562 1754 631 λέγοντες
1775 579 1789 591 ⁸
1821 563 2021 617 Τέκτωι

2144 557 2247 624 Qui
2294 561 2512 630 quidem
2563 561 2696 616 nihil
2737 572 2914 628 erant,
2962 564 3071 620 nisi
3116 565 3355 619 inanima
3399 567 3713 640 simulacra,

475 654 581 725 ἄρα
608 650 676 725 ἦν
708 655 800 709 καὶ
824 655 1075 726 χαλκεὺς,
1099 657 1128 708 6
1158 655 1246 708 διά
1288 655 1497 727 σφύρας
1523 655 1617 709 καὶ
1639 655 1784 724 ἥλων
1809 656 1902 707 καὶ
1930 671 2021 725 μη-

2146 649 2357 702 nullum
2391 664 2419 703 a
2450 666 2509 703 se
2542 651 2677 721 ipsis
2708 660 2912 708 motum
2944 662 3260 718 consecuta,
3295 662 3349 711 et
3375 660 3532 727 quasi
3564 675 3715 716 men-

471 745 642 816 χανῆς
695 747 1039 819 ἀνθρωπίνης
1083 748 1368 818 ἀνεγείρας
1422 748 1514 799 καὶ
1573 744 1859 815 ἐνισχύσας
1912 746 2021 806 τοὺς

2148 741 2302 795 dacia
2338 752 2661 812 acceperant
2703 753 2884 814 patres
2937 747 3108 801 n05tri
3152 747 3317 813 idola,
3366 757 3420 804 et
3457 764 3566 805 nm
3597 764 3713 807 erat

473 839 733 910 πρότερον
761 839 1143 911 νομιζομένους
1184 841 1314 909 ἡμῖν
1344 837 1523 901 θεούς·
1560 839 1609 891 οἱ
1653 838 1709 890 δὲ
1749 836 1901 889 οὐδὲν
1931 837 2021 907 ἄρε

2150 832 2203 885 ἰη
2234 837 2314 888 eis
2348 834 2575 889 utilitas.
2612 836 2766 902 Quod
2796 846 2975 893 autem
3011 837 3125 892 haec
3158 838 3232 891 ita
3272 836 3571 896 Salvatoris
3608 858 3712 895 no—
3772 902 3775 907 _

470 923 609 999 ἦσαν
647 930 679 1000 ἢ
725 930 907 1002 ἄψυχα
950 929 1140 997 ξόανα,
1184 930 1438 1001 οὐδεμίαν
1478 928 1539 994 ἐξ
1579 927 1787 982 ἑαυτῶν
1826 927 2021 998 κίνησιε

2149 925 2246 979 stri
2293 926 2511 995 impleta
2563 938 2688 984 sunt
2735 930 2993 993 adventu,
3032 930 3204 1001 magis
3241 933 3498 1000 operibus
3547 948 3712 1003 quam

472 1021 848 1092 ἐπιδεχόμενα,
894 1023 985 1075 καὶ
1021 1021 1095 1086 ὡς
1138 1021 1306 1092 ψευδῆ
1351 1022 1652 1092 ἐκτήσαντο
1694 1021 1745 1074 oi
1800 1019 2021 1090 πατέρες

2146 1018 2327 1072 verbis
2358 1018 2782 1075 demonstratur.

472 1117 628 1190 ἡμῶν
665 1119 987 1181 είδωλα,καὶ
1026 1120 1126 1174 οὐκ
1166 1115 1234 1191 ἦν
1274 1121 1332 1173 ἐν
1363 1121 1547 1184 αὐτοῖς
1584 1118 1869 1190 ὠφέλημα.
1906 1118 2027 1170 Ὅτι
2066 1115 2122 1169 δὲ
2146 1111 2297 1167 ταῦθ’
2326 1113 2498 1180 οὕτως
2520 1118 2612 1169 ἐπὶ
2634 1121 2694 1189 τῇ
2722 1117 2813 1170 τοῦ
2868 1118 3117 1189 Σωτῆρος
3167 1118 3324 1189 ἡμῶν
3381 1119 3710 1191 ἀπετελέσθη

472 1210 740 1282 παρουσίᾳ
770 1211 967 1283 μᾶλλον
998 1211 1105 1266 τῶν
1129 1211 1303 1280 λόγων
1331 1214 1363 1283 ἡ
1398 1211 1466 1264 δι’
1502 1210 1677 1283 ἔργων
1711 1210 1774 1280 (f:
1807 1209 1898 1281 52)
1926 1209 2222 1281 παρίστησι
2260 1209 2555 1281 μαρτυρία.

986 1326 1381 1380 ΚΕΦΔΛΔΙΟΝ
1420 1328 1505 1380 Κ’.

541 1435 562 1469 ς
612 1415 803 1471 Ἰακὼϐ
829 1419 857 1471 6
881 1420 1010 1481 παῖς
1037 1434 1157 1489 μου,
1188 1418 1551 1489 ἀντιλήψομαι
1575 1418 1739 1472 αὑτοῦ
1759 1436 1772 1449 ·
1821 1419 2038 1491 Ἰσραὴλ

466 1507 496 1559 6
543 1508 796 1572 ἐκλεκτός
844 1525 969 1580 μου,
1020 1510 1377 1583 προσεδέξατο
1423 1510 1583 1565 αὑτὸν
1630 1513 1663 1581 ή
1705 1511 1852 1581 ψυχή
1889 1528 1991 1582 μου
2015 1527 2030 1542 ο

2726 1323 2952 1378 CAPUT
3003 1324 3119 1379 XX.

2217 1431 2237 1464 ι
2271 1411 2445 1469 Iacob
2496 1428 2630 1484 puer
2660 1427 2835 1478 meus,
2861 1414 3155 1484 suscipiam
3180 1430 3304 1470 eum
3336 1414 3544 1471 :lsrael
3598 1417 3709 1473 ele-

2138 1513 2260 1559 ctus
2288 1520 2464 1569 meus,
2493 1505 2789 1576 assumpsit
2824 1520 2949 1560 eum
2974 1506 3153 1559 anima
3183 1521 3301 1562 mea
3336 1526 3350 1563 :
3385 1507 3506 1563 dedi
3533 1505 3712 1578 Spiri-

467 1603 639 1657 έδωκα
670 1604 730 1656 τὸ
757 1603 980 1674 Πνεῦμά
1009 1621 1109 1675 μου
1144 1604 1230 1658 ἐπ’
1258 1604 1419 1659 αὐτόν
1438 1621 1450 1634 ·
1480 1603 1658 1675 κρίσιν
1687 1607 1801 1666 τοῖς
1828 1604 2021 1658 έθνεσιι

2146 1600 2262 1653 tum
2288 1608 2469 1650 meum
2493 1609 2660 1664 super
2688 1610 2850 1662 eum;
2874 1594 3141 1665 judicium
3167 1597 3416 1666 gentibus
3434 1597 3706 1667 proferet;

465 1693 692 1757 ἐξοίσει·
733 1695 791 1748 οὐ
824 1693 1164 1766 κεκράξεται,
1204 1694 1323 1748 οὐδὲ
1359 1695 1566 1765 ἀνήσει,
1606 1694 1731 1748 οὐδὲ
1760 1693 2034 1765 ἀκουσθή-

2140 1700 2251 1741 non
2273 1686 2550 1752 clamabit,
2578 1702 2755 1758 neque
2781 1690 3044 1752 remittet,
3085 1701 3264 1757 neque
3288 1688 3542 1745 audietur
3574 1688 3708 1744 foris

466 1797 618 1835 σεται
653 1780 757 1846 ἔξω
788 1784 820 1855 ἡ
868 1781 1016 1853 φωνὴ
1053 1783 1247 1837 αὐτοῦ·
1284 1783 1528 1854 κάλαμον
1562 1783 1922 1854 τεθλασμένον
1969 1786 2021 1838 οἰ

2138 1790 2243 1830 vox
2271 1775 2413 1844 ejus;
2439 1775 2706 1830 calamum
2734 1776 3033 1831 contritum
3063 1791 3174 1831 non
3201 1775 3433 1847 franget,
3461 1786 3516 1832 et
3536 1778 3709 1833 linum

466 1874 762 1945 συντρίψει,
810 1877 904 1930 καὶ
942 1876 1084 1929 λίνον
1130 1876 1523 1947 καπνιζὸμενον
1563 1875 1624 1928 οὐ
1666 1875 1877 1930 σϐέσει·
1914 1877 2034 1931 ἀλλ’

461 1967 542 2028 είς
570 1967 822 2038 ἀλήθειαν
846 1967 1038 2031 ἐξοίσει
1060 1968 1240 2039 κρίσιν
1261 1984 1277 1998 ·
1304 1967 1609 2039 ἀναλάμψει
1643 1970 1738 2022 καὶ
1764 1969 1824 2022 οὐ
1869 1968 2034 2040 θραυ-

462 2055 717 2126 σθήσεται
747 2057 852 2119 ἓως
878 2056 945 2110 ἂν
974 2057 1038 2128 θῇ
1064 2057 1156 2111 ἐπὶ
1193 2057 1293 2127 τῆς
1319 2058 1420 2128 γῆς
1452 2057 1633 2130 κρίσιν
1652 2075 1664 2087 ·
1702 2058 1796 2112 καὶ
1839 2058 1933 2112 ἐπὶ
1954 2058 2034 2129 τῷ

460 2146 681 2216 ὀνόματι
722 2146 886 2200 αὑτοῦ
923 2147 1048 2218 ἔθνη
1081 2134 1375 2202 ἐλπιοῦσιν.
1414 2149 1602 2214 Οὕτως
1643 2150 1792 2218 λέγει
1832 2149 2032 2223 Κύριος

458 2240 489 2291 6
519 2238 650 2301 Θεὸς
689 2241 718 2292 6
763 2240 992 2312 ποιήσας
1030 2241 1120 2293 τὸν
1160 2242 1383 2313 οὐρανὸν
1432 2242 1528 2295 καὶ
1571 2242 1749 2313 πήξας
1788 2244 1969 2308 αὐτὸν,
2002 2246 2031 2296 6

461 2329 767 2401 περεώσας
792 2331 890 2402 τὴν
913 2332 1016 2403 γῆν
1040 2333 1134 2387 καὶ
1161 2332 1228 2386 τά
1262 2335 1320 2387 ὲν
1343 2333 1502 2405 αὐτῇ,
1530 2334 1623 2388 καὶ
1649 2335 1824 2401 διδοὺς
1863 2338 2031 2406 πνοὴν

456 2419 536 2491 τῷ
575 2419 690 2491 λαῷ
734 2420 813 2491 τῷ
844 2422 931 2473 ἐπ’
976 2422 1166 2492 αὐτῆς,
1219 2424 1313 2476 καὶ
1357 2421 1573 2494 πνεῦμα
1620 2409 1734 2489 τοῖς
1769 2426 2030 2479 πατοῦσιν

387 2508 390 2512 “
459 2511 630 2580 αὐτήν
650 2529 665 2543 ο
690 2509 799 2578 ἐγὼ
829 2511 1031 2583 Κύριος
1053 2514 1080 2566 ὁ
1103 2512 1234 2576 Θεὸς
1263 2512 1497 2567 ἐκάλεσά
1523 2529 1581 2566 σε
1610 2514 1668 2567 ἐν
1691 2514 2028 2587 δικαιοσύνῃ,

456 2601 552 2654 καὶ
583 2603 840 2675 κρατήσω
880 2603 982 2674 τῆς
1020 2603 1201 2675 χειρός
1240 2620 1333 2657 σου
1367 2606 1461 2659 καὶ
1495 2605 1760 2676 ἐνισχύσω
1799 2624 1892 2660 σεο
1938 2608 2031 2662 καὶ

456 2690 634 2746 ἐδωκά
663 2710 721 2747 σε
749 2696 829 2757 είς
856 2694 1117 2767 διαθήκην
1142 2696 1333 2764 γένους
1358 2699 1439 2761 εἰς
1465 2697 1582 2766 φῶς
1603 2697 1793 2764 ἐθνῶν,
1824 2699 2029 2764 ἀνοῖξαι

453 2779 762 2853 ὀφθαλμοὺς
793 2783 1025 2853 τυφλῶν,
1048 2784 1334 2855 ἐξαγαγεῖν
1357 2789 1421 2841 ἐκ
1443 2786 1659 2858 δεσμῶν
1688 2788 2023 2861 δεδεμένους,

454 2872 548 2926 καὶ
577 2872 633 2940 ἐξ
665 2874 812 2927 οἴκου
844 2875 1088 2947 φυλακῆς
1128 2878 1469 2951 καθημένους
1502 2882 1560 2935 ἐν
1604 2882 1805 2937 σκότει.
1842 2903 1862 2935 ι
1901 2883 2027 2936 Ὅτι

457 2965 533 3035 μὴ
575 2966 704 3036 περὶ
747 2964 843 3020 τοῦ
877 2966 984 3022 τῶν
1022 2970 1290 3025 Ἰουδαίων
1330 2972 1460 3028 λαοῦ
1507 2973 1907 3045 προφητεύεται
1957 2975 2028 3029 τὰ

454 3057 562 3108 ἀπο
588 3056 682 3110 τοῦ
706 3075 720 3090 ·
752 3077 772 3111 ‹
815 3060 1005 3114 Ἰακὼϐ
1052 3065 1081 3116 6
1124 3066 1253 3127 παῖς
1288 3082 1411 3135 μου,
1435 3066 1796 3138 ἀντιλήψομαι
1836 3067 2024 3129 αὐτοῦ,

2138 1864 2410 1936 fumigans
2450 1882 2563 1921 non
2596 1866 2942 1937 exstinguet;
2979 1868 3074 1923 sed
3106 1868 3163 1922 in
3206 1867 3433 1923 veritate
3470 1868 3709 1938 proferet

2129 1957 2422 2028 judicium,
2460 1958 2851 2029 resplendehit,
2882 1970 2938 2015 et
2962 1975 3073 2015 non
3102 1960 3583 2030 conquassabitur,
3607 1959 3709 2016 do-

2134 2065 2236 2105 nec
2259 2058 2424 2121 ponat
2440 2050 2496 2104 in
2511 2051 2957 2121 terrajudicium,
2981 2060 3035 2107 et
3056 2051 3113 2107 in
3133 2053 3358 2107 nomine
3376 2052 3497 2121 ejus
3516 2060 3707 2123 gentes

2134 2142 2450 2211 Sperabunt.
2491 2141 2583 2197 Sic
2611 2141 2744 2198 dicit
2801 2142 3065 2199 Dominus
3127 2141 3295 2208 Deus,
3324 2144 3419 2213 qui
3448 2143 3574 2199 fecit
3597 2159 3710 2199 ca:—

2134 2230 2267 2296 lum,
2288 2241 2342 2286 et
2369 2232 2599 2288 intendit
2626 2231 2783 2299 illud,
2812 2235 2906 2305 qui
2930 2234 3164 2291 ﬁrmavit
3184 2243 3388 2290 terram
3415 2244 3471 2290 et
3497 2250 3564 2291 ea
3587 2252 3709 2306 qua:

2132 2329 2261 2376 sunt
2291 2322 2346 2376 in
2374 2322 2512 2392 ipsa,
2547 2324 2753 2395 quique
2787 2323 2880 2378 dat
2910 2322 3097 2379 ﬂatum
3144 2326 3367 2396 populo,
3409 2324 3504 2396 qui
3532 2337 3618 2382 est
3654 2326 3708 2380 in

2130 2430 2216 2482 ea,
2243 2431 2298 2476 et
2315 2419 2568 2491 spiritum
2599 2417 2937 2474 calcantibus
2963 2431 3102 2473 eam.
3134 2417 3242 2489 Ego
3270 2416 3530 2474 Dominus
3551 2417 3699 2474 Deus

2129 2522 2259 2568 tuus
2289 2511 2479 2566 vocavi
2509 2517 2563 2567 te
2590 2510 2647 2564 in
2672 2509 2906 2580 iustitia,
2938 2517 2994 2565 e‘t
3029 2509 3436 2581 apprehendam
3465 2524 3692 2564 manum

2130 2588 2300 2669 tuam,
2324 2612 2379 2659 et
2400 2601 2771 2659 corroboraho
2801 2612 2851 2656 te
2879 2621 2893 2657 :
2923 2610 2979 2658 et
3003 2601 3127 2657 dedi
3158 2609 3212 2658 te
3235 2601 3292 2656 in
3318 2608 3707 2658 testamentum

2129 2696 2347 2767 generis
2381 2695 2440 2750 in
2481 2695 2664 2749 lumen
2696 2692 2962 2765 gentium,
2995 2700 3057 2748 ut
3088 2694 3333 2765 aperires
3371 2693 3562 2749 oculos
3598 2707 3707 2748 ca:-

2129 2803 2339 2851 corum,
2359 2794 2415 2843 et
2438 2787 2702 2843 educeres
2734 2802 2802 2842 ex
2825 2786 3059 2842 vinculis
3082 2787 3342 2858 illigatos,
3371 2794 3426 2841 et
3453 2786 3520 2841 de
3544 2785 3707 2841 domo

2128 2880 2368 2935 carceris
2401 2878 2651 2943 sedentes
2680 2879 2739 2935 in
2762 2878 3008 2936 tenebris
3040 2878 3080 2934 ‘.
3120 2898 3140 2931 ι
3172 2878 3330 2962 Quod
3365 2893 3474 2934 non
3501 2878 3568 2935 de
3603 2877 3704 2933 1ο-

2128 2970 2369 3026 daeorum
2394 2970 2594 3041 populo
2629 2970 3069 3041 prophetizantur
3104 2969 3219 3026 haec
3252 2988 3265 3025 :
3303 2988 3323 3022 ι
3350 2967 3520 3025 Iacob
3572 2984 3706 3040 puer

2129 3077 2307 3127 meus,
2341 3061 2636 3132 suscipiam
2658 3076 2817 3129 eum;
2840 3060 3005 3117 lsrael
3046 3062 3253 3118 electus
3283 3077 3458 3126 meus,
3491 3076 3705 3118 assum-

465 3151 678 3223 Ἰσραὴλ
708 3155 738 3206 6
783 3153 1033 3219 ἐκλεκτός
1076 3173 1199 3227 μου,
1228 3158 1587 3229 προσεδέξατο
1615 3160 1777 3214 αὐτὸν
1817 3162 1854 3230 ἡ
1880 3159 2021 3232 ψυχή

2130 3155 2239 3224 psit
2267 3168 2391 3208 eum
2439 3152 2623 3209 anima
2656 3168 2798 3216 mea,
2828 3171 2847 3204 ι
2889 3160 2945 3209 et
2971 3153 3209 3224 reliqua,
3241 3153 3587 3210 manifestum
3620 3161 3706 3209 cst

456 3260 580 3313 μου,
613 3264 631 3296 ι
665 3246 831 3315 σαφὲς
860 3247 1011 3301 ἔσται
1037 3251 1149 3313 τοῖς
1172 3248 1444 3305 ἐθέλουσιν
1480 3252 1715 3323 ἑκάστην
1739 3252 1885 3320 λέξιν
1915 3253 2025 3306 τῶν

454 3339 826 3407 προκειμένων
860 3338 1153 3404 ἐξετάζειν.
1191 3342 1327 3396 ἀλλά
1361 3344 1453 3397 καὶ
1501 3344 1608 3398 ἀπὸ
1647 3346 1748 3416 τῆς
1785 3345 1925 3400 κατὰ
1965 3346 2026 3400 τὸ

464 3427 750 3498 Ἑϐραῖκὺν
796 3431 1078 3500 ἀκριϐείας
1126 3434 1283 3489 τοῦτο
1328 3435 1485 3506 δῆλόν
1528 3438 1673 3490 ἐστιν
1696 3455 1711 3468 ο
1771 3437 1881 3492 οὔτ’
1928 3435 2024 3492 οὖν

451 3516 512 3571 τὸ
550 3517 742 3570 Ἰακὼϐ
790 3516 981 3587 ὄνομα,
1024 3520 1147 3575 οὔτε
1189 3523 1251 3576 τὸ
1295 3516 1511 3596 Ἰσραὴλ
1549 3528 1607 3578 ἐν
1655 3526 1806 3596 αὐτῷ
1853 3528 2023 3598 ἐμφέ-

454 3623 634 3678 ρεται’
665 3607 784 3662 ὅθεν
827 3610 920 3664 καὶ
952 3609 1240 3665 ὠϐέλισται
1267 3614 1417 3685 παρά
1446 3618 1560 3679 τοῖς
1597 3616 1881 3688 ἀκριϐέσιν
1930 3621 2023 3672 ἀν-

450 3699 735 3770 τιγράφοις
788 3701 894 3754 τῶν
933 3702 1351 3777 Ἐϐδομήκοντα,
1379 3706 1567 3760 καθότι
1613 3723 1676 3776 γε
1715 3710 1815 3762 οὐκ
1864 3710 2021 3774 ἄλλος

447 3786 557 3868 τῶν
601 3788 822 3844 δικαίων
868 3791 1007 3864 πλὴν
1044 3792 1139 3846 τοῦ
1178 3794 1426 3866 Σωτῆρος
1465 3794 1622 3866 ἡμῶν
1667 3797 1838 3868 Ἰησοῦ
1881 3800 2021 3875 Χρι-

454 3879 601 3944 στοῦ,
644 3882 766 3957 οὐδέ
810 3883 915 3955 μὴν
960 3885 1120 3948 αὐτὸς
1162 3888 1191 3940 6
1238 3887 1333 3940 τοῦ
1378 3888 1562 3942 Ἰσαὰκ
1603 3887 1636 3960 ἢ
1690 3888 1882 3943 Ἰακὼϐ
1924 3892 2020 3944 καὶ

465 3971 678 4043 Ἰσραὴλ
703 3976 1158 4046 προσαγορευθεὶς
1187 3977 1423 4044 τοιοῦτός
1455 3997 1539 4044 τις
1566 3975 1656 4053 ἧν,
1684 3981 1762 4045 ῶς
1784 3983 2021 4054 ἐφαρμό-

450 4062 562 4128 ζειν
604 4066 752 4149 αὐτῴ
794 4067 1050 4122 δύνασθαι
1096 4069 1163 4124 τὰ
1206 4071 1575 4142 προκείμενα,
1627 4072 1816 4127 οὐδένα
1867 4070 2021 4145 οἶμαι

448 4155 835 4226 ἀμφιϐάλλεινο
879 4160 964 4212 ἵνα
1005 4161 1112 4232 γὰρ
1149 4162 1242 4217 καὶ
1280 4163 1487 4235 ἑτέροις
1531 4165 1763 4237 ἀρμόσοι
1797 4183 1882 4231 τις
1930 4167 2013 4220 τό·

2129 3245 2377 3316 singulas
2400 3244 2632 3315 hujusce
2652 3244 2951 3316 prophetiae
2980 3259 3141 3301 voces
3168 3246 3501 3316 perpendere
3522 3246 3700 3300 volen-

2125 3338 2296 3401 tibus,
2330 3336 2428 3394 sed
2461 3338 2626 3393 etiam
2671 3337 2794 3407 ipso
2824 3335 3097 3393 Hebraico
3133 3345 3286 3393 textu
3316 3345 3485 3408 patet.
3517 3335 3705 3407 Neque

2122 3427 2315 3496 Iacob,
2342 3444 2522 3499 neque
2551 3427 2717 3485 Israel
2751 3429 3000 3483 nominat
3035 3448 3050 3484 :
3084 3430 3227 3499 apud
3276 3430 3426 3500 ipsos
3473 3428 3696 3500 quidem

2126 3520 2481 3592 Septuaginta
2521 3521 2681 3575 obelo
2710 3522 2984 3591 signatum
3023 3532 3103 3576 est
3149 3535 3347 3575 nomen
3393 3520 3549 3584 illud,
3571 3535 3706 3591 quo-

2124 3614 2271 3668 niam
2308 3628 2419 3668 non
2455 3612 2732 3682 justorum
2765 3612 2928 3677 alius,
2962 3613 3070 3668 nisi
3099 3610 3350 3667 Salvator
3382 3619 3570 3668 noster
3605 3611 3700 3668 Je—

2123 3720 2219 3760 sus
2249 3704 2527 3769 Christus,
2561 3719 2673 3765 non
2693 3704 2912 3775 quidem
2957 3704 3075 3774 ipse
3119 3703 3266 3758 ﬁlius
3298 3702 3471 3767 Isaac,
3499 3700 3697 3764 Iacob.

2122 3796 2206 3852 vel
2234 3794 2402 3852 Israel
2426 3795 2834 3861 denominatur,
2864 3795 2911 3850 is
2933 3801 3054 3850 erat
3083 3792 3171 3848 cui
3202 3792 3448 3863 adaptari
3472 3804 3697 3862 possent

2123 3889 2387 3959 praedicta
2403 3890 2606 3956 verba;
2632 3897 2796 3960 atque
2820 3889 2973 3954 illud,
3000 3896 3058 3943 ut
3078 3888 3292 3958 opinor,
3310 3886 3444 3941 nulli
3467 3885 3695 3941 dubium

2122 3991 2226 4036 cst.
2252 3979 2390 4035 Dato
2410 3981 2556 4037 enim
2573 3980 2722 4051 quod
2755 3981 2879 4038 aliis
2902 3995 3119 4051 quoque
3149 3978 3265 4033 haec
3293 3977 3649 4031 convenirent
3675 3994 3690 4030 :

2123 4090 2143 4122 ι
2161 4070 2289 4127 Dedi
2303 4072 2560 4142 Spiritum
2580 4087 2757 4127 meum
2775 4087 2939 4144 super
2952 4086 3098 4138 eum;
3110 4069 3351 4125 icuinam
3368 4067 3476 4123 dici
3488 4066 3692 4138 potuit:

2126 4181 2146 4214 ι
2171 4161 2445 4221 Iudicium
2476 4163 2731 4235 gentibus
2761 4163 3019 4234 proferet,
3057 4182 3078 4215 ι
3121 4171 3175 4225 et
3203 4175 3325 4232 quae
3365 4170 3692 4231 sequuntur,

453 4266 475 4299 ί
512 4249 724 4303 Ἕδωκα
756 4250 816 4304 τὸ
842 4250 1068 4323 Πνεῦμά
1104 4270 1204 4323 μου
1233 4256 1319 4309 ἐπ’
1348 4256 1530 4321 αὐτὸν,
1566 4276 1587 4310 ι
1624 4257 1677 4311 τί
1703 4258 1747 4312 δ’
1777 4257 1844 4312 ἂν
1873 4258 2019 4314 εἴποι

2125 4256 2529 4327 praesertimque
2555 4255 2687 4311 illud
2718 4274 2732 4310 :
2762 4274 2780 4307 ε
2806 4254 2872 4310 Ει
2898 4255 2957 4311 in
2985 4255 3204 4310 nomine
3223 4253 3343 4324 ejus
3359 4261 3549 4323 gentes
3571 4268 3697 4324 spe-

448 4342 526 4404 είς
556 4341 635 4394 τόο
676 4361 693 4393 ι
728 4343 925 4415 Κρίσιν
967 4347 1078 4409 τοῖς
1122 4345 1328 4400 ἔθνεσιν
1356 4346 1575 4412 ἐξοίσει,
1608 4367 1628 4402 ι
1680 4350 1776 4404 καὶ
1821 4352 1901 4414 εἰς
1946 4352 2017 4406 τὰ

2125 4346 2366 4403 rabunt?
2398 4365 2416 4398 ι
2456 4345 2743 4412 Quomodo
2775 4353 2956 4401 autem
2982 4344 3246 4401 credibile
3273 4349 3419 4399 esset
3451 4343 3566 4399 sive
3591 4340 3691 4397 Iu-

448 4432 593 4504 έξῆς,
621 4435 716 4487 καὶ
761 4434 990 4506 μάλιστα
1029 4437 1109 4489 τό·
1159 4456 1177 4489 ι
1212 4438 1322 4492 Καὶ
1362 4438 1455 4492 ἐπὶ
1483 4439 1563 4509 τῷ
1591 4440 1815 4511 ὀνόματι
1849 4442 2015 4497 αὐτοῦ

2125 4435 2369 4493 deorum
2404 4439 2623 4508 populo,
2657 4439 2774 4494 sive
2798 4438 2906 4509 ipsi
2937 4437 3051 4492 lilio
3075 4438 3252 4503 Isaac,
3280 4436 3472 4505 Iacob,
3496 4437 3613 4493 sive
3640 4442 3695 4491 et

447 4522 572 4594 ἔθνη
598 4525 905 4592 ὲλπιοῦσιν;
952 4546 971 4579 ι
1003 4528 1126 4592 Πῶς
1153 4529 1211 4583 δὲ
1248 4529 1352 4583 κᾶν
1379 4530 1601 4585 πιθανὸν
1642 4534 1726 4604 εἴη
1762 4534 1882 4605 ῆτοι
1904 4535 2013 4588 τῶν

2125 4530 2301 4585 cuivis
2323 4530 2600 4599 justorum
2622 4528 2738 4594 alii,
2768 4543 2835 4584 ea
2857 4527 3154 4584 convenire
3181 4548 3195 4583 :
3235 4546 3256 4579 ‹
3289 4526 3423 4601 Dedi
3454 4534 3509 4583 te
3534 4526 3591 4582 in
3612 4533 3694 4580 tc-

458 4612 723 4670 Ἰουδαίων
753 4617 941 4690 λαῷ,ἢ
978 4620 1072 4674 καὶ
1096 4620 1242 4692 αὐτῷ
1272 4620 1351 4693 τῷ
1373 4624 1467 4677 τοῦ
1507 4623 1691 4678 Ἰσαὰκ
1731 4624 1944 4690 Ἰακὼϐ,
1979 4625 2012 4696 ἦ

2125 4627 2450 4677 stamentum
2492 4620 2712 4691 generis
2747 4620 2805 4675 in
2841 4620 3026 4676 lumen
3068 4622 3335 4693 gentium,
3360 4628 3421 4677 ut
3444 4620 3690 4692 aperires

444 4707 542 4760 καὶ
570 4707 738 4777 ἑτέρῳ
766 4709 871 4761 τινὶ
895 4709 1001 4762 τῶν
1032 4711 1249 4766 δικαίων
1274 4713 1606 4784 ἐφαρμόζειν
1631 4715 1695 4769 τό
1715 4731 1730 4746 ·
1766 4735 1783 4767 ι
1802 4716 2019 4770 Ἐδωκά

450 4815 509 4852 σε
533 4801 612 4864 είς
632 4800 892 4873 διαθήκην
915 4802 1122 4871 γένους,
1146 4807 1223 4866 εἰς
1245 4805 1358 4873 φῶς
1381 4796 1579 4875 ἐθνῶν,⁹
1593 4807 1799 4874 ἀνοῖξαι
1820 4809 2019 4879 ὀφθαλο

449 4891 583 4960 μοὺς
621 4893 1174 4964 τυφλῶν,·ὲξαγαγεῖν
1210 4898 1273 4950 ἐκ
1305 4896 1520 4969 δεσμῶν
1551 4900 1888 4971 δεδεμένους,
1919 4904 2013 4955 καὶ

445 4981 508 5047 ἐξ
545 4982 694 5037 οἴκου
739 4986 1366 5058 φυλακῆς-καθημένους
1409 4992 1468 5043 ἐν
1521 4993 1735 5057 σκότει;
1780 5012 1798 5045 ι
1848 4993 2012 5046 Ἀλλά

440 5070 614 5128 ταῦτα
637 5076 766 5145 ἡμῖν
788 5075 863 5139 ὡς
885 5076 1021 5146 πρὸς
1042 5079 1167 5140 τοὺς
1188 5079 1253 5131 ἐκ
1276 5082 1575 5151 περιτομῆς
1602 5083 1972 5155 ἐπηπορήσθω
1993 5101 2007 5114 ’

445 5164 631 5232 σαφῶς
658 5182 721 5234 γε
749 5168 854 5237 μὴν
877 5169 1023 5238 ἡμᾶς
1061 5169 1125 5223 τὸ
1161 5170 1490 5238 Εὐαγγέλιον
1517 5173 1612 5232 ἐπὶ
1636 5172 1733 5226 τοῦ
1758 5175 2010 5246 Σωτῆρος

441 5253 597 5325 ἡμῶν
640 5255 810 5327 Ἰησοῦ
842 5257 1083 5312 διδάσκει
1128 5261 1219 5314 καὶ
1255 5261 1456 5332 ταύτην
1490 5262 1883 5336 πεπληρῶσθαι
1911 5267 2010 5337 τὴν

441 5346 794 5414 προφητείαν,
846 5348 935 5401 ὅτε
974 5366 992 5398 ι
1024 5348 1326 5414 ἐξελθόντες
1356 5353 1404 5403 οἱ
1456 5353 1738 5424 Φαρισαῖοι
1772 5352 2011 5424 συμϐού-

438 5431 549 5486 λιον
581 5434 701 5487 κατ’
742 5436 906 5490 αὑτοῦ
942 5436 1152 5503 ἔλαϐον,
1185 5440 1332 5505 ὅπως
1364 5441 1525 5495 αὐτὸν
1548 5442 1904 5497 ἀπολέσωσιν.
1946 5445 2006 5498 Ὀ

436 5523 512 5583 δὲ,
538 5524 743 5596 Ἰησοῦς
781 5529 942 5594 γνοὺς
972 5529 1316 5602 ἀνεχώρησεν
1357 5531 1563 5587 ἐκεῖθεν
1589 5549 1603 5563 ·
1647 5534 1741 5591 καὶ
1774 5534 2004 5606 ἠκολού-

437 5611 609 5685 θησαν
641 5614 788 5685 αὑτῷ
814 5615 1012 5682 πολλοὶ,
1043 5620 1134 5672 καὶ
1159 5620 1524 5691 ἐθεράπευσεν
1546 5625 1742 5688 αὐτοὺς
1765 5626 1972 5690 πάντας
1988 5644 2001 5657 ·

512 5768 673 5826 ‘lsai.
705 5786 837 5835 ιιιι,
877 5772 994 5827 1ο7.
1072 5777 1091 5806 ¹
1124 5774 1439 5841 Mattb.,xn,
1477 5779 1558 5833 Η.

751 5866 1021 5926 l’nnoc.
1071 5868 1188 5928 Gn.
1237 5869 1434 5933 ΧΧΙΙ.

2119 4713 2310 4767 oculos
2338 4726 2634 4777 caecorum,
2676 4721 2731 4767 et
2766 4711 3031 4770 educeres
3059 4729 3128 4768 ex
3161 4713 3393 4767 vinculis
3424 4711 3687 4781 illigatos,

2118 4807 2172 4853 et
2197 4800 2265 4854 de
2294 4800 2457 4855 domo
2485 4802 2726 4857 carceris
2773 4804 3025 4861 sedentes
3080 4803 3137 4858 in
3188 4801 3466 4857 tenebris?
3505 4820 3525 4853 ι
3559 4798 3687 4855 Haec

2117 4905 2251 4946 vero
2304 4886 2485 4957 nobis,
2535 4894 2692 4963 quasi
2722 4894 3087 4957 circumcisis,
3141 4889 3481 4947 discutienda
3532 4898 3680 4945 sunt.

2117 4978 2402 5036 Manileste
2440 4996 2543 5038 nos
2580 4981 2931 5057 Evangelium
2957 4998 2987 5036 a
3020 4981 3302 5037 Salvature
3329 4985 3520 5034 nostro
3551 4976 3683 5033 Iesu

2115 5069 2256 5126 hanc
2277 5072 2438 5128 docet
2460 5074 2798 5144 prophetiam
2820 5075 3093 5145 impletam
3118 5072 3308 5138 fuisse,
3338 5085 3463 5126 cum
3498 5088 3517 5120 ‹
3544 5067 3686 5124 Plia-

2113 5163 2258 5218 riszei
2284 5174 2548 5220 exeuntes
2593 5167 2885 5223 consilium
2932 5166 3196 5221 adversus
3230 5178 3357 5219 eum
3397 5170 3682 5231 ceperunt,

2116 5263 2175 5307 ut
2218 5270 2343 5309 eum
2376 5257 2769 5314 interﬁcerent.
2799 5257 2956 5323 Quod
3005 5273 3135 5313 vero
3181 5255 3341 5312 Iesus
3371 5256 3569 5317 sciens,
3598 5269 3685 5308 se-

2113 5348 2281 5403 cessit
2323 5349 2449 5405 inde
2475 5369 2487 5403 :
2513 5358 2568 5405 et
2609 5358 2808 5406 secutas
2837 5356 2965 5403 sunt
2998 5365 3122 5403 eum
3172 5348 3347 5404 turba:
3386 5344 3587 5407 multas,
3629 5353 3686 5400 et

2113 5438 2327 5494 curavit
2357 5456 2451 5498 eos
2477 5457 2668 5497 omnes
2693 5482 2709 5506 ,
2738 5451 2792 5498 et
2824 5443 3080 5513 praecepit
3109 5442 3191 5497 eis
3229 5457 3299 5497 ne
3331 5435 3682 5494 manifestum

2115 5534 2293 5602 ipsum
2316 5534 2556 5590 facerent
2584 5537 2626 5588 ³.
2665 5554 2685 5586 ι
2721 5533 2816 5590 His
2845 5534 2989 5589 enim
3019 5535 3239 5590 additur
3259 5535 3313 5590 in
3339 5533 3633 5604 Evangelia
3662 5549 3679 5586 :

2120 5646 2140 5681 ι
2175 5628 2241 5684 Ut
2272 5628 2588 5699 impleretur
2609 5627 2751 5698 quod
2776 5627 2979 5682 dictum
3007 5637 3091 5682 est
3114 5642 3210 5698 per
3231 5626 3425 5684 lsaiam
3459 5627 3683 5699 proplze~

3272 5874 3349 5933 39
