4100 6448
3528 321 3661 376 ms

409 458 517 502 tam
540 446 843 501 dicentem:
874 444 1010 500 Ecce
1049 461 1186 516 puer
1216 461 1370 501 meus
1404 446 1459 500 in
1498 461 1606 517 quo
1635 444 1966 515 complacui,

2078 444 2171 496 καὶ
2204 443 2533 516 ἐπετίμησεν
2560 447 2762 511 αὐτοῖς,
2796 445 2884 499 ῐνα
2922 443 2997 515 μὴ
3046 443 3276 514 φανερὸν
3305 442 3471 499 αὑτὸν
3504 444 3661 516 ποιήο

407 538 638 591 dilectus
672 550 845 601 meus,
871 550 1033 604 quem
1059 536 1221 606 elegit
1248 536 1428 589 anima
1456 550 1597 590 mea.
1630 533 1835 591 Ponam
1864 536 1973 605 spi-

2086 555 2249 591 σωσιν
2271 554 2283 567 ·
2329 558 2347 590 ι
2383 538 2594 602 τούτοις
2622 540 2733 611 γὰρ
2764 538 3083 611 ἐπιφέρεται
3107 542 3165 592 ἐν
3196 538 3276 610 τῷ
3305 539 3620 610 Εύαγγελίῳ
3643 553 3663 571 σ

408 632 571 682 ritum
598 643 779 683 meum
827 643 992 698 super
1049 644 1197 696 eum,
1246 647 1265 681 ›
1331 636 1385 684 et
1444 628 1673 698 reliqua,
1736 629 1879 684 sicut
1924 628 1973 683 in

2088 648 2107 682 ι
2142 630 2258 682 Ἵνα
2285 630 2542 702 πληρωθῇ
2576 630 2637 683 τὸ
2671 630 2834 702 ῥηθὲν
2865 629 2953 684 διὰ
2991 631 3212 683 Ἡσαΐου
3242 628 3335 683 τοῦ
3358 631 3662 701 προφήτου,

406 709 688 790 prophetia
750 718 1078 774 referuntur.
1124 718 1242 789 Ipse
1305 719 1469 790 igitur
1533 726 1700 785 esset,
1757 721 1849 790 qui
1891 720 1973 776 hic

2080 721 2328 791 λέγοντος
2348 737 2362 752 ο
2407 721 2537 775 Ἰδοὺ
2562 725 2590 775 6
2623 724 2750 786 παῖς
2785 740 2911 793 μου,
2941 722 3001 774 ὃν
3029 722 3254 793 ᾑρέτισα
3274 738 3286 752 ·
3319 723 3347 775 6
3377 722 3661 793 ἀγαπητός

403 808 574 865 Jacob
608 816 855 878 vocatur,
901 810 1074 866 Filius
1134 810 1230 866 Dei
1280 810 1612 881 unigenitus;
1660 811 1805 867 sicut
1845 812 1973 868 alias

2083 830 2206 884 μου,
2234 813 2293 866 ὃν
2317 813 2605 883 εὐδόκησεν
2634 815 2667 884 ή
2695 814 2839 886 ψυχή
2873 829 3003 885 μου·
3035 813 3186 884 θήσω
3214 811 3277 866 τὸ
3305 813 3528 884 Πνεῦμα
3554 830 3660 884 μου

406 900 610 955 dictum
651 907 736 956 est
789 921 803 957 :
862 921 882 954 ι
913 902 1164 974 Magnum
1206 903 1305 957 tibi
1363 912 1447 958 est
1488 904 1673 958 vocari
1703 911 1758 959 te
1805 904 1973 959 filium

2081 906 2166 959 ἐπ’
2193 906 2374 969 αὐτὸν,
2412 923 2432 958 ι
2466 906 2559 959 καὶ
2600 904 2670 958 τὰ
2713 904 2861 976 ἐξῆς,
2894 906 2994 959 ὅσα
3029 904 3093 974 δὴ
3139 906 3198 957 ἐν
3242 905 3310 976 τῇ
3355 904 3659 975 προφητείᾳ

406 1007 606 1057 meum,
641 993 909 1049 suscitare
932 996 1110 1049 tribus
1136 992 1327 1058 Iacob,
1359 1001 1414 1049 et
1447 994 1606 1051 feces
1634 994 1803 1052 Israel
1846 1011 1973 1051 con-

2077 995 2441 1049 κατείλεκται.
2471 995 2642 1058 Αὐτὸς
2687 995 2731 1049 δ’
2778 994 2845 1048 ἂν
2894 989 2987 1047 οὖν
3027 995 3113 1064 εἴη
3156 993 3223 1047 ἂν
3270 995 3299 1046 ὁ
3333 995 3427 1047 καὶ
3464 992 3658 1047 Ἰακὼϐ

404 1090 618 1139 vertere
661 1085 702 1139 ¹.
751 1104 770 1137 ι
809 1084 909 1140 Hic
938 1087 1105 1156 igitur
1132 1100 1162 1140 a
1192 1084 1356 1142 Patre
1397 1101 1520 1140 cum
1552 1087 1693 1142 inter
1722 1087 1828 1141 alia
1854 1087 1973 1143 haec

2076 1089 2436 1159 χρηματίσας,
2473 1088 2609 1151 Παῖς
2639 1087 2715 1140 ῶν
2760 1086 3051 1158 μονογενὴς
3084 1085 3173 1140 τοῦ
3217 1085 3383 1140 Θεοῦο
3429 1086 3503 1151 ὡς
3536 1087 3655 1141 ἐτέ-

405 1173 711 1230 audiisset:
751 1194 770 1227 ι
807 1175 939 1232 Dedi
972 1187 1025 1233 te
1053 1178 1109 1232 in
1136 1185 1518 1234 testamentum
1549 1179 1785 1248 generis,
1812 1180 1867 1233 in
1892 1181 1973 1235 lu-

2079 1179 2209 1249 ρωθι
2242 1179 2488 1233 λέλεκται
2521 1195 2536 1210 ο
2577 1197 2596 1231 r
2647 1179 2805 1248 Μέγα
2858 1178 2940 1232 σοί
2989 1178 3106 1231 ἐστι
3157 1177 3253 1231 τοῦ
3297 1177 3561 1249 κληθῆναί
3594 1195 3656 1232 σε

406 1274 527 1314 men
552 1260 815 1330 gentium,
838 1263 1110 1332 judicium
1137 1266 1319 1319 attulit
1341 1265 1612 1335 gentibus,
1649 1286 1668 1319 ι
1700 1268 1774 1321 ita
1800 1277 1860 1322 ut
1882 1268 1973 1337 ju-

2073 1271 2239 1325 παῖδά
2284 1288 2406 1341 μου,
2454 1271 2549 1325 τοῦ
2595 1272 2792 1342 στῆσαι
2834 1270 2934 1336 τὰς
2977 1270 3149 1341 φυλὰς
3182 1269 3395 1335 Ἰακὼϐ,
3426 1274 3520 1325 καὶ
3554 1271 3654 1335 τὰς

408 326 546 382 mn
1072 322 1337 380 EUSEBII
1377 321 1852 379 CLSARIENSIS
1887 321 2036 377 OPP.
2080 318 2260 376 PARS
2309 318 2398 378 III.
2440 352 2508 364 —
2548 322 2960 380 EXEGE‘I’ICA.

404 1349 583 1405 dicata
625 1352 838 1409 ratione
863 1354 1021 1425 juxta
1057 1368 1307 1412 sanctum
1344 1356 1691 1429 Evangelium
1721 1360 1854 1428 ipsae
1886 1359 1971 1414 di-

403 1441 708 1511 rigerentur
745 1464 758 1499 :
790 1445 960 1516 liquet
986 1447 1042 1501 in
1063 1447 1283 1503 nomine
1305 1450 1423 1518 ejus
1445 1450 1751 1520 speravisse
1784 1459 1972 1520 gentes

405 1547 527 1602 quae
556 1534 613 1588 in
639 1550 763 1590 eum
786 1537 1160 1604 crediderunt,
1186 1540 1472 1611 ipsumque
1494 1540 1562 1595 ad
1584 1556 1679 1597 eas
1705 1542 1761 1595 in
1787 1542 1971 1598 lumen

404 1627 644 1695 gentium
674 1629 912 1693 venisse,
941 1638 1002 1684 ut
1030 1631 1177 1685 verbi
1208 1632 1294 1686 sui
1325 1632 1528 1686 lumine
1552 1633 1751 1688 mentis
1779 1633 1969 1691 oculos

405 1719 558 1789 prius
592 1720 954 1791 caligantibus
999 1724 1323 1780 recluderet.
1360 1723 1464 1780 Sed
1507 1726 1670 1780 etiam
1722 1725 1906 1782 eduxit
1937 1744 1969 1783 e

404 1814 640 1869 vinculis
667 1816 937 1885 quondam
966 1825 1311 1886 peccatorum
1338 1818 1569 1873 nexibus
1593 1819 1853 1889 illigatos,
1879 1828 1967 1875 at-

404 1921 511 1976 que
539 1920 570 1961 e
594 1906 758 1962 domo
781 1909 1019 1964 carceris
1047 1909 1248 1965 diaboli
1274 1911 1396 1965 illos
1418 1911 1511 1980 qui
1533 1911 1773 1966 omnium
1796 1911 1966 1968 Deum

404 1996 717 2067 ignorantes
751 1999 804 2053 in
836 1999 1076 2055 tenebris
1102 2000 1382 2057 sedebant.
1408 2001 1557 2056 Licet
1576 2002 1822 2058 studioso
1853 2004 1968 2059 sin-

405 2087 560 2156 gulas
576 2088 851 2157 inquirere
866 2092 1163 2161 prophetiae
1181 2107 1365 2159 voces,
1387 2094 1760 2164 reliquamque
1779 2094 1970 2151 dictio—
2008 2108 2009 2111 ‘

406 2193 551 2243 nem,
601 2180 742 2234 sicut
795 2182 958 2237 modo
1007 2185 1381 2253 exposuimus,
1432 2184 1500 2239 ad
1544 2185 1821 2242 Christum
1872 2184 1985 2255 Dei

406 2274 720 2332 transferre.

2069 1361 2369 1434 διασπορὰς
2396 1361 2491 1416 τοῦ
2534 1363 2748 1435 Ἰσραὴλ
2782 1362 3129 1433 ἐπιστρέψαι.
3168 1379 3189 1414 ι
3238 1356 3404 1425 Οὗτος
3448 1363 3514 1434 δὴ
3552 1363 3655 1417 τοί-

2069 1469 2164 1507 νυν
2210 1453 2362 1525 παρὰ
2406 1453 2500 1507 τοῦ
2553 1455 2767 1526 Πατρὸς
2826 1455 3066 1520 ἀκούσας
3121 1455 3263 1527 μετὰ
3314 1455 3420 1509 τῶν
3476 1456 3654 1511 ἄλλων

2070 1544 2134 1616 (f.
2179 1545 2247 1599 52
2279 1545 2356 1617 v°)
2389 1546 2483 1599 καὶ
2510 1546 2599 1599 τό·
2644 1564 2664 1597 ι
2701 1546 2921 1600 Ἐδωκά
2948 1563 3007 1600 σε
3040 1549 3121 1610 είς
3147 1545 3411 1618 διαθήκην
3440 1548 3650 1617 γένους,

2070 1638 2149 1700 εἰς
2180 1635 2297 1705 φῶς
2337 1635 2530 1702 ἐθνῶν,
2561 1635 2743 1708 κρίσιν
2777 1636 3010 1708 ἐξήγαγε
3050 1640 3163 1702 τοῖς
3190 1637 3419 1703 ἔθνεσιν,
3460 1657 3480 1691 ι
3510 1638 3655 1692 ὥστε

2068 1728 2378 1800 κεκριμένῳ
2403 1727 2650 1799 λογισμῷ
2693 1727 2940 1782 κατὰτὸ
2969 1730 3112 1799 ἱερὸν
3139 1729 3471 1799 Εὑαγγέλιον
3514 1730 3655 1785 αὐτὰ

2072 1819 2444 1874 πολιτεύεσθαι
2467 1836 2482 1851 ο
2532 1820 2699 1889 σαφὲς
2732 1819 2776 1872 δ’
2809 1821 2957 1884 ὅπως
3003 1821 3095 1874 ἐπὶ
3136 1821 3211 1893 τῷ
3235 1823 3456 1893 ὀνόματι
3487 1820 3648 1875 αὐτοῦ

2070 1911 2140 1965 τὰ
2186 1910 2550 1966 πιστεύσαντα
2592 1914 2671 1975 εἰς
2705 1912 2864 1966 αὐτὸν
2915 1911 3040 1983 ἐθνη
3092 1912 3311 1983 ἦλπικε,
3357 1913 3453 1966 καὶ
3500 1913 3653 1977 ὅπως

2067 2001 2215 2074 αύτῷ
2260 2001 2335 2075 (I)
2381 2005 2461 2067 είς
2512 2002 2625 2072 φῶς
2657 2003 2825 2057 ἐθνῶν
2849 2003 3239 2069 ἁναδέδεικται,
3270 2004 3410 2058 ῶστε
3438 2004 3525 2059 διὰ
3553 2003 3647 2059 τοῦ

2070 2097 2244 2166 φωτὸς
2281 2096 2376 2150 τοῦ
2409 2096 2568 2165 λόγου
2593 2096 2757 2151 αὑτοῦ
2799 2096 3378 2170 διανυγῆναι(οιγῆναι)
3399 2099 3526 2161 τοὺς
3550 2096 3651 2168 τῆς

2066 2187 2302 2251 διανοίας
2338 2187 2649 2259 ὀφθαλμοὺς
2687 2186 2793 2241 τῶν
2824 2187 2992 2241 πάλαι
3039 2188 3262 2253 τούτοις
3316 2188 3651 2260 πεπηρωμέ-

2067 2296 2172 2332 νων
2197 2296 2211 2310 ·
2242 2279 2379 2332 ἀλλὰ
2408 2280 2502 2333 καὶ
2544 2278 2812 2351 ἐξήγαγεν
2860 2281 2926 2334 ἐκ
2963 2279 3176 2352 δεσμῶν
3217 2280 3342 2344 τοὺς
3387 2280 3650 2351 πρότερον

408 2372 609 2469 σειραῖς
639 2370 748 2424 τῶν
787 2369 931 2424 ἰδίων
977 2371 1259 2443 ἁμαρτιῶν
1303 2372 1768 2444 κατεσφιγμένους
1798 2372 1858 2437 ἐξ
1902 2371 2051 2427 οἴκου
2090 2391 2150 2429 τε
2171 2374 2273 2446 τῆς
2330 2375 2422 2429 τοῦ
2458 2374 2732 2430 ’διαϐόλου
2778 2376 3023 2447 φυλακῆς
3080 2378 3205 2440 τοὺς
3254 2377 3340 2431 διὰ
3382 2377 3481 2449 τὴν
3522 2393 3647 2469 περὶ

405 2460 497 2512 τὸν
532 2460 640 2515 τῶν
658 2461 793 2515 ὅλων
815 2463 946 2515 Θεὸν
968 2463 1187 2531 ἄγνοιαν
1214 2465 1271 2517 ἐν
1298 2465 1477 2518 σκότει
1510 2464 1868 2538 καθημένους.
1892 2466 2179 2539 Πρόκειται
2203 2468 2260 2522 δὲ
2309 2468 2388 2539 τῷ
2429 2469 2717 2540 φιλομαθεϊ
2749 2470 2982 2540 ἑκάστην
3004 2469 3275 2537 ἐξετάζειν
3310 2470 3407 2539 τῆς
3439 2460 3652 2540 προφηξ

403 2551 551 2614 τείας
574 2550 737 2617 λέξιν,
770 2553 863 2605 καὶ
895 2553 1170 2622 ἀναλόγως
1197 2556 1309 2618 τοῖς
1338 2555 1428 2625 ὑφ’
1455 2555 1611 2627 ἡμῶν
1629 2556 1935 2628 εἰρημένοις
1957 2558 2048 2611 ἐπὶ
2071 2558 2161 2612 τὸν
2182 2559 2415 2630 Χριστὸν
2438 2560 2531 2614 τοῦ
2559 2559 2694 2614 Θεοῦ
2723 2560 2794 2615 τὰ
2810 2562 3181 2614 ὑποπίπτοντα
3207 2560 3548 2630 μεταφέρειν.

987 2646 1215 2704 CAPUT
1250 2647 1390 2704 XXI.

478 2754 499 2788 ι
542 2737 723 2794 Estote
743 2739 877 2794 mihi
909 2748 1098 2806 testes,
1121 2750 1175 2797 et
1202 2756 1301 2812 ego
1332 2744 1508 2811 testis,
1546 2742 1679 2799 dicit
1707 2742 1972 2801 Dominus

404 2828 569 2892 Deus,
595 2838 649 2885 et
685 2846 819 2901 puer
852 2848 1012 2902 quem
1065 2833 1199 2905 elegi
1228 2837 1271 2890 ³.
1308 2855 1328 2889 ›
1377 2835 1444 2889 Ει
1476 2836 1599 2907 quis
1649 2843 1794 2891 esset
1840 2852 1976 2906 puer

401 2936 562 2992 quem
590 2922 749 2992 elegit
778 2921 1038 2978 Dominus
1086 2922 1231 2979 Deus
1257 2964 1274 2991 ,
1332 2940 1495 2994 quem
1538 2933 1591 2980 et
1642 2926 1747 2980 sibi
1780 2933 1972 2983 testem

405 3011 521 3067 fore
543 3010 801 3081 pradicet
832 3025 1027 3066 eorum
1053 3011 1147 3082 qui
1190 3012 1295 3084 ipsi
1323 3013 1694 3070 testimonium
1724 3016 1977 3086 perhibe-

404 3103 558 3168 bunt,
588 3103 696 3157 nisi
720 3104 832 3167 ille,
859 3103 927 3159 de
952 3119 1063 3174 quo
1085 3111 1140 3158 et
1169 3103 1226 3158 in
1266 3106 1593 3175 praecedenti
1622 3108 1860 3180 capitulo
1890 3108 1976 3163 di-

403 3201 548 3247 ctum
583 3201 704 3249 est:
742 3212 761 3245 σ
800 3192 966 3249 Jacob
1022 3210 1156 3267 puer
1185 3211 1362 3264 meus,
1412 3199 1706 3269 suscipiam
1766 3216 1910 3266 eum,
1951 3219 1969 3252 ι

403 3293 458 3336 et
489 3299 610 3355 qua;
639 3286 979 3354 sequuntur?
1003 3285 1133 3352 Quae
1177 3288 1394 3358 quidem
1426 3289 1714 3347 manifeste
1758 3290 1826 3347 de
1856 3290 1973 3347 Sal-

404 3384 593 3431 vatore
622 3377 956 3448 Dominoque
981 3386 1171 3436 nostro
1190 3377 1318 3437 Jesu
1349 3383 1726 3453 prophetizata
1749 3384 1975 3440 demou-

395 3471 573 3518 -strata
599 3473 748 3521 sunt.

983 3580 1211 3638 CAPUT
1247 3582 1414 3640 XXII.

477 3686 499 3721 ι
532 3669 673 3726 Ecce
688 3686 788 3743 ego
812 3669 1075 3730 Dominus
1091 3672 1190 3731 feci
1212 3683 1432 3742 terram,
1451 3674 1790 3742 et_bominem
1810 3692 1973 3748 super

402 3775 556 3828 eam;
591 3776 691 3832 ego
722 3776 884 3817 manu
908 3778 1027 3818 mea
1062 3764 1393 3820 consolidavi
1431 3765 1651 3831 ccelum,
1675 3781 1779 3836 ego
1796 3767 1972 3821 omni-

403 3852 504 3908 bus
532 3853 697 3908 astris
724 3852 996 3910 mandavi.
1028 3855 1141 3925 Ego
1174 3855 1434 3911 suscitavi
1455 3871 1579 3911 eum
1606 3870 1730 3910 cum
1754 3856 1971 3926 justitia

404 3958 605 4015 regem,
629 3952 683 3999 et
709 3958 901 4001 omnes
929 3944 1031 4000 viae
1070 3945 1188 4016 ejus
1223 3954 1405 4002 rectae.
1436 3943 1537 4001 Hic
1564 3945 1853 4002 aedificabit
1897 3947 1975 4000 ci-

402 4038 624 4092 vitatem
658 4053 853 4102 meam,
885 4047 939 4093 et
989 4038 1355 4107 captivitatem
1416 4037 1601 4109 populi
1653 4044 1970 4101 convertet,

404 4144 512 4183 non
543 4128 750 4199 pretio,
802 4144 979 4199 neque
1014 4130 1333 4186 muneribus
1353 4170 1369 4194 ,
1422 4129 1555 4185 dicit
1587 4128 1848 4185 Dominus
1880 4128 1976 4184 Sa.

394 4218 587 4274 baoth.
616 4218 710 4275 Sic
733 4220 868 4274 dicit
899 4218 1162 4276 Dominus
1184 4219 1420 4275 Sabaoth
1448 4236 1462 4270 :
1496 4218 1787 4275 Laboravit
1799 4220 1969 4292 Egy-

2576 2656 2968 2710 ΚΕΦΑΛΑΙΟΝ
2998 2655 3133 2711 KA'.

2150 2764 2169 2797 ι
2205 2745 2430 2799 Γένεσθέ
2466 2764 2555 2818 μοι
2591 2748 2885 2819 μάρτυρες,
2921 2747 3076 2818 κάγὼ
3105 2749 3332 2821 μάρτυς,
3355 2747 3506 2818 λέγει
3537 2749 3655 2803 K6-

2080 2853 2190 2909 ριος
2214 2839 2242 2893 6
2267 2838 2417 2904 Θεὸς,
2450 2839 2543 2894 καὶ
2566 2840 2594 2893 6
2626 2842 2753 2904 παῖς
2776 2838 2835 2893 ὃν
2865 2837 3214 2911 ἐξελεξάμην.
3251 2860 3269 2893 ι
3308 2840 3420 2894 Καὶ
3447 2840 3532 2905 τίς
3579 2839 3650 2894 ἂν

2078 2928 2160 2999 εἴη
2192 2928 2222 2978 6
2249 2932 2378 2993 παῖς
2405 2929 2463 2982 ὃν
2494 2929 2770 2995 ἐξελέξατο
2806 2930 3008 3002 Κύριος
3033 2933 3062 2983 6
3086 2931 3238 2995 Θεὸς,
3264 2930 3323 2984 ὃν
3348 2931 3654 3002 καὶέαυτῷ

2078 3020 2470 3089 συγκαταλέγει
2506 3022 2756 3094 μάρτυρα
2787 3022 3149 3093 γενησόμενον
3182 3021 3289 3075 τῶν
3327 3022 3474 3094 αὐτῷ
3510 3041 3650 3096 μαρο

2075 3109 2397 3181 τυρούντων,
2428 3112 2461 3182 ἢ
2510 3107 2662 3176 οὗτος
2709 3112 2838 3183 περὶ
2877 3105 2938 3164 οὗ
2967 3112 3060 3165 καὶ
3101 3114 3160 3166 ἐν
3202 3112 3281 3183 τῷ
3326 3113 3431 3185 πρὸ
3456 3112 3648 3166 τούτου

2075 3201 2356 3272 κεφαλαίῳ
2388 3203 2624 3271 ἐλέγετοο
2663 3221 2682 3254 ι
2725 3202 2920 3256 Ἰακὼϐ
2962 3203 2991 3254 6
3023 3206 3152 3268 παῖς
3190 3220 3323 3275 μου,
3357 3204 3647 3276 ἀντιλήψο-

2078 3311 2173 3365 μαι
2212 3293 2398 3358 αὑτοῦ,
2443 3315 2461 3347 ι
2499 3294 2595 3348 καὶ
2642 3293 2710 3347 τὰ
2759 3295 2922 3365 ἐξῆςς
2974 3294 3132 3348 ἆτινα
3184 3295 3371 3365 σαφῶς
3411 3296 3504 3350 ἐπὶ
3555 3295 3650 3348 τὸν

2073 3385 2303 3457 Σωτῆρα
2334 3386 2427 3439 καὶ
2459 3386 2663 3457 Κύριον
2691 3386 2850 3457 ἡμῶν
2886 3385 3090 3458 Ἰησοῦν
3137 3386 3490 3441 ἀπεδείκνυτο
3518 3404 3649 3458 προ-

2077 3476 2482 3547 πεφητευμένα.

2577 3589 2974 3645 ΚΕΦΑΛΔΙΟΝ
3020 3590 3148 3644 KB’.

2150 3698 2168 3731 ι
2195 3678 2335 3748 Ἐγὼ
2361 3680 2593 3751 ἐποίησα
2625 3680 2748 3751 γῆν,
2778 3681 2871 3734 καὶ
2898 3680 3181 3754 ἄνθρωπον
3199 3682 3285 3734 ἐπ’
3299 3681 3469 3752 αὐτῆς
3489 3698 3502 3710 θ
3534 3679 3650 3750 ἐγὼ

2072 3772 2138 3841 τῇ
2172 3769 2314 3841 χειρί
2346 3786 2448 3847 μου
2488 3770 2793 3842 ἐστερέωσα
2820 3771 2910 3825 τὸν
2937 3772 3163 3844 οὐρανόν
3181 3790 3195 3803 ·
3235 3771 3346 3840 ἐγὼ
3375 3773 3506 3825 πᾶσι
3533 3774 3651 3847 797.;

2073 3837 2292 3933 ἄστροις
2341 3837 2709 3931 ἐνετειλάμην.
2757 3860 2897 3930 Ἐγὼ
2940 3837 3137 3934 ἢγειρα
3177 3837 3339 3916 αὑτὸν
3384 3859 3521 3932 μετὰ
3562 3837 3647 3914 διο

2073 3952 2364 4022 καιοσύνης
2401 3951 2642 4022 βασιλέα,
2678 3953 2771 4006 καὶ
2805 3953 2974 4006 πᾶσαι
3007 3954 3063 4007 αί
3090 3952 3201 4006 ὁδοὶ
3224 3951 3387 4005 αὑτοῦ
3416 3951 3642 4005 εὐθεῖαι.

2073 4037 2240 4106 Οὗτος
2272 4045 2614 4117 οἰκοδομήσει
2650 4045 2747 4115 τὴν
2771 4045 2923 4100 πόλιν
2963 4062 3084 4117 μου,
3115 4046 3210 4099 καὶ
3241 4047 3339 4118 τὴν
3366 4045 3647 4116 αἰχμαλω-

2075 4136 2193 4190 σίαν
2224 4136 2318 4189 τοῦ
2350 4136 2478 4191 λαοῦ
2516 4154 2615 4208 μου
2647 4137 2983 4210 ἐπιστρέψει,
3012 4139 3072 4193 οὐ
3114 4137 3253 4209 μετὰ
3280 4137 3492 4209 δώρων,
3521 4138 3644 4192 ούδέ

2077 4228 2213 4299 μετὰ
2260 4228 2489 4300 λύτρων,
2534 4225 2687 4282 εἶπεν
2725 4227 2931 4300 Κύριος
2971 4229 3218 4283 Σαϐαὼθ.
3264 4227 3451 4293 Οὕτως
3496 4228 3643 4297 λέγει

404 4318 547 4379 pius,
572 4319 627 4366 ct
655 4311 950 4382 negotiatio
983 4309 1297 4383 Ethiopum
1318 4352 1334 4377 ,
1386 4319 1441 4367 et
1473 4309 1692 4366 Sabaim
1724 4311 1826 4366 viri
1876 4328 1969 4368 ex-

2073 4318 2273 4390 Κύριος
2302 4317 2527 4373 Σαϐαὼθ
2549 4334 2563 4349 ·
2606 4319 2925 4373 Ἐκοπίασεν
2953 4320 3244 4387 Αἴγυπτος,
3279 4318 3374 4373 καὶ
3404 4320 3648 4391 ἐμπορία

402 4371 541 4454 celsi
564 4398 631 4454 ad
659 4408 713 4456 te
728 4371 1077 4470 transibunt,
1108 4371 1262 4458 et-tui
1293 4371 1455 4459 erunt
1485 4401 1651 4466 servi,
1680 4410 1731 4456 et
1752 4415 1783 4455 a
1816 4409 1965 4473 tergo

2072 4371 2356 4471 Αιθὶάτέων,
2383 4371 2478 4462 κει
2496 4371 2544 4462 δε
2558 4371 3006 4480 mactantem
3032 4371 3346 4479 tenses;
3372 4371 3646 4478 σέδιαὲή-

404 4501 456 4546 te
483 4503 776 4562 sequemur
806 4493 972 4550 vincti
1005 4495 1257 4560 manicis,
1285 4504 1338 4551 et
1377 4494 1686 4549 adorabunt
1713 4493 1966 4563 juvenes,

2076 4516 2276 4566 σονται,
2304 4502 2397 4554 καὶ
2424 4501 2505 4554 σοὶ
2532 4500 2743 4555 ἔσονται
2767 4500 2963 4564 δοῦλοι,
2991 4503 3087 4554 καὶ
3113 4501 3290 4555 ὀπίσω
3310 4518 3403 4555 σου
3421 4496 3644 4555 ἀκολου-

401 4592 457 4638 ct
488 4585 542 4638 in
576 4592 628 4640 tc
654 4585 920 4653 orabunt,
967 4587 1223 4658 quoniam
1257 4588 1311 4642 in
1360 4596 1412 4640 te
1460 4584 1604 4641 Deus
1637 4595 1741 4649 est,
1772 4592 1827 4639 et
1858 4600 1966 4640 non

2075 4589 2297 4659 θήσουσι
2329 4589 2598 4660 δεδεμένοι
2636 4589 2997 4661 χειροπέδαις,
3019 4590 3114 4643 καὶ
3140 4589 3485 4661 διαϐήσονται
3509 4590 3644 4662 πρὸς

400 4683 486 4732 cst
519 4675 659 4732 Deus
687 4686 883 4748 prmter
916 4685 968 4733 te
996 4697 1012 4734 :
1050 4689 1106 4733 tu
1136 4678 1281 4734 enim
1311 4693 1372 4732 es
1402 4675 1577 4742 Deus,
1628 4684 1684 4731 et
1724 4692 1833 4732 non
1871 4692 1969 4731 no—

2076 4682 2159 4747 σέ,
2197 4683 2289 4735 καὶ
2318 4682 2754 4754 προσκυνήσουσί
2784 4682 2997 4745 σοι,κα“ι
3026 4684 3084 4734 ἐν
3120 4682 3204 4735 σοὶ
3235 4681 3643 4753 προσεύξονται,

400 4784 673 4834 voramus,
715 4768 858 4826 Deus
888 4771 1051 4826 Israel
1085 4768 1352 4825 Salvator.
1387 4768 1723 4825 Erubescent
1750 4776 1806 4825 et
1839 4783 1971 4824 con-

2075 4774 2158 4826 δτι
2178 4775 2236 4827 ὲν
2256 4775 2338 4828 σοὶ
2364 4776 2393 4827 6
2420 4774 2552 4838 Θεός
2580 4776 2716 4837 ἐστι,
2749 4773 2840 4827 καὶ
2866 4775 2962 4827 οὐκ
2982 4772 3094 4827 ἔστι
3110 4773 3241 4836 Θεὸς
3268 4772 3406 4844 πλὴν
3421 4773 3544 4826 σοῦ·
3577 4775 3643 4828 σὺ

402 4863 698 4917 fundentur
725 4878 915 4919 omnes
939 4865 1031 4933 qui
1062 4864 1423 4918 adversantur
1465 4861 1601 4927 tibi,
1647 4869 1702 4916 et
1733 4862 1971 4918 ambula-

2072 4865 2178 4936 γὰρ
2203 4862 2251 4917 εἷ
2288 4865 2438 4929 Θεὸς,
2469 4865 2562 4918 καὶ
2593 4864 2694 4918 οὐκ
2716 4864 2961 4936 ᾔδειμεν,
2991 4863 3123 4927 Θεὸς
3152 4863 3246 4916 τοῦ
3285 4863 3505 4935 Ἰσραὴλ
3532 4864 3642 4916 Σω-

401 4955 537 5007 buut
566 4954 620 5007 in
670 4955 876 5024 pudore
908 4954 950 5009 ³.
989 4974 1009 5007 ι
1073 4954 1351 5010 Christum
1386 4953 1545 5010 Pater
1600 4955 1889 5010 suscitavit
1938 4969 1968 5006 a

400 5046 658 5112 mortuis,
689 5046 1029 5101 constituens
1057 5061 1184 5102 eum
1229 5060 1351 5100 cum
1382 5044 1595 5116 justitia
1637 5059 1840 5116 regem,
1879 5060 1973 5101 su-

400 5152 498 5209 per
536 5136 667 5193 Sion
695 5137 975 5192 crelestem
994 5178 1012 5204 ,
1050 5145 1284 5192 montem
1316 5146 1562 5193 sanctum
1589 5135 1710 5205 ejus
1738 5149 1972 5205 regnan-

399 5238 539 5297 tem;
574 5227 803 5298 ideoque
828 5227 1272 5294 suscitaviteum,
1298 5236 1585 5301 postquam
1609 5242 1628 5275 ι
1656 5240 1846 5281 omnes
1872 5225 1971 5279 via:

399 5321 541 5391 ejus,
572 5341 591 5375 ι
625 5322 723 5390 ait,
748 5320 906 5377 factae
934 5332 1060 5378 sunt
1109 5331 1267 5379 rectae
1318 5343 1330 5376 :
1371 5337 1482 5378 non
1505 5331 1591 5378 est
1620 5322 1677 5375 in
1717 5320 1798 5375 eis
1844 5334 1969 5389 pra-

400 5428 526 5468 vum
554 5417 722 5486 quid,
774 5434 952 5489 neque
999 5431 1314 5487 perversum
1359 5416 1402 5472 ⁸.
1457 5435 1477 5468 ι
1513 5447 1580 5460 -
1607 5437 1627 5470 ι
1680 5416 1968 5472 Peccatum

400 5505 547 5559 enim
590 5522 698 5562 non
730 5503 903 5574 'fecit,
938 5523 1114 5580 neque
1157 5508 1411 5562 inventus
1463 5517 1549 5562 est
1588 5507 1746 5563 dolus
1790 5506 1843 5560 in
1876 5518 1971 5559 ore

475 5615 492 5647 ¹
513 5614 638 5670 Issi.
667 5631 810 5687 χιιι,
839 5618 891 5672 6.
968 5622 989 5651 ³
1020 5617 1143 5672 lsai.
1169 5600 1324 5682 ςιίιι,
1359 5616 1447 5673 I0.

468 5729 552 5804 (1)
583 5727 742 5785 Forte
773 5732 877 5801 lcg.
910 5732 1090 5795 αὑτός.
1133 5729 1286 5787 Ενιπ.

2069 4958 2175 5027 τήρ
2195 4972 2207 4985 ”
2247 4957 2695 5028 αἰσχυνθήσονται
2743 4956 2840 5011 καὶ
2881 4957 3312 5026 ἐντραπήσονται
3354 4956 3553 5018 πάντες
3590 4954 3644 5010 οἱ

2071 5048 2432 5119 ἁντικείμενοί
2465 5064 2567 5111 σοι,
2598 5048 2693 5103 καὶ
2723 5046 3077 5117 πορεύσονται
3100 5048 3157 5100 ἐν
3184 5044 3437 5117 αίσχύνῃ.
3467 5064 3488 5098 ι
3515 5046 3644 5116 Χρε-

2074 5140 2196 5193 στὸν
2236 5143 2265 5193 6
2313 5141 2503 5212 Πατὴρ
2546 5142 2764 5211 ἡγειρεν
2800 5141 2867 5193 ἐκ
2911 5140 3119 5212 νεκρῶν
3161 5138 3254 5192 τοῦ
3296 5134 3436 5194 εἶναι
3478 5136 3645 5194 αὑτὸν

2076 5230 2212 5300 μετὰ
2256 5230 2598 5303 δικαιοσύνης
2643 5230 2885 5301 βασιλέα,
2918 5232 3011 5285 ἐπὶ
3045 5231 3182 5286 Σιὼν
3220 5231 3283 5284 τὸ
3319 5233 3644 5302 ἐπουράνιον

2071 5319 2196 5392 ὅρος
2231 5322 2291 5373 τὸ
2321 5319 2477 5389 ἅγιον
2506 5321 2672 5375 αὐτοῦ
2699 5320 3049 5393 βασιλεύοντα
3071 5338 3085 5354 ο
3126 5323 3219 5375 καὶ
3252 5322 3345 5375 ἐπὶ
3389 5322 3549 5375 τοῦτο
3574 5337 3641 5390 γε

2072 5413 2232 5467 αὑτὸν
2259 5415 2499 5485 ἤγειρεν,
2529 5413 2716 5484 ἐπειδὴ
2756 5430 2774 5466 ι
2814 5414 2984 5467 πᾶσαι
3011 5414 3067 5466 αἱ
3104 5412 3214 5466 ὁδοὶ
3249 5411 3436 5475 αὐτοῦ,
3475 5431 3494 5464 ι
3532 5428 3640 5481 φη-

2075 5506 2179 5567 σὶν,
2215 5523 2232 5555 ι
2266 5505 2549 5575 γεγόνασιν
2574 5504 2800 5573 εὐθεῖαι,
2833 5505 2996 5576 μηδὲν
3020 5503 3238 5576 ἔχουσαι
3266 5503 3477 5557 σκολιὸν
3503 5501 3641 5573 μηδὶ

1547 5618 1568 5649 ³
1594 5615 1715 5673 Ιεςιί.
1742 5632 1864 5674 XLV.
1897 5612 2079 5671 12-16.
2157 5617 2178 5646 ⁸
2200 5613 2361 5672 Prov.
2406 5635 2520 5679 \‘lll,
2568 5620 2618 5672 S.
