4100 6494
504 404 528 457 1
538 402 642 459 229

1530 408 1825 466 ECLOGJE
1866 407 2420 468 PROI’IIETIC£.—-
2461 409 2589 467 LIB.
2633 412 2722 469 IV.

3609 421 3758 477 l250

501 529 774 602 στραγγα)
788 529 959 586 ιῶδες.
992 549 1010 580 ι
1023 549 1115 582 --ι
1138 531 1196 583 Ἀ
1206 548 1440 603 μαρτιαν
1456 530 1565 603 γάρ
1583 548 1665 584 τοι
1679 532 1778 584 οὐκ
1794 532 2060 603 εποίησεν.

2171 531 2293 600 ejus
2326 542 2365 587 ι.
2402 552 2421 585 ι
2456 531 2558 587 Hic
2580 548 2798 604 quoque
2840 534 3118 592 civitatem
3145 537 3434 593 :edincavit
3464 539 3553 593 Dei
3579 582 3593 607 ,
3631 556 3763 596 san-

497 622 619 677 οέδὲ
639 622 836 695 εὑρέθη
860 623 1008 686 δόλος
1034 624 1092 676 ὲν
1114 623 1191 692 τῷ
1207 622 1436 693 στόματι
1459 622 1645 677 αὑτοῦ.
1675 618 1869 688 »Οὗτος
1896 624 1953 677 δὲ
1977 625 2071 677 καὶ

496 716 595 786 τὴν
632 715 785 769 πόλιν
805 715 1119 786 ᾠκοδόμησε
1140 715 1233 768 τοῦ
1269 715 1425 779 Θεοῦ,
1455 717 1556 787 τήν
1575 733 1634 769 τε
1657 717 1748 769 ἐπὶ
1787 716 1890 785 γῆς
1912 715 2071 779 ἁγίαν

511 806 836 878 Ἐκκλησίαν
868 806 1031 861 αὑτοῦ
1066 807 1160 860 ml.
1192 807 1288 880 τὴν
1317 808 1640 879 ἐπουράνιον
1684 806 2070 879 Ἰερουσαλήμ·

501 899 835 971 ἱπιστρέψας
878 899 976 970 τὴν
1019 899 1393 970 αἰχμαλωσίαν
1432 899 1528 953 τοῦ
1578 898 1708 953 λαοῦ
1754 898 1944 964 αὐτοῦ,
1972 899 2072 970 τὴν

501 994 797 1065 γενομένην
838 993 970 1046 ποτὲ
998 992 1101 1047 ὑπὸ
1128 992 1217 1046 τὸν
1253 993 1441 1063 νοητὸν
1465 991 1952 1064 Ναϐουχοδονόσορ,
1979 992 2074 1046 καὶ

500 1085 599 1151 τὰς
633 1086 724 1139 ὑπ’
754 1085 915 1138 αὐτὸν
956 1084 1213 1156 δυνάμεις
1247 1084 1489 1156 πονηράς
1513 1102 1528 1116 ·
1574 1086 1669 1139 καὶ
1706 1084 1771 1156 δὴ
1807 1082 1906 1156 τὴν
1940 1100 2075 1155 προ-

500 1176 796 1249 ειρημένην
831 1176 1202 1249 αἰχμαλωσίαν
1235 1176 1594 1248 ὑπέστρεψεν,
1630 1177 1691 1230 ού
1736 1177 1906 1248 λύτρα
1949 1177 2074 1240 δοὺς

495 1271 610 1332 τοῖς
635 1267 1156 1339 αίχμᾶλωτεύσασιν,
1192 1268 1314 1321 οὐδὲ
1347 1266 1452 1338 μὴν
1484 1265 1676 1341 δώροις
1708 1269 1904 1331 αὐτοὺς
1949 1266 2070 1320 πεί-

496 1376 616 1425 σας,
643 1358 977 1431 στρατεύσας
1007 1359 1064 1414 δὲ
1088 1360 1207 1412 κατ’
1230 1359 1410 1412 αὐτῶν
1437 1359 1529 1411 καὶ
1553 1358 1619 1411 δι’
1641 1356 1850 1426 ἀγῶνος
1870 1357 2070 1417 αὐτοὺς

493 1444 917 1525 χειρωσάμενος,
954 1452 1093 1506 ὥστε
1136 1454 1231 1506 ἐπὶ
1275 1452 1353 1523 τῷ
1390 1450 1772 1523 κατορθώματι
1818 1450 2070 1523 λαμπρυ-

493 1541 723 1613 νάμενον
757 1541 922 1610 φάναι
941 1556 954 1571 ⁸
990 1560 1010 1593 ι
1047 1542 1188 1610 Ἐγὼ
1210 1541 1469 1613 νενίκηκα
1499 1542 1591 1595 τὸν
1619 1541 1841 1608 κόσμον.
1874 1560 1893 1593 ι
1922 1543 2071 1612 Μαρ-

490 1634 647 1704 τυρεῖ
679 1632 741 1702 (f.
774 1632 864 1704 55)
895 1631 1103 1696 τούτοις
1134 1632 1204 1685 τὰ
1233 1631 1412 1703 πλήθη
1444 1631 1552 1685 τῶν
1595 1632 1704 1685 ἀπὸ
1742 1632 1843 1702 τῆς
1876 1630 2070 1703 προτέ-

494 1739 594 1793 ρας
622 1723 829 1795 πλάνης
860 1722 951 1776 ἐπὶ
975 1723 1036 1777 τὸ
1061 1721 1347 1792 γινώσκειν
1378 1724 1468 1776 τὸν
1502 1722 1678 1795 ἀληθῆ
1707 1722 1840 1777 Θεὸν
1867 1722 1934 1776 δι’
1969 1723 2067 1775 αύ-

489 1809 585 1863 τοῦ
619 1811 952 1885 παλινδρομη
960 1813 1166 1866 σάντων
1185 1811 1248 1883 ’ἢ
1271 1812 1578 1883 λεγέτωσαν
1603 1815 1653 1866 οἱ
1672 1814 1735 1866 ἐκ
1759 1812 2064 1885 περιτομῆς

2175 631 2318 677 ctam
2360 624 2418 679 in
2469 633 2616 680 terra
2646 623 2945 681 Ecclesiam
2995 627 3138 697 ejus,
3175 629 3566 702 cmleslemque
3601 630 3767 688 Jeru'

2174 717 2381 785 salem;
2415 733 2540 772 cum
2584 718 2948 775 convertisset
2990 722 3361 792 captivitatem
3406 724 3590 794 populi
3650 728 3764 779 sui,

2173 824 2295 879 qua
2313 809 2494 864 evenit
2522 810 2625 865 sub
2646 811 2921 881 spirituali
2952 810 3484 879 Nabuchodonosor,
3511 801 3768 871 nefariis.-

2173 916 2279 970 que
2304 901 2540 956 subditis
2560 901 2610 957 ei
2650 903 3052 973 potestatibus;
3077 911 3133 960 et
3160 919 3294 960 sane
3317 903 3634 974 praedictam
3664 920 3766 975 ca-

2176 991 2475 1061 ptivitatem
2502 995 2793 1060 convertit,
2831 1010 2941 1049 non
2971 995 3208 1065 pretium
3237 996 3375 1053 dans
3399 996 3765 1053 custodienti-
3866 1041 3870 1046 .

2174 1082 2298 1146 bus,
2326 1098 2502 1152 neque
2530 1098 2626 1138 eos
2674 1086 2996 1142 muneribus
3020 1096 3267 1157 captans,
3300 1088 3578 1158 praeliatus
3628 1104 3758 1143 vero

2175 1174 2440 1230 adversus
2478 1190 2575 1232 eos
2599 1215 2614 1240 ,
2669 1185 2724 1231 et
2762 1178 3064 1234 certamine
3107 1194 3202 1235 eos
3252 1179 3540 1249 dejiciens,
3572 1181 3646 1236 ita
3696 1195 3756 1235 ut

2172 1279 2346 1321 ovans
2375 1267 2747 1323 exclamaret:
2789 1287 2809 1320 ι
2859 1268 2970 1340 Ego
3022 1269 3123 1325 vici
3175 1271 3439 1326 mundum
3468 1275 3511 1327 ³.
3554 1292 3575 1325 ι
3631 1271 3760 1329 Haec

2175 1358 2467 1414 conﬁrmat
2501 1358 2793 1415 multitudo
2817 1376 3004 1417 eorum
3033 1363 3125 1433 qui
3155 1378 3185 1418 a
3217 1365 3448 1434 pristino
3476 1380 3664 1420 errore
3687 1365 3754 1418 ad

2176 1460 2363 1502 veram
2412 1447 2508 1503 Dei
2544 1449 2832 1504 scientiam
2880 1450 3127 1520 perducti
3172 1461 3300 1509 sunt
3328 1470 3422 1526 per
3453 1470 3576 1511 eum
3610 1474 3625 1510 :
3665 1455 3753 1511 di-

2170 1546 2299 1592 cant
2332 1540 2428 1610 qui
2466 1556 2535 1597 ex
2562 1542 2985 1600 circumcisione
3008 1554 3159 1609 sunt,
3189 1547 3278 1601 cui
3310 1548 3607 1604 convenire
3628 1562 3759 1618 pos-

2170 1631 2280 1686 sint
2305 1633 2471 1688 verba
2506 1633 2673 1704 hujus
2700 1636 3019 1706 prophetiae,
3046 1635 3217 1692 Deum
3272 1639 3561 1697 manifeste
3587 1644 3761 1697 conli-

2169 1730 2352 1782 tentis.
2386 1745 2405 1778 ι
2450 1724 2518 1780 Hi
2542 1728 2709 1794 enim,
2736 1729 2833 1791 ait,
2860 1728 2915 1782 bi
2939 1729 3037 1783 tibi
3065 1739 3228 1785 erunt
3255 1733 3424 1795 servi,
3458 1740 3513 1787 et
3550 1744 3673 1804 post
3704 1739 3761 1787 te

2168 1818 2548 1882 ambulabunt,
2574 1826 2630 1874 et
2656 1819 2964 1874 adorabunt
2992 1829 3067 1885 te,
3098 1829 3152 1876 et
3187 1823 3243 1875 in
3271 1832 3322 1878 te
3342 1823 3597 1888 orabunt,
3623 1839 3762 1895 quo-

493 1904 586 1957 ὲπὶ
619 1904 737 1960 τίνα
757 1904 801 1958 δ’
823 1905 889 1960 ἂν
936 1907 1228 1978 ἁρμόζοιεν
1256 1907 1324 1961 τὰ
1357 1909 1455 1979 τῆς
1485 1907 1625 1980 μετὰ
1648 1911 1835 1981 χεῖρας
1860 1925 2060 1980 προφη-

2172 1910 2316 1963 uiam
2339 1908 2394 1964 in
2420 1917 2473 1965 te
2496 1917 2582 1965 est
2608 1908 2771 1975 Deus,
2803 1919 2859 1966 et
2895 1926 3008 1967 non
3030 1921 3116 1968 est
3147 1911 3291 1969 Deus
3324 1923 3525 1984 praeter
3550 1889 3758 1971 te.-Tu

487 1997 640 2061 τείας
675 1998 861 2066 σαφῶς
892 1998 1024 2053 Θεὸν
1047 2000 1416 2073 ὁμολογούσης
1441 2001 1535 2055 τὸν
1563 2002 2065 2074 προφητευόμενοψ

494 2108 514 2139 ι
546 2091 610 2144 Οί
632 2090 691 2143 δὲ
716 2090 878 2158 γὰρ,»
907 2092 1060 2162 φησι,
1098 2111 1116 2143 ι
1150 2092 1244 2145 καὶ
1267 2093 1374 2147 οἶδε
1402 2093 1486 2147 σοὶ
1507 2092 1719 2147 ἔσονται
1746 2092 1944 2158 δοῦλοι,
1973 2094 2068 2147 καὶ

485 2180 662 2239 ὀπίσω
717 2200 810 2237 σου
861 2183 1306 2254 ἀκολουθήσουσι,
1338 2187 1432 2240 καὶ
1474 2186 1911 2258 προσκυνήσουσί
1962 2203 2065 2251 σοι,

488 2276 585 2328 καὶ
628 2276 684 2329 ὲν
711 2275 792 2328 σοὶ
827 2275 1235 2345 προσεύξονται,
1265 2279 1346 2333 ὅτι
1374 2279 1433 2332 ἐν
1458 2279 1544 2332 σοὶ
1582 2280 1613 2332 ό
1643 2276 1778 2341 Θεὸς
1810 2280 1945 2341 ἐστι,
1974 2279 2068 2332 καὶ

484 2366 587 2420 οὐκ
614 2365 759 2421 ἐστιν
788 2367 944 2432 ἄλλος
976 2368 1129 2439 πλὴν
1157 2368 1251 2422 σοῦ
1275 2386 1290 2401 ·
1330 2369 1394 2422 σὺ
1426 2368 1535 2440 γὰρ
1569 2364 1622 2421 εἷ
1647 2368 1799 2432 Θεὸς,
1832 2368 1928 2422 καὶ
1964 2369 2068 2422 οὐκ

482 2458 726 2531 ᾔδειμεν,
755 2458 888 2524 Θεὸς
920 2459 1013 2514 τοῦ
1052 2460 1267 2533 Ἰσραὴλ
1295 2462 1511 2533 Σωτήρ.
1556 2479 1574 2513 ι
1613 2460 1810 2531 Σαφῶς
1844 2460 1954 2532 γάρ
1983 2478 2067 2514 τοι

487 2552 722 2610 ἐνταῦθα
778 2548 823 2623 ᾧ
850 2554 1038 2624 λέγετο
1089 2553 1177 2617 τὸ,
1219 2553 1300 2607 ὃτι
1348 2572 1368 2605 ι
1407 2555 1436 2606 ὁ
1476 2552 1610 2618 Θεὸς
1651 2554 1709 2606 ὲν
1747 2552 1830 2607 σοί
1870 2557 2006 2616 ἐστι,
2039 2572 2058 2604 ι

483 2646 660 2720 τούτῳ
685 2646 1023 2718 προσφωνῶν
1055 2664 1220 2717 φησιν
1242 2647 1271 2700 ὁ
1294 2645 1451 2714 λόγος
1479 2644 1574 2708 τὸρ
1598 2662 1618 2695 ι
1656 2645 1750 2699 καὶ
1781 2644 1882 2699 οὐκ
1916 2644 2064 2700 ἐστιν

483 2740 641 2806 ἄλλος
663 2741 802 2813 πλὴν
831 2739 923 2794 σοῦ
949 2756 965 2770 ⁶
1001 2742 1065 2795 σὺ
1090 2741 1200 2811 γὰρ
1232 2736 1285 2794 εἴ
1302 2739 1465 2804 Θεὸς,
1500 2739 1595 2792 καλ⁸
1623 2740 1726 2792 ούκ
1752 2739 1971 2811 ⁴ᾔδειμεν
1989 2755 2005 2770 ο
2039 2759 2057 2790 ι

480 2833 535 2887 ἃμ
555 2833 650 2887 καὶ
677 2831 991 2900 ἐξακούεται
1021 2833 1097 2896 ὡς
1137 2831 1203 2885 ἂν
1241 2834 1304 2884 ὲκ
1333 2829 1625 2902 προσώπου
1655 2830 1923 2900 λεγόμενα
1951 2829 2062 2882 τῶν

480 2922 870 2992 ἔπεγνωκὸτων
891 2921 1385 2993 ἐνανθρωπήσαντα
1404 2920 1494 2974 τὸν
1518 2922 1753 2993 Χριστὸν
1773 2919 1868 2975 τοῦ
1892 2920 2028 2975 Θεοῦ
2044 2938 2057 2951 -

478 3014 538 3066 ἐν
559 3006 603 3082 ᾧ
634 3013 928 3083 ἐτύγχανεν
955 3012 1120 3066 οἰκῶν
1144 3013 1276 3076 Θεὸς
1302 3015 1331 3066 ὁ
1358 3012 1569 3083 Πατὴρ,
1600 3010 1740 3067 κατὰ
1765 3012 1847 3065 τό·
1881 3032 1900 3064 ι
1922 3010 2063 3080 Ἐγὼ

483 3105 542 3157 ὲν
564 3102 643 3175 τῷ
678 3103 870 3176 Πατρὶ,
904 3102 999 3156 καὶ
1032 3104 1060 3156 ὁ
1094 3103 1285 3174 Πατὴρ
1315 3104 1372 3156 ὲν
1405 3102 1557 3174 ἐμοί·
1596 3121 1614 3154 ι
1644 3103 1710 3155 δι’
1734 3101 1764 3154 ὃ
1798 3102 1891 3156 καὶ
1918 3102 2063 3173 μόνῳ

485 3196 552 3250 ἂν
577 3196 730 3269 αὐτῷ
757 3197 987 3268 ἁρμόσοι
1012 3198 1092 3260 τὸ,
1127 3216 1145 3248 ι
1176 3198 1290 3251 Οὐκ
1319 3196 1434 3251 ἔστι
1461 3197 1594 3262 Θεὸς
1623 3197 1762 3269 πλὴν
1796 3197 1945 3263 σοῦ,›
1985 3197 2061 3263 ὼς

481 3287 548 3344 ἂν
605 3290 773 3362 μόνης
811 3291 910 3361 τῆς
956 3288 1047 3343 τοῦ
1097 3289 1271 3359 Λόγου
1319 3288 1573 3362 θεότητος
1620 3290 1904 3362 ἡνωμένης
1962 3291 2056 3344 καὶ

479 3381 934 3454 ἀνακεκραμένης
965 3384 1031 3453 τῇ
1064 3384 1300 3453 πατρικῇ
1332 3380 1597 3454 βασιλείᾳ,
1636 3384 1733 3436 καὶ
1776 3383 1865 3436 διὰ
1899 3382 2058 3438 τοῦτο

475 3476 605 3543 μιᾶς
630 3474 730 3544 τῆς
769 3473 1098 3544 ἀμφοτέρων
1130 3474 1519 3545 ἐπινοουμένης
1543 3474 1701 3547 δόξης
1734 3491 1796 3528 τε
1830 3476 1924 3528 καὶ
1951 3476 2053 3548 ἀρ-

473 3561 576 3633 χῆς
600 3579 614 3593 ο
644 3564 701 3615 ἐν
731 3561 787 3615 δὲ
819 3561 918 3633 τῷ,
954 3580 973 3612 ι
1014 3563 1336 3617 Ἐκοπίασεν
1365 3561 1659 3631 Αἴγυπτος,
1690 3564 1786 3617 καὶ
1812 3565 2053 3636 ἐμπορία

468 3654 762 3718 Αἰθιόπων,
795 3656 889 3708 καὶ
911 3656 961 3707 οἱ
990 3654 1236 3725 Σαῆαεὶμ
1271 3654 1465 3725 ἄνδρες
1498 3653 1691 3726 ὑψηλοὶ
1722 3655 1816 3709 ἐπὶ
1848 3656 1908 3710 σὲ
1934 3657 2052 3712 δια-

471 3747 745 3821 ϐήσονται,
789 3767 808 3799 ι
855 3747 1144 3819 δηλοῦσθαι
1192 3746 1396 3819 νομίζω
1438 3748 1566 3819 περὶ
1626 3747 1830 3818 νοητῶν
1886 3765 2050 3803 τινων

467 3837 859 3910 ἀντικειμένων
906 3837 1187 3909 δυνάμεων
1244 3836 1430 3905 ἀγῶνα
1483 3836 1620 3908 πρὸς
1669 3837 1760 3891 τὸν
1813 3839 2049 3911 Χριστὸν

468 3930 780 4005 ἀραμένων,
804 3930 898 3984 καὶ
925 3928 1251 4001 ὑποχειρίων
1277 3927 1427 3999 αύτῷ
1458 3928 1859 4000 γεγενημένων,
1893 3928 1928 4000 ἢ
1955 3930 2050 3983 καὶ

464 4021 653 4093 ψυχῶν
697 4022 911 4076 τοιωνδὶ
963 4022 1082 4076 κατ’
1129 4020 1303 4093 ἀρχὰς
1359 4021 1458 4092 μὲν
1508 4023 1917 4077 ἀντιτεινουσῶν
1970 4023 2050 4094 τῷ

462 4116 644 4185 Λόγῳ,
679 4114 902 4189 ὕστερον
930 4114 987 4168 δέ
1029 4130 1162 4167 ποτε
1192 4112 1291 4185 τὴν
1332 4112 1425 4167 ὑπ’
1453 4112 1616 4166 αὑτὸν
1647 4112 1890 4168 δουλείαν
1919 4114 2049 4168 ἀνα-

463 4207 801 4278 δεδεγμένων
828 4206 923 4259 ἐπὶ
959 4207 1026 4277 τῇ
1063 4204 1272 4258 ἑαυτῶν
1307 4203 1617 4276 εὐεργεσίᾳ.
1664 4204 1799 4276 Περὶ
1843 4204 2048 4259 τούτων

465 4300 532 4369 γέ
558 4317 640 4354 τοι
679 4297 933 4353 λέγεσθαι
974 4296 1179 4365 νομίζω
1217 4295 1424 4361 καὶτὸ,
1460 4315 1479 4347 ι
1515 4297 1767 4351 Ἐσονταί
1799 4313 1881 4350 σοι
1922 4297 2045 4351 δοῦ-

462 4398 569 4457 λοι,
595 4393 687 4447 καὶ
717 4391 892 4445 ὀπίσω
922 4407 1015 4444 σου
1042 4387 1466 4460 ἀκολουθήσουσι
1494 4387 1766 4458 δεδεμένοι
1793 4390 2047 4459 χειροπε-

461 4484 602 4547 δαις,
639 4484 735 4538 καὶ
759 4486 818 4537 ὲν
857 4482 941 4537 col.
971 4480 1390 4550 προσεύξονται·
1434 4499 1453 4533 ι
1485 4480 1546 4534 τὸ
1572 4479 1651 4532 δέ’
1690 4497 1710 4530 ι
1744 4478 2038 4551 Αίσχυνθή-

2171 2000 2317 2057 enim
2340 2017 2402 2058 es
2435 2001 2601 2066 Deus,
2645 2010 2700 2058 et
2730 2004 3142 2069 nesciebamus,
3189 2004 3335 2062 Deus
3369 2006 3541 2063 Israel
3579 2007 3761 2063 Salva-

2170 2100 2259 2146 tor
2288 2092 2330 2145 ³.
2369 2110 2388 2145 ι
2423 2091 2711 2149 Manifeste
2751 2102 2899 2165 patet
2943 2096 3028 2150 cui
3064 2096 3181 2149 haec
3215 2095 3513 2165 dicantur,
3567 2116 3586 2149 ι
3617 2115 3757 2170 quo-

2169 2183 2316 2237 niam
2347 2183 2403 2238 in
2429 2190 2591 2240 teest
2624 2182 2768 2240 Deus
2793 2223 2809 2248 ,
2866 2204 2884 2239 ι
2940 2185 3140 2255 quibus
3191 2186 3340 2242 addit
3381 2202 3585 2253 sermo,
3622 2208 3642 2240 ι
3701 2200 3759 2244 et

2169 2288 2280 2329 non
2309 2284 2395 2331 est
2417 2273 2562 2332 Deus
2600 2284 2800 2347 praeter
2834 2284 2904 2331 te.
2947 2276 3029 2330 Tu
3071 2278 3216 2333 enim
3250 2293 3310 2335 es
3344 2276 3525 2343 Deus,
3570 2286 3623 2334 et
3657 2295 3755 2334 ne-

2168 2367 2500 2424 sciebamus.
2535 2386 2555 2420 ι
2582 2369 2715 2436 Qum
2739 2370 3039 2427 audiuntur
3068 2371 3227 2444 quasi
3256 2387 3322 2427 ex
3354 2386 3587 2443 persona
3608 2372 3755 2428 dicta

2168 2472 2362 2512 eorum
2408 2458 2502 2529 qui
2536 2459 2815 2517 Christum
2847 2462 2941 2519 Dei
2975 2464 3317 2520 incarnatum
3347 2475 3748 2536 cognoverunt;

2166 2551 2220 2606 in
2249 2567 2360 2622 quo
2399 2552 2673 2609 inhabitat
2701 2553 2845 2610 Deus
2876 2554 3061 2621 Pater,
3085 2556 3242 2626 juxta
3273 2556 3405 2612 illud
3434 2574 3448 2611 ε
3487 2575 3507 2608 ι
3548 2556 3662 2627 Ego
3693 2557 3748 2611 iu

2165 2641 2344 2705 Patre,
2373 2650 2428 2698 et
2458 2641 2618 2700 Pater
2652 2644 2708 2699 in
2741 2660 2827 2701 me
2858 2645 2902 2700 ⁸.
2941 2664 2960 2698 ι
2985 2646 3235 2717 Ideoque
3256 2646 3384 2702 huic
3425 2647 3527 2703 soli
3554 2663 3728 2702 conve

2165 2733 2324 2787 niunt
2352 2734 2445 2787 illa
2478 2751 2494 2787 :
2533 2755 2552 2786 ι
2590 2733 2710 2789 Non
2741 2743 2826 2791 est
2857 2734 3002 2793 Deus
3031 2746 3229 2808 praeter
3261 2745 3341 2803 te;
3392 2755 3412 2788 ι
3445 2737 3600 2807 quasi
3634 2738 3750 2793 sola

2164 2824 2328 2882 Verbi
2366 2827 2569 2883 deitate
2609 2835 2838 2897 paterno
2883 2828 3218 2899 principatui
3246 2829 3397 2883 unita
3438 2829 3752 2884 commista-

2163 2935 2292 2990 que,
2321 2919 2555 2992 ideoque
2582 2921 2699 2976 sola
2731 2921 3016 2991 utriusque
3041 2922 3215 2992 gloria
3254 2930 3310 2976 et
3345 2928 3614 2993 potestate
3645 2937 3715 2992 ευ

2163 3011 2450 3066 bernaute.
2497 3009 2594 3067 His
2621 3018 2824 3075 autem,
2862 3029 2881 3062 ι
2920 3009 3215 3065 Laboravit
3245 3011 3532 3083 Egyptus,
3563 3019 3619 3067 et
3648 3027 3748 3066 ne-

2164 3103 2395 3173 gotiatio
2418 3101 2775 3173 Ethiopum,
2810 3109 2865 3157 et
2894 3100 3114 3156 Sabaim
3160 3102 3263 3156 viri
3311 3103 3514 3159 excelsi
3568 3102 3637 3157 ad
3692 3111 3745 3156 te

2165 3197 2500 3261 transibunt,
2536 3215 2556 3248 ›
2595 3195 2811 3252 ostendi
2857 3195 3113 3251 existimo
3165 3196 3428 3267 quasdam
3486 3195 3740 3251 adversa-

2162 3289 2277 3345 rias
2301 3290 2616 3362 spirituales
2646 3298 2945 3360 potestates
2980 3305 3102 3360 quae
3154 3290 3420 3346 adversus
3466 3288 3744 3345 Christum

2159 3393 2436 3439 certamen
2467 3383 2665 3447 iniere,
2697 3380 2858 3457 eique
2902 3380 3187 3438 audientes
3222 3380 3379 3436 facta!
3420 3389 3550 3436 sunt
3572 3420 3588 3445 ,
3630 3379 3745 3436 sive

2155 3475 2422 3544 quasdam
2453 3474 2669 3529 animas
2704 3473 2943 3543 primum
2999 3469 3179 3527 Verbo
3229 3474 3621 3536 adversantes,
3679 3485 3745 3525 ac

2155 3573 2345 3636 postea
2374 3565 2636 3621 ditionem
2665 3565 2784 3634 ejus
2812 3563 3090 3633 amplexas
3112 3566 3348 3636 propriis
3366 3566 3610 3635 ipsarum
3638 3564 3742 3620 bo-

2153 3658 2242 3714 nis
2283 3658 2562 3728 operibus.
2626 3655 2701 3711 De
2761 3655 2963 3726 quibus
3020 3668 3075 3711 et
3130 3657 3262 3711 illud
3322 3655 3431 3710 dici
3494 3655 3741 3725 opinor:

2160 3770 2180 3802 ‹
2210 3750 2383 3804 Erunt
2422 3750 2518 3805 tibi
2559 3749 2737 3809 servi.
2770 3757 2825 3803 et
2869 3764 2899 3801 a
2941 3755 3095 3817 tergo
3124 3754 3181 3802 te
3214 3755 3517 3819 sequentur
3569 3747 3739 3802 vincti

2153 3840 2409 3907 manicis,
2433 3847 2488 3896 et
2515 3840 2571 3894 in
2606 3846 2659 3895 te
2677 3838 2933 3895 orabunt.
2962 3857 2984 3889 ι
3013 3835 3126 3892 Hoc
3149 3853 3313 3892 vero:
3348 3856 3367 3889 ι
3398 3836 3740 3892 Erubescent

2149 3943 2204 3987 et
2255 3931 2664 3988 confundentur
2720 3948 2912 3989 omnes
2967 3934 3060 4003 qui
3115 3931 3480 3985 adversantur
3533 3929 3621 3995 ei,
3681 3940 3737 3984 et
3820 3985 3835 3998 ,

2152 4025 2513 4082 ambulabunt
2543 4027 2600 4081 in
2632 4024 2861 4097 pudore,
2905 4045 2924 4079 ι
2968 4023 3383 4098 prophetizatur
3408 4023 3477 4078 de
3526 4023 3594 4078 iis
3639 4024 3735 4094 qui

2150 4132 2260 4172 non
2291 4132 2454 4187 egere
2493 4117 2873 4188 paenitentiam
2897 4159 2912 4183 ,
2966 4119 3261 4187 hostesque
3288 4123 3343 4171 et
3375 4113 3586 4169 inimici
3613 4130 3737 4185 per-

2152 4215 2496 4273 manserunt,
2532 4216 2587 4264 et
2624 4209 2776 4264 verbi
2809 4209 3015 4265 Christi
3048 4209 3240 4279 jugum
3280 4222 3446 4278 super
3475 4222 3534 4263 se
3583 4208 3735 4277 ipsos

2149 4299 2340 4356 tollere
2370 4301 2594 4356 minime
2622 4301 2934 4356 voluerunt.
2972 4299 3037 4354 Et
3069 4300 3185 4355 haec
3213 4297 3432 4370 quidem
3464 4298 3624 4368 quasi
3663 4297 3732 4351 ad

2147 4391 2351 4448 Christi
2376 4392 2817 4449 elucidationem.
2871 4392 3136 4449 Citandus
3165 4390 3366 4463 quippe
3411 4398 3499 4447 est
3532 4391 3623 4445 ille
3647 4389 3731 4443 ιο.

2146 4498 2246 4542 cus
2268 4502 2378 4542 non
2407 4494 2620 4541 tantum
2648 4486 3092 4543 circumcisionis
3119 4486 3320 4555 populo
3342 4526 3360 4553 ,
3408 4483 3505 4540 sed
3530 4492 3586 4539 et
3616 4481 3726 4536 illis

463 4592 649 4632 σονται
697 4576 793 4629 καὶ
848 4576 1282 4655 ἐντραπήσονται
1327 4573 1528 4636 πάντες
1578 4573 1628 4625 oi
1676 4572 2040 4642 ἀντικείμενοι

2164 4577 2240 4646 lui
2290 4575 2570 4633 Christum
2618 4578 2779 4650 quasi
2814 4578 3117 4647 simplicem
3172 4576 3446 4631 hominem
3495 4579 3725 4645 putant,
3770 4576 3773 4579 ’

460 4686 565 4731 σοι,
626 4667 721 4724 καὶ
770 4667 1129 4739 πορεύσονται
1174 4669 1234 4721 ὲν
1277 4664 1528 4740 αἰσχύνῃ,
1571 4683 1589 4716 ι
1642 4663 2041 4736 προφητεύεται

2164 4667 2424 4724 Εὺὶοηιείε
2455 4670 2687 4738 scilicet,
2716 4670 2800 4725 vel
2827 4669 3140 4724 Artemonis
3163 4707 3179 4731 ,
3228 4668 3313 4724 vel
3351 4666 3500 4721 Pauli
3531 4663 3727 4721 Samo-

456 4761 589 4834 περὶ
650 4760 758 4815 τῶν
829 4759 904 4832 μὴ
967 4758 1419 4832 μετανοησάντων
1442 4798 1459 4823 ,
1523 4755 1915 4827 διαμεινάντων
1977 4755 2036 4810 δὲ

457 4853 667 4927 ἐχθρῶν
702 4854 798 4909 καὶ
842 4850 1134 4924 πολεμίων,
1180 4850 1275 4904 καὶ
1305 4847 1575 4922 μηδαμῶς
1605 4844 1740 4921 ἆραι
1775 4847 1861 4918 ἐφ’
1902 4849 2031 4902 ἑαυ-

2148 4762 2388 4817 satensis
2439 4761 2768 4817 fautoribus.
2803 4765 3001 4832 Aperte
3030 4761 3178 4817 enim
3212 4760 3318 4814 hoc
3367 4758 3489 4813 loco
3518 4755 3725 4814 Christi

2141 4854 2318 4910 deitas
2340 4855 2481 4911 male
2504 4853 2854 4910 credentibus
2888 4853 2942 4908 in
2968 4867 3092 4908 eum
3125 4851 3549 4906 demonstratur.

453 4954 581 5017 τοὺς
603 4929 811 5005 τὸντοῦ
835 4949 995 5018 λόγου
1020 4946 1114 5002 τοῦ
1140 4945 1374 5017 Χριστοῦ
1403 4945 1567 5015 ζυγὸν
1597 4944 2025 5016 βεϐουλημένων.
2066 4951 2176 5004 Καὶ
2205 4951 2377 5006 ταῦτα
2437 4953 2536 5025 μὲν
2566 4951 2642 5017 ὡς
2702 4953 2840 5024 πρὸς
2867 4950 2964 5020 τὴν
2993 4947 3084 5002 τοῦ
3120 4945 3355 5019 Χριστοῦ
3398 4945 3716 5016 σαφήνειαν

456 5047 684 5122 ἀρμόεοι
722 5047 768 5101 δ’
793 5044 860 5100 ἂν
880 5042 1234 5117 παρατιθέναι
1268 5042 1368 5114 τὴν
1415 5040 1722 5113 περικοπὴν
1765 5042 1825 5095 ού
1875 5043 2034 5114 μόνον
2072 5048 2185 5110 τοῖς
2229 5048 2295 5102 ὲκ
2363 5048 2689 5119 περιτομῆς,
2721 5045 2859 5101 ἀλλὰ
2905 5045 2998 5099 καὶ
3041 5045 3155 5106 τοῖς
3228 5040 3380 5111 ψιλὸν
3430 5040 3720 5112 ἄνθρωπον

454 5139 779 5211 ίιπειληφόσι
828 5137 1108 5209 γεγονέναι
1155 5136 1247 5190 τὸν
1310 5136 1570 5206 Σωτῆρα,
1645 5132 2006 5201 Ἐσιωναίοις,
2051 5138 2084 5209 ἢ
2123 5143 2231 5203 τοῖς
2297 5141 2440 5197 κατὰ
2495 5141 2831 5214 Ἀρτέμωνα,
2885 5137 2979 5193 καὶ
3038 5137 3130 5190 τὸν
3178 5134 3512 5207 Σαμωσατέα
3569 5131 3721 5188 Παῦ-

449 5225 562 5290 Iov.
601 5233 799 5305 Σαφῶς
834 5234 946 5306 γὰρ
979 5232 1073 5287 κο.)⁵
1123 5230 1211 5285 διὰ
1281 5227 1484 5283 τούτων
1551 5228 1585 5299 ἡ
1628 5226 1816 5297 θεότης
1882 5228 1975 5282 τοῦ
2027 5232 2267 5303 Χριστοῦ
2312 5238 2425 5299 τοῖς
2472 5234 2600 5305 περὶ
2645 5231 2808 5287 αὐτοῦ
2868 5227 3175 5292 δυσπειθῶς
3220 5227 3434 5299 ῐχουσιν
3496 5224 3717 5279 ἀποδεί-

450 5345 661 5383 mat.

950 5444 1347 5501 ΚΕΦΔΛΔῙΟΝ
1396 5443 1525 5499 Kl".

525 5559 545 5593 ι
575 5539 773 5595 Ἀκουέ
804 5555 929 5611 μου,
969 5536 1186 5603 Ἰακὼϐ,
1211 5539 1304 5592 καὶ
1337 5535 1569 5609 Ἰσραὴλ,
1595 5535 1657 5589 ὃν
1690 5533 1803 5600 ἐγὼ
1835 5533 1987 5590 καλῶ
2009 5553 2022 5567 ο

2692 5436 2921 5494 CAPUT
2957 5435 3144 5492 XXIII.

2209 5554 2228 5586 ι
2262 5535 2530 5597 Audime,
2551 5530 2743 5595 Iacob.
2772 5538 2827 5587 et
2852 5528 3043 5593 Israel,
3074 5541 3235 5598 quem
3261 5540 3362 5597 ego
3393 5539 3533 5581 voco
3565 5543 3580 5580 :
3608 5540 3739 5621 ego'_

446 5629 560 5703 ἐγώ
585 5633 700 5703 ειμι
748 5628 983 5702 πρῶτος,
1021 5628 1118 5684 καὶ
1144 5627 1259 5698 ἐγώ
1288 5630 1408 5699 εἰμι
1449 5629 1531 5692 εις
1554 5626 1648 5681 τὸν
1678 5625 1869 5682 αἰῶνα.
1914 5628 2026 5682 Καὶ

2164 5641 2246 5681 um
2271 5633 2503 5697 primus.
2531 5631 2588 5678 et
2628 5636 2732 5693 ego
2777 5636 2898 5678 sum
2956 5619 3015 5675 in
3043 5626 3332 5674 aeternum.
3392 5617 3458 5673 Et
3512 5620 3709 5674 manus

446 5725 482 5796 ἡ
524 5724 648 5797 χείρ
700 5737 800 5794 μου
839 5720 1169 5795 ὲθεμελίωσε
1211 5720 1308 5793 τὴν
1352 5720 1478 5792 γῆν,
1522 5720 1617 5774 καὶ
1658 5720 1693 5792 ἡ
1731 5718 1881 5785 δεξιά
1923 5737 2026 5790 μου

2164 5731 2245 5774 tea
2275 5715 2524 5772 fundavit
2550 5723 2753 5770 terram
2779 5754 2795 5783 ,
2836 5719 2889 5770 et
2939 5711 3164 5768 dextera
3196 5725 3315 5767 mea
3347 5708 3710 5791 consolidsvlt
3729 5706 3745 5728 θ

514 5883 529 5913 ¹
555 5880 680 5938 lsai.
708 5896 827 5950 ιιιι,
861 5880 911 5935 9.
990 5881 1009 5910 '
1032 5877 1190 5937 Joan.
1223 5890 1333 5945 im,
1369 5876 1458 5932 5'5.
1507 5876 1556 5961 n’
1582 5874 1713 5932 Isai.
1748 5890 1869 5941 ην,
1901 5873 1988 5942 {5,
2027 5875 2107 5930 l6.
2188 5867 2384 5926 ‘Joan.
2420 5883 2532 5933 xw,
2571 5866 2653 5923 ll.
