4100 6444
388 377 519 437 1231

1076 374 1343 431 EUSEBII
1373 372 1857 432 CJESARIENSIS
1891 371 2043 428 OPP.
2076 367 2257 425 PARS
2295 366 2902 425 IlI.—EXEGET|CA.

3518 362 3659 420 ηδε

388 499 581 555 cenios.
607 495 831 552 'Voeabo
865 510 980 557 eos,
1014 500 1068 548 et
1105 492 1329 548 stabunt
1354 494 1538 558 simul,
1574 502 1627 548 et
1660 507 1960 565 congrega-

2088 487 2362 563 ,c-.apétoee
2388 486 2480 540 τὸν
2512 486 2737 558 οὐρανόν
2756 503 2769 516 σ
2798 485 3008 538 καλέσω
3028 482 3139 552 ἑγὼ
3172 483 3369 545 αὐτοὺς
3398 482 3430 535 ἆ
3439 499 3534 547 μα,
3562 482 3658 536 καὶ

390 590 596 646 buntur
622 602 834 651 omnes,
854 593 906 640 et
937 584 1155 640 audient
1174 603 1188 652 ;
1207 584 1330 655 quis
1352 584 1433 640 eis
1452 585 1794 640 annuntiavit
1818 584 1974 639 luce?

390 680 674 745 Dominus,
707 679 800 750 qui
835 677 1012 748 diligit
1041 683 1095 732 te
1121 716 1135 740 ,
1188 676 1319 730 feeit
1370 677 1707 731 voluntatem
1736 683 1883 730 tuam
1917 676 1974 730 in

393 775 668 846 Babylone
690 812 706 836 ,
766 777 826 825 ut
859 769 1075 824 tolleret
1108 782 1293 823 semen
1317 766 1717 823 Chaldaeorum.
1746 766 1858 837 Ego
1894 768 1975 821 lo-

392 876 551 924 cutus
580 882 724 930 sum,
757 872 811 919 et
839 878 939 935 ego
966 862 1179 917 vocavi.
1211 860 1352 915 Duxi
1381 876 1510 917 eum
1542 869 1597 917 et
1627 860 1801 917 direxi
1832 861 1975 915 viam

392 958 510 1025 ejus
541 977 553 1012 :
592 955 844 1011 adducite
874 954 942 1009 ad
968 968 1055 1008 me
1084 961 1139 1008 et
1170 952 1354 1007 audite
1387 952 1502 1008 haec
1530 971 1544 1006 :
1579 969 1687 1007 non
1714 953 1783 1008 ab
1815 952 1975 1008 initio

393 1050 445 1105 in
474 1049 692 1105 occulto
721 1048 938 1102 loeutus
975 1060 1095 1101 sum
1130 1063 1144 1098 :
1179 1044 1400 1116 quando
1451 1044 1633 1111 fiebat,
1661 1044 1773 1099 illic
1800 1060 1972 1100 eram.

394 1139 458 1194 Et
487 1155 632 1194 nunc
662 1138 924 1193 Dominus
959 1136 1221 1192 Dominus
1280 1136 1428 1193 misit
1471 1152 1557 1192 me
1581 1175 1599 1203 ,
1656 1143 1711 1191 et
1741 1134 1977 1207 Spiritus

393 1231 513 1300 ejus
545 1231 583 1285 ¹.
625 1250 642 1282 ι
671 1228 824 1285 Unus
849 1243 975 1283 cum
993 1229 1064 1283 sit
1089 1230 1183 1298 qui
1209 1229 1266 1283 in
1292 1228 1395 1284 hoc
1421 1228 1541 1285 loco
1571 1229 1976 1300 loquitur,.quis

395 1325 535 1379 alius
564 1330 713 1379 esset
751 1341 769 1373 ι
809 1321 1072 1376 Dominus
1102 1321 1196 1391 qui
1230 1314 1360 1376 feeit
1393 1321 1594 1375 coelum
1645 1329 1696 1376 et
1748 1320 1980 1376 firmavit

395 1416 548 1482 illud,
577 1423 633 1471 et
662 1414 906 1470 fundavit
930 1423 1150 1481 terram,
1177 1434 1194 1466 ι
1221 1413 1424 1484 quique
1458 1414 1627 1469 dicit:
1651 1432 1671 1465 ι
1709 1412 1823 1485 Ego
1855 1429 1977 1470 sum

393 1508 607 1580 primus
635 1514 687 1562 et
715 1519 816 1576 ego
854 1520 977 1560 sum
1006 1505 1062 1559 in
1091 1511 1396 1572 aeternum;
1437 1524 1456 1557 ι
1491 1506 1754 1575 adjiciens
1804 1505 1861 1560 in
1912 1506 1980 1563 iis

395 1613 516 1671 quae
536 1605 859 1669 sequuntur,
876 1598 1033 1668 juxta
1059 1613 1249 1652 omnes
1262 1597 1354 1667 qui
1379 1596 1620 1652 divinam
1637 1597 1753 1652 Scri
1763 1606 1854 1667 plu
1864 1614 1978 1653 ram

399 1690 739 1760 interpretati
769 1697 918 1753 sunt,
957 1689 1090 1743 illud
1122 1706 1135 1740 :
1177 1706 1196 1738 ι
1228 1687 1293 1740 Et
1341 1702 1487 1742 nunc
1541 1688 1807 1744 Dominus
1838 1688 1981 1745 Deus

398 1780 547 1836 misit
575 1794 661 1835 me
680 1789 734 1835 et
756 1779 995 1851 Spiritus
1030 1779 1199 1848 eius,»
1222 1792 1284 1833 ac
1313 1787 1562 1833 sanctum
1591 1777 1686 1834 Dei
1720 1777 1979 1845 Verbum,

2078 583 2363 652 στήσονται
2403 579 2498 632 καὶ
2540 577 2991 648 συναχθήσονται,
3040 575 3133 628 καὶ
3176 572 3519 627 ἀκούσονται.
3560 574 3658 636 Τίς

2075 678 2259 739 αὐτοῖς
2311 671 2631 745 ἀνήγγειλεν
2680 670 2884 731 ταῦτας
2928 672 2994 736 3K
3050 667 3253 739 Κύριος
3307 667 3538 736 ἀγαπῶν
3595 683 3657 721 σε

2076 766 2299 837 ἑποίησε
2349 763 2409 816 τὸ
2462 761 2674 832 θέλημά
2722 777 2814 812 σου
2868 759 2958 812 ἐπὶ
3004 757 3322 823 Βαϐυλῶνα,
3381 757 3474 811 τοῦ
3529 754 3660 828 ἆραι

2079 857 2299 929 σπέρμα
2331 854 2632 910 Χαλδαίων.
2671 850 2812 921 Ἐγὼ
2844 850 3100 922 ἐλάλησα,
3132 852 3226 904 καὶ
3256 849 3367 919 ἑγὼ
3390 850 3654 902 ἐκάλεσα·

2076 950 2282 1022 ἦγαγον
2309 947 2492 1011 αὐτὸν,
2528 945 2621 999 καὶ
2661 941 2920 996 εὐὼδωσα
2976 941 3074 1013 τὴν
3110 940 3226 995 ὁδὸν
3261 940 3427 993 αὐτοῦ
3448 957 3462 970 ο
3493 957 3660 1013 προσ-

2079 1044 2313 1112 αγάγετε
2344 1039 2479 1112 πρὸς
2510 1039 2597 1109 μὲ,
2634 1039 2728 1090 καὶ
2761 1034 3029 1089 ἀκούσατε
3061 1032 3265 1086 ταῦτα·
3297 1034 3397 1086 οὐκ
3430 1034 3523 1086 ἀπ’
3562 1034 3661 1104 ἀρ..

2079 1133 2179 1203 χῆς
2220 1134 2278 1184 ἐν
2316 1129 2498 1200 κρυφῇ
2529 1125 2800 1196 λελάληκα
2821 1141 2835 1155 .
2869 1124 3029 1194 ἡνίκα
3058 1121 3274 1190 ἐγένετο
3316 1124 3434 1174 ἐκεῖ
3475 1123 3623 1194 ἥμην
3643 1140 3656 1151 .

2079 1224 2174 1278 καλ⁸
2202 1224 2295 1275 νῦν
2328 1219 2532 1291 Κύριος
2561 1218 2764 1291 Κύριος
2791 1214 3077 1270 ἀπέστειλέ
3109 1230 3199 1284 με,
3230 1212 3323 1266 καὶ
3345 1212 3407 1266 τὸ
3436 1213 3663 1284 Πνεῦμα

2081 1311 2275 1368 αὑτοῦ.
2307 1329 2324 1362 ι
2364 1309 2513 1372 Ἑνὸς
2547 1307 2699 1369 ὄντος
2728 1304 2822 1359 τοῦ
2850 1302 3024 1358 ταῦτα
3056 1303 3114 1355 ἑν
3155 1303 3221 1372 τῇ
3264 1304 3533 1372 περικοπῇ
3568 1299 3659 1352 λέ-

2081 1420 2269 1477 γοντος
2292 1400 2605 1473 προσώπου,
2628 1398 2709 1462 τίς
2738 1397 2781 1450 δ’
2809 1395 2874 1449 ἂν
2901 1393 3059 1457 ἄλλος
3076 1392 3160 1463 εἴη
3193 1412 3211 1443 ι
3235 1390 3437 1464 Κύριος
3464 1392 3492 1443 6
3514 1390 3663 1462 ποιή-

2083 1516 2183 1562 σας
2212 1496 2303 1551 τὸν
2354 1492 2583 1566 οὐρανὸν
2628 1491 2722 1545 καὶ
2766 1489 2944 1561 πήξας
2982 1489 3167 1553 αὑτὸν,
3220 1487 3313 1540 καὶ
3355 1484 3661 1556 περεὼσεις

2081 1591 2181 1663 τὴν
2210 1589 2337 1659 γῆν,
2376 1607 2396 1641 ›
2430 1587 2458 1638 ὁ
2491 1584 2664 1654 λέγων
2684 1598 2698 1613 ·
2745 1599 2764 1632 ι
2800 1580 2940 1650 Ἐγὼ
2969 1582 3083 1651 εἰμι
3131 1578 3380 1651 πρῶτος,
3431 1578 3523 1630 καὶ
3552 1576 3662 1645 ἑγώ

2084 1686 2199 1754 εἰμι
2226 1684 2305 1746 είς
2330 1680 2423 1734 τὸν
2446 1678 2637 1743 αἰῶνα,
2670 1695 2688 1727 ι
2719 1674 2814 1728 καὶ
2839 1673 3115 1753 ἐπιφέρων
3137 1673 3195 1725 ἑν
3220 1673 3334 1734 τοῖς
3353 1668 3499 1741 ἑξῆς,
3524 1669 3665 1723 κατά

2085 1775 2294 1837 πάντας
2327 1772 2454 1835 τοὺς
2497 1766 2940 1841 ἑρμηνεύσαντας
2971 1764 3066 1835 τὴν
3109 1762 3257 1816 θείαν
3300 1760 3544 1834 Γραφὴν,
3578 1759 3661 1824 τὸ,

397 1872 490 1943 qui
534 1879 659 1943 post
696 1873 996 1927 increatnm
1044 1870 1258 1924 initium
1314 1878 1690 1925 creaturarum
1738 1873 1982 1927 omnium

2089 1888 2108 1921 ι
2144 1868 2254 1921 Καὶ
2296 1865 2389 1921 νῦν
2445 1862 2651 1934 Κύριος
2695 1862 2725 1914 6
2783 1859 2915 1922 Θεὸς
2964 1855 3274 1911 ἀπέσταλκε
3321 1872 3411 1927 με,
3462 1854 3553 1908 καὶ
3603 1852 3665 1907 τὸ

398 1965 612 2032 primus
651 1961 795 2018 Deus
842 1961 1158 2016 nominatus
1204 1966 1309 2026 est,
1342 1960 1410 2014 de
1437 1975 1545 2030 quo
1569 1967 1626 2015 et
1651 1960 1791 2015 alias
1842 1961 1979 2016 seri-

399 2063 553 2128 ptum
587 2062 669 2111 est
700 2073 715 2110 :
748 2073 767 2104 ι
797 2053 944 2108 Misit
973 2051 1210 2107 Verbum
1241 2052 1363 2117 ejus
1416 2059 1472 2107 et
1518 2053 1731 2108 curavit
1776 2053 1920 2108 eos?
1954 2071 1974 2105 ι

399 2149 521 2218 Ipse
549 2147 692 2203 enim
721 2153 805 2202 est
843 2165 861 2198 ι
899 2161 996 2216 per
1016 2159 1179 2216 quem
1210 2145 1394 2199 omnia
1424 2143 1567 2199 facta
1599 2152 1750 2209 sunt,
1790 2145 1847 2200 in
1874 2162 1982 2203 em-

399 2240 629 2295 lcstibus
659 2246 712 2294 et
739 2239 794 2293 in
825 2238 1203 2302 terrestribus,
1232 2237 1347 2293 sive
1372 2237 1611 2293 visibilia
1640 2279 1659 2307 ,
1699 2237 1815 2294 sive
1844 2238 1983 2293 invi-

401 2332 617 2398 sibilia;
657 2349 677 2384 ι
709 2346 871 2402 quem
910 2338 964 2387 et
1004 2331 1155 2386 misit
1184 2329 1449 2386 Dominus
1478 2329 1622 2387 Deus
1669 2330 1833 2386 Pater
1858 2375 1873 2399 ,
1927 2340 1983 2388 et

399 2438 524 2478 cum
558 2438 623 2479 eo
652 2422 919 2493 Spiritum
970 2430 1241 2488 sanctum,
1278 2421 1345 2476 ad
1372 2421 1740 2478 aediﬁcandam
1766 2423 1981 2494 generis

399 2514 681 2570 hominum
703 2514 971 2571 salutem?
991 2514 1167 2585 Atque
1188 2514 1306 2569 haec
1331 2512 1537 2571 Iudaeis
1567 2526 1693 2586 apte
1720 2514 1828 2571 dici
1862 2531 1984 2587 pos-

401 2615 545 2674 sent,
579 2624 701 2664 cum
732 2606 964 2664 doceant
998 2608 1162 2663 alium
1193 2623 1318 2664 esse
1346 2607 1639 2664 Dominum
1674 2610 1768 2680 qui
1798 2610 1983 2665 omnia

403 2700 610 2755 ereavit
639 2707 836 2771 pneter
853 2699 1099 2755 omnium
1118 2699 1312 2764 Deum,
1336 2715 1366 2755 a
1382 2715 1493 2770 quo
1520 2715 1578 2755 se
1601 2700 1831 2756 missum
1854 2714 1986 2755 con-

402 2790 609 2860 ﬁtetur,
641 2790 866 2848 dicens:
909 2810 928 2844 ι
980 2790 1045 2846 Ει
1108 2806 1257 2846 nunc
1299 2790 1564 2847 Dominus
1619 2791 1769 2847 misit
1813 2806 1920 2847 me.
1960 2810 1979 2843 ι

399 2880 524 2953 Ipse
550 2882 697 2936 enim
737 2889 884 2938 esset
913 2882 1001 2936 cui
1034 2881 1357 2953 praecipiens
1401 2881 1459 2936 in
1487 2879 1676 2937 mundi
1710 2881 1986 2937 creatione

402 2973 538 3029 dicit
559 2973 819 3030 Patern
856 2973 978 3028 Fiat
1041 2975 1153 3039 lux,
1210 2981 1266 3029 et
1320 2974 1454 3029 flant
1510 2974 1625 3029 haec
1679 2980 1734 3029 et
1790 2974 1919 3041 illa;
1960 2993 1979 3028 ι

401 3072 567 3135 atque
601 3063 733 3120 illud
762 3083 777 3120 :
804 3084 822 3117 ι
863 3064 1153 3122 Faciamus
1182 3065 1457 3120 hominem
1481 3064 1549 3119 ad
1574 3065 1986 3121 similitudinem

400 3165 670 3214 nostram.
708 3178 728 3212 ι
770 3158 952 3225 Quare
1001 3165 1058 3212 et
1100 3157 1157 3212 in
1207 3156 1440 3214 Psalmis
1494 3158 1755 3213 scribitur
1802 3160 1981 3215 illud:

2087 1958 2311 2031 Πνεῦμα
2346 1955 2535 2018 αὐτοῦ,
2576 1974 2594 2008 ι
2628 1953 2662 2027 ἢ
2692 1954 2721 2006 ὁ
2763 1951 2905 2024 ἱερὸς
2933 1949 3028 2003 τοῦ
3059 1948 3193 2002 Θεοῦ
3239 1948 3431 2017 Λόγος,
3461 1947 3489 1998 6
3527 1943 3667 2016 μετά

2085 2054 2186 2125 τὴν
2216 2051 2477 2120 ἀγένητον
2520 2046 2694 2119 ἀρχὴν
2738 2043 2847 2097 τῶν
2877 2040 3119 2112 γενητῶν
3165 2039 3421 2093 ἁπάντων
3453 2036 3668 2109 πρῶτος

2087 2146 2218 2209 Θεὸς
2241 2142 2657 2214 ὀνομαζόμενος,
2682 2137 2810 2209 περὶ
2835 2129 2896 2191 οὗ
2921 2137 3014 2191 καὶ
3035 2132 3295 2203 ἀλλαχόσε
3323 2131 3632 2214 γέγραπται
3648 2144 3663 2159 ο

2094 2259 2113 2293 ι
2162 2234 2473 2293 Ἀπέστειλε
2501 2233 2594 2287 τὸν
2621 2232 2794 2301 Λόγον
2826 2227 2991 2284 αὑτοῦ
3021 2227 3116 2282 καὶ
3148 2226 3336 2279 ἰάσατο
3368 2222 3603 2285 aureus;
3643 2238 3662 2271 ι

2088 2331 2260 2395 Αὐτὸς
2282 2332 2391 2401 γάρ
2424 2329 2571 2381 ἑστιν
2614 2325 2643 2377 6
2687 2343 2705 2375 ι
2740 2323 2806 2377 δι’
2837 2315 2897 2376 οὗ
2924 2320 3201 2375 τ’ἀιπάντα
3228 2317 3463 2387 ἐγένετο,
3503 2313 3574 2367 τά
3606 2329 3669 2366 τε

2088 2422 2147 2475 ὲν
2174 2424 2288 2485 τοῖς
2321 2419 2569 2491 οὐρανοῖς
2603 2415 2698 2470 καὶ
2728 2414 2797 2468 τὰ
2827 2413 2921 2467 ἐπὶ
2949 2413 3046 2483 τῆς
3079 2411 3203 2483 γῆς,
3230 2409 3338 2462 εἴτε
3360 2405 3532 2479 ὁρατὰ
3559 2402 3668 2458 εἴτε

2088 2514 2298 2586 ἀόρατα
2319 2528 2332 2541 ·
2371 2529 2390 2563 ι
2428 2511 2486 2564 ὃν
2511 2508 2604 2563 καὶ
2630 2507 2915 2562 ἀπέστειλε
2948 2503 3151 2577 Κύριος
3178 2500 3362 2566 ὁιθεὸς
3394 2501 3422 2553 6
3457 2497 3669 2571 Πατὴρ,

2092 2602 2190 2655 σὺν
2222 2598 2372 2671 αὐτῷ
2394 2598 2452 2653 δὲ
2480 2598 2575 2651 καὶ
2605 2594 2668 2650 τὸ
2687 2595 2841 2665 ἀγιον
2876 2594 3122 2665 Πνεῦμα,
3150 2592 3569 2662 οἱκονομήσοντα
3600 2588 3671 2643 τὰ

2090 2693 2231 2766 ὑπὲρ
2260 2692 2361 2759 τῆς
2394 2689 2698 2761 ἀνθρώπων
2757 2686 3060 2759 σωτηρίας.
3090 2683 3191 2753 Είη
3236 2684 3280 2737 δ’
3324 2683 3390 2737 ἂν
3435 2679 3672 2754 ἁρμόζον

2091 2785 2168 2848 ὡς
2202 2784 2337 2856 πρὸς
2372 2781 2659 2845 Ἰουδαίους
2692 2782 2752 2835 τὸ
2794 2779 2977 2853 ῥητὸν,
3019 2777 3271 2832 διδάσκον
3306 2777 3495 2845 ἕτερον
3533 2768 3671 2827 εἶναι

2091 2877 2296 2951 Κύριον
2318 2877 2409 2931 τὸν
2448 2874 2932 2947 δημιουργήσαντα
2964 2869 3036 2923 τά
3069 2868 3247 2923 πάντα
3276 2866 3421 2939 παρὰ
3445 2866 3536 2918 τὸν
3561 2863 3673 2918 τῶν

2091 2970 2227 3025 ὅλων
2280 2970 2432 3033 Θεὸν,
2483 2969 2575 3038 ὑφ’
2627 2960 2688 3021 οὗ
2743 2964 3081 3020 ἀπεστάλθαι
3145 2959 3415 3032 ὁμολογεῖ,
3449 2957 3624 3026 λέγων
3653 2970 3671 2986 ⁸

2099 3081 2118 3113 ι
2166 3061 2279 3115 Καὶ
2317 3060 2412 3116 νῦν
2442 3058 2647 3132 Κύριος
2679 3056 2988 3113 ἀπέσταλκέ
3023 3072 3123 3127 με’
3165 3073 3185 3106 ι
3220 3051 3381 3114 αὐτὸς
3413 3049 3458 3103 δ’
3490 3048 3555 3103 ἂν
3586 3047 3670 3118 εἴη

2094 3147 2139 3223 ᾧ
2174 3153 2526 3225 προστάττων
2558 3153 2617 3205 ἑν
2658 3153 2725 3221 τῇ
2755 3146 3084 3220 κοσμοποιίᾳ
3111 3145 3274 3214 φησιν
3302 3144 3330 3196 6
3360 3140 3550 3211 Πατὴρ
3587 3135 3670 3202 τὸ,

408 3270 428 3303 ι
467 3250 586 3323 Ipse
610 3251 768 3317 dixit,
800 3260 854 3308 et
883 3252 1025 3307 facta
1054 3261 1203 3319 sunt,
1258 3252 1378 3325 ipse
1413 3252 1693 3307 mandavit
1717 3260 1771 3308 et
1800 3262 1982 3308 creata

2094 3263 2114 3297 ι
2150 3244 2441 3316 Γενηθήτω
2464 3242 2601 3313 φῶς,
2628 3243 2723 3297 καὶ
2751 3239 3036 3311 γενηθήτω
3061 3236 3187 3290 τάδε
3218 3235 3313 3289 καὶ
3335 3232 3493 3325 τάδε·
3530 3249 3549 3283 t
3576 3229 3672 3283 καὶ

403 3354 552 3399 sunt.
589 3363 609 3398 ι
651 3347 851 3416 Aperte
883 3347 1027 3402 enim
1079 3355 1293 3402 constat
1341 3347 1485 3417 quod
1532 3345 1856 3417 pmcipiens
1885 3345 1984 3399 ali-

403 3435 533 3506 quid
568 3444 622 3492 et
652 3436 884 3506 loquens
908 3438 1003 3492 alii
1039 3452 1103 3492 ac
1147 3436 1476 3508 sibimetipsi
1517 3436 1765 3507 praecipit
1792 3443 1846 3491 et
1880 3435 1984 3489 im-

401 3537 576 3598 perat.
616 3527 840 3599 Singula
889 3545 1018 3585 vero
1072 3530 1305 3600 hujusce
1342 3529 1449 3585 loci
1500 3529 1668 3584 verba
1709 3527 1986 3600 inquirere

404 3637 514 3675 non
545 3622 832 3691 praesentis
865 3633 948 3678 est
969 3625 1170 3692 operis.

2089 3337 2169 3401 τὺ,
2220 3355 2240 3389 ι
2270 3337 2594 3407 Ποιήσωμεν
2634 3332 2916 3405 ἄνθρωπον
2945 3330 3066 3384 κατ’
3094 3326 3278 3380 εἰκόνα
3307 3323 3578 3396 ἡμετέραν
3599 3336 3615 3350 ⁸
3646 3337 3666 3371 ι

2089 3430 2375 3502 ταύτην(ῃ)
2425 3428 2535 3500 γὰρ
2589 3429 2684 3491 καὶ
2723 3428 2781 3479 ἑν
2822 3423 3074 3492 Ψαλμοῖς
3122 3417 3535 3497 ἀναγέγραπται
3585 3410 3671 3473 τὸ,

2097 3543 2117 3576 ι
2162 3525 2287 3577 Ὅτι
2338 3523 2499 3586 αὐτὸς
2540 3519 2683 3584 εἶπε,
2723 3519 2815 3574 καὶ
2865 3513 3227 3586 ἐγενήθησαν·
3274 3508 3435 3571 αὐτὸς
3482 3503 3675 3559 eversi-

2092 3617 2243 3683 λατο,
2285 3618 2378 3671 καὶ
2419 3614 2767 3686 ἐκτίσθησαν.
2805 3630 2824 3663 ι
2873 3605 3146 3679 Πρόδηλον
3173 3600 3304 3672 γὰρ,
3328 3600 3404 3663 ὡς
3438 3600 3467 3652 6
3496 3593 3676 3650 ὲντελ-

402 3686 626 3784 λόμενός
681 3730 734 3766 τι
804 3715 898 3767 καὶ
958 3686 1131 3783 λέγων
1189 3714 1360 3785 ἑτέρῳ
1423 3714 1552 3784 παρ’
1608 3710 1800 3765 ἑαυτὸν
1859 3706 2163 3763 ἐντέλλεται
2233 3723 2293 3759 τε
2342 3705 2434 3760 καὶ
2483 3703 2831 3778 προστάττει.
2886 3698 3155 3766 Ἐκόιστην
3204 3692 3387 3764 μέντοι
3422 3706 3485 3758 γε
3529 3686 3673 3750 λέξιν

402 3806 501 3878 τῆς
557 3808 863 3880 περικοπῆς
916 3806 1189 3874 ἐξετάζειν
1235 3808 1296 3862 οὐ
1344 3809 1444 3880 τῆς
1503 3807 1788 3880 παρούσης
1836 3807 1985 3859 ἑστίν
2016 3801 2429 3876 πραγματείας.
2983 3827 2987 3830 ν

963 3921 1190 3979 CAPUT
1232 3920 1422 3980 XXIV.

479 4061 499 4093 ι
537 4038 738 4096 Audite
769 4056 889 4107 me,
939 4040 1154 4106 insulas,
1186 4022 1248 4095 et
1292 4039 1580 4105 attendite,
1611 4047 1803 4112 gentes
1838 4058 1852 4095 :
1883 4041 1991 4095 Per

401 4141 620 4206 tempus
646 4134 879 4189 multum
909 4133 1199 4198 consistet,
1231 4133 1367 4188 dicit
1388 4132 1653 4189 Dominus
1683 4153 1694 4187 :
1726 4133 1795 4189 ab
1830 4140 1986 4188 utero

401 4227 596 4283 matris
642 4241 778 4281 meae
825 4226 1040 4281 vocavit
1098 4241 1297 4281 nomen
1351 4240 1571 4290 meum,
1616 4232 1671 4281 et
1715 4226 1897 4296 posuit
1923 4241 1986 4281 os

403 4333 584 4375 meum
631 4317 791 4390 quasi
818 4317 1057 4389 gladium
1104 4324 1367 4386 acutum;
1428 4326 1483 4374 et
1522 4317 1628 4374 sub
1671 4324 1985 4388 tegumento

401 4424 602 4467 manus
653 4424 768 4465 sua:
806 4409 1103 4465 occultavit
1157 4423 1276 4478 me;
1318 4417 1372 4466 et
1396 4410 1535 4465 dixit
1560 4408 1693 4464 mihi
1728 4429 1742 4465 :
1774 4407 1981 4464 Servus

403 4514 560 4556 meus
616 4514 678 4556 es
734 4507 815 4564 tu,
848 4498 1056 4564 Israel,
1108 4500 1233 4571 quia
1270 4501 1327 4555 in
1355 4506 1410 4557 te
1442 4501 1742 4573 gloriabor.
1773 4498 1842 4552 Et
1881 4514 1985 4570 ego

403 4591 554 4647 dixi:
594 4589 654 4646 In
672 4605 907 4647 vacuum
954 4592 1229 4657 laboravi,
1262 4593 1382 4650 sine
1420 4608 1609 4656 causa,
1633 4599 1689 4648 et
1706 4606 1848 4649 vane
1872 4591 1986 4647 for-

403 4685 692 4743 titudinem
736 4699 912 4759 meam
939 4685 1307 4755 consumpsi:
1336 4700 1467 4757 ergo
1487 4685 1753 4755 judicium
1807 4701 1985 4741 meum

403 4792 528 4833 eum
553 4775 804 4841 Domino,
821 4784 875 4831 et
903 4791 1043 4847 opus
1060 4791 1240 4833 meum
1257 4792 1383 4831 eum
1418 4778 1525 4832 Deo
1565 4793 1707 4833 meo.
1741 4775 1807 4833 Et
1841 4792 1989 4833 nunc

390 4870 536 4925 dicit
564 4869 846 4936 Dominus,
873 4869 1117 4926 formans
1146 4858 1234 4924 me
1280 4886 1347 4925 ex
1394 4879 1549 4927 utero
1591 4887 1811 4928 servum
1858 4872 1987 4937 sibi,

403 4971 464 5016 ut
512 4962 770 5017 reducam
805 4961 973 5019 Iacob
1001 4963 1069 5018 ad
1103 4978 1250 5025 eum,
1282 4971 1336 5017 et
1364 4961 1550 5020 Israel.
1600 4964 1992 5036 Congregabor

401 5063 461 5113 et
491 5054 838 5126 glorificabor
868 5071 924 5109 in
959 5054 1136 5111 oculis
1165 5054 1401 5121 Domini,
1438 5063 1493 5111 et
1532 5054 1677 5111 Deus
1711 5070 1867 5124 meus
1896 5054 1984 5108 fa-

402 5157 529 5206 ctus
543 5154 628 5205 est
659 5147 920 5203 fortitudo
946 5162 1089 5203 mea.
1114 5146 1179 5201 Et
1200 5147 1338 5203 dixit
1364 5168 1377 5203 :
1399 5147 1651 5220 Magnum
1680 5156 1761 5205 est
1793 5148 1893 5202 tibi
1929 5156 1988 5201 ut

404 5240 483 5296 sis
509 5240 645 5295 mihi
677 5255 870 5297 servus
886 5240 953 5294 ad
974 5239 1319 5296 suscitandas
1346 5241 1525 5297 tribus
1543 5239 1735 5305 Iacob,
1753 5249 1807 5296 et
1824 5239 1986 5295 faeces

404 5330 572 5389 Israel
588 5332 1009 5388 convertendas.
1028 5330 1169 5388 Ecce
1185 5332 1308 5388 dedi
1332 5340 1384 5389 te
1410 5334 1464 5388 in
1486 5340 1874 5387 testamentum
1896 5347 1988 5401 ge-

403 5421 577 5485 neris,
628 5421 686 5475 in
720 5420 895 5476 lucem
929 5421 1192 5493 gentium,
1247 5432 1307 5477 ut
1344 5422 1423 5478 sis
1456 5422 1607 5476 salus
1640 5437 1761 5475 mea
1809 5435 1985 5491 usque

405 5512 475 5567 ad
508 5522 810 5570 extremum
843 5522 1021 5570 terrae.
1047 5512 1174 5568 Haac
1199 5513 1334 5568 dicit
1367 5513 1633 5568 Dominus
1668 5513 1987 5583 redemptor

407 5610 560 5661 tuus,
587 5601 732 5657 Deus
760 5602 927 5659 Israel
964 5621 979 5658 :
1013 5602 1361 5679 sanctiﬁcata
1385 5620 1507 5660 eum
1540 5604 1631 5674 qui
1661 5602 1811 5674 parvi
1857 5602 1987 5657 facit

409 5696 646 5751 animam
682 5709 858 5760 suam,
879 5710 1041 5765 quem
1075 5696 1460 5753 abominantur
1480 5703 1690 5768 gentes,
1718 5695 1861 5752 servi
1885 5695 1985 5751 do-

477 5828 502 5860 ⁴
523 5826 648 5884 Isai.
677 5842 869 5893 ιινιιι,
899 5825 1089 5880 12-16.

2598 3909 2996 3968 ΚΕΦΑΛΑΙΟΝ
3028 3908 3154 3962 ΚΔ’.

2170 4050 2188 4083 ι
2231 4027 2525 4084 Ἀκούσατέ
2545 4044 2668 4097 μου,
2702 4025 2877 4095 νῆσοι,
2907 4021 3002 4075 καὶ
3023 4018 3339 4090 προσέχετε,
3368 4013 3495 4084 ἔθνη
3515 4028 3533 4044 σ
3576 4008 3676 4065 Διά

2093 4121 2285 4195 χρόνον
2315 4118 2510 4175 πολλοῦ
2543 4118 2834 4189 στήσεται,
2885 4112 3032 4181 λέγει
3065 4107 3300 4180 Κύριος
3356 4105 3421 4157 ἑκ
3468 4100 3677 4195 κοιλίας

2096 4191 2303 4288 μητρός
2342 4231 2442 4286 μου
2478 4211 2705 4266 ἑκάλεσε
2757 4208 2820 4289 τὸ
2856 4203 3030 4276 ὄνομα
3064 4219 3164 4275 μου
3187 4215 3203 4232 ο
3265 4198 3360 4253 καὶ
3404 4196 3567 4289 ἔθηκε
3613 4191 3675 4245 τὸ

2302 4325 2403 4380 μου
2431 4306 2508 4370 ὡς
2533 4286 2808 4375 μάχαιραν
2839 4299 3021 4381 ὀξεῖαν
3040 4314 3054 4328 ο
3086 4296 3181 4350 καὶ
3207 4292 3313 4346 ὑπὸ
3341 4289 3441 4361 τὴν
3465 4286 3672 4381 σκέῃν

2091 4377 2206 4474 τῆς⁷
2223 4377 2407 4474 χειρὸς
2437 4397 2602 4454 αὐτοῦ
2629 4394 2834 4467 ἔκρυψέ
2887 4379 2989 4465 μελ
3026 4389 3120 4444 καὶ
3154 4383 3275 4440 εἶπέ
3322 4397 3443 4456 μοι’
3478 4377 3673 4474 Δοῦλός

2097 4468 2197 4568 μου
2305 4468 2391 4557 σὺ,
2440 4489 2658 4563 Ἰσραὴλ
2683 4527 2698 4552 ,
2748 4486 2843 4539 καὶ¹
2876 4485 2934 4537 ἐν
2984 4481 3067 4535 σοὶ
3123 4476 3549 4568 δοξασθήσομαι⁸
3577 4468 3674 4568 καὶ

2091 4562 2202 4656 ἑγὼ
2251 4580 2412 4639 εἶπαο
2466 4562 2656 4645 Κενῶς
2708 4576 3009 4638 ἐκοπίασα,
3062 4573 3142 4636 είς
3196 4568 3421 4641 μάταιον
3454 4562 3548 4618 καὶ
3594 4563 3680 4624 εἰς

2092 4678 2244 4732 οὐδὲν
2288 4676 2467 4729 ἔδωκα
2488 4673 2588 4744 τὴν
2620 4670 2774 4742 ἰσχύν
2810 4683 2940 4739 μου·
2972 4664 3061 4719 διὰ
3087 4661 3249 4717 τοῦτο
3277 4663 3311 4731 ή
3359 4658 3539 4729 κρίσις
3571 4669 3673 4726 μου

2093 4770 2243 4840 παρά
2268 4766 2480 4839 Κυρίῳ,
2514 4763 2610 4818 καὶ
2632 4765 2661 4814 6
2684 4761 2846 4823 πόνος
2880 4776 2987 4830 μου,
3011 4755 3250 4811 ἐναντίον
3267 4751 3362 4805 τοῦ
3385 4746 3520 4803 Θεοῦ
3549 4761 3673 4840 μου.

2093 4836 2205 4915 Καὶ
2237 4859 2332 4912 νῦν
2360 4836 2535 4920 οὕτως
2562 4854 2711 4923 λέγει
2740 4851 2965 4924 Κύριος,
2988 4852 3017 4903 6
3039 4848 3268 4939 πλάσας-
3285 4843 3447 4939 με
3468 4836 3675 4939 κοιλίας

2092 4952 2277 5007 δοῦλον
2304 4949 2504 5021 ἑαυτῷ,
2530 4947 2626 5002 τοῦ
2653 4946 2980 5014 συναγαγεῖν
3003 4941 3096 4994 τὸν
3130 4934 3326 4992 Ἰακὼῦ
3352 4928 3487 5004 πρὸς
3513 4928 3675 4985 αὐτὸν

2094 5044 2190 5096 καὶ
2244 5042 2334 5096 τὸν
2387 5038 2636 5112 Ἰσραήλ’
2687 5036 3094 5106 συναχθήσομαι
3125 5028 3221 5083 καὶ¹
3271 5023 3675 5112 δοξασθήσομαι

2096 5136 2337 5190 ἐναντίον
2384 5111 2628 5204 Κυρίου,
2665 5131 2759 5185 καὶ
2784 5132 2812 5183 6
2850 5126 2982 5189 Θεός
3009 5140 3111 5196 μου
3157 5121 3310 5175 ἔσται
3349 5134 3437 5188 μοι
3481 5111 3634 5204 ἰσχύς
3657 5128 3676 5142 ο

2094 5230 2190 5282 καλ¹
2214 5223 2336 5281 εἶπε
2353 5244 2366 5255 ’
2391 5203 2549 5293 Μέγα
2581 5222 2663 5275 σοί
2697 5223 2815 5273 ἑστι
2836 5215 2929 5270 τοῦ
2964 5212 3229 5285 κληθῆναί
3269 5226 3328 5262 σε
3354 5203 3522 5259 παῖδά
3547 5218 3671 5273 μου,

2094 5320 2190 5374 τοῦ
2241 5320 2438 5389 στῆσαι
2462 5316 2561 5380 τὰς
2613 5313 2787 5384 φυλὰς
2840 5306 3033 5363 Ἰακὼὸ
3058 5346 3074 5372 ,
3113 5303 3208 5388 καὶ
3245 5300 3340 5364 τάς
3374 5293 3674 5389 διασπορὰς

2093 5413 2188 5467 τοῦ
2242 5386 2457 5483 Ἰσραήλ
2508 5406 2865 5479 ἐπιστρέψαιο
2906 5402 3015 5455 ἰδοὺ
3067 5386 3290 5451 τέθεικά
3340 5409 3400 5445 σε
3433 5392 3512 5452 είς
3558 5386 3675 5440 δια-

2075 5505 2268 5577 ’θήκην
2307 5482 2517 5574 γένους,
2561 5501 2643 5563 εἰς
2675 5497 2793 5568 φῶς
2824 5495 3016 5557 ἐθνῶν,
3052 5489 3148 5545 τοῦ
3172 5484 3308 5542 εἷναί
3345 5500 3403 5537 σε
3443 5482 3523 5544 είς
3563 5495 3670 5577 ate-3

2094 5571 2288 5671 τηρίαν
2447 5595 2678 5666 ἑσχάτου
2707 5591 2808 5662 τῆς
2830 5591 2954 5661 γῆς.
2981 5585 3168 5647 Οὕτως
3192 5581 3340 5651 λέγει
3375 5577 3609 5671 Κύριοςἶ
3629 5571 3675 5671 ,ὀ

2098 5659 2564 5762 adlimam;on
2592 5684 2725 5748 Θεὸς
2763 5659 2998 5754 λισραῦλ
3035 5675 3325 5747 Ἀγιὰσατε
3361 5669 3453 5725 τὸν
3481 5659 3675 5737 φαυλί-
