4100 6440
415 420 549 477 1233

1440 424 1737 483 ECLOGA?
1775 430 2253 498 PROPiiETICA‘I.
2292 475 2362 485 —
2399 444 2528 501 LIB.
2570 446 2652 505 IV.

3530 457 3669 516 1254

413 540 574 604 ζοντα
599 539 697 611 τὴν
726 539 900 611 ψυχὴν
928 538 1113 605 αὐτοῦ,
1158 541 1700 619 τὺνοβδελυσσόμενον
1733 552 1837 607 ὑπὸ
1883 556 1985 612 τῶν

2093 564 2437 622 minantium.
2464 567 2637 639 Reges
2664 570 2922 627 videbunt
2942 574 3451 648 eumietcxsurgent
3464 580 3670 649 princi-

410 631 581 685 ἐθνῶν
607 632 715 685 τῶν
734 631 935 687 δούλων
961 632 1069 686 τῶν
1087 634 1638 706 ἁρχόντων.Βασιλεῖς
1654 643 1873 712 ὄψονται
1890 650 1985 702 αὐ-

408 722 521 784 τὸν,
555 723 651 777 καὶ
665 725 1059 797 ἀναστήσονται
1084 725 1363 797 ἄρχοντες,
1404 733 1497 786 καὶ
1521 740 1991 808 προσκυνήσουσιν

408 816 556 887 αὐτῷ
580 816 765 870 ἕνεκεν
794 819 1019 890 Κυρίου·
1046 822 1127 876 ὃτι
1154 826 1344 890 πιστός
1360 827 1509 881 ἐστιν
1531 829 1560 881 6
1582 827 1736 897 ἅγιος
1751 830 1986 904 Ἰσραὴλ,

406 906 500 962 καὶ
521 906 854 980 ἐξελεξάμην
880 926 961 965 σε.
988 914 1173 980 Οὕτως
1201 918 1346 987 λέγει
1365 919 1589 992 Κύριοςσ
1606 922 1800 994 Καιρῷ
1819 923 1989 996 δεκτῷ

406 1001 688 1072 ἐπήκουσά
710 1018 825 1066 σου,
861 1005 953 1058 καὶ
977 1007 1033 1060 ἐν
1058 1009 1242 1082 ἡμέρᾳ
1274 1012 1545 1084 σωτηρίας
1573 1013 1848 1085 ἐϐοήθησά
1881 1034 1987 1081 σοι,

406 1093 502 1147 καὶ
524 1093 739 1148 ἔπλασά
766 1111 848 1158 σε,
872 1098 966 1150 καὶ
990 1099 1168 1156 ἔδωκά
1200 1120 1259 1156 σε
1282 1107 1364 1168 είς
1400 1105 1666 1179 διαθήκην
1698 1107 1869 1163 ἐθνῶν
1892 1109 1989 1163 τοῦ

402 1188 745 1259 καταστῆσαι
770 1188 868 1260 τὴν
899 1193 1021 1265 γῆν,
1054 1194 1147 1248 καὶ
1185 1196 1591 1271 κληρονομῆσαι
1621 1200 1988 1274 κληρονομίας

403 1279 662 1350 ἐρήμους,
683 1282 906 1353 λέγοντα
922 1289 1033 1350 τοῖς
1048 1287 1105 1339 ἐν
1125 1287 1342 1359 δεσμοῖς
1360 1306 1374 1319 ο
1424 1290 1715 1359 Ἐξέλθετε,
1750 1295 1846 1347 καὶ
1877 1298 1990 1360 τοῖς

403 1371 461 1421 ὲν
486 1371 565 1443 τῷ
593 1375 792 1442 σκότει,
815 1377 1279 1450 ἀνακαλυφθῆναι,
1308 1380 1402 1434 καὶ
1414 1383 1472 1436 ἐν
1500 1382 1701 1447 πάσαις
1718 1389 1837 1449 ταῖς
1851 1386 1991 1450 ὁδοῖς

404 1460 870 1536 βοσκηθήσονται,
903 1469 1001 1522 καὶ
1027 1470 1087 1522 ἐν
1121 1470 1323 1535 πάσαις
1350 1475 1470 1537 ταῖς
1516 1474 1723 1546 τρίϐοις
1761 1480 1794 1548 ή
1850 1478 1989 1551 νομὴ

401 1554 611 1610 αὐτῶν·
646 1558 705 1611 οὐ
766 1560 1115 1616 πεινάσουσιν
1136 1602 1151 1627 ,
1192 1564 1312 1617 οὐδὲ
1350 1564 1688 1637 διψήσουσιν.
1716 1569 1837 1623 οὐδὲ
1884 1587 1992 1624 πα-

401 1644 551 1711 τάξει
601 1649 801 1714 αὐτοὺς
848 1651 1100 1717 καύσων,
1130 1653 1250 1708 οὐδὲ
1302 1655 1332 1708 ό
1365 1655 1546 1727 ἧλιος’
1587 1659 1701 1712 ἀλλ’
1743 1661 1773 1713 6
1822 1661 1990 1716 ἐλεῶν

401 1737 597 1803 αὐτοὺς
636 1743 1004 1814 παρακαλέσει
1052 1746 1270 1812 αὐτοὺς,
1326 1748 1421 1801 καὶ
1470 1749 1558 1804 διὰ
1617 1752 1809 1824 πηγῶν
1864 1753 1991 1808 ὑδά-

400 1848 507 1884 των
534 1831 652 1897 ἄξει
685 1834 900 1901 αὐτοὺς,
955 1837 1048 1891 καὶ
1095 1837 1247 1909 θήσω
1295 1841 1403 1893 πᾶν
1449 1841 1574 1912 ὅρος
1600 1844 1680 1906 εἰς
1706 1844 1845 1910 ὁδὸν,
1888 1845 1984 1899 καὶ

2090 670 2206 725 pes,
2220 663 2276 711 et
2297 659 2603 715 adorabunt
2620 676 2741 716 eum
2761 671 2984 734 propter
3005 663 3292 723 Dominum
3312 670 3473 739 ;quia
3494 669 3671 727 ﬁdelis

2088 752 2174 799 est
2209 743 2446 803 Sanetus
2483 750 2673 815 Israel,
2711 761 2765 807 et
2792 754 2930 825 elegi
2963 762 3036 811 te.
3064 755 3191 813 Haec
3211 756 3666 818 dicitDominus:

2088 834 2149 891 In
2181 847 2423 910 tempore
2436 841 2634 911 placito
2649 846 2899 901 exaudiri
2924 854 2998 913 te,
3023 855 3078 904 et
3097 849 3152 904 in
3181 849 3269 905 die
3290 852 3483 907 salutis
3516 855 3673 909 auxi-

2090 928 2255 984 Iiatus
2278 945 2398 984 sum
2425 932 2522 987 tibi
2542 952 2555 988 :
2576 941 2630 989 et
2649 935 2865 990 servavi
2888 945 2960 1001 te,
2985 945 3040 992 et
3062 938 3184 993 dedi
3216 939 3337 994 tein
3366 939 3548 997 lmdus
3577 957 3670 1012 po-

2091 1019 2224 1089 puli,
2252 1027 2310 1073 ut
2343 1022 2639 1079 suscitares
2662 1030 2884 1091 terram,
2909 1035 2963 1081 et
2990 1028 3303 1097 possideres
3322 1028 3669 1089 htereditates

2091 1110 2421 1180 dissipatas;
2450 1119 2509 1166 ut
2530 1113 2740 1171 diceres
2770 1116 2856 1171 his
2885 1118 2977 1188 qui
3000 1119 3168 1174 vincti
3195 1127 3365 1175 sunt:
3397 1120 3573 1187 Exite,
3615 1129 3670 1178 et

2093 1201 2179 1257 his
2201 1203 2297 1272 qui
2326 1203 2383 1257 in
2411 1205 2653 1261 tenebris
2687 1220 2702 1260 :
2732 1207 3085 1266 Revelamini.
3131 1209 3309 1283 Super
3330 1228 3520 1271 omnes
3546 1216 3668 1272 vias

2091 1303 2413 1366 pascentur,
2439 1303 2495 1352 et
2520 1296 2577 1351 in
2606 1298 2862 1354 omnibus
2885 1301 3062 1371 planis
3084 1317 3289 1372 pascua
3310 1319 3523 1361 eorum.
3545 1303 3665 1361 Non

2090 1401 2367 1467 esurient,
2408 1417 2587 1474 neque
2616 1403 2823 1470 sitient,
2866 1414 2920 1460 et
2948 1423 3054 1462 non
3089 1409 3356 1478 percutiet
3382 1426 3485 1467 eos
3501 1420 3667 1469 aestus

2090 1502 2145 1549 et
2172 1495 2255 1550 sol
2283 1513 2298 1550 :
2328 1495 2457 1565 quia
2483 1496 2778 1553 miserator
2814 1512 3001 1552 eorum
3036 1510 3183 1570 reget
3212 1518 3328 1568 eos,
3359 1513 3414 1560 et
3443 1504 3513 1559 ad
3547 1507 3672 1560 foti-

2089 1594 2172 1642 tes
2199 1601 2466 1657 aquarum
2498 1588 2711 1659 potabit
2740 1606 2858 1648 eos.
2895 1590 2962 1646 Et
2991 1606 3188 1662 ponam
3216 1610 3404 1651 omnes
3453 1606 3669 1655 montes

2088 1692 2241 1734 meos
2272 1678 2329 1734 in
2357 1679 2524 1746 viam,
2551 1691 2605 1736 et
2635 1695 2855 1737 omnem
2893 1685 3143 1740 semitam
3174 1687 3254 1742 eis
3279 1688 3333 1742 in
3368 1703 3568 1760 pascua
3589 1692 3663 1747 ¹.ι

2092 1767 2405 1826 Verisimile
2436 1778 2522 1827 est
2554 1772 2767 1841 opinari
2813 1771 3073 1832 Hebraeos
3103 1777 3209 1832 sibi
3251 1777 3416 1845 hujus
3433 1780 3669 1850 prophe‘

2092 1859 2183 1914 tiae
2205 1859 2371 1915 verba
2421 1860 2553 1926 dici,
2605 1862 2816 1919 scilicet
2852 1881 2867 1920 :
2911 1883 2929 1916 ι
2968 1864 3036 1919 Ει
3073 1866 3210 1921 dixit
3243 1868 3380 1922 mihi
3412 1887 3427 1925 :
3466 1867 3670 1927 Servus

401 1926 581 1978 πᾶσαν
628 1926 808 1998 τρίϐον
869 1930 948 1994 εἰς
1013 1929 1265 2001 βόσκημα
1327 1933 1526 1997 αὐτοῖς·
1585 1954 1603 1986 ³
1647 1935 1810 2001 Εἰκὸς
1862 1938 1985 2001 τοὺς

2090 1963 2246 2005 meus
2269 1963 2330 2004 es
2363 1957 2451 2014 tu,
2476 1950 2669 2017 Israel,
2701 1962 2755 2007 et
2796 1952 2855 2008 in
2903 1960 2959 2010 te
3012 1956 3308 2026 gloriabor.
3348 1978 3377 2013 ι.
3402 1958 3523 2015 Non
3552 1962 3670 2018 istis

401 2018 466 2070 ἐκ
499 2021 800 2091 περιτομῆς
842 2021 1051 2075 οἴεσθαι
1097 2024 1225 2097 περὶ
1262 2024 1472 2078 ἑαυτῶν
1519 2026 1769 2098 εἰρῆσθαι
1808 2028 1877 2082 τὰ
1927 2031 1985 2084 ἐν

399 2112 467 2182 τῇ
506 2114 813 2184 προφητεία
836 2154 851 2178 ,
888 2115 1120 2186 ἐπείπερ
1164 2115 1446 2170 λέλεκται·
1497 2136 1515 2169 ι
1549 2120 1658 2172 Καὶ
1699 2115 1821 2173 εἶπέ
1861 2137 1984 2191 μοι’

400 2200 596 2265 Δοῦλός
634 2220 737 2273 μου
778 2200 829 2258 εἶ
861 2206 950 2272 σὺ,
990 2206 1228 2279 Ἰσραὴλ,
1269 2208 1361 2262 καὶ
1397 2209 1456 2263 ἐν
1495 2211 1577 2263 σοὶ
1608 2210 1990 2285 ἐνδοξασθήσο-

404 2310 536 2363 μαι·
567 2314 584 2346 ι
617 2296 755 2367 πρὸς
783 2297 839 2350 δὲ
874 2296 952 2368 τῷ
1001 2298 1075 2370 μὴ
1119 2298 1383 2371 ἁρμόζειν
1411 2300 1492 2372 (f.
1519 2300 1627 2373 54)
1669 2302 1855 2365 αὐτοῖς
1887 2302 1988 2367 τὰς

399 2382 573 2449 λέξεις
605 2386 791 2456 σαφῶς
826 2387 1209 2444 ἀποδείκνυται
1241 2391 1336 2445 καὶ
1357 2392 1465 2445 ἀπὸ
1493 2391 1599 2446 τῶν
1631 2392 1779 2464 ἑξῆς,
1812 2393 1893 2446 ὅτι
1922 2393 1986 2466 δὴ

400 2476 530 2547 περ)⁵
574 2477 764 2549 ἐτέρου
836 2477 1052 2551 Ἰσραὴλ
1108 2479 1177 2533 τὰ
1226 2480 1496 2553 λεγόμενα
1548 2482 1983 2555 προφητεύεταιθ

398 2566 710 2638 γέγραπται
761 2568 901 2640 γάρ·
951 2587 970 2620 ι
1016 2570 1125 2624 Καὶ
1159 2571 1255 2626 νῦν
1305 2572 1479 2638 οὕτως
1511 2572 1659 2643 λέγει
1707 2574 1914 2647 Κύριος
1959 2577 1989 2629 6

400 2657 616 2723 πλάσας
652 2678 719 2731 με
749 2661 814 2715 ἐκ
844 2661 1054 2727 κοιλίας
1081 2662 1265 2720 δοῦλον
1298 2665 1477 2738 ἑαυτῷ
1516 2666 1612 2720 τοῦ
1661 2671 1986 2737 συναγαγεῖν

398 2748 490 2803 τὸν
525 2748 719 2804 Ἰακὼὸ
758 2754 853 2808 καὶ
882 2752 973 2808 τὸν
1013 2755 1231 2826 Ἰσραὴλ
1268 2756 1405 2828 πρὸς
1443 2757 1605 2812 αὐτόν
1626 2774 1641 2789 ’
1678 2758 1774 2812 καὶ
1825 2758 1987 2814 πάλιν

399 2839 522 2898 εἶπέ
555 2863 674 2916 μοι·
705 2848 866 2917 Μέγα
902 2849 984 2904 σοί
1007 2852 1154 2905 ἐστιν
1179 2852 1239 2905 τὸ
1266 2851 1532 2924 κληθῆναί
1573 2871 1632 2907 σε
1665 2855 1834 2910 παῖδά
1859 2873 1984 2926 μου,

396 2936 492 2991 τοῦ
528 2938 726 3009 στῆσαι
751 2940 850 3006 τὰς
880 2941 1054 3012 φυλὰς
1079 2942 1174 2996 τοῦ
1208 2943 1402 2998 Ἰακὼὸ
1436 2946 1530 2999 καὶ
1558 2947 1659 3011 τὰς
1685 2946 1987 3020 διασπορὰς

397 3028 495 3082 τοῦ
525 3031 741 3103 Ἰσραὴλ
756 3034 1134 3106 ἐπιστρέψαι.»
1169 3035 1329 3090 Ἀλλὰ
1353 3037 1447 3090 καὶ
1464 3037 1546 3090 τό·
1570 3055 1590 3089 ι
1612 3038 1744 3092 Ἰδοὺ
1769 3038 1989 3094 τέθεικά

403 3139 462 3175 σε
515 3125 597 3187 είς
644 3124 762 3196 φῶς
791 3126 983 3193 ἐθνῶν,
1029 3127 1122 3181 τοῦ
1166 3123 1306 3183 εἷναί
1352 3146 1412 3182 σε
1446 3131 1526 3194 εἰς
1575 3132 1852 3204 σωτηρίαν
1883 3133 1988 3198 ἕως

399 3215 630 3286 ἐσχάτου
677 3219 777 3290 τῆς
810 3219 935 3291 γῆς,
967 3239 987 3273 ι
1038 3220 1341 3292 παράδοξόν
1372 3239 1491 3277 τινα
1539 3222 1635 3277 καὶ
1676 3222 1989 3296 θαυμαστὸν

2089 2053 2219 2094 vero
2246 2039 2364 2095 hac
2388 2043 2685 2099 convenire
2704 2043 3085 2102 demonstrant
3113 2063 3235 2119 qua:
3258 2060 3587 2121 sequuntur,
3618 2064 3673 2108 et

2088 2129 2156 2184 ad
2187 2130 2355 2185 alium
2381 2133 2550 2188 Israel
2586 2142 2870 2204 spectare;
2898 2124 3171 2206 ’scriptum
3201 2146 3286 2194 est
3314 2138 3461 2194 enim
3492 2157 3507 2195 :
3546 2157 3566 2190 ι
3605 2139 3673 2195 Et

2089 2237 2238 2278 nunc
2268 2223 2350 2278 sic
2372 2224 2505 2279 dicit
2537 2224 2822 2293 Dominus,
2877 2228 3123 2285 formans
3154 2244 3239 2285 me
3270 2246 3338 2285 ex
3368 2238 3525 2287 utero
3549 2247 3671 2288 ser-

2089 2332 2215 2371 vum
2242 2315 2374 2382 sibi,
2408 2325 2470 2371 ut
2491 2317 2747 2374 reducam
2784 2316 2953 2375 Jacob
2978 2318 3048 2373 ad
3076 2334 3222 2381 eum,
3275 2327 3330 2376 et
3372 2320 3563 2377 Israel.
3600 2319 3670 2377 Et

2087 2422 2283 2462 rursus
2313 2407 2451 2463 dixit
2481 2408 2650 2463 mihi:
2687 2408 2942 2481 Magnum
2987 2411 3085 2465 tibi
3138 2418 3222 2467 est
3270 2413 3459 2468 vocari
3494 2412 3667 2468 ﬁlium

2088 2516 2293 2567 meum,
2329 2501 2399 2556 ad
2432 2501 2780 2558 suscitandas
2803 2503 2980 2559 tribus
3000 2501 3191 2569 Jacob,
3233 2514 3287 2561 et
3315 2504 3475 2561 faeces
3502 2503 3673 2560 Israel

2087 2607 2510 2663 convertendas.
2550 2626 2569 2660 ι
2603 2606 2713 2663 Sed
2742 2615 2796 2665 et
2824 2609 2956 2665 illud
2984 2628 2998 2664 :
3035 2629 3055 2662 ι
3088 2609 3227 2666 Ecce
3254 2609 3378 2667 dedi
3409 2617 3462 2667 te
3499 2610 3553 2665 in
3585 2612 3674 2666 lu-

2087 2712 2206 2754 cem
2235 2699 2500 2770 gentium,
2535 2706 2595 2753 ut
2624 2699 2704 2755 sis
2731 2700 2880 2755 salus
2912 2715 3033 2755 mea
3068 2716 3243 2771 usque
3271 2701 3339 2755 ad
3365 2709 3670 2757 extremum

2086 2798 2268 2856 terrae,
2305 2809 2324 2842 ι
2355 2790 2726 2847 admirabilem
2755 2792 3051 2862 quemdam
3074 2801 3129 2847 et
3152 2791 3523 2863 prodigiosum
3555 2790 3679 2848 fore“

2088 2882 2428 2937 demonstrat
2459 2897 2582 2937 eum
2612 2883 2683 2938 de
2713 2899 2822 2954 quo
2864 2898 3046 2939 sermo
3092 2883 3342 2939 habetur.
3393 2883 3529 2951 Quis
3574 2901 3673 2939 au-

2089 2981 2195 3029 tem
2231 2973 2322 3029 hic
2347 2980 2516 3039 esset,
2543 2975 2648 3030 nisi
2670 2973 2934 3030 Dominus
2964 2982 3153 3030 noster
3178 2973 3342 3030 Jesus
3371 2974 3628 3032 Christus
3652 3017 3667 3040 ,

2088 3066 2184 3137 qui
2211 3065 2325 3137 jam
2359 3067 2514 3137 prius
2546 3068 2603 3122 in
2628 3067 2697 3123 iis
2723 3083 2844 3138 qua:
2871 3083 3038 3139 supra
3082 3068 3251 3122 relata
3286 3076 3454 3134 sunt,
3501 3068 3671 3125 Iacob

2089 3166 2146 3214 et
2181 3159 2350 3215 Israel
2373 3158 2760 3216 manifestatus
2815 3169 2898 3216 est
2949 3160 3138 3217 dicens
3186 3179 3199 3215 :
3251 3180 3270 3212 ι
3306 3160 3495 3232 Iacob;
3537 3176 3674 3232 puer

2089 3266 2267 3317 meus,
2297 3252 2597 3323 suscipiam
2647 3267 2808 3320 eum,
2865 3259 2920 3307 et
2964 3253 3135 3309 Israel
3211 3253 3418 3309 electus
3467 3266 3673 3308 meus:

401 3308 690 3379 ὑποφαίνει
724 3312 813 3365 τὸν
846 3314 972 3384 περὶ
1001 3305 1062 3366 οὗ
1095 3315 1123 3366 6
1147 3313 1325 3383 λόγος.
1343 3315 1439 3379 Τίς
1467 3315 1511 3368 δ’
1540 3315 1606 3371 ἂν
1638 3309 1795 3381 οὗτος
1822 3318 1906 3389 εῐη
1943 3318 1976 3390 ἢ

2088 3344 2334 3414 suscepit
2362 3358 2488 3399 eum
2543 3345 2723 3401 anima
2783 3343 2943 3401 mea?
2975 3364 2995 3398 ι
3058 3343 3161 3400 Hic
3196 3344 3343 3400 enim
3388 3354 3474 3401 est
3523 3344 3676 3401 solus

398 3401 429 3453 6
455 3400 660 3473 Κύριος
695 3403 850 3473 ἡμῶν
883 3406 1089 3474 Ἰησοῦς
1115 3408 1369 3478 Χριστὸς,
1397 3410 1425 3461 6
1454 3409 1548 3462 καὶ
1585 3409 1688 3481 ήδη
1713 3408 1980 3481 πρότερον

401 3493 460 3545 ἐν
486 3496 597 3552 τοῖς
623 3494 882 3565 ἀνωτέρω
926 3495 1119 3549 Ἰακὼὸ
1142 3499 1491 3568 χρηματίσας
1523 3499 1619 3553 καὶ
1650 3500 1867 3572 Ἰσραὴλ
1896 3498 1986 3553 διὰ

335 3651 341 3658 _
399 3584 517 3637 τοῦ·
543 3603 562 3636 ι
587 3584 780 3639 Ἰακὼϐ
804 3589 832 3639 ὁ
853 3590 981 3651 παῖς
1011 3605 1133 3659 μου,
1157 3589 1519 3662 ἁντιλήψομαι
1552 3591 1742 3657 αὐτοῦ,
1770 3589 1988 3663 Ἰσραὴλ

399 3679 430 3731 6
462 3678 715 3743 ἐκλεκτός
749 3697 849 3751 μου
870 3720 886 3745 ,
932 3681 1292 3753 προσεδέξατο
1324 3683 1485 3736 αὐτὸν
1530 3685 1563 3755 ἡ
1603 3682 1750 3756 ψυχή
1792 3700 1928 3756 μου;
1960 3704 1979 3737 ι

402 3764 571 3835 Οὗτος
593 3772 701 3844 γάρ
751 3773 899 3827 ἐστιν
929 3775 959 3827 6
1013 3773 1172 3845 μόνος
1216 3776 1339 3828 κατ’
1367 3773 1627 3847 ἀλήθειαν
1668 3775 1813 3846 ὁρῶν
1851 3774 1983 3829 Θεὸν

400 3861 492 3915 τὸν
522 3863 760 3935 Πατέρα,
804 3864 1017 3937 Ἰσραὴλ
1056 3866 1157 3937 μέν
1195 3867 1614 3938 ὀνομαζόμενος,
1643 3869 1781 3941 ὅπερ
1809 3869 1987 3940 ἑρμη-

402 3948 612 4004 νεύεται
645 3971 663 4001 ι
689 3951 834 4024 ὀρῶν
872 3954 964 4008 τὸν
1003 3953 1157 4019 Θεὸν,
1186 3976 1206 4008 ι
1235 3956 1355 4010 κατ’
1389 3958 1632 4011 ἐπίνοιαν
1682 3957 1847 4012 αὐτοῦ
1882 3958 1983 4029 τῆς

401 4040 654 4114 θεότητος
673 4060 686 4074 ·
716 4043 913 4099 Ἰακὼϐ
937 4045 1017 4112 δὲ,
1035 4048 1171 4120 ὅπερ
1195 4048 1313 4102 ἐστὶ
1345 4067 1365 4100 ι
1393 4050 1740 4123 πτερνιστὴς,
1768 4070 1789 4102 ι
1813 4050 1934 4105 καθ’
1955 4050 1985 4104 ὃ

401 4134 721 4207 ἐνανθρωπή
730 4154 829 4201 σας
846 4138 1260 4209 κατηγωνίσατο
1283 4141 1461 4205 πάσας
1482 4142 1582 4207 τὰς
1603 4142 1984 4215 ἀντικειμένας

400 4228 677 4301 δυνάμεις.
712 4230 857 4303 Ὅρα
909 4231 967 4284 δέ
1017 4235 1066 4287 εί
1108 4234 1185 4305 μὴ
1241 4233 1559 4305 συνᾴδουσιν
1616 4235 1875 4307 ἀλλήλαις
1926 4238 1986 4291 αῖ

400 4324 726 4393 περικοπαὶ,
758 4325 792 4395 ἦ
825 4342 885 4378 τε
921 4326 1060 4396 μετὰ
1087 4329 1305 4398 χεῖρας,
1340 4327 1433 4380 καὶ⁵
1476 4329 1535 4381 ἐν
1576 4322 1611 4403 ᾖ
1647 4328 1864 4398 ἐλέγετο
1889 4328 1983 4393 τὸ,

407 4434 426 4466 ι
449 4414 641 4469 Ἰακὼὸ
663 4418 692 4469 ὁ
720 4420 849 4482 παῖς
873 4434 974 4489 μου
995 4438 1014 4470 ι
1040 4422 1119 4484 εἰς
1145 4421 1239 4476 τὸν
1265 4421 1496 4492 Χριστὸν
1546 4421 1984 4495 ἀναφερόμενον

399 4505 474 4571 ὡς
505 4507 616 4579 γάρ
657 4524 738 4562 τοι
785 4510 903 4562 ἐκεῖ
927 4510 989 4563 τὸ
1025 4529 1043 4562 ι
1089 4512 1283 4566 Ἰακὼὸ
1318 4514 1349 4567 ὁ
1398 4515 1529 4577 παῖς
1565 4530 1669 4585 μου
1691 4532 1710 4566 ι
1750 4514 1986 4585 εἴρηται,

398 4597 572 4663 οὕτως
630 4599 820 4655 ἐνθάδε
868 4602 931 4656 τὸ
967 4621 987 4655 ι
1022 4604 1167 4674 μέγα
1205 4604 1288 4659 σοί
1331 4605 1446 4659 ἐστι
1487 4605 1582 4659 τοῦ
1621 4604 1885 4678 κληθῆναί
1927 4623 1989 4659 σε

2089 3450 2220 3491 vere
2245 3435 2438 3491 videns
2469 3434 2639 3491 Deum
2674 3434 2890 3492 Patrem
2912 3475 2929 3501 ,
2972 3436 3143 3492 Israel
3168 3437 3388 3507 quidem
3422 3437 3675 3490 nominas

2089 3534 2199 3592 tus,
2223 3525 2371 3598 quod
2406 3526 2799 3597 interpretatur
2826 3525 3005 3581 videns
3039 3526 3205 3581 Deum
3224 3568 3238 3593 ,
3281 3527 3438 3598 juxta
3467 3527 3673 3582 divini-

2088 3634 2216 3689 tatis
2246 3647 2618 3689 suae-sensum
2645 3651 2661 3702 ;
2691 3631 2864 3688 Iacob
2905 3641 3109 3699 autem,
3168 3633 3222 3688 id
3256 3641 3341 3689 est
3397 3634 3629 3688 luctator
3654 3674 3670 3697 ,

2086 3726 2345 3796 quoniam
2389 3725 2711 3783 incarnatus
2760 3741 2952 3782 omnes
2983 3726 3328 3781 adversarias
3380 3725 3672 3782 debellavit

2085 3825 2404 3889 potestates.
2435 3816 2672 3873 Attende
2710 3816 2855 3874 enim
2888 3816 3164 3888 quomodo
3191 3817 3542 3873 consentiant
3587 3817 3673 3872 in-

2086 3922 2170 3969 ter
2200 3928 2260 3968 se
2292 3915 2628 3984 prophetiae;
2662 3914 2778 3970 haec
2807 3914 3050 3986 quidem,
3083 3915 3152 3970 de
3181 3931 3288 3986 qua
3309 3932 3455 3971 nunc
3489 3931 3676 3972 sermo

2086 4009 2336 4074 habetur,
2360 4011 2486 4064 etin
2515 4024 2623 4080 qua
2645 4010 2847 4064 dicitur
2871 4010 3025 4074 illud,
3052 4030 3069 4061 ι
3093 4008 3262 4066 Jacob
3284 4011 3430 4068 tilius
3458 4027 3667 4079 meus"

2084 4105 2229 4179 quod
2258 4105 2325 4161 ad
2352 4105 2633 4161 Christum
2667 4115 2912 4176 spectat;
2948 4107 3092 4161 sicut
3120 4109 3265 4163 enim
3296 4107 3409 4164 illic
3454 4128 3473 4161 ι
3500 4107 3678 4164 Jacob

2085 4213 2220 4270 puer
2247 4212 2402 4254 meus
2438 4216 2459 4251 υ
2487 4198 2709 4265 dicitur,
2740 4198 2814 4252 ita
2841 4199 2932 4255 hic
2974 4218 2994 4253 ι
3030 4198 3284 4272 Magnum
3315 4201 3412 4256 tibi
3454 4208 3539 4256 est
3568 4215 3668 4256 vo-

2088 4290 2205 4345 cari
2234 4296 2287 4345 te
2319 4289 2488 4345 tilium
2520 4305 2701 4345 meum
2725 4306 2741 4353 ;
2766 4309 2785 4342 ι
2807 4297 2862 4345 et
2881 4289 3026 4345 sicut
3055 4290 3187 4355 illic,
3221 4311 3238 4342 ι
3269 4289 3436 4347 Israel
3463 4291 3674 4347 electus

2087 4398 2245 4438 meus
2280 4404 2297 4434 ι
2337 4381 2560 4449 dicitur,
2589 4381 2664 4437 ita
2696 4382 2806 4447 hic,
2835 4400 2855 4435 ι
2904 4382 3032 4454 quia
3081 4382 3257 4440 ﬁdelis
3306 4394 3391 4440 est
3447 4391 3691 4441 sanctus.

2090 4475 2278 4542 Israel,
2310 4482 2366 4533 et
2397 4476 2535 4548 elegi
2561 4482 2638 4532 te.
2679 4497 2699 4528 ι
2733 4473 3061 4547 Rursusque
3087 4476 3199 4532 illic
3231 4477 3436 4533 dicitur
3456 4494 3472 4533 :
3495 4496 3515 4530 ι
3541 4475 3675 4534 Dedi

2092 4592 2148 4641 te
2173 4584 2229 4639 in
2253 4591 2639 4642 testamentum
2667 4584 2905 4654 generis,
2957 4584 3016 4640 in
3051 4585 3234 4641 lumen
3282 4586 3525 4658 gentium
3550 4625 3566 4650 ,
3614 4591 3678 4641 ut

401 4690 566 4744 παῖδά
587 4708 687 4762 μου
706 4708 719 4721 °
735 4712 755 4744 ι
780 4693 873 4746 καὶ
895 4691 971 4757 ὡς
998 4695 1116 4749 ἐκεῖ
1128 4696 1208 4763 τὸ,
1232 4715 1251 4749 ι
1274 4697 1491 4771 Ἰσραὴλ
1509 4701 1538 4751 6
1557 4674 1809 4764 ἐκλεκτός
1837 4717 1937 4771 μου
1960 4719 1981 4752 ι

2091 4677 2335 4748 aperires
2360 4676 2551 4733 oculos
2583 4690 2855 4732 caecorum
2878 4716 2894 4740 ,
2947 4683 3002 4732 et
3033 4677 3298 4733 educeres
3348 4676 3413 4731 de
3446 4674 3677 4743 conclug

399 4781 670 4847 λέλεκται,
697 4782 868 4849 οὕτως
893 4784 1079 4840 ἐνθάδε
1100 4787 1183 4853 τὸ,
1213 4807 1231 4840 ι
1251 4789 1333 4844 ὅτι
1372 4791 1562 4854 πιστός
1595 4794 1744 4846 ἐστιν
1771 4794 1800 4846 ό
1830 4792 1985 4862 διγιος

414 4874 649 4944 Ἰσραὴλ,
675 4878 767 4928 καὶ
803 4874 1133 4948 ἐξελεξάμην
1163 4894 1243 4931 σε.
1284 4899 1303 4932 ι
1337 4880 1507 4936 Πάλιν
1534 4898 1597 4934 τε
1630 4876 1698 4936 αὖ
1739 4884 1858 4937 ἐκεῖ
1887 4882 1985 4954 μὲν

400 4966 637 5037 εἴρηταιο
676 4987 696 5019 ι
719 4967 938 5022 Ἐδωκά
964 4985 1023 5024 σε
1074 4971 1154 5033 εἰς
1195 4970 1460 5045 διαθήκην
1487 4973 1698 5043 γένους,
1730 4976 1812 5039 είς
1869 4973 1986 5043 φῶς

399 5056 603 5123 ἐθνῶν,
657 5056 864 5123 ἀνοῖξαι
924 5059 1236 5133 ὀφθαλμοὺς
1276 5063 1526 5134 τυφλῶν,
1581 5066 1871 5137 ἐξαγαγεῖν
1919 5067 1986 5121 ἐκ

398 5148 614 5221 δεσμῶν
635 5151 973 5223 δεδεμένους,
997 5153 1093 5205 καὶ
1114 5154 1173 5221 ἐξ
1193 5154 1344 5209 οἴκου
1363 5156 1613 5229 φυλακῆς
1634 5158 1978 5231 καθημένους

400 5237 459 5289 ἐν
494 5238 710 5292 σκότει-
751 5260 770 5292 ι
796 5241 854 5293 ἐν
874 5240 933 5293 δέ
962 5244 1030 5313 τῇ
1066 5243 1205 5314 μετὰ
1225 5248 1432 5319 χεῖρας·
1464 5267 1484 5301 ι
1520 5249 1651 5304 Ἰδοὺ
1678 5248 1898 5304 τέθεικά
1923 5265 1983 5303 σε

404 5329 485 5393 εἰς
511 5330 629 5400 φῶς
656 5332 849 5401 ἐθνῶν,
881 5335 976 5390 τοῦ
1004 5342 1346 5412 καταστῆσαι
1374 5342 1474 5416 τὴν
1507 5344 1631 5415 γῆν,
1668 5345 1763 5398 καὶ
1785 5344 1984 5415 κληρο-

400 5421 639 5494 νομῆσαι
708 5425 1073 5501 κληρονομίαν
1131 5433 1339 5507 ἐρήμου
1373 5476 1388 5500 ,
1450 5434 1681 5505 λέγοντα
1739 5439 1854 5502 τοῖς
1925 5440 1985 5492 ἐν

400 5514 619 5587 δεσμοῖς
641 5533 656 5548 ο
700 5518 973 5585 Ἐξέλθετε
993 5561 1009 5586 ,
1060 5524 1154 5577 καὶ
1185 5527 1298 5588 τοῖς
1345 5527 1403 5580 ὲν
1446 5526 1527 5599 τῷ
1554 5529 1734 5583 σκότει
1767 5545 1783 5561 ·
1828 5531 1983 5585 Ἀνα-

403 5606 733 5680 καλύφθητε.
784 5629 804 5663 ι
854 5612 978 5667 ’Ότι
1025 5614 1124 5686 μὲν
1176 5613 1270 5670 οὖν
1324 5616 1501 5671 οὐδενὶ
1550 5619 1695 5692 ἄλλῳ
1745 5620 1778 5692 ἢ
1835 5622 1980 5694 μόνῳ

401 5700 479 5773 τῷ
512 5703 723 5775 Σωτῆρι
757 5705 915 5776 ήμῶν
953 5707 1187 5780 ἁρμόζει
1234 5710 1310 5767 τὰ,
1333 5712 1391 5764 ἐν
1429 5715 1547 5776 ταῖς
1590 5714 1978 5785 προκειμέναις

477 5882 638 5939 ‘lsai.
665 5899 810 5953 tux,
846 5886 994 5943 I~II.

2097 4770 2253 4827 sione
2278 4769 2518 4835 vinctos,
2569 4766 2640 4824 de
2687 4766 2853 4824 domo
2885 4769 3131 4824 carceris
3161 4769 3413 4824 sedentes
3443 4767 3497 4823 in
3525 4775 3676 4824 tene-

2090 4864 2242 4930 bris;
2279 4881 2299 4917 »
2335 4862 2389 4917 in
2414 4872 2684 4933 praesente
2723 4876 2856 4917 vero
2883 4860 3170 4932 prophetia
3203 4876 3217 4913 :
3248 4877 3267 4909 ι
3299 4858 3442 4915 Ecce
3468 4858 3595 4914 dedi
3623 4867 3677 4915 te

2091 4958 2148 5013 in
2180 4958 2356 5012 lucem
2375 4955 2643 5028 gentium,
2672 4962 2732 5009 ut
2765 4955 3065 5012 suscitares
3090 4961 3316 5018 terram,
3341 4960 3396 5008 et
3424 4951 3676 5023 posside-

2093 5065 2181 5106 res
2213 5047 2558 5104 haereditates
2584 5047 2916 5119 dissipatas;
2952 5053 3011 5100 ut
3036 5046 3248 5101 diceres
3272 5045 3361 5102 his
3381 5045 3476 5115 qui
3503 5044 3673 5112 vincti

2088 5152 2217 5204 sunt
2249 5163 2262 5198 :
2299 5140 2481 5204 Exite,
2511 5146 2566 5196 et
2597 5139 2683 5195 his
2714 5139 2806 5210 qui
2839 5138 2895 5193 in
2926 5137 3169 5193 tenebris
3196 5155 3210 5192 :
3248 5136 3606 5193 Revelamini.
3648 5157 3667 5191 ι

2091 5250 2247 5321 Quod
2283 5248 2504 5321 quidem
2562 5246 2699 5302 nulli
2745 5245 2957 5300 alii‘ac
3015 5244 3118 5301 soli
3155 5242 3426 5300 Salvatori
3479 5249 3695 5300 nostro.

2092 5343 2426 5402 conveniunt
2452 5341 2557 5395 illa:
2607 5335 2926 5409 praphetite,
2958 5335 3311 5393 manifestum
3352 5337 3445 5392 ﬁet
3484 5337 3674 5392 multi-

2092 5438 2273 5495 tudini
2300 5434 2539 5507 gentium
2569 5446 2691 5503 quae
2720 5432 2776 5485 in
2805 5445 2930 5486 eum
2981 5439 3146 5501 atque
3189 5445 3286 5501 per
3307 5445 3433 5485 eum
3462 5429 3520 5485 in
3551 5443 3673 5485 om-

2058 5586 2063 5591 .
2089 5533 2240 5589 nium
2263 5529 2433 5585 Deum
2458 5535 2834 5597 speraverant,
2852 5523 3054 5594 quibus
3080 5538 3111 5576 a
3141 5521 3305 5578 Patre
3335 5521 3672 5580 constitutus

2090 5629 2178 5678 est
2207 5622 2264 5676 in
2298 5621 2502 5676 lumen.
2538 5616 2627 5671 Ait
2647 5617 2834 5688 igitur,
2865 5635 2882 5665 ι
2922 5624 2981 5669 ιιι
3012 5615 3312 5671 suscitares
3358 5622 3562 5670 terram
3588 5652 3605 5678 ,
3644 5631 3665 5667 ι

2092 5716 2306 5772 scilicet
2331 5714 2401 5770 ad
2430 5712 2664 5769 animam
2696 5710 2850 5781 prius
2875 5708 3112 5763 tumultu
3144 5715 3199 5765 et.
3231 5708 3471 5779 procella
3498 5708 3675 5778 agita-
