4100 6424
435 409 577 465 12⁵55

1091 404 1358 461 EUSEBII
1395 405 1870 464 CESARIENSIS
1909 405 2059 463 OPP.
2099 406 2279 462 PARS
2321 407 2408 464 lll.
2447 438 2516 448 —
2557 408 2964 464 EXEGETICA.

3543 405 3683 462 1256

433 528 544 573 tam
563 519 617 573 in
652 533 838 589 pacem
858 525 910 572 et
939 517 1382 587 tranquillitatem
1406 518 1798 584 reducendam;
1831 519 1925 574 sed
1956 529 1995 573 el

2113 521 2506 591 προφητείαις,
2569 522 2726 592 δῆλον
2795 522 2945 575 ἔσται
3015 524 3125 586 τοῖς
3182 523 3536 593 ἐτιστήσασιν
3603 523 3683 594 τῷ

437 630 457 664 ι
493 619 552 665 ιιι
587 610 894 680 possideres
937 608 1280 664 hereditates
1309 607 1603 678 dissipatas
1628 650 1644 674 ,
1707 629 1726 661 ι
1763 613 2005 680 gentium

2112 610 2305 680 πλήθει
2346 610 2454 664 τῶν
2501 614 2580 674 εἰς
2625 611 2786 664 αὑτὸν
2832 612 2925 665 καὶ
2973 612 3039 665 δι’
3093 611 3255 666 αὑτοῦ
3309 614 3404 665 ἐπὶ
3441 615 3529 666 τὸν
3571 614 3682 666 τῶν

430 703 680 757 videlicet
713 701 1043 768 Ecclesiam;
1075 717 1236 772 quam
1269 709 1395 756 ante
1423 702 1612 771 'ipsius
1671 704 1995 758 incarnatio-

2107 701 2242 755 ὅλων
2275 702 2407 755 Θεὸν
2458 702 2765 772 ἡλπικότων
2818 702 3018 768 ἐθνῶν,
3053 697 3134 768 οἷς
3165 704 3268 757 ὑπὸ
3318 703 3412 756 τοῦ
3468 705 3682 775 Πατρὸς

431 811 555 848 nem
586 795 878 856 desertam,
909 794 1066 864 quasi
1102 793 1472 848 lmreditatem
1525 794 1736 864 accepit
1787 796 1856 849 ab
1912 796 2006 850 illo

429 885 523 953 qui
546 884 682 938 dixit
706 887 753 940 ei
781 904 793 939 :
833 903 850 935 ι
883 883 1010 939 Pete
1048 899 1078 937 a
1111 899 1218 948 me,
1243 892 1297 938 et
1328 885 1469 939 dabo
1492 885 1587 938 tibi
1619 894 1808 954 gentes
1833 886 2006 942 hatre-

430 977 654 1032 ditatem
685 985 831 1031 tuam
866 978 904 1032 ί.
937 999 956 1030 ι
992 977 1092 1031 Hic
1121 985 1303 1033 autem
1351 979 1508 1046 juxta
1550 979 1887 1049 prophetiam
1939 980 2006 1036 de

430 1088 490 1128 se
517 1072 657 1140 ipso,
683 1086 778 1126 eos
809 1072 903 1140 qui
930 1071 985 1125 in
1018 1072 1255 1128 vinculis
1279 1080 1456 1138 erant,
1483 1073 1633 1128 exire
1653 1074 1839 1142 jussit.
1863 1072 2006 1130 Sane

429 1163 573 1216 enim
608 1160 836 1226 Lazaro,
866 1177 1026 1231 quem
1060 1163 1245 1218 fasciis
1272 1164 1383 1232 jam
1413 1163 1722 1218 redimitum
1761 1173 1918 1235 atque
1947 1167 2002 1220 in

429 1255 681 1324 sepulcro
711 1270 741 1308 a
771 1255 1066 1323 quatriduo
1107 1255 1414 1324 depositum
1446 1256 1697 1320 viderat,
1759 1265 1816 1310 ut
1867 1257 2004 1312 liber

426 1347 599 1404 exiret
626 1347 931 1418 imperavit,
961 1348 1187 1402 dicens:
1237 1366 1254 1398 ι
1294 1346 1518 1409 Lazare,
1554 1349 1677 1403 veni
1709 1349 1854 1404 foras
1888 1354 1929 1402 ³.
1977 1369 1996 1402 ι

424 1439 646 1495 Necnon
691 1440 905 1494 ratione
931 1439 1110 1509 aliqua
1160 1439 1228 1492 ad
1276 1439 1440 1493 ﬁliam
1474 1437 1805 1504 Abrahami,
1837 1457 1999 1510 quam

425 1533 831 1587 constrinxerat
867 1529 1102 1586 Satanas
1133 1530 1318 1586 decem
1347 1538 1400 1587 et
1437 1539 1560 1586 octo
1583 1547 1779 1596 annos,
1807 1549 1990 1603 quam-

423 1636 530 1689 que
565 1621 794 1690 pristiua
833 1619 1146 1675 inﬁrmitate
1173 1620 1455 1674 liberatam
1482 1659 1497 1684 ,
1544 1620 1870 1675 incolumem
1926 1623 2002 1677 di-

423 1711 594 1767 misit.
618 1710 908 1774 Caeterum,
934 1712 1136 1780 ubique
1168 1711 1234 1767 iis
1263 1713 1356 1781 qui
1385 1719 1733 1782 peccatorum
1765 1714 1999 1768 vinculis

422 1803 882 1872 impediebantur,
927 1803 1168 1872 priorum
1215 1819 1434 1859 suarum
1473 1805 1818 1874 iniquitatum
1864 1808 1997 1862 mis-

420 1896 631 1950 sionem
677 1894 971 1960 concessit,
1014 1903 1176 1965 prout
1215 1897 1366 1952 solus
1423 1906 1744 1967 potestatem
1791 1897 1997 1954 habens

419 1981 727 2037 dimittendi
756 1994 996 2053 peccata.
1041 1984 1250 2050 Quibus
1298 2002 1446 2041 nunc
1496 2003 1713 2057 quoque
1738 1969 1997 2042 “doctrina

419 2096 519 2135 sua
552 2081 781 2151 imperat
806 2089 885 2147 ut,
915 2083 1092 2152 ruptis
1117 2083 1393 2152 prioribus
1432 2083 1686 2148 vinculis,
1709 2084 1998 2154 egredian-

420 2183 528 2236 tur,
556 2174 852 2244 unicuique
886 2174 1145 2230 dictitans
1177 2194 1189 2228 :
1237 2195 1255 2226 ι
1299 2175 1440 2230 Ecce
1476 2191 1644 2231 sanus
1680 2174 1855 2230 factus
1884 2191 1945 2231 es
1981 2194 1993 2229 :

417 2265 524 2334 jam
555 2265 666 2318 noli
701 2281 930 2336 peccare
951 2266 994 2322 ³.
1047 2286 1065 2318 ι
1117 2266 1388 2322 Praeterea
1423 2283 1568 2321 nunc
1621 2267 1798 2322 adhuc
1843 2267 1997 2336 igno-

416 2355 616 2418 rantiae,
658 2363 712 2411 et
762 2357 984 2412 malitia:
1013 2357 1258 2414 tenebris
1293 2358 1604 2413 obscuratis
1650 2357 1892 2428 praecipit
1939 2366 1998 2412 ut

416 2449 746 2515 reveleutur,
777 2451 978 2519 quippe
1003 2449 1096 2519 qui
1120 2449 1360 2504 Verbum
1393 2449 1486 2504 Dei
1537 2459 1650 2515 est,
1695 2449 1997 2520 praecordia

414 2550 470 2595 et
492 2556 651 2597 renes
687 2542 992 2612 inquirens,
1023 2543 1314 2614 cordisque
1342 2543 1736 2614 cogitationum
1782 2551 1836 2598 et
1874 2560 1997 2599 sen-

414 2633 713 2687 teutiarum
739 2633 1048 2705 indagator.
1073 2631 1268 2690 Yerum
1304 2645 1362 2689 ut
1387 2651 1550 2705 quam
1581 2635 1904 2691 brevissime
1927 2633 1996 2690 iis

414 2727 820 2790 incumbamus,
849 2727 1212 2796 praecedentia
1241 2729 1406 2784 verba
1439 2729 1507 2784 iis
1532 2743 1652 2798 qua:
1684 2729 1752 2783 de
1777 2727 1996 2782 Christo

414 2822 560 2875 dicta
588 2827 718 2874 sunt.
742 2819 1220 2875 accommodantes
1244 2860 1258 2884 ,
1314 2831 1478 2890 atque
1511 2820 1581 2874 ab
1627 2820 1787 2874 initio
1839 2835 1996 2874 resu-

413 2918 646 2975 mentes,
677 2920 925 2967 nostram
965 2911 1034 2967 de
1065 2911 1172 2967 illis
1213 2911 1718 2981 interpretationem
1751 2908 1996 2980 profere-

412 3019 557 3058 nius.
589 3002 647 3056 ln
679 3002 864 3058 multis
890 3003 1058 3073 igitur
1078 3002 1523 3058 circumcisionis
1565 3002 1770 3072 populo
1811 3009 1996 3072 aperte

413 3093 827 3158 nianifestatus,
861 3108 984 3148 cum
1033 3093 1259 3148 nomine
1306 3093 1424 3147 sive
1470 3089 1643 3148 Jacob
1670 3135 1686 3159 ,
1747 3093 1862 3149 sive
1914 3091 1995 3149 ls-

413 3187 526 3242 rael
567 3196 817 3250 vocatur,
861 3185 916 3241 in
953 3186 1208 3257 praesenti
1239 3201 1348 3241 non
1391 3184 1456 3238 ad
1481 3201 1576 3241 eos
1621 3185 1993 3256 prophetizat,

412 3277 509 3332 sed
563 3278 772 3333 insulas
821 3284 877 3332 et
933 3285 1123 3348 gentes
1196 3275 1264 3331 ad
1317 3277 1585 3332 audienda
1642 3292 1762 3345 qua:
1812 3277 1994 3331 dictu-

411 3387 510 3426 rus
575 3377 662 3426 est
715 3379 1022 3438 convocat;
1087 3378 1279 3441 estque
1329 3369 1403 3425 ibi
1445 3369 1739 3440 promissio
1794 3369 1995 3425 Christi

411 3463 556 3522 dicta
580 3462 647 3518 de
674 3463 961 3519 vocatione
993 3463 1218 3518 omnino
1247 3463 1376 3517 olim
1416 3462 1739 3526 infidelium,
1767 3471 1929 3532 atque
1964 3477 2007 3540 a~

411 3553 614 3621 pietate
668 3554 721 3608 in
763 3553 932 3610 Deum
962 3553 1265 3612 alienarum
1306 3553 1574 3625 gentium,
1607 3569 1840 3624 quarum
1877 3555 1996 3609 alia:

411 3643 766 3699 nominantur
838 3643 1033 3700 insula:
1075 3687 1090 3709 ,
1173 3643 1368 3698 auium:
1429 3643 1640 3704 scilicet
1688 3659 1812 3714 qua:
1863 3645 1994 3699 olim

409 3737 648 3811 quodam
704 3739 867 3794 modo
910 3736 1200 3792 maritimis
1243 3736 1365 3792 vitae
1413 3737 1707 3808 procellis,
1749 3737 1996 3808 agitatis-

410 3847 518 3900 que
574 3830 879 3901 iniquitatis
919 3828 1176 3885 ﬂuctibus
1220 3829 1592 3898 jactabantur.
1632 3828 1772 3898 Quid
1813 3828 1880 3884 de
1927 3830 1995 3884 iis

410 3925 481 3978 sit
508 3923 917 3994 intelligendum
955 3923 1072 3993 ipse
1093 3938 1195 3977 nos
1225 3923 1384 3978 docet
1431 3921 1717 3989 Dominus,
1751 3923 1944 3978 dicens
1977 3942 1989 3976 :

416 4035 437 4064 ι
476 4013 551 4068 Ex
597 4023 754 4070 utero
785 4017 981 4070 matris
1025 4030 1160 4070 meae
1193 4016 1404 4070 vocavit
1453 4030 1653 4070 nomen
1705 4030 1919 4078 meum;
1969 4033 1987 4066 ι

408 4107 557 4177 quod
583 4114 640 4162 et
671 4115 860 4180 aperte
901 4106 970 4160 de
1030 4107 1256 4162 Christo
1278 4148 1291 4172 ,
1324 4107 1498 4183 ipsius
1530 4108 1675 4163 enim
1712 4117 1840 4163 sunt
1880 4107 1995 4162 haec

409 4199 598 4262 verba,
623 4213 744 4268 qua:
770 4213 840 4256 ex
859 4197 1136 4270 Evangelii
1175 4200 1448 4270 scriptura
1477 4200 1793 4255 didicimus.
1816 4197 1994 4256 l‘nscio

407 4288 555 4343 enim
585 4287 783 4358 Ioseph
816 4288 1039 4347 Mariam
1094 4291 1417 4362 concepisse
1472 4305 1596 4345 cum
1651 4291 1996 4362 apparuisset

411 4379 656 4447 Gabriel,
711 4389 952 4450 paternae
994 4383 1250 4437 minister
1297 4384 1620 4447 voluntatis,
1659 4383 1714 4437 in
1764 4383 1992 4439 somniis

409 4471 554 4524 inter
600 4476 797 4524 caetera
830 4469 946 4524 haec
975 4470 1051 4524 ait
1090 4491 1102 4523 :
1143 4490 1164 4524 ι
1204 4471 1387 4527 Pariet
1448 4481 1629 4528 autem
1692 4473 1884 4537 tilium,
1939 4484 1992 4529 et

2023 3233 2070 3294 ϐ

2106 795 2263 866 ἐτέθη
2298 796 2376 858 είς
2411 795 2524 865 φῶς
2543 813 2554 825 ο
2589 795 2753 866 φησὶν
2770 794 2845 859 δὲ,
2873 815 2890 846 ι
2912 796 3007 848 τοῦ
3032 796 3372 866 καταστῆσαι
3391 797 3490 865 τὴν
3519 797 3673 867 γῆν,»

2103 887 2248 941 τοῦτ’
2295 887 2408 941 ἐστι
2444 886 2543 958 τὴν
2559 888 2615 940 ἐν
2641 887 2889 959 θορύϐοις
2928 889 3018 941 καὶ
3052 891 3478 952 ἀκαταστασίαις
3511 889 3679 943 πάλαι

2105 980 2474 1050 τυγχάνουσαν
2521 978 2698 1049 ψυχὴν
2749 981 2828 1044 είς
2861 981 2959 1052 τὴν
2992 981 3132 1035 κατὰ
3171 982 3331 1051 φύσιν
3362 981 3680 1036 εὐστάθειαν

2105 1073 2200 1124 καὶ
2226 1072 2560 1144 καταστολὴν
2587 1076 2810 1144 ἀγαγεῖν
2831 1092 2843 1104 ·
2874 1074 3008 1128 ἀλλὰ
3038 1075 3132 1127 καί
3162 1094 3179 1124 ι
3204 1074 3295 1127 τοῦ
3336 1073 3677 1144 κληρονομῆ-

2108 1181 2196 1216 σαι
2224 1163 2592 1235 κληρονομίαν
2624 1169 2851 1239 ἐρήμου,
2880 1188 2898 1218 ›
2929 1168 3028 1238 τὴν
3061 1165 3120 1230 ἐξ
3153 1166 3320 1220 ἐθνῶν
3355 1166 3680 1237 Ἐκκλησίαν

2105 1256 2280 1328 δηλῶν
2303 1274 2315 1285 ·
2350 1257 2416 1328 ἢν
2453 1259 2560 1330 πρὸ
2583 1259 2683 1328 τῆς
2707 1260 2870 1313 αὑτοῦ
2903 1260 3206 1332 παρουσίας
3239 1259 3443 1331 ἔρημον
3470 1260 3676 1330 τυγχά-

2103 1365 2323 1417 νουσαν,
2365 1350 2729 1423 κληρονομίαν
2775 1353 2964 1423 εἴληφε
2992 1352 3141 1423 παρὰ
3170 1351 3264 1406 τοῦ
3301 1353 3544 1416 εἰπόντος
3582 1354 3680 1406 αὑ-

2099 1440 2214 1512 τᾷν
2252 1461 2270 1492 ι
2295 1443 2527 1515 Αίτησαι
2573 1447 2700 1516 παρ’
2747 1445 2914 1515 ἐμοῦ,
2951 1447 3043 1498 καὶ
3083 1443 3238 1498 δώσω
3283 1462 3364 1498 σοι
3409 1444 3533 1516 ἔθνη
3577 1447 3680 1516 τὴν

2103 1531 2472 1603 κληρονομίαν
2521 1550 2635 1587 σου.
2671 1555 2688 1586 ι
2733 1528 2900 1598 Οὗτος
2933 1535 2990 1588 δέ
3033 1535 3172 1588 κατὰ
3205 1534 3309 1606 τὴν
3353 1536 3480 1607 περὶ
3511 1535 3678 1588 αὑτοῦ

2107 1625 2446 1695 προφητείαν
2478 1629 2592 1690 τοῖς
2628 1629 2685 1678 ἐν
2733 1626 2950 1698 δεσμοῖς
2984 1625 3204 1698 εἴρηκεν
3241 1627 3506 1692 ἐξελθεῖν
3542 1643 3679 1700 προ-

2103 1713 2300 1784 χείρως
2327 1715 2425 1786 μὲν
2458 1716 2532 1779 ὼς
2566 1717 2657 1768 ἐπὶ
2677 1715 2769 1770 τοῦ
2799 1717 3071 1790 Λαζάρου,
3106 1718 3165 1770 ὃν
3193 1718 3424 1790 κειρίαις
3452 1718 3684 1772 καταδε-

2103 1804 2326 1874 δεμένον
2382 1807 2476 1859 καὶ
2524 1807 2582 1859 ἐν
2641 1809 2880 1878 μνήματι
2930 1811 3247 1878 τεταρταῖον
3307 1809 3672 1880 τυγχάνοντα,

2100 1895 2306 1948 εἰπών’
2355 1916 2374 1948 ι
2406 1896 2659 1967 Λάζαρε,
2701 1897 2858 1970 δεῦρο
2898 1898 3037 1963 ἔξω,
3091 1919 3110 1952 ι
3147 1900 3424 1970 ἐλεύθερον
3467 1901 3677 1972 ἀφῆκεν

2102 1989 2364 2057 ὑπάγειν·
2401 1990 2492 2042 καὶ
2519 1990 2578 2041 ἐν
2605 1990 2758 2062 μέρει
2790 1990 2847 2043 δέ
2878 1990 3113 2054 διανοίας
3149 1991 3243 2044 ἐπὶ
3277 1991 3375 2060 τῆς
3410 1990 3678 2063 θυγατρὸς

2112 2081 2382 2152 Ἀϐραὰμ,
2414 2083 2479 2152 ἣν
2505 2081 2693 2153 ἔδησεν
2722 2085 2750 2135 ὁ
2773 2084 3017 2147 Σατανᾶς
3041 2083 3172 2136 δέκα
3200 2085 3294 2136 καὶ
3316 2084 3456 2136 ὀκτὼ
3479 2084 3680 2150 ἔτεσιν,

2098 2169 2166 2239 ἥν
2219 2169 2311 2222 καὶ
2366 2170 2535 2238 αὐτὴν
2569 2171 2667 2241 τῆς
2726 2170 3005 2235 ἀσθενείας
3048 2171 3360 2236 ἀπαλλάξας
3397 2173 3539 2227 σώαν
3570 2174 3678 2227 ἀπ-

2101 2261 2257 2314 έλυσε
2283 2278 2298 2292 ⁸
2343 2261 2570 2315 καθόλου
2623 2263 2676 2316 δὲ
2697 2303 2711 2328 ,
2746 2264 2980 2335 ὁπηνίκα
3025 2266 3158 2317 πᾶσι
3201 2267 3312 2328 τοῖς
3334 2269 3538 2336 σειραῖς
3566 2265 3683 2318 τῶν

2104 2353 2248 2405 ἰδίων
2294 2354 2579 2424 ἁμαρτιῶν
2621 2357 2969 2426 ἐσφιγμένοις
3015 2357 3208 2426 ἄφεσιν
3247 2355 3355 2409 τῶν
3397 2357 3676 2430 προτέρων

2098 2443 2516 2514 ἁμαρτημάτων
2549 2445 2870 2516 παρέσχετο,
2905 2441 2992 2500 οἷα
3023 2447 3087 2520 δὴ
3125 2448 3282 2519 μόνος
3318 2448 3496 2520 (ἔχων)
3523 2450 3676 2516 ἐξου-

2107 2536 2228 2590 σίαν
2261 2537 2475 2605 ἀφιέναι
2521 2539 2820 2609 ἁμαρτίας·
2848 2534 2928 2602 οἷς
2965 2539 3045 2592 ἔτι
3078 2541 3173 2593 καὶ
3193 2539 3288 2594 νῦν
3315 2541 3376 2610 (f.
3397 2541 3463 2594 54
3486 2544 3558 2612 ν’)
3585 2542 3676 2595 διὰ

2100 2627 2200 2697 τῆς
2240 2628 2404 2681 αὑτοῦ
2437 2629 2784 2694 διδασκαλίας
2813 2631 3241 2703 παρακελεύεται
3261 2633 3368 2685 τῶν
3396 2634 3680 2705 προτέρων

2099 2719 2314 2791 δεσμῶν
2352 2719 2609 2787 ἐξελθεῖν,
2638 2722 2811 2792 λέγων
2839 2726 2922 2792 ἐφ’
2942 2724 3156 2795 ἑκάστῳ
3185 2725 3266 2789 τὸ,
3301 2744 3318 2777 ι
3348 2725 3474 2788 Ἴδε,
3518 2724 3679 2795 ὑγιὴς

2099 2811 2350 2880 γέγονας,
2387 2813 2586 2883 μηκέτι
2631 2813 2931 2885 ἁμάρτανε.
2965 2833 2985 2867 ι
3030 2815 3153 2868 Ἐπὶ
3209 2816 3416 2880 τούτοις
3461 2815 3554 2868 ἐτι.
3580 2817 3680 2870 καὶ

2099 2903 2192 2956 νῦν
2242 2906 2356 2966 τοῖς
2398 2905 2564 2957 εἰσέτι
2601 2907 2824 2974 ἀγνοίας
2866 2922 2926 2958 τε
2976 2907 3070 2960 καὶ
3120 2907 3382 2980 πονηρίας
3436 2924 3682 2978 κατορω-

2103 2997 2398 3068 ρυγμένοις
2447 2997 2890 3068 ἀνακαλυφθῆναι
2944 2999 3303 3069 προστάττει,
3353 2998 3449 3052 ἆτε
3504 2998 3679 3066 Λόγος

2101 3093 2363 3162 ὑπάρχων
2389 3089 2548 3153 Θεοῦ,
2594 3091 2820 3162 καρδίας
2849 3107 2906 3143 τε
2934 3090 3140 3155 ἐτάζων
3186 3092 3280 3144 καὶ
3302 3093 3552 3162 νεφροὺς,
3583 3092 3681 3144 καὶ

2103 3183 2348 3255 κριτικὸς
2374 3182 2723 3255 ἐνθυμήσεων
2749 3182 2842 3236 καὶ
2865 3182 3082 3236 ἐννοιῶν
3109 3183 3355 3254 καρδίας.
3382 3183 3498 3236 Ἵνα
3523 3183 3580 3237 δὲ
3603 3183 3680 3247 ὡς

2099 3277 2180 3329 ἐνι
2240 3275 2477 3347 μάλιστα
2527 3276 2805 3346 συντόμως
2851 3275 3270 3347 διαδράμωμεν,
3319 3275 3414 3328 καὶ
3452 3275 3519 3330 τὰ
3571 3275 3693 3348 πρὸς

2097 3365 2303 3421 τούτων
2341 3365 2743 3438 ἐφαρμόζοντες
2771 3370 2884 3430 τοῖς
2915 3367 3044 3438 περὶ
3079 3367 3316 3439 Χριστοῦ
3343 3367 3690 3438 λεγομένοις..

2099 3457 2464 3521 ἀναλαϐόντες
2507 3457 2566 3523 ἐξ
2611 3457 2864 3528 ὑπαρχῆς
2904 3458 2998 3510 καὶ
3041 3459 3138 3528 τὴν
3178 3457 3381 3512 τούτων
3425 3459 3690 3512 ὑπόνοιαν

2096 3551 2255 3624 ήμῶν
2277 3550 2642 3622 ἐκθησόμεθα.
2671 3550 2760 3603 Ἐν
2783 3549 2999 3612 πολλοῖς
3020 3549 3083 3620 δὴ
3111 3549 3295 3618 σαφῶς
3313 3551 3390 3620 τῷ
3423 3552 3488 3602 ἐκ
3519 3567 3678 3621 περι-

2096 3647 2276 3718 τομῆς
2328 3645 2445 3716 λαῷ
2515 3645 2955 3716 προσομιλήσας,
3013 3644 3102 3694 ὅτε
3159 3643 3254 3696 καὶ
3299 3642 3358 3709 ἐξ
3416 3642 3680 3713 ὀνόματος

2097 3739 2216 3810 ἦτοι
2264 3739 2354 3792 τὸν
2391 3736 2583 3790 Ἰακὼϐ
2619 3737 2737 3807 ήτοι
2778 3735 2869 3788 τὸν
2904 3733 3116 3806 Ἰσραὴλ
3159 3733 3552 3798 ἀνακαλεῖται,
3585 3735 3679 3787 ἐπὶ

2095 3830 2191 3883 τοῦ
2221 3830 2491 3902 παρόντος
2513 3829 2574 3882 οὑ
2625 3828 2760 3898 πρὸς
2787 3827 3028 3889 ἐκείνους
3075 3828 3307 3878 ποιεῖται
3341 3825 3440 3896 τὴν
3469 3841 3680 3896 προφη-

2096 3920 2266 3987 τείαν,
2303 3919 2440 3973 ἀλλὰ
2467 3918 2578 3990 γὰρ
2626 3921 2822 3989 νήσους
2854 3917 2948 3971 καὶ
2981 3915 3106 3986 ἐθνη
3133 3917 3226 3968 ἐπὶ
3277 3915 3374 3988 τήν
3418 3916 3678 3988 ἀκρόασιν

2095 4015 2204 4068 τῶν
2236 4011 2657 4082 λεχθησομένων
2689 4007 3029 4080 παρακαλεῖ·
3071 4011 3165 4063 καὶ
3212 4009 3326 4062 ἔστι
3355 4025 3417 4077 γε
3449 4007 3680 4061 ἐνταῦθα

2094 4109 2129 4178 ή
2156 4107 2446 4178 ὑπόσχεσις
2477 4104 2570 4158 τοῦ
2601 4104 2807 4175 Κυρίου
2851 4102 3119 4172 λεγομένη
3159 4101 3286 4173 περὶ
3309 4101 3410 4170 τῆς
3436 4101 3680 4172 κλήσεως

2094 4198 2205 4252 τῶν
2246 4198 2508 4270 πρότερον
2568 4195 2812 4249 ἀπίστων
2861 4195 3039 4264 πάντη
3098 4195 3191 4247 καὶ
3237 4192 3526 4263 ἀλλοτρίων
3578 4191 3681 4262 τῆς

2097 4289 2406 4354 θεοσεϐείας
2435 4289 2626 4352 ἐθνῶν,
2656 4280 2731 4341 ὧν
2761 4289 2817 4341 ἐν
2854 4287 3009 4359 μέρει
3035 4286 3279 4340 νοοῦνται
3316 4286 3411 4338 καὶ
3435 4287 3490 4338 αἱ
3521 4281 3679 4352 λεγόὶ

2103 4401 2262 4456 μεναι
2294 4383 2471 4453 νῆσοι,
2495 4381 2666 4453 ψυχαὶ
2695 4381 2817 4434 ὅσαι
2847 4379 2910 4432 τὸ
2932 4379 3098 4433 πάλαι
3123 4377 3384 4451 πρότερόν
3413 4395 3531 4430 τινα
3554 4376 3679 4447 τρό-

2097 4494 2195 4530 πον
2220 4476 2325 4529 ὑπὸ
2365 4474 2666 4528 θαλαττίων
2694 4471 2802 4524 τῶν
2826 4470 2966 4525 κατὰ
2986 4470 3076 4524 τὸν
3107 4470 3218 4541 βίον
3245 4468 3549 4541 τρικυμιῶν
3585 4467 3679 4522 καὶ

407 4562 633 4618 vocabis
661 4576 858 4617 nomen
887 4564 1006 4633 ejus
1029 4563 1250 4621 Jesum:
1276 4565 1393 4636 ipse
1412 4567 1558 4621 enim
1581 4567 1793 4621 salvum
1828 4565 1990 4622 faciet

2100 4563 2200 4616 τῶν
2252 4561 2394 4615 κατὰ
2436 4563 2534 4633 τῆς
2579 4561 2776 4622 κακίας
2829 4558 3234 4630 ἀλνμυρωτάτων
3286 4558 3682 4622 κατεκλὺζοντο

408 4653 670 4722 populum
721 4669 880 4708 suum
905 4655 945 4708 ⁸.
974 4674 991 4707 ι
1044 4655 1353 4726 Adjicitque
1393 4658 1448 4711 in
1491 4658 1777 4729 prophetia
1813 4677 1827 4713 :
1865 4681 1884 4710 ε
1923 4658 1990 4712 Et

408 4745 593 4815 posuit
619 4762 682 4801 os
716 4762 894 4802 meum
938 4749 1097 4818 quasi
1139 4749 1379 4819 gladium
1413 4757 1674 4817 acutum;
1709 4770 1726 4803 ›
1767 4766 1992 4808 rursus-

409 4853 565 4906 que:
611 4859 630 4890 ‹
669 4838 858 4896 Posuit
893 4856 979 4895 me
1030 4841 1188 4909 quasi
1225 4843 1477 4912 sagittam
1536 4843 1790 4901 electam.
1850 4864 1869 4897 ι
1922 4876 1992 4888 --

414 4949 432 4977 σ
471 4927 708 4984 Verbum
742 4932 886 4986 etum
933 4931 1146 4987 Domini
1178 4941 1262 4987 est
1287 4931 1475 4986 efﬁcax
1513 4942 1565 4988 et
1602 4935 1992 5003 penetrabilius

408 5022 559 5076 omni
595 5023 777 5093 gladio
808 5025 1058 5095 ancipiti,
1086 5034 1140 5080 et
1171 5026 1487 5096 pertingens
1535 5042 1710 5096 usque
1757 5027 1825 5080 ad
1854 5024 1995 5080 divi-

409 5113 621 5170 sionem
652 5119 848 5172 anima:
896 5132 961 5171 ac
1015 5119 1241 5188 spiritus
1261 5118 1306 5182 ³,
1353 5137 1371 5170 ι
1412 5125 1470 5172 ιιι
1503 5119 1724 5174 divinus
1751 5118 1991 5174 ostendit

410 5207 731 5277 Apostolus.
782 5207 907 5263 Hazc
935 5223 1154 5279 quoque
1188 5210 1291 5280 ipsi
1327 5210 1431 5265 soli
1471 5210 1754 5280 aptissime
1793 5224 1994 5264 conveq

408 5299 590 5360 niunt,
615 5297 896 5354 obcdienti
924 5300 1066 5355 l‘acto
1091 5297 1237 5356 Patri
1265 5318 1437 5371 usque
1471 5301 1538 5356 ad
1564 5309 1819 5363 mortem,
1849 5300 1994 5355 scili—

409 5399 532 5444 cet:
570 5410 588 5441 ι
640 5390 844 5446 Servus
874 5408 1030 5447 meus
1059 5408 1120 5448 es
1167 5401 1248 5458 tu,
1303 5395 1497 5456 Israel,
1530 5400 1585 5448 et
1618 5394 1673 5447 in
1705 5399 1758 5447 te
1793 5392 1993 5461 gloria-

411 5481 531 5536 bor.
572 5501 593 5532 ι
635 5481 772 5536 Illud
795 5499 961 5539 vero:
1001 5504 1020 5537 ι
1063 5484 1124 5538 Et
1157 5501 1258 5556 ego
1295 5485 1446 5541 dixi:
1481 5485 1538 5539 In
1563 5500 1796 5539 vacuum
1839 5484 1992 5538 labo-

411 5572 554 5632 ravi.
595 5591 613 5622 ι
647 5585 700 5628 et
725 5591 848 5644 quae
882 5586 1210 5648 sequuntur,
1245 5578 1311 5632 ad
1347 5576 1685 5633 Salvatoretn
1715 5585 1988 5648 spectant,

411 5675 637 5739 propter
674 5669 1003 5734 paucitatem
1036 5685 1227 5724 eorum
1263 5671 1357 5738 qui
1398 5670 1701 5725 secundum
1739 5669 1987 5741 Evange-

489 5839 508 5873 ⁸
535 5835 682 5895 Psal.
715 5855 772 5903 ιι,
808 5842 857 5895 8.
939 5845 956 5870 ’
980 5841 1136 5896 Joan.
1173 5857 1248 5906 xi,
1277 5842 1366 5897 45.
1449 5845 1466 5876 ³
1491 5843 1646 5901 Joan.
1675 5863 1726 5914 v,
1754 5846 1838 5901 Η.

1937 5845 1958 5878 ⁸
1982 5843 2170 5899 Matth.
2211 5843 2371 5908 1,21.

2098 4656 2402 4729 ῥευμάτων.
2454 4655 2590 4706 Τίνα
2641 4649 2733 4706 οὖν
2773 4652 2977 4716 ταύτας
3019 4653 3048 4704 ὁ
3090 4651 3293 4722 Κύριος
3336 4651 3497 4713 αὐτὸς
3549 4651 3681 4720 περὶ

2096 4747 2288 4802 ἐαυτοῦ
2315 4746 2554 4800 διδάσκει.
2594 4745 2982 4815 κατανοητέον
3010 4764 3028 4794 ι
3066 4745 3161 4797 Ἐκ
3203 4742 3432 4807 κοιλίας,
3466 4763 3485 4796 ι
3522 4743 3677 4814 φησι,

2103 4859 2121 4892 ι
2148 4839 2356 4910 μητρός
2388 4855 2490 4909 μου
2531 4837 2756 4891 ἐκάλεσε
2786 4837 2847 4890 τὸ
2891 4837 3062 4906 ὄνομά
3093 4852 3222 4906 μουσ
3251 4855 3270 4888 ι
3299 4835 3328 4888 ὃ
3367 4834 3462 4888 καὶ
3493 4832 3678 4904 σαφῶς

2097 4932 2189 4985 ἐπὶ
2209 4929 2304 4984 τοῦ
2331 4928 2568 5002 Χριστοῦ
2588 4946 2600 4959 ’
2625 4927 2792 4982 αὑτοῦ
2819 4929 2927 5000 γάρ
2951 4945 3034 4983 τοι
3053 4927 3408 4996 τυγχάνουσιν
3431 4927 3480 4978 οἱ
3507 4925 3678 4998 λόγοι,

2096 5023 2191 5089 οὓς
2234 5025 2298 5077 ἐκ
2329 5025 2427 5095 τῆς
2467 5022 2559 5076 τοῦ
2619 5022 2952 5090 Εὑαγγελίου
2980 5019 3200 5090 γραφῆς
3257 5017 3677 5090 μεμαθήκαμεν,

2107 5115 2416 5185 ’Λγνοοῦντι
2446 5114 2556 5186 γὰρ
2587 5114 2666 5185 τῷ
2703 5114 2898 5184 Ἰωσὴφ
2931 5112 3062 5182 περὶ
3099 5113 3198 5183 τῆς
3233 5110 3543 5183 συλλήψεως
3579 5111 3684 5180 τῆς·

2093 5209 2312 5281 Μαρίας
2347 5206 2574 5270 ἐπιστὰς
2597 5209 2625 5260 ὁ
2641 5205 2900 5278 Γαϐριὴλ,
2923 5204 3167 5265 διάκονος
3189 5204 3264 5256 ὣν
3286 5202 3381 5257 τοῦ
3409 5201 3680 5274 πατρικοῦ

2097 5302 2454 5372 βουλήματος,
2492 5300 2608 5353 κατ’
2639 5299 2770 5370 ὄναρ
2814 5295 2934 5352 εἷπε
2965 5297 3082 5370 μεθ’
3107 5297 3270 5368 ἐτερα
3303 5297 3397 5350 καὶ
3424 5295 3504 5347 τό·
3539 5315 3556 5344 ι
3575 5293 3679 5348 Τέ-

2097 5395 2242 5460 ξεται
2272 5395 2329 5450 δὲ
2354 5394 2490 5458 υίὸν,
2535 5394 2630 5447 καὶ
2657 5391 2909 5454 καλέσεις
2936 5390 2997 5442 τὸ
3027 5389 3198 5460 ὄνομα
3237 5387 3401 5442 αὐτοῦ
3437 5385 3640 5457 Ἰησοῦν
3660 5402 3674 5416 ·

2094 5487 2259 5552 αὐτὸς
2288 5485 2400 5557 γὰρ
2440 5485 2604 5539 σώσει
2624 5485 2716 5538 τὸν
2748 5483 2878 5538 λαὸν
2910 5481 3076 5536 αὑτοῦ
3094 5500 3106 5512 ·
3135 5482 3425 5551 »ἐπιφέρει
3453 5480 3497 5532 δ’
3527 5481 3584 5533 ἐν
3609 5480 3676 5549 τῇ

2097 5579 2405 5650 προφητείᾳ
2437 5577 2634 5644 λέγων,
2660 5579 2743 5630 ὃτι
2791 5596 2808 5626 ι
2839 5575 2951 5630 Καὶ
2976 5573 3138 5646 ἐθηκε
3171 5574 3232 5627 τὺ
3260 5573 3434 5643 στόμα
3469 5587 3570 5640 μου
3601 5569 3678 5633 ὡς

2101 5668 2376 5738 μάχαιραν
2401 5667 2580 5730 ὀξεῖαν
2599 5684 2612 5697 -
2650 5686 2668 5720 ›
2705 5667 2799 5719 καὶ
2828 5664 3019 5720 πάλιν·
3050 5683 3068 5718 ι
3099 5662 3303 5735 Ἕθηκέ
3332 5679 3399 5733 με
3427 5659 3502 5727 ὼς
3526 5656 3677 5728 βέλος

2453 5845 2471 5875 ⁵
2505 5841 2667 5898 ﬂeor.
2711 5859 2785 5908 tv,
2815 5843 2881 5899 12
