4100 6430
371 431 506 486 1257
1400 429 1697 486 Εειουιε
1736 430 1958 486 PROPH

2062 430 2218 487 10:15.
2262 463 2327 470 —
2366 431 2490 491 LIB.
2538 434 2629 492 Ν.
3493 439 3631 505 19⁵3

369 550 644 606 ἐκλεκτόν.
666 569 786 603 ι-ι
809 550 868 605 '0
884 550 992 622 γάρ
1018 550 1188 620 Λόγος
1209 548 1342 602 Θεοῦ
1371 552 1630 620 τυγχάνει
1653 552 1940 621 ἐνεργὴς,,›

2062 551 2180 604 lium
2204 551 2324 621 ejus
2357 552 2564 608 vivunt.
2599 553 2927 625 thuoniam
2963 576 2982 610 ι
3007 574 3114 612 non
3130 563 3276 614 venit
3299 558 3493 614 nist‘ao
3514 571 3630 626 per-

371 643 487 697 εστι
525 661 544 694 ι
576 644 672 697 καὶ
696 642 1008 714 τομώτερος
1025 642 1166 712 ὑπὲρ
1201 643 1379 695 πᾶσαν
1406 641 1680 715 μάχαιραν
1704 640 1952 711 δίστομον

2062 641 2201 698 ditas
2239 658 2369 699 oves
2412 643 2609 700 domus
2641 645 2828 711 lsrael,
2870 667 2889 699 ι
2928 657 3074 704 recte
3097 657 3426 704 memoratur
3446 649 3630 719 praeci-

371 734 737 804 διικνούμενος
770 735 901 805 ἀχρι
930 731 1202 804 μερισμοῦ
1233 732 1414 802 ψυχῆς
1439 731 1536 786 καὶ
1565 729 1898 800 πνεύματος,
1925 751 1944 782 ι

2062 747 2162 800 pue
2217 733 2270 786 in
2315 733 2580 788 mundum
2637 737 2854 792 venisse
2887 757 2904 788 ι
2950 738 3017 791 ad
3078 739 3428 794 suscitandas
3460 739 3634 792 tribus

369 826 444 890 ὡς
471 829 500 880 6
529 826 811 889 Θεσπέσιος
825 825 1061 892 ἐδίδαξεν
1079 822 1797 891 ’Δπόστολος.,Εὐλογώτατα
1821 824 1864 877 δ’
1889 823 1954 876 ἂν

2062 824 2226 894 Iacob
2258 835 2312 882 et
2363 826 2524 883 faeces
2571 829 2734 884 Israel
2783 832 3198 887 convertendas.
3250 851 3280 884 ι.
3305 831 3436 887 Dein
3465 872 3480 896 ,
3507 848 3633 887 cum

369 919 518 991 αύτῷ
549 921 693 991 μόνῳ
724 919 941 990 λεχθείη
983 919 1208 989 ὑπηκόῳ
1237 919 1513 990 γενομένῳ
1540 918 1616 988 τῷ
1647 917 1821 988 Πατρὶ
1861 917 1956 987 μέ-

370 1027 461 1082 χρι
490 1013 584 1082 καὶ
607 1012 834 1065 θανάτου
860 1011 939 1063 τό’
985 1029 1003 1061 ι
1023 1010 1216 1073 Δοῦλός
1249 1027 1348 1080 μου
1391 1005 1439 1064 εἷ
1467 1011 1554 1073 σὺ,
1583 1008 1830 1080 Ἰσραὴλ,
1863 1007 1958 1060 καὶ

481 1077 564 1157 σοὶ
612 1103 1115 1174 ἐνδοξασθήσομαι·-
1156 1121 1175 1153 ι
1205 1077 1266 1154 τδ
1297 1101 1387 1154 δέ’
1428 1120 1446 1152 ι
1481 1102 1592 1155 Καὶ
1623 1077 1734 1169 ἐγὼ
1757 1077 1766 1080 ν
1787 1096 1954 1153 εἶπαν

371 1197 559 1260 Κενῶς
591 1197 895 1261 ἐκοπίασα,
929 1216 948 1250 ι
984 1198 1077 1251 καὶ
1107 1197 1177 1251 τὰ
1207 1196 1356 1268 ἑξῆς,
1397 1195 1595 1265 λέγοιτ’
1636 1195 1704 1248 ἂν
1729 1194 1834 1247 ὑπὸ
1859 1193 1956 1248 τοῦ

371 1288 624 1360 Σωτῆρος
671 1289 758 1343 διά
797 1289 858 1342 τὸ
905 1290 1132 1344 σπάνιον
1172 1289 1282 1342 τῶν
1327 1287 1474 1342 κατά
1525 1288 1586 1341 τὺ
1627 1285 1958 1356 Εὑαγγέλιον

372 1378 537 1434 αὐτοῦ
576 1379 852 1449 βιούντων.
889 1380 1001 1434 Καὶ
1047 1380 1357 1453 ἐπειδήπερ
1387 1397 1406 1430 ι
1428 1383 1532 1433 οὐκ
1585 1374 1750 1450 ἦλθεν
1799 1379 1846 1430 εἰ
1881 1379 1956 1450 μὴ

370 1473 450 1535 εἰς
478 1471 546 1527 τά
578 1470 826 1542 πρόϐατα
850 1471 921 1525 τά
947 1470 1265 1526 ἀπολωλότα
1292 1470 1443 1524 οἴκου
1476 1469 1710 1541 Ἰσραὴλ,
1736 1489 1754 1522 ι
1776 1469 1957 1532 καλῶς

370 1562 796 1634 προηγουμένως
847 1563 946 1634 μὲν
1005 1562 1224 1632 λέγεται
1281 1559 1772 1632 ἐπιδεδημηκέναι,
1814 1579 1832 1612 ι
1862 1558 1956 1613 τοῦ

373 1653 568 1724 στῆσαι
599 1654 699 1718 τάς
747 1654 918 1723 φυλάς
969 1654 1194 1718 Ἰακὼϐ,
1246 1654 1342 1708 καὶ
1381 1654 1480 1724 τὴν
1529 1652 1828 1725 διασπορὰν
1862 1650 1956 1704 τοῦ

384 1745 600 1819 Ἰσραὴλ
631 1747 991 1818 ἐπιπρέψαι·
1021 1767 1039 1799 ι
1074 1747 1355 1816 ἑπομένως
1383 1746 1462 1811 δὲ,
1491 1744 1579 1798 διὰ
1597 1743 1658 1798 τὸ
1682 1745 1756 1816 μὴ
1783 1760 1960 1814 παρα-

369 1836 622 1904 δέξασθαι
654 1837 816 1890 αὐτὸν
864 1838 989 1901 τοὺς
1022 1837 1081 1902 ἐξ
1117 1837 1341 1892 ἐκείνων
1378 1836 1610 1900 πάντας,
1639 1836 1960 1906 ἐπιφέρεται

2062 917 2206 971 inter
2235 918 2371 974 istos
2421 935 2613 975 omnes
2666 937 2774 975 non
2827 937 2952 976 eum
3011 924 3371 994 accepissent,
3414 921 3636 992 subjicit

2061 1009 2218 1078 quasi
2253 1009 2317 1062 ad
2350 1010 2588 1080 seipsnm
2619 1030 2632 1065 :
2674 1029 2692 1062 ι
2739 1011 2880 1067 Ecce
2909 1013 3031 1068 dedi
3090 1023 3142 1068 te
3185 1015 3240 1067 in
3294 1013 3469 1067 lucem
3504 1027 3634 1082 gen-

2061 1101 2222 1163 tium,
2249 1108 2306 1154 ut
2341 1102 2417 1157 sis
2445 1104 2596 1158 salus
2632 1117 2750 1157 mea
2777 1119 2948 1174 usque
2981 1104 3050 1159 ad
3081 1113 3384 1161 extremum
3421 1115 3629 1158 tersae.»

2064 1193 2226 1249 Jubet
2256 1211 2354 1251 nos
2391 1204 2512 1267 post
2533 1197 2649 1251 haec
2683 1197 2946 1254 Dominus
2986 1198 3130 1254 Deus
3155 1208 3208 1254 et.
3237 1198 3418 1264 Pater,
3447 1198 3541 1270 qui
3566 1198 3636 1252 li-

2063 1285 2269 1340 beravit
2303 1301 2427 1341 eum
2453 1287 2522 1342 ab
2557 1290 2812 1345 omnibus
2846 1292 2893 1345 ei
2924 1291 3364 1354 adversantibus,
3397 1288 3635 1344 sanctillo

2060 1390 2187 1432 care
2239 1392 2386 1444 eum,
2442 1377 2672 1434 dicens:
2709 1397 2728 1430 ι
2769 1379 3117 1436 Sanctificate
3159 1383 3252 1452 qui
3305 1381 3456 1450 parvi
3508 1378 3637 1434 fecit

2064 1469 2304 1524 animam
2331 1485 2506 1526 suam.
2543 1490 2561 1523 ι
2599 1470 2698 1526 llic
2728 1471 2876 1528 enim
2932 1487 3093 1542 quam
3152 1473 3436 1527 verissime
3481 1470 3635 1542 parvi

2061 1560 2217 1615 duxit
2265 1563 2504 1617 animam
2560 1579 2739 1628 suam,
2776 1582 2794 1615 ι
2828 1565 3149 1620 exinaniens
3189 1567 3636 1635 semetipsum,et

2070 1653 2250 1708 fat-tus
2298 1669 2398 1724 pro
2447 1654 2610 1709 nobis
2666 1655 3052 1722 maledictum;
3085 1663 3138 1709 et
3189 1663 3409 1725 peccata
3449 1663 3636 1711 nostra

2063 1747 2381 1817 suscipiens
2417 1745 2728 1802 bumiliavit
2776 1747 3132 1818 semetipsum
3183 1762 3355 1817 usque
3399 1747 3465 1802 ad
3493 1762 3639 1802 mor-

2062 1849 2212 1903 tem,
2252 1848 2477 1894 mortem
2546 1848 2728 1894 autem
2791 1840 2974 1895 crucis
3016 1841 3056 1892 ί.
3095 1859 3114 1891 ›
3175 1838 3341 1893 Addit
3409 1839 3638 1908 deinde,

371 1929 446 1993 ὡς
469 1927 605 2000 πρὸς
632 1929 812 1982 αὐτόν·
849 1947 867 1979 ι
915 1929 1043 1982 Ἰδοὺ
1070 1929 1290 1982 τέθεικά
1321 1945 1380 1981 σε
1409 1930 1488 1992 εἰς
1507 1927 1623 1997 φῶς
1645 1925 1835 1989 ἐθνῶν,
1855 1925 1949 1978 τοῦ

2062 1949 2077 1982 ι
2128 1947 2288 2001 quem
2325 1931 2719 1986 abominantur
2745 1937 2954 2001 gentes,
2989 1932 3132 1986 servi
3161 1931 3577 1986 dominantium.
3616 1949 3635 1982 ι

372 2017 510 2078 εἷναί
543 2039 601 2076 σε
635 2024 713 2085 είς
742 2021 1016 2093 σωτηρίαν
1049 2021 1154 2085 ἓως
1193 2020 1422 2092 ἐσχάτου
1453 2020 1556 2090 τῆς
1581 2019 1702 2089 γῆς.
1728 2038 1746 2069 ι
1778 2019 1954 2088 Προσ-

369 2117 552 2170 τάττει
579 2116 636 2169 δέ
663 2117 794 2186 ἡμῖν
829 2114 964 2185 μετά
995 2114 1168 2169 ταῦτα
1190 2114 1394 2186 Κύριος
1413 2115 1441 2166 6
1466 2113 1596 2176 Θεὸς
1619 2112 1712 2164 καὶ
1740 2110 1950 2181 Πατὴρ,

369 2207 400 2262 6
431 2207 736 2279 ῥυσάμενος
768 2205 932 2260 αὑτὸν
962 2206 1068 2260 ἀπὸ
1098 2206 1316 2260 πάντων
1347 2204 1456 2258 τῶν
1483 2201 1953 2273 ἐπισυναχθέντων

369 2300 488 2353 κατ’
529 2298 716 2363 αὑτοῦ,
755 2299 999 2368 ἀγιάζειν
1028 2298 1212 2362 αὑτὸν,
1245 2297 1420 2366 λέγων
1442 2314 1454 2326 ·
1479 2314 1498 2347 ι
1538 2295 1828 2364 Ἀγιάσατε
1861 2293 1956 2348 τὸν

370 2391 696 2460 φαυλίζοντα
723 2394 822 2465 τὴν
864 2393 1040 2465 ψυχὴν
1071 2393 1236 2448 αὐτοῦ
1263 2410 1276 2425 ·
1306 2387 1459 2456 οὗτος
1489 2392 1599 2463 γὰρ
1625 2391 1699 2455 ὡς
1738 2389 1954 2462 ἀληθῶς

368 2483 625 2552 ὶιραύλισε
651 2485 749 2556 τὴν
786 2486 963 2558 ψυχὴν
1007 2484 1224 2551 ἑαυτοῦ,
1266 2503 1284 2536 ι
1313 2484 1556 2548 κενώσας
1589 2483 1781 2536 ἐαυτὸν
1802 2524 1816 2548 ,
1859 2482 1954 2534 καὶ

367 2577 656 2647 γενόμενος
680 2578 822 2650 ὑπὲρ
853 2578 1008 2649 ἡμῶν
1036 2578 1278 2649 κατάρα·
1306 2577 1400 2632 καὶ
1423 2579 1522 2640 τὰς
1550 2576 1823 2648 ἁμαρτίας
1854 2574 1954 2638 τὰς

367 2669 643 2740 ἡμετέρας
684 2671 992 2735 ἀναλαὸὼν,
1021 2670 1282 2741 αἰσχύνης
1309 2687 1374 2739 γε
1409 2669 1570 2742 μέχρι
1597 2667 1828 2722 θανάτου
1858 2665 1953 2720 καὶ

365 2763 602 2816 θανάτου
637 2763 872 2836 σταυροῦ
903 2766 1340 2836 καταφρονήσας.
1373 2783 1392 2815 ι
1436 2762 1587 2816 Μετὰ
1612 2759 1788 2816 ταῦτά
1816 2775 1950 2830 φησι

365 2851 459 2907 τδν
491 2871 510 2904 ι
536 2853 960 2927 βδελυσσόμενον
1004 2857 1110 2908 ὑπὸ
1140 2857 1249 2909 τῶν
1277 2854 1448 2910 ἐθνῶν
1477 2853 1584 2906 τῶν
1609 2852 1808 2907 δούλων
1846 2849 1953 2902 τῶν

369 2946 710 3018 ἀρχόντων-ι
747 2950 842 3002 καὶ
869 2949 933 3020 δὴ
964 2949 1135 3018 σαφὲς
1169 2949 1316 3012 ὅπως
1361 2950 1410 3001 οἱ
1439 2948 1552 3010 τοῖς
1597 2945 1825 3016 ἄρχουσι
1858 2939 1956 2994 τοῦ

367 3037 562 3103 αἰῶνος
589 3039 777 3092 τούτου
805 3040 1192 3111 δεδουλωμένοι
1219 3040 1280 3093 οὐ
1311 3039 1472 3110 μόνον
1501 3037 1564 3108 (Ι.
1584 3037 1673 3108 55)
1701 3035 1839 3090 κατά
1864 3033 1958 3086 τὸν

2063 2019 2415 2076 Manifestum
2443 2021 2641 2091 quippe
2668 2029 2750 2076 est
2777 2022 2921 2091 quod
2952 2021 3116 2090 hujus
3149 2021 3335 2076 saeculi
3381 2021 3644 2092 principi-

2062 2113 2166 2167 bus
2201 2113 2526 2176 servientes,
2563 2128 2674 2166 non
2707 2119 2915 2166 tantum
2955 2111 3011 2165 in
3047 2111 3320 2182 passionis
3355 2111 3476 2181 ejus
3504 2120 3644 2167 tem-

2065 2219 2197 2274 pore
2231 2204 2630 2258 maledixerunt
2682 2203 2732 2260 ei
2779 2204 3054 2259 dicentes:
3097 2221 3116 2255 ι
3153 2201 3346 2258 Gravis
3365 2213 3450 2258 est
3483 2204 3642 2260 nobis

2061 2296 2225 2352 etiam
2279 2295 2346 2350 ad
2405 2294 2701 2350 videndum
2727 2297 2772 2360 ',
2803 2313 2822 2346 ι
2857 2294 2954 2350 sed
2991 2302 3046 2349 et
3092 2309 3239 2349 nunc
3285 2294 3636 2361 maledicunt,

2062 2387 2186 2455 ejus
2216 2385 2484 2440 doctrina:
2512 2383 2789 2439 obsistere
2827 2391 3113 2438 conantes.
3147 2381 3304 2436 llunc
3347 2381 3513 2452 igitur
3533 2378 3642 2434 Do—

2061 2476 2244 2530 minus
2298 2475 2650 2531 sanctificare
2699 2474 2875 2544 jubet,
2907 2475 3224 2545 praeclaram
3251 2475 3370 2543 ejus
3399 2488 3640 2544 praesen.

2060 2569 2189 2621 tiam
2223 2568 2620 2637 praenuntians.
2665 2566 2823 2634 Quod
2860 2577 3045 2622 autem
3084 2565 3151 2621 dc
3200 2567 3441 2636 gentium
3476 2579 3641 2620 voca-

2060 2660 2208 2715 tione
2234 2661 2627 2731 prophetizans
2666 2674 2849 2715 sermo
2906 2660 3118 2730 reliqua
3171 2658 3381 2729 profert
3409 2657 3642 2729 prophe-

2059 2753 2168 2818 tiae,
2217 2752 2286 2805 ab
2318 2751 2404 2806 his
2432 2750 2656 2806 verbis:
2696 2769 2716 2801 ι
2761 2748 2895 2806 Dedi
2921 2757 2974 2805 te
3010 2751 3067 2804 in
3100 2749 3279 2804 foedus
3313 2749 3575 2819 gentium,
3617 2766 3636 2798 ι

2062 2851 2115 2900 et
2145 2859 2266 2914 quae
2289 2854 2616 2913 sequuntur,
2650 2857 2772 2913 quae
2808 2841 3030 2912 quidem
3069 2839 3251 2898 fusius
3287 2841 3640 2912 investigare,

2062 2951 2189 2992 cum
2231 2935 2407 3005 magis
2451 2934 2813 3005 spiritualiter
2843 2942 2899 2989 et
2925 2933 3083 3004 juxta
3124 2934 3298 2989 solam
3336 2934 3646 3003 intelligen-

2065 3029 2197 3084 tiam
2228 3027 2374 3082 dicta
2405 3027 2539 3091 sint,
2563 3041 2674 3081 non
2699 3027 2989 3098 praesentis
3008 3026 3191 3097 operis
3219 3033 3324 3081 est.

368 3135 558 3206 καιρὸν
583 3135 675 3188 τοῦ
721 3137 924 3201 πάθους
949 3137 1115 3191 αὑτοῦ
1149 3135 1503 3201 ἐϐδελύξαντο
1541 3135 1703 3188 αὐτὸν
1741 3132 2010 3194 εἰπόντες⁸
2049 3146 2067 3180 ι
2091 3127 2206 3181 Καὶ
2239 3125 2409 3197 βαρὺς
2435 3126 2566 3196 ἡμῖν
2592 3126 2708 3178 ἐστι
2741 3124 2834 3178 καὶ
2867 3122 3214 3195 βλεπόμενος,
3247 3145 3266 3176 ι
3301 3123 3412 3178 ἀλλ’
3442 3122 3520 3176 ἔτι
3553 3124 3647 3178 καὶ

365 3226 462 3281 νῦν
497 3227 894 3299 βδελύσσονται,
925 3233 1251 3304 ἀνατρέπειν
1279 3232 1442 3286 αὑτοῦ
1490 3231 1589 3303 τὴν
1621 3227 1969 3284 διδασκαλίαν
1991 3221 2343 3296 πειρώμενοι.
2374 3222 2574 3276 Τοῦτον
2603 3217 2696 3276 οὖν
2725 3221 2754 3274 6
2784 3219 2991 3289 Κύριος
3024 3219 3270 3289 ἀγιάξειν
3301 3221 3646 3293 προστάττει.

365 3327 466 3393 τὴν
487 3323 696 3389 ἔνδοξον
725 3327 891 3381 αὑτοῦ
927 3328 1226 3400 παρουσίαν
1261 3327 1808 3401 προσημαίνων.’⁸’οτι
1833 3325 1889 3378 δὲ
1920 3323 2046 3394 περὶ
2071 3321 2168 3391 τῆς
2189 3319 2246 3386 ἐξ
2276 3317 2447 3371 ἐθνῶν
2479 3317 2723 3388 κλήσεως
2747 3316 3130 3380 προθεσπίζων
3159 3319 3187 3370 ὁ
3206 3317 3364 3387 λόγος
3395 3319 3494 3387 τὴν
3521 3315 3648 3386 ἑξῆς

366 3416 616 3487 δπιφέρει
646 3419 1003 3491 προφητείαν,
1032 3421 1131 3492 τὴν
1154 3422 1261 3476 ἀπὸ
1289 3421 1405 3476 τοῦ·
1439 3440 1457 3472 ι
1491 3419 1709 3474 Ἐδωκά
1738 3435 1798 3472 σε
1830 3419 1909 3480 εἰς
1927 3416 2192 3485 διαθήκην
2223 3410 2416 3474 ἐθνῶν,
2448 3430 2466 3463 ι
2494 3409 2675 3464 καὶτὰ
2702 3410 2849 3482 ἐξῆς,
2872 3413 3016 3483 άπερ
3042 3409 3320 3464 ἐπιπλείον
3343 3407 3649 3479 βασανίζειν

367 3513 859 3588 πνευματικώτερα
881 3516 1028 3580 ὄντα,
1054 3529 1148 3571 και
1175 3519 1316 3572 κατὰ
1348 3519 1517 3589 μόνην
1542 3517 1780 3571 διάνοιαν
1805 3511 2188 3582 ἀποδιδόμενα,
2223 3507 2286 3561 οὒ
2318 3509 2419 3580 τῆς
2447 3507 2731 3579 παρούσης
2763 3507 3146 3580 πραγματείας
3179 3505 3458 3576 τυγχάνει.

887 3633 1282 3687 ΚΕΦΑΛΑΙΟΝ
1307 3635 1430 3689 ΚΕ¹.

446 3741 466 3774 ι
503 3722 687 3788 Οὕτως
717 3724 864 3795 λέγει
895 3724 1099 3798 Κύριος
1124 3744 1136 3756 ·
1175 3727 1330 3779 Ποῖον
1358 3727 1516 3780 τοῦτο
1545 3726 1607 3780 τὸ
1630 3725 1832 3798 βιϐλίον
1861 3721 1952 3776 τοῦ

368 3815 698 3869 ἀποστασίου
724 3817 822 3887 τῆς
843 3818 1047 3889 μητρὸς
1073 3817 1246 3888 ὑμῶν,
1277 3811 1322 3886 ᾧ
1355 3817 1711 3885 ἐξαπέστειλα
1740 3817 1913 3886 αὑτήν
1939 3832 1953 3881 ;

370 3906 402 3976 ἢ
437 3906 543 3960 τίνι
572 3908 824 3980 ὑπόχρεῳ
847 3910 1106 3981 πέπρακα
1133 3912 1310 3981 ύμᾶς;
1355 3911 1486 3966 Ἰδοὺ
1513 3915 1632 3975 ταῖς
1661 3911 1957 3983 ἁμαρτίαις

371 3999 526 4069 ὑμῶν
560 3999 855 4071 ἐπράθητε,
894 4001 986 4054 καὶ
1009 4005 1126 4065 ταῖς
1150 4003 1399 4074 ἀνομίαις
1427 4003 1579 4074 ὑμῶν
1604 4002 1960 4068 ἐξαπέστειλα

370 4091 468 4163 τὴν
503 4092 713 4164 μητέρα
735 4093 914 4168 ὑμῶνς
950 4093 1084 4147 διότι
1110 4091 1293 4165 ἦλθον,
1318 4097 1412 4149 καὶ
1446 4097 1544 4149 οὐκ
1577 4093 1643 4168 ἦν
1673 4095 1960 4167 ἄνθρωπος

369 4181 400 4232 6
429 4179 718 4234 ὑπακούων
742 4195 756 4209 °
798 4182 872 4254 μὴ
900 4183 1004 4236 οὐκ
1030 4183 1202 4254 ἰσχύει
1227 4186 1261 4256 ἡ
1288 4186 1408 4257 χείρ
1429 4203 1529 4257 μου
1544 4187 1637 4240 τοῦ
1658 4186 1920 4258 ῥύσασθαι
1942 4202 1958 4250 ;

371 4273 404 4342 ἢ
445 4273 544 4326 οὐκ
573 4272 744 4342 ἰσχύει
807 4273 899 4326 τοῦ
958 4274 1278 4340 ἐξελέσθαι;
1334 4277 1580 4348 Ἰδοὺ-τῷ.
1605 4277 1822 4349 ἐλεγμῴ
1856 4296 1959 4349 μου

281 4423 283 4426 ι
370 4363 705 4436 ἐξερημώσω
736 4365 834 4436 τὴν
873 4365 1166 4432 θάλασσαν,
1202 4369 1297 4428 καὶ
1352 4367 1500 4439 θήσω
1533 4370 1812 4439 ποταμοὺς
1840 4370 1962 4442 ἐρή-

374 4473 530 4527 μους,
585 4457 679 4509 καὶ
723 4455 1150 4529 ξηρανθήσονται
1203 4462 1253 4512 οῑ
1293 4459 1473 4530 ἰχθύες
1528 4460 1710 4514 αὐτῶν
1739 4460 1960 4515 ἀπὸτοῦ

373 4546 448 4619 μὴ
479 4543 616 4600 εἶναι
647 4546 818 4618 ὕδωρ,
867 4551 962 4602 καὶ
991 4550 1389 4605 ἀποθανοῦνται
1432 4555 1490 4606 ἐν
1521 4552 1685 4623 δίψει.
1729 4553 1962 4606 Ἐνδύσω

368 4637 460 4690 τὸν
485 4638 711 4710 οὐρανὸν
748 4639 956 4704 σκότος,
993 4643 1086 4694 καὶ
1123 4643 1198 4706 ὼς
1232 4643 1434 4698 σάκκον
1465 4644 1614 4714 θήσω
1645 4645 1706 4698 τὸ
1741 4645 1964 4716 περιϐό-

369 4727 521 4780 λαιον
556 4728 742 4780 αὐτοῦ.
775 4727 976 4800 Κύριος
1009 4730 1214 4801 Κύριος
1244 4731 1425 4785 δίδωσί
1458 4751 1546 4804 μοι
1572 4733 1820 4802 γλῶσσαν
1841 4751 1963 4787 παι-

368 4819 539 4884 δείας,
579 4820 673 4873 τοῦ
707 4820 908 4890 γνῶναι
932 4821 1091 4892 ἡνίκα
1124 4822 1206 4875 δετ
1244 4825 1421 4878 εἰπεῖν
1463 4825 1651 4895 λόγον’
1686 4827 1847 4896 ἔθηκέ
1873 4845 1963 4897 μοι

372 4913 536 4984 πρωῒ,
563 4912 707 4983 πρωῒ
745 4912 1048 4988 προσέθηκέ
1099 4931 1187 4979 μοι
1209 4914 1369 4968 ὠτίον
1385 4917 1625 4981 ἀκούειν,
1648 4919 1742 4972 καὶ
1771 4920 1803 4988 ἡ
1837 4937 1961 4972 παι-

368 5005 485 5057 δεία
510 5005 714 5075 Κυρίου
737 5005 940 5075 ἀνοίγει
973 5024 1073 5077 μου
1102 5007 1171 5060 τά
1195 5000 1326 5060 ὦτα.
1367 5007 1508 5076 Ἐγὼ
1524 5009 1582 5061 δὲ
1615 5009 1714 5062 οὐκ
1747 5008 1959 5064 ἀπειθῶ
1991 4993 2033 5048 D

371 5093 493 5146 οὐδὲ
534 5092 834 5161 ἀντιλέγωσ
867 5095 958 5147 τὸν
1011 5095 1174 5149 νῶτόν
1221 5114 1320 5167 μου
1349 5096 1524 5151 ἔδωκα
1557 5100 1636 5162 εἰς
1669 5099 1957 5168 μάστιγας,

369 5183 470 5246 τὰς
527 5184 584 5237 δὲ
620 5186 876 5253 σιαγόνας
918 5203 1019 5256 μου
1055 5189 1133 5251 είς
1166 5189 1508 5260 ῥαπίσματα,
1565 5190 1625 5241 τὸ
1681 5189 1737 5244 δὲ
1788 5190 1958 5264 πρόσ-

369 5277 520 5329 ωπόν
541 5293 641 5346 μου
663 5276 761 5329 οὐκ
777 5277 1097 5350 ἀπέστρεψα
1123 5280 1229 5333 ἀπὸ
1246 5281 1505 5352 αἰσχύνης
1527 5282 1954 5352 ἐμπτυσμάτων·

369 5368 466 5423 καὶ
500 5368 703 5442 Κύριος
757 5369 963 5442 Κύριος
993 5372 1183 5442 βοηθός
1232 5391 1333 5444 μου
1363 5373 1589 5446 ἐγενήθη
1619 5391 1633 5405 δ
1679 5373 1767 5426 διὰ
1799 5374 1959 5427 τοῦτο

371 5457 470 5512 οὐκ
495 5457 820 5528 ἐνετράπην,
855 5458 968 5510 ἀλλ’
1003 5459 1174 5530 ἔθηκα
1206 5463 1267 5514 τὸ
1294 5463 1582 5534 πρόσωπόν
1614 5481 1714 5533 μου
1739 5463 1814 5526 ὡς
1845 5463 1954 5516 ἐτέ-

376 5564 474 5618 ραν
492 5548 758 5618 (στερεὰν)
779 5549 1015 5621 πέτρανο
1047 5554 1140 5605 καὶ
1161 5552 1448 5621 ἔγνων,ὃτι
1466 5555 1525 5606 οὐ
1553 5553 1626 5625 μὴ
1653 5553 1949 5624 αἰσχυνθῶ,

371 5641 453 5698 ὅτι
486 5639 692 5710 ἐγγίζει
717 5659 807 5710 μοι
830 5645 859 5696 6
885 5643 1181 5710 δικαιώσας
1211 5665 1277 5718 με
1297 5665 1309 5678 ·
1337 5648 1420 5712 τίς
1441 5650 1468 5700 6
1495 5650 1809 5722 κρινόμενός
1835 5665 1946 5719 μοις

372 5733 798 5802 ἐγγισάτω.1δοὺ
822 5735 1023 5805 Κύριος
1049 5738 1252 5809 Κύριος
1287 5740 1471 5810 βοηθεῖ
1505 5757 1614 5811 μοι·
1651 5741 1734 5806 τίς
1767 5739 1950 5794 κακῶ-

2621 3624 2850 3680 CAPUT
2888 3623 3055 3680 XXV.

2142 3737 2161 3771 ι
2204 3719 2296 3775 Sic
2323 3719 2458 3774 dicit
2486 3719 2750 3773 Dominus
2785 3735 2799 3773 :
2837 3716 3027 3783 Qualis
3047 3723 3132 3771 est
3153 3714 3242 3768 hic
3269 3712 3409 3767 liber
3431 3709 3646 3780 repudii

2062 3818 2259 3876 matris
2308 3821 2527 3877 vestrm,
2556 3828 2667 3882 quo
2714 3809 2900 3865 dimisi
2950 3808 3112 3863 eam?
3143 3809 3248 3860 Aut
3292 3805 3381 3858 cui
3411 3804 3644 3859 debitori

2060 3908 2282 3968 vendidi
2307 3907 2459 3974 γοεζῖ
2483 3903 2624 3958 Ecce
2644 3902 2886 3973 peccatis
2915 3899 3113 3954 vestris
3147 3894 3353 3950 venditi
3390 3893 3546 3959 estis,
3588 3901 3658 3954 et,

2064 3999 2450 4074 iniquitatibus
2476 3996 2679 4052 ves’tris
2715 3993 2873 4049 emisi
2919 3999 3149 4046 matrem
3193 3996 3429 4042 vestram
3467 4005 3479 4038 :
3508 4000 3646 4056 quo-

2060 4096 2210 4151 niam
2239 4091 2386 4156 veni,
2413 4098 2464 4146 et
2491 4104 2601 4143 non
2629 4093 2748 4143 erat
2783 4085 2947 4140 homo
2979 4083 3071 4154 qui
3105 4081 3338 4135 audiret.
3385 4077 3667 4148 Nunquidi

2065 4203 2175 4242 non
2203 4191 2384 4256 potest
2439 4195 2639 4236 manus
2671 4193 2790 4234 mea
2814 4175 3090 4232 liberare?
3121 4183 3214 4228 aut.
3241 4171 3489 4243 nunquid
3534 4183 3652 4226 non.

2065 4293 2292 4352 possum
2329 4274 2580 4347 eripere?
2611 4271 2753 4327 Ecce
2779 4271 2833 4326 in
2877 4268 3254 4338 increpatione
3304 4279 3425 4321 mea
3456 4263 3650 4319 deser-

2064 4383 2182 4428 tum
2212 4371 2409 4426 faciam
2437 4383 2585 4422 mare
2619 4380 2852 4436 :ponam
2878 4363 3102 4417 ﬂumina
3129 4362 3187 4416 in
3231 4361 3436 4416 siccum
3458 4375 3474 4427 ;
3498 4371 3650 4412 com-

2064 4469 2385 4536 putrescent
2438 4460 2617 4531 pisces
2652 4458 2772 4514 sine
2819 4468 2985 4526 aqua,
3013 4461 3069 4509 et
3105 4452 3411 4506 morientur
3437 4449 3494 4503 in
3533 4448 3648 4513 sita,

2063 4555 2291 4611 lnduam
2317 4553 2486 4608 caelos
2527 4548 2784 4612 tenebris,
2803 4555 2855 4602 et
2885 4560 3106 4602 saccum
3127 4559 3323 4616 ponam
3343 4541 3651 4609 Operimcn-

2064 4657 2178 4702 tum
2207 4660 2419 4700 eorum.
2453 4643 2718 4697 Dominus
2751 4638 3015 4692 Dominus
3059 4635 3210 4691 dedit
3242 4634 3373 4688 mihi
3409 4633 3682 4700 linguam.

2063 4739 2425 4800 eruditam,ut
2443 4735 2612 4792 sciam
2629 4747 2916 4804 usquequo
2937 4737 3185 4802 oporteat
3201 4727 3383 4782 dicere
3398 4723 3620 4779 verbum

2066 4832 2237 4901 Erigit
2266 4825 2446 4893 inane,
2482 4843 2640 4882 mane
2686 4826 2850 4896 erigit
2899 4823 3031 4878 mihi
3081 4835 3293 4886 aurem,
3335 4825 3394 4877 ut
3428 4815 3666 4884 audiam,

2067 4923 2226 4994 quasi
2263 4922 2611 4991 magistrum.
2655 4918 2923 4972 Dominus
2959 4915 3101 4970 Deus
3133 4911 3348 4987 aperuit
3383 4909 3516 4964 mihi
3548 4923 3659 4973 ιιιι·Ζ

2063 5029 2177 5068 rem
2200 5031 2215 5078 ς
2238 5027 2339 5081 830
2371 5019 2553 5066 autem
2589 5025 2698 5065 non
2719 5019 3010 5063 contumax
3041 5018 3182 5065 sum,
3216 5015 3392 5071 neque
3426 5009 3648 5056 contra-

2064 5105 2236 5159 dico:
2283 5111 2496 5174 tergum
2530 5117 2710 5157 meum
2762 5098 2886 5154 dedi
2924 5097 2979 5150 in
3023 5093 3258 5174 flagella,
3295 5104 3350 5146 et
3394 5091 3668 5152 maxillas.

2062 5210 2216 5250 meas
2236 5195 2289 5248 in
2315 5194 2533 5263 alapas;
2560 5192 2750 5246 faciem
2779 5201 2907 5243 vero
2933 5201 3106 5241 meam
3132 5200 3242 5240 non
3268 5183 3440 5238 averti
3467 5198 3496 5235 a
3519 5197 3647 5252 pro-

2062 5287 2162 5342 bro
2186 5295 2496 5357 sputorum.
2522 5283 2786 5336 Dominus
2809 5280 2950 5335 Deus
2978 5278 3273 5332 auxiliator
3293 5291 3448 5332 meus
3467 5274 3662 5330 factus.

2061 5384 2176 5432 est:
2196 5376 2318 5431 ideo
2335 5391 2442 5430 non
2460 5389 2580 5430 sum
2609 5370 2908 5437 confusus;
2937 5370 3057 5424 ideo
3077 5367 3234 5439 posui
3249 5367 3444 5422 faciem
3466 5378 3648 5421 meam

2059 5476 2123 5522 ut
2153 5475 2359 5538 petram
2389 5465 2765 5529 durissimam,
2790 5470 2844 5516 et
2859 5461 2976 5517 scio
3000 5461 3387 5532 quoniamnon
3419 5456 3648 5512 confun-

2061 5559 2180 5613 dar.
2233 5557 2396 5613 Juxta
2418 5566 2502 5612 est
2540 5556 2634 5625 qui
2684 5552 2964 5623 justiﬁeat,
2992 5568 3076 5607 me
3111 5551 3276 5622 :quis
3302 5548 3650 5605 contradicat

2061 5650 2238 5705 mihi?
2270 5648 2507 5704 Accedat
2536 5645 2604 5700 ad
2631 5660 2736 5699 me.
2771 5643 2911 5704 Ecce
2939 5643 3203 5698 Dominus
3234 5641 3378 5698 Deus
3413 5638 3646 5696 auxilia-

2059 5749 2148 5796 tor
2172 5755 2325 5796 meus
2363 5760 2373 5794 :
2405 5739 2528 5810 quis
2556 5749 2640 5796 est
2667 5737 2756 5813 qui
2785 5737 3112 5795 condemnet
3141 5735 3262 5790 me?
3283 5732 3421 5790 Ecce
3456 5746 3658 5788 omna

449 5889 471 5925 ί
499 5888 616 5946 Gal.
649 5908 734 5961 ιιι,
773 5893 875 5961 lt;
911 5892 1073 5951 Hebr.
1108 5895 1304 5964 111,2;
1373 5896 1514 5952 Phil.
1543 5915 1601 5963 ιι,
1632 5900 1681 5953 8.
1771 5901 1787 5930 '
1824 5899 2044 5971 Seps",
2089 5898 2170 5954 l5.
