4100 6430
490 451 626 508 159

1169 443 1433 513 EUSEBII
1475 434 1946 502 CxESARlENSlS
1985 443 2134 500 OPP.
2177 440 2354 494 PARS
2395 441 2483 495 lll.
2518 471 2589 483 --
2627 424 3028 492 EXEGETICA.

3583 429 3718 484 tam

488 586 585 624 vos
625 568 780 638 quasi
811 568 1186 622 vestimentum
1235 566 1601 628 veterascetis,
1639 565 1779 618 tinea
1808 562 2026 618 comede

2157 576 2236 612 σει
2272 576 2372 629 με;
2415 557 2542 610 Ἰδοὺ
2597 556 2792 616 πάντες
2830 555 2984 622 ὑμεῖς
3031 550 3105 612 ὡς
3153 549 3362 620 ίματίον
3403 547 3714 618 παλαιωθὴ-

485 677 602 716 vos.
645 659 778 725 Quis
802 675 864 714 ex
898 659 1052 713 vobis
1087 660 1283 712 timens
1310 655 1633 711 Dominum?
1655 654 1837 708 audiat
1862 670 2046 708 vocem

487 753 642 808 servi-
678 752 815 820 ejus.
873 751 1230 805 Ambulantes
1263 750 1317 804 in
1349 749 1609 811 tenebris,
1639 757 1692 802 et
1724 763 1828 800 non
1861 755 1943 802 est
1971 747 2051 800 eis

485 844 608 908 lux,
639 841 896 898 confidite
926 842 980 896 in
1016 842 1236 896 nomine
1269 839 1504 904 Domini,
1533 847 1586 894 et
1617 838 1911 893 innitimini
1941 837 2049 891 Deo

482 944 688 990 vestro.
724 935 862 989 Ecce
887 948 1078 988 omnes
1108 949 1204 987 vos
1238 932 1414 1003 ignem
1440 930 1754 993 incenditis,
1789 929 2051 984 corrobo-

482 1029 618 1082 ratis
645 1025 935 1080 ﬂammam.
969 1024 1256 1079 Ambulate
1294 1026 1347 1078 in
1371 1023 1571 1078 lumine
1604 1022 1746 1093 ignis
1767 1023 1955 1085 vestri,
1995 1030 2047 1075 et

479 1119 696 1173 ﬂamma
729 1133 892 1187 quam
952 1116 1302 1171 accendistis.
1343 1115 1574 1186 Propter
1622 1130 1708 1169 me
1751 1113 1890 1167 facta
1922 1124 2048 1167 sunt

482 1211 598 1264 haec
631 1209 808 1274 vobis,
845 1210 901 1264 in
928 1208 1149 1262 tristitia
1178 1205 1463 1261 dormietis
1490 1207 1528 1260 ¹.
1554 1224 1570 1255 ι
1596 1203 1883 1259 Manifeste
1915 1203 2046 1258 Ver-

476 1304 532 1359 bi
571 1302 834 1358 divinitas
875 1301 944 1356 iis
974 1315 1096 1371 quae
1127 1299 1416 1353 retulimus
1462 1295 1788 1360 ostenditur,
1826 1306 1877 1350 et
1906 1310 2044 1364 quo-

479 1395 626 1448 niam
671 1391 1038 1448 incarnationi
1091 1405 1204 1446 suae
1242 1389 1665 1459 praeexsisteret,
1698 1395 1752 1442 et
1773 1385 2048 1456 quomodo

476 1485 656 1540 factus
686 1485 850 1539 homo
876 1483 992 1537 hac
1029 1495 1295 1551 passurus
1325 1487 1470 1534 esset
1497 1494 1616 1547 qua:
1639 1478 1694 1531 in
1737 1477 2042 1548 Evangeliis

478 1575 681 1644 scripta
711 1581 856 1628 sunt.
894 1571 1030 1636 Quis
1061 1570 1207 1625 enim
1239 1571 1378 1624 alius
1411 1577 1556 1624 esset
1587 1568 1813 1622 dicens:
1843 1587 1860 1618 ι
1902 1567 2044 1621 Nun-

475 1666 604 1737 quid
661 1681 769 1720 non
805 1672 981 1733 potest
1013 1677 1208 1716 manus
1233 1676 1372 1724 mea,
1408 1679 1426 1710 ι
1461 1667 1514 1714 et
1544 1674 1663 1730 quin
1716 1667 2038 1729 sequuntur,

476 1774 649 1828 usque
680 1757 747 1810 ad
777 1757 901 1810 illa:
941 1773 958 1805 ι
991 1754 1213 1808 Induam
1246 1753 1414 1808 caelos
1445 1753 1708 1818 tenebris,
1740 1760 1794 1807 et
1821 1768 2039 1808 saccum

474 1864 672 1920 ponam
714 1848 1108 1918 operimentum
1157 1859 1368 1908 eorum,
1407 1863 1426 1896 ι
1477 1845 1582 1899 nisi
1623 1844 1716 1899 Dei
1761 1844 2038 1900 Verbum?

473 1938 595 2008 ipse
646 1939 811 2002 enim,
840 1937 926 1991 bis
967 1935 1152 1999 dictis,
1204 1934 1424 2004 subjicit
1458 1953 1471 1989 :
1513 1953 1532 1986 ‹
1591 1933 1856 1989 Dominus
1893 1935 2040 1990 dedit

474 2029 607 2084 mihi
645 2029 886 2098 linguam
913 2026 1208 2090 eruditam,
1241 2037 1301 2078 ut
1341 2026 1511 2081 sciam
1560 2041 1844 2096 usquequo
1874 2017 2038 2096 op'or-

469 2128 580 2176 teat
608 2119 791 2174 dicere
818 2118 1042 2173 verbum
1065 2134 1079 2183 ;
1103 2137 1123 2170 ›
1159 2133 1460 2187 rursusque
1484 2118 1689 2188 reliqua
1713 2117 1918 2186 adjicit.
1956 2117 2040 2172 di-

471 2227 602 2265 cens
627 2227 640 2263 :
682 2230 700 2262 (
729 2209 840 2282 Ego
859 2217 1044 2264 autem
1072 2224 1181 2264 non
1217 2216 1512 2263 contumax
1542 2226 1684 2272 sum.
1712 2226 1888 2278 neque
1906 2225 2038 2262 con-

469 2301 681 2355 tradico
716 2319 728 2354 :
762 2308 974 2371 tergum
1007 2316 1184 2354 meum
1219 2301 1339 2355 dedi
1377 2302 1430 2354 in
1456 2300 1690 2372 ﬂagella,
1711 2309 1764 2356 et
1787 2302 2037 2356 maxillas

467 2407 616 2446 meas
662 2392 716 2446 in
746 2393 955 2463 alapas,
994 2411 1014 2443 ι
1049 2400 1103 2447 et
1137 2402 1528 2462 externusque
1562 2393 1628 2446 ad
1669 2392 1805 2459 illa_:
1841 2411 1860 2443 ‹
1889 2392 2038 2457 Quo-

469 2483 616 2536 niam
659 2484 816 2552 juxta
862 2490 946 2538 est
978 2483 1071 2553 qui
1117 2483 1384 2554 justiﬂeat
1437 2499 1543 2539 me.
1581 2503 1600 2536 ι
1640 2482 1837 2553 Reipsa
1887 2485 2032 2538 enim

469 2589 688 2642 passum
718 2572 890 2629 fuisse
935 2573 1173 2630 dicimus
1198 2573 1462 2638 Verbum,
1498 2574 2035 2644 compatientemque

462 2677 623 2732 quem
655 2665 896 2734 suscepit
918 2663 1214 2719 hominem.
1238 2662 1525 2720 Nescimus
1554 2664 1720 2734 igitur
1751 2679 1821 2719 an
1853 2666 2034 2735 aliqua

461 2757 638 2826 possit
675 2755 742 2811 de
772 2757 876 2811 hac
906 2756 1193 2828 prophetia
1241 2757 1384 2813 ratio
1423 2758 1539 2812 dari
1577 2759 1645 2812 ab
1676 2759 1744 2814 iis
1773 2760 1866 2830 qul
1921 2776 2031 2814 non

462 2848 754 2901 admittunt
783 2847 1074 2918 quamdam
1127 2864 1252 2905 esse
1310 2849 1608 2905 secundam
1665 2851 2031 2906 substantiam

462 2936 556 2992 Dei
585 2937 766 3002 Verbi,
800 2948 924 3009 post
957 2941 1222 3010 primam,
1250 2946 1304 2995 et
1337 2941 1644 2996 increatum
1677 2941 1892 2997 Patrem
1915 2957 2031 2997 om-

457 3027 719 3098 niumque
746 3027 936 3084 Deum.
958 3029 1069 3084 Nos
1096 3039 1276 3085 autem
1300 3040 1445 3087 recte
1472 3047 1793 3102 persuasum
1822 3034 2027 3090 haben-

455 3126 540 3172 tes
577 3119 723 3174 hunc
751 3135 875 3175 esse
902 3136 1093 3176 revera
1127 3121 1304 3182 Deum
1346 3121 1582 3178 Verbum
1625 3125 2024 3191 existimamus,

455 3211 547 3280 qui
577 3218 632 3264 et
655 3210 744 3264 hic
773 3211 917 3266 inter
937 3221 1133 3266 caetera
1159 3213 1326 3268 dicit:
1365 3233 1384 3266 ι
1413 3213 1638 3270 lnduam
1667 3218 1836 3272 caelos
1865 3225 2018 3274 tene-
2051 3238 2095 3299 ο

455 3297 594 3359 bris,
626 3315 644 3348 ›
672 3297 1006 3368 subjicitque
1025 3316 1092 3356 ex
1124 3316 1357 3372 persona
1397 3319 1562 3373 quam
1608 3309 1905 3377 assumpsit
1925 3308 2024 3364 ho-

455 3388 643 3453 minis,
675 3408 694 3440 c
730 3387 994 3447 Dominus
1013 3392 1160 3446 dedit
1198 3395 1328 3448 mihi
1357 3395 1598 3468 linguam
1628 3385 1922 3465 eruditam,
1963 3408 2023 3454 ut

453 3480 625 3534 sciam
661 3497 946 3552 usquequo
975 3493 1224 3554 oporteat
1263 3487 1445 3543 dicere
1483 3489 1729 3545 verbum.
1773 3510 1793 3543 ι
1823 3491 2024 3557 Quem-

450 3586 578 3624 nam
607 3588 736 3626 vero
760 3574 927 3627 alium
957 3576 1066 3630 nisi
1094 3575 1430 3632 Salvatorem
1464 3560 1718 3635 nostrum.
1744 3582 2019 3638 hominem

451 3660 652 3716 factum
687 3665 903 3719 deceret
936 3665 1050 3721 haec
1083 3683 1297 3738 quoque
1326 3669 1509 3724 dicere
1541 3691 1552 3724 :
1596 3689 1615 3722 ι
1654 3673 1788 3738 Quis
1808 3682 2022 3729 contra-

450 3751 592 3806 dicet
639 3753 1039 3810 mihi?stemus
1086 3757 1283 3825 simul;
1326 3777 1345 3810 ι
1383 3761 1466 3815 vel
1513 3761 1580 3817 de
1613 3779 1720 3833 quo
1755 3764 1867 3820 haec
1908 3767 2017 3822 dici

449 3851 691 3912 possent,
715 3845 781 3899 ab
807 3847 916 3901 illis
948 3867 960 3902 :
989 3866 1010 3898 ι
1034 3847 1168 3914 Quis
1190 3867 1258 3904 ex
1291 3852 1442 3906 vobis
1469 3853 1667 3910 timens
1698 3855 2016 3915 Dominum?

447 3931 634 3985 audiat
669 3949 854 3988 vocem
904 3938 1047 3991 servi
1075 3938 1216 4008 ejus,
1254 3957 1274 3990 ι
1307 3941 1411 3994 nisi
1475 3943 1542 3998 de
1597 3945 1716 3999 solo
1773 3944 2014 4013 Christo,

445 4025 537 4094 qui
566 4025 722 4094 juxta
771 4027 1086 4098 Scripturas
1117 4031 1467 4101 ignominiam
1499 4036 1776 4107 despexit,
1825 4041 2015 4095 exina-

442 4116 603 4172 niens
629 4121 1005 4190 semetipsum,
1035 4130 1089 4177 et
1123 4139 1295 4196 usque
1333 4126 1400 4179 ad
1431 4125 1640 4199 ﬂagella
1669 4130 2012 4199 humiliatus,

441 4211 911 4273 cum,secundum
942 4211 1008 4268 de
1033 4212 1150 4284 ipso
1170 4217 1507 4287 prophetiam
1533 4219 1859 4293 ﬂagellatum
1890 4240 2014 4280 eum

441 4297 650 4356 Pilatus
675 4303 904 4357 tradidit
938 4306 1402 4378 cruciligendum;
1433 4320 1562 4366 tunc
1583 4329 1800 4385 quoque
1829 4317 2014 4388 alapas

440 4402 496 4445 et
526 4401 687 4462 sputa
721 4397 963 4464 pertulit,
995 4413 1118 4453 cum
1147 4398 1218 4454 ad
1249 4401 1369 4472 ejus
1401 4403 1564 4459 verba
1597 4415 1776 4462 vestes
1803 4408 2009 4464 dilace-

438 4497 571 4536 rans
608 4498 856 4540 summus
885 4487 1146 4543 sacerdos
1175 4504 1298 4544 eum
1331 4490 1800 4561 blasphemavisse
1827 4496 2009 4548 excla-

2152 648 2327 711 σεσθε,
2353 647 2446 698 καὶ
2474 646 2569 716 σὴς
2599 641 2970 711 καταφάγεται
2995 640 3155 710 ὑμᾶς.
3188 638 3282 702 Τίς
3313 641 3371 692 ἐν
3402 639 3528 709 ὑμῖν
3555 641 3583 691 ὁ
3623 655 3718 706 φο-

2149 737 2408 808 ϐούμενος
2469 737 2558 789 τὸν
2610 734 2843 805 Κύριονς
2883 731 3244 784 ύπακουσάτω
3275 733 3374 800 τῆς
3404 731 3585 799 φωνῆς
3619 729 3713 782 τοῦ

2149 826 2335 889 παιδὸς
2390 825 2585 878 αὑτοῦ·
2639 826 2687 876 oi
2733 821 3097 893 πορευόμενοι⁴
3123 824 3179 873 ἐν
3214 821 3414 884 σκότει,
3457 821 3550 873 καὶ
3615 821 3715 874 οὐκ

2147 918 2293 970 ἐστιν
2314 917 2493 979 αὑτοῖς
2527 914 2660 983 φῶς,
2696 912 2987 966 πεποίθατε
3022 912 3113 964 ἐπὶ
3133 911 3208 982 τῷ
3234 912 3455 981 ὀνόματι
3482 911 3710 979 Κυρίου,

2147 1009 2242 1060 καὶ
2268 1007 2715 1076 ἀντιστηρίσασθε
2763 1005 2853 1056 ἐπὶ
2885 1002 2962 1072 τῷ
2989 1003 3126 1072 Θεῷ.
3174 1001 3299 1057 Ἰδοὺ
3327 1003 3526 1065 πάντες
3558 1003 3714 1072 ὑμεῖς

2149 1099 2260 1168 πῦρ
2289 1097 2494 1159 καίετε,
2549 1094 2644 1148 καὶ
2689 1092 3004 1161 κατισχύετε
3048 1093 3219 1161 φλόγα
3247 1109 3259 1122 ·
3295 1093 3590 1164 πορεύεσθε
3634 1093 3722 1165 τῷ

2147 1190 2288 1258 φωτὶ
2315 1187 2405 1240 τοῦ
2437 1185 2608 1257 πυρὸς
2639 1183 2814 1255 ὑμῶν,
2866 1185 2960 1237 καὶ
2988 1187 3054 1254 τῆ
3098 1184 3256 1252 φλογὶ
3361 1184 3710 1250 ἐξεκαύσατε.

2145 1283 2220 1333 Δι’
2243 1280 2342 1349 ἐμὲ
2359 1278 2574 1346 ἐγένετο
2599 1276 2768 1330 ταῦτα
2798 1277 2945 1345 ὑμῖν,
2968 1277 3026 1327 ἐν
3058 1273 3202 1346 λύπῃ
3231 1275 3646 1346 κοιμηθήσεσθε.
3685 1296 3711 1328 ι

2145 1371 2335 1439 Σαφῶς
2365 1372 2397 1439 ἡ
2426 1368 2520 1422 τοῦ
2536 1369 2706 1438 Λόγου
2737 1366 2926 1436 θεότης
2961 1366 3167 1420 καὶδιά
3198 1366 3305 1420 τῶν
3339 1368 3712 1438 προκειμένων

2144 1461 2543 1526 ἀποδείκνυται,
2563 1461 2642 1513 ὃτι
2659 1477 2715 1513 τε
2745 1460 3097 1532 προϋπῆρχεν
3113 1459 3212 1529 τῆς
3227 1458 3542 1529 ἐνανθρωπὴ
3552 1476 3707 1523 σεως,

2145 1552 2238 1603 καὶ
2271 1551 2345 1614 ὡς
2374 1549 2795 1621 ἐνανθρωπήσας
2826 1547 3000 1601 ταῦτα
3040 1547 3268 1617 πάσχειν
3297 1547 3525 1616 ἤμελλεν
3551 1547 3586 1600 ἃ
3616 1549 3712 1602 καὶ

2143 1646 2201 1694 ὲν
2229 1644 2342 1705 τοῖς
2376 1639 2725 1708 Εὑαγγελίοις
2740 1638 3168 1708 ἀναγέγραπται.
3200 1637 3294 1701 Τίς
3321 1637 3430 1710 γὰρ
3457 1638 3523 1692 ἂν
3554 1639 3710 1702 ἄλλος

2141 1732 2226 1804 εἴη
2291 1734 2320 1785 6
2376 1733 2619 1801 φάσκων·
2651 1749 2669 1781 ι
2705 1730 2798 1801 Μὴ
2835 1730 2936 1784 οὐκ
2972 1731 3143 1800 ἰσχύει
3175 1731 3207 1799 ἡ
3242 1728 3361 1800 χείρ
3395 1747 3516 1800 μου,
3557 1748 3574 1780 ι
3613 1731 3715 1783 καὶ,

2140 1825 2206 1878 τὰ
2235 1825 2362 1894 ἑξῆς
2408 1823 2512 1886 ἓως
2555 1822 2668 1876 τοῦ·
2698 1841 2717 1874 ι
2752 1821 2984 1875 Ἐνδύσω
2997 1823 3087 1874 τὸν
3123 1821 3347 1891 οὐρανὸν
3377 1821 3587 1886 σκότος,
3615 1823 3712 1876 καὶ

2139 1916 2214 1979 ὼς
2249 1917 2447 1969 σάκκον
2479 1915 2540 1968 τὸ
2571 1913 2909 1986 περιϐόλαιον
2930 1911 3111 1976 αὐτοῦ,
3150 1930 3168 1962 ι
3198 1910 3231 1981 ἡ
3261 1910 3400 1964 ότοῦ
3437 1911 3570 1964 Θεοῦ
3603 1913 3710 1964 Λό-

2146 2025 2269 2076 γος;
2301 2007 2470 2069 Αὐτὸς
2531 2006 2596 2078 δὴ
2638 2002 2752 2070 οὖν,
2796 2005 2865 2057 τά
2891 2002 3190 2074 τηλικαῦτα
3224 2001 3410 2067 εἰπὼν,
3457 2003 3705 2074 ἐπιφέρει

2139 2099 2342 2167 λέγων⁸
2378 2117 2395 2149 ι
2433 2097 2636 2168 Κύριός
2668 2114 2759 2167 μοι
2789 2095 2968 2149 δίδωσι
3022 2092 3270 2163 γλῶσσαν
3319 2094 3566 2157 παιδείας
3608 2093 3706 2148 τοῦ

2138 2193 2339 2259 γνῶναι
2398 2191 2560 2261 ἡνίκα
2602 2191 2682 2243 δεῖ
2710 2192 2882 2243 εἰπεῖν
2927 2187 3080 2257 λόγον
3100 2204 3114 2216 ο
3145 2206 3163 2236 ι
3189 2186 3282 2238 καὶ
3313 2183 3468 2250 αὖθις
3511 2186 3706 2255 ἐπάγει

2140 2283 2312 2355 [vs-.51]
2360 2281 2427 2334 τὰ
2482 2280 2644 2334 λοιπά
2693 2281 2946 2350 φάσκων·
3000 2299 3018 2330 ι
3075 2277 3214 2346 Ἐγὼ
3247 2277 3304 2331 δὲ
3345 2278 3442 2331 οὑκ
3476 2277 3708 2343 ἀπειθῶ,

2135 2375 2256 2427 ούδέ
2288 2373 2550 2441 ἀντιλέγω
2574 2389 2587 2402 °
2619 2372 2708 2425 τὸν
2741 2371 2908 2425 νῶτόν
2931 2361 3030 2440 μου
3054 2369 3272 2424 τέθεικα
3300 2372 3380 2432 είς
3413 2369 3702 2440 μάστιγας,

2137 2467 2235 2530 τὰς
2249 2466 2307 2519 δέ
2341 2466 2590 2534 σιαγόνας
2619 2482 2717 2535 μου
2757 2466 2836 2528 είς
2871 2463 3208 2534 ῥαπίσματα,
3252 2481 3270 2512 ι
3313 2463 3406 2514 καὶ
3438 2461 3506 2514 τὰ
3544 2463 3706 2534 μέχρι

2136 2559 2250 2612 τοῦ·
2283 2577 2301 2608 ι
2336 2558 2459 2610 Ὅτι
2489 2555 2693 2625 ἐγγίζει
2729 2572 2818 2626 μοι
2861 2557 2889 2608 6
2945 2552 3235 2616 δικαιώσας
3277 2570 3363 2623 με.
3407 2571 3425 2604 ι
3464 2553 3702 2624 Δυνάμει

2135 2651 2242 2722 γάρ
2275 2667 2356 2704 τοι
2386 2647 2707 2702 πεπονθέναι
2747 2647 2926 2717 φαμὲν
2956 2647 3047 2699 τὸν
3086 2646 3278 2714 Λόγον,
3316 2647 3703 2717 συμπάσχοντα

2133 2742 2191 2796 δὲ
2243 2743 2302 2796 ὃν
2351 2739 2637 2811 ἀνείληφεν
2692 2737 2961 2810 ἀνθρώπῳ
3004 2738 3066 2808 (Ῑ.
3099 2739 3167 2792 55
3199 2739 3298 2806 νο).
3335 2739 3449 2792 Οὐκ
3481 2738 3704 2810 οἴδαμεν

2134 2830 2228 2887 οὖν
2271 2835 2320 2886 εί
2368 2832 2478 2896 ’έξει
2514 2849 2599 2894 τις
2649 2831 2778 2901 περὶ
2818 2831 2919 2900 τῆς
2961 2829 3330 2902 προκειμένης
3371 2830 3702 2900 προφητείας

2133 2923 2422 2977 ἀποδοῦναι
2456 2922 2632 2990 λόγον,
2667 2922 2740 2992 μὴ
2784 2920 3138 2993 προσιέμενος
3163 2920 3225 2974 τὸ
3260 2916 3397 2973 εἷναί
3429 2938 3550 2974 τινα
3580 2923 3702 2975 δευ-

2130 3013 2294 3086 τέραν
2339 3013 2634 3067 ὑπόστασιν
2662 3011 2754 3065 τοῦ
2797 3010 2933 3064 Θεοῦ
2981 3013 3152 3080 Λόγου
3186 3012 3323 3084 μετά
3352 3011 3450 3084 τὴν
3479 3013 3702 3086 πρώτην

2131 3105 2224 3158 καὶ
2256 3105 2518 3176 ἀγένητον
2547 3104 2636 3158 τὸν
2680 3103 2896 3175 Πατέρα
2916 3103 3012 3157 καὶ
3051 3103 3179 3157 Θεὸν
3201 3103 3309 3156 τῶν
3335 3105 3472 3159 ὅλων
3497 3123 3510 3136 ’
3536 3108 3698 3177 ἡμεῖς

2129 3215 2191 3266 γε
2248 3198 2352 3268 μὴν
2391 3196 2564 3269 ὀρθῶς
2593 3195 2944 3266 πεπεισμένοι
2978 3194 3165 3255 τοῦτον
3199 3194 3462 3266 ὑπάρχειν
3499 3195 3696 3270 δηλαδὴ

2124 3291 2215 3344 τὸν
2247 3291 2378 3344 Θεὸν
2397 3284 2578 3358 ’Λόγον
2601 3288 2899 3360 ἡγούμεθα,
2929 3288 3017 3343 τὸν
3043 3290 3136 3342 καὶ
3167 3290 3394 3343 ἐνταῦθα
3425 3291 3690 3361 φάσκοντα

2128 3383 2264 3454 μετὰ
2298 3383 2404 3436 τῶν
2433 3382 2604 3436 ἄλλων
2631 3381 2690 3434 τό
2710 3397 2722 3410 ·
2753 3400 2772 3432 ί
2805 3381 3035 3434 Ἐνδύσω
3065 3380 3155 3435 τὸν
3191 3383 3416 3454 οὐρανὸν
3449 3384 3689 3448 σκότος,ι

2125 3479 2218 3530 καὶ
2251 3475 2582 3547 ἐπιφέροντα
2624 3475 2690 3527 ὲκ
2720 3472 3010 3545 προσώπου
3054 3466 3114 3526 οὗ
3154 3474 3438 3547 ἀνείληφεν
3485 3473 3696 3544 ἀνθρώ·-

2123 3587 2224 3624 που
2246 3569 2306 3623 τό
2332 3585 2344 3599 ’
2385 3588 2403 3619 ι
2444 3567 2646 3638 Κύριος
2690 3566 2871 3619 δίδωσί
2906 3583 2993 3637 μοι
3021 3566 3272 3634 γλῶσσαν
3307 3567 3569 3632 παιδείας,
3599 3568 3695 3622 τοῦ

2121 3662 2322 3730 γνῶναι
2377 3659 2541 3728 ἡνίκα
2566 3657 2670 3711 .δεί
2722 3659 2892 3710 είπεῖν
2948 3658 3123 3726 λόγον.
3163 3677 3180 3710 ι
3212 3659 3329 3711 Τίνι
3374 3659 3419 3712 δ’
3447 3659 3511 3712 ἂν
3550 3659 3696 3729 ἄλλῳ

2121 3752 2273 3822 παρά
2305 3750 2394 3802 τὸν
2449 3749 2730 3820 ἄνθρωπον
2765 3749 2857 3802 τοῦ
2895 3750 3144 3820 Σωτῆρος
3181 3749 3337 3820 ἡμῶν
3373 3751 3568 3820 πρέποι
3601 3751 3690 3804 λέ·-

2119 3860 2238 3910 γειν
2265 3843 2357 3895 καὶ
2384 3841 2464 3894 τό”
2495 3859 2513 3892 ι
2550 3841 2688 3904 Τίςὸ
2718 3841 3031 3911 κρινόμενός
3061 3858 3173 3910 μοις
3205 3843 3506 3913 ἁντιστὴτω
3533 3860 3638 3913 μοι.
3666 3864 3685 3894 ι

2124 3934 2195 3985 ’Ὴ
2221 3932 2348 4003 περὶ
2371 3932 2515 3994 τίνος
2543 3930 2737 3999 λέγοιτ’
2767 3930 2832 3984 ἂν
2862 3931 2929 3984 τὰ
2955 3932 3062 3984 ἀπὸ
3090 3932 3182 3984 τοῦ
3203 3949 3216 3962 °
3247 3952 3266 3984 ‹
3309 3934 3405 3997 Τίς
3433 3936 3491 3986 ἐν
3516 3935 3642 4005 ύμῖν
3661 3939 3691 3989 6

2119 4023 2448 4094 φοϐούμενος
2475 4023 2566 4076 τὸν
2601 4021 2802 4094 Κύριον
2830 4041 2845 4091 ;
2874 4025 3235 4078 ὑπακουσάτω
3263 4025 3364 4094 τῆς
3386 4027 3568 4096 φωνῆς
3592 4027 3692 4080 τεῦ.

2118 4116 2304 4179 παιδὸς
2331 4114 2515 4178 αὐτοῦ,
2559 4134 2576 4167 ι
2611 4114 2644 4186 ἢ
2683 4115 2823 4190 περὶ.
2847 4116 3007 4186 μόνου
3031 4115 3125 4168 τοῦ
3148 4116 3404 4187 Χριστοῦ,
3430 4117 3521 4170 τοῦ
3547 4117 3689 4172 κατά

2116 4207 2214 4270 τὰς
2245 4206 2468 4278 Γραφάς
2492 4205 2752 4278 αἰσχύνης
2783 4209 3317 4279 καταφρονήσαντος,
3355 4209 3687 4274 κενώσαντός

2115 4316 2173 4351 τε
2212 4299 2401 4352 ἐαυτὸν
2450 4300 2544 4352 καὶ
2577 4299 2737 4370 μέχρι
2790 4299 3068 4370 μαστίγων
3096 4299 3559 4365 ταπεινώσαντος,
3595 4302 3683 4354 ὅτε

2116 4391 2255 4444 κατά
2283 4392 2380 4462 τὴν
2413 4391 2777 4461 προκειμένην
2820 4392 2947 4457 περὶ
2983 4390 3146 4444 αὑτοῦ
3185 4393 3514 4464 προφητείαν
3547 4410 3685 4463 φρα-

2114 4482 2390 4550 γελλώσας
2428 4484 2590 4536 αὐτὸν
2627 4485 2655 4536 6
2683 4483 2910 4547 Πιλάτος
2940 4483 3253 4555 παρέδωκεν
3281 4486 3681 4558 σταυρωθῆναι;

437 4575 626 4628 mavit.
661 4572 816 4630 Tunc
845 4577 988 4630 enim
1045 4590 1378 4649 exspuerunt
1429 4583 1484 4636 in
1540 4581 1733 4636 faciem
1787 4585 1907 4654 ejus
1954 4592 2010 4639 et

2128 4573 2246 4625 Γὸτε
2276 4573 2330 4626 δὲ
2371 4573 2463 4625 καὶ
2498 4573 2814 4644 ῥαπίσματα
2853 4575 2946 4627 καὶ
2992 4577 3345 4648 ἐμπυσμοὺς
3393 4579 3682 4648 ὑπέμενεν,

435 4665 849 4736 colaphizabant
884 4685 1008 4747 eu‘m
1031 4687 1044 4732 ;
1068 4672 1161 4724 alii
1191 4689 1320 4727 vero
1353 4674 1539 4745 alapas
1568 4674 1616 4729 ei
1645 4675 2005 4747 impegerunt,

433 4753 716 4812 dicentes:
755 4777 773 4808 ι
805 4739 1127 4828 PrOplietiza
1159 4762 1339 4826 nobis,
1364 4739 1602 4829 Christe,
1632 4739 1756 4836 quis
1793 4739 1845 4822 te
1885 4782 2009 4836 per-

433 4848 646 4902 cussit?
679 4868 698 4900 ι
733 4848 1001 4906 Videntur
1033 4862 1212 4909 autem
1273 4856 1495 4924 capituli
1526 4857 1692 4927 hujus
1743 4859 1897 4912 initia
1937 4858 2006 4912 ad

428 4935 739 4993 Judaeorum
762 4956 1094 5013 synagogam
1113 4952 1380 5013 spectare.
1418 4964 1437 4996 σ
1483 4945 1626 5002 Ecce
1653 4949 1821 5012 enim,
1863 4968 1880 4999 ι
1907 4951 2002 5012 ait,

434 5041 704 5107 «peccatis
725 5044 922 5099 vestris
949 5045 1326 5114 venditiestis,
1341 5059 1394 5104 et
1412 5051 1792 5122 iniquitatibus
1812 5057 2009 5111 vestris

427 5128 587 5183 emisi
614 5140 843 5187 matrem
872 5144 1133 5190 vestram.
1171 5157 1189 5189 ι
1235 5137 1394 5194 Venit
1420 5142 1565 5196 enim
1605 5162 1622 5196 ι
1665 5145 1732 5197 ad
1768 5147 2005 5213 perditas

435 5251 568 5292 oves
594 5237 790 5296 domus
828 5241 993 5298 Israel
1024 5247 1066 5308 ³,
1109 5264 1127 5296 ι
1169 5253 1223 5300 et
1252 5247 1462 5302 nullum
1495 5250 1700 5304 invenit
1730 5249 1875 5320 apud
1909 5266 2004 5307 eos

432 5338 730 5404 hominem.
760 5348 853 5401 sed
885 5358 941 5402 et
971 5351 1180 5419 primos
1206 5353 1422 5422 quidem
1453 5370 1549 5410 eos
1594 5356 1809 5410 vocavit
1837 5375 1848 5408 :
1893 5373 2006 5410 non

427 5455 606 5501 autem
630 5461 748 5505 erat
779 5455 1013 5524 populus
1044 5458 1291 5513 audiens.
1322 5459 1447 5514 Ideo
1473 5460 1632 5514 dicit:
1656 5479 1673 5511 ι
1701 5461 1826 5515 ldeo
1851 5463 1997 5526 veni,

421 5560 477 5598 et
529 5567 635 5606 non
665 5567 782 5610 erat
835 5557 1018 5624 homo,
1069 5563 1388 5631 vocavique.
1418 5574 1470 5617 et
1520 5564 1704 5619 nullus
1753 5572 1870 5619 erat
1902 5567 1991 5636 qui

421 5658 655 5712 audiret.
693 5681 709 5709 ι
743 5663 1027 5719 Postrema
1081 5683 1210 5720 vero
1263 5669 1428 5738 hujus
1477 5671 1584 5725 loci
1636 5681 1996 5743 congruenter

491 5838 504 5866 ‘
535 5837 659 5890 ISai.
687 5853 736 5900 t.,
778 5839 926 5891 1-H.
1004 5845 1021 5871 ³
1045 5842 1232 5897 Matth.
1271 5863 1357 5913 xv,
1394 5849 1484 5904 2-5.

2117 4665 2204 4718 ὅτε
2257 4666 2350 4718 ἐπὶ
2392 4668 2502 4730 τοῖς
2538 4666 2717 4733 λόγοις
2748 4666 2911 4720 αὑτοῦ
2949 4668 3414 4741 περιρρηξάμενος
3438 4673 3465 4723 ό
3497 4672 3682 4741 ἀρχιε-

2117 4758 2263 4826 ρεὺς,
2292 4758 2605 4828 ἀπεφήνατο
2649 4758 3161 4830 βεϐλασφημηκέναι
3203 4761 3392 4814 αὐτόν·
3421 4761 3543 4814 τότε
3575 4761 3682 4834 γάρ

2114 4847 2410 4902 ἐνέπτυσαν
2459 4853 2538 4912 εἲς
2580 4851 2641 4901 τὸ
2692 4851 2978 4921 πρόσωπον
3021 4853 3184 4905 αὑτοῦ
3229 4854 3323 4905 καὶ
3366 4853 3681 4922 ἐκολάφιξον

2113 4940 2290 4994 αὑτόν.
2349 4942 2411 4992 Οί
2460 4941 2516 4993 δὲ
2557 4943 2858 5013 ὲῤῥάπισαν
2914 4945 3073 4998 αὐτὸν
3108 4944 3384 5013 λέγοντεςε
3421 4965 3439 4997 ι
3470 4947 3682 5018 Προφή-

2111 5047 2299 5084 τευσον
2328 5034 2458 5103 ἡμῖν
2478 5074 2492 5097 ,
2518 5035 2740 5105 Χριστέ,
2765 5035 2846 5098 τίς
2867 5038 3012 5088 ἐστιν
3031 5038 3059 5090 6
3091 5037 3290 5100 παίσας
3314 5055 3371 5090 σε
3393 5054 3407 5102 ;
3440 5058 3457 5090 ι
3497 5039 3678 5091 ΙἘοικε

2109 5122 2165 5175 δὲ
2198 5124 2264 5176 τά
2294 5124 2390 5193 μὲν
2420 5126 2560 5177 κατά
2600 5126 2696 5197 τὴν
2741 5127 2915 5200 ἀρχὴν
2949 5127 3040 5180 τοῦ
3078 5128 3371 5198 κεφαλαίου
3413 5130 3539 5201 περὶ
3577 5130 3680 5200 τῆς

2107 5214 2215 5266 τῶν
2257 5216 2521 5271 Ἰουδαίων
2587 5217 2838 5285 λέγεσθαι
2888 5221 3236 5290 συναγωγῆς·
3277 5241 3296 5273 ‹
3337 5221 3466 5274 Ἰδοὺ
3489 5221 3620 5291 γὰρ,
3653 5241 3672 5273 ι

2111 5309 2264 5377 φησι,
2302 5326 2320 5358 ‹
2350 5312 2470 5371 ταῖς
2519 5311 2812 5382 ἁμαρτίαις
2865 5311 3017 5382 ὑμῶν
3063 5312 3370 5383 ἐπράθητε·
3424 5313 3520 5366 καὶ
3557 5314 3678 5379 ταῖς

2108 5399 2358 5470 ἁνομίαις
2419 5402 2570 5472 ὑμῶν
2621 5402 2974 5466 ἐξαπέστειλα
3014 5403 3112 5474 τὴν
3165 5405 3375 5476 μητέρα
3428 5403 3602 5474 ὑμῶν.
3649 5423 3670 5456 ι

2103 5487 2274 5544 Ἦλθε
2327 5494 2435 5564 γὰρ
2489 5513 2506 5544 ι
2537 5496 2628 5547 ἐπὶ
2677 5496 2746 5549 τὰ
2797 5496 3042 5566 πρόϐατα
3080 5498 3142 5550 τά
3177 5496 3488 5551 ἀπολωλότα
3523 5496 3673 5550 οἴκου

2117 5585 2390 5656 ’1σραὴλ,›
2417 5587 2509 5638 καὶ
2557 5589 2654 5657 οὐχ
2703 5581 2828 5660 εῦρέ
2860 5606 2980 5640 τινα
3022 5591 3078 5640 ὲν
3136 5589 3317 5652 αὐτοῖς
3364 5588 3669 5660 ἄνθρωπον,

2103 5677 2238 5730 ἀλλά
2272 5678 2362 5730 καὶ
2388 5677 2633 5748 πρώτους
2670 5681 2767 5750 μὲν
2800 5682 2991 5745 αὑτοὺς
3029 5682 3309 5736 ἐκάλεσεν·
3340 5683 3440 5736 οῦκ
3471 5678 3540 5753 ἦν
3562 5681 3605 5734 δ’
3637 5683 3670 5735 ό
