4100 6452
408 452 540 508 ιω

1424 446 1715 502 ΕριιοιῑΑῑ
1752 447 2230 505 PROI’IIETICE.
2270 479 2340 489 —
2378 447 2507 503 LIB.
2547 447 2636 504 IV.

3516 454 3656 509 I252

406 568 532 631 λαὸς
582 564 892 622 ὑπακούων.
952 566 1028 619 Δι’
1059 566 1088 619 δ
1121 582 1272 636 φησιο
1316 584 1334 617 ι
1373 566 1517 619 Διότι
1548 563 1731 637 ἦλθον,
1767 568 1861 622 καὶ
1882 570 1974 623 οὐκ

2082 578 2206 640 post
2243 569 2474 626 istorum
2526 569 2969 639 reprobationem
3019 571 3261 641 gentium
3311 572 3656 626 vocationem

376 656 379 659 “
404 654 475 730 ἦν
500 658 812 729 ἄνθρωπος⁸
839 656 1072 711 ἐκάλεσα
1099 658 1194 710 καὶ
1226 658 1323 711 οὐκ
1352 653 1419 728 ἦν
1452 660 1481 711 6
1513 658 1820 713 ὑπακούων.
1856 679 1876 712 ι
1902 662 1981 715 Τά

404 751 448 804 δ’
469 752 562 805 ἐπὶ
588 751 730 804 τέλει
765 750 866 820 τῆς
901 750 1203 821 περικοπῆς
1226 749 1533 814 ἀκολούθως
1550 750 1689 821 μετὰ
1714 751 1812 824 τὴν
1845 754 1985 808 ἐκεί-

404 860 512 898 νων
542 844 812 913 ἀποϐολὴν
845 844 937 896 ἐπὶ
968 843 1067 913 τὴν
1101 842 1160 907 ἐξ
1188 842 1355 895 ἐθνῶν
1394 842 1724 914 ἀναφέρεται
1758 846 1947 916 κλῆσιν
1966 885 1981 908 ,

405 935 514 990 ἀπὸ
539 936 657 999 τοῦ,
682 955 700 987 ι
725 936 820 999 Τίς
845 938 903 990 ἐν
927 935 1055 1004 ὑμῖν
1080 938 1108 988 6
1132 934 1295 1003 φο6ού
1306 951 1461 1005 μενος
1482 935 1573 988 τὸν
1596 935 1831 1006 Κύριον;
1888 938 1986 991 ὐπ-

404 1028 692 1081 ακουσάτω
717 1027 819 1097 τῆς
842 1027 1025 1096 φωνῆς
1050 1026 1142 1080 τοῦ
1170 1025 1356 1090 παιδὸς
1389 1026 1575 1080 αὐτοῦ.
1607 1046 1625 1079 ι
1661 1028 1852 1099 Ἡμεῖς
1876 1028 1985 1101 γὰρ

403 1117 619 1190 ἀληθῶς
640 1115 781 1190 ῆμεν
808 1139 827 1171 ι
860 1121 910 1173 οί
959 1120 1311 1191 πορευόμενοι
1357 1121 1416 1172 ἐν
1452 1119 1661 1172 σκότειο
1706 1139 1724 1172 ι
1763 1122 1857 1175 καὶ¹
1885 1121 1985 1175 οὐκ

402 1202 473 1280 ἦν
501 1208 633 1279 ἡμῖν
665 1208 774 1280 πρὸ
798 1210 896 1277 τῆς
916 1210 1216 1280 παρουσίας
1254 1207 1348 1262 τοῦ
1383 1209 1635 1280 Σωτῆρος
1663 1209 1819 1280 ἡμῶν
1843 1211 1978 1279 φῶς.

403 1298 539 1353 ἀλλά
565 1298 661 1352 νῦν
692 1298 780 1352 διὰ
807 1298 906 1371 τὴν
932 1297 1026 1353 τοῦ
1054 1298 1189 1353 Θεοῦ
1219 1299 1378 1370 χάριν
1418 1296 1757 1368 πεποίθαμεν
1791 1300 1883 1352 ἐπὶ
1903 1298 1983 1370 τῷ

402 1391 625 1463 ὀνόματι
650 1390 879 1462 Κυρίου,
922 1393 1018 1445 καὶ
1067 1390 1537 1462 ἐπιπηριζόμεθα
1592 1393 1686 1446 ἐπὶ
1712 1390 1790 1462 τῷ
1829 1391 1976 1463 Θεῷ·

401 1485 514 1545 τοῖς
541 1481 598 1536 δὲ
625 1482 698 1553 μὴ
729 1481 1083 1535 πιστεύσασιν
1113 1482 1194 1545 είς
1212 1482 1304 1535 τὸν
1331 1481 1587 1552 Χριστὸν,
1609 1476 1691 1542 οἷς
1715 1483 1809 1535 καὶ
1840 1482 1982 1535 ἀνω-

400 1572 544 1645 τέρω
603 1574 788 1645 εῐρητο
823 1574 903 1628 τό·
947 1594 967 1625 ι
1016 1574 1146 1628 Ἰδοὺ
1188 1574 1387 1637 πάντες
1430 1575 1590 1644 ὑμεῖς
1640 1574 1715 1637 ὡς
1765 1574 1980 1644 ίμάτιον

401 1664 868 1735 παλαιωθήσεσθε,
887 1666 982 1719 καὶ
1004 1664 1080 1728 ὡς
1104 1664 1201 1736 σὴς
1222 1664 1453 1733 φάγεται
1483 1665 1628 1736 ὑμᾶς
1650 1704 1664 1726 ,
1689 1683 1707 1714 ι
1729 1664 1980 1736 ἐπιφέρει

398 1756 604 1825 ὁλόγος
644 1756 867 1825 φάσκων
889 1774 903 1788 ⁸
946 1775 966 1809 ι
1020 1756 1150 1811 Ἰδοὺ
1184 1757 1385 1820 πάντες
1412 1756 1571 1828 ὑμεῖς
1592 1757 1669 1821 ὡς
1712 1755 1825 1828 πῦρ
1856 1758 1979 1811 καί·

399 1865 508 1911 ετε,
539 1867 559 1901 )
602 1850 697 1903 καὶ
728 1849 796 1903 τὰ
837 1848 995 1920 ἑξῆς·
1021 1850 1080 1902 ἐν
1111 1842 1193 1911 οἷς
1233 1848 1422 1918 σαφῶς
1460 1848 1555 1902 καὶ
1600 1847 1681 1901 τό·
1717 1867 1735 1900 ι
1775 1848 1853 1900 Δι’
1876 1848 1976 1919 ἐμὲ

2085 662 2319 717 innuunt
2344 679 2357 694 ι
2398 680 2416 713 ι
2454 662 2589 729 Quis
2641 678 2707 718 ex
2740 661 2899 718 vobis
2942 663 3142 720 timens
3190 662 3527 719 Dominum?
3562 680 3628 717 au

2086 754 2202 809 diat
2252 768 2439 808 vocem
2496 752 2637 809 servi
2687 753 2793 808 sui.
2851 771 2869 805 ι
2914 751 3027 809 Nos
3070 754 3215 808 enim
3272 768 3397 809 vere
3438 768 3660 810 eramus

2089 862 2109 895 ι
2146 844 2488 899 ambulantes
2518 846 2572 899 in
2606 845 2886 911 tenebris;
2922 863 2942 896 ι
2977 860 3153 915 neque
3207 854 3326 900 erat
3373 846 3534 903 nobis
3576 846 3662 900 lu-

2084 949 2211 989 men
2241 944 2367 989 ante
2410 934 2712 991 Salvatoris
2762 934 2937 989 nostri
2988 935 3322 1004 adventum;
3360 935 3457 993 sed
3509 950 3661 993 nunc

2086 1025 2180 1081 Dei
2214 1027 2387 1096 gratia
2435 1026 2772 1081 credidimus
2822 1027 2880 1080 in
2922 1027 3146 1083 nomine
3175 1027 3414 1092 Domini,
3440 1035 3495 1083 et
3546 1025 3662 1083 Deo

2084 1120 2448 1175 adhaeremus.
2501 1117 2626 1173 Istis
2656 1134 2787 1173 vero
2824 1120 2919 1191 qui
2948 1136 3057 1175 non
3086 1121 3141 1175 iu
3172 1120 3450 1175 Christum
3476 1119 3660 1180 credi-

2084 1209 2304 1272 derunt,
2335 1208 2535 1279 quibus
2567 1216 2621 1262 et
2643 1208 2897 1277 superius
2918 1209 3125 1265 dictum
3155 1216 3240 1265 est
3268 1225 3281 1261 :
3312 1228 3330 1259 ‹
3373 1207 3515 1264 Ecce
3542 1223 3663 1263 om-

2085 1317 2184 1356 nes
2215 1317 2311 1358 vos
2359 1301 2517 1371 quasi
2549 1302 2934 1365 vestimentum
2983 1302 3270 1357 inveterati
3292 1301 3470 1365 eritis.
3503 1308 3557 1357 et
3588 1300 3661 1355 ti-

2082 1409 2184 1448 nea
2222 1393 2472 1448 comedet
2512 1408 2632 1456 vos,
2678 1412 2697 1439 ι
2733 1392 2921 1460 adjicit
2968 1408 3147 1448 sermo
3195 1392 3433 1449 dicens:
3464 1410 3482 1445 ι
3515 1391 3661 1448 Ecce

2082 1498 2271 1538 omnes
2306 1498 2403 1538 vos
2434 1484 2612 1554 ignem
2647 1481 2960 1547 incenditis,
2989 1503 3009 1535 ι
3045 1489 3099 1538 et
3125 1484 3352 1553 reliqua.
3376 1481 3435 1537 In
3461 1482 3661 1552 quibus

2081 1573 2373 1629 manifeste
2400 1582 2457 1629 et
2488 1574 2688 1629 illudn
2716 1573 2946 1644 Propter
2978 1589 3066 1628 me
3099 1572 3238 1628 facta
3268 1583 3397 1629 sunt
3419 1574 3536 1630 haec
3560 1587 3659 1628 vo-

2081 1665 2187 1726 bis,
2233 1684 2252 1716 ι
2283 1664 2351 1720 de
2391 1680 2629 1735 persona
2672 1666 2881 1721 dicitur
2912 1664 3122 1720 Christi
3173 1665 3515 1737 objurgantis
3539 1680 3663 1730 eos,

2081 1756 2576 1827 erprobrantisque
2618 1756 2820 1812 factam
2854 1759 2910 1813 in
2945 1758 3187 1830 seipsum
3224 1757 3534 1815 Iudaeorum
3564 1774 3664 1830 po-

2083 1850 2194 1920 puli
2223 1852 2753 1921 praevaricationem.

398 1941 614 2007 ἐγένετο
634 1938 806 1994 ταῦτα
833 1942 982 2013 ύμῖν,
1008 1960 1024 1993 ι
1044 1943 1109 1995 ἐκ
1134 1940 1424 2012 προσώπου
1448 1939 1698 1993 λέλεκται
1723 1939 1817 1994 τοῦ
1868 1941 2104 2011 Χριστοῦ
2165 1943 2583 2009 ἐπονειδίξοντος
2623 1945 2808 2008 αὐτοῖς
2841 1944 2937 1997 καὶ
2993 1944 3391 2015 ἀπελέγχοντος
3445 1944 3541 2016 τὴν
3586 1944 3668 2007 είς

399 2034 559 2087 αὐτὸν
622 2035 1003 2105 γεγενημένην
1068 2034 1162 2089 τοῦ
1234 2035 1499 2089 Ἰουδαίων
1556 2034 1687 2089 λαοῦ
1741 2036 2103 2108 παρανομίαν.

897 2127 1291 2183 κεφΑΑΑιοΝ
1324 2130 1486 2199 καις

471 2265 491 2297 ι
532 2246 672 2300 Τάδε
700 2245 844 2315 λέγει
873 2244 1106 2316 Κύριος·
1132 2246 1369 2317 Δι’ὐμᾶς
1384 2246 1471 2300 διὰ
1495 2248 1696 2310 παντὸς
1720 2246 1781 2300 16
1811 2245 1984 2318 ὄνομά

402 2356 503 2408 μου
540 2337 937 2408 βλασφημεῖται
966 2338 1023 2390 ἐν
1046 2339 1159 2401 τοῖς
1186 2337 1384 2391 ἔθνεσι*
1410 2337 1499 2391 διὰ
1527 2337 1685 2391 τοῦτο
1714 2337 1980 2407 γνώσεται

395 2433 423 2484 6
459 2430 588 2494 λαός
644 2448 743 2501 μου
797 2430 857 2482 16
885 2428 1055 2500 δνομά
1086 2447 1186 2501 μου
1211 2447 1224 2460 ’
1286 2430 1373 2484 διά
1413 2430 1569 2485 τοῦτο
1616 2432 1674 2484 ἐν
1702 2434 1766 2502 τῇ
1796 2432 1981 2504 ήμέρᾳ

395 2524 605 2595 ἐκείνῃ,
644 2525 725 2578 ὅτι
755 2524 864 2593 ἐγώ
896 2525 1011 2596 είμι
1035 2524 1194 2590 αὐτὸς
1226 2526 1254 2578 ὁ
1282 2525 1480 2589 λαλῶν,
1508 2526 1737 2598 πάρειμι
1759 2527 1834 2591 ὡς
1861 2527 1981 2600 ὥρα

396 2616 621 2668 ἐπὶτῶν
640 2616 832 2687 ὀρέων,
864 2615 939 2681 ὡς
970 2616 1128 2681 πόδες
1178 2617 1660 2689 εὐαγγελιζομένου
1696 2618 1865 2690 ἀκοὴν
1898 2621 1978 2672 εἰ-

396 2706 585 2779 ρήνης,
646 2708 721 2771 ὡς
781 2707 1263 2779 εὐαγγελιζόμενος
1313 2707 1492 2778 ἀγαθά
1521 2750 1535 2773 ,
1572 2710 1654 2764 ὅτι
1706 2709 1980 2782 ἀκουστὴν

394 2801 604 2871 ποιήσω
626 2800 724 2871 τὴν
754 2800 1027 2870 σωτηρίαν
1072 2815 1185 2864 σου,
1220 2800 1393 2869 λέγων
1421 2816 1436 2831 ·
1473 2800 1633 2867 Σιὼν,
1667 2801 1976 2872 βασιλεύσει

395 2910 489 2946 σου
515 2894 543 2945 6
566 2892 715 2957 Θεός.
756 2912 774 2945 ι
810 2893 919 2946 Καὶ
949 2891 1089 2962 αὕτη
1132 2893 1226 2947 ἐπὶ
1252 2891 1343 2945 τὸν
1367 2893 1595 2965 Σωτῆρα
1632 2894 1978 2964 εὐλογώτατα

392 2985 623 3056 ἁρμόζοι
658 2986 725 3039 ἂν
767 2987 800 3056 ή
854 2986 1158 3059 προφητεία
1178 3026 1193 3049 ,
1232 2986 1323 3039 ἐπὶ
1355 2987 1453 3059 τῆς
1486 2987 1780 3059 ἐπιδημίας
1809 2988 1975 3043 αὐτοῦ

394 3075 769 3148 πληρωθέντος
807 3077 922 3130 τοῦ*
960 3098 978 3130 ι
1023 3080 1142 3132 Ὅτι
1167 3079 1276 3148 ἐγὼ
1316 3078 1379 3148 (Ῑ.
1436 3078 1524 3149 56)
1572 3082 1710 3150 εἰμι,
1752 3080 1914 3145 αὐτὸς
1950 3082 1980 3134 6

392 3168 567 3221 λαλῶν
592 3170 841 3242 πάρειμι.
875 3190 894 3222 ι
927 3169 1017 3241 Τῷ
1055 3169 1154 3242 μὲν
1182 3165 1273 3224 οῦν
1297 3171 1546 3244 προτέρῳ
1568 3171 1681 3243 λαῷ
1705 3174 1784 3234 είς
1810 3174 1979 3245 πρόσ-

391 3277 539 3313 ωπον
596 3260 809 3331 εἴρηται
864 3261 935 3315 τά
972 3263 1079 3316 ἀπὸ
1101 3261 1217 3315 τοῦθ
1265 3281 1284 3313 ι
1311 3265 1387 3316 Δι’
1409 3264 1552 3334 ὑμᾶς
1588 3263 1675 3318 διὰ
1697 3265 1896 3328 παντὸς
1918 3267 1978 3319 τὸ

389 3351 562 3422 ὄνομά
594 3369 693 3423 μου
732 3351 1131 3424 βλασφημεῖται
1166 3355 1223 3406 ἐν
1250 3356 1362 3419 τοῖς
1397 3354 1569 3408 ἔθνεσι
1590 3372 1603 3386 ·
1640 3375 1658 3406 ι
1694 3356 1762 3409 τὰ
1798 3356 1842 3408 δ’
1871 3356 1980 3409 ἀπὸ

390 3446 505 3500 τοῦ·
553 3465 571 3497 ι
604 3446 699 3500 Διά
721 3446 876 3499 τοῦτο
907 3446 1175 3515 γνώσεται
1198 3448 1371 3511 δλαός
1389 3465 1490 3518 μου
1518 3448 1577 3501 τὸ
1602 3448 1772 3519 δνομά
1790 3465 1889 3519 μου
1917 3449 1976 3501 ἐν

388 3538 455 3608 τῇ
480 3536 661 3608 ἡμέρᾳ
687 3536 890 3607 ἐκείνῃ,
931 3556 948 3588 ι
978 3540 1147 3591 νοοῖτο
1181 3540 1247 3593 ἄν
1280 3541 1407 3611 περὶ
1446 3541 1553 3594 τῶν
1580 3543 1659 3606 είς
1686 3543 1845 3596 αὐτὸν
1877 3560 1973 3596 πε-

390 3629 758 3682 πιστευκότων
814 3628 1000 3681 ἐθνῶν.
1039 3630 1214 3692 Αὐτὸς
1237 3614 1328 3685 οῦν
1358 3634 1506 3685 ἐστιν
1531 3635 1559 3686 6
1590 3634 1971 3707 καὶπρότερον

391 3719 466 3789 πὴ
496 3720 593 3789 μὲν
618 3719 685 3772 δι’
718 3720 983 3789 ἀγγέλων,
1014 3720 1092 3792 πὴ
1112 3721 1167 3774 δὲ
1194 3723 1286 3775 καὶ
1318 3722 1404 3777 διά
1434 3724 1728 3796 προφητῶν
1759 3724 1969 3795 ἀνθρώ-

390 3828 513 3874 ποις
534 3812 826 3883 ὁμιλήσας·
861 3812 954 3866 καὶ
988 3813 1172 3884 μέντοι
1206 3815 1444 3880 ἐκείνους
1476 3818 1550 3888 (i)
1586 3814 1740 3881 αὖθις
1783 3835 1969 3889 παρα-

391 3903 703 3972 γενόμενος,
724 3904 817 3957 καὶ
833 3904 1105 3959 δι’ἐαυτοῦ
1129 3905 1228 3977 τὴν
1251 3908 1525 3980 σωτηρίαν
1552 3911 1686 3963 πᾶσι
1701 3910 1967 3983 κηρύξας,

387 3993 571 4046 ὁποῖον
592 3991 706 4063 ἔχει
735 3991 859 4047 νοῦν
889 3996 916 4046 6
946 3993 1247 4066 φιλομαθὴς
1271 3997 1573 4070 ἐρευνήσας
1600 3998 1822 4055 εἵσεται.

893 4086 1289 4141 ΚΕΦΑΛΑΙΟΝ
1329 4090 1454 4144 ΚΖ’.

464 4194 484 4227 ι
528 4177 639 4229 Καὶ
666 4176 1002 4250 ἀποκαλύψει
1042 4179 1247 4253 Κύριος
1290 4182 1382 4237 τὸν
1410 4182 1668 4256 βραχίονα
1691 4184 1782 4239 τὸν
1814 4184 1969 4255 ἅγιον

385 4266 554 4321 αὐτοῦ
583 4268 808 4322 ἐνώπιον
835 4271 1051 4325 πάντων
1076 4272 1181 4326 τῶν
1206 4272 1395 4339 ἐθνῶν,
1427 4277 1522 4330 καὶ¹
1549 4276 1767 4347 ὄψονται
1794 4277 1970 4332 πάντα

388 4359 455 4413 τά
497 4359 624 4431 ἔθνη
667 4360 736 4415 τά
764 4362 907 4434 ἄκρα
933 4363 1034 4435 τῆς
1073 4365 1179 4435 γῆς
1235 4366 1334 4439 τὴν
1382 4369 1655 4441 σωτηρίαν
1687 4370 1784 4442 τὴν
1819 4371 1971 4444 παρά

388 4451 482 4506 τοῦ
528 4454 682 4507 Θεοῦ.
721 4454 1047 4527 Ἀπόστητε,
1099 4457 1393 4530 ἀπόστητε,
1438 4457 1680 4524 ἐξέλθετε
1739 4461 1965 4528 ἐκεῖθεν,

340 4542 347 4549 ’
390 4545 483 4600 καὶ
514 4546 824 4618 ἀκαθάρτου
851 4548 924 4620 μὴ
959 4548 1195 4619 ἆψησθε’
1221 4548 1463 4614 ἐξέλθετε
1490 4552 1554 4605 ἐκ
1581 4550 1747 4622 μέσου
1776 4555 1965 4625 αὐτῆς,

388 4638 481 4690 καὶ
504 4636 858 4709 ἀφορίσθητε,
892 4642 939 4692 οἱ
980 4641 1237 4711 φέροντες
1288 4643 1354 4696 τά
1400 4642 1566 4715 σκεύη
1620 4644 1853 4717 Κυρίουο
1885 4647 1967 4700 ὅτι

386 4728 447 4781 οὐ
486 4729 620 4800 μετά
657 4730 902 4803 ταραχῆς
934 4730 1301 4797 ἐξελεύσεσθε,
1353 4734 1475 4788 οὐδέ
1514 4740 1656 4809 φυγῇ
1702 4737 1966 4807 πορεύσε-

2539 2095 2549 2107 ’
2610 2134 2840 2191 CAPUT
2909 2134 3104 2191 xxvr.

2160 2266 2179 2299 ι
2254 2247 2379 2303 Ilzcc
2432 2247 2566 2303 dicit
2616 2246 2884 2302 Dominus
2939 2267 2950 2301 :
3015 2245 3247 2317 Propter
3293 2262 3391 2302 vos
3461 2261 3662 2303 nomen

2086 2355 2265 2393 meum
2302 2339 2717 2409 blasphematur
2746 2338 2802 2392 in
2822 2337 3075 2409 gentibus
3101 2357 3114 2391 :
3136 2337 3346 2391 idcirco
3370 2346 3666 2406 cognoscet

2084 2430 2319 2500 populus
2375 2445 2528 2485 meus
2572 2445 2772 2484 nomen
2823 2444 3002 2484 meum
3030 2447 3045 2497 ;
3076 2428 3283 2484 idcirco
3325 2431 3382 2483 in
3428 2428 3517 2484 die
3546 2428 3660 2494 illa,

2082 2519 2227 2590 quod
2258 2536 2359 2591 ego
2395 2536 2537 2587 sum,
2570 2518 2688 2591 ipse
2732 2520 2825 2591 qui
2858 2519 3072 2590 loquor,
3109 2519 3304 2575 adsum
3363 2527 3421 2574 ut
3453 2518 3662 2575 formo-

2082 2613 2219 2668 sitas
2254 2613 2308 2666 in
2340 2612 2640 2680 montibus,
2665 2620 2726 2666 ut
2754 2612 2920 2683 pedes
2939 2611 3374 2683 evangelizantis
3405 2613 3657 2667 auditum

2080 2704 2252 2775 pacis,
2279 2713 2338 2759 ut
2358 2704 2450 2776 qui
2468 2704 2689 2760 nuntiat
2715 2705 2881 2770 bona,
2915 2705 3175 2777 quoniam
3192 2705 3430 2759 auditam
3462 2703 3661 2758 faciam

2082 2798 2313 2853 salutem
2353 2807 2519 2863 tuam,
2552 2798 2745 2853 dicens
2778 2816 2793 2853 :
2825 2796 2980 2861 Sion,
3006 2813 3102 2853 rex
3136 2804 3265 2854 tuus
3289 2796 3395 2854 erit
3420 2795 3655 2851 Deusta

2080 2889 2208 2946 Haec
2228 2906 2446 2961 quoque
2478 2891 2763 2961 aptissime
2798 2890 2865 2945 ad
2902 2890 3240 2946 Salvatorem
3265 2888 3502 2945 refertur
3532 2903 3663 2954 pro-

2080 2983 2285 3054 phetia,
2311 2982 2472 3053 cujus
2496 2998 2595 3053 per
2613 2981 3047 3037 incarnationem
3079 2982 3361 3053 impletum
3379 2989 3463 3037 est
3485 2977 3657 3036 illud:

2089 3094 2108 3127 ι
2145 3073 2256 3146 Ego
2285 3089 2430 3138 sum,
2465 3075 2584 3143 ipse
2626 3074 2719 3143 qui
2753 3073 2950 3143 loquor
2977 3072 3190 3127 adsum.
3228 3091 3246 3123 ι
3278 3070 3456 3126 Priori
3493 3071 3664 3142 igitur

2080 3166 2282 3238 p0pulo
2307 3181 2405 3238 per
2441 3164 2666 3237 figuram
2700 3164 2904 3219 dicitur
2946 3181 2960 3218 :
3000 3182 3019 3216 ι
3050 3163 3283 3234 Pr0pter
3314 3179 3414 3219 vos
3462 3179 3662 3219 nomen

2081 3274 2261 3314 meum
2292 3257 2707 3328 blasphematur
2742 3258 2797 3312 in
2836 3257 3111 3327 gentibus,
3154 3276 3172 3308 ι
3210 3264 3265 3312 et
3284 3264 3501 3312 cmtera.
3533 3254 3663 3311 Haec

2080 3368 2211 3409 vero
2241 3370 2254 3405 :
2287 3369 2306 3401 ι
2341 3349 2468 3406 Ideo
2502 3359 2797 3421 cognoscet
2821 3350 3054 3421 populus
3079 3365 3233 3406 meus
3259 3364 3457 3404 nomen
3482 3364 3664 3404 meum

2082 3442 2138 3496 in
2164 3442 2251 3497 die
2280 3441 2395 3504 illa,
2438 3459 2456 3491 ι
2486 3441 2553 3495 de
2590 3441 2846 3512 gentibus
2894 3456 3017 3510 quae
3066 3441 3123 3495 iu
3148 3456 3271 3496 eum
3311 3438 3665 3495 crediderunt

2079 3542 2312 3603 possunt
2358 3531 2606 3601 intelligi.
2640 3529 2761 3601 Ipse
2814 3531 2980 3601 igitur
3011 3539 3097 3587 est
3123 3532 3216 3601 qui
3250 3532 3405 3602 prius
3440 3529 3661 3601 quidem

2078 3640 2175 3696 per
2201 3623 2445 3695 angelos,
2479 3622 2677 3678 deinde
2708 3638 2806 3693 per
2851 3623 3144 3694 prophetas
3177 3638 3300 3677 cum
3348 3623 3665 3678 hominibus

2081 3726 2445 3773 conversatus
2473 3723 2579 3772 est.
2626 3718 2805 3787 Atque
2834 3725 2958 3787 post
2996 3715 3122 3771 illos
3160 3730 3355 3771 rursus
3392 3730 3659 3786 superve-

2076 3810 2257 3874 niens,
2290 3825 2390 3880 per
2418 3823 2477 3865 se
2505 3809 2681 3878 ipsum
2727 3809 2957 3864 salutem
3001 3807 3258 3861 omnibus
3288 3806 3657 3862 annuntiavit.

2080 3904 2325 3971 Quorum
2360 3918 2586 3960 sensum
2628 3901 2910 3957 studiosus
2944 3899 3230 3971 indagator
3265 3897 3525 3969 perfacile
3556 3912 3658 3953 no-

2075 3995 2234 4051 verit.

2618 4083 2850 4142 CAPUT
2890 4083 3103 4140 XXVII.

2155 4199 2175 4232 ι
2211 4178 2278 4234 Et
2309 4178 2573 4236 revelabit
2602 4176 2868 4232 Dominus
2897 4176 3181 4231 brachium
3214 4182 3461 4230 sanctum
3493 4190 3654 4231 suum

2075 4275 2133 4330 in
2175 4282 2476 4345 conspectu
2503 4271 2747 4327 omnium
2783 4269 3048 4338 gentium,
3091 4276 3145 4324 et
3176 4266 3440 4323 videbunt
3473 4265 3658 4321 omnia

2074 4380 2324 4426 extrema
2354 4377 2515 4423 terra:
2542 4365 2771 4420 salutem
2819 4377 2849 4416 a
2879 4360 2991 4417 Deo
3022 4369 3234 4417 nostro.
3265 4359 3542 4424 Recedite,
3566 4374 3657 4415 re-

2074 4461 2275 4525 cedite,
2306 4459 2450 4514 exite
2480 4458 2630 4521 inde,
2665 4455 2933 4525 pollutum
2951 4453 3122 4508 nolite
3145 4460 3386 4523 tangere.
3409 4450 3565 4507 Exite
3591 4448 3658 4505 de

2074 4554 2256 4610 medio
2288 4553 2429 4623 ejus,
2491 4547 2830 4604 tnundamini
2867 4548 2962 4617 qui
3019 4545 3176 4603 fertis
3234 4561 3363 4601 vasa
3414 4543 3655 4600 Domini.

2074 4645 2345 4713 Quoniam
2376 4657 2484 4697 non
2518 4641 2573 4695 in
2605 4638 2843 4693 tumultu
2876 4637 3126 4701 exibitis,
3157 4650 3261 4692 nec
3289 4636 3343 4690 in
3376 4633 3502 4705 fuga
3537 4648 3661 4703 pro-

2074 4737 2338 4809 perabitis
2370 4755 2383 4791 :
2418 4733 2690 4806 praecedet
2720 4732 2867 4787 enim
2899 4746 2998 4787 vos
3030 4729 3314 4809 Dominus,
3342 4734 3395 4781 ct
3425 4740 3655 4795 congre-

389 4818 512 4872 σθε·
555 4822 880 4893 πορεύσεται
924 4822 1033 4894 γὰρ
1082 4823 1345 4896 πρότερος
1382 4804 1535 4898 ὑμῶν
1564 4804 1788 4900 Κύριος,
1823 4831 1916 4884 καὶ¹
1940 4832 1969 4884 6

2079 4804 2230 4904 gabit
2255 4845 2353 4884 vos
2380 4804 2524 4884 Deus
2559 4824 2751 4882 Israel.
2784 4826 2923 4881 licCe
2957 4804 3223 4894 inteIIiget
3257 4837 3447 4877 servus
3476 4834 3654 4884 meus,

392 4913 638 4983 συνάγων
683 4915 827 4987 ὑμᾶς
869 4915 1000 4979 Θεὸς
1036 4916 1272 4987 Ἰσραήλ.
1323 4918 1454 4973 Ἰδοὺ
1510 4922 1729 4993 συνήσει
1778 4924 1805 4976 6
1843 4926 1969 4987 παῖς

391 5022 517 5075 μου,
548 5005 641 5060 καὶ
668 5006 1034 5079 ὑψωθήσεται,
1066 5010 1159 5062 καὶ⁵
1200 5011 1695 5085 μετεωρισθήσεται
1730 5016 1931 5087 σφόδρα
1950 5034 1965 5049 ο

387 5095 446 5149 ὃν
484 5099 685 5170 τρόπον
714 5100 1070 5170 ἐκστήσονται
1105 5103 1197 5155 ἐπὶ
1226 5102 1308 5155 σοὶ
1333 5102 1536 5168 πολλοὶ,
1567 5106 1740 5173 οὕτως
1779 5107 1971 5181 ἀδοξή-

391 5205 473 5243 σει
503 5190 612 5244 ἀπὸ
641 5189 940 5261 ἀνθρώπων
966 5191 1026 5244 16
1063 5190 1201 5258 εἶδός
1240 5211 1354 5258 σου,
1383 5196 1478 5249 καὶ
1506 5198 1539 5267 ή
1568 5197 1695 5265 δόξα
1730 5215 1823 5251 σου
1863 5200 1970 5252 ἀπὸ

386 5277 494 5333 τῶν
528 5280 846 5353 ἀνθρώπων.
889 5282 1045 5337 Οῦτω
1076 5284 1445 5356 θαυμάσονται
1492 5287 1619 5361 ἔθνη
1661 5289 1831 5344 πολλὰ
1880 5291 1967 5345 ἐπ’

387 5372 556 5443 αὐτῷ,
586 5375 679 5427 καὶ
716 5374 989 5439 συνέξουσι
1035 5375 1273 5447 βασιλεῖς
1316 5380 1378 5432 16
1421 5380 1593 5452 στόμα
1637 5382 1844 5435 αὐτῶν·
1884 5383 1965 5436 ὅτι

386 5461 467 5530 οἷς
515 5466 613 5517 οὐκ
663 5465 935 5538 ἀνηγγέλη
972 5468 1099 5539 περὶ
1138 5469 1324 5537 αὐτοῦ,
1352 5471 1589 5540 ὄψονται,
1644 5473 1737 5526 καὶ
1781 5474 1831 5527 οἳ
1866 5474 1965 5527 οὐκ

387 5555 679 5627 ἀκηκόασι,
717 5558 1029 5627 συνήσουσι.
1065 5559 1257 5631 Κύριε,
1302 5561 1384 5627 τίς
1403 5564 1688 5617 ἐπίστευσε
1718 5568 1782 5637 τῇ
1827 5566 1962 5638 ἀκοῇ

388 5648 582 5718 ἡμῶν,
637 5649 731 5703 καὶ
780 5651 809 5702 6
860 5649 1099 5721 βραχίων
1154 5653 1360 5725 Κυρίου
1410 5654 1517 5709 τίνι
1569 5656 1961 5727 ἀπεκαλύφθη;

402 5739 824 5811 Ἀνηγγείλαμεν
854 5741 929 5804 ὡς
962 5741 1171 5795 παιδίον
1218 5744 1458 5799 ἐναντίον
1508 5745 1696 5808 αὐτοῦ,
1738 5746 1813 5809 ὡς
1840 5745 1964 5817 ῥίζα

459 5859 473 5889 '
504 5857 628 5915 Isai.
659 5875 754 5925 ut.
790 5860 905 5915 5-7.

2076 4922 2428 4985 exaltabitur,
2485 4927 2539 4976 et
2590 4917 2914 4978 elevabitur,
2965 4927 3017 4971 et
3061 4914 3310 4970 sublimis
3338 4912 3443 4966 erit
3473 4911 3651 4967 valde.

2080 5014 2236 5070 Sicut
2267 5014 2673 5083 obstupuerunt
2695 5025 2859 5080 super
2880 5019 2932 5064 te
2953 5007 3130 5068 multi.
3150 5006 3230 5061 sic
3256 5005 3521 5076 inglorius
3548 5005 3654 5060 erit

2076 5107 2218 5162 inter
2229 5105 2380 5159 viros
2399 5113 2656 5174 aspectus
2675 5102 2816 5171 ejus,
2837 5108 2891 5156 et
2910 5098 3086 5154 forma
3103 5097 3223 5168 ejus
3238 5098 3380 5152 inter
3404 5097 3542 5153 ﬁlios
3560 5097 3657 5152 ho-

2079 5198 2309 5252 minum.
2349 5195 2442 5251 Sic
2483 5194 2828 5249 mirabuntur
2872 5197 3065 5260 gentes
3098 5189 3284 5261 multae
3317 5204 3481 5259 super
3501 5204 3651 5257 eum,

2079 5304 2245 5360 super
2269 5288 2449 5360 ipsum
2484 5285 2841 5342 continebant
2863 5297 3024 5354 reges
3049 5296 3112 5337 os
3143 5296 3303 5337 suum
3336 5280 3498 5350 :quia
3529 5281 3652 5351 qui-

2074 5381 2178 5436 bus
2221 5395 2330 5434 non
2370 5387 2454 5434 est
2494 5382 2774 5431 narratum
2806 5373 2873 5428 de
2904 5388 2991 5437 eo,
3018 5371 3292 5433 viderunt,
3326 5377 3378 5424 et
3408 5370 3501 5441 qui
3538 5386 3648 5425 non

2071 5473 2382 5535 audierunt,
2415 5464 2770 5536 contemplati
2804 5470 2954 5519 sunt.
2991 5462 3219 5518 Domine
3251 5461 3376 5531 quis
3416 5460 3648 5516 credidit

2077 5565 2286 5619 auditui
2322 5562 2547 5617 nostro?
2573 5568 2625 5614 et
2656 5557 2941 5614 brachium
2973 5554 3187 5609 Domini
3222 5555 3314 5608 cui
3350 5554 3646 5609 revelatum

2075 5655 2198 5710 est?
2226 5653 2290 5706 Et
2315 5650 2568 5707 ascendet
2593 5649 2735 5704 sicut
2758 5646 3053 5718 virgultum
3083 5659 3268 5699 coram
3304 5659 3391 5708 eo,
3420 5653 3474 5699 et
3500 5643 3645 5698 sicut

2072 5748 2225 5803 radix
2252 5747 2319 5801 de
2351 5752 2496 5799 terra
2530 5740 2758 5797 sitienti.
2803 5736 2924 5795 Non
2971 5746 3054 5795 est
3100 5735 3308 5810 species
3343 5735 3415 5804 ei,
3465 5747 3645 5805 neque

458 5953 536 6023 (ί)
568 5952 663 6010 Vel
686 5945 966 6026 legendum
991 5955 1127 6025 μετά
1155 5970 1253 6026 pro
1289 5954 1489 6026 μέντοι,
1510 5954 1589 6009 vel
1615 5953 1839 6017 ἐκείνοις
1865 5968 1963 6025 pro

2088 5952 2246 6017 ίνους.
2286 5951 2440 6007 Eutr.
