4100 6432
446 388 587 444 12ιὸ

1150 397 1420 455 EL‘SEBll
1471 397 1953 461 CESARILNSIS
1991 406 2140 464 οΡΡ.
2173 407 2366 465 rans.
2408 411 2496 466 Ill.
2536 441 2608 452 -
2644 397 3055 467 ΕΧΕΟΕὟῘΕΑ.

3576 412 3712 470 1245

440 505 609 560 decor
642 526 654 560 :
691 514 743 562 et
773 509 1007 566 vidimus
1045 528 1192 577 cum,
1229 524 1284 569 et
1327 531 1432 570 non
1482 518 1716 574 habebat
1742 532 2013 592 aspectum

2127 525 2186 579 ἐν
2211 529 2281 596 γῇ
2311 526 2518 599 διψώσῃ
2542 543 2554 555 ·
2590 526 2688 578 οὐκ
2735 524 2881 578 ἔστιν
2914 521 3053 586 εἶδος
3081 523 3246 578 αὑτοῦ
3279 525 3397 579 οὐδὲ
3425 525 3580 593 δόξα·
3615 528 3709 582 καὶ

443 610 618 667 neque
645 601 1138 672 pulchritudinem;
1173 606 1268 662 sed
1292 617 1548 678 aspectus
1576 612 1698 680 ejus
1729 613 2016 684 inglorius,

440 684 700 742 deﬁciens
753 705 863 752 pra:
913 693 1039 747 liliis
1089 695 1408 762 hominum;
1471 698 1634 755 homo
1679 717 1974 771 percussus
2003 747 2018 771 ,

439 780 619 835 sciens
683 781 824 838 ferre
878 784 1294 857 inﬁrmitatem;
1365 785 1493 860 quia
1550 792 1891 852 deformatus
1937 806 2022 852 est

437 873 622 927 vultus
670 874 812 941 ejus.
845 875 1140 957 deSpectus
1176 890 1262 936 est
1293 892 1348 938 et
1387 901 1497 939 non
1543 895 1848 957 reputatus.
1876 887 2024 942 Lan-

437 977 637 1034 κεῖθι-οε
664 974 883 1021 nostros
918 956 1035 1040 ipse
1067 973 1212 1035 tulit,
1269 981 1324 1030 et
1357 975 1576 1033 dolores
1611 956 1842 1036 nostros
1904 981 2020 1051 ipse

437 1055 675 1122 portavit
712 1074 725 1110 :
759 1065 812 1110 et
843 1074 941 1113 nos
980 1063 1294 1130 putavimus
1349 1081 1475 1120 eum
1526 1069 1684 1137 quasi
1721 1070 2018 1139 leprosum,

435 1153 488 1197 et
517 1150 1034 1213 percussumaDeo
1092 1161 1147 1208 et
1219 1155 1589 1212 humiliatum.
1657 1160 1778 1230 Ipse
1839 1171 2019 1216 autem

436 1237 758 1296 vulneratus
791 1252 874 1297 est
928 1253 1149 1314 propter
1200 1247 1522 1317 iniquitates
1566 1263 1807 1314 nostras,
1865 1257 2022 1308 attri-

436 1339 523 1382 tus
586 1340 671 1385 est
715 1341 938 1403 propter
997 1339 1207 1392 scelera
1269 1348 1460 1394 nostra
1517 1361 1531 1396 :
1590 1342 1879 1414 disciplina
1920 1361 2019 1414 pa-

435 1417 518 1472 cis
550 1431 750 1476 nostraa
777 1439 943 1493 super
975 1441 1120 1486 eum,
1146 1436 1201 1480 et
1225 1427 1396 1484 livore
1433 1431 1553 1499 ejus
1583 1435 1759 1486 sanati
1795 1450 2015 1489 sumus.

435 1507 640 1566 Omnes
675 1529 774 1570 nos
816 1516 975 1585 quasi
1006 1531 1136 1572 oves
1170 1520 1510 1587 erravimus;
1558 1525 1936 1595 unusquisque
1964 1527 2018 1581 in

440 1604 578 1657 viam
632 1621 789 1660 suam
851 1607 1146 1663 declinavit
1191 1629 1202 1663 :
1242 1619 1296 1663 et
1349 1614 1534 1680 posuit
1565 1612 1829 1672 Dominus
1865 1617 1921 1672 in
1953 1635 2020 1674 eo

434 1697 782 1767 iniquitatem
809 1701 1053 1754 omnium
1077 1713 1349 1756 nostrum.
1382 1703 1613 1761 Oblatus
1640 1718 1724 1762 est
1749 1710 1875 1778 quia
1904 1709 2022 1780 ipse

433 1789 625 1852 voluit,
643 1797 818 1844 etnon
835 1792 1047 1860 aperuit
1073 1806 1135 1846 os
1158 1809 1318 1848 suum
1347 1812 1358 1846 :
1393 1795 1672 1853 sicutovis
1699 1799 1764 1853 ad
1780 1799 2017 1855 occisio-

435 1896 559 1934 nem
592 1880 795 1934 ductus
817 1888 924 1945 est,
959 1890 1010 1937 et
1044 1885 1202 1953 quasi
1241 1901 1418 1956 agnus
1449 1903 1638 1941 coram
1671 1890 1931 1945 tondente
1957 1908 2016 1947 se
2051 1880 2092 1934 Β

431 1969 818 2024 obmutescens
848 1973 925 2025 sic
979 1988 1085 2026 non
1117 1975 1321 2042 aperiet
1343 1993 1405 2031 os
1424 1993 1605 2033 suum.
1640 1979 1716 2035 De
1737 1983 2011 2049 angustia,

431 2066 487 2114 et
519 2060 586 2114 de
608 2061 818 2128 judicio
849 2063 1100 2120 sublatus
1124 2075 1207 2120 est
1243 2085 1255 2120 :
1283 2059 1691 2137 generationem
1728 2072 1850 2141 ejus
1889 2074 2013 2142 quis

431 2151 750 2205 enarrabit?
783 2149 922 2216 Quia
963 2155 1245 2211 abscissus
1275 2167 1359 2212 est
1393 2159 1460 2212 de
1489 2168 1634 2214 terra
1661 2161 1958 2217 viventium
1995 2184 2008 2220 :

429 2250 654 2312 propter
697 2245 880 2301 scelus
915 2249 1100 2316 populi
1156 2251 1257 2302 mei
1295 2253 1548 2320 percussi
1582 2269 1729 2308 eum.
1775 2254 1842 2308 Et
1871 2256 2013 2312 dabo

430 2336 628 2400 impios
674 2351 772 2405 pro
816 2340 1122 2409 sepultura,
1158 2347 1212 2394 et
1254 2341 1479 2397 divitem
1511 2360 1608 2414 pro
1641 2355 1816 2402 morte
1865 2363 1963 2403 sua
1995 2367 2008 2400 :

426 2426 648 2498 ecquod
670 2429 1140 2498 iniquitatemnon
1159 2435 1368 2498 lecerit,
1397 2451 1575 2506 neque
1597 2437 1757 2494 dolus
1785 2439 2013 2496 fueritin

427 2535 523 2574 ore
555 2520 694 2590 ejus.
717 2522 779 2576 Et
807 2523 1070 2580 Dominus
1105 2527 1278 2580 voluit
1299 2537 1583 2584 conterere
1605 2546 1729 2585 eum
1757 2532 1812 2586 in
1860 2531 2015 2586 inﬁr-

427 2614 652 2680 mitate;
686 2616 871 2686 siquis
897 2619 1144 2687 posuerit
1180 2633 1280 2688 pro
1307 2629 1531 2689 peccato
1564 2623 1800 2677 animam
1832 2641 2011 2688 suam,

426 2705 633 2761 videbit
684 2723 869 2763 semen
927 2710 1250 2780 longaevum,
1283 2719 1337 2766 et
1379 2713 1634 2769 voluntas
1687 2714 1900 2771 Domini
1957 2719 2010 2772 in

427 2814 590 2852 manu
622 2799 741 2869 ejus
772 2802 1058 2872 dirigetur.
1088 2804 1194 2858 Pro
1237 2819 1302 2860 eo
1336 2801 1483 2876 quod
1527 2807 1798 2863 laboravit
1830 2811 2014 2864 anima

423 2889 567 2960 ejus,
595 2891 820 2957 videbit,
847 2903 899 2948 et
933 2896 1272 2949 saturabitur
1297 2915 1309 2949 :
1340 2895 1394 2950 in
1427 2897 1656 2952 scientia
1684 2915 1783 2954 sua
1808 2900 2013 2970 justiti-

424 2979 574 3034 cabit
607 2980 723 3051 ipse
750 2981 938 3052 justus
981 3000 1177 3039 servus
1230 3001 1386 3040 meus
1421 2988 1645 3048 multos.
1693 2991 2013 3061 iniquitates

424 3084 616 3124 eorum
649 3070 766 3140 ipse
793 3073 1054 3142 portabit.
1096 3073 1222 3130 Ideo
1269 3077 1592 3148 dispertiam
1632 3081 1680 3133 ei
1721 3081 2008 3150 plurimos,

425 3168 481 3215 et
533 3161 753 3216 fortium
811 3164 1015 3220 dividet
1065 3167 1270 3236 spolia,
1323 3185 1424 3240 pro
1470 3185 1535 3225 eo
1587 3172 1729 3242 quod
1790 3173 2012 3228 tradidit

427 3252 484 3306 in
519 3259 745 3306 mortem
779 3254 1014 3308 animam
1053 3271 1232 3322 suam,
1265 3267 1320 3314 et
1353 3275 1475 3313 cum
1524 3262 1806 3318 sceleratis
1847 3279 2010 3334 repu-

429 3353 579 3398 tatus
612 3350 696 3398 est
729 3362 741 3397 :
771 3352 825 3398 et
874 3345 991 3416 ipse
1036 3358 1259 3416 peccata
1296 3351 1591 3404 multorum
1623 3353 1770 3416 tulit,
1815 3364 1868 3409 et
1911 3372 2012 3426 pro

428 3437 933 3504 transgressoribus
976 3440 1208 3509 rogavit.
1259 3439 1468 3508 Lauda,
1500 3444 1707 3500 sterilis
1738 3462 1859 3515 qua:
1902 3464 2012 3503 non

426 3526 609 3595 paris:
632 3525 863 3581 decanta
889 3527 1128 3595 laudem,
1155 3539 1207 3584 et
1235 3529 1412 3595 hinni,
1444 3547 1565 3603 quae
1585 3549 1694 3587 nun
1720 3535 2010 3603 pariebas:

425 3617 687 3686 quoniam
721 3619 876 3672 multi
910 3621 1003 3673 lilii
1054 3619 1306 3687 desertae,
1341 3624 1518 3695 magis
1549 3640 1712 3694 quam
1739 3626 1858 3692 ejus
1891 3642 2013 3696 quae

427 3709 590 3764 habet
628 3712 806 3764 virum
841 3712 881 3763 ¹.
923 3731 942 3762 ι
979 3711 1210 3778 Quando
1244 3716 1390 3769 enim
1429 3716 1588 3778 alias,
1630 3717 1734 3771 nisi
1764 3733 1859 3786 per
1888 3715 2011 3771 Sal-

423 3802 632 3856 vatoris
665 3804 838 3858 nostri
861 3802 990 3858 Jesu
1020 3806 1223 3861 Christi
1256 3807 1546 3862 adventum
1577 3808 1860 3863 brachium
1891 3825 2009 3863 ma-

424 3909 613 3960 gnum,
647 3895 856 3951 scilicet
877 3894 1041 3952 Verbi
1071 3897 1193 3966 ejus
1228 3899 1535 3964 brachium,
1567 3899 1730 3955 Pater
1760 3901 2012 3973 Deusque

425 3986 673 4040 omnium
725 3988 780 4041 in
814 3998 1117 4058 conspectu
1155 3992 1396 4061 gentium
1440 3993 1724 4054 revelavit,
1755 4007 1893 4063 quas
1927 3997 2010 4049 vi-

425 4077 618 4132 dentes
657 4080 838 4134 datam
880 4081 1018 4150 ipsis
1063 4097 1092 4136 a
1127 4080 1243 4136 Deo
1277 4083 1532 4147 salutem,
1570 4085 1638 4138 ab
1673 4100 1864 4140 errore
1900 4089 2012 4156 pri-

423 4169 568 4226 stino
588 4171 743 4240 jubet
773 4173 1052 4237 recedere,
1083 4189 1185 4229 nec
1217 4174 1329 4244 jam
1359 4175 1620 4244 pollutas.
1657 4177 1857 4246 quibus
1882 4177 2010 4231 olim

424 4265 757 4327 serviebant,
792 4268 1045 4337 turpibus
1103 4275 1158 4322 et
1205 4268 1507 4323 immundis
1557 4269 1738 4324 rebus-
1767 4269 2004 4339 deditas,

425 4357 696 4427 tangere?
721 4356 786 4410 Et
821 4359 1084 4430 quoniam
1101 4375 1211 4413 non
1235 4374 1368 4413 casu
1403 4360 1536 4413 litut
1569 4360 1949 4416 deterreantur
1980 4376 2012 4416 a

423 4447 659 4517 pristina
687 4449 958 4518 majorum
983 4452 1198 4526 vivendi
1223 4452 1439 4507 ratione
1467 4463 1520 4507 et
1554 4469 1582 4507 a
1604 4454 1879 4509 communi
1912 4454 2010 4508 bo-

2127 616 2340 688 εἴδομεν
2369 619 2552 681 αὔτὸν,
2577 619 2669 671 καὶ
2683 618 2784 671 οὐκ
2800 613 2944 688 εἶχεν
2958 613 3096 681 εἶδος
3119 616 3238 670 οὐδὲ
3251 616 3466 682 κάλλος·
3489 617 3624 671 ἀλλά
3646 619 3708 672 τὸ

2125 705 2263 773 εἶδος
2277 710 2441 763 αὐτοῦ
2458 710 2648 781 ἄτιμον
2672 710 2765 764 καὶ
2790 709 3054 775 ἐκλεῖπον,
3077 708 3227 780 παρὰ
3260 709 3386 773 τοὺς
3414 710 3563 774 υἱοὺς
3598 710 3708 764 τῶν

2067 868 2069 870 η
2125 801 2426 874 ἀνθρώπων
2444 819 2458 832 ο
2494 801 2780 876 ἄνθρωπος
2805 803 2862 853 ἐν
2891 801 3070 873 πληγῇ
3096 801 3191 867 ὢν,
3219 805 3312 858 καὶ
3336 801 3491 866 είδὼς
3521 802 3708 872 φέρειν

2129 893 2418 964 μαλακίαν,
2443 893 2524 946 ὅτι
2551 893 2933 964 ἀπέστραπται
2957 893 3018 945 τὸ
3051 894 3339 965 πρόσωπον
3372 892 3558 957 αὐτοῦ,
3589 894 3710 963 ητι-

2129 987 2333 1059 μάσθη,
2365 987 2460 1041 καὶ
2491 987 2591 1039 οὐκ
2617 987 2888 1058 ἐλογίσθη.
2924 981 3092 1051 Οὗτος
3127 985 3227 1051 τὰς
3255 986 3528 1058 ἁμαρτίας
3551 985 3709 1057 ήμῶν

2127 1080 2304 1150 φέρει,
2327 1082 2420 1133 καὶ
2437 1081 2566 1151 περὶ
2589 1078 2743 1150 ἡμῶν
2765 1080 3034 1142 ὀδυνᾶται,
3054 1081 3321 1150 καὶὴμεῖς
3343 1075 3708 1148 ἐλογισάμεθα

2046 1207 2065 1230 I
2126 1173 2285 1226 αὐτὸν
2297 1170 2434 1226 εἶναι
2451 1173 2510 1225 ἐν
2528 1173 2670 1241 πόνῳ
2687 1173 2780 1226 καὶ
2799 1175 2857 1225 ἐν
2873 1171 3112 1225 κακώσει
3129 1173 3223 1224 καὶ
3244 1175 3300 1224 ἐν
3318 1172 3513 1244 πληγῇ.
3536 1171 3707 1235 Αὐτὸς

2124 1265 2179 1318 δὲ
2212 1264 2612 1337 ἐτραυματίσθη
2643 1265 2731 1318 διά
2761 1265 2860 1328 τάς
2880 1263 3343 1336 ἁμαρτίαςήμῶνο
3381 1264 3600 1318 παιδεία
3625 1264 3707 1316 εί-

2127 1359 2294 1427 ρήνης
2314 1356 2470 1427 ἡμῶν
2486 1357 2571 1409 ἐπ’
2603 1355 2880 1427 αὐτὸν,τῴ
2914 1355 3140 1427 μώλωπι
3160 1355 3323 1408 αὐτοῦ
3354 1357 3514 1426 ἡμεῖς
3550 1354 3707 1427 ίάθη-

2128 1463 2246 1516 μεν.
2273 1447 2480 1511 Πάντες
2508 1448 2584 1510 ὼς
2611 1446 2857 1518 πρόϐατα
2884 1445 3268 1518 ἐπλανήθημεν
3285 1462 3300 1474 ·
3325 1443 3610 1516 ἄνθρωπος
3637 1447 3704 1515 τῇ

2125 1537 2230 1608 ὀδῷ
2247 1539 2412 1592 αὐτοῦ
2436 1539 2738 1611 ἐπλανήθη,
2755 1540 2847 1592 καὶ
2861 1539 3069 1610 Κύριος
3084 1538 3396 1611 παρέδωκεν
3415 1538 3576 1591 αὑτὸν
3586 1539 3707 1601 ταῖς

2124 1631 2422 1703 ἁμαρτίαις
2457 1631 2613 1702 ήμῶν
2637 1647 2648 1661 ·
2682 1631 2777 1684 καὶ
2805 1631 2966 1695 αὐτὸς
3001 1630 3088 1685 διὰ
3123 1629 3186 1684 τὸ
3228 1630 3576 1684 κεκακῶσθαι
3605 1631 3706 1684 οὐκ

2126 1723 2332 1792 ἀνοίγει
2351 1724 2413 1777 τὸ
2441 1723 2613 1794 στόμα
2629 1740 2642 1752 ο
2665 1722 2740 1787 ὡς
2773 1721 3043 1794 πρόϐατον
3069 1723 3160 1776 ἐπὶ
3190 1723 3404 1793 σφαγὴν
3426 1721 3586 1795 ήχθη,
3609 1725 3704 1777 καὶ

2125 1813 2202 1877 ὡς
2231 1814 2399 1885 ἀμνὸς
2428 1815 2667 1869 ἐναντίον
2713 1815 2806 1869 τοῦ
2855 1817 3130 1887 κείροντος
3165 1816 3395 1885 ἄφωνος,
3424 1808 3579 1879 οὗτος
3605 1815 3706 1869 οὐκ

2120 1906 2324 1975 ἀνοίγει
2361 1906 2422 1960 τὸ
2459 1907 2634 1978 στόμα
2674 1907 2870 1960 αὐτοῦ’
2905 1909 2961 1960 ἐν
2989 1911 3056 1979 τῇ
3089 1905 3414 1962 ταπεινώσει
3454 1909 3486 1979 ἠ
3525 1908 3706 1978 κρίσις

2120 1995 2285 2048 αὐτοῦ
2323 1995 2486 2068 ἤρθη,
2519 1997 2618 2066 τὴν
2649 1997 2705 2050 δὲ
2736 1997 2926 2065 γενεὰν
2953 1996 3116 2050 αὑτοῦ
3142 1996 3224 2060 τίς
3240 1997 3561 2068 ,διηγήσεται
3577 2013 3597 2061 ς,
3621 1997 3704 2051 ὅτι

2119 2087 2336 2158 αἴρεται
2365 2087 2472 2141 ἀπὸ
2498 2088 2596 2160 τῆς
2625 2089 2730 2158 γῆς
2754 2090 2787 2159 ἠ
2813 2086 2923 2158 ζωὴ
2957 2086 3144 2153 αὑτοῦ,
3191 2087 3298 2141 ἀπὸ
3335 2085 3441 2140 τῶν
3464 2085 3704 2158 ἀνομιῶν

2115 2179 2208 2241 τοῦ
2239 2179 2370 2234 λαοῦ
2401 2198 2502 2251 μου
2537 2181 2676 2252 ἤχθη
2722 2184 2800 2244 είς
2845 2181 3090 2234 θάνατον.
3116 2182 3226 2234 Καὶ
3253 2179 3409 2235 δώσω
3446 2181 3569 2245 τοὺς
3602 2197 3700 2234 πο·

2119 2272 2319 2344 νηροὺς
2354 2273 2476 2325 ἀντὶ
2515 2273 2615 2343 τῆς
2671 2274 2845 2344 ταφῆς
2890 2273 3074 2339 αὑτοῦ,
3109 2275 3202 2327 καὶ
3247 2273 3374 2336 τοὺς
3417 2272 3703 2336 πλουσίους

2119 2364 2240 2416 ἀντὶ
2281 2363 2376 2416 τοῦ
2412 2364 2643 2417 θανάτου
2683 2365 2871 2429 αὑτοῦ,
2906 2366 2987 2417 ὅτι
3019 2364 3245 2435 ἀνομίαν
3291 2365 3391 2417 οὑκ
3423 2365 3698 2433 ἐποίησεν,

2115 2453 2238 2506 οὐδὲ
2265 2454 2464 2526 εὑρέθη
2494 2454 2643 2518 δόλος
2685 2457 2741 2508 ἐν
2770 2454 2848 2526 τῷ
2889 2455 3114 2526 στόματι
3144 2454 3326 2508 αὑτοῦ.
3360 2456 3469 2509 Καὶ
3499 2456 3700 2526 Κύριος

2117 2544 2364 2614 βούλεται
2397 2545 2689 2618 καθαρίσαι
2718 2547 2876 2600 αὑτὸν
2905 2546 3012 2600 ἀπὸ
3036 2546 3135 2616 τῆς
3169 2546 3415 2618 πληγῆς·
3446 2545 3540 2598 ἐὰν
3565 2545 3700 2600 δῶτε

2116 2639 2242 2711 περὶ
2271 2639 2565 2710 ἁμαρτίας,
2590 2641 2624 2710 ή
2652 2638 2796 2711 ψυχὴ
2827 2639 2977 2710 ὑμῶν
3020 2639 3206 2708 ὄψεται
3237 2638 3456 2711 σπέρμα
3489 2641 3698 2710 μακρό-

2116 2731 2263 2784 6ιον⁶
2321 2732 2416 2785 καὶ
2464 2731 2711 2802 βούλεται
2766 2734 2966 2805 Κύριος
3007 2735 3064 2787 ἐν
3097 2733 3238 2804 χειρὶ
3274 2730 3443 2787 αὐτοῦ
3480 2732 3698 2801 ἀφελεῖν

2115 2823 2222 2877 ἀπὸ
2251 2823 2342 2876 τοῦ
2383 2825 2544 2876 πόνου
2578 2824 2676 2895 τῆς
2709 2824 2890 2895 ψυχῆς
2927 2824 3114 2888 αὐτοῦ,
3149 2825 3316 2890 δεῖξαι
3355 2825 3502 2895 αὐτῷ
3538 2824 3598 2894 (f.
3627 2823 3699 2880 56

2113 2925 2188 2983 νο)
2227 2916 2362 2984 φῶς,
2398 2918 2492 2970 καὶ
2526 2916 2726 2970 πλάσαι
2770 2920 2835 2988 τῇ
2880 2917 3130 2983 συνέσει,
3159 2916 3446 2973 δικαιῶσαι
3489 2917 3698 2971 δίκαιον

2118 2998 2176 3056 εὖ
2211 3001 2529 3056 δουλεύοντα
2551 3002 2800 3066 πολλοῖς
2820 3002 3020 3066 καὶτὰς
3037 3003 3310 3074 ἁμαρτίας
3341 3002 3518 3056 αὐτῶν
3538 3002 3699 3066 αὐτὸς

2117 3094 2320 3148 ἀνοίσει
2340 3112 2352 3124 ·
2384 3094 2470 3148 διὰ
2498 3094 2655 3148 τοῦτο
2701 3095 2860 3158 αὐτὸς
2891 3094 3294 3166 κληρονομήσει
3328 3093 3575 3158 πολλοὺς,
3605 3095 3698 3148 καὶ

2040 3226 2082 3282 C
2115 3186 2223 3240 τῶν
2276 3187 2510 3259 ίσχυρῶν
2554 3190 2730 3258 μεριεῖ
2767 3187 2971 3240 σκῦλα“
3027 3187 3141 3240 ἀνθ’
3180 3181 3255 3241 ὧν
3299 3185 3566 3260 παρεδόθη
3619 3187 3698 3250 εἰς

2117 3278 2347 3333 θάνατον
2377 3281 2411 3351 ἡ
2442 3279 2586 3351 ψυχὴ
2609 3278 2795 3343 αὑτοῦ,
2827 3280 2919 3332 καὶ
2939 3280 2996 3333 ἐν
3031 3282 3144 3343 τοῖς
3169 3281 3389 3350 ἀνόμοις
3416 3279 3692 3350 ἐλογίσθη·

2115 3373 2209 3426 καὶ
2258 3372 2418 3436 αὐτὸς
2451 3373 2718 3444 ἁμαρτίας
2765 3372 2974 3428 πολλῶν
3026 3374 3312 3445 ἀνήνεγκε,
3346 3373 3442 3426 καί¹
3485 3373 3572 3427 διὰ
3598 3373 3696 3436 τὰς

2114 3462 2344 3535 ἀνομίας
2376 3463 2553 3517 αὐτῶν
2588 3463 2874 3535 παρεδόθη.
2913 3463 3280 3536 Εὐφράνθητι,
3322 3465 3509 3536 στείρα
3552 3466 3584 3535 ἡ
3635 3466 3694 3517 οὐ

2113 3553 2393 3618 τίκτουσα,
2418 3553 2580 3624 ρἧον
2605 3554 2699 3608 καὶ
2739 3554 2932 3624 βόησον
2986 3557 3078 3608 καί¹
3118 3555 3341 3628 τέρπου,
3374 3557 3407 3626 ἡ
3440 3557 3539 3609 οὐκ
3569 3555 3694 3609 ὠδί-

2113 3663 2279 3699 νουσα
2298 3662 2312 3676 ·
2345 3647 2427 3699 ὅτι
2459 3646 2627 3699 πολλά
2657 3647 2726 3700 τὰ
2752 3647 2921 3700 τέκνα
2945 3647 3044 3716 τῆς
3077 3649 3281 3720 ἐρήμου
3309 3648 3509 3719 μᾶλλον
3533 3650 3565 3721 ἢ
3596 3649 3696 3721 τῆς

2113 3737 2345 3808 ἐχούσης
2392 3738 2484 3790 τὸν
2524 3737 2709 3808 ἄνδρα.
2752 3757 2770 3789 ι
2811 3739 2920 3790 Καὶ
2959 3739 3077 3791 πότ’
3122 3739 3309 3794 ἄλλοτε
3355 3740 3431 3803 ὼς
3484 3741 3576 3794 ἐπὶ
3627 3744 3693 3812 τῇ

2113 3831 2387 3900 παρουσία
2431 3829 2526 3883 τοῦ
2577 3831 2829 3901 Σωτῆρος
2881 3829 3037 3901 ἡμῶν
3092 3831 3264 3902 Ἰησοῦ
3317 3832 3552 3903 Χριστοῦ
3605 3832 3695 3886 τὸν

2116 3919 2374 3991 βραχίονα
2416 3920 2508 3973 τὸν
2557 3922 2749 3992 μέγαν,
2798 3921 2896 3975 οὐκ
2941 3921 3095 3975 ἄλλον
3125 3921 3252 3974 ὄντα
3279 3921 3373 3975 τοῦ
3407 3923 3578 3991 Λόγου
3599 3923 3699 3976 αὺ-

2111 4013 2227 4074 τοῦ,
2252 4015 2280 4064 ό
2321 4013 2509 4085 Πατὴρ
2534 4015 2626 4066 καὶ
2657 4015 2788 4076 Θεὸς
2833 4013 2941 4066 τῶν
2978 4015 3113 4068 ὅλων
3139 4013 3366 4068 ἐνώπιον
3390 4016 3497 4070 τῶν
3526 4016 3694 4069 ἐθνῶν

2115 4103 2487 4173 ἀπεκάλυψεν,
2535 4103 2572 4157 δι
2609 4105 2704 4157 καὶ
2743 4104 2921 4158 ίδόντα
2960 4105 3058 4176 τὴν
3096 4105 3476 4178 δεδωρημένην
3510 4107 3694 4171 αὐτοῖς

2115 4195 2218 4248 ὑπὸ
2273 4194 2366 4247 τοῦ
2418 4193 2553 4248 Θεοῦ
2607 4195 2879 4267 σωτηρίαν
2922 4195 3250 4264 ἀφίστασθαι
3282 4197 3377 4268 τῆς
3423 4198 3695 4269 προτέρας

2115 4287 2510 4359 προστάττεται
2535 4287 2763 4357 πλάνης,
2783 4287 2876 4340 καλ⁵
2906 4288 3100 4358 μηκέτι
3123 4288 3230 4341 τῶν
3251 4289 3596 4360 ἀκαθάρτων,
3611 4284 3694 4354 οἷς

2113 4381 2379 4453 πρότερον
2426 4381 2773 4446 ἐκαλινδεῖτο,
2811 4382 3054 4452 αἰσχροῖς
3091 4383 3185 4435 καὶ
3214 4384 3427 4454 μιαροῖς
3464 4381 3695 4435 ἐνειλού-

2117 4489 2251 4543 μενα
2279 4472 2598 4544 πράγμασιν
2633 4473 3004 4543 suam-coeat;
3039 4473 3151 4528 Καὶ
3179 4475 3302 4526 ἐπεὶ
3341 4475 3402 4527 οὐ
3435 4473 3498 4527 τὸ
3532 4473 3695 4545 τυχόν

423 4539 630 4590 minum
681 4539 944 4595 societate
1014 4541 1180 4611 hujus
1211 4545 1387 4614 gratia
1425 4545 1542 4614 ipse
1581 4542 1848 4598 Dominus
1879 4558 2004 4597 cum

2113 4539 2228 4617 ἐστι
2271 4539 2337 4617 τὸ
2367 4539 2730 4636 ἀποδιορίζενιν
2771 4539 2998 4630 ἑαυτοὺς.
3039 4566 3136 4636 τῆς
3171 4567 3443 4638 προτέρας
3489 4539 3693 4638 πατροα

421 4629 494 4684 iis
545 4629 951 4685 ambulatur-um
1013 4649 1073 4690 se
1126 4651 1326 4706 eosque
1371 4644 1828 4706 congregaturum
1874 4652 2002 4706 pro-

423 4720 611 4787 mittit,
649 4733 933 4793 portantes
968 4742 1098 4781 vasa
1158 4743 1278 4794 sua,
1326 4737 1517 4782 sancta
1567 4727 1820 4782 videlicet
1868 4744 2005 4798 pra:-

424 4821 602 4882 cepta,
645 4815 976 4886 divinosque
1023 4833 1328 4874 sermones.
1367 4817 1584 4874 Rursus
1622 4821 1702 4875 eis
1743 4822 2004 4890 quemad~

424 4905 647 4960 modum
679 4908 732 4961 in
765 4909 1041 4978 prioribus
1066 4911 1372 4981 prophetiis
1402 4909 1617 4965 diverse
1651 4909 1824 4967 Filius
1846 4911 2006 4966 Chri-

426 5005 545 5054 stus
562 4999 946 5054 nominabatur
967 5001 1082 5065 Dei,
1103 5004 1178 5056 ita
1201 5011 1251 5056 et
1273 5004 1359 5058 hic
1381 5004 1604 5060 dicitur.
1624 5004 2006 5063 lntellecturus

424 5093 628 5143 autem.
652 5096 705 5141 et
733 5089 1050 5152 eievandus.
1075 5103 1128 5146 et
1165 5108 1495 5163 magnopere
1525 5095 1851 5152 exaltandus
1881 5113 2008 5167 pro-

423 5176 731 5247 phetizatur
748 5190 969 5251 propter
987 5183 1375 5240 humanitatem
1395 5201 1573 5250 suam,
1593 5186 1660 5243 de
1677 5205 1780 5261 qua
1803 5189 1915 5245 lucc
1932 5191 2010 5244 di-

422 5277 642 5325 cuntur.
664 5269 800 5326 Vere
814 5275 959 5328 enim
984 5276 1386 5347 obstupuerunt
1402 5289 1455 5334 et
1469 5283 1680 5334 attoniti
1699 5291 1824 5335 sunt
1843 5297 1903 5336 su
1913 5298 2007 5350 per

422 5375 546 5414 eum
580 5364 757 5430 multi,
795 5366 1066 5422 hominem
1100 5384 1222 5424 eum
1262 5371 1367 5426 sibi
1407 5371 1641 5428 similem
1667 5381 2002 5443 reputantes.

427 5449 950 5528 Obstupueruntque
994 5461 1143 5514 nulla
1196 5463 1562 5532 praecellentia
1610 5464 1694 5518 vel
1729 5463 2006 5518 mundana

429 5544 601 5613 gloria
630 5549 1030 5606 circumdatum
1063 5567 1188 5607 eum
1223 5554 1494 5619 videntes,
1527 5570 1676 5620 cum,
1713 5553 1886 5610 forma
1913 5554 2007 5610 Dei

430 5634 700 5706 deposita,
726 5640 1014 5712 ipsumque
1050 5659 1109 5698 se
1131 5644 1477 5710 exinauiens,
1513 5653 1567 5699 et
1589 5645 1731 5700 servi
1775 5645 2006 5699 formam

431 5727 731 5799 accipiens,
785 5733 1145 5791 admiratione
1201 5745 1254 5792 et
1306 5737 1783 5808 obstupefactione
1845 5741 2006 5812 digna

541 5839 706 5898 ‘lsai.
740 5858 839 5912 LII,
875 5845 1075 5912 10-15;
1113 5864 1230 5915 ιιιι,
1264 5851 1322 5915 i;
1356 5863 1468 5916 Liv,
1508 5851 1557 5906 ι.

2108 4655 2416 4725 παραδότου
2467 4655 2770 4719 πολιτείας,
2826 4656 2919 4707 καὶ
2963 4653 3064 4724 τῆς
3113 4655 3297 4724 κοινῆς
3343 4653 3450 4706 τῶν
3489 4652 3696 4724 ἀνθρώ-

2108 4765 2223 4799 πων
2273 4747 2751 4818 συναναστροιρῆς,
2796 4746 2984 4799 τούτου
3014 4747 3172 4817 χάριν
3218 4745 3382 4808 αὐτὸς
3423 4747 3450 4798 ὁ
3492 4745 3694 4816 Κύριος

2111 4837 2587 4909 συμπορεύσεσθαι
2660 4839 2752 4892 καὶ
2813 4837 3061 4902 συνάξειν
3120 4836 3508 4906 ἐπαγγέλλεται
3568 4837 3695 4899 τοὺς

2109 4931 2372 5004 φέροντας
2423 4930 2492 4983 τά
2557 4929 2724 5001 σκεύη
2784 4929 2989 4994 αὑτοῦ,
3035 4928 3192 5000 δῆλον
3239 4927 3282 4980 δ’
3327 4929 3408 4982 ὅτι
3460 4927 3528 4982 τά
3572 4927 3695 5001 ίερά

2111 5025 2357 5094 δόγματα
2387 5024 2482 5078 καὶ
2521 5024 2648 5087 τοὺς
2686 5023 2864 5085 θείους
2893 5021 3106 5089 λόγους.
3151 5019 3320 5073 Ηάλιν
3360 5019 3404 5072 δ’
3445 5019 3537 5072 ἐπὶ
3565 5020 3691 5072 τού-

2109 5134 2222 5180 τοις
2255 5117 2313 5172 ὃν
2347 5117 2548 5189 τρόπον
2580 5117 2638 5169 ἐν
2668 5117 2790 5179 ταῖς
2823 5114 3080 5185 ἀνωτέρω
3118 5113 3478 5184 προφητείαις
3508 5111 3696 5180 διαφό-

2115 5210 2376 5280 ρας(ως)
2415 5209 2552 5272 Παῖς
2625 5211 2653 5262 ό
2709 5207 2946 5279 Χριστὸς
2999 5205 3311 5277 ὠνομάζετο
3365 5203 3460 5258 τοῦ
3519 5204 3690 5272 Θεοῦ,

2111 5300 2375 5364 ὡσαύτως
2406 5302 2617 5372 εἴρηται
2659 5300 2754 5354 καὶ
2782 5297 2988 5352 ἐνθάδε·
3031 5299 3280 5368 συνήσειν
3314 5297 3370 5350 δὲ
3411 5297 3504 5350 καὶ
3543 5296 3694 5365 ὑψω-

2111 5395 2510 5465 θήσεσθαι.κα“ι
2563 5395 2765 5466 σφόδρα
2809 5393 3234 5466 δοξασθήσεσθαι
3290 5393 3693 5465 προφητεύεται

2113 5485 2208 5537 τοῦ
2247 5485 2590 5557 ἀνθρωπίνου
2626 5483 2790 5538 αὐτοῦ
2818 5485 3226 5556 ἐπινοουμένου,
3263 5485 3391 5556 περὶ
3423 5480 3483 5538 οῦ
3515 5482 3692 5537 ταῦτα

2119 5577 2352 5647 λέγεται·
2387 5577 2604 5650 ἀληθῶς
2631 5577 2688 5630 δὲ
2719 5577 3016 5649 ἐξέστησαν
3041 5578 3134 5631 καὶ
3157 5577 3572 5651 ἐξηπορήθησαν
3601 5577 3688 5629 ἔπ’

2119 5671 2266 5742 αὐτῷ
2295 5669 2498 5734 πολλοὶ,
2531 5668 2812 5742 ἄνθρωπον
2848 5671 3057 5733 ἑαυτοῖς
3090 5670 3272 5740 ὅμοιος
3305 5666 3542 5740 (ὁμοίως)
3587 5665 3657 5718 αὑ
