4100 6440
368 432 509 491 1245

1390 424 1681 481 εειοεε
1722 425 2200 485 PROPHETICE.
2236 459 2307 469 —
2330 428 2457 485 LIB.
2494 427 2585 486 Π.

3480 437 3618 492 ηις

366 561 458 604 τον
490 544 870 615 ὑπειληφότες
906 544 1003 597 καὶ
1043 540 1337 611 ὲξέστησάν
1361 556 1425 608 γε
1459 539 1726 610 μηδεμίαν
1770 541 1940 612 ὑπερ-

2048 542 2271 612 perfecit
2300 543 2571 614 prodigia,
2613 543 2689 596 ita
2739 550 2799 596 ut
2844 543 3278 614 contemplantes
3333 561 3459 603 eum
3500 560 3623 607 stu-

369 639 508 710 οχὴν
538 637 572 708 ἢ
601 635 756 699 δόξαν
793 631 1065 702 κοσμικὴν
1089 628 1552 702 περιϐεϐλημένον
1577 630 1737 683 αὑτὸν
1766 631 1939 703 ἑωρα-

368 731 544 794 κότες,
567 729 681 793 ὅτε,
704 728 803 798 τὴν
827 726 921 780 τοῦ
949 723 1084 779 Θεοῦ
1120 722 1331 797 μορφὴν
1359 722 1715 793 ἀποθέμενος,
1748 724 1939 780 ἑαυτόν

367 839 427 878 τε
450 820 694 883 κενώσας
726 821 821 872 καὶ
850 815 1037 871 δούλου
1068 813 1375 886 ἀνειληφὼς
1412 812 1645 893 μορφὴν,
1680 812 1942 883 ὲξε(σ)τά.

369 930 506 978 atto;
542 912 666 977 ἀξια
700 911 794 965 καὶ
833 906 1225 978 καταπλήξεως
1256 906 1505 959 ἀπετέλει
1538 905 1835 977 παράδοξα,
1866 905 1940 969 ὡς

366 1006 493 1069 τοὺς
549 1003 889 1076 θεωροῦντας
944 1001 1082 1055 αὐτά
1137 999 1682 1070 καταπληττομένους
1735 998 1938 1068 λέγειν·

373 1115 392 1148 t
423 1097 534 1166 Ούχ
561 1088 717 1157 οὗτός
748 1095 893 1146 ἐστιν
930 1094 959 1144 ό
993 1094 1107 1155 υίὸς
1138 1092 1374 1162 Ἰωσήφς
1410 1089 1531 1160 οὐχὶ
1563 1091 1594 1160 ὴ
1635 1090 1818 1159 μήτηρ
1848 1089 1969 1141 καῖε

365 1190 416 1242 οί
447 1188 667 1258 ἀδελφοὶ
687 1186 852 1239 αὐτοῦ
886 1188 992 1238 εἰσι
1028 1185 1157 1257 παρ’
1188 1186 1354 1255 ήμῖν;
1396 1203 1415 1235 ι
1454 1182 1565 1235 Καὶ
1589 1184 1669 1245 εἰς
1693 1181 1853 1254 δεῦρο
1884 1182 1942 1235 δὲ

366 1279 607 1333 πλεῖστοι
637 1279 723 1331 ἐπ’
752 1277 914 1330 αὐτὸν
946 1275 1255 1340 ἐξίστανται
1280 1275 1376 1328 καὶ
1409 1271 1816 1346 ὲξαποροῦνται,
1843 1273 1943 1345 τὴν

365 1371 712 1426 διδασκαλίαν
749 1370 912 1425 αὑτοῦ
941 1368 1347 1441 διαδραμοῦσαν
1379 1368 1474 1421 καλ⁹
1504 1366 1583 1419 ἔτι
1606 1365 1699 1419 νῦν
1728 1366 1943 1436 διατρέ-

366 1479 567 1536 χουσαν
599 1463 682 1533 ἐφ’
705 1462 832 1534 ὅλην
865 1461 1100 1535 ὁρῶντες
1127 1461 1228 1532 τὴν
1256 1459 1601 1530 οἰκουμένην,
1632 1456 1741 1511 τῶν
1768 1474 1827 1511 τε
1860 1458 1940 1521 είς

364 1556 526 1611 αὐτὸν
572 1554 1013 1609 πεπιστευκότων
1061 1551 1159 1622 τὴν
1209 1550 1403 1613 ἀκλινῆ
1462 1550 1557 1603 καὶ
1609 1546 1942 1619 ἀμετάθετον

363 1647 600 1702 διάθεσιν
615 1644 1025 1706 κατανοοῦντες.
1055 1642 1240 1696 Ταῦτα
1264 1642 1322 1697 δὲ
1334 1641 1705 1713 θαυμάζοντες
1726 1640 1785 1693 οὐ
1815 1654 1940 1692 συν-

368 1740 478 1795 ίασι
507 1740 607 1810 τήν
631 1737 779 1791 θείαν
809 1736 1035 1807 δύναμιν
1075 1734 1196 1788 καθ’
1224 1734 1293 1807 ῆν
1330 1733 1599 1806 ὲνήργησέ
1630 1749 1692 1785 τε
1714 1731 1809 1785 καὶ⁵
1831 1732 1944 1784 elo-

367 1831 447 1884 έτι
481 1829 578 1885 νῦν
610 1830 855 1901 ἐνεργεῖν
887 1826 955 1881 τὰ
1009 1826 1316 1897 τηλικαῦτα
1347 1825 1649 1894 δεδύνηται·
1685 1824 1939 1893 συνέσχον

2040 639 2237 702 pentes
2284 631 2528 687 dicerent
2562 651 2577 687 :
2617 650 2636 684 ι
2673 630 2866 687 Nonne
2900 632 2991 687 hic
3032 643 3117 690 est
3147 633 3312 692 Jesus
3345 637 3489 696 lilius
3520 638 3619 698 Jo-

2039 725 2172 795 seph
2194 724 2218 778 ?
2235 723 2428 780 Nonne
2445 733 2619 780 mater
2636 733 2691 781 et
2716 724 2914 781 fratres
2936 726 3057 797 ejus
3085 736 3216 783 sunt
3234 730 3378 785 inter
3393 748 3497 788 nos
3510 734 3527 765 ¹
3544 735 3570 788 ἲ
3594 756 3614 789 ο

2040 815 2108 870 Ει
2141 832 2287 871 nunc
2320 832 2498 887 usque
2526 832 2693 888 super
2720 834 2844 873 eum
2907 817 3253 874 admirantur
3277 831 3330 877 et
3359 822 3622 895 obstupe-

2040 910 2479 980 scuutplerique,
2499 910 2805 965 doctrinam
2833 911 2954 981 ejus
2978 912 3230 968 dill‘usam
3260 922 3315 968 et
3345 931 3491 970 nunc
3519 918 3623 973 ad-

2040 1000 2150 1054 huc
2182 1008 2556 1069 penetrantem
2577 1001 2822 1057 videntes
2857 1002 2912 1057 in
2937 1004 3246 1059 universam
3276 1014 3498 1075 terram,
3519 1024 3620 1064 eo-

2042 1108 2276 1164 rumque
2314 1093 2408 1164 qui
2437 1092 2787 1148 crediderunt
2821 1096 2875 1149 in
2904 1110 3029 1150 eum
3046 1105 3389 1153 constantem
3427 1100 3622 1157 immo-

2041 1195 2266 1257 tamque
2282 1187 2740 1257 perseverantiam
2758 1197 3093 1259 reputantes.
3113 1188 3237 1245 Haec
3260 1202 3438 1246 autem
3454 1191 3621 1248 admi-

2042 1280 2172 1343 rati,
2192 1295 2304 1334 non
2332 1278 2574 1333 divinam
2605 1280 2989 1334 intellexerunt
3014 1290 3335 1352 potestatem
3364 1300 3471 1355 qua
3495 1301 3621 1356 ope-

2044 1381 2199 1427 ratus
2217 1377 2375 1427 estet
2399 1386 2549 1426 nunc
2580 1386 2756 1441 usque
2783 1373 2996 1441 cperari
3034 1381 3113 1427 tot
3146 1381 3202 1429 et
3230 1383 3380 1429 tanta
3407 1377 3620 1443 valeat;

2040 1464 2431 1519 continuerunt
2445 1474 2625 1518 autem
2640 1478 2765 1518 vere
2790 1478 2958 1534 super
2970 1478 3092 1519 eum
3108 1475 3160 1520 et
3170 1467 3522 1523 occluserunt
3542 1484 3625 1525 re-

2044 1570 2141 1627 ges
2163 1570 2226 1609 os
2257 1569 2440 1622 suum,
2462 1554 2581 1609 sive
2605 1554 2701 1625 qui
2736 1555 3053 1625 congregati
3080 1555 3294 1611 fuerant
3346 1560 3627 1629 passionis

2040 1652 2162 1722 ejus
2178 1661 2442 1724 tempore,
2460 1652 2529 1708 de
2544 1653 2748 1723 quibus
2767 1652 2977 1707 dictum
2990 1660 3074 1707 est
3092 1651 3446 1707 :tAstiteruut
3466 1665 3624 1722 reges

2041 1753 2222 1807 terrae,
2255 1753 2311 1800 et
2347 1745 2635 1820 principes,
2671 1751 3051 1799 convenerunt
3079 1744 3136 1797 iu
3167 1758 3335 1796 unum
3363 1742 3625 1805 adversus

2042 1850 2166 1889 eum
2183 1852 2199 1901 ;
2218 1834 2392 1890 ‘isive
2415 1835 2509 1905 qui
2539 1842 2668 1888 tunc
2681 1842 2839 1889 erant
2858 1831 3134 1903 principes
3149 1830 3392 1901 gentium
3408 1840 3629 1894 ;etcou—

364 1922 423 1976 δὲ
453 1920 665 1992 ἀληθῶς
718 1921 814 1973 καὶ
856 1921 1202 1975 συνέστειλαν
1250 1918 1335 1971 ἐπ’
1379 1917 1541 1970 αὑτὸν
1594 1915 1832 1986 βασιλεῖς
1882 1914 1945 1968 τὸ

2048 1925 2326 1979 tinueruut
2341 1925 2588 1995 profecto
2603 1939 2667 1980 os
2698 1940 2881 1988 suum,
2904 1939 3028 1978 cum
3047 1926 3250 1993 saepius
3265 1923 3633 1978 intercludere

368 2014 543 2084 στόμα
580 2012 781 2077 αὐτῶν,
807 2012 916 2065 εἴτε
943 2013 993 2066 οἱ
1024 2010 1378 2081 συναχθέντες
1407 2008 1550 2063 κατά
1571 2008 1633 2061 τὸ
1658 2006 1828 2070 πάθος
1848 2006 1945 2059 αύ-

365 2106 482 2171 τοῦ,
518 2106 647 2177 περὶ
690 2098 766 2158 ὧν
807 2104 1000 2176 ὲλέχθη
1034 2104 1112 2157 τό·
1163 2122 1181 2154 ι
1220 2102 1578 2173 Παρέστησαν
1621 2100 1670 2151 οἱ
1707 2097 1947 2169 βασιλεῖς

366 2200 466 2270 τῆς
499 2199 625 2269 γῆς,
652 2198 746 2253 καὶ
766 2199 815 2251 οἱ
848 2199 1104 2270 ἄρχοντες
1136 2194 1479 2266 συνήχθησαν
1509 2194 1601 2246 ἐπὶ
1628 2192 1688 2245 τὸ
1718 2188 1867 2257 αὐτό,
1921 2210 1940 2244 ι

365 2292 478 2346 εἴτε
510 2293 605 2346 καὶ
630 2293 679 2344 oi
723 2291 863 2344 κατά
907 2290 1131 2363 καιροὺς
1174 2290 1433 2361 ἄρχοντες
1472 2286 1581 2340 τῶν
1618 2285 1816 2340 ὲθνῶνο
1852 2285 1948 2338 καὶ

369 2385 626 2453 συνέσχον
657 2399 720 2450 γε
755 2383 930 2452 στόμα
968 2379 1175 2434 ἑαυτῶν
1208 2378 1284 2448 τῷ
1317 2377 1576 2442 πολλάκις
1621 2378 1719 2449 μὲν
1747 2377 1947 2440 αὐτοὺς

366 2467 713 2545 ἐπιχειρῆσαι
749 2472 990 2527 κωλῦσαι
1029 2472 1118 2525 τδν
1146 2470 1303 2538 λόγον
1334 2468 1497 2523 αὑτοῦ
1531 2470 1626 2522 καὶ
1664 2469 1765 2539 τὴν
1798 2466 1945 2520 διδαο

370 2566 618 2629 σκαλίαν,
656 2565 806 2619 οὐδὲν
846 2565 903 2618 δὲ
940 2559 1102 2635 ἦττον
1139 2560 1489 2634 ὑπερισχύειν
1518 2560 1681 2614 αὐτὸν
1712 2560 1806 2613 καὶ
1829 2558 1946 2612 δια-

365 2657 604 2728 λάμπειν
636 2652 986 2724 δοξαζόμενον
1021 2653 1115 2706 καὶ
1146 2653 1225 2715 είς
1252 2650 1382 2721 ὕψος
1410 2650 1721 2722 αἰρόμενον,
1757 2648 1821 2720 (f.
1853 2646 1944 2718 57)

366 2748 445 2813 ὡς
477 2747 710 2819 φανερὸν
759 2745 950 2799 ἑαυτὸν
997 2742 1320 2798 καθιστάναι
1364 2742 1426 2795 οὐ
1477 2741 1659 2812 μόνοις
1703 2742 1818 2803 τοῖς
1847 2737 1947 2802 τὰς

367 2840 498 2914 περὶ
544 2838 708 2892 αὐτοῦ
747 2838 1083 2909 προφητείας
1125 2838 1191 2889 ὲκ
1235 2834 1487 2904 πατέρων
1535 2832 1946 2905 παρειληφόσιν,

368 2933 528 2997 ἀλλά,
574 2933 638 2985 τὸ
681 2929 1136 3004 παραδοξότατον,
1176 2924 1257 2993 οἷς
1297 2925 1639 2981 οὐδεπώποτε
1672 2924 1948 2996 ἀνηγγέλη

366 3043 421 3079 τι
449 3026 578 3096 περὶ
605 3022 792 3087 αὐτοῦ,
833 3022 977 3076 τοῦτ’
1011 3021 1156 3074 ἐστιν
1192 3023 1324 3092 ἡμῖν
1356 3022 1469 3083 τῖῖς
1511 3018 1742 3072 ἔθνεσιν*
1777 3016 1826 3070 οῖ
1855 3016 1950 3069 καὶ

372 3117 494 3190 μηδ’
523 3116 656 3180 ὅλως
692 3114 846 3187 παρά
881 3113 991 3167 τῶν
1026 3112 1307 3183 προγόνων
1347 3111 1650 3183 ἀκηκοότες
1689 3127 1764 3174 τι,
1814 3108 1951 3181 μηδὲ

368 3208 863 3281 προμεμαθηκότες
890 3207 1018 3278 περὶ
1042 3206 1141 3277 τῆς
1168 3203 1333 3258 αὑτοῦ
1368 3202 1690 3275 παρουσίας,
1714 3203 1949 3272 συνήκα-

371 3314 472 3370 μεν
510 3297 671 3351 αὐτὸν
709 3296 951 3361 ἐλθόντα,
991 3296 1086 3350 κοιλ⁵
1126 3293 1226 3359 τάς
1258 3295 1385 3364 περὶ
1421 3292 1584 3348 αὐτοῦ
1613 3292 1949 3365 προφητείας

369 3387 793 3459 κατεδεξάμεθα.
848 3387 1032 3441 Ταῦτα
1081 3388 1139 3441 δὲ
1188 3386 1422 3459 προϊδὼν
1471 3388 1502 3441 ό
1554 3386 1841 3457 προφήτης
1890 3386 1947 3437 ὲν

366 3481 639 3550 πνεύματι
670 3480 944 3547 ἀναφωνεῖ
962 3479 1464 3549 ἀποθαυμαστικῶς
1484 3478 1656 3546 λέγων
1680 3478 1760 3530 τό·
1792 3496 1810 3528 ι
1843 3476 1949 3529 Κύ-

371 3586 475 3642 ριε,
499 3570 582 3632 τίς
614 3568 933 3622 ἐπίστευσεν
956 3570 1020 3639 τῇ
1055 3569 1190 3639 ἀκοῇ
1214 3568 1405 3640 ἡμῶν;
1445 3588 1464 3620 i
1505 3570 1680 3639 Ὅπερ
1709 3568 1807 3620 οὐκ
1830 3566 1945 3620 ἔστι

365 3661 564 3715 ταύτὸν
596 3659 693 3731 τῷ’
732 3659 917 3723 Οὐδεὶς
959 3658 1247 3713 ἐπίστευσε
1298 3662 1364 3732 τῇ
1382 3643 1516 3730 ἀκοῇ
1547 3659 1725 3730 ήμῶν·
1762 3656 1948 3727 σαφῶς

366 3750 478 3823 γάρ
509 3768 591 3805 τοι
634 3750 803 3804 πολλά
843 3750 1018 3823 πλήθη
1052 3750 1162 3803 τῶν
1206 3750 1266 3816 ἐξ
1308 3750 1500 3814 ἐθνῶν,
1545 3751 1638 3804 καὶ
1662 3750 1842 3805 αὐτῶν
1873 3750 1935 3823 δή

368 3860 515 3907 τινες
553 3842 661 3897 τῶν
695 3845 759 3897 ὲκ
791 3843 1121 3913 περιτομῆς,
1174 3842 1569 3896 πεπιστεύκασι
1598 3844 1663 3914 τῇ
1696 3844 1824 3914 περὶ
1855 3842 1949 3895 τοῦ

369 3934 604 4007 Χριστοῦ
636 3936 793 4007 ἀκοῇ’
825 3936 918 3989 καὶ
944 3955 962 3985 ‹
985 3934 1014 3986 ό
1043 3934 1280 4006 βραχίων
1303 3935 1381 3998 δὲ,
1405 3954 1424 3985 ι
1460 3935 1614 4005 φησὶ,
1642 3954 1661 3987 ι
1687 3934 1945 4005 Κυρίου,ο

368 4026 512 4080 τοῦτ’
546 4025 691 4081 ἔστιν
728 4029 757 4081 ό
795 4027 978 4099 προὼν
1006 4026 1101 4080 τοῦ
1135 4026 1269 4080 Θεοῦ
1305 4028 1498 4095 Λόγος,
1536 4045 1555 4077 ι
1596 4012 1703 4080 τίνι
1740 4028 1949 4081 ἀπεκα-

369 4118 576 4191 λύφθη;
615 4140 634 4170 ι
666 4120 839 4184 Αὐτὸς
865 4123 894 4173 ό
921 4119 1075 4189 λόγος
1107 4122 1163 4174 ὲν
1191 4121 1331 4191 ἀρχῇ
1358 4119 1458 4190 τῆς
1506 4119 1843 4192 προφητείας
1875 4120 1953 4173 δι·

368 4211 556 4265 δάσκει
582 4211 776 4281 λέγων·
814 4233 832 4263 ι
853 4213 962 4265 Καὶ
986 4211 1326 4266 ἀποκαλύψει
1351 4213 1552 4285 Κύριος
1577 4212 1666 4265 τὸν
1694 4212 1954 4285 βραχίονα

368 4301 461 4355 τὸν
491 4303 643 4372 ἅγιον
675 4301 840 4357 αὑτοῦ
870 4303 1098 4357 ἐνώπιον
1127 4303 1347 4357 πάντων
1371 4303 1480 4357 τῶν
1509 4303 1698 4357 ἐθνῶν.
1732 4323 1751 4354 ι
1793 4303 1952 4374 Ἑξῆς

369 4400 554 4464 αὐτοῖς
587 4398 807 4467 λέγεται
827 4414 841 4428 ’
895 4415 913 4448 ι
962 4396 1385 4468 ’Δνηγγείλαμεν
1417 4396 1647 4451 ἐνώπιον
1679 4396 1843 4450 αὐτοῦ
1876 4396 1954 4460 ὡς

370 4491 608 4552 παιδίον,
642 4490 718 4553 ὼς
748 4490 872 4561 ῥίζα
904 4492 963 4544 ὲν
984 4493 1055 4561 γῇ
1079 4489 1308 4560 διψώσῃ
1332 4489 1432 4542 οὐκ
1461 4489 1607 4543 ἐστιν
1641 4485 1777 4552 εἶδος
1805 4489 1953 4560 αὑτῷ

2047 2032 2331 2073 sermones
2351 2017 2473 2088 ejus
2508 2018 2691 2072 conati
2722 2025 2907 2073 essent
2947 2026 3109 2086 atque
3124 2016 3631 2083 doctrinam,etillo

2048 2107 2408 2163 nihilominus
2424 2107 2480 2162 in
2503 2109 2679 2177 majus
2702 2107 3087 2172 invalesceret,
3112 2108 3432 2175 praeclarus,
3463 2106 3638 2179 incly-

2047 2205 2159 2262 tus,
2184 2207 2238 2252 et
2267 2197 2521 2254 sublimis
2560 2196 2758 2265 factus,
2776 2198 2851 2252 ita
2887 2207 2946 2251 ut
2974 2198 3303 2254 manifestus
3338 2196 3489 2253 ﬁeret
3516 2212 3626 2253 non

2047 2287 2212 2343 modo
2226 2288 2295 2344 iis
2306 2288 2399 2359 qui
2418 2302 2447 2341 a
2466 2287 2715 2358 patrihus
2728 2287 2796 2343 de
2812 2287 2934 2358 ipso
2951 2287 3264 2357 prophetias
3281 2293 3635 2357 acceperant,

2050 2381 2166 2447 sed,
2185 2382 2330 2451 quod
2366 2383 2537 2436 multo
2552 2382 2728 2453 magis
2750 2380 3054 2434 mirandum
3087 2387 3265 2442 est,et
3293 2379 3407 2434 illis
3427 2379 3637 2448 quibus

2048 2473 2182 2526 nihil
2217 2487 2456 2542 unquam
2484 2470 2553 2526 de
2583 2486 2650 2526 eo
2675 2471 3058 2525 annuntiatum
3074 2468 3273 2533 fuerat,
3296 2470 3507 2524 Scilicet
3530 2484 3631 2524 no—

2043 2564 2130 2621 bis
2168 2566 2443 2635 gentibus.
2470 2562 2573 2630 Qui
2605 2571 2660 2618 et
2689 2562 2914 2616 minime
2942 2560 3239 2632 quidquam
3266 2573 3298 2613 a
3322 2559 3629 2628 majoribus

2047 2658 2423 2718 audieramus,
2475 2670 2611 2710 neve
2669 2654 2737 2709 de
2787 2654 2908 2723 ejus
2956 2652 3196 2707 adventu
3239 2651 3629 2714 didiceramus,

2046 2765 2173 2806 eum
2218 2749 2437 2805 venisse
2479 2747 2858 2818 cognovimus,
2917 2745 3341 2816 accepimusque
3392 2742 3459 2798 de
3508 2742 3631 2810 ipso

2051 2840 2389 2912 prophetias.
2416 2837 2550 2906 Quae
2580 2846 2761 2893 autem
2786 2837 3092 2908 praevidens
3121 2837 3407 2908 prepheta,
3433 2837 3633 2909 spiritu

2050 2932 2266 2987 alllatus
2286 2933 2495 2998 divino,
2520 2930 2822 2985 admiratus
2850 2930 3122 2984 exclamat
3147 2947 3160 2984 :
3188 2948 3207 2981 ι
3235 2927 3477 2994 Domine,
3507 2929 3633 3000 quis

2051 3026 2287 3083 credidit
2323 3025 2536 3080 auditui
2579 3022 2811 3079 nostro?
2854 3041 2874 3074 ι
2909 3022 3066 3089 Quod
3099 3038 3209 3079 non
3261 3021 3402 3078 idem
3437 3029 3522 3077 est
3567 3036 3634 3076 ac

2052 3120 2100 3175 si
2126 3120 2341 3175 diceret
2370 3136 2383 3172 :
2420 3115 2614 3172 Nullus
2634 3114 2822 3170 credet
2854 3114 3064 3169 auditui
3104 3124 3315 3172 nostro.
3348 3112 3636 3170 Manifesta

2053 3214 2200 3268 enim
2242 3226 2437 3282 magna
2489 3208 2785 3264 multitudo
2835 3208 3104 3278 gentium,
3141 3207 3493 3278 ipsorumque
3536 3204 3635 3261 Ju-

2052 3303 2294 3357 dasorum
2328 3299 2576 3355 nonnulli
2625 3300 2693 3353 de
2739 3297 2964 3353 Christo
3017 3296 3230 3351 auditui
3263 3296 3632 3351 crediderunt.

2049 3392 2115 3447 Et
2140 3412 2157 3444 ι
2182 3392 2486 3454 brachium,
2513 3411 2532 3442 ι
2554 3390 2650 3457 ait,
2674 3411 2692 3440 ι
2720 3387 2957 3450 Domini,
2975 3408 2995 3442 ι
3021 3390 3230 3445 scilicet
3252 3389 3637 3459 prmexsistens

2050 3485 2143 3540 Dei
2175 3483 2430 3544 Verbum,
2455 3501 2474 3533 ι
2499 3483 2588 3538 cui
2612 3482 2910 3537 revelatum
2943 3481 3067 3536 est?
3089 3499 3109 3531 ι
3140 3479 3258 3550 Ipse
3290 3480 3435 3534 enim
3456 3495 3639 3534 sermo

2049 3574 2105 3628 iu
2132 3573 2287 3626 initio
2312 3570 2609 3642 prophetiae
2640 3572 2800 3625 docet
2825 3569 3017 3625 dicens
3052 3586 3066 3623 :
3100 3587 3119 3619 ι
3152 3567 3219 3621 Et
3245 3568 3504 3623 revelabit
3531 3567 3640 3621 Do-

2050 3665 2234 3719 minus
2282 3662 2568 3716 brachium
2601 3668 2851 3716 sanctum
2899 3674 3058 3715 suum
3103 3659 3158 3713 in
3200 3667 3496 3729 conspectu
3527 3673 3653 3711 omv

2053 3756 2205 3810 nium
2239 3755 2506 3826 gentium.
2550 3773 2569 3805 ι
2602 3752 2735 3810 Post
2787 3753 2903 3808 inec
2931 3753 3182 3819 dicitur:
3211 3770 3230 3803 ι
3270 3750 3338 3805 Ει
3369 3750 3633 3807 ascendet

2053 3850 2196 3905 sicut
2230 3849 2524 3918 virgultum
2554 3861 2739 3901 coram
2780 3860 2868 3911 eo,
2912 3854 2966 3900 et
3005 3845 3149 3900 sicut
3180 3843 3339 3899 radix
3369 3844 3437 3899 de
3476 3850 3623 3898 terra

2055 3940 2281 3997 sitienti.
2310 3938 2428 3994 Non
2458 3946 2543 3995 est
2578 3939 2789 4010 species
2818 3938 2891 4005 ei,
2938 3952 3115 4007 neque
3149 3937 3317 3991 decor
3350 3954 3366 3991 :
3407 3948 3461 3991 et
3496 3935 3634 3990 vidi-

2053 4048 2177 4088 mus
2205 4048 2354 4099 eum,
2398 4039 2453 4087 et
2503 4047 2612 4086 non
2643 4039 2761 4085 erat
2818 4041 3095 4102 aspectus,
3153 4045 3330 4100 neque
3377 4028 3635 4083 formosi-

2055 4133 2162 4188 tas,
2193 4143 2212 4176 ι
2237 4134 2291 4179 et
2319 4139 2441 4194 quae
2484 4132 2813 4201 sequuntur,
2842 4138 2964 4193 quae
2997 4123 3180 4176 omnia
3216 4121 3434 4189 impleta
3469 4126 3624 4185 sunt,

2054 4217 2276 4287 quando
2313 4216 2642 4271 esinaniens
2668 4215 3042 4285 semetipsum,
3077 4214 3287 4283 abjecta
3311 4211 3404 4267 Dei
3434 4212 3631 4279 forma,

2059 4311 2294 4381 speciem
2324 4309 2510 4380 elegit,
2544 4324 2653 4363 non
2689 4322 2810 4378 quae
2841 4306 2987 4377 apud
3023 4305 3274 4361 homines
3315 4303 3555 4359 formosa
3580 4314 3637 4360 et

2054 4402 2253 4457 decora
2287 4400 2540 4464 habetur,
2572 4402 2851 4469 vitamque
2881 4398 3029 4468 degit
3054 4397 3348 4450 humanam
3379 4394 3499 4451 sine
3534 4394 3637 4448 ho.

2056 4494 2267 4547 niinum
2297 4492 2493 4563 gloria,
2527 4492 2646 4546 sine
2674 4492 2857 4561 aliqua
2883 4490 3175 4545 mundanae
3195 4488 3477 4560 dignitatis
3501 4502 3640 4559 pra:-

368 4581 489 4636 οὐδὲ
521 4580 669 4645 δόξα,
704 4582 799 4634 καὶ
831 4579 1046 4652 εἴδομεν
1097 4582 1280 4645 αὐτὸν,
1330 4582 1424 4635 καὶ
1470 4582 1571 4635 οὐκ
1617 4576 1762 4652 εἶχεν
1812 4577 1946 4645 εἶδος

2056 4585 2332 4648 cellentia,
2371 4584 2602 4640 formam
2633 4598 2764 4638 vero
2808 4582 2953 4638 servi
2986 4590 3042 4638 et
3087 4581 3325 4637 ministri
3356 4580 3633 4651 accipiens

366 4675 489 4730 οὐδὲ
526 4673 741 4738 κάλλος,
774 4691 793 4724 i
816 4673 911 4726 καὶ
935 4674 1004 4727 τά
1029 4675 1178 4744 ἑξῆς,
1208 4675 1244 4729 ἀ
1278 4674 1373 4729 καὶ
1400 4675 1540 4729 αὺτά
1567 4674 1945 4747 πεπλήρωται,

366 4764 456 4819 ὅτε
488 4763 730 4827 κενώσας
764 4764 952 4817 ἑαυτὸν
990 4765 1087 4833 τῆς
1119 4764 1213 4817 τοῦ
1257 4764 1393 4818 Θεοῦ
1435 4766 1670 4838 μορφῆς,
1706 4765 1825 4818 οὐδὲ
1850 4766 1948 4837 τὴν

365 4856 443 4920 ὡς
484 4859 543 4910 ὲν
580 4854 886 4927 ἀνθρώποις
928 4855 1106 4926 εὐειδῆ
1150 4857 1245 4909 καὶ
1278 4858 1592 4930 εὐσχήμονα
1624 4857 1951 4925 κατελέξατο

369 4948 836 5020 προσωποποιίαν,
872 4948 992 5001 οὐδὲ
1027 4947 1126 5019 μὲν
1153 4948 1281 5022 δόξῃ
1318 4951 1383 5021 τῇ
1421 4952 1555 5020 παρ’
1579 4949 1947 5022 ἀνθρώποιςῆ

369 5040 641 5112 κοσμικῆς
686 5057 834 5105 τινος
880 5040 1152 5113 ὑπεροχῆς
1184 5040 1443 5113 περιϐολῇ
1484 5042 1576 5097 τὸν
1610 5041 1948 5114 ἀνθρώπινον

366 5130 608 5202 διεξῆλθε
645 5132 778 5203 βίον,
808 5131 1020 5204 μορφὴν
1048 5131 1104 5185 δὲ
1134 5131 1321 5186 δούλου
1353 5133 1449 5187 καὶ
1484 5133 1732 5188 διακόνου
1770 5135 1949 5189 λαϐὼν

367 5222 731 5281 ἐταπείνωσεν
776 5223 966 5276 ἑαυτὸν
1015 5223 1106 5276 καὶ
1157 5224 1380 5293 γέγονεν
1419 5225 1495 5290 ὡς
1535 5226 1840 5298 ἄνθρωπος,
1888 5230 1948 5283 ὲν

369 5312 554 5384 πληγῇ
583 5312 658 5366 ῶν
684 5314 779 5368 καὶ
804 5314 958 5377 είδὼς
984 5314 1172 5387 φέρειν
1202 5316 1495 5386 μαλακίαν,
1520 5318 1876 5392 ἀπέστραπτο
1897 5320 1955 5374 δὲ

336 5434 341 5445 -
368 5405 465 5458 καὶ
498 5404 884 5477 ἀποκέκρυπτο
928 5405 1003 5476 (Ι)
1033 5406 1132 5476 τῆς
1162 5406 1417 5479 θεότητος
1449 5408 1617 5463 αὐτοῦ
1648 5410 1709 5464 τὸ
1747 5410 1956 5477 ἔνδοξον

371 5498 464 5553 καὶ
485 5497 665 5550 θεῖκὸν
682 5498 992 5568 πρόσωπον·
1018 5497 1084 5550 δι’
1102 5498 1130 5551 ὃ
1161 5499 1255 5553 καὶ
1279 5501 1557 5573 ὴτιμάσθη
1580 5502 1731 5574 παρά
1764 5506 1875 5567 τοῖς
1893 5504 1954 5558 τὸ

370 5588 707 5663 ἀνθρώπινον
734 5590 898 5644 αὐτοῦ
936 5591 1094 5662 μόνον
1122 5594 1567 5665 κατανενοηκόσι,
1595 5597 1724 5667 παρ’
1751 5591 1833 5659 οἷς
1858 5596 1952 5650 καὶ

368 5682 472 5735 οὐκ
496 5681 748 5753 ἐλογίσθη
766 5683 865 5751 οὐχ
903 5683 1052 5748 ὅπως
1086 5684 1168 5748 είς
1199 5684 1333 5736 Υἰὸν
1371 5684 1529 5748 Θεοῦ,
1568 5685 1685 5739 ἀλλ’
1726 5686 1835 5741 οὐδ’
1867 5689 1949 5751 είς

2057 4676 2364 4730 humiliavit
2389 4674 2746 4744 semetipsum
2774 4681 2830 4728 et
2861 4673 3040 4728 factus
3066 4680 3151 4727 est
3179 4681 3237 4725 ut
3254 4672 3417 4724 homo
3437 4684 3635 4736 verus;

2056 4768 2352 4838 despectus
2382 4774 2437 4822 et
2466 4768 2648 4821 sciens
2670 4765 3038 4827 inﬁrmitates,
3071 4763 3221 4818 exuit
3243 4759 3640 4831 absconditque

2057 4857 2363 4912 divinitatis
2389 4872 2504 4912 suae
2538 4857 2855 4927 praeclaram
2890 4856 3241 4924 divinamque
3271 4852 3520 4922 ﬁguram.
3550 4850 3639 4907 ld-

2057 4951 2206 5006 circo
2237 4952 2534 5021 despectus
2568 4959 2653 5006 est
2681 4952 2751 5006 ab
2792 4951 2858 5006 iis
2899 4950 2992 5021 qui
3031 4945 3405 5002 tantummodo
3438 4945 3637 5001 huma-

2054 5044 2283 5098 nitatem
2313 5044 2436 5113 ejus
2464 5046 2853 5116 respiciebant,
2897 5058 2997 5098 nec
3045 5055 3171 5097 eum
3205 5038 3298 5094 Dei
3329 5036 3525 5092 Filium
3552 5053 3639 5094 re-

2053 5135 2340 5205 putabant,
2376 5150 2482 5190 nec
2517 5137 2679 5191 etiam
2715 5137 2926 5206 justum
2970 5134 3228 5205 aliquem.
3281 5130 3480 5186 Dicunt
3507 5145 3638 5187 vero

2055 5228 2147 5299 qui
2178 5227 2293 5282 haec
2317 5228 2514 5298 spiritu
2544 5229 2873 5299 intelligunt,
2897 5225 3057 5297 quasi
3080 5230 3403 5281 enarrantes
3435 5225 3640 5280 docen-

2051 5327 2246 5390 tesque
2272 5318 2442 5390 hujus
2478 5321 2724 5391 mysterii
2759 5320 3062 5375 rationem:
3089 5337 3109 5369 ι
3144 5317 3242 5372 Hic
3277 5322 3498 5386 peccata
3532 5329 3638 5370 no~

2052 5419 2167 5468 stra
2196 5413 2318 5467 tulit
2350 5419 2404 5466 et
2434 5427 2530 5483 pro
2562 5412 2722 5467 nobis
2750 5427 2946 5482 passus
2977 5418 3081 5466 est.
3115 5430 3136 5463 ι
3170 5408 3439 5465 Videhant
3462 5408 3633 5468 enim.

2051 5513 2216 5576 prout
2238 5506 2534 5576 prophetat.
2558 5519 2796 5574 quonam
2826 5505 2988 5559 modo
3016 5503 3105 5559 ﬁet
3131 5520 3150 5554 ι
3185 5503 3373 5574 Agnus
3397 5499 3512 5562 Dei,
3541 5500 3638 5570 qui

2050 5598 2192 5651 tollit
2225 5608 2445 5667 peccata
2476 5597 2663 5652 mundi
2697 5597 2739 5650 ⁸.
2782 5617 2801 5651 ι
2834 5595 2965 5651 Post
2995 5596 3107 5650 haec
3140 5594 3470 5666 subjicitur:
3508 5606 3529 5642 ι
3568 5588 3639 5644 Et

2050 5702 2152 5745 nos
2185 5690 2500 5768 putavimus
2527 5705 2651 5747 eum
2681 5690 2836 5762 quasi
2882 5690 3178 5761 leprosum,
3212 5695 3262 5745 et
3304 5697 3653 5759 percussum

441 5772 637 5828 'Joan.
672 5789 749 5837 vt,
780 5773 881 5838 Ως
909 5770 1100 5829 Matth.
1145 5790 1268 5843 xm,
1300 5775 1391 5832 55.
1470 5780 1490 5808 ⁸
1520 5777 1664 5834 Psal.
1702 5794 1762 5845 ll,
1800 5779 1853 5833 Ξ.
1936 5779 1946 5810 ³

2048 5796 2117 5834 an
2149 5796 2188 5847 I,
2217 5779 2308 5837 ‘29.

446 5864 522 5937 (l)
552 5862 806 5924 Fortasse
828 5868 929 5936 leg.
950 5865 1351 5938 ἀπεκέκρυπτο.
1377 5867 1534 5926 Eutr.
