4100 6432
454 426 594 480 135.7

1203 410 1987 483 EUSEBILCIESARIENSIS
2027 406 2180 463 OPP.
2217 404 2396 461 PARS
2431 403 2523 461 IlI.
2558 435 2627 446 —
2667 399 3076 477 EXEGETICA.

3588 393 3720 450 12ιὸ

452 561 481 600 a
519 545 651 607 Deo,
682 549 735 597 et
783 540 1151 596 humiliatum.
1206 536 1328 608 ipso
1382 543 1562 590 autem
1595 524 1913 588 vulneratus
1955 534 2042 585 est

2146 523 2233 578 τὸν
2263 523 2496 594 τυχόντα
2525 520 2753 575 δίκαιον.
2778 517 2988 576 Φασὶ,δ’
3016 517 3065 569 οἱ
3099 515 3177 587 τῷ
3210 512 3480 584 πνεύματι
3515 511 3720 565 τούτων

452 645 678 708 propter
704 633 1029 704 iniquitates
1058 640 1293 685 nostras.
1346 647 1368 682 ι
1419 627 1630 682 Revera
1668 625 1813 679 enim
1847 623 2038 677 vulne-

452 733 608 781 ratus
643 732 748 787 est,
795 738 920 777 cum
961 721 1167 792 lapides
1219 733 1365 790 quos
1410 717 1749 787 conjicerent
1782 716 1839 768 in
1889 727 2036 776 eum,

452 818 825 888 arripuerunt.
860 814 925 868 Et
947 834 964 865 ι
989 814 1209 867 attritus
1234 820 1339 876 est,
1366 812 1460 876 ait,
1486 808 1930 881 propterscelera
1942 823 2044 862 no-

453 921 588 965 stra.
603 927 620 959 ι
647 907 839 963 Melius
861 906 1007 963 enim
1032 920 1194 975 quam
1216 904 1419 959 Paulus
1444 902 1677 957 inﬁrmis
1698 899 2042 970 compatiens

451 999 706 1055 Christus
744 997 929 1054 dicere
978 997 1154 1069 potuit
1190 1012 1207 1051 :
1250 1017 1267 1047 ι
1292 994 1428 1062 Quis
1472 993 1806 1057 inﬁrmatur,
1832 998 1890 1046 et
1929 1007 2043 1045 non

452 1091 703 1148 inﬁrmor
732 1090 799 1143 ¹⁴ἔ
843 1109 861 1142 ι
898 1089 1025 1145 Haec
1055 1103 1182 1143 vero
1212 1087 1394 1142 omnia
1437 1084 1736 1141 conﬁtetur
1779 1082 2041 1154 propheta

452 1194 678 1255 propter
709 1183 912 1254 ipsum,
948 1195 1278 1251 omnemque
1309 1178 1570 1249 populum
1594 1191 1889 1248 passurum
1919 1190 2043 1230 esse

453 1276 633 1340 illum,
668 1274 737 1330 de
784 1290 894 1346 quo
936 1273 1191 1328 dicitur:
1234 1291 1253 1322 ι
1298 1270 1637 1326 Vulneratus
1681 1277 1770 1325 est
1821 1274 2045 1339 propter

454 1368 773 1439 iniquitates
808 1376 1054 1433 nostras,
1077 1372 1131 1420 et
1171 1364 1394 1419 attritus
1430 1370 1516 1418 est
1562 1371 1788 1434 propter
1830 1361 2045 1416 scelera

453 1468 671 1515 nostra.
708 1479 729 1513 ι
761 1458 836 1514 Se
868 1461 1048 1529 ipsum
1074 1470 1298 1526 quoque
1324 1455 1622 1525 designans
1639 1452 1830 1523 adjicit
1861 1470 1874 1503 :
1911 1469 1930 1502 ι
1959 1449 2045 1505 Li-

453 1568 587 1608 vore
634 1553 755 1624 ejus
805 1552 985 1607 sanati
1029 1565 1243 1606 sumus.
1285 1567 1305 1600 ι
1362 1547 1648 1603 Manifeste
1699 1546 2044 1618 prospiciens

453 1658 616 1712 quem
641 1642 697 1696 in
720 1656 964 1698 errorem
991 1640 1293 1694 declinaret
1317 1636 1761 1693 circumcisionis
1783 1636 2041 1707 populus,

453 1734 1007 1805 certiorque'nullum
1043 1746 1269 1802 prorsus
1299 1730 1576 1785 hominem
1609 1730 1822 1800 peccati
1846 1729 2045 1783 immu-

453 1842 580 1882 nem
613 1842 758 1892 esse,
789 1826 890 1880 etsi
918 1825 1266 1895 justissimus
1302 1822 1575 1888 videatur,
1622 1820 1774 1876 addit
1808 1839 1822 1875 :
1859 1839 1877 1872 ι
1911 1820 2044 1874 Oru-

2142 614 2324 670 αὐτῶν
2361 610 2779 686 συνῃσθημένοι,
2819 607 3061 679 ὡσπερεὶ
3105 604 3450 677 διηγούμενοι
3496 603 3588 657 καὶ
3623 602 3721 674 τὴν

2141 707 2323 761 αἰτίαν
2362 706 2461 776 τῆς
2489 702 2744 774 τοιαύτης
2787 699 3098 770 οἰκονομίας
3129 693 3604 767 διδάσκοντοςβες»)
3636 694 3717 746 τό·

2148 816 2167 847 ι
2200 790 2372 858 Οὗτος
2417 791 2518 855 τάς
2567 789 2841 862 ἁμαρτίας
2886 786 3045 858 ἡμῶν
3094 786 3271 857 φέρει,
3295 785 3389 838 καὶ¹
3414 784 3542 855 περὶ
3564 781 3721 854 ήμῶν

2141 886 2414 941 όδυνᾶται·
2462 901 2481 935 ι
2518 880 2705 953 ἑώρων
2735 878 2864 951 γὰρ,
2900 874 2985 931 οἷα
3018 878 3081 949 δὴ
3121 876 3416 949 προφῆται,
3445 873 3569 928 τίνα
3597 872 3722 944 τρό-

2142 995 2245 1033 πον
2266 978 2558 1048 γενήσεται
2581 973 2754 1045 ἀμνὸς
2775 971 2869 1026 τοῦ
2893 970 3051 1038 Θεοῦ,
3088 989 3107 1022 ι
3140 970 3309 1041 αἴρων
3331 967 3429 1040 τὴν
3448 966 3722 1037 ἁμαρτίαν

2136 1070 2235 1124 τοῦ
2261 1069 2489 1138 κόσμου.
2526 1088 2545 1120 ι
2591 1065 2940 1135 Ἐπιφέρεται
2968 1062 3197 1126 τούτοις·
3238 1080 3257 1114 ι
3300 1060 3493 1131 Ἡμεῖς
3521 1058 3579 1112 δὲ
3608 1056 3724 1111 ἑλο-

2140 1161 2412 1232 γισάμεθα
2450 1159 2613 1213 αὐτὸν
2645 1154 2783 1211 εἶναι
2813 1158 2870 1210 ὲν
2902 1156 3049 1225 πόνῳ
3085 1154 3178 1209 καὶ
3218 1154 3276 1206 ὲν
3316 1151 3497 1223 πληγῇ
3536 1150 3631 1203 καὶ
3663 1152 3722 1204 ὲν

2143 1252 2404 1309 κακώσει·
2452 1251 2616 1316 αὐτὸς
2668 1251 2725 1305 δὲ
2766 1246 3175 1322 ἐτραυματίσθη
3219 1245 3307 1301 διὰ
3353 1246 3453 1310 τάς
3495 1243 3723 1315 ἀνομίας

2141 1350 2319 1422 ήμῶν·
2353 1367 2372 1402 ι
2396 1348 2626 1417 δυνάμει
2656 1344 2764 1416 γάρ
2786 1344 2880 1399 καὶ
2904 1339 3331 1415 ὲτραυματίσθη,
3361 1340 3450 1392 ὅτε
3476 1333 3615 1410 ἦραν
3641 1335 3724 1389 λία

2142 1442 2269 1506 θους
2295 1440 2478 1513 βαλεῖν
2503 1438 2588 1493 ἐπ’
2609 1438 2788 1493 αὐτόν·
2808 1437 2901 1490 καὶ
2932 1454 2952 1487 ι
2985 1433 3385 1507 μεμαλάκισται
3404 1450 3423 1484 ι
3454 1430 3533 1496 δὲ,
3568 1429 3721 1501 φησὶ,

2149 1552 2168 1585 ι
2196 1532 2285 1587 διά
2308 1531 2406 1597 τὰς
2434 1532 2711 1607 ἁμαρτίας
2735 1530 2913 1602 ἡμῶν.
2940 1548 2958 1581 ι
2994 1527 3209 1582 Μᾶλλον
3237 1524 3348 1597 γὰρ
3378 1523 3592 1579 Παύλου
3613 1523 3725 1585 τοῖς

2143 1625 2394 1680 ἀσθενέσι
2440 1622 2840 1695 συνασθενήσας
2883 1618 3137 1692 Χριστὸς,
3182 1614 3335 1672 εἶπεν
3364 1618 3431 1673 ἂν
3461 1616 3541 1670 τό·
3581 1635 3600 1667 ι
3629 1614 3727 1679 Τίς

2145 1717 2381 1784 ἀσθενεῖ,
2413 1718 2507 1772 καὶ
2527 1718 2628 1771 οὐκ
2652 1713 2864 1771 ἀσθενῶ
2887 1731 2902 1781 ;
2941 1733 2961 1766 ι
2990 1712 3174 1766 Ταῦτα
3200 1711 3256 1765 δὲ
3281 1710 3458 1765 πάντα
3476 1707 3728 1780 ὁμολογεῖ

2145 1813 2175 1865 ό
2207 1812 2497 1882 προφήτης
2544 1809 2610 1862 δι’
2641 1808 2801 1861 αὐτόν
2832 1824 2892 1860 τε
2919 1807 3014 1860 καὶ
3042 1806 3136 1859 τὸν
3180 1804 3360 1858 πάντα
3388 1801 3518 1855 λαὸν
3544 1800 3729 1854 πείσε-

454 1935 556 1975 nes
578 1934 679 1974 nos
701 1919 856 1990 quasi
876 1934 1008 1973 oves
1036 1917 1343 1973 erravimus
1369 1934 1384 1970 :
1418 1914 1797 1985 unusquisque
1816 1915 1872 1969 in
1897 1915 2042 1968 viam

2148 1901 2272 1956 σθαι
2316 1901 2408 1955 τὸν
2451 1901 2584 1972 περὶ
2613 1896 2674 1955 οὗ
2709 1902 2739 1952 ὁ
2765 1899 2940 1968 λόγος·
2978 1918 2997 1951 ‹
3051 1894 3489 1972 Ἐτραυματίσθη
3527 1913 3547 1946 ι
3595 1894 3726 1966 γὰρ,

457 2026 613 2065 suam
652 2011 949 2066 declinavit
986 2028 999 2064 :
1031 2019 1087 2065 et
1134 2010 1317 2080 posuit
1346 2007 1616 2065 Dominus
1651 2010 1705 2064 in
1734 2024 1800 2065 eo
1839 2008 2045 2079 iniqui-

459 2111 629 2157 tatem
661 2104 906 2173 omnium
950 2110 1226 2164 nostrum,
1263 2120 1281 2154 ι
1321 2110 1376 2156 et
1399 2106 1531 2172 quae
1560 2112 1888 2173 sequuntur,
1925 2116 2046 2171 quae

454 2195 644 2264 procul
679 2194 849 2250 dubio
876 2212 973 2267 per
1003 2211 1175 2251 unum
1208 2194 1550 2251 Salvatorem
1575 2203 1826 2253 nostrum
1855 2193 2045 2251 .Iesum

454 2285 664 2339 exitum
693 2285 955 2342 habuisse
984 2286 1454 2342 demonstrantur.
1482 2283 1692 2341 Exinde
1713 2299 2047 2356 magnopere

456 2376 706 2432 miranda
745 2387 831 2433 est
861 2378 1081 2433 illorum
1114 2377 1415 2442 induratio,
1470 2378 1565 2449 qui
1614 2375 1757 2448 apud
1806 2377 2045 2447 priorem

456 2470 712 2540 lopulum
739 2485 863 2526 eum
896 2484 1196 2542 agnoscere
1221 2469 1541 2535 noluerunt,
1566 2476 1864 2525 causantes
1892 2484 2043 2533 eum,

453 2577 615 2631 quem
637 2562 951 2633 opprobriis
980 2562 1335 2618 etderisione
1365 2562 1786 2625 lacessiverant,
1820 2559 2046 2631 indigna

454 2666 680 2721 passum
724 2669 850 2709 esse
879 2651 977 2709 Dei
1007 2653 1062 2709 in
1094 2655 1273 2725 ipsum
1326 2653 1723 2710 sollicitudine.
1757 2652 2048 2709 Manifeste

454 2751 721 2815 praeterea
756 2744 1101 2800 exclamante
1149 2744 1414 2816 propheta
1447 2744 1515 2801 de
1550 2760 1638 2809 eo,
1672 2745 1821 2816 quod
1855 2764 1874 2797 ι
1903 2745 2051 2801 sicut

455 2834 576 2889 ovis
608 2834 676 2888 ad
719 2834 1059 2890 occisionem
1103 2833 1307 2890 ductus
1337 2844 1443 2901 est,
1471 2843 1527 2891 et
1555 2836 1717 2907 quasi
1748 2848 1923 2907 agnus
1951 2851 2047 2892 co-

455 2939 575 2979 ram
609 2925 867 2982 tondente
895 2943 956 2983 se
987 2927 1264 2982 obmutuit
1296 2943 1400 2983 nec
1441 2928 1658 2998 aperuit
1688 2943 1751 2983 os
1788 2943 1981 2995 suum;
2021 2946 2041 2980 ι

455 3026 510 3073 et
549 3036 567 3069 ι
602 3019 728 3089 quia
775 3019 1060 3076 abscissus
1102 3029 1187 3076 est
1218 3021 1287 3075 de
1312 3029 1458 3077 terra
1493 3020 1815 3075 viventium.
1851 3040 1871 3074 ι
1909 3019 2050 3087 Quis

464 3119 645 3164 autem
691 3126 802 3165 non
866 3111 1169 3167 admiretur
1225 3127 1346 3182 quae
1408 3120 1534 3182 post
1584 3113 1702 3169 haec
1746 3112 2044 3181 adduntur,

457 3204 781 3272 pmplietam
811 3201 1083 3259 dicentem
1116 3203 1348 3260 audiens
1375 3220 1389 3256 :
1420 3222 1439 3255 ι
1480 3203 1711 3276 Propter
1741 3205 1923 3262 scelus
1946 3221 2044 3276 po—
2073 3236 2120 3296 ε

458 3294 572 3364 puli
601 3294 707 3349 mei
734 3294 936 3350 ductus
958 3303 1044 3351 est
1083 3296 1149 3351 ad
1182 3297 1454 3353 mortem?
1488 3316 1506 3349 ι
1533 3298 1641 3351 Aut
1675 3298 1850 3354 cuivis
1881 3298 2046 3355 verba

457 3400 569 3438 non
604 3386 922 3451 deﬁcerent,
967 3387 1208 3457 propriis
1256 3389 1487 3444 auribus
1547 3390 1788 3446 audienti
1835 3389 2047 3447 Christi

458 3494 671 3542 vocem,
703 3481 1187 3553 necintelligenti,
1233 3482 1318 3538 vel
1369 3482 1668 3553 ipsissimis
1702 3484 1881 3541 oculis
1924 3485 2048 3554 ejus

456 3574 805 3641 praesentiam
824 3575 1161 3645 inspicionti,
1201 3592 1301 3633 nec
1319 3577 1564 3632 videnti?
1580 3576 1883 3644 Quemnam
1900 3579 2049 3633 enim

459 3664 626 3717 alium
660 3664 924 3720 haberent
950 3667 1245 3727 ostendere
1286 3667 1563 3738 justorum
1601 3678 1822 3741 propter
1854 3685 2048 3725 eorum

459 3756 666 3810 scelera
706 3757 773 3811 ad
823 3764 1057 3813 mortem
1096 3759 1485 3815 ductum?aut
1516 3762 1638 3831 quis
1681 3740 1810 3817 talis
1858 3761 2044 3827 fuerit,

460 3849 551 3916 qui
600 3848 920 3920 iniquitates
954 3851 1135 3906 omnis
1169 3851 1379 3921 populi,
1414 3852 1774 3924 ipsorumque
1809 3854 2048 3925 prophe-

460 3946 640 3991 tarum
675 3940 913 4004 tulisset,
957 3949 1011 3995 et
1059 3956 1158 4011 pro
1187 3943 1271 3996 eis
1316 3956 1515 4011 passus
1566 3951 1734 4008 esset,
1768 3944 1841 3998 ita
1873 3952 1934 3999 ut
1980 3943 2049 3998 li-

458 4046 589 4086 vore
633 4032 755 4100 ejus
790 4047 983 4089 omnes
1029 4033 1155 4089 illos
1201 4044 1427 4089 sanatos
1479 4033 1650 4092 fuisse
1692 4037 2048 4093 conﬁteretur

459 4124 725 4194 propheta
753 4125 945 4180 dicens
975 4143 989 4179 :
1023 4143 1042 4176 ‹
1073 4123 1174 4180 Hic
1216 4126 1541 4197 iniquitates
1574 4136 1790 4184 nostras
1818 4129 1963 4193 tulit,
1995 4138 2049 4185 et

459 4229 561 4284 pro
580 4214 741 4268 nobis
765 4228 962 4284 passus
983 4221 1090 4279 est,
1123 4222 1180 4269 et
1208 4214 1381 4270 livore
1406 4214 1531 4284 ejus
1560 4215 1739 4270 sanati
1766 4215 1999 4271 sumus?
2021 4234 2042 4267 ι

460 4306 597 4372 Quis
640 4308 894 4361 humanae
923 4308 1200 4378 particeps
1250 4314 1463 4362 natura:
1491 4307 1620 4364 talis
1651 4307 1823 4373 ﬁeret,
1856 4315 1917 4362 ut
1953 4322 2047 4363 ne-

459 4413 570 4468 que
606 4398 789 4453 verbis
833 4412 1010 4468 neque
1056 4399 1319 4469 operibus
1368 4399 1669 4470 quidquam
1714 4399 2044 4468 peccaverit,

463 4497 523 4544 ut
565 4490 634 4545 de
674 4490 794 4560 ipso
840 4491 1027 4545 divina
1072 4503 1305 4546 testatur
1353 4491 1639 4563 Scriptura
1686 4491 1774 4547 his
1811 4491 2041 4548 verbis:

2146 1995 2303 2064 φησὶ,
2333 2013 2352 2045 ι
2380 1994 2470 2047 διά
2496 1993 2597 2057 τὰς
2627 1993 2857 2064 ἀνομίας
2885 1991 3066 2063 ήμῶν,
3096 1992 3191 2045 καὶ
3218 1988 3620 2063 μεμαλάκισται
3640 1986 3730 2043 διὰ

2143 2086 2243 2151 τὰς
2275 2085 2553 2158 ἁμαρτίας
2583 2084 2763 2156 ἡμῶν·
2795 2104 2813 2137 ι
2859 2083 3277 2152 συγκαταλέγων
3299 2099 3360 2135 τε
3390 2080 3579 2135 ἑαυτὸν
3608 2080 3729 2132 έπι-

2146 2178 2300 2250 φέρει
2334 2176 2528 2245 λέγων·
2566 2195 2585 2227 ι
2627 2175 2719 2246 Τῷ
2752 2174 2978 2248 μώλωπι
3011 2173 3173 2228 αὐτοῦ
3211 2175 3371 2245 ἡμεῖς
3418 2170 3665 2243 ίάθημεν.
3701 2189 3720 2221 ι

2146 2270 2341 2338 Σαφῶς
2374 2286 2432 2321 τε
2464 2268 2664 2340 ἐνορῶν
2696 2268 2794 2339 τὴν
2827 2267 3123 2338 γενομένην
3164 2267 3249 2320 ἐπ’
3282 2264 3430 2336 αὐτῷ
3463 2264 3626 2319 παν·ιῆ⁵
3650 2262 3730 2334 τῷ

2147 2362 2213 2413 ἐκ
2242 2360 2545 2432 περιτομῆς
2575 2359 2690 2430 λαῷ
2717 2358 2949 2429 πλάνην,
2985 2359 3079 2412 καὶ
3109 2359 3192 2412 ὅτι
3232 2357 3305 2430 μὴ
3337 2356 3482 2410 ἐστιν
3514 2356 3728 2427 ἄνθρωο

2147 2473 2248 2520 πος
2271 2455 2329 2519 ὃς
2371 2456 2471 2526 οὐχ
2500 2456 2902 2527 ἁμαρτήσεται,
2943 2453 3046 2508 κάν
3081 2456 3111 2508 ό
3148 2454 3365 2508 πάντων
3393 2452 3731 2517 δικαιότατος

2146 2541 2285 2598 εἶναι
2316 2545 2470 2617 δοκῇ,
2510 2545 2773 2615 ἐπιλέγει·
2804 2564 2821 2596 ι
2849 2544 3057 2608 Πάντες
3081 2544 3157 2609 ὡς
3181 2543 3427 2613 πρόϐατα
3461 2543 3522 2613 (f.
3558 2543 3627 2598 57
3651 2543 3728 2613 ν’)

2151 2638 2558 2711 ὲπλανήθημεν·
2599 2639 2883 2711 ἄνθρωπος
2912 2640 3014 2712 τήν
3055 2638 3172 2692 ὁδὸν
3215 2637 3380 2692 αὐτοῦ
3428 2635 3727 2709 ἐπλανήθη·

2149 2733 2246 2786 καὶ
2264 2733 2470 2805 Κύριος
2487 2731 2802 2805 παρέδωκεν
2823 2731 2985 2785 αὐτὸν
3014 2733 3132 2794 ταῖς
3165 2730 3463 2802 ἁμαρτίαις
3500 2727 3677 2800 ήμῶν·
3703 2748 3723 2780 ι

2149 2826 2245 2880 καὶ
2271 2825 2343 2879 τά
2371 2825 2583 2890 τούτοις
2611 2824 2902 2889 ἀκόλουθα,
2927 2823 2965 2878 ἀ
2991 2824 3085 2878 καὶ
3107 2822 3490 2894 ἀναμφιλόγως
3518 2823 3611 2876 ἐπὶ
3636 2821 3729 2892 μό-

2147 2939 2243 2978 νου
2260 2920 2354 2976 τοῦ
2387 2922 2643 2994 Σωτῆρος
2668 2922 2701 2991 ἠ
2709 2920 2825 2991 μῶν
2859 2919 3035 2992 Ἰησοῦ
3056 2920 3226 2991 πέρας
3252 2918 3511 2990 εἰληφότα
3530 2916 3757 2970 δείκνυ-.

2147 3031 2257 3067 ται·
2286 3013 2410 3068 ὅθεν
2438 3015 2533 3067 καὶ
2558 3013 2858 3085 θαυμάζειν
2878 3012 3027 3078 ἀξιον
3055 3012 3155 3084 τῆς
3176 3009 3482 3083 πωρώσεως
3503 3009 3630 3074 τοὺς
3654 3009 3729 3081 μὴ

2150 3107 2545 3180 προσιεμένους
2573 3107 2735 3160 αὐτὸν
2761 3105 2856 3159 τοῦ
2885 3106 3149 3178 προτέρου
3188 3103 3318 3157 λαοῦ
3354 3104 3622 3176 προφάσει
3661 3101 3738 3155 δι’

2149 3193 2225 3254 ὧν
2250 3198 2593 3263 ἐπεδείξαντο
2616 3199 2736 3251 κατ’
2771 3198 2958 3261 αὐτοῦ,
2994 3198 3078 3265 ἐφ’
3104 3192 3185 3260 οἷς
3209 3197 3465 3268 έπιγελᾷν
3496 3197 3591 3251 καὶ
3610 3196 3731 3251 δια-

2153 3291 2338 3363 σύρειν
2381 3291 2566 3353 αύτοῖς
2595 3289 2737 3356 ἔθος,
2777 3291 2854 3355 ὡς
2894 3290 2968 3363 μὴ
3001 3291 3126 3357 ἀξια
3167 3289 3473 3343 πεπονθότα
3510 3290 3610 3361 τῆς
3633 3288 3729 3345 τοῦ

2149 3383 2285 3439 Θεοῦ
2320 3385 2450 3456 περὶ
2475 3383 2638 3438 αὐτοῦ
2672 3384 2951 3456 φροντίδος
2977 3401 2989 3413 ·
3032 3383 3216 3453 σαφῶς
3258 3385 3395 3455 πρὸς
3435 3387 3548 3447 τοῖς
3574 3386 3730 3457 είρη-

2152 3480 2333 3550 μένοις
2364 3476 2703 3541 ἀναϐοῶντος
2739 3475 2834 3531 τοῦ
2865 3478 3144 3550 προφήτου
3176 3478 3306 3548 περὶ
3342 3476 3526 3539 αὐτοῦ,
3556 3477 3639 3530 ὅτι
3670 3494 3731 3531 τι

2155 3589 2174 3622 ι
2209 3571 2286 3634 ὡς
2337 3570 2608 3641 πρόϐατον
2629 3571 2721 3631 ἐπὶ
2751 3572 2964 3641 σφαγὴν
2992 3571 3154 3643 ἤχθη,
3184 3570 3279 3623 καὶ
3299 3570 3375 3633 ὠς
3393 3568 3563 3640 ἀμνὸς
3585 3570 3732 3622 ἐναν-

2146 3660 2262 3714 τίον
2298 3659 2393 3714 τοῦ
2427 3661 2701 3733 κείροντος
2740 3662 2901 3715 αὑτὸν
2931 3661 3163 3731 ἄφωνος,
3197 3659 3370 3724 οὕτως
3396 3660 3496 3712 οὐκ
3525 3660 3732 3729 ἀνοίγει

2147 3752 2208 3806 τὺ
2243 3753 2418 3824 στόμα
2451 3754 2639 3807 αὐτοῦ·
2678 3773 2697 3806 ι
2732 3755 2827 3808 καὶ
2851 3754 2933 3807 ὃτι
2971 3772 2990 3804 ‹
3039 3754 3252 3825 αἴρεται
3280 3752 3388 3807 ἀπὸ
3425 3752 3525 3823 τῆς
3558 3752 3663 3823 γῆς
3693 3752 3729 3823 ἡ

2149 3844 2262 3916 ζωὴ
2293 3845 2481 3900 αὑτοῦ.
2519 3865 2537 3897 ι
2578 3846 2675 3909 Τίς
2705 3844 2749 3898 δ’
2776 3846 2876 3899 οὐκ
2904 3845 2968 3899 ἀν
3000 3844 3408 3916 ἀποθαυμάσειε
3449 3845 3583 3897 πᾶσι
3617 3845 3733 3907 τοίς

2148 3934 2701 4007 προκατειλεγμένοις
2743 3935 3156 4008 ἐπιφερόμενον,
3204 3934 3416 3989 ἀκούων
3458 3933 3593 4005 πρὸς
3632 3932 3729 3987 τοῦ

2149 4029 2429 4099 προφήτου
2462 4027 2713 4097 λέγοντος
2741 4027 2822 4081 τό·
2854 4047 2872 4079 ι
2897 4027 3031 4081 Ἀπὸ
3061 4026 3171 4081 τῶν
3201 4025 3439 4098 ἀνομιῶν
3470 4026 3563 4079 τοῦ
3596 4024 3728 4077 λαοῦ

2152 4135 2253 4190 μου
2287 4119 2428 4192 ἢχθη
2463 4121 2542 4183 εἰς
2571 4119 2829 4185 θάνατον;
2862 4140 2881 4173 ι
2917 4120 2949 4192 ἦ
2981 4120 3035 4172 τί
3062 4120 3107 4173 δ’
3129 4119 3194 4174 ἂν
3215 4121 3352 4191 πρὸς
3374 4118 3546 4172 ταῦτα
3575 4117 3731 4188 εὑρε-

2153 4213 2492 4283 σιλογήσειεν
2536 4213 2586 4264 οἱ
2633 4211 2695 4266 τὸ
2734 4211 2902 4275 ὄντως
2934 4210 3057 4282 (sic)
3103 4213 3239 4283 ἀκοῇ
3275 4210 3605 4275 ἀκούσαντες
3628 4211 3728 4281 τῆς

2149 4303 2244 4357 τοῦ
2272 4301 2513 4375 Χριστοῦ
2535 4302 2740 4373 φωνῆς,
2754 4302 2849 4355 καὶ
2870 4301 2945 4374 μὴ
2963 4300 3427 4365 συνέντες,αύτοῖς
3444 4317 3504 4353 τε
3535 4297 3730 4370 ὀφθαλ-

2154 4397 2277 4467 μοῖς
2319 4394 2693 4466 ἐμϐλέψαντες
2736 4396 2816 4459 είς
2862 4395 2964 4467 τὴν
3034 4395 3340 4465 παρουσίαν
3391 4393 3580 4461 αὐτοῦ,
3633 4395 3727 4447 καὶ

2152 4485 2227 4558 μὴ
2269 4485 2511 4552 ίδόντες;
2547 4485 2684 4540 Τίνα
2709 4486 2820 4555 γὰρ
2856 4484 3014 4541 ἄλλον
3058 4485 3231 4557 ἔχοιεν
3274 4485 3340 4539 ἂν
3373 4486 3479 4538 τῶν
3505 4484 3728 4539 δικαίων

466 4602 485 4633 ι
515 4581 866 4654 lniquitatem
920 4598 1030 4636 non
1068 4583 1214 4650 fecit,
1242 4599 1420 4654 neque
1466 4585 1723 4640 inventus
1768 4590 1853 4639 est
1883 4583 2043 4638 dolus

2152 4579 2502 4651 παραστῆσαι
2545 4578 2654 4633 ἀπὸ
2698 4577 2808 4631 τῶν
2853 4578 3137 4650 ἁμαρτιῶν
3176 4577 3355 4631 αὐτῶν
3383 4578 3615 4649 ἀχθέντα
3647 4579 3727 4643 εἰς

460 4674 518 4728 in
557 4689 653 4730 ore
683 4674 838 4743 ejus?
866 4694 885 4726 ι
931 4672 1105 4740 Quam
1137 4675 1208 4728 ob
1238 4690 1484 4741 causam,
1531 4685 1822 4747 postquam
1847 4675 2046 4746 praedi-

2149 4669 2414 4736 θάνατον;
2448 4670 2519 4722 Ἣ
2553 4669 2638 4732 τίς
2679 4668 2921 4732 τοιοῦτος
2957 4671 3272 4743 γεγένηται,
3312 4672 3388 4734 ὡς
3414 4671 3510 4734 τὰς
3542 4671 3726 4742 ἀμαρ-

460 4772 616 4819 catus
647 4772 733 4821 est
757 4764 1049 4820 ducendus
1078 4764 1219 4819 sicut
1247 4765 1366 4819 ovis
1388 4765 1452 4819 ad
1477 4767 1838 4832 occisionem,
1863 4765 2044 4836 ipsum

2146 4763 2269 4826 τίας
2296 4762 2501 4825 παντὸς
2543 4762 2637 4815 τοῦ
2675 4761 2807 4816 λαοῦ
2834 4764 2930 4816 καὶ
2954 4763 3132 4817 αὐτῶν
3159 4764 3267 4817 τῶν
3299 4764 3593 4836 προφητῶν
3626 4763 3728 4834 φέ-

461 4855 791 4925 praenuntiat
829 4854 1117 4926 Scriptura
1143 4861 1368 4925 pmpter
1398 4854 1719 4926 iniquitates
1750 4857 1940 4929 populi
1975 4856 2044 4911 ad

2151 4873 2285 4928 ρειν,
2325 4856 2420 4909 καὶ
2461 4855 2746 4909 ὀδυνᾶσθαι
2788 4856 2919 4927 περὶ
2958 4856 3158 4921 αὐτῶν,
3202 4856 3339 4909 ὥστε
3387 4856 3464 4927 τῷ
3496 4856 3724 4927 μώλωπι

460 4960 697 5004 mortem
728 4948 1100 5004 damnandum
1131 4949 1295 5004 esse?
1333 4947 1526 5002 Dicant
1552 4964 1686 5005 vero
1730 4964 1801 5005 an
1848 4964 2046 5020 exspe-

2146 4949 2312 5004 αὐτοῦ
2346 4948 2528 5003 ἰᾶσθαι
2573 4949 2783 5013 πάντας
2826 4951 3023 5014 αὐτοὺς
3057 4948 3359 5021 ὁμολογεῖν,
3388 4949 3722 5019 φάσκοντας·

462 5050 644 5096 rtatus
681 5041 749 5096 ab
781 5042 850 5097 iis
879 5041 1136 5098 Christus
1174 5049 1442 5098 venturus
1490 5042 1605 5097 hmo
1637 5043 1821 5097 omnia
1848 5057 2046 5113 passu-

2150 5060 2170 5093 ι
2208 5034 2378 5107 Οὗτος
2406 5040 2506 5105 τὰς
2542 5043 2816 5114 ἁμαρτίας
2859 5040 3014 5114 ήμῶν
3049 5042 3226 5113 φέρει,
3269 5041 3364 5095 καὶ
3406 5042 3533 5113 περὶ
3567 5040 3725 5113 ήμῶν

462 5148 558 5189 rus
583 5134 676 5196 sit,
734 5150 856 5205 qum
895 5136 1193 5207 prophetia:
1226 5134 1294 5191 de
1341 5149 1407 5189 eo
1448 5135 1909 5205 praenuntiavere,
1957 5136 2045 5191 vel

462 5226 667 5296 aliquid
712 5226 893 5281 simile
927 5229 1070 5297 apud
1107 5229 1286 5297 ipsum
1328 5226 1577 5281 futurum
1615 5225 1708 5280 sit.
1751 5225 1954 5281 Verum
1996 5226 2043 5284 si

460 5326 686 5388 propter
729 5332 791 5374 ea
823 5334 945 5388 quae
976 5318 1247 5373 Salvatori
1289 5328 1481 5374 nostro
1512 5316 1833 5372 acciderunt
1877 5333 1908 5372 a
1940 5318 2045 5375 ﬁde

462 5412 518 5464 in
561 5426 689 5465 eum
749 5412 1119 5477 deterrentur,
1175 5428 1287 5467 non
1337 5413 1524 5469 dicere
1568 5412 1770 5466 habent
1818 5411 1887 5468 de
1934 5428 2044 5484 quo

463 5505 580 5559 haec
611 5515 951 5576 exspectent.
990 5504 1249 5578 Superest
1303 5507 1652 5579 igiturjuxta
1697 5520 1793 5561 eos
1841 5514 1902 5560 ut
1933 5521 2042 5560 non

465 5597 614 5652 exitu
660 5600 1016 5669 comprobata
1050 5610 1103 5652 et
1149 5601 1440 5656 manifeste
1479 5600 1698 5655 fallacia
1730 5600 1895 5655 verba
1947 5598 2042 5655 Dei

466 5685 942 5755 demonstrentur;
969 5704 1080 5743 non
1110 5704 1242 5745 vero
1263 5689 1421 5761 juxta
1461 5706 1586 5759 nos,
1617 5691 1818 5763 quibus
1847 5690 1981 5746 nihil
2011 5706 2042 5747 a

540 5867 555 5896 ‘
581 5863 621 5921 ll
656 5864 783 5919 Cor.
823 5881 895 5931 vr,
931 5864 1019 5919 29.

2143 5134 2417 5197 όδυνᾶται,
2468 5135 2562 5187 καὶ
2605 5133 2685 5206 τῷ
2740 5132 2966 5205 μώλωπι
2999 5132 3164 5187 αὑτοῦ
3195 5136 3357 5205 ήμείς
3402 5133 3664 5205 ίάθημεν;
3697 5153 3717 5186 ι

2144 5228 2241 5291 Τίς
2262 5227 2308 5280 δ’
2332 5225 2681 5303 ἀνθρωπίνης
2709 5225 2889 5298 λαχὼν
2913 5224 3128 5295 φύσεως
3148 5225 3345 5294 γένοιτ’
3370 5224 3436 5279 ἂν
3459 5223 3718 5290 τοιοῦτος,

2144 5320 2286 5374 ὥστε
2322 5322 2457 5392 μήτε
2485 5320 2628 5391 λόγῳ
2649 5321 2785 5393 μήτε
2814 5320 2960 5392 ἔργῳ
2989 5321 3339 5394 ήμαρτῆσθαί
3366 5338 3419 5374 τι
3454 5320 3624 5392 αὐτῷ,
3643 5321 3721 5385 ὡς
3812 5370 3819 5375 .

2145 5412 2433 5485 ἀληθεύειν
2472 5411 2736 5480 λέγουσαν
2782 5413 2908 5485 περὶ
2946 5412 3111 5467 αὐτοῦ
3149 5411 3246 5484 τὴν
3284 5411 3434 5466 θείαν
3476 5412 3718 5484 Γραφὴν,
3788 5414 3797 5423 ’

2148 5507 2231 5560 ὅτι
2260 5524 2279 5556 ι
2311 5505 2543 5577 ἀνομίαν
2589 5505 2689 5577 οὐκ
2711 5505 2985 5576 ἐποίησεν,
3007 5504 3126 5559 οὐδὲ
3145 5504 3290 5569 δόλος
3315 5507 3372 5559 ὲν
3399 5503 3475 5575 τῷ
3496 5505 3717 5576 στόματι

2145 5599 2349 5662 αύτοῦ;
2387 5620 2405 5651 ι
2447 5599 2570 5653 Ἐπὶ
2610 5570 2737 5671 πόὲᾳ
2767 5598 2820 5652 δὲ
2856 5601 3003 5671 αἰτίᾳ
3038 5599 3128 5653 τὸν
3157 5601 3247 5653 ἐπὶ
3275 5597 3482 5664 τούτοις
3508 5615 3722 5673 μαρτυοε

2150 5690 2409 5763 ρούμενον
2437 5692 2512 5754 ὡς
2553 5690 2824 5763 πρόϐατον
2859 5692 2948 5745 ἐπὶ
2980 5691 3193 5761 σφαγὴν
3242 5688 3596 5762 ἀχθήσεσθαι,
3627 5690 3724 5745 καὶ
