4100 6434
352 395 494 451 ηις

1383 394 1672 451 ECLOGA”.
1712 397 2192 455 PROPHETICE.
2221 429 2293 440 -—-
2317 401 2445 457 LlB.
2481 402 2568 460 IV.

3474 415 3614 470 {9.50

347 509 456 565 ἀπὺ
483 508 589 562 τῶν
614 508 853 580 ἀνομιῶν
888 508 982 562 τοῦ
1008 506 1134 561 λαοῦ
1173 508 1269 578 τήν
1300 510 1393 562 ἐπὶ
1421 509 1638 582 θανάτῳ
1664 529 1905 584 κατακριι

2028 515 2327 586 majoribus
2370 517 2752 574 annuntiatum
2794 528 2898 586 est,
2934 523 3068 578 nihil
3099 524 3170 580 de
3198 525 3318 597 ipso
3349 528 3613 586 traditum

349 601 607 674 θήσεσθαι
635 603 663 654 ὁ
687 602 842 671 λόγος
870 601 1230 673 προαγορεύει
1254 618 1268 667 ;
1296 602 1620 670 Λεγέτωσαν
1656 604 1712 656 δὲ
1752 607 1848 660 καὶ
1874 608 1923 659 εί

348 693 1012 765 προσδοκώμενοςβύτοῖς
1051 693 1201 764 ἥξειν
1234 694 1469 764 Χριστὸς
1503 694 1677 748 ταῦτα
1709 695 1925 761 πάντως

348 784 615 849 πείσεται,
646 786 787 857 ἆπερ
822 785 878 838 αί
911 788 1235 857 προφητεῖαι
1276 786 1403 858 περὶ
1444 785 1609 839 αὐτοῦ
1644 786 1927 851 θεσπίζου-

349 894 454 943 σιν,
483 878 518 950 ἢ
548 878 698 932 οὐδέν
726 896 776 931 τι
808 875 1049 931 τοιοῦτον
1088 878 1215 950 περὶ
1251 880 1457 931 ἐκεῖνον
1483 877 1657 933 ἔσται.
1702 879 1839 933 Ἀλλ’
1877 882 1925 933 εί

344 968 433 1023 διὰ
473 969 543 1023 τὰ
573 968 954 1041 συμϐεδηκότα
975 969 1053 1041 τῷ
1093 970 1304 1043 Σωτῆρι
1339 971 1494 1041 ήμῶν
1520 971 1925 1042 προσκόπτουσι

343 1062 411 1132 τῇ
440 1061 520 1124 είς
551 1061 712 1114 αὐτὸν
744 1061 945 1127 πίστει,
981 1063 1079 1114 οὐκ
1111 1060 1176 1114 ἂν
1218 1062 1462 1131 φείσαιεν
1495 1062 1767 1135 (φήσαιεν)
1798 1064 1926 1136 περὶ

342 1146 404 1206 οῦ
438 1152 777 1224 προσδοκῶσι
818 1152 887 1206 τά
937 1153 1180 1208 τοιαῦτα.
1217 1152 1356 1225 Ὥρα
1401 1148 1493 1207 οὖν
1540 1154 1750 1217 ἀτελεῖς
1801 1155 1924 1208 κατ’

342 1245 540 1307 αὐτοὺς
578 1245 672 1297 καὶ
709 1244 907 1316 δηλαδὴ
940 1245 1153 1314 ψευδεῖς
1199 1244 1596 1314 ἀποφαίνεσθαι
1631 1246 1730 1309 τὰς
1775 1244 1925 1309 θείας

343 1335 544 1405 φωνάς·
566 1334 678 1388 ἀλλ’
699 1335 757 1387 οὐ
775 1334 896 1388 καθ’
912 1336 1059 1406 ἡμᾶς
1071 1352 1134 1404 γε
1155 1336 1279 1398 τοὺς
1293 1330 1373 1398 οἷς
1388 1335 1490 1388 οὐκ
1513 1333 1788 1406 ἀνηγγέλη
1825 1334 1922 1405 μὲν

342 1430 407 1482 ἐκ
433 1426 706 1499 πατέρων·
729 1427 849 1481 οὐδέ
876 1425 1144 1500 παρεδόθη
1168 1427 1235 1480 τά
1257 1426 1385 1499 περὶ⁸
1407 1426 1594 1490 αὐτοῦ,
1617 1426 1924 1498 θεωρήσαν-

340 1537 442 1584 τας
470 1519 514 1573 δ’
538 1520 686 1591 ὅμως
732 1518 894 1573 αὐτὸν
931 1520 1026 1574 καὶ
1063 1517 1538 1590 παραδεξαμένους
1583 1518 1724 1572 κατὰ
1763 1510 1841 1570 τό
1863 1519 1922 1571 ἐν

325 1612 517 1675 ’ἀλλοις
532 1613 652 1683 είρη
661 1611 839 1682 μένον·
853 1630 872 1661 ι
884 1611 1026 1675 Λαδς
1038 1610 1096 1665 ὃν
1111 1611 1209 1664 οὐκ
1231 1609 1400 1678 ἔγνων
1415 1608 1697 1664 ὲδούλευσέ
1718 1626 1828 1680 μοι,
1842 1613 1922 1673 είς

337 1702 505 1775 ἀκοὴν
525 1702 689 1756 ὠτίου
727 1703 1004 1774 ὑπήκουσέ
1031 1720 1131 1774 μου
1150 1719 1163 1732 ·
1179 1722 1199 1755 ι
1220 1701 1314 1756 καὶ
1341 1702 1408 1755 δι’
1429 1701 1556 1772 ὅλης
1578 1701 1636 1754 δὲ
1662 1701 1761 1772 τῆς
1785 1717 1921 1771 προ-

338 1794 567 1865 φητείας
594 1793 925 1864 πλατύτερον
950 1795 1044 1848 καὶ
1066 1794 1493 1866 τηλαυγέστερον
1512 1794 1581 1847 τὰ
1607 1796 1728 1848 κατ’
1758 1792 1920 1847 αὐτὸν

2026 617 2132 672 est,
2183 608 2276 679 qni
2310 618 2490 665 tamen
2534 626 2658 665 eum
2694 615 3048 684 contemplati
3090 632 3285 674 sumus
3328 630 3495 690 atque
3524 638 3615 678 re-

2026 701 2297 770 cepimus,
2323 704 2478 772 juxta
2524 705 2655 759 illud
2686 706 2831 775 quod
2873 708 3010 764 alias
3043 709 3254 764 dictum
3292 722 3377 767 est
3412 732 3425 767 :
3459 732 3478 765 ι
3511 714 3616 771 Po-

2026 794 2186 862 pulus
2217 811 2377 864 quem
2433 812 2541 852 non
2587 799 2817 867 cognovi
2869 801 3062 855 serviit
3101 802 3256 867 mihi,
3306 804 3360 859 in
3422 807 3613 862 auditu

2027 884 2449 942 auris.obcdivit
2487 888 2640 945 mihi.
2677 909 2697 942 ι
2735 890 2914 961 Atque
2942 892 2996 945 in
3027 893 3179 947 omni
3206 895 3497 965 prophetia
3526 914 3615 953 ex-

2026 975 2272 1043 pressius
2314 983 2368 1031 et
2420 977 2584 1033 latius
2627 978 3012 1050 exprimuntur
3066 997 3188 1051 qua:
3241 993 3494 1053 spectant
3543 988 3612 1043 ad

2026 1081 2174 1131 eum,
2228 1067 2644 1139 ostenditurque
2684 1087 2849 1140 quam
2895 1071 2952 1125 in
3010 1074 3312 1142 perniciem
3364 1074 3612 1133 incident

2025 1157 2121 1229 qui
2158 1158 2208 1214 ei
2242 1160 2485 1216 insidiati
2517 1169 2668 1227 sunt,
2700 1163 2786 1219 his
2814 1164 2995 1219 verbis
3024 1184 3037 1219 :
3072 1184 3090 1216 ι
3118 1164 3185 1219 Et
3222 1166 3364 1221 dabo
3411 1169 3611 1241 impios

2026 1264 2128 1320 pro
2176 1251 2464 1320 sepultura
2508 1250 2652 1319 ejus,
2688 1258 2742 1305 et
2763 1252 2959 1308 divites
2995 1269 3094 1324 pro
3144 1265 3322 1311 morte
3366 1272 3466 1312 sua
3495 1279 3509 1315 :
3542 1275 3609 1315 eo

2023 1335 2169 1405 quod
2216 1335 2558 1406 iniquitatem
2607 1351 2719 1389 non
2770 1335 2981 1403 fecerit,
3026 1354 3204 1409 neque
3249 1340 3410 1396 dolus
3437 1340 3605 1399 fuerit

2024 1426 2081 1477 in
2111 1438 2207 1479 ore
2246 1425 2387 1493 ejus.
2421 1443 2440 1475 ι
2481 1423 2632 1480 Talis
2661 1425 2808 1479 enim
2850 1441 2974 1480 cum
3010 1426 3192 1492 fuerit,
3229 1431 3326 1495 ait,
3366 1435 3610 1490 sustule-

2021 1520 2152 1567 runt
2195 1529 2345 1579 eum,
2384 1515 2497 1569 haec
2532 1515 2776 1570 vicissim
2824 1517 3061 1584 passuri.
3092 1517 3221 1575 Post
3262 1520 3378 1575 haec
3408 1515 3608 1578 iterum

2021 1606 2261 1677 gentium
2296 1605 2542 1662 Ecclesia
2581 1607 2753 1661 electa
2788 1615 2955 1678 atque
2989 1619 3211 1679 accepta
3246 1612 3446 1681 prioris
3486 1615 3609 1670 loco

2021 1698 2207 1769 populi
2262 1699 2623 1752 annuntialur
2676 1698 2763 1752 his
2823 1699 3008 1755 verbis
3047 1719 3061 1756 :
3099 1720 3117 1752 ι
3148 1700 3357 1767 Lauda,
3406 1707 3606 1762 sterilis

2021 1804 2145 1859 quae
2192 1804 2302 1844 non
2360 1790 2548 1860 paris:
2581 1790 2817 1843 decanta
2863 1789 3104 1855 laudem,
3156 1800 3211 1847 et
3254 1794 3429 1859 hinni,
3485 1812 3606 1867 qua:

336 1886 655 1959 ἐμφέρεται,
689 1887 782 1940 καὶ
812 1886 882 1939 τὰ
910 1886 1038 1958 περὶ
1065 1885 1161 1939 τοῦ
1196 1885 1583 1957 κατειληφότος
1609 1884 1667 1938 δὲ
1695 1883 1905 1956 ὀλέθρου

2017 1895 2125 1934 non
2153 1878 2438 1950 pariebas;
2487 1879 2748 1950 quoniam
2799 1880 2956 1934 multi
2992 1880 3088 1934 ﬁlii
3132 1882 3385 1949 desertae,
3435 1889 3606 1957 magis

335 1980 461 2043 τοὺς
494 1978 1007 2043 ἐπιϐεϐουλευκότας
1031 1978 1178 2049 αὐτῴ
1206 1978 1458 2050 δηλοῦται
1485 1977 1575 2030 διὰ
1593 1976 1686 2031 τοῦ
1711 1998 1721 2007 ·
1748 1996 1767 2028 ι
1805 1979 1916 2031 Καὶ

333 2070 491 2125 δώσω
521 2072 645 2135 τοὺς
675 2073 942 2142 πονηροὺς
978 2072 1099 2125 ἀντὶ
1125 2072 1225 2143 τῆς
1247 2071 1425 2141 ταφῆς
1449 2070 1637 2133 αὐτοῦ,
1668 2068 1764 2123 καὶ
1790 2070 1914 2135 τοὺς

334 2161 623 2226 πλουσίους
651 2162 772 2214 ἀντὶ
812 2161 902 2215 τοῦ
939 2160 1170 2216 θανάτου
1205 2161 1368 2215 αὐτοῦ
1389 2180 1401 2191 ·
1441 2162 1523 2215 ὅτι
1554 2160 1783 2232 ἀνομίαν
1815 2160 1915 2213 οὐκ

333 2252 607 2321 ἐποίησεν,
637 2250 761 2305 οὐδέ
787 2251 935 2315 δόλος
965 2253 1023 2304 ἐν
1051 2252 1130 2322 τῷ
1160 2252 1386 2322 στόματι
1405 2251 1568 2306 αὐτοῦ
1588 2267 1602 2283 ·
1639 2270 1659 2303 ι
1689 2251 1781 2304 ἐπὶ
1804 2248 1912 2322 γὰρ

330 2337 571 2391 τοιοῦτον
600 2338 750 2402 ὄντα,
785 2341 970 2411 φησὶν,
1006 2340 1212 2394 ἀνεῖλον
1236 2341 1424 2395 τούτου
1451 2340 1608 2413 χάριν
1640 2339 1710 2394 τὰ
1745 2341 1916 2394 τοιαδὶ

332 2430 607 2483 πείσοντα.
644 2430 706 2501 (f.
732 2430 822 2499 58)
844 2430 1065 2495 Τούτοις
1097 2431 1222 2503 ἐξῆς
1249 2427 1403 2495 αὖθις
1427 2433 1461 2502 ή
1498 2431 1559 2495 ἐξ
1581 2429 1748 2485 ἐθνῶν
1792 2430 1915 2483 Ἐκ·-

331 2519 531 2592 κλησία
549 2521 954 2590 εὐαγγελίζεται
977 2523 1374 2596 συγκρινομένη
1399 2522 1494 2577 καὶ
1507 2521 1912 2595 προκρινομένη

2017 1987 2183 2043 quam
2227 1971 2347 2042 ejus
2379 1988 2501 2043 quae
2529 1972 2692 2027 habet
2722 1971 2920 2026 virum.
2957 1992 2977 2025 ι
3012 1971 3225 2039 Quibus
3269 1992 3396 2032 cum
3438 1981 3603 2035 multa

2016 2078 2155 2134 opus
2187 2062 2260 2118 sit
2291 2062 2710 2133 investigatione
2736 2069 2790 2116 et
2810 2062 3197 2133 explanatione
3228 2067 3332 2122 hoc
3368 2053 3423 2123 in
3454 2070 3599 2135 loco,

2015 2154 2105 2209 hic
2157 2153 2246 2208 cui
2309 2152 2461 2207 cordi
2510 2152 2615 2206 erit
2669 2159 2998 2222 praeceptum
3062 2153 3195 2208 illud
3244 2154 3600 2213 Salvatoris:

2020 2264 2039 2297 ι
2073 2244 2407 2300 Scrutamini
2458 2243 2791 2314 Scripturas,
2826 2241 2956 2312 quia
2985 2257 3085 2299 vos
3117 2246 3326 2314 putatis
3358 2246 3412 2300 in
3458 2247 3600 2318 ipsis

2014 2337 2184 2391 vitam
2225 2343 2486 2391 aeternam
2528 2334 2731 2390 habere
2759 2353 2772 2388 :
2799 2341 2854 2388 et
2887 2334 2992 2387 illae
3033 2343 3161 2388 sunt
3195 2351 3317 2406 quae
3352 2337 3603 2393 testimo-

2014 2428 2165 2482 nium
2187 2425 2476 2496 perhibent
2519 2423 2588 2480 de
2625 2439 2711 2479 me
2740 2424 2782 2490 ¹,
2817 2441 2837 2476 ι
2871 2423 3174 2480 studiosius
3211 2434 3267 2481 et
3296 2427 3601 2498 impensius

2014 2526 2293 2576 scrutatus
2320 2533 2386 2574 ea
2424 2517 2729 2589 dignoscet.

318 2614 423 2669 τοῦ
455 2615 719 2686 προτέρου
761 2616 891 2671 λαοῦ
917 2617 1005 2672 διὰ
1030 2618 1145 2672 τοῦ·
1183 2636 1203 2670 ι
1246 2617 1615 2690 Εὐφράνθητι,
1654 2617 1841 2690 στείρα
1870 2619 1903 2689 ή
1931 2615 1991 2669 οὐ
2022 2613 2302 2669 τίκτουσα·
2346 2612 2507 2685 ῥῆξον
2546 2613 2639 2667 καὶ
2672 2613 2888 2684 βόησον,
2936 2614 2971 2685 ή
3032 2614 3133 2667 οὐκ
3185 2611 3482 2666 ὠδίνουσα·
3517 2612 3600 2666 ὅτι

330 2709 586 2764 πολλὰτά
604 2711 770 2765 τέκνα
796 2712 896 2783 τῆς
920 2714 1148 2786 ἐρήμου,
1178 2713 1433 2786 μᾶλλονῆ
1465 2714 1566 2786 τῆς
1594 2712 1826 2784 ἐχούσης
1846 2711 1939 2768 τὸν
1967 2710 2154 2784 ἄνδρα.
2193 2729 2212 2762 ›
2248 2708 2452 2780 Πολλῆς
2473 2707 2530 2762 δὲ
2562 2708 2828 2780 δεομένων
2883 2709 3219 2781 ἐρευνήσεως
3258 2706 3350 2761 καὶ
3411 2706 3599 2774 ἐξετά-

333 2823 471 2870 σεως
504 2804 613 2861 τῶν
648 2808 788 2862 κατά
813 2809 904 2862 τὸν
930 2810 1117 2879 τόπον,
1152 2803 1197 2879 ᾧ
1231 2810 1380 2882 μέλει
1404 2811 1505 2881 τῆς
1529 2808 1624 2863 τοῦ
1651 2810 1906 2881 Σωτῆρος
1943 2805 2166 2877 ἐντολῆς
2205 2803 2504 2876 λεγούσης·
2541 2821 2560 2856 ι
2625 2804 2914 2876 Ἐρευνᾶτε
2953 2803 3055 2869 τὰς
3112 2802 3357 2876 Γραφάς,
3398 2803 3457 2856 ἐν
3507 2798 3598 2867 αῖς

328 2902 531 2960 δοκεῖτε
565 2905 709 2977 ζωὴν
736 2902 952 2959 αἰώνιον
993 2903 1174 2975 ἔχειν·
1198 2897 1480 2960 καὶ-αὐταί
1516 2905 1654 2961 είσιν
1714 2905 1770 2958 αἱ
1832 2900 2204 2976 μαρτυροῦσαι
2255 2899 2385 2972 περὶ
2424 2897 2581 2971 ἐμοῦ,
2623 2920 2643 2952 ι
2688 2898 3106 2971 ἐπιμελέστερον
3168 2893 3318 2963 οὗτος
3370 2897 3597 2970 ἐρευνή-

331 3014 431 3063 σας
464 2998 531 3053 τά
558 3001 616 3053 ἐν
640 2998 823 3063 αὐτοῖς
850 2997 1080 3053 εἴσεται.

832 3112 1225 3167 ΚΕΦΑΛΑΙΟΝ
1266 3112 1401 3167 KH'.

2545 3097 2774 3156 CAPUT
2812 3096 3050 3153 XXVIII.

405 3222 425 3256 ι
471 3202 764 3258 Ἀκούσατέ
800 3220 919 3276 μου,
944 3204 1039 3257 καὶ
1072 3202 1312 3274 φάγεσθε
1350 3202 1551 3272 ἀγαθὰ,
1586 3203 1681 3257 καὶ
1715 3203 1905 3274 ἐντρυ-

2089 3218 2109 3252 ι
2146 3196 2351 3253 Audite
2393 3194 2681 3251 audientes
2720 3208 2829 3260 me,
2877 3201 2933 3248 et
2966 3191 3238 3249 comedite
3280 3193 3508 3262 bonum,
3540 3207 3596 3252 et

328 3296 489 3367 φήσει
517 3294 830 3363 ἐν’ἀγαθοίς
860 3295 894 3365 ὴ
920 3294 1066 3367 ψυχὴ
1097 3295 1269 3366 ὑμῶν.
1306 3294 1612 3366 Προσέχετε
1633 3297 1744 3359 τοῖς
1775 3294 1906 3349 ὠσὶν

328 3384 505 3456 ὐμῶν,
540 3387 635 3439 καὶ
662 3384 1134 3455 ἐπακολουθήσατε
1159 3389 1280 3449 ταῖς
1311 3385 1451 3450 ὁδοῖς
1493 3402 1592 3456 μου
1613 3402 1627 3415 ·
1655 3382 1905 3438 εἰσακού-

328 3477 459 3531 σατέ
499 3495 622 3548 μου,
648 3477 742 3530 καὶ
774 3475 1001 3547 ζήσεται
1023 3476 1083 3530 ἐν
1109 3477 1330 3544 ἀγαθοῖς
1371 3478 1404 3547 ή
1432 3476 1577 3547 ψυχὴ
1604 3476 1777 3547 ὐμῶν,
1810 3474 1904 3527 καὶ

323 3570 650 3643 διαθήσομαι
675 3570 804 3641 ὑμῖν
835 3569 1098 3641 διαθήκην
1127 3567 1365 3632 αἰώνιον,
1396 3568 1466 3622 τὰ
1493 3569 1617 3622 ὅσια
1642 3566 1804 3621 Δαυῒδ
1835 3565 1903 3620 τά

324 3661 513 3717 πιστά.
551 3661 702 3727 Ἰδοὺ,
732 3661 1028 3734 μαρτύριον
1050 3661 1108 3715 ἐν
1141 3660 1349 3715 ἔθνεσιν
1381 3660 1562 3714 ἔδωκα
1590 3661 1772 3725 αὐτὸν,
1805 3659 1901 3731 ἀρ-

322 3771 487 3826 χοντα
517 3755 612 3807 καὶ
634 3754 1041 3825 προστάσσοντα
1078 3754 1136 3806 ἐν
1162 3751 1395 3805 ἔθνεσιν·
1431 3751 1539 3804 ίδού
1567 3750 1715 3821 ἔθνη,
1737 3749 1773 3804 ἃ
1801 3750 1901 3804 οὐκ

320 3847 497 3901 οἴδασί
529 3862 609 3913 σε,
658 3846 1071 3899 ἐπικαλέσονταί
1120 3862 1202 3909 σε,
1245 3845 1341 3898 καὶ
1380 3844 1538 3910 λαοὶ,
1574 3844 1625 3898 οἳ
1668 3844 1768 3897 οὐκ
1799 3844 1899 3896 ἐπ-

325 3936 570 3995 ίστανταί
604 3957 684 4005 σε,
704 3940 795 3992 ἐπὶ
812 3939 869 3993 σὲ
892 3937 1342 4015 καταφεύξονται,
1367 3936 1551 3990 ἕνεκεν
1570 3937 1776 4008 Κυρίου
1803 3933 1898 3989 τοῦ

321 4030 457 4085 Θεοῦ
493 4049 588 4085 σου
628 4028 723 4083 τοῦ
763 4029 918 4099 ἁγίου
954 4027 1192 4100 Ἰσραὴλ,
1220 4027 1303 4080 ὅτι
1342 4024 1565 4093 ἐδόξασέ
1595 4042 1678 4080 σε.
1716 4045 1736 4077 ι
1762 4024 1899 4079 Τού-

322 4141 437 4188 τοις
457 4123 526 4177 τὰ
541 4123 807 4195 λεγόμενα
824 4124 1081 4176 συνιεῖσιν
1102 4119 1495 4192 ὑποδεχόμενος
1513 4122 1542 4173 ό
1564 4119 1720 4190 λόγος
1740 4137 1899 4175 πνευ-

322 4215 558 4287 ματικὰς
589 4214 817 4287 τροφὰς,
844 4213 993 4267 θείαν
1038 4229 1097 4266 τε
1136 4214 1232 4265 καὶ
1270 4210 1520 4285 οὐράνιον
1551 4211 1786 4284 τρυφὴν,
1815 4211 1896 4266 ἔτι

314 4325 378 4362 τε
410 4308 554 4380 ζωὴν
580 4309 643 4362 οὐ
687 4307 786 4379 τὴν
825 4306 1024 4378 σαρκὸς
1054 4304 1366 4376 ἀδιάφορον,
1402 4303 1540 4358 ἀλλὰ
1587 4304 1686 4375 τὴν
1727 4305 1896 4359 ἀΐδιον

315 4402 417 4473 τῆς
463 4401 675 4473 ψυχῆς,
717 4401 1200 4474 προσυπισχνεῖται
1242 4400 1353 4462 τοῖς
1400 4397 1584 4463 αὐτοῖς
1633 4397 1897 4470 διαθήκην

316 4493 534 4549 αἰώνιον
563 4493 936 4565 διαθήσεσθαι,
964 4492 1153 4564 ῆντινά
1177 4507 1310 4561 φησι
1336 4509 1355 4543 ι
1395 4488 1464 4545 τά
1492 4491 1614 4544 ὅσια
1644 4490 1807 4545 Δαυτδ
1826 4490 1895 4545 τὰ

316 4588 485 4641 πιστά
517 4604 537 4638 ι
566 4585 855 4655 περιέξειν.
892 4585 989 4649 Τίς
1016 4583 1081 4638 ἂν
1108 4577 1200 4638 οὖν
1230 4582 1316 4654 εῐη
1341 4583 1436 4637 καὶ
1461 4581 1598 4654 αῦτη
1635 4580 1773 4655 μετά
1794 4581 1893 4655 τὴν

316 4677 455 4753 πρὸς
481 4679 670 4750 καιρὸν
698 4677 798 4749 τὴν
828 4675 916 4729 διὰ
946 4674 1224 4739 Μωῦσέως
1250 4675 1407 4746 καινή
1434 4691 1518 4740 τις
1548 4674 1641 4729 καὶ
1677 4672 1894 4738 αίώνιος

313 4768 558 4842 Διαθήκη
572 4767 886 4841 δοθήσεσθαι
902 4765 1130 4833 τούτοις,
1156 4766 1293 4838 πρὸς
1307 4765 1399 4831 οὓς
1424 4768 1453 4820 ό
1471 4766 1648 4835 λόγος,
1677 4783 1891 4838 προφη-

311 4861 612 4933 τευομένη;
653 4858 717 4913 Ἡ
751 4856 911 4927 καινὴ
951 4855 1061 4908 τῶν
1106 4853 1268 4925 ἱερῶν
1309 4853 1654 4923 Εὐαγγελίων
1678 4852 1890 4927 Γραφὴ,

312 4953 385 5007 τὰ
411 4954 534 5007 ὅσια
574 4932 736 5006 Δαυῖδ
768 4948 1096 5022 περιέχουσα
1126 4947 1213 5000 διὰ
1240 4946 1332 5001 τὸν
1358 4948 1422 5000 ἐκ
1454 4946 1767 5019 σπέρματος
1791 4946 1892 4999 αὐ-

311 5044 409 5099 τοῦ
436 5043 722 5115 γενόμενον
763 5037 966 5113 Ἰησοῦν
987 5039 1079 5093 τὸν
1109 5036 1342 5110 Χριστὸν
1365 5035 1460 5089 τοῦ
1487 5035 1622 5090 Θεοῦ
1642 5050 1655 5062 ·
1704 5035 1891 5090 τοῦτον

312 5136 371 5190 δὲ
401 5136 496 5189 καὶ
546 5131 840 5205 μαρτύριον
883 5127 1171 5184 δεδωκέναι
1202 5127 1366 5198 φησιν
1408 5127 1438 5177 ὁ
1468 5124 1600 5189 Θεὸς
1646 5124 1766 5194 οὐχὶ
1811 5123 1890 5195 τῷ

294 5240 297 5243 '
326 5224 561 5300 Ἰσραὴλ,
591 5222 726 5278 ἀλλὰ
750 5225 860 5286 τοῖς
886 5220 1114 5283 ἔθνεσιν,
1147 5216 1378 5291 ἄρξοντα
1408 5215 1614 5270 τούτων
1643 5216 1738 5269 καὶ
1767 5215 1891 5269 τού-

312 5335 427 5382 τοις
471 5315 859 5388 προστάξοντα,
900 5311 1021 5383 οὐχὶ
1052 5310 1109 5364 δὲ
1138 5308 1216 5380 τῷ
1245 5308 1495 5382 προτέρῳ
1521 5305 1597 5378 τῷ
1622 5310 1688 5362 ἐκ
1729 5323 1888 5378 περι-

309 5409 486 5482 τομῆς
529 5406 661 5479 λαῷ.
693 5406 877 5461 Ταῦτα
918 5405 975 5458 δέ
1024 5402 1093 5457 τὰ
1130 5402 1281 5475 ἔθνη,
1328 5402 1590 5474 πρότερον
1633 5398 1886 5470 οὐδαμῶς

311 5501 474 5555 αὐτὸν
523 5498 878 5570 ἐπιστάμενα,
920 5497 1008 5550 ὅτε
1055 5494 1195 5563 ἔγνω
1230 5493 1391 5547 αὐτὸν
1433 5492 1560 5545 Υίὸν
1602 5491 1699 5546 τοῦ
1744 5489 1882 5545 Θεοῦ

311 5593 667 5664 τυγχάνοντα,
720 5590 948 5661 Σωτῆρα
986 5587 1080 5641 καὶ
1109 5586 1240 5639 Θεὸν
1270 5583 1638 5640 ἐπεκαλέσατο
1683 5584 1845 5638 αὐτόν
1865 5600 1880 5613 ·

313 5684 448 5740 ἀλλὰ
491 5683 588 5738 καὶ
631 5683 681 5736 οἱ
735 5677 1087 5752 μηδεπώποτε
1107 5676 1269 5731 αὐτὸν
1308 5675 1679 5746 ἐπεγνωκότες
1722 5676 1885 5747 ἡμεῖς

390 5843 406 5870 ⁸
440 5841 597 5898 Joan.
630 5859 683 5910 ν,
714 5840 804 5898 39.
880 5838 901 5871 ¹
939 5833 1045 5893 lsa.
1076 5849 1163 5897 ιγ,
1194 5830 1308 5887 2-5.

2007 3289 2369 3348 delectabitur
2395 3288 2451 3341 in
2482 3284 2857 3341 crassitudine
2883 3284 3067 3339 anima
3094 3292 3296 3340 vestra.
3329 3285 3593 3343 lnclinate

2005 3397 2192 3438 aurem
2235 3386 2494 3444 vestram,
2533 3384 2588 3432 et
2617 3378 2800 3430 venite
2831 3375 2899 3430 ad
2941 3390 3069 3430 me:
3103 3375 3311 3443 audite,
3348 3385 3404 3432 et
3442 3379 3590 3434 vivet

2003 3475 2187 3530 anima
2220 3479 2402 3529 vestra
2432 3487 2446 3523 :
2474 3477 2529 3524 et
2573 3467 2767 3523 feriam
2800 3467 3084 3522 vobiscum
3128 3478 3344 3537 pactum
3387 3471 3594 3541 sempi-

2002 3546 2245 3629 ternum,
2294 3559 2702 3618 misericordias
2750 3556 2922 3613 David
2961 3557 3168 3614 ﬁdeles.
3205 3557 3346 3614 Ecce
3393 3567 3588 3616 testem

2003 3657 2218 3730 populis
2250 3655 2372 3711 dedi
2420 3669 2570 3717 eum,
2613 3651 2810 3707 ducem
2861 3665 2926 3704 ac
2972 3657 3362 3720 praeceptorem
3408 3655 3585 3721 gentl-

2003 3751 2129 3807 bus.
2186 3749 2327 3805 Ecce
2378 3754 2617 3818 gentem,
2667 3759 2833 3815 quam
2875 3742 3183 3806 nesciebas,
3230 3741 3453 3797 vocabis
3488 3761 3502 3797 :
3533 3752 3589 3799 et

2000 3850 2190 3915 gentes
2216 3854 2337 3910 quae
2369 3846 2421 3894 te
2447 3852 2559 3893 non
2594 3842 2990 3907 cognoverunt,
3027 3832 3094 3887 ad
3129 3841 3181 3888 te
3206 3839 3434 3887 current
3454 3848 3588 3903 pro-

1999 3942 2122 4006 pter
2178 3930 2472 3985 Dominum
2533 3927 2703 3982 Deum
2755 3933 2933 3988 tuum,
2987 3930 3042 3978 et
3085 3929 3340 3977 sanctum
3388 3919 3584 3989 Israel,

1999 4023 2131 4096 quia
2159 4018 2484 4094 gloriﬁcavit
2520 4025 2573 4072 te
2592 4018 2634 4072 ’.
2667 4035 2688 4069 ι
2715 4016 2788 4071 li-s
2818 4013 2911 4085 qui
2934 4013 3049 4068 haec
3069 4011 3371 4083 intelligent
3391 4013 3581 4076 verba,

2002 4114 2289 4186 Scriptura
2318 4110 2610 4183 pollicetur
2639 4106 2956 4179 spirituales
2988 4103 3164 4168 cibos,
3205 4102 3448 4156 divinam
3473 4117 3585 4158 cce-

1998 4208 2302 4277 lestemqne
2349 4201 2762 4268 abundantiam,
2809 4198 3088 4267 vitamque
3133 4209 3243 4249 non
3277 4193 3582 4250 secundum

1999 4314 2245 4363 carnem,
2277 4294 2374 4352 sed
2412 4294 2608 4349 anima:
2641 4284 3056 4361 sempiternam,
3085 4284 3466 4357 promittitque
3501 4284 3583 4340 eis

1999 4392 2225 4461 insuper
2254 4396 2473 4460 pactum
2507 4381 2921 4453 sempiternum,
2957 4377 3141 4449 quodt
3170 4374 3579 4430 misericordias

1999 4484 2188 4541 ﬁdeles
2206 4481 2372 4537 David
2398 4499 2417 4532 ι
2436 4484 2616 4534 vocat.
2635 4473 2920 4542 Quodnam
2938 4472 3043 4527 erit
3066 4470 3224 4538 illud,
3244 4481 3365 4541 post
3381 4466 3586 4540 Moysis

1924 4546 1970 4601 Β
2000 4584 2245 4649 pactum,
2276 4573 2383 4631 nisi
2411 4585 2614 4628 novum
2639 4577 2694 4625 et
2729 4566 3124 4638 sempiternum
3147 4565 3579 4624 Testamentum,

1998 4669 2147 4741 quod
2178 4667 2338 4723 feriet
2382 4679 2508 4721 cum
2559 4662 2670 4717 illis
2717 4659 2784 4714 ad
2833 4672 2974 4729 quos
3020 4661 3228 4727 spectat
3256 4649 3585 4724 prophetia?

1996 4761 2148 4818 Nova
2192 4765 2511 4816 sanctorum
2554 4751 2975 4824 Evangeliorum
3009 4746 3316 4816 Scriptura,
3362 4741 3580 4797 miseri-

1996 4854 2199 4912 cordia:
2240 4851 2453 4908 scilicet
2499 4844 2693 4910 David,
2747 4850 2974 4915 propter
3014 4849 3204 4895 natum
3251 4836 3320 4890 de
3368 4826 3581 4889 semine

1997 4944 2118 5014 ejus
2147 4941 2336 4997 Jesum
2370 4938 2651 4994 Christum
2686 4933 2803 4990 Dei.
2837 4931 2995 4987 Hunc
3031 4935 3086 4985 et
3122 4935 3320 4983 testem
3357 4924 3580 4981 dedisse

1994 5038 2070 5091 ait
2102 5035 2245 5090 Deus
2290 5047 2403 5088 non
2437 5028 2636 5092 Israel,
2685 5026 2778 5083 sed
2829 5023 3102 5095 gentibus,
3140 5020 3208 5074 iis
3259 5017 3579 5073 dominatu-

1988 5142 2110 5182 rum
2138 5134 2303 5196 atque
2341 5124 2759 5192 imperaturum,
2786 5128 2898 5169 non
2926 5118 3107 5165 autem
3135 5110 3303 5164 veteri
3337 5108 3577 5165 circum-

1986 5217 2217 5273 cisionis
2262 5214 2486 5286 populo.
2538 5210 2633 5265 Hae
2681 5213 2861 5262 autem
2915 5210 3107 5273 gentes
3146 5200 3302 5271 prius
3346 5199 3574 5253 minime

1984 5324 2110 5366 eum
2140 5312 2537 5379 cognoverant,
2566 5316 2690 5357 cum
2728 5297 3011 5353 sciverunt
3038 5307 3162 5349 eum
3192 5306 3316 5347 esse
3343 5289 3440 5345 Dei
3470 5287 3569 5344 Fi~

1985 5401 2138 5465 lium,
2194 5411 2432 5466 eumque
2484 5392 2820 5448 Salvatorem
2875 5400 2941 5441 ac
2991 5383 3164 5439 Deum
3208 5387 3566 5437 vocaverunt.

1990 5488 2192 5544 Verum
2215 5501 2317 5541 nos
2345 5497 2565 5555 quoque
2589 5478 2682 5550 qui
2710 5477 2864 5548 prius
2893 5488 3017 5530 eum
3047 5471 3474 5534 nesciveramus,
3499 5467 3569 5523 ad

1990 5595 2114 5637 eum
2137 5576 2504 5647 confugimus,
2538 5591 2569 5627 ιι
2596 5568 2832 5640 pristino
2861 5580 3050 5622 errore
3076 5562 3335 5636 digressi.
3365 5561 3561 5616 adver-

1991 5673 2245 5742 sariaque
2292 5666 2505 5737 ahjecta
2554 5663 2781 5718 ditionc.
2819 5658 2980 5715 Tales
3019 5671 3174 5728 ergo,
3215 5656 3291 5710 ait
3330 5652 3569 5728 prophe-
